4232 6444
767 351 840 411 70
1991 351 2174 409 LEUN
2189 353 2259 408 15
2299 349 2396 407 1³11
2407 349 2754 410 [LOSOPIII
3931 357 3997 416 θη

759 465 870 518 rit?
899 464 967 516 At
1011 461 1264 516 seductor
1301 469 1404 512 est.
1446 461 1554 511 (Zur
1603 473 1730 511 vero
1763 467 1910 511 tanta
1969 461 2066 512 tibi
2111 461 2178 514 de
2213 459 2310 510 illo
2351 475 2482 514 cura
2517 460 2640 514 est?
2676 458 2972 514 Confceisti
2997 461 3146 530 quod
3183 461 3366 516 studio
3434 463 3764 520 moliebaris.
3833 467 3996 522 (lcca.

758 560 968 612 sionem
1013 551 1345 608 seductionis
1392 562 1564 604 morte
1624 551 1940 622 pra-.tzidisti.
2009 551 2124 606 Non
2179 551 2328 604 audit
2369 554 2604 621 populus
2651 554 2770 621 ejus
2815 553 3081 608 labiorum
3107 555 3270 608 verba
3301 555 3366 616 θ’.
3411 571 3573 625 quem
3655 569 3712 611 ut
3781 559 3994 614 facilem

759 641 934 710 decipi
982 639 1270 696 maledicto
1315 640 1665 708 subjiciebas.
1699 640 1816 694 Non
1869 651 2110 696 cernunt
2140 640 2460 696 admiranda
2493 643 2582 696 illa
2609 641 2876 710 prodigia.

833 733 1111 787 Undenam
1151 748 1280 787 vero
1333 735 1676 788 occasionem
1740 746 2030 804 acceptura
2085 744 2166 788 est
2217 733 2390 792 (ιθ-Α

759 827 974 895 rcptio?
1013 825 1093 880 Ne
1123 825 1256 890 forte
1276 825 1527 895 discipuli
1559 828 1786 890 veniant,
1828 837 1875 879 et
1909 828 2150 894 [urentur
2179 843 2318 890 eum,

759 937 821 971 ne
838 919 1242 986 dicantpopulo,
1265 920 1504 973 Surrexit
1531 936 1560 971 a
1591 922 1832 974 mortuis.
1857 919 2116 988 Discipuli
2139 921 2322 973 furen-

761 1024 871 1076 tur,
900 1014 991 1082 qui
1022 1028 1088 1064 ne
1127 1013 1407 1066 minimum
1455 1013 1671 1080 quidem
1713 1029 1832 1066 cum
1873 1013 1962 1066 ille
1989 1014 2316 1077 traheretur,

759 1107 929 1158 secuti
967 1105 1131 1158 sunt?
1161 1104 1390 1156 Tantum
1435 1105 1509 1156 illi
1549 1120 1648 1173 pro
1693 1116 1907 1158 mortuo
1947 1121 2093 1159 curae
2133 1120 2320 1160 susce-

759 1197 904 1266 pturi
942 1206 1090 1257 sunt,
1146 1197 1235 1264 qui
1268 1210 1332 1248 eo
1383 1197 1616 1258 vivente,
1655 1213 1720 1249 ne
1755 1197 2169 1265 impressionem
2197 1200 2320 1266 qui-

760 1294 884 1342 dem
937 1300 1174 1342 vestram
1225 1288 1366 1340 ferre
1398 1289 1734 1340 valuerunt:
1789 1289 1868 1342 vel
1913 1304 1978 1343 eo
2034 1289 2317 1352 duntaxat,

759 1391 886 1434 uta
935 1381 1094 1448 longe
1139 1388 1472 1448 spectarent,
1527 1380 1675 1448 quali
1733 1397 1865 1435 nece
1909 1381 2165 1450 Magister
2209 1394 2320 1436 tra-

760 1477 1019 1526 deretur?
1053 1473 1182 1534 line,
1243 1473 1334 1526 illo
1367 1471 1478 1542 jam
1515 1475 1745 1541 sepulto,
1775 1483 2014 1526 vestrum
2057 1477 2316 1544 impetum

761 1565 1139 1627 floccifaeicnt,
1179 1565 1490 1634 furtumque
1530 1565 1812 1620 cadaveris
1847 1567 2170 1620 tentabunt'!
2199 1567 2316 1622 Non

759 1657 1003 1711 beneficii
1042 1658 1159 1712 loco
1196 1657 1476 1724 deputent,
1519 1658 1594 1710 ita
1625 1658 1790 1711 animi
1827 1660 2118 1715 timiditate
2155 1677 2316 1730 repu-

759 1755 960 1808 tantes,
1005 1757 1062 1801 ut
1110 1749 1189 1800 vel
1224 1749 1358 1800 nihil
1408 1757 1698 1812 novantes,
1741 1749 1912 1802 latere
1940 1753 2188 1819 possint;
2221 1753 2314 1806 sed

759 1838 826 1890 ad
879 1853 1066 1892 necem
1108 1835 1466 1900 inferendam,
1506 1849 1668 1906 atque
1711 1839 1778 1892 ad
1809 1841 1958 1906 ipsos
2003 1841 2067 1894 ad
2103 1843 2314 1911 suppli-

758 1931 903 1983 cium
948 1931 1417 1998 pervestigandos,
1461 1929 1850 1999 cupidissimos
1897 1931 2146 1988 homines
2203 1950 2316 1987 ma-

2486 735 2654 786 Πόθεν
2677 735 2787 798 ’ἐξει
2823 735 2922 804 τὴν
2954 735 3206 805 ἀφορμὴν
3257 737 3289 806 ὴ
3340 737 3555 805 πλάνης
3611 739 3718 790 Ναὶ
3762 741 3996 806 μήποτε

2423 827 2704 891 ἐλθόντες
2719 829 2772 880 oi
2800 828 3054 894 μαθηταί
3077 831 3386 902 κᾼέψωσιν
3413 831 3620 892 aliter,
3657 832 3752 882 καί
3779 835 3994 888 εἴπωσι

2421 916 2500 982 τῷ
2537 916 2664 982 λαῷ
2697 918 2786 970 ὅτι
2817 918 3036 986 ἠγέρθη
3065 919 3132 971 ἐκ
3183 917 3302 972 τῶν
3347 920 3594 988 νεκρῶν.
3647 923 3707 972 Οἱ
3761 925 3998 992 μαθηταὶ

2422 1011 2689 1078 κλέψωσιν
2714 1050 2728 1074 ,
2761 1011 2810 1060 οἱ
2855 1009 2989 1077 μηδὲ
3032 1009 3094 1062 τὸ
3143 1009 3478 1079 βραχύτατον
3529 1013 3998 1081 ἀκολουθήσαντες

2422 1102 2731 1171 ἑλκομένῳ;
2789 1103 2988 1154 ἐκεῖνοι
3023 1102 3290 1171 τοσαύτην
3322 1104 3557 1171 σπουδὴν
3607 1107 3732 1175 περὶ
3781 1108 3873 1158 τὸν
3908 1124 3996 1157 νε-

2421 1193 2553 1262 κρὸν
2610 1193 2919 1262 σχήσουσιν,
2954 1196 3003 1244 οἱ
3056 1192 3255 1258 ζῶντος
3309 1195 3432 1263 μηδ’
3487 1197 3656 1267 αὐτὴν
3693 1198 3853 1266 ὑμῶν
3899 1199 3996 1267 τὴν

2419 1289 2597 1356 ὁρμὴν
2648 1287 3078 1354 ὑπομείναντες,
3141 1287 3262 1356 μηδ’
3316 1287 3454 1341 ὥστε
3525 1291 3804 1360 πόρρωθεν
3865 1293 3996 1344 ἰδεῖν

2421 1378 2558 1446 ποίῳ
2634 1377 2908 1448 θανάτῳὸ
2969 1377 3298 1442 Διδάσκαλος
3352 1381 3743 1448 παραδίδοται;
3833 1375 3996 1434 Οὗτοι

2417 1471 2570 1539 τάφῳ
2631 1470 2920 1540 κρυϐἐντος
2973 1472 3405 1541 καταφρονοῦσιν
3453 1472 3626 1542 ὑμῶν,
3662 1474 3754 1526 καὶ
3815 1476 3998 1544 χωρή-

2421 1579 2605 1614 σουσιν
2642 1563 2734 1614 ὲπὶ
2765 1561 3015 1631 σώματος
3069 1562 3262 1634 νεκροῦ
3291 1563 3534 1633 κλοπήν;
3565 1565 3663 1617 οὐκ
3691 1567 3996 1636 ἀγαπητὸν,

2417 1657 2525 1710 ἀπὸ
2573 1655 2768 1718 δειλίας
2819 1657 3174 1725 ἡγουμένους,
3227 1659 3276 1710 εί
3328 1658 3490 1726 μηδὲν
3534 1658 3951 1729 νεωτερίζουσιν
3979 1701 3991 1720 ,

2420 1751 2604 1804 αὐτοῖς
2639 1748 2922 1815 περιέσται
2981 1748 3161 1801 λαθεῖν
3189 1764 3204 1778 ³
3237 1749 3350 1802 ἀλλ’
3381 1751 3460 1812 εἰς
3501 1751 3723 1820 ἔρευναν
3774 1752 3870 1804 καὶ
3919 1769 4002 1802 τι-

2421 1842 2632 1910 μωρίαν
2671 1839 2942 1908 φονῶντας
2987 1839 3304 1910 ἀνθρώπους
3332 1842 3779 1911 ἀνακινήσουσιν;
3825 1840 3952 1894 Εἴτε
3976 1867 3994 1890 ι

2419 1932 2506 1984 ἵνα
2541 1933 2635 1983 καὶ
2667 1931 2720 1984 τί
2753 1931 3019 1999 ποιήσωσι
3065 1931 3404 2000 κλέψαντες;
3463 1934 3574 2002 οὐχ
3611 1933 3695 1986 ἵνα
3747 1935 3882 1985 ὅπου
3929 1932 3994 2000 δὴ

755 2019 840 2086 gis
873 2030 1167 2088 provocent
1195 2021 1218 2072 ?
1247 2020 1467 2084 Deinde,
1494 2035 1602 2088 quo
1629 2021 1732 2074 line
1763 2035 1958 2091 corpus
1982 2023 2316 2079 furarentur?
2345 2068 2392 2128 Β
2425 2048 2426 2091 ;

2345 2068 2392 2128 Β
2425 2023 2745 2094 μεταθέντες
2808 2023 2969 2092 ἔχωσι
3029 2023 3376 2093 παραμύθιον
3427 2022 3522 2075 τοῦ
3576 2024 3837 2092 φίλτρου,
3899 2024 3995 2075 καὶ

758 2109 873 2162 Non
921 2121 976 2162 ut
1007 2109 1208 2162 alicubi
1237 2109 1288 2163 id
1327 2121 1650 2179 reponerent
1673 2127 1846 2182 eoque
1878 2121 2133 2183 tanquam
2163 2133 2317 2170 amo-

754 2203 833 2256 ris
873 2202 1070 2256 solatio
1107 2203 1440 2266 fruerentur,
1473 2205 1567 2258 sed
1603 2217 1660 2260 ut
1707 2207 2070 2262 resurrexisse
2117 2210 2316 2277 passim

753 2293 1150 2362 praedicarent?
1193 2294 1326 2349 item
1369 2297 1692 2362 inauditam,
1729 2313 1790 2353 ac
1821 2301 2034 2368 qualem
2063 2304 2144 2354 sol
2179 2319 2321 2356 nun-

753 2401 918 2454 quam
959 2387 1094 2440 vidit
1129 2405 1142 2440 :
1177 2403 1369 2457 nempe
1421 2399 1694 2444 mortuum
1747 2393 1965 2462 propria
2016 2393 2316 2448 redivivum

753 2481 955 2534 virtute
990 2497 1003 2533 :
1041 2481 1198 2548 quasi
1243 2481 1494 2534 videlicet
1543 2499 1652 2536 rem
1689 2486 1890 2550 tritam,
1928 2502 1990 2540 ac
2021 2503 2141 2556 qua:
2182 2505 2316 2556 quo-

753 2571 887 2626 tidie
911 2574 1140 2635 accidat,
1174 2578 1478 2642 aggressuri
1515 2589 1714 2630 essent.
1783 2579 1943 2646 Atqui
1981 2581 2314 2635 contrarium

754 2677 984 2730 prorsus
1039 2663 1161 2716 illos
1212 2664 1392 2718 facere
1439 2680 1536 2733 par
1579 2678 1713 2732 erat,
1754 2677 2020 2734 quantum
2079 2672 2315 2726 humana

753 2771 906 2808 tuens
951 2755 1160 2809 ratione
1205 2757 1422 2824 assequi
1471 2766 1680 2824 potest;
1713 2760 1893 2828 potius
1939 2764 2082 2816 enim
2131 2773 2318 2833 Optare

753 2848 1024 2901 debebant
1046 2859 1103 2900 ut
1131 2848 1234 2902 sibi
1265 2857 1406 2902 terra
1436 2847 1764 2913 debisreret,
1796 2868 1904 2922 prae
1933 2863 2077 2908 metu
2119 2858 2316 2924 ubique

755 2939 976 2995 latibula
1001 2955 1264 3008 quaerere,
1289 2941 1423 2994 nihil
1447 2957 1552 2996 non
1581 2943 1752 2996 moliri
1783 2959 1850 2996 ne
1875 2953 2055 3000 vestro
2077 2963 2313 3014 unquam

754 3033 939 3087 animo
987 3044 1377 3090 occurrerent:
1414 3035 1545 3102 quin
1595 3043 1647 3088 et
1697 3036 2028 3104 implacabili
2079 3041 2204 3093 odio
2261 3043 2314 3096 in

754 3126 1098 3178 seductorem
1154 3141 1306 3179 amor
1370 3128 1636 3196 pristinus
1701 3131 2125 3185 commutandus
2177 3145 2314 3187 erat.

754 3213 888 3266 Nam
939 3230 1091 3284 rogo.
1137 3231 1373 3286 quanam
1421 3219 1584 3272 etiarn
1638 3233 1704 3274 ex
1747 3234 1909 3277 causa
1954 3230 2154 3277 tantam
2203 3239 2318 3278 ma-

753 3307 908 3373 gistri
960 3322 1149 3360 curam
1183 3311 1438 3378 agerent?
1469 3312 1548 3363 An
1575 3313 1702 3380 quia
1739 3328 1864 3366 cum
1921 3315 2040 3382 ipso
2071 3327 2313 3384 agentes,

2420 2115 2620 2184 τιμῶσι
2644 2115 2702 2167 τὸ
2731 2113 2888 2184 σῶμα
2913 2155 2928 2176 ,
2955 2113 3067 2165 ἀλλ’
3097 2115 3183 2168 ἵνα
3207 2115 3518 2184 φημίσωσιν
3533 2115 3632 2185 τὴν
3661 2116 3990 2174 ἁνάστασιν;

2421 2210 2654 2278 πρᾶγμα
2702 2204 2812 2259 οἷον
2869 2205 3019 2258 ούπω
3066 2205 3289 2258 τεθέατο
3343 2207 3522 2276 ἣλιος,
3556 2207 3748 2277 νεκρὸν
3803 2207 3994 2274 οἰκείῳ

2419 2304 2608 2374 κράτει
2633 2300 2956 2354 ἀναϐιοῦντα
2976 2319 2988 2331 ·
3021 2299 3208 2369 ὥσπερ
3231 2318 3284 2352 τι
3311 2302 3418 2352 τῶν
3451 2299 3574 2354 καθ’
3621 2301 3858 2370 ἑκάστην
3907 2317 3995 2366 γι-

2417 2397 2656 2466 νομένων
2731 2392 3266 2455 κατασκευάζοντες;
3320 2392 3430 2444 Καὶ
3509 2393 3616 2460 μὴν
3675 2392 3988 2444 τούναντίον

2418 2486 2562 2540 ἅπαν
2593 2485 2736 2545 είκὸς
2757 2483 2948 2542 αὐτοὺς
2981 2485 3170 2546 ποιεῖν,
3197 2485 3296 2536 ὅσα
3330 2499 3394 2549 γε
3427 2482 3682 2550 λογισμὸς
3708 2481 3990 2550 ἀνθρώπι-

2417 2594 2506 2640 νος
2559 2575 2841 2644 ἐπιτρέπει
2875 2591 2889 2603 ·
2939 2571 3188 2640 εὔχεσθαι
3225 2573 3453 2644 ῥαγῆναι
3484 2573 3692 2636 τούτοις
3725 2573 3823 2640 τὴν
3853 2573 3986 2641 γῆν,

2417 2669 2496 2738 τῷ
2523 2669 2631 2722 δέει
2673 2665 2944 2736 πανταχοῦ
2979 2663 3330 2717 καταδύεσθαι
3363 2679 3375 2694 ·
3407 2663 3586 2716 πάντα
3625 2664 3994 2732 μηχανᾶσθαι,

2421 2761 2544 2830 μηδ’
2574 2759 2665 2812 ἐπὶ
2695 2761 2912 2828 μνήμην
2938 2757 3090 2827 ὑμῶν
3115 2756 3308 2818 αὐτοὺς
3355 2757 3534 2826 ἥκειν.
3583 2756 3694 2808 Καὶ
3749 2756 3854 2826 μὴν
3891 2757 3990 2808 καὶ

2393 2854 2576 2922 ,μῖσος
2631 2850 2918 2904 ἀναλαϐεῖν
2967 2849 3090 2902 ἀντὶ
3141 2847 3236 2902 τοῦ
3275 2849 3542 2918 πρότερον
3595 2847 3819 2917 φίλτρου
3855 2846 4000 2900 κατά

2418 2943 2512 2995 τοῦ
2535 2943 2932 3010 ἀπατήσαντος.
2985 2939 3107 2992 Ἐπὶ
3137 2939 3242 2991 τίνι
3281 2939 3388 3008 γάρ
3435 2937 3530 2989 καὶ
3583 2937 3805 3007 ἔμελλον
3853 2936 4000 2988 οὕτω

2417 3031 2673 3103 κήδεσθαι
2703 3030 2795 3084 τοῦ
2823 3031 3150 3084 Διδασκάλου
3175 3047 3190 3094 ;
3231 3031 3354 3082 Ὀτι
3383 3030 3466 3098 ἐφ’
3489 3025 3568 3089 οἷς
3589 3027 3737 3098 αὐτῷ
3755 3029 4000 3095 συνῆσαν

2419 3128 2476 3176 ὲν
2501 3124 2790 3176 ἀπολαύσει
2845 3121 3074 3186 διέξων;
3133 3121 3272 3174 ἀλλά
3305 3121 3399 3174 καὶ
3444 3123 3510 3191 ἢν
3557 3116 3700 3188 εἶχον
3736 3119 4002 3186 πενιχράν

2419 3215 2672 3286 ὓπαρξιν,
2725 3217 2838 3278 τοῖς
2887 3213 3097 3266 ἐκείνου
3133 3213 3438 3281 πειθόμενοι
3483 3211 3660 3276 λόγοις
3715 3209 4002 3280 ῥίψαντες,

2419 3309 2563 3380 λιμῷ
2613 3310 2706 3360 καὶ
2736 3308 2912 3376 δίψει,
2951 3307 3047 3359 καί
3091 3307 3203 3368 τοῖς
3249 3304 3429 3366 ἄλλοις
3477 3303 3750 3370 ὲτήκοντο.
3799 3299 3865 3352 Τί
3898 3299 4000 3357 δές

755 3403 811 3453 in
866 3401 1072 3454 deliciis
1113 3402 1406 3455 vivebant?
1459 3406 1525 3456 At
1571 3404 1664 3473 qui
1697 3420 1834 3472 quas
1885 3407 2050 3460 etiam
2096 3409 2319 3476 exiguas
2349 3404 2426 3474 C‘

2349 3417 2389 3474 ρ
2423 3403 2546 3454 Ὅτι
2598 3400 2935 3469 πλασάμενοι
2988 3398 3086 3468 τὴν
3139 3395 3454 3457 ἀνάστασιν,
3505 3392 3710 3455 εὐθέως
3765 3390 4001 3460 ἔμελλον

756 3491 1044 3546 facultates
1092 3492 1382 3554 habebant,
1415 3493 1594 3548 verbis
1625 3495 1771 3548 illius
1817 3495 2063 3550 obsecuti
2101 3499 2314 3567 abjece-

758 3591 923 3646 rant;
969 3583 1219 3653 fameque
1261 3595 1316 3639 et
1364 3586 1474 3650 siti,
1523 3593 1576 3640 et
1613 3587 1737 3640 aliis
1787 3589 2151 3644 incommodis
2189 3606 2324 3644 con-

760 3677 1140 3730 tabesccbant.
1175 3675 1314 3742 Quid
1345 3679 1520 3732 vero?
1561 3681 1641 3732 An
1685 3679 1814 3750 quia
1860 3685 2321 3736 resurrectionem

759 3768 1156 3838 contingentes,
1219 3773 1394 3826 laetam
1459 3773 1642 3826 statim
1689 3787 1754 3828 ac
1803 3774 2098 3840 jucundam
2160 3779 2322 3830 vitam

761 3863 958 3914 victuri
1017 3863 1216 3915 erant?
1269 3861 1470 3918 Verum
1539 3865 1713 3934 magis
1763 3879 1857 3919 eos
1903 3867 2068 3920 animi
2120 3883 2326 3922 mmror

761 3955 1108 4010 cruciaturus
1129 3963 1278 4016 erat.
1301 3972 1423 4010 cum
1453 3959 1540 4018 iis,
1566 3972 1687 4027 quae
1715 3960 2131 4026 conﬂuxissent,
2161 3961 2328 4015 baud-

763 4063 1036 4116 quaquam
1101 4049 1308 4103 certius
1360 4050 1460 4103 niti
1527 4061 1772 4120 possent.
1831 4053 2128 4119 Cuiusnam
2195 4069 2325 4124 ergo

762 4138 934 4198 gratia
972 4139 1026 4192 in
1057 4147 1266 4192 tantum
1320 4156 1378 4192 se
1412 4142 1714 4208 periculum
1750 4143 2155 4210 conjecissent?
2181 4145 2324 4198 Nihil

763 4225 922 4292 plane
951 4225 1218 4288 eiusmodi
1271 4235 1356 4280 est
1396 4229 1558 4295 quale
1597 4236 1675 4294 tu,
1712 4245 1836 4283 vere.
1888 4231 2160 4295 seductor,
2209 4233 2321 4298 ais;

761 4317 892 4385 quin
921 4318 1002 4370 vel
1035 4317 1239 4372 invitus
1275 4319 1698 4374 resurrectionis
1730 4319 2072 4390 splendorem
2105 4324 2324 4377 visurus

758 4425 842 4470 vs,
909 4420 1177 4462 terrarum
1252 4411 1568 4465 universum
1631 4413 1821 4466 orbem
1874 4414 2322 4478 collustrantem,

763 4501 976 4553 tametsi
1031 4502 1254 4570 gravius
1301 4501 1480 4555 adhuc
1514 4503 1759 4557 velamen
1808 4505 1960 4556 cordi
2009 4505 2321 4574 impositum

758 4607 936 4660 geras.
969 4591 1211 4654 Interim,
1244 4593 1520 4661 quodnam
1565 4595 1668 4648 hoc
1697 4595 2030 4663 praesidium,
2061 4598 2207 4666 quod
2235 4613 2322 4651 se.-

760 4684 952 4750 pnlcro
981 4683 1226 4737 moliris?
1251 4683 1542 4753 Signacula
1573 4687 1809 4755 imponis
1831 4727 1846 4750 ,
1882 4703 1945 4741 ac
1976 4688 2184 4744 circum
2223 4704 2322 4742 cu-

2431 3484 2718 3564 βιώσεσθαι
2745 3491 2914 3558 ;“Αλλ“
2947 3489 3088 3544 οὕτω
3102 3505 3165 3556 γε
3189 3487 3348 3542 πλέον
3376 3488 3409 3556 ἡ
3435 3485 3642 3554 ἀθυμία
3667 3484 3898 3544 ὲκὲντει,
3919 3477 4002 3546 οἷς

2427 3589 2726 3643 ἐπλάσαντο
2763 3584 2982 3655 θαρρεῖν
3011 3583 3110 3636 οὐκ
3135 3581 3368 3650 ἔχοντες.
3415 3579 3560 3632 Ἀντὶ
3589 3577 3731 3638 τίνος
3782 3573 3877 3630 οὖν
3921 3578 4002 3638 εἰς

2424 3681 2674 3734 τοσοῦτον
2707 3677 2949 3731 κινδύνου
2981 3675 3239 3728 καθίεσαν
3285 3671 3517 3734 αὑτούς;
3551 3669 3670 3723 ἀλλ’
3696 3670 3796 3721 οὐκ
3823 3668 4000 3732 ἔστιν,

2425 3775 2496 3836 ὡς
2521 3773 2583 3826 σὺ
2613 3773 2810 3839 λέγεις,
2839 3761 2883 3822 ὦ
2917 3767 3084 3820 πλάνε
3113 3764 3327 3835 ἀληθῶς
3351 3779 3364 3793 ·
3395 3763 3510 3816 ἀλλ’
3537 3761 3660 3830 ὄψει
3695 3760 3788 3812 καὶ
3845 3759 4002 3813 ἄκων

2426 3867 2522 3934 τῆς
2559 3862 2904 3923 ἀναστάσεως
2949 3859 3009 3912 τὺ
3055 3858 3256 3926 φέγγος
3307 3857 3488 3908 πᾶσαν
3537 3854 3882 3924 περιλάμπον
3901 3851 4002 3922 τὴν

2425 3953 2747 4024 οἰκουμένην
2778 3967 2792 3982 ⁶
2828 3952 2930 4004 κᾶν
2960 3950 3038 4004 ἔτι
3070 3948 3368 4018 βαρύτερον
3385 3945 3503 4014 εἴης
3523 3946 3618 3998 επὶ
3637 3945 3736 4012 τῆς
3765 3943 3998 4012 καρδίας

2429 4049 2610 4118 φέρων
2641 4047 2700 4100 τὺ
2738 4045 3024 4113 κάλυμμα.
3055 4042 3204 4102 Τέως
3241 4039 3300 4092 δὲ
3321 4037 3416 4092 νῦν
3443 4038 3528 4100 τίς
3549 4037 3582 4105 ἡ
3615 4036 3906 4103 ἀσφάλεια,
3933 4037 4000 4103 ἢν

2426 4140 2502 4208 τῷ
2521 4141 2674 4207 τάφῳ
2693 4139 2994 4208 περινοεῖς;
3021 4133 3319 4203 σφραγῖδας
3357 4129 3623 4197 ἐπιτίθης,
3641 4128 3736 4181 καὶ
3759 4143 3998 4180 κουστω-

2425 4234 2542 4294 δίας
2601 4228 2990 4299 περικαθίζεις.
3029 4225 3093 4278 Τί
3150 4226 3344 4288 ποιεῖς,
3384 4221 3646 4285 Ἰουδαῖε;
3701 4219 4000 4280 Λανθάνεις

2429 4321 2641 4392 σεαυτῷ
2677 4321 2768 4374 τὸν
2802 4319 3019 4387 ἔλεγχον
3047 4317 3145 4386 τῆς
3177 4315 3363 4378 ἀνοίας
3394 4311 3765 4380 ἀφυκτότερον
3823 4325 4000 4362 κατα-

2429 4413 2738 4478 σκευάζωνς
2789 4410 2852 4464 Εί
2897 4409 2992 4480 μὲν
3045 4409 3153 4477 γὰρ
3203 4405 3391 4474 ὥσπερ
3437 4405 3538 4456 οἴει
3587 4401 3783 4462 πλάνος
3823 4400 3853 4451 ὁ
3896 4398 4002 4467 τῆς

2425 4507 2770 4566 ἀναστάσεως
2812 4503 2987 4569 λόγος,
3043 4499 3125 4560 τίς
3175 4501 3207 4567 ἡ
3245 4496 3371 4566 περὶ
3410 4495 3500 4546 τὸν
3526 4495 3697 4562 τάφον
3751 4491 4000 4552 διάκενος

2427 4598 2664 4666 σπουδή;
2701 4596 2760 4648 Εἰ
2811 4593 2856 4646 δ’
2887 4593 2962 4654 ὼς
3009 4590 3203 4659 ἀληθῆ,
3261 4590 3398 4657 ὅπερ
3437 4585 3572 4647 ἐστὶ,
3631 4583 3893 4645 δέδοικας,
3943 4579 3998 4632 τε

2424 4691 2489 4743 δι’
2526 4684 2601 4742 ὧν
2655 4686 2838 4757 ὲκείνῃ
2891 4685 3058 4755 μάχῃ,
3121 4681 3311 4734 σαυτὸν
3365 4679 3722 4747 ἀνατρέπεις;
3759 4676 3834 4746 μὴ
3883 4676 3996 4740 γὰρ

761 4776 967 4829 stodias
1003 4775 1252 4830 adhibes.
1303 4777 1442 4841 Quid
1491 4779 1625 4846 agis,
1659 4776 1874 4834 Judme?
1926 4778 2041 4833 Non
2073 4771 2318 4834 animadL
2346 4759 2432 4830 Ῑ)‹

2346 4759 2400 4818 Ῑ)
2427 4781 2567 4835 οὕτω
2626 4777 3036 4848 περικροτοῦντί
3091 4789 3172 4827 σοι
3211 4773 3311 4842 τὴν
3335 4771 3581 4839 φυλακὴν
3604 4810 3618 4834 ,
3656 4768 3784 4831 ἴσως
3850 4766 3916 4818 ἂν
3957 4767 3991 4832 ἠ

757 4867 926 4920 vertis
977 4865 1119 4919 viam
1169 4875 1222 4920 te
1261 4866 1356 4920 tibi
1395 4867 1724 4922 excusanda:
1765 4869 2096 4938 insipientia:
2141 4871 2316 4941 magis

759 4975 824 5012 ac
869 4961 1041 5028 magis
1075 4959 1449 5028 praecludere?
1479 4958 1536 5012 Si
1587 4961 1755 5027 enim,
1788 4971 1844 5015 ut
1884 4962 2190 5028 arbitraris,
2223 4967 2314 5033 qui

758 5051 826 5103 de
858 5053 1260 5106 resurrectione
1285 5051 1522 5120 iactatur
1559 5067 1762 5117 sermo,
1795 5053 2024 5107 mendax
2071 5069 2132 5110 ac
2165 5071 2316 5110 com-

2425 4873 2670 4927 ἀναίδεια
2699 4869 2790 4922 ἐπὶ
2823 4869 2882 4921 τὸ
2913 4867 3266 4933 συκοφαντεῖν
3299 4864 3400 4930 τὴν
3451 4862 3748 4915 ἀνάστασιν
3793 4859 3994 4925 ὼρμτι-

2427 4965 2596 5035 μένῳ,
2664 4963 2762 5016 οὺκ
2833 4959 2899 5014 ἂν
2967 4958 3106 5029 μετὰ
3177 4957 3445 5026 τοσαύτης
3510 4951 3770 5022 αἰσχύνης
3819 4950 3988 5018 πρού-

2421 5075 2606 5128 χωρει.

760 5143 1038 5198 mentitius
1087 5151 1192 5206 est,
1225 5142 1358 5212 quid
1405 5157 1544 5196 vano
1583 5144 1764 5198 studio
1808 5145 1954 5198 circa
2003 5149 2314 5216 sepulcrum
2353 5149 2689 5218 occuparis?
2741 5147 2836 5201 Sin
2869 5155 3048 5200 autem
3119 5153 3176 5198 ut
3225 5157 3437 5204 verum,
3487 5139 3650 5195 sicuti
3697 5145 3803 5202 est,
3869 5153 3990 5190 me-

755 5238 885 5300 tuis,
915 5238 1044 5306 quid
1081 5239 1150 5292 iis
1173 5239 1340 5292 armis
1363 5237 1562 5306 quibus
1585 5235 1732 5290 illum
1763 5251 2044 5307 oppugnas
2067 5239 2300 5307 teipsum
2341 5240 2666 5311 oppugnas?
2711 5237 2874 5292 Forte
2895 5239 3039 5292 enim
3080 5237 3124 5290 si
3181 5249 3289 5288 non
3359 5240 3570 5285 tantum
3621 5229 3790 5284 studii
3860 5245 3990 5280 ιιηιο

755 5335 956 5388 niendo
981 5351 1044 5388 ac
1067 5335 1421 5392 custodiendo
1457 5342 1708 5410 sepulcro
1744 5343 2104 5410 adhibuisses,
2131 5345 2466 5414 impudentia
2515 5343 2581 5398 ad
2637 5339 3074 5398 calumniandam
3127 5335 3586 5392 resurrectionem
3633 5345 3984 5401 promoveus,

755 5429 954 5484 minori
989 5429 1182 5484 fuisset
1215 5431 1485 5489 dedecori.

827 5520 934 5574 Sed
975 5521 1188 5574 valeant
1229 5521 1434 5578 Hebraei
1484 5541 1606 5579 cum
1662 5529 1777 5581 suis
1835 5529 1995 5596 nugis
2041 5547 2055 5581 :
2101 5529 2308 5584 Christi

754 5627 883 5666 vero
928 5613 1278 5667 immaculata
1327 5616 1571 5672 Ecclesia
1602 5635 1726 5674 cum
1759 5620 1940 5690 Moyse
1985 5637 2195 5676 sacram
2231 5639 2304 5675 re-

754 5705 1051 5774 quietiouis
1095 5706 1233 5759 diem
1281 5721 1590 5776 veneretur,
1648 5713 1713 5767 de
1758 5729 1860 5782 qua
1921 5714 2128 5768 dicebat
2179 5735 2188 5769 :
2249 5715 2311 5767 ιετ

829 5799 864 5830 ⁶¹
893 5796 1053 5852 Joan.
1089 5813 1182 5856 νιι,
1227 5800 1303 5851 ill.

2497 5525 2634 5580 Ἀλλ’
2669 5519 3014 5594 ἐρρίφθωσαν
3053 5520 3171 5579 ταῖς
3220 5513 3400 5568 αὐτῶν
3429 5512 3647 5582 λέσχαις
3699 5511 3937 5580 Ἑϐραῖοι
3963 5532 3976 5542 ·

2418 5623 2451 5692 ἠ
2482 5620 2540 5672 δὲ
2563 5617 2657 5671 τοῦ
2682 5613 2915 5685 Χριστοῦ
2946 5613 3175 5682 ἄμωμος
3217 5609 3511 5678 Ἐκκλησία
3541 5607 3676 5674 μετά
3706 5605 3986 5664 Μωῦσέως

3853 5713 3982 5766 περι

2420 5715 2518 5784 τῆς
2552 5709 2944 5768 καταπαύσεως
2995 5705 3092 5775 τὴν
3125 5703 3276 5776 ἱεράν
3319 5703 3530 5772 ἡμέραν
3557 5701 3766 5753 statim:
3795 5717 3806 5728 ·
