4232 6444
160 393 219 453 3‘1
726 390 1006 451 ORATIO
1056 392 1217 452 VIII.
1256 418 1317 426 -
1364 394 1442 453 ΙΝ
1487 395 2044 458 DEPOSITIONEM
2083 397 2452 462 CORPORIS
2487 403 2814 470 CHRISTI.

152 502 219 572 ἧς
249 504 424 568 ἔλεγε·
455 502 561 557 Καὶ
608 503 943 571 εὐλόγησεν
972 507 1003 557 ό
1050 505 1192 570 Θεὸς
1226 504 1338 569 τὴν
1366 508 1593 576 ἡμέραν
1618 510 1732 576 τὴν
1757 524 1808 580 Α

1135 505 1192 570 ὣς
1226 504 1338 569 τὴν
1366 508 1593 576 ἡμέραν
1618 510 1732 576 τὴν
1757 524 1808 580 Α
1833 513 2094 568 benedixit
2136 514 2272 569 Deus
2304 517 2409 569 diei
2451 520 2667 585 septimo
2720 520 2763 550 “
2792 562 2806 585 ,

154 595 437 661 ἑϐδόμην,
466 597 522 646 ἐν
644 596 984 648 κατέπαυσεν
1022 595 1128 647 ἀπὸ
1172 596 1386 648 πάντων
1415 598 1520 649 τῶν
1554 599 1730 668 ἔργων

154 682 341 743 αὑτοῦ.
367 685 429 738 Εἰ
456 685 563 754 γὰρ
593 685 687 737 καὶ
711 684 818 736 τῶν
845 682 1024 756 ἔργων
1056 686 1113 750 eg
1148 680 1221 736 ὧν
1242 688 1269 737 ὁ
1294 687 1494 755 κόσμος
1526 689 1731 759 ὑπέστη

152 774 301 842 δηλοί
319 776 662 828 κατάπαυσιν
696 791 707 803 ·
739 776 852 829 ἀλλ’
873 772 968 827 οὖν
999 775 1137 844 αὕτη
1159 776 1234 845 τῷ
1265 777 1376 830 ὄντι
1419 778 1518 846 τῆς
1555 797 1727 832 κατα-

157 868 407 928 παύσεως
433 868 634 936 ἡμέρα,
678 868 736 919 ὲν
843 868 871 919 ό
907 866 1195 937 μονογενὴς
1220 868 1344 931 Υἱὸς
1376 869 1469 921 τοῦ
1509 870 1641 922 Θεοῦ
1674 869 1734 934 ἐξ

154 957 330 1027 ἔργων
353 955 447 1008 τοῦ
479 958 746 1027 ἡμετέρου
798 956 1250 1027 προσλήμματος,
1293 957 1433 1011 ἑκὼν
1466 961 1732 1030 ὁμιλήσας

155 1050 399 1117 θανάτῳ,
443 1049 785 1103 κατέπαυσεν
811 1066 823 1079 ⁸
864 1045 983 1121 ὲνῇ
1025 1050 1115 1103 τοῦ
1157 1052 1387 1105 Θανάτου
1442 1054 1474 1122 ή
1518 1055 1731 1118 αίώνιος

152 1140 416 1208 τυραννὶς
466 1140 757 1211 κατελύθη,
807 1141 902 1194 καὶ
930 1142 980 1193 oi
1016 1142 1109 1194 ὑπ’
1131 1142 1323 1213 ἐκείνῳ
1351 1143 1730 1216 ταλαιπωρού-

154 1248 343 1299 μενοι,
387 1232 689 1285 ἀνάπαυσιν
721 1230 941 1303 εὕροντο
977 1248 991 1263 °
1024 1234 1082 1285 ὲν
1184 1234 1290 1286 τῶν
1326 1234 1595 1287 σπιλάδων
1632 1237 1730 1305 τῆς

152 1324 431 1392 ἁμαρτίας
467 1324 829 1391 ὑπεξελθοῦσα
872 1327 904 1394 ἡ
941 1325 1121 1393 φύσις,
1162 1327 1227 1380 δι’
1257 1320 1331 1380 ὧν
1358 1327 1493 1396 πρὸς
1526 1327 1729 1398 φθοράν

151 1416 436 1483 ὲναυάγει,
473 1417 857 1487 καθωρμίσατο
896 1416 1030 1488 πρὸς
1069 1418 1377 1488 ἀφθαρσίαν
1405 1434 1419 1448 °
1459 1419 1584 1473 καθ’
1607 1422 1673 1490 ἣν
1700 1423 1727 1473 ὁ

150 1509 452 1577 κραταιὸς,
498 1508 572 1570 ώς
621 1508 681 1572 ἐξ
726 1508 893 1561 ὕπνου
952 1509 1059 1562 τῶν
1098 1510 1237 1580 ὑπὲρ
1275 1511 1431 1581 ήμῶν
1478 1511 1729 1574 ὑπνώσας

148 1600 505 1668 τραυμάτων,
566 1599 657 1653 τὸν
726 1600 1068 1671 ὑπερήφανον
1145 1601 1336 1671 ἐχθρὸν
1387 1604 1727 1673 τραυματίαν

150 1691 480 1756 εἰργάσατο,
545 1690 640 1744 καλ⁸
694 1691 818 1754 τοὺς
875 1690 1254 1760 αἰχμαλώτους
1317 1693 1554 1746 ἀπέλυσε
1629 1694 1726 1763 τῆς

152 1782 517 1852 πολυχρονίου
568 1785 830 1853 φρουρᾶς.
862 1783 957 1846 Τίς
996 1786 1023 1837 ό
1056 1784 1279 1848 πλοῦτος
1328 1785 1423 1853 τῆς
1458 1786 1581 1855 περὶ
1624 1787 1722 1855 ἐμὲ

3330 409 3402 471 82

2865 518 2919 573 in
2966 535 3075 590 quo
3128 525 3397 592 requievit

1836 609 1904 660 ab
1948 607 2202 661 omnibus
2247 610 2504 676 operibus
2552 612 2685 664 suis.
2746 613 2892 666 Licet
2928 616 3071 667 enim
3129 615 3399 683 significet

1833 700 2074 768 requiem
2110 700 2179 753 ab
2201 702 2475 769 operibus,
2502 703 2702 771 quibus
2733 708 2982 759 conditus
3016 716 3100 759 est
3130 708 3392 761 mundus:

1833 791 1949 845 haec
1997 803 2178 846 tamen
2234 810 2417 847 revera
2466 796 2582 850 dies
2608 804 2689 850 est
2725 799 3097 865 requietiouis,
3130 817 3235 868 qua
3273 802 3396 854 uni-

1831 885 2046 952 genitus
2092 885 2181 939 Dei
2221 884 2392 939 Filius
2458 903 2485 939 a
2522 887 2894 958 designatisiu
2941 890 3176 944 humana
3229 908 3393 948 carne

1831 985 2107 1043 assumpta
2167 976 2426 1044 operibus
2469 981 2751 1046 requievit,
2810 990 3001 1048 sponte
3057 982 3112 1035 in
3168 996 3395 1038 mortem

1830 1068 2131 1124 concedens
2164 1088 2177 1123 :
2209 1084 2316 1138 qua
2381 1071 2469 1124 die
2530 1081 2729 1126 atterna
2777 1073 2865 1125 illa
2915 1073 3103 1129 mortis
3149 1075 3394 1144 tyrannis

1829 1160 2093 1216 dissoluta
2132 1172 2236 1227 est,
2268 1179 2332 1217 ac
2361 1165 2454 1234 qui
2488 1160 2592 1218 sub
2615 1178 2678 1218 ea
2713 1166 3113 1229 atterebantur,
3153 1170 3392 1235 requiem

1831 1255 2151 1309 invenerunt
2185 1273 2200 1310 :
2235 1271 2339 1325 qua
2386 1273 2415 1312 e
2444 1258 2648 1327 peccati
2695 1259 2936 1327 scopulis
3001 1272 3060 1311 ac
3100 1262 3264 1327 petris
3301 1276 3395 1315 ex-

1830 1348 2002 1416 pedita
2053 1347 2164 1415 (27)
2207 1358 2424 1411 natura,
2465 1350 2666 1419 quibus
2719 1352 3208 1421 incorruptionem
3255 1366 3390 1405 nau-

1828 1436 2000 1507 fragio
2025 1438 2345 1507 impegerat,
2370 1439 2435 1492 ad
2464 1441 2887 1508 incorruptionis
2918 1453 3132 1508 portum
3166 1443 3390 1509 appulsa

1824 1536 1945 1582 est:
1978 1542 2080 1595 qua
2110 1536 2303 1596 potens
2338 1529 2447 1593 ille,
2467 1530 2623 1600 quasi
2650 1545 2840 1585 somno
2872 1548 2935 1585 ex
2967 1531 3275 1584 vulneribus
3294 1546 3391 1600 pro

1826 1618 1983 1673 nobis
1999 1620 2273 1688 susceptis
2292 1633 2597 1690 soporatus,
2625 1622 2919 1692 superbum
2938 1624 3145 1677 hostem
3162 1622 3392 1677 vulneri-

1822 1710 1924 1765 bus
1973 1711 2364 1776 consauciavit,
2388 1716 2735 1782 captivosque
2767 1730 2831 1767 ex
2878 1712 3135 1767 diuturno
3175 1728 3391 1769 carcere

1825 1798 2091 1857 liheravit.
2140 1803 2269 1869 Quae
2315 1804 2433 1859 ista:
2481 1804 2681 1859 divitiae
2726 1806 2922 1859 divinre
2962 1806 3014 1858 in
3052 1822 3134 1859 me
3164 1806 3392 1859 (‘Olllmi-

154 1873 545 1940 συμπαθείας;
626 1874 691 1925 Τί
766 1874 827 1926 τὸ
909 1874 1135 1944 ἄπειρον
1208 1876 1308 1942 τῆς
1385 1877 1727 1943 συγκαταϐά-
1762 1876 1802 1930 Β

1716 1906 1727 1917 '
1762 1876 1802 1930 Β
1832 1897 2434 1962 set-ationis?Qtuenam
2468 1898 2729 1951 immensa
2772 1900 2884 1952 haec
2917 1900 2969 1951 in
3016 1915 3193 1953 meum
3234 1914 3387 1951 usum

154 1982 295 2026 σεως
318 1982 333 2029 ;
370 1954 712 2034 Ἐγευσάμην
739 1964 847 2033 ἐγὼ
876 1964 1126 2035 βρώσεως
1149 1967 1422 2033 γλυκείας,
1444 1969 1477 2039 ἦ
1510 1985 1575 2037 με
1598 1986 1728 2022 κατ-

154 2058 387 2124 έστησεν
422 2056 673 2108 ὑπόδικον
706 2054 782 2125 τῷ
816 2055 1028 2126 θανάτῳ
1051 2074 1063 2085 ·
1098 2058 1191 2109 καὶ
1236 2057 1453 2124 γεύεται
1497 2059 1729 2113 θανάτου

152 2144 311 2210 Θεὸς,
350 2144 421 2197 ἶν’
455 2146 677 2216 ἁρπάσῃ
734 2144 986 2200 θανάτου.
1033 2146 1099 2197 Ἣ
1151 2147 1334 2210 κόνις,
1393 2148 1728 2218 ἀγαθότητος

155 2236 305 2304 inpar,
342 2237 477 2307 πρὸς
504 2234 654 2289 θείαν
679 2235 885 2306 ἀνήχθη
912 2236 1091 2301 δόξαν,
1121 2238 1215 2290 καὶ
1246 2237 1342 2290 ούκ
1375 2237 1603 2309 ἔστερξα
1631 2239 1728 2309 τὴν

155 2330 347 2397 τιμήψ
412 2327 728 2379 καταϐαίνει
778 2326 910 2390 Θεὸς
959 2328 1093 2397 πρὸς
1152 2331 1292 2399 ἐμὴν
1324 2331 1603 2399 ἐσχατιὰν,
1644 2331 1728 2384 ἴνα

158 2422 233 2487 μὴ
305 2418 466 2486 μόνον
519 2418 708 2488 ἐγείρῃ
786 2418 1056 2483 πεσόντα,
1117 2420 1229 2471 ἀλλ’
1303 2421 1387 2472 ἵνα
1442 2421 1543 2488 τῆς
1591 2422 1727 2491 ὲμῆς

154 2507 527 2575 ἀνασχόμενος
566 2506 790 2576 φθορᾶς,
850 2506 1255 2576 καταπλουτίσῃ
1301 2507 1359 2559 τὸ
1418 2506 1710 2577 ἄφθαρτον.

155 2601 266 2651 Καὶ
297 2601 397 2669 τὴν
429 2599 565 2667 μετὰ
613 2599 819 2668 νεκρῶν
858 2598 1151 2650 κατάθεσιν
1205 2600 1238 2668 ή
1290 2598 1401 2669 ζωὴ
1450 2600 1725 2668 ὑπομένει,

156 2694 244 2743 ἴνα
276 2692 419 2760 πρὸς
448 2690 590 2759 ζωὴν
633 2690 694 2741 τὸ
728 2691 857 2757 ἐμὸν
900 2689 1092 2759 θνητὸν
1133 2693 1410 2760 μεταταγῇ
1447 2705 1460 2719 '
1506 2691 1599 2743 καὶ
1642 2706 1729 2741 νε-

154 2781 464 2850 κροστόλοις
503 2779 712 2842 ὀθόναις
742 2780 1118 2842 ὲλίσσεται,ἴν’
1159 2779 1269 2848 ἐγὼ
1301 2781 1569 2851 σωτηρίας
1604 2782 1728 2850 ἱμά-

156 2892 270 2925 τιον
294 2872 675 2941 περιῦάλωμαι
702 2889 717 2903 ο
752 2874 842 2925 καὶ
868 2873 1023 2942 χερσὶ
1052 2872 1297 2941 πηλίναις
1329 2872 1726 2940 ὲνταφιάζεται,

158 2965 224 3016 ἶν’
290 2963 404 3031 ἐγὼ
462 2963 547 3015 ἐπ’
604 2962 771 3031 ῶμων
820 2963 1029 3016 καθίσω
1091 2962 1458 3033 Χερουὸικῶν.
1528 2963 1728 3034 Χερσὶν

168 3057 369 3126 Ἰωσήφ
421 3055 516 3108 τοῦ
565 3054 784 3124 σεμνοῦ.
831 3050 998 3118 Οὗτος
1040 3056 1148 3125 γὰρ
1200 3054 1454 3108 ἁπάντων
1508 3054 1730 3106 καταλι-

159 3149 370 3199 πόντων
395 3146 671 3213 γνωστῶν,
697 3145 787 3197 τόν
809 3145 898 3199 διὰ
923 3147 1204 3215 σπλάγχνα
1234 3147 1412 3209 ἐλέους
1438 3149 1724 3214 ἐπιγνόντα

155 3242 329 3307 ἡμᾶς,
372 3238 639 3307 λαμϐάνει
693 3241 827 3306 πρὸς
880 3238 976 3307 τὴν
1014 3240 1209 3309 ταφήν.
1264 3240 1373 3291 [Iob
1421 3257 1509 3307 μοι
1561 3239 1655 3291 νῦν
1693 3242 1726 3310 ἠ

160 3331 368 3399 Πέτρου
398 3330 672 3399 παρρησία
697 3347 711 3393 ;
772 3329 879 3381 Πυῦ
909 3330 964 3381 δὲ
993 3330 1053 3382 τὸ
1087 3330 1363 3399 πρόθυμον
1388 3330 1484 3382 τοῦ
1515 3330 1723 3398 Θωμᾶς

159 3421 263 3474 ποῦ
289 3421 347 3472 δὲ
377 3420 487 3471 τῶν
508 3419 677 3472 ἄλλων
697 3419 951 3488 μαθητῶν
980 3421 1038 3472 τὸ
1064 3422 1284 3491 φίλτρον
1311 3439 1324 3486 ;
1354 3422 1467 3474 Νῦν
1491 3424 1725 3491 ἐλέγετε·

164 3515 423 3580 Ἀτωμεν
452 3512 546 3563 καί
579 3510 766 3578 ἡμεῖς,
808 3511 885 3562 ἵν’
916 3512 1305 3580 ἀποθάνωμεν
1342 3515 1472 3582 μετ’
1500 3515 1684 3567 αὑτοῦ
1709 3531 1724 3544 ⁶

161 3604 255 3656 καὶ
315 3602 416 3655 νῦν
477 3602 577 3655 οὑκ
636 3602 918 3655 ἀκολουθεί
952 3619 1037 3665 τις
1064 3604 1278 3656 ἀπιόντι
1312 3604 1389 3674 τῷ
1426 3604 1729 3675 διδασκάλῳ

162 3696 296 3766 πρὸς
327 3695 426 3762 τὴν
450 3694 683 3763 σφαγήν.
718 3696 828 3747 Καὶ
858 3695 1055 3762 γύναια
1083 3696 1180 3763 μὲν
1214 3697 1373 3760 τέως,
1409 3700 1457 3750 εί
1482 3698 1575 3751 κα)⁸
1616 3716 1720 3769 μα·

161 3789 361 3859 κρόθεν
394 3790 612 3858 ἕστηκε,
669 3789 763 3841 καὶ
794 3789 1014 3860 θρηνεῖ*
1044 3791 1091 3842 οἱ
1124 3791 1179 3842 δὲ
1207 3791 1443 3860 μαθηταὶ
1464 3791 1585 3844 οὑδὲ
1630 3808 1726 3859 γυ-

160 3880 387 3939 ναικῶνξ
413 3879 748 3947 λαμὸόινουσι
781 3881 1005 3949 τόλμαν.
1037 3880 1101 3931 Τί
1131 3880 1273 3933 οὕτω
1298 3883 1482 3935 πᾶσαν
1515 3882 1728 3951 ἐκείνην

159 3974 259 4041 τῆς
316 3971 553 4040 στοργῆς
613 3970 765 4039 ὑμῶν
807 3971 905 4040 τὴν
952 3971 1125 4039 φλόγα
1181 3972 1368 4024 ἔσϐεσε
1405 3973 1466 4025 τὸ
1515 3973 1725 4039 δειλόν;

158 4068 279 4120 οὑδὲ
320 4066 525 4133 ἐγείρει
553 4065 651 4135 τὴν
680 4064 876 4135 ψυχὴν,
908 4058 981 4119 ὧν
1010 4082 1067 4118 τε
1098 4062 1250 4119 εἶπεν
1300 4062 1448 4120 ὧντε
1486 4069 1728 4120 ἐτέλεσεν

158 4161 186 4210 ό
215 4156 569 4221 διδάσκαλος;
628 4156 742 4208 ἀλλ’
769 4156 909 4209 οὓτω
962 4156 1210 4227 διέθηκεν
1229 4159 1257 4211 ὁ
1283 4159 1465 4224 φόϐος,
1515 4159 1590 4221 ῶς
1622 4176 1726 4228 μη-

156 4246 311 4308 δενὸς
365 4246 508 4315 ἔχειν
554 4245 708 4313 λόγον
758 4245 928 4313 ὑμᾶς;
987 4248 1060 4315 μὴ
1112 4248 1207 4316 τῆς
1269 4247 1540 4317 τοσαύτης
1592 4250 1729 4316 ἀγά-

160 4356 271 4404 πης
303 4354 317 4367 ·
378 4339 451 4407 μὴ
509 4337 615 4389 τῶν
662 4337 955 4406 ὑπερφυῶν
1017 4337 1331 4407 θαυμάτων,
1377 4338 1413 4392 ἃ
1470 4339 1529 4404 ἐξ
1567 4340 1728 4393 αὑτοῦ

161 4432 542 4498 ἐπλουτήσατε
596 4444 611 4460 ⁶
647 4430 721 4499 μὴ
752 4430 846 4498 τῆς
874 4430 983 4481 τῶν
1014 4430 1303 4498 δαιμονίων
1348 4432 1646 4501 ὑποταγῆς,
1696 4432 1731 4485 ὃ.

1830 1990 2156 2058 modumque
2218 1990 2541 2043 inclinatio?
2598 1989 2957 2044 Gustaveram
3023 2007 3124 2061 ego
3175 1993 3387 2044 dulcem

1827 2096 2027 2143 escam,
2078 2097 2184 2150 qua
2236 2098 2356 2136 reus
2409 2084 2599 2135 mortis
2658 2082 2833 2137 factus
2897 2101 3039 2138 sum.
3102 2092 3391 2152 gustatque

1830 2170 1971 2227 Deus
2025 2180 2289 2237 mortem,
2346 2182 2403 2227 ut
2456 2188 2484 2226 a
2536 2183 2710 2228 morte
2759 2184 2934 2228 eruat.
2981 2174 3164 2228 Putris
3225 2190 3389 2228 exsu-

1831 2266 2074 2336 perantia
2127 2265 2385 2319 bonitatis
2441 2265 2507 2319 ad
2538 2264 2775 2319 divinam
2824 2266 3052 2335 gloriam
3088 2265 3389 2319 subductus

1828 2366 1942 2421 est;
1986 2371 2086 2410 nec
2132 2371 2234 2425 ego
2283 2357 2540 2410 honorem
2576 2358 2859 2425 amplexus
2905 2373 3056 2419 sum,
3104 2372 3167 2409 ac
3215 2358 3389 2411 libens

1831 2449 1989 2503 habui
2023 2468 2035 2503 :
2066 2449 2453 2519 descenditque
2504 2448 2645 2504 Deus
2673 2450 2737 2503 ad
2796 2450 3031 2503 intimam
3092 2464 3264 2503 meam
3310 2450 3390 2501 vi-

1830 2540 2056 2604 litatem,
2101 2549 2159 2594 ut
2206 2556 2312 2593 non
2367 2541 2542 2595 solum
2601 2541 2917 2610 prolapsum
2956 2542 3149 2611 erigat,
3199 2557 3385 2595 verum

1829 2632 1989 2686 etiam
2035 2639 2093 2685 ut
2140 2646 2314 2684 meam
2370 2632 2649 2685 sustinens
2680 2634 3105 2699 corruptionem,
3141 2633 3390 2685 incorru-

1832 2725 2032 2794 ptionis
2105 2724 2235 2776 mihi
2285 2723 2502 2777 divitias
2535 2725 2767 2792 praebeat
2796 2742 2808 2775 :
2854 2726 3161 2793 patiturque
3196 2726 3299 2777 vita
3332 2734 3389 2775 ut

1831 2826 1952 2863 cum
1996 2811 2225 2864 mortuis
2292 2811 2621 2880 deponatur,
2665 2820 2723 2865 ut
2766 2813 2833 2865 ad
2876 2813 3039 2867 vitam
3090 2813 3390 2866 mortalita-

1831 2908 1936 2952 tem
1962 2914 2133 2953 meam
2161 2901 2455 2955 transferat
2482 2918 2495 2955 :
2525 2901 2845 2957 funebribus
2868 2904 3046 2958 linteis
3071 2904 3386 2965 involvitur,

1831 3004 1890 3045 ut
1934 3008 2035 3060 ego
2080 2994 2395 3046 indumento
2442 2995 2638 3050 salutis
2694 2998 2926 3060 vestiar;
2975 2997 3244 3066 luteisque
3277 3011 3387 3049 ma-

1833 3084 1995 3137 nibus
2045 3084 2298 3152 sepulcro
2370 3084 2646 3147 conditur,
2690 3094 2750 3138 ut
2813 3101 2914 3155 ego
2952 3087 3387 3141 (ilierubiuorum

1835 3172 2387 3225 humerisinsuaeam.
2419 3172 2689 3239 Manibus,
2734 3176 2975 3244 inquam,
3018 3177 3387 3232 honestissimi

1830 3262 2053 3332 Josepli.
2100 3264 2201 3316 Hic
2245 3265 2413 3326 enirn,
2447 3278 2568 3318 cunt
2620 3266 2730 3319 noti
2784 3281 2975 3321 on'ines
3018 3267 3386 3335 reliquissent,

1827 3368 1948 3406 cum
2004 3354 2371 3421 sepeliendum
2417 3356 2666 3424 suscipit,
2720 3357 2811 3424 qui
2867 3372 2964 3425 per
2998 3359 3387 3412 misericordia:

1829 3444 2035 3497 viscera
2075 3452 2237 3498 notos
2268 3460 2367 3499 nos
2401 3445 2700 3502 habuisset.
2746 3446 2844 3501 Ubi
2883 3464 3026 3501 nunc
3077 3450 3208 3502 mihi
3243 3449 3383 3503 Petri

1830 3534 2091 3586 libertas?
2117 3531 2215 3587 Ubi
2250 3534 2472 3588 Thomas
2496 3536 2795 3591 alacritas?
2828 3535 2931 3591 Ubi
2957 3539 3187 3592 aliorum
3219 3539 3389 3591 disci-

1828 3626 2078 3694 pulorum
2107 3627 2295 3679 amor?
2322 3626 2479 3680 Modo
2523 3628 2787 3683 dicebatis
2823 3648 2837 3683 :
2870 3628 3069 3683 Eamus
3098 3641 3148 3683 et
3182 3648 3296 3691 nos,
3338 3644 3387 3683 et

1829 3722 2119 3770 moriamur
2154 3734 2269 3770 cum
2307 3719 2402 3789 illo
2432 3718 2515 3789 “;
2566 3734 2666 3773 nec
2693 3720 2983 3788 quisquam
3025 3720 3187 3773 modo
3230 3736 3387 3788 repe-

1829 3812 2005 3872 ritur,
2033 3816 2123 3878 qui
2156 3813 2470 3881 inuigistrum
2492 3821 2707 3866 euntem
2734 3814 2799 3867 ad
2827 3826 3053 3867 mortem
3077 3815 3385 3868 comitetur.

1828 3902 1904 3955 Ac
1943 3904 2205 3957 mulieres
2238 3904 2454 3972 quidem
2500 3904 2779 3965 hactenus.
2812 3920 3120 3975 quanquam
3152 3921 3181 3959 a
3213 3912 3386 3973 longe.

1829 4003 1996 4057 stant,
2039 4010 2104 4048 ac
2158 3997 2526 4050 lamentantur
2564 4018 2575 4051 :
2610 3998 2860 4068 discipuli
2913 4015 3045 4053 vero
3096 4015 3161 4052 ne
3207 4015 3388 4067 parem

1829 4087 2046 4156 quidem
2085 4089 2403 4145 mulieribus
2441 4100 2715 4144 ostentant
2764 4092 3065 4146 audaciam.
3103 4092 3213 4146 Cur
3257 4094 3390 4147 adeo

1836 4182 1999 4233 timor
2027 4190 2268 4234 vestram
2318 4183 2464 4234 illam
2499 4183 2703 4236 amoris
2747 4182 3017 4237 ﬂammam
3050 4186 3263 4254 penitus
3290 4201 3387 4238 ex—

1830 4266 2053 4320 stinxit?
2097 4284 2198 4321 nec
2245 4271 2543 4338 ntagisterr
2574 4272 2641 4324 iis
2686 4289 2805 4337 qua:
2848 4273 2984 4327 dixit
3026 4274 3384 4343 patravitque,

1830 4362 2037 4409 vestros
2070 4357 2281 4411 animos
2314 4359 2612 4429 quidquam
2646 4362 2849 4430 erigit?
2878 4363 2969 4416 sed
3020 4364 3094 4417 ita
3130 4381 3225 4419 vos
3255 4380 3388 4418 con—

1831 4451 2093 4503 sternavit.
2137 4466 2305 4519 pavor
2343 4462 2400 4504 ut
2439 4455 2640 4509 nullius
2684 4456 2757 4508 rei
2810 4457 3073 4512 rationem
3109 4458 3383 4524 habeatis;

161 4524 270 4577 ὑπὸ
327 4522 492 4585 πόδας
563 4522 715 4591 ὑμῶν
766 4521 993 4593 ἔθηκεν;
1070 4522 1183 4575 ἀλλ’
1265 4522 1405 4576 οὕτω
1470 4525 1727 4593 ῥίψαντας
1762 4542 1800 4597 υ

1715 4542 1727 4587 ἶ
1762 4542 1800 4597 D
1833 4555 1937 4593 non
1985 4544 2118 4595 tauti
2164 4544 2305 4598 illius
2326 4547 2555 4609 amoris,
2584 4563 2688 4600 non
2729 4549 3035 4604 divinorum
3083 4566 3147 4604 ac
3176 4562 3386 4605 naturae

164 4617 382 4672 ἅπαντα
461 4615 625 4684 μόνης
698 4612 833 4667 εἶναι
888 4615 986 4684 τῆς
1044 4616 1534 4686 σκυθρωπότητοςς
1609 4618 1727 4671 οὑδὲ

162 4711 266 4776 τῆς
330 4707 552 4778 Μητρός
608 4710 722 4760 ἐστι
779 4708 934 4777 λόγος
976 4709 1100 4777 ὑμῖν
1129 4725 1143 4739 ·
1193 4703 1396 4781 ᾖείκός
1434 4710 1525 4762 ἐπὶ
1576 4727 1728 4779 μονο-

164 4804 313 4868 γενεῖ
347 4801 505 4853 Παιδί.
556 4798 698 4852 οὕτω
742 4801 1071 4870 κρεμαμένῳ
1128 4802 1538 4873 ἁπαραμυθήτῳ
1576 4803 1727 4869 ἄλγει

162 4892 558 4962 διεσπαράχθαι
590 4892 659 4943 τὰ
720 4892 1000 4961 σπλάγχνα
1032 4909 1045 4955 ;
1172 4895 1264 4945 καὶ
1311 4894 1464 4955 ἄλλος
1500 4912 1591 4961 τις
1620 4894 1726 4947 τῶν

162 4986 262 5039 οὑκ
318 4984 534 5037 εἰδότων
590 4984 890 5052 συνήλγησε
909 4985 1005 5051 τὴν
1063 4984 1259 5054 ψυχὴν,
1294 4987 1387 5038 καὶ
1427 4987 1726 5055 ἀγαπητῶς

165 5078 232 5131 ἂν
255 5080 321 5146 τῇ
348 5079 412 5129 ἐκ
433 5076 603 5143 λόγων
629 5076 836 5147 ἰατρείᾳ
856 5076 954 5146 τὴν
983 5076 1169 5145 ὀδύνην
1187 5080 1448 5149 ἐπειράθη
1465 5080 1727 5151 οιαπραθ-

164 5187 273 5223 ναι.
311 5168 553 5232 Ἠλίκαις
590 5169 697 5239 γὰρ
728 5169 846 5221 τότε
902 5170 935 5238 ή
990 5170 1217 5238 ἄμωμος
1272 5173 1557 5242 ἐμερίζετο
1619 5176 1724 5229 πά-

168 5260 357 5326 θεσιν;
396 5261 540 5323 Dios;
593 5260 911 5328 ὲκυμαίνετο
964 5260 1262 5331 λογισμοῖς,
1320 5264 1413 5316 νῦν
1468 5265 1566 5334 μὲν
1624 5266 1715 5318 τὸν

169 5354 416 5422 ὑπερφυῆ
464 5351 621 5404 τόκον
666 5349 1037 5421 ἐνθυμουμένη
1068 5390 1083 5415 ,
1147 5352 1240 5405 νῦν
1288 5352 1344 5405 δὲ
1403 5355 1509 5409 τῶν
1554 5356 1727 5411 ἄλλων

235 5510 280 5539 ⁸⁸
313 5507 453 5561 Gen.
504 5522 565 5564 ιι.
617 5505 673 5559 2.
748 5506 793 5537 ⁸³
838 5505 995 5561 Joan.
1026 5524 1103 5576 τι,
1142 5510 1224 5565 t6.

1825 4633 1929 4711 vim
1979 4642 2144 4687 totam
2204 4639 2644 4704 exsuperantium
2697 4641 3107 4705 miraculorum,
3149 4657 3383 4711 quorum

1826 4727 2212 4792 patrandorum
2266 4737 2533 4797 potestate
2584 4731 2653 4784 ab
2700 4733 2816 4799 ipso
2856 4732 3041 4787 donati
3075 4736 3240 4800 estis;
3274 4751 3385 4790 non

1826 4817 2547 4888 subjectionis'damonum,
2591 4837 2731 4891 quos
2768 4824 2992 4891 pedibus
3026 4831 3223 4880 vestris
3252 4828 3383 4881 sub-

1822 4907 2000 4975 jecit:
2040 4911 2133 4963 sed
2185 4912 2439 4967 omnibus
2493 4912 2546 4966 in
2591 4914 2732 4968 hunc
2766 4914 2984 4969 modum
3035 4916 3262 4985 abjectis
3320 4933 3383 4971 ac

1828 5002 2173 5066 posthabitis,
2226 5002 2417 5057 tetrica
2475 5005 2725 5058 uttestitia
2786 5006 3026 5075 absorpti
3061 5008 3237 5062 estis?
3272 5006 3383 5062 Nec

1830 5088 2015 5146 Matris
2058 5108 2152 5146 vos
2205 5109 2336 5147 cura
2391 5096 2582 5164 tangit,
2641 5113 2801 5165 quam
2847 5100 3109 5154 credibile
3159 5110 3261 5163 est,
3314 5102 3383 5155 ob

1830 5182 2165 5251 unigenitum
2199 5181 2393 5238 Filium
2429 5188 2503 5239 ita
2539 5188 2592 5241 in
2623 5188 2770 5257 ligno
2813 5205 3162 5261 suspensum,
3205 5195 3385 5248 incon-

1830 5273 2041 5327 solabili
2086 5276 2271 5330 dolore
2324 5280 2530 5334 intimis
2586 5281 2883 5338 visceribus
2939 5287 3280 5341 excruciari?
3328 5289 3380 5341 in

1831 5378 1993 5434 quam
2040 5366 2119 5421 vel
2179 5367 2397 5438 ignotus
2445 5372 2715 5443 quispiam
2777 5371 3153 5434 misericordia
3203 5389 3383 5436 motus

1665 5608 1895 5666 ΝΟΤίΕ.

237 5697 353 5761 (27)
389 5696 653 5763 Scapulis.
702 5716 763 5752 ac
813 5701 971 5765 petris
1003 5699 1262 5764 expedita.
1302 5700 1421 5751 Τῶν
1452 5703 1721 5756 σπιλάδων

167 5770 263 5837 τῆς
292 5767 566 5832 ἁμαρτίας
600 5768 980 5833 ὑπεξελθοῦσα.
1030 5769 1213 5840 Clara.
1267 5780 1500 5840 aptaque
1552 5784 1720 5827 mela-

170 5850 341 5891 uuura
380 5856 392 5890 :
432 5854 539 5891 non
588 5854 748 5895 uuam
786 5839 1041 5904 exprimit
1093 5839 1421 5906 Gretserus,
1460 5842 1586 5897 dum
1622 5860 1716 5912 pro

1830 5712 2252 5795 p_etris,_qu‘ibus
2304 5715 2407 5795 sub
2458 5719 2613 5795 aquis
2649 5720 2941 5781 latentibus
2992 5727 3129 5783 solet
3159 5728 3380 5784 naufra-

1825 5796 1969 5848 gium
1999 5790 2157 5848 ctiici,
2188 5790 2386 5853 peccati
2425 5791 2661 5845 maculas
2699 5796 2895 5850 reddit.
