4232 6444
770 354 838 414 83
1984 358 2256 419 LEONIS
2296 356 2755 420 PIIILOSOPHI
3919 359 3990 418 8i

770 469 954 526 esset,
989 461 1263 530 plenoque
1289 459 1649 517 humanitatis
1679 463 1899 528 all‘ectu,
1926 466 2194 521 orationis
2222 480 2338 519 me-
2364 467 2417 526 Α

2312 493 2338 507 ο
2364 467 2417 526 Α
2441 466 2616 536 ἔργων
2642 465 2713 519 τὰ
2755 464 3028 534 παράδοξα
3055 480 3069 495 ·
3103 463 3197 518 καὶ
3219 463 3312 518 νῦν
3357 465 3456 534 μὲν
3487 465 3575 517 τὸν
3601 465 3788 535 θρόνον
3813 466 3980 519 Δαεὶό

771 555 953 607 dicina
988 553 1228 607 dolorem
1272 552 1442 608 lenire
1473 562 1758 609 tentasset.
1804 554 2035 620 Quantis
2067 559 2211 611 enim
2247 557 2330 610 in-
2431 559 2442 610 ε

2326 586 2330 596 ι
2431 559 2490 611 ὃν
2540 556 2777 628 Γαϐριὴλ
2832 556 3298 627 ἀρῤαὸωνίζπαι-
3331 557 3425 610 νῦν
3478 557 3532 610 δὲ
3579 557 3851 627 βλέπουσα
3903 560 3997 610 τὸν

773 653 919 699 tacta
945 643 1108 714 Virgo
1135 653 1266 698 tunc
1295 645 1631 701 cruciatibus
1653 646 2044 702 conficiebatur
2060 649 2083 701 ?
2102 647 2331 714 Quantis
2431 666 2444 701 ι

2326 665 2331 700 ι
2431 649 2679 717 σταυρὸν,
2735 647 2828 701 καὶ
2872 648 3078 717 γυμνὸν
3135 647 3226 699 τὸν
3275 647 3400 700 Υίὸν
3457 647 3801 717 κρεμάμενον
3829 661 3846 678 ⁸
3900 648 3997 700 καὶ

772 736 1158 805 cogitationum
1185 737 1442 805 procellis
1467 739 1793 808 agitabatur,
1813 755 1935 794 cum
1955 740 2068 809 jam
2089 740 2329 794 divinum
2428 761 2443 795 σι

2327 765 2329 792 ι
2428 742 2548 795 τότε
2585 740 2722 810 μετά
2750 741 2960 812 λῃστῶν
2987 757 3003 805 ;
3037 741 3136 792 Διά
3177 739 3331 793 τοῦτο
3367 739 3484 792 οὐδὲ
3510 739 3791 792 τελευταῖα
3824 755 3998 810 προσ-

773 827 923 880 ἰΙΙιιηι
977 836 1192 896 partum
1229 829 1409 882 animo
1457 839 1724 895 versaret,
1769 831 1879 901 jam
1911 832 2015 886 alia
2057 834 2203 887 omni
2235 832 2333 885 ad-

773 918 1064 973 miratione
1100 919 1299 973 referta
1358 937 1523 989 opera
1577 924 1937 992 perpenderet
1999 941 2012 978 :
2058 939 2123 980 ac
2173 926 2333 978 modo

774 1011 991 1082 quidem
1025 1011 1246 1068 Davidis
1276 1013 1554 1078 thronum,
1593 1030 1751 1078 quem
1779 1015 2018 1080 Gabriel,
2055 1018 2211 1087 quasi
2247 1032 2334 1071 ar-

773 1104 928 1157 rham
961 1106 1362 1174 spopondisset,
1391 1106 1794 1172 consideraret,
1828 1107 1991 1162 modo
2025 1124 2240 1163 crucem
2270 1125 2336 1165 ac

776 1194 829 1247 iu
857 1210 918 1248 ea
961 1197 1281 1264 pendentem
1321 1195 1514 1250 Filium
1559 1197 1804 1253 vestibus
1852 1198 2137 1264 nudatum,
2168 1201 2335 1270 idque

777 1286 1016 1341 medium
1069 1289 1338 1342 latronum
1377 1291 1686 1357 aSpiceret?
1715 1290 1984 1356 Quocirca
2019 1307 2194 1362 neque
2232 1307 2336 1346 no-

774 1377 992 1431 vissima
1029 1379 1224 1433 eil‘ntur
1257 1380 1418 1433 verba
1443 1420 1458 1445 ,
1493 1397 1594 1435 nec
1625 1383 1774 1447 talia,
1815 1384 1995 1452 qualia
2030 1398 2193 1451 super
2227 1385 2336 1437 {ilio

773 1468 1024 1521 morienti
1070 1477 1236 1522 mater
1283 1472 1567 1523 consuevit
1595 1509 1611 1534 .
1643 1473 1734 1525 sed
1778 1473 1929 1525 stetit
1972 1487 2079 1542 pra!
2114 1485 2336 1542 stupore

773 1557 924 1608 velut
979 1558 1096 1611 solo
1141 1557 1322 1623 allixa,
1380 1560 1635 1629 lacrymis
1676 1562 1906 1614 ubertim
1962 1565 2332 1618 manantibus.

774 1645 993 1700 Doloris
1041 1649 1381 1704 vehementia
1441 1651 1587 1703 velut
1655 1651 1870 1705 consilii
1924 1652 2104 1722 inopia
2153 1655 2335 1708 absor-

773 1749 918 1804 ptam
972 1742 1192 1794 omnino
1231 1757 1415 1796 vocem
1479 1742 1775 1796 ademerat.
1817 1742 2032 1812 Ergone
2090 1755 2240 1800 tanto
2278 1747 2332 1800 in

2433 834 2726 901 φθέγγεται
2760 835 2994 902 ῥήματα·
3029 831 3133 883 οὐδ’
3161 827 3249 896 οἷα
3290 831 3472 900 μήτηρ
3519 831 3613 883 ἐπὶ
3641 832 3790 884 παιδὶ
3832 831 3998 884 θανα-

2431 923 2675 991 τουμένῳ
2700 921 2798 992 βοᾷ
2821 938 2836 953 ο
2862 921 2976 974 ἀλλ’
3009 921 3236 990 ἕστηκεν
3259 921 3365 974 ἀπὸ
3403 921 3714 991 ἐκπλήξεως
3744 919 3855 975 οἷον
3892 939 4002 974 πα-

2433 1018 2590 1083 γεῖσα
2631 1017 2698 1084 τῇ
2758 1017 2850 1084 γῇ,
2909 1013 3068 1082 μόνον
3119 1013 3428 1082 πλυνομένη
3477 1017 3584 1076 τοῖς
3635 1015 3887 1082 δάκρυσι.
3923 1015 4000 1069 Τδ

2436 1105 2661 1175 σφοδρὸν
2711 1105 2805 1158 τοῦ
2839 1105 3042 1167 πάθους
3085 1105 3213 1174 ὅλην
3260 1105 3364 1158 ὑπὸ
3389 1106 3694 1175 ἀμηχανίας
3751 1122 4001 1159 xeram-

2435 1197 2616 1250 θεῖσαν
2644 1197 2812 1268 αὐτὴν
2832 1197 3082 1265 ἀφείλετο
3113 1197 3211 1266 τὴν
3241 1196 3440 1266 φωνήν.
3470 1194 3594 1268 Ἆρ’
3625 1195 3717 1251 οὖν
3748 1199 3804 1249 ὲν
3825 1198 4004 1267 τούτῳ

2433 1286 2598 1343 οὖσαν
2613 1291 2708 1360 τὴν
2724 1289 2988 1360 παρθένον
3011 1287 3225 1359 μητέρα
3251 1289 3422 1359 έῴητε
3457 1288 3748 1352 παντελῶς,
3775 1288 3807 1359 ἦ
3829 1306 4002 1358 προσ-

2435 1381 2607 1434 ελθεῖν
2659 1382 2795 1451 αὐτῇ
2851 1380 2986 1449 μετά
3030 1378 3202 1432 ταῦτα
3255 1378 3614 1448 βουλήσεσθε;
3655 1381 3764 1434 Καὶ
3796 1380 3912 1443 πῶς
3933 1381 4004 1434 ἂν

2434 1472 2642 1543 δρῲητε
2699 1473 2946 1535 λιπόντες
2987 1471 3128 1524 οὕτω
3176 1471 3334 1542 μόνον
3387 1473 3522 1540 πρὸς
3559 1472 3790 1525 θάνατον
3847 1473 4006 1526 ἑλκόο

2440 1583 2598 1635 μενον
2630 1565 2719 1617 τὸν
2743 1565 2903 1630 Υίόν;
2936 1564 2995 1628 ὃς
3019 1563 3206 1635 ὥσπερ
3223 1564 3368 1634 πόθῳ
3400 1564 3478 1634 τῷ
3504 1563 3636 1635 πρὸς
3669 1563 3995 1634 ἀνθρώπους

2433 1663 2544 1716 τῶν
2577 1659 2862 1732 πατρῴων,
2911 1661 3010 1714 οὐκ
3061 1662 3257 1723 ἐκστάς
3304 1661 3506 1732 κατέϐη
3560 1660 3794 1722 κόλπων,
3857 1660 4006 1713 οὕτω

2437 1753 2532 1804 καὶ
2591 1751 2858 1821 μητρικῆς
2917 1752 3151 1820 στοργῆς
3216 1751 3359 1820 ὑμᾶς
3410 1752 3728 1822 προύτίθει,
3782 1751 4004 1818 λέγων·

776 1831 923 1882 luctu
979 1840 1292 1887 versantem
1342 1845 1570 1889 matrem
1605 1835 1865 1905 virginem
1919 1838 2134 1904 penitus
2183 1839 2336 1892 dese-
2366 1815 2447 1891 Bt

2331 1869 2336 1880 ι
2366 1815 2411 1875 Β
2435 1815 2615 1894 Οὗτοί
2649 1815 2876 1906 eicis-'11
2908 1815 3118 1907 Μήτηρ
3141 1815 3267 1907 μου
3293 1839 3390 1893 καί
3451 1815 3504 1893 οἱ
3568 1840 3816 1908 ἀδελφοί
3857 1815 4002 1909 μου.

774 1923 950 1976 retis?
980 1922 1288 1980 Posthacne
1311 1941 1442 1980 vero
1479 1927 1544 1981 ad
1567 1942 1684 1980 eam
1712 1929 1974 1981 accedere
2007 1930 2061 1983 in
2097 1931 2335 1984 animum

775 2014 1315 2082 inducetisiQuibus
1366 2026 1546 2072 autem
1611 2019 1788 2072 oculis
1845 2001 2119 2089 aspecturi
2180 2022 2334 2076 estis.

773 2107 868 2173 qui
938 2112 1017 2162 sic
1087 2109 1261 2163 solum
1305 2147 1321 2173 ,
1371 2124 1495 2164 cum
1583 2110 1651 2164 ad
1714 2121 1942 2165 mortem
2017 2113 2330 2176 duceretur,

769 2197 1000 2258 Filium...
1034 2201 1444 2272 reliqueritis?
1494 2203 1712 2271 ipsum.
1796 2204 2057 2273 inquam,
2108 2205 2200 2274 qui
2279 2214 2338 2258 ut

772 2309 958 2348 amore
1007 2296 1061 2350 in
1092 2297 1388 2351 humanum
1424 2313 1622 2366 genus,
1671 2297 1803 2351 nihil
1837 2309 2121 2368 paternum
2157 2301 2334 2355 sinum

772 2386 1127 2452 deserens,iu
1163 2398 1362 2444 terram
1394 2390 1697 2457 descendit,
1745 2393 1818 2446 ita
1875 2401 1929 2446 et
1961 2407 2056 2447 vos
2091 2403 2336 2447 materno

773 2478 944 2530 amori
983 2482 1314 2548 pra-posuit,
1361 2481 1593 2540 dicens:
1635 2484 1703 2538 lli
1750 2495 1870 2539 sunt
1911 2484 2084 2538 Mater
2122 2502 2256 2548 mea.
2287 2494 2336 2538 et

772 2570 964 2636 fratres
1003 2573 1103 2624 mei
1141 2573 1206 2627 “.
1244 2571 1313 2627 Ut
1347 2574 1478 2643 quid
1529 2575 1665 2629 adeo
1711 2577 1999 2632 consilium
2046 2577 2336 2633 mutastis?

770 2661 851 2712 Au
896 2676 1025 2726 non,
1078 2677 1203 2717 cum
1245 2665 1523 2720 vobiscum
1575 2666 1815 2738 degeret.
1865 2668 1980 2722 haec
2031 2668 2145 2736 ipsa
2185 2669 2336 2723 vobis

771 2751 1138 2820 praedicebat?
1162 2765 1416 2825 oportere
1435 2759 1688 2813 videlicet
1708 2758 1906 2813 Filium
1931 2760 2166 2814 hominis
2195 2761 2334 2813 tradi

774 2843 980 2911 impiis,
1023 2853 1076 2898 et
1110 2846 1310 2902 elevari
1339 2850 1419 2928 .in
1475 2850 1642 2919 ligno,
1676 2861 1840 2919 atque
1885 2851 1938 2904 in
1979 2861 2136 2906 terra:
2170 2853 2337 2907 corde

773 2937 1020 2991 versari?
1040 2935 1180 3004 Quid
1204 2941 1370 3010 ergo?
1393 2941 1475 2995 An
1499 2942 1586 2997 hic
1613 2942 1770 2996 tinem
1805 2944 1995 2998 habuit
2024 2944 2337 3013 praedictio?

2439 1931 2505 1984 Τί
2532 1930 2780 1984 τοσοῦτον
2806 1928 3096 2000 ὴλλοίωσθε
3127 1947 3142 1996 ;
3174 1931 3307 1999 Οὐχὶ
3358 1931 3529 1983 συνὼν
3553 1930 3723 1984 ταῦτα
3774 1930 3993 1999 ὡμίλει.

2439 2023 2514 2086 ὡς
2546 2022 2625 2074 δεῖ
2655 2021 3028 2090 παραδοθῆναι
3076 2021 3317 2092 ἀνόμοις,
3369 2022 3465 2074 καὶ
3509 2022 3603 2074 ἐπὶ
3653 2021 3810 2086 ξύλου
3857 2021 4005 2088 ὑψω-

2440 2113 2617 2183 θῆναι,
2645 2113 2737 2166 καὶ
2775 2113 2833 2164 ὲν
2863 2113 3052 2182 καρδία
3097 2111 3349 2180 γενέσθαι
3404 2113 3505 2182 τῆς
3559 2113 3704 2182 γῆς;
3767 2113 3831 2165 Τί
3866 2111 4004 2176 οῦν;

2437 2208 2612 2276 Μέχρι
2645 2205 2846 2258 τούτων
2881 2205 3109 2275 ἕστηκεν
3144 2207 3176 2275 ἠ
3221 2204 3611 2276 προαγόρευσις
3638 2220 3651 2233 ο
3685 2203 3718 2272 ἦ
3751 2203 3862 2272 ἔχει
3904 2201 4004 2254 καὶ

2437 2296 2629 2366 ἑτέραν
2665 2294 3033 2361 ἀγαλλιάσεως
3084 2296 3438 2365 προσθήκην;
3498 2294 3611 2350 Οὔκ
3647 2289 3801 2346 εἶπεν
3829 2310 3842 2323 ·
3895 2292 4010 2347 Καὶ

2436 2389 2749 2459 τριήμερπ
2774 2387 3218 2456 ἀναστήσεται;
3251 2387 3370 2451 πῶς
3401 2387 3499 2458 τὴν
3539 2390 3604 2441 ὲκ
3647 2386 3739 2439 τοῦ
3794 2385 4006 2447 πάθους

2434 2480 2656 2544 δειλίαν,
2719 2482 2785 2549 τῇ
2818 2478 2991 2532 ἐλπίδι
3019 2481 3119 2548 τῆς
3161 2479 3510 2540 ἀναστάσεως
3543 2478 3604 2531 οὐ
3662 2475 3963 2530 καταλύετε
3990 2491 4004 2538 ;

2439 2569 2640 2632 ¹Ἐστω,
2672 2567 3089 2636 σφαγιαζομένῳ
3144 2567 3242 2622 οὐκ
3291 2565 3692 2636 ὴκολουθήσατε
3727 2582 3744 2598 ο
3798 2565 3854 2617 τί
3911 2565 4009 2615 καὶ

2437 2659 2573 2730 πρὸς
2599 2659 2765 2728 τάφον
2796 2659 2985 2711 νικῶσι
3028 2659 3189 2713 πάλιν
3231 2658 3490 2712 ἀπιοῦσαι
3541 2658 3836 2725 γυναῖκες;
3870 2650 4012 2708 Εἶτα

2437 2752 2530 2803 καὶ
2559 2744 2716 2803 αὗται
2744 2749 2840 2818 μὲν
2869 2747 3213 2820 ὀρθρίζουσιν
3233 2764 3247 2779 ο
3283 2749 3410 2818 ὑμῖν
3441 2747 3485 2800 δ’
3516 2747 3579 2801 οὐ
3626 2747 3785 2817 μόνον
3807 2751 3868 2798 οὐ
3894 2745 4015 2799 δια-

2437 2840 2808 2912 πράττεταίτι
2870 2839 3144 2902 τοσοῦτον,
3203 2838 3338 2893 ἀλλὰ
3367 2839 3463 2892 καὶ¹
3509 2838 3798 2900 ἀκούοντες
3830 2841 4012 2907 χαρᾶς

2436 2933 2748 3002 εὐαγγέλια,
2793 2932 2956 3004 λῆρον
3005 2931 3242 2984 ποιεῖσθε
3268 2930 3336 2984 τὰ
3359 2929 3670 3000 εὐαγγέλια.
3723 2929 3831 2982 Καὶ
3875 2931 4009 2981 Ἰου-

772 3026 964 3084 Nonne
985 3031 1145 3085 etiam
1177 3033 1322 3087 aliud
1346 3034 1735 3090 exsultationis
1762 3036 1984 3090 cumulo
2013 3036 2331 3105 adjunctum
2364 3021 2403 3075 ε
2436 3030 2443 3077 έ

2364 3021 2403 3075 C
2436 3028 2575 3080 δαίοι
2630 3025 2729 3096 μὲν
2767 3025 2985 3092 λέγουσι
3049 3025 3176 3094 περῖ⁸
3220 3023 3396 3093 ὑμῶν,
3435 3023 3512 3086 ὠς
3562 3022 3856 3091 κλέψαντες
3920 3022 4012 3073 τὸν

774 3117 914 3172 fuit?
962 3122 1043 3174 An
1108 3137 1216 3176 non
1264 3124 1403 3178 dixit
1451 3143 1464 3178 :
1522 3124 1586 3178 Et
1631 3126 1786 3179 tertia
1829 3125 1916 3179 die
1963 3137 2196 3198 resurget
2252 3128 2340 3181 "?
2437 3135 2445 3160 ‘

2437 3117 2626 3186 νεκρὸν
2658 3113 2909 3186 φημιεῖτε
2957 3114 3056 3186 τὴν
3090 3113 3386 3168 ἀνάστασιν
3419 3128 3434 3144 ’
3472 3114 3631 3183 ὑμεῖς
3663 3113 3718 3166 δὲ
3745 3109 4013 3165 τελεσθεῖο

775 3211 1059 3273 Quomodo
1109 3212 1449 3270 formidinem
1481 3231 1547 3271 ex
1581 3216 1701 3284 ejus
1734 3217 1988 3286 passione
2018 3227 2338 3287 conceptam
2437 3233 2446 3264 ‹

2437 3230 2534 3266 σαν
2563 3210 2664 3282 ἥδη
2697 3209 3004 3272 ἀκούοντες,
3034 3207 3444 3271 διαπιστοῦντες
3483 3206 3724 3276 κάθησθε
3759 3203 4010 3274 σκυθρω-

778 3319 875 3369 spe
908 3306 1334 3362 resurrectionis
1377 3323 1485 3362 non
1535 3309 1877 3380 proﬂigatis?
1909 3308 2061 3373 Esto,
2110 3325 2218 3364 non
2251 3325 2340 3364 se-
2436 3323 2449 3358 η

2436 3304 2546 3358 ποί.
2600 3304 2862 3366 Ἀκούεις,
2902 3301 3146 3364 Ἰουδαῖε,
3188 3301 3335 3362 ὅπως
3373 3302 3423 3353 οι
3452 3299 3686 3369 μαθηταὶ
3719 3298 4013 3366 κλέψαντες

775 3396 887 3448 cuti
939 3397 1083 3464 sitis,
1135 3415 1258 3454 cum
1310 3400 1376 3454 ad
1431 3411 1659 3457 mortem
1713 3413 2032 3472 raperetur;
2081 3418 2182 3457 cur
2227 3403 2336 3467 jam
2434 3414 2446 3432 '

2434 3397 2525 3449 τὸν
2591 3394 2787 3464 νεκρὸν
2838 3392 3185 3462 διεφήμησαν
3227 3391 3325 3462 τὴν
3371 3390 3686 3454 ἀνάστασιν,
3709 3388 3765 3441 οἵ
3796 3405 3861 3456 γε
3914 3389 4014 3440 καὶ

776 3503 996 3557 quoque
1052 3491 1371 3548 mulieribus
1428 3492 1493 3546 ad
1545 3493 1855 3562 sepulcrum
1917 3495 2174 3550 euntibus
2216 3497 2329 3564 pal-
2435 3506 2447 3519 '

1847 3511 1855 3545 I
1917 3495 2174 3550 euntibus
2216 3497 2329 3564 pal-
2435 3487 2730 3557 γενομένης
2777 3483 3179 3546 διαπιστοῦντες
3209 3483 3518 3552 ὲκάθηντος

777 3595 920 3632 mani
968 3582 1308 3638 conceditis?
1355 3583 1489 3637 Nam
1546 3585 1678 3653 ipsa)
1731 3585 1907 3653 primo
1950 3585 2193 3639 diluculo
2248 3585 2542 3636 accurrunt
2589 3595 2605 3631 :
2645 3591 2740 3629 vos
2785 3583 2963 3628 autem
3006 3588 3114 3627 non
3160 3573 3323 3626 modo
3360 3571 3494 3625 nihil
3531 3569 3708 3624 simile
3760 3571 4009 3635 tentalis,

777 3670 872 3728 sed
920 3679 972 3726 et
1023 3682 1303 3743 acceptum
1352 3675 1419 3730 de
1468 3678 1863 3732 resurrectione
1907 3679 2186 3740 nuntium,
2237 3690 2336 3744 pro
2377 3669 2747 3727 deliramentis
2783 3669 3065 3736 reputatis.
3128 3667 3205 3720 Ac
3235 3664 3404 3720 Judaei
3457 3663 3674 3734 quidem
3735 3663 3801 3718 de
3857 3665 4016 3717 vobis

776 3763 1002 3828 dicunt,
1058 3765 1332 3821 furaturos
1386 3782 1483 3822 vos
1531 3778 1845 3830 mortuum,
1905 3777 1959 3822 et
2017 3769 2172 3838 quasi
2237 3761 2714 3825 resurrexisisset,
2787 3759 3211 3828 divulgaturos:
3263 3772 3362 3812 vos
3419 3767 3596 3812 autem
3652 3754 3848 3809 factam
3901 3755 4015 3824 jam

776 3858 1240 3912 resurrectionem
1295 3859 1598 3922 audientes,
1668 3875 1774 3912 non
1824 3858 2067 3924 creditis,
2123 3859 2370 3926 tristique
2421 3853 2570 3908 vultu
2616 3849 2896 3905 desidetis.
2944 3849 3106 3913 Audi,
3167 3847 3392 3913 Judzee,
3439 3847 3711 3917 quomodo
3759 3848 4017 3918 discipuli

777 3955 1051 4001 mortuum
1110 3948 1312 4012 furati,
1365 3949 1731 4005 resurrexisse
1791 3950 1846 4003 in
1896 3952 2092 4020 vulgus
2143 3953 2448 4018 sparserunt

2345 3953 2482 4010 runt,
2514 3942 2606 4012 qui
2638 3941 2798 3997 etiam
2831 3939 2968 3995 facta
3006 3941 3423 4003 resurrectione,
3451 3939 3711 3993 increduli
3731 3938 4016 3994 sedebant.

845 4042 1062 4095 Atenim
1088 4043 1287 4112 Joscpli
1346 4043 1629 4096 Dominum
1666 4043 1897 4112 sepelit;
1941 4043 2121 4098 Solem
2166 4043 2346 4112 sepul-

2345 4071 2346 4079 η
2523 4036 2682 4090 Ἀλλά
2736 4034 2844 4106 γὰρ
2893 4033 3202 4101 ὲνταφιάζει
3246 4034 3335 4086 τὸν
3376 4033 3651 4102 Δεσπότην
3693 4035 3721 4085 δ
3765 4033 3965 4103 Ἰωσήφ
3999 4044 4016 4060 ⁶

776 4149 874 4187 cro
903 4134 1112 4188 condit.
1138 4134 1181 4190 0
1216 4137 1529 4203 sepulcrum
1549 4135 1694 4204 quod
1721 4136 1922 4188 caelum
1948 4135 2149 4190 referat
2173 4137 2185 4188 !
2211 4134 2342 4188 Nam
2443 4149 2447 4184 :

2443 4129 2672 4198 κρύπτει
2701 4129 2856 4195 τάφῳ
2885 4126 2975 4178 τὸν
3002 4127 3173 4195 ἥλιον.
3207 4126 3270 4177 Ὢ
3322 4127 3491 4193 τάφος
3535 4125 3868 4196 μιμούμενος
3918 4126 4015 4179 ού-

777 4225 868 4287 qui
907 4224 959 4278 in
1005 4225 1181 4288 οωΙο,
1226 4234 1482 4294 tanquam
1524 4225 1577 4278 in
1617 4226 1814 4279 throno
1854 4224 2050 4289 sedet,
2100 4225 2148 4279 is
2180 4225 2232 4277 in
2267 4232 2340 4287 te,
2445 4254 2448 4289 η

2445 4222 2640 4292 ρανόνε
2694 4221 2752 4272 '0
2777 4218 2884 4289 γὰρ
2909 4220 2966 4272 ἐν
2995 4217 3141 4288 αὐτῷ
3171 4217 3246 4281 ὡς
3298 4220 3362 4271 ὲν
3390 4217 3564 4287 θρόνῳ
3600 4218 3930 4287 καθήμενος,
3955 4221 4017 4271 ὲν

779 4325 1039 4383 tanquam
1076 4317 1132 4370 in
1175 4316 1411 4369 thalamo
1445 4315 1730 4386 requievit.
1771 4316 1816 4371 Ο
1863 4318 2194 4386 sepulcrum,
2235 4329 2345 4385 quo
2444 4334 2450 4361 ι

2444 4313 2526 4366 σοὶ
2566 4311 2642 4374 ὡς
2668 4312 2727 4365 ὲν
2759 4309 2986 4364 παστάδι
3032 4309 3394 4362 ἀνεπαύσατο,
3426 4309 3490 4360 Ὣ
3535 4308 3702 4377 τάφος
3723 4309 3789 4361 δι’
3819 4302 3882 4362 οῦ
3912 4309 4016 4378 τὴν

670 4402 675 4407 ’
778 4408 1030 4477 sepulcra
1058 4408 1240 4463 omnia
1282 4423 1312 4461 a
1343 4408 1600 4464 sordibus
1631 4410 1745 4465 suis
1791 4409 2204 4478 expurgantur!
2247 4423 2341 4477 per

2373 4440 2417 4494 υ
2445 4404 2653 4475 φθορὰν
2689 4401 3151 4472 άποκαθαίρονται
3206 4401 3400 4469 τάφοι·
3441 4401 3536 4454 καὶ
3600 4401 3777 4470 πολλῷ
3808 4399 4019 4472 νεαρὼ-

778 4500 945 4566 quod,
976 4500 1068 4569 qui
1104 4500 1156 4552 in
1185 4498 1265 4554 eis
1294 4501 2045 4569 computruerant,vegetius,
2075 4513 2139 4553 ac
2169 4498 2341 4568 magis
2373 4491 2405 4494 —
2442 4515 2449 4532 ι

2373 4491 2405 4494 ”
2442 4495 2656 4565 τερονῆ
2690 4494 2903 4564 μήτρας
2944 4493 2993 4546 οἱ
3023 4494 3080 4544 ἐν
3129 4494 3310 4555 αὐτοῖς
3356 4491 3696 4555 διαλυθέντες
3719 4493 4016 4562 προέρχον-

777 4593 993 4661 vigente
1011 4606 1229 4656 natura,
1249 4606 1412 4661 quam
1446 4606 1514 4646 ex
1543 4603 1791 4645 materno
1817 4599 1997 4653 utero,
2029 4589 2297 4660 prodeunt
2321 4591 2335 4642 !

777 4681 822 4737 Ο
854 4682 1186 4752 sepulcrum,
1218 4697 1326 4751 quo
1354 4682 1607 4751 pelliceas
1642 4683 1859 4736 tunicas
1888 4682 2037 4743 exui,
2067 4692 2339 4736 veterem-

781 4789 887 4842 que
915 4773 1167 4827 decorem
1196 4773 1347 4826 iudui
1379 4773 1391 4825 !
1421 4771 1464 4826 Ο
1495 4772 1830 4841 sepulcrum,
1865 4773 1991 4826 vita:
2021 4772 2338 4826 thesaurum

781 4864 1263 4933 0pulentissimum
1312 4863 1364 4916 iu
1417 4870 1469 4917 te
1521 4863 1912 4932 complectens,
1961 4862 2088 4916 licet
2135 4859 2340 4931 Joseph

783 4967 1044 5025 tanquam
1078 4955 1256 5009 vitalis
1283 4955 1508 5024 spiritus
1539 4962 1840 5022 expertem,
1882 4955 1936 5008 in
1961 4965 2010 5009 te
2041 4956 2218 5021 ipsum
2247 4954 2345 5008 ab-

784 5048 1015 5100 scondat
1048 5046 1061 5100 ι
1115 5046 1382 5100 Ceterum
1431 5046 1521 5100 ille
1561 5045 1777 5114 quidem
1818 5046 2011 5101 timore
2057 5047 2261 5115 pariter
2289 5054 2344 5100 et

785 5152 990 5202 amore,
1023 5152 1084 5193 ea
1124 5152 1230 5208 qua
1261 5138 1415 5191 licuit
1450 5140 1801 5192 veneratione
1846 5136 2184 5193 Dominicum
2218 5153 2342 5193 cor-

785 5244 888 5297 pus
926 5229 1135 5282 tumulo
1161 5228 1478 5297 componit;
1513 5226 1797 5297 Judaeique
1828 5230 2120 5297 obsignant
2154 5247 2167 5283 :
2203 5231 2345 5285 haud

792 5332 972 5375 tamen
1020 5319 1300 5390 signacula
1337 5323 1589 5386 retinent,
1613 5336 1774 5390 quem
1812 5323 2005 5376 mortis
2051 5334 2219 5392 porta
2266 5332 2346 5376 te-

2439 4606 2529 4642 ται
2559 4589 2572 4640 ι
2603 4587 2668 4639 Ὦ
2694 4586 2886 4654 τάφος,
2909 4584 2975 4637 δι’
3003 4577 3064 4638 οῦ
3096 4584 3220 4647 τοὺς
3252 4583 3602 4653 δερματίνους
3641 4584 3870 4653 χιτῶνας
3910 4586 4018 4636 ἀπ-

2439 4680 2734 4750 εδυσάμην,
2758 4678 2853 4732 καὶ
2881 4677 2979 4748 τὴν
3004 4677 3234 4747 ἀρχαίαν
3251 4675 3615 4748 ἐστολισάμην
3643 4678 4012 4747 εύπρέπειανῐ

2444 4776 2508 4826 Ὢ
2532 4773 2700 4841 τάφος
2726 4773 2820 4824 τὸν
2877 4771 2977 4840 τῆς
3029 4769 3175 4840 ζωῆς
3208 4769 3450 4822 πλουτῶν
3490 4769 3783 4841 θησαυρὸν,
3833 4771 3881 4823 εί
3919 4773 4018 4824 καὶ

2458 4861 2650 4932 Ἰωσὴφ
2673 4861 2748 4924 ὡς
2789 4860 2999 4913 ἄπνουν
3024 4861 3082 4912 ὲν
3116 4860 3198 4911 σοὶ
3227 4858 3602 4930 κατακρύπτει
3633 4860 3795 4914 αὐτόν
3820 4862 3832 4914 !
3875 4859 4018 4913 Ἀλλ’

2447 4954 2476 5006 ὁ
2510 4954 2607 5023 μὲν
2637 4952 2786 5022 φόϐῳ
2818 4951 2912 5005 καὶ
2935 4950 3083 5021 πόθῳ
3107 4954 3173 5022 τῇ
3208 4950 3403 5024 ἐνούσῃ
3430 4955 3563 5022 τιμῇ
3590 4953 3926 5023 περιστέλλει
3954 4955 4020 5006 τὸ

2452 5047 2609 5117 σῶμα
2647 5045 2706 5098 τὸ
2751 5043 3078 5098 Δεσποτικόν
3101 5061 3116 5075 ο
3163 5044 3258 5097 καὶ
3296 5044 3538 5097 Ἰουδαῖοι
3571 5044 3964 5112 σφραγίζουσιν
3998 5061 4014 5076 ·

2451 5139 2511 5191 ού
2536 5138 2794 5212 κρατοῦσι
2823 5138 2880 5191 δὲ
2945 5121 3258 5208 σφραγῖδες,
3308 5137 3368 5189 ὃν
3405 5137 3636 5191 θανάτου
3676 5137 3839 5189 πύλαι
3875 5153 4016 5207 κρα-

2442 5232 2602 5300 τῆσαι
2632 5230 2694 5284 ού
2733 5230 3008 5285 δύνανται,
3063 5229 3266 5284 Γύναια
3311 5230 3367 5282 δὲ
3411 5230 3549 5299 μετά
3595 5229 3780 5300 μύρων
3821 5229 3894 5292 dx;
3921 5231 4018 5282 ἐπὶ

2454 5321 2620 5394 Μικρῷ
2663 5323 2742 5394 τῷ
2795 5324 2894 5393 τῆς
2933 5322 3077 5393 ζωῆς
3129 5323 3303 5394 ταμίᾳ
3376 5322 3702 5393 πορεύεταιο
3757 5325 4015 5390 γυναῖκες

793 5427 922 5466 uere
952 5426 1060 5466 non
1107 5413 1310 5466 valent.
1343 5412 1512 5468 Porro
1555 5413 1812 5468 mulieres
1847 5415 1994 5468 velut
2027 5414 2171 5468 circa
2202 5430 2351 5468 mor—
2450 5431 2464 5465 ε

2306 5431 2351 5466 r-
2450 5414 2641 5481 σεμναί
2669 5430 2684 5445 ο
2735 5413 2992 5484 ἐπαινετὴ
3029 5417 3062 5482 ἡ
3097 5414 3415 5485 προαίρεσις
3440 5431 3454 5445 ο
3485 5415 3623 5485 καλὴ
3677 5416 3712 5484 ἡ
3771 5413 3977 5482 σπουδή

792 5511 944 5556 tuum
971 5502 1241 5566 olliciosaz,
1278 5519 1402 5558 cum
1462 5504 1751 5575 unguentis
1792 5503 1860 5558 ad
1896 5506 2019 5560 vita
2064 5503 2351 5561 Dominum
2450 5523 2463 5558 ι

2344 5526 2351 5560 ι
2450 5505 2612 5559 καλὸν
2645 5505 2737 5558 ἐπὶ
2766 5506 2856 5558 τὸν
2876 5506 3040 5574 τάφον
3068 5506 3322 5559 σπεύδετε
3344 5523 3357 5537 ο
3380 5505 3519 5559 ἀλλὰ.
3552 5507 3606 5558 τί
3635 5504 3768 5576 μετὰ
3794 5505 4015 5573 μύρων,

793 5613 856 5649 ac
879 5595 1314 5665 diapensatorem
1356 5604 1488 5652 eunt
1515 5612 1528 5650 :
1563 5596 1827 5652 mulieres
1854 5596 2118 5664 gravitate
2139 5612 2351 5651 morum

872 5780 913 5810 θ’
960 5777 1148 5831 Matth.
1200 5795 1294 5836 xii.
1350 5779 1435 5833 50.
1514 5779 1557 5809 ⁵⁵
1599 5775 1786 5831 Matth.
1842 5793 1970 5832 xvn.
2021 5776 2110 5830 ‘32.

2456 5597 2849 5670 παραπλησίως
2907 5600 3018 5662 τοῖς
3064 5597 3332 5669 μαθηταῖς
3380 5599 3490 5654 τῶν
3527 5598 3624 5666 τῆς
3669 5601 4017 5660 ἀναστασεως
