4232 6444
257 432 328 493 85
855 437 1138 499 ORATIO
1176 441 1340 501 VIII.
1363 465 1430 477 —
1457 443 1538 502 IN
1574 444 2128 507 DEPOSITIONEM
2165 446 2532 505 CORPORIS
2571 446 2900 504 CHRISTI.
3413 446 3480 506 86

253 543 576 614 ἐπιλέλησθε
603 539 776 612 λόγων
797 563 811 611 ;
836 547 960 610 Τοῖς
995 550 1092 618 μὲν
1126 551 1271 613 εἰκὸς
1295 553 1600 620 ἐγγίνεσθαι
1624 555 1812 624 λήθην,
1849 567 1889 618 Α
1920 578 1924 601 ι

1810 598 1812 610 .
1849 567 1889 618 Α
1920 555 2232 622 conspicuae
2264 575 2275 608 :
2333 555 2620 608 laudabilis
2647 558 2896 608 voluntas
2927 594 2941 616 ,
3014 553 3329 621 praeclarum
3365 566 3481 608 stu-

251 637 552 706 προσδοκίᾳ
571 637 667 704 τῆς
693 636 800 688 τῶν
855 641 1155 706 μιαιφόνων
1203 642 1502 706 ἐπιθέσεως
1530 645 1820 712 συγχυθέν-

246 748 357 782 των
387 729 497 782 τῶν
519 729 793 798 λογισμῶν
817 747 832 761 ο
861 731 989 799 ὑμῖν
1018 732 1094 794 δὲ,
1127 733 1288 785 πόθεν
1331 737 1363 802 ἡ
1394 734 1528 804 λήθη
1554 752 1568 799 ;
1607 737 1680 787 Ού
1716 736 1822 804 γὰρ

247 822 312 888 δὴ
346 821 444 873 καὶ
470 821 614 889 ὑμᾶς
650 821 888 874 Ἰουδαῖοι
917 823 1101 880 κακῶς
1124 827 1298 875 ποιεῖν
1327 825 1612 894 μελετῶσι.
1647 827 1710 877 Τί
1730 822 1823 878 οὖν

256 913 675 983 ἐπιλαθόμεναι,
701 913 776 976 ὡς
830 914 924 965 ἐπὶ
961 915 1139 983 νεκρῴ
1164 915 1240 985 τῷ
1267 918 1393 979 τοὺς
1428 919 1650 986 νεκροὺς
1691 919 1822 970 ἀνα-

246 1004 456 1058 ϐιοῦντι
511 1005 657 1074 μύρα
703 1005 957 1074 κομίζετε
987 1024 1000 1068 ;
1046 1007 1182 1058 Ἀλλ’
1215 1008 1262 1058 εί
1293 1008 1388 1059 καὶ
1427 1009 1500 1076 μὴ
1528 1009 1822 1077 προσδοκία

244 1097 342 1154 τοῦ
371 1099 564 1150 παθεῖν
596 1097 800 1161 κακῶς,
825 1098 938 1150 ἀλλ’
961 1099 1137 1152 ἔοικεν
1177 1101 1209 1168 ή
1241 1099 1386 1168 λύπη
1427 1101 1504 1161 εἰς
1544 1101 1604 1152 τὸ
1643 1100 1821 1153 λαθεῖν

245 1193 394 1260 ὑμᾶς
423 1191 522 1258 τὴν
546 1191 835 1244 ἀνάστασιν
865 1191 1150 1246 διαθεῖναι.
1182 1193 1279 1244 Διὰ
1315 1190 1474 1243 τοῦτο
1505 1192 1598 1243 καὶ
1627 1193 1692 1243 τὰ
1724 1193 1818 1245 δά-

244 1299 392 1349 κρυα
438 1281 624 1334 πλύνει
680 1282 776 1344 τὰς
834 1282 1086 1352 παρειάς.
1154 1281 1314 1334 Ἀλλά
1355 1283 1431 1352 μὴ
1481 1283 1717 1335 κλαίετε.
1745 1284 1818 1334 Οὐ

243 1375 465 1442 δέχεται
493 1374 742 1444 δακρύων
775 1375 1038 1441 σταγόνας
1061 1375 1162 1443 τῆς
1192 1376 1415 1444 χάριτος
1436 1377 1468 1444 ἠ
1491 1377 1672 1445 πηγή·
1699 1374 1819 1427 οὐδὲ

243 1467 416 1518 καλὸν
474 1467 685 1534 ἐπιχεῖν
741 1466 969 1533 ἐντάφια
1025 1466 1192 1537 μύρα,
1245 1467 1323 1537 τῷ
1361 1468 1460 1537 τὴν
1511 1467 1819 1536 ἀφθαρσίαν

243 1557 599 1622 εύωδιάζοντι
649 1559 854 1628 χωρίῳ.
914 1558 1106 1626 Ὁρᾶτε
1157 1559 1282 1620 τοὺς
1337 1557 1818 1626 λευχειμονοῦντας

240 1650 596 1719 δορυφόρους.
655 1646 813 1702 Οῦτοι
877 1651 1005 1712 τοὺς
1051 1649 1423 1716 φυλάσσοντας
1485 1648 1819 1718 στρατιώτας

242 1743 580 1811 ἐνέκρωσαν,
606 1742 814 1812 καὶτὴν
858 1744 1154 1794 ἀνάστασιν
1201 1740 1294 1794 τοῦ
1338 1742 1670 1812 ζητουμένου
1713 1759 1818 1812 μηο

240 1832 483 1886 νύουσιν.
543 1834 728 1886 Αὐτῶν
787 1834 1134 1903 κεκραγότων
1168 1834 1431 1887 ἀκούετε·
1500 1835 1620 1886 Οὐκ
1649 1833 1818 1886 ἔστιν

1923 649 2069 699 dium
2098 663 2162 700 ac
2205 647 2501 714 diligentia.
2534 649 2674 702 Bene
2701 648 2877 706 habet,
2919 647 3057 713 quod
3080 647 3143 700 ad
3177 649 3483 715 sepulcrum

1924 739 2245 806 prOperatis.
2308 739 2447 804 Quid
2500 755 2629 794 vero
2680 754 2802 791 cmn
2855 739 3194 806 unguentis?
3243 738 3380 791 Nunt
3429 751 3487 791 ut

1923 831 2199 899 discipuli,
2240 847 2550 885 sermonum
2598 831 3022 886 resurrectionis
3071 832 3252 884 obliue
3298 834 3488 886 estis?

1923 919 2030 974 Illis
2068 923 2284 990 quidem
2322 923 2454 976 nihil
2490 924 2683 975 mirum
2717 933 2772 974 ιιι
2798 923 3024 991 obrepat
3053 922 3483 984 oblivio.eorunt

1925 1014 2255 1078 perturbatis
2286 1013 2484 1066 animis
2507 1013 2914 1080 exspectatione
2946 1013 3344 1081 parricidarum
3386 1016 3483 1068 Ju-

1926 1102 2183 1166 tlaeorum,
2233 1119 2372 1170 quos
2402 1105 2747 1169 suspicentur
2795 1104 3053 1170 impetum
3096 1104 3340 1160 facturos
3378 1124 3390 1158 :
3432 1116 3486 1158 at

1923 1196 2067 1250 unde
2100 1196 2255 1250 vobis
2287 1198 2483 1250 oblivio
2512 1199 2536 1250 ?
2565 1196 2673 1252 Nec
2701 1199 2846 1251 enim
2874 1196 3045 1251 Judaei
3081 1200 3233 1252 vobis
3265 1216 3486 1269 quoque

1923 1292 2120 1342 malum
2163 1290 2365 1344 inferre
2401 1293 2750 1344 meditantur.
2787 1292 2898 1346 Cur
2942 1292 3106 1360 igitur
3146 1292 3326 1345 oblitae
3363 1309 3482 1344 mu-

1919 1383 2097 1443 neris,
2131 1382 2275 1437 velut
2306 1382 2370 1436 ad
2422 1386 2734 1452 ungendum
2777 1394 3069 1448 mortuum,
3109 1383 3157 1437 ei
3211 1394 3480 1452 unguenta

1919 1472 2145 1538 aﬂ'ertis,
2175 1475 2266 1542 qui
2299 1475 2528 1529 mortuis
2559 1477 2721 1528 vitam
2776 1476 3082 1543 suppeditat
3111 1477 3134 1528 ?
3183 1476 3404 1539 Verum,
3437 1475 3482 1529 si

1921 1565 2101 1617 minus
2154 1567 2488 1634 exspectatio
2544 1564 2706 1618 futuri
2750 1565 2925 1629 mali,
2981 1579 3182 1618 mteror
3227 1575 3394 1627 certe,
3425 1575 3485 1619 ιιι

1920 1655 2134 1708 videtur
2160 1696 2174 1720 ,
2212 1657 2528 1709 memoriam
2574 1658 2727 1710 vobis
2759 1658 3185 1712 resurrectionis
3233 1659 3480 1711 abstulit.

1919 1739 2188 1805 Quocirca
2215 1742 2462 1813 lacryma:
2489 1745 2651 1797 etiam
2681 1745 2888 1797 vultum
2930 1746 3128 1815 rigant.
3169 1746 3479 1806 Enimvero.

1925 1829 2093 1883 nolite
2141 1829 2292 1884 ﬂere.
2354 1830 2740 1900 Lacrymarum
2784 1843 2964 1903 guttas
3025 1836 3146 1889 fons
3179 1837 3363 1903 gratiae
3398 1852 3483 1890 re-

239 1918 389 1976 ὦδε·
416 1925 634 1992 ἠγέρθη
692 1925 809 1977 ἀπὸ
867 1923 1116 1992 νεκρῶν,
1152 1925 1245 1987 καὶ
1280 1925 1460 1992 στήτω
1485 1924 1550 1975 τὰ
1581 1925 1812 1993 δάκρυα.
1842 1911 1888 1970 Β

1810 1965 1812 1972 .
1842 1911 1888 1970 Β
1917 1922 2032 1974 nttit
2067 1939 2078 1973 :
2117 1936 2218 1975 nec
2246 1936 2342 1990 par
2374 1933 2478 1985 est,
2515 1932 2571 1975 ut
2601 1934 2873 1993 unguenta
2908 1926 3155 1979 funebria
3193 1926 3481 1982 aliundatis

241 2017 416 2083 Δεῦρό
451 2034 560 2084 μοι,
596 2018 806 2084 πονηρά
844 2016 1111 2070 Ἰουδαίων
1138 2015 1649 2085 ΣυναγωγήίΔεῦρό
1685 2032 1812 2078 μοι,

241 2106 371 2166 λαὸς
401 2107 531 2157 κενά
581 2107 990 2175 φρυαξάμενοςι
1032 2106 1331 2174 Κατάμαθε
1361 2105 1458 2168 τὰς
1498 2105 1816 2174 σφραγῖδας,

238 2197 304 2258 ἃς
339 2196 572 2265 ἔθηκας·
608 2195 858 2267 ἐπερώτα
887 2197 984 2266 τὴν
1016 2196 1368 2258 κουστωδίαν,
1407 2197 1473 2265 ἢν
1527 2195 1818 2263 φυλάσσειν

238 2291 510 2353 διέταξας.
557 2290 666 2343 Ποῦ
731 2291 877 2341 ἐστιν
925 2291 954 2341 ὁ
1018 2287 1322 2358 θησαυρὸς,
1382 2287 1441 2338 ὂν
1487 2286 1809 2355 ήσφαλίσω;

253 2381 601 2451 Ἔρεύνησον,
635 2381 702 2450 ἣν
743 2381 965 2433 ἐπλάσω
1017 2381 1241 2442 κλοπήν.
1288 2380 1470 2448 Ἔχεις
1525 2379 1672 2448 παρά
1735 2379 1817 2431 σοὶ

239 2475 372 2536 τοὺς
441 2477 518 2536 είς
573 2473 776 2543 κλοπὴν
835 2471 1313 2540 διαδαλλομένους·
1372 2471 1424 2524 οἵ
1465 2488 1526 2538 γε
1567 2470 1817 2522 τοσοῦτον

240 2563 381 2636 ἦσαν
446 2567 584 2632 ὀξεῖς
623 2566 1095 2636 αύτουργήσαντες
1151 2563 1355 2632 κλοπὴν
1396 2562 1491 2631 τὴν
1522 2563 1816 2614 ἀνάστασιν

240 2659 590 2727 διαφημιεῖν,
631 2657 761 2709 ὥσθ’
801 2656 1000 2723 ἐτέρων
1029 2655 1478 2722 ἀπαγγελλόντων
1522 2654 1690 2722 αὐτὴν
1735 2653 1816 2705 ἐτι

240 2748 690 2816 ἐσκυθρώπαζον,
720 2746 818 2798 ούκ
840 2745 1120 2808 ἐπαΐοντες
1145 2745 1251 2799 ὑπὸ
1274 2744 1474 2813 πολλῆς
1494 2743 1694 2805 δειλίας
1710 2742 1816 2796 τῶν

243 2841 509 2913 ῥημάτων
543 2841 639 2908 τῆς
672 2839 1064 2906 ἀγαλλιάσεως.
1099 2839 1223 2900 Τοῖς
1269 2837 1628 2909 στρατιώταις
1652 2837 1818 2890 ὕπνον

240 2933 582 3004 περιϐαλεῖς,
612 2931 858 2985 ἐντεῦθεν
899 2929 1134 2994 ἐλπίζων
1177 2932 1532 2998 συκοφαντεῖν
1558 2929 1655 3000 τὴν
1683 2931 1814 2984 ἀνά·

243 3044 467 3091 στασιν;
531 3025 825 3087 Καθεύδεις
878 3023 1038 3085 αὐτὸς
1101 3021 1179 3092 τῷ
1231 3021 1344 3075 ὄντι
1410 3022 1503 3074 τὸν
1576 3022 1814 3092 ὀλέθριον

239 3119 432 3183 ὕπνον,
495 3117 567 3188 μὴ
623 3117 938 3187 βουλόμενος
987 3116 1086 3178 τὰς
1133 3115 1234 3184 τῆς
1285 3113 1560 3185 σωτηρίας
1591 3116 1814 3178 ἀκτῖνας

242 3212 391 3262 ἰδεῖν.

1923 2014 2062 2079 loco,
2105 2015 2197 2082 qui
2231 2015 2655 2070 immortalitatis
2703 2018 3131 2071 suaveolentiam
3180 2018 3362 2073 habet.
3392 2018 3482 2071 Vi-

1922 2106 2042 2159 dete
2063 2107 2298 2160 candida
2335 2117 2484 2161 veste
2525 2109 2760 2176 fulgidos
2794 2111 3075 2164 satellites.
3126 2109 3240 2173 Isti,
3281 2111 3482 2163 milites

1925 2197 2182 2251 custodes
2210 2200 2598 2268 propemodum
2635 2202 3032 2265 exanimarunt,
3065 2217 3127 2256 ac
3149 2204 3289 2268 ejus,
3319 2218 3477 2272 quem

1922 2290 2194 2359 quzerilis,
2247 2293 2702 2345 resurrectionem
2773 2295 3117 2347 annuntiant.
3175 2293 3324 2363 lpsos
3377 2295 3482 2348 cla-

1925 2389 2134 2434 mantes
2166 2382 2348 2436 audite
2388 2399 2401 2434 :
2436 2383 2552 2434 Non
2572 2392 2650 2435 est
2673 2383 2754 2435 hic
2779 2400 2796 2436 :
2819 2386 3048 2438 surrexit
3088 2401 3120 2437 a
3154 2386 3374 2438 mortuis
3401 2385 3475 2448 “;

1918 2474 2143 2542 proinde
2189 2476 2389 2529 sistant
2435 2490 2498 2530 ac
2539 2478 2904 2531 cohibeantur
2963 2480 3234 2548 lacrymte.
3278 2478 3480 2533 Adesto

1923 2564 2168 2631 improba
2201 2562 2510 2617 Judzeorntn
2550 2565 2852 2635 Synagoga.
2880 2567 3078 2622 Adesto
3113 2569 3362 2637 populus,
3403 2568 3482 2621 itt-

1921 2670 2137 2709 cassum
2165 2655 2403 2710 fremens
2431 2658 2444 2708 ί
2472 2657 2820 2726 Recognosce
2844 2659 3148 2728 signacula,
3171 2674 3290 2728 qua:
3317 2673 3481 2727 appo-

1922 2747 2100 2801 suisti.
2153 2746 2428 2817 Interroga
2495 2749 2798 2804 custodiam
2831 2791 2846 2814 ,
2914 2766 3079 2821 quam
3137 2748 3479 2805 custodiendi

1864 2901 1868 2908 ί
1921 2853 2088 2892 causa
2143 2839 2459 2909 designasti.
2511 2841 2613 2896 Ubi
2657 2851 2741 2896 est
2765 2843 3074 2907 thesaurus,
3121 2857 3280 2912 quem
3327 2841 3482 2896 obsi-

1921 2930 2098 3000 gnasti
2125 2931 2148 2984 ?
2175 2931 2369 3002 lndaga
2424 2931 2625 2986 furtum
2649 2974 2664 2997 ,
2717 2933 2861 3004 quod
2911 2933 3241 2988 confluxisti.
3275 2931 3478 2986 Tecum

1925 3026 2188 3090 habitant,
2226 3044 2363 3096 quos
2393 3027 2518 3082 furti
2552 3030 2831 3083 insimulas
2857 3048 2870 3083 :
2895 3031 2986 3098 qui
3017 3029 3269 3083 nimirqu
3299 3043 3482 3097 prmu-

1921 3116 1996 3185 pti
2020 3116 2154 3170 adeo
2185 3118 2249 3170 ad
2280 3116 2482 3170 furtum
2514 3119 2990 3184 committendum,
3029 3135 3090 3174 ac
3123 3119 3480 3174 resurrectio-

1920 3223 2044 3262 nem
2075 3208 2458 3276 divulgandam
2493 3207 2753 3273 fuerunt,
2780 3220 2838 3262 ιιι
2871 3225 2991 3263 cmn
3023 3212 3182 3264 etiam
3216 3212 3303 3264 alii
3338 3225 3483 3264 nun-

240 3304 492 3367 tiarent,
546 3300 648 3369 ipsi
706 3297 1063 3354 nihilominus
1094 3313 1328 3352 maerore
1389 3297 1813 3360 conﬁcerentur,
1853 3298 2109 3353 admissis
2182 3315 2294 3369 prae
2378 3301 2545 3354 multa
2599 3300 2888 3356 formidine
2931 3304 3270 3358 sermonibus
3328 3291 3480 3357 omni

235 3393 608 3449 exsultatione
651 3391 890 3445 refertis.
935 3391 1131 3444 Milites
1164 3389 1487 3445 dormivisse
1539 3393 1809 3450 causaris,
1851 3407 2098 3460 sperans,
2144 3393 2225 3446 vel
2259 3393 2361 3446 hac
2408 3394 2620 3447 ratione
2683 3397 3140 3450 resurrectionem
3206 3397 3479 3452 calumnia

238 3503 528 3560 aspersum
561 3485 629 3539 iri
662 3485 777 3537 lAt
814 3499 1002 3540 revera
1049 3483 1258 3538 dormis
1292 3483 1408 3551 ipse
1440 3484 1810 3552 perniciosum
1853 3499 2126 3546 somnum,
2162 3485 2255 3553 qui
2289 3486 2483 3542 salutis
2511 3488 2693 3541 radios
2719 3487 2861 3541 nolis
2904 3489 3125 3543 intueri.

323 3581 483 3634 Ἀλλὰ
525 3579 630 3648 γὰρ
680 3576 962 3639 Ἰουδαίους
1024 3576 1201 3644 ἐῶμεν
1242 3574 1320 3644 τῷ
1368 3576 1575 3628 ἑαυτῶν
1637 3577 1810 3645 σκότῳ
1840 3580 1882 3635 C

238 3675 646 3746 προσκόπτειν·
714 3669 1044 3738 διεφημίσθη
1100 3669 1206 3736 γὰρ
1261 3667 1403 3720 οὕτω
1465 3669 1594 3738 παρ’
1632 3669 1814 3730 αὐτοῖς

241 3771 407 3839 μέχρι
424 3768 518 3835 τῆς
546 3767 608 3834 σή
621 3781 800 3834 μερον.
825 3764 1156 3832 Τιμήσωμεν
1178 3762 1232 3814 δὲ
1253 3763 1344 3814 καὶ
1365 3764 1523 3831 ἡμεῖς
1545 3762 1642 3831 τὴν
1663 3762 1811 3814 θείαν

235 3862 420 3930 ταφήν
440 3876 453 3888 ·
475 3859 774 3926 τιμήσομεν
805 3855 882 3917 δὲ,
906 3856 1004 3906 οὐκ
1026 3854 1230 3915 ὀθόναις
1265 3855 1423 3906 αὐτὸν
1441 3852 1810 3922 περιστέλλον-

235 3971 353 4016 τες,
391 3951 506 4003 ούδέ
533 3951 686 4018 τάφῳ
707 3947 1086 4009 κατατιθέντες
1107 3964 1119 3976 ·
1149 3947 1292 4012 ἅπαξ
1335 3948 1441 4016 γάρ
1486 3947 1639 3998 τοῦτο
1673 3946 1811 4015 ὑπὲρ

236 4045 332 4098 τοῦ
370 4042 724 4110 σκυλευθῆναι
745 4041 835 4092 τὸν
867 4039 996 4109 ᾇδην
1024 4039 1128 4090 ἔδει
1148 4039 1418 4106 γενέσθαι.
1447 4039 1540 4091 καὶ
1559 4039 1776 4106 γέγονεν
1798 4054 1811 4068 ·

237 4131 357 4186 ἀλλ’
378 4134 527 4203 ἡμᾶς
557 4130 752 4192 αὐτοὺς
785 4128 1199 4199 περιϐάλλοντες
1229 4130 1469 4198 ἀρεταῖς.
1512 4129 1680 4197 Σῶμα
1705 4129 1811 4199 γὰρ

237 4227 389 4295 ἡμᾶς
421 4225 449 4275 ό
485 4221 758 4290 Δεσπότης
785 4220 872 4271 διὰ
909 4219 1002 4272 τοῦ
1051 4220 1313 4288 ταφέντος
1353 4220 1445 4270 κα)⁵
1486 4219 1811 4282 ἀναστάντος

238 4317 466 4384 ἐποίησε
512 4311 798 4383 σώματος·
866 4315 944 4374 εἰς
1032 4313 1164 4382 μέλη
1234 4312 1528 4376 κατέταξεν
1573 4311 1809 4364 ἐαυτοῦ·

239 4407 368 4460 ναδν
397 4405 799 4458 κατεσκεύασεν
842 4404 1037 4474 ἐαυτῷ.
1102 4405 1480 4474 Κοσμήσωμεν
1525 4403 1812 4474 τοιγαροῦν

237 4500 333 4550 τὸν
371 4499 497 4550 ναὸν
526 4496 619 4549 τοῦ
648 4497 804 4559 Θεοῦ,
831 4497 884 4549 οἵ
947 4497 1091 4559 τινές
1144 4499 1312 4565 ἐσμεν
1346 4498 1524 4565 ἡμεῖς.
1553 4496 1705 4548 Ὅσοι
1732 4495 1808 4565 τῷ

239 4592 420 4662 καιρῴ
442 4592 539 4658 τῆς
573 4590 825 4658 νηστείας
852 4590 949 4658 τῆς
997 4588 1267 4657 παντίμου
1309 4589 1510 4659 κρόκης
1545 4589 1649 4640 τῶν
1681 4589 1808 4658 ἀρε-

234 4681 348 4733 τῶν
373 4681 562 4749 στολὴν
601 4681 860 4750 ἐποίησαν
890 4681 1119 4742 ἑαυτοῖς,
1153 4680 1246 4731 καὶ
1266 4678 1466 4748 ταύτην
1481 4680 1804 4748 ἐγρηγορότι

236 4773 484 4841 λογισμῷ
524 4772 771 4840 καθαρὰν
819 4771 1034 4840 κηλῖδος
1073 4771 1367 4840 ἐτήρησαν,
1423 4771 1679 4838 μακάριοι
1709 4770 1809 4835 τῆς

238 4861 572 4930 πριδολῆς·
607 4863 666 4913 ού
719 4861 876 4930 μόνον
920 4860 1007 4912 διὰ
1059 4860 1158 4928 τὴν
1200 4859 1403 4912 ἐκεῖθεν
1455 4860 1629 4924 δόξαν,
1673 4859 1806 4911 ἀλλά

238 4958 336 5009 καὶ
389 4956 456 5008 δι’
522 4947 596 5008 ὧν
645 4952 894 5006 ἐντεῦθεν
918 4951 991 5014 ὡς
1025 4951 1138 5019 φῶς
1169 4954 1227 5004 ἐν
1262 4952 1449 5021 κόσμῳ
1505 4951 1803 5019 φαίνουσιν.

248 5051 408 5102 Ὅσοι
457 5048 504 5100 δ’
562 5047 860 5116 άμόλυντον
909 5045 1077 5114 αὐτὴν
1134 5045 1233 5097 οὐκ
1264 5045 1456 5114 ἔχομεν
1496 5043 1816 5112 διαφυλάξαι

245 5145 354 5196 τῶν
382 5143 649 5212 βιωτικῶν
693 5143 918 5202 σπίλων,
955 5139 1070 5192 ἀλλ’
1119 5138 1278 5207 ἡμεῖς
1330 5153 1392 5204 γε
1428 5138 1520 5189 καὶ
1579 5137 1816 5207 σήμερον

245 5233 664 5302 ἐκπλυνώμεθα.
721 5233 977 5300 Ἔτοιμος
1037 5228 1377 5299 βουλομένοις
1426 5229 1460 5297 ή
1521 5227 1813 5297 κάθαρσις·

246 5326 378 5395 παρ’
415 5327 549 5394 ήμῖν
604 5325 674 5377 τὰ
725 5322 938 5393 ῥεῖθρα·
973 5323 1034 5374 ού
1087 5321 1249 5391 δεήσῃ
1296 5322 1422 5389 παρ’
1453 5319 1611 5373 ἄλλου
1642 5319 1814 5372 ταῦτα

245 5418 450 5486 ζητεῖν.
513 5416 798 5483 Περίϐαλε
853 5414 960 5466 τὸν
1003 5411 1249 5481 γυμνὸν,
1294 5406 1372 5472 οἷς
1404 5409 1490 5462 διά
1542 5409 1600 5462 σέ
1658 5409 1810 5480 ὤφθη

243 5509 470 5578 γυμνὸς,
501 5510 533 5560 ό
577 5506 700 5575 φῶς
737 5507 816 5570 ὡς
857 5505 1085 5574 ἱμάτιον
1109 5503 1614 5571 περιϐαλλόμενος
1639 5519 1652 5532 ·
1717 5503 1806 5563 δὸς

244 5597 744 5668 πεινῶντιτροφὴν,
766 5596 955 5665 ὁλιμῷ
992 5595 1337 5656 κινδυνεύων,
1374 5595 1469 5647 καὶ
1493 5593 1570 5658 τῷ
1595 5593 1664 5656 ἐξ
1709 5595 1808 5645 οὺ-

229 5689 428 5761 ρανοῦ
481 5691 796 5745 καταϐάντι
828 5689 982 5758 ἄρτῳ
1025 5690 1265 5757 τραφείς
1289 5704 1301 5717 ·
1340 5687 1502 5740 λῦσον
1547 5686 1643 5757 τήν
1670 5687 1809 5739 κατὰ

312 5873 358 5902 ⁶⁶
393 5868 578 5924 Matth.
635 5868 896 5932 xxvttt,5.
972 5869 1013 5900 ⁸⁷
1053 5866 1242 5921 Matth;
1276 5882 1460 5929 xxvut,
1501 5867 1580 5920 l5.

1687 5867 1730 5898 ⁵⁸
1759 5866 1776 5919 ι
1807 5865 1928 5922 Cor.
1963 5881 2039 5927 ιιι,
2076 5867 2155 5918 l7.

1991 3575 2184 3629 Verum
2229 3577 2451 3632 Judzeos
2504 3579 2620 3633 suis
2652 3579 2799 3647 ipsos
2829 3581 3067 3634 tenebris
3101 3579 3371 3635 offendere
3404 3585 3477 3636 si-

1920 3682 2114 3721 namus
2149 3668 2214 3721 ".
2252 3666 2341 3720 Sic
2363 3669 2506 3721 enim
2542 3669 2878 3737 divulgatum
2905 3678 2988 3724 est
3020 3671 3160 3739 apud
3187 3687 3278 3724 eos
3303 3688 3478 3743 usque

1917 3760 1982 3811 ad
2028 3759 2348 3812 hodiernum
2379 3759 2542 3817 diem.
2580 3761 2920 3814 Honoremus
2970 3777 3094 3815 vero
3133 3778 3231 3816 nos
3260 3779 3476 3833 quoque

1915 3852 2153 3904 divinam
2210 3852 2564 3920 sepulturam.
2598 3853 3000 3907 Honorabimus
3049 3863 3251 3916 autem.
3286 3872 3390 3910 non
3429 3859 3476 3911 si

1917 3944 2100 3997 linteis
2133 3953 2406 3998 mortuum
2451 3945 2813 4003 involvamus,
2853 3953 2947 3998 aut
2991 3947 3240 4013 sepulcro
3268 3949 3476 4002 conda-

1918 4049 2039 4087 mus
2068 4051 2085 4100 ;
2117 4035 2219 4086 hoc
2260 4036 2404 4088 enim
2437 4035 2601 4088 semel
2634 4035 2746 4088 fieri
2782 4035 3068 4103 oportebat
3115 4045 3171 4090 ut
3226 4037 3474 4093 infernus

1918 4127 2268 4192 spoliaretur,
2300 4141 2362 4179 ac
2391 4124 2589 4179 factum
2613 4135 2697 4181 est
2727 4143 2743 4192 ;
2780 4127 2872 4179 sed
2902 4127 2946 4180 si
2995 4142 3093 4181 nos
3130 4128 3275 4196 ipsos
3304 4130 3474 4182 virtu-

1920 4220 2068 4273 tibus
2103 4235 2452 4274 exornemus.
2496 4218 2606 4273 Nos
2655 4219 2799 4272 enim
2840 4218 3100 4274 Dominus
3147 4233 3333 4274 noster
3378 4238 3474 4290 per

1913 4327 2132 4381 corpus,
2164 4310 2309 4376 quod
2337 4310 2604 4379 sepultum
2636 4320 2719 4364 est
2756 4319 2808 4362 et
2839 4312 3151 4372 resurrexit,
3178 4329 3334 4366 suum
3359 4313 3473 4367 elli-

1912 4406 2062 4459 ciens
2090 4418 2310 4472 corpus,
2339 4402 2573 4471 propriis
2605 4403 2860 4455 membris
2889 4403 3166 4471 ascripsit,
3193 4418 3255 4456 ac
3279 4403 3380 4458 sibi
3415 4406 3470 4458 in

1911 4495 2169 4564 templum
2198 4494 2466 4546 exstruxit
2496 4493 2560 4544 ⁸⁸.
2611 4491 2972 4547 Perornemus
2997 4493 3180 4563 itaque
3214 4496 3467 4564 templum

1915 4586 2029 4648 Dei,
2070 4583 2213 4654 quod
2247 4599 2438 4638 sumus
2468 4599 2592 4639 nos.
2643 4583 2967 4653 Quicunque
2999 4584 3190 4652 jcjunii
3232 4595 3470 4653 tempore

1915 4680 2105 4732 stolam
2150 4675 2253 4729 sibi
2301 4691 2364 4730 ex
2415 4675 2561 4728 varia
2609 4675 2869 4727 virtutum
2922 4683 3134 4727 textura
3180 4680 3475 4727 concinna-

1916 4779 2064 4833 runt,
2113 4784 2343 4837 eamque
2393 4768 2637 4836 vigilanti
2672 4768 2856 4822 studio
2900 4781 3091 4835 puram
3127 4766 3262 4819 labis
3291 4775 3474 4818 custo-

1917 4859 2155 4923 dierunt,
2210 4860 2246 4913 ii
2281 4875 2406 4913 vere
2433 4859 2552 4927 ejus
2591 4859 2761 4928 gratia
2787 4858 3018 4911 amictus
3063 4857 3202 4910 beati
3233 4875 3248 4922 ;
3278 4867 3472 4909 nedum

1921 4963 2139 5023 prepter
2185 4953 2435 5022 gloriam,
2491 4966 2609 5020 qua:
2655 4951 2706 5003 in
2753 4953 2893 5005 cmlo
2938 4957 3211 5019 Speratur,
3283 4965 3471 5017 verum

1913 5048 2075 5098 etiam
2123 5044 2265 5113 quod
2309 5045 2396 5097 hic
2433 5045 2579 5097 velut
2617 5043 2802 5096 lumen
2857 5042 3100 5111 fulgeant
3157 5043 3210 5095 in
3249 5042 3470 5094 mundo.

1916 5133 2232 5203 Quicunque
2290 5148 2420 5188 vero
2478 5134 2737 5188 intactam
2793 5147 2855 5186 ac
2915 5133 3394 5186 incontaminatam
3441 5147 3472 5184 a

1917 5227 2100 5281 mundi
2150 5226 2309 5293 hujus
2362 5226 2785 5296 inquinamentis
2832 5240 2939 5278 non
2987 5225 3466 5287 conservavimus,

1917 5317 1999 5371 vel
2029 5318 2216 5372 saltem
2273 5317 2432 5371 hodie
2463 5327 2674 5371 nosmet
2700 5331 3082 5387 expurgemus.
3130 5314 3185 5368 lu
3222 5325 3469 5384 promptu

1916 5417 1999 5462 est
2055 5410 2397 5476 cupientibus
2447 5409 2777 5463 emundatio.
2837 5406 2893 5461 In
2955 5414 3138 5460 nostra
3195 5407 3467 5458 lavacruut

1917 5501 2078 5552 situm
2144 5508 2227 5554 est
2293 5508 2560 5569 potestate
2595 5542 2608 5563 ,
2669 5515 2767 5553 nec
2812 5515 2950 5570 opus
3004 5499 3220 5553 aliunde
3268 5510 3466 5567 petere.

1921 5592 2077 5661 Operi
2105 5593 2301 5644 nudum
2326 5593 2392 5655 ",
2439 5593 2646 5646 idcirco
2685 5592 2813 5661 quia
2846 5594 2918 5646 tui
2957 5607 3120 5645 causa
3163 5592 3338 5644 nudus
3369 5606 3469 5659 ap:

1916 5685 2160 5756 paruerit
2193 5684 2302 5750 ille,
2335 5684 2426 5755 qui
2456 5687 2678 5738 amictus
2706 5694 2784 5740 est
2811 5686 3002 5739 lumine
3027 5686 3158 5738 sicut
3191 5686 3468 5738 vestimen-

2234 5867 2275 5898 ⁶⁹
2307 5864 2401 5919 Isa.
2436 5881 2586 5926 Lvut,
2619 5867 2669 5918 7.
