4232 6444
767 417 834 478 87
1982 416 2254 475 LEOle
2282 417 2414 477 PHI

2449 416 2740 476 .OSOPHI
3956 413 4027 469 είς

771 535 904 586 ιντο.
944 533 1014 584 I)a
1039 533 1216 586 cilium
1239 531 1522 592 esurienti.
1545 533 1634 602 qui
1667 533 1806 586 fame
1847 537 2179 599 periclitatur
2207 538 2344 608 (:28),
2378 543 2419 598 Α

2449 540 2542 591 τοῦ
2603 539 2829 608 πλησίον
2876 536 3097 608 ἔχθραν,
3157 534 3517 605 ἐνθυμηθεὶς,
3554 535 3635 585 ὅτι
3677 534 3704 585 ὁ
3747 527 4027 592 Δετπότης

769 641 999 692 puucque
1050 627 1138 678 illo
1191 627 1279 691 qui
1337 625 1400 679 de
1450 628 1575 679 εωιο
1635 628 1900 681 descendit
1932 631 2017 692 ⁷¹,
2066 628 2334 684 nutritur.

774 720 1020 772 Dissulve
1045 718 1362 773 inimicitias
1401 721 1665 773 adversus
1691 722 2023 788 proximum,
2052 721 2342 776 Dominum

771 813 1059 876 cogitans,
1113 810 1271 876 cujus
1315 826 1414 864 nos
1454 812 1784 879 immorigeri
1837 814 1976 864 servi
2029 829 2221 867 Sllllllls
2278 829 2340 866 ac

775 899 1101 960 refractarii,
1165 901 1400 952 medium
1453 903 1714 968 parietem
1764 902 2171 956 inimicitiarum
2227 905 2343 958 suis

775 994 950 1059 ipsum
983 994 1295 1060 perrupisse
1323 994 1665 1049 vulneribus.
1702 995 1992 1050 Enimvero
2025 997 2342 1064 quicunque

776 1086 971 1138 laceris
1006 1085 1207 1154 peccati
1252 1087 1449 1154 pannis
1483 1087 1719 1150 assueti,
1771 1089 1966 1141 stolam
2000 1089 2218 1141 virtutis
2249 1106 2344 1142 ne-

771 1177 971 1245 glectui
1001 1176 1306 1230 habuerunt
1336 1176 1566 1247 [utinam
1598 1195 1726 1229 vero
1750 1194 1909 1232 nemo
1951 1180 2070 1234 talis
2095 1181 2295 1234 existat
2326 1185 2338 1234 !

776 1279 887 1329 tua,
916 1269 1163 1334 Dominv,
1193 1270 1387 1340 gratia,
1416 1271 1505 1337 qui
1529 1286 1625 1338 pro
1655 1272 1813 1326 nobis
1839 1273 2341 1339 peccatoribnsim-

775 1362 1010 1415 molatus
1041 1362 1146 1430 es],
1201 1377 1264 1416 ne
1312 1362 1344 1414 ii
1381 1363 1601 1430 quidem
1662 1365 1902 1418 animum
1943 1365 2340 1433 despondeant.

771 1452 864 1520 qui
916 1461 1127 1522 tempus
1177 1461 1545 1522 Opportunum
1594 1456 1667 1507 rei
1720 1455 1983 1508 faciendze
2022 1457 2344 1512 advenlasse
2417 1456 2419 1460 ’

770 1542 1012 1596 videant.
1053 1543 1262 1598 Licebit
1309 1546 1479 1608 enim,
1533 1546 1578 1600 si
1625 1547 1809 1608 velint.
1838 1548 1922 1602 vel
1957 1562 2064 1602 una
2102 1550 2202 1603 hac
2244 1550 2342 1603 lio-

771 1633 961 1687 dierna
1005 1634 1092 1690 die
1122 1676 1139 1700 ,
1197 1636 1392 1692 stolam
1443 1640 1846 1693 resurrectione
1904 1655 2012 1694 non
2065 1641 2339 1711 indignam

769 1725 1061 1780 coniicere.
1095 1726 1502 1782 Tantummodo
1525 1743 1883 1800 exsurgamus
1916 1749 1930 1797 ;
1963 1731 2341 1786 tantummodo

773 1819 988 1874 virtutis
1041 1821 1424 1887 cogitationem
1487 1824 1855 1892 suscipiamus
1902 1842 1917 1888 ;
1966 1824 2343 1878 tantummodo

772 1910 1033 1979 praeclaro
1066 1910 1376 1979 huic'operi
1415 1927 1634 1965 manum
1667 1914 2075 1968 admoveamus.
2111 1913 2344 1982 Adjutor

771 2001 878 2056 erit
905 2001 997 2054 ille
1024 2000 1158 2069 ipse,
1185 2004 1276 2070 qui
1315 2018 1412 2071 pro
1460 2003 1616 2057 nobis
1651 2018 1844 2072 passus
1884 2015 1965 2058 est
1999 2022 2012 2070 ;
2048 2005 2348 2075 exiguaque

773 2107 963 2161 opera,
991 2107 1058 2149 ac
1092 2094 1243 2148 nullo
1279 2095 1487 2160 labore,
1529 2097 1745 2149 beatum
1778 2097 1937 2150 nobis
1970 2097 2347 2151 indumentum

2449 635 2605 703 ἡμῶν
2631 633 2738 685 τῶν
2763 633 3011 686 ἀτάκτων
3033 631 3328 688 δούλων,τὸ
3356 630 3667 697 μεσότοιχον
3690 629 3788 693 τῆς
3816 624 4015 690 ἔχθρας

2451 725 2668 788 οἰκείοις
2737 724 2954 794 διέκοψε
3004 724 3335 796 τραύμασιν.
3384 724 3537 776 Ὅσοι
3583 722 3628 772 δ’
3675 720 3863 784 ὥσπερ
3915 717 4030 766 ἐθι-

2454 817 2671 878 σθέντες
2706 817 2781 887 τῷ
2815 817 2972 886 {idest
2994 818 3092 884 τῆς
3121 817 3396 886 ἁμαρτίας
3431 816 3709 882 ὴλόγησαν
3755 811 3866 864 τῶν
3897 810 4028 877 ἀρε-

2449 908 2558 961 τῶν
2596 909 2694 978 τῆς
2734 909 2955 977 στολῆςο
3011 909 3146 964 ἀλλὰ
3196 908 3383 977 μηδεὶς
3409 908 3495 978 είη
3520 907 3777 970 τοιοῦτος,
3809 899 3854 957 ὦ
3891 903 4030 972 ὐπέρ

2451 1000 2607 1070 ἡμῶν
2626 1001 2734 1054 τῶν
2764 1001 3102 1071 ἁμαρτωλῶν
3131 999 3488 1069 σφαγιασθείς
3513 1015 3529 1030 ο
3563 998 3686 1068 μηδ’
3717 991 3862 1050 οὗτοι
3896 997 4030 1047 ἀπο-

2449 1095 2904 1160 γινωσκέτωταν,
2938 1093 3030 1146 τὸν
3081 1095 3274 1163 καιρὸν
3327 1092 3559 1161 ὁρῶντες
3622 1091 3720 1159 τῆς
3768 1088 4032 1157 ἐργασίας

2453 1188 2788 1254 παρήκοντα.
2836 1185 2993 1238 Ἔστι
3022 1185 3130 1254 γὰρ
3167 1185 3475 1254 βουληθεῖσι
3512 1182 3605 1234 καὶ
3636 1180 3726 1234 διὰ
3767 1182 3896 1249 μιᾶς
3931 1176 4031 1243 τῆς

2452 1275 2548 1328 νῦν
2577 1277 2806 1345 ἡμέρας,
2843 1276 2916 1345 μὴ
2951 1277 3174 1342 ἀναξίαν
3211 1279 3309 1346 τῆς
3343 1273 3693 1335 ἀναστάσεως
3723 1271 4032 1342 περιποιεῖ-

2456 1368 2582 1420 σθαι
2624 1367 2835 1436 στολήν.
2895 1367 3072 1420 Μόνον
3119 1368 3496 1434 διαναστῶμεν
3521 1383 3534 1398 ο
3571 1365 3731 1435 μόνον
3761 1364 3853 1416 ἐπὶ
3883 1363 4033 1426 λογι-

2457 1459 2594 1528 σμὸν
2621 1458 2822 1528 ἀρετῆς
2884 1460 3172 1528 άναϐῶμεν
3197 1477 3211 1490 ο
3247 1459 3405 1530 μόνον
3430 1459 3529 1526 τῆς
3570 1457 3736 1527 καλῆς
3768 1453 4033 1523 ἐργασίας

2453 1551 2742 1621 ἁψώμεθα,
2773 1553 2933 1615 αὐτὸς
2961 1554 3087 1623 ἡμῖν
3129 1553 3585 1623 συνεπικουρήσει
3615 1553 3643 1603 ό
3671 1546 3859 1602 παθὼν
3891 1547 4033 1614 ὑπὲρ

2453 1645 2611 1715 ἡμῶν
2637 1685 2652 1708 ,
2680 1645 2775 1698 καὶ
2805 1646 3068 1716 σύντομον
3124 1647 3217 1700 καὶ
3237 1647 3618 1714 ἀταλαίπωρον
3644 1643 3942 1712 ἀπαρτίσει
3970 1641 4035 1692 τδ

2458 1736 2727 1806 μακάριον
2769 1737 3132 1806 περιϐόλαιον.
3196 1737 3421 1799 Πάντως
3467 1736 3511 1788 δ’
3553 1737 3809 1796 ἅπαντες,
3856 1735 3902 1785 εἰ
3937 1734 4034 1785 καὶ

2458 1829 2534 1895 μὴ
2565 1828 2723 1897 ὁμοία
2755 1831 2920 1882 πᾶσιν
2945 1828 3196 1898 εὐπορία,
3239 1827 3624 1895 στολισθῶμεν,
3649 1827 3735 1878 ἵνα
3765 1825 3914 1888 ἄξιον
3939 1822 4034 1874 tif»

2455 1921 2661 1990 Κυρίου
2691 1921 2848 1989 ἡμῶν
2891 1919 3064 1990 Ἰησοῦ
3096 1919 3332 1990 Χριστοῦ
3361 1917 3700 1986 δεικνύμενοι
3727 1917 3902 1982 σῶμα,
3930 1915 4030 1981 τῆς

2455 2011 2619 2065 αὑτοῦ
2642 2009 2798 2079 δόξης
2828 2010 3150 2081 μετέχωμεν
3169 2025 3184 2040 ·
3226 2007 3322 2062 νῦν
3349 2009 3444 2062 καί
3511 2008 3616 2068 ἀεὶ,
3661 2007 3754 2059 καὶ
3794 2006 3873 2068 εἰς
3897 2005 4027 2066 τοὺς

2461 2104 2666 2168 αἰῶνας
2688 2105 2796 2158 τῶν
2826 2103 3060 2158 αἰώνων.
3099 2103 3294 2174 Ἀμήν.

772 2183 1046 2243 conliciet.
1091 2185 1327 2242 Prorsus
1359 2198 1538 2242 autem
1571 2205 1781 2253 omnes,
1811 2191 1936 2244 licet
1966 2189 2154 2244 eadem
2183 2193 2339 2261 copia
2419 2211 2527 2250 non
2581 2200 2835 2254 omnibus
2923 2205 3196 2267 suppetat,
3268 2196 3464 2251 stolam
3533 2207 3878 2249 assumamus
3909 2230 3927 2255 ,
3976 2197 4037 2242 ut

772 2279 1000 2348 dignum
1050 2278 1260 2332 Domini
1311 2283 1480 2335 nostri
1512 2280 1640 2336 Jesu
1679 2283 1880 2339 Clu-isti
1912 2298 2114 2354 corpus
2145 2283 2344 2354 elTecti,
2385 2289 2576 2359 gloriae
2601 2292 2787 2362 ipsius
2809 2291 3106 2363 participes
3132 2289 3431 2344 reddamur
3455 2327 3470 2352 ,
3516 2301 3664 2342 nunc
3715 2293 3768 2340 et
3819 2296 4037 2351 semper

774 2383 830 2426 et
861 2373 918 2428 in
947 2375 1147 2430 saecula
1177 2374 1526 2429 saeculorum.
1560 2376 1754 2429 Amen.

1391 2531 1647 2588 ORATIO
1674 2534 1760 2588 lX.

777 2675 846 2733 In
871 2677 1366 2758 salutifergcrucis
1400 2678 1795 2758 exultationem.
1833 2696 1923 2748 per
1946 2701 2100 2750 quam
2141 2702 2172 2738 a
2207 2700 2335 2739 casu

1091 2750 1251 2816 primi
1278 2750 1512 2816 parentis
1545 2751 1775 2803 restituti
1813 2770 2018 2810 smnus.

3048 2535 3270 2591 ΛΟΓΟΣ
3301 2531 3391 2588 Θ⁹.

2440 2679 2546 2747 Εἰς
2572 2679 2686 2747 τὴν
2703 2679 2779 2732 δι’
2805 2673 2875 2733 οὗ
2904 2679 3010 2730 τοῦ
3035 2675 3397 2744 προγονικοῦ
3434 2673 3843 2747 ἀνυψὼθημεν
3880 2671 4041 2724 πτὼ-

2660 2767 2851 2818 ματος
2896 2749 3194 2815 σωτηρίου
3235 2745 3504 2814 σταυροῦ
3538 2745 3806 2813 ὕψωσιν,

1815 2864 2109 2934 (Gus'rsen.
2148 2869 2235 2923 ed.
2283 2866 2556 2921 Ratisbou.
2600 2873 2643 2918 t.
2678 2863 2810 2932 ll,p.
2846 2861 2998 2930 102.)

847 2980 1006 3036 Prius
1050 2996 1172 3034 cum
1226 2979 1476 3034 homines
1512 2982 1564 3034 in
1609 2991 1866 3053 perpetua
1899 2993 1952 3038 et
1986 2994 2174 3040 sancta
2211 3000 2347 3054 qna-

776 3074 901 3125 dam
933 3070 1294 3126 exsultatione
1329 3079 1381 3123 ct
1437 3071 1712 3139 voluptate
1757 3072 1922 3125 vitam
1960 3082 2204 3142 agerent,
2252 3073 2349 3142 lig-

777 3178 906 3216 num
934 3162 1138 3216 doloris
1156 3171 1208 3213 et
1245 3161 1500 3214 maeroris
1523 3177 1744 3215 «ausam
1790 3165 2043 3230 pra-linit.
2075 3162 2192 3218 Jam
2225 3179 2351 3214 vero

779 3263 1128 3308 sacrosancta
1159 3253 1424 3306 ft‘stit'ilas
1471 3253 1615 3321 ligno
1660 3265 2003 3316 consecrata,
2045 3257 2190 3308 velut
2220 3257 2355 3308 luci-

782 3345 884 3409 fer,
927 3344 1129 3396 mundo
1161 3345 1437 3404 exoriens,
1470 3345 1659 3411 procul
1694 3345 1842 3410 pellit
1869 3352 1922 3398 et
1955 3345 2104 3412 fugat
2134 3362 2349 3398 omnem

779 3437 1022 3490 tristitia:
1051 3450 1362 3488 mcerorem.
1389 3433 1452 3486 Et
1474 3434 1599 3487 olim
1625 3434 1844 3502 quidem
1867 3435 2049 3488 divina
2087 3435 2352 3503 dignitate

779 3531 1047 3597 spoliatus
1081 3538 1163 3582 est
1198 3529 1357 3580 homo
1407 3543 1503 3597 per
1551 3528 1754 3598 ligmnn
1795 3545 1808 3592 ;
1854 3544 1998 3581 nunc
2033 3537 2212 3582 autem
2254 3545 2350 3598 per

781 3621 987 3689 lignum
1039 3617 1278 3672 divinam
1308 3618 1627 3688 dignitatem
1679 3619 1889 3686 recipit,
1930 3629 1984 3674 et
2022 3621 2086 3672 ad
2125 3623 2353 3689 patriam

783 3713 1095 3766 revertitur.
1125 3711 1281 3766 Prius
1307 3713 1434 3781 ligni
1465 3712 1675 3767 fructus
1703 3727 1866 3766 causa
1895 3715 2083 3768 mortis
2111 3716 2350 3769 exstitit:

781 3823 847 3859 ex
887 3821 996 3875 quo
1029 3809 1173 3858 enim
1206 3822 1339 3858 crux
1382 3805 1600 3867 enituit,
1653 3821 1800 3858 mors
1833 3814 1886 3858 et
1916 3809 2192 3874 corruptio
2225 3825 2355 3861 cnn-

781 3899 1008 3952 cult'ata:
1063 3908 1242 3961 sunt;
1304 3899 1645 3965 incorruptio
1696 3907 1902 3966 regnat.
1962 3895 2026 3949 Et
2077 3899 2358 3968 improbus

783 3989 1001 4060 quidem
1039 3989 1250 4042 dremon
1287 4005 1385 4058 pro
1416 4003 1540 4043 esca
1573 3989 1815 4042 abutitur
1841 3988 2012 4058 ligno,
2041 3997 2094 4043 et
2131 3991 2359 4058 ligurem

786 4093 923 4146 tum,
954 4083 1096 4151 quod
1137 4097 1234 4135 usu
1273 4088 1326 4132 et
1359 4079 1697 4149 experientia
1738 4096 1919 4134 rerum
1950 4079 2186 4132 nondum
2217 4082 2362 4134 vale-

788 4177 902 4240 bat,
957 4175 1143 4228 fraude
1197 4175 1415 4243 spoliat.
1471 4182 1525 4226 et
1576 4190 1637 4228 ex
1667 4174 1922 4242 paradiso
1970 4175 2356 4228 miserabiliter

786 4269 1042 4323 extrahit.
1079 4269 1145 4319 At
1169 4267 1628 4320 clementissimus
1660 4266 1920 4320 Dominus
1945 4266 2148 4335 lignum
2177 4266 2356 4328 nobis,

787 4369 849 4412 ut
873 4363 947 4413 sit
980 4357 1174 4411 salutis
1205 4365 1479 4410 armatura
1507 4397 1521 4421 ,
1555 4356 1740 4420 donat,
1776 4354 2066 4422 eliieitque,
2107 4364 2166 4407 ut
2202 4355 2352 4409 illius

2524 2980 2794 3051 Πρότερον
2819 2980 2877 3032 ὲν
2925 2979 3048 3048 ἱερᾷ
3081 2977 3381 3043 διαγόντων
3419 2973 3721 3045 ἀνθρώπων
3775 2973 4038 3041 ἀγαλλιά-

2457 3091 2560 3135 σει,
2595 3072 2770 3138 λύπης
2800 3071 2893 3122 καὶ
2927 3070 3226 3139 κατηφείας
3252 3067 3507 3120 ὑπόθεσιν
3527 3066 3831 3135 ἐχορήγησε
3858 3064 4033 3130 ξύλον·

2457 3166 2550 3221 νῦν
2579 3165 2635 3217 δὲ
2683 3163 2773 3216 διὰ
2803 3163 2962 3226 ξύλου
2993 3163 3303 3231 πανήγυρις
3327 3159 3468 3229 ἱερὰ,
3492 3158 3678 3228 ὥσπερ
3705 3174 3788 3220 τις
3822 3157 4039 3226 ἑωσφό-

2463 3275 2553 3328 ρος
2587 3257 2952 3310 ἀνατέλλουσα
2999 3254 3209 3324 κόσμῳ,
3245 3252 3305 3306 τὸ
3349 3251 3575 3319 στυγνὸν
3611 3248 3903 3303 ἀποδιὼκει
3939 3249 4042 3318 τῆς

2455 3349 2778 3418 κατηφείας·
2806 3349 2900 3399 καὶ
2922 3346 3091 3400 πάλαι
3123 3346 3219 3416 μὲν
3242 3342 3543 3414 ἐγυμνοῦτο
3563 3341 3708 3394 θείου
3731 3341 4044 3410 ἀξιώματος

2449 3443 2753 3512 ἄνθρωπος,
2770 3441 2799 3494 δ
2807 3440 2859 3494 ιὰ
2879 3439 3058 3505 ξύλου,
3081 3438 3197 3510 [νῦν
3209 3435 3288 3508 δὲ]
3313 3439 3404 3490 καὶ
3420 3437 3480 3490 τὸ
3496 3436 3638 3489 θεῖον
3660 3433 4042 3503 ἀπολαμϐάνει

2459 3535 2697 3605 ἀξίωμα,
2727 3532 2978 3605 καὶπρὸς
3003 3533 3101 3602 τὴν
3132 3531 3372 3601 πατρίδα
3402 3529 3814 3598 ἀνακομίζεται.
3843 3527 4043 3596 Πρῶην

2464 3627 2493 3679 ὁ
2516 3627 2608 3681 τοῦ
2646 3625 2804 3690 ξύλου
2840 3625 3054 3696 καρπὸς
3081 3624 3366 3693 προύξένει
3401 3622 3493 3675 τὸν
3545 3620 3793 3674 θάνατον.
3839 3619 3958 3686 Ἀφ’
3982 3612 4044 3671 οὗ

2453 3721 2562 3789 γὰρ
2587 3719 2839 3790 σταυρὸς,
2857 3717 3082 3779 θάνατος
3107 3718 3199 3769 ml.
3220 3714 3398 3785 φθορά
3415 3714 3820 3784 κατεπάθησαν,
3834 3711 4046 3781 ἀφθαρ-

2465 3807 2557 3858 σία
2580 3806 2635 3859 δὲ
2685 3805 3049 3859 πολιτεύεται.
3083 3806 3192 3858 Καὶ
3243 3803 3498 3873 ἀλάστωρ
3550 3804 3648 3871 μὲν
3707 3802 3918 3870 δαίμων
3963 3802 4044 3862 εἰς

2459 3898 2650 3969 δέλεαρ
2707 3901 3019 3970 ἀποχρῆται
3081 3897 3241 3966 ξύλῳ,
3294 3897 3389 3950 καὶ
3436 3897 3497 3950 τὸ
3543 3894 3909 3966 ἀπειρόκαλον
3964 3893 4044 3946 ἔτι

2463 3991 2688 4062 πλάσμα
2732 3990 2793 4056 ἐξ
2837 3991 3052 4061 ἀπάτης
3123 3989 3396 4052 σκυλεύει,
3439 3988 3534 4042 καὶ
3573 3987 3666 4041 τοῦ
3714 3984 4046 4055 παραδείσου

2464 4084 2713 4148 ἐλεεινῶς
2764 4084 3012 4152 ὐφέλκει.
3069 4082 3450 4151 Φιλάνθρωπος
3475 4081 3533 4132 δὲ
3575 4080 3852 4146 Δεσπότης
3882 4077 4048 4142 ξύλον

2464 4177 2598 4246 ἡμῖν
2646 4177 2728 4237 είς
2771 4175 3047 4246 σωτηρίας
3086 4175 3248 4227 ὅπλον
3291 4174 3565 4242 δωρεῖται,
3617 4173 3712 4224 καὶ
3758 4171 3943 4236 τίθησι
3975 4169 4046 4223 δι’

2465 4267 2677 4320 ἐκείνου
2703 4265 3026 4338 εὐχείρωτον
3055 4266 3146 4318 τὸν
3173 4265 3452 4334 πολέμιον,
3481 4263 3576 4316 καὶ
3601 4261 3816 4315 δίδωσιν
3839 4261 3901 4314 οὗ
3941 4260 4048 4329 μὸ-

2461 4375 2551 4412 νον
2577 4361 2928 4430 παράδεισον,
2980 4357 3094 4411 ἀλλ’
3121 4358 3284 4410 αὑτὸν
3318 4357 3410 4410 τὸν
3442 4356 3670 4427 οὐρανὸν
3699 4353 3893 4424 οἰκητή
3905 4369 4044 4422 ριον,

787 4470 951 4525 opera
986 4453 1139 4506 facile
1167 4452 1387 4505 anubis
1416 4451 1532 4520 capi
1580 4459 1634 4504 et
1667 4448 1876 4504 domari
1907 4457 2074 4519 queat
2133 4447 2502 4511 adversarius.
2547 4455 2746 4525 datque
2797 4467 2908 4508 non
2952 4451 3128 4507 solum
3181 4449 3518 4520 paradisum,
3585 4446 3682 4502 sed
3745 4453 3798 4500 et
3864 4445 4048 4513 ipsum

763 4548 986 4606 -c(elum
1021 4543 1394 4598 incolendum.

858 4639 1013 4694 Nunc
1049 4637 1231 4692 crucis
1255 4635 1584 4694 amaritudo.
1616 4651 1737 4704 quze
1765 4635 1926 4703 paulo
1966 4645 2088 4688 ante
2115 4649 2211 4687 nos
2245 4643 2359 4688 tur—
2391 4642 2419 4700 ί

2533 4633 2646 4687 Νῦν
2674 4635 2706 4702 ή
2737 4632 2832 4684 τοῦ
2863 4631 3021 4697 ξύλου
3055 4628 3300 4698 πικρία,’
3326 4625 3360 4697 ἢ
3431 4625 3521 4679 ἐπὶ
3562 4624 3759 4695 μικρὸν
3783 4620 3862 4692 τῷ
3889 4621 4049 4693 ἀηδεῖ

789 4731 978 4795 babat,
1005 4732 1058 4784 in
1093 4729 1434 4784 dulcedinem
1471 4742 1733 4781 conversa
1765 4735 1869 4788 est,
1901 4725 2130 4779 diBIIIODi
2157 4733 2363 4786 autem,

790 4823 884 4890 qui
943 4837 1042 4874 nos
1076 4821 1548 4883 circumvenerat,
1582 4835 1708 4872 vere
1755 4819 1808 4872 in
1852 4817 2156 4869 amaritiem
2209 4816 2362 4870 abiit.

788 4911 950 4968 Nunc
982 4911 1291 4977 delectatio,
1321 4927 1428 4982 qua
1459 4911 1801 4982 gloriabatur
1835 4907 1991 4978 quasi
2026 4924 2146 4969 nos,
2177 4915 2234 4962 ut
2264 4907 2366 4962 sibi

792 5005 1182 5074 persuadebat,
1234 5004 1626 5060 immedicabili
1661 5005 1864 5058 damno
1893 5001 2181 5068 ali'ecisset,
2212 5002 2263 5055 in
2299 4999 2367 5056 fel

794 5097 902 5166 ipsi
939 5105 1271 5151 commutata
1326 5097 1568 5150 recessit.
1614 5095 1901 5150 Gaudebat
1939 5095 2084 5148 enim
2119 5108 2244 5147 cum
2285 5109 2370 5148 mc

793 5190 1004 5244 videret
1051 5205 1116 5243 ex
1161 5189 1414 5260 paradiso
1445 5189 1757 5258 expulsum,
1791 5196 2104 5258 terramque
2144 5190 2369 5243 culturae

832 5372 874 5403 "°
908 5370 1052 5425 Psal.
1088 5384 1202 5432 CIII,
1230 5369 1282 5422 ‘2.
1357 5370 1397 5396 ⁷¹
1429 5365 1585 5420 .Ioan.
1613 5382 1689 5430 vr,
1714 5366 1799 5420 35.

2464 4729 2617 4797 ημᾶς
2649 4725 3070 4793 συνετάραττεν,
3113 4723 3192 4783 είς
3225 4718 3540 4788 γλυκύτητα
3577 4713 3933 4785 μετεποιήθη,
3968 4712 4048 4778 τῷ

2462 4819 2507 4870 δ’
2551 4817 2951 4886 ἐξαπατήσαντι
3002 4813 3221 4882 δαίμονι
3276 4809 3492 4878 άληθῶς
3525 4810 3605 4871 είς
3653 4807 3878 4876 πικρίαν
3910 4823 4048 4858 κατ-

2464 4911 2620 4978 έστη.
2649 4906 2761 4960 Νῧν
2789 4908 2822 4976 ἡ
2860 4904 3048 4976 τέρψις
3108 4905 3190 4972 ἐφ’
3291 4901 3621 4968 ὲγεγάννυτο
3654 4897 4049 4967 άθεραπεύτως

2459 5002 2629 5069 ἡμᾶς,
2659 5001 2734 5062 ὼς
2762 4999 2923 5070 ᾤετο,
2954 4997 3183 5060 διαθεὶς,
3215 4997 3295 5058 εἰς
3335 4995 3497 5065 χολὴν
3536 4990 3687 5062 αὐτῷ
3729 4989 4044 5060 μετέϐαλεν.

2485 5094 2780 5162 Ἐτέρπετο
2807 5092 2915 5162 γάρ
2969 5089 3296 5160 παραδείσου
3354 5087 3452 5158 μὲν
3489 5085 3632 5156 ὁρῶν
3665 5083 4044 5151 ἐλαυνόμενον,

2467 5186 2662 5257 πικρὸν
2689 5183 2749 5238 δέ
2793 5201 2881 5254 μοι
2929 5181 3198 5253 γεώργιον
3227 5185 3324 5251 τὴν
3358 5179 3460 5250 γῆν
3493 5179 3734 5232 ἀνιεῖσαν
3754 5174 3850 5246 τὴν
3877 5174 4050 5227 ἄκανο-

2333 5474 2564 5532 NOTAE.

873 5562 986 5642 (28)
1021 5574 1126 5640 Qui
1159 5573 1297 5640 [ante
1320 5573 1673 5640 periclitatur.
1731 5572 1966 5627 Pulchra
2020 5571 2162 5625 ratio
2200 5569 2362 5623 indu-

797 5663 928 5700 cens
958 5647 1026 5699 ad
1069 5645 1508 5714 tleemosynam;
1543 5656 1599 5697 ut
1647 5646 1733 5696 cui
1767 5660 1939 5698 sacrae
1977 5659 2178 5696 mensa:
2213 5657 2367 5694 com-

800 5717 990 5770 munio
1009 5717 1291 5773 tribuitur.
1319 5716 1442 5768 huic
1471 5730 1568 5767 nec
1592 5716 1900 5769 communis
1924 5723 2167 5784 negetur,
2189 5728 2366 5780 quiau-

803 5798 917 5840 tum
950 5789 1141 5840 saltem
1181 5786 1532 5839 necessarius
1561 5801 1694 5839 usus
1728 5782 2010 5854 postulat.‘
2044 5782 2180 5854 Male
2206 5784 2368 5836 (iret-

806 5874 964 5912 scrus
997 5857 1062 5912 ad
1103 5857 1279 5926 ipsum
1318 5859 1498 5919 refert,
1563 5873 1590 5909 a
1625 5872 1735 5926 quo
1771 5857 1839 5910 sit
1892 5853 2194 5924 prmstanda
2231 5855 2370 5906 elec-

2476 5581 2723 5638 mosyna,
2746 5581 2857 5621 non
2887 5563 2975 5618 cui
3001 5559 3402 5638 sitprzestanda
3438 5577 3450 5612 :
3486 5559 3642 5638 quasi
3689 5574 3818 5612 vero
3844 5572 4046 5626 provo-

2473 5631 2929 5693 care'debeamus
2959 5645 3014 5686 ut
3043 5631 3446 5701 eleemosynam
3473 5631 3676 5684 tribuat
3728 5640 4043 5701 pereuntem

2475 5712 2646 5768 l'ame;
2687 5723 2793 5760 non
2837 5707 3055 5766 divites,
3089 5719 3154 5756 ac
3186 5697 3386 5772 quibus
3416 5701 3669 5770 expedita
3702 5701 3772 5753 sit
3800 5699 3924 5768 ejus
3963 5697 4044 5772 fa-

2475 5767 2674 5842 cultas,
2711 5788 2768 5832 ut
2793 5780 2844 5831 in
2866 5791 3065 5847 egenos
3090 5767 3358 5844 ejusmodi
3408 5767 3808 5841 cleemosyuam
3833 5767 4045 5824 confe-

2479 5861 2620 5904 I'illll.
