4232 6444
124 428 190 487 89
775 428 1054 489 ORATIO
1092 431 1191 489 ΙΧ.
1228 456 1292 468 -
1341 432 1421 490 IN
1453 430 2035 492 EXAL'I‘ATIONEM
2073 433 2373 495 SANCTJE
2402 437 2694 497 CRUCIS.
3294 448 3362 509 90

125 542 238 597 Dav,
271 534 411 588 ἀλλά
440 534 535 588 νῦν
564 535 746 590 οὐκέτι
811 555 899 606 μοι
955 538 1233 609 τριϐόλους
1263 542 1358 594 καὶ
1390 543 1629 604 ἀκάνθας
1661 544 1693 611 ὴ
1726 552 1768 603 Λ

1691 585 1693 609 ,
1726 552 1768 603 Α
1800 542 1941 606 loco,
1987 543 2145 611 quasi
2201 560 2297 611 pro
2329 545 2599 607 mercede,
2644 548 2828 615 spinas
2865 548 2995 601 milii
3042 548 3362 606 submitten-

120 629 190 695 γῆ
221 629 623 692 ἀνατελεῖ,οὑδ’
654 631 1055 700 ἐπικατάρατος
1088 634 1145 684 ἐν
1180 636 1293 697 τοῖς
1323 632 1503 703 ἔργοις
1524 635 1696 688 ἔσται.

131 722 193 772 Ἦ
223 722 335 790 γάρ
358 721 455 774 τοῦ
481 722 640 786 ξύλου
690 722 875 791 φύσις,
931 724 998 775 δι’
1047 720 1107 779 οῦ
1140 726 1312 780 ταῦτα
1362 730 1696 798 ἐχορηγεῖτο,

120 813 213 883 τὴν
275 815 541 884 εὐφορίαν
585 832 676 884 μοι
731 818 837 868 τῶν
898 816 1076 871 καλῶν
1153 821 1505 890 ἐχορήγησεν.
1556 822 1705 873 Ἀντ-

122 906 370 975 εστράφη
428 908 640 960 πάντα·
679 909 710 977 ή
760 908 902 977 λύπη
932 910 1012 973 είς
1047 912 1280 981 χαρμὺν,
1311 916 1342 981 ἡ
1372 914 1583 984 κατάρα
1622 918 1700 977 εἰς

120 996 401 1063 εὐλογίαν,
438 1000 472 1067 ἡ
503 998 709 1050 ἄκανθα
731 1002 809 1061 είς
838 1001 1047 1070 καρπὸν
1069 1002 1306 1070 ἥδιστον.
1346 1003 1514 1057 Τοῦτο
1538 1007 1697 1075 μόνον

119 1085 501 1155 ἀμετάϐλητον
530 1087 824 1158 ἐμεινεν,ὴ
863 1090 957 1143 τοῦ
993 1091 1188 1161 ἐχθροῦ
1226 1093 1311 1161 ἐφ’
1340 1088 1423 1157 οἷς
1467 1096 1566 1165 ἐμὲ
1611 1115 1701 1149 κα-

118 1178 226 1242 κῶς
252 1179 477 1247 διέθηκε
512 1183 771 1251 τιμωρία*
810 1182 888 1235 ἔτι
932 1184 1023 1236 ἐπὶ
1048 1184 1253 1238 κοιλίαν
1278 1186 1306 1239 ό
1346 1187 1552 1251 σκολιὸς
1575 1188 1698 1255 ὄφις

117 1272 298 1341 ἐρπει.
331 1272 442 1325 Τοῦ
476 1272 584 1343 γὰρ
607 1274 753 1327 θείου
775 1274 943 1344 ὕψους
1001 1275 1140 1330 ἑκὼν
1172 1279 1229 1331 ἐν
1261 1279 1572 1333 ἀποπτώσει
1601 1297 1692 1347 γες

116 1365 345 1433 νόμενος
369 1365 471 1417 οὐκ
495 1365 559 1417 ἂν
593 1367 848 1420 οὐδέποτε
892 1368 992 1435 τῆς
1028 1371 1200 1439 χαμαὶ
1260 1374 1564 1443 συρομένης
1596 1391 1699 1427 κα-

116 1456 240 1518 κίας
268 1456 585 1511 ἀνανεύσει.
617 1459 847 1511 Ἐτιτὸν
880 1460 1007 1529 χοῦν
1030 1463 1195 1515 ἐσθίει
1221 1465 1319 1534 τὴν
1354 1464 1575 1533 βαρεῖαν
1604 1467 1697 1517 καὶ

116 1550 532 1616 συμπιέζουσαν
592 1551 755 1605 αὑτὸν
798 1551 1007 1619 ὀδύνην,
1053 1553 1170 1606 ἀνθ’
1210 1549 1285 1607 ὧν
1311 1556 1573 1625 ἐπειράθη
1604 1556 1695 1609 τὸν

112 1642 200 1693 διά
230 1642 545 1711 σπλάγχνα.
574 1642 755 1703 ὲλέους
808 1643 873 1695 ἐκ
920 1643 1043 1713 χώς
1070 1646 1147 1706 εἰς
1189 1644 1341 1699 θείαν
1385 1647 1694 1717 ἀνηγμένον

118 1732 525 1801 μακαριότητα,
559 1731 720 1784 πάλιν
772 1732 850 1795 είς
887 1732 1011 1802 χοῦν
1045 1736 1395 1802 καταγαγεῖν.
1420 1736 1601 1789 Ταῦτα
1632 1738 1695 1807 δὴ

114 1824 315 1885 ταῦτα,
350 1824 503 1892 ήτοῦ
559 1824 753 1893 ἐχθροῦ
800 1827 832 1894 ή
897 1826 1117 1894 δριμεῖα
1158 1828 1315 1898 ὀδύνη
1350 1829 1539 1892 ἀλυτος
1575 1832 1690 1883 δια-

1802 640 1908 684 tem
1948 650 1961 687 :
1995 641 2053 687 at
2073 632 2184 701 jam
2226 643 2369 689 terra
2396 652 2504 690 non
2535 638 2772 707 amplius
2797 641 3030 695 tribulos
3068 650 3123 695 et
3175 645 3363 713 spinas

1811 724 2070 789 proferet,
2126 737 2300 792 neque
2346 727 2630 780 maledicta
2663 727 2718 780 in
2766 731 3021 796 operibus
3056 731 3182 786 erit.
3228 732 3362 787 Nam

1801 823 1991 866 natura
2027 814 2180 883 ligni,
2209 828 2319 883 quo
2341 816 2467 871 talia
2491 819 3051 875 subministrabantur
3073 866 3085 887 ,
3121 823 3370 877 fecundi-

1806 913 1969 959 tatem
2022 908 2408 975 praeclarorum
2464 908 2739 966 fructuum
2793 914 2926 967 milii
2977 917 3361 984 suppeditavit.

1808 993 2084 1050 Conversa
2115 1005 2243 1052 sunt
2269 998 2449 1051 omnia
2486 1016 2500 1050 :
2537 1002 2755 1056 tristitia
2785 1005 2837 1057 in
2873 1006 3155 1073 gaudium,
3191 1008 3362 1060 male-

1802 1086 1970 1142 dictio
2006 1090 2057 1142 in
2096 1089 2549 1157 benedictionem,
2571 1094 2728 1161 spina
2755 1095 2808 1148 in
2840 1096 3215 1151 dulcissinnnn
3250 1101 3364 1151 l‘ru-

1802 1189 1970 1234 ctum.
2041 1180 2164 1236 Sola
2241 1183 2599 1239 immutabilis
2663 1189 2923 1239 remansit
2986 1204 3193 1257 pinna,
3257 1204 3363 1258 qua

1804 1271 2064 1326 multatus
2085 1280 2167 1326 est
2185 1272 2377 1337 hostis,
2397 1276 2466 1328 ob
2488 1289 2572 1339 ea,
2592 1290 2714 1344 qua!
2731 1276 2955 1345 malejn
2986 1294 3070 1331 me
3097 1288 3360 1346 pati-arat.

1802 1362 1921 1417 Jam
1967 1379 2131 1433 supra
2164 1376 2406 1419 ventrem
2453 1366 2696 1422 lubricus
2730 1381 2955 1434 serpens
2992 1371 3181 1436 serpit.
3224 1370 3359 1424 Cum

1802 1457 1946 1510 enim
1974 1472 2038 1509 ex
2071 1457 2250 1509 divina
2270 1458 2360 1509 illa
2378 1458 2698 1512 celsitudine
2724 1466 2918 1528 Sponte
2940 1460 3223 1525 exciderit,
3254 1479 3361 1517 non

1801 1547 2035 1614 amplius
2080 1546 2357 1600 abdicabit
2415 1564 2536 1603 sese
2574 1551 2800 1610 malitia.
2834 1566 2955 1620 qua:
3014 1552 3165 1606 ltutni
3201 1558 3359 1622 repit.

1804 1637 2027 1692 Terram
2053 1638 2228 1691 adhuc
2248 1642 2483 1694 comedit
2501 1656 2716 1709 gravem
2742 1644 2910 1706 illam,
2929 1658 3049 1712 quae
3068 1645 3118 1699 ei
3147 1645 3363 1701 dolores

1800 1730 2078 1791 conciliat,
2110 1746 2175 1783 eo
2194 1731 2335 1799 quod
2365 1742 2595 1787 conatus
2627 1735 2718 1797 sit,
2747 1750 2895 1798 enm,
2927 1739 3017 1806 qui
3040 1752 3131 1805 per
3152 1739 3361 1793 viscera

1801 1821 2194 1875 misericordia:
2223 1838 2286 1875 ex
2317 1823 2446 1876 limo
2479 1831 2639 1877 terrae
2670 1826 2735 1878 ad
2770 1827 3044 1882 caelestem
3080 1829 3364 1883 beatitudi-

118 1916 292 1982 μένει,
324 1918 358 1985 ἡ
388 1918 599 1968 ἐκείνου
613 1918 1044 1988 ἀπαραμύθητος
1067 1894 1417 1991 στενοχωρία,
1441 1922 1535 1975 ἅδ’
1563 1924 1694 1991 ἡμῖν
1728 1894 1770 1950 Β

1688 1941 1694 1968 ι
1728 1894 1770 1950 Β
1798 1928 1919 1965 netu
1939 1923 2161 1967 evectus
2186 1924 2321 1977 erat,
2342 1930 2534 1971 rursus
2551 1916 2617 1969 ad
2640 1917 2825 1970 limum
2854 1925 3011 1972 terra:
3031 1920 3319 1975 detrudere
3343 1939 3359 1987 ;

117 2008 490 2078 στενοχωρίαν
524 2010 718 2073 ἐποίει,
774 2011 854 2071 είς
909 2012 1128 2080 εὐρεῖαν
1174 2013 1435 2082 μετῆλθεν
1491 2013 1694 2071 ἄνεσιν.

127 2099 267 2153 Ἀλλ’
292 2098 361 2170 ἦν
384 2100 492 2170 ἄρα
516 2103 606 2153 καὶ
639 2101 793 2153 τοῦτο
832 2101 977 2165 θείας
1010 2104 1358 2173 κηδεμονίας,
1412 2105 1486 2175 μὴ
1535 2106 1696 2174 μόνον

114 2196 388 2262 οἰκτεῖραι
422 2194 513 2245 τὸν
547 2192 787 2246 παθόντα
815 2196 1017 2258 κακῶς,
1057 2196 1190 2264 μηδὲ
1220 2195 1399 2249 δοῦναι
1422 2197 1520 2267 τὴν
1544 2198 1695 2250 ἐλευ-

117 2286 309 2356 θερίαν
338 2286 447 2337 τῶν
480 2284 985 2354 περιστοιχιζόντων
1014 2286 1274 2358 ἀνιαρῶν,
1309 2289 1446 2341 ἀλλά
1477 2290 1698 2342 κάκεῖνο

115 2378 179 2430 δι’
215 2372 278 2430 οὗ
318 2381 419 2446 τῆς
443 2378 615 2447 λύπης
651 2380 952 2450 ήάφορμὴ,
1007 2382 1087 2442 εἰς
1117 2383 1289 2435 αἴτιον
1328 2384 1692 2453 μεταποιῆσαι

121 2472 507 2539 φαιδρότητος,
554 2472 647 2524 καὶ
689 2464 749 2524 οὗ
794 2473 862 2525 δι’
914 2474 942 2525 ὁ
985 2473 1177 2543 ἐχθρὸς
1214 2474 1339 2543 ἔσχε
1366 2475 1593 2544 τρῶσαι,
1622 2475 1691 2529 δι’

118 2564 332 2615 ἐκείνου
360 2564 579 2633 καιρίαν
606 2563 910 2617 ἀντιδοῦναι
936 2565 1107 2633 αὐτῷ,
1134 2565 1192 2628 ὃς
1208 2565 1302 2619 νῦν
1319 2567 1471 2619 ἀλύει
1496 2569 1696 2621 στένων

119 2656 214 2706 καὶ
274 2657 601 2723 ὀδυρόμενος
650 2655 736 2707 διὰ
793 2656 973 2720 ξύλου,
1024 2651 1066 2722 ᾧ
1103 2657 1291 2726 πρώην
1342 2659 1441 2727 ἐμὲ
1485 2661 1699 2728 φυγάδα

119 2747 481 2815 κατέστησεν.
522 2748 761 2815 Ἔφυγον
804 2748 910 2817 γὰρ
953 2749 1017 2801 ὲκ
1062 2749 1357 2818 προσώπου
1409 2751 1563 2816 Θεοῦ,
1602 2752 1699 2822 τὴν

118 2832 407 2910 γύμνωσιν
444 2840 880 2909 συναισθόμενος,
937 2841 1030 2893 νῦν
1072 2842 1234 2893 αὐτὸν
1266 2844 1700 2913 φυγαδευόμενον

118 2934 231 2985 ἀπὸ
265 2934 450 3000 πάσης
476 2934 702 2996 κτίσεως
724 2934 993 3002 καθορῶν,
1017 2936 1109 2986 καὶ
1137 2935 1255 2989 ἀνθ’
1306 2930 1381 2988 ὦν
1426 2936 1537 3003 ἐγὼ
1578 2937 1701 2989 τότε

120 3027 339 3091 φύλλων
393 3026 475 3087 είς
538 3024 789 3094 βοήθειαν
854 3026 1099 3095 ἐδεήθην,
1154 3026 1362 3095 γυμνὸς
1413 3024 1567 3090 οὗτος
1606 3027 1701 3081 καὶ

124 3119 341 3189 ἔρημος
383 3119 562 3186 πάσης
595 3116 848 3187 βοηθείας
887 3118 1199 3188 πορεύεται.
1242 3120 1402 3172 Ἀλλά
1447 3120 1540 3173 νῦν
1582 3120 1693 3189 ἐγὼ

1801 2013 1854 2056 et
1886 2006 1997 2057 llaec
2037 2006 2256 2073 quidem
2299 2006 2373 2059 ita
2420 2023 2479 2061 se
2510 2006 2731 2062 habent.
2765 2008 2984 2065 Interim
3016 2012 3364 2068 incessabilis

1798 2097 1888 2149 ille
1924 2096 2079 2149 dolor
2104 2107 2157 2150 et
2206 2099 2612 2154 inconsolabilis
2640 2100 2857 2155 alllictio
2886 2113 2941 2158 et
2967 2119 3207 2158 aerumna
3241 2122 3355 2175 per-

1798 2190 1960 2257 petim
2009 2188 2212 2251 durat;
2267 2206 2386 2259 quae
2423 2207 2551 2245 vero
2582 2194 2736 2248 nobis
2778 2208 3033 2264 angorem
3075 2201 3357 2263 creabant,

1799 2279 1890 2331 illa
1932 2280 1986 2332 in
2019 2280 2259 2347 requiem
2301 2290 2354 2335 et
2384 2284 2788 2351 pacatissimam
2838 2287 3226 2343 relaxationem
3258 2291 3356 2345 de-

1798 2372 2027 2425 sierunt.
2050 2372 2246 2426 Verum
2265 2374 2406 2427 enim
2426 2390 2554 2430 vero
2571 2377 2669 2431 hoc
2685 2377 2923 2432 divinam
2949 2380 3354 2437 Providentiam

1798 2466 2043 2532 decebat,
2090 2479 2148 2521 ut
2181 2484 2286 2522 non
2317 2471 2493 2523 solum
2530 2472 2668 2526 male
2702 2472 2952 2528 allectum
2983 2478 3360 2543 miseraretur,

1800 2567 1853 2612 et
1895 2574 1923 2611 a
1967 2560 2493 2617 circumsistentibus
2542 2564 2901 2621 incommodis
2952 2568 3224 2633 liberaret,
3267 2575 3360 2627 sed

1801 2657 1859 2702 ιιι
1890 2651 1940 2703 id
1973 2667 2189 2719 quoque
2213 2691 2227 2712 .
2282 2655 2427 2721 quod
2460 2656 2676 2709 occasio
2704 2656 2911 2710 doloris
2938 2659 3063 2720 fuit,
3102 2663 3153 2714 in
3195 2675 3363 2717 matc-

1800 2742 1936 2794 riam
1970 2744 2261 2798 liilaritatis
2286 2754 2666 2810 commntaret,
2685 2757 2741 2801 et
2772 2763 2864 2817 per
2896 2750 2945 2803 id
2974 2767 3083 2820 quo
3111 2753 3363 2810 inimicus

1804 2834 2034 2899 laeserat,
2066 2835 2184 2904 ipse
2216 2837 2456 2891 vicissim
2484 2838 2683 2893 lethale
2710 2844 2907 2895 vulnus
2931 2844 3227 2914 acciperet,
3263 2848 3358 2916 qui

1802 2941 1947 2981 nunc
1997 2928 2217 2982 oberrat
2277 2945 2497 2998 gemens
2548 2940 2603 2983 et
2635 2932 2848 2999 eiulans
2903 2934 3165 2991 beneﬁcio
3208 2939 3360 3008 ligni,

1801 3033 1908 3085 quo
1940 3034 2026 3073 me
2056 3028 2214 3073 antea
2250 3022 2538 3090 profugum
2569 3021 2788 3077 fecerat.
2829 3024 2961 3094 Fugi
2992 3026 3136 3081 enim
3171 3044 3199 3081 a
3228 3028 3363 3085 facie

1802 3110 1893 3165 Dei
1952 3110 2251 3165 nuditatem
2313 3129 2485 3166 meam
2534 3116 2824 3171 reveritus.
2878 3115 3034 3172 Nunc
3079 3120 3253 3188 ipsum
3296 3124 3364 3176 ab

120 3211 262 3280 ὁμοῦ
292 3211 360 3263 τά
392 3210 587 3277 φύλλα,
612 3213 705 3264 καὶ
742 3212 866 3273 τοὺς
909 3210 1267 3280 δερματίνους
1314 3211 1597 3283 ἀπεθέμην
1618 3231 1699 3282 χι·
1726 3217 1768 3274 C

1692 3244 1699 3254 .
1726 3217 1768 3274 α
1800 3202 1951 3255 οηιηί
1987 3211 2242 3256 creatura
2272 3204 2557 3271 expulsum
2587 3207 2897 3275 conspicor.
2933 3207 2998 3261 Et
3045 3210 3165 3263 loco
3197 3212 3316 3277 ejus
3345 3250 3363 3276 ,

121 3303 323 3365 τῶνας·
358 3302 482 3355 οὐδὲ
512 3301 620 3372 γάρ
641 3301 720 3353 ἔτι
750 3302 953 3353 τούτων
990 3301 1068 3354 δεῖ
1099 3301 1197 3370 τῆς
1224 3302 1459 3371 ἀρχαίας
1504 3303 1697 3371 στολῆς

128 3409 219 3459 μοι
241 3382 579 3460 περιπεποιη
589 3390 779 3459 μένης,
807 3391 872 3459 ἣν
896 3390 1036 3459 ξύλῳ
1054 3391 1469 3461 λελυμασμένην
1495 3391 1581 3443 διὰ
1604 3390 1697 3457 ξύ-

123 3485 217 3536 λου
248 3484 711 3553 περιεποιήσαντο
736 3486 788 3534 αἱ
831 3483 928 3552 τὴν
958 3482 1190 3551 ὓπαρξιν
1219 3485 1282 3534 ἐκ
1312 3482 1414 3551 γῆς
1448 3483 1698 3552 δωρησά-

127 3591 288 3641 μεναι
322 3575 529 3641 χεῖρες,
550 3572 607 3624 ἐν
638 3572 811 3642 τούτῳ
839 3570 1222 3635 διεκταθεῖσαι,
1254 3574 1432 3641 χεῖρες
1466 3574 1693 3636 ἐκεῖναι,

126 3659 200 3717 ὧν
229 3664 332 3734 τὴν
363 3664 589 3716 ἔκτασιν
637 3665 729 3715 καὶ
769 3663 866 3732 τὴν
917 3663 1196 3730 ἐνέργειαν
1249 3664 1467 3716 οἰκείων
1502 3664 1699 3733 χειρῶν

127 3760 358 3812 ἐκτάσει
386 3756 626 3825 Μωῦσῆς
648 3755 1034 3822 προδιετύπου,
1065 3756 1324 3822 Μωῦσῆς,
1356 3755 1413 3817 ὃς
1429 3754 1550 3825 ἵστη
1576 3757 1700 3826 τρό-

127 3868 289 3904 παιον
327 3850 482 3912 ἐθνος
527 3849 785 3917 πολέμιον
843 3846 1052 3901 διώκων
1100 3847 1189 3899 τὸν
1228 3847 1493 3917 Ἀμαλὴκ,
1562 3864 1698 3917 προ-

126 3945 480 4015 ῳκειωμένου
512 3942 640 3996 λαοῦ
669 3942 745 4012 τῷ
785 3941 923 4011 Θεῷ.

1802 3291 1947 3361 qnod
1988 3300 2117 3346 tunc
2147 3292 2550 3349 foliis‘subsidii
2590 3310 2754 3351 causa
2793 3297 3021 3368 indigni,
3064 3300 3179 3369 ipse
3218 3317 3366 3356 nunc
3460 3354 3461 3357 η

1802 3388 1949 3440 omni
1980 3401 2082 3456 ope
2112 3388 2407 3443 destitutus
2441 3391 2657 3445 circuit.
2702 3391 2807 3446 Sed
2841 3407 2942 3461 ego
2965 3392 3075 3459 jam
3125 3394 3286 3447 simul
3311 3404 3367 3449 et

1802 3476 1930 3531 folia
1960 3489 2015 3538 et
2046 3488 2230 3535 vestes
2256 3480 2509 3550 pelliceas
2529 3482 2757 3552 deposui
2786 3501 2801 3548 ;
2839 3498 2947 3537 non
2967 3484 3365 3555 enim1amplius

1807 3569 1893 3625 his
1926 3584 2064 3639 opus
2088 3571 2285 3634 habeo,
2311 3572 2535 3641 antiqua
2568 3574 2707 3627 Stola
2724 3576 2904 3628 denuo
2927 3586 3166 3644 recepta,
3201 3591 3365 3645 quam

1804 3660 1951 3731 ligno
1970 3663 2392 3717 contaminatam
2415 3680 2511 3733 per
2532 3665 2736 3735 lignum
2767 3668 3125 3721 restituerunt
3149 3683 3364 3732 manus,

1805 3768 1924 3822 qua:
1955 3771 2039 3809 me
2054 3770 2118 3810 ex
2147 3767 2289 3810 terra
2311 3755 2639 3819 formarunt,
2670 3758 2723 3811 in
2753 3758 2855 3811 lioc
2882 3774 3133 3827 expansa:
3151 3773 3366 3822 manus,

1802 3850 2043 3919 inquam,
2078 3851 2202 3913 illae,
2239 3865 2467 3919 quarum
2504 3852 2880 3905 extensionem
2920 3863 2972 3906 et
3005 3854 3112 3906 vim
3155 3850 3368 3921 Moyses

1802 3943 1931 3997 olim
1990 3958 2213 3998 suarum
2263 3958 2519 4000 manuum
2576 3946 2893 4000 extensione
2955 3946 3360 4014 praeligurabat,

124 4036 367 4107 Moyses,
417 4035 511 4104 qui
567 4042 830 4103 tropaeum
889 4034 1122 4096 statuit,
1168 4032 1419 4087 hostilem
1497 4040 1711 4102 gentem
1768 4032 2190 4088 Amalecitarum
2252 4048 2585 4104 persequens
2643 4036 2725 4100 ⁷³,
2780 4036 3135 4092 reconciliato
3212 4036 3366 4108 prius

123 4132 332 4203 populo
360 4144 484 4183 cum
524 4128 655 4183 Deo.

205 4222 375 4277 Ἀ).λά
428 4220 600 4274 ταῦτα
652 4220 749 4289 μέν
788 4220 995 4289 Μωῡσῇ
1034 4217 1111 4287 τῷ
1142 4217 1492 4289 πρεσϐυτέρῳ
1537 4218 1691 4270 τετέ-

126 4318 310 4369 λεστο·
352 4314 516 4382 ἡμεῖς
554 4311 611 4363 δὲ
633 4310 929 4378 τρυφῶμεν
966 4308 1073 4361 τῶν
1111 4307 1295 4360 τύπων
1324 4310 1443 4371 ταῖς
1471 4307 1696 4360 ἐκϐάσε-

124 4425 237 4474 σιν,
259 4406 398 4474 ὁμοῦ
431 4403 510 4473 τῷ
552 4401 799 4471 ’Δμαλὴκ
820 4404 914 4452 καὶ
945 4398 1037 4452 τοῦ
1068 4398 1290 4461 σκότους
1318 4398 1411 4451 τοῦ
1438 4397 1695 4468 ἄρχοντος

123 4500 421 4560 πίπτοντος
449 4497 547 4549 σὺν
587 4493 771 4563 ἁπάσῃ
797 4509 854 4544 τε
899 4493 1114 4561 ἀοράτῳ
1150 4489 1311 4544 αὑτοῦ
1362 4491 1607 4560 στρατιᾷ,
1634 4483 1695 4543 οὗ

1866 4216 1930 4270 Ει
1980 4216 2094 4270 base
2127 4215 2343 4286 quidem
2373 4214 2443 4269 ab
2492 4214 2715 4284 antiquo
2764 4215 2857 4270 illo
2908 4214 3093 4287 Moyse
3142 4226 3365 4287 peracta

1799 4319 1946 4364 sunt.
1979 4307 2090 4362 Nos
2124 4315 2302 4361 autem
2337 4308 2676 4361 exsultamus
2700 4308 2991 4375 ﬁgurat-nm
3041 4310 3322 4365 eventibus
3345 4349 3363 4371 ,

1800 4398 1961 4453 simul
1991 4396 2306 4452 Amalecitis
2333 4406 2387 4450 et
2421 4396 2668 4465 principe
2713 4396 3057 4450 tenebrarum
3098 4412 3363 4454 corruen-

1803 4490 1971 4551 tibus,
2002 4503 2125 4543 cum
2156 4487 2415 4542 universo
2450 4502 2546 4542 suo
2581 4487 2844 4541 invisibili
2881 4490 3149 4551 exercitu,
3183 4488 3237 4543 in
3266 4505 3364 4543 cu-

123 4593 220 4643 καὶ
259 4591 395 4658 πρὶν
447 4588 527 4649 είς
565 4584 886 4654 καθαίρεσιν
928 4582 1280 4652 ώπλοποιήθη
1322 4580 1553 4651 σταυρὸς
1601 4579 1698 4631 καὶ
1732 4637 1774 4658 n

1691 4599 1698 4631 ι
1732 4637 1774 4658 n
1798 4579 1890 4648 jus
1935 4580 2155 4634 exitium
2199 4579 2349 4647 prius
2404 4593 2619 4650 quoque
2653 4593 2789 4631 crux
2822 4587 2903 4631 est
2950 4577 3266 4645 fabrefacta,
3305 4588 3362 4635 et

122 4684 220 4737 νῦν
254 4680 563 4750 ύψούμενος
603 4680 720 4739 ταῖς
752 4676 942 4729 ἐαυτοῦ
985 4675 1391 4745 μαρμαρυγαῖς,
1412 4668 1501 4726 οἷα
1536 4673 1697 4739 ζόφον

124 4776 291 4830 αὑτὸν
337 4775 401 4825 ὲκ
440 4771 549 4823 τῶν
580 4770 830 4841 περάτων
866 4766 1184 4820 ἀποδιώκει.
1230 4764 1488 4833 ’Υψοῦται
1545 4764 1697 4828 ξύλον

129 4864 493 4937 μακαριστὸν,
524 4864 582 4915 ἐν
606 4855 650 4928 ᾧ
680 4859 844 4912 πάλαι
869 4858 1000 4922 Θεὸς
1031 4858 1188 4929 χερσὶ
1214 4857 1513 4925 μιαιφόνοις
1551 4856 1695 4925 ὑψω-

125 4959 240 5021 θεὶς
295 4953 617 5027 ἐχλευάζετο
642 4991 658 5016 ,
710 4953 739 5004 ό
782 4949 979 5019 χλεύης
1033 4948 1202 5002 ἐλθὼν
1236 4945 1540 5011 ἀπαλλάξαι
1573 4945 1696 5006 τοὺς

130 5050 401 5117 ὑϐριστάς
437 5046 533 5099 καὶ
561 5042 903 5113 ἀγνώμονας.
958 5040 1216 5109 ’Υψοῦται
1250 5038 1424 5104 ξύλον,
1453 5037 1483 5091 ὃ
1531 5036 1697 5089 πάλαι

129 5143 229 5212 μὲν
274 5138 564 5206 συναγωγὴ
638 5134 849 5204 πονηρά
892 5132 1078 5203 χερσὶν
1131 5132 1454 5200 ἐτεκτήνατο
1526 5126 1698 5181 παλα-

131 5234 375 5304 μναίαις,
427 5229 642 5297 θανάτῳ
685 5224 1026 5295 διανοηθεῖσα
1079 5222 1177 5293 τὴν
1207 5222 1351 5291 ζωὴν
1388 5218 1695 5290 προδοῦναι,

1803 4684 1948 4725 nunc
1967 4672 2222 4732 exaltata,
2246 4669 2535 4737 splendore
2556 4683 2676 4732 suo,
2703 4668 2848 4722 velut
2867 4669 3152 4738 caliginem
3175 4684 3364 4739 quam-

1802 4762 1946 4826 dam,
1980 4762 2158 4831 ipsum
2191 4776 2258 4815 ex
2287 4761 2487 4815 ﬁnibus
2519 4770 2677 4815 terra:
2701 4760 3048 4815 exterminat.
3078 4760 3363 4815 Exaltatur

1802 4854 2019 4909 beatum
2047 4854 2273 4923 lignum,
2316 4853 2371 4907 in
2404 4855 2547 4921 quod
2579 4854 2705 4906 olim
2730 4868 2761 4905 a
2787 4853 3069 4908 sceleratis
3110 4854 3361 4909 manibus

1804 4956 1959 4999 actus
2017 4942 2343 4997 irridebatur
2380 4944 2448 5006 is,
2478 4942 2572 5011 qui
2618 4953 2857 5003 venerat,
2900 4949 2959 4995 ut
2997 4941 3065 4996 ab
3108 4942 3362 4997 irrisione

1799 5036 2094 5106 injuriosos
2125 5034 2246 5091 illos
2285 5043 2338 5091 et
2369 5036 2613 5105 ingratos
2648 5034 2927 5087 liberaret.
2964 5032 3245 5088 Exaltatur
3297 5035 3363 5086 li-

1800 5144 1987 5197 gnum,
2025 5128 2164 5197 quod
2199 5129 2325 5182 olim
2363 5128 2597 5195 maligna
2620 5139 2890 5195 synagoga
2923 5126 3175 5179 manibus
3213 5124 3365 5178 fune-

1801 5221 1901 5277 stis
1936 5219 2316 5283 fabricaverat,
2351 5219 2510 5272 morti
2558 5220 2721 5271 vitam
2757 5219 2975 5272 tradere
3000 5226 3193 5271 conata
3225 5235 3239 5281 ;
3275 5220 3363 5271 in-

131 5325 273 5394 σφᾶς
299 5323 344 5375 δ’
375 5321 573 5383 αὐτοὺς
599 5319 1074 5386 ἀποστερήσαντες
1100 5314 1199 5383 τῆς
1226 5313 1371 5381 ζωῆς
1402 5314 1451 5365 οἱ
1474 5309 1700 5379 πονηροὶ

1689 5322 1700 5360 ι
1802 5313 1962 5365 terim
2004 5312 2214 5380 seipsos
2251 5310 2470 5378 pro'iria
2521 5308 2631 5360 vita
2673 5308 2955 5375 privarunt
3002 5308 3239 5378 improbi
3285 5309 3360 5363 illi

128 5417 394 5487 γεωργοὶ,
440 5414 492 5465 οἱ
523 5411 600 5481 τῷ
633 5409 957 5480 κληρονόμῳ
1005 5408 1207 5477 τόλμαν
1240 5404 1502 5476 ἀράμενοι
1533 5418 1699 5470 πονη-
1796 5423 1799 5451 :

1690 5430 1699 5441 -
1796 5403 2085 5472 agricolae,
2146 5402 2237 5470 qui
2280 5402 2501 5465 luet-edi,
2539 5409 2752 5467 sumpta
2803 5398 3073 5461 audacia,
3127 5399 3361 5455 nefarias

134 5511 234 5579 pic
265 5509 455 5577 χεῖρας
480 5502 777 5565 ἐπιϐαλεῖν,
811 5501 926 5569 οἶγε
958 5498 1291 5568 κληρονόμον
1322 5494 1702 5565 ὁμολογοῦντες
1803 5510 1805 5546 1

1689 5511 1702 5555 ;
1803 5509 1998 5548 manus
2030 5492 2334 5561 injecerunt
2364 5510 2378 5557 ;
2407 5492 2498 5560 qui
2530 5490 2795 5544 liazredem
2821 5505 2941 5545 esse
2965 5490 3120 5554 fassi,
3160 5492 3360 5546 invidia

132 5599 314 5669 φθόνῳ
342 5596 439 5650 καὶ
472 5594 635 5664 μανία
672 5592 959 5662 μεθύοντες
983 5589 1079 5660 τὴν
1102 5588 1261 5641 αὐτοῦ
1288 5586 1443 5651 δόξαν
1486 5586 1545 5639 οὐ
1584 5602 1709 5637 συν-

1690 5611 1709 5623 ·
1804 5595 1858 5639 et
1894 5586 2078 5640 lurore
2107 5586 2267 5647 ebrii,
2302 5586 2527 5654 gloriam
2569 5580 2687 5652 ejus
2726 5596 2834 5635 non
2867 5581 3268 5645 intellexerunt,
3304 5591 3361 5635 ut

137 5706 307 5760 ίεσαν,
359 5679 548 5759 ᾖφησι
584 5685 642 5737 τὸ
670 5683 867 5751 λόγιον,
908 5683 974 5735 Ei
1018 5681 1127 5751 γὰρ
1164 5680 1456 5751 ἔγνωσαν,
1493 5678 1603 5732 οὐκ
1634 5675 1712 5731 ἂν

1689 5693 1712 5722 ν’
1810 5693 1982 5734 sacra:
2012 5677 2231 5734 Littera:
2253 5684 2521 5734 testantur
2554 5691 2567 5729 :
2616 5671 2754 5727 Nam
2787 5674 2831 5728 si
2853 5674 3231 5742 cognovissent,
3260 5689 3360 5729 non

205 5873 250 5901 ⁷³
287 5868 459 5924 Exod.
494 5882 621 5927 xvn,
651 5865 703 5919 θ.
