4232 6444
826 435 895 501 (ενι
2057 427 2332 488 LEONIS
2374 429 2473 488 PH
2485 427 2501 486 i
2513 421 2827 485 LOSOPIII
4010 426 4080 487 92

831 553 1010 622 utique
1070 549 1352 606 Dominum
1398 542 1580 614 gloria:
1617 539 2088 608 cruciﬁxissent".
2135 540 2252 594 Non
2296 554 2391 592 co-
2427 548 2502 595 At

2427 548 2463 595 Α
2493 538 2600 590 τόν
2626 539 2846 604 Κύριον
2866 535 2977 602 τῆς
3009 536 3196 604 δόξης
3215 537 3630 604 ἐσταύρωσαν.
3658 538 3771 593 Οὐκ
3799 539 4070 608 ἔγνωσαν.

833 647 1162 716 gnoverunt.
1191 637 1319 707 quia
1349 648 1682 704 cognoscere
1709 633 2021 698 noluerunt,
2052 639 2164 684 tota
2193 632 2404 700 cogita-

833 737 983 790 tione
1008 731 1072 785 ad
1104 727 1363 783 invidiam
1411 736 1695 786 conversa,
1733 723 2030 794 gloriaeque
2060 721 2398 790 magnitudi-

831 843 978 888 nem,
1020 823 1121 879 etsi
1151 819 1520 879 manifestam,
1552 829 1853 886 agnoscere
1881 815 2267 877 detrectantes,
2291 827 2398 866 non

830 919 1098 974 dederunt
1126 914 1304 968 locum
1331 909 1525 963 rationi
1548 907 1617 962 ad
1650 907 2084 978 intelligendum,
2107 912 2165 958 ut
2193 913 2396 958 tantam

828 1008 1037 1064 rabiem
1074 1005 1418 1064 cohiberent,
1476 1010 1692 1054 tantum
1727 999 1792 1052 ad
1821 997 2138 1067 sanguinem
2181 995 2397 1050 Domini

827 1093 1214 1151 ellundendum
1266 1089 1500 1144 intenti:
1525 1088 1618 1144 sed
1651 1085 1901 1142 viderunt
1938 1093 1992 1140 et
2024 1091 2399 1155 cognoverunt

827 1186 1098 1241 lueredem
1109 1226 1122 1238 .

894 1278 1281 1348 Cognoverunt
1327 1279 1493 1336 certe,
1537 1286 1645 1324 non
1695 1277 1752 1322 ut
1801 1280 2055 1337 tanquam
2105 1268 2392 1323 Dominum

827 1372 1014 1442 gloria:
1048 1369 1400 1424 honorarcut.
1433 1364 1529 1417 Sed
1561 1373 1620 1416 ut
1652 1361 2016 1431 ignominiosa
2043 1367 2217 1412 morte
2249 1361 2392 1429 peri-

827 1475 1058 1521 merent.
1108 1465 1178 1517 Ea
1216 1465 1360 1518 enim
1395 1461 1613 1515 invidiae
1644 1469 1839 1512 natura
1869 1465 1972 1512 est.
2021 1454 2138 1510 Non
2175 1456 2392 1524 recipit,

827 1575 947 1626 quze
962 1556 1250 1610 conﬁtetur
1273 1571 1288 1621 ;
1315 1568 1489 1622 neque
1524 1551 1576 1604 id
1604 1549 1749 1620 quod
1777 1547 2010 1610 videtur,
2038 1545 2223 1599 videre
2255 1547 2392 1604 vult,

829 1661 1001 1716 neque
1031 1646 1284 1701 assentiri
1320 1643 1408 1704 iis,
1447 1655 1567 1710 qua!
1594 1637 1780 1707 negari
1815 1641 2115 1706 nequeunt.
2158 1632 2270 1687 ilac
2299 1648 2394 1686 oc-

826 1735 1031 1807 cupati,
1081 1733 1309 1804 p0pulus
1342 1732 1611 1800 ingratus,
1663 1726 1956 1788 haeredem,
1989 1723 2178 1792 gloria:
2206 1721 2387 1774 Domi—

2503 630 2624 682 ἐπεὶ
2661 629 2782 698 μηδ’
2809 627 3195 698 ἠϐουλήθησαν
3231 628 3462 696 γνῶναι,
3507 630 3629 684 ὅλον
3674 632 3765 684 τὸν
3816 632 4079 701 λογισμὸν

2503 724 2596 775 ἐπὶ
2623 725 2716 777 τὸν
2744 725 2936 792 φθόνον
2973 725 3384 789 ἀποκλίναντες,
3426 725 3519 778 καὶ
3563 725 3624 778 τὸ
3657 725 3942 795 μεγαλεῖον
3973 726 4077 796 τῆς

2503 815 2683 884 δόξης,
2717 818 2809 870 καί
2838 833 2922 870 τοι
2950 833 3014 878 γε
3032 817 3262 887 φανερὸν
3289 817 3370 882 ὃν,
3399 817 3628 870 συνιδεῖν
3652 817 3752 868 οὐκ
3778 817 4075 879 ἐθέλοντες.

2500 909 2614 961 υὺκ
2643 909 2852 963 ἔδωκαν
2891 909 3056 963 τόπον
3083 910 3162 980 τῷ
3190 911 3435 980 λογισμῷ
3469 911 3707 963 συνεῖναι
3733 949 3746 973 ,
3788 908 3930 962 ὥστε
3979 911 4078 980 τὴν

2498 1000 2766 1070 τοσαύτην
2793 999 2989 1054 λύτταν
3037 1003 3304 1070 ἐπισχεῖν,
3341 1002 3478 1070 πρὸς
3527 1003 3688 1071 μόνον
3722 1000 3783 1054 τὸ
3831 1001 4076 1054 κενῶσαι

2498 1091 2560 1144 τὸ
2583 1091 2903 1146 δεσποτικὸν
2929 1087 3066 1162 αἷμα
3103 1093 3245 1158 ὀξεῖς
3271 1095 3578 1162 γεγονότες.
3626 1095 3764 1149 Ἀλλ’
3795 1092 3939 1148 εἶδον
3974 1096 4077 1166 μὲν

2501 1173 2595 1239 καῖ
2630 1187 2845 1238 συνιᾶσι
2882 1185 2974 1238 τὸν
3005 1187 3362 1256 κληρονόμον.

2567 1275 2785 1329 Συνιᾶσι
2817 1275 2918 1345 μέν
2947 1293 3031 1329 τοι
3063 1276 3149 1346 ἐφ’
3171 1269 3214 1345 ᾦ
3242 1279 3338 1348 οὐχ
3370 1278 3446 1340 ὡς
3473 1277 3681 1350 Κύριον
3717 1278 3875 1350 δόξης
3903 1279 4075 1349 τιμῆ⁹

2495 1385 2609 1431 σαι,
2641 1368 2756 1422 ἀλλ’
2782 1369 2866 1436 ἐφ’
2895 1359 2936 1434 ᾧ
2969 1368 3304 1438 παραδοῦναι
3332 1369 3546 1440 θανάτῳ
3588 1369 3784 1440 ἀτίμῳ.
3817 1371 4076 1426 Τοιοῦτον

2494 1459 2604 1528 γὰρ
2631 1462 2659 1513 ὁ
2685 1460 2897 1528 φθόνος·
2935 1460 2996 1512 οὐ
3031 1461 3388 1530 καταδέχεται
3427 1462 3463 1516 ἃ
3491 1461 3766 1531 ὁμολογεῖ,
3801 1463 3913 1516 οὐδ’
3939 1465 4076 1535 όρᾷν

2495 1549 2739 1620 βούλεται
2768 1551 2830 1604 τὸ
2870 1552 3214 1621 φαινόμενον,
3253 1553 3375 1605 οὐδὲ
3415 1553 3801 1608 κατατίθεσθαι
3831 1554 4073 1619 τούτοις,

2492 1638 2527 1692 ἃ.
2555 1641 2630 1709 μὴ
2661 1640 2946 1710 ἀρνεῖσθαι
2976 1642 3221 1695 δυνατόν.
3274 1642 3464 1714 Τούτῳ
3497 1643 3893 1714 κρατηθέντες,
3944 1645 4077 1707 λαὸς

2493 1731 2762 1801 ἀγνώμων
2802 1733 2893 1786 τὸν
2935 1734 3269 1806 κληρονόμον
3307 1735 3407 1804 τῆς
3444 1735 3602 1806 δόξης
3625 1737 3714 1790 τὸν
3749 1737 3980 1803 Κύριον,
4015 1738 4075 1789 ὃν

825 1843 978 1890 num,
1003 1840 1164 1896 quem
1188 1830 1454 1878 noverant
1481 1819 1787 1891 (quomodo
1817 1818 1961 1872 enim
2001 1818 2240 1870 divinam
2273 1813 2392 1884 ejus
2425 1886 2462 1896 _
2491 1839 2496 1852 ε

2425 1886 2462 1896 _
2491 1823 2692 1890 ᾔδεσαν
2726 1822 2866 1894 (πῶς
2917 1823 3027 1893 γὰρ
3081 1824 3230 1893 ἐνῆν,
3267 1826 3483 1894 ἀγνοεῖν
3538 1827 3636 1896 τὴν
3689 1826 3877 1896 θεῖκὴν
3905 1827 4071 1880 αὐτοῦ

829 1886 1168 1989 majestatem
1221 1886 1498 1984 ignorare
1521 1886 1769 1980 poterant
1817 1910 1916 1971 illi,
1959 1907 2103 1976 apud
2137 1921 2277 1976 quos
2310 1915 2393 1960 tot
2421 1886 2500 1963 Bt‘

2421 1886 2464 1940 Β
2491 1886 2666 1978 δόξαν,
2713 1886 2794 1978 οἷς
2821 1915 2886 1984 τῇ
2929 1886 3225 1984 ύπερφυῖα
3252 1886 3361 1968 τῷν
3392 1886 3684 1986 θαυμάτων
3711 1886 4007 1987 διέλαμψεν
4032 1924 4070 1982 ;)

829 2013 1106 2080 tantisque
1139 2008 1416 2063 miraculis
1448 2003 1753 2074 fulgebat?)
1784 2001 1940 2071 quasi
1967 2014 2073 2052 non
2105 1999 2384 2068 cognitum

828 2105 884 2156 in
917 2104 1060 2170 ligno
1089 2099 1409 2160 extendunt,
1443 2098 1604 2164 cujus
1635 2095 1780 2159 virga
1819 2090 2250 2161 prtesigniiicans
2279 2090 2385 2142 vim

827 2202 880 2247 et
914 2191 1233 2255 efﬁcaciam,
1265 2189 1560 2243 scelestum
1602 2185 1937 2239 Pharaonem
1970 2197 2092 2236 cum
2135 2183 2388 2236 curribus

827 2294 881 2339 et
906 2284 1292 2338 ascensoribus
1311 2282 1366 2336 in
1392 2280 1719 2350 profundum
1744 2279 2027 2344 demersit,
2053 2278 2198 2330 viam
2232 2276 2392 2331 liber-

821 2381 958 2432 tatis
997 2377 1250 2446 aperiens
1303 2374 1523 2444 poliulo,
1554 2374 1646 2441 qui
1677 2371 1794 2424 into
1837 2377 1891 2424 et
1949 2369 2183 2422 lateritio
2221 2383 2387 2438 opere

827 2472 1056 2526 adﬂictus
1088 2469 1283 2522 fuerat.
1327 2467 1440 2519 Non
1474 2464 1834 2519 couﬂictabor
1858 2477 1988 2534 ergo
2012 2462 2246 2530 amplius
2275 2462 2388 2516 luto

826 2572 882 2615 et
905 2559 1056 2633 gravi
1087 2559 1318 2612 lateritio
1343 2571 1506 2627 opere
1536 2557 1764 2626 peccati.
1788 2553 1908 2608 tiam
1937 2554 2082 2609 enim
2104 2554 2386 2609 salutifera

827 2653 980 2722 virga
1046 2651 1235 2705 mundi
1299 2651 1511 2705 hostem
1559 2649 1719 2704 nobis
1777 2649 2210 2704 inl’ensissimum
2260 2662 2384 2703 cum

824 2751 939 2796 tota
991 2743 1236 2813 potentia
1286 2751 1342 2794 et
1377 2741 1664 2812 tyrannide
1712 2742 1920 2810 peccati
1975 2741 2159 2795 obruit
2203 2757 2216 2793 :
2253 2738 2389 2793 mihi

828 2850 961 2889 vero
989 2833 1194 2888 misero
1219 2845 1272 2888 et
1305 2835 1569 2888 destituto
1599 2832 1797 2888 salutis
1833 2832 1977 2885 viam
2009 2832 2223 2902 pandit.
2259 2827 2388 2884 Vio-

827 2928 1004 2982 lentor
1032 2926 1250 2994 quidem
1277 2933 1599 2996 persecutor
1631 2941 1717 2980 me
1738 2925 2023 2979 insecutus
2056 2932 2160 2986 est,
2201 2923 2295 2977 sed
2320 2921 2390 2976 ab

827 3023 1031 3092 impetu
1059 3021 1348 3075 cohibitus
1387 3028 1472 3074 est
1523 3019 1753 3073 terribili
1813 3019 2047 3088 quodatn
2103 3015 2390 3071 obstaculo

825 3114 1061 3183 objecto.
1090 3110 1235 3166 Vidit
1262 3113 1502 3166 divinam
1540 3123 1895 3172 armaturam,
1926 3119 1980 3165 et
2010 3110 2253 3163 concidit
2289 3122 2391 3177 po-

2489 2005 2564 2070 ὡς
2611 2004 2686 2076 μὴ
2725 2006 2925 2070 εἰδότες
2963 2007 3056 2060 ἐπὶ
3089 2006 3244 2071 ξύλου
3280 2007 3568 2072 τανύουσι,
3601 2004 3662 2064 οὗ
3697 2010 3894 2078 ρἀδος
3935 2027 4076 2080 προ·

2494 2094 2772 2164 μηνύουσα
2809 2096 2908 2167 τὴν
2939 2099 3237 2168 ἐνέργειαν,
3271 2098 3363 2150 τὸν
3411 2099 3687 2170 ἀλιτήριον
3737 2100 3939 2172 Φαραὼ
3977 2101 4074 2152 αὑ-

2489 2191 2600 2252 τοῖς
2629 2188 2837 2259 ἀρμασι
2869 2191 2964 2244 καὶ
3003 2190 3299 2254 ἀναϐάταις
3328 2190 3574 2263 θαλάσσῃ
3608 2191 3876 2257 ἐϐύθιζεν,
3915 2193 4072 2247 ἐλευ-

2492 2282 2678 2353 θερίας
2706 2283 2828 2335 ὁδὸν
2857 2282 3133 2352 τέμνουσα
3174 2284 3331 2355 πηλῷ
3361 2286 3456 2340 καὶ
3485 2284 3736 2356 πλινθείᾳ
3781 2286 4069 2340 ταλαιπω-

2494 2375 2744 2445 ρουμένῳ
2794 2374 2928 2445 λαῷ.
2984 2374 3195 2429 Οὔκουν
3224 2377 3406 2430 οὐκέτι
3439 2377 3596 2448 πηλῷ
3622 2378 3715 2430 καὶ
3745 2377 3953 2450 πλίνθῳ
4000 2381 4068 2450 τῇ

2492 2467 2685 2539 βαρείᾳ
2732 2467 2832 2537 τῆς
2889 2467 3166 2538 ἁμαρτίας
3214 2470 3446 2540 ἐργασίᾳ
3491 2471 3924 2542 ταλαιπωρήσωο
3967 2471 4068 2542 ήδη

2490 2559 2600 2628 γὰρ
2625 2561 2659 2629 ή
2689 2558 2780 2612 τοῦ
2823 2559 3031 2629 κόσμου
3081 2561 3350 2632 σωτήριος
3393 2561 3587 2632 ρἀδος
3621 2562 3819 2633 Φαραὼ
3851 2562 3952 2632 μὲν
3978 2562 4072 2616 τὸν

2487 2649 2749 2720 δυσμενῆ,
2781 2650 2917 2720 αὐτῇ
2945 2649 3175 2720 δυνάμει
3212 2652 3306 2704 καὶ
3343 2651 3615 2722 τυραννίδι
3637 2653 3738 2723 τῆς
3765 2654 4068 2724 ἁμαρτίας,

2493 2740 2925 2805 κατακαλύπτει,
2958 2743 3080 2812 ἐμοὶ
3125 2742 3168 2795 δ’
3203 2742 3602 2815 ἐξηπορημένῳ
3646 2746 3924 2815 σωτηρίας
3952 2745 4073 2799 ὁδὸν

2492 2833 2805 2902 ὑπανοίγει.
2836 2833 3030 2888 Βιαίαν
3061 2836 3090 2887 6
3112 2832 3348 2904 διώκτης
3372 2835 3600 2906 εποίησε
3623 2835 3724 2906 τήν
3742 2835 3925 2900 δίωξιν
3948 2838 4072 2890 κατ’

2491 2923 2647 2994 ἐμοῦ,
2695 2923 2832 2976 ἀλλὰ
2879 2926 2979 2994 τῆς
3023 2923 3204 2995 ῥύμης
3260 2924 3394 2994 ἔστη
3432 2926 3745 2997 περιτυχὼν
3781 2928 4072 2997 κωλύματι

2493 3016 2727 3088 φοϐερῷ.
2756 3013 2908 3070 Εἷδεν
2933 3017 3096 3071 ὅπλον
3126 3016 3291 3080 θεῖον,
3327 3019 3423 3071 καὶ
3450 3019 3738 3090 συνετρίϐη
3770 3022 3870 3090 τὴν
3911 3020 4073 3075 δύνα-

2496 3127 2607 3178 μιν.
2645 3109 3030 3179 Ἐπέστραψαν
3069 3111 3125 3163 αί
3157 3110 3351 3164 τούτου
3389 3113 3628 3177 ἀκτῖνες,
3668 3113 3851 3166 καὶτὸ
3873 3115 4074 3168 διῶκον

829 3207 1014 3262 tentia.
1041 3203 1198 3258 Radii
1229 3205 1388 3273 hujus
1415 3205 1756 3266 ell‘ulserunt,
1789 3204 2154 3271 tenebrasque
2179 3202 2392 3254 instan-
2416 3217 2459 3275 ο
2494 3220 2500 3249 ι

2416 3217 2459 3275 C
2494 3201 2686 3264 σκότος
2713 3200 2959 3266 ἐδίωξαν.
3004 3197 3124 3256 Είδε
3154 3204 3215 3257 τὺ
3246 3203 3521 3274 βασιλικὸν
3554 3209 3834 3276 σκῆπτρον
3864 3208 3893 3260 ὁ
3940 3207 4071 3261 ἀλά-

828 3308 910 3352 tes
943 3307 994 3352 et
1022 3307 1410 3365 persequentes
1439 3296 1801 3363 dispulerant.
1837 3293 1984 3348 Vidit
2025 3295 2231 3361 regium
2269 3307 2389 3347 sce-

825 3397 1004 3458 ptrum
1041 3389 1322 3456 improbus
1360 3387 1448 3438 ille
1481 3389 1698 3455 genius,
1742 3395 1795 3440 et
1821 3384 2069 3440 desertor
2102 3395 2388 3454 tyrannus,

822 3492 879 3534 et
936 3483 1161 3535 horrore
1185 3483 1434 3550 perfusus
1479 3483 1530 3533 in
1553 3497 1794 3534 summas
1824 3481 2104 3548 angustias
2132 3479 2388 3533 detrusus

825 3581 930 3628 cst.
963 3572 1102 3638 Quid
1135 3587 1266 3640 ergo
1293 3574 1315 3624 ?
1342 3572 1445 3634 An,
1470 3587 1504 3624 ο
1528 3575 1706 3625 omnis
1742 3571 2110 3639 improbitatis
2140 3579 2386 3639 repertor

825 3672 880 3718 ct
923 3662 1139 3726 artifex,
1179 3664 1359 3717 adhuc
1411 3665 1463 3718 in
1502 3667 1670 3718 altum
1719 3663 1962 3731 loqueris
2011 3661 2298 3725 sublimia,
2333 3671 2387 3714 et

827 3753 1113 3825 magnifice
1140 3754 1484 3825 gloriaberis,
1514 3754 1672 3822 quasi
1710 3768 1904 3807 manus
1933 3761 2051 3805 tuas
2088 3753 2165 3806 sis
2192 3761 2386 3805 exten-

825 3861 1010 3912 surus,
1033 3854 1313 3915 totumque
1340 3854 1610 3899 terrarum
1629 3845 1817 3898 orbem
1841 3845 1982 3898 velut
2013 3857 2113 3897 ova
2132 3843 2392 3896 detractis

827 3938 1200 4006 putaminibus
1220 3940 1271 3990 in
1299 3939 1468 3992 altum
1514 3945 1773 4005 rapturus
1800 3937 1823 3990 ?
1853 3935 2224 4004 Nequaquam.
2248 3933 2390 3998 Quin

824 4043 1049 4099 magnas
1078 4030 1148 4084 ob
1187 4029 1709 4098 magniloquentiam
1748 4029 1905 4083 istam
1942 4042 2132 4098 pinnas
2174 4028 2389 4096 pendis.

823 4119 994 4190 igitur
1023 4137 1127 4176 non
1171 4122 1346 4176 solum
1379 4122 1474 4175 tibi
1516 4137 1622 4175 non
1657 4121 1783 4176 licet
1832 4107 2388 4184 manusiextcndere,

2498 3306 2666 3360 στωρ,
2711 3293 2739 3344 ὁ
2772 3292 3088 3364 ἀποστάτης
3121 3295 3403 3366 τύραννος,
3430 3297 3525 3349 καὶ
3551 3297 3722 3368 φρίκῃ
3760 3298 4070 3368 συσχεθεὶς,

2495 3382 2824 3453 ἐξηπόρησε.
2853 3384 2918 3436 Τί
2957 3385 3071 3452 Eat;
3115 3384 3374 3457 Ἀρόὖν,
3413 3383 3460 3442 ὦ
3482 3392 3583 3460 τῆς
3615 3391 3811 3454 κακίας
3847 3391 4070 3462 εὑρετὰ,

2493 3473 2576 3526 ἔτι
2601 3473 2854 3544 λαλήσεις
2887 3477 2968 3538 είς
3002 3479 3064 3529 τὸ
3087 3476 3220 3547 ὕψος
3251 3481 3554 3551 ὑπέρογκα,
3597 3483 3690 3534 καὶ
3719 3483 4071 3554 μεγαλορρη-

2497 3566 2752 3634 μονήσεις
2788 3568 3026 3618 ὲκτενεῖν
3053 3567 3152 3630 τὰς
3181 3571 3390 3639 χεῖρας,
3418 3570 3514 3622 καὶ
3543 3573 3726 3624 πᾶσαν
3751 3570 3968 3641 ἐξαρεῖν
3993 3571 4070 3633 ὡς

2492 3659 2574 3710 tbi
2609 3657 3074 3729 καταλελειμμένα
3105 3661 3581 3730 τὴνοίκουμένηνς
3613 3661 3900 3732 Οὐδαμῶς,
3933 3661 4068 3715 ἀλλά

2487 3751 2580 3802 καὶ
2607 3749 2843 3817 φοϐερὰν
2879 3751 3180 3822 εἰσπράττῃ
3214 3752 3313 3820 τῆς
3365 3753 3929 3824 μεγαλορρημοσύνης
3965 3754 4068 3824 τὴν

2485 3845 2700 3913 ποινήν.
2734 3843 2847 3896 Οὐκ
2896 3842 2990 3896 οὖν
3045 3845 3331 3914 περιέσται
3374 3862 3453 3899 σοι
3508 3846 3582 3917 μὴ
3639 3847 3722 3900 ὅτι
3774 3849 4064 3906 ἐκτείνειν.

2483 3932 2599 3986 ἀλλ’
2631 3931 2751 3987 οὐδὲ
2781 3934 2953 3986 κινεῖν
2987 3933 3084 4004 τὴν
3119 3936 3298 4005 χεῖρω
3339 3935 3576 4008 παρείθη
3607 3937 3717 4008 γὰρ
3748 3937 3844 3992 καὶ
3871 3938 4067 4007 γέγονε

2491 4024 2854 4095 ἀνενέργητος
2878 4063 2894 4090 ,
2923 4023 3020 4077 τοῦ
3057 4025 3291 4097 σταυροῦ
3345 4029 3424 4090 είς
3461 4027 3530 4080 τὰ
3583 4028 3797 4098 πέρατα
3850 4029 4068 4084 διεκτα-

2487 4117 2693 4182 θέντος.

822 4214 917 4268 sed
959 4229 1134 4283 neque
1175 4228 1408 4267 movere.
1458 4212 1746 4269 Dissoluta:
1790 4213 1936 4268 enim
1967 4212 2080 4283 jam
2131 4217 2262 4265 sunt
2301 4216 2356 4264 et
2392 4208 2698 4264 iueﬂicaces
2749 4208 2999 4274 reddite,
3032 4223 3195 4265 cruce
3229 4225 3402 4281 usque
3429 4211 3496 4265 ad
3533 4210 3669 4269 lines
3740 4223 3898 4270 terra:
3960 4229 4061 4269 ex-

822 4320 998 4363 101183.

889 4401 1009 4456 Jam
1051 4401 1180 4454 olim
1215 4400 1433 4470 quidem
1481 4401 1753 4455 hominem
1791 4401 2066 4472 perversis
2114 4401 2223 4454 tuis
2264 4414 2388 4470 per-

2565 4391 2740 4446 Πάλαι
2796 4391 2897 4462 μὲν
2943 4389 3038 4444 οὖν
3062 4390 3153 4443 τὸν
3186 4390 3476 4462 ἄνθρωπον
3521 4395 3640 4457 ταῖς
3674 4396 3793 4458 σαῖς
3821 4395 4062 4457 σκολιαῖς

823 4492 1172 4548 suasionibus
1207 4495 1676 4562 obtemperantem
1703 4494 1968 4562 relinquit
1998 4491 2164 4558 Deus,
2197 4508 2303 4546 non
2330 4500 2388 4545 ut
2493 4514 2494 4517 η

2493 4486 2854 4553 παραγωγαῖς
2906 4483 3352 4554 πειθαρχήσαντα
3378 4523 3394 4549 ,
3445 4484 3620 4538 λείπει
3651 4485 3803 4550 Θεὸς,
3839 4488 3938 4560 οὐχ
3976 4490 4063 4543 ἵνα

822 4584 946 4647 tibi,
975 4582 1390 4644 scelestissime,
1418 4582 1613 4652 praedae
1643 4595 1788 4638 esset
1838 4587 1970 4652 (non
2004 4592 2287 4654 tantopere
2314 4584 2384 4637 ob
2417 4614 2460 4670 ι)

2417 4614 2460 4670 D
2493 4595 2575 4630 σοι
2624 4576 2704 4648 τῷ
2749 4575 3077 4670 παλαμναίιρ
3108 4575 3668 4670 ,ἅρπαγμαῄγένηταν
3702 4579 3801 4650 οὐχ
3830 4579 4006 4647 οὕτως
4035 4586 4064 4636 ό

820 4687 1001 4728 meum
1030 4686 1270 4726 errorem
1304 4672 1730 4739 benignissimus
1760 4671 1920 4728 Pater
1947 4675 2267 4744 irascitur),
2291 4672 2387 4728 sed
2417 4665 2451 4670 ⁷

2417 4665 2451 4670 ⁷
2498 4668 2882 4738 φιλάνθρωπος
2938 4665 3129 4736 Πατὴρ
3185 4666 3279 4719 ἐπὶ
3342 4665 3420 4736 τῷ
3475 4667 3593 4738 ἐμῷ
3666 4671 4063 4742 παροργίζεται

821 4774 888 4812 eo
918 4773 1091 4826 usque
1139 4757 1405 4812 duntaxat
1451 4758 1689 4822 deserit,
1732 4770 1793 4814 ut
1837 4775 1998 4816 casus
2044 4763 2128 4814 sui
2168 4771 2387 4832 gustum
2487 4783 2492 4809 ε

2487 4761 2764 4831 σφάλματι
2785 4773 2800 4790 ·
2857 4758 2993 4812 ἀλλά
3052 4758 3306 4812 τοσοῦτον
3356 4759 3513 4828 μόνον
3563 4761 3882 4815 καταλείπει
3936 4766 4062 4818 ὅσον

821 4849 1111 4921 quemdam
1134 4857 1189 4905 et
1214 4865 1434 4905 sensum
1468 4852 1682 4916 habeat,
1701 4867 1876 4922 eoque
1903 4853 2074 4923 magis
2101 4854 2383 4925 intelligat,
2485 4874 2492 4902 ι

2485 4852 2838 4920 συναίσθησιν
2891 4850 3073 4906 λαϐεῖν
3113 4851 3206 4905 τοῦ
3251 4852 3586 4924 σφάλματος,
3643 4859 3736 4909 καὶ
3768 4857 3966 4928 μαθεῖν
3995 4859 4061 4914 δι’

820 4957 927 5011 qua
961 4943 1171 4997 ratione
1194 4941 1570 4997 insidiatorem
1603 4946 1776 5000 vitare
1799 4946 2030 5010 debeat,
2068 4948 2150 5002 vel
2181 4953 2385 5004 rectius
2481 4942 2491 4998 ἀ

2481 4938 2556 4998 ὦν
2591 4943 2896 5015 φυλάξομαι
2932 4943 3026 4996 τὸν
3073 4943 3356 4996 ἐπίϐουλον
3385 4960 3400 4975 °
3437 4945 3637 5015 μᾶλλον
3676 4947 3720 4999 δ’
3751 4947 3863 5000 οὐδ’
3897 4949 4062 5012 αὐτὸς

819 5030 1117 5101 loquendo,
1154 5030 1272 5102 ipse
1304 5047 1413 5086 non
1438 5032 1789 5104 derelinquit,
1823 5036 1950 5106 quia
1980 5052 2102 5091 cum
2132 5052 2233 5108 ego
2269 5054 2388 5108 pro-
2482 5057 2490 5092 τ

2482 5037 2824 5104 καταλείπει,
2856 5037 2970 5090 ἀλλ’
2993 5039 3127 5108 ἐμοῦ
3155 5038 3339 5094 mitti):
3359 5039 3468 5093 τῶν
3489 5041 3773 5111 πατρικῶν
3787 5043 4060 5114 ἀποσκιρ⁴

820 5124 942 5193 pria
979 5123 1185 5177 malitia
1213 5139 1280 5179 ex
1313 5133 1540 5195 paterno
1569 5128 1694 5182 sinu
1732 5143 1817 5183 me
1863 5130 2242 5198 praecipitarim
2270 5169 2285 5191 ,
2316 5131 2382 5184 ad
2478 5148 2491 5178 ι

2478 5133 2742 5200 τήσαντος
2786 5129 3026 5195 κόλπων,
3079 5131 3172 5184 ἐπὶ
3210 5131 3381 5202 βραχὺ
3434 5132 3530 5200 τὴν
3581 5133 3931 5206 καταδρομήν
3979 5155 4058 5191 σοι

820 5215 1096 5270 modicum
1129 5216 1364 5285 spatium
1401 5216 1667 5272 insultum
1705 5227 1760 5274 et
1791 5220 2202 5290 impressionem
2236 5222 2331 5276 tibi
2366 5263 2380 5287 ,

821 5305 1069 5377 improba
1095 5307 1290 5373 bestia,
1311 5311 1584 5379 permisit,
1608 5319 1669 5366 ut
1684 5327 1784 5383 ego
1805 5314 2112 5369 calamitate
2140 5331 2381 5385 pressus,

821 5411 1039 5451 rursum
1069 5396 1135 5450 ad
1165 5409 1414 5466 paternas
1446 5402 1601 5456 ulnas
1634 5417 1719 5456 me
1748 5403 2028 5472 recipiam.
2059 5404 2139 5459 Τιι
2166 5406 2380 5476 quidem

819 5487 1073 5554 putabas,
1120 5501 1245 5540 cum
1281 5489 1470 5544 l'raude
1505 5491 1760 5562 abreptus
1789 5509 1990 5560 essem,
2041 5511 2127 5550 me
2159 5499 2381 5552 omnino

823 5591 854 5627 ιι
887 5589 1110 5644 paterna
1135 5593 1268 5633 cura
1291 5589 1343 5632 et
1368 5585 1708 5650 providentia
1734 5587 2003 5655 abjectum
2033 5603 2174 5652 esse.
2205 5606 2381 5659 neque

823 5671 1028 5741 aliquid
1069 5674 1462 5731 consolationis
1496 5679 1577 5734 vel
1613 5679 1724 5748 spei
1757 5679 1824 5734 de
1852 5681 2023 5736 reditu
2052 5697 2340 5752 superesse
2365 5723 2379 5745 ,

921 5846 1131 5903 ‘lCor.
1160 5867 1219 5918 ιι,
1261 5855 1313 5907 8.

2478 5223 2557 5294 τῷ
2585 5223 2807 5294 πονηρῷ
2854 5224 3089 5293 διαφῆκε
3117 5226 3310 5296 θηρίῳ,
3342 5227 3408 5280 ἵν’
3435 5228 3546 5294 ἐγὼ
3579 5228 3866 5292 συσταλεὶς
3895 5231 4060 5284 πάλιν

2476 5319 2544 5386 τῇ
2581 5315 2811 5387 πατρώᾳ
2858 5317 3192 5387 προσδράμω
3244 5317 3480 5389 ἀγκάλῃ.
3513 5319 3586 5370 Σὺ
3627 5320 3674 5372 δ’
3705 5321 3815 5391 ἀρα
3847 5320 4055 5393 ᾠήθης,

2481 5411 2602 5462 ἐπεὶ
2647 5409 3008 5480 παρεκλάπην
3039 5411 3386 5465 παντάπασιν
3415 5413 3754 5484 ἀπερῤίφθαι
3783 5421 4058 5487 πατρικῆς

2485 5501 2741 5572 προνοίας
2763 5543 2778 5567 ,
2812 5503 2905 5556 καὶ
2953 5505 3148 5573 μηκέτι
3186 5505 3535 5576 παραμύθιον
3566 5506 3687 5576 μηδ’
3723 5508 4058 5579 ἐπιστροφὴν

2487 5590 2624 5647 εἷναί
2676 5611 2800 5664 μοι,
2848 5595 2982 5648 ἀλλά
3028 5597 3118 5650 τὸν
3168 5597 3310 5652 οὕτω
3359 5598 3496 5653 Θεοῦ
3537 5599 3834 5671 τιμηθέντα
3887 5605 4055 5658 εἰκόνι

2488 5685 2743 5753 καθάπαξ
2761 5688 3075 5760 ὑποχείριον
3096 5684 3184 5745 οἷα
3204 5690 3258 5744 δέ
3288 5692 3865 5768 ἀρπαγμαέπειράθης
3895 5697 4053 5768 ποιή-
