4232 6444
151 448 220 503 92
789 439 1068 501 ORATIO
1104 441 1206 500 IX.
1245 465 1309 476 —
1344 438 1426 498 IN
1466 436 2051 498 EXALTATIONEM
2090 439 2390 498 SANCT:E
2423 439 2711 498 CRUCIS.
3300 439 3369 500 91

154 559 371 612 σασθαι.
404 558 562 609 Ἀλλά
596 556 831 626 μάνθανε
862 555 977 619 νῦν,
1003 556 1076 616 ὡς
1103 556 1278 623 μάτην
1303 552 1402 621 μὲν
1431 554 1464 622 ὴ
1490 552 1724 621 κακίστη
1751 556 1803 613 Α

1699 570 1724 621 η
1751 556 1803 613 Α
1827 553 1919 607 sed
1950 568 2094 614 eum,
2116 554 2207 621 qui
2238 553 2327 605 Dei
2356 554 2587 619 imagine
2610 550 2898 620 insignitus
2937 556 3075 612 erat,
3105 550 3200 604 tibi
3224 567 3370 620 pror-

151 654 313 720 τέχνη
338 648 731 717 διεσπουδάσθη
762 664 843 700 σοι
888 646 989 714 τῆς
1021 645 1330 713 ἐπιϐουλῆς,
1367 644 1543 713 μάτην
1566 643 1621 697 δέ
1654 662 1720 713 με

151 743 226 809 τῷ
255 739 410 809 φυτῴ
434 739 727 804 ύποθέλξας
768 740 866 807 τῆς
913 737 1164 804 γνώσεως
1190 737 1285 788 τοῦ
1307 736 1409 805 τῆς
1444 734 1604 805 Ἐδὲμ
1634 734 1721 803 ἐξ·

152 835 305 899 άγεις
359 833 580 901 χωρίου.
623 832 812 901 Μάτην
845 830 900 883 δὲ
933 831 1162 900 σοϐαρὸς
1214 829 1479 900 περιῄεις,
1531 824 1721 898 ὲφόἷς

152 922 474 975 ἐπεπόνθειν
527 921 658 989 ἐγὼ,
708 923 1007 993 κομπάζων
1035 922 1128 974 ἐπὶ
1174 924 1294 985 ταῖς
1329 908 1449 984 σαῖς
1484 920 1722 983 ἀπάταις

153 1018 245 1069 καὶ
278 1032 337 1067 σε
346 1013 700 1085 μνυνόμενος.

225 1282 373 1350 Ὅρα
402 1279 510 1348 γάρ
543 1273 629 1331 οἷά
657 1294 744 1347 μοι
768 1276 981 1344 γέγονε,
1032 1276 1230 1346 μάλλον
1273 1276 1319 1329 δ’
1346 1278 1473 1347 ὁρᾷς
1502 1277 1595 1330 καὶ
1629 1293 1725 1329 πε-

157 1373 406 1441 ριφέρεις
440 1369 630 1438 ὀδύνης
681 1369 902 1439 κέντρον
950 1366 1397 1438 ἀπαραμύθητον.
1452 1368 1580 1421 Ἰδοὺ
1616 1366 1725 1437 γὰρ

157 1464 216 1513 ὲν
247 1460 476 1530 Κρανίῳ
501 1460 598 1527 τῆς
631 1456 773 1527 ζωῆς
807 1475 897 1526 μοι
929 1455 1084 1519 ξύλον
1108 1458 1297 1527 ἀνέϐη,
1320 1460 1384 1510 δι’
1412 1452 1473 1511 οὗ
1503 1458 1594 1510 καὶ
1624 1473 1728 1509 πα-

163 1552 415 1619 ράδεισον
450 1550 544 1601 καὶ
592 1547 914 1609 ἀθανασίαν,
951 1549 1044 1600 καὶ
1076 1548 1174 1617 τὴν
1207 1548 1339 1615 πρὸς
1368 1548 1457 1600 τὸν
1485 1546 1727 1617 πλάστην

155 1642 493 1710 οἰκειότητα,
528 1640 619 1692 τὸν
671 1641 893 1707 ἀρχαῖον
935 1637 1298 1707 ἀπολαμϐάνω
1330 1637 1578 1689 πλοῦτον.
1616 1637 1729 1691 Νῦν

161 1751 217 1784 σε
249 1732 455 1802 μᾶλλον
483 1732 515 1799 ἦ
543 1732 663 1783 τότε
695 1730 1018 1800 θερμότερος
1053 1714 1347 1796 ἀνσφλέγει
1380 1727 1589 1795 φθόνος,
1623 1726 1729 1797 μάά

157 1828 321 1879 λιττά
370 1843 457 1893 γε,
490 1826 516 1877 ὅ
548 1842 598 1876 τι
644 1824 739 1876 καὶ
771 1823 947 1895 δρῴης
992 1821 1379 1890 ὲξαποροῦντα.
1422 1823 1575 1875 Πᾶσα
1623 1822 1731 1891 γάρ

1826 659 1920 697 sus
1951 642 2218 703 subdere.
2268 651 2323 695 et
2366 643 2510 696 velut
2565 641 2833 709 rapinam.
2882 640 3156 710 proprium
3204 640 3380 695 facere

1820 734 2036 787 tentasti
2068 749 2084 800 ;
2132 740 2185 785 at
2217 732 2369 786 disce
2404 733 2535 801 iam,
2571 731 2771 784 frustra
2802 740 2854 785 te
2895 731 3036 787 lianc
3088 731 3379 800 pessimam

1820 824 2065 879 fraudem
2123 836 2177 879 et
2212 824 2439 879 stttelam
2468 826 2833 876 machinatum
2858 837 2978 876 esse
3012 840 3025 882 ;
3069 823 3269 877 frustra
3297 837 3383 876 me

1822 916 1970 987 ligno
2008 919 2255 972 scientiae
2282 916 2589 978 deli-iitum,
2620 934 2681 968 ex
2714 916 2933 985 regione
2979 914 3141 969 Edem
3170 916 3378 970 educis.

1824 1005 2051 1063 Frustra
2083 1009 2291 1063 circuis
2335 1008 2518 1062 elatus
2547 1008 2617 1060 oh
2638 1024 2722 1072 ea,
2754 1024 2874 1075 qua:
2918 1022 3111 1076 passus
3140 1022 3259 1061 sum
3290 1006 3381 1060 de-

1821 1101 2077 1155 trimenta
2106 1117 2119 1153 :
2148 1101 2487 1169 triumphans
2519 1110 2575 1152 et
2603 1100 2830 1152 mirilice
2856 1107 2909 1152 te
2928 1096 3384 1167 circumspiciens

1824 1202 2041 1263 propter
2078 1192 2217 1253 illas,
2248 1208 2386 1261 quas
2419 1202 2761 1245 commentus
2792 1205 2853 1244 es
2890 1190 3128 1245 fraudes.

1898 1286 2113 1338 Intuere
2163 1284 2307 1337 enim
2348 1298 2470 1352 qua:
2506 1282 2637 1335 mihi
2678 1280 2957 1335 evenerint
3006 1298 3023 1334 :
3074 1280 3153 1335 vel
3204 1278 3382 1349 potius

1823 1379 1934 1447 jam
1960 1376 2211 1438 intueris,
2245 1376 2634 1443 stimulumque
2674 1374 3015 1427 insolubilem
3048 1372 3250 1427 doloris
3277 1373 3387 1426 cir-

1839 1468 2094 1523 cumfers.
2125 1464 2267 1520 Ecce
2296 1469 2439 1519 enim
2498 1468 2549 1517 in
2576 1467 2839 1519 Calvariae
2890 1466 3007 1518 loco
3034 1466 3235 1534 lignum
3266 1466 3388 1519 vita:

1835 1559 1964 1613 mihi
1995 1558 2226 1621 exstitit,
2257 1572 2366 1626 quo
2387 1566 2441 1611 et
2470 1557 2808 1626 paradisum,
2830 1566 2884 1611 et
2908 1557 3385 1619 immortalitatem,

1835 1661 1888 1705 et
1912 1650 2359 1718 coniunctionem
2400 1663 2525 1701 cum
2563 1649 2875 1711 Conditore,
2905 1658 3222 1717 veteresque
3258 1663 3390 1716 opes

1834 1753 2118 1808 recupera.
2151 1739 2219 1792 At
2250 1747 2306 1790 tu
2337 1751 2481 1790 nunc
2530 1731 2842 1792 ardentiore
2870 1754 3031 1807 quam
3060 1739 3189 1791 olim
3222 1739 3392 1790 livore

1837 1830 2201 1889 contabescis,
2236 1830 2471 1883 maxime
2509 1843 2633 1881 cum
2682 1829 2917 1892 nescias,
2950 1844 3059 1898 quo
3095 1840 3147 1883 te
3191 1840 3386 1883 vertas.

159 1892 519 1982 κακοτεχνίας
581 1892 812 1983 μηχανὴν
854 1892 1202 1982 περιῄρηται,
1252 1911 1359 1963 οὐδ’
1399 1913 1511 1963 ἐστι
1554 1911 1620 1964 δι’
1659 1904 1733 1962 ὧν
1763 1892 1805 1946 Β

1715 1929 1733 1962 ν
1763 1892 1805 1946 Β
1837 1923 2026 1977 Omnis
2052 1923 2196 1977 enim
2229 1924 2597 1975 versutiarum
2621 1920 2873 1973 machina
2894 1920 2989 1975 tibi
3022 1922 3243 1989 praecisa
3270 1933 3386 1973 est:

160 2007 241 2058 ἔτι
266 2006 437 2074 πόρον
477 2007 611 2075 πρὸς
648 2007 860 2074 ἀπάτην
896 2004 1099 2066 λάϐοις.
1148 2006 1222 2057 Οὐ
1261 2005 1366 2074 γάρ
1400 2006 1557 2072 μόνον
1602 2005 1735 2056 ὑπο-

157 2097 473 2166 ψιθυρίζειν
500 2097 559 2148 οὐ
594 2096 965 2166 παῤῥησιάσῃ,
992 2096 1107 2148 ἀλλ’
1154 2096 1275 2147 οὐδὲ
1306 2097 1482 2148 οἰστόν
1521 2112 1603 2147 σοι
1640 2095 1738 2164 μέ-

161 2207 275 2240 νειν
308 2187 405 2258 τὴν
435 2188 541 2239 ἀπὸ
563 2187 657 2239 τοῦ
682 2187 824 2239 θείου
859 2188 1049 2239 τούτου
1084 2186 1250 2254 φυτοῦ
1284 2186 1509 2255 δύναμιν
1552 2191 1733 2256 προϊε-

167 2279 362 2346 μένην.
424 2277 552 2329 Ἰδού
587 2295 676 2347 μοι
715 2277 775 2328 τὺ
826 2276 1102 2345 βασιλικὸν
1158 2275 1436 2345 σκῆπτρον
1469 2270 1557 2328 οἶα
1587 2274 1745 2328 παιδὶ

160 2369 509 2438 ἠγαπημένῳ
541 2368 754 2421 δίδωσιν
797 2370 825 2420 ὁ
870 2369 1165 2435 Δεσπότης.
1196 2369 1274 2419 Δι’
1306 2359 1367 2418 οὗ
1400 2383 1459 2418 σε
1487 2367 1576 2418 τὸν
1611 2382 1739 2418 σκο-

164 2462 279 2512 λιὸν
313 2460 628 2522 θανατώσας
656 2460 778 2527 ὄφιν
816 2459 920 2540 ςιὴν
967 2459 1108 2529 ζωὴν
1144 2458 1456 2529 ἐχαρίσατο.
1502 2457 1615 2509 Νῦν
1648 2475 1737 2527 μοι

162 2556 225 2605 τὸ
256 2553 403 2622 μέγα
430 2552 527 2618 τῆς
562 2550 859 2619 ἀσφαλείας
894 2551 1056 2603 ὁπλον
1092 2548 1412 2617 ἐχαλκεύθη,
1444 2548 1510 2599 δι’
1537 2542 1598 2599 οὗ
1637 2548 1741 2600 πά-

166 2663 271 2715 σης
314 2643 605 2713 ἐπιϐουλῆς
659 2642 894 2710 ἀμείνων
946 2640 1303 2709 καθίσταμαι.
1344 2640 1484 2692 Ἀλλ’
1520 2634 1564 2692 ὦ
1590 2639 1741 2701 ξύλον

168 2734 336 2802 μόνον
368 2735 430 2783 ὲκ
477 2730 659 2798 φυτῶν
698 2730 841 2782 θείου
873 2730 1108 2799 νάματος
1149 2728 1339 2799 ἀρδείᾳ
1372 2728 1633 2781 πιανθένι
1675 2728 1739 2777 Ὢ

167 2824 328 2887 ξύλον
359 2823 489 2890 φυὲν
518 2824 616 2891 μὲν
648 2823 708 2874 ὲν
731 2821 974 2891 Κρανίῳ,
1009 2824 1189 2874 πάσαν
1222 2820 1277 2872 δὲ
1315 2820 1419 2888 γῆν
1454 2819 1744 2889 περιλαϐὸν

164 2919 233 2985 τῇ
292 2917 439 2986 σκιᾷ,
474 2917 530 2967 ὲν
565 2908 609 2982 ᾧ
640 2915 737 2981 τῆς
768 2914 1043 2980 κακούσης
1077 2912 1351 2982 ἁμαρτίας
1382 2911 1743 2965 διανεπαυσά-

171 3008 319 3078 μηνί
373 3008 436 3059 Ὠ
484 3006 647 3075 φυτὸν
684 3007 741 3057 ὲν
782 3007 853 3074 γῇ
896 3005 997 3073 μὲν
1028 3004 1359 3073 βλαστῆσαν,
1392 3002 1666 3072 ὑπερῆκον
1688 3002 1744 3055 δὲ

167 3100 266 3152 τὸν
291 3097 541 3168 οὐρανὸν,
574 3090 635 3148 οὗ
661 3097 751 3149 τδν
777 3095 1056 3165 ἀμύθητον
1082 3095 1301 3162 ἄγγελοι
1332 3093 1542 3165 καρπὸν
1574 3093 1743 3164 ὁρῶν-

1834 2032 2006 2084 ueque
2047 2024 2130 2069 est
2189 2015 2330 2069 unde
2373 2012 2611 2082 amplius
2649 2014 2992 2067 occasionem
3040 2012 3107 2065 ad
3147 2013 3392 2065 fraudem

1837 2115 2010 2174 petas.
2042 2104 2175 2157 Nam
2222 2119 2330 2158 non
2375 2105 2551 2159 solum
2600 2105 2895 2157 mussitare
2936 2118 3043 2155 non
3074 2102 3260 2165 audes,
3299 2102 3391 2155 sed

1834 2208 2009 2261 neque
2038 2201 2190 2261 potes
2232 2192 2344 2246 ullo
2386 2190 2548 2243 modo
2578 2189 2808 2244 sufferre
2836 2192 3088 2244 virtutem
3131 2198 3186 2242 et
3216 2189 3397 2243 ellicao

1833 2284 1995 2348 ciam,
2027 2298 2148 2351 qua:
2177 2282 2244 2335 ab
2275 2282 2375 2334 hac
2402 2280 2586 2333 divina
2613 2280 2798 2348 planta
2828 2280 3115 2333 emittitur.
3147 2278 3282 2333 Ecce
3311 2295 3395 2333 re-

1833 2376 1980 2445 gium
2011 2382 2314 2443 sceptrum,
2370 2378 2629 2440 tanquam
2676 2370 2875 2424 dilecto
2916 2370 3044 2433 lilio,
3096 2370 3262 2423 tradit
3295 2368 3400 2422 Do-

1837 2465 2037 2527 minus,
2069 2479 2175 2533 quu
2209 2471 2283 2522 te.
2314 2472 2530 2515 versute
2560 2476 2807 2529 serpens,
2834 2465 3035 2525 occiso,
3066 2463 3233 2514 vitam
3266 2460 3396 2513 milii

1835 2554 2076 2608 donavit.
2128 2554 2280 2606 Nunc
2331 2554 2462 2605 mihi
2514 2553 2747 2621 insignis
2797 2553 2887 2605 illa
2918 2562 3189 2605 armatura
3221 2552 3400 2605 omnis

1839 2644 2079 2713 praesidii
2114 2643 2361 2697 conlecta
2387 2652 2491 2707 est,
2527 2658 2635 2712 qua
2664 2643 2881 2697 cunctis
2912 2642 3126 2697 insidiis
3154 2646 3403 2710 superior

1838 2736 2060 2789 ellicior.
2093 2736 2164 2787 At
2186 2751 2219 2787 ο
2254 2736 2455 2803 lignum
2485 2738 2661 2788 solum
2681 2750 2746 2789 ex
2777 2735 3031 2788 omnibus
3079 2734 3280 2803 plantis
3317 2733 3405 2789 di-

1842 2828 1949 2881 vini
1982 2828 2170 2881 lluenti
2203 2827 2518 2895 irrigatione
2542 2826 2965 2896 pinguefactuml
2999 2827 3042 2880 0
3066 2827 3270 2897 lignum
3300 2842 3405 2881 na-

1838 2929 1952 2974 tum
1980 2921 2196 2989 quidem
2241 2919 2294 2972 in
2332 2918 2449 2972 loco
2476 2919 2760 2981 Calvariaz,
2788 2929 2845 2972 at
2868 2918 3060 2972 umbra
3099 2930 3191 2973 tua
3230 2927 3403 2973 totum

1837 3020 2107 3067 terrarum
2137 3012 2322 3065 orbem
2358 3010 2652 3072 ambivisti,
2686 3010 2741 3063 in
2772 3025 2884 3078 quo
2916 3024 2947 3062 a
2974 3021 3223 3078 peccato,
3260 3010 3406 3079 quod

1844 3118 1929 3157 me
1976 3102 2265 3171 allligebat,
2320 3100 2585 3156 liberatus
2625 3102 2787 3155 sum!
2839 3099 3123 3170 Olplanta,
3169 3102 3220 3153 in
3265 3110 3409 3155 terra

170 3205 290 3253 τες,
326 3188 425 3257 τὴν
467 3184 705 3255 μεγάλην
739 3184 927 3252 σοφίαν
964 3184 1058 3236 τοῦ
1099 3183 1404 3252 φυτοκόμυυ
1434 3182 1737 3251 θαυμάζον·
1765 3211 1811 3275 c

1736 3214 1737 3217 η
1765 3211 1811 3275 c
1845 3193 2061 3262 quidem
2101 3194 2436 3265 germinans,
2471 3200 2526 3246 at
2578 3198 2776 3248 malum
2808 3193 3219 3258 transcenderis,
3251 3194 3407 3263 cujus

175 3297 265 3331 σιν
297 3277 746 3346 ἐκπληττόμενοι,
793 3275 961 3345 ὁρῶσι
1016 3274 1225 3344 καρπὸν
1281 3272 1386 3325 τῶν
1441 3272 1741 3342 ἀνθρώπων
1780 3272 1799 3275 ⁷

1737 3292 1741 3314 '
1780 3272 1799 3275 ⁷
1848 3284 2176 3339 ineﬂ'ahilem
2202 3284 2439 3339 fructm»
2469 3286 2641 3355 angeli
2681 3285 2809 3339 dum
2838 3286 3140 3350 intuentur,
3178 3286 3408 3340 immen-

171 3373 275 3441 τὴν
320 3368 617 3439 σωτηρίαν,
660 3369 754 3421 τοῦ
786 3367 1016 3420 θανάτου
1045 3366 1360 3429 κατάλυσιν,
1391 3365 1491 3434 τὴν
1535 3368 1611 3426 εἰς
1646 3366 1743 3434 τὴν

174 3464 415 3533 πατρίδα
442 3463 550 3513 τῶν
579 3459 880 3531 ἀνθρώπων
906 3459 1183 3519 ἐπάνοδον,
1209 3460 1304 3527 τῆς
1331 3457 1589 3528 φλογίνης
1619 3459 1745 3528 ῥομ-

176 3561 348 3626 φαίας
379 3556 477 3627 τὴν
508 3553 878 3624 ὑποχώρησιν,
904 3554 997 3606 τοῦ
1027 3552 1272 3605 διαϐόλου
1308 3552 1409 3622 τὴν
1434 3548 1600 3623 ἦτταν
1648 3551 1745 3604 καὶ

174 3653 401 3721 τρόμον,
452 3649 548 3701 καὶ
574 3649 672 3717 τὴν
726 3647 817 3699 ἐπὶ
857 3647 1001 3717 μόνῳ
1051 3646 1203 3716 τύπῳ
1232 3646 1381 3714 τῆξιν
1434 3644 1597 3697 αὑτοῦ
1648 3644 1740 3696 καὶ

177 3741 490 3812 ἀφανισμόν
524 3743 538 3794 ι

255 3921 449 3974 Ταῦτα
485 3920 540 3973 δὲ
590 3918 681 3972 τοῦ
738 3917 971 3986 σταυροῦ
1019 3916 1114 3986 τὴν
1164 3917 1316 3987 ἰσχὺν
1364 3918 1458 3971 καὶ
1504 3916 1752 3985 θειότητα

184 4014 385 4084 πρώην
417 4012 681 4074 είκόνιζον
712 4009 1135 4079 προτυποῦντες,
1168 4009 1439 4078 ὁμήγυρις
1464 4008 1603 4073 ἱερά,
1628 4008 1752 4077 ἀρτι

186 4108 288 4177 μὲν
331 4104 525 4176 ῥάϐδου
578 4104 941 4175 προφητικῆς,
988 4104 1201 4169 ἀπάτης
1231 4100 1540 4169 σοφίσματα
1589 4118 1754 4151 κατα-

185 4198 421 4265 πιούσης
450 4197 740 4265 Αἰγύπτια,
792 4196 881 4247 καὶ
915 4196 1041 4248 λαδν
1081 4193 1139 4258 ἐξ
1192 4193 1463 4261 Αίγύπτου
1515 4192 1755 4254 δουλείας

184 4290 511 4357 ἐξαγούσης,
565 4286 690 4356 άρτι
734 4286 776 4339 δ’
804 4287 1101 4356 ἀκροτάτου
1150 4287 1367 4354 νάματα
1406 4284 1757 4354 πηγαζούσης

190 4383 391 4453 ῥάϐδου
422 4381 601 4450 πληγῇ
639 4380 728 4432 καί
753 4378 937 4447 δίψους
962 4379 1208 4446 ἀνάγκην
1238 4376 1755 4447 παραμυθουμένης,

189 4473 433 4542 ὲρημικῇ
468 4469 662 4539 πορείᾳ
699 4468 1035 4531 διαθλοῦντος
1071 4468 1220 4521 λαοῦ.
1256 4468 1364 4520 Καὶ
1400 4467 1494 4518 νῦν
1526 4468 1625 4537 μὲν
1664 4467 1757 4518 ἀν-

1848 3392 1962 3430 sam
1990 3376 2187 3429 satoris
2220 3376 2382 3444 hujus
2416 3376 2736 3444 sapientiam
2774 3376 3218 3445 obstupescentes
3242 3377 3413 3430 admi-

1850 3470 2083 3523 rantur!
2137 3470 2418 3522 intuentur
2463 3469 2722 3530 fructum,
2759 3470 2987 3523 salutem
3035 3468 3280 3523 videlicet
3323 3468 3412 3522 lio-

1854 3562 2081 3622 minum,
2108 3560 2301 3613 mortis
2324 3560 2757 3621 dissolutionem,
2788 3560 3018 3613 reditqu
3047 3559 3323 3613 hominum
3355 3561 3409 3614 in

1862 3651 2115 3721 patriam,
2138 3649 2398 3704 flammea:
2416 3650 2738 3720 rhompliza:
2754 3666 3049 3714 recessum,
3072 3650 3273 3706 diaboli
3296 3652 3411 3704 cla-

1854 3745 1973 3799 dem
2005 3755 2057 3797 et
2087 3753 2397 3819 tremorem,
2439 3743 2669 3811 ejusque
2712 3743 2779 3797 ad
2822 3742 2986 3810 hujus
3010 3743 3244 3813 speciem
3270 3742 3412 3796 dun-

1852 3844 2001 3892 taxat
2026 3834 2441 3889 tabefactiouem
2470 3846 2524 3888 et
2552 3833 2755 3904 fugam.

1924 3928 1988 3980 Et
2043 3927 2181 3979 lianc
2232 3925 2450 3994 quidem
2501 3926 2755 3978 virtutem
2800 3932 2855 3977 ct
2902 3924 3240 3979 divinitatem
3282 3923 3409 3977 olim

1861 4021 2006 4072 varia
2056 4016 2475 4086 praaligurabant
2524 4024 2579 4069 et
2629 4016 3063 4077 adumbrabant.
3114 4015 3411 4081 auditores,

1836 4108 2021 4160 modo
2049 4109 2202 4175 virga
2236 4106 2575 4175 pr0plietica,
2615 4122 2736 4175 quae
2779 4104 3066 4175 Egyptias
3114 4106 3413 4174 praestigias

1861 4199 2160 4260 devoravit,
2179 4200 2541 4266 populumque
2561 4214 2625 4250 ex
2641 4196 2894 4266 [Egyptia
2917 4200 3176 4252 servitute
3191 4196 3409 4251 eduxit:

1859 4288 2021 4343 modo
2052 4288 2197 4356 virga
2228 4288 2335 4339 ictu
2359 4301 2459 4339 suo
2482 4300 2548 4339 ex
2580 4295 2730 4354 petra
2760 4301 2912 4355 aquae
2940 4287 3149 4354 copiam
3166 4285 3413 4350 eliciens,

1860 4381 2089 4449 sitisque
2148 4390 2428 4448 urgentem
2486 4378 2863 4432 necessitatem
2916 4377 3212 4446 depellens,
3274 4386 3411 4438 tum,

1862 4488 1986 4526 cum
2017 4470 2249 4541 populus
2284 4470 2479 4524 itinere
2513 4485 2610 4539 per
2641 4470 2986 4524 solitudinem
3042 4467 3367 4536 fatigabatur
3398 4484 3412 4521 :

192 4536 507 4630 deruptae—60;
544 4536 648 4614 irai
682 4562 778 4629 τῆς
812 4559 1106 4631 ἱερωσύνης
1136 4559 1383 4629 δωρεῖται
1411 4558 1472 4611 τὸ
1512 4536 1754 4629 χάρισμα
1786 4536 1831 4590 θ
1861 4596 1863 4617 λ

1743 4574 1754 4609 ι
1786 4536 1831 4590 θ
1861 4536 2233 4618 ηιοάιίίιίόεηι
2265 4561 2421 4615 floret
2449 4536 2616 4630 virga,
2662 4571 2716 4615 et
2764 4560 3053 4615 sacerdotii
3095 4560 3414 4629 dignitatem

190 4657 270 4726 τῷ
317 4654 673 4724 βλαστήματι.
729 4651 842 4704 Νῦν
889 4653 935 4705 δ’
974 4650 1079 4704 ὑπὸ
1126 4652 1378 4721 γέροντος
1423 4653 1755 4721 πατριάρχου

191 4747 609 4816 προσκυνεῖται,
650 4746 699 4796 εί
727 4744 822 4795 καὶ
870 4742 1155 4813 βασιλέως,
1188 4742 1303 4796 ἀλλ’
1334 4740 1458 4795 Υίοῦ
1486 4742 1761 4812 χρηματί-

192 4839 365 4903 ζουσα
393 4836 607 4906 ῥάϐδος.
638 4833 809 4888 Τοῦτο
837 4835 943 4906 ἀρα
978 4830 1065 4905 ἦν,
1096 4835 1326 4906 ἐπείπερ
1353 4833 1573 4904 ἔμελλεν
1602 4836 1635 4903 ή
1664 4832 1758 4887 τοῦ

195 4929 437 4998 σταυροῦ
471 4928 734 4998 σωτήριος
770 4927 964 4998 ῥάϐδος
1001 4927 1062 4979 οὐ
1105 4926 1261 4996 μόνον
1291 4927 1394 4979 ὑπὸ
1438 4927 1626 4993 ἐθνῶν,
1666 4924 1759 4991 οὓς

193 5024 261 5092 δὴ
294 5019 657 5090 κληρονομίαν
690 5020 718 5071 ὁ
763 5019 951 5089 Πατὴρ
994 5018 1175 5072 δίδωσι
1220 5018 1298 5089 τῷ
1332 5019 1469 5089 Υίῷ,
1502 5018 1637 5071 ἀλλά
1668 5020 1762 5072 καὶ⁵

197 5115 295 5165 ὑπ’
314 5111 480 5165 αὑτοῦ
510 5111 929 5179 προσκυνεῖσθαι
955 5110 1047 5163 τοῦ
1075 5110 1322 5181 γέροντος
1360 5111 1595 5181 Ἰσραὴλ,
1613 5110 1670 5174 ὃς
1700 5111 1765 5182 δὴ

197 5210 345 5263 κατά
383 5211 558 5277 σάρκα
588 5206 863 5277 γεννήτωρ
885 5204 1037 5276 ὤφθη
1068 5205 1160 5258 τοῦ
1186 5205 1533 5277 γεννηθέντος
1570 5206 1766 5260 ἁπάτο·

199 5318 316 5371 ρος.
362 5299 584 5358 Πάντως
624 5297 678 5349 δὲ
712 5297 864 5350 οὐδὲν
888 5297 1203 5350 ὑπεναντίον
1228 5297 1303 5367 τῷ
1336 5296 1477 5368 λόγῳ
1506 5298 1537 5366 ἠ
1565 5298 1768 5350 τούτων

202 5391 369 5461 μέχρι
400 5387 494 5440 καὶ
526 5385 622 5440 νῦν
656 5386 793 5455 πρὸς
822 5387 1116 5455 ἐπίγνωσιν
1146 5386 1402 5456 ἀναϐολὴ,
1440 5385 1598 5457 είπερ
1627 5389 1769 5440 κατά

198 5483 261 5536 τὺ
281 5482 481 5547 λόγιον,
509 5474 653 5552 ὲάνῇ
676 5482 703 5531 ὁ
724 5478 952 5549 ἀριθμὸς
977 5479 1086 5531 τῶν
1112 5478 1241 5531 υἱῶν
1256 5478 1631 5549 Ίσραὴλ,’ώςὴ
1662 5479 1767 5549 ἄμ-

204 5592 305 5645 μος
333 5573 436 5642 τῆς
462 5571 757 5643 θαλάσσης,
784 5572 851 5625 τὸ
880 5571 1248 5641 κατάλειμμα
1276 5573 1630 5640 σωθήσεται.
1664 5573 1770 5625 Σω-

199 5666 371 5738 τηρία
400 5665 444 5717 δ’
472 5665 571 5719 οὐκ
619 5664 765 5719 ἐστιν
805 5666 864 5718 ὲν
894 5663 1036 5733 ἄλλῳ
1066 5664 1193 5730 τινὶ,
1221 5663 1253 5733 ἢ
1299 5662 1375 5732 τῷ
1404 5662 1762 5735 σταυρωθέντι

276 5863 322 5893 ⁷⁵
353 5859 459 5915 lsa.
491 5875 541 5924 τ,
570 5858 631 5912 21
662 5872 675 5920 ;
704 5854 857 5912 llom.
887 5873 960 5923 ix,
988 5856 1073 5910 27.

1856 4656 1976 4725 ipso
2010 4669 2109 4709 suo
2141 4652 2383 4722 germine
2428 4653 2677 4707 confert:
2702 4652 2864 4706 modo
2896 4667 2926 4705 a
2967 4653 3275 4721 patriarcha
3302 4652 3416 4721 jam

1858 4746 2071 4799 seniore
2112 4742 2376 4796 adoratur
2419 4741 2548 4795 licet
2603 4741 2768 4811 regis,
2819 4748 3058 4794 attamen
3119 4739 3214 4793 filii
3265 4742 3417 4811 virga

1859 4835 2202 4901 dicta.Qnod
2252 4834 2490 4899 accidit,
2521 4833 2647 4902 quia
2692 4831 2941 4885 futurum
2977 4838 3113 4895 erat,
3158 4839 3217 4885 ut
3266 4831 3416 4885 salu-

1862 4932 1997 4984 taris
2028 4931 2175 4997 virga
2206 4930 2381 4982 crucis
2406 4941 2516 4981 non
2558 4927 2731 4982 solum
2764 4941 2794 4979 a
2817 4924 3236 4995 gentilius,quas
3261 4924 3419 4979 Pater

1860 5021 2001 5077 Filio
2026 5037 2124 5076 suo
2152 5022 2244 5074 dat
2278 5036 2376 5090 pro
2404 5018 2739 5081 haereditate,
2770 5016 3109 5081 adoraretur,
3130 5018 3223 5071 sed
3252 5017 3418 5070 ctiam

1860 5117 1927 5169 ah
1954 5116 2071 5183 ipso
2098 5128 2227 5167 sene
2275 5111 2458 5175 Israel,
2508 5111 2601 5181 qui
2665 5110 2963 5166 secundum
3013 5124 3230 5162 carnem
3267 5116 3421 5177 pater

1860 5221 1980 5260 esse
2013 5206 2158 5258 visus
2186 5213 2270 5258 est
2298 5203 2437 5271 ejus,
2468 5202 2562 5270 qui
2599 5201 2716 5256 sine
2744 5208 2896 5269 patre
2925 5200 3142 5269 genitus
3168 5206 3276 5253 est.
3308 5198 3421 5253 Nec

1864 5295 2184 5350 adversatur
2220 5294 2452 5349 orationi
2482 5308 2635 5356 meae,
2669 5292 2811 5361 quod
2842 5292 2929 5346 isti
2964 5292 3030 5344 ad
3056 5292 3296 5345 veritatis
3322 5305 3418 5344 co-

1870 5391 2163 5459 gnitionem
2198 5391 2301 5443 huc
2346 5403 2521 5458 usque
2569 5396 2913 5453 cunctantur,
2955 5387 3078 5456 quia
3119 5386 3419 5441 secundum

1872 5482 2052 5536 divina
2077 5481 2320 5546 oracula,
2351 5480 2396 5534 si
2429 5494 2687 5533 numerus
2722 5478 2953 5531 filiorum
2982 5477 3143 5532 Israel
3172 5477 3333 5530 fuerit
3363 5484 3421 5529 ut

1873 5589 2037 5629 arena
2066 5576 2249 5636 maris,
2283 5572 2481 5625 residui
2504 5571 2846 5625 calcabantur
2874 5569 2937 5622 ⁷⁸.
2967 5570 3125 5621 Salus
3155 5576 3332 5621 autem
3366 5568 3421 5622 in

1871 5666 1978 5721 alio
2014 5680 2119 5721 non
2146 5675 2225 5721 est
2264 5679 2427 5735 quam
2458 5664 2511 5718 iu
2543 5662 2805 5718 crucifixo
2834 5658 3421 5731 Unigcnito.Caeterum
