4232 6444
809 375 880 433 ﬂ?)
2008 367 2200 425 LEON’
2221 365 2284 422 ΞΒ
2327 359 2791 423 PIIlLOSOPIII
3990 357 4060 417 9(i

815 490 992 535 vetera
1027 479 1221 540 hzee,ct
1250 477 1300 530 id
1337 491 1506 544 genus
1551 476 1680 543 alia,
1721 491 1840 548 quae
1871 477 2054 547 ﬁgura:
2084 489 2138 534 et
2185 477 2382 545 imagi-
2411 481 2456 536 Α

2411 481 2456 536 Α
2487 474 2564 544 τῷ
2596 476 2908 541 Μονογενεῖ.
2960 472 3117 526 Ἀλλὰ
3143 471 3212 524 τά
3250 471 3348 541 μὲν
3380 469 3580 524 παλαιὰ
3612 467 3803 532 ταῦτα,
3838 466 3932 518 καὶ
3956 468 4060 518 ὅσα

814 590 912 628 nes
965 573 1143 627 crucis
1193 570 1646 635 nominabantur,
1695 586 1801 624 non
1850 571 2008 624 facile
2057 581 2140 624 cst
2198 572 2382 622 animo

815 661 1294 734 comprehendere.
1346 660 1546 715 nedum
1583 661 1764 716 verbis
1794 661 2004 731 eloqui.
2036 663 2105 716 At
2137 661 2378 715 recentia

815 757 978 826 quat?

885 847 998 900 llac
1043 855 1311 916 martyres
1355 849 1552 900 armati
1603 845 1944 915 principatus
1987 853 2038 898 et
2086 849 2384 913 potestates

815 939 1080 1009 principis
1124 938 1286 1007 hujus
1347 939 1534 992 mundi
1587 949 1939 1002 everterunt;
1981 937 2081 990 hac
2125 935 2384 989 mulieres

814 1033 1175 1093 mortiﬁcata,
1211 1045 1334 1083 eum
1367 1031 1458 1100 qui
1494 1039 1688 1100 potens
1719 1037 1802 1085 est
1834 1031 1886 1082 in
1921 1029 2230 1098 iniquitate,
2261 1028 2384 1082 loco

815 1123 1046 1189 improbi
1100 1121 1359 1190 mancipii
1425 1121 1754 1184 habuerunt,
1807 1122 2017 1175 cladem
2058 1136 2086 1174 a
2135 1119 2382 1174 muliebri

817 1221 1011 1265 natura
1039 1211 1242 1265 illatam
1293 1214 1393 1264 hoc
1425 1211 1540 1280 ipso
1586 1212 1971 1266 rcsarcientcs.
2010 1211 2124 1264 [lae
2161 1211 2386 1278 insuper

815 1303 988 1356 divini
1023 1312 1274 1373 pastores
1309 1303 1452 1355 feras
1484 1302 1552 1355 ab
1587 1302 1716 1355 ovili
1751 1311 2025 1368 arcentes,
2059 1316 2270 1371 gregem
2315 1299 2384 1353 ab

817 1398 1033 1452 insidiis
1063 1405 1233 1450 tutum
1265 1404 1546 1464 prmstant.
1587 1395 1696 1449 liae
1748 1397 1998 1450 homines
2034 1394 2211 1458 obliti,
2241 1393 2384 1462 quod

817 1490 996 1541 carnis
1046 1487 1282 1556 pondere
1325 1495 1752 1557 praegravantur,
1797 1488 1862 1538 ad
1907 1485 2219 1556 angelorum
2251 1499 2382 1539 con-

816 1582 1048 1634 sortium
1079 1580 1381 1642 elevantur,
1410 1581 1574 1632 vitam
1621 1580 1673 1632 in
1725 1586 1870 1631 terra
1901 1579 2084 1633 carnis
2107 1587 2383 1648 expertem

816 1675 1115 1744 degentes;
1149 1674 1257 1725 hmc
1294 1669 1660 1726 Ecclesiarum
1703 1669 2117 1725 fundamentum
2150 1681 2252 1733 est,
2297 1685 2388 1725 sa-

817 1767 1095 1820 cerdotum
1128 1764 1320 1834 gloria,
1352 1779 1537 1833 regum
1593 1779 1820 1826 corona,
1863 1765 2147 1818 civitatum
2199 1765 2384 1816 ﬁrma-

819 1864 1080 1916 mentum,
1115 1856 1330 1909 urbium
1361 1854 1635 1908 hostilium
1677 1857 1910 1914 evcrsio,
1954 1855 2190 1909 ﬁdelium
2225 1854 2380 1908 auxi-

820 1950 971 2011 l-Eum,
1001 1948 1112 2001 hate
1138 1948 1306 2001 totius
1335 1945 1520 2000 mundi
1557 1947 1802 1999 custodia
1833 1954 1935 2000 cst.
1975 1945 2103 2000 llaec
2121 1946 2382 2000 distantia

819 2039 1122 2108 conjunxit,
1152 2038 1451 2093 inimicitia:
1502 2040 1764 2108 parietem
1805 2039 2150 2109 interjectum
2182 2039 2382 2095 dissol—

819 2131 915 2185 vit,
943 2143 1128 2198 pacem
1163 2130 1515 2185 terrestribus
1539 2140 1593 2186 et
1617 2131 1936 2187 cmlcstibus
1971 2133 2284 2202 impertivit.
2317 2133 2384 2186 At

817 2238 851 2274 ο
886 2221 1126 2275 Verbum
1183 2221 1274 2276 Dei
1332 2221 1495 2286 Deus,
1546 2224 1636 2292 qui
1689 2225 1960 2278 hominem
2006 2225 2245 2280 bonitate
2289 2237 2382 2278 tua

818 2311 1135 2374 condidisti,
1170 2311 1370 2364 invidia
1404 2328 1532 2366 vero
1564 2313 1834 2382 perditum
1869 2322 1920 2366 et
1950 2330 2044 2384 per
2081 2316 2284 2385 lignum
2317 2315 2383 2368 ad

817 2412 1056 2453 extrema
1121 2400 1460 2455 sublimioris
1507 2403 1634 2456 vita:
1679 2404 1984 2473 delapsum,
2037 2421 2231 2462 rursus
2289 2422 2385 2476 per

822 2493 1023 2561 lignum
1059 2492 1109 2544 in
1145 2493 1431 2560 pristinam
1467 2493 1925 2562 impatibilitatem
1951 2497 2266 2560 restituisti,
2291 2498 2384 2566 qui

820 2583 987 2648 guttis
1023 2582 1246 2650 pretiosi
1277 2583 1561 2650 sanguinis
1589 2583 1666 2636 tui
1689 2585 1869 2639 emisti
1905 2586 2050 2648 illos,
2080 2590 2174 2656 qui
2194 2600 2388 2654 sponte

824 2675 873 2726 in
910 2673 1115 2741 peccati
1151 2677 1466 2730 servitutem
1494 2686 1903 2739 concesserant,
1934 2679 2133 2748 quique
2171 2696 2385 2750 gregem

820 2771 873 2816 ct
911 2767 1168 2834 populum
1203 2766 1529 2833 peculiarem
1573 2767 1670 2821 tibi
1701 2769 2057 2832 constituisti,
2093 2771 2252 2838 cujus
2289 2788 2387 2825 ett-

823 2873 936 2910 iain
1003 2864 1056 2910 et
1108 2857 1489 2925 praefecturam
1543 2858 1726 2922 nobis,
1785 2860 1888 2914 etsi
1948 2860 2383 2923 immerentibus,

821 2947 1167 3006 concessisti.
1189 2947 1387 3016 largire
1421 2948 1576 3002 nobis
1608 2964 1826 3003 crucem
1848 2959 2017 3014 tuam,
2049 2951 2383 3006 salutiferam

825 3039 970 3090 illaut
1007 3046 1359 3102 armaturam,
1415 3039 1466 3092 in
1504 3039 1925 3110 inexpugnabile
1967 3041 2291 3106 subsidium,
2327 3053 2385 3097 ut

2484 566 2636 629 ἄλλα,
2668 566 2775 618 οὐδ’
2805 567 2898 617 ἐπὶ
2933 564 3053 617 νοῦν
3081 563 3262 614 λαϐεῖν
3291 561 3492 630 ῥᾴδιον,
3528 560 3603 630 μὴ
3641 560 3788 626 ὃτιγε
3825 559 3914 610 διὰ
3940 573 4058 626 xst-

2484 658 2617 710 λέων
2648 657 2930 729 προάγειν,
2965 655 3000 709 ὃ.
3029 655 3186 708 τύποι
3233 653 3327 706 καὶ
3375 652 3730 722 εἱκονίσματα
3763 654 3855 703 τοῦ
3889 665 4059 702 crau-

2487 745 2578 815 ροῦ
2611 746 2993 816 ἐχρημάτιζον.
3023 745 3102 796 Τὰ
3133 745 3190 796 δὲ
3213 742 3306 796 νέα
3335 745 3532 808 ὁποίας

2555 836 2740 907 Τούτῳ
2766 838 3042 908 μάρτυρες
3066 834 3416 904 ὁπλισάμενοι
3469 835 3566 896 τὰς
3596 832 3771 904 ἀρχὰς
3818 832 3915 886 καὶ
3959 832 4061 895 τὰς

2484 929 2729 993 ἔξουσίας
2783 929 3030 982 καθεῖλον
3086 927 3180 982 τοῦ
3241 929 3704 998 κοσμοκράτορας,
3752 929 3929 996 τούτῳ
3964 929 4061 979 καὶ

2488 1023 2746 1089 γυναῖκες
2767 1021 3150 1092 νεκρούμεναι,
3178 1019 3428 1090 καθάπερ
3457 1019 3798 1090 τραυματίαν
3830 1017 4064 1089 ήγούμευ

2485 1129 2572 1165 ναι
2595 1111 2686 1164 τὸν
2712 1112 2934 1166 δυνατὸν
2972 1115 3028 1163 ὲν
3065 1110 3254 1179 κακίᾳ,
3298 1111 3530 1180 νεανικῷ
3562 1111 3684 1163 ποδὶ
3713 1110 3813 1178 τὴν
3843 1109 4059 1161 ἐκείνου

2485 1203 2869 1272 κατεπάτησαν
2899 1202 3159 1273 κεφαλὴν,
3203 1204 3260 1255 ἐν
3294 1200 3474 1270 τούτῳ
3503 1200 3601 1272 τὴν
3628 1197 3797 1270 ἧτταν
3825 1201 3924 1269 τῆς
3960 1217 4059 1267 γυ-

2486 1295 2728 1358 ναικείας
2777 1295 3211 1362 ἀνακαλούμεναι
3264 1293 3494 1362 φύσεως.
3540 1294 3726 1364 Τούτῳ
3777 1294 3874 1346 καὶ
3924 1292 4063 1346 θεῖοι

2486 1386 2744 1454 ποιμένες
2776 1386 2876 1455 τῆς
2917 1387 3155 1458 μάνδρας
3209 1385 3601 1448 ἀποσοϐοῦντες
3654 1385 3722 1438 τὰ
3773 1385 3967 1456 θηρία,
4002 1386 4062 1436 τὸ

2488 1479 2736 1548 ποίμνιον
2788 1478 3232 1532 ἀνεπιϐούλευτον
3296 1479 3636 1542 διασώζουσι.
3697 1477 3884 1548 Τούτῳ
3964 1478 4064 1547 τῆς

2489 1569 2690 1637 σαρκὸς
2720 1569 2819 1642 τὴν
2866 1569 3112 1638 ἀνάγκην
3156 1569 3431 1640 ἄνθρωποι
3461 1570 3714 1632 λαθόντες
3745 1569 3903 1639 πηλῷ
3931 1587 4058 1621 συν-

2485 1661 2784 1731 δεδεμένοι,
2829 1665 2936 1726 τοῖς
2965 1663 3218 1731 ἀγγέλοις
3287 1663 3848 1732 συμμετεωρίζονται,
3886 1663 4060 1732 ἄσαρ-

2490 1770 2584 1806 κον
2609 1757 2665 1806 ὲν
2703 1755 2774 1824 γῇ
2819 1754 3094 1807 πολιτείαν
3119 1755 3568 1824 ἐπιδεικνύμενοι.
3604 1755 3775 1807 Τοῦτο
3811 1754 4062 1824 θεμέλιος

2485 1846 2592 1900 τῶν
2631 1846 2953 1915 ἐκκλησιῶν,
2981 1847 3166 1918 ίερέων
3196 1847 3342 1912 δόξα,
3370 1847 3633 1917 βασιλέων
3659 1847 3929 1915 διάδημα,
3963 1848 4059 1898 πό-

2483 1939 2622 1993 λεων
2651 1941 2932 2010 ὀχύρωμα,
2981 1938 3148 1994 ὲονῶν
3183 1939 3460 2009 πολεμίων
3513 1940 3815 2010 ἀνατροπὴ,
3853 1941 4061 1992 πιστῶν

2486 2031 2793 2102 συμμαχία.
2829 2030 2998 2084 Τοῦτο
3040 2031 3239 2094 παντὸς
3274 2031 3367 2085 τοῦ
3406 2032 3614 2102 κόσμου
3662 2032 4057 2101 φυλακτήριον,

2483 2122 2643 2177 τοῦτο
2665 2123 2736 2176 τὰ
2773 2123 3031 2177 διεστῶτα
3062 2123 3362 2194 συνήγαγε,
3390 2124 3488 2191 τῆς
3523 2123 3722 2195 ἔχθρας
3751 2123 3972 2192 διέκοψε
4004 2123 4061 2175 τὸ

2490 2218 2826 2286 μεσότοιχον,
2863 2217 3088 2286 εἰρήνην
3127 2219 3240 2278 τοῖς
3287 2218 3344 2268 ἐν
3377 2218 3447 2285 γῇ
3491 2217 3587 2268 καὶ
3629 2216 3847 2285 οὐρανῷ
3894 2215 4062 2284 '5de-

2485 2308 2697 2361 δευσεν.
2733 2308 2892 2373 Ἀλλ’,
2923 2303 2967 2360 ὦ
2994 2309 3133 2374 Λόγε
3159 2306 3316 2374 Θεοῦ,
3353 2309 3381 2359 ό
3409 2307 3619 2368 πλάσας
3649 2307 3748 2377 μὲν
3784 2307 3871 2359 ἐπ’
3904 2307 4059 2376 εὑερ·

2486 2403 2646 2470 γεσεα
2684 2402 2775 2453 τὸν
2831 2400 3139 2470 ἄνθρωπον,
3172 2398 3507 2470 φθονηθέντα
3547 2399 3604 2452 δὲ
3646 2400 3740 2451 καὶ
3781 2399 3868 2452 διὰ
3898 2399 4058 2465 ξύλου

2487 2495 2623 2562 πρὸς
2651 2493 2912 2562 ἐσχατιὰν
2945 2492 3043 2560 τῆς
3074 2491 3282 2561 ὑψηλῆς
3305 2491 3576 2553 πολιτείας
3601 2491 4060 2560 ἀπολισοήσαντα,

2489 2583 2654 2636 πάλιν
2717 2582 2805 2634 διὰ
2857 2580 3014 2645 ξύλου
3061 2580 3352 2649 ἀναγαγὼν
3398 2583 3479 2644 είς
3517 2581 3614 2649 τὴν
3665 2581 3892 2650 πρώτην
3919 2581 4063 2633 ὰπὰο

2449 2740 2453 2744 _
2488 2677 2658 2738 θειαν,
2696 2676 2724 2727 ό
2751 2674 3003 2740 σταγόσιν
3045 2673 3275 2742 αἵματος
3328 2673 3508 2742 τιμίου
3560 2673 3900 2742 ἐξαγοράσας
3938 2674 4063 2733 τοὺς

2488 2765 2958 2836 αὐτοπροαιρέτως
2997 2763 3502 2826 καταδουλωθέντας
3549 2766 3614 2834 τῇ
3663 2764 3933 2834 ἁμαρτίᾳ,
3973 2767 4066 2816 καὶ

2489 2859 2738 2927 ποίμνιον
2785 2857 2878 2908 καὶ
2936 2857 3064 2908 λαὸν
3107 2857 3553 2926 ὑποστησάμενος
3599 2855 3952 2925 περιούσιον,
4003 2850 4063 2908 οὑ

2487 2949 2585 3019 τὴν
2622 2950 2922 3019 ἐπιτροπὴν
2977 2948 3069 3000 καὶ
3104 2947 3438 3020 προστασίαν
3466 2949 3597 3017 ἡμῖν
3621 2949 3670 2999 εἰ
3702 2948 3797 3000 καὶ
3822 2945 4063 3010 ἀναξίοις

2491 3041 2853 3110 ἐνεχείρισας,
2911 3040 3054 3093 δίδου
3114 3040 3206 3091 τὸν
3258 3038 3348 3091 σὺν
3407 3039 3641 3108 σταυρὸν
3680 3038 3740 3091 τὸ
3798 3039 4065 3108 σωτήριον

824 3129 1244 3196 inaspectabilcs
1271 3130 1487 3200 quidem
1520 3131 1701 3185 hostes
1729 3131 1915 3199 perdat
1949 3134 2001 3186 in
2038 3133 2218 3200 ﬁnem,
2245 3152 2384 3206 quos
2416 3156 2458 3214 α
2493 3160 2495 3176 ι

2416 3156 2458 3214 c
2493 3133 2656 3186 ὅπλον
2687 3133 2766 3195 είς
2801 3131 3054 3201 βοήθειαν
3093 3129 3535 3199 ἀπροσμάχητον,
3573 3129 3797 3200 ἐχθροὺς
3825 3129 3926 3198 μὲν
3953 3130 4065 3181 ὅσοι

825 3237 952 3272 vero
975 3221 1196 3273 dextera
1226 3229 1316 3274 tua
1348 3235 1640 3276 conservos
1669 3238 1788 3277 esse
1827 3223 1972 3288 fecit,
1999 3227 2390 3282 sententiarum

823 3322 1000 3364 autem
1035 3312 1270 3366 varietas
1301 3311 1578 3377 distraxit,
1613 3314 1711 3367 hos
1741 3330 1836 3384 per
1864 3331 2085 3370 crucem
2117 3333 2183 3371 eo
2219 3335 2394 3388 usque

829 3404 1060 3465 instrue,
1097 3403 1275 3470 quoad
1313 3404 1756 3467 reconcilientur,
1801 3413 1856 3460 et
1889 3407 2183 3461 amicitiam
2209 3409 2394 3464 ineant

823 3511 946 3548 cum
978 3495 1062 3548 his
1089 3496 1179 3563 qui
1218 3503 1270 3548 te
1297 3505 1620 3565 agnoscunt,
1643 3498 1789 3567 quod
1817 3513 1914 3567 pro
1938 3500 2180 3554 omnium
2217 3502 2394 3557 salute

823 3598 1042 3637 crucem
1075 3583 1330 3646 subieris,
1377 3593 1436 3637 ut
1476 3599 1664 3639 omnes
1702 3601 1810 3640 uno
1854 3603 1948 3641 ore
1987 3597 2040 3643 et
2089 3604 2199 3643 uno
2227 3591 2393 3645 corde

829 3684 983 3729 tuum
1023 3684 1270 3730 sanctum
1309 3690 1506 3730 nomen
1547 3677 1904 3742 celebremus,
1943 3683 2071 3750 quia
2125 3690 2278 3736 tuum
2314 3691 2399 3738 est

829 3783 1054 3837 regnum
1110 3779 1162 3821 et
1196 3767 1390 3836 gloria,
1457 3783 1602 3824 nunc
1640 3778 1694 3824 et
1737 3785 1950 3841 semper
1995 3782 2050 3828 et
2099 3773 2153 3828 in
2202 3775 2397 3830 saecula

824 3860 1166 3914 saeculorum.
1193 3860 1364 3915 Amen
1384 3860 1516 3932 (29).

1418 4109 1674 4167 ORATIO
1723 4111 1766 4167 Χ
1779 4148 1794 4164 .

831 4217 897 4272 In
933 4236 1180 4290 magnum
1210 4238 1271 4276 ac
1309 4224 1546 4278 salutare
1588 4227 1835 4282 adversus
1858 4236 2084 4284 mortem
2107 4231 2392 4284 excitatum

1391 4305 1643 4364 tropwum
1688 4298 1835 4367 (50).:

2500 3222 2720 3290 ἀόρατοι
2748 3221 3030 3274 ἀπολλύων
3057 3221 3136 3283 είς
3174 3220 3343 3284 τέλος,
3374 3219 3468 3284 οὓς
3497 3220 3552 3272 δὲ
3587 3220 3908 3290 ὁμοδούλους
3935 3222 3966 3289 ἡ
3999 3219 4066 3289 σὴ

2505 3315 2602 3384 μὲν
2659 3314 2988 3384 δημιουργὸς
3050 3313 3491 3382 ὲπλαστούργησε
3551 3311 3718 3377 δεξιὰ,
3769 3311 3964 3380 γνώμη
4021 3312 4065 3363 δ’

2501 3409 2794 3462 ὑπεναντία
2819 3407 3086 3476 διέστησε,
3125 3405 3345 3468 τούτους
3365 3406 3421 3458 δὲ
3449 3405 3537 3458 διὰ
3567 3404 3663 3458 τοῦ
3700 3404 3936 3475 σταυροῦ
3971 3404 4066 3455 ἐπὶ

2498 3499 2749 3553 τοσοῦτον
2773 3498 3064 3564 παιδεύων,
3095 3499 3218 3551 ὅσον
3252 3501 3332 3561 εἰς
3373 3497 3430 3550 ἒν
3463 3497 3904 3568 συμϐιϐασθῆναι
3948 3500 4064 3559 τοῖς

2499 3609 2557 3644 σε
2599 3591 2964 3658 γινώσκουσι,
3026 3591 3107 3642 ὅτι
3165 3590 3306 3660 ὑπὲρ
3352 3592 3454 3658 τῆς
3512 3589 3726 3642 πάντων
3790 3591 4065 3659 σωτηρίας

2497 3685 2728 3754 σταυρὸν
2775 3684 3106 3752 ὑπέμεινας,
3160 3683 3246 3734 ἴνα
3297 3683 3497 3742 παντες
3561 3682 3643 3734 ὲν).
3698 3682 3927 3750 στόματι
3972 3684 4068 3733 καὶ

2497 3777 2594 3845 μιᾷ
2641 3774 2836 3844 καρδίᾳ
2867 3774 2926 3825 τὸ
2971 3775 3062 3826 σὺν
3111 3773 3366 3843 ὑμνῶμεν
3415 3774 3682 3841 πανάγιον
3741 3773 3932 3842 δνομα,
3983 3775 4067 3826 ὅτι

2493 3867 2587 3920 σοῦ
2618 3868 2764 3920 ἐστιν
2797 3867 2832 3936 ἡ
2871 3865 3114 3937 βασιλεία
3162 3867 3256 3919 καὶ
3301 3867 3334 3934 ἡ
3376 3866 3523 3932 δόξα,
3557 3864 3653 3919 νῦν
3697 3866 3789 3917 καὶ
3814 3865 3920 3931 ἀεὶ,
3969 3868 4068 3918 καὶ

2495 3961 2576 4022 είς
2605 3958 2729 4021 τοὺς
2755 3959 2958 4022 αἰῶνας
2992 3961 3100 4012 τῶν
3137 3959 3369 4015 αίώνων.
3412 3959 3608 4030 Ἀμήν.

3119 4120 3339 4173 ΛΟΓΟΣ
3383 4118 3439 4172 ι’.

2493 4235 2596 4300 Εἰς
2635 4236 2701 4290 τὸ
2747 4237 2900 4309 μέγα
2952 4232 3049 4286 καὶ
3089 4231 3385 4318 σωτήριον
3455 4235 3604 4289 κατὰ
3641 4236 3748 4290 τοῦ
3805 4236 4068 4290 θανάτου

3140 4319 3444 4371 τροπαιον.

1984 4415 2298 4483 (Constans.
2330 4420 2552 4473 Auctor.
2587 4436 2639 4486 ρ.
2675 4417 2859 4488 1691.)

900 4499 1254 4557 Resurrectio
1301 4503 1406 4557 mei
1459 4503 1585 4559 Jesu
1641 4520 1705 4560 ac
1741 4504 1858 4573 Dei,
1909 4510 2221 4577 mortuique
2262 4512 2391 4565 Ad:e
2423 4514 2468 4568 υ

833 4594 897 4647 ad
931 4595 1097 4647 vitam
1129 4593 1425 4648 revocatio.
1463 4595 1520 4649 In
1545 4595 1672 4650 vitae
1728 4597 2006 4652 hilaritate
2049 4597 2242 4653 festam
2271 4601 2396 4655 vita:

826 4683 1170 4736 celebremus
1204 4682 1367 4738 diem.
1399 4681 1725 4738 Rcsurrexit
1776 4685 2050 4748 Christus,
2103 4686 2292 4742 inferis
2343 4688 2395 4742 in

827 4773 1196 4842 captivitatem
1238 4775 1502 4838 redactis,
1550 4791 1613 4831 ac
1650 4776 1901 4833 libertate
1940 4781 2258 4834 annuntiata
2300 4796 2396 4833 ca-

832 4864 1023 4932 ptivis;
1085 4864 1335 4919 laudibus
1393 4867 1720 4922 extollamus
1779 4869 2125 4924 liberatorem
2179 4889 2190 4922 :
2250 4871 2396 4926 Mors

827 4957 880 5010 in
909 4956 1124 5010 victoria
1159 4971 1191 5011 a
1225 4964 1394 5011 morte
1414 4957 1661 5028 absorpta
1686 4968 1764 5012 est
1789 4959 1834 4990 ⁷⁵
1859 4977 1874 5026 ;
1927 4958 2253 5031 fugaturque
2275 4978 2396 5016 cor-

902 5067 948 5099 ”
987 5065 1009 5120 l
1055 5067 1184 5122 Cor.
1219 5084 1309 5134 xv,
1339 5068 1426 5124 54.

2579 4511 2899 4572 Ἀνάστασις
2952 4509 3045 4562 τοῦ
3096 4510 3230 4579 ἐμοῦ
3271 4509 3444 4579 Ἰησοῦ
3493 4509 3585 4564 καὶ
3634 4509 3790 4576 Θεοῦ,
3827 4513 3923 4566 καὶ
3971 4515 4068 4568 τοῦ

2499 4602 2865 4673 νεκρωοέντος
2904 4601 3072 4670 Ἀδὰμ
3106 4601 3399 4662 ἀναϐίωσις
3420 4619 3434 4633 ·
3474 4603 3531 4656 ὲν
3563 4603 3878 4674 φαιδρότητι
3899 4605 4067 4674 ζωῆς,

2499 4695 2598 4762 τῆς
2633 4694 2780 4763 ζωῆς
2809 4692 2906 4764 τὴν
2929 4694 3236 4763 πανήγυριν
3280 4694 3648 4765 ἑορτάσωμεν.
3694 4696 3926 4765 Χριστὸς
3975 4699 4071 4750 ἀν-

2501 4785 2631 4855 έστη
2659 4787 2749 4839 τὸν
2775 4785 2908 4856 ᾆδην
2953 4786 3379 4856 αἰχμαλωτίσας,
3415 4787 3508 4840 καὶ
3551 4789 3665 4850 τοῖς
3699 4788 4070 4856 αἰχμαλώτοις

2500 4879 2812 4950 ὲλευῦερίαν
2852 4877 3125 4946 κηρύξας’
3166 4877 3479 4948 δοξάσωμεν
3522 4879 3610 4932 τὸν
3675 4879 4066 4950 ὲλευθερωτήν.

2499 4972 2605 5032 Εἰς
2656 4969 2824 5035 νῖκος
2867 4967 2946 5038 τῷ
3002 4968 3217 5040 Θανάτῳ
3267 4969 3524 5036 θάνατος
3593 4973 3921 5040 κατεπόθη,
3974 4975 4070 5026 καὶ

2348 5163 2579 5221 NOTAE.

901 5253 1011 5326 (29)
1054 5253 1282 5310 Exstant
1307 5257 1362 5311 in
1398 5257 1720 5314 bibliotheca
1753 5259 2014 5314 Bavarica
2043 5275 2233 5315 novem
2271 5261 2388 5315 alia:

831 5327 1105 5398 orationes
1142 5327 1300 5394 Itujus
1330 5330 1695 5396 imperatoi-is,
1727 5347 1958 5398 quorum
1989 5332 2177 5385 titulos
2213 5342 2267 5386 et
2305 5333 2389 5386 in-

833 5397 1161 5470 scriptiones
1192 5409 1474 5452 enumerat
1507 5397 1853 5455 Bibliotheca;
1877 5402 2104 5455 Gesner.
2129 5401 2390 5470 Epitome,

832 5481 968 5540 quas
1016 5481 1077 5519 ex
1130 5466 1388 5521 Bavarieo
1435 5472 1555 5523 eod.
1585 5472 1997 5540 exscriptas,et
2047 5472 2100 5524 in
2144 5466 2392 5526 Latinam

836 5538 1072 5612 linguam
1099 5551 1395 5612 conversas
1420 5549 1543 5612 ante
1566 5538 1778 5612 aliquot
1800 5556 1972 5596 annos
1997 5544 2387 5612 evulgavimus.

834 5609 1159 5658 Asservatur
1190 5609 1239 5659 in
1273 5611 1460 5662 eadem
1500 5611 1830 5665 bibliotheca
1871 5609 2401 5666 volumen'homilia-

836 5691 962 5753 runt
1005 5672 1272 5753 Pliilothei
1321 5681 1642 5753 patriarcha:
1690 5682 2402 5753 Constantinopolitani;et

833 5745 1052 5824 quidem
1092 5746 1234 5824 illius
1263 5745 1520 5811 homilize,
1553 5767 1674 5824 quae
1699 5759 1780 5805 est
1813 5752 1866 5804 in
1896 5745 2190 5807 secundam
2221 5745 2402 5807 Domi-

833 5817 1011 5869 uicam
1042 5825 1164 5883 post
1197 5817 1583 5884 Pcntccosten,
1616 5822 1750 5878 idem
1785 5837 2011 5892 prorsus
2051 5824 2263 5878 initium
2295 5835 2400 5892 est,

2497 5259 2642 5330 quod
2676 5259 2870 5336 hujus,
2885 5274 3048 5336 quam
3075 5276 3186 5331 prae
3208 5264 3466 5336 manibus
3490 5265 3747 5322 habemus
3775 5274 4064 5336 orationis.

2499 5342 2559 5414 ut
2589 5332 2814 5414 proinde
2838 5330 3179 5414 Philotheum
3205 5335 3256 5386 id
3279 5350 3343 5388 ex
3373 5336 3552 5414 Leone
3577 5339 3878 5414 sublegtsse
3898 5330 4063 5414 Oper;

2501 5411 2627 5465 teat,
2662 5402 2880 5486 quippe
2898 5403 3262 5486 posteriorem
3284 5420 3347 5459 ex
3384 5407 3599 5474 priore;
3628 5408 3674 5463 si
3705 5402 3814 5466 non
3838 5402 4068 5486 uterque

2502 5486 2566 5525 ex
2600 5473 2836 5538 quodam
2870 5473 3033 5526 tertio
3060 5475 3288 5540 accepit.

2575 5543 2685 5622 (50)
2716 5540 2977 5622 videatur
3009 5543 3121 5596 luce
3143 5541 3340 5598 Leonis
3367 5548 3675 5603 orationum
3720 5552 3832 5606 fere
3858 5555 4062 5622 palma-

2499 5612 2616 5690 ria,_
2637 5614 2716 5690 sic
2748 5612 2907 5667 docte
2933 5628 3249 5690 pressoque,
3279 5623 3393 5669 tum
3429 5628 3618 5672 nostra
3650 5612 3926 5690 edisserit,
3951 5636 4061 5680 tum

2499 5684 2738 5765 traducit
2775 5692 3049 5765 .extcrna.
3103 5685 3291 5765 lilultis
3331 5690 3672 5765 emendatior
3726 5684 3924 5759 prodit'
3967 5713 4064 5765 opu

2500 5752 2653 5878 ιῖὶτςξῑ
2687 5752 2837 5819 cod.,
2867 5769 2928 5808 ex
2955 5769 3066 5823 quo
3121 5754 3383 5810 edendam
3425 5762 3614 5828 putavi
3660 5752 3916 5820 collatam
3940 5752 4061 5822 cuin

2500 5839 2529 5878 c
2572 5839 2685 5878 uis.

2500 5839 2685 5878 CUIUS.
