  <div class='ocr_page' id='page_1' title='image "/cluster/home/n/w/nwhite01/storage/ocr_20150623/107/nnc1.0046980040/110.png"; bbox 0 0 4232 6444; ppageno 0'>
   <div class='ocr_carea' id='block_1_1' title="bbox 207 394 3455 472">
    <p class='ocr_par' dir='ltr' id='par_1_1' title="bbox 207 394 3455 472">
     <span class='ocr_line' id='line_1_1' title="bbox 207 394 3455 472; baseline 0.007 -25"><span class='ocrx_word' id='word_1_1' title='bbox 207 401 276 463; x_wconf 77' lang='lat'><strong>9&#39;1</strong></span> <span class='ocrx_word' id='word_1_2' title='bbox 919 394 1202 455; x_wconf 78' lang='lat' dir='ltr'><strong>ORATIO</strong></span> <span class='ocrx_word' id='word_1_3' title='bbox 1240 395 1291 452; x_wconf 80' lang='grc' dir='ltr'>Χ</span> <span class='ocrx_word' id='word_1_4' title='bbox 1344 418 1412 434; x_wconf 89' lang='grc'><strong>·-</strong></span> <span class='ocrx_word' id='word_1_5' title='bbox 1436 394 1519 454; x_wconf 89' lang='grc' dir='ltr'><strong>ΙΝ</strong></span> <span class='ocrx_word' id='word_1_6' title='bbox 1554 395 1984 457; x_wconf 81' lang='lat' dir='ltr'><strong>DOMINICAM</strong></span> <span class='ocrx_word' id='word_1_7' title='bbox 2024 398 2748 465; x_wconf 71' lang='lat' dir='ltr'><strong>RESURRECTIONEM.</strong></span> <span class='ocrx_word' id='word_1_8' title='bbox 3381 409 3455 472; x_wconf 84' lang='lat'><strong>98</strong></span> 
     </span>
    </p>
   </div>
   <div class='ocr_carea' id='block_1_2' title="bbox 208 510 829 582">
    <p class='ocr_par' dir='ltr' id='par_1_2' title="bbox 208 510 829 582">
     <span class='ocr_line' id='line_1_2' title="bbox 208 510 829 582; baseline -0.014 -16"><span class='ocrx_word' id='word_1_9' title='bbox 208 513 389 582; x_wconf 78' lang='grc' dir='ltr'>φθορά</span> <span class='ocrx_word' id='word_1_10' title='bbox 433 510 792 579; x_wconf 73' lang='grc' dir='ltr'><strong>φυγαδεύεται</strong></span> <span class='ocrx_word' id='word_1_11' title='bbox 815 546 829 570; x_wconf 92' lang='grc'><strong>,</strong></span> 
     </span>
    </p>
   </div>
   <div class='ocr_carea' id='block_1_3' title="bbox 210 687 1787 759">
    <p class='ocr_par' dir='ltr' id='par_1_3' title="bbox 210 687 1787 759">
     <span class='ocr_line' id='line_1_3' title="bbox 210 687 1787 759; baseline -0.004 -14"><span class='ocrx_word' id='word_1_12' title='bbox 210 696 394 745; x_wconf 74' lang='grc' dir='ltr'>στείαν</span> <span class='ocrx_word' id='word_1_13' title='bbox 420 692 587 745; x_wconf 78' lang='grc' dir='ltr'>αὑτοῦ</span> <span class='ocrx_word' id='word_1_14' title='bbox 611 707 625 722; x_wconf 66' lang='grc' dir='ltr'>θ</span> <span class='ocrx_word' id='word_1_15' title='bbox 662 689 971 759; x_wconf 72' lang='grc' dir='ltr'><strong>καθῄρηται</strong></span> <span class='ocrx_word' id='word_1_16' title='bbox 1004 688 1033 739; x_wconf 82' lang='grc' dir='ltr'>ὁ</span> <span class='ocrx_word' id='word_1_17' title='bbox 1078 687 1383 750; x_wconf 84' lang='grc' dir='ltr'>ἀντίδικος’</span> <span class='ocrx_word' id='word_1_18' title='bbox 1433 688 1463 740; x_wconf 81' lang='grc' dir='ltr'>ὁ</span> <span class='ocrx_word' id='word_1_19' title='bbox 1498 688 1787 757; x_wconf 83' lang='grc' dir='ltr'>ὑπερήφα-</span> 
     </span>
    </p>
   </div>
   <div class='ocr_carea' id='block_1_4' title="bbox 209 766 1786 850">
    <p class='ocr_par' dir='ltr' id='par_1_4' title="bbox 209 766 1786 850">
     <span class='ocr_line' id='line_1_4' title="bbox 209 766 1786 850; baseline -0.004 -12"><span class='ocrx_word' id='word_1_20' title='bbox 209 802 299 847; x_wconf 82' lang='grc' dir='ltr'><strong>νος</strong></span> <span class='ocrx_word' id='word_1_21' title='bbox 360 783 797 837; x_wconf 70' lang='grc' dir='ltr'>τεταπείνωταιο</span> <span class='ocrx_word' id='word_1_22' title='bbox 842 784 869 834; x_wconf 86' lang='grc' dir='ltr'><strong>ὁ</strong></span> <span class='ocrx_word' id='word_1_23' title='bbox 930 779 1182 849; x_wconf 84' lang='grc' dir='ltr'><strong>δεσμίους</strong></span> <span class='ocrx_word' id='word_1_24' title='bbox 1242 766 1506 849; x_wconf 78' lang='grc' dir='ltr'>κατέχων,</span> <span class='ocrx_word' id='word_1_25' title='bbox 1568 779 1786 850; x_wconf 79' lang='grc' dir='ltr'><strong>δεσμοῖς</strong></span> 
     </span>
    </p>
   </div>
   <div class='ocr_carea' id='block_1_5' title="bbox 207 872 1778 946">
    <p class='ocr_par' dir='ltr' id='par_1_5' title="bbox 207 872 1778 946">
     <span class='ocr_line' id='line_1_5' title="bbox 207 872 1778 946; baseline 0 -18"><span class='ocrx_word' id='word_1_26' title='bbox 207 876 637 946; x_wconf 75' lang='grc' dir='ltr'>περιϐέϐληται·</span> <span class='ocrx_word' id='word_1_27' title='bbox 701 878 728 928; x_wconf 72' lang='grc' dir='ltr'>ὁ</span> <span class='ocrx_word' id='word_1_28' title='bbox 778 874 839 926; x_wconf 82' lang='grc' dir='ltr'><strong>τὸ</strong></span> <span class='ocrx_word' id='word_1_29' title='bbox 887 874 1042 942; x_wconf 82' lang='grc' dir='ltr'>γένος</span> <span class='ocrx_word' id='word_1_30' title='bbox 1111 873 1409 941; x_wconf 76' lang='grc' dir='ltr'><strong>ἀφανίζων,</strong></span> <span class='ocrx_word' id='word_1_31' title='bbox 1483 872 1733 928; x_wconf 80' lang='grc' dir='ltr'><strong>ἀπώλετο</strong></span> <span class='ocrx_word' id='word_1_32' title='bbox 1765 891 1778 904; x_wconf 94' lang='grc'><strong>·</strong></span> 
     </span>
    </p>
   </div>
   <div class='ocr_carea' id='block_1_6' title="bbox 207 965 1786 1039">
    <p class='ocr_par' dir='ltr' id='par_1_6' title="bbox 207 965 1786 1039">
     <span class='ocr_line' id='line_1_6' title="bbox 207 965 1786 1039; baseline -0.003 -17"><span class='ocrx_word' id='word_1_33' title='bbox 207 970 446 1039; x_wconf 73' lang='grc' dir='ltr'>Χριστὸς</span> <span class='ocrx_word' id='word_1_34' title='bbox 483 970 542 1033; x_wconf 78' lang='grc' dir='ltr'>ἐξ</span> <span class='ocrx_word' id='word_1_35' title='bbox 574 968 699 1038; x_wconf 71' lang='grc' dir='ltr'>ᾇδου</span> <span class='ocrx_word' id='word_1_36' title='bbox 752 967 1152 1036; x_wconf 76' lang='grc' dir='ltr'>τροπαιοφόρος</span> <span class='ocrx_word' id='word_1_37' title='bbox 1178 1005 1191 1027; x_wconf 91' lang='grc'><strong>,</strong></span> <span class='ocrx_word' id='word_1_38' title='bbox 1238 965 1322 1028; x_wconf 81' lang='grc' dir='ltr'><strong>τίς</strong></span> <span class='ocrx_word' id='word_1_39' title='bbox 1364 966 1425 1017; x_wconf 91' lang='grc' dir='ltr'><strong>ού</strong></span> <span class='ocrx_word' id='word_1_40' title='bbox 1462 967 1786 1038; x_wconf 79' lang='grc' dir='ltr'>προῦπαντᾷ</span> 
     </span>
    </p>
   </div>
   <div class='ocr_carea' id='block_1_7' title="bbox 205 1055 1785 1127">
    <p class='ocr_par' dir='ltr' id='par_1_7' title="bbox 205 1055 1785 1127">
     <span class='ocr_line' id='line_1_7' title="bbox 205 1055 1785 1127; baseline -0.001 -18"><span class='ocrx_word' id='word_1_41' title='bbox 205 1056 299 1109; x_wconf 86' lang='grc' dir='ltr'><strong>τοῦ</strong></span> <span class='ocrx_word' id='word_1_42' title='bbox 333 1056 580 1108; x_wconf 83' lang='grc' dir='ltr'>τοιούτου</span> <span class='ocrx_word' id='word_1_43' title='bbox 628 1055 911 1125; x_wconf 81' lang='grc' dir='ltr'>τροπαίου,</span> <span class='ocrx_word' id='word_1_44' title='bbox 946 1056 1072 1107; x_wconf 79' lang='grc' dir='ltr'>ποσὶ</span> <span class='ocrx_word' id='word_1_45' title='bbox 1120 1055 1214 1107; x_wconf 72' lang='grc' dir='ltr'>καὶ</span> <span class='ocrx_word' id='word_1_46' title='bbox 1255 1058 1461 1123; x_wconf 82' lang='grc' dir='ltr'>φωναῖς</span> <span class='ocrx_word' id='word_1_47' title='bbox 1491 1055 1671 1119; x_wconf 78' lang='grc' dir='ltr'><strong>ἀξίαις</strong></span> <span class='ocrx_word' id='word_1_48' title='bbox 1708 1057 1785 1127; x_wconf 81' lang='grc' dir='ltr'>τῷ</span> 
     </span>
    </p>
   </div>
   <div class='ocr_carea' id='block_1_8' title="bbox 207 1146 1784 1219">
    <p class='ocr_par' dir='ltr' id='par_1_8' title="bbox 207 1146 1784 1219">
     <span class='ocr_line' id='line_1_8' title="bbox 207 1146 1784 1219; baseline 0.001 -19"><span class='ocrx_word' id='word_1_49' title='bbox 207 1151 441 1218; x_wconf 79' lang='grc' dir='ltr'>νικητῇς</span> <span class='ocrx_word' id='word_1_50' title='bbox 488 1148 688 1219; x_wconf 82' lang='grc' dir='ltr'>’ᾼδέτω</span> <span class='ocrx_word' id='word_1_51' title='bbox 735 1146 940 1201; x_wconf 83' lang='grc' dir='ltr'>ἀνωθεν</span> <span class='ocrx_word' id='word_1_52' title='bbox 972 1147 1001 1197; x_wconf 85' lang='grc' dir='ltr'>ὁ</span> <span class='ocrx_word' id='word_1_53' title='bbox 1031 1147 1279 1216; x_wconf 80' lang='grc' dir='ltr'>οὐρανὸς,</span> <span class='ocrx_word' id='word_1_54' title='bbox 1311 1148 1408 1200; x_wconf 73' lang='grc' dir='ltr'><strong>καὶ</strong></span> <span class='ocrx_word' id='word_1_55' title='bbox 1441 1148 1513 1217; x_wconf 85' lang='grc' dir='ltr'><strong>γῆ</strong></span> <span class='ocrx_word' id='word_1_56' title='bbox 1540 1149 1784 1202; x_wconf 79' lang='grc' dir='ltr'>κάτωθεν</span> 
     </span>
    </p>
   </div>
   <div class='ocr_carea' id='block_1_9' title="bbox 206 1238 1781 1310">
    <p class='ocr_par' dir='ltr' id='par_1_9' title="bbox 206 1238 1781 1310">
     <span class='ocr_line' id='line_1_9' title="bbox 206 1238 1781 1310; baseline 0.001 -19"><span class='ocrx_word' id='word_1_57' title='bbox 206 1239 273 1292; x_wconf 80' lang='grc' dir='ltr'>τὰ</span> <span class='ocrx_word' id='word_1_58' title='bbox 303 1241 601 1308; x_wconf 72' lang='grc' dir='ltr'><strong>νικητήρια</strong></span> <span class='ocrx_word' id='word_1_59' title='bbox 628 1241 870 1310; x_wconf 82' lang='grc' dir='ltr'>ᾄσματα.</span> <span class='ocrx_word' id='word_1_60' title='bbox 905 1238 1021 1291; x_wconf 87' lang='grc' dir='ltr'>Νῦν</span> <span class='ocrx_word' id='word_1_61' title='bbox 1048 1240 1270 1306; x_wconf 80' lang='grc' dir='ltr'>ἄγγελοι</span> <span class='ocrx_word' id='word_1_62' title='bbox 1289 1240 1741 1307; x_wconf 78' lang='grc' dir='ltr'>δοξολογείτωσαν</span> <span class='ocrx_word' id='word_1_63' title='bbox 1766 1259 1781 1272; x_wconf 92' lang='grc'><strong>·</strong></span> 
     </span>
    </p>
   </div>
   <div class='ocr_carea' id='block_1_10' title="bbox 206 1330 1781 1401">
    <p class='ocr_par' dir='ltr' id='par_1_10' title="bbox 206 1330 1781 1401">
     <span class='ocr_line' id='line_1_10' title="bbox 206 1330 1781 1401; baseline 0.001 -17"><span class='ocrx_word' id='word_1_64' title='bbox 206 1331 301 1384; x_wconf 88' lang='grc' dir='ltr'><strong>νῦν</strong></span> <span class='ocrx_word' id='word_1_65' title='bbox 324 1330 607 1401; x_wconf 83' lang='grc' dir='ltr'>ἅνθρωποι</span> <span class='ocrx_word' id='word_1_66' title='bbox 660 1330 1057 1401; x_wconf 84' lang='grc' dir='ltr'>χορευέτωσαν,</span> <span class='ocrx_word' id='word_1_67' title='bbox 1093 1332 1313 1400; x_wconf 78' lang='grc' dir='ltr'><strong>εἰρήνης</strong></span> <span class='ocrx_word' id='word_1_68' title='bbox 1342 1333 1525 1394; x_wconf 76' lang='grc' dir='ltr'>αὐτοῖς</span> <span class='ocrx_word' id='word_1_69' title='bbox 1550 1334 1781 1399; x_wconf 73' lang='grc' dir='ltr'>ἀναφαιο</span> 
     </span>
    </p>
   </div>
   <div class='ocr_carea' id='block_1_11' title="bbox 207 1423 1779 1494">
    <p class='ocr_par' dir='ltr' id='par_1_11' title="bbox 207 1423 1779 1494">
     <span class='ocr_line' id='line_1_11' title="bbox 207 1423 1779 1494; baseline -0.001 -18"><span class='ocrx_word' id='word_1_70' title='bbox 207 1424 366 1494; x_wconf 85' lang='grc' dir='ltr'>ρέτου</span> <span class='ocrx_word' id='word_1_71' title='bbox 391 1424 790 1494; x_wconf 82' lang='grc' dir='ltr'><strong>δεδωρημένης.</strong></span> <span class='ocrx_word' id='word_1_72' title='bbox 830 1424 1080 1477; x_wconf 83' lang='grc' dir='ltr'>Ἐκτεινε</span> <span class='ocrx_word' id='word_1_73' title='bbox 1131 1423 1240 1491; x_wconf 82' lang='grc' dir='ltr'>γὰρ</span> <span class='ocrx_word' id='word_1_74' title='bbox 1272 1423 1369 1493; x_wconf 80' lang='grc' dir='ltr'>τὴν</span> <span class='ocrx_word' id='word_1_75' title='bbox 1397 1424 1601 1493; x_wconf 78' lang='grc' dir='ltr'>ἔχθραν</span> <span class='ocrx_word' id='word_1_76' title='bbox 1627 1426 1685 1476; x_wconf 84' lang='grc' dir='ltr'>ὲν</span> <span class='ocrx_word' id='word_1_77' title='bbox 1716 1428 1779 1493; x_wconf 80' lang='grc' dir='ltr'>τῇ</span> 
     </span>
    </p>
   </div>
   <div class='ocr_carea' id='block_1_12' title="bbox 207 1514 1783 1586">
    <p class='ocr_par' dir='ltr' id='par_1_12' title="bbox 207 1514 1783 1586">
     <span class='ocr_line' id='line_1_12' title="bbox 207 1514 1783 1586; baseline 0.001 -20"><span class='ocrx_word' id='word_1_78' title='bbox 207 1515 377 1582; x_wconf 71' lang='grc' dir='ltr'>σαρκὶ</span> <span class='ocrx_word' id='word_1_79' title='bbox 400 1515 833 1576; x_wconf 83' lang='grc' dir='ltr'>συναποκτείνας</span> <span class='ocrx_word' id='word_1_80' title='bbox 866 1514 1002 1583; x_wconf 76' lang='grc' dir='ltr'>αὐτῇ</span> <span class='ocrx_word' id='word_1_81' title='bbox 1030 1514 1120 1566; x_wconf 84' lang='grc' dir='ltr'><strong>τὸν</strong></span> <span class='ocrx_word' id='word_1_82' title='bbox 1142 1514 1345 1586; x_wconf 80' lang='grc' dir='ltr'><strong>ταύτης</strong></span> <span class='ocrx_word' id='word_1_83' title='bbox 1372 1517 1607 1583; x_wconf 76' lang='grc' dir='ltr'>πατέρα,</span> <span class='ocrx_word' id='word_1_84' title='bbox 1637 1514 1666 1565; x_wconf 90' lang='grc' dir='ltr'>ὁ</span> <span class='ocrx_word' id='word_1_85' title='bbox 1696 1517 1783 1584; x_wconf 82' lang='grc' dir='ltr'>σή-</span> 
     </span>
    </p>
   </div>
   <div class='ocr_carea' id='block_1_13' title="bbox 205 1604 1783 1677">
    <p class='ocr_par' dir='ltr' id='par_1_13' title="bbox 205 1604 1783 1677">
     <span class='ocr_line' id='line_1_13' title="bbox 205 1604 1783 1677; baseline 0 -19"><span class='ocrx_word' id='word_1_86' title='bbox 205 1623 377 1677; x_wconf 83' lang='grc' dir='ltr'>μερον</span> <span class='ocrx_word' id='word_1_87' title='bbox 415 1604 533 1668; x_wconf 77' lang='grc' dir='ltr'>ιὼς</span> <span class='ocrx_word' id='word_1_88' title='bbox 589 1607 653 1658; x_wconf 85' lang='grc' dir='ltr'>ὲκ</span> <span class='ocrx_word' id='word_1_89' title='bbox 714 1604 985 1667; x_wconf 80' lang='grc' dir='ltr'><strong>παστάδος</strong></span> <span class='ocrx_word' id='word_1_90' title='bbox 1037 1604 1320 1675; x_wconf 84' lang='grc' dir='ltr'>προελθὼν</span> <span class='ocrx_word' id='word_1_91' title='bbox 1346 1605 1442 1657; x_wconf 88' lang='grc' dir='ltr'><strong>τοῦ</strong></span> <span class='ocrx_word' id='word_1_92' title='bbox 1470 1605 1662 1674; x_wconf 86' lang='grc' dir='ltr'>τάφου,</span> <span class='ocrx_word' id='word_1_93' title='bbox 1694 1606 1783 1658; x_wconf 84' lang='grc' dir='ltr'>δε-</span> 
     </span>
    </p>
   </div>
   <div class='ocr_carea' id='block_1_14' title="bbox 207 1695 1781 1767">
    <p class='ocr_par' dir='ltr' id='par_1_14' title="bbox 207 1695 1781 1767">
     <span class='ocr_line' id='line_1_14' title="bbox 207 1695 1781 1767; baseline -0.001 -17"><span class='ocrx_word' id='word_1_94' title='bbox 207 1698 365 1767; x_wconf 85' lang='grc' dir='ltr'>σμῶν</span> <span class='ocrx_word' id='word_1_95' title='bbox 400 1698 636 1751; x_wconf 70' lang='grc' dir='ltr'>αἰωνίων</span> <span class='ocrx_word' id='word_1_96' title='bbox 702 1697 798 1750; x_wconf 81' lang='grc' dir='ltr'>καὶ</span> <span class='ocrx_word' id='word_1_97' title='bbox 851 1696 1039 1750; x_wconf 80' lang='grc' dir='ltr'>πυλῶν</span> <span class='ocrx_word' id='word_1_98' title='bbox 1082 1695 1179 1749; x_wconf 88' lang='grc' dir='ltr'><strong>τοῦ</strong></span> <span class='ocrx_word' id='word_1_99' title='bbox 1240 1696 1473 1752; x_wconf 91' lang='grc' dir='ltr'>θανάτου</span> <span class='ocrx_word' id='word_1_100' title='bbox 1517 1696 1781 1767; x_wconf 84' lang='grc' dir='ltr'>κρείττων</span> 
     </span>
    </p>
   </div>
   <div class='ocr_carea' id='block_1_15' title="bbox 215 1788 1781 1861">
    <p class='ocr_par' dir='ltr' id='par_1_15' title="bbox 215 1788 1781 1861">
     <span class='ocr_line' id='line_1_15' title="bbox 215 1788 1781 1861; baseline -0.001 -18"><span class='ocrx_word' id='word_1_101' title='bbox 215 1791 520 1861; x_wconf 71' lang='grc' dir='ltr'>ίενόμενος.</span> <span class='ocrx_word' id='word_1_102' title='bbox 552 1790 667 1844; x_wconf 86' lang='grc' dir='ltr'>Νῦν</span> <span class='ocrx_word' id='word_1_103' title='bbox 691 1792 825 1860; x_wconf 81' lang='grc' dir='ltr'>ἡμῖν</span> <span class='ocrx_word' id='word_1_104' title='bbox 857 1788 1050 1842; x_wconf 81' lang='grc' dir='ltr'>πασῶν</span> <span class='ocrx_word' id='word_1_105' title='bbox 1092 1788 1315 1859; x_wconf 79' lang='grc' dir='ltr'>ἑορτῶν,</span> <span class='ocrx_word' id='word_1_106' title='bbox 1341 1789 1442 1859; x_wconf 82' lang='grc' dir='ltr'><strong>ὅση</strong></span> <span class='ocrx_word' id='word_1_107' title='bbox 1485 1791 1543 1842; x_wconf 86' lang='grc' dir='ltr'><strong>έν</strong></span> <span class='ocrx_word' id='word_1_108' title='bbox 1566 1790 1781 1859; x_wconf 78' lang='grc' dir='ltr'>ὁρατοῖς</span> 
     </span>
    </p>
   </div>
   <div class='ocr_carea' id='block_1_16' title="bbox 907 506 2578 583">
    <p class='ocr_par' dir='ltr' id='par_1_16' title="bbox 907 506 2549 579">
     <span class='ocr_line' id='line_1_16' title="bbox 907 506 2549 579; baseline 0.004 -20"><span class='ocrx_word' id='word_1_109' title='bbox 907 508 1000 559; x_wconf 78' lang='grc' dir='ltr'><strong>καὶ</strong></span> <span class='ocrx_word' id='word_1_110' title='bbox 1058 506 1402 558; x_wconf 78' lang='grc' dir='ltr'>πολιτεύεται</span> <span class='ocrx_word' id='word_1_111' title='bbox 1470 507 1780 576; x_wconf 73' lang='grc' dir='ltr'>ἀφθαρσίαο</span> <span class='ocrx_word' id='word_1_112' title='bbox 1813 516 1857 571; x_wconf 81' lang='grc' dir='ltr'><strong>Α</strong></span> <span class='ocrx_word' id='word_1_113' title='bbox 1889 510 2069 579; x_wconf 86' lang='lat' dir='ltr'><strong>rnptio</strong></span> <span class='ocrx_word' id='word_1_114' title='bbox 2096 521 2149 563; x_wconf 79' lang='lat' dir='ltr'><strong>et</strong></span> <span class='ocrx_word' id='word_1_115' title='bbox 2185 513 2459 575; x_wconf 84' lang='lat' dir='ltr'><strong>interitus,</strong></span> <span class='ocrx_word' id='word_1_116' title='bbox 2486 527 2549 566; x_wconf 92' lang='lat' dir='ltr'><strong>ac</strong></span> 
     </span>
    </p>
   </div>
   <div class='ocr_carea' id='block_1_17' title="bbox 1785 506 3456 583">
    <p class='ocr_par' dir='ltr' id='par_1_17' title="bbox 1813 510 3456 583">
     <span class='ocr_line' id='line_1_17' title="bbox 1813 510 3456 583; baseline 0.007 -20"><span class='ocrx_word' id='word_1_117' title='bbox 1813 516 1857 571; x_wconf 82' lang='grc' dir='ltr'><strong>Α</strong></span> <span class='ocrx_word' id='word_1_118' title='bbox 1889 510 2069 579; x_wconf 87' lang='lat' dir='ltr'><strong>rnptie</strong></span> <span class='ocrx_word' id='word_1_119' title='bbox 2096 521 2149 563; x_wconf 79' lang='lat' dir='ltr'><strong>et</strong></span> <span class='ocrx_word' id='word_1_120' title='bbox 2185 513 2459 575; x_wconf 82' lang='lat' dir='ltr'><strong>interitus,</strong></span> <span class='ocrx_word' id='word_1_121' title='bbox 2486 527 2549 566; x_wconf 92' lang='lat' dir='ltr'><strong>ac</strong></span> <span class='ocrx_word' id='word_1_122' title='bbox 2580 513 2924 582; x_wconf 86' lang='lat' dir='ltr'><strong>incorruptio</strong></span> <span class='ocrx_word' id='word_1_123' title='bbox 2959 522 3188 583; x_wconf 85' lang='lat' dir='ltr'><strong>regnat:</strong></span> <span class='ocrx_word' id='word_1_124' title='bbox 3220 514 3456 574; x_wconf 78' lang='lat' dir='ltr'><strong>Jubilata</strong></span> 
     </span>
    </p>
   </div>
   <div class='ocr_carea' id='block_1_18' title="bbox 219 595 1790 667">
    <p class='ocr_par' dir='ltr' id='par_1_18' title="bbox 219 595 1790 667">
     <span class='ocr_line' id='line_1_18' title="bbox 219 595 1790 667; baseline -0.005 -9"><span class='ocrx_word' id='word_1_125' title='bbox 219 602 583 665; x_wconf 71' lang='grc' dir='ltr'>Ἂλαλάξατε</span> <span class='ocrx_word' id='word_1_126' title='bbox 601 600 680 664; x_wconf 81' lang='grc' dir='ltr'><strong>τῷ</strong></span> <span class='ocrx_word' id='word_1_127' title='bbox 697 597 837 663; x_wconf 83' lang='grc' dir='ltr'>Θεῷ,</span> <span class='ocrx_word' id='word_1_128' title='bbox 859 595 1029 651; x_wconf 75' lang='grc' dir='ltr'>πᾶσα</span> <span class='ocrx_word' id='word_1_129' title='bbox 1056 598 1093 665; x_wconf 79' lang='grc' dir='ltr'><strong><em>ἡ</em></strong></span> <span class='ocrx_word' id='word_1_130' title='bbox 1114 595 1212 665; x_wconf 79' lang='grc' dir='ltr'><strong>τῆ·</strong></span> <span class='ocrx_word' id='word_1_131' title='bbox 1234 599 1499 650; x_wconf 78' lang='grc' dir='ltr'>ἀναϐοᾶτε</span> <span class='ocrx_word' id='word_1_132' title='bbox 1520 599 1617 667; x_wconf 80' lang='grc' dir='ltr'><strong>τὴν</strong></span> <span class='ocrx_word' id='word_1_133' title='bbox 1633 600 1790 652; x_wconf 78' lang='grc' dir='ltr'>δυνα·</span> 
     </span>
    </p>
   </div>
   <div class='ocr_carea' id='block_1_19' title="bbox 1893 603 3459 674">
    <p class='ocr_par' dir='ltr' id='par_1_19' title="bbox 1893 603 3459 674">
     <span class='ocr_line' id='line_1_19' title="bbox 1893 603 3459 674; baseline 0.008 -20"><span class='ocrx_word' id='word_1_134' title='bbox 1893 603 1999 656; x_wconf 81' lang='lat' dir='ltr'><strong>Deo</strong></span> <span class='ocrx_word' id='word_1_135' title='bbox 2027 604 2196 656; x_wconf 81' lang='lat' dir='ltr'><strong>omnis</strong></span> <span class='ocrx_word' id='word_1_136' title='bbox 2228 616 2371 656; x_wconf 86' lang='lat' dir='ltr'><strong>terra</strong></span> <span class='ocrx_word' id='word_1_137' title='bbox 2393 606 2473 671; x_wconf 63' lang='lat'><strong>&#39;5;</strong></span> <span class='ocrx_word' id='word_1_138' title='bbox 2500 606 2611 658; x_wconf 84' lang='lat' dir='ltr'><strong>alto</strong></span> <span class='ocrx_word' id='word_1_139' title='bbox 2635 605 2785 658; x_wconf 83' lang='lat' dir='ltr'><strong>vocis</strong></span> <span class='ocrx_word' id='word_1_140' title='bbox 2809 609 3084 674; x_wconf 68' lang='lat' dir='ltr'><strong>praeconio</strong></span> <span class='ocrx_word' id='word_1_141' title='bbox 3121 606 3241 674; x_wconf 85' lang='lat' dir='ltr'><strong>ejus</strong></span> <span class='ocrx_word' id='word_1_142' title='bbox 3270 610 3459 667; x_wconf 66' lang='lat' dir='ltr'><strong>eﬂ‘erttt</strong></span> 
     </span>
    </p>
   </div>
   <div class='ocr_carea' id='block_1_20' title="bbox 1891 696 3455 769">
    <p class='ocr_par' dir='ltr' id='par_1_20' title="bbox 1891 696 3455 769">
     <span class='ocr_line' id='line_1_20' title="bbox 1891 696 3455 769; baseline 0.01 -26"><span class='ocrx_word' id='word_1_143' title='bbox 1891 698 2185 760; x_wconf 78' lang='lat' dir='ltr'><strong>polentiattt</strong></span> <span class='ocrx_word' id='word_1_144' title='bbox 2223 714 2235 747; x_wconf 92' lang='lat'>:</span> <span class='ocrx_word' id='word_1_145' title='bbox 2272 705 2577 763; x_wconf 84' lang='lat' dir='ltr'><strong>prostratus</strong></span> <span class='ocrx_word' id='word_1_146' title='bbox 2611 707 2697 751; x_wconf 87' lang='lat' dir='ltr'><strong>est</strong></span> <span class='ocrx_word' id='word_1_147' title='bbox 2728 696 3077 755; x_wconf 88' lang='lat' dir='ltr'><strong>adversarius</strong></span> <span class='ocrx_word' id='word_1_148' title='bbox 3114 718 3127 754; x_wconf 90' lang='lat'>:</span> <span class='ocrx_word' id='word_1_149' title='bbox 3162 703 3455 769; x_wconf 82' lang='lat' dir='ltr'><strong>superbus,</strong></span> 
     </span>
    </p>
   </div>
   <div class='ocr_carea' id='block_1_21' title="bbox 1888 788 3459 858">
    <p class='ocr_par' dir='ltr' id='par_1_21' title="bbox 1888 788 3459 858">
     <span class='ocr_line' id='line_1_21' title="bbox 1888 788 3459 858; baseline 0.003 -19"><span class='ocrx_word' id='word_1_150' title='bbox 1888 790 2217 855; x_wconf 75' lang='lat' dir='ltr'><strong>depressus;</strong></span> <span class='ocrx_word' id='word_1_151' title='bbox 2278 789 2369 858; x_wconf 86' lang='lat' dir='ltr'><strong>qui</strong></span> <span class='ocrx_word' id='word_1_152' title='bbox 2426 790 2637 843; x_wconf 85' lang='lat' dir='ltr'><strong>vinctos</strong></span> <span class='ocrx_word' id='word_1_153' title='bbox 2674 788 2827 858; x_wconf 90' lang='lat' dir='ltr'><strong>prius</strong></span> <span class='ocrx_word' id='word_1_154' title='bbox 2884 796 3120 857; x_wconf 88' lang='lat' dir='ltr'><strong>tenebat,</strong></span> <span class='ocrx_word' id='word_1_155' title='bbox 3164 809 3308 846; x_wconf 86' lang='lat' dir='ltr'><strong>nunc</strong></span> <span class='ocrx_word' id='word_1_156' title='bbox 3339 795 3459 853; x_wconf 73' lang='lat' dir='ltr'><strong>vin.</strong></span> 
     </span>
    </p>
   </div>
   <div class='ocr_carea' id='block_1_22' title="bbox 1888 881 3458 950">
    <p class='ocr_par' dir='ltr' id='par_1_22' title="bbox 1888 881 3458 950">
     <span class='ocr_line' id='line_1_22' title="bbox 1888 881 3458 950; baseline 0.004 -18"><span class='ocrx_word' id='word_1_157' title='bbox 1888 882 2028 932; x_wconf 77' lang='lat' dir='ltr'><strong>calis</strong></span> <span class='ocrx_word' id='word_1_158' title='bbox 2067 882 2403 933; x_wconf 83' lang='lat' dir='ltr'><strong>constrictus</strong></span> <span class='ocrx_word' id='word_1_159' title='bbox 2459 890 2674 934; x_wconf 90' lang='lat' dir='ltr'><strong>tenetur</strong></span> <span class='ocrx_word' id='word_1_160' title='bbox 2717 900 2730 934; x_wconf 90' lang='lat'>:</span> <span class='ocrx_word' id='word_1_161' title='bbox 2789 881 2881 950; x_wconf 91' lang='lat' dir='ltr'><strong>qui</strong></span> <span class='ocrx_word' id='word_1_162' title='bbox 2936 897 3108 948; x_wconf 76' lang='lat' dir='ltr'><strong>genus</strong></span> <span class='ocrx_word' id='word_1_163' title='bbox 3161 886 3458 945; x_wconf 85' lang='lat' dir='ltr'><strong>humanum</strong></span> 
     </span>
    </p>
   </div>
   <div class='ocr_carea' id='block_1_23' title="bbox 1889 970 3460 1042">
    <p class='ocr_par' dir='ltr' id='par_1_23' title="bbox 1889 970 3460 1042">
     <span class='ocr_line' id='line_1_23' title="bbox 1889 970 3460 1042; baseline 0.009 -20"><span class='ocrx_word' id='word_1_164' title='bbox 1889 970 2139 1023; x_wconf 83' lang='lat' dir='ltr'><strong>ahelehat</strong></span> <span class='ocrx_word' id='word_1_165' title='bbox 2197 986 2261 1025; x_wconf 89' lang='lat' dir='ltr'><strong>ac</strong></span> <span class='ocrx_word' id='word_1_166' title='bbox 2313 971 2718 1041; x_wconf 77' lang='lat' dir='ltr'><strong>exstinguebat,</strong></span> <span class='ocrx_word' id='word_1_167' title='bbox 2770 973 2818 1027; x_wconf 88' lang='lat' dir='ltr'><strong>is</strong></span> <span class='ocrx_word' id='word_1_168' title='bbox 2862 973 2973 1042; x_wconf 86' lang='lat' dir='ltr'><strong>jam</strong></span> <span class='ocrx_word' id='word_1_169' title='bbox 3026 975 3247 1030; x_wconf 75' lang='lat' dir='ltr'><strong>occidit.</strong></span> <span class='ocrx_word' id='word_1_170' title='bbox 3291 977 3460 1036; x_wconf 78' lang='lat' dir='ltr'><strong>Adest</strong></span> 
     </span>
    </p>
   </div>
   <div class='ocr_carea' id='block_1_24' title="bbox 1886 1062 3456 1132">
    <p class='ocr_par' dir='ltr' id='par_1_24' title="bbox 1886 1062 3456 1132">
     <span class='ocr_line' id='line_1_24' title="bbox 1886 1062 3456 1132; baseline 0.004 -17"><span class='ocrx_word' id='word_1_171' title='bbox 1886 1062 2141 1116; x_wconf 68' lang='lat' dir='ltr'><strong>Christus</strong></span> <span class='ocrx_word' id='word_1_172' title='bbox 2175 1078 2239 1115; x_wconf 64' lang='lat' dir='ltr'><strong>ex</strong></span> <span class='ocrx_word' id='word_1_173' title='bbox 2274 1062 2465 1116; x_wconf 80' lang='lat' dir='ltr'><strong>inferis</strong></span> <span class='ocrx_word' id='word_1_174' title='bbox 2511 1063 2730 1127; x_wconf 88' lang='lat' dir='ltr'><strong>victor;</strong></span> <span class='ocrx_word' id='word_1_175' title='bbox 2785 1066 2911 1132; x_wconf 86' lang='lat' dir='ltr'><strong>quis</strong></span> <span class='ocrx_word' id='word_1_176' title='bbox 2960 1081 3069 1119; x_wconf 91' lang='lat' dir='ltr'><strong>non</strong></span> <span class='ocrx_word' id='word_1_177' title='bbox 3114 1066 3327 1121; x_wconf 79' lang='lat' dir='ltr'><strong>obviam</strong></span> <span class='ocrx_word' id='word_1_178' title='bbox 3385 1070 3456 1129; x_wconf 85' lang='lat' dir='ltr'><strong>ei,</strong></span> 
     </span>
    </p>
   </div>
   <div class='ocr_carea' id='block_1_25' title="bbox 1887 1156 3458 1224">
    <p class='ocr_par' dir='ltr' id='par_1_25' title="bbox 1887 1156 3458 1224">
     <span class='ocr_line' id='line_1_25' title="bbox 1887 1156 3458 1224; baseline 0.008 -20"><span class='ocrx_word' id='word_1_179' title='bbox 1887 1170 1993 1222; x_wconf 87' lang='lat' dir='ltr'><strong>qua</strong></span> <span class='ocrx_word' id='word_1_180' title='bbox 2034 1156 2231 1224; x_wconf 88' lang='lat' dir='ltr'><strong>pedum</strong></span> <span class='ocrx_word' id='word_1_181' title='bbox 2261 1156 2505 1223; x_wconf 84' lang='lat' dir='ltr'><strong>agilitate</strong></span> <span class='ocrx_word' id='word_1_182' title='bbox 2548 1171 2611 1209; x_wconf 89' lang='lat' dir='ltr'><strong>ac</strong></span> <span class='ocrx_word' id='word_1_183' title='bbox 2657 1170 2852 1211; x_wconf 89' lang='lat' dir='ltr'><strong>vocum</strong></span> <span class='ocrx_word' id='word_1_184' title='bbox 2914 1157 3194 1213; x_wconf 71' lang='lat' dir='ltr'><strong>alacritate</strong></span> <span class='ocrx_word' id='word_1_185' title='bbox 3248 1167 3458 1217; x_wconf 86' lang='lat' dir='ltr'><strong>tantum</strong></span> 
     </span>
    </p>
   </div>
   <div class='ocr_carea' id='block_1_26' title="bbox 1886 1244 3460 1319">
    <p class='ocr_par' dir='ltr' id='par_1_26' title="bbox 1886 1244 3460 1319">
     <span class='ocr_line' id='line_1_26' title="bbox 1886 1244 3460 1319; baseline 0.003 -22"><span class='ocrx_word' id='word_1_186' title='bbox 1886 1244 2040 1298; x_wconf 85' lang='lat' dir='ltr'><strong>decet</strong></span> <span class='ocrx_word' id='word_1_187' title='bbox 2077 1245 2360 1307; x_wconf 79' lang='lat' dir='ltr'><strong>victorem,</strong></span> <span class='ocrx_word' id='word_1_188' title='bbox 2410 1246 2746 1301; x_wconf 74' lang='lat' dir='ltr'><strong>occurrerit?</strong></span> <span class='ocrx_word' id='word_1_189' title='bbox 2778 1244 2953 1302; x_wconf 81' lang='lat' dir='ltr'><strong>Canat</strong></span> <span class='ocrx_word' id='word_1_190' title='bbox 2996 1250 3192 1301; x_wconf 65' lang='lat' dir='ltr'><strong>coalnm</strong></span> <span class='ocrx_word' id='word_1_191' title='bbox 3224 1250 3460 1319; x_wconf 84' lang='lat' dir='ltr'><strong>desuper</strong></span> 
     </span>
    </p>
   </div>
   <div class='ocr_carea' id='block_1_27' title="bbox 1887 1337 3459 1410">
    <p class='ocr_par' dir='ltr' id='par_1_27' title="bbox 1887 1337 3459 1410">
     <span class='ocr_line' id='line_1_27' title="bbox 1887 1337 3459 1410; baseline 0.006 -21"><span class='ocrx_word' id='word_1_192' title='bbox 1887 1337 2132 1390; x_wconf 70' lang='lat' dir='ltr'><strong>victorim</strong></span> <span class='ocrx_word' id='word_1_193' title='bbox 2186 1338 2421 1401; x_wconf 89' lang='lat' dir='ltr'><strong>cantica,</strong></span> <span class='ocrx_word' id='word_1_194' title='bbox 2477 1348 2730 1407; x_wconf 88' lang='lat' dir='ltr'><strong>terraque</strong></span> <span class='ocrx_word' id='word_1_195' title='bbox 2797 1338 3008 1394; x_wconf 85' lang='lat' dir='ltr'><strong>subter.</strong></span> <span class='ocrx_word' id='word_1_196' title='bbox 3063 1338 3217 1393; x_wconf 84' lang='lat' dir='ltr'><strong>Nune</strong></span> <span class='ocrx_word' id='word_1_197' title='bbox 3278 1341 3459 1410; x_wconf 79' lang='lat' dir='ltr'><strong>angeli</strong></span> 
     </span>
    </p>
   </div>
   <div class='ocr_carea' id='block_1_28' title="bbox 1886 1430 3456 1496">
    <p class='ocr_par' dir='ltr' id='par_1_28' title="bbox 1886 1430 3456 1496">
     <span class='ocr_line' id='line_1_28' title="bbox 1886 1430 3456 1496; baseline 0.004 -16"><span class='ocrx_word' id='word_1_198' title='bbox 1886 1430 2117 1496; x_wconf 79' lang='lat' dir='ltr'><strong>gloriam</strong></span> <span class='ocrx_word' id='word_1_199' title='bbox 2161 1440 2460 1484; x_wconf 89' lang='lat' dir='ltr'><strong>resonent:</strong></span> <span class='ocrx_word' id='word_1_200' title='bbox 2494 1447 2641 1483; x_wconf 90' lang='lat' dir='ltr'><strong>nunc</strong></span> <span class='ocrx_word' id='word_1_201' title='bbox 2693 1431 2942 1485; x_wconf 83' lang='lat' dir='ltr'><strong>homines</strong></span> <span class='ocrx_word' id='word_1_202' title='bbox 2999 1432 3200 1486; x_wconf 80' lang='lat' dir='ltr'><strong>chorus</strong></span> <span class='ocrx_word' id='word_1_203' title='bbox 3227 1434 3456 1495; x_wconf 83' lang='lat' dir='ltr'><strong>ducant,</strong></span> 
     </span>
    </p>
   </div>
   <div class='ocr_carea' id='block_1_29' title="bbox 1885 1521 3457 1590">
    <p class='ocr_par' dir='ltr' id='par_1_29' title="bbox 1885 1521 3457 1590">
     <span class='ocr_line' id='line_1_29' title="bbox 1885 1521 3457 1590; baseline 0.003 -19"><span class='ocrx_word' id='word_1_204' title='bbox 1885 1521 1956 1572; x_wconf 84' lang='lat' dir='ltr'><strong>nh</strong></span> <span class='ocrx_word' id='word_1_205' title='bbox 2001 1535 2210 1587; x_wconf 86' lang='lat' dir='ltr'><strong>pacem,</strong></span> <span class='ocrx_word' id='word_1_206' title='bbox 2257 1536 2487 1589; x_wconf 83' lang='lat' dir='ltr'><strong>eamque</strong></span> <span class='ocrx_word' id='word_1_207' title='bbox 2518 1522 2931 1590; x_wconf 85' lang='lat' dir='ltr'><strong>sempiternam,</strong></span> <span class='ocrx_word' id='word_1_208' title='bbox 2978 1538 3324 1578; x_wconf 87' lang='lat' dir='ltr'><strong>concessam.</strong></span> <span class='ocrx_word' id='word_1_209' title='bbox 3368 1524 3457 1577; x_wconf 78' lang='lat' dir='ltr'><strong>ln-</strong></span> 
     </span>
    </p>
   </div>
   <div class='ocr_carea' id='block_1_30' title="bbox 1884 1610 3456 1675">
    <p class='ocr_par' dir='ltr' id='par_1_30' title="bbox 1884 1610 3456 1675">
     <span class='ocr_line' id='line_1_30' title="bbox 1884 1610 3456 1675; baseline 0.004 -12"><span class='ocrx_word' id='word_1_210' title='bbox 1884 1610 2260 1664; x_wconf 81' lang='lat' dir='ltr'><strong>terfecitenim</strong></span> <span class='ocrx_word' id='word_1_211' title='bbox 2288 1611 2603 1666; x_wconf 85' lang='lat' dir='ltr'><strong>inimicitias</strong></span> <span class='ocrx_word' id='word_1_212' title='bbox 2622 1613 2674 1665; x_wconf 90' lang='lat' dir='ltr'><strong>in</strong></span> <span class='ocrx_word' id='word_1_213' title='bbox 2701 1627 2867 1666; x_wconf 88' lang='lat' dir='ltr'><strong>carne</strong></span> <span class='ocrx_word' id='word_1_214' title='bbox 2889 1613 2955 1675; x_wconf 81' lang='grc'><strong>⁷⁷,</strong></span> <span class='ocrx_word' id='word_1_215' title='bbox 2984 1614 3270 1668; x_wconf 74' lang='lat' dir='ltr'><strong>interiecto</strong></span> <span class='ocrx_word' id='word_1_216' title='bbox 3293 1614 3456 1669; x_wconf 91' lang='lat' dir='ltr'><strong>simul</strong></span> 
     </span>
    </p>
   </div>
   <div class='ocr_carea' id='block_1_31' title="bbox 1882 1702 3457 1774">
    <p class='ocr_par' dir='ltr' id='par_1_31' title="bbox 1882 1702 3457 1774">
     <span class='ocr_line' id='line_1_31' title="bbox 1882 1702 3457 1774; baseline 0.003 -18"><span class='ocrx_word' id='word_1_217' title='bbox 1882 1718 2008 1756; x_wconf 90' lang='lat' dir='ltr'><strong>cum</strong></span> <span class='ocrx_word' id='word_1_218' title='bbox 2064 1703 2259 1758; x_wconf 88' lang='lat' dir='ltr'><strong>iisdem</strong></span> <span class='ocrx_word' id='word_1_219' title='bbox 2305 1702 2620 1758; x_wconf 89' lang='lat' dir='ltr'><strong>earumdem</strong></span> <span class='ocrx_word' id='word_1_220' title='bbox 2654 1713 2881 1774; x_wconf 85' lang='lat' dir='ltr'><strong>parente</strong></span> <span class='ocrx_word' id='word_1_221' title='bbox 2929 1718 2993 1759; x_wconf 79' lang='lat' dir='ltr'><strong>ac</strong></span> <span class='ocrx_word' id='word_1_222' title='bbox 3028 1705 3263 1769; x_wconf 88' lang='lat' dir='ltr'><strong>artitice;</strong></span> <span class='ocrx_word' id='word_1_223' title='bbox 3299 1706 3344 1761; x_wconf 92' lang='lat' dir='ltr'><strong>is</strong></span> <span class='ocrx_word' id='word_1_224' title='bbox 3371 1706 3457 1760; x_wconf 92' lang='lat' dir='ltr'><strong>ni-</strong></span> 
     </span>
    </p>
   </div>
   <div class='ocr_carea' id='block_1_32' title="bbox 1882 1792 3460 1865">
    <p class='ocr_par' dir='ltr' id='par_1_32' title="bbox 1882 1792 3460 1865">
     <span class='ocr_line' id='line_1_32' title="bbox 1882 1792 3460 1865; baseline 0.002 -20"><span class='ocrx_word' id='word_1_225' title='bbox 1882 1792 2106 1855; x_wconf 87' lang='lat' dir='ltr'><strong>mirum,</strong></span> <span class='ocrx_word' id='word_1_226' title='bbox 2136 1794 2229 1861; x_wconf 92' lang='lat' dir='ltr'><strong>qui</strong></span> <span class='ocrx_word' id='word_1_227' title='bbox 2266 1793 2424 1848; x_wconf 89' lang='lat' dir='ltr'><strong>hodie</strong></span> <span class='ocrx_word' id='word_1_228' title='bbox 2450 1809 2514 1847; x_wconf 78' lang='lat' dir='ltr'><strong>ex</strong></span> <span class='ocrx_word' id='word_1_229' title='bbox 2536 1795 2809 1864; x_wconf 76' lang='lat' dir='ltr'><strong>sepulcro,</strong></span> <span class='ocrx_word' id='word_1_230' title='bbox 2834 1803 3094 1865; x_wconf 89' lang='lat' dir='ltr'><strong>tanquam</strong></span> <span class='ocrx_word' id='word_1_231' title='bbox 3117 1812 3184 1851; x_wconf 83' lang='lat' dir='ltr'><strong>ex</strong></span> <span class='ocrx_word' id='word_1_232' title='bbox 3220 1797 3460 1851; x_wconf 81' lang='lat' dir='ltr'><strong>thalamo</strong></span> 
     </span>
    </p>
   </div>
   <div class='ocr_carea' id='block_1_33' title="bbox 208 1879 1879 1957">
    <p class='ocr_par' dir='ltr' id='par_1_33' title="bbox 208 1879 1861 1954">
     <span class='ocr_line' id='line_1_33' title="bbox 208 1879 1861 1954; baseline -0.001 -18"><span class='ocrx_word' id='word_1_233' title='bbox 208 1886 298 1936; x_wconf 69' lang='grc' dir='ltr'><strong>καὶ</strong></span> <span class='ocrx_word' id='word_1_234' title='bbox 325 1887 426 1953; x_wconf 83' lang='grc' dir='ltr'>ὅση</span> <span class='ocrx_word' id='word_1_235' title='bbox 462 1886 519 1936; x_wconf 83' lang='grc' dir='ltr'>ὲν</span> <span class='ocrx_word' id='word_1_236' title='bbox 564 1886 793 1952; x_wconf 81' lang='grc' dir='ltr'>νοητοῖς,</span> <span class='ocrx_word' id='word_1_237' title='bbox 826 1882 989 1953; x_wconf 80' lang='grc' dir='ltr'>ἑορτὴ</span> <span class='ocrx_word' id='word_1_238' title='bbox 1048 1882 1297 1954; x_wconf 81' lang='grc' dir='ltr'>θειοτέρα</span> <span class='ocrx_word' id='word_1_239' title='bbox 1336 1884 1429 1937; x_wconf 77' lang='grc' dir='ltr'>καὶ</span> <span class='ocrx_word' id='word_1_240' title='bbox 1456 1883 1784 1954; x_wconf 79' lang='grc' dir='ltr'>ὑψηλοτέρα.</span> <span class='ocrx_word' id='word_1_241' title='bbox 1820 1879 1861 1935; x_wconf 85' lang='grc' dir='ltr'>Β</span> 
     </span>
    </p>
   </div>
   <div class='ocr_carea' id='block_1_34' title="bbox 1786 1879 3457 1957">
    <p class='ocr_par' dir='ltr' id='par_1_34' title="bbox 1820 1879 3457 1957">
     <span class='ocr_line' id='line_1_34' title="bbox 1820 1879 3457 1957; baseline 0.006 -22"><span class='ocrx_word' id='word_1_242' title='bbox 1820 1879 1861 1935; x_wconf 85' lang='grc' dir='ltr'>Β</span> <span class='ocrx_word' id='word_1_243' title='bbox 1892 1883 2199 1954; x_wconf 87' lang='lat' dir='ltr'><strong>processit,</strong></span> <span class='ocrx_word' id='word_1_244' title='bbox 2247 1885 2471 1940; x_wconf 63' lang='lat' dir='ltr'><strong>(uternis</strong></span> <span class='ocrx_word' id='word_1_245' title='bbox 2520 1885 2629 1940; x_wconf 87' lang='lat' dir='ltr'><strong>illis</strong></span> <span class='ocrx_word' id='word_1_246' title='bbox 2670 1888 2907 1941; x_wconf 77' lang='lat' dir='ltr'><strong>vinculis</strong></span> <span class='ocrx_word' id='word_1_247' title='bbox 2944 1903 3009 1942; x_wconf 90' lang='lat' dir='ltr'><strong>ac</strong></span> <span class='ocrx_word' id='word_1_248' title='bbox 3053 1889 3226 1957; x_wconf 87' lang='lat' dir='ltr'><strong>portis</strong></span> <span class='ocrx_word' id='word_1_249' title='bbox 3264 1891 3457 1945; x_wconf 84' lang='lat' dir='ltr'><strong>mortis</strong></span> 
     </span>
    </p>
   </div>
   <div class='ocr_carea' id='block_1_35' title="bbox 208 1973 1780 2044">
    <p class='ocr_par' dir='ltr' id='par_1_35' title="bbox 208 1973 1780 2044">
     <span class='ocr_line' id='line_1_35' title="bbox 208 1973 1780 2044; baseline -0.001 -15"><span class='ocrx_word' id='word_1_250' title='bbox 208 1975 320 2029; x_wconf 75' lang='grc' dir='ltr'><strong>Καὶ</strong></span> <span class='ocrx_word' id='word_1_251' title='bbox 342 1975 398 2026; x_wconf 83' lang='grc' dir='ltr'>εἴ</span> <span class='ocrx_word' id='word_1_252' title='bbox 426 1992 507 2036; x_wconf 85' lang='grc' dir='ltr'><strong>τις</strong></span> <span class='ocrx_word' id='word_1_253' title='bbox 530 1974 637 2044; x_wconf 85' lang='grc' dir='ltr'>γάρ</span> <span class='ocrx_word' id='word_1_254' title='bbox 668 1974 801 2044; x_wconf 85' lang='grc' dir='ltr'>άλλη</span> <span class='ocrx_word' id='word_1_255' title='bbox 835 1975 986 2026; x_wconf 75' lang='grc' dir='ltr'>ἐστὶν</span> <span class='ocrx_word' id='word_1_256' title='bbox 1018 1973 1413 2044; x_wconf 82' lang='grc' dir='ltr'>ὑπερουράνιος</span> <span class='ocrx_word' id='word_1_257' title='bbox 1438 1974 1780 2042; x_wconf 85' lang='grc' dir='ltr'>ἀγαλλίασις,</span> 
     </span>
    </p>
   </div>
   <div class='ocr_carea' id='block_1_36' title="bbox 212 2065 1783 2137">
    <p class='ocr_par' dir='ltr' id='par_1_36' title="bbox 212 2065 1783 2137">
     <span class='ocr_line' id='line_1_36' title="bbox 212 2065 1783 2137; baseline -0.001 -18"><span class='ocrx_word' id='word_1_258' title='bbox 212 2067 387 2137; x_wconf 59' lang='lat' dir='ltr'><strong>avsa</strong></span> <span class='ocrx_word' id='word_1_259' title='bbox 417 2067 617 2129; x_wconf 81' lang='grc' dir='ltr'>παντὸς</span> <span class='ocrx_word' id='word_1_260' title='bbox 662 2068 717 2120; x_wconf 80' lang='lat' dir='ltr'><strong>al</strong></span> <span class='ocrx_word' id='word_1_261' title='bbox 770 2067 897 2135; x_wconf 81' lang='grc' dir='ltr'>περὶ</span> <span class='ocrx_word' id='word_1_262' title='bbox 948 2065 1080 2118; x_wconf 82' lang='grc' dir='ltr'>Θεὸν</span> <span class='ocrx_word' id='word_1_263' title='bbox 1129 2066 1484 2136; x_wconf 73' lang='grc' dir='ltr'>ἑορτάζουσαι</span> <span class='ocrx_word' id='word_1_264' title='bbox 1528 2067 1783 2137; x_wconf 86' lang='grc' dir='ltr'>δυνάμεις</span> 
     </span>
    </p>
   </div>
   <div class='ocr_carea' id='block_1_37' title="bbox 208 2156 1784 2230">
    <p class='ocr_par' dir='ltr' id='par_1_37' title="bbox 208 2156 1784 2230">
     <span class='ocr_line' id='line_1_37' title="bbox 208 2156 1784 2230; baseline -0.001 -18"><span class='ocrx_word' id='word_1_265' title='bbox 208 2160 618 2228; x_wconf 71' lang='grc' dir='ltr'>εὐφραίνονται,</span> <span class='ocrx_word' id='word_1_266' title='bbox 680 2158 943 2227; x_wconf 79' lang='grc' dir='ltr'>κάκείνην</span> <span class='ocrx_word' id='word_1_267' title='bbox 989 2156 1331 2225; x_wconf 83' lang='grc' dir='ltr'>ὑποληπτέον</span> <span class='ocrx_word' id='word_1_268' title='bbox 1382 2157 1556 2230; x_wconf 76' lang='grc' dir='ltr'>ταύτῃ</span> <span class='ocrx_word' id='word_1_269' title='bbox 1603 2175 1784 2228; x_wconf 68' lang='grc' dir='ltr'>παραυ</span> 
     </span>
    </p>
   </div>
   <div class='ocr_carea' id='block_1_38' title="bbox 210 2248 1784 2321">
    <p class='ocr_par' dir='ltr' id='par_1_38' title="bbox 210 2248 1784 2321">
     <span class='ocr_line' id='line_1_38' title="bbox 210 2248 1784 2321; baseline -0.001 -18"><span class='ocrx_word' id='word_1_270' title='bbox 210 2254 409 2321; x_wconf 61' lang='grc' dir='ltr'>χωρεῖν</span> <span class='ocrx_word' id='word_1_271' title='bbox 430 2268 444 2281; x_wconf 75' lang='grc' dir='ltr'><strong>ο</strong></span> <span class='ocrx_word' id='word_1_272' title='bbox 474 2252 535 2303; x_wconf 85' lang='grc' dir='ltr'><strong>ού</strong></span> <span class='ocrx_word' id='word_1_273' title='bbox 572 2252 733 2320; x_wconf 80' lang='grc' dir='ltr'>μόνον</span> <span class='ocrx_word' id='word_1_274' title='bbox 765 2250 858 2304; x_wconf 80' lang='grc' dir='ltr'>διὰ</span> <span class='ocrx_word' id='word_1_275' title='bbox 910 2251 1001 2304; x_wconf 82' lang='grc' dir='ltr'><strong>τὸν</strong></span> <span class='ocrx_word' id='word_1_276' title='bbox 1034 2250 1342 2303; x_wconf 85' lang='grc' dir='ltr'>ἀναστάντα</span> <span class='ocrx_word' id='word_1_277' title='bbox 1361 2289 1376 2313; x_wconf 89' lang='grc'><strong>,</strong></span> <span class='ocrx_word' id='word_1_278' title='bbox 1416 2248 1553 2303; x_wconf 89' lang='grc' dir='ltr'><strong>ἀλλά</strong></span> <span class='ocrx_word' id='word_1_279' title='bbox 1600 2250 1694 2303; x_wconf 81' lang='grc' dir='ltr'>καὶ</span> <span class='ocrx_word' id='word_1_280' title='bbox 1717 2249 1784 2303; x_wconf 82' lang='grc' dir='ltr'>δι’</span> 
     </span>
    </p>
   </div>
   <div class='ocr_carea' id='block_1_39' title="bbox 208 2339 1785 2412">
    <p class='ocr_par' dir='ltr' id='par_1_39' title="bbox 208 2339 1785 2412">
     <span class='ocr_line' id='line_1_39' title="bbox 208 2339 1785 2412; baseline -0.001 -19"><span class='ocrx_word' id='word_1_281' title='bbox 208 2341 302 2402; x_wconf 83' lang='grc' dir='ltr'><strong>οὓς</strong></span> <span class='ocrx_word' id='word_1_282' title='bbox 324 2339 505 2410; x_wconf 77' lang='grc' dir='ltr'>ἑαυτῷ</span> <span class='ocrx_word' id='word_1_283' title='bbox 562 2340 965 2412; x_wconf 77' lang='grc' dir='ltr'>συνεξήγειρεν.</span> <span class='ocrx_word' id='word_1_284' title='bbox 996 2341 1061 2394; x_wconf 82' lang='lat' dir='ltr'><strong>Ei</strong></span> <span class='ocrx_word' id='word_1_285' title='bbox 1092 2343 1203 2412; x_wconf 81' lang='grc' dir='ltr'><strong>γὰρ</strong></span> <span class='ocrx_word' id='word_1_286' title='bbox 1232 2342 1325 2394; x_wconf 76' lang='grc' dir='ltr'><strong>ἐπὶ</strong></span> <span class='ocrx_word' id='word_1_287' title='bbox 1353 2340 1472 2404; x_wconf 74' lang='grc' dir='ltr'>ἑνὸς</span> <span class='ocrx_word' id='word_1_288' title='bbox 1506 2340 1785 2411; x_wconf 78' lang='grc' dir='ltr'>ὲξεγέρσει</span> 
     </span>
    </p>
   </div>
   <div class='ocr_carea' id='block_1_40' title="bbox 210 2431 1785 2504">
    <p class='ocr_par' dir='ltr' id='par_1_40' title="bbox 210 2431 1785 2504">
     <span class='ocr_line' id='line_1_40' title="bbox 210 2431 1785 2504; baseline 0 -21"><span class='ocrx_word' id='word_1_289' title='bbox 210 2432 354 2504; x_wconf 77' lang='grc' dir='ltr'>χαρὰ</span> <span class='ocrx_word' id='word_1_290' title='bbox 377 2431 585 2496; x_wconf 83' lang='grc' dir='ltr'>τούτοις</span> <span class='ocrx_word' id='word_1_291' title='bbox 614 2432 845 2500; x_wconf 88' lang='grc' dir='ltr'>γίνεται,</span> <span class='ocrx_word' id='word_1_292' title='bbox 877 2433 929 2485; x_wconf 91' lang='grc' dir='ltr'><strong>τί</strong></span> <span class='ocrx_word' id='word_1_293' title='bbox 960 2435 1066 2503; x_wconf 82' lang='grc' dir='ltr'><strong>χρὴ</strong></span> <span class='ocrx_word' id='word_1_294' title='bbox 1097 2434 1338 2503; x_wconf 87' lang='grc' dir='ltr'>σήμερον</span> <span class='ocrx_word' id='word_1_295' title='bbox 1381 2432 1785 2503; x_wconf 76' lang='grc' dir='ltr'>ὑπολαμῦἀνειν</span> 
     </span>
    </p>
   </div>
   <div class='ocr_carea' id='block_1_41' title="bbox 210 2524 1785 2595">
    <p class='ocr_par' dir='ltr' id='par_1_41' title="bbox 210 2524 1785 2595">
     <span class='ocr_line' id='line_1_41' title="bbox 210 2524 1785 2595; baseline 0 -18"><span class='ocrx_word' id='word_1_296' title='bbox 210 2526 396 2587; x_wconf 81' lang='grc' dir='ltr'>αὐτοῖς</span> <span class='ocrx_word' id='word_1_297' title='bbox 419 2525 688 2592; x_wconf 82' lang='grc' dir='ltr'>γίνεσθαι,</span> <span class='ocrx_word' id='word_1_298' title='bbox 720 2526 926 2594; x_wconf 81' lang='grc' dir='ltr'>κόσμου</span> <span class='ocrx_word' id='word_1_299' title='bbox 961 2526 1161 2587; x_wconf 79' lang='grc' dir='ltr'>παντὸς</span> <span class='ocrx_word' id='word_1_300' title='bbox 1194 2524 1644 2595; x_wconf 75' lang='grc' dir='ltr'>έξεγειρομένους</span> <span class='ocrx_word' id='word_1_301' title='bbox 1680 2524 1785 2595; x_wconf 86' lang='grc' dir='ltr'><strong>Σή-</strong></span> 
     </span>
    </p>
   </div>
   <div class='ocr_carea' id='block_1_42' title="bbox 215 2614 1786 2686">
    <p class='ocr_par' dir='ltr' id='par_1_42' title="bbox 215 2614 1786 2686">
     <span class='ocr_line' id='line_1_42' title="bbox 215 2614 1786 2686; baseline 0.001 -19"><span class='ocrx_word' id='word_1_302' title='bbox 215 2632 382 2686; x_wconf 89' lang='grc' dir='ltr'>μερον</span> <span class='ocrx_word' id='word_1_303' title='bbox 421 2618 553 2685; x_wconf 82' lang='grc' dir='ltr'>ἡμῖν</span> <span class='ocrx_word' id='word_1_304' title='bbox 585 2618 619 2684; x_wconf 87' lang='grc' dir='ltr'>ὴ</span> <span class='ocrx_word' id='word_1_305' title='bbox 650 2616 749 2684; x_wconf 82' lang='grc' dir='ltr'>τῆς</span> <span class='ocrx_word' id='word_1_306' title='bbox 779 2616 1024 2684; x_wconf 81' lang='grc' dir='ltr'>χαλεπῆς</span> <span class='ocrx_word' id='word_1_307' title='bbox 1051 2615 1328 2684; x_wconf 72' lang='grc' dir='ltr'>Αἰγύπτου</span> <span class='ocrx_word' id='word_1_308' title='bbox 1384 2615 1562 2681; x_wconf 70' lang='grc' dir='ltr'>ἔξοδος</span> <span class='ocrx_word' id='word_1_309' title='bbox 1594 2614 1786 2685; x_wconf 77' lang='grc' dir='ltr'>ἑορτά-</span> 
     </span>
    </p>
   </div>
   <div class='ocr_carea' id='block_1_43' title="bbox 212 2706 1787 2777">
    <p class='ocr_par' dir='ltr' id='par_1_43' title="bbox 212 2706 1787 2777">
     <span class='ocr_line' id='line_1_43' title="bbox 212 2706 1787 2777; baseline 0.001 -18"><span class='ocrx_word' id='word_1_310' title='bbox 212 2708 385 2773; x_wconf 80' lang='grc' dir='ltr'>ζεται,</span> <span class='ocrx_word' id='word_1_311' title='bbox 439 2707 561 2760; x_wconf 81' lang='grc' dir='ltr'>καθ’</span> <span class='ocrx_word' id='word_1_312' title='bbox 610 2711 676 2777; x_wconf 81' lang='grc' dir='ltr'>ῆν</span> <span class='ocrx_word' id='word_1_313' title='bbox 718 2709 815 2776; x_wconf 79' lang='grc' dir='ltr'>τῆς</span> <span class='ocrx_word' id='word_1_314' title='bbox 871 2707 1147 2761; x_wconf 72' lang='grc' dir='ltr'>ἐπωδύνου</span> <span class='ocrx_word' id='word_1_315' title='bbox 1191 2707 1286 2762; x_wconf 85' lang='grc' dir='ltr'><strong>τοῦ</strong></span> <span class='ocrx_word' id='word_1_316' title='bbox 1334 2706 1511 2774; x_wconf 84' lang='grc' dir='ltr'>πηλοῦ</span> <span class='ocrx_word' id='word_1_317' title='bbox 1543 2706 1787 2769; x_wconf 85' lang='grc' dir='ltr'>δουλείας</span> 
     </span>
    </p>
   </div>
   <div class='ocr_carea' id='block_1_44' title="bbox 211 2796 1789 2868">
    <p class='ocr_par' dir='ltr' id='par_1_44' title="bbox 211 2796 1789 2868">
     <span class='ocr_line' id='line_1_44' title="bbox 211 2796 1789 2868; baseline -0.001 -19"><span class='ocrx_word' id='word_1_318' title='bbox 211 2797 690 2868; x_wconf 78' lang='grc' dir='ltr'>ἠλευθερώθημεν,</span> <span class='ocrx_word' id='word_1_319' title='bbox 726 2798 818 2851; x_wconf 71' lang='grc' dir='ltr'><strong>καὶ</strong></span> <span class='ocrx_word' id='word_1_320' title='bbox 846 2798 935 2851; x_wconf 83' lang='grc' dir='ltr'><strong>τὸν</strong></span> <span class='ocrx_word' id='word_1_321' title='bbox 963 2796 1131 2867; x_wconf 80' lang='grc' dir='ltr'>βαρὺν</span> <span class='ocrx_word' id='word_1_322' title='bbox 1151 2797 1409 2867; x_wconf 68' lang='grc' dir='ltr'>ἐλίπομεν</span> <span class='ocrx_word' id='word_1_323' title='bbox 1438 2796 1659 2867; x_wconf 78' lang='grc' dir='ltr'>Φαραὼ,</span> <span class='ocrx_word' id='word_1_324' title='bbox 1696 2796 1789 2849; x_wconf 80' lang='grc' dir='ltr'><strong>καὶ</strong></span> 
     </span>
    </p>
   </div>
   <div class='ocr_carea' id='block_1_45' title="bbox 211 2886 1790 2959">
    <p class='ocr_par' dir='ltr' id='par_1_45' title="bbox 211 2886 1790 2959">
     <span class='ocr_line' id='line_1_45' title="bbox 211 2886 1790 2959; baseline 0 -17"><span class='ocrx_word' id='word_1_325' title='bbox 211 2890 347 2942; x_wconf 80' lang='grc' dir='ltr'>Θεοῦ</span> <span class='ocrx_word' id='word_1_326' title='bbox 378 2890 506 2951; x_wconf 77' lang='grc' dir='ltr'>λαὸς</span> <span class='ocrx_word' id='word_1_327' title='bbox 546 2886 681 2942; x_wconf 80' lang='grc' dir='ltr'>εἷναί</span> <span class='ocrx_word' id='word_1_328' title='bbox 724 2906 785 2941; x_wconf 89' lang='grc' dir='ltr'><strong>τε</strong></span> <span class='ocrx_word' id='word_1_329' title='bbox 828 2890 923 2942; x_wconf 77' lang='grc' dir='ltr'><strong>καὶ</strong></span> <span class='ocrx_word' id='word_1_330' title='bbox 977 2889 1259 2941; x_wconf 78' lang='grc' dir='ltr'>καλεῖσθαι</span> <span class='ocrx_word' id='word_1_331' title='bbox 1311 2889 1648 2959; x_wconf 75' lang='grc' dir='ltr'>ἠξιώθημεν,</span> <span class='ocrx_word' id='word_1_332' title='bbox 1696 2893 1790 2942; x_wconf 67' lang='grc' dir='ltr'><strong>καὶ⁹</strong></span> 
     </span>
    </p>
   </div>
   <div class='ocr_carea' id='block_1_46' title="bbox 212 2979 1787 3052">
    <p class='ocr_par' dir='ltr' id='par_1_46' title="bbox 212 2979 1787 3052">
     <span class='ocr_line' id='line_1_46' title="bbox 212 2979 1787 3052; baseline 0.001 -20"><span class='ocrx_word' id='word_1_333' title='bbox 212 2982 310 3049; x_wconf 85' lang='grc' dir='ltr'>τῆς</span> <span class='ocrx_word' id='word_1_334' title='bbox 340 2981 613 3051; x_wconf 76' lang='grc' dir='ltr'>φερούσης</span> <span class='ocrx_word' id='word_1_335' title='bbox 633 2981 755 3033; x_wconf 85' lang='grc' dir='ltr'>ὁδοῦ</span> <span class='ocrx_word' id='word_1_336' title='bbox 791 2980 926 3051; x_wconf 85' lang='grc' dir='ltr'>πρὸς</span> <span class='ocrx_word' id='word_1_337' title='bbox 947 2980 1047 3048; x_wconf 79' lang='grc' dir='ltr'>τὴν</span> <span class='ocrx_word' id='word_1_338' title='bbox 1076 2979 1288 3049; x_wconf 85' lang='grc' dir='ltr'>ἀγαθὴν</span> <span class='ocrx_word' id='word_1_339' title='bbox 1318 2981 1415 3051; x_wconf 83' lang='grc' dir='ltr'><strong>τῆς</strong></span> <span class='ocrx_word' id='word_1_340' title='bbox 1438 2981 1787 3052; x_wconf 86' lang='grc' dir='ltr'>κληροδοσίας</span> 
     </span>
    </p>
   </div>
   <div class='ocr_carea' id='block_1_47' title="bbox 214 3070 1788 3144">
    <p class='ocr_par' dir='ltr' id='par_1_47' title="bbox 214 3070 1788 3144">
     <span class='ocr_line' id='line_1_47' title="bbox 214 3070 1788 3144; baseline 0 -19"><span class='ocrx_word' id='word_1_341' title='bbox 214 3073 500 3142; x_wconf 69' lang='grc' dir='ltr'>ἐπέϐημεν</span> <span class='ocrx_word' id='word_1_342' title='bbox 523 3073 649 3140; x_wconf 81' lang='grc' dir='ltr'>γῆν,</span> <span class='ocrx_word' id='word_1_343' title='bbox 680 3070 1045 3141; x_wconf 80' lang='grc' dir='ltr'>ὑφηγουμένῳ</span> <span class='ocrx_word' id='word_1_344' title='bbox 1069 3070 1146 3140; x_wconf 85' lang='grc' dir='ltr'>τῷ</span> <span class='ocrx_word' id='word_1_345' title='bbox 1184 3071 1486 3144; x_wconf 84' lang='grc' dir='ltr'>θαυμαστῷ</span> <span class='ocrx_word' id='word_1_346' title='bbox 1519 3073 1788 3144; x_wconf 78' lang='grc' dir='ltr'>νομοθέτῃ</span> 
     </span>
    </p>
   </div>
   <div class='ocr_carea' id='block_1_48' title="bbox 214 3163 1792 3235">
    <p class='ocr_par' dir='ltr' id='par_1_48' title="bbox 214 3163 1792 3235">
     <span class='ocr_line' id='line_1_48' title="bbox 214 3163 1792 3235; baseline -0.002 -17"><span class='ocrx_word' id='word_1_347' title='bbox 214 3164 702 3234; x_wconf 70' lang='grc' dir='ltr'>καθοδηγούμενοι,</span> <span class='ocrx_word' id='word_1_348' title='bbox 731 3167 798 3235; x_wconf 81' lang='grc' dir='ltr'>τῇ</span> <span class='ocrx_word' id='word_1_349' title='bbox 846 3163 940 3217; x_wconf 86' lang='grc' dir='ltr'><strong>τοῦ</strong></span> <span class='ocrx_word' id='word_1_350' title='bbox 996 3163 1235 3231; x_wconf 88' lang='grc' dir='ltr'>σταυροῦ</span> <span class='ocrx_word' id='word_1_351' title='bbox 1266 3164 1447 3234; x_wconf 73' lang='grc' dir='ltr'>ῥάϐδῳ</span> <span class='ocrx_word' id='word_1_352' title='bbox 1496 3181 1792 3235; x_wconf 80' lang='grc' dir='ltr'>τερατουρ-</span> 
     </span>
    </p>
   </div>
   <div class='ocr_carea' id='block_1_49' title="bbox 488 3253 2159 3327">
    <p class='ocr_par' dir='ltr' id='par_1_49' title="bbox 488 3255 2159 3327">
     <span class='ocr_line' id='line_1_49' title="bbox 488 3255 2159 3327; baseline 0 -16"><span class='ocrx_word' id='word_1_353' title='bbox 488 3257 763 3327; x_wconf 80' lang='grc' dir='ltr'>Ἑώρταζε</span> <span class='ocrx_word' id='word_1_354' title='bbox 820 3256 989 3310; x_wconf 80' lang='grc' dir='ltr'>πάλαι</span> <span class='ocrx_word' id='word_1_355' title='bbox 1047 3255 1266 3325; x_wconf 77' lang='grc' dir='ltr'>Ἰσραήλ</span> <span class='ocrx_word' id='word_1_356' title='bbox 1308 3257 1508 3319; x_wconf 78' lang='grc' dir='ltr'>ἐξόδιον</span> <span class='ocrx_word' id='word_1_357' title='bbox 1563 3258 1782 3327; x_wconf 80' lang='grc' dir='ltr'>ἑορτὴν,</span> <span class='ocrx_word' id='word_1_358' title='bbox 1812 3263 1857 3324; x_wconf 81' lang='lat' dir='ltr'>c</span> <span class='ocrx_word' id='word_1_359' title='bbox 1893 3258 2102 3326; x_wconf 75' lang='lat' dir='ltr'><strong>Deique</strong></span> <span class='ocrx_word' id='word_1_360' title='bbox 2132 3272 2159 3326; x_wconf 90' lang='lat' dir='ltr'><strong>p</strong></span> 
     </span>
    </p>
   </div>
   <div class='ocr_carea' id='block_1_50' title="bbox 1791 3253 3462 3327">
    <p class='ocr_par' dir='ltr' id='par_1_50' title="bbox 1812 3253 3462 3327">
     <span class='ocr_line' id='line_1_50' title="bbox 1812 3253 3462 3327; baseline -0.002 -17"><span class='ocrx_word' id='word_1_361' title='bbox 1812 3263 1857 3324; x_wconf 74' lang='grc' dir='ltr'>ο</span> <span class='ocrx_word' id='word_1_362' title='bbox 1893 3258 2102 3326; x_wconf 82' lang='lat' dir='ltr'><strong>lteique</strong></span> <span class='ocrx_word' id='word_1_363' title='bbox 2132 3256 2369 3327; x_wconf 92' lang='lat' dir='ltr'><strong>populus</strong></span> <span class='ocrx_word' id='word_1_364' title='bbox 2399 3269 2523 3308; x_wconf 84' lang='lat' dir='ltr'><strong>esse</strong></span> <span class='ocrx_word' id='word_1_365' title='bbox 2556 3253 2762 3320; x_wconf 89' lang='lat' dir='ltr'><strong>pariter</strong></span> <span class='ocrx_word' id='word_1_366' title='bbox 2819 3266 2882 3306; x_wconf 88' lang='lat' dir='ltr'><strong>ac</strong></span> <span class='ocrx_word' id='word_1_367' title='bbox 2921 3253 3102 3305; x_wconf 89' lang='lat' dir='ltr'><strong>vocari</strong></span> <span class='ocrx_word' id='word_1_368' title='bbox 3140 3254 3462 3319; x_wconf 83' lang='lat' dir='ltr'><strong>meruimus,</strong></span> 
     </span>
    </p>
   </div>
   <div class='ocr_carea' id='block_1_51' title="bbox 213 3276 422 3329">
    <p class='ocr_par' dir='ltr' id='par_1_51' title="bbox 213 3276 422 3329">
     <span class='ocr_line' id='line_1_51' title="bbox 213 3276 422 3329; baseline 0.005 -16"><span class='ocrx_word' id='word_1_369' title='bbox 213 3276 422 3329; x_wconf 82' lang='grc' dir='ltr'>γουντι.</span> 
     </span>
    </p>
   </div>
   <div class='ocr_carea' id='block_1_52' title="bbox 214 3348 1784 3418">
    <p class='ocr_par' dir='ltr' id='par_1_52' title="bbox 214 3348 1784 3418">
     <span class='ocr_line' id='line_1_52' title="bbox 214 3348 1784 3418; baseline -0.003 -13"><span class='ocrx_word' id='word_1_370' title='bbox 214 3350 329 3405; x_wconf 82' lang='grc' dir='ltr'>ἀλλ’</span> <span class='ocrx_word' id='word_1_371' title='bbox 365 3354 448 3414; x_wconf 63' lang='grc' dir='ltr'><strong>εις</strong></span> <span class='ocrx_word' id='word_1_372' title='bbox 480 3350 662 3401; x_wconf 74' lang='grc' dir='ltr'>στενὸν</span> <span class='ocrx_word' id='word_1_373' title='bbox 693 3348 887 3418; x_wconf 80' lang='grc' dir='ltr'>κομιδῇ</span> <span class='ocrx_word' id='word_1_374' title='bbox 940 3349 1007 3401; x_wconf 87' lang='grc' dir='ltr'><strong>τά</strong></span> <span class='ocrx_word' id='word_1_375' title='bbox 1045 3350 1143 3418; x_wconf 82' lang='grc' dir='ltr'><strong>τῆς</strong></span> <span class='ocrx_word' id='word_1_376' title='bbox 1173 3348 1366 3418; x_wconf 79' lang='grc' dir='ltr'>ἑορτῆς</span> <span class='ocrx_word' id='word_1_377' title='bbox 1402 3350 1743 3401; x_wconf 76' lang='grc' dir='ltr'>συνεκλείετο</span> <span class='ocrx_word' id='word_1_378' title='bbox 1771 3366 1784 3379; x_wconf 89' lang='grc'><strong>·</strong></span> 
     </span>
    </p>
   </div>
   <div class='ocr_carea' id='block_1_53' title="bbox 214 3436 1788 3515">
    <p class='ocr_par' dir='ltr' id='par_1_53' title="bbox 214 3436 1788 3515">
     <span class='ocr_line' id='line_1_53' title="bbox 214 3436 1788 3515; baseline -0.003 -18"><span class='ocrx_word' id='word_1_379' title='bbox 214 3442 489 3515; x_wconf 63' lang='grc' dir='ltr'>ἑώρταζεν</span> <span class='ocrx_word' id='word_1_380' title='bbox 514 3442 727 3511; x_wconf 71' lang='grc' dir='ltr'>ἑορτὴν,</span> <span class='ocrx_word' id='word_1_381' title='bbox 768 3436 835 3512; x_wconf 83' lang='grc' dir='ltr'>ἦς</span> <span class='ocrx_word' id='word_1_382' title='bbox 866 3443 919 3493; x_wconf 83' lang='grc' dir='ltr'><strong>τί</strong></span> <span class='ocrx_word' id='word_1_383' title='bbox 969 3442 1051 3494; x_wconf 87' lang='grc' dir='ltr'><strong>δεῖ</strong></span> <span class='ocrx_word' id='word_1_384' title='bbox 1104 3441 1285 3509; x_wconf 79' lang='grc' dir='ltr'>λέγειν</span> <span class='ocrx_word' id='word_1_385' title='bbox 1332 3442 1405 3505; x_wconf 81' lang='grc' dir='ltr'>ὡς</span> <span class='ocrx_word' id='word_1_386' title='bbox 1436 3442 1585 3495; x_wconf 77' lang='grc' dir='ltr'>οὐδὲν</span> <span class='ocrx_word' id='word_1_387' title='bbox 1619 3443 1788 3512; x_wconf 82' lang='grc' dir='ltr'>μετῆν</span> 
     </span>
    </p>
   </div>
   <div class='ocr_carea' id='block_1_54' title="bbox 208 3532 1789 3602">
    <p class='ocr_par' dir='ltr' id='par_1_54' title="bbox 208 3532 1789 3602">
     <span class='ocr_line' id='line_1_54' title="bbox 208 3532 1789 3602; baseline -0.003 -15"><span class='ocrx_word' id='word_1_388' title='bbox 208 3536 323 3596; x_wconf 84' lang='grc' dir='ltr'>τοῖς</span> <span class='ocrx_word' id='word_1_389' title='bbox 352 3532 467 3585; x_wconf 81' lang='grc' dir='ltr'>ἄνω</span> <span class='ocrx_word' id='word_1_390' title='bbox 492 3532 875 3600; x_wconf 77' lang='grc' dir='ltr'>ὲορτάζουσινς</span> <span class='ocrx_word' id='word_1_391' title='bbox 901 3532 1035 3583; x_wconf 79' lang='grc' dir='ltr'>ὅπου</span> <span class='ocrx_word' id='word_1_392' title='bbox 1054 3548 1118 3599; x_wconf 87' lang='grc' dir='ltr'>γε</span> <span class='ocrx_word' id='word_1_393' title='bbox 1139 3532 1260 3583; x_wconf 69' lang='grc' dir='ltr'>οὐδὲ</span> <span class='ocrx_word' id='word_1_394' title='bbox 1292 3533 1427 3602; x_wconf 73' lang='grc' dir='ltr'>πρὸς</span> <span class='ocrx_word' id='word_1_395' title='bbox 1450 3535 1572 3594; x_wconf 65' lang='grc' dir='ltr'>τοὺς</span> <span class='ocrx_word' id='word_1_396' title='bbox 1608 3532 1789 3602; x_wconf 85' lang='grc' dir='ltr'>μικρῷ</span> 
     </span>
    </p>
   </div>
   <div class='ocr_carea' id='block_1_55' title="bbox 207 3622 1792 3695">
    <p class='ocr_par' dir='ltr' id='par_1_55' title="bbox 207 3622 1792 3695">
     <span class='ocr_line' id='line_1_55' title="bbox 207 3622 1792 3695; baseline -0.001 -17"><span class='ocrx_word' id='word_1_397' title='bbox 207 3623 604 3695; x_wconf 81' lang='grc' dir='ltr'>διῳκισμένους</span> <span class='ocrx_word' id='word_1_398' title='bbox 642 3622 843 3685; x_wconf 78' lang='grc' dir='ltr'>αὐτῶν,</span> <span class='ocrx_word' id='word_1_399' title='bbox 887 3624 980 3675; x_wconf 79' lang='grc' dir='ltr'><strong>καὶ</strong></span> <span class='ocrx_word' id='word_1_400' title='bbox 1022 3624 1177 3677; x_wconf 81' lang='grc' dir='ltr'>κάτω</span> <span class='ocrx_word' id='word_1_401' title='bbox 1203 3622 1470 3675; x_wconf 77' lang='grc' dir='ltr'>διέϐαινεν</span> <span class='ocrx_word' id='word_1_402' title='bbox 1507 3625 1539 3692; x_wconf 83' lang='grc' dir='ltr'>ὴ</span> <span class='ocrx_word' id='word_1_403' title='bbox 1578 3624 1792 3695; x_wconf 84' lang='grc' dir='ltr'>φαιδρό-</span> 
     </span>
    </p>
   </div>
   <div class='ocr_carea' id='block_1_56' title="bbox 206 3715 1785 3786">
    <p class='ocr_par' dir='ltr' id='par_1_56' title="bbox 206 3715 1785 3786">
     <span class='ocr_line' id='line_1_56' title="bbox 206 3715 1785 3786; baseline 0.001 -19"><span class='ocrx_word' id='word_1_404' title='bbox 206 3734 311 3785; x_wconf 85' lang='grc' dir='ltr'><strong>της</strong></span> <span class='ocrx_word' id='word_1_405' title='bbox 342 3732 359 3747; x_wconf 76' lang='grc'><strong><em>⁸</em></strong></span> <span class='ocrx_word' id='word_1_406' title='bbox 425 3717 646 3777; x_wconf 65' lang='grc' dir='ltr'>εἰκότως</span> <span class='ocrx_word' id='word_1_407' title='bbox 700 3717 766 3783; x_wconf 84' lang='grc' dir='ltr'>γέ</span> <span class='ocrx_word' id='word_1_408' title='bbox 823 3732 906 3768; x_wconf 83' lang='grc' dir='ltr'><strong>τοι</strong></span> <span class='ocrx_word' id='word_1_409' title='bbox 953 3715 1134 3786; x_wconf 82' lang='grc' dir='ltr'>πολλῷ</span> <span class='ocrx_word' id='word_1_410' title='bbox 1188 3717 1323 3783; x_wconf 78' lang='grc' dir='ltr'>πρὸς</span> <span class='ocrx_word' id='word_1_411' title='bbox 1364 3718 1491 3781; x_wconf 67' lang='grc' dir='ltr'>τοὺς</span> <span class='ocrx_word' id='word_1_412' title='bbox 1533 3718 1645 3770; x_wconf 87' lang='grc' dir='ltr'><strong>ἀνω</strong></span> <span class='ocrx_word' id='word_1_413' title='bbox 1690 3718 1785 3769; x_wconf 79' lang='grc' dir='ltr'>οὐκ</span> 
     </span>
    </p>
   </div>
   <div class='ocr_carea' id='block_1_57' title="bbox 209 3806 1784 3880">
    <p class='ocr_par' dir='ltr' id='par_1_57' title="bbox 209 3806 1784 3880">
     <span class='ocr_line' id='line_1_57' title="bbox 209 3806 1784 3880; baseline 0.003 -20"><span class='ocrx_word' id='word_1_414' title='bbox 209 3811 410 3878; x_wconf 69' lang='grc' dir='ltr'>ἔφθανε</span> <span class='ocrx_word' id='word_1_415' title='bbox 436 3824 451 3840; x_wconf 87' lang='grc'><strong>·</strong></span> <span class='ocrx_word' id='word_1_416' title='bbox 487 3810 777 3878; x_wconf 86' lang='grc' dir='ltr'>σωματικά</span> <span class='ocrx_word' id='word_1_417' title='bbox 823 3809 931 3877; x_wconf 79' lang='grc' dir='ltr'><strong>γὰρ</strong></span> <span class='ocrx_word' id='word_1_418' title='bbox 964 3806 1031 3880; x_wconf 81' lang='grc' dir='ltr'>ἦν</span> <span class='ocrx_word' id='word_1_419' title='bbox 1079 3809 1145 3861; x_wconf 86' lang='grc' dir='ltr'><strong>τά</strong></span> <span class='ocrx_word' id='word_1_420' title='bbox 1187 3808 1506 3878; x_wconf 80' lang='grc' dir='ltr'>τελούμενα,</span> <span class='ocrx_word' id='word_1_421' title='bbox 1540 3812 1633 3864; x_wconf 91' lang='grc' dir='ltr'><strong>καὶ</strong></span> <span class='ocrx_word' id='word_1_422' title='bbox 1670 3813 1784 3873; x_wconf 82' lang='grc' dir='ltr'>τοῖς</span> 
     </span>
    </p>
   </div>
   <div class='ocr_carea' id='block_1_58' title="bbox 207 3901 1117 3970">
    <p class='ocr_par' dir='ltr' id='par_1_58' title="bbox 207 3901 1117 3970">
     <span class='ocr_line' id='line_1_58' title="bbox 207 3901 1117 3970; baseline -0.001 -14"><span class='ocrx_word' id='word_1_423' title='bbox 207 3902 399 3964; x_wconf 63' lang='lat' dir='ltr'><strong>eam;</strong></span> <span class='ocrx_word' id='word_1_424' title='bbox 430 3901 731 3970; x_wconf 75' lang='grc' dir='ltr'>ἐπιστροφὴ</span> <span class='ocrx_word' id='word_1_425' title='bbox 758 3902 860 3954; x_wconf 86' lang='grc' dir='ltr'><strong>ούκ</strong></span> <span class='ocrx_word' id='word_1_426' title='bbox 885 3903 1117 3968; x_wconf 71' lang='grc' dir='ltr'>ἐγίνετο.</span> 
     </span>
    </p>
   </div>
   <div class='ocr_carea' id='block_1_59' title="bbox 1890 1973 3453 2046">
    <p class='ocr_par' dir='ltr' id='par_1_59' title="bbox 1890 1973 3453 2046">
     <span class='ocr_line' id='line_1_59' title="bbox 1890 1973 3453 2046; baseline 0.002 -19"><span class='ocrx_word' id='word_1_427' title='bbox 1890 1975 2165 2044; x_wconf 89' lang='lat' dir='ltr'><strong>potentior</strong></span> <span class='ocrx_word' id='word_1_428' title='bbox 2206 1974 2453 2031; x_wconf 70' lang='lat' dir='ltr'><strong>ellectns.</strong></span> <span class='ocrx_word' id='word_1_429' title='bbox 2516 1973 2770 2031; x_wconf 89' lang='lat' dir='ltr'><strong>Omnium</strong></span> <span class='ocrx_word' id='word_1_430' title='bbox 2821 1978 2978 2033; x_wconf 88' lang='lat' dir='ltr'><strong>nobis</strong></span> <span class='ocrx_word' id='word_1_431' title='bbox 3026 1981 3453 2046; x_wconf 85' lang='lat' dir='ltr'><strong>solenmitatnm,</strong></span> 
     </span>
    </p>
   </div>
   <div class='ocr_carea' id='block_1_60' title="bbox 1890 2067 3458 2140">
    <p class='ocr_par' dir='ltr' id='par_1_60' title="bbox 1890 2067 3458 2140">
     <span class='ocr_line' id='line_1_60' title="bbox 1890 2067 3458 2140; baseline 0.006 -24"><span class='ocrx_word' id='word_1_432' title='bbox 1890 2067 1937 2120; x_wconf 87' lang='lat' dir='ltr'><strong>si</strong></span> <span class='ocrx_word' id='word_1_433' title='bbox 1964 2080 2104 2135; x_wconf 88' lang='lat' dir='ltr'><strong>quas</strong></span> <span class='ocrx_word' id='word_1_434' title='bbox 2125 2067 2298 2122; x_wconf 86' lang='lat' dir='ltr'><strong>oculis</strong></span> <span class='ocrx_word' id='word_1_435' title='bbox 2321 2068 2604 2137; x_wconf 90' lang='lat' dir='ltr'><strong>conspicui</strong></span> <span class='ocrx_word' id='word_1_436' title='bbox 2640 2068 2911 2133; x_wconf 89' lang='lat' dir='ltr'><strong>homines,</strong></span> <span class='ocrx_word' id='word_1_437' title='bbox 2945 2084 3010 2123; x_wconf 80' lang='lat' dir='ltr'><strong>ac</strong></span> <span class='ocrx_word' id='word_1_438' title='bbox 3053 2070 3097 2124; x_wconf 86' lang='lat' dir='ltr'><strong>si</strong></span> <span class='ocrx_word' id='word_1_439' title='bbox 3133 2085 3273 2140; x_wconf 80' lang='lat' dir='ltr'><strong>quas</strong></span> <span class='ocrx_word' id='word_1_440' title='bbox 3299 2072 3458 2126; x_wconf 80' lang='lat' dir='ltr'><strong>inad-</strong></span> 
     </span>
    </p>
   </div>
   <div class='ocr_carea' id='block_1_61' title="bbox 1891 2158 3459 2226">
    <p class='ocr_par' dir='ltr' id='par_1_61' title="bbox 1891 2158 3459 2226">
     <span class='ocr_line' id='line_1_61' title="bbox 1891 2158 3459 2226; baseline 0.004 -13"><span class='ocrx_word' id='word_1_441' title='bbox 1891 2158 2217 2226; x_wconf 83' lang='lat' dir='ltr'><strong>spectabiles</strong></span> <span class='ocrx_word' id='word_1_442' title='bbox 2262 2170 2471 2215; x_wconf 86' lang='lat' dir='ltr'><strong>mentes</strong></span> <span class='ocrx_word' id='word_1_443' title='bbox 2525 2161 2827 2223; x_wconf 83' lang='lat' dir='ltr'><strong>celebrant,</strong></span> <span class='ocrx_word' id='word_1_444' title='bbox 2880 2162 3141 2217; x_wconf 88' lang='lat' dir='ltr'><strong>hodierna</strong></span> <span class='ocrx_word' id='word_1_445' title='bbox 3191 2165 3459 2219; x_wconf 75' lang='lat' dir='ltr'><strong>festivitas</strong></span> 
     </span>
    </p>
   </div>
   <div class='ocr_carea' id='block_1_62' title="bbox 1892 2248 3458 2322">
    <p class='ocr_par' dir='ltr' id='par_1_62' title="bbox 1892 2248 3458 2322">
     <span class='ocr_line' id='line_1_62' title="bbox 1892 2248 3458 2322; baseline 0.004 -20"><span class='ocrx_word' id='word_1_446' title='bbox 1892 2248 2135 2302; x_wconf 83' lang='lat' dir='ltr'><strong>divinior</strong></span> <span class='ocrx_word' id='word_1_447' title='bbox 2162 2250 2560 2320; x_wconf 86' lang='lat' dir='ltr'><strong>sublimiorque</strong></span> <span class='ocrx_word' id='word_1_448' title='bbox 2590 2251 2789 2307; x_wconf 77' lang='lat' dir='ltr'><strong>illuxit.</strong></span> <span class='ocrx_word' id='word_1_449' title='bbox 2820 2252 2952 2306; x_wconf 80' lang='lat' dir='ltr'><strong>Nam</strong></span> <span class='ocrx_word' id='word_1_450' title='bbox 2979 2254 3025 2308; x_wconf 89' lang='lat' dir='ltr'><strong>si</strong></span> <span class='ocrx_word' id='word_1_451' title='bbox 3059 2270 3179 2322; x_wconf 61' lang='lat' dir='ltr'><strong>quae</strong></span> <span class='ocrx_word' id='word_1_452' title='bbox 3226 2257 3330 2310; x_wconf 88' lang='lat' dir='ltr'><strong>alia</strong></span> <span class='ocrx_word' id='word_1_453' title='bbox 3362 2271 3458 2310; x_wconf 87' lang='lat' dir='ltr'><strong>su-</strong></span> 
     </span>
    </p>
   </div>
   <div class='ocr_carea' id='block_1_63' title="bbox 1892 2342 3458 2414">
    <p class='ocr_par' dir='ltr' id='par_1_63' title="bbox 1892 2342 3458 2414">
     <span class='ocr_line' id='line_1_63' title="bbox 1892 2342 3458 2414; baseline 0.006 -24"><span class='ocrx_word' id='word_1_454' title='bbox 1892 2342 2232 2409; x_wconf 71' lang='lat' dir='ltr'><strong>percmlestis</strong></span> <span class='ocrx_word' id='word_1_455' title='bbox 2264 2342 2559 2396; x_wconf 79' lang='lat' dir='ltr'><strong>exsultatio</strong></span> <span class='ocrx_word' id='word_1_456' title='bbox 2619 2353 2723 2404; x_wconf 84' lang='lat' dir='ltr'><strong>est.</strong></span> <span class='ocrx_word' id='word_1_457' title='bbox 2753 2358 2917 2412; x_wconf 90' lang='lat' dir='ltr'><strong>quam</strong></span> <span class='ocrx_word' id='word_1_458' title='bbox 2953 2344 3067 2414; x_wconf 85' lang='lat' dir='ltr'><strong>jugi</strong></span> <span class='ocrx_word' id='word_1_459' title='bbox 3142 2346 3458 2400; x_wconf 81' lang='lat' dir='ltr'><strong>celebritate</strong></span> 
     </span>
    </p>
   </div>
   <div class='ocr_carea' id='block_1_64' title="bbox 1892 2429 3458 2504">
    <p class='ocr_par' dir='ltr' id='par_1_64' title="bbox 1892 2429 3458 2504">
     <span class='ocr_line' id='line_1_64' title="bbox 1892 2429 3458 2504; baseline 0.004 -21"><span class='ocrx_word' id='word_1_460' title='bbox 1892 2431 2214 2484; x_wconf 89' lang='lat' dir='ltr'><strong>assistentes</strong></span> <span class='ocrx_word' id='word_1_461' title='bbox 2246 2429 2355 2485; x_wconf 91' lang='lat' dir='ltr'><strong>Deo</strong></span> <span class='ocrx_word' id='word_1_462' title='bbox 2380 2429 2621 2486; x_wconf 76' lang='lat' dir='ltr'><strong>Virtutes</strong></span> <span class='ocrx_word' id='word_1_463' title='bbox 2646 2432 2846 2502; x_wconf 84' lang='lat' dir='ltr'><strong>gaudio</strong></span> <span class='ocrx_word' id='word_1_464' title='bbox 2867 2444 3150 2503; x_wconf 76' lang='lat' dir='ltr'><strong>peragant,</strong></span> <span class='ocrx_word' id='word_1_465' title='bbox 3173 2449 3292 2489; x_wconf 89' lang='lat' dir='ltr'><strong>eam</strong></span> <span class='ocrx_word' id='word_1_466' title='bbox 3321 2450 3458 2504; x_wconf 56' lang='lat' dir='ltr'><strong>quo.</strong></span> 
     </span>
    </p>
   </div>
   <div class='ocr_carea' id='block_1_65' title="bbox 1891 2524 3456 2595">
    <p class='ocr_par' dir='ltr' id='par_1_65' title="bbox 1891 2524 3456 2595">
     <span class='ocr_line' id='line_1_65' title="bbox 1891 2524 3456 2595; baseline 0.007 -19"><span class='ocrx_word' id='word_1_467' title='bbox 1891 2524 1997 2593; x_wconf 76' lang='lat' dir='ltr'><strong>que</strong></span> <span class='ocrx_word' id='word_1_468' title='bbox 2040 2532 2242 2579; x_wconf 73' lang='lat' dir='ltr'><strong>nostrae</strong></span> <span class='ocrx_word' id='word_1_469' title='bbox 2273 2525 2399 2580; x_wconf 88' lang='lat' dir='ltr'><strong>huic</strong></span> <span class='ocrx_word' id='word_1_470' title='bbox 2434 2526 2630 2580; x_wconf 49' lang='lat' dir='ltr'><strong>lanitia’</strong></span> <span class='ocrx_word' id='word_1_471' title='bbox 2655 2526 2955 2595; x_wconf 82' lang='lat' dir='ltr'><strong>putandum</strong></span> <span class='ocrx_word' id='word_1_472' title='bbox 2986 2536 3071 2581; x_wconf 91' lang='lat' dir='ltr'><strong>est</strong></span> <span class='ocrx_word' id='word_1_473' title='bbox 3092 2527 3316 2584; x_wconf 86' lang='lat' dir='ltr'><strong>cedere:</strong></span> <span class='ocrx_word' id='word_1_474' title='bbox 3349 2544 3456 2587; x_wconf 87' lang='lat' dir='ltr'><strong>non</strong></span> 
     </span>
    </p>
   </div>
   <div class='ocr_carea' id='block_1_66' title="bbox 1894 2613 3461 2687">
    <p class='ocr_par' dir='ltr' id='par_1_66' title="bbox 1894 2613 3461 2687">
     <span class='ocr_line' id='line_1_66' title="bbox 1894 2613 3461 2687; baseline 0.004 -22"><span class='ocrx_word' id='word_1_475' title='bbox 1894 2614 2055 2668; x_wconf 88' lang='lat' dir='ltr'><strong>modo</strong></span> <span class='ocrx_word' id='word_1_476' title='bbox 2093 2626 2312 2684; x_wconf 86' lang='lat' dir='ltr'><strong>preptcr</strong></span> <span class='ocrx_word' id='word_1_477' title='bbox 2338 2629 2465 2668; x_wconf 89' lang='lat' dir='ltr'><strong>eum</strong></span> <span class='ocrx_word' id='word_1_478' title='bbox 2496 2613 2588 2683; x_wconf 90' lang='lat' dir='ltr'><strong>qui</strong></span> <span class='ocrx_word' id='word_1_479' title='bbox 2636 2616 2956 2680; x_wconf 75' lang='lat' dir='ltr'><strong>resurrexit,</strong></span> <span class='ocrx_word' id='word_1_480' title='bbox 2993 2617 3089 2670; x_wconf 88' lang='lat' dir='ltr'><strong>sed</strong></span> <span class='ocrx_word' id='word_1_481' title='bbox 3132 2625 3188 2671; x_wconf 87' lang='lat' dir='ltr'><strong>et</strong></span> <span class='ocrx_word' id='word_1_482' title='bbox 3237 2628 3461 2687; x_wconf 87' lang='lat' dir='ltr'><strong>propter</strong></span> 
     </span>
    </p>
   </div>
   <div class='ocr_carea' id='block_1_67' title="bbox 1893 2703 3462 2774">
    <p class='ocr_par' dir='ltr' id='par_1_67' title="bbox 1893 2703 3462 2774">
     <span class='ocr_line' id='line_1_67' title="bbox 1893 2703 3462 2774; baseline 0.003 -15"><span class='ocrx_word' id='word_1_483' title='bbox 1893 2721 1987 2760; x_wconf 78' lang='lat' dir='ltr'><strong>eos</strong></span> <span class='ocrx_word' id='word_1_484' title='bbox 2020 2720 2162 2774; x_wconf 80' lang='lat' dir='ltr'><strong>quos</strong></span> <span class='ocrx_word' id='word_1_485' title='bbox 2189 2719 2381 2759; x_wconf 88' lang='lat' dir='ltr'><strong>secum</strong></span> <span class='ocrx_word' id='word_1_486' title='bbox 2422 2706 2731 2759; x_wconf 86' lang='lat' dir='ltr'><strong>suscitavit.</strong></span> <span class='ocrx_word' id='word_1_487' title='bbox 2769 2703 2824 2759; x_wconf 89' lang='lat' dir='ltr'><strong>Si</strong></span> <span class='ocrx_word' id='word_1_488' title='bbox 2859 2707 3076 2772; x_wconf 85' lang='lat' dir='ltr'><strong>quidem</strong></span> <span class='ocrx_word' id='word_1_489' title='bbox 3117 2708 3262 2763; x_wconf 86' lang='lat' dir='ltr'><strong>enim</strong></span> <span class='ocrx_word' id='word_1_490' title='bbox 3295 2710 3462 2764; x_wconf 87' lang='lat' dir='ltr'><strong>unius</strong></span> 
     </span>
    </p>
   </div>
   <div class='ocr_carea' id='block_1_68' title="bbox 1897 2796 3461 2868">
    <p class='ocr_par' dir='ltr' id='par_1_68' title="bbox 1897 2796 3461 2868">
     <span class='ocr_line' id='line_1_68' title="bbox 1897 2796 3461 2868; baseline 0.004 -20"><span class='ocrx_word' id='word_1_491' title='bbox 1897 2798 2012 2864; x_wconf 85' lang='lat' dir='ltr'><strong>ipsa</strong></span> <span class='ocrx_word' id='word_1_492' title='bbox 2063 2797 2427 2852; x_wconf 88' lang='lat' dir='ltr'><strong>suscitatione</strong></span> <span class='ocrx_word' id='word_1_493' title='bbox 2472 2798 2554 2851; x_wconf 90' lang='lat' dir='ltr'><strong>eis</strong></span> <span class='ocrx_word' id='word_1_494' title='bbox 2604 2796 2863 2866; x_wconf 78' lang='lat' dir='ltr'><strong>gaudium</strong></span> <span class='ocrx_word' id='word_1_495' title='bbox 2898 2807 3004 2863; x_wconf 89' lang='lat' dir='ltr'><strong>est,</strong></span> <span class='ocrx_word' id='word_1_496' title='bbox 3037 2798 3167 2868; x_wconf 85' lang='lat' dir='ltr'><strong>quid</strong></span> <span class='ocrx_word' id='word_1_497' title='bbox 3199 2800 3461 2857; x_wconf 88' lang='lat' dir='ltr'><strong>hodierna</strong></span> 
     </span>
    </p>
   </div>
   <div class='ocr_carea' id='block_1_69' title="bbox 1895 2889 3462 2963">
    <p class='ocr_par' dir='ltr' id='par_1_69' title="bbox 1895 2889 3462 2963">
     <span class='ocr_line' id='line_1_69' title="bbox 1895 2889 3462 2963; baseline 0.003 -20"><span class='ocrx_word' id='word_1_498' title='bbox 1895 2890 1984 2943; x_wconf 92' lang='lat' dir='ltr'><strong>die</strong></span> <span class='ocrx_word' id='word_1_499' title='bbox 2030 2889 2314 2952; x_wconf 84' lang='lat' dir='ltr'><strong>acciderit,</strong></span> <span class='ocrx_word' id='word_1_500' title='bbox 2364 2904 2491 2942; x_wconf 91' lang='lat' dir='ltr'><strong>cum</strong></span> <span class='ocrx_word' id='word_1_501' title='bbox 2552 2892 2791 2943; x_wconf 86' lang='lat' dir='ltr'><strong>mundus</strong></span> <span class='ocrx_word' id='word_1_502' title='bbox 2839 2891 3129 2946; x_wconf 85' lang='lat' dir='ltr'><strong>universus</strong></span> <span class='ocrx_word' id='word_1_503' title='bbox 3184 2893 3462 2963; x_wconf 79' lang='lat' dir='ltr'><strong>resurgit?</strong></span> 
     </span>
    </p>
   </div>
   <div class='ocr_carea' id='block_1_70' title="bbox 1898 2977 3461 3049">
    <p class='ocr_par' dir='ltr' id='par_1_70' title="bbox 1898 2977 3461 3049">
     <span class='ocr_line' id='line_1_70' title="bbox 1898 2977 3461 3049; baseline 0.001 -16"><span class='ocrx_word' id='word_1_504' title='bbox 1898 2978 2070 3033; x_wconf 86' lang='lat' dir='ltr'><strong>Hodie</strong></span> <span class='ocrx_word' id='word_1_505' title='bbox 2118 2992 2398 3048; x_wconf 82' lang='lat' dir='ltr'><strong>egressum</strong></span> <span class='ocrx_word' id='word_1_506' title='bbox 2447 2992 2515 3031; x_wconf 79' lang='lat' dir='ltr'><strong>ex</strong></span> <span class='ocrx_word' id='word_1_507' title='bbox 2558 2978 2881 3047; x_wconf 87' lang='lat' dir='ltr'><strong>gravissima</strong></span> <span class='ocrx_word' id='word_1_508' title='bbox 2925 2977 3141 3049; x_wconf 66' lang='lat' dir='ltr'><strong>Aigypti</strong></span> <span class='ocrx_word' id='word_1_509' title='bbox 3200 2983 3461 3035; x_wconf 84' lang='lat' dir='ltr'><strong>servitute</strong></span> 
     </span>
    </p>
   </div>
   <div class='ocr_carea' id='block_1_71' title="bbox 1900 3070 3463 3142">
    <p class='ocr_par' dir='ltr' id='par_1_71' title="bbox 1900 3070 3463 3142">
     <span class='ocr_line' id='line_1_71' title="bbox 1900 3070 3463 3142; baseline 0.002 -17"><span class='ocrx_word' id='word_1_510' title='bbox 1900 3072 2051 3126; x_wconf 78' lang='lat' dir='ltr'><strong>testis</strong></span> <span class='ocrx_word' id='word_1_511' title='bbox 2091 3071 2307 3142; x_wconf 80' lang='lat' dir='ltr'><strong>gaudiis</strong></span> <span class='ocrx_word' id='word_1_512' title='bbox 2351 3070 2612 3135; x_wconf 87' lang='lat' dir='ltr'><strong>colimus;</strong></span> <span class='ocrx_word' id='word_1_513' title='bbox 2673 3085 2804 3139; x_wconf 90' lang='lat' dir='ltr'><strong>quo,</strong></span> <span class='ocrx_word' id='word_1_514' title='bbox 2852 3084 2881 3123; x_wconf 89' lang='lat' dir='ltr'><strong>a</strong></span> <span class='ocrx_word' id='word_1_515' title='bbox 2945 3072 3176 3125; x_wconf 84' lang='lat' dir='ltr'><strong>molesto</strong></span> <span class='ocrx_word' id='word_1_516' title='bbox 3219 3072 3310 3125; x_wconf 81' lang='lat' dir='ltr'><strong>illo</strong></span> <span class='ocrx_word' id='word_1_517' title='bbox 3362 3073 3463 3128; x_wconf 80' lang='lat' dir='ltr'><strong>ltiti</strong></span> 
     </span>
    </p>
   </div>
   <div class='ocr_carea' id='block_1_72' title="bbox 1898 3160 3463 3233">
    <p class='ocr_par' dir='ltr' id='par_1_72' title="bbox 1898 3160 3463 3233">
     <span class='ocr_line' id='line_1_72' title="bbox 1898 3160 3463 3233; baseline 0.001 -16"><span class='ocrx_word' id='word_1_518' title='bbox 1898 3160 2063 3233; x_wconf 86' lang='lat' dir='ltr'><strong>opere</strong></span> <span class='ocrx_word' id='word_1_519' title='bbox 2111 3162 2350 3225; x_wconf 87' lang='lat' dir='ltr'><strong>liberati,</strong></span> <span class='ocrx_word' id='word_1_520' title='bbox 2396 3161 2676 3215; x_wconf 89' lang='lat' dir='ltr'><strong>crudelem</strong></span> <span class='ocrx_word' id='word_1_521' title='bbox 2734 3161 3073 3217; x_wconf 81' lang='lat' dir='ltr'><strong>Pharaonem</strong></span> <span class='ocrx_word' id='word_1_522' title='bbox 3116 3164 3463 3231; x_wconf 85' lang='lat' dir='ltr'><strong>reliquimus,</strong></span> 
     </span>
    </p>
   </div>
   <div class='ocr_carea' id='block_1_73' title="bbox 1892 3342 3464 3417">
    <p class='ocr_par' dir='ltr' id='par_1_73' title="bbox 1892 3342 3464 3417">
     <span class='ocr_line' id='line_1_73' title="bbox 1892 3342 3464 3417; baseline -0.004 -16"><span class='ocrx_word' id='word_1_523' title='bbox 1892 3351 2145 3417; x_wconf 87' lang='lat' dir='ltr'><strong>viamque</strong></span> <span class='ocrx_word' id='word_1_524' title='bbox 2192 3348 2361 3409; x_wconf 89' lang='lat' dir='ltr'><strong>illam,</strong></span> <span class='ocrx_word' id='word_1_525' title='bbox 2412 3360 2535 3414; x_wconf 70' lang='lat' dir='ltr'><strong>qua:</strong></span> <span class='ocrx_word' id='word_1_526' title='bbox 2573 3344 2639 3397; x_wconf 91' lang='lat' dir='ltr'><strong>ad</strong></span> <span class='ocrx_word' id='word_1_527' title='bbox 2675 3342 3010 3398; x_wconf 69' lang='lat' dir='ltr'><strong>hmreditatis</strong></span> <span class='ocrx_word' id='word_1_528' title='bbox 3040 3344 3324 3414; x_wconf 73' lang='lat' dir='ltr'><strong>promissa:</strong></span> <span class='ocrx_word' id='word_1_529' title='bbox 3352 3356 3464 3398; x_wconf 74' lang='lat' dir='ltr'><strong>ter.</strong></span> 
     </span>
    </p>
   </div>
   <div class='ocr_carea' id='block_1_74' title="bbox 1895 3436 3465 3499">
    <p class='ocr_par' dir='ltr' id='par_1_74' title="bbox 1895 3436 3465 3499">
     <span class='ocr_line' id='line_1_74' title="bbox 1895 3436 3465 3499; baseline -0.001 -4"><span class='ocrx_word' id='word_1_530' title='bbox 1895 3458 2006 3495; x_wconf 91' lang='lat' dir='ltr'><strong>ram</strong></span> <span class='ocrx_word' id='word_1_531' title='bbox 2044 3442 2241 3496; x_wconf 88' lang='lat' dir='ltr'><strong>bonam</strong></span> <span class='ocrx_word' id='word_1_532' title='bbox 2274 3439 2444 3494; x_wconf 86' lang='lat' dir='ltr'><strong>ducit.</strong></span> <span class='ocrx_word' id='word_1_533' title='bbox 2484 3436 3166 3499; x_wconf 86' lang='lat' dir='ltr'><strong>inivimus,admirandum</strong></span> <span class='ocrx_word' id='word_1_534' title='bbox 3204 3438 3353 3491; x_wconf 89' lang='lat' dir='ltr'><strong>illum</strong></span> <span class='ocrx_word' id='word_1_535' title='bbox 3388 3440 3465 3493; x_wconf 87' lang='lat' dir='ltr'><strong>le-</strong></span> 
     </span>
    </p>
   </div>
   <div class='ocr_carea' id='block_1_75' title="bbox 1891 3526 3462 3603">
    <p class='ocr_par' dir='ltr' id='par_1_75' title="bbox 1891 3526 3462 3603">
     <span class='ocr_line' id='line_1_75' title="bbox 1891 3526 3462 3603; baseline -0.003 -17"><span class='ocrx_word' id='word_1_536' title='bbox 1891 3533 2231 3603; x_wconf 79' lang='lat' dir='ltr'><strong>gislaturem,</strong></span> <span class='ocrx_word' id='word_1_537' title='bbox 2281 3544 2344 3582; x_wconf 90' lang='lat' dir='ltr'><strong>ac</strong></span> <span class='ocrx_word' id='word_1_538' title='bbox 2395 3526 2485 3593; x_wconf 81' lang='lat' dir='ltr'><strong>qui</strong></span> <span class='ocrx_word' id='word_1_539' title='bbox 2540 3527 2687 3595; x_wconf 80' lang='lat' dir='ltr'><strong>virga</strong></span> <span class='ocrx_word' id='word_1_540' title='bbox 2731 3526 2911 3580; x_wconf 88' lang='lat' dir='ltr'><strong>crucis</strong></span> <span class='ocrx_word' id='word_1_541' title='bbox 2942 3526 3187 3597; x_wconf 85' lang='lat' dir='ltr'><strong>prodigia</strong></span> <span class='ocrx_word' id='word_1_542' title='bbox 3224 3536 3462 3597; x_wconf 66' lang='lat' dir='ltr'><strong>praestet,</strong></span> 
     </span>
    </p>
   </div>
   <div class='ocr_carea' id='block_1_76' title="bbox 1894 3622 3461 3691">
    <p class='ocr_par' dir='ltr' id='par_1_76' title="bbox 1894 3622 3461 3691">
     <span class='ocr_line' id='line_1_76' title="bbox 1894 3622 3461 3691; baseline 0.001 -11"><span class='ocrx_word' id='word_1_543' title='bbox 1894 3626 2066 3680; x_wconf 71' lang='lat' dir='ltr'><strong>seculi</strong></span> <span class='ocrx_word' id='word_1_544' title='bbox 2118 3625 2336 3679; x_wconf 81' lang='lat' dir='ltr'><strong>ducem.</strong></span> <span class='ocrx_word' id='word_1_545' title='bbox 2399 3623 2766 3678; x_wconf 82' lang='lat' dir='ltr'><strong>Celchrabaut</strong></span> <span class='ocrx_word' id='word_1_546' title='bbox 2838 3622 3056 3691; x_wconf 87' lang='lat' dir='ltr'><strong>quidem</strong></span> <span class='ocrx_word' id='word_1_547' title='bbox 3113 3624 3242 3675; x_wconf 91' lang='lat' dir='ltr'><strong>olim</strong></span> <span class='ocrx_word' id='word_1_548' title='bbox 3299 3627 3461 3681; x_wconf 74' lang='lat' dir='ltr'><strong>etiam</strong></span> 
     </span>
    </p>
   </div>
   <div class='ocr_carea' id='block_1_77' title="bbox 1895 3706 3462 3786">
    <p class='ocr_par' dir='ltr' id='par_1_77' title="bbox 1895 3706 3462 3786">
     <span class='ocr_line' id='line_1_77' title="bbox 1895 3706 3462 3786; baseline -0.001 -13"><span class='ocrx_word' id='word_1_549' title='bbox 1895 3719 2153 3774; x_wconf 58' lang='lat' dir='ltr'><strong>Israelita:</strong></span> <span class='ocrx_word' id='word_1_550' title='bbox 2185 3706 2518 3786; x_wconf 79' lang='lat' dir='ltr'><strong>egressionis</strong></span> <span class='ocrx_word' id='word_1_551' title='bbox 2566 3716 2869 3768; x_wconf 81' lang='lat' dir='ltr'><strong>solemnem</strong></span> <span class='ocrx_word' id='word_1_552' title='bbox 2896 3713 3066 3778; x_wconf 86' lang='lat' dir='ltr'><strong>diem,</strong></span> <span class='ocrx_word' id='word_1_553' title='bbox 3097 3715 3252 3769; x_wconf 84' lang='lat' dir='ltr'><strong>valde</strong></span> <span class='ocrx_word' id='word_1_554' title='bbox 3284 3725 3462 3771; x_wconf 85' lang='lat' dir='ltr'><strong>t:uuen</strong></span> 
     </span>
    </p>
   </div>
   <div class='ocr_carea' id='block_1_78' title="bbox 1892 3806 3463 3876">
    <p class='ocr_par' dir='ltr' id='par_1_78' title="bbox 1892 3806 3463 3876">
     <span class='ocr_line' id='line_1_78' title="bbox 1892 3806 3463 3876; baseline -0.001 -11"><span class='ocrx_word' id='word_1_555' title='bbox 1892 3827 1953 3865; x_wconf 87' lang='lat' dir='ltr'><strong>ea</strong></span> <span class='ocrx_word' id='word_1_556' title='bbox 2004 3809 2323 3865; x_wconf 86' lang='lat' dir='ltr'><strong>solemnitas</strong></span> <span class='ocrx_word' id='word_1_557' title='bbox 2368 3807 2423 3861; x_wconf 88' lang='lat' dir='ltr'><strong>in</strong></span> <span class='ocrx_word' id='word_1_558' title='bbox 2469 3814 2763 3876; x_wconf 85' lang='lat' dir='ltr'><strong>angustum</strong></span> <span class='ocrx_word' id='word_1_559' title='bbox 2812 3815 3003 3860; x_wconf 89' lang='lat' dir='ltr'><strong>coacta</strong></span> <span class='ocrx_word' id='word_1_560' title='bbox 3036 3816 3177 3861; x_wconf 88' lang='lat' dir='ltr'><strong>erat.</strong></span> <span class='ocrx_word' id='word_1_561' title='bbox 3218 3806 3463 3875; x_wconf 82' lang='lat' dir='ltr'><strong>Festum,</strong></span> 
     </span>
    </p>
   </div>
   <div class='ocr_carea' id='block_1_79' title="bbox 1890 3898 3456 3971">
    <p class='ocr_par' dir='ltr' id='par_1_79' title="bbox 1890 3898 3456 3971">
     <span class='ocr_line' id='line_1_79' title="bbox 1890 3898 3456 3971; baseline 0.001 -17"><span class='ocrx_word' id='word_1_562' title='bbox 1890 3902 2134 3971; x_wconf 86' lang='lat' dir='ltr'><strong>inquam,</strong></span> <span class='ocrx_word' id='word_1_563' title='bbox 2184 3901 2429 3955; x_wconf 83' lang='lat' dir='ltr'><strong>solemne</strong></span> <span class='ocrx_word' id='word_1_564' title='bbox 2477 3898 2747 3967; x_wconf 84' lang='lat' dir='ltr'><strong>agebant;</strong></span> <span class='ocrx_word' id='word_1_565' title='bbox 2791 3905 2847 3949; x_wconf 92' lang='lat' dir='ltr'><strong>at</strong></span> <span class='ocrx_word' id='word_1_566' title='bbox 2885 3898 3017 3967; x_wconf 92' lang='lat' dir='ltr'><strong>quid</strong></span> <span class='ocrx_word' id='word_1_567' title='bbox 3056 3899 3223 3954; x_wconf 81' lang='lat' dir='ltr'><strong>refert</strong></span> <span class='ocrx_word' id='word_1_568' title='bbox 3252 3900 3456 3961; x_wconf 78' lang='lat' dir='ltr'><strong>dicere.</strong></span> 
     </span>
    </p>
   </div>
   <div class='ocr_carea' id='block_1_80' title="bbox 210 3987 3459 4064">
    <p class='ocr_par' dir='ltr' id='par_1_80' title="bbox 210 3987 3459 4064">
     <span class='ocr_line' id='line_1_80' title="bbox 210 3987 3459 4064; baseline -0.001 -15"><span class='ocrx_word' id='word_1_569' title='bbox 210 4008 273 4049; x_wconf 90' lang='lat' dir='ltr'><strong>ut</strong></span> <span class='ocrx_word' id='word_1_570' title='bbox 316 3994 455 4048; x_wconf 89' lang='lat' dir='ltr'><strong>nihil</strong></span> <span class='ocrx_word' id='word_1_571' title='bbox 508 3995 629 4064; x_wconf 82' lang='lat' dir='ltr'><strong>ejus</strong></span> <span class='ocrx_word' id='word_1_572' title='bbox 686 3993 982 4060; x_wconf 74' lang='lat' dir='ltr'><strong>participes</strong></span> <span class='ocrx_word' id='word_1_573' title='bbox 1043 4000 1252 4059; x_wconf 86' lang='lat' dir='ltr'><strong>essent,</strong></span> <span class='ocrx_word' id='word_1_574' title='bbox 1298 3994 1389 4062; x_wconf 92' lang='lat' dir='ltr'><strong>qni</strong></span> <span class='ocrx_word' id='word_1_575' title='bbox 1424 3994 1479 4046; x_wconf 89' lang='lat' dir='ltr'><strong>in</strong></span> <span class='ocrx_word' id='word_1_576' title='bbox 1525 3994 1680 4048; x_wconf 72' lang='lat' dir='ltr'><strong>cmlis</strong></span> <span class='ocrx_word' id='word_1_577' title='bbox 1718 3994 1833 4047; x_wconf 88' lang='lat' dir='ltr'><strong>dies</strong></span> <span class='ocrx_word' id='word_1_578' title='bbox 1872 3990 2043 4047; x_wconf 79' lang='lat' dir='ltr'><strong>festos</strong></span> <span class='ocrx_word' id='word_1_579' title='bbox 2092 3997 2259 4059; x_wconf 83' lang='lat' dir='ltr'><strong>agunt</strong></span> <span class='ocrx_word' id='word_1_580' title='bbox 2290 4003 2354 4043; x_wconf 92' lang='lat' dir='ltr'><strong>ac</strong></span> <span class='ocrx_word' id='word_1_581' title='bbox 2386 3987 2718 4058; x_wconf 87' lang='lat' dir='ltr'><strong>epulantur?</strong></span> <span class='ocrx_word' id='word_1_582' title='bbox 2754 4002 2878 4040; x_wconf 93' lang='lat' dir='ltr'><strong>cum</strong></span> <span class='ocrx_word' id='word_1_583' title='bbox 2910 4003 2977 4041; x_wconf 90' lang='lat' dir='ltr'><strong>ne</strong></span> <span class='ocrx_word' id='word_1_584' title='bbox 2995 3989 3060 4042; x_wconf 86' lang='lat' dir='ltr'><strong>ad</strong></span> <span class='ocrx_word' id='word_1_585' title='bbox 3095 3989 3217 4046; x_wconf 87' lang='lat' dir='ltr'><strong>illos</strong></span> <span class='ocrx_word' id='word_1_586' title='bbox 3243 3992 3459 4060; x_wconf 80' lang='lat' dir='ltr'><strong>quidem</strong></span> 
     </span>
    </p>
   </div>
   <div class='ocr_carea' id='block_1_81' title="bbox 210 4081 3462 4160">
    <p class='ocr_par' dir='ltr' id='par_1_81' title="bbox 210 4081 3462 4160">
     <span class='ocr_line' id='line_1_81' title="bbox 210 4081 3462 4160; baseline -0.001 -18"><span class='ocrx_word' id='word_1_587' title='bbox 210 4092 306 4160; x_wconf 89' lang='lat' dir='ltr'><strong>qni</strong></span> <span class='ocrx_word' id='word_1_588' title='bbox 377 4090 430 4142; x_wconf 91' lang='lat' dir='ltr'><strong>in</strong></span> <span class='ocrx_word' id='word_1_589' title='bbox 483 4089 645 4144; x_wconf 85' lang='lat' dir='ltr'><strong>terris</strong></span> <span class='ocrx_word' id='word_1_590' title='bbox 702 4103 766 4141; x_wconf 87' lang='lat' dir='ltr'><strong>ac</strong></span> <span class='ocrx_word' id='word_1_591' title='bbox 837 4089 1090 4155; x_wconf 83' lang='lat' dir='ltr'><strong>proximo</strong></span> <span class='ocrx_word' id='word_1_592' title='bbox 1152 4086 1442 4141; x_wconf 86' lang='lat' dir='ltr'><strong>intervallo</strong></span> <span class='ocrx_word' id='word_1_593' title='bbox 1499 4087 1677 4141; x_wconf 80' lang='lat' dir='ltr'><strong>dissiti</strong></span> <span class='ocrx_word' id='word_1_594' title='bbox 1736 4085 2042 4154; x_wconf 78' lang='lat' dir='ltr'><strong>degebant,</strong></span> <span class='ocrx_word' id='word_1_595' title='bbox 2101 4082 2443 4137; x_wconf 86' lang='lat' dir='ltr'><strong>celebritatis</strong></span> <span class='ocrx_word' id='word_1_596' title='bbox 2500 4082 2666 4150; x_wconf 90' lang='lat' dir='ltr'><strong>hujus</strong></span> <span class='ocrx_word' id='word_1_597' title='bbox 2711 4081 2894 4134; x_wconf 64' lang='lat' dir='ltr'><strong>laetitia</strong></span> <span class='ocrx_word' id='word_1_598' title='bbox 2935 4083 3462 4154; x_wconf 78' lang='lat' dir='ltr'><strong>manaretzputiori</strong></span> 
     </span>
    </p>
   </div>
   <div class='ocr_carea' id='block_1_82' title="bbox 212 4173 3464 4249">
    <p class='ocr_par' dir='ltr' id='par_1_82' title="bbox 212 4173 3464 4249">
     <span class='ocr_line' id='line_1_82' title="bbox 212 4173 3464 4249; baseline -0.001 -16"><span class='ocrx_word' id='word_1_599' title='bbox 212 4180 545 4249; x_wconf 84' lang='lat' dir='ltr'><strong>itaquejure</strong></span> <span class='ocrx_word' id='word_1_600' title='bbox 568 4195 674 4234; x_wconf 92' lang='lat' dir='ltr'><strong>non</strong></span> <span class='ocrx_word' id='word_1_601' title='bbox 710 4180 1053 4249; x_wconf 85' lang='lat' dir='ltr'><strong>pertingebat</strong></span> <span class='ocrx_word' id='word_1_602' title='bbox 1074 4176 1143 4231; x_wconf 88' lang='lat' dir='ltr'><strong>ad</strong></span> <span class='ocrx_word' id='word_1_603' title='bbox 1187 4192 1439 4247; x_wconf 76' lang='lat' dir='ltr'><strong>Superos.</strong></span> <span class='ocrx_word' id='word_1_604' title='bbox 1507 4179 1642 4234; x_wconf 82' lang='lat' dir='ltr'><strong>Cum</strong></span> <span class='ocrx_word' id='word_1_605' title='bbox 1707 4182 1853 4234; x_wconf 90' lang='lat' dir='ltr'><strong>enim</strong></span> <span class='ocrx_word' id='word_1_606' title='bbox 1894 4193 1959 4231; x_wconf 92' lang='lat' dir='ltr'><strong>ea</strong></span> <span class='ocrx_word' id='word_1_607' title='bbox 2016 4191 2139 4246; x_wconf 61' lang='lat' dir='ltr'><strong>quae</strong></span> <span class='ocrx_word' id='word_1_608' title='bbox 2185 4174 2492 4244; x_wconf 83' lang='lat' dir='ltr'><strong>agebantur</strong></span> <span class='ocrx_word' id='word_1_609' title='bbox 2547 4173 2823 4243; x_wconf 88' lang='lat' dir='ltr'><strong>corporali</strong></span> <span class='ocrx_word' id='word_1_610' title='bbox 2884 4174 3096 4229; x_wconf 84' lang='lat' dir='ltr'><strong>ratione</strong></span> <span class='ocrx_word' id='word_1_611' title='bbox 3147 4185 3464 4233; x_wconf 85' lang='lat' dir='ltr'><strong>constarent</strong></span> 
     </span>
    </p>
   </div>
   <div class='ocr_carea' id='block_1_83' title="bbox 210 4267 2775 4342">
    <p class='ocr_par' dir='ltr' id='par_1_83' title="bbox 210 4267 2775 4342">
     <span class='ocr_line' id='line_1_83' title="bbox 210 4267 2775 4342; baseline -0.004 -15"><span class='ocrx_word' id='word_1_612' title='bbox 210 4274 353 4327; x_wconf 86' lang='lat' dir='ltr'><strong>nihil</strong></span> <span class='ocrx_word' id='word_1_613' title='bbox 391 4283 511 4327; x_wconf 87' lang='lat' dir='ltr'><strong>erat</strong></span> <span class='ocrx_word' id='word_1_614' title='bbox 563 4283 623 4326; x_wconf 90' lang='lat' dir='ltr'><strong>ut</strong></span> <span class='ocrx_word' id='word_1_615' title='bbox 674 4272 903 4342; x_wconf 89' lang='lat' dir='ltr'><strong>spiritus</strong></span> <span class='ocrx_word' id='word_1_616' title='bbox 965 4285 1028 4324; x_wconf 89' lang='lat' dir='ltr'><strong>ac</strong></span> <span class='ocrx_word' id='word_1_617' title='bbox 1076 4272 1273 4326; x_wconf 80' lang='lat' dir='ltr'><strong>secreti</strong></span> <span class='ocrx_word' id='word_1_618' title='bbox 1331 4288 1359 4324; x_wconf 86' lang='lat' dir='ltr'><strong>a</strong></span> <span class='ocrx_word' id='word_1_619' title='bbox 1419 4273 1646 4326; x_wconf 85' lang='lat' dir='ltr'><strong>materia</strong></span> <span class='ocrx_word' id='word_1_620' title='bbox 1685 4274 1751 4326; x_wconf 89' lang='lat' dir='ltr'><strong>ad</strong></span> <span class='ocrx_word' id='word_1_621' title='bbox 1792 4286 1912 4325; x_wconf 88' lang='lat' dir='ltr'><strong>eam</strong></span> <span class='ocrx_word' id='word_1_622' title='bbox 1968 4269 2340 4325; x_wconf 86' lang='lat' dir='ltr'><strong>celebritatem</strong></span> <span class='ocrx_word' id='word_1_623' title='bbox 2397 4267 2775 4320; x_wconf 83' lang='lat' dir='ltr'><strong>convenirent.</strong></span> 
     </span>
    </p>
   </div>
   <div class='ocr_carea' id='block_1_84' title="bbox 284 4361 1788 4434">
    <p class='ocr_par' dir='ltr' id='par_1_84' title="bbox 284 4361 1788 4434">
     <span class='ocr_line' id='line_1_84' title="bbox 284 4361 1788 4434; baseline -0.001 -17"><span class='ocrx_word' id='word_1_624' title='bbox 284 4361 394 4417; x_wconf 84' lang='grc' dir='ltr'>Ἦν</span> <span class='ocrx_word' id='word_1_625' title='bbox 442 4381 573 4418; x_wconf 89' lang='grc' dir='ltr'>ποτε</span> <span class='ocrx_word' id='word_1_626' title='bbox 630 4364 725 4417; x_wconf 76' lang='grc' dir='ltr'><strong>καὶ</strong></span> <span class='ocrx_word' id='word_1_627' title='bbox 779 4364 1036 4432; x_wconf 85' lang='grc' dir='ltr'>Ἕλλησιν</span> <span class='ocrx_word' id='word_1_628' title='bbox 1085 4364 1405 4434; x_wconf 54' lang='grc' dir='ltr'>ἑορτάζειν</span> <span class='ocrx_word' id='word_1_629' title='bbox 1462 4367 1597 4419; x_wconf 76' lang='grc' dir='ltr'><strong>ἀλλά</strong></span> <span class='ocrx_word' id='word_1_630' title='bbox 1632 4366 1686 4418; x_wconf 87' lang='grc' dir='ltr'><strong>τί</strong></span> <span class='ocrx_word' id='word_1_631' title='bbox 1726 4365 1788 4418; x_wconf 82' lang='grc' dir='ltr'>τὸ</span> 
     </span>
    </p>
   </div>
   <div class='ocr_carea' id='block_1_85' title="bbox 213 4455 1783 4526">
    <p class='ocr_par' dir='ltr' id='par_1_85' title="bbox 213 4455 1783 4526">
     <span class='ocr_line' id='line_1_85' title="bbox 213 4455 1783 4526; baseline -0.002 -14"><span class='ocrx_word' id='word_1_632' title='bbox 213 4458 499 4512; x_wconf 74' lang='grc' dir='ltr'>κάλλιπον</span> <span class='ocrx_word' id='word_1_633' title='bbox 542 4456 649 4508; x_wconf 72' lang='grc' dir='ltr'>τῶν</span> <span class='ocrx_word' id='word_1_634' title='bbox 697 4455 827 4526; x_wconf 88' lang='grc' dir='ltr'>παρ’</span> <span class='ocrx_word' id='word_1_635' title='bbox 862 4456 1045 4519; x_wconf 78' lang='grc' dir='ltr'>αὐτοῖς</span> <span class='ocrx_word' id='word_1_636' title='bbox 1080 4458 1322 4526; x_wconf 83' lang='grc' dir='ltr'>έορτῶν;</span> <span class='ocrx_word' id='word_1_637' title='bbox 1368 4458 1657 4523; x_wconf 75' lang='grc' dir='ltr'>Ἐπίδειξις</span> <span class='ocrx_word' id='word_1_638' title='bbox 1698 4460 1783 4512; x_wconf 85' lang='grc' dir='ltr'><strong>αἰ-</strong></span> 
     </span>
    </p>
   </div>
   <div class='ocr_carea' id='block_1_86' title="bbox 1966 4359 3463 4429">
    <p class='ocr_par' dir='ltr' id='par_1_86' title="bbox 1966 4359 3463 4429">
     <span class='ocr_line' id='line_1_86' title="bbox 1966 4359 3463 4429; baseline -0.001 -13"><span class='ocrx_word' id='word_1_639' title='bbox 1966 4362 2249 4417; x_wconf 85' lang='lat' dir='ltr'><strong>llahebant</strong></span> <span class='ocrx_word' id='word_1_640' title='bbox 2292 4362 2533 4429; x_wconf 88' lang='lat' dir='ltr'><strong>antiquis</strong></span> <span class='ocrx_word' id='word_1_641' title='bbox 2586 4359 2928 4429; x_wconf 79' lang='lat' dir='ltr'><strong>temporibus</strong></span> <span class='ocrx_word' id='word_1_642' title='bbox 2967 4361 3131 4414; x_wconf 89' lang='lat' dir='ltr'><strong>etiam</strong></span> <span class='ocrx_word' id='word_1_643' title='bbox 3167 4360 3339 4416; x_wconf 69' lang='lat' dir='ltr'><strong>Graeci</strong></span> <span class='ocrx_word' id='word_1_644' title='bbox 3366 4375 3463 4418; x_wconf 86' lang='lat' dir='ltr'><strong>sua</strong></span> 
     </span>
    </p>
   </div>
   <div class='ocr_carea' id='block_1_87' title="bbox 1893 4450 3459 4521">
    <p class='ocr_par' dir='ltr' id='par_1_87' title="bbox 1893 4450 3459 4521">
     <span class='ocr_line' id='line_1_87' title="bbox 1893 4450 3459 4521; baseline 0 -15"><span class='ocrx_word' id='word_1_645' title='bbox 1893 4452 2069 4518; x_wconf 80' lang='lat' dir='ltr'><strong>festa;</strong></span> <span class='ocrx_word' id='word_1_646' title='bbox 2111 4454 2205 4506; x_wconf 87' lang='lat' dir='ltr'><strong>sed</strong></span> <span class='ocrx_word' id='word_1_647' title='bbox 2249 4452 2527 4517; x_wconf 89' lang='lat' dir='ltr'><strong>quodnam</strong></span> <span class='ocrx_word' id='word_1_648' title='bbox 2576 4451 2683 4505; x_wconf 91' lang='lat' dir='ltr'><strong>illis</strong></span> <span class='ocrx_word' id='word_1_649' title='bbox 2730 4450 2995 4503; x_wconf 77' lang='lat' dir='ltr'><strong>festorum</strong></span> <span class='ocrx_word' id='word_1_650' title='bbox 3050 4452 3295 4505; x_wconf 90' lang='lat' dir='ltr'><strong>omnium</strong></span> <span class='ocrx_word' id='word_1_651' title='bbox 3345 4455 3459 4521; x_wconf 87' lang='lat' dir='ltr'><strong>pul-</strong></span> 
     </span>
    </p>
   </div>
   <div class='ocr_carea' id='block_1_88' title="bbox 215 4530 1886 4620">
    <p class='ocr_par' dir='ltr' id='par_1_88' title="bbox 215 4530 1861 4620">
     <span class='ocr_line' id='line_1_88' title="bbox 215 4530 1861 4620; baseline -0.002 -20"><span class='ocrx_word' id='word_1_652' title='bbox 215 4550 531 4618; x_wconf 77' lang='grc' dir='ltr'>σχρότητος,</span> <span class='ocrx_word' id='word_1_653' title='bbox 560 4547 653 4598; x_wconf 82' lang='grc' dir='ltr'>καὶ</span> <span class='ocrx_word' id='word_1_654' title='bbox 678 4545 756 4615; x_wconf 82' lang='grc' dir='ltr'><strong>τῷ</strong></span> <span class='ocrx_word' id='word_1_655' title='bbox 781 4546 1025 4600; x_wconf 85' lang='grc' dir='ltr'>δοκοῦντι</span> <span class='ocrx_word' id='word_1_656' title='bbox 1054 4549 1282 4618; x_wconf 80' lang='grc' dir='ltr'>φαιδρῷ,</span> <span class='ocrx_word' id='word_1_657' title='bbox 1314 4550 1407 4601; x_wconf 88' lang='grc' dir='ltr'><strong>τοῦ</strong></span> <span class='ocrx_word' id='word_1_658' title='bbox 1427 4550 1525 4619; x_wconf 83' lang='grc' dir='ltr'>τῆς</span> <span class='ocrx_word' id='word_1_659' title='bbox 1554 4550 1781 4620; x_wconf 74' lang='grc' dir='ltr'>γνώμης</span> <span class='ocrx_word' id='word_1_660' title='bbox 1810 4530 1861 4591; x_wconf 81' lang='lat' dir='ltr'><strong>D</strong></span> 
     </span>
    </p>
   </div>
   <div class='ocr_carea' id='block_1_89' title="bbox 1785 4530 3456 4620">
    <p class='ocr_par' dir='ltr' id='par_1_89' title="bbox 1810 4530 3456 4609">
     <span class='ocr_line' id='line_1_89' title="bbox 1810 4530 3456 4609; baseline -0.002 -10"><span class='ocrx_word' id='word_1_661' title='bbox 1810 4530 1861 4591; x_wconf 80' lang='lat' dir='ltr'><strong>D</strong></span> <span class='ocrx_word' id='word_1_662' title='bbox 1887 4543 2215 4599; x_wconf 88' lang='lat' dir='ltr'><strong>cherrimum</strong></span> <span class='ocrx_word' id='word_1_663' title='bbox 2241 4542 2263 4595; x_wconf 87' lang='lat'><strong>?</strong></span> <span class='ocrx_word' id='word_1_664' title='bbox 2292 4539 2425 4595; x_wconf 83' lang='lat' dir='ltr'><strong>illud</strong></span> <span class='ocrx_word' id='word_1_665' title='bbox 2454 4540 2707 4594; x_wconf 86' lang='lat' dir='ltr'><strong>videlicet</strong></span> <span class='ocrx_word' id='word_1_666' title='bbox 2729 4540 2874 4607; x_wconf 89' lang='lat' dir='ltr'><strong>quod</strong></span> <span class='ocrx_word' id='word_1_667' title='bbox 2897 4540 3075 4594; x_wconf 91' lang='lat' dir='ltr'><strong>omnis</strong></span> <span class='ocrx_word' id='word_1_668' title='bbox 3099 4541 3456 4609; x_wconf 88' lang='lat' dir='ltr'><strong>turpitudinis</strong></span> 
     </span>
    </p>
   </div>
   <div class='ocr_carea' id='block_1_90' title="bbox 214 4637 1785 4710">
    <p class='ocr_par' dir='ltr' id='par_1_90' title="bbox 214 4637 1785 4710">
     <span class='ocr_line' id='line_1_90' title="bbox 214 4637 1785 4710; baseline 0.004 -20"><span class='ocrx_word' id='word_1_669' title='bbox 214 4640 443 4708; x_wconf 68' lang='grc' dir='ltr'>ἀνοήτου</span> <span class='ocrx_word' id='word_1_670' title='bbox 474 4637 843 4706; x_wconf 84' lang='grc' dir='ltr'>δημοσίευσις.</span> <span class='ocrx_word' id='word_1_671' title='bbox 905 4639 1061 4701; x_wconf 81' lang='grc' dir='ltr'>Τίνος</span> <span class='ocrx_word' id='word_1_672' title='bbox 1091 4641 1199 4710; x_wconf 76' lang='grc' dir='ltr'>γάρ</span> <span class='ocrx_word' id='word_1_673' title='bbox 1253 4640 1496 4708; x_wconf 77' lang='grc' dir='ltr'>αἴσχους,</span> <span class='ocrx_word' id='word_1_674' title='bbox 1544 4640 1577 4710; x_wconf 86' lang='grc' dir='ltr'>ἢ</span> <span class='ocrx_word' id='word_1_675' title='bbox 1625 4643 1785 4704; x_wconf 80' lang='grc' dir='ltr'>ποίας</span> 
     </span>
    </p>
   </div>
   <div class='ocr_carea' id='block_1_91' title="bbox 214 4726 1784 4797">
    <p class='ocr_par' dir='ltr' id='par_1_91' title="bbox 214 4726 1784 4797">
     <span class='ocr_line' id='line_1_91' title="bbox 214 4726 1784 4797; baseline 0.003 -17"><span class='ocrx_word' id='word_1_676' title='bbox 214 4730 399 4789; x_wconf 82' lang='grc' dir='ltr'>ἀνοίας</span> <span class='ocrx_word' id='word_1_677' title='bbox 456 4726 760 4796; x_wconf 75' lang='grc' dir='ltr'>ὑπερϐολῆς</span> <span class='ocrx_word' id='word_1_678' title='bbox 800 4726 1017 4779; x_wconf 78' lang='grc' dir='ltr'>ἔλαττον</span> <span class='ocrx_word' id='word_1_679' title='bbox 1055 4729 1186 4797; x_wconf 80' lang='grc' dir='ltr'>ἔχει,</span> <span class='ocrx_word' id='word_1_680' title='bbox 1239 4732 1266 4781; x_wconf 91' lang='grc' dir='ltr'>ὁ</span> <span class='ocrx_word' id='word_1_681' title='bbox 1330 4730 1438 4782; x_wconf 82' lang='grc' dir='ltr'><strong>τῶν</strong></span> <span class='ocrx_word' id='word_1_682' title='bbox 1487 4730 1654 4791; x_wconf 77' lang='grc' dir='ltr'>θεῶν,</span> <span class='ocrx_word' id='word_1_683' title='bbox 1710 4732 1784 4793; x_wconf 85' lang='grc' dir='ltr'>ὡς</span> 
     </span>
    </p>
   </div>
   <div class='ocr_carea' id='block_1_92' title="bbox 212 4817 1785 4889">
    <p class='ocr_par' dir='ltr' id='par_1_92' title="bbox 212 4817 1785 4889">
     <span class='ocr_line' id='line_1_92' title="bbox 212 4817 1785 4889; baseline 0.001 -15"><span class='ocrx_word' id='word_1_684' title='bbox 212 4820 370 4874; x_wconf 84' lang='grc' dir='ltr'>αὐτοί</span> <span class='ocrx_word' id='word_1_685' title='bbox 404 4835 588 4885; x_wconf 75' lang='grc' dir='ltr'>φασιν,</span> <span class='ocrx_word' id='word_1_686' title='bbox 624 4817 849 4883; x_wconf 77' lang='grc' dir='ltr'>ὕπατος,</span> <span class='ocrx_word' id='word_1_687' title='bbox 876 4820 1074 4889; x_wconf 77' lang='grc' dir='ltr'>ταῦρος</span> <span class='ocrx_word' id='word_1_688' title='bbox 1107 4822 1411 4889; x_wconf 75' lang='grc' dir='ltr'>γινόμενος,</span> <span class='ocrx_word' id='word_1_689' title='bbox 1435 4826 1527 4877; x_wconf 83' lang='grc' dir='ltr'><strong>καί</strong></span> <span class='ocrx_word' id='word_1_690' title='bbox 1554 4826 1622 4875; x_wconf 65' lang='grc' dir='ltr'><strong>τά</strong></span> <span class='ocrx_word' id='word_1_691' title='bbox 1668 4841 1785 4876; x_wconf 81' lang='grc' dir='ltr'>παι-</span> 
     </span>
    </p>
   </div>
   <div class='ocr_carea' id='block_1_93' title="bbox 208 4906 1785 4981">
    <p class='ocr_par' dir='ltr' id='par_1_93' title="bbox 208 4906 1785 4981">
     <span class='ocr_line' id='line_1_93' title="bbox 208 4906 1785 4981; baseline -0.001 -16"><span class='ocrx_word' id='word_1_692' title='bbox 208 4912 337 4966; x_wconf 83' lang='grc' dir='ltr'><strong>δικά</strong></span> <span class='ocrx_word' id='word_1_693' title='bbox 363 4910 547 4977; x_wconf 81' lang='grc' dir='ltr'>φέρων</span> <span class='ocrx_word' id='word_1_694' title='bbox 580 4910 671 4960; x_wconf 73' lang='grc' dir='ltr'><strong>ἐπὶ</strong></span> <span class='ocrx_word' id='word_1_695' title='bbox 694 4906 887 4970; x_wconf 84' lang='grc' dir='ltr'>νώτου,</span> <span class='ocrx_word' id='word_1_696' title='bbox 925 4916 1021 4962; x_wconf 83' lang='grc' dir='ltr'>καὶ</span> <span class='ocrx_word' id='word_1_697' title='bbox 1068 4911 1279 4978; x_wconf 77' lang='grc' dir='ltr'>τέμνων</span> <span class='ocrx_word' id='word_1_698' title='bbox 1313 4913 1538 4981; x_wconf 83' lang='grc' dir='ltr'>πορείαν</span> <span class='ocrx_word' id='word_1_699' title='bbox 1567 4912 1737 4981; x_wconf 80' lang='grc' dir='ltr'>ὑγράν</span> <span class='ocrx_word' id='word_1_700' title='bbox 1758 4914 1785 4964; x_wconf 90' lang='grc' dir='ltr'>ὀ</span> 
     </span>
    </p>
   </div>
   <div class='ocr_carea' id='block_1_94' title="bbox 210 5000 1784 5075">
    <p class='ocr_par' dir='ltr' id='par_1_94' title="bbox 210 5000 1784 5075">
     <span class='ocr_line' id='line_1_94' title="bbox 210 5000 1784 5075; baseline -0.001 -18"><span class='ocrx_word' id='word_1_701' title='bbox 210 5005 508 5071; x_wconf 77' lang='grc' dir='ltr'>θεὸταυρος</span> <span class='ocrx_word' id='word_1_702' title='bbox 534 5040 549 5063; x_wconf 93' lang='grc'><strong>,</strong></span> <span class='ocrx_word' id='word_1_703' title='bbox 604 5000 888 5070; x_wconf 84' lang='grc' dir='ltr'>μυκήματι</span> <span class='ocrx_word' id='word_1_704' title='bbox 914 5001 1108 5070; x_wconf 78' lang='grc' dir='ltr'>ἁπαλῷ</span> <span class='ocrx_word' id='word_1_705' title='bbox 1142 5001 1411 5065; x_wconf 78' lang='grc' dir='ltr'>δελεάζων</span> <span class='ocrx_word' id='word_1_706' title='bbox 1444 5004 1541 5075; x_wconf 76' lang='grc' dir='ltr'><strong>τὴν</strong></span> <span class='ocrx_word' id='word_1_707' title='bbox 1580 5004 1784 5073; x_wconf 72' lang='grc' dir='ltr'>Κόρην,</span> 
     </span>
    </p>
   </div>
   <div class='ocr_carea' id='block_1_95' title="bbox 208 5092 1785 5166">
    <p class='ocr_par' dir='ltr' id='par_1_95' title="bbox 208 5092 1785 5166">
     <span class='ocr_line' id='line_1_95' title="bbox 208 5092 1785 5166; baseline 0 -17"><span class='ocrx_word' id='word_1_708' title='bbox 208 5096 309 5152; x_wconf 80' lang='grc' dir='ltr'><strong>καὶ</strong></span> <span class='ocrx_word' id='word_1_709' title='bbox 334 5096 537 5147; x_wconf 77' lang='grc' dir='ltr'>πείθων</span> <span class='ocrx_word' id='word_1_710' title='bbox 554 5092 871 5145; x_wconf 75' lang='grc' dir='ltr'>ἀναϐαίνειν</span> <span class='ocrx_word' id='word_1_711' title='bbox 920 5093 995 5155; x_wconf 86' lang='grc' dir='ltr'><strong>ὡς</strong></span> <span class='ocrx_word' id='word_1_712' title='bbox 1022 5096 1079 5145; x_wconf 79' lang='grc' dir='ltr'>ἐν</span> <span class='ocrx_word' id='word_1_713' title='bbox 1129 5095 1364 5164; x_wconf 84' lang='grc' dir='ltr'>ὀχήματι</span> <span class='ocrx_word' id='word_1_714' title='bbox 1395 5112 1406 5123; x_wconf 94' lang='grc'><strong>·</strong></span> <span class='ocrx_word' id='word_1_715' title='bbox 1434 5096 1467 5166; x_wconf 85' lang='grc' dir='ltr'>ἦ</span> <span class='ocrx_word' id='word_1_716' title='bbox 1500 5098 1785 5165; x_wconf 77' lang='grc' dir='ltr'>μειρακίου</span> 
     </span>
    </p>
   </div>
   <div class='ocr_carea' id='block_1_96' title="bbox 208 5185 1789 5257">
    <p class='ocr_par' dir='ltr' id='par_1_96' title="bbox 208 5185 1789 5257">
     <span class='ocr_line' id='line_1_96' title="bbox 208 5185 1789 5257; baseline -0.001 -15"><span class='ocrx_word' id='word_1_717' title='bbox 208 5191 458 5257; x_wconf 80' lang='grc' dir='ltr'>δύσερως</span> <span class='ocrx_word' id='word_1_718' title='bbox 487 5186 628 5256; x_wconf 76' lang='grc' dir='ltr'>ἔρως</span> <span class='ocrx_word' id='word_1_719' title='bbox 658 5185 1055 5254; x_wconf 84' lang='grc' dir='ltr'>ὀρνιδεικνύων,</span> <span class='ocrx_word' id='word_1_720' title='bbox 1094 5186 1161 5239; x_wconf 83' lang='grc' dir='ltr'><strong>ἶν’</strong></span> <span class='ocrx_word' id='word_1_721' title='bbox 1197 5185 1369 5249; x_wconf 76' lang='grc' dir='ltr'>οὕτως</span> <span class='ocrx_word' id='word_1_722' title='bbox 1395 5187 1725 5256; x_wconf 68' lang='grc' dir='ltr'>ἀναληφθεὶς</span> <span class='ocrx_word' id='word_1_723' title='bbox 1761 5190 1789 5240; x_wconf 90' lang='grc' dir='ltr'>ὁ</span> 
     </span>
    </p>
   </div>
   <div class='ocr_carea' id='block_1_97' title="bbox 210 5277 1787 5351">
    <p class='ocr_par' dir='ltr' id='par_1_97' title="bbox 210 5277 1787 5351">
     <span class='ocr_line' id='line_1_97' title="bbox 210 5277 1787 5351; baseline -0.001 -18"><span class='ocrx_word' id='word_1_724' title='bbox 210 5279 536 5349; x_wconf 75' lang='grc' dir='ltr'>Γανυμήδης</span> <span class='ocrx_word' id='word_1_725' title='bbox 570 5278 630 5329; x_wconf 77' lang='grc' dir='ltr'>τὸ</span> <span class='ocrx_word' id='word_1_726' title='bbox 660 5277 864 5345; x_wconf 81' lang='grc' dir='ltr'>νέκταρ</span> <span class='ocrx_word' id='word_1_727' title='bbox 893 5277 1194 5347; x_wconf 81' lang='grc' dir='ltr'>οἱνοχοήσοι</span> <span class='ocrx_word' id='word_1_728' title='bbox 1232 5278 1379 5347; x_wconf 77' lang='grc' dir='ltr'>αὑτῴ</span> <span class='ocrx_word' id='word_1_729' title='bbox 1406 5296 1419 5309; x_wconf 93' lang='grc'><strong>·</strong></span> <span class='ocrx_word' id='word_1_730' title='bbox 1514 5280 1787 5346; x_wconf 80' lang='grc' dir='ltr'>γυναικῶν</span> 
     </span>
    </p>
   </div>
   <div class='ocr_carea' id='block_1_98' title="bbox 210 5368 1787 5442">
    <p class='ocr_par' dir='ltr' id='par_1_98' title="bbox 210 5368 1787 5442">
     <span class='ocr_line' id='line_1_98' title="bbox 210 5368 1787 5442; baseline -0.004 -14"><span class='ocrx_word' id='word_1_731' title='bbox 210 5374 451 5442; x_wconf 81' lang='grc' dir='ltr'>ἀσελγὴς</span> <span class='ocrx_word' id='word_1_732' title='bbox 476 5372 637 5441; x_wconf 72' lang='grc' dir='ltr'>ἔρως,</span> <span class='ocrx_word' id='word_1_733' title='bbox 663 5368 758 5424; x_wconf 88' lang='grc' dir='ltr'><strong>νῦν</strong></span> <span class='ocrx_word' id='word_1_734' title='bbox 786 5372 884 5439; x_wconf 81' lang='grc' dir='ltr'><strong>μὲν</strong></span> <span class='ocrx_word' id='word_1_735' title='bbox 920 5372 999 5432; x_wconf 87' lang='grc' dir='ltr'><strong>είς</strong></span> <span class='ocrx_word' id='word_1_736' title='bbox 1017 5370 1213 5440; x_wconf 86' lang='grc' dir='ltr'>χρυσὸν</span> <span class='ocrx_word' id='word_1_737' title='bbox 1231 5370 1392 5423; x_wconf 80' lang='grc' dir='ltr'>αὐτὸν</span> <span class='ocrx_word' id='word_1_738' title='bbox 1418 5371 1787 5441; x_wconf 83' lang='grc' dir='ltr'>μεταμείόων,</span> 
     </span>
    </p>
   </div>
   <div class='ocr_carea' id='block_1_99' title="bbox 211 5462 1786 5533">
    <p class='ocr_par' dir='ltr' id='par_1_99' title="bbox 211 5462 1786 5533">
     <span class='ocr_line' id='line_1_99' title="bbox 211 5462 1786 5533; baseline -0.003 -13"><span class='ocrx_word' id='word_1_739' title='bbox 211 5469 309 5521; x_wconf 79' lang='grc' dir='ltr'>καὶ</span> <span class='ocrx_word' id='word_1_740' title='bbox 353 5465 449 5518; x_wconf 87' lang='grc' dir='ltr'><strong>τὸν</strong></span> <span class='ocrx_word' id='word_1_741' title='bbox 502 5464 706 5526; x_wconf 82' lang='grc' dir='ltr'>πάντας</span> <span class='ocrx_word' id='word_1_742' title='bbox 762 5462 1009 5517; x_wconf 81' lang='grc' dir='ltr'>ἀνέλκειν</span> <span class='ocrx_word' id='word_1_743' title='bbox 1054 5463 1209 5526; x_wconf 84' lang='grc' dir='ltr'>θεοὺς</span> <span class='ocrx_word' id='word_1_744' title='bbox 1243 5462 1572 5518; x_wconf 76' lang='grc' dir='ltr'>ἀπειλοῦντα</span> <span class='ocrx_word' id='word_1_745' title='bbox 1602 5466 1786 5533; x_wconf 81' lang='grc' dir='ltr'>σειρᾷ,</span> 
     </span>
    </p>
   </div>
   <div class='ocr_carea' id='block_1_100' title="bbox 297 5598 1410 5670">
    <p class='ocr_par' dir='ltr' id='par_1_100' title="bbox 297 5598 1410 5670">
     <span class='ocr_line' id='line_1_100' title="bbox 297 5598 1410 5670; baseline -0.001 -16"><span class='ocrx_word' id='word_1_746' title='bbox 297 5604 348 5635; x_wconf 78' lang='grc'><strong>⁷⁸</strong></span> <span class='ocrx_word' id='word_1_747' title='bbox 393 5600 541 5655; x_wconf 85' lang='lat' dir='ltr'><strong>Psal.</strong></span> <span class='ocrx_word' id='word_1_748' title='bbox 588 5615 711 5663; x_wconf 70' lang='grc' dir='ltr'><strong>ων,</strong></span> <span class='ocrx_word' id='word_1_749' title='bbox 759 5600 808 5653; x_wconf 78' lang='grc' dir='ltr'><strong>Ι.</strong></span> <span class='ocrx_word' id='word_1_750' title='bbox 890 5601 932 5629; x_wconf 89' lang='grc'><strong>⁷⁷</strong></span> <span class='ocrx_word' id='word_1_751' title='bbox 964 5598 1164 5670; x_wconf 86' lang='lat' dir='ltr'><strong>Ephes.</strong></span> <span class='ocrx_word' id='word_1_752' title='bbox 1211 5617 1272 5663; x_wconf 89' lang='grc' dir='ltr'><strong>ιι,</strong></span> <span class='ocrx_word' id='word_1_753' title='bbox 1328 5598 1410 5653; x_wconf 84' lang='lat' dir='ltr'><strong>l6.</strong></span> 
     </span>
    </p>
   </div>
   <div class='ocr_carea' id='block_1_101' title="bbox 1890 4630 3457 4705">
    <p class='ocr_par' dir='ltr' id='par_1_101' title="bbox 1890 4630 3457 4705">
     <span class='ocr_line' id='line_1_101' title="bbox 1890 4630 3457 4705; baseline -0.003 -15"><span class='ocrx_word' id='word_1_754' title='bbox 1890 4643 2270 4705; x_wconf 79' lang='lat' dir='ltr'><strong>argumentum</strong></span> <span class='ocrx_word' id='word_1_755' title='bbox 2303 4641 2456 4696; x_wconf 86' lang='lat' dir='ltr'><strong>erat;</strong></span> <span class='ocrx_word' id='word_1_756' title='bbox 2488 4642 2542 4687; x_wconf 90' lang='lat' dir='ltr'><strong>et</strong></span> <span class='ocrx_word' id='word_1_757' title='bbox 2578 4633 2680 4685; x_wconf 91' lang='lat' dir='ltr'><strong>hoc</strong></span> <span class='ocrx_word' id='word_1_758' title='bbox 2725 4638 2864 4700; x_wconf 85' lang='lat' dir='ltr'><strong>ipso,</strong></span> <span class='ocrx_word' id='word_1_759' title='bbox 2917 4630 3063 4699; x_wconf 84' lang='lat' dir='ltr'><strong>quod</strong></span> <span class='ocrx_word' id='word_1_760' title='bbox 3114 4633 3457 4698; x_wconf 88' lang='lat' dir='ltr'><strong>splendidum</strong></span> 
     </span>
    </p>
   </div>
   <div class='ocr_carea' id='block_1_102' title="bbox 1890 4722 3460 4796">
    <p class='ocr_par' dir='ltr' id='par_1_102' title="bbox 1890 4722 3460 4796">
     <span class='ocr_line' id='line_1_102' title="bbox 1890 4722 3460 4796; baseline -0.003 -16"><span class='ocrx_word' id='word_1_761' title='bbox 1890 4726 2348 4796; x_wconf 79' lang='lat' dir='ltr'><strong>magniﬁcumque</strong></span> <span class='ocrx_word' id='word_1_762' title='bbox 2379 4724 2686 4785; x_wconf 86' lang='lat' dir='ltr'><strong>videbatur,</strong></span> <span class='ocrx_word' id='word_1_763' title='bbox 2723 4723 2857 4775; x_wconf 87' lang='lat' dir='ltr'><strong>nihil</strong></span> <span class='ocrx_word' id='word_1_764' title='bbox 2882 4722 3029 4775; x_wconf 87' lang='lat' dir='ltr'><strong>aliud</strong></span> <span class='ocrx_word' id='word_1_765' title='bbox 3059 4722 3163 4776; x_wconf 81' lang='lat' dir='ltr'><strong>nisi</strong></span> <span class='ocrx_word' id='word_1_766' title='bbox 3194 4738 3460 4777; x_wconf 87' lang='lat' dir='ltr'><strong>smnmam</strong></span> 
     </span>
    </p>
   </div>
   <div class='ocr_carea' id='block_1_103' title="bbox 1887 4813 3462 4886">
    <p class='ocr_par' dir='ltr' id='par_1_103' title="bbox 1887 4813 3462 4886">
     <span class='ocr_line' id='line_1_103' title="bbox 1887 4813 3462 4886; baseline -0.004 -14"><span class='ocrx_word' id='word_1_767' title='bbox 1887 4818 2055 4873; x_wconf 91' lang='lat' dir='ltr'><strong>animi</strong></span> <span class='ocrx_word' id='word_1_768' title='bbox 2081 4818 2450 4886; x_wconf 84' lang='lat' dir='ltr'><strong>insipientiam</strong></span> <span class='ocrx_word' id='word_1_769' title='bbox 2483 4825 2536 4870; x_wconf 90' lang='lat' dir='ltr'><strong>et</strong></span> <span class='ocrx_word' id='word_1_770' title='bbox 2567 4815 2918 4868; x_wconf 83' lang='lat' dir='ltr'><strong>stoliditatem</strong></span> <span class='ocrx_word' id='word_1_771' title='bbox 2973 4813 3273 4869; x_wconf 85' lang='lat' dir='ltr'><strong>testabatur</strong></span> <span class='ocrx_word' id='word_1_772' title='bbox 3302 4854 3317 4869; x_wconf 94' lang='lat'><strong>.</strong></span> <span class='ocrx_word' id='word_1_773' title='bbox 3345 4815 3462 4880; x_wconf 83' lang='lat' dir='ltr'><strong>Qua</strong></span> 
     </span>
    </p>
   </div>
   <div class='ocr_carea' id='block_1_104' title="bbox 1890 4900 3460 4977">
    <p class='ocr_par' dir='ltr' id='par_1_104' title="bbox 1890 4900 3460 4977">
     <span class='ocr_line' id='line_1_104' title="bbox 1890 4900 3460 4977; baseline -0.006 -11"><span class='ocrx_word' id='word_1_774' title='bbox 1890 4915 2033 4965; x_wconf 89' lang='lat' dir='ltr'><strong>enim</strong></span> <span class='ocrx_word' id='word_1_775' title='bbox 2069 4910 2427 4977; x_wconf 88' lang='lat' dir='ltr'><strong>turpitudine,</strong></span> <span class='ocrx_word' id='word_1_776' title='bbox 2458 4915 2512 4962; x_wconf 88' lang='lat' dir='ltr'><strong>et</strong></span> <span class='ocrx_word' id='word_1_777' title='bbox 2549 4922 2679 4975; x_wconf 90' lang='lat' dir='ltr'><strong>qua,</strong></span> <span class='ocrx_word' id='word_1_778' title='bbox 2711 4905 3065 4974; x_wconf 90' lang='lat' dir='ltr'><strong>quantumvis</strong></span> <span class='ocrx_word' id='word_1_779' title='bbox 3099 4905 3297 4975; x_wconf 76' lang='lat' dir='ltr'><strong>insigni</strong></span> <span class='ocrx_word' id='word_1_780' title='bbox 3327 4900 3460 4959; x_wconf 82' lang='lat' dir='ltr'><strong>stul-</strong></span> 
     </span>
    </p>
   </div>
   <div class='ocr_carea' id='block_1_105' title="bbox 1893 4996 3461 5063">
    <p class='ocr_par' dir='ltr' id='par_1_105' title="bbox 1893 4996 3461 5063">
     <span class='ocr_line' id='line_1_105' title="bbox 1893 4996 3461 5063; baseline -0.006 -7"><span class='ocrx_word' id='word_1_781' title='bbox 1893 5004 2036 5063; x_wconf 82' lang='lat' dir='ltr'><strong>tilia,</strong></span> <span class='ocrx_word' id='word_1_782' title='bbox 2085 5003 2266 5054; x_wconf 86' lang='lat' dir='ltr'><strong>minor</strong></span> <span class='ocrx_word' id='word_1_783' title='bbox 2306 5000 2515 5053; x_wconf 87' lang='lat' dir='ltr'><strong>censeri</strong></span> <span class='ocrx_word' id='word_1_784' title='bbox 2564 4998 2725 5050; x_wconf 89' lang='lat' dir='ltr'><strong>debet</strong></span> <span class='ocrx_word' id='word_1_785' title='bbox 2758 4997 2872 5060; x_wconf 85' lang='lat' dir='ltr'><strong>illa,</strong></span> <span class='ocrx_word' id='word_1_786' title='bbox 2922 5004 2983 5049; x_wconf 92' lang='lat' dir='ltr'><strong>ut</strong></span> <span class='ocrx_word' id='word_1_787' title='bbox 3027 4996 3213 5049; x_wconf 89' lang='lat' dir='ltr'><strong>divum</strong></span> <span class='ocrx_word' id='word_1_788' title='bbox 3263 5010 3377 5058; x_wconf 82' lang='lat' dir='ltr'><strong>rex,</strong></span> <span class='ocrx_word' id='word_1_789' title='bbox 3413 5004 3461 5047; x_wconf 84' lang='lat' dir='ltr'><strong>ct</strong></span> 
     </span>
    </p>
   </div>
   <div class='ocr_carea' id='block_1_106' title="bbox 1904 5092 3458 5165">
    <p class='ocr_par' dir='ltr' id='par_1_106' title="bbox 1904 5092 3458 5165">
     <span class='ocr_line' id='line_1_106' title="bbox 1904 5092 3458 5165; baseline -0.006 -15"><span class='ocrx_word' id='word_1_790' title='bbox 1904 5096 2204 5165; x_wconf 84' lang='lat' dir='ltr'><strong>loquuntur</strong></span> <span class='ocrx_word' id='word_1_791' title='bbox 2228 5094 2350 5161; x_wconf 82' lang='lat' dir='ltr'><strong>ipsi,</strong></span> <span class='ocrx_word' id='word_1_792' title='bbox 2379 5092 2432 5144; x_wconf 93' lang='lat' dir='ltr'><strong>in</strong></span> <span class='ocrx_word' id='word_1_793' title='bbox 2452 5100 2667 5143; x_wconf 85' lang='lat' dir='ltr'><strong>taurum</strong></span> <span class='ocrx_word' id='word_1_794' title='bbox 2703 5097 2970 5151; x_wconf 85' lang='lat' dir='ltr'><strong>mutetur;</strong></span> <span class='ocrx_word' id='word_1_795' title='bbox 3000 5094 3057 5140; x_wconf 87' lang='lat' dir='ltr'><strong>ut</strong></span> <span class='ocrx_word' id='word_1_796' title='bbox 3088 5102 3304 5140; x_wconf 84' lang='lat' dir='ltr'><strong>amores</strong></span> <span class='ocrx_word' id='word_1_797' title='bbox 3334 5102 3458 5141; x_wconf 77' lang='lat' dir='ltr'><strong>suos</strong></span> 
     </span>
    </p>
   </div>
   <div class='ocr_carea' id='block_1_107' title="bbox 1893 5180 3462 5252">
    <p class='ocr_par' dir='ltr' id='par_1_107' title="bbox 1893 5180 3462 5252">
     <span class='ocr_line' id='line_1_107' title="bbox 1893 5180 3462 5252; baseline -0.004 -11"><span class='ocrx_word' id='word_1_798' title='bbox 1893 5188 2057 5241; x_wconf 84' lang='lat' dir='ltr'><strong>dorso</strong></span> <span class='ocrx_word' id='word_1_799' title='bbox 2091 5185 2251 5247; x_wconf 81' lang='lat' dir='ltr'><strong>ferat,</strong></span> <span class='ocrx_word' id='word_1_800' title='bbox 2300 5184 2543 5252; x_wconf 83' lang='lat' dir='ltr'><strong>deusque</strong></span> <span class='ocrx_word' id='word_1_801' title='bbox 2599 5190 2792 5235; x_wconf 85' lang='lat' dir='ltr'><strong>taurus</strong></span> <span class='ocrx_word' id='word_1_802' title='bbox 2844 5180 3295 5232; x_wconf 70' lang='lat' dir='ltr'><strong>humidumsecet</strong></span> <span class='ocrx_word' id='word_1_803' title='bbox 3328 5180 3462 5234; x_wconf 89' lang='lat' dir='ltr'><strong>iter.</strong></span> 
     </span>
    </p>
   </div>
   <div class='ocr_carea' id='block_1_108' title="bbox 1892 5274 3460 5350">
    <p class='ocr_par' dir='ltr' id='par_1_108' title="bbox 1892 5274 3460 5350">
     <span class='ocr_line' id='line_1_108' title="bbox 1892 5274 3460 5350; baseline -0.006 -13"><span class='ocrx_word' id='word_1_804' title='bbox 1892 5282 2095 5338; x_wconf 88' lang='lat' dir='ltr'><strong>blando</strong></span> <span class='ocrx_word' id='word_1_805' title='bbox 2126 5281 2330 5350; x_wconf 87' lang='lat' dir='ltr'><strong>mugitu</strong></span> <span class='ocrx_word' id='word_1_806' title='bbox 2362 5277 2631 5346; x_wconf 77' lang='lat' dir='ltr'><strong>Europam</strong></span> <span class='ocrx_word' id='word_1_807' title='bbox 2664 5274 2989 5337; x_wconf 76' lang='lat' dir='ltr'><strong>itetnulceat,</strong></span> <span class='ocrx_word' id='word_1_808' title='bbox 3026 5274 3187 5341; x_wconf 79' lang='lat' dir='ltr'><strong>inque</strong></span> <span class='ocrx_word' id='word_1_809' title='bbox 3212 5274 3460 5339; x_wconf 85' lang='lat' dir='ltr'><strong>dorsum,</strong></span> 
     </span>
    </p>
   </div>
   <div class='ocr_carea' id='block_1_109' title="bbox 1898 5366 3445 5436">
    <p class='ocr_par' dir='ltr' id='par_1_109' title="bbox 1898 5366 3445 5436">
     <span class='ocr_line' id='line_1_109' title="bbox 1898 5366 3445 5436; baseline -0.004 -9"><span class='ocrx_word' id='word_1_810' title='bbox 1898 5375 2047 5427; x_wconf 88' lang='lat' dir='ltr'><strong>velut</strong></span> <span class='ocrx_word' id='word_1_811' title='bbox 2100 5373 2413 5428; x_wconf 90' lang='lat' dir='ltr'><strong>vehiculum</strong></span> <span class='ocrx_word' id='word_1_812' title='bbox 2454 5368 2827 5427; x_wconf 81' lang='lat' dir='ltr'><strong>conscendere</strong></span> <span class='ocrx_word' id='word_1_813' title='bbox 2848 5366 3110 5421; x_wconf 87' lang='lat' dir='ltr'><strong>inducat?</strong></span> <span class='ocrx_word' id='word_1_814' title='bbox 3139 5379 3228 5420; x_wconf 79' lang='lat' dir='ltr'><strong>aut</strong></span> <span class='ocrx_word' id='word_1_815' title='bbox 3260 5376 3317 5421; x_wconf 89' lang='lat' dir='ltr'><strong>ut</strong></span> <span class='ocrx_word' id='word_1_816' title='bbox 3350 5381 3445 5436; x_wconf 91' lang='lat' dir='ltr'><strong>per</strong></span> 
     </span>
    </p>
   </div>
   <div class='ocr_carea' id='block_1_110' title="bbox 1895 5461 3466 5533">
    <p class='ocr_par' dir='ltr' id='par_1_110' title="bbox 1895 5461 3466 5533">
     <span class='ocr_line' id='line_1_110' title="bbox 1895 5461 3466 5533; baseline -0.003 -14"><span class='ocrx_word' id='word_1_817' title='bbox 1895 5465 2011 5520; x_wconf 82' lang='lat' dir='ltr'><strong>dito</strong></span> <span class='ocrx_word' id='word_1_818' title='bbox 2055 5480 2240 5519; x_wconf 88' lang='lat' dir='ltr'><strong>amore</strong></span> <span class='ocrx_word' id='word_1_819' title='bbox 2280 5462 2514 5533; x_wconf 81' lang='lat' dir='ltr'><strong>ﬂagrans</strong></span> <span class='ocrx_word' id='word_1_820' title='bbox 2546 5462 2599 5515; x_wconf 92' lang='lat' dir='ltr'><strong>iu</strong></span> <span class='ocrx_word' id='word_1_821' title='bbox 2658 5473 2812 5513; x_wconf 83' lang='lat' dir='ltr'><strong>avem</strong></span> <span class='ocrx_word' id='word_1_822' title='bbox 2846 5472 2970 5513; x_wconf 86' lang='lat' dir='ltr'><strong>sese</strong></span> <span class='ocrx_word' id='word_1_823' title='bbox 3019 5464 3366 5522; x_wconf 83' lang='lat' dir='ltr'><strong>transmutet.</strong></span> <span class='ocrx_word' id='word_1_824' title='bbox 3405 5461 3466 5517; x_wconf 79' lang='lat' dir='ltr'><strong>ut</strong></span> 
     </span>
    </p>
   </div>
   <div class='ocr_carea' id='block_1_111' title="bbox 1566 5704 2239 5769">
    <p class='ocr_par' dir='ltr' id='par_1_111' title="bbox 1566 5704 2239 5769">
     <span class='ocr_line' id='line_1_111' title="bbox 1566 5704 2239 5769; baseline -0.003 -4"><span class='ocrx_word' id='word_1_825' title='bbox 1566 5708 1795 5769; x_wconf 60' lang='lat' dir='ltr'><strong>VABli‘E</strong></span> <span class='ocrx_word' id='word_1_826' title='bbox 1835 5704 2239 5765; x_wconf 74' lang='lat' dir='ltr'><strong>LECTIONES.</strong></span> 
     </span>
    </p>
   </div>
   <div class='ocr_carea' id='block_1_112' title="bbox 287 5813 940 5884">
    <p class='ocr_par' dir='ltr' id='par_1_112' title="bbox 287 5813 940 5884">
     <span class='ocr_line' id='line_1_112' title="bbox 287 5813 940 5884; baseline -0.005 -15"><span class='ocrx_word' id='word_1_827' title='bbox 287 5816 305 5855; x_wconf 77' lang='grc'><em>³</em></span> <span class='ocrx_word' id='word_1_828' title='bbox 345 5814 445 5869; x_wconf 83' lang='lat' dir='ltr'><strong>Ed.</strong></span> <span class='ocrx_word' id='word_1_829' title='bbox 478 5813 616 5867; x_wconf 85' lang='lat' dir='ltr'><strong>male</strong></span> <span class='ocrx_word' id='word_1_830' title='bbox 645 5813 940 5884; x_wconf 84' lang='grc' dir='ltr'>ὁσημέραι.</span> 
     </span>
    </p>
   </div>
   <div class='ocr_carea' id='block_1_113' title="bbox 534 5910 1193 5974">
    <p class='ocr_par' dir='ltr' id='par_1_113' title="bbox 534 5910 1193 5974">
     <span class='ocr_line' id='line_1_113' title="bbox 534 5910 1193 5974; baseline 0.005 -3"><span class='ocrx_word' id='word_1_831' title='bbox 534 5910 804 5972; x_wconf 76' lang='grc' dir='ltr'>Ριιτιιοί.</span> <span class='ocrx_word' id='word_1_832' title='bbox 842 5911 957 5970; x_wconf 75' lang='lat' dir='ltr'><strong>(in.</strong></span> <span class='ocrx_word' id='word_1_833' title='bbox 1015 5910 1193 5974; x_wconf 73' lang='lat' dir='ltr'><strong>CVII.</strong></span> 
     </span>
    </p>
   </div>
  </div>
