4232 6444
763 399 859 461 103

1982 393 2088 450 Liﬁt
2107 391 2251 450 Νιὸ
2281 391 2740 451 PHILOSOI’IH

3907 387 4007 451 itii

758 526 866 580 qua
903 527 961 562 se
1007 511 1127 562 inde
1161 508 1458 577 expediret,
1498 506 1838 576 suppetebat,
1868 523 1990 559 cum
2033 523 2060 558 a
2095 507 2326 560 vinculis
2355 508 2404 565 A

2355 507 2649 567 Λκώσεως
2706 505 2934 556 λαϐόντα
2980 505 3223 558 διαλῦσαι
3271 507 3369 577 τὴν
3417 508 3680 562 κάκωσιν.
3753 505 3905 558 Ἐπεὶ
3949 506 4006 558 δὲ

759 599 845 651 his
875 599 1198 651 exsolveret.
1239 595 1583 665 Quapropter
1613 593 1778 647 nimia
1819 593 2050 662 quadam
2089 593 2324 646 benevo-

757 690 939 744 lentiae
973 687 1310 741 abundantia
1361 689 1479 757 ipse
1513 702 1574 740 se
1622 699 1955 754 exsuperare
2001 685 2194 742 voluit.
2235 685 2321 738 ld-

759 781 910 834 circo
939 780 1130 834 statuit
1168 779 1440 848 perditum
1475 779 1528 831 in
1558 778 1864 832 libertatem
1903 792 2175 842 asserere,
2211 793 2318 830 nun

762 874 879 926 sine
924 871 1190 926 molestiis
1240 870 1406 942 (quod
1439 871 1642 924 volenti
1685 870 1845 924 facile
1871 879 2017 934 erat;
2055 885 2178 924 nam
2209 887 2327 921 mn-

764 966 852 1018 uia
883 963 1086 1020 cedunt
1141 963 1306 1028 Deo),
1350 963 1444 1017 sed
1499 964 1574 1016 ita
1629 974 1689 1016 ιιι
1737 964 2171 1019 conversationis
2206 979 2326 1016 cum

759 1056 870 1109 reis
923 1057 1237 1110 societatem
1272 1055 1455 1118 iniret,
1510 1055 1700 1126 sicque
1737 1055 1852 1124 ipse
1885 1055 2230 1109 incommoda
2269 1069 2330 1109 ac

761 1150 1013 1204 miserias
1063 1155 1343 1217 expertus,
1397 1149 1675 1202 miseriam
1730 1162 1946 1200 onmem
1981 1147 2326 1202 dissolveret.

757 1239 1026 1296 Caeterum
1060 1253 1184 1292 cum
1221 1237 1272 1290 id
1308 1236 1468 1290 aliter
1501 1236 1748 1305 praestari
1788 1251 1896 1290 non
1931 1247 2135 1306 posset,
2168 1253 2328 1306 quam

762 1339 819 1384 ut
869 1332 937 1392 is,
969 1329 1061 1398 qui
1112 1343 1198 1382 me
1233 1329 1484 1392 tinxerat,
1519 1342 1695 1380 meum
1731 1330 1849 1400 ipse
1893 1328 2206 1399 ﬁgmentum
2248 1329 2333 1382 in-

760 1423 978 1488 dueret;
1035 1421 1310 1492 peragitur
1361 1421 1506 1488 quod
1555 1430 1730 1475 totum
1765 1423 2107 1491 mysterium,
2141 1423 2330 1476 oceulo

761 1525 875 1568 tum
928 1529 992 1566 ac
1045 1527 1304 1565 arcanum
1356 1512 1673 1582 mysterium
1722 1523 1834 1574 est;
1887 1528 1949 1568 ac
2002 1515 2105 1568 mei
2161 1515 2336 1569 simile

761 1609 996 1676 primurn
1024 1607 1216 1676 incipit
1243 1621 1388 1666 esse,
1411 1604 1554 1673 quod
1581 1621 1606 1658 a
1635 1606 1902 1675 principio
1925 1614 2045 1660 erat
2070 1607 2333 1662 Verbum:

761 1698 1053 1768 magnique
1099 1697 1312 1751 consilii
1381 1697 1559 1751 Patris
1604 1697 1846 1767 Angelus
1877 1699 1946 1762 ⁸⁸,
1997 1700 2054 1754 in
2099 1699 2336 1755 humana

762 1791 945 1860 specie
967 1791 1116 1844 venit
1141 1805 1155 1847 :
1193 1789 1400 1843 amoris
1433 1789 1885 1858 magnitudinem,
1918 1807 2026 1862 quo
2053 1807 2155 1848 nos
2177 1794 2337 1848 Pater

761 1881 1065 1946 dilexisset,
1117 1895 1214 1948 per
1267 1880 1511 1950 seipsum
1576 1881 1848 1944 ostendit,
1905 1897 1969 1936 ac
2019 1897 2117 1938 sua
2181 1886 2334 1938 carni

758 1969 1171 2040 justiﬁeatione,
1193 1979 1252 2023 ut
1281 1985 1310 2022 a
1338 1969 1531 2026 mortis
1550 1969 1920 2025 dominatione
1941 1971 2067 2040 iusti
2098 1974 2333 2040 speciem

763 2059 1018 2123 habente,
1049 2058 1386 2124 exsolvatur,
1419 2057 1628 2111 tribuit.
1663 2057 1872 2124 Quibus
1895 2059 2042 2114 enim
2072 2061 2336 2118 adversus

2428 599 2583 651 τοῦτο
2607 596 2918 666 πραχθῆναι
2960 596 3132 660 ἄλλως
3162 599 3260 649 οὶκ
3447 597 3752 666 πλασθῆναι
3781 597 3858 667 τῷ
3889 595 4011 666 ὲμῷ

2427 691 2517 743 τὸν
2547 690 2789 759 πλάστην
2822 690 3122 760 φυράματι,
3151 692 3383 744 τελεῖται
3418 692 3481 744 τὸ
3515 693 3622 744 πᾶν
3674 692 4006 760 μυστήριον,

2429 781 2782 850 ἁποκρύπτον
2841 782 3167 850 μυστήριον·
3204 785 3298 836 καὶ
3357 781 3628 850 λαμϐάνει
3679 783 3855 854 ἀρχὴν
3887 783 4010 834 κατ’

2430 877 2530 944 ἐμὲ
2568 878 2595 928 ὀ
2621 873 2695 926 ὢν
2739 876 2796 927 ἐν
2827 877 2966 946 ἀρχῇ
3000 876 3171 944 Λόγος
3191 891 3202 904 ·
3230 875 3322 928 καὶ
3349 877 3377 928 ὁ
3400 877 3499 946 τῆς
3533 875 3774 944 μεγάλης
3809 874 4012 943 βουλῆς

2429 965 2520 1018 τοῦ
2551 965 2759 1035 Πατρδς
2794 965 3055 1033 Ἄγγελος
3099 966 3157 1016 ἐν
3189 966 3443 1036 ἡμετέμι
3472 965 3604 1018 εῖδει
3629 965 3915 1032 ἐπιφοιτᾷ,
3949 963 4013 1014 τό

2431 1077 2488 1110 τε
2546 1057 2676 1126 ὕψος
2709 1057 2811 1128 τῆς
2839 1059 3053 1128 ἀγάπης
3095 1059 3162 1127 ἣν
3201 1059 3486 1128 ἠγάπησεν
3537 1060 3687 1128 ἡμᾶς
3731 1060 3760 1110 ὁ
3817 1057 4012 1126 Πατὴρ

2431 1151 2496 1203 δι’
2549 1149 2742 1203 ἑαυτοῦ
2791 1150 3090 1218 γνωρίζων,
3125 1152 3216 1201 καὶ
3268 1152 3333 1219 τῇ
3385 1152 3550 1218 σαρκὶ
3601 1149 3779 1211 διδοὺς
3820 1149 4012 1216 οίκείῳ

2433 1242 2758 1311 δικαιώματι
2796 1242 2894 1310 τῆς
2942 1243 3018 1310 τῷ
3057 1241 3272 1310 Θανάτῳ
3305 1241 3566 1309 δοκούσης
3598 1241 3819 1308 εὐλόγου
3874 1256 4012 1292 κατα

2435 1334 2569 1404 οχῆς
2602 1333 2988 1386 ἀπολελύσθαι.
3009 1329 3103 1395 Οἷς
3137 1333 3246 1402 γὰρ
3279 1334 3418 1386 κατὰ
3439 1332 3530 1386 τοῦ
3563 1332 3724 1402 μηδὲν
3756 1335 4014 1404 ἡμαρτη-

2436 1427 2589 1489 κότος
2618 1426 2832 1496 ἐπήρθη
2865 1425 2960 1496 τὴν
2987 1426 3276 1496 τυραννίδα
3297 1426 3600 1488 ἐπιϐαλεῖν,
3624 1425 3836 1488 τούτοις
3865 1425 3960 1478 καὶ
3985 1423 4013 1476 ὃ

2438 1520 2576 1572 κατά
2607 1517 2699 1570 τοῦ
2746 1520 3163 1588 ἁμαρτήσαντος
3202 1514 3269 1589 ἦν
3299 1518 3448 1588 αὐτῷ
3483 1519 3732 1572 διόλωλεν
3757 1516 4010 1586 εὔλογον·

2438 1613 2530 1664 καὶ
2549 1611 2618 1662 δι’
2641 1610 2754 1672 ἑνὸς
2777 1612 3196 1682 ἁμαρτήματος,
3218 1609 3436 1663 κατὰτὸ
3459 1611 3658 1678 λόγιον,
3685 1613 3786 1680 τὴν
3811 1627 4015 1679 τυραν-

2439 1701 2557 1754 νίδα
2589 1702 2932 1772 πηξάμενος,
2966 1701 3036 1754 δι’
3081 1702 3200 1765 ἑνὸς
3251 1701 3579 1758 καταλύεται
3621 1704 4016 1773 δικαιώματος.

2441 1793 2655 1864 Οἰηθεὶς
2685 1795 2791 1865 γὰρ
2822 1793 2899 1864 τῷ
2928 1793 3024 1848 τοῦ
3065 1796 3448 1866 ἡμαρτηκότος
3489 1795 3659 1865 Ἀδάμ
3683 1795 4014 1864 ὁμοιώματι,

2436 1880 2527 1933 τὸν
2551 1882 2822 1950 ἁμαρτίαν
2858 1885 2934 1954 μὴ
2974 1885 3171 1952 γνόντα
3218 1887 3592 1956 κατασχήσειν
3625 1886 3820 1955 Ἀδὰμ,
3855 1884 4016 1938 ἔλαθε

2439 1969 2514 2040 τῷ
2539 1971 2840 2046 καθαιρέτῃ
2866 1974 2964 2045 τῆς
2998 1974 3351 2045 πολυχρονίου
3383 1977 3698 2048 τυραννίδος
3739 1993 4016 2046 ποοσομιο

2439 2065 2503 2135 λή
2512 2082 2628 2128 σας.

761 2167 909 2210 eum.
947 2151 1041 2220 qui
1095 2150 1231 2205 nihil
1279 2149 1485 2220 piaculi
1539 2151 1591 2204 in
1633 2165 1692 2206 se
1745 2161 2047 2222 receperat,
2096 2169 2209 2209 suae
2260 2156 2367 2210 vim
2429 2157 2734 2228 tyrannidis
2791 2161 3066 2230 explicare
3147 2161 3510 2234 praesumpsit,
3561 2176 3628 2217 us
3682 2159 3870 2228 etiam,
3909 2177 4020 2230 quo

763 2251 1030 2306 adversus
1057 2251 1482 2319 peccatumjure
1517 2247 1653 2302 fulta
1678 2257 1817 2313 erat,
1849 2249 2033 2305 amisit
2065 2275 2079 2305 ι
2139 2265 2203 2306 ac
2265 2267 2386 2308 cum
2421 2269 2520 2324 per
2567 2270 2732 2310 unum
2769 2265 3075 2328 peccatum,
3105 2267 3242 2314 teste
3279 2258 3560 2329 Scriptura
3592 2259 3660 2322 εί,
3727 2258 4018 2328 imperium

765 2361 922 2400 suum
969 2343 1260 2406 ﬁrmasset,
1305 2342 1444 2396 idem
1507 2359 1603 2412 per
1661 2359 1823 2398 unam
1867 2345 2317 2416 justilicationem
2358 2362 2422 2404 ac
2475 2352 2730 2408 meritum
2775 2356 3181 2424 pessumdatum
3229 2364 3332 2411 cst.
3384 2355 3518 2411 Cum
3555 2356 3699 2411 enim
3736 2371 3906 2418 mors,
3949 2357 4020 2410 ad

766 2436 885 2504 eius
938 2433 1154 2488 modum
1201 2433 1414 2498 Adami,
1471 2433 1562 2504 qui
1603 2443 1886 2503 peccatum
1927 2435 2243 2501 admiserat.
2292 2453 2416 2494 eum
2461 2457 2522 2497 se
2556 2442 2825 2500 Adamum
2857 2446 2952 2516 qui
2985 2454 3268 2517 peccatum
3311 2446 3650 2510 nescivisset,
3682 2455 4022 2502 retenturam

765 2537 1031 2601 speraret,
1099 2545 1208 2583 non
1289 2529 1668 2584 animadvertit
1762 2545 1879 2586 rem
1927 2531 2032 2586 sibi
2101 2547 2224 2588 cum
2289 2550 2355 2591 eo
2406 2551 2550 2602 esse.
2584 2539 2679 2610 qui
2728 2540 3038 2596 diuturnam
3069 2541 3216 2596 illam
3263 2539 3604 2613 tyrannidem
3651 2539 4023 2610 dissipatum:

763 2633 928 2680 οεερι.

841 2715 956 2769 Hoc
1021 2715 1307 2783 praesentis
1373 2716 1548 2772 nostri
1595 2714 1720 2769 festi
1781 2724 1948 2786 caput
1999 2724 2056 2772 et
2103 2729 2338 2771 summa.

768 2804 935 2870 Deus,
986 2822 1095 2860 non
1137 2805 1409 2877 suil‘ragiis
1437 2807 1717 2861 hominum
1751 2819 1996 2875 creatus,
2027 2811 2120 2864 sed
2151 2809 2338 2864 divino

769 2900 886 2970 ipse
939 2899 1299 2969 peculiariter
1329 2900 1604 2970 gloriosus
1637 2899 1866 2971 imperio
1909 2911 2072 2972 atque
2115 2903 2333 2969 virtute,

766 2989 1144 3048 misericordia
1191 3004 1318 3060 erga
1365 2989 1618 3045 homines
1669 2999 1997 3054 commotus,
2043 2991 2334 3044 humanam

769 3091 1021 3136 naturam
1066 3082 1398 3150 assumpsit,
1443 3096 1508 3135 ac
1564 3095 1781 3136 carnem
1839 3097 1995 3137 suam
2051 3082 2104 3135 in
2161 3089 2335 3136 atram

769 3185 996 3228 mortem
1044 3173 1286 3236 tradidit,
1338 3181 1396 3225 ut
1443 3188 1541 3226 nos
1589 3174 2017 3228 iunuortalitatis
2068 3173 2190 3227 luce
2224 3173 2343 3228 col-

771 3264 1148 3318 lustraremur.
1201 3261 1384 3332 Neque
1414 3265 1556 3317 enim
1592 3263 1706 3318 fieri
1757 3272 1992 3333 poterat,
2041 3273 2101 3318 ut
2134 3265 2202 3318 ab
2228 3265 2348 3334 ipso

773 3365 1014 3410 creatum
1064 3355 1340 3409 hominem
1371 3356 1425 3408 in
1455 3355 1863 3411 calamitatibus
1901 3365 2212 3411 versantem
2249 3357 2347 3410 de-

775 3447 1052 3516 spiceret;
1103 3462 1289 3516 quem,
1331 3447 1577 3516 inquam,
1622 3463 1686 3500 ex
1739 3447 1914 3501 nihilo
1943 3447 2011 3501 ad
2055 3447 2344 3517 imaginem

773 3535 1152 3602 condidisset;
1211 3545 1335 3590 utve
1395 3535 1586 3589 morbo
1625 3551 1692 3590 ex
1726 3537 1852 3606 ligni
1903 3551 2000 3592 esu
2041 3546 2347 3605 contracto,

775 3637 1038 3697 perpetuo
1084 3628 1392 3680 excruciari
1446 3628 1680 3694 sineret;
1730 3636 1825 3682 aut
1891 3629 2125 3700 paradisi
2173 3631 2347 3684 civem

771 3718 882 3789 jugi
929 3717 1176 3772 custodia
1223 3717 1485 3771 macerari
1531 3719 1868 3786 permitteret
1901 3734 1914 3770 :
1950 3727 2005 3772 at
2037 3733 2160 3772 cum
2197 3719 2350 3772 auxi-

777 3811 851 3863 lio
873 3808 1198 3863 destitutum
1223 3809 1517 3877 aspiceret,
1546 3825 1765 3864 manum
1798 3827 1976 3874 suam,
2001 3813 2158 3880 cujus
2187 3814 2350 3868 homo

777 3916 915 3971 opus
963 3909 1127 3964 esset,
1185 3900 1509 3969 adjutricem
1555 3901 1849 3956 extendit:
1887 3902 1944 3955 fit
1989 3917 2348 3971 personarum

779 3999 1108 4060 acccptator,
1145 3991 1236 4060 qui
1269 3991 1614 4058 iustissimus
1645 4001 1730 4046 est
1759 4009 1773 4046 :
1799 3990 2191 4063 decretumque
2216 3992 2346 4046 illud

779 4081 1042 4136 adversus
1091 4097 1236 4146 citin,
1276 4081 1368 4149 qui
1413 4082 1728 4136 mandatum
1769 4084 2058 4150 violasset,
2109 4087 2350 4154 legitime

781 4174 1174 4244 conscriptum,
1211 4174 1374 4228 insita
1409 4175 1910 4242 commiseratione,
1943 4177 2090 4232 velut
2125 4195 2351 4235 munere

781 4267 1014 4336 quodam
1059 4277 1273 4335 captus,
1331 4268 1610 4322 oblitterat
1647 4277 1812 4338 atque
1881 4272 2170 4342 expuugit;
2223 4287 2350 4340 pro«

781 4360 1010 4431 priaque
1075 4367 1248 4414 morte
1295 4359 1489 4414 mortis
1533 4360 1586 4414 in
1639 4375 1740 4415 nos
1791 4360 2203 4432 impressionem
2253 4377 2349 4416 co-

2511 2717 2682 2772 Τοῦτο
2717 2719 2820 2790 τῆς
2847 2721 3004 2790 ἡμῶν
3037 2723 3400 2794 πανηγύρεως
3424 2724 3488 2777 τὸ
3528 2726 3822 2793 κεφάλαιον
3843 2742 3860 2758 ο
3885 2725 4026 2788 Θεὸς

2443 2809 2502 2860 ού
2550 2809 2750 2880 ψήφοις
2797 2813 3196 2884 χειροτονηθεὶς
3253 2815 3659 2884 ἀνθρωπίναις,
3704 2817 3819 2870 ἀλλ’
3875 2816 4027 2879 ἰδίως

2443 2899 2608 2970 θεῖκῷ
2635 2901 2988 2973 δοξαζόμενος
3015 2905 3224 2975 κράτει,
3246 2906 3314 2959 δι’
3340 2907 3494 2960 ἔλεον
3521 2908 3614 2962 τὸν
3643 2909 3781 2978 πρὸς
3809 2909 4028 2978 ἀνθρώ-

2443 3009 2576 3055 πους
2625 2993 2914 3064 γενόμενος
2967 2997 3274 3069 ἄνθρωπος,
3321 3001 3416 3052 καὶ
3469 3001 3635 3070 σαρκὶ¹
3675 3001 3757 3070 τῷ
3804 3000 4026 3070 ζοφερῴ

2443 3085 2614 3150 διδοὺς
2661 3090 3042 3158 προσεγγίζειν
3101 3091 3338 3161 θανάτῳ,
3367 3091 3435 3145 ἵν’
3461 3094 3622 3161 ἡμεῖς
3651 3091 3730 3162 τῷ
3759 3093 3900 3160 φωτὶ
3923 3093 4028 3162 τῆς

2448 3180 2744 3245 ἀθανασίας
2771 3182 3188 3254 ὲλλαμφθῶμεν.
3238 3185 3372 3239 Οὐδὲ
3425 3186 3522 3258 γὰρ
3548 3181 3615 3256 ἦν
3645 3185 3782 3254 πρὸς
3813 3185 4028 3238 ἐκείνου

2449 3272 2738 3342 γενόμενον
2787 3275 2844 3326 ἐν
2885 3275 3075 3337 κακοῖς
3107 3275 3356 3345 παριδεῖν
3375 3314 3392 3340 ,
3419 3275 3480 3330 ὃν
3505 3278 3604 3328 οὐκ
3633 3277 3763 3330 ὄντα
3803 3274 3926 3328 κατ’
3955 3275 4030 3328 ει.

2449 3363 2580 3417 κόνα
2605 3363 2961 3435 δημιουργεῖ·
2998 3363 3106 3418 οὐδ’
3139 3365 3485 3436 ἀθεράπευτα
3521 3368 3752 3436 κάμνειν
3791 3365 3888 3420 τοῦ
3933 3365 4030 3430 ξύ-

2451 3452 2542 3506 λου
2563 3454 2640 3524 τῷ
2660 3455 3055 3528 ἀρρωστήματι
3069 3473 3084 3488 ·
3106 3457 3226 3510 οὐδὲ
3261 3458 3352 3510 τὸν
3373 3457 3468 3510 τοῦ
3498 3459 3834 3528 παραδείσου
3870 3458 4026 3511 πολί-

2449 3564 2549 3618 την
2573 3549 2786 3616 ἀφεῖναι
2809 3549 3275 3620 κατατρυχόμενον
3303 3549 3360 3602 ὲν
3392 3552 3604 3620 φρουρᾷ
3623 3567 3636 3580 ι
3659 3549 3773 3603 ἀλλ’
3794 3549 4032 3620 ἐπείπερ

2450 3635 2594 3691 εἶδεν
2642 3639 3056 3710 ἐξαπορήσαντα
3113 3639 3386 3710 βοηθείας,
3439 3643 3672 3694 ἐκτείνει
3711 3642 3810 3711 τὴν
3843 3643 4031 3712 χεῖρα,

2449 3725 2518 3802 ἦς
2546 3733 2701 3801 ἔργον
2727 3731 3032 3802 ἄνθρωπος,
3065 3733 3146 3794 είς
3173 3732 3456 3802 βοήθειαν·
3492 3732 3586 3786 καὶ
3613 3733 3822 3800 γίνεται
3853 3749 4032 3802 προσ-

2451 3823 2779 3894 ωπολήπτης
2830 3825 2858 3874 ὁ
2914 3823 3148 3886 δίκαιοςο
3199 3825 3292 3876 καὶ
3343 3825 3478 3893 ὅπερ
3523 3825 3735 3894 ἐγράφη
3805 3823 4034 3893 ἔννομον

2450 3915 2706 3986 ψήφισμα
2755 3914 2894 3968 κατά
2951 3914 3043 3967 τοῦ
3101 3916 3175 3984 μὴ
3226 3915 3588 3984 τετηρηκότος
3635 3915 3734 3984 τὴν
3789 3915 4034 3986 ἐντολὴν,

2451 4010 2560 4070 τοῖς
2587 4006 2808 4069 οἰκείοις
2839 4006 3228 4078 δωροδοκηθεὶς
3253 4009 3555 4078 οἰκτιρμοῖς
3578 4006 3871 4074 ἀπαλείφει
3891 4023 3905 4036 ⁸
3935 4009 4038 4062 καὶ

2451 4099 2637 4170 οἰκείῳ
2681 4099 2894 4168 θανάτῳ
2937 4101 3036 4170 τὴν
3081 4098 3204 4150 καθ’
3249 4099 3406 4168 ἡμῶν
3434 4098 3528 4151 τοῦ
3559 4097 3790 4152 θανάτου
3818 4099 4038 4168 ίστησιν

2451 4191 2654 4259 ἔφοδον.
2692 4192 2756 4244 Ὢ
2812 4191 3041 4260 ἀπείρου
3099 4191 3462 4260 άγαθότητοςι
3501 4189 3547 4242 ὦ
3598 4190 3960 4258 σπλάγχνοινὶ
3990 4189 4036 4240 Cu

2452 4283 2707 4352 φίλτρου,
2741 4279 2823 4346 οἷς
2876 4281 3019 4336 οὕτω
3069 4281 3201 4344 Θεὸς
3256 4281 3546 4352 ἀνθρώπου
3579 4282 3716 4351 ὲρᾷῑ
3759 4281 3856 4334 Ἐκ
3908 4282 4038 4351 χοὸς

2451 4375 2794 4437 διαπλάττεις
2810 4392 2823 4405 ·
2850 4375 3026 4444 ψυχὴν
3043 4373 3120 4444 τῷ
3151 4374 3228 4444 σῷ
3249 4375 3405 4437 δίδως
3425 4374 3778 4444 ὲμφυσήματι
3797 4381 3818 4408 ⁸
3843 4391 3857 4404 ·
3885 4369 4040 4426 οἷκον

785 4450 954 4504 hibet.
977 4449 1022 4504 Ο
1045 4451 1362 4506 immensam
1393 4451 1720 4508 bonitatem!
1748 4452 1791 4507 0
1812 4453 2052 4509 viscera!
2081 4455 2122 4508 0
2144 4455 2347 4510 amoris
2379 4479 2423 4534 ι)
2451 4486 2456 4500 ι

2379 4479 2423 4534 ι)
2451 4466 2798 4534 παντοδαπῆς
2826 4467 3068 4538 τέρψεως
3088 4467 3365 4537 ἀφορίζεις
3385 4465 3600 4536 μεστόν.
3623 4467 3736 4520 Οὐκ
3753 4468 4039 4536 ἐμέτρησα

783 4545 912 4608 vim,
950 4559 1060 4612 quo
1108 4545 1188 4599 sic
1233 4544 1374 4598 Deus
1411 4545 1682 4600 hominem
1739 4547 2000 4616 deperiit!
2053 4547 2130 4602 Ex
2188 4557 2346 4604 terra?

782 4633 990 4703 eﬂingis
1021 4635 1276 4705 pulvere;
1317 4646 1406 4689 tua
1451 4637 1811 4705 inspiratione
1840 4638 2078 4692 animam
2112 4638 2342 4705 tribuis;

781 4728 1006 4782 domum
1055 4729 1298 4784 destinas
1348 4729 1528 4785 omnis
1563 4731 1780 4800 generis
1837 4730 2051 4800 plenam
2090 4729 2342 4786 deliciis:

783 4829 870 4876 ast
916 4836 1016 4890 ego
1063 4829 1172 4875 tam
1209 4823 1529 4876 immensam
1573 4823 1870 4879 bonitatem
1911 4839 2015 4878 non
2049 4823 2344 4894 perpemii'

783 4915 1146 4984 magnitudini
1201 4915 1448 4969 muneris
1496 4916 1632 4970 tanti
1693 4925 1906 4988 gratum
1942 4932 2027 4970 me
2057 4932 2165 4970 non
2197 4918 2349 4970 exhi-

783 5006 911 5074 bui;
941 5021 1038 5060 nec
1059 5006 1403 5076 dignitatem,
1429 5021 1535 5078 qua
1564 5009 1856 5077 poliebam,
1879 5010 2166 5065 aestimavi.
2196 5011 2348 5082 Ligni

786 5113 885 5153 esu
947 5099 1185 5152 divinam
1231 5099 1442 5169 prodidi
1499 5101 2004 5166 denuntiationem,
2057 5118 2176 5172 quae
2222 5103 2353 5156 mihi

785 5191 956 5244 vitam
989 5193 1167 5247 omnis
1200 5193 1458 5248 interitus
1486 5203 1762 5264 expertem
1795 5195 2172 5264 pollicebatur.
2201 5195 2352 5261 Quod

787 5281 1024 5351 denique
1062 5299 1304 5338 meorum
1325 5287 1591 5341 scelerqu
1627 5287 2010 5356 gravissimum
2041 5299 2146 5351 cst,
2176 5291 2358 5343 deste-

791 5387 904 5426 ram
935 5376 1164 5440 nescivi,
1186 5392 1292 5445 qua
1325 5377 1581 5433 conditus
1607 5395 1817 5435 essem:
1855 5385 2059 5434 creatis
2095 5385 2354 5436 honorem

789 5477 899 5531 quo
925 5463 1152 5518 Creator
1188 5469 1600 5534 pruscoucndus
1649 5480 1766 5523 erat
1823 5470 2014 5524 detuli.
2051 5471 2192 5536 Quid
2225 5486 2354 5526 vero

863 5645 911 5676 ¹¹⁶
955 5646 1057 5701 lsa.
1095 5663 1172 5710 is,
1219 5647 1274 5702 6.
1351 5649 1389 5678 θ’
1435 5649 1590 5702 Rom.
1651 5667 1676 5700 v
1747 5652 1827 5705 l2.

2449 4555 2548 4626 τὴν
2594 4555 2938 4626 άγαθότητα”
2982 4557 3081 4610 οὐκ
3110 4556 3378 4626 ἐγενόμην
3407 4555 3726 4624 εὑχάριστος
3777 4556 4040 4608 τοσούτου

2450 4647 2623 4718 δώρου
2676 4649 2925 4718 μεγέθει·
2955 4648 3055 4702 οὐκ
3085 4647 3313 4717 ἔστερξα
3335 4646 3434 4716 τὴν
3485 4649 3651 4716 τιμήν
3697 4664 3710 4678 ’
3739 4645 4038 4714 προύδωκα

2454 4735 2707 4809 βρώσεως
2747 4738 2887 4792 θεῖον
2937 4737 3308 4807 διάγγελμαί,
3341 4739 3368 4790 ὃ
3424 4755 3510 4804 μοι
3563 4735 3868 4805 ἀνώλεθρον
3935 4735 4042 4788 ὑπ-

2457 4831 2687 4900 ισχνεῖτο
2721 4829 2888 4900 ζωήν.
2917 4829 2990 4882 Τὸ
3017 4827 3315 4900 βαρύτατον
3339 4829 3447 4882 τῶν
3473 4828 3622 4898 ἐμῶν
3650 4826 4040 4912 ἐγκλημάτων,

2447 4919 2692 4992 ἠγνόησα
2739 4921 2836 4986 τὴν
2871 4919 3203 4989 δημιουργὸν
3244 4919 3458 4985 δεξιάν·
3501 4919 3680 4971 ἔδωκα
3723 4921 3835 4980 τοίς
3877 4922 4042 4990 ποιή-

2455 5027 2585 5077 μασι
2659 5009 2752 5063 τοῦ
2813 5017 3136 5082 ποιήσαντος
3180 5013 3277 5080 τὴν
3330 5011 3517 5082 τιμήν.
3569 5011 3680 5065 Καὶ
3719 5010 3773 5062 τί
3823 5010 4040 5078 γίνεται

2455 5105 2574 5158 ἀντὶ
2633 5103 2878 5170 τούτων;
2931 5105 3041 5174 Τὴν
3101 5104 3332 5174 πηλίνην
3381 5105 3406 5157 ὁ
3461 5102 3705 5170 πλάστης
3757 5102 4042 5171 ἀμορφίαν

2458 5195 2774 5264 λαμϐάνεις.
2805 5197 2914 5250 Καὶ
2944 5199 3103 5267 μέχρι
3127 5199 3226 5266 τῆς
3249 5197 3483 5268 ἐσχάτης
3509 5196 3728 5265 ἀτιμίας
3759 5194 3857 5246 οὐκ
3880 5197 4043 5247 ἐπαι-

2468 5286 2638 5357 σχύνῃ
2676 5287 3062 5354 συγκατελθεῖν
3107 5303 3122 5316 ·
3159 5287 3252 5338 καὶ
3285 5284 3418 5354 γεύῃ
3445 5285 3538 5336 τοῦ
3562 5281 3761 5352 πικροῇ
3793 5281 4044 5350 πόματος

2466 5380 2557 5431 τοῦ
2590 5378 2850 5443 θανάτου,
2897 5379 2962 5431 ἵν’
2989 5380 3098 5445 ἐγὼ
3126 5379 3221 5446 τῆς
3256 5376 3587 5444 γλυκύτητος
3618 5373 3711 5428 τοῦ
3739 5373 4043 5443 χειμάρρου

2465 5471 2562 5540 τῆς
2609 5471 2904 5534 ἀθανασίας
2951 5471 3108 5524 πιὼν.
3152 5471 3249 5539 τὴν
3283 5469 3505 5540 πικρίαν
3547 5471 3643 5536 τῆς
3674 5467 3880 5538 φθορᾶς
3905 5467 4048 5518 ἀπο-

2118 5741 2341 5796 νΑιιιέΕ
2385 5741 2786 5797 LECTIONES.

876 5841 900 5872 ⁸
928 5832 1016 5886 eti.
1041 5833 1212 5898 διδοὺς
1245 5838 1334 5904 ἐμ.
1453 5837 1577 5890 icti.
1617 5838 1860 5906 παραγγ.
