4232 6444
200 430 298 489 1υὸ

871 431 1153 489 ORATIO
1194 432 1261 488 Χ.
1307 459 1371 467 —
1404 431 1481 490 IN
1521 430 1946 491 DOMINICAM
1978 430 2687 491 RESURRECTIUNEM.

3329 434 3427 495 106

194 545 404 612 θῶμαι.
438 546 534 608 Τίς
560 548 589 599 ὁ
621 543 921 615 παράδοξος
962 550 1061 615 τῆς
1112 547 1518 616 φιλανθρωπίας
1542 550 1773 618 τρόπος;
1805 555 1849 610 Α

1758 565 1773 612 ;
1805 555 1849 610 Α
1878 549 2072 602 horum
2124 550 2296 618 gratia
2344 550 2612 602 mercedis
2661 548 3009 618 rependitur?
3035 549 3260 604 Luteam
3289 553 3428 608 hanc

207 637 498 701 Ἐξέπεσεν
528 636 760 706 ούρανοῦ
800 641 828 692 ὁ
877 639 1184 706 Ἐωσφόρος
1216 641 1245 689 ὁ
1274 638 1420 707 πρωϊ
1447 640 1768 697 ἀνατέλλων.

196 731 290 781 καὶ
338 730 501 796 ζόφος
548 729 799 795 ὲγένετο’
832 731 1087 795 ἐξέπεσον
1122 730 1234 797 ἐγὼ
1286 729 1434 793 θείας
1479 729 1645 801 ζωῆς,
1682 734 1776 785 καὶ

194 824 383 874 πᾶσαν
432 821 644 890 ὕϐρεως
698 822 990 893 ὑπομένεις
1030 822 1228 884 εἰδέαν,
1258 824 1343 876 ἵνα
1381 823 1478 875 τοῦ
1507 822 1775 895 προτέρου

195 915 433 984 ποιήσῃς
450 914 861 985 θεοειδέστερον.
883 915 948 967 Τί
968 916 1065 985 τὴν
1081 915 1339 984 φλογίνην
1356 915 1477 968 ἔθου
1498 915 1777 985 ῥομφαίαν

194 1006 297 1071 τῆς
341 1005 487 1070 ζωῆς
515 1007 576 1059 τὸ
613 1006 767 1071 ξύλον
816 1007 1146 1076 φυλάσσειν,
1178 1008 1323 1070 ὅπως
1373 1007 1449 1076 μὴ
1489 1008 1677 1074 φαγὼν
1720 1006 1780 1071 ἐξ

198 1087 369 1150 αύτοῦ
411 1101 563 1166 ζήσω
596 1100 674 1161 είς
704 1100 793 1150 τὸν
836 1100 1007 1152 αἰῶνα
1028 1116 1041 1129 ·
1070 1098 1126 1167 ἢ,
1152 1099 1220 1151 ἵν’
1254 1100 1345 1151 ἐπὶ
1381 1100 1590 1169 σεαυτῷ
1617 1100 1779 1152 ἑλκύ-

201 1204 301 1250 σας
320 1190 413 1240 τὸν
431 1190 659 1242 θάνατον
699 1190 766 1242 δι’
799 1191 921 1260 ἐμὲ,
945 1191 1087 1244 οὕτω
1109 1191 1253 1261 ζωὴν
1280 1191 1502 1243 αἰώνιον
1526 1192 1776 1263 δωρήστμ

209 1277 265 1330 Γί
284 1278 345 1329 δέ
377 1296 443 1347 με
467 1281 546 1342 είς
565 1284 668 1350 γῆν
688 1282 1051 1353 ἀποστρέφεις
1068 1283 1137 1336 δι’
1167 1283 1462 1352 ἐπιθυμίαν
1496 1284 1777 1346 θεὼσεως;

202 1368 257 1434 ἣ.
291 1368 385 1419 ἳνα
428 1369 564 1438 πρὸς
601 1371 701 1439 ἐμὲ
736 1371 1195 1442 παραγενόμενος,
1243 1370 1386 1425 οὕτω
1424 1372 1777 1443 θεοποιήσῃςς

215 1454 380 1506 Ἀλλὰ
427 1456 537 1525 γὰρ
595 1459 854 1528 ὲνικήθης
888 1463 1002 1523 τοῖς
1044 1464 1157 1524 σοῖς
1199 1462 1522 1531 οίκτιρμοῖς,
1563 1463 1657 1514 καὶ⁹
1683 1462 1782 1514 οὐκ

203 1545 403 1616 ἔφερες
437 1549 570 1619 ὁρᾷν
606 1549 821 1621 Θανάτῳ
857 1554 1295 1623 κατανεμόμενον
1342 1554 1440 1623 τῆς
1472 1555 1574 1622 σῆς
1608 1555 1783 1608 παλά-

206 1657 319 1708 μης
362 1642 422 1693 τὸ
467 1642 855 1713 φιλοτέχνημα,
896 1646 1015 1698 οὐδὲ
1046 1645 1141 1699 τοῦ
1196 1645 1287 1699 σοῦ
1336 1642 1475 1699 εἶναι
1520 1647 1649 1717 περὶ
1684 1647 1783 1713 ἐμὲ

203 1730 436 1795 φίλτρου
485 1732 664 1800 κρίσιν
717 1736 869 1805 ποιῇ,
914 1737 1235 1788 καταλιπεῖν
1282 1736 1615 1806 ἀϐοήθητον·
1670 1738 1783 1790 ἀλλ’

206 1822 510 1890 ess-3mm;
538 1824 849 1896 ἀντίλυτρον
878 1825 1063 1879 δοῦναι
1108 1826 1330 1879 σεαυτὸν
1363 1827 1465 1895 τῆς
1490 1828 1626 1896 ἐμῆς
1672 1845 1778 1879 σω-

202 1914 403 1979 τηρίας
424 1930 437 1939 ·
472 1917 561 1968 καὶ
593 1916 832 1987 κατέρχῃ
856 1919 992 1989 πρὸς
1032 1920 1131 1988 τὴν
1165 1920 1303 1989 ἐμὴν
1347 1920 1620 1987 ἐσχατιὰν,
1660 1920 1724 1971 ἵν’
1753 1922 1781 1972 ὁ

204 2005 272 2057 δι’
306 2007 595 2076 ἐπιϐουλῆς
631 2008 767 2079 πρὸς
790 2010 992 2079 ταύτην
1017 2010 1362 2072 καταπεσὼν,
1396 2011 1469 2081 μὴ
1502 2011 1661 2081 μόνον
1683 2012 1781 2081 τῆς

203 2099 463 2166 ἐσχατιᾶς
512 2102 893 2169 ἀνακομισθῶ,
925 2102 1061 2155 ἀλλὰ
1119 2103 1255 2172 πρὸς
1286 2104 1546 2173 οὐρανὸν,
1610 2097 1671 2155 οὗ
1708 2102 1781 2173 μὴ

204 2190 340 2257 πρὶν
411 2189 617 2257 ᾤκουν,
663 2192 1077 2259 ὲγκατοικισθῶ.
1134 2191 1290 2246 Οὕτω
1337 2194 1435 2262 τὴν
1493 2191 1782 2260 ὲπιὸουλὴν

202 2280 334 2348 ἐμοὶ
357 2282 493 2350 πρὸς
527 2283 709 2353 κέρδος
745 2286 1081 2353 μεταποιεῖς,
1112 2285 1205 2338 καὶ
1228 2284 1324 2355 τὴν
1346 2284 1484 2354 ἐμὴν
1516 2285 1782 2354 μαλακίαν

203 2374 499 2441 ἀναφέρει,
524 2383 572 2436 ιι,
607 2377 701 2428 καὶ
746 2379 847 2439 τὰς
888 2376 1027 2446 ἐμὰς
1057 2377 1291 2450 ἀναδέχῃ
1330 2377 1541 2440 ὀδύνας,
1581 2375 1645 2427 ἵν’
1674 2375 1783 2442 ἐγὼ

205 2462 346 2531 πρὸς
375 2465 638 2518 ἀνώδυνον
662 2466 774 2535 βίον
798 2468 1313 2536 μετασκευάσωμαι.

1874 656 2049 695 meam
2102 642 2507 701 deformitatem
2545 642 2797 696 conditor
2856 644 2973 711 ipse
3006 658 3159 697 meus
3210 644 3429 709 induis;

1874 747 2050 800 neque
2104 732 2311 794 renuis,
2356 732 2650 799 quominus
2697 743 2747 788 te
2800 735 2865 786 ad
2909 743 3209 787 extremam
3262 751 3433 803 usque

1877 822 2230 891 ignominiam
2279 820 2557 887 demittas,
2607 832 2905 893 gustesque
2954 838 3199 877 amarum
3243 828 3433 881 mortis

1877 913 2150 980 poculum,
2187 922 2247 964 ut
2280 926 2381 980 ego
2426 911 2495 968 de
2542 922 2785 967 torrente
2823 914 3144 983 voluptatis,
3196 931 3305 983 quo
3331 917 3434 969 im-

1878 1004 2184 1059 mortalitas
2236 1004 2428 1072 amuit,
2486 1007 2699 1070 bibens,
2762 1008 2952 1065 mortis
3017 1010 3432 1061 amaritudinem

1880 1097 2168 1163 deponam.
2231 1098 2491 1161 Quisnam
2563 1100 2898 1155 iste‘novus
2963 1103 3098 1155 adeo
3148 1117 3210 1155 at:
3247 1112 3438 1168 prauer

1878 1189 2187 1256 Opinionem
2248 1190 2614 1245 beneﬁcentiae
2674 1207 2738 1245 ac
2813 1192 3166 1246 humanitatis
3212 1194 3440 1246 modus?

1879 1282 2090 1336 Cecidit
2118 1297 2149 1336 e
2179 1283 2317 1336 cmlo
2342 1280 2581 1340 Lucifer.
2612 1285 2702 1351 qui
2736 1299 2895 1337 mane
2929 1284 3207 1337 oriebatur
3230 1285 3295 1345 “,
3325 1294 3439 1339 est-

1880 1389 1986 1440 que
2031 1372 2256 1429 eﬂ‘ectus
2298 1375 2507 1442 caligo;
2553 1375 2726 1427 ext-illi
2768 1383 2823 1427 et
2863 1390 2965 1442 ego
3016 1389 3044 1427 a
3088 1374 3269 1427 divina
3303 1376 3437 1437 vita,

1881 1479 2152 1533 omneque
2205 1464 2661 1518 contumeliarum
2696 1480 2866 1533 genus
2925 1464 3144 1524 suffers,
3181 1475 3241 1517 ut
3273 1465 3438 1534 priori

1884 1557 1940 1609 in
1981 1572 2067 1611 me
2095 1557 2447 1612 illustriorem
2470 1558 2707 1611 divinam
2734 1556 2965 1612 fortnam
2995 1559 3291 1613 instaures.
3325 1557 3440 1623 Qua

1884 1652 1950 1703 tle
1975 1666 2139 1705 causa
2170 1648 2476 1703 ﬂanimeum
2505 1665 2693 1703 ensem
2724 1651 2975 1717 posuisti,
3002 1660 3061 1703 ιιι
3092 1652 3296 1721 lignum
3324 1652 3444 1705 vitae

1884 1743 2176 1801 custodiat.
2232 1750 2291 1794 ut
2340 1756 2406 1795 ne
2460 1756 2526 1794 eo
2574 1756 2803 1795 vescens
2859 1741 2912 1794 itt
2946 1740 3446 1794 aeternumvivant?

1886 1831 2077 1886 Nonne
2133 1842 2191 1885 ut
2246 1833 2350 1884 mei
2399 1831 2572 1899 gratia
2617 1832 2671 1884 in
2720 1840 2772 1884 te
2814 1840 3044 1883 mortem
3095 1830 3337 1893 trahens,
3363 1831 3444 1883 sic

1886 1921 2048 1972 vitam
2089 1920 2222 1973 milii
2255 1921 2641 1989 sempiternam
2673 1920 2882 1975 dones?
2915 1921 3055 1981 Quid
3089 1936 3216 1973 vero
3247 1920 3301 1973 in
3336 1929 3445 1974 ter-

1884 2028 1999 2065 ram
2052 2015 2248 2067 reverti
2292 2013 2428 2067 facis
2460 2012 2530 2067 ob
2556 2011 2861 2067 affectatam
2896 2012 3149 2067 deitatem
3193 2013 3216 2065 ?
3252 2012 3443 2065 Annon

1886 2113 1944 2157 ιιι
2003 2103 2071 2157 ad
2129 2119 2213 2156 me
2274 2104 2559 2168 accedens,
2611 2104 2810 2158 deitate
2855 2103 3074 2157 dones?
3127 2103 3323 2156 Verum
3377 2102 3446 2155 ab

1885 2195 2069 2248 innata
2103 2202 2196 2248 tua
2249 2194 2623 2250 misericordia
2665 2196 2846 2249 victus
2883 2209 2975 2259 es;
3016 2209 3117 2249 nec
3157 2209 3217 2250 es
3249 2207 3449 2263 passus

1886 2298 1944 2340 ut
1996 2302 2023 2338 a
2079 2296 2251 2341 morte
2305 2303 2503 2342 manus
2557 2296 2663 2342 tua:
2709 2286 2987 2357 opiﬁcium
3040 2287 3443 2348 absumeretur,

1891 2394 2067 2449 neque
2119 2381 2290 2435 amori
2326 2388 2421 2433 tuo
2452 2379 2719 2434 adversus
2743 2394 2831 2432 me
2862 2387 3294 2435 consentaneum
3324 2394 3448 2435 esse

1886 2471 2117 2537 duxisti,
2165 2472 2211 2525 si
2244 2487 2330 2525 me
2370 2472 2521 2526 omni
2556 2472 2762 2526 auxilio
2808 2471 3176 2525 destituer’es:
3209 2469 3302 2523 scd
3339 2484 3450 2521 sta-

204 2556 364 2607 tuisti
422 2559 653 2625 teipsum
699 2574 797 2627 pro
846 2575 929 2613 me
969 2560 1204 2630 pretium
1254 2560 1645 2631 redemptionis
1690 2571 1745 2620 et
1792 2564 1989 2619 salutis
2046 2564 2430 2632 comparanda:
2471 2562 2724 2628 tradere;
2757 2562 3153 2632 descendisque
3218 2561 3284 2616 ad
3350 2561 3448 2615 has

205 2662 362 2701 meas
416 2648 631 2702 inﬁmas
678 2650 855 2716 sedes,
904 2659 965 2706 ut
1014 2653 1106 2722 qui
1136 2666 1235 2722 per
1273 2652 1501 2708 insidias
1542 2654 1649 2708 huc
1680 2654 1935 2725 delapsus
1974 2670 2119 2718 sum,
2183 2670 2289 2707 non
2327 2655 2503 2709 solum
2535 2655 2604 2708 ab
2640 2656 2749 2707 imo
2813 2669 3056 2717 revocer,
3096 2655 3189 2710 sed
3257 2664 3312 2709 et
3383 2655 3449 2709 ad

205 2743 405 2805 caelos,
453 2744 545 2798 ubi
596 2746 748 2814 prius
787 2761 895 2799 non
950 2746 1240 2817 degebatn,
1286 2745 1611 2803 transferar.
1658 2747 1774 2804 Hoc
1846 2750 2007 2803 modo
2056 2749 2304 2812 insidias,
2357 2752 2557 2819 quibus
2613 2752 2870 2820 deceptus
2921 2766 3120 2813 essem,
3168 2747 3313 2807 mihi
3381 2752 3436 2808 in

206 2831 427 2887 lucrum
481 2834 791 2900 convertis;
826 2850 1115 2904 meamque
1144 2837 1513 2893 inﬁrmitatem
1566 2846 1776 2909 portas,
1817 2854 1883 2893 ac
1938 2839 2158 2895 dolores
2203 2856 2354 2897 meos
2395 2844 2613 2906 recipis,
2648 2853 2709 2896 ut
2750 2858 2850 2907 ego
2909 2844 2975 2897 ad
3047 2847 3216 2901 vitain
3298 2848 3445 2902 omni

208 2928 400 2982 dolore
442 2937 717 2981 carentem
750 2930 1104 3000 commigrem
1142 2933 1207 2985 ⁸³.

285 3020 579 3090 Προδίδωσι
631 3020 897 3091 μαθητὴς,
947 3025 1038 3076 καὶ
1078 3024 1179 3076 οὐκ
1234 3027 1462 3098 ὀργίζῃ·
1515 3026 1776 3079 τύπτουσι
1947 3022 1956 3075 l

1775 3068 1776 3074 η
1947 3022 2136 3075 Prodit
2161 3020 2483 3090 discipulus,
2517 3036 2617 3076 nec
2662 3024 2961 3085 irasceris;
3008 3026 3323 3092 percutiunt
3354 3042 3446 3080 sa-

214 3102 496 3179 μιαιφόνόι
529 3114 731 3180 χεῖρες,
782 3114 876 3165 καὶ
914 3115 1014 3167 οὐκ
1061 3116 1274 3185 ἀμύνῃ·
1305 3117 1485 3185 κρίνει
1526 3116 1777 3183 Πιλᾶτος,
1879 3134 1885 3163 ‹

1879 3114 2092 3182 crilega:
2122 3125 2315 3165 manus
2338 3152 2353 3174 ,
2398 3127 2494 3164 nev
2533 3110 2853 3177 ulcisceris;
2901 3112 3112 3181 iudicat
3146 3113 3374 3178 Pilatus,
3402 3125 3453 3169 et

210 3204 308 3255 καὶ
349 3204 526 3273 σιγᾷς,
549 3203 624 3267 ὡς
655 3204 1014 3274 κατάκριτος’
1047 3207 1371 3275 ἐμπτύουσι,
1405 3208 1499 3261 καὶ
1525 3209 1626 3262 οὐκ
1646 3210 1777 3263 ἁπο-
1879 3221 1881 3231 ‘

1879 3216 2048 3268 taces,
2074 3217 2332 3276 tanquam
2362 3220 2520 3264 reus:
2570 3215 2903 3277 conspuunt,
2946 3222 3044 3260 nec
3075 3207 3265 3263 faciem
3300 3226 3455 3264 aver-

212 3296 472 3366 στρέφεις
510 3296 570 3349 τὸ
613 3297 932 3367 πρόσωπον⁸
984 3298 1235 3351 ἕλκουσιν
1290 3301 1384 3354 ἐπὶ
1442 3300 1655 3371 σφαγὴν
1705 3300 1778 3364 ὡς
1809 3328 1854 3388 C

1809 3328 1854 3388 ο
1888 3301 2000 3364 iis;
2051 3300 2278 3351 trahunt
2326 3299 2391 3351 ad
2436 3298 2660 3359 caedem,
2735 3308 2995 3366 tanquam
3032 3314 3250 3367 agnum,
3279 3318 3455 3372 neque

210 3388 409 3455 ἀμνὸν,
458 3388 550 3440 καὶ
589 3388 688 3440 οὐκ
746 3388 985 3456 ἀνοίγεις
1017 3391 1079 3442 τὸ
1130 3390 1338 3460 στόμα·
1380 3392 1673 3459 καθηλοῦσι
1709 3392 1787 3461 τῷ

215 3477 382 3545 ξύλῳ,
412 3478 510 3530 καὶ
538 3478 836 3549 ύπερεύχῃ.
866 3479 981 3531 Νῦν
1010 3481 1101 3534 τὸν
1151 3481 1375 3551 βασιλέα
1406 3484 1785 3552 χλευάζουσιν·

212 3570 287 3620 Et
330 3567 633 3632 βασιλεὺς
678 3569 926 3637 Ἰσραήλ
975 3571 1126 3637 ἐστι,
1182 3574 1486 3629 καταϐάτω
1528 3576 1646 3630 ἀπὸ
1681 3576 1787 3630 τοῦ

213 3659 507 3726 σταυροῦ·
539 3660 633 3712 νῦν
661 3662 742 3724 τὸ,
770 3662 891 3716 οὐαὶ
916 3672 963 3725 ν,
990 3665 1223 3732 φωνοῦσι
1260 3668 1490 3735 στόμασι
1538 3671 1754 3739 μιαροῖς
1772 3684 1786 3697 ·

216 3752 283 3803 σὺ
316 3751 376 3805 δὲ
412 3751 590 3805 πάντα
638 3752 785 3823 βυθῷ
829 3754 1129 3818 καλύπτεις
1154 3756 1565 3828 φιλοστοργίας,
1600 3759 1791 3830 ὥσπερ

214 3841 313 3893 ἐπὶ
344 3841 519 3911 τούτῳ
542 3843 887 3914 δημιουργῶν
919 3847 982 3897 ἐκ
1003 3845 1176 3914 πηλοῦ
1202 3847 1358 3913 ζῶον,
1389 3849 1454 3900 ἶν’
1488 3850 1662 3903 ἐκεῖνο
1690 3852 1790 3921 μὲν

217 3936 390 4005 μηδὲν
440 3935 653 4007 ὕϐρεως
712 3938 1048 4007 παραλίποι·
1102 3941 1165 3993 σὺ
1218 3941 1271 3994 δὲ
1332 3942 1533 4012 μηδένα
1591 3945 1793 4013 τρόπον

215 4029 538 4097 εὐεργεσίας
562 4024 643 4092 οἷς
673 4029 771 4082 οὐκ
813 4026 871 4083 εὖ
902 4031 1063 4084 πάθοι
1095 4032 1125 4083 ὀ
1152 4032 1436 4103 ὑϐριστής.
1474 4034 1549 4088 Οὐ
1578 4034 1686 4105 γὰρ
1712 4036 1792 4099 είς

215 4122 320 4192 τὴν
354 4123 661 4190 παροινίαν,
692 4123 807 4176 ἀλλ’
844 4126 925 4186 είς
976 4123 1076 4195 τὴν
1120 4126 1390 4195 σωτηρίαν
1435 4127 1545 4179 τῶν
1591 4129 1787 4199 ἀχαρί-

220 4232 366 4267 στων
410 4216 763 4278 ἀποσκοπεῖς.
832 4216 991 4268 Ἀλλὰ
1043 4215 1217 4271 ταῦτα
1270 4218 1369 4285 μὲν
1425 4219 1457 4283 ή
1511 4217 1790 4282 θεοκτόνος

217 4306 539 4375 παλαμᾶται
572 4307 899 4375 Συναγωγή·
928 4308 956 4359 ὁ
986 4308 1041 4360 δὲ
1069 4307 1162 4360 τοῦ
1208 4307 1340 4361 Θεοῦ
1372 4309 1450 4378 τῷ
1489 4308 1603 4361 ὄντι
1664 4308 1790 4372 λαὸς

219 4398 413 4465 Πάσχα
456 4398 517 4449 τὸ
558 4398 700 4450 θεῖον
749 4400 1018 4469 ἑορτάζει,
1048 4400 1143 4452 καὶ
1176 4402 1448 4471 σωτήριον
1476 4404 1542 4470 τῇ
1583 4405 1785 4471 σφαγῇ,

219 4492 318 4542 καὶ
343 4489 423 4559 τῷ
444 4490 611 4560 τιμίῳ
638 4491 934 4561 χρίσματι·
970 4493 1186 4563 ἀπαθὴς
1221 4494 1318 4559 μὲν
1353 4493 1446 4545 τοῦ
1479 4494 1788 4564 ὀλοθρεύον-

217 4597 313 4643 τος
357 4582 810 4651 συντηρούμενος,
874 4584 1152 4653 ῥυόμενος,
1196 4584 1253 4637 δὲ
1297 4586 1404 4636 τῶν
1454 4586 1791 4647 κακούντων,

1895 3404 1958 3443 os
1990 3390 2209 3458 aperis;
2248 3390 2421 3443 clavis
2451 3390 2597 3458 ligno
2640 3389 2880 3457 alligunt,
2911 3405 3119 3459 proque
3140 3392 3247 3447 illis
3272 3409 3457 3463 preces

1898 3481 2106 3535 futtilis.
2138 3481 2304 3535 Modo
2331 3496 2510 3551 regem
2539 3484 2873 3535 subsanuant
2905 3496 2918 3533 :
2958 3481 3015 3535 Si
3040 3498 3132 3535 rex
3165 3482 3337 3537 Israel
3359 3498 3454 3544 est.

1894 3574 2177 3627 descendat
2212 3575 2276 3626 de
2315 3588 2467 3625 cruce
2487 3572 2531 3602 ⁸³
2570 3594 2581 3626 :
2614 3572 2774 3626 modo
2810 3575 3147 3627 exsecrando
3188 3589 3284 3628 ore
3327 3576 3456 3629 illttil

1897 3667 1991 3719 vah
2029 3668 2298 3719 intonant.
2327 3664 2394 3716 At
2427 3676 2479 3716 ιιι
2512 3665 2692 3716 omnia
2734 3665 3006 3732 profundo
3040 3666 3284 3719 immensi
3317 3682 3460 3720 amo-

1894 3757 1973 3809 ris
2031 3755 2105 3808 tui
2159 3755 2330 3823 tegis,
2378 3755 2533 3823 quasi
2582 3754 2851 3808 hominem
2896 3774 2960 3808 eo
3006 3757 3296 3811 cuusilioe
3346 3760 3459 3810 luto

1895 3846 2189 3908 eilinxeris,
2234 3855 2292 3899 ut
2336 3845 2470 3900 nihil
2519 3846 2608 3898 ille
2661 3848 2714 3898 iu
2751 3857 2801 3901 te
2836 3847 3154 3913 injuriaruni
3178 3857 3231 3903 et
3265 3858 3461 3902 contu-

1898 3942 2180 3995 meliarum
2211 3939 2483 3993 omitteret
2512 3954 2527 4001 ;
2577 3947 2632 3988 tu
2666 3953 2795 3990 vero
2850 3938 3054 3991 nullatn
3090 3938 3461 3994 beneﬁcentia:

1898 4032 2186 4092 rationem,
2210 4045 2316 4099 qua
2338 4029 2791 4083 contumeliosum
2828 4029 3210 4092 demerereris,
3243 4043 3463 4101 praeter-

1893 4124 2023 4178 ires.
2067 4120 2254 4191 Neque
2301 4123 2444 4175 enim
2489 4122 2540 4173 iu
2576 4122 2877 4182 vesaniam,
2911 4122 3003 4176 sed
3044 4123 3095 4175 in
3126 4123 3355 4177 salutem
3388 4124 3464 4175 in-

1897 4215 2336 4284 gratissimorum
2370 4228 2653 4268 servorum
2689 4215 2880 4269 oculos
2914 4214 3165 4281 conjicis.
3194 4213 3465 4269 Caeterum

1898 4307 2014 4361 lucc
2044 4306 2137 4359 Dei
2167 4304 2506 4359 interfectrix
2542 4304 2822 4375 Synagoga
2856 4306 3115 4359 molitur:
3148 4307 3315 4375 atqui
3342 4321 3461 4360 vere

1900 4400 1995 4456 Dei
2034 4399 2264 4469 populus
2287 4406 2394 4461 est,
2426 4398 2473 4453 is
2508 4398 2748 4452 celebrat
2781 4398 2986 4452 Pascha
3022 4398 3265 4452 divinum
3290 4407 3345 4452 et
3373 4414 3461 4453 sa-

1899 4490 2180 4545 lutiferunt
2212 4529 2226 4551 ,
2265 4498 2378 4542 tum
2422 4490 2811 4549 immolatione,
2864 4498 2974 4540 tum
3018 4489 3321 4542 veneranda
3362 4506 3455 4542 titt-

1898 4583 2101 4647 Ctione,
2134 4596 2364 4636 securus
2393 4581 2670 4649 plagarum
2698 4596 2835 4647 quas
2860 4582 3246 4633 exterminator
3282 4584 3461 4635 illatu-

219 4675 317 4726 καὶ
346 4674 481 4744 πρὸς
512 4676 607 4737 τὰς
641 4676 972 4743 ἐπαγγελίας
1003 4677 1458 4747 μετοικιζόμενος.
1493 4678 1663 4731 Πάλαι
1692 4679 1789 4748 μὲν
1822 4665 1865 4719 D

1822 4665 1865 4719 Β
1896 4689 1989 4727 rus
2018 4682 2185 4736 esset,
2235 4682 2397 4740 atque
2425 4687 2452 4723 a
2474 4671 2684 4723 cuttt'tis
2719 4672 2916 4739 quibus
2946 4672 3239 4725 vexabatur
3264 4686 3461 4725 aerum.

216 4762 317 4819 οὖν
344 4768 408 4819 τὺ
447 4765 712 4836 Ἐϐραίων
745 4771 897 4835 γένος
939 4769 1179 4837 Μωῦσῆς
1212 4769 1511 4839 ἐλευθερῶν
1558 4770 1656 4837 τῆς
1704 4772 1794 4822 Αἰ-

217 4856 472 4924 γυπτίων
517 4856 830 4921 κακώσεως,
887 4854 999 4910 οἷον
1050 4859 1391 4931 σκιαγραφίᾳ
1436 4860 1503 4911 τα
1550 4860 1791 4927 παρόντα

218 4946 492 5011 είκόνιζε·
542 4950 638 5002 καὶ
690 4950 937 5019 μαστίζει
983 4950 1083 5018 μὲν
1128 4952 1400 5016 Αἴγυπτον
1442 4952 1527 5003 ἐπ’
1557 4953 1786 5011 ᾶλλαιςι

218 5041 481 5113 πληγαῖς,
536 5042 810 5114 βαρυτέρᾳ
853 5045 989 5105 τέως
1032 5044 1234 5113 πληγῇ,
1286 5044 1395 5097 τῶν
1428 5045 1787 5115 πρωτοτόκων

219 5132 474 5202 θανάτῳ*
510 5132 695 5185 δίδωσι
740 5133 796 5186 δὲ
844 5137 955 5198 τοῖς
990 5136 1393 5204 κακουμένοις]
1431 5135 1747 5204 ἐλευθερίαν
1772 5152 1786 5167 ’

222 5223 323 5277 καὶ
378 5224 575 5293 μικρὸν
610 5224 835 5295 ὓστερον
879 5227 1065 5296 τέμνει
1124 5227 1369 5295 πορείαν,
1408 5228 1442 5295 ἢ
1473 5227 1642 5295 τάφος
1678 5228 1789 5289 τοῖς

292 5338 338 5368 ⁸²
386 5335 490 5391 lsa.
548 5354 661 5402 xiv,
697 5338 779 5391 l2.
855 5340 902 5372 ³³
946 5340 1051 5394 lsa.
1096 5356 1211 5401 Litt,
1269 5344 1318 5395 4.

1895 4769 1977 4820 nis
1996 4767 2275 4829 liberatus,
2296 4779 2358 4818 ac
2382 4763 2447 4817 ad
2467 4764 2714 4816 cmlestes
2741 4763 3127 4831 promissiones
3145 4764 3459 4818 translatus.

1891 4857 2024 4911 Nam
2058 4858 2183 4909 olim
2217 4857 2431 4923 quidem
2475 4854 2705 4923 Moyses,
2766 4853 3115 4909 Hebraeorum
3148 4865 3359 4926 gentem
3395 4870 3458 4909 ex

1891 4942 2027 5002 «Iura
2056 4949 2142 5001 illa
2174 4945 2552 5016 [Egyptiuntm
2589 4947 2847 4999 servitute
2877 4946 3133 5011 liberans,
3166 4950 3311 5001 velut
3344 4962 3462 5003 um-

1892 5040 1988 5093 bra
2042 5037 2269 5106 quadam
2312 5052 2376 5090 ac
2420 5036 2830 5089 obscurioribus
2880 5036 3035 5090 lineis
3082 5052 3265 5091 rerum
3322 5052 3460 5107 prae-

1895 5140 2103 5184 sentem
2140 5139 2340 5183 statum
2374 5127 2678 5197 designavit
2723 5146 2736 5182 :
2764 5143 2825 5182 ac
2848 5128 2936 5181 ille
2963 5130 3179 5195 quidem
3212 5138 3333 5195 post
3350 5128 3461 5197 pla-

1894 5240 1989 5294 gas
2018 5224 2151 5278 alias
2179 5222 2562 5292 (55),graviori
2586 5222 2852 5275 hactenus
2881 5222 3135 5290 plaga,ac
3152 5221 3459 5288 superiores

1407 5339 1451 5369 ἠ
1480 5339 1665 5394 Matth.
1728 5357 1894 5405 xxvii,
1923 5340 2014 5405 £0,
2045 5338 2132 5392 42.

1522 5458 1754 5514 VARle
1796 5456 2197 5512 LECTIOM‘ZS.

342 5545 484 5601 |led.
537 5548 742 5616 φέρεις.
814 5556 834 5581 "
872 5548 955 5602 ρει.
1022 5550 1139 5602 ubi.

229 5626 392 5676 Dcue.

1242 5564 1260 5589 \
1295 5549 1471 5603 Gt'ets.
1526 5549 1871 5618 ἐπαλλήλοις,
1932 5550 2012 5602 vel
2048 5548 2236 5611 ἄλλαις
2273 5550 2370 5599 ἐπ’
2393 5548 2603 5610 ἄλλαις.

2720 5556 2748 5595 r
2784 5545 2869 5600 ed.
2908 5544 3264 5613 καλουμένοις
3296 5584 3308 5605 ,
3351 5558 3453 5595 ιιοιι

1726 5690 1951 5745 NCT/IS.

302 5790 415 5853 (35)
449 5792 572 5843 Post
603 5792 786 5859 plagas
811 5794 969 5845 alios.
1005 5792 1119 5844 Ἐπ’
1142 5794 1327 5853 ἄλλαις
1353 5792 1604 5857 πληγαῖς.
1640 5791 1798 5844 ωηιξη

236 5862 544 5917 Sententia;
592 5863 760 5930 liquet
783 5865 926 5918 enim
956 5864 1437 5933 primogenitormn
1472 5861 1672 5918 tandem
1720 5862 1800 5913 ul-

1912 5790 2097 5841 timam
2125 5787 2292 5841 fuisse
2316 5802 2374 5839 at:
2410 5785 2787 5851 gravissimam
2809 5782 2937 5849 Atat
2956 5784 3188 5848 ptimum
3210 5781 3456 5851 plagam.

1908 5871 2131 5926 ωιςιιιιιο
2176 5850 2440 5911 tluntawt
2467 5856 2766 5910 Pharaonis
2802 5860 3198 5916 :ttlttitct'stouc,
3234 5852 3321 5903 ubi
3348 5850 3460 5918 jam
