4232 6444
769 410 863 475 1οἹ

1986 415 2259 474 LEONIS
2299 411 2754 474 PHILOSOPHI

3915 408 4023 471 103

761 546 953 586 omnes
982 533 1259 597 vincente,
1296 534 1785 603 primogenitorum
1824 543 1995 587 morte
2043 533 2337 605 Egyptum
2369 539 2412 594 Α

2369 539 2412 594 Α
2443 533 2695 586 διώκουσι
2722 530 2953 599 γίνεται.
2991 527 3218 596 Ταῦθ’ἠ
3274 528 3571 599 παλαιότης
3619 532 3699 587 εἰς
3738 529 4022 600 μνημόσυ-

765 624 970 686 allicit,
1014 632 1175 692 atque
1208 624 1297 686 iis,
1332 624 1425 692 qui
1458 626 1601 678 male
1635 625 1997 687 vexabantur,
2032 627 2339 680 libertatem

764 710 1030 784 impertit,
1063 716 1324 784 brewque
1348 716 1634 771 intervallo
1668 717 1774 771 iter
1819 730 1989 782 secat,
2035 721 2178 789 quod
2214 734 2340 788 per-

766 805 1121 876 sequentibus
1145 807 1198 859 in
1230 808 1542 877 sepulcrum
1567 807 1735 863 cedit.
1765 808 1891 864 Hec
1925 810 2224 880 antiquitas
2251 812 2347 865 be-

766 897 945 951 neficii
1002 908 1357 954 monumento
1397 901 1661 967 recolere,
1716 917 1783 958 ac
1826 904 2081 973 prosequi
2139 905 2346 961 honore

762 984 1078 1056 jubebatur.
1097 993 1169 1042 At
1203 996 1487 1058 postquam
1516 990 1655 1045 satis
1681 992 1791 1060 jam
1820 992 2010 1045 umbra
2031 991 2345 1060 duraverat,

767 1086 1093 1149 tempusque
1144 1082 1467 1147 advenerat,
1518 1091 1577 1135 ut
1622 1083 1740 1152 ipsa
1784 1084 1986 1136 Veritas
2035 1086 2345 1151 coleretur,

767 1184 945 1239 neque
978 1171 1087 1240 jam
1124 1187 1226 1223 una
1274 1174 1443 1238 natio,
1477 1172 1572 1227 sed
1616 1183 1788 1227 totum
1835 1189 2007 1242 genus
2049 1177 2346 1231 humanum

768 1261 1041 1317 libertatis
1064 1276 1398 1332 recuperata:
1444 1266 1767 1320 beneﬁcium
1809 1268 2150 1335 celebraret;
2188 1285 2340 1339 pera-

769 1355 915 1423 gitur
945 1370 1199 1425 magnum
1234 1356 1341 1409 hoc
1383 1356 1572 1410 mundi
1615 1354 1855 1422 Pascha,
1888 1374 1995 1412 non
2046 1361 2203 1416 caesis
2250 1361 2352 1415 im-

774 1446 1101 1516 molatisque
1130 1448 1401 1517 pluribus,
1432 1449 1809 1504 anniversario
1857 1451 1990 1513 ritu,
2030 1453 2205 1523 agnis,
2257 1454 2350 1509 sed

775 1542 936 1590 unico
984 1538 1078 1591 illo
1130 1553 1191 1592 ac
1222 1540 1488 1605 singulari
1544 1541 1699 1611 Agno
1743 1543 1946 1608 occiso,
1979 1548 2072 1613 qui
2103 1548 2348 1601 omnium

772 1644 940 1682 onera
967 1629 1083 1683 suis
1112 1629 1358 1686 humeris
1394 1633 1517 1685 tulit
1548 1650 1560 1684 :
1593 1632 1921 1704 ungiturque
1951 1638 2192 1704 pretioso
2222 1654 2351 1692 san-

770 1719 933 1786 guine
986 1735 1097 1773 non
1144 1722 1340 1774 mdium
1386 1723 1716 1775 caducarum
1770 1726 2209 1794 superlimiuare,
2258 1728 2352 1783 sed

774 1813 1103 1871 immortalis
1140 1816 1422 1885 sapientiae
1473 1817 1853 1874 indissolubile
1882 1837 2023 1889 opus
2056 1839 2070 1875 :
2098 1823 2352 1878 videlicet

771 1919 859 1967 ea,
897 1921 1018 1973 qua:
1043 1922 1138 1974 per
1173 1909 1329 1959 tizlem
1385 1915 1489 1971 est,
1521 1916 1825 1972 structura,
1857 1909 1923 1963 ad
1971 1925 2133 1981 quam
2168 1922 2348 1966 exter-

775 1996 1029 2050 minatori
1064 2000 1440 2068 propinquare
1490 2015 1599 2054 non
1646 2001 1772 2055 licet
1809 2021 1823 2055 :
1860 2018 2022 2070 quam
2057 2020 2223 2073 supra
2269 2020 2349 2068 se,

774 2097 1034 2157 tanquam
1067 2105 1231 2159 supra
1268 2090 1705 2153 fundamentum,
1746 2094 1957 2146 ratione
1991 2094 2211 2150 [ixionis
2242 2098 2354 2165 (5t)

775 2179 830 2232 iu
864 2181 972 2234 imo
1002 2183 1517 2249 supermdilicatam,
1560 2186 1706 2237 velut
1742 2185 2020 2254 angularis
2059 2188 2197 2257 lapis
2226 2202 2359 2241 con-

777 2272 914 2325 tinet
970 2289 1034 2327 ac
1084 2283 1380 2337 sustentat,
1433 2286 1658 2346 prepter
1717 2293 2009 2347 supernam
2055 2279 2201 2332 illaut
2238 2280 2359 2348 ejus

780 2364 1061 2422 virtutem.
1092 2381 1199 2435 qua
1251 2366 1495 2421 continet
1541 2368 1727 2421 omnia
1795 2380 1958 2438 atque
2015 2380 2350 2424 conservat:

776 2472 939 2524 quant
979 2457 1217 2525 pretioso
1258 2473 1360 2512 suo
1401 2458 1670 2527 sanguine
1718 2460 2045 2524 sanctiﬁcat,
2080 2460 2228 2513 velut
2272 2461 2354 2513 vi-

778 2549 942 2602 ctima
976 2565 1073 2618 pro
1103 2550 1263 2605 nobis
1298 2551 1475 2605 oblata
1515 2571 1528 2605 :
1559 2565 1624 2605 ac
1668 2558 1729 2604 ut
1771 2549 2117 2621 Redemptor,
2149 2556 2354 2609 salvam

780 2641 911 2699 facit
950 2656 1145 2694 novam
1181 2642 1402 2696 initians
1448 2642 1613 2707 viam,
1648 2659 1755 2697 non
1789 2643 2009 2713 quidem
2065 2644 2241 2700 diviso
2292 2662 2355 2698 ac

781 2737 939 2802 quasi
970 2734 1207 2789 discisso
1256 2735 1423 2789 maris
1470 2734 1767 2805 profundo,
1818 2752 1992 2803 neque
2038 2738 2182 2789 enim
2229 2752 2354 2806 pro-

781 2822 931 2879 fundi
974 2824 1121 2879 illius
1148 2827 1340 2879 semita
1382 2840 1514 2881 suos
1564 2826 1875 2896 redemptor
1896 2828 2067 2890 ducit,
2100 2828 2193 2882 sed
2224 2844 2358 2896 quo.

782 2916 847 2969 ad
902 2932 1129 2985 superas
1180 2932 1306 2971 oras
1354 2918 1617 2979 tenditur,
1656 2934 1718 2972 ac
1769 2935 1877 2987 quo
1909 2921 2356 2987 persecutoribus

786 3008 1018 3061 transire
1056 3008 1201 3059 nulla
1238 3016 1446 3062 ratione
1472 3010 1816 3065 conceditur.
1856 3009 1997 3077 Ipse,
2036 3026 2143 3064 non
2190 3011 2351 3073 alius,

787 3100 839 3152 in
861 3098 1182 3167 promissam
1212 3108 1410 3152 terram
1430 3112 1528 3152 nos
1554 3099 1870 3165 introducit,
1896 3100 1988 3153 ubi
2015 3102 2199 3156 nullus
2221 3102 2355 3155 Cha-

783 3204 1023 3247 nameus.
1077 3205 1177 3243 nec
1220 3205 1408 3244 eormn
1459 3191 1731 3260 quispiam
1785 3207 1849 3246 ex
1900 3192 2030 3255 illis,
2075 3195 2167 3260 qui
2200 3196 2349 3249 exosi

2448 642 2535 677 νον
2573 622 2673 691 τῆς
2720 622 3036 692 εὐεργεσίας
3084 622 3258 690 τιμᾷν
3304 619 3601 674 ἐκελεύετο.
3647 621 3800 673 Ἐπεὶ
3828 621 3874 673 δ’
3903 622 4026 685 ἃλις

2450 713 2594 785 εἶχεν
2621 716 2650 784 ἡ
2683 714 2832 776 σκιὰ,
2863 714 2958 765 καὶ
2984 712 3153 784 αὐτὴν
3175 712 3280 766 ἔδει
3310 712 3573 782 τιμᾶσθαι
3601 712 3699 781 τὴν
3731 713 3988 781 ἀλήθειαν
4008 754 4023 776 ,

2450 810 2544 861 καὶ
2590 807 2744 875 γένος
2791 805 2887 874 οὐχ
2933 805 3012 869 ἓν,
3048 805 3163 857 ἀλλ’
3197 805 3333 874 ὁμοῦ
3378 803 3588 867 πάντας
3621 802 3901 874 ἑορτάζειν
3924 804 4025 873 τὴν

2450 900 2765 969 ἐλευθερίαν
2796 898 3118 965 ἀνθρώπους
3141 914 3156 929 ο
3199 899 3434 950 τελεῖται
3464 898 3525 950 τὸ
3558 898 3696 967 μέγα
3745 896 3904 950 τοῦτο
3931 897 4027 949 τοῦ

2451 995 2657 1062 κόσμου
2708 994 2938 1061 Πάσχα,
2986 992 3047 1043 οὐ
3106 990 3393 1059 προϐάτων
3445 993 3735 1045 ἐνιαυσίων
3813 989 4026 1043 πολλῶν

2452 1085 2746 1155 θυομένων,
2780 1083 2913 1137 ἀλλὰ
2938 1082 3032 1135 τοῦ
3064 1082 3181 1146 ἑνὸς
3209 1084 3429 1153 Ἀρινοῦ,
3458 1083 3517 1146 ὃς
3547 1085 3610 1136 τὰ
3640 1083 3779 1152 βάρη
3805 1082 4028 1135 πάντων

2451 1181 2543 1230 ἐπὶ
2574 1177 2683 1229 τῶν
2709 1176 2873 1247 ὤμων
2894 1175 3181 1231 ἐϐάστασε.
3208 1176 3316 1227 Καὶ
3334 1176 3543 1245 χρίεται
3569 1176 3646 1245 τῷ
3672 1175 3838 1244 τιμίῳ
3864 1175 4030 1242 αἵμα-

2452 1291 2525 1337 τι,
2551 1272 2611 1324 οὐ
2646 1271 3064 1340 καταλυομένων
3094 1271 3259 1322 οῐκων
3301 1268 3451 1337 φλιὰ,
3483 1268 3617 1320 ἀλλὰ
3658 1269 3849 1335 σοφίας
3882 1267 4030 1319 ἀθα-

2453 1368 2612 1420 νάτου
2656 1364 2818 1433 ἔργον
2858 1362 3214 1423 ἀκατάλυτον,
3246 1364 3279 1430 ἡ
3316 1359 3406 1413 διὰ
3447 1359 3685 1420 πίστεως
3742 1356 4027 1427 οἰκοδομὴ,

2452 1452 2515 1511 οὗ
2556 1454 2949 1525 προσεγγίζειν
2996 1455 3095 1505 οὐκ
3138 1453 3215 1505 ἔνι
3267 1451 3342 1521 τῷ
3394 1449 3774 1521 ὀλοθρεύοντι·
3824 1450 3896 1518 ἣν
3944 1448 4027 1516 ἐφ’

2453 1546 2631 1617 ἑαυτῷ
2664 1543 3112 1614 οἰκοδομηθεῖσαν
3143 1542 3218 1604 ὡς
3260 1540 3513 1611 θεμελίῳ,
3561 1540 3703 1593 κατὰ
3740 1540 3841 1608 τὴν
3879 1538 4030 1591 κάτω

2454 1638 2635 1706 πῆξιν,
2672 1636 2902 1705 συνέχει,
2930 1635 3005 1698 ὡς
3025 1633 3169 1695 λίθος
3188 1634 3601 1702 ἁκρογωνιαῖος,
3634 1632 3723 1685 διὰ
3752 1632 3855 1701 τὴν
3889 1632 4031 1685 ἄνω-

2454 1731 2547 1783 θεν
2570 1731 2638 1782 τὰ
2666 1729 2839 1782 πάντα
2868 1728 3195 1798 συνέχουσαν
3222 1727 3385 1779 αὐτοῦ
3416 1727 3650 1795 δύναμιν
3669 1743 3683 1757 ⁸
3718 1725 3783 1795 ἣν
3811 1725 4033 1791 ἁγιάζει

2460 1821 2556 1887 μὲν
2579 1820 2656 1890 τῷ
2680 1821 2849 1890 τιμίῳ
2880 1820 3074 1888 αἵματι
3104 1820 3178 1880 ὼς
3202 1819 3341 1887 ὑπὲρ
3377 1817 3532 1887 ἡμῶν
3571 1819 3828 1886 σφάγιον
3871 1817 4034 1880 σώζει

2404 1882 2503 1964 ’δὲ
2547 1882 2639 1975 ὡς.
2664 1882 2963 1984 λυτρώτὴςη,
3000 1912 3155 1980 ξένην
3201 1882 3350 1977 ἄγων
3385 1882 3532 1963 διδόν’
3574 1882 3633 1963 οδ
3690 1882 3833 1961 κατὰ
3869 1905 4033 1977 βυθοῦ

2455 2005 2793 2075 τεμνομένου
2814 2020 2827 2034 ·
2861 2004 2980 2056 οὐδὲ
3034 2004 3143 2071 γάρ
3174 2005 3379 2056 ἐκεῖνον
3409 2002 3531 2069 ἄγει
3563 2001 3653 2054 τὸν
3689 2000 3854 2070 βυθὸν
3880 2000 3908 2050 ὁ
3935 1999 4034 2051 λυ-

2452 2095 2692 2164 τρωτήςσ
2726 2093 2860 2148 ἀλλὰ
2889 2092 2983 2145 τοῦ
3015 2093 3148 2158 ἄνω,
3184 2087 3247 2145 οὗ
3282 2101 3303 2128 κ
3342 2092 3598 2162 παριέναι
3633 2094 3747 2153 τοῖς
3772 2090 4037 2153 διωκταις

2457 2186 2774 2254 ἀμήχανον·
2837 2184 3000 2246 αὐτὸς
3051 2184 3131 2245 είς
3175 2181 3276 2252 τὴν
3342 2179 3756 2249 ἐπηγγελμένην
3794 2178 4037 2245 εἰσάγων

2461 2275 2851 2344 κληρονομίαν,
2896 2275 2993 2345 οὐχ
3047 2273 3267 2342 ἕτερος·
3310 2272 3438 2324 ἔνθα
3467 2272 3528 2324 οὺ
3564 2271 3883 2332 Χαναναῖος,
3913 2266 4037 2321 οὐδὲ

2461 2382 2543 2430 τις
2574 2367 2730 2429 ἄλλος
2775 2367 2884 2420 τῶν
2933 2366 3321 2436 μεμισημένων
3372 2366 3550 2418 οἰκεῖ’
3586 2364 3795 2433 μόνοιδ⁹
3841 2364 3891 2415 oi
3941 2363 4037 2415 τὸν

2464 2462 2789 2531 κληροδὸτην
2830 2460 3300 2527 ἐπιγινώσκοντες,
3353 2459 3448 2510 καὶ
3483 2456 3576 2519 οὓς
3599 2459 3803 2516 ἐκεῖνος
3832 2457 4039 2523 ἐγκατ-

2462 2554 2653 2617 οικίζει
2680 2553 2863 2605 λαϐεῖν
2902 2566 2926 2592 α
2959 2551 3161 2622 κλῆρον
3190 2552 3343 2621 παρὰ
3383 2550 3477 2602 τοῦ
3515 2550 3744 2618 Πατρὸς,
3775 2549 3897 2601 ἀντὶ
3931 2546 4039 2600 τῶν

2460 2646 2788 2715 τραυμάτων
2827 2646 2921 2696 καὶ
2947 2642 3040 2697 τοῦ
3088 2643 3341 2711 αἵματος,
3368 2641 3395 2693 ὃ
3426 2645 3815 2710 προσήνεγκεν.
3856 2640 4040 2709 Προσ-

2464 2741 2584 2804 άγει
2624 2737 2731 2805 γὰρ
2776 2736 2853 2806 τῷ
2904 2736 3079 2804 flat-cpt
3122 2736 3185 2787 τὸ
3234 2732 3393 2803 αἷμα,
3426 2734 3552 2796 ώςδ
3579 2736 3670 2785 καὶ
3715 2734 3816 2801 τὴν
3858 2732 4042 2801 ψυχὴν

2464 2829 2848 2899 παρατίθησιν.
2895 2828 2954 2880 El
3004 2828 3112 2896 γὰρ
3160 2828 3254 2880 καὶ
3315 2826 3454 2896 ὑπὲρ
3511 2825 3666 2894 ἡμῶν
3719 2824 4038 2894 ἀντίλυτρον

2466 2922 2674 2975 ταῦ-δαί·
2704 2922 2884 2973 δοῦναι
2936 2920 3190 2986 λέγεται*
3256 2917 3577 2986 ἀντίλυτρον
3629 2918 3739 2987 γάρ
3800 2916 4041 2985 ἀληθῶς,

2460 3017 2542 3067 ὅτι
2592 3015 2684 3066 τὸν
2734 3013 2873 3083 ὑπὲρ
2919 3014 3075 3081 ἡμῶν
3125 3013 3414 3081 ὑπομένων
3458 3010 3685 3064 θάνατον
3712 3010 4042 3078 λυτροῦται·

2460 3106 2636 3175 ἀλλ’ἢ
2677 3123 2739 3173 γε
2785 3104 3100 3176 προσένεξις
3153 3103 3231 3175 τῷ
3283 3103 3469 3170 οἰκείῳ
3500 3102 3677 3173 Πατρὶ
3734 3100 3889 3170 παρὰ
3942 3098 4043 3155 τοῦ

2463 3197 2681 3259 Παιδὸς.
2704 3190 2720 3203 ς’

782 3284 933 3344 sunt,
957 3279 1051 3333 sed
1079 3280 1179 3334 soli
1226 3280 1303 3332 illi
1339 3280 1431 3348 qui
1464 3280 1796 3336 lnereditatis
1830 3281 2145 3351 largitorem
2177 3297 2513 3352 agnoscunt,
2548 3304 2612 3340 ac
2637 3302 2777 3356 quos
2809 3288 2898 3341 ille
2931 3288 3210 3342 habitandi
3274 3303 3440 3342 causa
3509 3284 3819 3347 introducit,
3884 3290 3946 3337 ut
4008 3293 4045 3334 a

782 3364 941 3425 Patre
1000 3369 1372 3423 lnereditatem
1429 3371 1718 3439 accipiant,
1780 3373 1899 3425 loco
1967 3373 2252 3426 vulnerum
2320 3390 2384 3428 ac
2458 3379 2743 3447 sanguinis
2773 3395 2895 3448 qua!
2946 3380 3065 3444 ipse
3107 3379 3328 3432 obtulit.
3367 3378 3510 3431 Patri
3539 3379 3683 3431 enim
3718 3374 4043 3445 sanguinem

781 3462 960 3523 oﬂert,
1000 3460 1077 3513 uti
1108 3459 1271 3511 etiam
1299 3462 1646 3515 commendat
1670 3462 1931 3516 animam.
1964 3462 2097 3517 Nam
2134 3465 2259 3519 licet
2326 3484 2388 3521 ea
2465 3485 2563 3539 pro
2623 3473 2780 3525 nobis
2841 3472 3234 3540 redemptionis
3304 3471 3534 3540 pretium
3581 3468 3775 3521 offerre
3827 3469 4046 3521 dicatur

783 3571 933 3634 (vere
949 3554 1150 3609 ctenim
1176 3555 1409 3623 pretium
1436 3566 1563 3610 sunt
1588 3559 1999 3628 redemptionis.
2021 3561 2163 3630 quod
2192 3567 2359 3619 nostri
2403 3583 2566 3625 causa
2596 3578 2825 3624 mortem
2858 3569 3081 3625 subiens
3138 3583 3237 3623 nos
3274 3568 3319 3622 is
3381 3567 3692 3621 redemeritl
3721 3583 3734 3621 :
3804 3574 4045 3619 attamen

782 3640 953 3701 Filius
983 3645 1130 3700 Patri
1157 3663 1258 3701 suo
1284 3648 1615 3702 oblationem
1651 3647 1801 3705 facit.

852 3740 1095 3810 Agedum
1127 3757 1277 3805 vero,
1308 3742 1470 3795 sicuti
1504 3756 1791 3794 ascensum
1817 3756 2115 3812 supernum
2168 3762 2231 3799 ac
2258 3747 2366 3801 h:e-
2394 3758 2436 3811 c

786 3834 1070 3889 reditatem
1106 3836 1336 3903 mystico
1372 3834 1534 3886 oculo
1558 3836 1912 3903 contemplati
1957 3851 2172 3898 sumus,
2211 3842 2288 3895 sic
2319 3852 2370 3894 et

784 3943 849 3981 ea
876 3943 997 3995 qua:
1027 3926 1080 3980 in
1112 3928 1195 3981 his
1216 3927 1572 3980 inferioribus
1608 3927 1741 3983 locis
1767 3939 2124 3999 peraguntur,
2160 3933 2369 3987 intuea-

787 4034 942 4071 mur:
985 4017 1181 4084 duplex
1217 4018 1361 4071 enim
1394 4027 1476 4071 est
1535 4034 1721 4071 eorum
1751 4034 1873 4087 qua:
1907 4033 2243 4091 peraguntur
2265 4026 2348 4095 spi

790 4105 968 4158 ritalis
1023 4105 1403 4174 intelligentia.
1458 4107 1670 4159 Etenim
1728 4108 1983 4164 Christus
2030 4114 2221 4167 tribuit
2275 4132 2371 4169 su-

790 4211 955 4265 perna
990 4215 1003 4249 :
1042 4196 1170 4251 inde
1209 4213 1445 4266 relinque
1488 4198 1554 4250 ad
1603 4216 1701 4255 nos
1750 4204 1920 4269 venit,
1969 4219 2032 4257 ac
2078 4215 2136 4257 ut
2177 4222 2275 4263 nos
2305 4226 2371 4262 eo

790 4288 1167 4343 transferret:
1216 4301 1466 4360 peragrat
1520 4301 1699 4345 aute-n
1755 4303 1808 4346 et
1865 4296 1977 4348 haec
2036 4298 2257 4364 intima,
2318 4312 2375 4353 ut

792 4389 968 4434 tamen
1002 4382 1133 4435 nihil
1180 4382 1385 4436 humile
1417 4395 1510 4435 aut
1547 4387 1826 4441 sordidum
1851 4406 1914 4443 ex
1952 4390 2038 4446 ilis
2065 4394 2369 4456 contrahat,

794 4485 851 4526 ut
877 4482 930 4526 et
962 4473 1090 4527 inde
1124 4477 1365 4527 salutare
1395 4474 1487 4529 Dei
1514 4476 1815 4533 elucescat.
1843 4481 1978 4535 Cum
2012 4483 2144 4537 illud
2171 4486 2367 4539 audis:

792 4558 932 4619 Deus
956 4583 1122 4630 meus,
1161 4568 1298 4620 Deus
1344 4584 1511 4634 meus,
1538 4581 1596 4621 ut
1638 4572 1762 4639 quid
1806 4590 1887 4628 me
1926 4576 2255 4646 dereliquisti
2280 4579 2371 4633 ⁸⁸⁴ί

864 4660 909 4693 ⁸⁵
952 4659 1143 4714 Matth.
1202 4676 1372 4723 xxvn,
1421 4660 1511 4715 46.

2556 3748 2718 3803 Ἀλλά
2749 3749 2881 3818 φέρε
2920 3748 3004 3815 δὴ,
3040 3747 3117 3798 ὥσ
3130 3763 3229 3814 περ
3256 3744 3355 3813 τὴν
3384 3744 3497 3797 ἄνω
3549 3742 3799 3796 διάϐασιν
3823 3744 3917 3794 καὶ
3942 3742 4047 3812 τὴν

2475 3841 2842 3911 κληρονομίαν
2867 3838 3110 3907 μυστικῷ
3140 3837 3375 3897 διανοίας
3412 3834 3727 3904 κατείδομεν
3758 3832 4043 3903 ὀφθαλμῷ,

2473 3932 2617 3984 οὕτω
2664 3931 3029 4000 θεωρήσωμεν
3082 3928 3177 3980 καὶ
3232 3927 3299 3978 τά
3342 3928 3492 3979 κάτω
3519 3924 3841 3993 τελούμενα·
3886 3923 4046 3994 διττὴ

2476 4023 2583 4092 γὰρ
2615 4024 2648 4087 ἠ
2687 4021 2796 4072 τῶν
2838 4019 3177 4088 τελουμένων
3233 4017 3455 4084 Θεωρία.
3494 4016 3689 4067 Δίδωσι
3714 4016 3813 4085 μὲν
3842 4015 3949 4085 γὰρ
3976 4017 4050 4067 τά

2475 4118 2619 4169 ὅινω⁹
2655 4112 2865 4165 ἐκεῖθεν
2911 4113 3020 4179 γὰρ
3072 4110 3164 4161 καὶ
3213 4112 3347 4178 πρὸς
3394 4107 3531 4160 αὐτὰ
3591 4108 3843 4177 μετάγων
3876 4108 4048 4177 ἡμᾶς,

2476 4208 2843 4277 παρεγένετψ
2879 4202 3082 4273 βαδίζει
3118 4202 3172 4253 δὲ
3203 4203 3296 4252 καὶ
3324 4199 3413 4252 διὰ
3454 4199 3562 4250 τῶν
3592 4197 3913 4259 κατωτάτω,
3943 4211 4052 4268 μη-

2472 4302 2559 4353 δὲν
2599 4299 2854 4353 ταπεινὸν
2892 4297 3098 4350 ἐκεῖθεν
3155 4294 3598 4365 προσκτώμενος,
3658 4292 3747 4343 ἵνα
3792 4290 4050 4342 κακεῐθεν

2472 4394 2611 4463 ὀφθῇ
2640 4393 2700 4445 τὸ
2727 4392 2993 4460 σωτήριον
3013 4386 3106 4439 τοῦ
3139 4385 3295 4439 Θεοῦ.
3336 4386 3504 4436 Ὅταν
3532 4382 3771 4451 ἀκούσῃς
3804 4382 4044 4449 βοῶντα·

2474 4487 2579 4540 Θεέ
2628 4503 2765 4554 μου,
2818 4484 2924 4536 Θεέ
2974 4499 3114 4549 μου,
3175 4478 3327 4530 Ινατί
3375 4492 3451 4544 με
3491 4473 3915 4543 ἐγκατέλιπες
3971 4470 4049 4541 μὴ

2472 4578 2879 4647 συναρπασῡῇς.
2927 4574 3055 4643 Βοᾷ,
3112 4570 3218 4625 Θεέ
3271 4587 3412 4639 μου,
3449 4568 3605 4622 (rati
3640 4582 3715 4634 με
3747 4565 4051 4634 simtu»

2130 4726 2363 4784 VARle
2405 4728 2810 4786 LEC'I'IONES.

898 4828 922 4859 '
946 4825 1032 4877 ed.
1059 4814 1251 4893 οὗπερ.
1330 4825 1356 4853 ⁸
1390 4823 1478 4878 ed.
1500 4823 1698 4878 λαϐών.
1780 4822 1807 4862 ιι
1830 4821 1916 4875 ed.
1942 4812 2006 4888 ᾧ.

2085 4835 2106 4859 ε
2132 4824 2219 4875 ed.
2246 4824 2392 4875 αὐτό.

2296 4915 2521 4970 ΝΟΤᾸΣ.

797 5007 1056 5069 Israelita:
1083 5007 1290 5061 dimissi
1324 5006 1578 5063 fuissrnt.
1621 5006 1739 5062 Non
1770 5025 1900 5080 ergo
1927 5019 2065 5080 apte!
2087 5011 2358 5080 interpres

794 5094 1069 5138 auctorem
1125 5080 1363 5150 intrieat,
1431 5096 1553 5131 eum
1613 5078 1854 5150 corrigit
1901 5078 1987 5131 ἐπ’
2018 5078 2359 5148 ἀλλήλοις,ῆ

794 5155 980 5213 ἄλλαις
1038 5150 1123 5201 ἐπ’
1156 5148 1375 5208 ἄλλαις·
1437 5151 1581 5217 quod
1622 5148 1785 5203 snuni
1818 5150 1999 5203 minus
2057 5150 2358 5211 cohaerens,

799 5243 895 5295 pro
929 5220 1172 5295 auctoris
1213 5221 1623 5295 colla-rentibus
1653 5220 1959 5295 rcddit._'l‘_b
1985 5220 2358 5295 καλουμένοις,

795 5286 948 5366 quod
972 5286 1171 5345 habent
1195 5290 1354 5347 edita,
1380 5308 1445 5366 ac
1471 5292 1762 5366 Gretserns
1788 5291 1983 5366 reddit,
2016 5286 2359 5358 nihil-aptum

794 5361 875 5421 est
897 5409 910 5427 ,
940 5364 1077 5416 bene
1103 5367 1281 5411 autent
1305 5364 1448 5425 quod
1476 5379 1537 5415 ex
1578 5361 1744 5429 llegio
1765 5363 2133 5423 restituimus,
2162 5377 2365 5413 κακου-

800 5449 1008 5505 μένοις·
1034 5445 1139 5499 qua
1184 5444 1314 5505 V900
1351 5433 1555 5505 Passim
1588 5441 1943 5505 tractatores.
1967 5432 2196 5505 ipseque
2230 5446 2362 5499 pro-

796 5498 941 5559 itimt‘.
968 5498 1093 5564 Leti,
1121 5498 1259 5552 milia
1294 5503 1632 5565 captivitatis
1667 5498 2020 5558 llebrazorum
2046 5502 2099 5553 in
2132 5498 2364 5571 ng’ypto

795 5576 1125 5643 ettprinlttttt.

870 5636 978 5706 {35)
1014 5641 1231 5715 "(ilione
1277 5642 1488 5715 [ixionis
1520 5640 1572 5715 in
1600 5642 1727 5697 imo.
1764 5636 1863 5715 Διὰ
1885 5639 1982 5711 τὴν
2008 5641 2155 5715 κάτω
2176 5640 2357 5715 πῆξιν.

804 5713 1095 5784 itis-tinguit
1125 5713 1396 5784 subtiliter
1432 5713 1573 5783 quod
1607 5714 1789 5784 nostri
1820 5714 2054 5784 theologi
2095 5714 2358 5765 rationem

802 5781 1160 5853 [tundafrettth
1206 5794 1260 5841 et
1287 5781 1538 5839 virtutem
1595 5781 1879 5843 fundandi,
1919 5783 2079 5836 habet
2124 5785 2357 5851 primum

800 5859 1049 5910 tito-istos
1090 5859 1298 5912 ratione
1338 5855 1712 5914 humanitatis,
1774 5866 1894 5921 quae
1935 5860 2020 5906 est
2074 5854 2164 5906 illa
2208 5854 2357 5904 κάτω

803 5928 993 5995 πῆξιςδ
1033 5922 1176 5984 velut
1201 5931 1327 5982 ima.
1363 5945 1422 5980 ac
1455 5930 1503 5978 in
1543 5930 1695 5980 terris
1743 5926 1866 5984 [uio
1915 5926 2193 5988 namque;
2224 5925 2357 5978 alte-

2472 5024 2592 5063 rum
2623 5008 2785 5063 habet
2827 5024 3067 5078 superna
3116 5024 3178 5062 ac
3213 5008 3433 5063 deitatis
3456 5006 3695 5060 virtute:
3736 5005 3883 5078 quod
3918 5005 4052 5058 ulti-

2471 5096 2616 5133 tnum
2662 5080 2871 5149 integre
2902 5077 3186 5134 omissum
3244 5080 3311 5131 ab
3339 5083 3655 5149 interpreter,
3697 5077 3845 5149 nu_llo
3880 5092 4048 5149 sensu

2468 5152 2635 5203 altum
2695 5146 2937 5203 auctoris
3009 5166 3226 5203 St'nSttttl
3287 5149 3488 5201 habere
3543 5148 3688 5200 facit.
3751 5146 4047 5215 Sequentia

2467 5236 2683 5289 quoque
2709 5220 2866 5273 valde
2889 5222 3121 5282 erudita,
3150 5230 3205 5271 ut
3252 5219 3457 5272 Christi
3485 5218 3705 5270 vulnera
3732 5219 4048 5289 aesanguis

2470 5288 2580 5344 sint
2609 5292 2787 5344 oblata
2813 5290 2984 5354 Patri,
3021 5306 3128 5344 non
3169 5290 3408 5350 diabolo,
3443 5289 3659 5341 tametsi
3691 5288 3946 5341 Christus
3979 5288 4047 5340 ab

2471 5363 2590 5428 eius
2622 5360 2851 5415 redemit
2888 5371 3191 5430 potestate;
3248 5360 3442 5428 partim
3477 5365 3624 5412 textu
3683 5360 3862 5409 minus
3898 5358 4013 5408 inte

2471 5449 2589 5498 μω,
2621 5433 2814 5500 partim
2857 5433 3040 5485 minus
3074 5433 3228 5501 plene
3266 5430 3499 5501 reddito,
3553 5430 3785 5501 obseura
3825 5442 3887 5501 ac
3920 5442 4046 5495 per-

2474 5493 2635 5571 plexa-
2668 5511 2869 5571 erant}
2901 5517 2962 5555 ac
3022 5493 3171 5554 in'iis
3206 5502 3357 5565 illud,
3399 5493 3468 5568 ⁷ῼ
3495 5500 3587 5551 καὶ
3610 5498 3705 5566 τὴν
3734 5493 4044 5566 ψυχὴν-πα-

2475 5570 2782 5640 ρατίθεταν
2818 5570 2918 5624 Cui
2954 5576 3112 5625 etiam
3170 5573 3501 5623 commendat
3558 5584 3793 5640 annnam
3818 5605 3831 5627 ,
3876 5583 4042 5640 quam

2469 5638 2729 5712 optititant
2772 5654 2962 5716 auctor
2994 5641 3675 5716 probationemasstt_tnit_3
3718 5639 3905 5716 jejuno
3958 5638 4042 5716 in:

2466 5707 2678 5787 terpres
2713 5728 2726 5763 :
2771 5713 2869 5787 Cui
2902 5707 3009 5787 ρι’
3033 5714 3267 5787 animam
3318 5710 3582 5787 adjungit.
3612 5707 3757 5787 .Vult
3809 5709 3921 5787 ille,
3958 5707 4038 5787 uti

2465 5778 2715 5838 Christus
2760 5785 2859 5837 soli
2900 5782 3045 5836 Patri
3086 5778 3497 5837 cmnmendavit'
3536 5778 3808 5843 animam,
3845 5778 3925 5833 sic
3983 5784 4043 5829 et

2467 5858 2566 5909 soli
2599 5856 2866 5909 obtulisse
2907 5870 3037 5909 suos
3066 5854 3364 5907 cruciatus.
