4232 6444
226 413 325 472 lus]

928 415 1205 474 Oll.\'l‘lO
1248 418 1315 475 Χ.
1358 444 1418 451 -
1465 419 1535 477 lN
1580 420 2005 480 DOMlNlCAM
2053 424 2765 487 liESUlUlECTiONEM.

3347 427 3445 489 lit)

222 544 331 591 πες
364 546 377 557 ·
416 528 550 581 ἀλλὰ
580 530 842 598 ῥήγνυται
870 531 930 582 τὸ
956 532 1351 600 καταπέτασμα
1379 532 1524 586 οἴκου
1558 536 1650 586 τού
1674 552 1778 588 πα-
1814 543 1852 596 Α
1888 555 1893 589 l

1770 566 1778 575 -
1814 543 1852 596 Α
1876 538 1992 609 Inoli
2023 539 2161 592 male
2187 541 2233 590 ir.
2268 540 2599 595 dubietatem
2630 541 2823 609 abripi.
2855 542 3087 605 Clamat,
3114 542 3250 595 Deus
3282 559 3441 608 meus,

219 634 435 687 τρικου,
482 619 787 680 δςικνύντος
816 620 910 671 τοῦ
939 622 1167 690 Πατρὸς,
1197 624 1344 683 ὁπως
1386 623 1477 674 ἐπὶ
1503 624 1579 690 τῷ
1611 626 1780 677 Μονο-

220 710 371 775 γενεῖ
401 709 681 776 ὀργίζεται
717 710 1008 779 πάσχοντι·
1040 714 1133 764 καὶ
1154 712 1228 774 ὡς
1272 712 1387 765 ἀνθ’
1420 706 1495 766 ὧν
1543 716 1785 785 ἐπήρθη-

221 814 321 850 σαν
374 799 559 851 λύσειν
606 802 754 870 αὐτῷ
791 801 885 853 τοῦ
924 803 1170 871 σώματος
1214 802 1475 864 τδν’ναδν.
1507 805 1783 876 διαρῤἠξει

223 893 325 959 μὲν
369 894 566 956 αὐτοὺς
595 895 745 947 οἴκου
780 896 872 947 τοῦ
906 896 1121 956 ἑαυτοῦ.
1159 896 1435 966 διαρῤἠξει
1459 897 1514 949 δὲ
1560 899 1653 950 καὶ
1685 899 1783 967 τῆς

221 986 699 1053 περιφρουρούσης
725 986 1029 1055 ἐποπτικῆς
1048 987 1141 1039 καὶ
1170 986 1318 1050 θείας
1338 987 1614 1056 προνοίας.
1645 990 1781 1041 Κεν-

218 1076 399 1127 τεῖται
426 1075 687 1143 πλευρὰν,
733 1077 847 1129 ἀλλ’
880 1078 980 1148 ὅρα
1003 1079 1104 1147 τῆς
1143 1079 1442 1141 ἀθανασίας
1470 1080 1596 1142 τοὺς
1619 1097 1782 1151 κρου-

221 1168 373 1228 νοὺς,
431 1168 493 1219 τὸ
522 1164 662 1235 αἷμα
699 1170 795 1221 καὶ
831 1170 893 1221 τὸ
936 1169 1097 1239 ὕδωρ,
1151 1172 1355 1223 ἐκεῖθεν
1403 1170 1780 1235 ὲκόλύζοντας.

230 1258 542 1325 Ἐνταφίοις
574 1259 871 1324 ἑλίσσεται,
912 1262 1003 1313 καὶ
1048 1264 1117 1332 γῇ
1162 1262 1484 1331 κρύπτεται,
1514 1266 1608 1317 καὶ
1651 1265 1785 1333 μετὰ

220 1348 434 1419 νεκρῶν
457 1349 735 1413 αὐλίζεται
759 1368 770 1379 °
799 1351 913 1405 ἀλλ’
938 1350 1079 1406 ἑκὼν
1106 1356 1427 1423 παραχωρεῖ
1462 1355 1786 1425 πειρωμένῳ

221 1439 302 1509 τῷ
344 1440 467 1510 ᾇδη,
515 1441 581 1493 ἵν’
624 1443 682 1493 ὲν
724 1446 789 1513 τῇ
824 1442 997 1513 οἰκείᾳ
1042 1444 1178 1513 πρὸς
1209 1443 1382 1513 βραχὺ
1409 1449 1610 1515 κατοχῇ
1662 1448 1786 1510 τοὺς

222 1532 478 1595 αἰωνίους
508 1532 763 1599 ἐξαγάγοι
796 1532 1076 1601 κατόχους.
1094 1533 1251 1586 Ἀλλὰ
1270 1533 1382 1604 γὰρ
1413 1534 1600 1587 ἔλαθεν
1634 1534 1784 1604 ᾅδης,

223 1620 544 1693 προσθήκην
569 1623 814 1685 ἐλπίσας,
837 1624 930 1675 καὶ
964 1621 1057 1686 οὓς
1085 1627 1410 1694 προκατεῖχε
1459 1624 1781 1693 ζημιωθείς”

224 1713 408 1776 ἔλαθε,
434 1715 798 1781 κατασχήσειν
844 1713 1046 1782 οἰηθεὶς
1082 1716 1211 1782 παρ’
1250 1715 1424 1785 ἐαυτῷ
1482 1718 1577 1785 τὴν
1620 1716 1783 1784 ζωὴν,

221 1806 353 1866 τοὺς
381 1807 610 1873 νεκροὺς
654 1805 762 1857 τῶν
810 1806 1057 1871 ὲγκάτων
1098 1806 1469 1867 άποκενὼσας.
1512 1806 1785 1874 Ἐπεφάνη

1886 630 2068 698 utquid
2106 647 2197 682 me.
2237 632 2602 700 dercfiquisli?
2634 642 2689 684 at
2716 636 2984 700 rumpitur
3012 633 3189 687 velum
3212 644 3446 702 paterna:

1884 712 2101 782 domus,
2123 737 2229 788 quo
2259 722 2507 779 ostendat
2537 724 2710 788 Pater,
2740 731 2996 791 quantam
3032 724 3325 793 Unigenito
3350 740 3446 793 pa-

1886 818 2053 867 tiente
2095 817 2226 867 iram
2261 818 2595 883 conceperit,
2629 824 2795 884 utque
2837 816 3077 868 futurum
3108 820 3200 883 sit,
3226 827 3288 871 ut
3319 819 3443 886 quia

1884 903 2004 970 eius
2030 904 2278 970 corporis
2308 908 2567 970 templum
2608 905 2815 958 solvere
2856 904 3349 971 prmsumpsissent,
3379 919 3444 958 ex

1887 1009 1983 1047 sua
2034 993 2120 1045 ille
2179 993 2341 1047 domo
2385 1007 2481 1047 cos
2550 993 2833 1061 abrumpat
2882 1004 3046 1062 alque
3097 995 3441 1055 exterminet,

1886 1086 2016 1154 quin
2053 1093 2105 1137 ct
2133 1099 2161 1137 a
2191 1084 2371 1137 divina
2421 1099 2518 1137 sua
2556 1084 2889 1151 providentia
2929 1101 3022 1153 per
3056 1085 3445 1153 inspectionem

1889 1185 2224 1244 protegente,
2259 1178 2401 1229 velut
2438 1177 2723 1243 abruptos,
2766 1177 2950 1243 procul
2996 1177 3235 1242 ahjiciat.
3280 1175 3448 1229 Latus

1887 1269 2074 1321 lancea
2111 1265 2436 1336 perforatur,
2479 1266 2570 1320 sed
2609 1266 2731 1319 vide
2776 1267 3201 1319 immortalitatis
3249 1266 3445 1328 fontes,

1888 1360 2204 1428 sanguinem
2232 1366 2284 1412 et
2328 1373 2545 1425 aquam,
2592 1358 2716 1411 inde
2758 1366 3063 1412 manantes.
3114 1357 3318 1412 Linteis
3360 1357 3447 1411 fu-

1890 1450 2148 1504 nebribus
2172 1448 2485 1510 involvitur,
2524 1463 2585 1500 ac
2613 1456 2756 1502 terra
2792 1450 3066 1509 conditur,
3093 1460 3447 1516 versaturque

1887 1558 2012 1595 cum
2042 1542 2275 1596 mortuis
2306 1561 2319 1593 :
2358 1540 2450 1593 scd
2478 1547 2674 1609 sponte
2705 1539 2847 1595 cedit
2900 1540 3197 1609 periculum
3231 1538 3446 1592 facienti

1889 1632 2126 1697 inferno,
2158 1643 2215 1684 ut
2248 1646 2347 1685 sua
2379 1632 2495 1699 ipse
2537 1630 2600 1683 ad
2659 1632 2819 1684 hrcve
2862 1638 3077 1698 tempus
3132 1624 3448 1682 detentione

1887 1740 2006 1789 eos,
2030 1723 2120 1792 qui
2150 1730 2411 1791 perpetuo
2439 1722 2508 1773 ibi
2538 1721 2941 1783 detinebantur,
2961 1721 3242 1773 educeret.
3267 1719 3449 1772 Enim-

1890 1829 2020 1867 vero
2052 1814 2304 1867 nesciens
2334 1810 2604 1875 infernus,
2629 1812 2757 1864 dum
2785 1810 3211 1863 additamentum
3239 1818 3445 1879 sperat,

224 1894 335 1963 γὰρ
369 1895 482 1954 τοῖς
511 1894 570 1945 ὲν
606 1892 940 1956 σκοτεινοϊςά
972 1896 1066 1947 καὶ
1101 1898 1228 1964 σκιᾷ
1267 1895 1498 1949 θανάτου
1548 1896 1782 1965 καθημὲ-
1819 1915 1857 1967 Β
1888 1922 1895 1954 ε

1775 1928 1782 1938 -
1819 1915 1857 1967 Β
1888 1908 2053 1956 etiam
2086 1917 2180 1956 eos
2205 1903 2387 1957 amisit
2418 1915 2556 1969 quos
2600 1900 2750 1969 prius
2799 1896 3136 1965 possederat.
3169 1897 3446 1958 bcsciens,

221 2002 337 2048 νοις
368 1986 404 2053 ἡ
431 1985 623 2048 άδυτος
667 1984 944 2055 Ἀνατολὴ,
977 1987 1069 2039 καὶ
1100 1988 1232 2057 πρὸς
1260 1988 1319 2039 τὸ
1350 1988 1463 2055 φῶς
1491 1988 1783 2058 ἐξέδραμον

219 2077 326 2146 τῆς
354 2078 520 2146 ζωῆς.
560 2077 675 2129 Οὐκ
706 2076 963 2145 ἔστερξαν
991 2078 1039 2129 οἱ
1069 2078 1309 2147 πυλωροὶ
1337 2080 1428 2132 τὸν
1467 2080 1546 2142 είς
1574 2080 1787 2149 ἐκδίκη-

224 2182 315 2219 σιν
345 2167 455 2219 τῶν
494 2167 847 2237 κακουμένων
891 2168 1348 2238 παραγενόμενον,
1408 2165 1554 2222 Εἶδον
1586 2171 1785 2224 παναλο

221 2261 316 2309 κεῖ
346 2259 518 2328 δεξιᾷ,
556 2261 625 2311 τὰ
654 2261 940 2315 ἁθάναταε
988 2260 1354 2329 σκυλευόμενα
1398 2264 1639 2329 ταμιεῖα,
1695 2262 1786 2314 καὶ

221 2348 455 2416 ἔφριξαν
494 2350 759 2403 ἀνθοῦσαν
801 2352 900 2422 τὴν
940 2353 1269 2424 ἀφθαρσίαν,
1319 2353 1414 2407 καὶ
1458 2356 1555 2424 τὴν
1584 2352 1785 2421 φθορὰν

227 2444 658 2514 μαραινομένην,
700 2445 793 2498 καὶ
848 2447 1019 2517 ταύτῃ
1069 2449 1645 2519 συναπεμαράνθησαν.
1694 2444 1786 2502 Εἷ-

221 2534 318 2587 δον
376 2540 613 2605 μνημεῖα
646 2538 969 2607 ἀνοιγόμενα
1004 2538 1047 2601 ί,
1082 2540 1176 2591 καὶ
1226 2540 1452 2609 νεκροὺς
1491 2541 1597 2592 τῶν
1651 2543 1788 2609 ἀφύ-

223 2641 375 2677 κτων
404 2625 588 2677 πυλῶν
615 2626 837 2695 ἀκμαίῳ
860 2627 983 2678 ποδὶ
1018 2627 1277 2692 ἐξιόντας,
1311 2630 1405 2681 καὶ
1452 2630 1550 2699 τὴν
1577 2630 1788 2683 ὲλευθευ

228 2714 356 2784 ρίαν
403 2716 747 2784 χορεύοντας,
787 2720 882 2770 καὶ
927 2719 1067 2788 πρὸς
1129 2721 1357 2782 ἑαυτοὺς
1408 2720 1785 2791 συνεφύροντο.

224 2804 388 2861 Εἶὸεν
420 2807 552 2879 ᾅδης
578 2809 638 2862 τὸ
669 2811 864 2879 πικρὸν
902 2810 1147 2879 κέντρον,
1182 2810 1210 2863 ὃ
1240 2811 1319 2881 τῷ
1358 2814 1501 2879 γένει
1545 2813 1786 2883 καθήλω-

229 2916 324 2952 σεν
356 2902 391 2968 ή
420 2901 736 2970 παράϐασις
781 2904 1186 2975 ἐξαιρούμενον,
1215 2906 1310 2956 καὶ¹
1349 2905 1485 2973 πρὸς
1504 2904 1567 2956 τὸ
1592 2906 1812 2956 οἰκεῖς-ι’

222 2995 701 3066 ἁνακομιζομένην
734 2997 833 3065 τὴν
871 2998 1049 3065 φύσιν,
1069 2998 1168 3066 τῆς
1198 2999 1596 3069 ἐπινεμομένης
1625 2999 1788 3066 αὐτὴν

220 3085 672 3157 ἁναρῤωσθεῖσαν
736 3088 912 3150 νόσου,
960 3090 1053 3140 καὶ
1100 3088 1176 3149 ὡς
1248 3088 1430 3142 οὐκέτι
1498 3087 1785 3155 συναγάγε-

225 3176 420 3245 ρἐντα
443 3178 534 3229 τὸν
562 3178 761 3248 ταύτης
785 3178 992 3249 καρπὸν
1026 3179 1240 3241 ἐννοῶν,
1271 3178 1461 3247 ὀδύνης
1483 3179 1579 3249 τὴν
1618 3178 1791 3249 ἄπλη-

1889 1995 2016 2047 dum
2047 1996 2210 2047 vitam
2242 1994 2382 2062 apud
2413 2008 2471 2045 se
2499 1992 2743 2045 detinere
2778 1998 2951 2058 putat,
2997 1996 3240 2042 mortuos
3271 1989 3450 2042 visce-

1893 2091 2044 2141 ribus
2070 2088 2269 2155 quibus
2306 2086 2617 2146 coercebat,
2644 2080 2853 2135 eﬂ'udit.
2895 2080 3160 2149 Apparuit
3204 2078 3347 2131 enim
3383 2078 3449 2131 iis

1888 2174 1982 2243 qui
2018 2175 2070 2226 in
2107 2172 2346 2227 tenebris
2400 2184 2463 2223 ac
2492 2169 2682 2223 umbra
2715 2167 2906 2222 mortis
2934 2164 3448 2227 sedebant,0riens,

1890 2265 1983 2333 qui
2018 2277 2272 2318 occasum
2304 2260 2501 2321 nescit,
2538 2260 2683 2328 iique
2712 2257 2777 2311 ad
2820 2258 2942 2309 vitae
2981 2254 3160 2307 lumen
3194 2267 3450 2305 accurre-

1894 2364 2038 2408 runt.
2069 2352 2340 2407 Janitores
2387 2355 2645 2419 impetum
2690 2348 2809 2415 ejus
2849 2360 2911 2399 ac
2963 2344 3323 2411 praesentiam,
3354 2342 3448 2413 qui

1892 2444 1956 2499 ad
1987 2440 2211 2498 afﬂictos
2241 2437 2588 2496 ulciscendas
2620 2445 2864 2497 venerat,
2900 2434 3121 2492 minime
3169 2440 3448 2491 sustinue-

1892 2548 2037 2589 runt.
2097 2532 2430 2587 Immortalia
2497 2530 2586 2583 illa
2664 2528 3005 2596 receptacula
3090 2527 3447 2592 omnipotenti

1891 2631 2110 2681 dextera
2143 2623 2364 2693 spoliari
2393 2622 2665 2683 videntes,
2697 2618 3447 2672 cohorrueruntelllorentetn

1893 2717 2352 2783 incorruptionem
2388 2727 2450 2766 ac
2494 2711 2896 2779 corruptionem
2938 2708 3322 2769 tabescentem,
3351 2720 3448 2775 pa-

1894 2810 2134 2876 riterque
2181 2807 2279 2874 ipsi
2322 2803 2535 2857 abunde
2570 2800 2993 2856 contabuerunt.
3031 2796 3291 2851 Viderunt
3326 2810 3452 2864 ape-

1894 2900 1988 2954 riri
2019 2906 2389 2961 monumenta,
2440 2902 2797 2961 mortuosque
2823 2902 3014 2960 vegeto
3046 2889 3183 2958 pede
3234 2903 3298 2942 ac
3337 2889 3450 2942 ala-

1893 2993 1994 3057 cri,
2026 2989 2362 3046 ineluctabili
2388 3004 2417 3042 ε
2445 2986 2690 3040 custodia
2720 2983 3141 3054 progredientes,
3174 2992 3450 3051 partaeque

1892 3083 2161 3139 libertatis
2185 3079 2384 3150 gaudio
2410 3080 2640 3131 choreas
2663 3076 2946 3138 ducentes,
2974 3089 3036 3127 ac
3069 3074 3207 3142 apud
3240 3088 3297 3127 se
3320 3088 3451 3127 con-

1896 3175 2280 3229 fundebantur.
2320 3169 2468 3223 Vidit
2506 3166 2754 3222 infernus
2791 3180 3035 3219 amarum
3082 3165 3213 3217 illud
3257 3179 3321 3217 ac
3374 3164 3448 3217 le-

226 3282 354 3317 στον
386 3266 630 3335 ἐνεφόρει
660 3248 921 3336 γαστέρα.
954 3267 1136 3335 Τάφος
1185 3266 1379 3331 ξενίζει
1419 3267 1509 3321 τὸν
1538 3248 1792 3341 ὑπεράνω
1820 3248 1865 3306 C
1894 3281 1897 3315 ι

1776 3286 1792 3319 ›
1820 3248 1865 3306 C
1894 3267 2039 3321 thale
2070 3266 2359 3334 spiculmn,
2402 3275 2509 3328 quo
2539 3275 2707 3328 genus
2731 3259 3022 3311 humanum
3049 3257 3119 3310 ob
3145 3265 3447 3324 transgres-

220 3357 333 3409 τῶν
362 3357 639 3427 οὐρανῶν
671 3358 806 3410 ἀλλὰ
845 3358 941 3427 τὴν
980 3361 1223 3430 σαπρίαν
1267 3360 1374 3412 τῶν
1428 3360 1613 3428 τάφων
1657 3362 1793 3413 ἀπου

219 3447 495 3516 δυόμενοι,
540 3452 738 3519 νεαρὰν
770 3450 958 3520 στολὴν
988 3451 1084 3519 τῆς
1121 3450 1268 3519 ζωῆς
1312 3454 1360 3504 οί
1402 3454 1517 3505 ἐκεῖ
1548 3469 1787 3505 κατασα-

221 3539 420 3602 πέντες
472 3540 779 3594 ἐνδύονται·
815 3542 930 3595 ἀλλ’
968 3542 1054 3594 ἴνα
1088 3545 1183 3595 καὶ
1230 3546 1482 3611 γυναῖκες
1528 3546 1591 3596 ἐκ
1620 3544 1790 3610 τάφου

222 3633 403 3702 χαρᾶς
427 3632 723 3700 εὐαγγέλια
758 3633 1037 3699 δέξωνται,
1070 3627 1144 3687 ὧν
1173 3634 1333 3705 ἔργον
1360 3637 1393 3703 ή
1424 3634 1588 3703 λύπη,
1633 3635 1724 3686 καὶ
1758 3636 1791 3702 ή

222 3723 402 3791 πρὸςε
424 3724 591 3789 τάφον
626 3725 960 3795 κατοίκησις.
1002 3720 1110 3777 Ἦν
1145 3727 1252 3796 γὰρ
1294 3726 1355 3797 δὴ
1387 3727 1481 3779 καὶ
1508 3727 1665 3779 τοῦτο
1696 3726 1790 3777 τοῦ

224 3814 429 3875 παντὸς
482 3814 643 3884 ἔργου
695 3816 791 3882 τῆς
844 3816 1119 3885 σωτηρίας
1204 3816 1527 3878 ἀκόλουθον,
1584 3816 1794 3868 ἐκεῖθεν

222 3904 489 3957 ἀκοῦσαι·
541 3906 636 3972 Μὴ
666 3906 938 3959 κλαίετε·
981 3901 1043 3958 οὗ
1094 3906 1184 3959 διὰ
1229 3907 1326 3977 τὴν
1382 3908 1653 3973 ἀπόφασιν
1722 3906 1791 3958 τὰ

222 3994 440 4065 δάκρυα
494 3997 833 4063 ἁνεπήγαξεο
886 3998 977 4050 καὶ
1041 3996 1185 4067 ζωῆς
1239 3998 1444 4051 ἐκεῖθεν
1498 3998 1791 4067 λαμόάνειν

229 4083 547 4151 μηνύματα,
582 4077 645 4137 οὗ
671 4086 934 4154 νέκρωσις
963 4087 1349 4156 ἑπεχωρίαζεν.

1891 3361 2094 3415 sionem
2126 3355 2444 3409 transfixum
2497 3353 2665 3406 fuerat
2695 3389 2711 3412 ,
2756 3350 2865 3418 jam
2910 3356 3236 3410 extractum,
3293 3352 3449 3399 natu-

1889 3461 2113 3513 ramque
2155 3445 2207 3497 in
2264 3443 2553 3510 pristinum
2603 3441 2907 3493 restitutam
2950 3447 3175 3499 statum,
3228 3450 3444 3489 recrea-

1889 3548 2108 3604 tamque
2134 3550 2198 3588 ex
2227 3548 2292 3585 eo
2340 3547 2449 3601 quo
2489 3529 2905 3585 conflictabatur
2951 3528 3178 3592 morbo;
3226 3527 3450 3593 fereque

1890 3630 2221 3696 intelligens,
2254 3635 2312 3677 ut
2346 3639 2412 3678 ne
2444 3624 2675 3691 amplius
2702 3621 3033 3675 difﬂuentem
3062 3619 3183 3688 ejus
3208 3616 3446 3671 fructum

1887 3722 2218 3775 collecturus
2250 3726 2418 3776 esset,
2448 3713 2829 3781 inexplebilem
2882 3720 3121 3764 ventrem
3167 3724 3324 3764 suum
3368 3708 3450 3759 in-

1887 3808 2029 3880 genti
2055 3806 2304 3860 cruciatu
2344 3801 2652 3871 complevit.
2691 3799 3011 3868 Sepulcrum
3043 3812 3170 3851 eum
3215 3797 3450 3865 hospitio

1886 3898 2103 3966 excipit,
2153 3896 2244 3964 qui
2294 3893 2449 3947 melis
2504 3891 2793 3945 sublimior
2835 3900 2957 3954 est;
3004 3900 3059 3942 at
3108 3888 3305 3941 mortui
3356 3885 3449 3954 qui

1890 3990 2049 4043 isthic
2070 3992 2542 4055 computrucrant,
2573 3983 2817 4051 deposita
2857 3981 3231 4050 sepulcrorqu
3263 3988 3451 4048 putre-

1886 4084 2031 4143 dine,
2066 4094 2259 4133 novam
2293 4078 2416 4130 vitae
2446 4076 2641 4129 stolam
2693 4073 2947 4127 induunt.
2977 4071 3120 4137 Quin
3168 4080 3221 4124 et
3262 4069 3455 4123 mulie-

224 4188 317 4229 res
363 4176 578 4243 plenum
613 4175 795 4230 laetitia
836 4179 1089 4232 nuntium
1118 4194 1148 4232 e
1178 4178 1425 4247 sepulcro
1469 4179 1779 4247 accipiunt;
1819 4189 2049 4244 quorum
2099 4179 2255 4223 antea
2316 4184 2535 4231 munus,
2605 4181 2826 4229 mceror,
2862 4181 2926 4219 ac
2997 4164 3355 4218 commoratio
3396 4162 3451 4214 in

224 4267 498 4335 sepulcro.
529 4266 666 4322 Nam
695 4276 748 4321 ct
774 4269 876 4323 hoc
909 4272 1184 4324 communi
1233 4272 1429 4325 salutis
1496 4282 1695 4326 nostrae
1754 4266 2102 4339 negotiationi
2191 4272 2614 4319 consentaneum
2687 4270 2825 4323 erat,
2887 4266 2947 4312 ut
2998 4258 3126 4311 inde
3206 4256 3455 4309 audirent

226 4360 408 4413 illud:
441 4357 623 4413 Nolite
665 4364 791 4430 ﬂere
812 4362 893 4426 ⁸⁶;
945 4365 1033 4416 ubi
1091 4372 1314 4433 propter
1364 4365 1527 4417 latam
1585 4363 1909 4418 sententiam
1962 4360 2107 4431 (55),
2182 4358 2436 4425 lacrymze
2487 4356 2643 4425 copia
2695 4353 3008 4408 diffluebant
3052 4368 3064 4401 τ
3132 4357 3186 4402 et
3267 4355 3325 4400 ut
3390 4360 3457 4399 eo

223 4452 348 4506 loco
378 4450 503 4503 vitae
528 4451 727 4504 indicia
750 4455 1098 4515 sortirentur,
1127 4470 1287 4523 quem
1322 4468 1469 4508 mors
1508 4455 1660 4523 prius
1689 4454 1994 4507 obsederat.

310 4543 451 4597 Ἀλλ’
510 4542 555 4596 ὣ
615 4546 877 4615 μακάριαι
930 4550 1204 4614 γυναῖκες,
1266 4550 1360 4601 καὶ
1413 4550 1510 4618 τῆς
1557 4548 1647 4599 ἐπὶ
1702 4550 1790 4599 τὸν
1825 4551 1866 4603 υ
1966 4548 1981 4599 ξ

1784 4568 1790 4594 θ
1825 4551 1866 4603 lt
1966 4546 2092 4609 Sed,
2136 4561 2169 4600 ο
2202 4545 2372 4599 beata:
2414 4540 2694 4601 mulieres,
2724 4546 2837 4588 tum
2866 4534 2937 4590 ob
2967 4533 3256 4588 adventum
3281 4530 3455 4598 primo

222 4635 395 4701 τάφον
417 4634 730 4704 ὀρθρέσεως,
764 4637 971 4690 καὶτοῦ
1004 4638 1171 4692 καλοῦ
1201 4640 1407 4691 ἐκείνου
1435 4642 1531 4693 καὶ
1548 4637 1794 4708 φθέγμα-

1784 4668 1794 4677 ·
1901 4640 2141 4694 diluculo
2178 4637 2244 4691 ad
2285 4640 2715 4691 monumentum,
2766 4636 2878 4681 tum
2926 4626 2996 4679 ob
3034 4624 3455 4695 pulcherrimum

222 4744 315 4787 τος
334 4728 430 4780 καὶ
448 4727 734 4796 θεάματοςί
755 4729 811 4781 αἳ
838 4730 1049 4799 πρῶται
1074 4732 1173 4801 μὲν
1188 4733 1249 4784 τὸ
1267 4732 1461 4801 χωρίον
1479 4732 1575 4801 τῆς
1592 4730 1797 4801 ἀφθαρ-

1785 4762 1797 4770 -
1906 4730 2035 4783 illud
2066 4738 2121 4783 et
2165 4726 2455 4796 alloquium
2490 4731 2546 4777 et
2594 4719 2987 4791 spectaculum,
3036 4730 3157 4785 qua:
3201 4713 3456 4769 nimirum

221 4818 347 4881 σίας
361 4818 549 4890 ὡραίῳ
566 4821 685 4873 ποδὶ
710 4822 1067 4889 κατελάϐετε,
1101 4824 1311 4894 πρῶται
1328 4824 1383 4877 δὲ
1412 4823 1473 4876 τὸ
1496 4824 1636 4892 μέγα
1673 4825 1796 4892 τρό-

1787 4852 1796 4863 -
1906 4824 2091 4893 [ιιὶηιινε
2143 4817 2567 4875 immortalitatis
2617 4815 2769 4869 illum
2818 4813 2996 4867 locum
3043 4808 3292 4880 specioso
3327 4808 3458 4877 pede

334 4976 378 5007 ³⁸
403 4974 535 5031 Luc.
568 4993 723 5035 χχιιι.
746 4978 815 5031 9.8

1499 5111 1730 5165 VARUS
1770 5111 2173 5167 LECTIONES.

1741 5238 1766 5277 ε
1805 5230 1892 5285 ed.
1919 5230 2071 5301 περί.

1728 5347 1957 5404 NOTAE.

296 5234 427 5288 ded.
457 5233 658 5287 σκύτει.
740 5244 763 5271 ε
794 5233 879 5288 ed.
913 5232 1137 5287 ἀθέατα.
1255 5230 1273 5268 τ
1311 5229 1397 5285 ed.
1440 5228 1662 5299 διανοιγ.

304 5445 417 5511 (55)
454 5442 673 5503 Propter
698 5444 861 5496 latam
881 5443 1211 5496 sententiam.
1251 5442 1351 5495 Διὰ
1377 5443 1474 5510 τὴν
1500 5442 1792 5507 ἀπόφασιν.

220 5516 415 5572 Palam
444 5521 634 5567 auctor
655 5514 845 5565 alludit
879 5514 944 5564 ad
977 5512 1152 5565 locum
1180 5512 1345 5570 horti.
1370 5526 1478 5581 quo
1508 5515 1655 5577 prius
1686 5513 1791 5564 lata

228 5585 334 5639 fuit
373 5585 562 5638 mortis
597 5583 893 5642 sententia,
930 5582 1169 5636 auctrice
1218 5582 1415 5635 femina
1465 5583 1790 5650 praevarica-

228 5654 420 5715 tionis,
454 5654 506 5706 in
559 5654 720 5718 cuius
746 5667 958 5721 ptenam
1012 5652 1101 5705 illa
1151 5652 1258 5704 lata
1294 5661 1419 5706 est:
1454 5651 1611 5719 cujus
1664 5654 1786 5705 ideo

228 5740 434 5778 munus
467 5725 537 5776 sit
586 5738 789 5776 mceror
830 5737 893 5773 ac
949 5721 1210 5775 habitatio
1254 5723 1305 5774 in
1364 5722 1644 5787 sepulcro;
1688 5736 1781 5787 pa-

231 5794 426 5847 rientis
453 5793 505 5845 in
533 5806 784 5852 mmrorc,
821 5793 877 5843 ὲν
908 5790 1101 5852 ὶύπαις
1125 5808 1137 5820 ·
1166 5793 1217 5844 in
1249 5791 1498 5853 lristiliis,
1537 5806 1697 5858 quam
1729 5801 1779 5843 ct

234 5872 427 5918 auctor
451 5864 643 5918 retinet
685 5878 889 5924 vocem,
944 5875 1043 5917 nec
1076 5861 1178 5917 nisi
1220 5863 1474 5916 mortales
1510 5878 1571 5916 ac
1600 5861 1769 5929 srpul»

1903 5444 1982 5495 cri
2026 5443 2376 5495 habitatores.
2420 5439 2663 5493 mortalis
2698 5439 2810 5506 ipsa
2850 5452 2913 5490 ac
2969 5435 3202 5504 sepulcri
3260 5435 3455 5489 incola.

1900 5510 2186 5581 Perperam
2214 5525 2344 5576 ergo
2391 5509 2678 5581 interpres,
2702 5516 2898 5581 aptant
2956 5521 3163 5566 vocem,
3193 5520 3301 5581 non
3334 5515 3455 5574 apta

1897 5576 2263 5641 comlttutans,
2287 5580 2573 5640 ἀπόϐασιν,
2606 5578 2723 5631 ἀντὶ
2752 5577 3022 5642 ἀπόφασιν
3042 5591 3055 5603 ·
3085 5576 3227 5639 quod
3256 5590 3452 5628 secun-

1892 5651 2020 5705 dum
2045 5658 2358 5704 constanter
2397 5650 2594 5701 habent
2636 5647 2872 5705 codices,
2907 5661 3003 5697 sua
3042 5659 3147 5697 non
3179 5645 3339 5705 bona,
3387 5660 3455 5698 ac

1891 5722 2140 5775 acumine
2190 5735 2376 5777 vacua.
2417 5719 2573 5772 bonis
2615 5734 2674 5772 ac
2710 5716 3003 5770 subtilibus
3048 5716 3283 5767 auctoris
3314 5720 3455 5768 sub-

1886 5792 2080 5846 stituit.
