4232 6444
763 406 782 468 1
801 406 851 468 ll
1978 407 2167 468 LEON
2179 407 2250 468 IS
2307 408 2437 468 Plll
2454 411 2770 471 LOSOPHI

3893 407 3996 470 112

763 522 1075 590 presseritis
1101 537 1116 586 ;
1143 520 1438 592 primaeque
1489 534 1740 590 magnum
1769 521 1900 575 illud
1934 530 2198 590 tropaeum
2227 536 2328 574 au-
2356 523 2405 581 Α
2431 545 2434 555 ι

2322 549 2328 562 -
2356 523 2405 581 Α
2431 541 2587 574 παιον
2621 521 2923 594 ἀκηκόατεο
2959 524 3092 592 ᾅδην
3123 524 3502 584 σκυλευθέντα,
3531 525 3625 576 καὶ
3655 523 3993 591 νεκρωθέντα

762 615 997 680 dierltis,
1041 627 1234 680 nempe
1260 612 1552 681 spoliatum
1602 610 1899 676 infernum,
1930 624 2158 667 mortem
2205 627 2329 682 per-

763 717 1046 777 emptam,
1107 705 1518 772 corruptionem
1573 703 1844 772 profunilo
1897 718 2152 756 mersam.
2210 703 2328 757 Non

765 799 998 867 amplius
1034 805 1252 866 propter
1283 797 1491 864 lapsum
1523 795 1802 848 vocandus
1837 795 1886 847 in
1919 796 2124 846 crimen
2166 809 2330 848 sexus

765 886 1052 952 lentineus,
1084 903 1179 956 per
1206 885 1721 965 quem'resurrectio
1748 883 1924 938 fausto
1952 885 2328 937 annttnlielur.

763 974 880 1034 Non
923 981 1156 1050 amplius
1205 989 1429 1048 propter
1479 978 1708 1047 primam
1782 977 1997 1044 generis
2054 987 2328 1040 parentem

765 1071 1024 1125 tnulicres
1050 1071 1254 1142 pudore
1284 1071 1645 1138 oliteguntur;
1672 1069 1869 1138 quippe
1898 1083 2018 1137 qua:
2051 1069 2191 1129 laeta,
2215 1075 2328 1120 tum

764 1164 925 1228 l'acie,
959 1173 1071 1215 tum
1106 1163 1308 1230 lingua,
1341 1161 1525 1226 prima:
1563 1160 1747 1229 gaudii
1798 1161 1985 1213 nuntia
2032 1159 2328 1226 perferunt.

763 1254 808 1309 Ο
834 1255 1018 1308 felices
1053 1269 1232 1314 aures,
1265 1268 1385 1321 quae
1425 1260 1550 1303 ante
1583 1251 1717 1304 alias
1766 1251 1844 1304 rei
1878 1261 2040 1304 tanta:
2083 1249 2327 1302 auditum

763 1348 1119 1414 acceperunt!
1151 1344 1194 1398 Ο
1227 1345 1410 1397 felices
1439 1341 1649 1405 oculos,
1686 1341 1778 1408 qui
1809 1343 1972 1395 vitam
2005 1341 2228 1410 jamjam
2263 1355 2327 1394 ex

763 1439 1036 1506 sepulcro,
1085 1439 1231 1489 velut
1292 1435 1359 1488 ab
1414 1432 1636 1488 Oriente
1687 1435 1858 1487 solem
1907 1433 2135 1487 rutilare
2179 1431 2332 1486 vide-

764 1531 924 1582 runt!
959 1528 1002 1583 Ο
1037 1528 1222 1582 felices
1270 1542 1484 1591 manus,
1529 1543 1649 1595 quae
1699 1525 1884 1593 pedes,
1937 1525 2139 1593 quibus
2183 1539 2330 1578 mors

767 1621 868 1674 fuit
899 1620 1219 1673 conculcata
1252 1618 1636 1688 contigerunt!
1674 1614 1870 1668 Verum
1915 1619 2008 1678 ite,
2054 1632 2153 1669 nec
2203 1618 2332 1670 solae

767 1717 842 1770 rei
872 1724 1035 1767 tanta:
1063 1716 1393 1782 voluptatem
1427 1711 1688 1782 percipite
1716 1710 1728 1761 l
1783 1711 1963 1774 Abite,
2001 1712 2333 1780 tristitiaque

763 1805 1016 1860 coniecto
1064 1804 1326 1872 praeclaro
1373 1804 1446 1856 illi
1507 1804 1678 1856 choro
1723 1802 2044 1856 inchoanda:
2094 1804 2332 1856 exsulta-

2432 613 2521 665 τὸν
2551 614 2798 677 θάνατον,
2859 615 2954 668 καὶ
2997 615 3201 683 φθορὰν
3252 615 3626 666 καταδυείσαν.
3679 611 3876 664 Οὐκέτι
3939 612 3998 662 ἐν

2433 709 2581 778 αἰτία
2611 710 2697 760 διὰ
2740 709 2800 761 τὸ
2833 711 3034 779 πτῶμα
3075 710 3136 761 τὸ
3190 708 3322 777 θῆλυ
3366 709 3552 775 γένος·
3583 707 3649 759 δι’
3687 705 3862 759 αὐτῶν
3889 705 3998 772 γάρ

2433 801 2838 868 εὐαγγελίζεται
2888 803 2919 869 ή
2973 801 3291 859 ἀνάστασις.
3323 800 3518 850 Οὐκέτι
3541 798 3629 851 διὰ
3656 797 3752 868 τὴν
3779 796 3998 865 προμή-

2432 913 2562 964 τορο.
2592 895 3020 962 ἑγκαλύπτονται
3044 911 3058 926 ο
3111 888 3272 945 αὗται
3305 891 3411 962 γὰρ
3443 889 3654 962 φαιδρῷ
3696 889 3789 942 καὶ
3829 904 4000 956 προσ-

2431 988 2565 1056 ώπῳ
2585 990 2679 1038 καὶ
2707 986 2946 1058 γλώσσῃ,
2967 985 3198 1055 πρῶται,
3217 987 3315 1052 τὴν
3345 983 3519 1053 χαρὰν
3541 979 3996 1048 ἀπαγγέλλουσιν.

2434 1081 2496 1132 Ὢ
2533 1080 2718 1147 ἀκοῆς,
2751 1083 2783 1149 ἣ
2814 1079 2916 1146 πρὸ
2935 1077 3043 1128 τῶν
3063 1077 3237 1130 ἄλλων
3256 1075 3492 1146 ὲνηχήθη
3515 1073 3780 1142 τοσαύτην
3806 1071 3996 1138 ἀκοήνί

2436 1172 2498 1223 ’Ὠ
2535 1170 2849 1238 ὀφθαλμῶν,
2894 1169 2942 1221 οἳ
2991 1169 3089 1237 τὴν
3135 1168 3278 1236 ζωὴν
3312 1168 3434 1237 ἄρτι
3462 1165 3556 1217 τοῦ
3588 1165 3755 1232 τάφου
3809 1161 4001 1228 ὥσπερ

2431 1261 2694 1329 ἀνατολῆς
2723 1261 3078 1331 ἀστράψασαν
3112 1258 3438 1310 ἐθεάσαντοί
3477 1256 3540 1308 Ὢ
3564 1255 3782 1324 χειρῶν,
3820 1251 4001 1304 ποδῶν

2433 1353 2723 1424 ἁψαμένων
2754 1351 3252 1418 καταπατησάντων
3273 1347 3496 1416 φθοράνί
3539 1345 3674 1399 Ἀλλ’
3698 1344 3878 1406 ἄπιτε,
3903 1343 4001 1394 καὶ

2437 1446 2510 1515 μὴ
2553 1446 2709 1514 μόναι
2763 1444 3034 1510 τρυφᾶτεί
3077 1443 3292 1504 Ἀπιτε,
3321 1437 3521 1508 καὶτῷ
3556 1436 3706 1506 καλῷ
3745 1435 4001 1504 0x250900-

2433 1537 2658 1598 πάζοντι
2712 1534 2858 1605 χορῷ
2930 1535 3028 1601 τῆς
3075 1534 3446 1600 ἀγαλλιάσεως
3490 1529 3548 1584 τὸ
3597 1528 3873 1596 ἐνδόσιμον
3923 1526 4004 1577 εἶ·-

2433 1644 2592 1680 πατε.
2643 1628 3054 1696 Ἀπιστήσουσιν
3084 1625 3212 1686 ἴσως
3233 1627 3344 1686 τοῖς
3378 1624 3606 1694 ῥήμασι,
3634 1622 3732 1689 τὴν
3760 1619 4000 1670 παλαιὰν

2433 1721 2830 1782 ὑποπτεύοντες
2862 1719 3106 1784 ἀπάτηψ
3138 1716 3252 1768 ἀλλ’
3303 1716 3596 1783 ὀφθαλμοῖς
3635 1712 3852 1774 οἰκείοις
3907 1727 4000 1761 ττι-

2435 1809 2768 1862 στεύσουσιν.
2823 1809 2936 1860 Οὺκ
2983 1805 3293 1871 ἀξιόπιστον
3345 1805 3406 1856 τὸ
3456 1804 3719 1872 ὑμέτερον
3751 1799 4003 1870 νομιοῦσι

764 1896 934 1950 tionis
969 1868 1181 1964 signum
1208 1894 1377 1948 date!
1412 1892 1529 1946 Non
1560 1904 1688 1948 sunt
1729 1892 1866 1946 forte
1909 1894 2090 1947 verbis
2135 1893 2331 1948 vestris
2365 1868 2405 1923 Β

2330 1933 2331 1940 η
2365 1868 2405 1923 Β
2435 1903 2698 1971 κήρυγμα
2720 1914 2734 1928 ⁶
2769 1899 2883 1952 ἀλλ’
2913 1897 3340 1966 αἰδεεθήσονται,
3371 1896 3468 1965 οὐχ
3495 1895 3575 1946 ὅτι
3609 1894 3764 1962 μόνον
3797 1893 3878 1953 είς
3902 1891 4001 1960 τὴν

765 1988 1000 2042 habituri
1056 1987 1235 2051 fidem,
1271 1995 1507 2042 veterem
1561 1985 1776 2039 t'cveriti
1828 1985 2245 2054 deceptionem;
2279 1995 2333 2038 at

766 2080 1002 2147 propriis
1032 2078 1207 2133 oculis
1237 2078 1480 2132 credent.
1525 2075 1684 2132 Forte
1717 2077 1969 2147 indignas
2001 2093 2097 2132 vos
2145 2093 2334 2133 cense-

766 2171 923 2232 bunt,
964 2173 1162 2239 quibus
1204 2171 1558 2224 narrantibus
1602 2186 1887 2224 assensum
1932 2172 2232 2240 praebeant;
2281 2183 2334 2224 at

764 2266 1181 2325 revereliuntur,
1224 2278 1330 2316 non
1376 2277 1442 2317 eo
1481 2263 1746 2316 duntaxat
1799 2263 1956 2316 titulo
2003 2263 2146 2329 quod
2179 2262 2334 2317 vobis

767 2355 842 2408 illi
872 2355 924 2408 in
959 2356 1204 2422 magistri
1238 2354 1386 2407 cultu
1436 2368 1500 2407 ac
1537 2355 1744 2408 honore
1790 2353 2077 2408 inferiores
2116 2355 2333 2407 exstite-

767 2446 896 2508 rint,
929 2461 1114 2498 verum
1145 2445 1310 2498 etiam
1340 2446 1484 2513 quod
1530 2443 1708 2497 fausto
1737 2444 1873 2497 adeo
1906 2444 2100 2496 nuntio
2127 2443 2333 2513 primas

766 2539 1016 2589 teneatis.
1077 2534 1170 2598 Ite,
1223 2543 1390 2602 utque
1440 2535 1506 2588 ad
1551 2534 1827 2588 Pastorem
1887 2543 2196 2599 recurrant,
2225 2549 2333 2604 quo

768 2643 1030 2696 percusso
1059 2627 1318 2696 dispersa
1347 2635 1474 2681 sunt
1518 2641 1648 2681 Oves
1671 2669 1686 2692 ,
1737 2643 1860 2681 cum
1893 2628 1982 2681 ille
2004 2627 2115 2694 jam
2150 2627 2332 2697 requi-

767 2721 952 2774 rentlis
998 2721 1276 2774 incumbat
1313 2720 1462 2790 (36),
1509 2729 1873 2776 commoneto.
1930 2719 2191 2789 Dispersit
2237 2735 2333 2776 eas

769 2814 1187 2882 percntientium
1246 2823 1399 2865 atrox
1455 2812 1710 2876 facinus;
1763 2814 2176 2882 congregaverit
2213 2813 2333 2883 ejus

769 2906 1029 2976 potentia,
1079 2904 1172 2974 qui
1225 2919 1332 2972 qua
1387 2907 1597 2958 ratione
1650 2905 1750 2958 fuit
1795 2919 2112 2974 percussus,
2144 2904 2332 2960 hostes

771 2999 1120 3068 disperdidit.
1163 2998 1584 3052 Ahsconderunt
1620 3015 1696 3059 se,
1732 3008 1789 3051 ut
1844 2997 2042 3068 [legem
2077 2997 2333 3050 vulnera-

768 3101 882 3144 tum
918 3090 1201 3154 vidissent,
1236 3090 1494 3159 brevique
1516 3099 1760 3159 tempore
1783 3092 1853 3143 οΙ)
1892 3089 2174 3144 molestias
2209 3088 2333 3142 inde

2431 1994 2524 2046 τοῦ
2570 1992 2890 2046 διδασκάλου
2941 1992 3104 2058 τιμὴν
3141 1988 3294 2056 ὑμῶν
3325 1988 3672 2048 ἀπελίποντο,
3710 1983 3844 2038 ἀλλὰ
3899 1983 3998 2035 καὶ

2432 2087 2506 2148 ὡς
2536 2085 2726 2156 πρῶτα
2757 2083 3027 2154 φερούσας
3052 2081 3130 2151 τῷ
3157 2080 3427 2149 ἀξιώματι
3479 2078 3570 2131 τοῦ
3617 2077 3998 2146 κηρύγματος.

2445 2177 2768 2231 Ἀπέλθετε·
2813 2177 2908 2228 καὶ
2963 2168 3024 2228 οὗ
3079 2172 3445 2242 παταχθέντος
3501 2170 3754 2237 ποιμένος
3807 2168 4002 2234 ἐσκορ-

2436 2271 2600 2338 πίσθη
2632 2272 2700 2321 τά
2745 2269 3012 2338 πρόϐατα,
3050 2265 3146 2319 νῦν
3194 2267 3274 2327 είς
3323 2264 3652 2330 ἀναζήτησιν
3690 2258 3868 2314 αὐτῶν
3921 2257 4003 2310 δι-

2433 2364 2763 2425 αναστάντος
2788 2361 3060 2430 μηνύσατε
3089 2358 3461 2428 προσδραμεῖν
3535 2353 3857 2421 Ἐσκόρπισε
3891 2350 4003 2404 τῶν

2435 2449 2790 2514 παταξάντων
2823 2451 2857 2516 ἡ
2892 2447 3196 2516 μιαιφονία,
3225 2443 3523 2513 συναγάγοι
3553 2445 3587 2511 ἡ
3611 2441 3821 2495 ἐκείνου
3843 2441 4006 2492 δυνα-

2435 2540 2610 2604 στεία,
2643 2538 2737 2592 τοῦ
2765 2540 2822 2590 ἐν
2851 2537 2927 2606 τῷ
2974 2534 3321 2605 πεπατάχθαι
3375 2535 3502 2596 τοὺς
3551 2531 3780 2600 ἐχθροὺς
3807 2527 4008 2582 ἀπολέ-

2436 2649 2652 2693 σαντος.
2699 2629 3058 2699 Ἐκρύὸησαν,
3090 2628 3164 2691 ὡς
3215 2622 3354 2679 εἶδον
3408 2621 3882 2696 τραυματισθέντα
3909 2619 4004 2673 τὸν

2435 2723 2693 2784 Βασιλέα,
2728 2723 2824 2775 καὶ
2845 2722 2980 2793 πρὸς
3010 2719 3183 2790 βραχὺ
3214 2718 3322 2772 τῶν
3355 2716 3564 2770 ἐκεῖθεν
3599 2715 3777 2768 πόνων
3817 2710 4001 2765 ὐπνὼο

2436 2836 2634 2874 σανταο
2691 2818 3022 2887 προΐτωσαν.
3091 2816 3310 2884 Ἀνέστη
3340 2814 3468 2883 γὰρ,
3523 2812 3615 2864 καὶ
3657 2807 4002 2880 τραυματίας

2436 2915 2560 2975 τοὺς
2613 2910 2964 2967 ὑπεναντίους
3029 2907 3230 2975 δείξας,
3291 2904 3687 2976 τροπαιοφόρος
3743 2899 4000 2970 προάγει.

2440 3003 2614 3072 Δεῦρό
2651 3019 2764 3073 μοι,
2790 2998 3037 3071 Παρθένε
3086 3000 3278 3069 μῆτερ,
3309 2995 3566 3062 ἐξελοῦσα
3595 2993 3691 3062 τὴν
3723 2989 4004 3062 ῥομφαίαν

2436 3097 2470 3166 ἣ
2493 3094 2590 3164 τὴν
2619 3093 2844 3164 καρδίαν
2876 3092 3119 3161 διέτεμνε
3143 3088 3484 3160 κρεμάμενον
3499 3085 3589 3138 τὸν
3610 3082 3739 3136 Υίὸν
3765 3079 4002 3153 δρώσης,

767 3193 962 3240 cnatas
991 3196 1184 3237 somno
1214 3193 1431 3251 captum
1460 3198 1474 3247 ;
1521 3198 1669 3237 nunc
1726 3182 2043 3251 procedant.
2085 3180 2335 3235 Surrexit
2363 3200 2404 3258 ε

2332 3221 2335 3230 ι
2363 3200 2404 3258 c
2438 3187 2532 3240 νῦν
2555 3181 2640 3238 οἶα
2671 3182 3099 3254 ἐπραγματεύθη
3132 3179 3359 3250 καθόρα,
3387 3179 3481 3232 καὶ
3514 3176 3616 3246 τῆς
3663 3171 4003 3242 εὐφροσύνης

770 3277 941 3339 enim,
999 3273 1428 3342 vulneribusque
1482 3272 1750 3327 confectis
1787 3273 2143 3334 adversariis,
2194 3287 2334 3341 pra!-

771 3368 922 3421 claro
956 3366 1231 3434 triumpho
1263 3367 1436 3419 victor
1470 3367 1645 3434 praeit.
1673 3365 1895 3429 Adesto,
1922 3362 2089 3435 Virgo
2113 3377 2332 3434 parens,

768 3473 1006 3528 cumque
1027 3458 1206 3512 exime
1248 3456 1510 3528 gladium,
1541 3457 1632 3524 qui
1667 3456 1899 3510 videntis
1925 3471 1955 3510 e
1985 3470 2148 3510 cruce
2201 3472 2334 3525 pen-

769 3553 986 3606 dentem
1052 3550 1249 3604 Filium
1325 3565 1422 3604 cor
1485 3548 1807 3615 transfodit;
1873 3565 2039 3609 nunc,
2103 3563 2223 3618 qua:
2279 3559 2336 3603 et

767 3653 973 3713 quanta
999 3643 1300 3704 evenerint,
1341 3643 1570 3702 intuere.
1597 3642 1894 3712 gloriaeque
1927 3650 1979 3695 et
2016 3641 2336 3695 exsultatio-

769 3735 858 3789 nis
889 3733 1172 3803 particeps
1197 3734 1429 3788 ellicere.
1471 3730 1720 3788 Claustra
1760 3747 1824 3786 ac
1865 3743 2034 3802 porte
2068 3733 2336 3787 inelucta-

770 3825 908 3882 biles
947 3825 1242 3881 cunl‘ractze
1267 3835 1394 3880 sunt
1424 3844 1436 3878 :
1469 3825 1523 3880 in
1549 3824 1764 3878 vincula
1791 3823 2070 3893 conjectus
2105 3832 2190 3879 est
2223 3825 2334 3891 ille,

769 3918 862 3985 qui
896 3917 1128 3972 vinculis
1156 3917 1504 3972 liberatorem
1541 3917 1765 3984 alligare
1806 3916 2057 3972 tentavit.
2108 3915 2338 3986 Compe-

770 4009 868 4063 iliti
913 4009 1096 4064 educti
1128 4019 1257 4065 sunt
1295 4025 1325 4064 e
1372 4010 1535 4062 domo
1575 4009 1837 4064 carceris.
1883 4007 2240 4078 lmpassibilis
2268 4023 2337 4062 ex

770 4102 1022 4171 sepulcro
1051 4100 1272 4171 prodiit,
1309 4101 1401 4167 qui
1443 4101 1768 4170 virginitatis
1802 4102 2059 4171 pudorem
2107 4101 2334 4157 illaesum

769 4203 824 4246 et
848 4193 1138 4253 intactum,
1173 4207 1295 4245 cum
1327 4201 1666 4256 nasceretur,
1695 4191 2020 4248 custodivit:
2060 4199 2120 4244 ut
2147 4206 2336 4261 quem-

769 4283 1061 4338 admodum
1110 4285 1419 4352 auspicans,
1472 4284 1544 4336 ita
1589 4291 1642 4337 ct
1679 4298 2091 4349 consummatis,
2135 4292 2338 4338 nostra;

770 4375 963 4428 salutis
1022 4389 1188 4428 causa
1243 4384 1557 4443 susceptmn
1615 4373 1883 4429 inelTabile
1921 4390 2084 4444 opus,
2129 4384 2337 4429 natura;

769 4467 1042 4521 transiliat
1071 4467 1217 4537 leges
1250 4483 1265 4519 :
1300 4483 1612 4536 quanquam
1657 4469 1768 4521 illic
1797 4483 2012 4538 quoque
2050 4468 2335 4522 formatio-

2437 3281 2530 3334 καὶ
2582 3280 2678 3350 τῆς
2713 3277 2868 3347 δόξης
2908 3275 3166 3330 ἀπόλαυε.
3197 3272 3278 3326 Τά
3330 3270 3553 3344 κλεῖθρα
3603 3267 3698 3321 καὶ
3731 3265 3898 3319 πύλαι
3942 3262 4003 3317 αἱ

2437 3372 2675 3439 ἄφυκται
2708 3367 3131 3438 συνετρίϐησαν·
3159 3367 3188 3418 ὁ
3237 3362 3516 3433 πειραθεὶς
3541 3359 3632 3412 τδν
3661 3359 3860 3430 ρύστην
3889 3357 4005 3418 τοῖς

2439 3464 2630 3519 ἐαυτοῦ
2674 3462 2987 3516 συντάττειν
3037 3459 3300 3528 δεσμίοις,
3337 3455 3530 3524 ἐδέθη·
3588 3453 3648 3517 ἐξ
3703 3454 3852 3504 οἴκου
3893 3465 4000 3516 φυο

2437 3555 2608 3624 λακῆς
2660 3556 2709 3607 οί
2763 3552 3127 3621 πεπεδημένοι
3182 3547 3521 3618 ἐξήχθησαν·
3585 3541 3852 3614 προῆλθεν
3935 3539 4006 3593 ἐκ

2435 3647 2614 3714 ταφῆς
2673 3643 2912 3714 ἀπαθὴς,
2942 3645 2972 3696 ό
3003 3643 3101 3713 τὴν
3141 3643 3354 3711 μήτραν
3399 3636 3582 3706 ἀπαθῆ
3629 3636 3686 3688 ἐν
3714 3633 3794 3704 τῷ
3828 3631 4004 3686 ἐλθεῖν

2435 3739 2678 3810 φυλάξας
2698 3753 2713 3768 ο
2745 3735 2934 3807 ὥσπερ
2985 3734 3306 3804 ἀρχόμενος,
3349 3729 3491 3784 οὕτω
3541 3727 3638 3782 καὶ
3663 3723 3908 3790 τελειῶν,
3939 3724 4005 3776 τὸ

2437 3832 2577 3903 ὑπὲρ
2631 3829 2790 3902 ἡμῶν
2837 3829 3220 3899 πανάφραστον
3259 3825 3440 3895 ἔργον,
3481 3823 3607 3885 τοὺς
3643 3819 3744 3889 τῆς
3787 3815 4006 3888 φύσεως

2436 3925 2630 3993 νόμους
2663 3920 2990 3992 ὑπερπηδῶν
3011 3935 3025 3950 °
3058 3919 3108 3972 εἰ
3143 3919 3239 3972 καὶ
3269 3916 3427 3986 τηρεῖ
3469 3914 3632 3968 κάκεῖ
3664 3913 3756 3964 τόν
3807 3909 4005 3980 χρόνον

2436 4017 2534 4084 τῆς
2565 4014 2924 4075 διαπλάσεως,
2960 4009 3048 4066 ῖνα
3100 4010 3174 4080 μὴ
3203 4008 3471 4076 φαντάσαι
3520 4004 3650 4075 δόξῃ
3700 4002 3801 4072 τὴν
3829 4000 4005 4068 πρόσ-

2436 4104 2632 4176 ληψιν·
2668 4103 2942 4158 κάνταῦθα
2993 4101 3092 4172 τὴν
3148 4103 3207 4154 ἐν
3257 4099 3412 4167 τάφῳ
3473 4098 3772 4166 τριήμερον
3827 4107 4005 4144 κατα-

2437 4201 2649 4268 δέχεται
2699 4194 2900 4262 ξενίαν,
2931 4192 3190 4262 θειοτὲρῳ
3222 4185 3509 4258 μυστηρίῳ
3555 4183 4008 4250 διοικονομουμέ-

2439 4307 2554 4358 νην.
2586 4280 2740 4340 Aemi
2782 4284 2891 4356 γάρ
2925 4301 3036 4355 μοι,
3064 4281 3294 4352 τριπλῆς
3341 4277 3507 4348 οὔσης
3545 4273 3752 4340 τάξεως
3783 4272 3882 4340 τῆς
3909 4271 4005 4324 ἀν-

2437 4381 2715 4452 θρωπίνης
2749 4377 2913 4446 ζωῆς,
2976 4373 3068 4442 ἀφ’
3090 4366 3152 4426 οὗ
3209 4373 3306 4441 τῆς
3361 4368 3615 4439 πατρίδος
3679 4364 4003 4434 ἡλάοημεν·

2441 4472 2534 4524 καὶ
2562 4470 2667 4523 τῶν
2703 4469 2801 4538 μὲν
2829 4466 2934 4537 πρὸ
2965 4465 3129 4534 νόμου
3151 4502 3167 4529 ,
3198 4463 3306 4516 τῶν
3351 4461 3407 4514 δὲ
3453 4461 3558 4515 ὑπὸ
3580 4459 3740 4527 νόμον
3763 4497 3778 4520 ,
3809 4453 3920 4508 τῶν
3944 4454 4006 4507 δὲ

767 4560 850 4612 nis
877 4567 1094 4627 tempus
1124 4567 1326 4622 servet,
1366 4575 1429 4613 ne
1465 4560 1610 4613 inani
1651 4568 1867 4612 tantum
1903 4559 2085 4629 specie
2111 4575 2332 4614 carnem
2367 4534 2409 4586 1)

2330 4589 2332 4611 ι
2367 4534 2409 4586 1)
2442 4560 2558 4633 μετ’
2590 4534 2815 4622 ἐκεῖνον,
2851 4534 2943 4611 καὶ
2979 4558 3077 4626 τὴν
3118 4557 3175 4607 ἐν
3207 4555 3388 4624 χάριτι
3419 4550 3564 4620 ζωὴν
3596 4546 4001 4616 ἀπολαχόντων.

766 4665 1048 4705 assumere
1103 4651 1386 4713 videatur;
1448 4649 1643 4718 hicque
1717 4649 1980 4703 triduana:
2041 4651 2337 4718 sepulturze

764 4740 1086 4811 hospitium,
1138 4758 1492 4810 moramque,
1544 4743 1797 4796 diviniori
1855 4743 2040 4812 utique
2104 4741 2338 4796 consilio

765 4837 1164 4904 ilispensatain,
1203 4834 1477 4888 admittat.
1520 4833 1660 4887 Puto
1700 4833 1871 4896 enim,
1911 4847 2034 4887 cum
2085 4832 2336 4886 humanae

764 4928 886 4979 vita:
919 4925 1111 4994 triplex
1143 4925 1212 4978 sit
1240 4934 1418 4978 status
1450 4939 1513 4976 ex
1561 4940 1624 4976 eo
1654 4933 1900 4992 tempore
1927 4938 2034 4992 quo
2063 4938 2128 4976 ex
2159 4923 2333 4992 patria

758 5015 918 5084 ejecti
947 5032 1161 5077 smnus,
1190 5032 1254 5068 ac
1278 5017 1366 5069 alii
1392 5015 1612 5084 quidem
1651 5016 1765 5084 lege
1817 5017 2047 5084 priores,
2098 5015 2192 5069 alii
2225 5016 2329 5070 sub

764 5109 898 5179 lege,
933 5109 1021 5160 alii
1053 5117 1174 5178 post
1207 5110 1377 5177 legem
1431 5124 1493 5162 ac
1522 5123 1640 5161 eam
1676 5123 1796 5176 qnce
1826 5115 1909 5160 est
1950 5109 2003 5161 in
2046 5109 2218 5178 gratia
2247 5107 2326 5161 vi—

761 5211 873 5254 tam
907 5203 1189 5255 consecuti
1229 5202 1339 5254 sint
1378 5217 1390 5252 :
1434 5202 1635 5268 ipsum,
1664 5201 1756 5268 qui
1805 5200 1998 5254 salutis
2037 5201 2327 5255 universo-

760 5303 883 5347 rum
935 5307 1099 5346 causa
1150 5303 1380 5345 mortem
1433 5294 1585 5345 obire
1657 5293 1951 5362 elegisset,
2015 5292 2328 5346 triduanam

757 5384 963 5438 mundo
991 5385 1236 5440 initiasse
1284 5387 1739 5439 resui'rei-tionmn
1790 5401 1942 5455 :quo
1992 5388 2190 5455 cuique
2232 5401 2327 5456 ge-

759 5478 910 5533 neris
933 5478 1190 5548 portioni,
1225 5480 1340 5547 pari
1388 5495 1614 5532 numero
1644 5479 1876 5542 dierum,
1908 5479 2106 5548 quibus
2151 5479 2202 5531 in
2244 5479 2328 5532 in-

2437 4654 2529 4706 τδν
2581 4653 2720 4721 ὑπὲρ
2760 4651 2858 4717 τῆς
2903 4648 3120 4702 πάντων
3165 4644 3440 4712 σωτηρίας
3495 4642 3676 4694 θανεῖν
3723 4639 4002 4706 ἑλόμενον,

2433 4745 2730 4816 τριήμερον
2790 4740 3097 4811 ἐγκαινίσαι
3139 4738 3218 4808 τῷ
3282 4737 3472 4806 κόσμῳ
3528 4734 3626 4805 τὴν
3681 4733 4001 4793 ἀνάστασιν,

2433 4837 2637 4910 ἑκάστῃ
2674 4835 2838 4906 μοίρᾳ
2887 4833 2982 4886 τοῦ
3012 4833 3205 4901 γένους
3247 4831 3346 4900 τὴν
3386 4827 3701 4898 ἐλευθερίαν
3731 4825 4006 4893 ἐπισφρα-

2433 4928 2670 4997 γίζοντα,
2722 4929 2820 4993 τῆς
2861 4925 3064 4995 φθορᾶς
3113 4924 3357 4993 όμολόγῳ
3409 4922 3567 4991 μέρει
3615 4919 3714 4988 τῆς
3744 4917 3880 4987 πρὸς
3909 4915 4003 4988 τὸν

2439 5021 2571 5092 ᾅδην
2622 5018 2786 5072 αὑτοῦ
2820 5018 3198 5079 καταϐάσεωςὶ
3230 5017 3290 5067 Εἰ
3323 5013 3381 5067 δέ
3419 5030 3495 5082 τῳ
3539 5011 3711 5080 φίλον,
3761 5009 3857 5062 καὶ
3900 5006 4003 5078 τὴν

2434 5106 2550 5165 οἷον
2585 5109 2679 5162 τοῦ
2718 5111 2907 5173 γένους
2939 5106 3381 5175 ἀναστοιχείωσιν
3405 5105 3484 5166 εἰς
3513 5101 3692 5154 αἰτίαν
3717 5099 3871 5166 ἄγειν
3897 5097 4000 5167 τῆς

2436 5199 2766 5268 Δεσποτικῆς
2827 5197 3191 5256 ἀναστάσεως,
3225 5195 3319 5245 xxi.
3373 5193 3463 5244 διὰ
3490 5190 3551 5243 τὸ
3580 5194 3786 5254 ταύτην
3841 5189 4000 5255 ἐνερ-

2437 5291 2708 5362 γουμένην
2741 5290 2846 5342 ὑπὸ
2894 5291 2991 5357 τῆς
3029 5284 3402 5354 τελεσιουργοῦ
3438 5285 3546 5335 τῶν
3574 5282 3710 5334 ὄλιυν
3750 5277 4001 5348 Τριάδος,

2435 5385 2582 5452 τρισὶ
2615 5377 3006 5433 καταλελῦσθαι
3035 5378 3124 5428 τὸν
3152 5375 3379 5428 θάνατον
3427 5372 3531 5424 ὑπὸ
3578 5368 3670 5422 τοῦ
3730 5365 4000 5419 Δεσπότου

2434 5477 2540 5529 τῶν
2588 5475 2723 5527 ὅλων
2766 5472 3019 5542 ἡμέραις,
3056 5468 3174 5522 οὐδέ
3208 5466 3276 5519 τὰ
3328 5466 3456 5535 παρ’
3488 5463 3640 5534 ἡμῶν
3669 5461 3748 5524 εἷς
3776 5477 3830 5511 τι
3863 5473 4002 5530 συμ-

2263 5634 2493 5706 NCT/Lf.

825 5729 937 5796 (55)
971 5728 1104 5784 Cum
1160 5731 1246 5783 ille
1271 5731 1385 5796 jam
1427 5733 1747 5801 requirendi:
1787 5731 2073 5783 incutiebat,
2135 5730 2320 5783 Καταο

757 5806 978 5861 enim;
1020 5803 1098 5858 είς
1139 5801 1491 5870 ἀναζήτησιν.
1551 5801 1844 5869 Petspicuzi
1877 5819 1941 5854 ac
1999 5802 2320 5855 auctoribus

755 5873 985 5940 probata
1018 5872 1252 5943 phrasis,
1284 5873 1476 5944 hicquc
1506 5888 1669 5930 sensu
1701 5888 1864 5928 linit?
1899 5873 2034 5928 male
2089 5872 2321 5942 proinde

2428 5732 2701 5797 interpres
2734 5734 2908 5780 mutat
2935 5726 2988 5797 in
3021 5723 3373 5783 ἀναστάντος.
3413 5719 3472 5772 In
3525 5716 3904 5797 sequentibus,
3935 5727 3999 5768 ac

2425 5803 2488 5852 ad
2525 5792 2682 5852 linem
2740 5799 2904 5850 multa
2939 5796 3341 5851 desiderantur,
3373 5806 3547 5861 eaque
3589 5792 3843 5850 illustria,
3868 5799 3991 5855 qua

2425 5887 2566 5926 nova
2595 5877 2926 5940 mpm-scuto
2949 5883 3014 5922 cs
3044 5867 3164 5922 cod.
3197 5863 3386 5934 Regio.
