4232 6444
210 406 312 466 113

938 400 1220 460 ORATIO
1251 401 1354 460 XI.
1397 424 1465 436 -
1499 401 1582 462 IN
1621 403 2048 464 DOMINICAM
2085 405 2687 468 ASSUMPTIONEM.

3328 403 3427 470 114

207 519 408 587 φωνεῖν
438 516 820 570 ἀντικείσεται.
857 515 979 574 Πῶς
1011 515 1102 568 οὖν
1134 518 1163 568 6
1189 516 1340 584 φίλος
1369 516 1638 586 ἐγείρεται
1683 536 1772 571 τε-
1797 521 1848 578 Α
1875 533 1878 574 1

1758 548 1772 559 -
1797 521 1848 578 A
1875 521 2026 575 ferno
2051 531 2222 576 morte
2253 523 2526 577 resolutus
2585 524 2896 586 mansisset,
2941 522 3249 578 libertatem
3299 542 3429 578 san-

207 612 485 680 ταρταῖος,
519 611 676 679 εἰπερ
723 611 820 678 τῆς
862 611 1130 678 κοσμικῆς
1158 609 1650 677 ἁναστοιχειώσεως
1678 612 1773 663 καὶ

208 702 636 769 παλιγγενεσίας
663 700 831 762 τύπος
857 697 927 771 ἦν
973 701 1177 771 Ἰησοῦς
1202 705 1266 771 τῇ
1297 702 1414 755 κατ’
1444 701 1601 754 αὐτὸν
1640 703 1774 756 ἀνα-

207 793 433 855 6ιὼσεις
467 793 780 860 Διατρανοῖ,
824 792 906 843 ὅτι
960 791 1122 843 πάλιν
1163 793 1391 844 ἀνιστῶν
1439 792 1599 846 αὐτὸν
1624 795 1650 845 6
1678 793 1771 862 δη-

211 887 557 954 μιουργήσας
586 884 680 937 καὶ
707 883 958 952 φιλήσας,
987 885 1065 946 εἰς
1094 883 1192 952 τὴν
1223 883 1484 954 ἐπίκηρον
1511 885 1771 951 ἐπανάγει

205 972 384 1035 τάξιν,
413 975 480 1042 ἢν
507 973 896 1041 στοιχειώδεσιν
929 972 1234 1042 ἰσαρίθμοις
1287 974 1481 1041 ἀρχαῖς
1504 974 1663 1035 αὐτὸς
1693 974 1772 1025 δι-

205 1063 458 1126 ετάξατο.
486 1062 729 1132 Προῆλθε
752 1064 859 1115 τῶν
881 1064 1138 1130 ἀφεγγῶν
1167 1063 1380 1131 χωρίων
1401 1064 1462 1115 τὸ
1489 1063 1594 1131 πρὸ
1621 1063 1771 1132 ἡλίου

205 1158 322 1220 φῶς
357 1155 708 1216 ὲξανατεῖλαν
737 1155 1053 1223 τριήμερον,
1103 1155 1199 1206 καὶ
1238 1153 1388 1206 λύσιν
1437 1154 1650 1207 αἰώνιον
1680 1156 1772 1206 καὶ⁵

205 1246 428 1316 δῶρονιι
459 1246 761 1313 κατηφείας
803 1246 1123 1314 παρέσχετο.
1163 1247 1285 1298 Τοῖς
1318 1247 1415 1314 μὲν
1445 1247 1550 1314 γάρ
1575 1247 1772 1298 ἔδωκεν

205 1336 379 1388 ἁῖδιον
406 1335 611 1388 πτῶσιν
641 1336 733 1388 καὶ
774 1337 1094 1404 κατήφειαν,
1122 1338 1240 1398 ταῖς
1266 1337 1655 1397 ἁποστατικαίς
1679 1337 1770 1387 δυ-

206 1427 429 1495 νάμεσι,
462 1429 554 1478 καὶ
582 1429 692 1488 τοῖς
725 1427 836 1478 ὅσοι
866 1427 1000 1496 πρὸς
1047 1427 1242 1489 αὐτοὺς
1287 1426 1654 1492 ἀπονεύοντες,
1681 1427 1771 1478 τὸν

205 1519 434 1571 ἐλθόντα
484 1519 657 1570 σῶσαι
701 1517 978 1585 Δεσπότην
1007 1518 1297 1584 ἐπιγνῶναι
1340 1518 1440 1570 ούκ
1481 1518 1773 1588 ἠϐουλήθη-

206 1625 349 1661 σανο
397 1611 524 1667 τοὺς
556 1609 613 1660 δὲ
656 1610 770 1661 ὅσοι
823 1610 914 1660 τὸν
946 1609 1239 1679 εὐεργέτην
1293 1609 1550 1676 συνῆκαν,
1597 1607 1772 1678 ἑαυτῷ

209 1705 510 1773 συνήγειρέ
543 1721 600 1754 τε
631 1705 726 1756 καὶ
758 1704 1194 1773 κατελάμπρυνε.
1228 1703 1330 1754 Τὺν
1371 1703 1540 1770 Ἀδάμ
1564 1703 1772 1755 ἀνεσώ-

205 1811 371 1845 σατο·
410 1797 474 1861 τῇ
508 1793 620 1864 Εὕα
648 1795 746 1863 τὴν
775 1793 950 1865 λύπην
987 1794 1219 1863 ἧμειψεν
1239 1796 1318 1857 είς
1347 1796 1514 1862 χαράν
1539 1809 1554 1824 ·
1588 1795 1766 1844 πᾶσαν

208 1883 302 1952 τὴν
335 1855 518 1935 κτίσιν
563 1855 969 1954 ἐκαινοποίησεν
993 1855 1189 1937 ’,οὐδέν
1221 1855 1313 1937 ὲπί
1463 1883 1628 1938 αὐτοῦ
1669 1887 1763 1952 μέ-
1797 1855 1838 1909 Β

206 1995 317 2028 νειν
373 1977 600 2047 ἀφείθη,
672 1978 810 2048 πλὴν
860 1980 895 2032 ἃ.
950 1978 1048 2047 τὴν
1110 1979 1372 2031 Ἰουδαίων
1455 1976 1759 2045 στηλιτεύει

205 2066 409 2134 μανίαν
471 2067 800 2135 σφραγίδων.
840 2068 936 2120 Διά
995 2067 1150 2120 τοῦτο
1198 2070 1346 2120 πᾶσα
1396 2068 1431 2136 ἡ
1497 2067 1670 2130 κτίσις
1701 2067 1765 2120 τὸ

204 2160 474 2228 σωτήριον
496 2159 512 2198 ί
537 2159 866 2228 ἑορτάζουσα
884 2201 899 2222 ,
933 2159 1056 2211 Ποῦ
1083 2174 1221 2222 σου,
1250 2159 1383 2224 ᾅδη,
1409 2158 1472 2210 τὸ
1496 2158 1764 2225 κέντρον;

204 2250 448 2318 ἀναϐοᾷ,
499 2250 616 2302 ποῦ
663 2249 733 2301 δὲ
782 2249 849 2301 τὸ
883 2249 1051 2313 νῖκός
1095 2263 1232 2310 σου,
1263 2249 1511 2312 θάνατε;
1551 2250 1771 2318 Κατήρ-

205 2357 404 2407 γηταις
444 2340 830 2401 καταλέλυται,
881 2342 995 2406 μετ’
1023 2341 1156 2410 ἦχου
1205 2339 1470 2401 ἀπώλετο,
1501 2341 1566 2408 τῇ
1614 2339 1764 2407 θεῖκῇ

1877 612 2030 664 ciret.
2068 613 2163 666 Sin
2185 621 2371 680 autem
2417 615 2500 664 cui
2533 615 2762 682 placeat.
2796 624 2852 666 ut
2881 629 2998 666 eam
3042 615 3254 684 generis
3285 616 3431 670 velut

1873 717 1935 756 ex
1969 703 2272 766 elementis,
2308 719 2371 756 ac
2406 704 2634 772 primam
2683 703 3119 759 reformationem
3165 706 3218 758 in
3253 705 3431 759 Domi-

1875 794 2007 847 nicaa
2055 809 2272 847 causam
2324 796 2740 850 resurrectionis
2790 796 3028 858 referat,
3082 806 3241 865 atque
3307 779 3429 853 ideo

1872 887 2019 944 velit.
2059 887 2221 937 trium
2248 887 2457 939 dierum
2487 887 2661 954 spatio
2701 888 2768 939 ah
2799 889 3172 941 universorum
3201 888 3429 943 Domino

1874 977 2246 1029 labefactatam
2278 986 2522 1039 mortem,
2555 976 2696 1044 quod
2726 992 2865 1038 eam,
2891 978 3264 1031 universorum
3293 993 3429 1033 con-

1873 1067 2185 1121 smninatrix
2217 1067 2455 1121 Trinitas
2488 1067 2712 1136 peragit,
2768 1081 2836 1119 ne
2867 1083 2926 1120 ea
2973 1068 3213 1137 quidem,
3246 1083 3366 1138 qua:
3397 1083 3427 1122 a

1874 1158 2029 1212 nobis
2064 1159 2208 1211 dicta
2264 1167 2411 1220 sunt,
2452 1158 2732 1212 adversari
2784 1159 3097 1226 comperiet.
3157 1158 3427 1223 Quorsum

1873 1267 2004 1321 ergo
2043 1252 2254 1304 amicus
2290 1251 2686 1317 quatriduanus
2719 1250 2785 1304 ad
2817 1250 2981 1302 vitam
3018 1257 3318 1312 revocatur,
3351 1250 3430 1303 si-

1872 1343 2086 1411 quidem
2117 1340 2273 1396 Jesus
2299 1357 2394 1396 sua
2444 1343 2866 1404 resurrectione,
2912 1341 3099 1394 mundi
3146 1343 3312 1395 totius
3343 1356 3430 1394 re-

1871 1432 2210 1487 formationis
2255 1447 2318 1486 ac
2351 1433 2773 1499 regenerationis
2797 1433 2961 1500 figura
2992 1431 3131 1484 fuit?
3161 1431 3426 1484 Nimirum

1870 1523 2130 1587 declarat,
2175 1540 2297 1577 cum
2341 1539 2462 1578 eum
2512 1539 2706 1576 rursus
2751 1523 2974 1575 Creator
3011 1538 3073 1575 ac
3116 1521 3325 1576 amicus
3363 1537 3425 1575 ex

1870 1612 2101 1664 mortuis
2148 1613 2398 1675 suscitat,
2451 1611 2516 1664 ad
2569 1611 2851 1664 mortalem
2907 1609 3068 1661 vitam
3129 1609 3426 1669 reducere.

1870 1716 2031 1770 quam
2058 1701 2173 1770 ipse
2204 1700 2422 1754 totidem
2454 1704 2736 1755 constituit
2769 1700 3190 1753 elementarihus
3221 1699 3424 1767 princi-

1873 1794 1995 1862 piis.
2022 1791 2291 1845 Processit
2327 1805 2357 1844 e
2414 1792 2544 1844 locis
2587 1791 2857 1854 obscuris,
2908 1789 3054 1859 quod
3103 1797 3228 1840 ante
3259 1789 3427 1842 solem

1869 1885 2048 1935 lumen
2105 1889 2352 1936 exortum
2392 1890 2475 1935 est
2503 1923 2517 1946 ,
2561 1883 3058 1949 sempiternamque
3103 1895 3226 1932 cum
3281 1880 3429 1932 solu-

1869 1976 2098 2035 tionem,
2133 1981 2243 2024 tum
2275 1973 2525 2025 mmroris
2557 1972 2832 2025 vinculum
2865 1973 3114 2024 contulit.
3142 1969 3276 2024 Nam
3305 1971 3428 2024 aliis

1869 2061 2088 2129 quidem
2121 2062 2508 2131 sempiternam
2563 2064 2777 2115 ruinam
2818 2077 2880 2115 ac
2911 2061 3190 2114 tristitiam
3223 2061 3426 2124 intulit,

1871 2169 2061 2222 nempe
2093 2153 2491 2208 desertricibus
2523 2155 2818 2209 virtutibus
2841 2195 2854 2216 ,
2883 2169 2944 2206 ac
2981 2153 3024 2206 si
3057 2152 3149 2220 qui
3189 2152 3254 2204 iis
3283 2165 3428 2204 acce-

1872 2245 2078 2303 dentes,
2113 2242 2445 2297 Salvatorem
2469 2257 2762 2311 agnoscere
2789 2243 3078 2296 noluerunt
3106 2259 3119 2307 ;
3153 2243 3275 2295 illos
3305 2255 3430 2294 vero

1869 2331 1961 2401 qui
1991 2331 2313 2385 beneficium
2338 2339 2684 2399 receperunt,
2716 2345 2820 2382 una
2851 2345 3032 2384 secum
3063 2329 3427 2391 resuscitavit,

205 2427 429 2498 ἐξουσίᾳ
481 2429 574 2480 τού
624 2429 786 2498 σαρκί
815 2428 1078 2490 παθόντος
1111 2429 1203 2480 καὶ
1229 2428 1487 2495 ταφέντος
1512 2427 1606 2480 καὶ
1637 2428 1769 2478 ἀνα·
1866 2440 1876 2475 ι

1756 2453 1769 2467 ι
1866 2439 1929 2478 ac
1977 2424 2263 2491 magnifice
2313 2424 2481 2490 gloria
2545 2424 2849 2477 exornavit.
2901 2421 3166 2476 Adamum
3221 2419 3427 2474 salvum

205 2521 431 2581 στάντος
460 2519 696 2587 Χριστοῦ
743 2519 839 2572 τοῦ
865 2519 999 2572 Θεοῦ
1027 2519 1209 2589 ἡμῶνο
1236 2512 1278 2586 ᾧ
1311 2522 1344 2588 ἠ
1377 2518 1501 2582 δόξα
1539 2518 1619 2581 είς
1640 2518 1765 2580 τοὺς
1868 2520 1876 2568 1

1758 2535 1765 2576 ς
1868 2516 2024 2581 fecit;
2064 2514 2183 2568 Eva:
2216 2516 2418 2568 luctum
2453 2516 2504 2568 in
2559 2512 2815 2582 gaudium
2852 2513 3245 2576 commutavit,
3276 2525 3429 2564 crea-

203 2609 433 2668 αὶῶνας.
484 2609 671 2677 Ἀμήν.
1865 2611 1874 2653 1

1865 2611 2016 2660 turas
2046 2622 2236 2659 omnes
2286 2606 2646 2670 instauravit;
2690 2606 2827 2658 nihil
2871 2607 2926 2658 in
2978 2605 3144 2658 veteri
3178 2618 3239 2656 ae
3268 2603 3429 2656 ohso.

204 2701 316 2752 leto
340 2708 487 2753 statu
525 2697 1036 2767 reliquil,exceptis
1078 2696 1169 2758 iis,
1213 2712 1331 2764 qua:
1386 2695 1694 2750 Judmorum
1762 2697 1999 2752 furorem
2062 2705 2118 2750 et
2176 2698 2448 2750 vesaniam
2510 2705 2768 2766 perpetua
2835 2696 3128 2766 ignominia
3220 2702 3431 2749 notant.

204 2791 552 2860 Quapropter
576 2792 754 2843 omnis
783 2799 1031 2842 creatura
1065 2789 1315 2844 collatam
1349 2789 1631 2843 celebrans
1672 2790 1901 2842 salutem
1937 2807 1950 2841 :
1985 2787 2106 2854 Ubi,
2155 2789 2380 2856 inferne,
2448 2788 2694 2842 stimulus
2754 2789 2923 2841 tuus?
2958 2785 3226 2839 exclamat
3270 2804 3284 2840 :
3321 2785 3430 2852 ubi,

205 2897 375 2944 mors,
405 2879 622 2933 victoria
655 2889 748 2930 tua
766 2878 853 2930 "'?
884 2877 1100 2931 Aholita
1127 2884 1233 2939 est,
1259 2877 1519 2946 dissipata
1544 2887 1651 2940 est,
1711 2895 1831 2930 cum
1873 2880 2050 2932 sonitu
2085 2879 2264 2947 periit,
2315 2878 2497 2931 divina
2543 2878 2662 2947 ejus
2706 2877 2924 2933 virtute.
2993 2877 3083 2943 qui
3134 2891 3296 2928 carne
3337 2891 3432 2942 pro

205 2975 368 3029 nobis
399 2990 591 3044 passus
619 2981 725 3039 est,
761 2973 1136 3043 sepultusque,
1163 2988 1228 3027 ac
1258 2987 1289 3025 a
1333 2973 1565 3026 mortuis
1597 2973 1914 3036 suscitatus,
1945 2972 2197 3028 Christus
2236 2973 2377 3027 Deus
2445 2982 2652 3031 noster,
2713 2970 2800 3024 cui
2870 2968 3038 3037 gloria
3113 2969 3165 3020 in
3217 2966 3430 3021 saecula.

206 3070 405 3123 Amen.

802 3205 1017 3259 ΛΟΓΟΣ
1075 3202 1171 3260 IA'.

217 3316 300 3384 Τῇ
338 3317 577 3408 πέμπτῃ
611 3317 723 3385 τῆς
757 3317 936 3384 ἕκτης
958 3317 1303 3407 ἑϐδομάδος.
1331 3323 1511 3402 λόγρς
1550 3326 1636 3385 εἰς
1661 3320 1776 3385 τὴν

283 3387 464 3454 ἁγίαν
518 3388 858 3454 Ανάαιηψιν·
880 3390 978 3440 ὅτε
1011 3388 1204 3454 φέρων
1230 3408 1344 3454 την
1371 3408 1474 3444 του
1501 3391 1776 3454 πλάσμαο

283 3391 464 3454 ἁγίαν
504 3391 858 3455 Ἀνάληψινο
880 3391 978 3440 ὅτε
1011 3391 1204 3456 φέρων
1230 3393 1344 3454 τὴν
1371 3391 1474 3444 τοῦ
1501 3391 1776 3456 πλάσμαο

282 3459 798 3536 ξος-’καταλλαγῂν
829 3461 861 3510 ὁ
897 3459 1029 3521 Υἱὸς
1059 3457 1150 3536 ξῷ
1172 3460 1369 3525 Πατρί,
1404 3462 1553 3536 μετὰ
1581 3461 1686 3536 τοῦ
1709 3459 1778 3536 ἐξ

285 3527 457 3593 ἡμῶν
500 3527 965 3598 προσλήμματος
987 3527 1114 3593 τοῖς
1153 3529 1454 3598 πατρικοῖς
1485 3531 1778 3599 ἐνεθρονί-

287 3598 406 3663 σθη
439 3598 711 3662 κόλποις.

2451 3197 2707 3256 ORATIO
2744 3196 2815 3250 XI

1887 3319 2070 3376 Oratio
2110 3317 2248 3386 feria
2297 3315 2482 3382 quinta
2530 3323 2688 3386 sexta:
2716 3306 3065 3386 -ρςίιιίοηιιιάω
3198 3312 3432 3386 sanctam

1957 3374 2373 3454 Assumptioném
2407 3400 2424 3436 :
2465 3381 2672 3451 quando
2707 3379 2878 3454 Filius
2911 3376 3250 3454 reconciliata
3288 3374 3432 3425 Patri

1951 3447 2179 3519 homine,
2207 3472 2323 3507 cum
2363 3447 2520 3506 carne
2539 3467 2602 3505 ea:
2630 3452 2775 3504 nobis
2806 3457 3100 3514 assumpta,
3131 3447 3187 3497 in
3220 3454 3432 3512 paterno

1953 3531 2072 3582 sinu
2100 3527 2387 3581 collocatus
2413 3536 2512 3577 est.

1391 3757 1699 3828 (COIBEFIS.
1741 3755 1963 3810 Auctor.
2000 3767 2052 3821 p.
2087 3748 2269 3815 17H).

293 3922 379 3992 Τῇ
411 3921 514 3992 μιν
547 3920 843 3975 ἀναστάσει
878 3919 940 3974 τὺ
978 3920 1170 3988 θνητὸν
1213 3920 1516 3992 κατεπόθη·
1559 3922 1650 3974 καὶ
1679 3920 1776 3989 τῆς

218 4011 538 4082 ἀφθαρσίας
567 4011 752 4065 ὠδῖσιν
772 4012 1098 4082 ἀνεγεννήθη
1109 4031 1203 4080 μεν
1224 4029 1238 4044 ο
1262 4013 1354 4065 καὶ
1377 4011 1438 4063 τὸ
1457 4011 1576 4064 κατ’
1601 4011 1779 4065 εἰκόνα

214 4102 611 4165 ἀπολαϐόντες,
660 4105 784 4165 τοὺς
835 4104 1186 4172 δερματίνους
1239 4104 1470 4173 χιτῶνας
1514 4105 1781 4158 ἀπεδυσά-

223 4198 368 4267 μεθα
394 4213 408 4225 ⁸
454 4197 573 4248 νυνὶ
618 4195 662 4248 δ’
707 4196 802 4249 ἐπὶ
852 4196 1036 4260 θείοις,
1067 4196 1310 4266 θειότερα
1353 4197 1558 4266 Ἰησοῦς
1585 4200 1612 4250 6
1653 4197 1782 4266 ἐμὸς

216 4287 526 4357 χαρίζεται.
561 4287 721 4353 Μέγα
757 4289 855 4352 μὲν
891 4284 1004 4346 οὖν,
1033 4288 1124 4339 καὶ
1156 4287 1313 4339 θείων
1345 4287 1556 4354 ἀληθῶς
1580 4289 1783 4358 οἰκτιρ-

224 4379 345 4446 μῶν
405 4377 705 4446 ἀναστῆσαι
742 4376 868 4438 τοὺς
912 4378 1196 4441 πεσόντας,
1254 4377 1342 4430 καὶ
1395 4378 1785 4448 διαφθαρέντας

219 4468 557 4530 ἀναπλάσαι,
619 4468 714 4520 καὶ
766 4467 863 4537 τὴν
920 4468 1143 4538 πρώτην
1202 4470 1489 4523 ἀποδοῦναι
1551 4472 1782 4540 μορφὴν,

216 4558 378 4611 οὐδὲν
428 4557 560 4626 παρ’
596 4556 756 4625 ἡμῶν
789 4555 1055 4610 λαϐόντα·
1087 4557 1208 4608 οὐδὲ
1258 4558 1362 4628 γὰρ
1393 4560 1679 4629 εἰσηνέγκα
1690 4558 1786 4628 μέν

1953 3913 2165 3970 Domini
2198 3906 2604 3966 resurrectione
2660 3903 2976 3974 absorptum
3003 3907 3088 3956 est
3119 3899 3259 3970 quod
3296 3913 3440 3953 mor-

1883 4007 1993 4062 tale
2043 4012 2183 4066 erat,
2229 4016 2292 4056 ac
2339 3995 2764 4055 immortalitatis
2794 4004 2948 4064 partu
2983 3992 3156 4045 renati
3208 4003 3440 4044 sumus:

1886 4098 2200 4165 divinaque,
2229 4093 2294 4147 ad
2322 4106 2483 4160 quam
2513 4089 2788 4142 fueramus
2829 4084 3055 4147 conditi,
3093 4083 3326 4151 imagine
3358 4096 3442 4134 re-

1887 4198 2063 4259 cepta,
2091 4187 2342 4256 pelliceas
2377 4182 2591 4235 tunicas
2621 4178 2873 4231 exuimus
2907 4193 2920 4228 :
2952 4183 3006 4227 at
3038 4187 3183 4226 nunc
3228 4171 3440 4224 aliunde

1881 4282 2078 4336 divinis
2142 4277 2407 4331 diviniora
2467 4272 2695 4340 largitur
2751 4284 2904 4322 meus
2956 4265 3133 4320 Iesus.
3188 4264 3440 4332 Magnum

1883 4373 2123 4444 quidem,
2159 4383 2219 4421 ac
2267 4367 2505 4420 divinam
2541 4364 2741 4416 decens
2785 4357 3232 4417 misericordiam,
3263 4355 3441 4421 lapsos

1882 4466 2163 4527 erexisse,
2221 4466 2615 4527 corruptosque
2674 4451 3034 4512 reformasse,
3088 4462 3150 4499 ac
3209 4447 3440 4512 priorem

1884 4553 2186 4609 reddidisse
2217 4550 2469 4609 formam,
2497 4561 2616 4598 cum
2653 4545 2785 4597 nihil
2813 4544 2926 4611 ipse
2953 4556 2980 4593 a
3011 4539 3168 4592 nobis
3197 4535 3442 4602 accepis-

220 4667 302 4714 τι,
346 4649 461 4704 ἀλλ’
506 4625 675 4700 ἔδωκε
705 4649 773 4702 τά
809 4649 952 4701 οὕτω
1001 4650 1210 4717 μεγάλα
1237 4651 1296 4703 ού
1334 4625 1508 4719 μόνον.
1561 4625 1780 4720 προῖκα,
1811 4633 1891 4698 D:

1767 4691 1780 4714 ,
1811 4633 1862 4691 Ῐ)
1888 4655 1990 4706 set,
2023 4658 2194 4712 neque
2228 4643 2369 4696 enim
2407 4639 2696 4706 quidquam
2731 4633 3134 4686 eontuleramus
3170 4647 3181 4679 :
3213 4627 3303 4680 sed
3345 4625 3437 4677 do-

222 4742 363 4795 ἀλλά
388 4741 484 4794 καὶ
505 4741 700 4803 πόνους
723 4741 904 4803 αὐτὸς,
932 4742 1018 4793 ἵνα
1044 4741 1138 4810 δῷ,
1183 4743 1497 4809 ὑπομείνας.
1537 4744 1704 4813 Ἔπρε
1716 4761 1778 4796 πε

220 4835 335 4902 γάρ
377 4833 454 4901 τῷ
497 4833 564 4886 δι’
608 4829 786 4885 οἶκτον
817 4834 1179 4902 ύποστήσαντι
1209 4835 1375 4904 ἡμᾶς,
1413 4836 1472 4887 ού
1507 4836 1662 4903 μόνον
1690 4837 1782 4902 δη-

227 4926 563 4995 μιουργῆσαι
617 4925 894 4992 παλάμαις
949 4925 1197 4990 οἰκείαις,
1231 4925 1365 4977 ἀλλὰ
1411 4925 1504 4976 καὶ
1559 4927 1781 4979 παθόντι

222 5016 417 5078 κακῶς
449 5014 525 5082 τῷ
568 5015 1028 5085 δημιουργήματι,
1075 5015 1294 5078 οἰκείοις
1343 5015 1543 5082 ἀμῦναι
1587 5017 1777 5082 ἀγῶσι.

223 5107 348 5160 Τίνι
382 5107 491 5178 γὰρ
518 5106 583 5160 ἂν
609 5106 840 5176 τοσαύτη
876 5107 1105 5175 πάρεστι
1145 5107 1458 5175 κηδεμονία,
1503 5107 1598 5176 ὅση
1645 5107 1780 5176 ὑπὲρ

224 5195 321 5248 τοῦ
354 5195 484 5248 ἰδίου
513 5195 820 5264 πλάσματος
848 5195 925 5266 τῷ
957 5195 1315 5266 Antinoupr;
1351 5198 1410 5249 τὸ
1438 5198 1480 5249 δ’
1517 5202 1575 5250 οὐ
1628 5199 1784 5266 μόνον

225 5289 444 5358 ἐγεῖραι
472 5289 724 5348 πεσόντα,
749 5287 883 5341 ἀλλά
912 5289 1004 5342 καὶ⁵
1032 5288 1315 5360 σύνθρονον
1343 5291 1516 5358 ἑαυτῷ
1540 5291 1781 5357 ποιῆσαι,

232 5382 405 5432 ποίων
445 5378 786 5448 σπλάγχνων,
833 5380 866 5450 ἢ
898 5379 1056 5440 ποίας
1104 5380 1460 5449 κηδεμονίας;
1501 5383 1563 5431 "0
1602 5382 1663 5451 δὴ
1696 5383 1789 5449 σή-

233 5486 406 5538 μερον
450 5471 479 5520 6
529 5470 821 5540 μονογενὴς
854 5471 981 5534 Υἱὸς
1025 5472 1330 5542 ἐκπληρῶν,
1370 5473 1541 5531 λείπει
1572 5473 1668 5543 μὲν
1696 5473 1790 5543 τὴν

309 5645 356 5675 ⁸⁷
392 5642 408 5695 Ι
448 5641 577 5698 Cor.
628 5660 716 5709 xv,
754 5644 842 5698 55.

1882 4739 2032 4792 navit
2056 4736 2188 4789 adeo
2220 4734 2502 4791 immensa,
2529 4745 2634 4781 non
2668 4726 2826 4780 modo
2851 4723 3038 4794 gratis,
3059 4736 3245 4774 verum
3278 4720 3436 4772 etiam

1883 4846 2004 4885 cum
2033 4828 2226 4882 multos
2250 4826 2367 4894 ipse
2397 4825 2629 4884 labores,
2664 4819 2917 4879 daturus,
2942 4813 3294 4869 exantlasset.
3339 4810 3434 4863 Par

1883 4924 2025 4977 enim
2057 4927 2172 4975 erat
2208 4929 2267 4972 ut
2304 4919 2391 4987 qui
2429 4912 2803 4968 misericordia
2853 4917 3032 4961 motus
3071 4903 3440 4964 condidisset,

1885 5030 1992 5068 non
2040 5012 2200 5067 modo
2243 5010 2474 5081 propriis
2511 5006 2761 5060 manibus
2806 5016 2904 5055 nos
2953 5007 3199 5061 crearet,
3261 4993 3353 5047 sed
3389 5001 3435 5047 ct

1886 5106 2197 5173 figmentum
2252 5100 2389 5154 male
2441 5097 2691 5150 affectum
2742 5093 2857 5148 suis
2902 5091 3014 5158 ipse
3051 5084 3434 5141 certaminibus

1886 5196 2158 5248 liberaret.
2195 5190 2451 5256 Quisnam
2476 5187 2616 5240 enim
2651 5192 2851 5237 tantam
2877 5193 3062 5234 curam
3093 5186 3240 5247 agat,
3270 5187 3434 5244 quan-

1888 5301 1996 5344 tam
2035 5288 2269 5359 figmenti
2307 5285 2414 5353 agit
2443 5280 2747 5338 Conditor?
2798 5277 3036 5346 Lapsum
3102 5281 3278 5325 autem
3331 5283 3435 5359 non

1892 5382 2053 5435 modo
2078 5357 2309 5448 erigere,
2337 5375 2429 5432 sed
2463 5384 2515 5429 et
2547 5374 2601 5427 in
2632 5370 2822 5426 eodem
2867 5381 3052 5422 secum
3093 5365 3288 5416 throno
3321 5357 3435 5410 col-

1894 5474 2093 5536 locare,
2121 5485 2352 5542 quorum
2381 5469 2506 5539 quis
2534 5465 2804 5519 viscerum
2847 5475 2910 5513 ac
2942 5451 3323 5514 sollicitudinis
3349 5449 3432 5503 di-

1559 5755 1789 5814 \'.\Rl.‘li
1822 5756 2210 5812 LlSCTlOlet‘.

309 5840 335 5886 ι
365 5843 490 5919 Leg.
525 5847 734 5903 ὃεσιιόνε
821 5859 832 5888 ί
873 5848 962 5903 ἓσ.
991 5849 1192 5918 πάσχα.
