4232 6444
803 359 904 422 115

2050 378 2243 440 LEON
2253 380 2324 438 IS
2363 383 2489 442 I’Ill
2503 385 2786 446 LUSOPH
2803 388 2822 445 I'

3931 397 4035 461 115

801 471 927 521 cat?
957 469 1010 522 Id
1045 470 1204 525 hodie
1246 475 1560 542 unigenitus
1601 477 1693 532 Dei
1731 479 1898 536 Filius
1947 484 2178 554 implens
2203 528 2217 551 ,
2255 497 2361 541 ter-
2393 494 2418 549 Α

2471 495 2607 562 μετὰ
2645 497 2754 550 τῶν
2776 499 2928 550 κάτω
2967 500 3041 562 ὡς
3079 500 3364 571 ἄνθρωπος
3393 506 3834 574 συναναστροιιήν
3862 527 3870 532 -
3904 509 4040 578 πρὸς

800 568 1032 614 reStrem
1067 563 1306 630 quidem,
1334 581 1430 634 pro
1462 568 1700 647 humana
1733 575 1954 638 ratione.
1994 583 2363 634 ronversatio-

801 669 924 706 nem
980 656 1277 722 relinquit;
1341 661 1591 712 ascendit
1640 678 1769 715 vero
1826 665 1890 717 ad
1951 665 2162 723 Patrem
2202 709 2218 726 .
2268 673 2363 740 qui

801 745 1077 809 misisset,
1119 746 1282 814 eique
1318 750 1625 817 primitias,
1671 770 1737 808 ac
1785 771 1893 823 quo
1943 763 2364 830 reconcilietur,

798 853 959 906 quam
985 855 1048 892 ex
1085 843 1245 896 nobis
1271 857 1487 896 Carnem
1521 845 1789 910 induerat,
1814 852 1988 907 ollert.
2019 854 2189 910 llodie
2216 872 2368 912 nam-

802 944 906 996 que
939 930 1118 998 pulvis
1154 943 1341 986 noster
1377 950 1539 1004 supra
1584 935 2017 996 Cherubinorum
2066 946 2365 1014 suscipitur

800 1019 1080 1084 humeros,
1129 1023 1382 1094 intraque
1421 1027 1608 1080 intima
1663 1041 1917 1101 receptus
1963 1036 2145 1107 adyta,
2199 1042 2364 1108 regali

800 1112 938 1166 solio
967 1115 1289 1170 collocatur.
1336 1117 1507 1172 llodie
1555 1136 1803 1190 supernae
1828 1125 2091 1194 Virtutes,
2134 1131 2364 1187 formam

798 1205 1043 1259 videntes
1087 1211 1328 1261 materias
1362 1224 1696 1277 concretam,
1745 1219 1902 1284 quasi
1940 1219 2107 1274 dorso
2145 1222 2363 1290 spirita-

804 1298 934 1349 lium
959 1313 1022 1351 ac
1053 1304 1356 1368 expertium
1375 1305 1913 1371 corporeiuvectam,
1938 1309 2144 1363 Domini
2172 1324 2363 1366 aucto-

800 1389 962 1442 ritate
1018 1390 1070 1443 in
1133 1393 1385 1446 ccelestes
1438 1396 1820 1451 ascendentem
1872 1415 2047 1461 axes,
2097 1405 2365 1472 ancipites

800 1481 988 1544 animi,
1022 1483 1280 1549 quilnam
1314 1484 1415 1536 hoc
1442 1496 1606 1550 esset,
1652 1489 1994 1543 haesitarunt.
2032 1491 2206 1548 llodie
2243 1495 2363 1549 Sal-

800 1580 989 1632 vatur,
1039 1581 1330 1641 postquam
1389 1577 1674 1647 discipulis
1729 1581 1782 1634 iii
1837 1592 2022 1638 monte
2086 1585 2362 1642 Olivarum

799 1661 962 1713 verba
996 1678 1253 1730 suprema
1286 1665 1524 1719 humano
1562 1684 1713 1725 more
1745 1669 1966 1727 fecisset
1988 1715 2002 1737 ,
2045 1675 2224 1731 divina
2263 1693 2360 1747 po-

800 1762 994 1809 testate
1027 1758 1096 1809 ah
1126 1758 1205 1811 eis
1247 1761 1297 1810 in
1342 1760 1541 1812 cadum
1573 1765 1823 1820 evolavit.
1847 1765 2168 1834 Enimvero,
2203 1787 2363 1827 assu-

2468 587 2523 638 δέ
2575 587 2662 639 τὸν
2717 591 3110 643 ἀποστείλαντα
3161 593 3444 646 ἀναϐαίνει
3494 595 3730 663 Πατέρα,
3783 599 4038 667 ἀπαρχὴν

2468 677 2614 747 αὐτῴ
2665 680 2758 731 καὶ
2803 680 3256 752 διαλλακτήριον,
3303 685 3370 754 ἣν
3428 683 3487 749 ἐξ
3533 686 3690 754 ήμῶν
3745 687 4037 759 ἐξεφόρτσε

2469 769 2664 837 σάρκα,
2701 775 2900 843 φέρων.
2948 775 3193 845 Σήμερον
3243 775 3352 848 γὰρ
3406 777 3722 848 όήμέτερος
3772 780 3897 848 χοῦς
3948 783 4039 834 ἐπ’

2467 860 2630 930 ὤμων
2679 865 3120 934 ἀναλαμϐάνεται
3164 868 3464 938 Χερουϐὶμ,
3506 870 3739 923 καὶτῶν
3769 872 4038 926 ἐνδοτάτω

2468 955 2988 1025 παραπετασμάτων
3050 958 3339 1029 γενόμενος
3377 960 3468 1030 ’τῷ
3524 961 3785 1032 βασιλικῷ
3827 964 4038 1034 ἐνιδρύ-

2466 1061 2613 1097 νεται
2665 1046 2858 1117 θρόνῳ.
2908 1048 3154 1122 Σήμερον
3213 1052 3269 1105 αἱ
3329 1051 3442 1105 ἄνω
3503 1054 3768 1123 Δυνάμεις
3827 1055 4036 1124 ὁρῶσαι

2471 1135 2683 1204 μορφὴν
2721 1136 2902 1189 ἐνυλον
2946 1141 3039 1191 ἐπὶ
3076 1141 3263 1196 νώτων
3295 1143 3663 1212 ἐποχουμένην
3687 1145 3890 1209 ἀΰὶων,
3944 1149 4038 1199 καὶ

2467 1227 2801 1290 δεσποτικῶς
2849 1231 2984 1302 πρὸς
3043 1233 3140 1296 τὰς
3170 1236 3574 1305 ὑπερκοσμίους
3618 1238 3877 1290 ἀνιοῦσαν
3908 1241 4035 1306 ἀψῖ-

2465 1317 2579 1381 δας,
2613 1317 2692 1380 είς
2717 1318 2920 1389 ἄπορον
2956 1323 3322 1391 περιίσταντο.
3365 1325 3612 1394 Σήμερον
3641 1330 3669 1377 ὁ
3697 1327 3887 1397 Σωτὴρ
3921 1331 4037 1390 τοῖς

2468 1407 2729 1476 μαθηταῖς
2777 1413 2831 1463 ἐν
2860 1411 2975 1482 ὄρει
3015 1414 3121 1465 τῶν
3159 1415 3421 1478 Ἐλαιῶν,
3445 1417 3514 1470 τὰ
3572 1417 3776 1470 ὕστατα
3825 1422 3901 1481 ὡς
3948 1419 4040 1471 6w-

2466 1498 2678 1567 θρωπος
2705 1502 2937 1570 ὁμιλῶν,
2983 1505 3190 1576 ἀνέπτη
3221 1505 3235 1556 i
3279 1507 3375 1559 ἀπ’
3408 1509 3610 1572 αὐτῶν,
3653 1509 3727 1571 ὡς
3757 1511 3910 1574 θεὸς,
3958 1516 4037 1574 εἰς

2457 1592 2714 1659 οὐρανόν.
2761 1595 2920 1650 Ἀλλὰ
2953 1597 3061 1666 γὰρ
3095 1599 3512 1668 παραλαμὸἁνει
3545 1603 3669 1663 τοὺς
3711 1604 3962 1673 μαθητὰς
4007 1605 4036 1656 ό

2465 1683 2672 1754 Σωτὴρ,
2711 1685 2804 1738 καὶ
2829 1688 3033 1740 ἄνεισιν
3071 1691 3150 1752 είς
3177 1691 3236 1742 τὸ
3274 1691 3399 1760 ὅρος
3425 1690 3534 1743 τῶν
3576 1693 3802 1746 Ἐλαιῶν
3831 1712 3845 1726 ο
3878 1695 4038 1748 τοῦτο

2467 1772 2585 1840 μὲν,
2624 1776 2705 1827 ὅτι
2740 1778 2914 1830 ἐκεῖνο
2941 1781 3000 1831 τὸ
3033 1781 3174 1850 ἱερὸν
3213 1780 3339 1849 ὅρος
3361 1781 3468 1834 τῶν
3493 1786 3916 1855 μυστικωτὲρων
3943 1786 4038 1857 ἐρ-

799 1859 953 1898 mcns
985 1843 1584 1916 Salvatordiscipulus,
1618 1869 1722 1906 una
1750 1871 1873 1908 CIIII!
1911 1862 1989 1912 eis
2031 1862 2273 1917 ascendit
2307 1865 2358 1919 in
2393 1850 2418 1903 ί

2465 1882 2574 1932 γων
2616 1868 2784 1938 Ἰησοῦ
2808 1871 3002 1939 χωρίον
3045 1843 3256 1926 είθιστο
3285 1843 3529 1941 γίνεσθαι
3559 1892 3572 1906 ο
3616 1878 3740 1943 ἐμοὶ
3764 1843 3820 1929 δέ
3864 1843 4035 1941 δοκεῖ,

802 1945 1036 1989 montem
1071 1935 1348 1992 Olivarum
1387 1959 1398 1994 :
1430 1943 1572 2010 quod
1603 1944 1856 2000 nimirum
1886 1965 2042 2005 mons
2069 1951 2158 2007 ille
2183 1969 2360 2017 sacer,

798 2025 948 2079 locus
995 2042 1117 2081 esse
1154 2033 1530 2086 eunsuevisset
1553 2075 1568 2100 ,
1613 2036 1702 2089 ubi
1733 2035 1894 2093 Jesus
1933 2055 2097 2108 opera
2133 2059 2361 2116 quaeque

795 2121 1133 2175 ahstrusiora
1181 2124 1508 2192 designaret.
1547 2129 1613 2180 At
1648 2132 1862 2185 videtur
1901 2136 2028 2188 mihi
2093 2138 2193 2191 hoc
2226 2156 2363 2210 prae-

797 2215 940 2263 terea
977 2227 1076 2265 suo
1109 2213 1253 2265 facto
1284 2216 1524 2270 voluisse
1546 2258 1559 2277 .
1594 2220 1929 2278 snhlimioris
1962 2227 2248 2294 cujusdam
2281 2231 2362 2283 vi-

793 2302 950 2356 vendi
987 2304 1218 2360 rationis
1261 2307 1603 2376 disciplinam
1626 2352 1644 2375 ,
1683 2315 1992 2369 mortalium
2042 2319 2240 2374 animis
2272 2322 2359 2374 iu-

791 2395 1054 2449 scribere.
1084 2396 1237 2450 Nulla
1269 2400 1411 2451 enim
1435 2408 1517 2453 est
1543 2401 1744 2455 Christi
1785 2402 2087 2460 Salvatoris
2108 2409 2273 2472 actio,
2304 2411 2358 2466 in

792 2503 897 2555 qua
927 2501 1032 2540 nun
1073 2489 1374 2556 spiritalior
1408 2491 1761 2561 intelligentia
1823 2510 1886 2549 ac
1933 2512 2133 2554 sensus
2176 2501 2357 2558 lateat.

791 2577 930 2642 Quid
963 2579 1126 2646 igitur
1156 2579 1420 2634 doctrinm
1448 2581 1538 2635 llic
1563 2583 1718 2638 nobis
1737 2587 2151 2652 praescribitur?
2181 2589 2345 2646 Vide-

796 2671 923 2723 licet
955 2685 1050 2724 eos
1086 2671 1177 2737 qui
1223 2674 1662 2741 regnacoalestia
1699 2679 1959 2732 scandere
1998 2683 2352 2749 desiderant,

791 2759 985 2815 debere
1023 2763 1226 2816 caduca
1257 2763 1368 2816 haec
1394 2772 1447 2817 et
1489 2764 1712 2819 humilia
1757 2770 2142 2825 transcendere
2166 2816 2181 2836 ,
2215 2787 2268 2828 et
2299 2775 2352 2828 in

791 2853 958 2906 altum
996 2853 1213 2906 virtutis
1245 2853 1362 2906 sine
1398 2855 1804 2911 intermissione
1833 2860 1966 2912 eniti
2016 2871 2068 2915 et
2112 2865 2403 2921 subvolare

2462 1954 2671 2026 ὑψηλῆς
2724 1959 2999 2025 πολιτείας
3037 1966 3129 2018 καὶ
3166 1964 3252 2019 διά
3288 1965 3480 2019 τούτου
3507 1967 3752 2036 δόγματα
3778 1971 3899 2032 ταῖς
3927 1970 4039 2023 τῶν

2462 2049 2766 2119 ἀνθρώπων
2789 2054 3082 2124 ἐγγράφων
3112 2057 3330 2126 ψυχαῖς.
3363 2061 3602 2129 Οὐδεμία
3631 2062 3738 2132 γὰρ
3768 2063 4038 2132 σωτήριος

2461 2143 2682 2211 πρᾶξις,
2713 2147 2770 2198 ἐν
2845 2149 2966 2218 οὐχὶ
2995 2149 3196 2220 θεωρία
3229 2155 3607 2224 μυστικωτέρα
3638 2156 4035 2225 ἐγκέκρυπται.

2461 2237 2526 2288 Τί
2576 2233 2668 2290 οὖν
2700 2239 2948 2292 ἐντεῦθεν
2996 2242 3276 2307 παιδεύεις
3325 2247 3533 2316 Χρῆναι
3580 2249 3706 2310 τοὺς
3756 2250 3870 2302 ὅσοι
3926 2249 4038 2302 τῶν

2463 2328 2727 2394 οὐρανίων
2776 2331 2979 2398 ἀψίδων
3032 2334 3334 2388 ἐπιὸαίνειν
3393 2337 3576 2407 ἔρωτα
3629 2338 3847 2408 ἔχουσι,
3925 2340 4038 2392 τῶν

2464 2419 2756 2487 περιγείων
2802 2423 2895 2474 καὶ
2947 2426 3302 2495 χαμαιζήλων
3339 2429 3595 2499 ὑπεράνω
3633 2431 3904 2497 γενέσθαι,
3941 2432 4039 2485 καὶ

2464 2509 2570 2579 ὖψη
2607 2511 2899 2581 βεϐηκέναι
2922 2515 3020 2582 τῆς
3043 2517 3244 2587 ἀρετῆς
3275 2534 3288 2547 ·
3318 2520 3551 2589 μάλιστα
3581 2523 3677 2590 μὲν
3700 2525 3787 2576 διὰ
3813 2523 4038 2587 παντὸς,

2461 2601 2583 2654 εἰδὲ
2614 2603 2685 2671 μή
2706 2619 2792 2670 γε,
2847 2604 2961 2657 ἀλλ’
2991 2602 3083 2659 οὖν
3113 2625 3175 2675 γε
3204 2611 3329 2674 τοὺς
3359 2612 3464 2664 ἀπὸ
3493 2613 3586 2666 τοῦ
3616 2614 3847 2680 γεώδους
3883 2615 4040 2683 οἰκη-

2461 2691 2650 2760 τηρίου
2686 2694 2996 2766 ἀποδημίαν
3048 2703 3424 2771 ποιουμένους,
3469 2704 3627 2775 εἴπερ
3675 2704 3857 2774 μέλλοι
3903 2707 4040 2774 ἡμῖν

2465 2783 2836 2852 ἀποδημοῦσιν
2859 2788 3036 2852 καλῶς
3067 2789 3231 2860 ἔχειν.

2447 2888 2461 2923 :
2516 2872 2596 2925 sin
2629 2875 2832 2940 minus,
2878 2888 2934 2931 at
2996 2891 3146 2936 certe
3219 2897 3314 2937 eos
3355 2883 3448 2952 qui
3529 2900 3560 2937 a
3607 2886 3852 2939 terrestri
3929 2887 4040 2941 isto

793 2947 1109 3015 emigraturi
1152 2959 1277 3001 sunt
1307 2949 1701 3013 tabernaculo;
1739 2951 2005 3020 siquidem
2032 2969 2178 3009 cura:
2201 2959 2362 3014 nobis
2401 2963 2510 3026 sit,
2544 2980 2668 3019 cum
2701 2967 2829 3022 hinc
2870 2972 3249 3041 emigrandnm
3284 2976 3389 3028 erit
3412 3016 3426 3038 ,
3457 2976 3593 3031 bene
3659 2976 3818 3031 nobis
3889 2993 4036 3034 esse.

865 3039 1040 3094 Vultis
1059 3050 1116 3094 ut
1142 3050 1194 3094 et
1222 3055 1512 3093 numerum
1543 3039 1755 3094 dierqu
1778 3044 2148 3112 expendamus
2171 3047 2194 3100 ?
2219 3046 2358 3103 Puto

793 3133 938 3186 enim
969 3146 1073 3184 non
1101 3134 1366 3200 ingratam
1401 3132 1705 3202 spiritalem
1741 3149 1933 3188 eorum
1957 3139 2359 3194 consideratio-

796 3237 919 3276 nem
955 3222 1022 3276 iis
1061 3220 1195 3283 fore,
1235 3221 1324 3290 qui
1369 3223 1608 3290 penitius
1644 3224 1774 3276 talia
1825 3225 2184 3295 introspicere
2229 3245 2361 3283 cou-
2391 3217 2434 3274 C

798 3321 1114 3367 sueverunt.
1143 3308 1328 3382 Neque
1350 3315 1494 3366 enim
1529 3313 1603 3366 ita
1631 3322 1857 3379 temere,
1886 3331 1949 3370 ac
1976 3319 2126 3371 nulla
2158 3321 2368 3376 ratione

802 3407 1011 3469 habita,
1041 3422 1163 3459 eum
1201 3421 1491 3460 ntnuerum
1522 3407 1762 3461 arbitror
1805 3409 2088 3464 Dominum
2131 3414 2369 3482 comple-

797 3499 964 3562 visse,
1003 3513 1103 3552 nec
1125 3499 1228 3553 nisi
1266 3513 1471 3551 arcano
1503 3514 1566 3552 ac
1593 3499 1878 3553 secretiori
1909 3502 2159 3564 consilio,
2185 3508 2366 3558 statim

798 3600 1078 3645 transacto
1107 3592 1198 3643 illo
1221 3591 1431 3644 dierum
1468 3605 1721 3654 numero,
1743 3592 1914 3646 caelos
1949 3595 2189 3661 petiisse.
2226 3596 2366 3661 Quid

796 3697 926 3750 ergo
965 3679 1236 3733 dicimus?
1259 3678 1554 3745 Nimirum,
1587 3679 1831 3736 videmus
1860 3681 2029 3751 legem
2059 3683 2365 3739 futurorum

797 3775 998 3829 habere
1017 3777 1324 3843 imaginem,
1350 3787 1412 3826 ac
1435 3789 1554 3843 quze
1571 3781 1714 3828 statu
1746 3790 1846 3829 suo
1868 3814 1884 3839 ,
1905 3785 2104 3830 statum
2129 3778 2204 3831 illi
2241 3794 2368 3833 ειπε-

797 3866 1094 3922 cedaneum
1137 3867 1205 3919 iis
1256 3875 1608 3935 repraesentet
1673 3875 1836 3936 atque
1869 3868 2227 3934 demonstret,
2273 3873 2365 3940 qui

799 3966 1031 4013 mentem
1055 3957 1211 4026 plane
1227 3966 1556 4010 exraaeataui
1583 3973 1689 4010 non
1711 3958 1928 4013 habent.
1952 3958 2089 4014 Cum
2111 3975 2238 4031 ergo
2282 3962 2368 4016 lex

798 4052 926 4113 illis,
949 4051 1041 4120 qui
1061 4067 1124 4104 ex
1147 4051 1625 4119 corruptionenati
1650 4050 1883 4115 fuerant,
1902 4067 1997 4120 per
2019 4039 2160 4106 hunc
2180 4069 2368 4108 nume-

798 4160 918 4197 rum
946 4154 1201 4212 tanquam
1236 4158 1332 4211 per
1363 4158 1581 4197 sacrum
1612 4143 1901 4211 quemdam
1936 4144 2365 4198 introductorem

796 4252 862 4292 ac
885 4237 1139 4291 :editnum
1165 4277 1181 4300 ,
1214 4236 1419 4288 aditum
1445 4234 1511 4287 ad
1546 4242 1734 4288 sancta
1758 4236 2082 4290 concederet
2111 4251 2173 4290 ac
2213 4248 2367 4306 pate-

795 4329 996 4383 faceret
1032 4349 1045 4382 :
1079 4326 1205 4381 hinc
1229 4327 1393 4381 etiam
1422 4326 1524 4379 hoc
1549 4340 1780 4380 numero
1838 4327 2050 4381 dierum
2084 4326 2364 4392 absoluto,

793 4421 1044 4475 Christus
1100 4419 1499 4488 primogenitus
1552 4433 1616 4470 ex
1672 4419 1902 4473 mortuis
1949 4419 2163 4486 factus,
2204 4435 2266 4474 ac
2308 4421 2369 4472 li-

792 4519 1010 4583 gtnento
1048 4510 1512 4565 immortalitatem
1565 4509 1826 4574 initians,
1873 4512 1926 4564 in
1973 4514 2364 4580 superemleste

794 4619 956 4659 suum
983 4602 1246 4671 templum
1285 4603 1654 4670 ingressurus,
1685 4602 2008 4656 assumitur.
2054 4601 2249 4657 Verum
2289 4604 2363 4655 ita

794 4698 1063 4768 spiritalis
1093 4697 1364 4766 ejusmodi
1393 4696 1746 4765 intelligentia
1778 4698 1976 4752 haheat
2004 4716 2018 4763 ;
2054 4714 2214 4776 quam
2248 4698 2363 4752 lor-

795 4790 959 4844 tassis
1008 4789 1452 4857 contemplationi
1496 4789 1732 4845 deditior
1779 4791 1994 4845 animus
2043 4789 2189 4844 haud
2240 4806 2362 4860 gra-

791 4888 916 4936 vate
958 4881 1173 4950 assequi
1209 4890 1390 4949 queat.
1423 4881 1532 4936 Nos
1567 4891 1750 4936 autem
1814 4881 1879 4935 ad
1927 4882 2361 4936 sacratissimum

791 4973 944 5025 illum
981 4981 1217 5025 montem
1255 4974 1534 5037 abeamus,
1564 4973 1651 5027 ubi
1679 4971 1929 5026 Salvator
1951 4988 2144 5026 manus
2174 4983 2363 5026 exten-

797 5063 932 5118 dens
968 5062 1405 5117 benedictionem
1441 5063 1730 5134 discipulis
1764 5063 2024 5133 impertit.
2065 5063 2233 5117 Sacro
2265 5080 2360 5134 pa-

792 5157 932 5211 riter
960 5157 1130 5209 choro
1163 5171 1520 5227 aggregemur
1543 5199 1559 5222 ,
1593 5171 1656 5212 ac
1695 5172 1756 5211 ea
1791 5171 1913 5226 quae
1945 5156 1999 5210 in
2035 5166 2216 5211 monte
2241 5172 2361 5226 per-

791 5255 1049 5318 aguntur,
1085 5249 1350 5303 secretius
1380 5247 1784 5302 condiscamus.
1814 5246 1929 5302 Sub
1958 5247 2079 5303 illas
2108 5262 2209 5302 nos
2245 5261 2358 5298 nia-

793 5354 898 5394 nus
950 5339 1300 5408 ingeramus,
1348 5355 1468 5410 qua:
1505 5355 1758 5410 expansa:
1788 5339 2108 5410 discipulis,
2159 5354 2222 5392 ae
2267 5355 2364 5408 per

793 5445 889 5484 eos
921 5431 1180 5486 universo
1233 5431 1479 5495 mundo,
1528 5431 1961 5486 benedictionem
2017 5433 2164 5488 velut
2211 5441 2361 5487 sorte

793 5523 1156 5578 distribuunt.
1209 5522 1467 5579 Extendit
1509 5524 1652 5579 enim
1714 5541 1866 5580 meus
1910 5522 2071 5580 Iesus
2123 5540 2358 5591 manus,

793 5632 902 5671 non
938 5614 1048 5686 jam
1076 5615 1367 5673 transﬁxus
1428 5631 1603 5673 neoue
1638 5625 1694 5672 ut
1734 5615 2082 5674 maledictum
2117 5616 2235 5686 ipse
2267 5630 2360 5669 vo—

2538 3055 2798 3111 Βούλεσθε
2838 3060 2930 3113 καὶ
2964 3063 3091 3133 περὶ
3127 3063 3220 3115 τοῦ
3267 3064 3374 3117 τῶν
3402 3066 3621 3134 ἡμερῶν
3647 3066 3879 3136 ἀριθμοῦ
3905 3068 4044 3122 Θεω-

2468 3148 2721 3217 ρήσωμεν
2747 3167 2761 3215 ;
2779 3146 2945 3220 Οἶμαι
2968 3153 3076 3223 γὰρ
3095 3154 3194 3207 οὐκ
3212 3155 3377 3226 ἄχαρι
3403 3160 3512 3220 τοίς
3533 3156 4040 3228 θεωρητικωτέροις

2467 3237 2612 3300 δόξαι
2659 3239 2729 3291 τὰ
2773 3240 3175 3312 τεθεωρημένα.
3222 3244 3360 3311 Ἐγὼ
3390 3247 3496 3318 γὰρ
3529 3250 3625 3318 οὑχ
3664 3249 3847 3312 ἁπλῶς
3893 3250 4041 3304 οὕτω

2470 3329 2606 3398 μετά
2664 3331 2762 3400 τὴν
2817 3334 3032 3402 ἔγερσιν
3123 3339 3573 3405 συμπεράνασθαι
3646 3340 3827 3394 τοῦτόν
3896 3361 4041 3411 φημι

2465 3418 2555 3471 τὸν
2596 3420 2828 3491 ἀριθμὸν
2873 3423 2965 3475 τὸν
3006 3425 3303 3496 Δεσπότην,
3335 3430 3456 3480 οὐδέ
3492 3430 3660 3499 χωρὶς
3697 3433 3856 3500 λόγου
3895 3436 4041 3498 τινος

2470 3515 2902 3584 μυστικωτέρου,
2930 3515 3128 3568 αὐτίκα
3175 3519 3311 3586 μετὰ
3344 3520 3444 3587 τὴν
3491 3521 3884 3591 συμπλήρωσιν
3929 3525 4041 3578 τῶν

2466 3604 2685 3674 ἡμερῶν
2713 3607 2791 3668 είς
2819 3607 3081 3675 οὐρανοὺς
3125 3609 3431 3677 ἀναπτῆναι
3477 3612 3568 3663 τὸν
3613 3612 3810 3680 Λόγον.
3874 3615 4039 3670 Ἀλλά

2466 3693 2517 3745 τί
2540 3711 2718 3762 φημι;
2775 3695 3023 3766 Ὁρῶμεν
3049 3697 3138 3750 τὸν
3173 3698 3355 3767 νόμον,
3381 3699 3550 3752 τύπον
3591 3701 3699 3752 τῶν
3735 3702 4040 3771 μελλόντων

2468 3785 2775 3854 ἐπέχοντα,
2831 3789 2924 3838 καὶ
2975 3786 3071 3856 τὴν
3133 3789 3340 3840 ἐκεῖθεν
3391 3790 3747 3854 κατάστασιν,
3800 3797 3913 3856 τοῖς
3965 3797 4040 3865 μὴ

2467 3874 2747 3938 παντελῶς
2778 3875 2870 3928 τὸν
2908 3875 3033 3928 νοῦν
3077 3877 3403 3948 ἁναπήροις,
3427 3883 3493 3950 τῇ
3528 3881 3650 3934 καθ’
3691 3883 3882 3936 ἑαυτὸν
3915 3886 4043 3938 ὐπο-

2468 3967 2726 4036 φαίνοντα
2776 3970 3125 4022 καταστάσει.
3175 3971 3326 4023 Ἐπεὶ
3365 3969 3456 4025 οὖν
3491 3966 3644 4036 οὗτος
3671 3979 3779 4038 τοῖς
3810 3978 3876 4028 ἐκ
3908 3977 4042 4044 $00-

2470 4059 2570 4127 ρᾶς
2607 4057 3054 4129 ἁποτικτομένοις
3093 4059 3179 4114 διὰ
3205 4061 3300 4114 τοῦ
3332 4061 3565 4132 ἀριθμοῦ
3601 4063 3813 4127 τούτου,
3850 4066 4043 4138 ὥσπερ

2467 4147 2611 4210 τινὸς
2635 4148 2780 4218 ἱεροῦ
2809 4151 3178 4218 εἰσαγωγέως,
3214 4153 3313 4222 τὴν
3337 4153 3470 4223 πρὸς
3492 4155 3551 4205 τὸ
3575 4154 3730 4223 ἆγιον
3757 4158 4044 4227 ἐχαρίζετο

2467 4240 2689 4304 εἴσοδον,
2743 4240 2829 4293 διὰ
2877 4241 3034 4295 τοῦτο
3076 4245 3169 4296 καί⁵
3200 4244 3293 4297 νῦν
3322 4247 3664 4314 πρωτότοκος
3719 4250 3784 4300 ἐκ
3829 4252 4044 4321 νεκρῶν

2467 4331 2698 4400 Χριστὸς
2747 4332 3005 4400 γεγονὼς,
3061 4335 3155 4386 καὶ
3208 4335 3306 4404 τὴν
3357 4336 3664 4406 ἀφθαρσίαν
3721 4340 4043 4406 ἐγκαινίσας

2467 4422 2544 4494 τῷ
2573 4424 2871 4494 πλάσματι,
2907 4425 3041 4494 πρὸς
3076 4426 3134 4478 τὸ
3179 4427 3570 4496 ὑπερουράνιον
3620 4430 3784 4482 αὐτοῦ
3830 4433 4042 4487 εἰσελάο

2471 4533 2578 4568 σων
2615 4516 3054 4586 ἀναλαμϐάνεται
3111 4518 3190 4570 Τὰ
3226 4518 3324 4588 μὲν
3359 4519 3450 4572 οὖν
3490 4521 3587 4590 τῆς
3638 4521 3871 4591 θεωρίας
3912 4527 4043 4588 ἴσως

2467 4604 2566 4657 οὐκ
2610 4605 2674 4657 ἂν
2701 4607 2766 4675 τῇ
2811 4605 3123 4675 φιλοθεώρῳ
3159 4605 3366 4676 διανοίᾳ.
3396 4607 3759 4662 δυσέντευκτα
3804 4613 4044 4682 ἐσόμενα

2461 4688 2710 4744 τοσοῦτον
2762 4692 2950 4762 ἐχέτω.
3011 4692 3200 4761 Ἡμεῖς
3249 4693 3305 4745 δὲ
3364 4695 3498 4766 πρὸς
3566 4697 3742 4751 ἐκεῖνο
3785 4699 3848 4752 τὸ
3895 4703 4043 4771 ἱερὸν

2462 4780 2586 4854 ὅρος
2645 4783 2915 4853 ἀπίωμεν,
2957 4777 3019 4838 οὗ
3047 4784 3233 4837 ἁπλῶν
3277 4784 3378 4848 τὰς
3433 4789 3622 4858 χεῖρας
3661 4790 3752 4841 τὸν
3797 4791 3902 4858 τῆς
3953 4797 4043 4845 εὐ-

2461 4877 2647 4944 λογίας
2693 4877 2893 4947 κλῆρον
2946 4876 3188 4946 διανέμει
3246 4880 3360 4938 τοῖς
3413 4879 3681 4949 μαθηταῖς
3733 4885 3762 4935 ό
3819 4885 4038 4954 Σωτήρ.

2461 4966 2960 5038 Συναριθμηθῶμεν
2991 4966 3067 5036 τῷ
3097 4967 3225 5037 θείῳ
3270 4967 3435 5039 χορῷ,
3470 4971 3657 5024 καὶτὰ
3704 4973 3760 5025 ἐν
3801 4973 3881 5045 τῷ
3923 4977 4040 5046 ὄρει

2468 5059 3100 5130 συμμυσταγωγηθῶμεν
3124 5059 3440 5127 τελούμενα.
3482 5062 3800 5134 Ὑποὸῶμεν
3848 5073 4041 5140 χεῖρας

2464 5152 2696 5215 ἐκείνας,
2751 5151 2807 5203 αἳ
2863 5152 3251 5222 διαπλούμεναι
3279 5153 3376 5224 τὴν
3414 5155 3660 5224 εὐλογίαν
3692 5162 3803 5220 τοῖς
3835 5160 4038 5227 φίλοις,

2466 5243 2560 5296 καὶ
2629 5242 2696 5295 δι’
2755 5243 2933 5296 αὐτῶν
2991 5245 3151 5296 παντὶ
3206 5245 3282 5315 τῷ
3343 5245 3532 5316 κόσμῳ
3595 5247 4036 5319 κληρώοτοῦσιν.

2481 5333 2669 5386 Ἀπλοί
2697 5334 2804 5404 γὰρ
2831 5339 3019 5406 χεῖρας
3067 5337 3095 5390 ό
3159 5335 3365 5405 Ἰησοῦς
3405 5339 3433 5390 ὁ
3472 5339 3624 5410 ἐμὸς,
3662 5344 3761 5393 οὐκ
3810 5340 3890 5396 ἐτι
3929 5343 4041 5396 δια-

2468 5425 2795 5495 σπειρομένας
2828 5443 2842 5456 ·
2873 5425 2982 5479 οὐδ’
3035 5425 3122 5481 ἵνα
3165 5428 3325 5481 τοῦτο
3377 5433 3588 5502 κατάρα
3637 5431 3886 5503 κληθείη,
3937 5440 4038 5506 τῆς

2468 5520 2711 5589 κατάρας
2755 5519 2958 5573 ἐκλύων
3007 5522 3107 5591 ἐμέ
3134 5537 3147 5551 ·
3203 5523 3317 5575 ἀλλ’
3370 5523 3456 5576 ἵνα
3500 5524 3599 5596 τὴν
3653 5525 3904 5594 εὐλογίαν
3948 5528 4037 5580 διὰ

2468 5614 2576 5667 τῶν
2625 5613 2934 5688 μαθητῶνὴ
2976 5616 3264 5689 οἰκουμένη
3289 5617 3547 5691 πλουτίσῃ
3572 5634 3588 5653 ο
3618 5618 3705 5674 ἶνα
3734 5619 3834 5691 τὴν
3864 5622 4036 5675 ἁπαν.

2110 5729 2344 5785 νΑῐυΔΞ
2374 5727 2783 5787 LECTlONES.

958 5827 1040 5880 ed.
1071 5825 1283 5888 ἀνίστη.
