4232 6444
233 341 335 407 117

224 462 397 533 τειχοῦ

223 557 594 627 ἀνενέργητον
635 558 784 629 δείξῃ
812 576 825 590 ·
886 561 1047 613 ἁπλοῖ
1076 566 1284 632 χεῖρας,
1331 564 1643 628 τελευταίας
1670 583 1809 635 παρ-

239 647 485 711 αινέσεις
540 654 659 711 ταῖς
718 651 963 719 καρδίαις
1010 654 1189 704 αὐτῶν
1222 654 1665 725 ὲπισφραγίζων,
1714 657 1807 709 καὶ

225 740 603 811 παρακροτῶν
631 743 851 813 εὐλογίᾳ
885 746 1019 815 πρὸς
1058 746 1119 797 τὸ
1150 747 1291 815 μέγα
1329 747 1421 799 τοῦ
1449 749 1802 817 Εὐαγγελίου

226 830 391 900 ἔργον
419 849 435 863 ο
476 835 553 895 ὡς
601 836 653 888 εί
697 851 780 897 τις
834 837 1014 906 πατὴρ
1061 839 1154 890 ἐπὶ
1202 841 1358 891 παισὶ
1404 841 1652 909 φλέγοιτο
1706 845 1802 911 μὲν

224 924 325 988 τὴν
368 924 550 995 ψυχὴν
582 926 660 995 τῷ
701 926 906 998 φίλτρῳ
930 970 946 993 ,
984 930 1131 997 ὅμως
1171 932 1255 997 ἐφ’
1297 931 1460 1002 ἓτερα
1502 933 1803 1003 πράγματα

226 1013 444 1082 ἀμείνω
471 1019 822 1086 μεταχωρῶν,
855 1019 1142 1072 καταλίποι
1195 1023 1422 1087 τούτοις,
1478 1022 1513 1076 ὃ.
1561 1025 1697 1089 τέως
1730 1027 1806 1077 δι-

224 1109 449 1172 ῳκεῖτο.
516 1106 655 1159 Ἀλλ’
684 1109 834 1161 οὐδὲν
872 1105 982 1162 οἷον
1017 1111 1195 1165 αὐτῶν
1224 1114 1456 1168 ἀκοῦσαι
1490 1116 1596 1167 τῶν
1647 1117 1806 1187 ἱερῶν

223 1196 452 1265 λογίων.
481 1200 545 1252 Τί
572 1200 665 1253 οὖν
689 1202 870 1254 ἐκεῖνά
898 1219 1030 1271 φησι
1056 1219 1071 1267 ;

227 1292 349 1358 ipse
404 1293 671 1348 hactenus
718 1294 1106 1352 administrare
1188 1298 1404 1354 soleret.

228 1383 375 1451 Quid
412 1387 577 1454 igitur
608 1389 735 1457 illa?

314 1478 586 1546 Ἐγένετο
606 1480 676 1532 ἐν
700 1479 780 1544 τῷ
805 1482 1079 1551 εὐλογεῖν
1113 1485 1301 1537 αὐτὸν
1320 1487 1563 1552 αὐτοὺς,
1594 1488 1799 1560 διέστη

223 1568 332 1622 ἀπ’
400 1570 598 1622 αὐτῶν
620 1610 635 1633 ,
703 1572 799 1624 καὶ
857 1573 1175 1641 ἀνεφέρετο
1226 1580 1310 1644 εἰς
1367 1579 1473 1630 τὸν
1524 1580 1799 1646 οὐρανόν.

226 1667 296 1718 Ὠ
343 1666 615 1736 θεάματος
668 1670 879 1738 ἡδίστου
922 1671 1019 1740 μὲν
1058 1672 1147 1726 διὰ
1176 1673 1273 1741 τὴν
1318 1674 1412 1726 τοῦ
1451 1676 1800 1746 Παρακλήτου

227 1758 569 1825 ἐπαγγελίαν
597 1800 612 1821 ,
669 1762 925 1829 φέροντος
976 1762 1032 1815 δέ
1063 1782 1115 1817 τι
1150 1767 1244 1818 καὶ
1283 1767 1527 1833 στυγνὸν,
1573 1768 1647 1832 ὠς
1692 1771 1804 1836 ἐγὼ

225 1846 412 1920 οἶμαι,
452 1855 565 1914 τοῖς
601 1856 891 1922 μαθηταῖς,
940 1857 1028 1908 διὰ
1091 1858 1187 1925 τὴν
1240 1857 1421 1911 οὐκέτι
1468 1862 1585 1929 μετ’
1627 1862 1805 1914 αὐτῶν

224 1942 499 2012 ἐσομένην
549 1946 710 2013 σαρκὶ
739 1946 993 2013 γλυκεῖαν
1018 1947 1110 2000 τοῦ
1135 1949 1466 2004 Διδασκάλου
1497 1954 1805 2021 παρουσίαν

225 2032 327 2084 καὶ
362 2034 726 2102 ἀναστροφήν.
787 2034 845 2086 Ei
895 2036 1002 2103 γὰρ
1049 2034 1143 2089 καὶ
1195 2039 1409 2088 πάντων
1459 2038 1809 2106 ἀνθρωπίνων

228 2124 510 2177 ἀπωτάτω
534 2125 905 2192 διεστήκεσαν,
937 2127 1070 2178 ἀλλὰ
1100 2127 1256 2181 τοῦτό
1285 2146 1346 2195 γε
1385 2129 1485 2182 οὐκ
1528 2129 1594 2183 ἂν
1642 2131 1807 2199 φαίην

228 2216 435 2278 αὐτοὺς
477 2215 550 2284 μὴ
602 2218 817 2275 παθεῖν.
866 2218 928 2270 τὸ
966 2218 1038 2287 μὴ
1077 2218 1325 2288 δριμεῖαν
1353 2220 1545 2289 ὀδύνην
1578 2221 1667 2274 διὰ
1701 2223 1808 2274 τῶν

232 2305 489 2371 ὲγκάτων
516 2306 703 2358 ἐλάσαι
758 2307 959 2369 αὐτῶν,
996 2304 1075 2370 οἷς
1114 2307 1297 2378 ἐώρων
1340 2310 1431 2362 τὸν
1479 2311 1564 2379 ἐφ’
1607 2311 1666 2363 ὃν
1714 2314 1809 2365 ἀν-

232 2395 436 2448 έθεσαν
460 2397 613 2458 ὅλους
637 2398 883 2460 ἑαυτοὺς,
908 2399 1093 2451 τοῦτον
1116 2400 1211 2452 ἀπ’
1246 2400 1426 2453 αὐτῶν
1446 2402 1805 2470 διιστάμενον.

236 2486 305 2539 Εἰ
333 2488 466 2557 γὰρ,
496 2490 614 2539 ἐπεὶ
642 2490 748 2557 πρὸ
774 2488 866 2540 τοῦ
893 2490 1095 2552 πάθους
1118 2492 1146 2543 ὁ
1179 2491 1368 2560 Σωτὴρ
1398 2492 1602 2559 ἔλεγεν,
1628 2494 1701 2554 ὡς
1725 2496 1809 2563 εἴη

239 2579 437 2648 καιρὸς
460 2580 696 2641 ἐκείνους
733 2580 831 2631 μὲν
863 2580 1039 2632 λιπεῖν
1070 2622 1085 2641 ,
1128 2581 1385 2633 ἀπελθεῖν
1417 2583 1473 2634 δὲ
1515 2582 1647 2651 πρὸς
1673 2586 1809 2635 ἁπο-

239 2671 531 2723 στείλαντα
563 2670 654 2722 τὸν
687 2671 903 2740 Πατέρα
931 2711 946 2733 ,
992 2672 1196 2723 τούτων
1235 2672 1522 2735 ἀκούοντες
1554 2675 1645 2726 ὑπ’
1679 2673 1811 2726 ἀθυ-

242 2764 375 2832 μίας
410 2763 745 2832 κεκάρωντο,
790 2764 964 2815 καίτοι
991 2764 1077 2815 ἐπ’
1108 2763 1296 2821 ὄψεσιν
1316 2765 1497 2817 αὐτῶν
1525 2765 1813 2835 ὁμιλοῦντα

235 2854 476 2925 ὁρῶντες
503 2856 696 2917 ’τίνες
735 2855 799 2907 ἂν
840 2856 1187 2921 ἐγεγόνεισαν
1232 2858 1351 2909 τότε
1394 2858 1585 2927 μόνους
1617 2860 1813 2920 αὐτοὺς

235 2947 477 3018 ὁρῶντες
516 2947 1017 3014 καταλιπομένουςς
1062 2947 1367 3001 Ἐνεννόουν
1427 2948 1523 3015 μὲν
1577 2950 1706 3018 γὰρ,
1739 2951 1813 3013 ὡς

235 3039 412 3100 εἰκὸς,
467 3038 545 3107 τῷ
590 3038 719 3106 θείῳ
772 3040 869 3108 τῆς
899 3038 1085 3090 ἀνόδου
1116 3038 1213 3107 τὴν
1296 3040 1588 3108 κυριότητα
1638 3039 1814 3109 πάσης

239 3130 475 3192 κτίσεως
527 3130 619 3182 τοῦ
679 3129 1036 3183 διδασκάλουο
1097 3131 1197 3183 οὐκ
1263 3130 1534 3183 άπέὅαλον
1594 3132 1652 3185 δὲ
1714 3133 1813 3200 τῆς

976 351 1257 414 ORATIO
1293 357 1396 415 ΧΙ.
1426 382 1490 390 -
1533 358 1610 415 ΙΝ
1657 357 2087 423 DOMINICAM
2124 363 2738 425 ASSUMPTIONEM.

484 463 589 534 γῆς
661 465 1065 528 ὲξαπλωθείσαν
1148 470 1305 538 χεῖρα
1385 472 1472 522 τοῐ
1560 472 1804 524 διαϐόλου
1836 480 2145 546 Acetttr,q

1796 490 1804 522 ι
1836 480 1879 534 Α
1908 488 2082 542 cetur,
2113 480 2207 546 qui
2255 494 2338 531 me
2369 494 2398 531 a
2439 479 2732 531 maledicto
2764 478 3006 532 exsolvat
3040 476 3107 542 ⁸⁵⁸,
3148 477 3241 530 sed
3276 491 3334 532 ut
3375 496 3467 549 per

3369 360 3468 424 118

1911 569 2213 637 discipulos
2270 571 2555 623 universus
2610 568 2968 637 locupletetur
3017 569 3169 622 orbis
3229 585 3244 621 :
3305 578 3469 637 utque

1911 659 2109 713 diaboli
2131 674 2344 724 manus,
2372 666 2485 712 toto
2502 666 2769 711 terrarum
2791 657 2922 711 orbe
2945 668 3287 726 exporrecta,
3314 658 3466 712 irrita

1911 752 2169 805 reddatur
2202 767 2266 806 ac
2289 750 2555 806 inctlicax.
2588 749 2838 819 Explicat
2876 764 3091 813 manus,
3127 761 3187 805 ut
3216 764 3469 820 suprema

1909 847 2110 897 monita
2161 844 2213 896 in
2260 844 2517 896 cordibus
2562 858 2748 895 eorum
2779 842 3087 911 consignct,
3142 858 3203 897 ac
3247 842 3471 897 benedi-

1908 938 2086 990 ctione
2120 934 2186 988 ad
2216 936 2475 989 eximium
2530 934 2807 1002 Evangelii
2850 934 3181 1004 praedicandi
3224 934 3469 987 minisle-

1908 1029 2047 1082 rium
2096 1027 2307 1089 incitet,
2346 1042 2497 1079 more
2535 1025 2706 1093 patris
2740 1024 2877 1077 lilios
2908 1040 3039 1079 suos
3081 1026 3376 1079 tenerrime
3403 1038 3467 1077 ac

1913 1120 2296 1175 ardentissime
2330 1120 2566 1172 amantis
2600 1138 2611 1170 :
2643 1119 2735 1187 qui
2762 1118 3062 1186 potioribus
3085 1118 3206 1171 aliis
3234 1130 3469 1170 evocan-

1899 1216 2044 1268 tibus
2076 1213 2163 1266 vix
2198 1212 2402 1265 invitus
2443 1210 2741 1274 recedens,
2784 1210 2853 1264 iis
2893 1209 2983 1261 illa
3022 1210 3323 1262 committat
3352 1222 3472 1278 qua:

1488 1303 1684 1358 Verum
1738 1306 1870 1361 nihil
1911 1310 2084 1363 satius
2131 1322 2293 1377 quam
2355 1314 2411 1360 ut
2457 1307 2640 1361 divina
2708 1305 2825 1373 ipsa
2883 1303 3106 1355 oracula
3158 1304 3466 1358 audiamus-

1980 1494 2045 1548 Et
2083 1495 2281 1561 factum
2316 1497 2392 1541 est
2418 1526 2432 1547 ,
2474 1487 2597 1537 dum
2628 1484 2946 1537 benediceret
2978 1481 3088 1533 illis
3115 1518 3130 1543 ,
3165 1481 3375 1533 recessit
3406 1479 3468 1531 ab

1903 1586 2001 1648 eis,
2041 1592 2090 1636 et
2130 1581 2396 1649 ferebatur
2428 1580 2481 1631 in
2524 1577 2708 1630 cwlum
2753 1576 2819 1628 ⁸⁸.
2859 1573 2902 1627 Ο
2945 1572 3338 1642 spectaculum,
3381 1570 3469 1637 ju-

1905 1678 2305 1732 cundissimum
2335 1672 2554 1742 quidem
2591 1678 2812 1739 prOptcr
2855 1669 3180 1734 prciuissum
3219 1665 3473 1719 Paracle-

1909 1780 2044 1831 tum,
2077 1778 2135 1822 ut
2165 1775 2346 1820 tamen
2382 1773 2514 1834 puto
2543 1764 2707 1816 etiam
2743 1761 2975 1814 tristitiae
3008 1757 3209 1827 aliquid
3239 1758 3471 1823 discipuo

1908 1859 1974 1912 iis
1996 1857 2252 1919 afferret;
2307 1870 2371 1908 eo
2403 1853 2546 1922 quod
2591 1852 2644 1903 in
2686 1858 2960 1918 posterum
2996 1864 3101 1900 non
3144 1855 3325 1902 essent
3356 1863 3472 1900 am-

1912 1952 2054 2021 plius
2082 1948 2301 2003 fruituri
2336 1946 2481 2001 dulci
2541 1946 2631 1997 illa
2662 1940 2901 2010 Magistri
2949 1939 3236 2009 praesentia
3279 1953 3473 1993 secun-

1911 2042 2040 2095 dum
2078 2054 2296 2091 carnem
2353 2048 2514 2104 atque
2560 2035 2839 2087 convictu.
2912 2030 3045 2083 Nam
3088 2030 3190 2084 etsi
3225 2030 3292 2082 ab
3323 2029 3470 2083 omni

1912 2133 2151 2185 humano
2174 2129 2369 2181 adet-tu
2400 2142 2562 2196 quam
2588 2124 2905 2191 longissime
2942 2128 3298 2183 recesserant,
3328 2120 3468 2172 baud

1914 2233 2087 2275 tamen
2119 2220 2242 2289 jure
2285 2217 2600 2271 aiiirmarim
2648 2215 2782 2268 nihil
2814 2228 2907 2267 eos
2936 2211 3158 2266 aiTectos
3194 2227 3336 2271 esse,
3375 2227 3472 2263 ne-

1910 2331 2015 2384 que
2038 2313 2247 2368 intimis
2272 2309 2576 2365 visceribus
2608 2308 2719 2364 acri
2755 2307 2945 2360 dolore
2968 2305 3135 2359 fuisse
3168 2305 3470 2373 perculsos,

1911 2419 2034 2458 cum
2070 2418 2193 2458 eum
2226 2403 2278 2454 in
2305 2414 2413 2469 quo
2449 2413 2642 2452 omnes
2674 2413 2797 2467 spes
2835 2413 2963 2451 suas
3003 2396 3134 2451 sitas
3164 2394 3472 2455 babcbant,

1912 2511 1974 2547 ac
2003 2494 2090 2548 cui
2128 2509 2190 2548 se
2220 2502 2365 2546 tutos
2406 2480 2752 2552 addixeram,
2779 2488 2846 2541 ab
2888 2488 3017 2556 ipsis
3054 2488 3168 2552 jam
3202 2486 3473 2555 segregari

1913 2587 2159 2641 viderent
2184 2587 2253 2639 ’°.
2308 2584 2363 2638 Si
2415 2587 2560 2637 enim
2603 2591 2728 2635 ante
2776 2582 3081 2640 passionem
3127 2594 3301 2643 suam,
3349 2592 3473 2632 cum

1915 2677 2177 2732 Dominus
2208 2676 2437 2731 dixisset
2479 2674 2772 2726 adventare
2802 2682 3010 2741 tempus
3054 2681 3111 2725 ut
3146 2672 3293 2740 ipsos
3318 2670 3475 2724 dese-

1915 2777 2077 2829 reret,
2103 2775 2159 2821 et
2195 2768 2406 2821 adeum
2434 2780 2462 2817 a
2492 2779 2602 2833 quo
2628 2765 2832 2818 missus
2861 2763 3057 2827 fuerat,
3090 2770 3472 2823 reverteretur,

1914 2877 2024 2931 pra:
2071 2862 2331 2931 languore
2362 2858 2561 2912 mentis
2605 2858 2658 2909 in
2690 2871 2905 2927 gravem
2950 2869 3235 2908 maerorem
3277 2853 3474 2907 incide-

1915 2964 2077 3018 runt,
2110 2966 2424 3019 quanquam
2468 2950 2645 3017 ipsum
2679 2962 2864 3002 coram
2910 2947 3270 3010 intuerentur,
3305 2960 3367 2999 ac
3398 2945 3475 2998 lo-

1914 3054 2172 3112 quentem
2211 3043 2464 3095 audirent.
2494 3056 2508 3092 :
2546 3040 2674 3108 quid
2717 3039 2821 3092 illis
2858 3038 3106 3092 evenisse
3141 3039 3471 3091 censendum

1916 3145 2024 3198 est,
2068 3142 2355 3203 postquam
2401 3146 2459 3185 se
2507 3132 2655 3186 solos
2699 3131 2916 3183 relictos
2966 3128 3267 3197 conspicati
3302 3127 3477 3182 sunt?

240 3222 489 3290 μνήμης.
539 3221 568 3273 ὃ
614 3220 910 3285 ὲπέσταζεν
959 3223 1056 3293 ἡδὺ
1104 3225 1223 3285 ταῖς
1275 3222 1474 3292 ψυχαῖς
1532 3223 1731 3289 αὐτῶν,
1780 3227 1884 3297 ἧς

1804 3244 1811 3294 ι
1839 3235 1884 3297 c
1915 3224 2047 3278 Nam
2081 3223 2264 3276 animo
2285 3223 2500 3292 quidem
2526 3236 2711 3276 secum
2737 3220 3023 3273 volvebant
3075 3234 3137 3271 ac
3163 3218 3475 3287 cogitabant

233 3314 454 3367 ἐκείνου
505 3312 647 3382 μετὰ
690 3314 893 3381 σαρκὸς
929 3314 1216 3384 παρουσία.
1269 3317 1478 3369 Ἀνεισι
1525 3319 1809 3388 τοιγαροῦν

236 3405 334 3456 ἐπὶ
386 3405 497 3456 τῶν
541 3404 778 3472 νεφελῶν
824 3408 852 3457 ὁ
901 3406 1111 3476 Σωτὴρ,
1152 3408 1246 3459 καὶ
1299 3408 1426 3470 τοὺς
1480 3407 1808 3476 ὀφθαλμοὺς,

238 3493 436 3560 ὥσπερ
470 3494 565 3546 σὺν
595 3488 787 3565 ἐκείνῳ
818 3497 1088 3563 ἀφιέντες,
1137 3496 1230 3549 τοῦ
1282 3499 1551 3568 μακαρίου
1604 3499 1811 3553 ἐκείνου

237 3584 519 3653 θεάματος
548 3584 932 3655 ὲξεκρέμαντο,
977 3588 1039 3638 οὐ
1084 3588 1395 3657 βουλόμενοι
1449 3589 1657 3642 ἐκεῖθεν
1689 3592 1816 3645 καθ-

240 3674 426 3728 έλκειν
474 3676 570 3739 τὰς
616 3678 785 3747 κόρας
816 3693 828 3705 ·
882 3679 1079 3747 ἤκουον
1148 3679 1203 3732 δὲ
1253 3680 1457 3732 ἄνωθεν
1517 3681 1765 3750 βοώντων
1798 3702 1809 3714 ·

244 3770 309 3824 Τί
366 3768 554 3832 οὕτως
618 3768 911 3836 ἑστήκατε
958 3770 1333 3836 βλέποντες;
1390 3774 1482 3826 καὶ
1529 3774 1605 3838 ὡς
1660 3776 1816 3829 ἴδοιεν

238 3860 409 3913 πάλιν
437 3858 655 3927 ἥξοντα,
696 3860 878 3920 καθὼς
924 3861 1121 3930 ὁρῶσιν
1164 3862 1677 3935 ἀναλαμϐανόμενον
1722 3868 1821 3936 ’1η-

242 3952 395 4005 σοῧν.
454 3952 517 4003 Τί
574 3950 770 4017 τοῦτο;
821 3952 982 4019 Μέγα
1028 3956 1121 4005 καὶ⁹
1159 3954 1318 4007 τοῦτο
1359 3956 1438 4016 είς
1472 3957 1817 4025 παραμὺθιον

237 4042 360 4102 τοῖς
378 4040 662 4110 μαθηταῖς.
689 4042 984 4110 Μονονουχὶ
1008 4044 1114 4112 γὰρ
1136 4043 1168 4111 ἡ
1194 4046 1342 4115 φωνὴ
1367 4045 1545 4098 ὂλάλει
1570 4048 1817 4114 ’Ἄνδρες

242 4132 545 4195 Γαλιλαῖοι,
579 4133 675 4184 οὐκ
732 4134 813 4194 εἰς
857 4132 1004 4198 ἅπαξ
1056 4134 1210 4202 ὑμῶν
1257 4136 1285 4187 ὁ
1333 4137 1664 4201 Διδάσκαλος
1714 4157 1819 4208 χω·-

243 4225 460 4297 ρίζεται
492 4241 507 4255 ο
542 4225 651 4277 οὐδ’
701 4225 838 4295 ὅπερ
988 4226 1161 4279 συνὼν
1208 4227 1333 4297 ὑμῖν
1370 4231 1820 4300 ἀποσκευασάμε-

243 4335 359 4379 νος,
390 4316 507 4378 δέος
551 4317 863 4385 ἐμποιήσει,
893 4315 990 4386 τὴν
1015 4317 1150 4387 πρὸς
1179 4320 1338 4371 αὐτὸν
1367 4320 1519 4390 ὑμῶν
1565 4321 1822 4390 διακοπῆς

242 4428 335 4464 ναι
393 4409 702 4480 οἰκειότητα
728 4426 743 4439 ·
796 4408 912 4461 ἀλλ’
960 4409 1013 4461 εἴ
1057 4427 1119 4478 γε
1151 4411 1398 4478 ἀκριϐεῖς
1430 4414 1538 4466 τῶν
1593 4415 1820 4468 ἐντολῶν

245 4500 617 4571 κατασταίητε
643 4500 901 4570 φύλακες,
922 4501 1117 4571 δᾴεσθε
1135 4503 1293 4555 πάλιν
1322 4505 1507 4567 αὑτὸν,
1539 4506 1614 4567 ὡς
1634 4508 1817 4575 ὁρᾶτε,

1916 3332 1982 3371 ex
2021 3316 2205 3369 divino
2240 3315 2331 3368 illo
2365 3328 2595 3368 ascensu
2624 3352 2637 3374 ,
2684 3313 2974 3380 pollentem
3017 3310 3330 3379 Magistrum
3374 3308 3476 3362 do-

1915 3408 2084 3461 minio
2115 3408 2168 3461 in
2204 3421 2395 3460 omnes
2442 3414 2764 3458 creaturas:
2806 3403 2947 3457 baud
3001 3410 3238 3455 attamen
3280 3414 3479 3453 memo-

1916 3504 1995 3555 ria
2027 3502 2313 3558 excidebat
2345 3500 2574 3555 dulcedo
2602 3499 2692 3552 illa
2735 3512 2895 3567 quam
2937 3497 3017 3551 eis
3064 3499 3220 3566 quasi
3251 3494 3478 3549 instilla-

1916 3595 2045 3656 bat,
2108 3594 2253 3648 illius
2308 3592 2361 3645 in
2421 3606 2585 3645 carne
2648 3597 2933 3659 prmsentta
2997 3604 3061 3642 ac
3117 3586 3476 3641 consuetudo.

1916 3685 2172 3738 Ascendit
2207 3699 2337 3752 ergo
2376 3681 2633 3735 Salvator
2675 3696 2838 3750 super
2888 3681 3100 3736 nubes:
3135 3694 3368 3748 eumque
3402 3678 3477 3732 illi

1918 3774 2093 3826 oculis
2112 3772 2387 3834 comitati,
2419 3772 2577 3824 beato
2606 3772 2698 3823 illo
2716 3772 3029 3838 spectaculo
3060 3770 3478 3838 quasisuspensi

1917 3866 2273 3924 tenebantur,
2312 3878 2486 3930 neque
2523 3863 2646 3916 inde
2700 3862 2987 3931 palpebras
3040 3872 3283 3916 avertere
3335 3860 3478 3916 fere-

1921 3958 2065 4010 bant.
2100 3954 2402 4008 Audicruut
2434 3971 2562 4009 vero
2589 3956 2679 4024 qui
2709 3956 2776 4009 de
2808 3957 2959 4009 caelis
2980 3956 3032 4007 in
3069 3957 3164 4010 bas
3189 3970 3347 4009 voces
3369 3954 3480 4007 cla-

1920 4060 2127 4103 mareut
2161 4068 2173 4101 :
2209 4049 2348 4115 Quid
2378 4050 2453 4101 sic
2482 4051 2640 4102 statis
2674 4050 2979 4119 aspicientes
3011 4051 3095 4103 “?
3129 4053 3330 4120 quique
3363 4051 3478 4103 fore

1921 4143 2250 4203 nuntiarent,
2288 4147 2344 4193 ut
2375 4139 2623 4193 eumdem
2647 4138 2831 4194 Jesum
2858 4142 3050 4194 iterum
3077 4141 3243 4193 visuri
3268 4146 3474 4203 essent,

1917 4248 2023 4301 qua
2067 4250 2189 4287 eum
2224 4234 2439 4285 ratione
2476 4234 2680 4286 assumi
2714 4233 2988 4287 videbant.
3026 4231 3167 4296 Quid
3212 4234 3314 4285 hoc
3360 4232 3481 4284 rei?

1918 4321 2204 4393 Egregium
2245 4321 2497 4392 quiddam
2551 4332 2605 4375 et
2661 4321 2726 4375 ad
2776 4322 3139 4376 consolandos
3179 4321 3477 4388 discipulos

1921 4427 2179 4481 perquam
2232 4412 2723 4466 accommodatum.
2764 4410 2995 4464 Tantum
3022 4411 3165 4464 enim
3195 4427 3299 4463 non
3331 4412 3480 4463 dice-

1923 4504 2012 4555 bat
2042 4505 2131 4556 illa
2160 4518 2259 4555 vox
2298 4523 2310 4557 :
2349 4503 2461 4556 Viri
2491 4502 2728 4567 Galilmi,
2762 4502 3013 4571 Magister
3061 4501 3417 4555 nou'omniuo
3448 4516 3477 4553 a

252 4593 424 4662 μηδὲν
470 4609 525 4643 τι
567 4592 669 4661 τῆς
712 4592 807 4645 νῦν
862 4592 1198 4656 διαστάσεως
1234 4594 1442 4648 άλλοῖον
1481 4596 1817 4667 διατεθείσης
1853 4581 1891 4633 D

1806 4616 1817 4660 ;
1853 4581 1891 4633 Ῐ)
1923 4596 2073 4649 vobis
2102 4606 2405 4661 separatur,
2450 4608 2625 4663 neque
2668 4600 2751 4647 est
2779 4592 2923 4661 quod
2955 4590 3245 4645 vereamini
3282 4589 3397 4643 iure
3421 4598 3477 4643 ut

245 4684 435 4739 αὐτόν.
456 4685 547 4753 Μή
572 4700 653 4747 τις
683 4679 775 4737 οὖν
806 4685 952 4755 ὑμᾶς
984 4688 1315 4739 κατασειέτω
1354 4687 1629 4757 λογισμός.
1672 4691 1823 4758 Μνηο

252 4774 514 4846 μονεύετε
546 4768 620 4827 ὧν
652 4772 805 4828 εἶπεν
837 4778 916 4829 ἔτι
949 4776 1121 4829 συνὼν
1170 4778 1316 4846 ὑμῖν,
1363 4778 1438 4842 ὡς
1487 4782 1583 4832 σὺν
1630 4781 1824 4849 ἐκείνῳ

246 4868 345 4920 ἐπὶ
407 4867 598 4936 θρόνου
655 4866 952 4937 καθήμενοι
1016 4872 1251 4937 κρινεῖτε
1302 4869 1395 4922 τὸν
1470 4872 1708 4942 Ἰσραήλ.
1764 4872 1824 4924 Εἰ

245 4959 295 5013 δ’
328 4958 686 5019 ἐπελάθεσθε,
721 4958 856 5011 ἀλλὰ
894 4957 988 5009 νῦν
1020 4954 1099 5020 οἷς
1130 4958 1378 5021 ἀκούετε,
1425 4960 1647 5013 ἐκείνων
1694 4963 1823 5015 ἀνα-

248 5050 558 5120 ζωπυρεῖτε
600 5051 699 5118 τὴν
749 5052 987 5119 μνήμην
1022 5045 1209 5115 Οὗτος
1238 5054 1270 5103 ό
1320 5052 1558 5118 Ἰησοῦς
1595 5053 1818 5118 ἀναλη-

248 5141 422 5211 φθεὶς
467 5142 567 5210 ἀφ’
594 5141 758 5211 ὑμῶν
779 5145 866 5207 είς
894 5142 999 5195 τὸν
1035 5142 1312 5209 οὐρανὸν,
1351 5142 1536 5208 οὕτως
1581 5144 1824 5197 ἐλεύσε-

248 5252 369 5297 ται,
425 5234 500 5287 ὃν
546 5236 763 5301 τρόπον
816 5231 1148 5287 ἐθεάσασθε
1196 5232 1380 5285 αὑτὸν
1424 5236 1826 5303 πορευόμενον

249 5329 339 5391 εἱς
368 5326 479 5377 τὸν
492 5326 770 5391 οὐρανόν.
803 5324 988 5378 Ταῦτα
1015 5325 1064 5377 οἱ
1093 5324 1192 5393 μὲν
1216 5326 1548 5394 ἐπεφώνουν.

1919 4699 1947 4736 a
1980 4684 2135 4737 vobis
2181 4683 2463 4754 digressus
2493 4724 2507 4747 ,
2560 4682 2990 4737 benevolentiam
3024 4681 3170 4733 illam
3206 4694 3333 4749 erga
3359 4696 3477 4743 vos,

1916 4791 2077 4845 quam
2124 4790 2359 4844 praesens
2389 4790 2497 4844 pra:
2532 4790 2591 4829 se
2624 4773 2859 4835 ferebat,
2898 4772 3188 4825 intercidat
3231 4790 3245 4824 ι
3299 4772 3391 4825 sed
3432 4773 3476 4824 si

1916 4870 2170 4921 mandata
2226 4867 2348 4937 ejus
2408 4877 2662 4921 accurate
2722 4864 3173 4925 observaveritis,
3222 4862 3478 4915 videbitis

1920 4975 2111 5015 rursus
2143 4976 2287 5023 eum,
2316 4968 2375 5013 ut
2406 4957 2533 5028 jam
2562 4960 2787 5022 videtis,
2842 4973 3018 5026 neque
3070 4954 3339 5020 sejunctio
3368 4955 3478 5008 ulla

1923 5052 2134 5105 ratione
2159 5066 2187 5103 a
2214 5050 2367 5105 vobis
2387 5050 2622 5104 alienum
2653 5048 2860 5103 reddet.
2894 5044 2971 5101 Ne.
3002 5047 3167 5117 igitur
3188 5044 3480 5115 cogitatio-

1926 5160 2025 5199 nes
2056 5153 2251 5200 vestra:
2279 5159 2374 5198 vos
2403 5141 2747 5198 conturbent.
2781 5141 3049 5194 Revocate
3078 5138 3134 5192 in
3162 5137 3477 5191 memoriam

1926 5252 1989 5291 ea
2034 5253 2153 5307 qua:
2199 5251 2436 5307 przescns
2488 5234 2642 5290 vobis
2678 5230 2815 5287 dixit
2846 5230 2929 5283 ἰι
2964 5229 3082 5283 fore
3121 5229 3375 5282 nimirum
3422 5238 3480 5281 ut

1928 5342 2052 5382 cum
2085 5344 2150 5384 eo
2174 5330 2406 5384 sedcatis
2428 5344 2589 5398 super
2610 5327 2861 5382 thronum
2881 5323 3176 5394 iudicaturi
3204 5321 3475 5377 lsraelem.

252 5418 414 5487 Quod
447 5420 493 5473 si
530 5419 643 5473 haec
673 5419 930 5473 oblivioni
978 5418 1317 5481 tradidistis,
1360 5428 1414 5471 at
1457 5418 1565 5485 jam
1597 5433 1659 5472 cx
1695 5418 1778 5471 bis
1806 5457 1821 5480 ,
1862 5435 1981 5488 qua:
2012 5422 2210 5475 auditis
2235 5461 2248 5484 ,
2282 5423 2597 5475 memoriam
2632 5425 2885 5473 revocate
2918 5433 2932 5470 :
2968 5416 3064 5470 Hic
3130 5413 3320 5478 Jesus,
3389 5416 3478 5483 qui

250 5521 558 5578 assumptus
586 5521 663 5565 est
691 5528 723 5564 ιι
756 5511 896 5565 vobis
924 5512 977 5564 in
1008 5513 1219 5575 malum,
1244 5512 1320 5565 sic
1350 5512 1533 5577 veniet,
1558 5512 1994 5567 auemadmadum
2030 5516 2229 5569 vidistis
2290 5532 2406 5569 eum
2470 5524 2674 5569 euntem
2712 5513 2768 5565 in
2831 5510 3015 5565 calum
3041 5508 3105 5562 ⁵³.

252 5608 377 5659 dem
410 5603 500 5657 isti
529 5603 917 5658 inclamabant.

328 5783 375 5811 "
414 5781 585 5837 ϐοείη.
623 5800 668 5846 ι’,
725 5784 805 5838 13.
885 5784 930 5815 δ’
966 5782 1096 5838 Luc.
1131 5798 1275 5847 κεν,
1309 5782 1359 5837 3.

1441 5783 1482 5815 ³³
1544 5779 1697 5837 Joun.
1744 5797 1849 5848 xvi,
1883 5783 1932 5838 6.

3175 5506 3301 5561 Haec
3348 5505 3475 5563 aui-

2014 5782 2053 5811 "
2097 5781 2214 5837 Διὶ.
2253 5797 2285 5845 ι,
2335 5779 2413 5833 li).
2491 5780 2533 5810 "'
2564 5776 2753 5832 Matth.
2790 5773 3014 5833 311.28.
3092 5776 3135 5809 ³³
3163 5774 3280 5831 Act.
3320 5788 3357 5841 ι,
3390 5774 3471 5828 tn.
