4232 6444
771 436 869 493 119

836 544 940 596 Alii
976 560 1127 607 vero,
1161 553 1219 597 nt
1254 552 1419 611 portat
1450 541 1831 595 attollerentur
1865 545 2175 602 monebant.
2197 559 2336 595 nun-
2363 549 2410 604 Α

769 636 964 688 tiantes
1015 631 1398 700 superioribus
1454 629 1755 684 Virtutibus
1803 631 1964 698 Regis
2014 633 2198 700 glorize
2241 635 2335 685 ad-

771 737 1010 782 ventum.
1045 729 1110 776 At
1138 725 1242 776 illa:
1271 763 1286 786 ,
1331 739 1472 776 novo
1517 725 1709 777 nuntio
1735 725 2145 792 obstupefacta.
2181 739 2336 794 roga-

773 823 900 874 bant
932 835 944 870 :
972 817 1102 881 Quis
1131 826 1208 870 est.
1263 817 1364 869 iste
1413 814 1523 867 Item
1569 817 1752 884 gloria:
1784 817 1866 868 ι’δῖ
1896 814 2198 878 Nimirum,
2242 819 2332 886 qui

772 917 1092 965 descensum
1175 925 1281 962 non
1355 909 1763 976 intellexerant,
1870 910 2217 964 subdubitant
2270 910 2337 963 de

772 1019 1021 1056 ascensu.
1077 1001 1442 1055 Nihilominus
1505 1012 1682 1054 tamen
1739 1008 1926 1070 portas
1985 1003 2246 1072 pandunt,
2273 1017 2336 1055 ac

775 1091 902 1162 liegi
936 1094 1148 1144 obviam
1188 1091 1526 1160 procedunt;
1559 1093 1872 1158 stipantque
1918 1101 1972 1146 et
2008 1094 2337 1147 comitantur

773 1199 896 1236 eum
917 1185 1004 1252 qui
1037 1192 1221 1236 nostro
1245 1185 1464 1237 nomine
1489 1183 1852 1236 obedientiam
1881 1183 2023 1238 Patri
2051 1183 2332 1239 offerebat:

775 1289 936 1344 atque
963 1276 1013 1328 in
1045 1277 1213 1344 gloria
1250 1257 1550 1342 majestatis
1583 1275 1792 1328 sedenti
1815 1277 2054 1330 astitcre.
2086 1277 2199 1330 lloc
2231 1277 2339 1331 dis-

777 1366 1111 1434 pensationis
1139 1367 1282 1419 circa
1324 1382 1420 1418 nos
1453 1375 1684 1432 peracta:
1714 1367 2191 1434 complementmn.
2225 1366 2338 1421 lloc

776 1455 896 1520 ejus
939 1457 1029 1523 qui
1059 1456 1374 1507 incarnatus
1413 1455 1623 1519 fuerat,
1670 1455 1908 1507 studium
1951 1470 2015 1508 ac
2075 1455 2226 1510 labor
2259 1459 2339 1510 in-

780 1545 1068 1600 defessus:
1106 1555 1162 1599 ut
1195 1548 1448 1599 nimirum
1503 1549 1776 1600 hominem
1819 1563 1914 1616 per
1957 1547 2214 1602 invidiam
2253 1553 2340 1604 de-

777 1637 1000 1704 jeetunt,
1024 1651 1184 1706 atque
1207 1637 1270 1689 ad
1301 1645 1568 1690 terrenam
1591 1648 1789 1690 sortem
1813 1637 2111 1704 delapsun‘t,
2142 1639 2336 1691 nedum

780 1731 846 1784 ad
893 1731 1248 1784 immortalem
1295 1739 1492 1782 statum
1547 1731 1829 1782 reduceret
1857 1770 1872 1792 ,
1915 1731 2008 1783 sed
2057 1741 2114 1784 et
2160 1745 2338 1798 regem

779 1831 1046 1882 creatum,
1082 1823 1290 1884 coalesti
1324 1823 1486 1878 SuiiO.
1533 1837 1596 1873 ex
1634 1838 1745 1890 quo
1769 1823 1986 1876 invidus
2017 1822 2104 1875 ille
2125 1821 2342 1876 excide-

781 1925 864 1969 rat
895 1957 909 1979 ,
959 1915 1294 1984 dignaretur.
1321 1917 1407 1977 Λι,
1444 1931 1476 1966 o
1502 1913 1591 1966 Dei
1627 1911 1883 1976 Verbum,
1910 1916 2002 1980 qui
2037 1916 2104 1967 ad
2133 1922 2337 1967 tanlam

782 2007 1008 2076 gloriam
1057 2015 1303 2058 nostrum
1364 2004 1634 2072 pulverem
1692 2007 1916 2059 eveXIsti
1955 2043 1969 2064 ,
2022 2004 2114 2074 qui
2155 2005 2336 2058 divina

781 2097 962 2148 omnia
1001 2097 1282 2162 majestate
1335 2098 1509 2166 reples
1539 2135 1554 2159 ,
1595 2095 1688 2164 qui
1737 2096 1804 2150 iis
1849 2097 1936 2164 qui
1967 2105 2018 2150 te
2071 2098 2339 2150 sustinent

781 2203 995 2254 Semper
1019 2197 1070 2239 te
1102 2187 1401 2240 allaturum
1434 2189 1754 2255 promisisti,
1784 2189 2036 2256 pepulutn
2069 2203 2230 2256 quem
2253 2204 2336 2242 me

785 2294 968 2345 regere
999 2279 1239 2341 voluisti,
1271 2278 1384 2346 ipse
1427 2294 1665 2344 praesens
1691 2280 1846 2332 nobis
1871 2287 1960 2331 tua
1987 2282 2204 2332 dextera
2233 2295 2334 2348 gu-

783 2373 970 2430 berna.
1003 2371 1208 2424 ducens
1234 2371 1287 2423 in
1320 2371 1458 2423 viam
1487 2371 1678 2424 salutis
1707 2412 1720 2432 ,
1760 2375 2050 2439 omniaque
2083 2373 2333 2432 adversa,

785 2463 1016 2516 maxime
1063 2477 1188 2514 vero
1214 2477 1278 2516 ea
1317 2478 1436 2532 qua:
1483 2464 1766 2516 animabus
1795 2461 2178 2516 detrimentum
2212 2461 2338 2516 alre-

783 2562 944 2616 runt,
989 2555 1336 2623 propulsans.
1399 2553 1474 2608 Da
1517 2555 1700 2621 utqui
1745 2554 1903 2608 nobis
1945 2554 2018 2607 tui
2051 2557 2340 2610 occasione

785 2645 1022 2698 nominis
1057 2645 1414 2700 adversantur
1441 2685 1457 2709 ,
1489 2655 1578 2698 tua
1613 2647 1850 2714 potentia
1895 2647 2073 2714 agnita
2107 2661 2212 2699 una
2249 2661 2342 2700 no-

786 2735 994 2787 bis-eum
1035 2743 1086 2788 te
1129 2735 1453 2800 concinant,
1495 2736 1638 2804 quod
1671 2736 1910 2790 omnium
1949 2737 2141 2792 salutis
2174 2751 2339 2791 causa

789 2823 1108 2880 iueﬂ‘abilem
1145 2825 1290 2878 illam
1325 2823 1524 2878 feceris
1559 2816 2018 2892 dispensationem
2041 2844 2054 2880 :
2077 2825 2338 2894 decetque

787 2925 845 2972 ut
871 2925 921 2969 te
943 2916 1123 2970 omnis
1149 2917 1332 2988 lingua
1357 2919 1612 2976 celebret.
1664 2919 1790 2983 quia
1819 2927 1966 2968 tuum
1989 2925 2070 2970 est
2091 2933 2338 2988 regnum,

785 3019 836 3060 et
896 3010 1178 3076 potentia,
1232 3019 1287 3062 et
1343 3011 1555 3079 gloria,
1617 3009 1669 3061 in
1737 3010 1932 3062 saa-ula
1996 3011 2338 3064 saeculorum.

787 3104 957 3154 Amen

1369 3269 1626 3326 ORATIO
1659 3271 1747 3324 ΧΙΙ

796 3385 859 3440 In
901 3387 1252 3446 Pontecosten,
1298 3401 1417 3442 cum
1460 3383 1690 3458 Spiritus
1723 3385 2127 3458 sanctigratio,
2169 3389 2346 3458 ignea-

869 3475 982 3538 nun
1022 3459 1324 3524 linguarum
1354 3456 1540 3524 specie,
1568 3456 1620 3507 in
1645 3455 2036 3510 sacratissimo:
2062 3455 2350 3514 discipulos

862 3537 1017 3581 venit.

864 3663 1092 3729 Quando
1106 3677 1252 3718 nunc
1271 3663 1431 3718 etiam
1455 3663 1638 3718 divina
1659 3665 1950 3722 celebritas
1984 3665 2159 3733 adest,
2174 3683 2348 3738 quan-

798 3765 912 3810 tum
950 3757 1091 3812 Deus
1123 3755 1236 3827 ipse
1256 3755 1468 3812 dederit
1505 3755 1572 3812 ad
1597 3758 1838 3827 ejusdem
1879 3759 2139 3815 honorem
2165 3759 2350 3816 conie-

800 3864 983 3904 remus
1024 3865 1039 3902 :
1066 3863 1166 3904 nec
1193 3857 1476 3918 propterea
1513 3851 1898 3905 cunctabimur
1929 3852 2071 3922 quod
2113 3851 2234 3921 ejus
2263 3867 2353 3907 ce-

802 3941 1079 3996 lebrandis
1123 3942 1414 4010 praeconiis
1463 3957 1570 3996 non
1601 3943 1774 3998 simus
1818 3943 1986 4008 satis;
2028 3948 2150 4014 quis
2206 3945 2350 3999 enim

801 4033 918 4098 ejus
945 4047 1044 4101 pro
1071 4031 1333 4100 dignitate
1363 4031 1549 4087 laudes
1581 4031 2024 4101 deprtedicaverit
2050 4033 2188 4090 ?sed
2207 4033 2352 4104 quod

808 4123 1038 4176 facultas
1067 4129 1256 4176 nostra
1301 4121 1688 4190 suppeditabit,
1733 4123 1966 4177 libenter
2000 4124 2066 4177 ad
2097 4125 2217 4179 festi
2254 4125 2354 4177 hu-

796 4213 889 4281 jus
939 4211 1330 4264 snlemnitatem
1385 4211 1745 4266 decorandum
1809 4227 2140 4282 promemus.
2199 4213 2352 4281 Quod

2023 435 2296 496 LEONIS
2327 433 2770 495 PIIILOSOPIII

2365 1881 2412 1939 B

3892 431 3916 493 1
3929 431 4000 489 ‘20

2507 541 2570 590 (li
2617 539 2673 590 δὲ
2713 538 2822 590 τῶν
2855 537 3039 590 πυλῶν
3064 539 3365 606 ἐκέκραγον
3410 551 3658 605 επαρσιν,
3699 543 3818 602 ταῖς
3861 543 3998 594 ἅνω·

2436 633 2621 701 τὲραις
2668 631 2984 697 Δυνάμεσι,
3037 632 3136 698 τῆς
3193 629 3352 697 δόξης
3405 631 3560 700 ἥκειν
3617 633 3708 684 τῖεν
3769 633 4002 687 Βασιλέα

2441 721 2753 793 μηνύοντες.
2803 722 2867 772 Al
2903 721 2978 780 δὲ,
3011 720 3088 788 τῷ
3117 719 3252 790 ξένῳ
3283 721 3376 774 τοῦ
3408 725 3730 791 πράγματος
3763 725 4004 792 ἐκπλητο

2432 814 2655 883 τόμεναι
2679 828 2691 842 ·
2727 813 2821 877 Τίς
2843 815 2876 863 ὀ
2897 812 3008 877 τῆς
3031 812 3231 878 δόξης,
3258 815 3640 875 ἐπυνθάνοντο,
3664 816 4002 881 βασιλεύς-ς

2435 907 2529 960 ἅτε
2583 904 2657 974 μὴ
2692 903 2790 974 τὴν
2829 904 3132 956 κατάῦασιν
3167 907 3448 970 συνιεῖσαι,
3485 905 3818 974 ἐπαποροῦσι
3866 909 4006 976 προς

2433 997 2529 1068 τὴν
2571 999 2852 1052 ἀνάϐασιν.
2887 996 3072 1064 Ὅμως
3119 996 3161 1047 δ’
3197 997 3479 1066 ἐπαίρουσι
3527 997 3719 1058 πύλας,
3773 997 3869 1049 καὶ
3927 999 4004 1066 τῷ

2437 1089 2653 1144 Βασιλεῖ
2699 1089 3137 1160 προσυπαντῶσι,
3188 1091 3281 1141 καὶ
3311 1089 3667 1160 δορυφοροῦσι
3705 1091 3803 1156 τὴν
3841 1091 4006 1159 ἡμῶν

2437 1183 2764 1249 προσάγοντι
2815 1181 3094 1251 ὑποταγὴν
3145 1180 3220 1250 τῷ
3273 1182 3464 1249 lla-cpi,
3501 1183 3594 1233 καὶ
3637 1183 3693 1233 ἐν
3745 1181 3870 1252 δόξῃ
3903 1182 4006 1248 τῆς

2441 1273 2831 1344 μεγαλωσύνης
2887 1273 3262 1342 παρεστήκασι
3315 1271 3626 1341 καθημένῳ.
3693 1271 3841 1342 Λῦτη
3905 1272 4006 1340 τῆς

2439 1365 2566 1434 περὶ
2600 1365 2747 1433 ἡμᾶς
2798 1363 3109 1432 οἰκονομίας
3145 1365 3555 1433 συμπλήρωσις.
3593 1363 3764 1416 Τοῦτο
3797 1359 3866 1434 ἦν
3897 1365 4008 1433 ἄρα

2438 1457 2531 1508 τοῦ
2578 1456 2950 1526 σαρκωθέντος
2993 1458 3020 1509 6
3070 1455 3257 1518 πολὺς,
3315 1457 3384 1508 ἵν’
3417 1456 3588 1518 οὕτως
3637 1457 3793 1519 εἴπω,
3831 1455 4004 1521 ἁγὼν.

2438 1549 2528 1601 τὸν
2559 1547 2911 1618 φθονηθέντα,
2957 1548 3218 1618 καὶπρὸς
3270 1549 3369 1611 τὰς
3415 1547 3638 1614 γεώδεις
3684 1548 3856 1618 κῆρας
3907 1565 4008 1599 κα·

2437 1642 2766 1701 ταπεσόντα,
2806 1641 2882 1709 μὴ
2915 1641 3072 1710 μόνον
3100 1640 3234 1710 πρὸς
3282 1640 3383 1708 τὴν
3416 1641 3688 1708 ἀκήρατον
3731 1643 4010 1706 ἐπαναγα-

2437 1736 2552 1798 γείν
2599 1732 2893 1794 πολιτείαν,
2946 1732 3078 1785 ἀλλὰ
3116 1731 3213 1784 καὶ
3259 1730 3482 1800 βασιλέα
3521 1731 3721 1797 δείξαι,
3781 1733 3872 1784 καὶ
3910 1733 4006 1784 οὐ·

2443 1827 2623 1894 ρανοῖς
2649 1823 2975 1894 ἐνθρονίσαι,
3000 1817 3073 1876 ὧν
3101 1827 3128 1877 6
3155 1823 3426 1893 φθονήσας
3455 1825 3774 1878 κατέπεσεν.
3815 1823 4002 1883 Ἀλλὰ.

2439 1911 2484 1969 ὦ
2514 1917 2653 1984 Λόγε
2686 1915 2844 1977 θεοῦ,
2873 1915 2901 1965 ὁ
2949 1917 3082 1984 πρὸς
3115 1917 3366 1970 τοσοῦτον
3403 1915 3558 1986 δόξης
3603 1917 3694 1967 τὸν
3735 1916 4008 1983 ἡμέτερον

2439 2009 2566 2078 χοῦν
2599 2007 2884 2077 ἀνυιςίὼσας
2915 2027 2928 2039 -
2960 2008 2988 2059 ὁ
3033 2011 3207 2062 πάντα
3236 2007 3456 2077 πληρῶν
3482 2007 3556 2069 ὼς
3603 2007 3734 2070 Θεός
3763 2025 3778 2038 ο
3823 2009 3850 2058 ὁ
3891 2010 4010 2070 τοῖς

2439 2101 2718 2170 ἀνέχουσιν
2761 2101 2840 2163 εἰς
2893 2103 2951 2154 σὲ
2992 2103 3358 2170 συμπαρεῖναι
3390 2099 3459 2152 δι’
3507 2099 3700 2162 αἰῶνος
3745 2101 4012 2166 ἐπαγγει-

2436 2191 2688 2260 λάμενος,
2739 2193 2922 2255 αὐτὸς,
2966 2193 3023 2244 ὃν
3067 2191 3260 2256 ἔταξας
3311 2191 3438 2244 λαόν
3493 2207 3586 2243 σου
3625 2189 4008 2260 διακυϐερνᾷν,

2438 2284 2745 2352 συμπαρὼν
2782 2286 2912 2353 ἡμῖν
2957 2287 3022 2352 τῇ
3081 2285 3145 2354 σῇ
3194 2281 3598 2352 διακυϐερνῴης
3637 2281 3804 2351 δεξιᾷ,
3855 2283 4010 2349 ἄγων

2437 2376 2496 2428 ὲν
2540 2375 2747 2445 τρίϐοις
2791 2376 2889 2443 τῆς
2944 2375 3310 2444 δικαιοσύνης,
3366 2375 3460 2426 καὶ
3511 2373 3688 2427 πάντα
3737 2373 4006 2436 κίνδλνον,

2437 2468 2560 2530 ὅσος
2593 2469 2826 2537 μάλιστα
2851 2465 3046 2535 ψυχαῖς
3083 2466 3242 2536 φέρει
3277 2465 3376 2535 τὴν
3407 2465 3666 2525 κάκωσιν,
3689 2463 4008 2533 ἐπαμύνω-ι.

2441 2563 2538 2622 Δὸς
2583 2561 2709 2622 τοὺς
2749 2559 3116 2626 πολεμοῦντας
3145 2559 3296 2626 ἡμᾶς
3340 2556 3427 2609 διὰ
3459 2556 3550 2608 σὺν
3579 2557 3768 2625 ὄνομα,
3813 2554 3876 2607 τὸ
3913 2555 4010 2606 σὺν

2445 2651 2760 2718 ἐπιγνόντας
2811 2649 3035 2719 κράτος,
3095 2649 3214 2719 ἃμα
3265 2651 3452 2719 ὑμνεῖν
3497 2666 3586 2713 σε,
3627 2652 3709 2702 ὅτι
3766 2649 3854 2702 διὰ.
3905 2652 4011 2716 τὴν

2445 2740 2697 2792 ἁπάντων
2728 2739 3000 2808 σωτηρίαν
3048 2739 3148 2807 τὴν
3175 2741 3380 2806 ἄφατον
3407 2739 3656 2799 ἐτέλεσας
3677 2739 4012 2806 οἰκονομίανο

2443 2831 2538 2883 καὶ
2564 2830 2646 2881 σοὶ
2695 2829 2891 2898 πρέπει
2929 2830 3108 2882 πᾶσαν
3131 2830 3381 2896 γλῶσσαν
3414 2831 3598 2898 φέρειν
3637 2831 3730 2900 τὴν
3769 2829 4010 2884 αἰνεσιν⁹

2443 2921 2524 2973 ὅτι
2579 2920 2672 2971 σοῦ
2719 2923 2865 2974 ἐστιν
2913 2923 2947 2983 ἡ
3007 2921 3272 2990 βασιλεία,
3326 2923 3420 2974 καὶ
3456 2924 3490 2992 ἡ
3537 2923 3784 2992 δύναμις,
3835 2925 3928 2975 καὶ
3977 2923 4012 2993 ὴ

2443 3009 2592 3074 δόξα,
2625 3009 2707 3071 εἰς
2737 3011 2864 3072 τοὺς
2895 3009 3101 3072 αἰῶνας
3131 3010 3239 3062 τῶν
3268 3010 3498 3064 αἰώνων.
3531 3010 3725 3079 Ἀμήν.

3043 3277 3264 3335 ΛΟΓΟΣ
3300 3279 3400 3336 ΙΒ’.

2447 3393 2640 3460 Λόγος
2667 3393 2754 3456 εις
2780 3391 2894 3460 τὴν
2924 3392 3370 3459 Πεντηκοστὴν,
3413 3391 3512 3445 ὅτε
3549 3391 3621 3445 ἐν
3647 3390 3792 3445 εῖδει
3819 3395 4014 3460 γλωσ-

2520 3459 2650 3514 σῶν
2691 3459 2976 3529 πυρίνων,
3031 3464 3070 3529 ἡ
3099 3463 3206 3516 τοῦ
3243 3464 3406 3516 θείου
3449 3463 3790 3530 Πνεύματος
3826 3459 4016 3530 ίχὰρις

2523 3530 2620 3584 ἐπὶ
2651 3531 2794 3598 τοὺς
2812 3532 3006 3599 ἱεροὺς
3029 3532 3295 3601 μαθητὰς
3317 3532 3764 3601 κατεφοίτησεν.

2531 3671 2788 3742 Ἐπείπερ
2832 3673 2925 3726 καὶ
2970 3672 3064 3726 νῦν
3107 3671 3222 3725 θεία
3258 3671 3459 3742 ἐπέστη
3492 3671 3818 3741 πανήγυρις,
3867 3671 4013 3722 κατᾶ

2447 3762 2546 3834 τὴν
2573 3763 2722 3818 θείαν
2749 3766 3027 3836 χορηγίαν,
3058 3764 3124 3820 τὰ
3153 3766 3232 3829 είς
3257 3763 3420 3834 τιμὴν
3452 3765 3518 3836 τῇ
3549 3761 3852 3834 πανηγύρει
3887 3779 4016 3815 συν-

2449 3857 2694 3928 οίσομεν·
2724 3857 2820 3927 οὐχ
2847 3859 2930 3912 ὅτι
2975 3857 3048 3929 μὴ
3074 3857 3437 3927 ἀποχρώντως
3469 3857 3599 3926 ἡμῖν
3627 3855 3740 3924 ἔχει
3771 3855 3840 3908 τὰ
3873 3853 4018 3922 πρὸς

2449 3948 2550 4019 τήν
2579 3949 2905 4010 συντέλειαν,
2953 3947 3042 4001 διὰ
3085 3947 3242 4001 τοῦτο
3277 3947 3414 4017 πρὸς
3450 3945 3510 3998 τδ
3549 3944 3855 4015 ἐγχείρημα
3905 3945 4020 3996 ἀπ-

2451 4037 2758 4100 οκνοῦντεςε
2777 4037 2949 4109 ταύτῃ
2970 4039 3079 4107 γὰρ
3093 4037 3265 4100 οὐδεὶς
3293 4035 3427 4106 πρὸς
3450 4033 3601 4089 θείαν
3625 4034 3908 4104 αὐτάρκης
3929 4051 4016 4085 τι·

2457 4131 2596 4199 μήν·
2628 4129 2744 4183 ἀλλ’
2777 4130 2969 4199 ἐφόσον
3013 4128 3241 4198 εῦπορον
3275 4128 3333 4180 ὲν
3366 4126 3443 4194 τῷ
3484 4126 3694 4180 ἑλέσθαι
3727 4125 3914 4196 τιμᾷν,
3945 4124 4020 4177 τὰ

2454 4223 2625 4275 οἰκεῖα
2647 4224 2712 4292 τῇ
2750 4223 2908 4293 ἑορτῇ
2943 4220 3399 4291 συνεισφέροντες.
3431 4218 3527 4282 Τίς
3551 4217 3608 4272 δὲ
3637 4217 3768 4286 ἄλλη
3801 4233 4022 4269 συνεισ-

801 4319 930 4356 vero
987 4319 1200 4364 munus,
1246 4304 1491 4358 oratione
1530 4305 1923 4372 congruentius
1954 4307 2202 4374 praestari
2226 4321 2351 4376 pos-
2383 4315 2472 4380 οι

2346 4336 2351 4346 ι
2383 4315 2428 4370 D
2455 4313 2595 4381 φορὰ
2639 4312 2798 4380 λόγου
2841 4313 3172 4380 οἱκειοτέρα;
3199 4313 3274 4366 Οὐ
3308 4311 3468 4381 μόνον
3499 4310 3579 4363 ὅτι
3621 4309 3839 4362 πάντων
3868 4309 4017 4360 ὲντι-

803 4395 922 4447 sit?
957 4410 1062 4446 non
1099 4409 1160 4446 ea
1189 4391 1364 4446 solum
1415 4394 1626 4446 ratione
1654 4394 1800 4462 quod
1834 4395 1968 4447 nihil
1992 4411 2243 4450 sermone
2286 4410 2352 4450 ae

802 4483 1048 4538 oratione
1105 4485 1181 4537 sit
1211 4483 1605 4544 honorabilius,
1631 4484 1724 4538 sed
1759 4483 1886 4553 quia
1915 4487 2166 4553 praesenti
2214 4501 2352 4554 quo-

803 4591 907 4643 que
961 4576 1190 4642 tempori
1248 4574 1386 4628 nihil
1417 4575 1588 4644 magis
1618 4575 1873 4644 competit
1896 4591 2056 4646 quam
2087 4577 2354 4631 orationis

804 4683 1020 4721 uulnus.
1045 4665 1178 4720 Nam
1211 4667 1408 4734 quibus
1435 4669 1694 4722 hodierna
1708 4668 1793 4722 die
1815 4668 2016 4722 donum
2049 4668 2351 4738 linguarum

807 4760 1034 4812 missum
1069 4758 1190 4822 fuit,
1218 4759 1304 4813 his
1335 4759 1496 4814 hodie
1525 4774 1783 4828 perquam
1811 4767 1935 4829 apte
1972 4773 2036 4812 ac
2065 4769 2353 4820 consentae

807 4865 909 4903 nee
941 4849 1208 4903 orationis
1233 4863 1434 4904 munus
1461 4849 1820 4905 dedicandmn
1859 4858 1964 4905 est.
1993 4849 2116 4904 llaec
2155 4863 2354 4920 propo-

808 4939 899 4993 siti
972 4952 1036 4992 ac
1075 4939 1307 4994 instituti
1353 4940 1528 4994 nostri
1563 4943 1702 4994 ratio
1728 4947 1833 4994 est.
1869 4939 2158 4995 Precemur
2203 4957 2353 5004 vero,

806 5041 865 5083 ut
894 5029 1084 5083 artifex
1132 5029 1223 5082 illa
1278 5030 1456 5085 virtus
1495 5032 1649 5087 nobis
1679 5031 1995 5086 auxiliatrix
2043 5031 2208 5096 adsit,
2236 5047 2357 5100 qua:

808 5121 970 5177 hodie
1002 5121 1158 5176 rudia
1194 5122 1526 5191 piscatorum
1573 5137 1668 5177 ora
1697 5124 1931 5187 aperuit,
1965 5134 2130 5194 atque
2167 5123 2359 5178 adver-

810 5231 906 5270 sus
939 5229 1034 5269 eos
1054 5215 1148 5285 qui
1182 5213 1398 5269 dicendi
1431 5217 1482 5270 vi
1516 5217 1965 5287 inexpugnabiles
1991 5217 2316 5271 videbantur
2341 5257 2355 5282 ,

808 5307 1079 5362 armavit:
1105 5308 1376 5379 simulque
1423 5317 1478 5364 et
1507 5308 1638 5373 illis,
1674 5319 1726 5364 et
1757 5325 1817 5363 ea
1849 5325 1953 5379 qua
1999 5308 2361 5376 loquebantur

810 5399 1094 5467 sapientia,
1151 5399 1458 5470 superiores
1496 5398 1692 5456 eﬂ‘ecit.
1739 5401 1870 5468 Ejus
1921 5413 2154 5467 namque
2196 5399 2357 5454 etiam

811 5490 970 5545 modo
993 5492 1232 5546 muneris
1256 5491 1327 5546 sit
1367 5501 1426 5545 ut
1451 5492 1725 5546 indoctam
1765 5491 2008 5561 linguam
2033 5490 2252 5556 excitet,
2297 5504 2360 5544 ac

809 5581 1078 5637 sermonis
1094 5583 1307 5652 cepiam
1331 5582 1472 5637 haud
1503 5599 1724 5653 prorsus
1747 5591 2063 5654 argumento
2092 5583 2354 5654 imparem

813 5675 1090 5730 concedat.
1123 5675 1250 5730 Veni
1279 5677 1463 5748 igitur,
1499 5692 1632 5732 verse
1664 5675 1990 5748 cognitionis
2017 5677 2225 5732 doctrix
2259 5676 2356 5731 Sa-

894 5877 935 5908 "
975 5877 1121 5930 Psal.
1157 5891 1307 5941 unt,
1345 5875 1390 5928 7.

2456 4405 2686 4474 μότατον
2708 4403 2793 4472 λόγ
2807 4421 2866 4468 ος
2885 4447 2900 4471 ,
2936 4403 3049 4458 ἀλλ’
3076 4405 3157 4456 ὅτι
3180 4403 3273 4456 καὶ
3299 4401 3377 4472 τῷ
3407 4400 3630 4472 παρόντι
3657 4399 3832 4468 καιρῷ
3857 4400 3990 4468 ἀκρι
4019 4428 4024 4431 -

2453 4493 2562 4558 ϐῶς
2608 4496 2640 4566 ή
2687 4493 2781 4548 τοῦ
2814 4495 2970 4562 λόγου
3019 4493 3248 4564 ἁρμόσει
3278 4490 3612 4562 προσένεξις.
3644 4485 3740 4554 Οἷς
3765 4491 3876 4560 γὰρ
3899 4489 4021 4542 τῶν

2451 4585 2709 4653 γλωσσῶν
2749 4585 2810 4637 τὸ
2856 4584 3026 4654 δῶρον
3067 4585 3306 4653 σήμερον
3337 4580 3728 4650 κατεπέμφθη,
3764 4580 4019 4651 σήμερον

2455 4675 2699 4746 ἀκριϐῶς
2729 4675 3016 4742 εὐλόγωςή
3075 4671 3166 4726 τοῦ
3191 4671 3351 4739 λόγου
3383 4670 3869 4741 προσενεχθήσεται
3910 4669 4026 4722 δω-

2460 4766 2574 4836 ρεά.
2601 4760 2766 4829 Οὗτος
2795 4765 2892 4835 μὲν
2908 4761 3000 4820 οῦν
3020 4766 3047 4818 6
3067 4765 3166 4832 τῆς
3193 4763 3559 4832 προαιρέσεως
3582 4762 3735 4829 λόγος
3753 4777 3766 4792 ·
3795 4759 4026 4830 ᾑτήσθω

2451 4859 2496 4914 δ’
2541 4861 2671 4929 ἡμῖν
2699 4859 2797 4929 τὴν
2827 4861 3061 4928 τεχνῖτιν
3096 4855 3522 4927 συνεργάζεσθαι
3553 4855 3799 4924 δύναμιν,
3833 4855 3868 4924 ἣ
3915 4856 4024 4924 σή-

2457 4967 2619 5020 μερον
2639 4951 2707 5002 τὰ
2731 4948 2914 5020 ἅμαθῆ
2938 4949 3042 5003 τῶν
3073 4949 3264 5002 ἁλιέων
3301 4949 3608 5014 διανοίξασα
3634 4947 3893 5015 στόματα,
3921 4948 4022 4998 καὶ

2455 5041 2596 5095 κατὰ
2650 5039 2757 5093 τῶν
2804 5041 3103 5110 ἀμαχήτων
3135 5041 3192 5094 ὲν
3221 5039 3298 5108 τῷ
3343 5041 3518 5108 λέγειν
3557 5039 3842 5100 ὁπλίσασα,
3879 5039 4026 5107 ὁμοῦ

2456 5134 2502 5186 τ’
2533 5133 2778 5196 ἐκείνων,
2802 5133 2894 5186 καὶ
2932 5133 3030 5202 τῆς
3057 5129 3124 5205 ἧς
3154 5132 3374 5186 ἐλάλουν
3402 5133 3608 5199 σοφίας,
3645 5133 4026 5197 ύτςερήκοντας

2459 5223 2648 5288 ἔδειξε.
2675 5223 2891 5294 Ταύτης
2929 5225 3037 5295 γὰρ
3077 5223 3173 5276 καὶ
3200 5223 3293 5276 νῦν
3323 5223 3504 5293 ἔργον,
3553 5223 3735 5292 ἀμαθῆ
3767 5221 4030 5290 γλῶσσαν

2461 5315 2895 5388 παρακροτῆσαι,
2941 5317 3035 5369 καί
3068 5315 3251 5370 δοῦναι
3281 5317 3475 5380 εἰπεῖν,
3509 5315 3583 5384 μὴ
3610 5313 3788 5380 πολλῷ
3821 5313 4030 5379 φαυλό-

2459 5424 2615 5474 τερον
2651 5408 2749 5475 τῆς
2793 5405 3121 5470 ὑποθέσεως.
3159 5403 3308 5458 mea
3337 5405 3400 5472 δὴ
3446 5403 3558 5466 οὖν,
3587 5405 3620 5472 ή
3647 5405 3744 5470 τῆς
3784 5402 4030 5470 αληθοξς

2461 5497 2713 5566 γνώσεως
2732 5497 3049 5558 διδάσκαλος
3075 5496 3266 5564 Σοφία,
3293 5496 3352 5547 τὸ
3377 5494 3600 5564 Πνεῦμα
3625 5494 3721 5562 τῆς
3743 5492 4028 5558 ἀληθείας,

2465 5589 2558 5644 καὶ
2592 5589 2652 5642 σὲ
2681 5588 2912 5653 θειάζειν
2937 5588 3317 5660 προελομένοις
3357 5587 3582 5655 φθέγξαι
3621 5586 3744 5652 περὶ
3767 5583 4030 5645 σεαυτοῦ,

2464 5681 2520 5732 ἐν
2550 5679 2624 5748 τῷ
2655 5678 2936 5748 πληρῶσαι
2975 5680 3034 5731 τὸ
3067 5680 3238 5748 στόμα
3272 5678 3446 5747 ἡμῶν.
3495 5676 3740 5743 Ἐξουσία
3775 5675 3886 5738 γὰρ
3920 5689 4034 5725 πα-
