4232 6444
146 385 233 446 121

1159 380 1438 440 ORATIO
1459 380 1593 438 XII.
1628 404 1695 412 -
1730 378 1807 436 ΙΝ
1846 375 2387 439 PENTECOSTEN.

3284 374 3384 437 122

143 498 340 568 ριγίνῃ
390 497 691 563 Δεσποτικῇ
745 496 833 545 καὶ
864 494 961 562 τὴν
997 492 1114 562 σὴν,
1163 494 1287 544 ὅποι
1324 490 1518 559 βούλει,
1556 488 1711 549 δίδως
1742 503 1787 557 Α

1705 503 1787 557 ζΑ
1816 485 2036 551 pientia,
2075 484 2311 551 Spiritus
2348 485 2608 550 veritatis,
2651 499 2714 539 ac
2754 492 2806 537 te
2830 483 3107 537 celebrare
3152 484 3376 536 volenti-

144 590 463 640 ἐπίπνοιαν·
501 588 549 638 εἰ
591 588 683 637 καὶ
725 585 875 653 παρὰ
915 584 1007 637 τοῦ
1058 585 1179 637 καθ’
1213 586 1360 653 ἡμᾶς
1389 582 1476 633 διὰ
1524 582 1709 648 φιλαν-

145 679 396 748 θρωπίαν
426 678 713 745 γεγονότος
763 678 960 742 Λόγου,
1011 675 1145 746 πρὶς
1178 675 1265 725 τὸν
1301 674 1550 740 σύνεδρον
1583 673 1712 723 ἁνα-

148 773 383 833 τττάντος
422 772 672 840 Πατέρα,
723 770 1079 839 καταπέμπῃ.
1113 770 1187 819 Οὐ
1215 767 1342 836 γὰρ,
1393 765 1469 826 ὡς
1498 764 1678 816 δοῦλον
1701 804 1715 827 ,

148 862 261 913 ἀλλ’
288 861 367 922 ὡς
413 861 703 929 ὁμότιμον,
738 858 851 911 ἀλλ’
877 860 950 921 ὠς
976 858 1231 925 συγγενὲς
1275 855 1522 924 Πνεῦμα,
1554 852 1717 905 αὐτοῦ

148 952 205 1014 ἐξ
249 951 412 1019 ἡμῶν
447 952 814 1011 ἁναπτέιντος,
848 952 910 1001 σὺ
957 949 1251 1017 παραγίνῃ,
1302 947 1437 1016 πρὸς
1488 944 1577 1003 οὓς
1626 945 1721 995 σὺν

147 1045 344 1111 ἐκείνῳ
386 1042 845 1111 ἐδημιούργησας.
881 1034 1020 1091 Ἶικε
1054 1039 1116 1107 δὴ
1140 1038 1231 1090 οὖν
1258 1040 1387 1105 ἡμῖν
1430 1037 1528 1103 τὴν
1557 1038 1716 1102 ἐργα-

149 1136 267 1186 σίαν
315 1135 411 1186 τοῦ
460 1134 639 1198 λόγου,
671 1134 763 1184 καὶ
807 1133 1077 1201 χορηγῶν,
1119 1133 1209 1182 καὶ
1248 1127 1577 1195 διακοσμῶν.
1613 1125 1719 1175 Καὶ

148 1227 317 1294 πάρει
349 1242 410 1292 γε
436 1226 675 1286 πάντως,
712 1228 740 1276 ὀ
763 1225 936 1277 πάντα
963 1222 1290 1289 διακοσμῶν.
1328 1220 1435 1273 Καὶ
1457 1218 1584 1285 γοῦν
1615 1218 1720 1269 ὑπὸ

150 1320 231 1369 eo".
258 1319 570 1388 κυϐερνήτῃ
594 1317 685 1369 τὸν
713 1315 877 1369 πλοῦν
902 1315 1251 1385 ἐπιτρεπτέον
1280 1314 1356 1381 τῷ
1379 1312 1537 1379 λόγῳ.

1816 578 1916 629 llllS
1970 580 2037 629 de
2096 584 2145 628 te
2193 578 2307 644 ipse
2338 577 2580 643 loquere,
2617 592 2679 629 os
2724 587 2970 629 nostrum
3011 575 3378 643 adimplenda.

1817 667 2029 720 Domini
2067 667 2211 720 enim
2239 674 2507 736 potestate
2537 667 2684 727 ades.
2722 677 2982 735 tuutuque
3016 668 3103 719 ubi
3140 666 3272 719 velis
3291 666 3380 718 di-

1815 760 2000 811 vinum
2061 758 2298 810 alllatum
2364 765 2593 826 praestas
2644 767 2802 824 atque
2861 757 3125 822 impendis
3160 775 3172 809 :
3207 768 3384 826 quan-

1817 863 1979 917 quam
2009 864 2037 899 a
2073 847 2271 911 Verbo,
2299 849 2442 916 quod
2489 848 2819 914 benignitate
2866 848 3021 899 nobis
3045 849 3221 900 simile
3261 845 3377 900 fac-

1830 953 1966 1002 tum,
1992 941 2057 993 ad
2084 940 2320 1000 Patrem,
2355 942 2439 993 cui
2496 941 2722 1001 assidet,
2756 956 3034 993 reversqu
3061 950 3165 1002 est,
3193 940 3379 994 mitta-

1830 1032 1927 1084 ris.
1952 1030 2137 1099 Neque
2167 1030 2310 1082 enim
2374 1043 2430 1082 ut
2462 1047 2674 1093 servus,
2731 1032 2819 1084 sed
2852 1042 2907 1083 ιιι
2950 1031 3135 1083 divino
3174 1032 3383 1084 honore

1828 1121 2054 1190 aequalis
2103 1131 2269 1188 utque
2303 1130 2566 1188 cognatus
2610 1122 2866 1188 Spiritus,
2913 1122 3029 1189 ipso
3084 1123 3136 1175 in
3189 1124 3386 1175 cmlum

1826 1214 2096 1283 proiecto,
2129 1214 2196 1265 ad
2223 1215 2345 1265 illos
2372 1215 2593 1268 :tdwnis
2625 1231 2764 1283 qttos
2802 1231 2906 1267 una
2938 1230 3057 1267 cum
3099 1217 3216 1284 ipso
3246 1230 3385 1267 con-

1825 1307 2036 1361 didisti.
2074 1305 2202 1358 Veni
2235 1306 2418 1372 igitur,
2443 1309 2707 1361 orationis
2735 1309 2889 1360 nobis
2925 1322 3241 1375 apparatqu
3272 1309 3385 1359 lar-

148 1414 304 1480 giens
338 1412 749 1478 pariter.atque
783 1422 1095 1462 exornans:
1124 1407 1311 1457 adesto
1343 1405 1485 1456 enini
1527 1400 1704 1464 modo,
1745 1399 1836 1467 qui
1901 1398 2235 1451 comlecoras
2275 1397 2476 1448 omnia.
2526 1397 2600 1452 'l‘e
2643 1399 2785 1452 enim
2825 1399 3223 1468 gubernatore,
3258 1414 3386 1452 ora-

149 1506 285 1559 tioni
319 1506 385 1559 ad
427 1504 824 1574 navigationem
848 1503 963 1557 vela
993 1498 1311 1570 pandemus.

226 1690 390 1758 Ἀρτι
434 1688 531 1756 μὲν
569 1686 597 1737 ὁ
641 1684 961 1748 Μονογενὴς
1012 1680 1146 1751 πρὸς
1184 1678 1277 1742 οὓς
1309 1679 1408 1731 οὐκ
1440 1676 1587 1727 ἔλιπε
1617 1671 1709 1724 τοῦ
1743 1677 1785 1731 Β
1883 1665 1897 1717 Ῑ

1743 1677 1785 1731 Β
1883 1663 2000 1717 Non
2033 1662 2241 1732 pridem
2275 1661 2597 1730 Unigeuitus
2643 1662 2843 1727 Patris,
2893 1680 3031 1733 quos
3085 1682 3191 1719 non
3237 1666 3393 1722 dese-

154 1782 370 1849 Πατρὸς
401 1779 552 1849 ἀνῄει
579 1779 808 1837 κόλπους
829 1792 842 1805 ’
867 1775 926 1825 τὸ
954 1774 1095 1843 μέγα
1119 1773 1302 1842 ἔργον,
1323 1771 1421 1839 τὴν
1442 1766 1715 1838 ἡμετέραν

152 1875 309 1943 αὐτῷ
354 1870 738 1939 προσκομίσων
794 1865 1157 1933 καταλλαγὴν,
1218 1863 1312 1915 καὶ
1365 1860 1528 1913 τόπον
1585 1858 1718 1925 ἡμῖν

154 1963 462 2033 ὲτοιμάσων
482 1962 620 2013 ἐκεῖ.
654 1958 801 2010 Ἔδει
831 1956 885 2008 δὲ
921 1954 1048 2024 ἄρα,
1086 1954 1293 2005 ἐκείνου
1323 1951 1384 2015 ἐξ
1408 1949 1563 2019 ἡμῶν
1589 1949 1719 1999 ἁνα-

157 2054 414 2113 πτάντος,
455 2049 612 2103 ἄλλον
655 2042 770 2099 ἴσον
814 2046 1005 2111 ἐκείνῳ
1050 2044 1147 2095 καὶ
1194 2042 1352 2109 δόξης
1402 2042 1495 2092 καὶ
1554 2037 1723 2107 τιμῆς

157 2142 373 2211 ἔχοντα,
403 2140 481 2200 εἰς
511 2138 612 2207 τὴν
647 2134 745 2203 τῆς
778 2132 1094 2204 εὐεργεσίας
1126 2127 1581 2196 ἀπικαταστῆναι
1619 2124 1727 2195 χώ-

158 2249 282 2302 ραν,
336 2231 415 2291 ὡς
467 2227 546 2298 μὴ
590 2224 867 2294 λάθοιμεν,
923 2222 1085 2276 πάλιν
1132 2220 1231 2290 τὴν
1265 2214 1607 2286 καταλλαγὴν
1651 2214 1729 2277 εἰς

1826 1757 2045 1817 ruissel,
2093 1757 2247 1808 sinus
2297 1757 2611 1823 repetierat;
2666 1757 2854 1825 ingens
2884 1758 3017 1811 illud
3068 1773 3226 1825 Opus,
3291 1775 3391 1813 uo-

1834 1857 2001 1905 stram
2033 1848 2107 1900 illi
2135 1848 2400 1901 allaturos
2425 1863 2487 1901 ac
2512 1850 2800 1903 oblaturus
2832 1851 3282 1918 redemptionem,
3307 1864 3385 1906 at-

1831 1957 1937 2010 que.
1978 1940 2155 1993 locum
2188 1941 2299 1995 illic
2330 1941 2491 1995 nobis
2520 1951 2829 2010 paraturus.
2853 1942 3149 2012 Oportebat
3189 1954 3392 2010 autem,

1830 2033 1923 2087 illo
1972 2047 2001 2084 a
2041 2030 2199 2083 nobis
2236 2033 2440 2092 ablato,
2490 2035 2655 2085 alimn
2714 2034 2790 2085 illi
2822 2041 2878 2087 et
2904 2035 3075 2103 gloria
3101 2045 3155 2090 et
3183 2037 3393 2091 honore

1840 2137 2050 2192 parem,
2084 2121 2173 2175 ubi
2214 2123 2403 2176 fuisset
2443 2124 2761 2177 beneficium
2798 2127 3081 2187 collatum,
3130 2127 3185 2181 in
3218 2130 3390 2182 vicem

1839 2218 2128 2285 constitui,
2188 2231 2255 2270 ne
2286 2215 2487 2270 incauti
2523 2229 2587 2268 ac
2615 2215 2890 2271 oblivione
2933 2218 3395 2275 reconciliationis

1655 2443 1887 2499 NOT£.

237 2619 353 2683 (Ξῖ)
393 2614 579 2675 Docte,
602 2621 738 2666 etut
764 2611 1073 2683 theologum
1113 2608 1321 2683 deceat,
1356 2608 1591 2683 Spiritus
1621 2610 1736 2662 dci-

163 2679 345 2742 tatem'
376 2684 615 2737 vindicat
679 2698 739 2733 ac
777 2681 931 2734 fidem
956 2679 960 2680 ί
984 2679 1267 2732 Trinitatis
1300 2681 1556 2746 explicat.
1613 2695 1723 2731 uno

163 2760 431 2810 tlontaxat
457 2761 701 2820 excepto,
737 2752 790 2803 in
823 2766 930 2818 quo
960 2750 1097 2820 forte
1116 2747 1425 2820 Graecorum
1453 2748 1722 2820 schismao

165 2832 402 2881 tieorum
432 2818 607 2876 errori
633 2822 907 2875 adhaerere
938 2819 1104 2872 videri
1142 2818 1331 2885 possit,
1375 2827 1432 2869 ut
1467 2819 1721 2870 nimirum

163 2897 397 2949 omnino
445 2892 700 2945 excludat
748 2908 777 2943 ιι
825 2888 962 2943 Filio
1006 2902 1183 2940 causae
1239 2890 1522 2951 rationem,
1562 2902 1722 2951 quam

164 2973 388 3022 vocant,
425 2963 540 3017 sive
588 2972 644 3014 ut
676 2961 782 3012 ulla
833 2960 1042 3010 ratione
1074 2958 1339 3025 producat
1383 2972 1506 3008 cum
1570 2958 1724 3010 Patre

167 3036 434 3101 Spiritum
491 3045 762 3085 sanetum.
817 3029 1075 3101 Quamvis
1102 3028 1250 3101 enim
1296 3042 1399 3101 non
1450 3027 1521 3078 ita
1564 3029 1722 3101 clare

166 3098 447 3173 loquatur,
480 3103 561 3173 sic.
594 3112 773 3153 tamen
807 3100 1019 3173 sentire
1038 3098 1615 3173 velut_qnodammodo
1644 3098 1724 3173 iu-

166 3166 309 3227 dicat
338 3190 352 3223 :
385 3188 505 3223 cum
527 3169 740 3223 Patrem
791 3170 864 3219 ait
895 3166 1023 3219 Υἱσῦ
1065 3169 1158 3218 καὶ
1189 3166 1500 3234 Πνεύματος
1522 3170 1620 3234 τὴν
1643 3168 1726 3218 αἰ-

1843 2610 2062 2676 qnando
2090 2610 2252 2662 etiam
2287 2608 2422 2661 Galli
2462 2608 2512 2658 iu
2544 2607 2760 2659 Grzceos
2795 2605 3119 2676 peculiarius
3155 2621 3393 2663 noscun-

1832 2674 1917 2732 tur
1949 2681 2293 2741 inclamasse,
2334 2689 2391 2730 ut
2427 2678 2592 2741 liquet
2623 2692 2683 2729 ex
2717 2692 2871 2729 caue.
2912 2674 3103 2728 Rhein.
3127 2677 3229 2729 sub
3259 2676 3396 2732 Ebe-

1832 2765 1993 2802 rone.
2037 2748 2203 2801 Multo
2231 2750 2561 2811 'adinmento
2602 2757 2765 2807 esset,
2790 2754 2847 2797 ut
2885 2745 2955 2797 ita
2986 2746 3070 2806 pie
3092 2761 3393 2813 exponere-

1840 2835 1983 2879 mus,
2024 2819 2249 2887 epistula
2287 2832 2404 2883 qua:
2432 2826 2608 2870 exstat
2660 2827 2767 2868 tom
2796 2815 2857 2868 Ill
2898 2814 3152 2887 Biblioth.
3188 2814 3289 2869 Pl’.
3327 2818 3392 2871 ad

1830 2888 2087 2940 Omarnm
2123 2887 2518 2941 Saracenorum
2584 2902 2758 2953 regem
2796 2887 2860 2938 de
2915 2886 3033 2937 fidei
3067 2886 3395 2942 Christiante

1831 2960 2073 3016 veritate,
2106 2960 2262 3015 ruins
2289 2958 2572 3017 liaruuius,
2605 2974 2689 3008 au.
2732 2955 2856 3016 9H,
2893 2970 2953 3007 ea
2983 2956 3141 3007 verba
3177 2960 3339 3008 relert
3372 2976 3385 3010 :

1833 3031 1939 3095 Ego
1967 3046 2080 3080 sunt
2136 3029 2387 3081 Dominus
2442 3028 2577 3079 Deus
2616 3036 2754 3078 tuus.
2789 3023 3009 3095 Creator
3045 3035 3185 3085 tuus,
3216 3027 3393 3079 (unum

1830 3094 1891 3149 de
1920 3100 2131 3157 (mutue,
2172 3098 2388 3148 l'erbuiu
2417 3099 2479 3150 de
2506 3096 2685 3150 Patre.
2712 3111 2775 3147 ex
2800 3094 2982 3162 quibus
3012 3094 3239 3159 Spiritus
3267 3114 3289 3148 δ
3314 3114 3393 3147 .u-

1831 3177 1942 3217 ctus
1974 3168 2203 3227 procl-dit
2236 3184 2254 3219 :
2291 3177 2347 3219 ut
2386 3169 2473 3220 illa
2506 3167 2728 3218 omnino
2770 3175 3086 3228 constaret;
3143 3179 3206 3216 ac
3264 3182 3395 3218 con-

165 3245 286 3313 τξαν
321 3241 661 3313 ἀνῃρῃμὲνον
684 3256 695 3267 ’
750 3237 1036 3313 Peculiare
1073 3234 1292 3313 lmberc,_
1344 3252 1450 3288 esse
1483 3253 1721 3313 ⁸ραιιδιιηι
1753 3236 1795 3290 C
1832 3248 2000 3313 staret
2050 3238 2182 3289 nihil
2233 3239 2334 3291 sibi
2367 3239 2707 3313 interpretem
2749 3238 2800 3289 in
2836 3252 2897 3289 ea
2928 3235 3237 3297 indulsisse,
3280 3238 3395 3291 sive

168 3312 304 3366 Filii
341 3307 678 3376 arwSpiritus
716 3309 904 3367 sancti,
950 3307 1039 3358 tibi
1064 3308 1409 3373 praznnsisset
1463 3307 1723 3373 distingui

169 3398 433 3453 personas
462 3394 568 3432 uno
597 3379 717 3438 line,
742 3379 817 3445 τῷ
846 3376 1019 3453 αἰτίῳ,
1047 3378 1227 3453 καὶ-τῇ
1250 3376 1519 3453 γεννήσει,
1547 3380 1637 3427 καὶ
1660 3379 1725 3444 τῇ

172 3446 386 3522 ἓτροόδῳ
409 3466 422 3477 ·
452 3465 626 3501 causw
678 3464 738 3522 ac_
768 3446 1269 3522 principiiratioue,
1288 3447 1639 3522 generatione,
1665 3462 1725 3497 at:

169 3512 518 3590 processione,
566 3534 686 3569 cum
730 3512 875 3590 itém.
922 3515 1142 3590 Latinos
1186 3512 1371 3590 procul
1418 3514 1583 3590 dubio
1624 3512 1731 3590 no-

170 3584 317 3651 ians,
347 3592 416 3641 ita
448 3594 511 3641 ad
550 3591 705 3640 liuent
765 3589 856 3648 ait,
902 3584 1022 3654 μηδ’
1068 3587 1142 3645 εἰς
1170 3585 1345 3636 αἰτίαν
1373 3584 1500 3636 αὐτὸ
1536 3585 1729 3651 διπλῆν

170 3662 567 3729 ἀναφέροντες
596 3673 756 3729 neque
775 3658 828 3707 iu
846 3656 989 3729 duas
1012 3654 1182 3721 ipsum
1205 3672 1406 3729 causai
1420 3654 1694 3729 referentes
1712 3671 1728 3707 .·

171 3725 320 3792 quod
352 3725 448 3788 ait,
479 3725 807 3794 πολυαρχίαν
840 3728 895 3776 ὲν
934 3728 997 3794 τῇ
1036 3727 1330 3793 μοναρχικῇ
1366 3725 1551 3791 Τριὰδι
1599 3742 1730 3791 παρ·

170 3799 536 3866 εισαγόντωνο
583 3813 761 3848 eorum
816 3798 903 3864 qui
946 3796 1113 3847 multa
1144 3796 1432 3866 Apriucipia
1478 3796 1530 3847 in
1574 3797 1727 3847 unius

173 3862 421 3938 principii
450 3866 759 3918 Trinitatem
798 3862 1073 3938 inducunt.
1130 3862 1387 3928 Quamvis
1415 3865 1580 3938 enim
1614 3868 1728 3932 ipsa

178 3934 290 3993 haec
359 3939 671 3989 Latinorum
739 3952 801 3986 ac
869 3934 1122 3988 Ecclesia:
1196 3935 1459 3986 sententia
1517 3935 1729 3998 habeat,

177 4012 548 4075 nninSqueAet
609 4006 706 4074 ipsi
737 4005 987 4073 principii
1039 4003 1356 4055 Trinitatem
1420 4002 1726 4075 credamus,

175 4080 338 4133 Patre
367 4073 429 4129 ac
459 4073 616 4137 Filio,
634 4073 745 4127 uno
777 4090 836 4126 ac
868 4075 1055 4125 eodem
1081 4074 1313 4137 Spiritus
1331 4074 1500 4124 sancti
1529 4074 1731 4140 primi.

178 4152 289 4217 pio.
328 4161 433 4213 qua
476 4148 681 4198 ratione
712 4144 859 4197 Mens
886 4152 938 4195 et
961 4140 1193 4217 Verbum
1232 4157 1335 4195 una
1372 4145 1733 4217 Sllttl__.'llllo_l‘is

175 4212 367 4281 causa,
431 4232 530 4269 nec
562 4217 666 4268 alia
713 4230 874 4281 quam
909 4228 1060 4265 meus
1096 4213 1232 4280 ipsa,
1264 4229 1383 4278 (pne
1405 4222 1457 4264 et
1498 4212 1654 4264 Verbi
1683 4223 1733 4264 t-t

177 4290 384 4342 amoris
411 4301 573 4339 causa
604 4286 838 4347 exsistit,
877 4285 969 4335 sed
1010 4281 1168 4335 Verbi
1202 4284 1337 4347 sola,
1370 4284 1589 4340 amoris.
1611 4298 1731 4335 cum

182 4358 381 4420 \‘erbo,
439 4372 501 4406 ac
548 4369 642 4421 per
677 4352 943 4415 Verbum;
1006 4368 1165 4418 quem
1220 4352 1478 4406 Tarasius
1537 4353 1735 4417 aliique

177 4427 348 4480 ϐινεοὶ
392 4424 677 4475 orthodoxi
718 4422 935 4475 modum
980 4422 1230 4490 loquendi
1269 4424 1499 4475 subinde
1536 4428 1736 4490 proba-

180 4504 329 4552 runt.
368 4494 479 4547 Leo
528 4502 706 4545 tamen
757 4495 903 4545 velut
952 4491 1193 4545 insinuat
1242 4493 1312 4543 ita
1359 4494 1578 4551 sentire.
1628 4508 1732 4544 non

1832 3306 2104 3368 Latinum,
2136 3309 2250 3360 sive
2274 3308 2434 3360 etiam
2467 3306 2820 3360 Chaldaicum
2847 3345 2860 3365 ,
2914 3321 2979 3357 ex
3034 3320 3143 3373 quo
3175 3307 3388 3358 tandem

1832 3378 2015 3429 Latina
2048 3378 2263 3445 prodiit.
2324 3376 2421 3429 Vix
2450 3376 2589 3428 enim
2626 3378 2854 3441 primum
2888 3384 3067 3440 putem
3099 3374 3391 3445 lihahlaice

1831 3444 2109 3513 scriptam,
2134 3448 2394 3513 siquidem
2428 3462 2553 3497 vere
2584 3445 2778 3497 Leonis
2809 3446 3035 3510 epistola
3070 3454 3172 3495 est.
3211 3444 3391 3497 Fat-ile

1830 3509 1957 3568 vero
1984 3514 2167 3569 Graeca
2192 3509 2250 3569 οὗ
2278 3526 2331 3569 et
2360 3509 2434 3568 ὧν
2465 3509 2870 3582 permutantur;
2899 3513 3039 3584 quod
3070 3514 3119 3565 in
3148 3516 3394 3567 oratione

1832 3587 2003 3639 sancti
2042 3588 2248 3656 liulogii
2285 3587 2337 3639 in
2376 3585 2583 3656 [lamus
2608 3585 2911 3637 Palmarum
2945 3584 3147 3656 factum
3195 3587 3391 3652 depre-

1833 3658 2012 3717 hemh,
2049 3672 2109 3708 ac
2140 3654 2454 3708 devoratum
2487 3671 2513 3706 a
2555 3654 2740 3722 Cyrilli
2788 3670 2928 3707 novo
2973 3655 3265 3719 interprete
3295 3670 3394 3707 uo-

1831 3728 1959 3777 taxi.
2005 3726 2152 3777 Haud
2195 3737 2340 3779 certe
2387 3726 2543 3778 facile
2593 3734 2769 3788 putem
2821 3725 3051 3778 Leonem
3087 3723 3393 3791 dogmatiea

1834 3797 1919 3849 illa
1977 3796 2205 3864 epistola
2273 3798 2430 3849 aliam
2486 3795 2722 3847 edidisse
2758 3793 2938 3857 fidem,
2974 3809 3136 3859 quam
3174 3796 3398 3847 haberet.

1834 3882 1966 3920 usus
1994 3863 2104 3919 sua:
2145 3865 2419 3923 Ecclesiae.
2464 3881 2525 3916 ac
2557 3880 2717 3931 quam
2750 3866 3019 3928 eXprimat
3057 3863 3156 3916 ista
3192 3867 3396 3917 oratio-

1836 3952 1922 3999 ne,
1950 3938 2106 3999 cujus
2139 3945 2249 3988 tota
2279 3946 2438 3989 verba
2472 3937 2633 3987 etiam
2684 3933 3019 3987 orthodoan
3043 3947 3175 3986 sane
3216 3936 3395 4000 profe-

1838 4014 1936 4058 rat.
1974 4008 2151 4069 Quare
2195 4023 2297 4056 non
2329 4006 2497 4073 probo
2532 4004 2754 4073 omnino
2804 4002 3038 4056 Grctseri
3083 4018 3395 4073 evasuram,

1836 4076 1899 4128 ad
1948 4078 2113 4127 relata
2164 4071 2349 4135 verba,
2381 4076 2579 4139 quibus
2610 4072 2718 4127 Leo
2766 4074 3014 4140 reprobat.
3062 4084 3112 4123 ut
3159 4071 3395 4141 Spiritus

1837 4144 2103 4197 referatur
2128 4146 2179 4197 in
2214 4145 2319 4196 duo
2355 4145 2642 4209 principia,
2678 4158 2799 4198 cum
2858 4146 2927 4195 ita
2956 4144 3181 4208 margini
3225 4145 3396 4195 ascri-

1835 4214 1958 4268 bit:
2004 4214 2171 4267 Error
2210 4215 2661 4267 schismaticorum
2718 4212 3018 4265 (ﬁrmarunt
3074 4212 3135 4263 de
3194 4227 3398 4278 proces-

1836 4284 1979 4336 sione
2007 4284 2235 4349 Spiritus
2265 4286 2431 4335 sancti
2465 4301 2527 4335 ex
2554 4282 2665 4335 solo
2697 4284 2872 4337 Patre.
2908 4282 3050 4335 Nihil
3082 4298 3211 4334 sane
3249 4283 3397 4346 ejus-

1837 4356 1977 4406 modi
2012 4356 2215 4407 erroris
2253 4356 2449 4406 habent
2482 4354 2568 4405 illa
2602 4355 2783 4415 verba,
2810 4355 2902 4406 sed
2940 4351 3179 4404 indiCare
3213 4353 3398 4403 viden—

1837 4431 1944 4485 tur,
1968 4440 2073 4490 qua
2107 4435 2289 4477 notant
2325 4423 2569 4479 Latinus.
2604 4434 2661 4475 ut
2688 4439 2751 4477 eo
2777 4430 2979 4491 ponant
3000 4422 3106 4473 duo
3134 4421 3396 4487 principia

1838 4493 2071 4562 Spiritus
2124 4497 2319 4555 sancti,
2362 4497 2505 4561 quod
2551 4493 2743 4545 Filium
2796 4493 2865 4562 ab
2897 4492 3016 4559 ejus
3042 4491 3398 4562 productione

181 4581 340 4636 posse
387 4566 646 4636 Spiritum
713 4571 961 4616 sanctum
1016 4560 1289 4636 referrinin
1325 4560 1540 4619 Filium.
1597 4562 1731 4629 quin
1772 4560 1955 4636 Dnon
2001 4565 2296 4636 excludant
2326 4583 2344 4636 Δε
2384 4560 2559 4631 utque
2622 4578 2806 4616 revera
2846 4561 2947 4615 Leo
3008 4565 3060 4613 in
3109 4560 3329 4636 aliquos
3368 4578 3399 4613 e

180 4629 379 4704 duplex
402 4629 520 4704 ejus
545 4647 706 4686 causa
734 4639 965 4704 ponatur
994 4647 1006 4682 :
1035 4647 1154 4700 qua-
1180 4629 1489 4704 Gratcorum
1526 4646 1737 4704 semper

180 4700 409 4759 offensio
434 4700 558 4761 fuit.
607 4702 817 4753 tametsi
850 4701 978 4751 olim
1009 4709 1229 4754 sanctus
1279 4700 1545 4754 Maximus
1574 4702 1737 4769 probe

180 4776 571 4843 explicaverat,
603 4778 661 4822 ut
691 4785 853 4823 unam
887 4770 1062 4823 Latini
1092 4770 1329 4838 Spiritus
1359 4786 1603 4843 causam,
1624 4772 1737 4823 sive

182 4840 512 4917 principium
544 4840 756 4917 Patrem
790 4849 1171 4917 agnoscerent,
1197 4856 1303 4917 nec
1329 4842 1446 4917 ejus
1472 4842 1607 4894 duas
1644 4856 1739 4909 po-

184 4909 377 4969 iicrent
415 4927 633 4970 causas,
686 4910 811 4962 licet
871 4911 1032 4961 etiam
1090 4925 1150 4962 ex
1194 4909 1329 4962 Filio
1374 4911 1638 4971 dicerent,
1681 4918 1739 4962 ut

186 4986 353 5053 liquet
376 4998 439 5035 ex
463 4983 689 5053 epistola
722 4980 786 5031 ad
817 4978 1078 5053 Marimmi
1107 4982 1277 5053 altero
1306 4984 1646 5053 tomocdita,
1676 4995 1739 5033 ac

183 5069 214 5106 a
240 5047 541 5106 'Lletochit'e
572 5051 850 5117 explicata.
886 5047 976 5100 llla
1017 5048 1187 5103 Patris
1231 5051 1397 5115 notio,
1428 5050 1486 5101 τὸ
1533 5052 1735 5111 αἴτιον,

182 5136 266 5178 est
292 5125 457 5177 etiam
486 5122 728 5188 Gregorii
760 5118 1084 5171 Nazianzeut
1119 5128 1259 5172 orat.
1295 5122 1385 5184 24,
1422 5121 1510 5173 ubi
1539 5124 1616 5172 ait
1654 5119 1741 5173 Fi-

184 5194 314 5247 Iinm
354 5192 552 5243 habere
607 5191 817 5250 omnia,
869 5204 985 5255 quce
1018 5188 1182 5259 habet
1223 5189 1399 5250 l’ater,
1458 5190 1593 5259 πλὴν
1643 5190 1739 5256 τῆς

184 5264 365 5321 αἰτίας
390 5277 403 5289 ·
426 5270 636 5326 excepta
666 5274 841 5310 causw
864 5274 925 5309 ac
944 5258 1191 5325 principii
1240 5261 1440 5311 ratione
1458 5276 1475 5311 :
1500 5258 1737 5313 sttamcn

185 5349 309 5384 Vera
348 5332 505 5385 lectio
541 5340 646 5391 est,
701 5344 861 5393 quam
902 5329 1152 5395 przefatus
1202 5328 1515 5382 Metochites
1552 5330 1738 5382 falsam

185 5405 389 5470 arguit,
421 5416 486 5452 ex
519 5416 582 5470 eo
606 5398 749 5467 quod
773 5400 1108 5470 probatiores
1135 5400 1293 5470 codd.
1327 5398 1559 5452 habeant
1605 5400 1740 5465 πλὴν

184 5468 280 5539 τῆς
304 5469 629 5538 ἀγεννησίας
652 5487 662 5498 ·
692 5468 1367 5539 eaccptaiunascibilitaze:
1393 5484 1551 5536 quam
1578 5479 1738 5521 etiam

186 5538 354 5595 unam
389 5540 509 5593 aliis
540 5539 669 5591 locis
703 5538 997 5607 Gregorius
1047 5540 1284 5605 exczpit;
1318 5554 1586 5605 nusquam
1614 5556 1739 5590 vero

184 5614 389 5673 αἰτίαν,
429 5619 779 5677 przeterquam
835 5619 1092 5673 suspecto
1144 5608 1232 5659 illo
1282 5610 1416 5662 loco.
1481 5608 1546 5660 lit
1586 5610 1740 5660 aliter

184 5681 422 5735 Leonem
458 5682 811 5746 explicemus,
870 5693 931 5729 ac
984 5692 1169 5728 sanam
1210 5679 1432 5731 velimus
1484 5681 1739 5730 habuisse

185 5763 443 5808 tuentem.
471 5760 639 5815 pietas
666 5757 788 5807 erit,
821 5748 1113 5815 praesertim
1144 5750 1441 5813 quaestione
1466 5748 1734 5815 ejusmodi

185 5822 409 5875 Gt'weos
434 5834 573 5871 inter
602 5833 663 5872 ac
687 5816 905 5871 Latinos
936 5816 1053 5885 ejus
1077 5828 1313 5884 tempore
1342 5818 1489 5872 valde
1513 5821 1731 5880 celebri,

1842 4632 2049 4688 Latinis
2105 4636 2176 4686 ita
2239 4634 2428 4685 rudius
2494 4643 2824 4699 exponentes
2883 4632 3282 4698 processiouem
3332 4646 3397 4683 ex

1844 4702 1998 4759 Patre
2053 4719 2115 4757 ac
2177 4701 2334 4764 Filio.
2398 4706 2610 4757 locutus
2644 4706 2734 4763 sit,
2772 4711 2828 4753 ut
2858 4712 2941 4753 est
2969 4701 3246 4766 probabile
3282 4716 3390 4751 non

1842 4774 2079 4828 defuisse
2108 4776 2289 4843 plures
2314 4775 2404 4841 qui
2432 4775 2511 4826 sic
2541 4773 3013 4843 intelligerentLac
3036 4773 3173 4843 duas
3202 4784 3398 4822 causas

1841 4845 1957 4899 sive
1991 4840 2251 4914 principia
2287 4840 2542 4911 Spiritus,
2568 4842 2781 4894 Patrem
2817 4857 2878 4895 ac
2903 4840 3094 4914 Filium
3122 4840 3393 4914 dicereut:

1843 4930 1947 4967 non
1991 4909 2158 4967 iuodo
2208 4909 2341 4966 non
2370 4916 2591 4982 protulit
2623 4927 2882 4973 errorem,
2916 4911 3009 4964 sed
3044 4918 3096 4962 et
3220 4909 3397 4982 ipsum

1841 4987 1982 5052 quod
2032 4993 2216 5055 postea
2255 4980 2545 5035 universali
2596 4983 2830 5055 concilio
2873 4990 3102 5055 utraque
3163 4980 3397 5055 Ecclesia

1842 5049 2070 5107 sanxit':
2102 5054 2342 5117 nihilque
2372 5063 2513 5105 vetat
2550 5061 2607 5104 ut
2635 5068 2698 5103 ne
2735 5053 2814 5104 vir
2861 5052 3144 5117 theologus
3175 5063 3235 5100 ac
3265 5049 3398 5100 insi-

1843 5128 2020 5191 gniter
2069 5125 2337 5182 eruditus,
2392 5123 2463 5175 ita
2506 5122 2778 5174 subtiliter
2829 5122 3174 5191 intellexerit,
3211 5122 3400 5191 SiC(|Ut'.

1844 5190 2107 5247 aﬂectarit
2137 5197 2279 5259 loqui
2312 5203 2441 5245 utet
2467 5194 2596 5245 nihil
2621 5207 2854 5244 errorem
2877 5190 3080 5242 habens
3116 5190 3399 5255 proterret,

1846 5265 2085 5332 nihilque
2110 5279 2257 5324 suos,
2295 5278 2356 5316 ac
2378 5262 2595 5315 (ira-cos
2619 5260 2945 5314 mutentioni
2968 5259 3293 5332 Astudentes,
3336 5274 3400 5311 ex

1846 5328 2095 5387 sermone
2117 5333 2413 5386 offenderet
2446 5348 2458 5382 :
2502 5332 2699 5399 alioqui
2729 5334 2871 5383 enim
2914 5330 3189 5382 addictum
3225 5328 3397 5393 ipsum

1844 5402 2102 5457 Romana:
2154 5404 2291 5457 sedi.
2322 5418 2349 5453 a
2383 5417 2488 5471 qua
2538 5398 2698 5456 etiam
2752 5402 3051 5471 reluctante
3095 5398 3401 5471 patriarcha

1844 5466 2444 5541 CeiistautinOpulitano
2516 5472 2824 5539 nuptiarum
2903 5470 3210 5523 Gra'corom
3278 5466 3401 5541 jure

1847 5537 2243 5608 prohibiturum
2268 5537 2637 5595 remissionem
2682 5542 3067 5607 impetraverit,
3097 5541 3212 5604 ipso
3238 5537 3402 5588 etiam

1845 5615 2153 5681 patriarcha
2190 5613 2502 5665 Latinorum
2550 5627 2610 5663 ac
2642 5609 3068 5681 Occidentalium
3112 5615 3401 5681 sententia,

1846 5677 1907 5737 ea
1939 5686 2225 5739 occasione
2256 5692 2627 5747 exauctorati),
2664 5682 2852 5752 liquet.
2884 5684 2998 5743 Qua
3033 5679 3099 5733 de
3129 5692 3184 5731 re
3205 5677 3403 5731 Baron.

1847 5762 1899 5808 et
1940 5756 2051 5807 alii.
