4232 6444
807 360 908 426 123

2060 358 2333 420 LEOle
2361 355 2823 420 PHILOSOPHI

3934 355 4032 418 124

809 486 1011 527 munus
1041 489 1095 526 ιιι
1141 470 1458 526 inimicitias
1492 469 1855 526 solveremus.
1898 468 2080 524 Facile
2107 469 2250 523 enim
2283 477 2368 524 est
2393 470 2480 530 Αέ

2363 509 2368 521 ,
2393 468 2666 538 Αέχθραν
2705 467 3107 538 διαλυσάμενοι.
3163 467 3394 521 Εὖκολον
3439 468 3545 536 γάρ
3597 485 3714 529 πως
3759 467 3820 520 τὸ
3881 469 4034 534 γένος

807 578 981 635 genus
1030 562 1337 616 mortalium
1395 569 1453 615 ιιι
1485 561 1538 613 in
1569 559 1836 629 ejusmodi
1867 559 2054 614 dolum
2091 560 2364 614 fraudem-

810 672 916 726 que
962 655 1274 709 inducatur.
1317 652 1487 707 Simul
1520 669 1650 707 vero
1690 667 1812 706 cum
1842 651 2014 707 Filius
2045 654 2112 707 ab
2163 661 2370 708 aeterno

812 747 1028 816 genitus
1079 744 1391 799 hominilms
1445 745 1818 807 innotuisset,
1864 745 2150 814 oportebat
2203 747 2366 799 etiam

812 849 1140 890 coaeternum
1168 835 1428 906 Spiritum
1458 851 1706 901 noscere,
1738 845 1796 888 ut
1822 837 1892 888 ita
1921 837 2166 890 divinum
2195 845 2368 891 totum

809 930 1174 997 principatum
1231 929 1492 991 colentes,
1555 940 1696 982 recte
1741 927 1850 981 Deo
1899 928 1951 981 in
2012 945 2368 997 personarum

809 1022 1079 1074 Trinitatc
1115 1024 1376 1072 honorem
1409 1020 1738 1074 haberemus
1772 1039 1784 1075 :
1818 1030 1985 1089 atque
2016 1031 2074 1073 ut
2111 1023 2200 1075 ille
2235 1020 2370 1075 Uni-

810 1113 974 1180 geniti
1006 1113 1232 1180 gloriam
1267 1111 1554 1178 proferret,
1591 1113 1713 1178 ejus
1741 1113 1794 1164 in
1821 1115 2008 1165 orhem
2047 1114 2368 1165 universum

810 1205 1146 1270 majestatem
1205 1203 1510 1262 declarans,
1562 1203 1900 1271 viviticmqne
1944 1204 2064 1270 ejus
2111 1203 2372 1256 doctrina:

811 1295 1070 1364 [ιτ-ιεςιιιιίι
1125 1295 1332 1348 semina
1383 1295 1678 1361 adaugcns.
1721 1294 2182 1358 Quemadmodum
2224 1294 2369 1346 enim

811 1389 982 1442 Filius
1010 1389 1258 1442 humana:
1289 1397 1497 1441 natura:
1517 1403 1888 1442 consuescens
1912 1387 2128 1441 Patrem
2162 1387 2370 1440 clariﬁ-

812 1485 974 1541 (δίη-ιι,
1015 1482 1084 1533 ita
1120 1497 1212 1547 par
1247 1490 1363 1533 erat
1387 1489 1445 1532 ut
1469 1493 1522 1534 et
1553 1481 1792 1549 Spiritus
1818 1483 2159 1535 suhstantiali
2189 1481 2253 1534 ad
2275 1498 2373 1536 nos

813 1575 1044 1624 adventu
1080 1570 1272 1623 Filium
1305 1572 1654 1625 clarilicaret.
1684 1571 1851 1625 Nemo
1875 1573 2078 1625 idcirco
2108 1581 2373 1641 angustus

815 1665 1140 1730 rixosusqnc
1191 1663 1386 1724 adeat;
1438 1679 1535 1716 nec
1588 1663 1712 1730 quis
1770 1661 2030 1716 Paraclcti
2073 1661 2373 1716 dominium

813 1754 868 1807 in
933 1755 1246 1807 servitutem
1302 1753 1550 1805 demittat
1624 1754 1985 1820 deducatque.
2040 1751 2376 1808 Clarilieavit

2471 559 2605 628 πρὸς
2649 559 2746 629 τὴν
2793 558 3048 624 τοιαύτην
3077 560 3396 627 ὑπαγωγὴν.
3430 557 3580 626 ’Λμα
3619 559 3675 610 δὲ
3715 557 3809 611 καὶ
3839 575 4036 626 γνωρι-

2472 650 2686 712 σθέντος
2733 649 3037 716 ἀνθρώποις
3075 649 3168 701 τοῦ
3210 649 3450 718 ἁχρὸνως
3488 648 3836 717 γεννηθέντος
3871 647 4034 708 Υἱοῦο

2471 742 2575 794 ἔδει
2619 745 2714 794 καὶ
2761 740 2821 792 τὸ
2854 741 3187 812 συνάνσρχον
3236 741 3601 812 γνωρισθῆναι
3647 741 3910 810 Πνεῦμα,
3971 741 4035 791 i'v‘

2469 832 2608 884 οὕτω
2669 831 2846 894 καλῶς
2899 833 3104 903 τιμῷτο
3157 832 3287 895 Θεὸς
3336 837 3392 884 ὲν
3440 837 3505 904 τῇ
3561 832 3668 886 τῶν
3729 833 4038 903 προσώπων

2471 924 2681 992 Τριάδι,
2716 927 2813 993 τῆς
2843 923 2970 994 ὅλης
2998 927 3129 994 ἡμῖν
3159 924 3415 995 θεαρχίας
3455 927 3795 993 τιμωμένης·
3827 925 3923 977 καὶ
3953 926 4040 977 ἵνα

2471 1016 2668 1089 δοξάσῃ
2699 1018 2788 1070 τὸν
2825 1019 3122 1087 Μονογενῆ,
3158 1019 3422 1090 φανεροῦν
3461 1018 3564 1070 ἀνὰ
3595 1019 3772 1070 πᾶσαν
3804 1019 3904 1086 τὴν
3935 1018 4040 1086 γῆν

2471 1108 2566 1178 τὴν
2598 1109 2806 1161 ἐκείνου
2835 1109 3246 1179 μεγαλειότητα,
3274 1111 3367 1162 καὶ
3387 1108 3455 1160 τὰ
3483 1108 3622 1162 καλά
3645 1111 3742 1178 τῆς
3767 1109 4039 1172 ζωοποιου

2472 1203 2815 1266 διδασκαλίας
2853 1201 3016 1256 αὑτοῦ
3049 1201 3301 1273 πληθύων
3341 1203 3644 1273 σπέρματα.
3684 1204 3831 1257 ’Ὡσπ
3867 1221 3898 1272 ρ
3933 1204 4044 1273 γᾶρ

2473 1298 2500 1346 6
2535 1294 2662 1357 Υἱὸς
2695 1295 2860 1365 σαρκὶ
2889 1295 3176 1364 ὁμιλήσας,
3212 1295 3424 1361 ἐδόξασε
3459 1296 3548 1346 τὸν
3582 1295 3818 1364 Πατέρα,
3866 1293 4043 1357 οὔτως

2475 1389 2677 1457 ἔπρεπε
2732 1391 2825 1440 καὶ
2862 1389 2922 1440 τὸ
2949 1387 3172 1458 Πνεῦμα
3195 1389 3286 1440 τὸν
3319 1389 3446 1442 Υἱδν
3471 1389 3736 1453 δοξάσειν,
3765 1387 4042 1448 οὺσιωδῶς

2477 1485 2606 1552 ἡμῖν
2649 1483 3034 1552 παραγεγονός.
3105 1483 3306 1549 Μηδεὶς
3363 1481 3448 1534 διὰ
3501 1483 3656 1534 τοῦτο
3717 1479 4044 1550 μικρολόγος

2480 1573 2709 1643 παρίτω,
2761 1574 2892 1645 μηδὲ
2921 1574 3021 1642 τὴν
3076 1574 3170 1626 τοῦ
3205 1573 3559 1643 Παρακλήτου
3585 1573 3923 1634 δεσποτείαν,
3964 1572 4045 1634 είς

2479 1665 2722 1718 δουλείαν
2747 1664 3178 1728 καταϐιϐαζέτω.
3225 1665 3470 1731 Ἐδὸξασε
3507 1665 3598 1716 τὸν
3626 1665 3756 1717 Θεὸν
3805 1664 3899 1717 καὶ
3929 1663 4047 1716 Ila—

2479 1757 2610 1827 τέρα
2640 1759 2667 1808 ὁ
2703 1757 2982 1827 γεννηθεὶς
3013 1758 3116 1828 προ
3155 1757 3467 1826 Ἑωσφόρου
3506 1755 3637 1817 Θεός
3659 1772 3671 1785 '
3709 1753 3924 1820 δοξάζει
3955 1753 4048 1805 τὸν

817 1847 984 1902 Deum
1031 1856 1084 1901 et
1136 1845 1373 1912 Patrem,
1431 1845 1522 1913 qui
1571 1856 1696 1900 ante
1752 1845 2065 1899 Luciferum
2111 1855 2271 1900 natus
2294 1855 2376 1899 est
2409 1841 2488 1902 Β]

2409 1841 2449 1894 Β
2481 1849 2756 1918 Μονογενῆ
2811 1850 2838 1900 ὁ
2873 1848 3156 1908 συναῖδίως
3201 1849 3393 1919 ἐκείνῳ
3432 1850 3633 1918 προϊὼν
3662 1848 3796 1911 Θεδς
3832 1849 3898 1902 ἐκ
3936 1849 4048 1900 Πα-

816 1940 960 1994 l)eus
994 1957 1008 2004 ;
1040 1938 1300 1991 clari-’irat
1331 1935 1707 2004 Unigcnitum,
1744 1939 1836 2006 qui
1880 1953 1984 1990 una
2024 1953 2148 1990 cum
2194 1939 2288 1991 illo
2312 1939 2380 1991 al)

815 2040 1022 2084 azlcrno
1047 2045 1110 2082 ex
1164 2029 1318 2081 l’atrc
1345 2030 1612 2097 processit
1649 2030 1812 2084 Dens.
1845 2028 1962 2083 Non
1995 2045 2235 2092 servum,
2273 2046 2378 2082 non

816 2128 1142 2179 creaturam,
1173 2133 1280 2170 non
1323 2133 1352 2170 a
1387 2117 1476 2171 Dei
1502 2129 1695 2171 natura
1730 2119 1964 2173 alienum
1993 2136 2115 2174 cum
2137 2127 2379 2189 reputes,

816 2208 908 2278 qni
941 2217 1250 2260 creaturam
1292 2207 1492 2260 deitate
1537 2205 1702 2260 donet
1735 2226 1748 2260 :
1777 2223 1843 2262 ne
1877 2209 2018 2262 male
2047 2212 2382 2278 compositos

817 2298 1039 2352 ordines
1086 2308 1180 2351 aut
1213 2298 1416 2368 gradus
1446 2298 1755 2368 exeogitcs,
1800 2315 1933 2353 neve
1990 2301 2115 2353 huic
2161 2301 2380 2369 quidem

818 2387 1108 2449 minorem,
1137 2386 1213 2439 illi
1239 2401 1369 2439 vero
1403 2387 1742 2454 superiorem
1782 2389 1960 2440 locum
1993 2390 2220 2444 tribuas.
2240 2388 2386 2444 Nihil

818 2476 884 2528 ad
945 2476 1306 2530 immortalem
1374 2475 1858 2547 incorruptamqnc
1918 2487 2169 2532 naturam
2228 2495 2373 2549 spec-

818 2573 937 2618 tant
979 2580 1262 2619 cerearuin
1322 2582 1385 2620 ac
1435 2567 1769 2621 caducarnm
1823 2569 1936 2641 ('58)
1979 2570 2252 2625 rationum
2300 2573 2385 2626 in-

820 2665 1001 2710 venta.
1033 2656 1112 2711 Ne
1151 2658 1296 2711 unde
1327 2659 1532 2712 honore
1565 2661 1712 2714 aucti
1749 2677 1962 2726 smnus,
2007 2662 2132 2717 inde
2195 2672 2385 2716 contra

822 2756 1077 2802 naturam
1125 2749 1466 2817 superiorem
1517 2754 1664 2804 omni
1706 2761 1926 2814 natura,
1978 2756 2293 2824 honoreque
2324 2771 2388 2809 ac

822 2839 1018 2907 gloria,
1067 2840 1455 2891 contumeliam
1497 2841 1892 2910 excogitemus.
1937 2843 2133 2898 Missus
2162 2846 2385 2914 quidem

822 2937 906 2981 est
934 2925 1106 2984 Filius
1140 2928 1206 2981 ad
1231 2931 1471 3000 ligtnenti
1502 2945 1566 2985 ac
1591 2932 1826 2986 hominis
1849 2935 2080 2988 salutem
2117 2946 2386 3004 praestan-

829 3023 951 3075 dam
984 3038 1000 3086 ;
1032 3038 1141 3076 non
1192 3024 1347 3089 quasi
1380 3023 1543 3078 Patre
1596 3026 1794 3090 minor,
1827 3027 1922 3080 sed
1951 3028 2080 3096 quia
2107 3043 2228 3082 eum
2265 3039 2388 3082 tan-

824 3149 987 3203 quam
1014 3133 1280 3189 lueredcm
1309 3135 1647 3206 dispensatio
1676 3138 1912 3205 deceret,
1945 3157 2053 3210 qua
2085 3157 2187 3198 nos
2206 3144 2390 3199 colla:-

2480 1943 2629 2011 τρός.
2662 1943 2736 1994 Οὐ
2763 1941 2968 2005 δοῦλον,
2995 1941 3113 1995 οὐδὲ
3144 1943 3366 2012 κτίσμα,
3397 1944 3518 1995 οὐδὲ
3547 1943 3645 2012 τῆς
3675 1941 3861 2011 θεῐκῆς
3889 1939 4049 2007 δόξης

2481 2036 2758 2107 ἀλλότριον
2787 2036 2847 2088 τὸ
2878 2035 3160 2090 θεοποιοῦν
3193 2038 3291 2107 τὴν
3335 2038 3540 2090 κτίσινο
3587 2038 3663 2108 μὴ
3699 2037 3880 2102 τάξεις
3911 2036 4048 2089 ἀτά-

2482 2145 2658 2193 κτους,
2704 2129 2837 2198 μηδὲ
2877 2128 3116 2198 βαθμοὺς
3159 2131 3487 2200 ὲπινοήσῃς·
3541 2131 3675 2200 μηδὲ
3723 2131 3898 2201 τούτῳ
3947 2129 4050 2199 μὲν

2482 2222 2586 2292 τὴν,
2605 2224 2883 2283 ἐλάττονα,
2913 2223 3086 2292 τούτῳ
3109 2223 3165 2275 δὲ
3189 2223 3289 2293 τὴν
3320 2223 3718 2293 ὑπερκειμένην
3745 2224 4051 2294 ἀπονείμῃς

2486 2316 2688 2385 χώραν.
2715 2315 2877 2367 Οὐδὲν
2905 2315 3040 2385 πρὸς
3072 2313 3170 2384 τὴν
3199 2315 3469 2383 ἀκήρατον
3492 2315 3652 2383 φύσιν
3671 2315 3727 2368 αί
3755 2315 3864 2368 τῶν
3891 2317 4051 2387 κηρί-

2485 2423 2591 2458 νων
2619 2407 2853 2459 ἐπίνοιαι
2875 2406 3167 2473 λογισμῶν.
3196 2405 3287 2474 Μὴ
3309 2405 3401 2473 ἀφ’
3422 2398 3496 2458 ὧν
3529 2406 3888 2476 ὲτιμήθημεν,
3912 2408 4054 2456 ἐκεῖ·

2486 2498 2574 2549 Θεν
2605 2497 2744 2550 κατὰ
2770 2499 2867 2565 τῆς
2892 2499 3152 2552 ἀνωτάτω
3173 2497 3407 2565 φύσεως,
3431 2498 3612 2568 πάσης
3641 2501 3733 2552 καὶ
3764 2499 3923 2568 τιμῆς
3959 2498 4055 2551 διαὶ

2485 2587 2662 2658 δόξης,
2690 2589 2788 2658 τὴν
2823 2591 2979 2660 ῢόριν
3014 2590 3335 2658 ἐπινοῶμεν.
3393 2590 3694 2659 Ἀπεστᾶλη
3738 2591 3836 2660 μὲν
3866 2592 3894 2642 6
3925 2589 4056 2652 Υἱὸς

2489 2683 2622 2750 πρὸς
2655 2680 2752 2751 τὴν
2797 2682 2886 2734 τοῦ
2922 2682 3238 2753 πλάσματος
3271 2684 3562 2753 σωτηρίαν,
3591 2685 3688 2753 οὐχ
3716 2685 3791 2747 ὼς
3818 2683 4058 2752 ὑπερϐε-

2489 2772 2702 2842 ϐηκὼςιι
2724 2773 2816 2825 τοῦ
2837 2775 3076 2844 Πατρός·
3101 2775 3214 2828 ἀλλ’
3239 2776 3321 2828 ὅτι
3347 2775 3604 2845 ἔπρεπεν,
3629 2775 3704 2837 ὼς
3727 2775 4056 2843 κληρονόμῳ

2492 2865 2696 2933 συγκλη
2705 2867 2958 2934 ρονόμους
2969 2866 3270 2936 βουλομένῳ
3285 2872 3527 2937 ποιήσειν
3544 2868 3687 2937 ἡμᾶς
3705 2867 4056 2936 ἡοὶκονομία.

2503 2956 2917 3010 Ἀποστέλλεται
2940 2957 2995 3010 δὲ
3016 2959 3108 3010 καὶ
3128 2958 3187 3010 τὸ
3211 2957 3455 3028 Πνεῦμα,
3477 2959 3575 3028 οὐχ
3592 2956 3666 3020 ὼς
3695 2957 3911 3011 ἔλαττον
3932 2958 4059 3026 ἕχον

2491 3046 2584 3098 τοῦ
2612 3047 2774 3100 Υίοῦ’
2824 3048 2938 3100 ἀλλ’
2973 3049 3048 3111 ὡς
3082 3049 3435 3119 Παράκλητος
3476 3050 3572 3101 καὶ⁵
3609 3049 3791 3111 αὐτὸς,
3827 3049 3921 3102 καὶ
3955 3049 4060 3118 τὴν

2492 3137 2649 3209 ἡμῶν
2701 3139 3159 3209 συνεργαζόμενος,
3188 3138 3361 3210 τούτῳ
3393 3139 3682 3192 υἱοθεσίαν.
3730 3139 3820 3209 Μὴ
3859 3140 4057 3208 τομὰς,

827 3227 981 3282 redes
1011 3227 1331 3282 effecturum
1362 3246 1420 3284 se
1455 3233 1763 3287 statuisset.
1787 3235 1888 3287 Sed
1922 3244 1977 3288 ct
2003 3233 2240 3304 Spiritus
2255 3254 2385 3292 san-
2414 3259 2458 3321 ς
2493 3249 2498 3298 1

2414 3259 2458 3321 C
2493 3231 2624 3300 μηδὲ
2654 3232 2914 3300 διαίρεσιν
2959 3231 3266 3304 ὑποδάλλῃς
3313 3233 3374 3286 τὸ
3411 3234 3478 3285 δι’
3501 3227 3562 3285 οὗ
3591 3234 3656 3286 σὺ
3685 3232 3832 3292 θείας
3865 3249 4059 3285 κοινω-

825 3326 948 3373 ctus
996 3321 1264 3384 mittitur,
1319 3337 1426 3376 non
1479 3327 1637 3391 quasi
1684 3327 1866 3381 minus
1931 3329 2205 3396 quoddam
2253 3329 2391 3385 Filio

827 3412 1042 3475 haheat,
1081 3413 1172 3466 sed
1217 3414 1362 3466 velut
1390 3415 1554 3467 etiam
1609 3417 1724 3484 ipse
1765 3418 2106 3483 l’aracletns,
2158 3432 2392 3477 nostra:-

825 3514 932 3567 que
954 3503 1156 3567 pariter
1180 3499 1489 3569 adoptionis
1515 3513 1708 3556 auctor
1729 3506 2026 3564 exsistens.
2072 3510 2150 3564 Ne
2192 3514 2392 3566 sectio-

826 3605 948 3644 nem
983 3589 1416 3660 divisioncnique
1453 3594 1582 3647 illud
1614 3599 1916 3666 suspiceris
1948 3615 2091 3666 esse,
2127 3619 2222 3670 per
2244 3607 2390 3672 quod

825 3692 882 3735 tu
917 3685 1115 3738 divina:
1141 3696 1348 3739 naturae
1379 3689 1716 3742 consortium
1746 3691 1972 3760 accipis.
2021 3692 2177 3749 Unus
2214 3693 2392 3752 Patris

831 3777 1060 3846 Filiiqne
1115 3792 1178 3830 ac
1219 3779 1392 3830 sancti
1452 3779 1692 3848 Spiritus
1724 3792 1812 3835 est
1860 3785 2075 3840 honor:
2128 3789 2388 3854 quoniam

829 3886 934 3922 una
964 3879 1180 3933 natura,
1217 3881 1380 3939 atque
1411 3887 1634 3940 regnum
1671 3889 1861 3928 unum.
1887 3873 2102 3931 Nullius
2142 3879 2392 3949 indigens

829 3957 974 4011 Deus
998 3955 1179 4020 Pater,
1211 3960 1477 4027 mqnalcm
1519 3962 1620 4014 sibi
1651 3963 1824 4032 gignit
1860 3963 2028 4020 Deum
2061 3966 2285 4036 Filium,
2327 3986 2393 4025 ac

826 4050 1087 4120 aequalem
1143 4052 1392 4118 produt-it
1445 4056 1709 4122 Optimum
1760 4058 2048 4126 Spiritum,
2095 4078 2200 4115 non
2243 4075 2389 4118 secta

829 4157 926 4209 per
960 4156 1324 4209 personarum
1355 4143 1743 4199 discretionem
1772 4147 2094 4215 Divinitate,
2131 4154 2224 4207 sed
2255 4156 2390 4209 citra

827 4232 1209 4287 confusionem
1288 4235 1343 4288 in
1399 4239 1816 4294 enumeratione
1868 4239 2154 4298 Trinitatis
2218 4247 2390 4300 unita.

827 4321 973 4375 Nihil
1026 4323 1080 4376 in
1138 4341 1201 4378 ea
1245 4327 1538 4393 posterius.
1585 4337 1678 4382 aut
1712 4341 2043 4386 creatnmex
2101 4335 2296 4401 nihilo,
2330 4353 2395 4392 ac

831 4415 1038 4468 idcirco
1068 4419 1365 4478 recentius.
1399 4422 1490 4473 sed
1510 4431 1794 4477 cozetcrna:
1823 4439 2089 4494 personae,
2113 4427 2392 4496 ejusdem-

2493 3324 2610 3378 νίαν
2638 3324 2849 3392 φύσεως
2875 3325 3189 3394 λαμϐάνεις.
3223 3326 3335 3380 Μία
3373 3327 3604 3396 Πατρὺς,
3643 3328 3736 3379 καὶ
3776 3327 3927 3385 Υἱοῦ.
3965 3329 4062 3380 καὶ

2493 3416 2806 3485 Πνεύματος
2850 3418 2884 3487 ὴ
2935 3415 3091 3485 τιμὴ,
3150 3415 3233 3469 ὅτι
3284 3419 3384 3484 μία
3440 3417 3600 3485 φύσις
3645 3418 3737 3470 καὶ
3785 3419 4057 3488 βασιλεία.

2492 3507 2621 3570 Θεὸς
2665 3507 2967 3578 ἀπροσδεὴς
3010 3509 3038 3560 ὁ
3084 3507 3274 3579 Πατὴρ
3333 3503 3449 3562 ἴσον
3499 3509 3648 3579 αὐτῷ
3692 3511 3854 3581 γεννᾷ
3899 3511 4059 3574 Θεὸν,

2491 3601 2582 3653 τὸν
2626 3600 2784 3653 Υίὸνο
2832 3601 2926 3652 καὶ
2952 3597 3070 3654 ἶσον
3098 3601 3328 3668 προάγει
3356 3600 3416 3654 τὸ
3446 3601 3756 3667 πανάγαθον
3796 3601 4056 3671 Πνεῦμα·

2491 3692 2550 3744 οὐ
2577 3691 2914 3762 τεμνομένης
2949 3693 3047 3762 τῆς
3073 3693 3333 3763 Θεότητος
3363 3695 3430 3763 τῇ
3461 3693 3722 3763 διαιρέσει
3749 3694 3858 3746 τῶν
3885 3710 4061 3764 προσ-

2493 3781 2678 3845 ώπων,
2703 3781 2818 3835 ἀλλ’
2843 3783 3135 3852 ὲνοομὲνης
3167 3781 3484 3853 ἀσυγχύτως
3507 3784 3565 3837 ὲν
3586 3786 3650 3853 τῇ
3677 3781 4063 3854 ἀπαριθμήσει

2492 3872 2849 3944 τῆς,Τριὰδος.
2873 3873 3038 3926 Οὐδὲν
3052 3872 3174 3926 ὕστε
3185 3889 3294 3943 ρον,
3315 3872 3421 3924 οὐδ’
3443 3872 3501 3938 ἐξ
3513 3871 3612 3925 οὐκ
3627 3872 3793 3925 ὄντων
3811 3871 4062 3939 γεγονὸς,

2495 3965 2588 4016 καὶ
2617 3964 2704 4017 διὰ
2731 3965 2888 4016 τοῦτο
2935 3964 3225 4034 νεώτερον·
3268 3965 3403 4018 ἀλλὰ
3439 3965 3766 4033 συναναρχα,
3797 3964 3892 4016 καὶ
3921 3964 4062 4032 ὁμο-

2493 4058 2656 4126 ταγῆ,
2703 4059 2796 4109 καὶ
2843 4059 3105 4125 ὁμότιμα⁹
3160 4056 3332 4125 τούτῳ
3385 4055 3541 4125 μόνον
3588 4055 3934 4124 διαφέροντα,
3980 4054 4062 4124 τῷ

2494 4152 2672 4222 αἰτίῳ,
2704 4153 2798 4205 καὶ
2825 4154 2890 4221 τῇ
2918 4151 3187 4220 γεννήσει,
3221 4149 3316 4203 καὶ
3343 4151 3408 4218 τῇ
3440 4147 3678 4218 προόδῳ·
3715 4146 3928 4215 Πατρδς
3959 4147 4061 4214 μὲν

2495 4244 2627 4297 Υίοῦ
2671 4245 2764 4297 καὶ
2803 4242 3115 4312 Πνεύματος
3159 4241 3255 4312 τὴν
3296 4240 3476 4294 αἰτίαν
3505 4239 3884 4310 ἀνῃρημένου*
3929 4237 4064 4290 Υίοῦ

2494 4337 2537 4388 δ’
2561 4335 2784 4398 ἀπαθῶς
2806 4333 3168 4403 γεννωμένου,
3193 4335 3287 4386 καὶ
3314 4332 3748 4404 ἐκπορευομένου
3769 4331 3863 4386 τοῦ
3893 4331 4068 4384 Πνεύν

2500 4446 2690 4499 ματος.
2756 4426 2915 4481 Ἀλλὰ
2943 4425 3146 4480 τούτων
3177 4426 3274 4496 μὲν
3309 4426 3525 4495 ἀπόχρη
3552 4425 3660 4478 τῶν
3697 4423 3870 4492 λόγων
3898 4425 3959 4476 ἐν
3985 4422 4067 4493 τῷ

829 4523 935 4575 que
973 4509 1184 4562 ordinis
1215 4524 1277 4562 ac
1310 4512 1497 4579 gloria:
1533 4533 1545 4567 :
1579 4515 1677 4567 hoc
1712 4517 1888 4570 solum
1909 4517 2180 4585 discreta},
2217 4535 2392 4576 causae
2419 4515 2472 4574 D
2499 4522 2741 4592 παρόντι.

831 4616 894 4654 ac
926 4602 1176 4671 principii
1219 4606 1449 4667 ratione,
1489 4610 1838 4676 generatione
1872 4620 1924 4665 et
1965 4615 2362 4681 processionc:
2404 4617 2479 4670 ita
2526 4623 2586 4668 ut
2619 4614 2782 4669 Pater
2837 4610 2956 4666 Filii
2988 4625 3052 4665 ac
3080 4610 3314 4680 Spiritus
3344 4609 3516 4665 sancti
3571 4610 3642 4664 sit
3705 4607 4063 4678 principium,

832 4692 1002 4746 Filius
1040 4709 1166 4748 vero
1197 4710 1507 4763 generetur,
1525 4714 1586 4752 ac
1607 4699 1842 4769 Spiritus
1869 4713 2092 4759 sanctus
2119 4709 2396 4772 procedat.
2436 4707 2637 4763 Verum
2669 4708 2736 4762 de
2771 4707 2855 4762 liis
2884 4705 2936 4759 in
2960 4703 3212 4774 prtesenti
3243 4703 3510 4758 hactenus
3542 4712 3742 4757 oratio.

905 4785 1064 4840 Venit
1091 4803 1214 4842 vero
1248 4807 1403 4844 sacer
1438 4791 1697 4861 Spiritus,
1736 4799 1992 4865 implente
2025 4798 2200 4855 Verbo
2234 4816 2388 4855 suam

833 4877 1274 4944 promissionem,
1317 4897 1477 4948 quam
1529 4884 1676 4938 velut
1703 4888 2063 4943 arrliaboncm
2111 4892 2228 4945 suis
2261 4893 2390 4944 reli-

831 4979 1021 5038 querat
1053 4990 1065 5025 :
1094 4971 1256 5040 idque
1287 4974 1558 5042 praestitit,
1584 4975 1672 5031 die
1700 4978 1916 5046 quidem
1965 4979 2034 5032 ab
2071 4980 2394 5034 ascensione

832 5063 952 5128 ejus
985 5062 1222 5127 decimo,
1253 5079 1282 5117 a
1323 5069 1728 5124 resurrectione
1763 5078 1950 5123 autem
1983 5073 2070 5126 die
2117 5073 2392 5142 quinqua-

2572 4801 2827 4870 Ἔρχεται
2872 4797 2930 4850 δὲ
2959 4797 3306 4867 περαίνοντος
3347 4794 3438 4848 τοῦ
3471 4796 3644 4862 Λόγου
3677 4795 3779 4863 τὴν
3817 4797 4064 4862 ἐπαγγε-

2499 4891 2632 4954 λίαν,
2663 4892 2727 4959 ἣν
2754 4885 2842 4942 οἶα
2874 4890 2936 4958 δή
2973 4906 3094 4940 τινα
3131 4890 3241 4949 τοῖς
3273 4888 3495 4949 οἰκείοις
3521 4886 3814 4956 ἀρραϐῶνα
3842 4887 4064 4940 κατέλι-

2501 4999 2629 5035 πεν·
2673 4982 2853 5052 ἡμέρᾳ
2909 4981 3008 5052 μὲν
3054 4980 3153 5049 τῆς
3209 4980 3539 5039 ἁνελεύσεως
3577 4978 3807 5050 δεκάτῃ,
3862 4979 3962 5046 τῆς
4005 4978 4063 5030 δὲ

2498 5073 2845 5137 ἀναστάσεως
2890 5071 3350 5144 συμπληρουμένης
3380 5072 3740 5142 πεντηκοστῇ.
3774 5071 3836 5124 Τί
3867 5070 4062 5136 τοῦτος

2147 5271 2381 5331 VABUE
2405 5274 2802 5333 LECTIONES.

945 5356 966 5392 ¹ί
994 5356 1122 5426 Leg.
1165 5357 1532 5427 ὑποϐεϐηκὼς,

2331 5481 2558 5539 Νῦτιιῖῖ.

904 5591 1011 5667 ίξὸ)
1045 5592 1384 5667 __l..'t_'reurum_
1419 5611 1480 5667 ac
1531 5594 1870 5650 caducarum.
1928 5599 2180 5666 Κηρίνων
2249 5599 2394 5667 λογι-

836 5659 1008 5714 ριιὼν,
1045 5660 1267 5740 videtur
1317 5665 1563 5740 alludere
1603 5667 1692 5740 ad__
1718 5682 1904 5722 cereas
1958 5659 2241 5740 imagines.
2274 5659 2395 5740 quae

836 5741 962 5784 sunt
1003 5731 1131 5806 quid
1187 5733 1475 5786 admodum
1543 5736 1764 5804 fragile:
1817 5731 2092 5806 simulque
2113 5731 2390 5793 etiam-ad

835 5818 1019 5856 vocem
1049 5802 1154 5872 κὴρ
1181 5806 1468 5874 respicere,
1497 5821 1524 5859 a
1572 5802 1676 5875 qua
1708 5816 1786 5861 est
1843 5802 2140 5880 ἀκήρατος.
2187 5812 2273 5866 cui
2305 5827 2395 5885 ονε

2505 5604 2763 5677 ροιιίιᾼτδ,
2799 5606 3040 5676 κήρινον.
3079 5604 3168 5660 Vel
3199 5617 3374 5674 potius
3413 5606 3602 5660 alludit
3635 5607 3701 5662 ad
3735 5621 3912 5672 ceras,
3944 5611 4065 5677 qui.

2501 5674 2602 5750 lius
2664 5674 2925 5750 inscripta
2979 5677 3158 5750 facile
3189 5677 3644 5732 oblitterabantnr
3679 5697 3692 5731 :
3726 5677 3869 5749 quod
3903 5674 4068 5750 plane

2503 5747 3004 5816 incorruptibilibus
3033 5747 3252 5803 minime
3286 5759 3564 5818 congruat.
