4232 6444
162 431 263 491 125

1177 432 1457 493 ORATIO
1477 434 1613 493 ΧΠ.
1644 458 1709 468 -
1735 433 1817 494 1N
1856 430 2408 492 PENTECOSTEN.

3275 426 3374 490 126

156 538 280 611 'Ap'
312 539 407 594 οὖν
441 542 554 612 ἔχει
596 542 690 594 καὶ
712 541 781 594 τὰ
818 542 1057 612 παρόντα
1090 540 1187 609 τῆς
1228 541 1403 610 Ἰησοῦ
1431 541 1723 610 κρυφιότη-
1752 549 1799 604 Α
1826 598 1827 601 η

1702 569 1723 582 -
1752 549 1799 604 Α
1826 542 2053 610 gesimo.
2098 538 2213 592 Hoc
2237 552 2367 592 vero
2409 551 2644 606 quanam
2696 551 2763 591 ex
2803 534 3012 590 causa?
3061 535 3215 588 Anne
3256 535 3371 590 haec

158 651 249 695 τος
283 633 511 697 ἐπάξιον
542 636 858 703 μυστήριον,
887 634 919 702 ἢ
951 632 1132 694 ἁπλῶς
1153 631 1294 683 οὓτω
1328 631 1725 700 παραδέχεσθαι

156 728 258 795 χρή
282 743 296 787 ;
324 726 402 778 Οὐ
431 727 529 794 μὲν
550 724 641 777 οὖν
662 740 675 754 ο
706 725 856 776 οὐδὲν
882 724 1024 793 εἰκῆ,
1051 724 1156 776 οὐδ’
1178 722 1487 791 ἀθεώρητον
1509 724 1536 774 6
1558 722 1727 789 Λόγος

156 817 421 886 ἐπλήρου.
470 818 577 869 Καὶ
632 815 783 882 γοῦν,
814 816 861 867 εί
913 813 1187 883 βούλεσθε,
1237 810 1617 881 συγχωρητέον
1648 809 1727 878 τῷ

156 910 339 978 Λόγῳ,
370 910 451 971 είς
472 909 532 961 τὸ
563 908 722 977 βάθος
754 909 860 959 τῶν
889 907 1223 976 τελουμένων
1251 904 1550 973 ἐγκύψαντι
1580 905 1726 955 ἐκεί-

156 1002 265 1061 θεν,
296 1002 471 1063 εἴπως
498 1000 742 1063 δύναιτο,
773 999 1134 1069 πειράσασθαι
1167 997 1474 1058 ἀνελκύσαι,
1509 996 1636 1058 ίσως
1661 996 1723 1046 οὐ

156 1093 360 1160 φαῦλον
400 1094 625 1162 θεωροῖς
662 1093 959 1161 ὀφθαλμοῖς
997 1091 1192 1158 θέαμα.
1234 1090 1481 1158 Εὑρίσκω
1526 1089 1589 1159 δὴ
1631 1088 1724 1142 οὖν

152 1186 476 1253 τιμωμένην
492 1186 588 1254 τὴν
608 1184 1003 1254 Πεντηκοστήν⁸
1028 1183 1089 1235 οὐ
1107 1182 1267 1252 μόνον
1293 1184 1371 1234 ὅτι
1393 1180 1580 1249 ὥσπερ
1604 1181 1724 1251 ἱερὰ

154 1278 211 1340 ἐξ
241 1280 399 1347 ἱερᾶς
426 1278 541 1346 ἔχει
568 1278 723 1347 ῥίζης
757 1277 853 1347 τὴν
884 1277 1114 1342 γένεσιν,
1143 1275 1354 1342 ἐκείνης
1391 1275 1487 1343 τῆς
1512 1273 1722 1342 ἡμέρας

153 1370 209 1419 ἐν
231 1370 313 1438 τῷ
334 1411 349 1432 ,
370 1370 507 1438 πρὸς
529 1370 697 1437 αὐτὴν
721 1366 1172 1429 ἀνακυκλοῦσθαι,
1198 1364 1401 1432 ταύτην
1425 1365 1720 1431 γεννώσης,

150 1453 214 1527 ἧς
240 1458 353 1510 ἀπὸ
388 1459 605 1509 πάντων
637 1455 977 1509 ἀνεπαύσατο
1002 1458 1029 1507 6
1067 1453 1426 1521 Δημιουργὺς,
1450 1451 1722 1518 ὁποτέρων

153 1549 335 1617 βούλει
358 1589 373 1611 ,
412 1548 524 1599 τῶν
568 1547 667 1612 τῆς
704 1545 1077 1615 ἐπιδημίας,ἢ
1108 1543 1217 1594 τῶν
1239 1542 1333 1611 τῆς
1366 1540 1721 1611 δημιουργίας

150 1640 364 1709 ἔργων’
411 1639 525 1691 ἀλλ’
575 1638 659 1690 ὅτι
707 1637 800 1689 καὶ
840 1635 1008 1688 τύπον
1055 1634 1288 1703 ἐπλήρου
1326 1633 1421 1702 τῆς
1451 1631 1719 1701 άφεσίμου

151 1734 240 1783 καὶ
289 1734 593 1799 ἁνεσπέρου
642 1730 858 1799 ἡμέρας
883 1743 896 1757 ·
948 1726 1035 1779 διὰ
1076 1726 1233 1778 τοῦτο
1260 1726 1352 1778 καὶ
1381 1727 1511 1795 παρ’
1534 1718 1616 1786 οἷς
1660 1724 1722 1775 τὸ

150 1824 382 1876 παλαιὸν
423 1822 763 1874 ἐπολιτεύετο
792 1822 1045 1890 γράμμα,
1078 1819 1265 1887 ὥσπερ
1293 1821 1348 1870 ἐν
1374 1819 1500 1888 σκιᾷ
1535 1834 1721 1885 φαινο-

1824 633 1960 702 ipsa.
1985 633 2199 685 occulta
2219 629 2349 684 Jesu
2380 631 2810 697 dispensatione,
2850 629 3072 696 dignum
3098 627 3225 694 quid
3268 642 3382 697 my-

1825 724 2212 786 steriihabent,
2243 731 2337 775 aut
2360 721 2440 775 sic
2459 730 2662 775 temere
2690 721 2949 788 null0que
2975 720 3205 773 consilio
3225 730 3375 787 gesta

1823 824 2041 884 oportet
2075 816 2361 883 accipere?
2389 813 2541 867 Absit
2569 813 2582 865 l
2606 811 2751 865 Nihil
2786 822 2987 866 temere
3041 826 3104 865 ac
3138 811 3381 875 frustra;

1825 910 1958 962 nihil
1990 908 2227 962 Verbum
2269 906 2523 973 implebat
2567 905 2711 973 quod
2766 920 2871 957 non
2898 904 3158 972 spiritalis
3177 904 3379 973 aliquid

1824 998 2194 1066 intelligentiae
2220 995 2462 1047 haberet.
2490 995 2699 1062 Itaque,
2734 997 2777 1047 si
2809 996 2960 1056 libet,
2990 994 3230 1046 habenas
3258 1008 3382 1047 ora-

1820 1090 1956 1142 tioni
2002 1088 2332 1149 laxabimus,
2386 1087 2530 1137 utin
2590 1085 2982 1155 mysteriorum
3040 1084 3378 1137 altitudinem

1822 1177 2063 1238 intuens,
2114 1175 2259 1239 inde,
2288 1174 2467 1243 quoad
2518 1175 2629 1227 ﬁeri
2667 1182 2866 1241 potest,
2903 1175 3189 1227 extrahere
3225 1174 3383 1242 quid-

1822 1268 1965 1338 piam
1993 1275 2240 1330 conetur,
2280 1266 2422 1318 haud
2449 1265 2585 1319 forte
2622 1267 2776 1329 illud,
2811 1265 3139 1333 Spiritalium
3189 1280 3383 1320 senso-

1821 1373 1941 1410 rum
1985 1356 2442 1424 contemplatioue
2488 1357 2721 1409 eruditis
2759 1358 2937 1409 oculis
3016 1359 3379 1423 spernendum

1822 1449 1886 1501 ad
1926 1452 2318 1516 spectaculum.
2370 1448 2606 1517 Reperio
2676 1449 2856 1516 itaque
2905 1450 3095 1501 honori
3143 1449 3380 1501 habitam

1822 1538 2367 1608 Quinquagesimam,
2402 1539 2601 1593 nedum
2632 1554 2697 1592 eo
2730 1539 2912 1600 titulo,
2942 1540 3084 1606 quod
3117 1542 3261 1592 velut
3291 1556 3381 1591 sa-

1821 1648 1937 1693 cra,
1966 1647 2119 1686 sacra
2152 1648 2219 1686 ex
2260 1633 2442 1685 radice
2495 1632 2762 1696 originem
2813 1632 3008 1683 haheat
3039 1648 3053 1682 :
3080 1648 3143 1685 ex
3177 1632 3265 1683 illa
3295 1631 3382 1684 ni-

1823 1721 2017 1771 mirum
2047 1720 2157 1783 die,
2188 1736 2309 1789 qua:
2337 1720 2390 1773 in
2423 1722 2659 1789 seipsam
2695 1735 2989 1776 recurrens
3021 1736 3084 1774 ac
3106 1721 3382 1790 aliquanto

1822 1815 2046 1881 repetita
2092 1813 2230 1864 hanc
2263 1822 2506 1880 general,
2566 1828 2673 1880 qua
2723 1829 2916 1881 nempe
2955 1829 3135 1867 rerum
3191 1814 3381 1882 Upilex

152 1915 290 1982 μένη
323 1912 494 1965 ἐδίδου
528 1912 745 1964 πάντων
787 1911 1120 1980 ἐλευθερίαν,
1165 1911 1257 1961 ἐπὶ
1285 1907 1440 1961 τοῦτο
1480 1908 1717 1976 ἀριθμοῦ
1750 1897 1791 1951 Β
1820 1924 1823 1953 λ

1714 1897 1791 1951 ›Β
1820 1905 1891 1957 ab
1938 1904 2085 1956 omni
2126 1906 2393 1972 requievit
2438 1920 2623 1973 Opere,
2673 1921 3011 1973 quaecunque
3066 1907 3278 1961 tandem
3322 1906 3385 1958 Ii-

146 2003 242 2055 τοῦ
281 2004 392 2056 τῶν
422 2002 681 2054 ἐνιαυτῶν
720 2001 919 2054 κύκλου
951 2000 1372 2069 καθιπαμένου¹
1392 1999 1718 2068 δηλούντων,

147 2088 329 2162 οἶμαι,
380 2093 492 2145 τῶν
534 2092 895 2160 τελουμένων.
939 2091 1014 2152 ὡς
1043 2090 1179 2159 μετὰ
1221 2092 1319 2160 τὴν
1367 2088 1722 2159 ἐϐδοματικὴν

146 2186 354 2254 ταύτην
381 2185 648 2254 περίοδον,
680 2184 781 2252 τῆς
820 2182 1110 2253 ἐπικαίρου
1150 2183 1243 2235 καὶ
1279 2181 1525 2251 δουλικῆς
1563 2180 1720 2251 ἡμῶν

150 2278 318 2346 ζωῆς,
360 2277 713 2346 ἐπιστήσεται
758 2275 940 2344 ἐκείνη
975 2276 1008 2343 ἡ
1042 2274 1243 2343 ἡμέρα,
1271 2273 1389 2325 καθ’
1415 2274 1483 2344 ἦν
1518 2272 1617 2341 τὴν
1638 2274 1721 2335 είς

149 2368 208 2419 τὸ
252 2370 485 2437 ἀρχαῖον
526 2368 971 2422 ἀποκατάστασιν
1014 2366 1199 2419 λαϐεῖν
1249 2366 1456 2436 δεήσει,
1487 2365 1581 2417 καὶ
1615 2364 1714 2434 τὴν

149 2456 357 2509 ἄνωθεν
379 2458 472 2509 καὶ
502 2456 689 2525 πρώην
720 2454 1028 2524 ἐλευθερίαν

1821 1996 2000 2050 huerit
2029 2010 2215 2064 opera,
2255 1996 2369 2051 sive
2395 1998 2661 2051 adventus
2702 2014 2765 2052 ac
2820 1999 3237 2061 incarnationis,
3268 1999 3384 2051 sive

1820 2088 2112 2142 creationis
2146 2107 2160 2141 :
2190 2103 2375 2142 verum
2401 2092 2564 2141 etiam
2614 2089 2757 2157 quod
2795 2090 2899 2143 diei
2941 2090 3285 2143 remissionis
3318 2104 3382 2141 ac

1820 2195 2101 2248 vesperam
2167 2195 2276 2233 non
2330 2180 2581 2233 habentis
2630 2182 2856 2247 ﬁguram
2907 2191 3139 2248 gereret.
3173 2180 3383 2234 Idcirco

1818 2273 1982 2325 etiam
2010 2272 2150 2339 apud
2179 2287 2274 2326 eos
2312 2287 2542 2340 quorum
2590 2288 2675 2325 res
2722 2288 2786 2325 ex
2816 2272 3033 2340 scripta:
3064 2272 3197 2341 legis
3243 2286 3382 2340 pra--

1817 2363 2019 2431 scripto
2037 2361 2578 2425 administrabantur,
2596 2363 2739 2417 velut
2762 2364 2812 2415 in
2838 2362 3027 2417 umbra
3042 2365 3383 2433 obscuraque

1818 2454 2181 2508 delineatione
2224 2471 2498 2524 apparens
2527 2456 2597 2509 ab
2627 2456 2901 2510 universis
2931 2456 3133 2510 liberos
3157 2468 3382 2525 praesta-

152 2551 262 2613 bat,
294 2551 385 2603 ubi
421 2565 686 2604 annorum
731 2551 971 2604 circulus
1009 2565 1075 2602 ao
1102 2563 1225 2601 eum
1262 2562 1545 2601 numerum
1569 2548 1847 2604 revolutus
1877 2556 2042 2604 esset.
2078 2548 2315 2614 Quibus,
2385 2550 2602 2618 Opinor,
2676 2549 3091 2617 signiﬁcabatur
3141 2548 3259 2602 fore
3325 2558 3383 2602 ut

151 2652 275 2708 post
307 2643 671 2711 septenariam
702 2641 841 2695 hanc
870 2643 990 2694 vita:
1022 2651 1226 2694 nostra:
1249 2641 1554 2709 periodum,
1582 2649 1982 2708 temporaneam
2023 2640 2171 2693 illam
2223 2655 2285 2693 ac
2355 2641 2605 2694 servituti
2651 2640 2965 2705 obnoxiam,

3056 2642 3147 2695 ille
3218 2640 3379 2694 adve-

152 2738 267 2791 niat
296 2738 416 2791 dies
452 2754 561 2807 quo
591 2740 646 2792 in
668 2739 943 2807 integrum
970 2737 1294 2791 restituendi
1322 2738 1518 2797 simus,
1550 2739 1944 2807 pristinantque
1969 2753 2032 2791 ac
2062 2739 2339 2806 antiquam
2369 2738 2671 2792 libertatem
2703 2738 2993 2806 recepturi.

233 2852 392 2905 Ἐπεὶ
414 2852 508 2906 οὖν
532 2855 624 2906 καὶ
650 2854 745 2907 νῦν
764 2857 798 2924 ἡ
821 2855 912 2907 τοῦ
951 2856 1085 2909 Πνεύ
1095 2874 1259 2925 ματος
1290 2856 1552 2928 ἐπιδημία
1585 2856 1712 2909 νέαν

150 2946 284 3014 ἡμῖν
327 2940 462 3015 ἦλθε
512 2944 626 3014 βίου
672 2947 1003 2999 κατάστασιν
1040 2947 1398 3017 διαθήσουσα,
1443 2948 1537 2999 καὶ
1575 2947 1710 3016 πρὸς

1888 2857 2155 2924 Quoniam
2203 2858 2369 2926 igitur
2410 2859 2711 2912 etiamnmn
2768 2858 2988 2912 divinus
3035 2856 3272 2927 Spiritus
3314 2874 3380 2911 eo

1816 2950 1981 3011 venit,
2029 2960 2104 3013 ,ιιι
2161 2964 2351 3002 novam
2403 2950 2558 3003 nobis
2610 2949 2733 3001 vitae
2783 2950 3044 3002 rationem
3090 2950 3383 3006 constituat

150 3036 371 3104 ἐκείνην
395 3037 493 3104 τὴν
530 3036 741 3107 ἡμέραν
767 3038 876 3090 ἀπὸ
897 3036 990 3090 τοῦ
1010 3038 1235 3101 σκότους
1265 3038 1360 3106 τῆς
1390 3040 1447 3089 ἐν
1474 3038 1550 3107 τῷ
1573 3055 1716 3104 παρ-ι
1743 3060 1787 3121 C

1708 3066 1716 3077 ι
1743 3060 1787 3121 C
1821 3056 2028 3107 nosque
2055 3039 2121 3092 ad
2159 3041 2300 3091 illam
2328 3041 2466 3092 diem
2498 3041 2567 3092 ab
2598 3041 2759 3107 hujus
2795 3042 2982 3094 saeculi
3017 3042 3195 3093 nurtis
3230 3050 3379 3093 tene-

150 3130 265 3181 όντι
308 3127 410 3197 βίῳ
458 3129 648 3188 νυκτὸς
716 3129 1087 3199 διεγείρουσα,
1127 3130 1213 3183 διὰ
1246 3130 1403 3182 τοῦτο
1451 3131 1509 3180 ἐν
1549 3128 1722 3198 ταύτῃ

153 3223 520 3291 παραγίνεται
558 3226 623 3292 τῇ
669 3224 875 3294 ἡμέρᾳ.
912 3225 984 3275 Τό
1028 3224 1082 3275 δέ
1122 3241 1184 3291 γε
1221 3223 1358 3290 μετὰ
1398 3223 1496 3293 τὴν
1540 3222 1722 3275 ἄνοδον

152 3313 294 3369 εἶναι
320 3318 573 3387 δεκάτην,
597 3319 680 3369 ὃτι
702 3317 889 3387 ῶσπερ
914 3320 947 3388 ἡ
972 3317 1195 3387 ἑϐδόμη,
1225 3317 1369 3371 οὓτω
1394 3319 1487 3370 καὶ
1510 3320 1543 3387 ὴ
1566 3318 1720 3385 τρίτη

152 3409 237 3477 ἐφ’
276 3410 479 3477 ἑαυτὴν
518 3410 981 3481 ἀνακυκλουμένη,
1024 3410 1227 3479 ταύτην
1262 3412 1394 3480 ἡμῖν
1426 3411 1526 3480 τὴν
1574 3410 1723 3479 ἱεράν

150 3500 369 3567 ἡμέραν
405 3501 717 3553 ἀνέστελλεν
745 3501 784 3553 ι.
832 3498 941 3553 Ἤν
970 3503 1014 3554 δ’
1045 3503 1151 3575 ἄρα
1180 3504 1271 3555 καὶ
1315 3502 1469 3554 τοῦτο
1500 3502 1723 3553 ἀκόλου-

154 3592 267 3654 θον,
294 3592 356 3643 οὐ
396 3592 555 3659 μόνον
578 3592 663 3644 διὰ
688 3594 783 3661 τὴν
812 3594 909 3662 τῆς
938 3594 1193 3664 θεαρχίας
1223 3595 1465 3661 τριττὴν,
1498 3593 1611 3645 ἀλλ’
1640 3595 1720 3646 ὅτι

152 3682 248 3734 καὶ
294 3682 358 3733 τὸ
396 3682 535 3749 μέγα
564 3682 721 3752 ἔργον
762 3684 858 3752 τῆς
892 3683 981 3735 τοῦ
1028 3684 1231 3751 κόσμου
1276 3685 1563 3753 ἐγέρσεως,
1609 3700 1723 3755 τρι-

151 3773 308 3831 ταῖος
355 3774 382 3823 6
427 3772 595 3837 Λόγος
650 3772 1211 3841 διεπραγματεύσατο.
1272 3772 1429 3825 Ἀλλά
1478 3773 1573 3824 τοῦ
1624 3774 1723 3842 μέν

153 3861 360 3913 κείσθω
387 3862 448 3913 οὐ
487 3864 759 3932 πάρεργον
794 3864 923 3926 ἴσως
950 3867 1062 3927 τοῖς
1102 3865 1529 3933 φιλακροάμοσιν
1558 3865 1723 3918 ἄκου-

156 3970 291 4025 σμα’
328 3954 775 4023 ἐπαναχωρητέον
800 3955 843 4007 δ’
868 3956 989 4007 ὅθεν
1020 3955 1438 4025 ἐξεληλύθαμεν.
1467 3955 1723 4025 Ἔρχεται

154 4048 220 4116 δὴ
251 4046 473 4115 πληρῶν
497 4048 595 4114 τὴν
624 4046 955 4113 ἐπαγγελίαν
982 4046 1073 4099 τοῦ
1098 4046 1251 4110 Υἱοῦ,
1291 4049 1318 4099 6
1348 4045 1721 4116 Παράκλητος,

156 4140 217 4191 τὸ
245 4136 470 4205 Πνεῦμα
500 4136 559 4187 τὸ
590 4136 812 4203 ἀγαθὸν,
840 4136 933 4187 ἐπὶ
972 4138 1097 4199 τοὺς
1124 4137 1301 4207 ἱεροὺς
1339 4138 1604 4205 μαθητὰς,
1631 4137 1726 4189 καὶ⁵

154 4234 222 4284 δι’
253 4230 474 4284 ἐκείνων
508 4229 748 4296 ἁγιάσων
790 4228 889 4298 τὴν
919 4228 1113 4291 κτίσιν,
1152 4230 1250 4296 τὴν
1283 4229 1385 4279 ὑπ’)
1421 4228 1530 4279 τῶν
1556 4244 1723 4297 πονη-

162 4323 272 4392 ρῶν
307 4321 807 4389 διαλελυμασμένην
830 4321 1174 4389 πνευμάτων.
1212 4320 1325 4371 υύκ
1356 4318 1436 4371 ἔτι
1466 4319 1588 4371 καθ’
1607 4319 1721 4382 ἕνα,

1821 3131 1935 3184 bris
1985 3132 2208 3194 excitet,
2262 3131 2464 3182 idcirco
2497 3131 2598 3182 hor.
2631 3130 2747 3197 ipso
2793 3129 2880 3184 die
2929 3131 3167 3184 advenit.
3226 3131 3376 3195 Quod

1822 3231 1998 3276 autem
2029 3222 2237 3276 decima
2260 3225 2326 3273 ab
2354 3222 2472 3289 ejus
2503 3223 2555 3274 in
2583 3224 2778 3277 etelum
2814 3223 3151 3277 Ascensione
3188 3226 3297 3285 ﬁat.
3317 3238 3377 3275 ea

1822 3315 1959 3367 ratio
2003 3314 2093 3377 sit,
2122 3314 2266 3382 quod
2292 3314 2430 3367 sicut
2456 3315 2705 3382 septima,
2745 3316 2824 3368 sic
2866 3324 2920 3367 et
2962 3317 3119 3368 tertia
3153 3316 3381 3384 repetita

1822 3421 1884 3458 ac
1912 3407 2189 3471 revoluta,
2252 3422 2463 3461 sacram
2519 3408 2659 3461 hanc
2702 3409 2858 3461 nobis
2907 3407 3159 3460 conﬁciat
3215 3408 3381 3461 diem.

1822 3496 1951 3551 Erat
2002 3514 2130 3552 vero
2170 3498 2270 3550 hoc
2304 3499 2500 3551 rationi
2552 3509 3002 3563 consentaneum,
3044 3515 3152 3551 non
3202 3499 3379 3554 solum

1824 3599 2043 3661 propter
2071 3591 2310 3643 divinam
2338 3589 2696 3655 Trinitatem,
2732 3594 2823 3645 sed
2872 3594 2999 3660 quia
3043 3593 3207 3645 etiam
3250 3590 3372 3645 Vero

1824 3689 1949 3738 bunt
1987 3698 2235 3751 magnum
2273 3684 2404 3737 illud
2446 3684 2671 3736 excitati
2720 3700 2784 3735 ac
2839 3685 3149 3738 resuscitati
3194 3666 3381 3737 mundi

1821 3791 1959 3846 opus
2010 3777 2176 3829 tridui
2212 3779 2388 3845 spatio
2428 3776 2782 3831 absolvisset.
2810 3773 3011 3828 Verum
3041 3776 3153 3829 haac
3183 3774 3383 3829 fortas-

1824 3869 1900 3921 sis
1928 3881 2034 3921 non
2063 3868 2159 3919 abs
2188 3881 2247 3920 re
2268 3867 2410 3918 dicta
2442 3866 2584 3935 apud
2612 3882 2705 3919 eos
2738 3864 2940 3918 fuerint
2966 3866 3055 3933 qui
3110 3865 3380 3933 ejusmodi

1824 3959 2001 4013 Sensis
2049 3957 2427 4020 delectantur,
2480 3956 2574 4011 sed
2634 3958 2792 4011 nobis
2851 3958 3261 4026 regrediendum
3318 3975 3383 4013 eo

1826 4052 1966 4103 unde
1992 4065 2178 4106 sumus
2208 4049 2435 4118 egressi.
2467 4047 2629 4103 Venit
2656 4064 2787 4118 ergo
2807 4049 2927 4103 Filii
2965 4051 3380 4118 promissionem

1825 4141 2146 4210 impleturus
2181 4140 2520 4202 l’aracletus,
2586 4141 2781 4204 bonus,
2814 4143 3060 4211 inquam,
3091 4142 3181 4196 ille
3208 4142 3382 4213 Spiri-

1824 4242 1935 4293 tus,
1985 4234 2036 4285 in
2067 4244 2315 4286 sacratos
2346 4231 2675 4300 discipulos,
2697 4240 2863 4301 utque
2892 4248 2985 4302 per
3015 4233 3135 4287 illos
3164 4239 3380 4287 creatu-

1825 4340 1939 4377 ram
1974 4325 2356 4387 sanctiﬁcaret,
2382 4339 2411 4376 a
2445 4325 2603 4378 malis
2634 4327 2772 4377 male
2794 4325 3031 4377 habitam
3055 4324 3380 4392 damnisque

159 4416 256 4467 καὶ
296 4412 434 4466 κατὰ
481 4413 644 4480 μέρος
676 4410 890 4478 ἁγιάζει
915 4427 927 4439 ·
965 4411 1073 4462 οὐδ’
1103 4410 1181 4461 ἐνὶ
1211 4413 1354 4477 γένει
1383 4410 1478 4470 τὰς
1507 4414 1723 4479 εὐεργε-
1749 4398 1799 4456 Ι)
1826 4438 1830 4467 λ

1707 4398 1799 4456 -Ῑ)
1826 4416 2071 4470 allectum
2118 4415 2426 4483 spiritibus.
2467 4413 2619 4467 llaud
2668 4419 2811 4469 ultra
2863 4417 2952 4470 ille
3005 4417 3282 4485 sigillatitn
3315 4432 3378 4469 ac

162 4508 285 4569 σίας
334 4503 802 4572 ἐπιδαιξιιλεύεται⁸
851 4503 964 4555 ἀλλ’
1010 4502 1142 4571 ὁμοῦ
1174 4502 1350 4554 πάντα
1385 4502 1582 4570 πληροῖ
1620 4501 1723 4553 κό-

162 4614 300 4666 σμον
336 4594 630 4664 άγιασμοῦ.
675 4593 793 4646 Οὐδ’
822 4594 899 4647 ἔτι
927 4594 1083 4663 μόνος
1117 4593 1145 4644 ὁ
1174 4594 1442 4662 ἀγνώμων
1480 4593 1725 4655 Ἰουδαῖος

159 4688 253 4739 τοῦ
284 4688 426 4739 θείου
458 4686 688 4739 πλούτου
722 4686 1066 4755 κατατρυτᾷ,
1098 4685 1302 4747 πάντας
1329 4686 1408 4747 εἰς
1440 4684 1533 4737 τὸν
1562 4683 1725 4736 αὐτοῦ

162 4778 363 4848 κλῆρον
386 4777 786 4844 εἰσαγαγόντος,
812 4774 905 4828 τοῦ
926 4775 1104 4834 κακῶς
1131 4776 1220 4827 ὑπ’
1241 4776 1449 4828 ἐκείνου
1466 4775 1725 4837 παθόντο,

163 4872 522 4941 κληρονόμου⁸
582 4869 703 4922 οὐδέ
760 4869 917 4939 μόνος
990 4869 1153 4938 εἰδείη
1193 4871 1289 4939 τὴν
1347 4871 1494 4922 θείαν
1546 4870 1720 4935 δόξαν,

164 4966 342 5033 πάσης
383 4960 753 5030 μανθανούσης
799 4962 997 5031 σαρκὸς
1042 4962 1102 5013 τὸ
1148 4964 1408 5030 σωτήριον
1440 4961 1532 5013 τοῦ
1565 4961 1719 5014 θεοῦ.

161 5053 292 5103 Οὐδὲ
324 5051 563 5103 κείσεται
590 5049 717 5118 παρ’
742 5049 888 5121 αύτῷ
908 5051 1004 5120 τῆς
1029 5052 1357 5119 προφητείας
1379 5052 1438 5103 τὸ
1454 5052 1717 5120 χάρισμα,

159 5144 249 5193 ἐπὶ
284 5143 466 5195 πᾶσαν
492 5143 667 5211 σάρκα
695 5143 951 5211 χεομένου
984 5142 1076 5194 τοῦ
1105 5144 1435 5214 Πνεύματος,
1467 5145 1561 5197 καὶ
1594 5160 1722 5214 προ-

160 5236 503 5303 φητευόντων
584 5233 746 5297 υἱῶν,
820 5235 913 5287 καὶ
976 5235 1289 5307 θυγατέρων
1350 5237 1718 5307 ώδινηθεντων

157 5327 446 5395 ἀκράντοις
477 5324 649 5377 ὠδῖσι.

223 5635 273 5668 ⁸⁸
302 5632 499 5688 Matth.
533 5648 650 5688 xxi.
686 5635 774 5688 59.

1824 4522 1887 4561 ex
1920 4518 2070 4575 parte
2107 4508 2431 4569 sanctilicat,
2475 4522 2573 4560 nec
2620 4507 2711 4559 uni
2749 4514 2957 4559 tantum
3018 4507 3223 4561 nationi
3281 4522 3379 4559 sua

1825 4600 1967 4653 dona
1996 4600 2220 4666 cepiose
2252 4598 2499 4662 ellundit,
2528 4600 2630 4652 .sed
2668 4599 2830 4652 simul
2864 4598 3176 4652 universum
3216 4615 3377 4651 mun-

1827 4691 1956 4744 dum
1984 4690 2345 4742 sanctimonia
2372 4689 2584 4757 plenum
2610 4688 2787 4742 eﬂicit.
2823 4688 2931 4743 Nec
2956 4704 3118 4757 porro
3144 4691 3377 4760 amplius

1828 4777 2075 4844 ingratus
2100 4776 2485 4844 improhusque
2509 4775 2733 4830 .ludams
2766 4777 3075 4830 divinarqu
3109 4780 3258 4831 solus
3296 4778 3377 4830 di-

1820 4872 2074 4924 vitiarum
2110 4869 2335 4923 delicias
2367 4871 2617 4938 percipit,
2652 4886 2776 4923 cum
2810 4872 3067 4929 nimirum
3095 4886 3253 4939 quem
3289 4871 3376 4925 ille

1818 4964 2084 5018 tueredem
2112 4964 2251 5014 male
2284 4974 2456 5015 morte
2490 4960 2691 5025 aﬁeeit,
2722 4963 2774 5013 in
2811 4976 2963 5013 suam
2992 4976 3179 5014 omnes
3207 4962 3389 5013 intro-‘

1816 5055 1984 5109 ducat
2033 5054 2408 5107 haereditatem
2446 5052 2628 5106 :haud
2678 5054 2801 5105 item
2837 5053 2986 5105 solus
3021 5052 3250 5105 noverit
3286 5049 3374 5102 Dei

1814 5144 2066 5212 gloriam,
2096 5158 2220 5195 cum
2247 5143 2428 5194 omnis
2460 5157 2591 5195 caro
2646 5141 2736 5195 Dei
2771 5141 3009 5194 salutare
3039 5140 3373 5195 doceatur".

1814 5234 1923 5287 Nec
1972 5232 2190 5287 demum
2250 5233 2545 5302 prophetia:
2590 5232 2729 5302 apud
2783 5232 3133 5287 eumdonum
3165 5231 3379 5301 deposi-

1812 5333 1928 5378 ttttu
1961 5325 2085 5385 erit,
2124 5340 2248 5377 cum
2286 5324 2527 5393 Spiritus
2572 5324 2879 5378 cmtndatur
2917 5324 2970 5377 in
3007 5338 3375 5378 omnctncar-

1833 5431 1997 5477 nem,
2044 5418 2467 5484 pmpheteutquc
2517 5416 2607 5469 lilii
2650 5426 2812 5485 atque
2860 5415 2982 5469 lilia:
3053 5416 3373 5469 intemerato

1822 5510 1950 5564 editi
1989 5518 2170 5578 partu.

1422 5762 1653 5819 VARUS
1698 5763 2094 5822 LECTIONES.

278 5852 287 5887 ι
330 5846 464 5917 ch,
498 5844 795 5903 ἀνέτελλεν.
