4232 6444
833 429 929 488 12Ί

2060 419 2336 482 LEONIS
2372 419 2828 479 PHILOSOl’lII

3949 421 4055 484 123

898 536 1054 590 Nune
1082 535 1250 588 effusa
1285 541 1368 587 est
1401 532 1687 587 allluenter
1716 536 1892 587 sancti
1922 529 2162 600 Spiritus
2185 531 2381 601 gratia;
2410 529 2462 590 Α
2555 527 2569 578 l

2410 529 2462 590 Α
2555 525 2668 578 Νῦν
2716 528 2945 599 ἐξεχύθη
2996 529 3264 592 πλουσίως
3316 527 3410 581 τοῦ
3443 529 3820 600 Πνεύματοςὴ
3872 533 4055 602 χάρις.

825 628 968 699 quod
1002 629 1220 696 quidam
1252 627 1634 694 prophetarum
1663 625 1794 676 olim
1831 623 1883 676 in
1923 623 2122 690 spiritu
2176 620 2388 683 videns,

828 722 1157 772 vaticinatus
1183 727 1265 770 est
1303 718 1369 769 π.
1421 714 1646 784 Pr0pter
1671 716 1771 766 hoc
1805 729 1834 768 e
1871 713 2038 767 labris
2069 712 2298 765 rudibus
2333 721 2390 765 et

827 811 1057 864 inductis
1126 808 1405 876 sapientia:
1479 806 1752 874 prolluuut
1801 805 2022 864 lluenta,
2105 803 2389 868 tribusque

829 913 881 956 et
926 903 1120 970 linguse
1149 902 1390 953 enarrari
1435 899 1662 950 audiunt
1707 897 1794 950 llei
1843 895 2109 966 magnalia
2133 897 2198 947 ³⁷.
2234 894 2388 949 Nunc

828 995 980 1063 probi
1009 994 1186 1043 coloni
1225 993 1425 1042 virtute
1464 1006 1528 1042 ex
1562 991 1673 1041 alto
1711 989 1945 1040 roborati
2003 995 2166 1056 atque
2211 988 2390 1040 ﬁrma-

828 1086 888 1147 ti,
925 1100 991 1138 ex
1022 1099 1150 1153 agro
1204 1082 1486 1136 llominico
1529 1083 1785 1149 nequitia:
1841 1079 2050 1132 zizania
2106 1079 2387 1141 auferunt,

831 1176 1180 1244 caelestisque
1237 1190 1375 1228 area:
1431 1173 1668 1227 fructum
1728 1172 1792 1224 ad
1854 1175 2153 1226 ubertatem
2215 1186 2388 1240 usque

825 1269 1189 1335 adaugebunt.
1217 1266 1371 1320 Nunc
1399 1268 1592 1332 linguae
1619 1267 1757 1331 ignis
1784 1264 2085 1333 diSpertitte
2105 1264 2392 1319 divisionis

825 1363 953 1412 olim
984 1363 1137 1412 l'actze
1168 1361 1283 1424 (59)
1311 1360 1573 1410 unitatem
1606 1358 1864 1410 ciliciunt.
1893 1357 2031 1408 Nam
2066 1364 2120 1408 et
2144 1356 2272 1408 mihi
2309 1357 2391 1409 id-

824 1455 974 1506 circo
1007 1452 1219 1504 videtur
1253 1452 1420 1504 forma
1451 1452 1550 1502 hac
1584 1451 1797 1518 linguas
1824 1449 2181 1516 apparuisse;
2217 1463 2392 1517 quan-

825 1561 988 1614 quam
1039 1545 1269 1597 liberum
1311 1553 1414 1604 est,
1451 1552 1508 1594 ut
1539 1543 1664 1610 quis
1697 1541 1816 1609 ejus
1864 1541 1938 1592 rei
1976 1541 2112 1594 alias
2149 1543 2391 1596 rationes

824 1639 956 1691 velit
1005 1638 1307 1705 assignare.
1368 1637 1443 1687 Ac
1498 1650 1626 1688 vero
1680 1633 1846 1700 hujus
1889 1641 2076 1702 specta
2129 1633 2391 1688 doctrina:

825 1729 1168 1797 mysterium.
1210 1727 1351 1778 Olim
1397 1725 1616 1794 quidem
1665 1725 1934 1785 dividens,
1967 1740 2030 1776 ac
2056 1724 2125 1778 ab
2161 1727 2388 1779 invicem

825 1833 1086 1887 Separans
1117 1821 1406 1870 humanam
1436 1818 1684 1886 stirpem,
1710 1817 1836 1885 quid
1861 1819 1970 1888 agit
1996 1818 2018 1869 ?
2051 1817 2252 1882 Venite,
2303 1818 2389 1869 itt-

827 1913 965 1979 quit,
999 1909 1396 1974 descendemus,
1417 1918 1464 1963 et
1486 1909 1867 1977 confundamus
1887 1909 2090 1977 linguas
2113 1923 2293 1961 eorum
2311 1908 2386 1962 "z

825 2001 1207 2054 descendentis
1250 2016 1382 2054 voce
1444 2001 1498 2054 in
1532 2000 1937 2052 multitudinem
1970 1997 2219 2053 dividens
2273 2012 2389 2064 eos,

827 2097 916 2162 qui
937 2110 1044 2147 non
1076 2095 1174 2147 rite
1197 2094 1416 2146 adunati
1452 2093 1703 2148 fuissent.
1732 2090 1888 2146 Nunc
1919 2106 2070 2154 vero,
2105 2091 2389 2160 iguearum

825 2179 1132 2250 linguarum
1163 2181 1454 2245 divisione,
1487 2181 1816 2236 divisionem
1866 2183 1919 2235 iu
1960 2197 2129 2237 unum
2160 2182 2386 2247 colligit.

825 2269 1070 2326 Observa
1130 2287 1259 2325 vero
1307 2275 1519 2325 unitum
1557 2272 1755 2340 ignem,
1791 2273 1844 2326 in
1878 2283 2012 2341 quot
2061 2288 2125 2326 ac
2160 2283 2392 2342 quantas

826 2375 1012 2435 partes
1039 2366 1415 2435 dispertiatur.
1452 2365 1517 2420 Et
1541 2367 1643 2420 hoc
1659 2366 1880 2436 quidem
1919 2367 2065 2421 hunc
2089 2368 2142 2419 in
2171 2366 2390 2420 modum

825 2474 855 2511 a
882 2459 1040 2512 nobis
1079 2458 1431 2512 observatum
1494 2467 1603 2512 est.
1651 2459 1990 2512 Audiebatur
2032 2466 2213 2512 autem
2252 2459 2394 2512 inter

827 2558 1014 2615 gentes
1037 2548 1308 2601 variarum
1342 2549 1647 2618 linguarum
1705 2550 1907 2618 cuique
1935 2551 2394 2620 proprialoquens

826 2658 1016 2696 eorum
1065 2641 1270 2709 lingua,
1311 2655 1450 2710 quos
1489 2641 1851 2696 nescivissent
1893 2643 2114 2711 quidem
2172 2643 2390 2697 ubinam

829 2733 1072 2802 gentium
1131 2733 1480 2793 habitarent,
1531 2735 1849 2801 priusquam
1895 2735 1971 2787 illi
2025 2732 2155 2790 Jesu
2201 2735 2392 2789 sociati

827 2833 1032 2880 essent.
1059 2823 1295 2893 Eratque
1325 2839 1412 2878 res
1433 2826 1955 2880 muniadmiratione
1979 2827 2132 2896 plena
2159 2846 2172 2881 :
2195 2829 2394 2896 quippe

827 2929 946 2971 erat
1002 2916 1156 2985 plane
1215 2917 1500 2980 inusitata,
1555 2927 1718 2984 atque
1767 2933 1797 2969 a
1831 2917 2165 2986 loquentium
2203 2927 2396 2971 natura

832 3023 898 3062 ac.
933 3007 1180 3060 moribus
1214 3007 1373 3075 longe
1399 3007 1598 3061 aliena.
1645 3007 1912 3072 Quocirca
1944 3008 2012 3062 ab
2056 3008 2393 3062 absurdissi-

831 3100 934 3153 mis
965 3099 1274 3151 mortalium
1296 3100 1351 3150 in
1382 3097 2042 3153 absurdisnumerabatur
2088 3114 2152 3152 ac
2183 3107 2390 3153 tantum

2486 622 2622 690 ὅπερ
2661 638 2746 684 τις
2779 621 2946 674 πάλαι
2977 621 3189 691 βλέπων
3219 625 3276 673 ἐν
3323 623 3595 691 πνεύματι
3629 623 3918 692 προῦλεγε.
3956 628 4062 679 Διέι

2487 717 2643 769 τοῦτο
2693 718 2758 769 ἐκ
2803 717 3024 785 χειλέων
3059 717 3360 769 άὸιδάκτων
3412 717 3601 784 σοφίας
3644 719 3935 786 προχέεται
3967 718 4063 770 νά-

2493 826 2641 877 ματα
2667 847 2683 872 ,
2733 807 2827 860 καὶ
2885 808 3048 874 φυλαὶ
3096 809 3190 860 καὶ
3239 809 3480 875 γλῶσσαι
3541 810 3610 860 τὰ
3657 810 3914 878 μεγαλεῖα
3963 809 4060 862 τοῦ

2486 901 2621 954 Θεοῦ
2665 900 2919 954 ἀκούουσι
2947 899 3305 970 διηγούμενα.
3340 901 3452 952 Νῦν
3480 903 3544 969 τῇ
3581 901 3639 966 ἐξ
3677 901 3842 970 ὕψους
3873 903 3926 954 οί
3957 921 4062 954 κα-

2487 995 2568 1046 λοὶ
2625 996 2851 1065 ἐργάται.
2909 993 3132 1062 δυνάμει
3191 993 3520 1063 ρωσθέντες,
3571 993 3662 1045 τοῦ
3725 994 4062 1046 Δεσποτικοῦ

2487 1085 2784 1154 γεωργίου,
2821 1083 2880 1135 τὸ
2904 1083 3002 1152 τῆς
3031 1083 3292 1153 πονηρίας
3322 1084 3758 1151 ἀποκαθαίρουσι
3793 1084 4060 1148 ζιζάνιον,

2489 1179 2583 1230 καὶ
2626 1181 2693 1249 τῇ
2741 1177 2974 1247 οὐρανίῳ
3009 1176 3120 1246 ἅλῳ
3147 1178 3238 1229 τὸν
3268 1176 3477 1244 καρπὸν
3513 1177 3590 1238 είς
3640 1175 3838 1243 πλῆθος
3890 1177 4062 1244 αύξὴ-

2492 1285 2661 1321 σουσσ..
2698 1269 2812 1322 Νῦν
2839 1270 3080 1337 γλῶσσαι
3123 1271 3292 1338 πυρὸς
3332 1267 3776 1336 διαμεριζόμεναι
3823 1267 3918 1319 τοῦ
3959 1268 4066 1320 πά-

2490 1362 2576 1414 λαι
2639 1361 2907 1432 μερισμοῦ
2958 1360 3056 1431 τὴν
3121 1361 3345 1430 ἑνότητα
3389 1359 3891 1430 πραγματεύονται.
3962 1359 4066 1411 Διὰ

2492 1454 2649 1507 τοῦτο
2682 1454 2868 1522 ἔμοιγε
2928 1457 3022 1508 καὶ
3047 1455 3270 1523 τοιούτῳ
3299 1453 3428 1505 εῖδει
3479 1452 3577 1514 τὰς
3606 1451 3854 1518 γλώσσας
3891 1450 4066 1518 ὀφθῆ-

2492 1561 2577 1596 ναι
2610 1543 2786 1596 δοκεῖ·
2838 1544 2886 1594 εί
2936 1544 3028 1595 καὶ
3083 1543 3199 1596 κατ’
3255 1541 3418 1603 ἄλλας
3451 1541 3630 1603 αἰτίας
3662 1539 3942 1592 ἀκώλυτον
3983 1539 4065 1604 τῷ

2495 1634 2800 1704 βουλομένῳ
2845 1631 3087 1701 θεωρεῖν.
3141 1633 3248 1686 Καὶ
3298 1633 3490 1684 σκόπει
3531 1649 3620 1700 μοι
3658 1629 3753 1683 τοῦ
3785 1630 4062 1700 δόγματος

2490 1725 2554 1778 τὸ
2588 1725 2899 1795 μυστήριον.
2954 1724 3129 1777 Πάλαι
3165 1725 3263 1793 μὲν
3308 1721 3525 1776 ὃιιστῶν
3554 1719 3612 1786 ἐξ
3656 1721 3901 1792 ἀλλήλων
3931 1721 4066 1782 Θεὸς

2489 1815 2599 1866 τῶν
2635 1816 2935 1886 ἀνθρώπων
2980 1814 3078 1884 τὴν
3105 1816 3316 1882 γενεὰν,
3357 1817 3411 1866 τί
3463 1816 3631 1876 ποιεῖ;
3662 1812 3861 1875 Δεῦτε,
3891 1814 4024 1880 φησὶ
4047 1851 4065 1875 ,

2491 1907 2853 1973 καταϐάντες
2897 1906 3246 1976 συγχέωμεν
3270 1904 3468 1958 αὐτῶν
3512 1907 3616 1969 τὰς
3645 1905 3927 1972 γλώσσας
3948 1919 3963 1934 ο
3995 1905 4062 1971 τῇ

2489 2003 2741 2073 προφορᾷ
2781 2001 2876 2054 τοῦ
2915 2000 3248 2061 καταὸάντος
3308 1999 3544 2069 μερίζων
3588 1999 3668 2060 είς
3701 1997 3902 2066 πλῆθος
3936 1997 4067 2057 τοὺς

2489 2095 2549 2146 ού
2581 2093 2758 2154 καλῶς
2784 2092 3118 2164 ἡνωμένους.
3168 2090 3281 2144 Νῦν
3312 2091 3368 2143 δὲ
3395 2090 3506 2142 τῶν
3534 2091 3774 2160 πυρίνων
3802 2089 4066 2155 γλωσσῶν

2487 2192 2554 2260 τῇ
2587 2188 2811 2257 διανομῇ
2877 2187 2954 2249 είς
2986 2184 3043 2240 ἒν
3089 2186 3310 2253 συνάγει
3341 2184 3434 2236 τὸν
3477 2179 3858 2252 διαμερισμόν.
3913 2179 4069 2230 Ἐπι-

2488 2283 2644 2350 τήρει
2694 2279 2753 2332 δέ
2804 2295 2893 2348 μοι
2941 2277 3003 2330 τὸ
3055 2275 3164 2348 πῦρ
3195 2276 3503 2346 ἡνωμένον,
3540 2276 3619 2336 είς
3646 2272 3815 2326 ὁπόσα
3847 2270 3916 2324 ἂν
3966 2272 4070 2322 καὶ

2494 2371 2804 2442 μερίζηται.
2854 2369 2990 2423 Ἀλλ’
3016 2369 3147 2438 ἡμῖν
3175 2368 3272 2437 μὲν
3301 2361 3402 2421 ὦδε
3435 2367 3528 2419 καὶ
3555 2364 3712 2418 τοῦτο
3740 2364 4067 2434 τετήρηται.

2503 2465 2758 2516 Ἥκούετο
2798 2462 2854 2515 δὲ
2895 2461 3113 2529 γλῶσσα
3162 2460 3510 2530 φθεγγομένη
3561 2460 3620 2510 ἐν
3654 2456 4068 2524 πολυγλώσσοις

2493 2557 2700 2611 ἔθνεσιν
2752 2555 2966 2624 ἑκάστῳ
3013 2553 3186 2607 οίκεία
3230 2553 3457 2622 ἀνδρῶν,
3494 2550 3616 2620 μηδ’
3669 2552 3774 2619 ὅπη
3821 2550 3923 2618 τῆς
3984 2553 4070 2600 ὲν-

2493 2649 2803 2718 εγκαμένης
2845 2647 3040 2717 ι’ρκουν,
3067 2645 3194 2715 πρὶν
3228 2647 3324 2697 σὺν
3352 2644 3430 2714 τῷ
3470 2642 3644 2712 Ἰησοῦ
3671 2639 3951 2710 γενέσθαι,
3983 2657 4071 2708 γι·

2494 2741 2870 2808 νωσκομένων.
2917 2737 3026 2792 Καὶ
3068 2737 3131 2789 τὸ
3180 2738 3410 2807 πρᾶγμα
3445 2733 3744 2806 παράδοξον
3767 2747 3780 2760 ⁸
3806 2731 3932 2784 οὐδὲ
3957 2731 4068 2800 γὰρ

2494 2829 2562 2903 ἦν
2589 2833 2696 2886 τῶν
2731 2830 2998 2900 συνήθων,
3045 2829 3159 2882 οὔτ’
3198 2825 3346 2899 εἶχεν
3378 2829 3592 2889 οίκείως
3634 2824 3771 2896 πρὸς
3815 2825 3919 2894 τὴν
3957 2823 4069 2875 τῶν

2495 2922 2798 2977 λαλούντων
2830 2920 3008 2990 φύσιν.
3035 2921 3133 2973 Διὰ
3157 2919 3316 2971 τοῦτο
3345 2921 3455 2980 τοῖς
3487 2917 3662 2970 πάντα
3689 2915 3916 2978 ἀτόποις
3947 2915 4065 2967 €65-

2495 3034 2581 3071 κει
2613 3016 2833 3078 ἄτοπον,
2869 3015 2948 3073 εἰς
2996 3013 3279 3083 τερατείαν
3317 3010 3379 3062 τὸ
3413 3009 3596 3078 θαῦμα
3641 3006 4066 3067 διαϐαλλόντων,

2497 3107 2592 3158 καὶ
2621 3105 2790 3176 μέθην
2815 3100 3188 3171 ἐγκαλούντων
3209 3098 3317 3152 τῶν
3347 3097 3695 3168 ἀθεράπευτα
3729 3094 4064 3165 μεθυόντων.

832 3191 1178 3247 miraculum,
1203 3201 1458 3258 tanquam
1491 3190 1978 3253 incantamentum,
2009 3205 2069 3243 ar
2089 3193 2390 3260 priestigia-
2419 3209 2461 3266 ο

2419 3209 2461 3266 c
2507 3200 2754 3268 ‘Apxaio;
2788 3189 2942 3257 οὗτος
2965 3193 3041 3263 τῷ
3067 3191 3186 3262 Θεῷ
3211 3191 3530 3262 μαχομένων
3556 3189 3772 3251 σκοπὸς,
3799 3187 3875 3257 μὴ
3904 3189 4065 3256 μόνον

831 3295 950 3332 rum
985 3279 1278 3332 ludibrium
1310 3279 1698 3332 traducebalur
1723 3319 1736 3342 ,
1769 3281 2200 3349 temulentiaeque
2226 3282 2388 3335 ascri-

830 3369 1063 3423 bebatur
1093 3371 1158 3420 ab
1190 3370 1296 3432 his,
1332 3370 1420 3436 qui
1463 3371 1849 3422 immedicabili
1887 3371 2205 3424 temulentia
2240 3372 2393 3423 labo-

829 3462 1043 3512 rabunt.
1089 3459 1250 3512 Vetus
1288 3461 1373 3513 hic
1410 3475 1623 3521 eorum,
1674 3462 1765 3529 qui
1798 3477 1921 3515 cum
1971 3461 2080 3516 Deo
2128 3471 2392 3532 pugnant,

830 3566 950 3603 mos
979 3560 1061 3604 est
1082 3591 1096 3611 .
1137 3561 1194 3602 ut
1225 3568 1332 3604 non
1361 3551 1535 3605 solum
1566 3552 1767 3606 divinis
1797 3553 2054 3622 operibus
2082 3556 2284 3608 nullam
2337 3555 2395 3608 (i-

832 3643 954 3698 dem
987 3645 1298 3710 adhibeant,
1332 3660 1517 3696 verum
1553 3645 1717 3696 etiam
1748 3655 2039 3710 conentur,
2074 3656 2134 3700 ut
2165 3647 2230 3700 de
2265 3662 2394 3714 pro-

836 3738 954 3808 pria
987 3737 1336 3806 improbitate
1397 3739 1655 3806 improba:
1679 3738 1880 3802 aliquid
1919 3738 2268 3805 suspicionis,
2317 3739 2398 3792 in-

837 3831 1070 3899 culpatis
1125 3843 1188 3883 ac
1221 3830 1274 3882 in
1319 3829 1517 3898 quibus
1554 3830 1687 3883 nihil
1717 3830 2053 3893 crimineris,
2083 3840 2394 3900 aspergant.

833 3919 1091 3974 Patrabat
1121 3917 1354 3972 Verbum
1391 3921 1638 3974 indutum
1670 3935 1892 3973 carnem
1929 3920 1982 3972 in
2013 3920 2215 3989 Spiritu
2269 3937 2398 3975 san-

833 4020 924 4062 cto
964 4008 1201 4062 humana
1250 4010 1454 4076 majora
1489 4010 1683 4062 virtute
1710 4011 2008 4074 miracula;
2053 4012 2215 4079 inque
2244 4011 2396 4064 Beel-

833 4099 1008 4154 zebub
1087 4103 1478 4152 dzemoniornm
1569 4101 1863 4169 principem
1942 4109 2146 4153 tantam
2226 4104 2396 4155 virtu-

835 4203 940 4244 tem
971 4190 1274 4244 referebant
1307 4191 1350 4220 9’
1388 4209 1398 4241 :
1441 4189 1552 4258 agit
1573 4206 1714 4242 nune
1738 4191 2037 4244 secundum
2069 4193 2399 4246 convenien-

834 4293 943 4336 tem
1015 4281 1120 4334 sibi
1179 4291 1497 4349 petestatem
1559 4282 1795 4350 Spiritus
1856 4295 2114 4347 sanctus,
2177 4300 2397 4354 remque

837 4375 999 4426 musti
1028 4387 1165 4440 opus
1197 4389 1319 4428 esse
1361 4383 1636 4442 nugantur
1664 4391 1675 4426 :
1723 4374 1776 4427 iu
1809 4376 1951 4427 hunc
1985 4375 2206 4429 modum
2244 4377 2393 4430 arbio

838 4473 1048 4518 trantes
1093 4479 1152 4518 se
1205 4466 1469 4517 miraculo
1515 4465 1764 4519 illaturos
1796 4466 2122 4520 calumniam
2159 4483 2172 4519 :
2208 4483 2394 4522 verum

2499 3291 2746 3342 άπιστεῖν
2789 3287 2970 3357 ἔργοις
3017 3286 3126 3348 τοῖς
3167 3284 3386 3350 θεῐκοῑς,
3438 3281 3573 3334 ἀλλὰ
3621 3282 3714 3333 καὶ
3766 3279 4065 3351 πειρᾶσθαι

2499 3378 2606 3430 ἀπὸ
2648 3378 2744 3446 τῆς
2790 3376 2990 3438 οἰκείας
3034 3373 3365 3442 φαυλότητος
3415 3371 3622 3440 φαύλην
3679 3370 3917 3436 ὑπσᾴίαν
3962 3368 4068 3420 τῶν

2498 3471 2813 3539 ἁμωμήτων
2853 3466 3295 3530 κατασκεδάξειν.
3342 3463 3547 3520 Ἐποίει
3573 3465 3642 3515 τὰ
3680 3464 3821 3532 ὑπὲρ
3850 3461 4063 3530 ἄνθρω-

2499 3578 2598 3614 πον
2643 3563 2699 3614 ὲν
2749 3560 2886 3629 ἁγίῳ
2930 3558 3204 3628 Πνεύματι
3246 3557 3275 3607 ό
3311 3556 3483 3623 Λόγος
3520 3555 3697 3624 σάρκα
3747 3552 3954 3621 φορῶν
3986 3553 4067 3614 είς

2478 3652 2824 3716 ’Βεελζεεοὶιλ
2857 3652 3092 3720 ἀνῆπτον
3117 3649 3213 3718 τὴν
3243 3650 3490 3717 δύναμιν.
3521 3646 3762 3716 Ἐνεργεῖ
3795 3643 3891 3696 νῦν
3924 3644 4066 3696 κατὰ

2499 3747 2596 3815 τὴν
2624 3742 2771 3813 αὐτῷ
2806 3743 3120 3810 πρέπουσαν
3165 3740 3410 3804 ἐξουσίαν
3442 3739 3502 3790 τὸ
3548 3737 3754 3806 θαῦμα,
3786 3737 3881 3789 καὶ
3905 3734 4067 3803 γλεύ-

2501 3856 2628 3901 κους
2663 3833 2801 3890 εἵναι
2846 3837 2907 3888 τὸ
2947 3835 3107 3905 ἔργον
3155 3833 3410 3903 ληροῦσιν
3434 3869 3452 3895 ,
3482 3830 3623 3883 οὓτω
3653 3831 3714 3883 τὺ
3736 3829 3926 3898 θαῦμα
3951 3829 4068 3881 δια·

2502 3928 2683 3998 σύρειν
2709 3925 3018 3994 νομίζοντες
3036 3941 3050 3955 ·
3076 3923 3212 3975 ἀλλα
3237 3923 3361 3991 νικᾴ
3385 3921 3482 3990 τὴν
3506 3920 3792 3991 παροινίαν
3817 3921 3850 3989 ἡ
3876 3919 4064 3985 σοφία,

2501 4023 2592 4074 καὶ
2652 4022 2893 4089 στόματα
2956 4015 3214 4069 λαλοῦντα
3280 4015 3454 4083 φθόνῳ
3517 4014 3688 4081 στόμα
3737 4010 4067 4080 λαλούμενον

2502 4113 2798 4183 Πνεῦματι.
2835 4112 2892 4164 Ὀ
2933 4109 3038 4178 γὰρ
3078 4107 3168 4160 τὸν
3200 4107 3445 4173 κάλαμον
3491 4105 3615 4175 ἄρτι
3645 4103 3834 4167 λιπὼν,
3865 4103 3962 4154 καὶ
3999 4102 4070 4154 τὰ

2499 4202 2684 4254 δίκτυα
2732 4199 2935 4262 ἁλιεὺς,
2966 4195 3167 4251 ἁπλοῦν
3211 4197 3308 4248 καὶ
3358 4194 3580 4264 ἄτεχνον
3607 4193 3823 4256 ἀνοίξας
3859 4193 4067 4262 στόμα,

2500 4295 2589 4346 τὸν
2619 4294 2779 4363 λῆρον
2818 4295 2916 4360 τῆς
2966 4287 3296 4358 πανουργίας
3331 4287 3567 4357 σώφρονι
3615 4285 3758 4354 λόγῳ
3799 4283 4066 4337 διέλυσεν.

2514 4385 2672 4438 Ἀλλὰ
2689 4383 2851 4436 πόθεν
2873 4381 3099 4450 γλεῦκος
3119 4381 3215 4443 τὰς
3237 4379 3428 4442 καινὰς
3452 4377 3699 4446 γλώσσας
3720 4377 4065 4444 δημιουργεῖ,

2502 4478 2530 4528 ό
2558 4478 2622 4544 τῇ
2659 4475 2824 4544 μανίᾳ
2850 4473 3014 4538 θύων;
3039 4471 3436 4538 Καταμάνθανέ
3467 4487 3554 4539 μοι
3586 4469 3673 4522 τὸν
3709 4469 3864 4538 δῆλον
3891 4469 4068 4538 δημη-

837 4561 1008 4613 vinrit
1035 4561 1302 4628 sapientia
1355 4561 1736 4629 petulantiam,
1785 4561 2038 4628 quodque
2087 4560 2290 4629 Spiritu
2333 4576 2396 4614 os
2423 4534 2508 4595 D-

2394 4596 2396 4608 ι
2423 4534 2475 4593 D
2500 4564 2762 4635 γοροῦντα
2782 4565 3006 4632 Πέτρον,
3039 4565 3136 4616 καὶ
3169 4563 3396 4632 μετάθες
3423 4563 3500 4622 εἰς
3523 4561 3744 4629 φρικτὸν
3766 4559 3949 4629 θαῦμα
3968 4562 4065 4631 τὴν

838 4653 1184 4721 loquebatur,
1227 4668 1418 4705 eorum
1474 4668 1568 4706 ora
1625 4668 1745 4721 qu:c
1782 4651 1847 4705 ad
1899 4653 2230 4720 loquendum
2265 4653 2401 4706 livor

837 4745 1214 4812 compellebat.
1247 4743 1337 4799 Ille
1377 4745 1520 4797 enim
1551 4745 1642 4813 qui
1678 4761 1783 4797 non
1815 4745 2018 4813 pridem
2051 4745 2254 4813 virgam
2291 4746 2401 4813 pis-

838 4837 1102 4890 catoriam
1131 4850 1193 4889 ae
1222 4838 1354 4890 retia
1382 4838 1619 4904 piscator
1652 4838 1964 4904 reliquerat,
1989 4854 2052 4891 os
2087 4838 2314 4906 simplex
2338 4852 2400 4891 ac

840 4926 975 4981 rude
998 4927 1273 4994 aperiens,
1297 4929 1650 4996 malignitatis
1678 4944 1851 4997 nugas
1879 4930 2061 4982 sobria
2094 4944 2156 4982 ac
2179 4929 2401 4998 sapien-

839 5024 893 5070 te
934 5016 1179 5069 oratione
1232 5016 1504 5070 dissolvit.
1557 5015 1708 5070 Unde
1766 5032 1894 5070 vero
1942 5026 2178 5070 inustum
2231 5035 2398 5075 novas

842 5106 1054 5175 linguas
1098 5105 1299 5174 eﬂingit
1341 5122 1403 5160 ac
1451 5115 1634 5168 creat,
1689 5115 1746 5160 tu
1789 5108 1879 5176 qui
1936 5108 2164 5160 insania:
2233 5110 2398 5163 litas?

841 5195 1016 5253 Nosce
1073 5197 1288 5250 Petrum
1344 5197 1492 5250 illum
1543 5199 1811 5261 timidum,
1869 5199 2082 5267 publica
2134 5204 2397 5256 concione

841 5299 1108 5350 orantem,
1138 5303 1199 5340 ac
1223 5290 1548 5341 calun‘tniani
1575 5289 1624 5341 in
1652 5289 1864 5358 plenum
1886 5299 2107 5359 stupore
2139 5303 2395 5345 converte

914 5404 1082 5458 96l-.a.
1114 5418 1200 5466 se,
1233 5405 1450 5468 ὅμως.
1501 5421 1558 5458 ιιι
1607 5406 1662 5458 6.
1737 5407 1778 5437 θ’
1818 5405 1935 5461 Joel
1965 5422 2000 5460 ιι
2048 5408 2138 5460 ιιιε

2209 5411 2252 5440 θ’
2280 5411 2414 5464 Gen.
2453 5428 2525 5474 XI,
2568 5411 2621 5465 7.

2497 4656 2857 4725 συκοφαντίαν
2899 4657 2993 4707 καὶ
3031 4653 3184 4718 δόξαν
3212 4651 3305 4704 τοῦ
3333 4653 3388 4703 ὲν
3414 4650 3558 4719 αὑτῴ
3590 4649 3870 4712 λαλοῦντος
3901 4652 4068 4703 lived-

2498 4767 2684 4820 ματος.
2711 4749 2823 4800 υύκ
2842 4748 2956 4800 ἐστι
2981 4746 3242 4815 γλεύκους
3265 4748 3298 4815 ἡ
3323 4743 3626 4814 παρρησία,
3653 4742 3788 4794 ἀλλὰ
3813 4743 3911 4810 τῆς
3942 4744 4067 4811 ἄρτι

2495 4841 2858 4909 κατελθούσης
2909 4841 3188 4911 δυνάμεως
3251 4838 3492 4901 ἄνωθεν,
3565 4837 3600 4908 ἣ
3651 4838 3744 4888 καὶ
3795 4835 3923 4888 νοῦν
3973 4837 4065 4888 καὶ

2496 4935 2745 5003 γλῶσσαν
2793 4931 2940 5002 αὐτῷ
2973 4931 3310 5002 διανέστησε.
3363 4929 3532 4984 Πόθεν
3559 4927 3701 4981 οὕτω
3724 4929 3914 4996 γέγονε
3941 4928 4060 4980 τολ-

2506 5021 2985 5093 μηρὸς,ὲνουμοῦ,
3032 5023 3061 5073 ὁ
3091 5021 3166 5090 μὴ
3214 5021 3312 5089 τῆς
3342 5019 3630 5089 παιδίσκης
3673 5018 3975 5086 ὑπομείνας
4003 5019 4066 5070 τὰ

2507 5115 2748 5186 ῥήματα.
2799 5113 2958 5166 Ἀλλὰ
3000 5112 3108 5182 γὰρ
3151 5112 3294 5173 ὅσοις
3341 5109 3584 5180 ἁργοῦσα
3631 5112 3722 5162 καὶ
3775 5109 3934 5178 ἀκοὴ,
3978 5109 4068 5161 καὶ

2503 5207 2733 5270 διάνοια,
2763 5205 2905 5258 οῦτω
2925 5205 3017 5258 τοῦ
3051 5205 3244 5274 φθόνου
3273 5202 3692 5273 ἐξειργασμένου
3719 5202 3938 5264 αὐτοὺς,
3962 5201 4066 5254 τῶν

2506 5293 2601 5346 τοῦ
2643 5294 2955 5362 Πνεύματος
2983 5294 3041 5346 οὐ
3078 5297 3342 5362 συνῄεσαν
3373 5292 3665 5362 ῥημάτωνο
3708 5285 3787 5346 οἷς
3813 5290 3859 5343 δ’
3897 5293 4064 5360 ἀνεμ-

2693 5413 2738 5444 ⁹⁹
2771 5410 2961 5465 Matth.
2992 5427 3088 5475 xu,
3115 5411 3201 5466 ΞΠ.

2329 5520 2560 5579 NOTAE.

923 5611 1024 5682 {59)
1053 5611 1333 5666 Divisiouis
1364 5611 1489 5666 olim
1511 5611 1939 5684 facta:.Videtur
1959 5630 2076 5666 eam
2108 5615 2248 5683 ignis
2278 5632 2394 5684 pro-

846 5685 1124 5753 prietatem
1152 5684 1469 5753 respicere,
1521 5699 1624 5750 qua
1660 5683 1902 5751 ejusdem
1935 5699 2021 5737 res
2076 5687 2302 5738 rationis
2341 5689 2392 5739 in

847 5751 1010 5804 unum
1035 5751 1314 5805 conﬂatac
1350 5752 1578 5806 invicem
1604 5759 1768 5825 uuit:
1809 5755 1883 5804 uti
1923 5769 1953 5807 e
1974 5763 2164 5807 contra
2192 5755 2398 5825 disgre-

845 5831 934 5894 gat
977 5839 1039 5874 ac
1089 5833 1303 5890 separat
1346 5837 1467 5893 quin
1519 5833 1647 5878 sunt
1708 5824 1934 5879 diverste
1967 5825 2209 5881 rationis.
2249 5824 2402 5881 Venit

2501 5632 2633 5685 ergo
2657 5616 2799 5687 ignis
2851 5631 3039 5690 speete
3069 5616 3304 5690 Spiritus
3335 5624 3582 5690 sanctus,
3611 5627 3670 5672 ut
3703 5617 3758 5672 in
3805 5617 4068 5690 symbolis

2499 5690 2727 5751 divisus,
2753 5702 2816 5741 ac
2847 5688 3076 5757 singulis
3107 5688 3338 5741 seorsiiu
3367 5687 3634 5757 insidens,
3654 5687 4063 5757 ιιιιιιιιιόιιιιιες,

2500 5774 2563 5812 ac
2599 5759 2761 5813 unius
2793 5759 2990 5828 linguze
3017 5757 3272 5814 efﬁceret.
