4232 6444
172 420 270 481 12η

1177 417 1460 477 ORATIO
1498 416 1635 477 XII.
1673 440 1727 450 -
1755 416 1835 478 ΙΝ
1864 417 2415 480 PENTECOSTEN.

3320 423 3416 486 130

169 537 424 592 πὸὀιστος
470 528 722 598 αἴσθησις
767 525 854 600 ἦν,
887 522 1031 581 οῦτοι
1066 530 1161 583 καὶ
1195 530 1457 600 συνῆκαν,
1493 533 1590 584 καὶ
1639 530 1745 584 τῶν
1770 538 1823 598 Α

1744 551 1745 566 ι
1770 538 1823 598 Α
1848 533 2194 598 miraculum,
2225 547 2389 604 atque
2416 536 2766 608 loquentlsin
2796 551 2864 592 eo
2894 535 3134 608 Spiritus
3159 537 3415 608 gloriam.

163 627 369 678 ἀλιέων
419 624 530 676 τῶν
571 626 814 692 χειλέων,
871 624 1088 677 καὶτοῦ
1129 625 1444 694 Πνεύματος
1474 619 1616 694 ἦσαν
1658 624 1752 694 θή-

169 737 345 788 ραμα.
389 719 454 769 Ὠ
487 719 777 788 μακαρίως
811 717 1278 790 σαγηνευθέντεςῐι
1300 717 1361 768 Ὢ
1385 717 1483 788 τῆς
1511 717 1750 786 σαγήνης

164 810 424 880 ὀλεθρίας
474 809 926 877 ἀπολειφθέντεςί
966 811 1030 862 Ὠ
1063 809 1200 879 πρὸς
1241 810 1385 881 ζωὴν
1414 808 1750 878 ἀπαχθέντες

162 905 220 954 ἐν
250 902 331 970 τῷ
361 901 599 955 ἀλῶναιῑ
637 903 702 954 Ὢ
733 901 868 972 πρὸς
900 901 1132 954 θάνατον
1157 901 1560 974 ζωγρηθέντες,
1591 903 1647 954 ἐν
1675 901 1753 972 τῷ

159 994 263 1064 τὴν
296 995 476 1066 θήραν
509 995 822 1062 διαφυγεῖνῑ
861 994 1001 1047 Ἀλλ’
1041 993 1276 1065 ἐκάθητο
1303 994 1504 1065 πυρίνῃ
1531 993 1753 1065 γλώσσῃ

159 1088 222 1138 τὸ
273 1088 504 1156 Πνεῦμα
553 1085 640 1154 ἐφ’
684 1086 783 1142 ἕνα
833 1087 1067 1138 ἕκαστον
1108 1086 1216 1138 τῶν
1254 1085 1548 1154 μαθητῶν,
1597 1086 1754 1137 συνὸν

164 1178 268 1248 μὲν
303 1180 402 1232 καὶ
437 1176 628 1249 πρώην
654 1180 838 1240 αὐτοῖς
862 1217 878 1242 ,
940 1176 1035 1230 νῦν
1066 1177 1124 1230 δὲ
1174 1178 1375 1248 μᾶλλον
1407 1179 1506 1248 τὴν
1545 1194 1753 1246 παρου-

164 1269 292 1321 σίαν
317 1269 663 1338 ποιούμενον,
687 1270 784 1322 καὶ
809 1271 938 1333 πᾶν,
965 1271 1018 1323 εί
1039 1287 1092 1324 τι
1113 1270 1224 1323 τῶν
1255 1269 1406 1323 κάτω
1427 1270 1518 1323 καὶ
1553 1269 1753 1340 χοῖκῶν

163 1361 355 1430 παρῆν
404 1362 610 1428 αὐτοῖς,
660 1360 952 1428 καταλῦον,
999 1363 1098 1416 καὶ
1140 1363 1280 1432 πρὸς
1331 1361 1516 1433 θεῖκὴν
1553 1361 1752 1425 αὐτοὺς

163 1453 694 1523 ἀναλαμϐανόμενον
739 1455 1085 1523 συγγένειαν.
1136 1457 1277 1519 Τοὺς
1315 1456 1423 1526 γάρ
1448 1472 1530 1508 τοι
1569 1472 1752 1507 καινο-

162 1547 424 1615 ποιήσειν
455 1546 548 1597 τὸν
601 1545 804 1616 κόσμον
851 1547 1317 1616 ἀπεσταλμένους,
1355 1547 1500 1608 εἰκὸς
1533 1541 1622 1617 ἦν,
1653 1545 1754 1614 τῆς

162 1637 518 1706 Δημιουργοῦ
555 1638 879 1706 μεταλαϐεῖν
906 1639 1178 1709 θεότητος.
1209 1641 1324 1693 Οὐκ
1354 1638 1449 1692 οὖν
1475 1638 1554 1691 ἔτι
1588 1639 1752 1707 ζητή-

164 1746 323 1781 σουσι
377 1729 568 1797 μαθεῖν
611 1731 705 1784 τὸν
751 1731 1006 1802 Πατέρα,
1034 1733 1154 1786 οὐδὲ
1180 1734 1248 1804 ἢν
1289 1733 1347 1798 ἐξ
1377 1731 1560 1784 αὐτῶν
1598 1733 1626 1784 ό
1665 1733 1753 1782 Δι-

161 1821 442 1884 δάσκαλος
471 1823 589 1876 ὁδὸν
621 1825 976 1894 επορεύσατο.
1016 1826 1203 1880 Οίδασι
1251 1826 1360 1896 γὰρ
1395 1827 1488 1878 καὶ
1515 1826 1608 1878 τὸν
1638 1827 1751 1878 Πα-

1851 623 1971 678 Non
2004 635 2087 678 cst
2117 630 2280 681 musti
2318 642 2383 681 ac
2437 630 2718 684 temulenti
2751 630 2865 684 haec
2894 631 3148 700 loquendi
3175 631 3418 694 libertas,

1852 717 1946 770 sed
1987 717 2227 782 virtutis,
2273 733 2395 788 qua:
2447 734 2640 778 recens
2686 722 2972 778 descendit
3008 725 3073 779 de
3113 725 3275 783 cmlo,
3313 727 3420 793 qua

1851 809 1974 878 ejus
2001 818 2113 864 tum
2153 826 2331 874 meus,
2363 820 2476 865 tum
2513 813 2695 884 lingua
2741 817 2981 870 excitata
3032 826 3180 870 sunt.
3233 818 3419 886 Cogita

1855 914 1913 955 ut
1944 903 2117 958 factus
2151 906 2221 957 sit
2254 913 2364 958 tam
2397 905 2671 962 animatus
2702 924 2765 962 ac
2795 908 3026 969 audens,
3076 911 3171 976 qui
3203 924 3269 963 ne
3323 925 3417 961 an-

1853 996 1991 1049 cilla:
2020 997 2237 1064 quidem
2273 997 2432 1050 verba
2466 998 2608 1053 ferre
2643 1001 2949 1068 potuisset?
2989 999 3096 1054 Sed
3128 1000 3271 1054 enim
3302 999 3415 1068 qui-

1852 1089 2178 1160 buscunque
2208 1091 2448 1154 auditus,
2482 1107 2748 1161 mensque
2790 1093 2939 1162 pigra
2992 1100 3169 1158 erant,
3207 1106 3271 1145 ac
3307 1102 3418 1144 tor-

1851 1182 1998 1250 pida,
2024 1183 2093 1236 ab
2134 1183 2334 1235 invidia
2371 1184 2505 1237 tales
2540 1183 2763 1247 redditi,
2792 1184 3033 1252 Spiritus
3059 1185 3232 1238 sancti
3260 1183 3418 1237 verba

1850 1289 1960 1327 non
2005 1275 2393 1329 intellexerunt
2434 1292 2447 1328 :
2485 1276 2687 1343 quibus
2723 1287 2905 1330 autem
2939 1292 3134 1332 sensus
3166 1293 3275 1331 non
3305 1286 3416 1331 erat

1851 1365 2164 1434 impeditus,
2216 1366 2270 1419 hi
2318 1377 2371 1419 ct
2424 1367 2834 1429 intellexerunt,
2870 1379 2923 1422 et
2953 1369 3149 1438 lingua:
3188 1372 3418 1438 piscato-

1852 1473 1972 1511 rum
2008 1474 2073 1512 ac
2112 1460 2354 1529 Spiritus
2387 1459 2567 1528 praeda
2615 1463 2948 1515 exstiterunt
2974 1461 3018 1516 Ο
3054 1477 3219 1531 quam
3268 1462 3420 1516 beate

1851 1550 2190 1621 feliciterque
2220 1568 2418 1621 sagcna
2454 1554 2778 1622 intercepti!
2807 1554 2850 1608 Ο
2878 1572 2908 1610 e
2942 1570 3142 1625 sagena
3190 1556 3420 1609 exitiosa

1851 1642 2116 1694 extracti!
2149 1642 2193 1696 0
2217 1644 2342 1694 dum
2371 1648 2664 1712 capiuntur
2695 1646 2759 1697 ad
2793 1646 2956 1698 vitam
2992 1647 3235 1700 reducti!
3279 1643 3323 1698 Ο
3354 1645 3419 1696 ad

1852 1743 2084 1786 mortem
2135 1735 2275 1803 capti
2325 1747 2542 1798 venatu,
2587 1736 2714 1788 dum
2765 1736 2815 1789 id
2860 1746 3075 1802 cavent,
3126 1752 3194 1791 ne
3225 1749 3418 1790 venatu

1852 1825 2180 1895 capiantur!
2231 1824 2434 1881 Verum
2470 1827 2709 1897 Spiritus
2741 1841 2970 1884 sanctus
3025 1831 3222 1899 lingua:
3251 1830 3422 1898 ignea:

161 1914 338 1982 τέρα,
387 1915 484 1968 καὶ
527 1916 618 1968 τὸν
656 1917 744 1968 ἀεὶ
790 1915 889 1986 μὲν
918 1919 1240 1988 ἀχωρίστως
1285 1919 1478 1988 ἐκείνῳ
1525 1918 1750 1971 συνόντα
1785 1909 1829 1967 Β

1785 1909 2054 1984 Bspeeie,
2101 1917 2300 1988 cuique
2344 1918 2742 1989 discipulorqu
2797 1923 3037 1987 insedit;
3099 1938 3224 1977 cum
3267 1923 3421 1992 prius

162 2004 316 2069 Υίδν,
366 2006 493 2076 ἄρτι
542 2006 598 2057 δὲ
623 2006 723 2076 τὴν
760 2009 822 2060 ὲκ
854 2009 962 2060 τῶν
1006 2011 1158 2063 κάτω
1198 2010 1334 2080 πρὸς
1366 2011 1530 2063 αὑτὸν
1571 2010 1755 2078 διηνυ-

163 2099 298 2150 κότα
329 2099 471 2160 ὁδὸν,
504 2100 610 2168 ὅπη
654 2099 848 2168 διάγει.
885 2101 958 2155 Τὸ
1013 2101 1122 2172 γὰρ
1168 2104 1240 2155 τὰ
1272 2103 1431 2170 ,ϐάθη
1466 2101 1572 2154 τοῦ
1606 2100 1751 2154 Θεοῦ

163 2190 395 2255 Πνεῦμα
424 2189 721 2258 ἐρευνῶν,
754 2194 931 2245 ἐκεῖνο
961 2193 1140 2247 πάντα
1168 2194 1518 2264 ἐπιδημῆσαν
1547 2194 1754 2245 ὑπανα-

169 2285 499 2351 μιμνήσκει,
531 2284 632 2336 ὅσα
661 2302 721 2336 τε
771 2284 964 2355 παρὼν
995 2288 1023 2337 ὁ
1061 2285 1391 2349 Διδάσκαλος
1427 2283 1750 2355 ὲμυσταγὼ-

162 2389 327 2439 γησε,
359 2375 456 2426 καὶ
487 2376 586 2427 ὅσα
611 2375 685 2445 μὴ
715 2376 982 2447 χωροῦσιν
1013 2377 1232 2444 αὐτοῖς,
1262 2378 1344 2440 είς
1367 2375 1465 2447 τὴν
1498 2375 1592 2430 νῦν
1618 2379 1745 2431 ἐτα-

165 2465 364 2536 μιεύθη
398 2467 770 2522 διδασκαλίαν.

1850 2008 2068 2075 quidem
2103 2011 2346 2079 olimque
2376 2012 2457 2065 eis
2495 2013 2733 2078 adesset,
2773 2028 2918 2067 nunc
2964 2028 3094 2068 vero
3144 2029 3257 2068 sua:
3285 2030 3421 2083 prm-

1849 2103 2037 2153 sentia:
2068 2101 2246 2169 majus
2275 2116 2338 2154 ac
2365 2104 2701 2170 peculiarius
2742 2108 3020 2172 specimen
3047 2105 3255 2170 ederet,
3305 2105 3420 2160 dis-

1848 2192 2213 2263 solveretque,
2235 2194 2280 2248 si
2310 2197 2438 2265 quid
2463 2197 2516 2250 in
2540 2198 2621 2252 eis
2649 2207 2882 2252 terrena:
2921 2199 3060 2253 labis
3104 2213 3168 2253 ac
3197 2213 3421 2253 concrc-

1851 2286 2017 2341 tionis
2071 2288 2396 2351 adhmreret,
2431 2298 2598 2360 atque
2648 2290 2715 2344 ad
2749 2291 2990 2345 divinam
3018 2292 3167 2359 ipsos
3208 2305 3416 2362 cogna-

1851 2377 2056 2430 tionem
2083 2387 2409 2432 assumeret.
2439 2378 2650 2434 Etenim
2673 2380 2872 2434 rationi
2906 2391 3330 2436 consentaneum
3356 2397 3422 2436 ac

1852 2480 1951 2532 par
1980 2478 2121 2532 erat,
2171 2475 2230 2521 ut
2262 2471 2354 2538 qui
2395 2468 2547 2524 missi
2598 2478 2785 2524 essent
2815 2473 2882 2524 ad
2912 2474 3176 2525 mundum
3208 2472 3420 2526 instau-

162 2563 418 2622 randum,
455 2561 653 2612 summi
701 2576 880 2615 rerum
920 2559 1146 2630 Opiﬁcis
1176 2559 1399 2615 deitatis
1438 2559 1735 2630 participes
1775 2557 1989 2612 tierent.
2029 2558 2184 2613 Haud
2211 2576 2344 2631 ergo
2385 2563 2530 2615 ultro
2553 2562 2837 2632 qumsituri
2885 2576 3050 2626 sunt,
3107 2574 3166 2619 ut
3222 2580 3419 2636 cogno-

161 2661 318 2707 scunt
351 2653 567 2706 Patrem
587 2655 653 2717 9",
687 2663 938 2723 utneque
981 2654 1124 2707 viam
1154 2668 1262 2723 qua
1298 2652 1553 2721 Magister
1595 2653 1663 2705 ab
1735 2652 1815 2706 eis
1853 2651 2131 2723 digressus
2167 2661 2273 2708 cst.
2301 2651 2419 2706 Jam
2448 2655 2592 2707 enim
2624 2664 2677 2708 et
2701 2653 2916 2709 Patrem
2943 2669 3335 2725 cognoverunt,
3367 2670 3422 2714 et

160 2751 205 2799 ei
244 2750 528 2802 individue
568 2765 784 2818 semper
814 2749 1167 2818 conjunctum
1202 2747 1399 2802 Filium
1435 2749 1586 2816 :jam
1615 2749 1743 2801 item
1785 2758 2056 2802 noverunt
2113 2750 2256 2802 viam
2291 2750 2602 2805 confecisse
2631 2761 2832 2807 eterra
2913 2752 2978 2806 ad
3029 2755 3233 2822 ipsum,
3312 2772 3423 2826 quo

160 2856 308 2895 nunc
350 2842 476 2895 loco
527 2844 662 2912 agit.
695 2842 828 2897 Nam
879 2845 1138 2914 Spiritus,
1166 2844 1256 2913 qui
1309 2845 1576 2914 profunda
1623 2843 1720 2897 Dei
1763 2853 2036 2896 scrutatur
2059 2844 2124 2909 ”,
2177 2860 2277 2898 suo
2315 2844 2406 2899 ille
2451 2847 2687 2900 adventu
2718 2847 2960 2916 suggerit
3027 2850 3236 2915 omnia,
3305 2858 3421 2904 tum

159 2950 281 3004 qua:
314 2933 577 3003 Magister
604 2951 848 3005 praesens
872 2937 1078 3004 docuit,
1126 2945 1240 2991 tum
1267 2953 1387 3006 quae
1405 2938 1470 2990 ad
1543 2934 1782 3006 Spiritus
1823 2951 2061 3005 praesens
2086 2937 2461 3006 magisterium
2485 2949 2762 2994 reservata
2784 2939 2973 3007 voluit,
2994 2955 3117 2995 cum
3186 2943 3420 2998 necdum

157 3030 234 3083 illi
268 3044 464 3082 eorum
505 3044 741 3098 capaces
762 3038 965 3083 essent.

227 3121 373 3174 Ἀλλ’
404 3123 454 3174 οἱ
492 3125 588 3192 μὲν
625 3123 906 3192 ἱερώτατοι
941 3123 1184 3194 μαθηταὶ
1214 3123 1470 3192 τοιαύτης
1505 3124 1745 3176 ἀπέλαυ-
1768 3123 1818 3189 C

1768 3123 1818 3189 ο
1917 3122 1988 3173 At
2025 3121 2386 3175 sacratissimi
2422 3121 2640 3189 quidem
2670 3122 2950 3193 discipuli,
2985 3125 3252 3192 ejusmodi
3297 3140 3419 3197 gra-

160 3232 260 3267 σαν
296 3217 358 3265 ὲν
383 3215 464 3284 τῷ
492 3213 621 3284 ἱερῷ
647 3215 890 3283 χάριτος.
924 3218 979 3268 ὲν
1007 3219 1073 3285 τῇ
1099 3217 1220 3287 ἱερᾷ
1246 3218 1345 3286 τῆς
1369 3216 1748 3284 Πεντηκοστῆς

156 3307 347 3376 ἡμέρα
366 3319 379 3333 °
409 3307 625 3367 πάντως
652 3306 710 3357 δὲ
737 3309 827 3358 καὶ
857 3305 974 3372 νῦν,
1006 3309 1055 3359 εί
1083 3307 1177 3360 καὶ
1209 3308 1284 3378 μὴ
1315 3305 1590 3376 τοιαύτης,
1611 3306 1749 3360 ἀλλά

156 3416 222 3466 γε
256 3399 420 3463 ἀξίας
463 3397 559 3450 τοῦ
608 3397 944 3467 Πνεύματος,
989 3399 1102 3452 ὅσοι
1129 3401 1294 3469 τιμᾷν
1323 3399 1620 3467 ἐγνώκασι.
1652 3400 1748 3451 Τι-

159 3490 312 3559 μῷεν
339 3490 383 3540 δ’
405 3488 471 3540 ἂν
498 3490 547 3540 oi
577 3487 711 3541 Θεὸν
757 3491 963 3553 εἰδότες
988 3491 1236 3560 ὁμοτίμῳ
1277 3491 1404 3563 δόξῃ
1442 3491 1537 3543 καὶ
1565 3491 1748 3560 κυριό-

155 3601 306 3651 τητι,
361 3583 537 3649 Πατρὶ
583 3582 1174 3652 συμπροσκυνούμενον
1222 3583 1319 3637 καὶ
1350 3583 1496 3653 Υίῷ,
1533 3584 1748 3637 πάντων

161 3675 446 3737 κοινωνὸν,
474 3674 610 3743 πλὴν
637 3669 718 3737 οἷς
745 3675 812 3726 τὰ
847 3675 1115 3744 πρόσωπα
1139 3674 1509 3728 διαστέλλεται
1528 3691 1542 3704 ο
1572 3676 1748 3727 πάντα

160 3767 309 3835 ἕχον,
341 3766 444 3818 ὃσα
471 3766 625 3818 θείαν
673 3766 835 3833 φύσιν
878 3767 1043 3832 εἰκὸς,
1073 3767 1436 3837 Δημιουργὸν,
1470 3768 1744 3831 ἀκτιστον,

163 3857 394 3925 συνέχον
423 3855 521 3924 τὴν
554 3856 753 3918 κτίσιν,
786 3857 1030 3923 ἁγιάζον,
1069 3858 1247 3910 πάντα
1278 3855 1521 3928 πληροῦν
1554 3858 1747 3926 ἀπερι-

161 3948 384 4017 λήπτως
405 3963 419 3977 ·
466 3947 559 3998 καὶ
613 3947 688 4017 μὴ
738 3949 899 4017 μόνον
924 3949 1054 4020 περὶ
1081 3950 1180 4020 τὴν
1207 3949 1369 4018 φύσιν
1399 3950 1460 4002 οὐ
1502 3965 1746 4003 καινοτο-

163 4040 418 4109 μοῦντες,
443 4039 578 4092 ἀλλά
605 4039 725 4109 μηδ’
747 4042 826 4102 είς
861 4041 1037 4095 αἰτίαν
1068 4041 1200 4094 αὐτὸ
1225 4042 1418 4111 διπλῆν
1451 4041 1748 4110 ἀναφέρον-

158 4148 274 4194 τες.
292 4132 588 4201 Ἑκάτερον
619 4132 728 4202 γὰρ
757 4133 920 4203 ἀπείη
948 4133 1173 4203 γνώμης
1201 4133 1388 4204 ὀρθῆς.
1412 4135 1485 4187 Τὸ
1519 4133 1616 4202 μὲν
1639 4133 1745 4202 γάρ

161 4223 315 4273 ἐστιν
347 4223 433 4284 είς
463 4222 669 4292 κτίσμα
701 4223 800 4291 τὴν
829 4223 1228 4294 δημιουργικὴν
1273 4225 1621 4292 καταγόντων
1653 4223 1742 4275 οὐ·

162 4314 322 4366 σίανι
371 4313 433 4364 τὸ
477 4314 556 4376 δὲ,
593 4313 930 4384 πολυαρχίαν
976 4315 1035 4368 ὲν
1083 4317 1148 4384 τῇ
1202 4318 1504 4386 μοναρχικῇ
1555 4315 1743 4385 Τριάδι

162 4407 632 4475 παρεισαγόντων.
680 4407 951 4477 Τιμητέον
997 4403 1090 4459 οὖν
1141 4406 1336 4470 θεῖκῶς
1385 4407 1446 4459 τὺ
1496 4407 1739 4477 Πνεῦμα.

1852 3216 1983 3267 tiam
2031 3213 2084 3264 in
2143 3227 2297 3265 sacra
2344 3213 2457 3267 aede
2511 3229 2576 3267 ac
2631 3216 2919 3268 omnaculo
2953 3219 3234 3272 consecuti
3271 3229 3418 3280 sunt,

1851 3320 2009 3359 sacro
2055 3304 2406 3360 Pentecostes
2445 3305 2569 3370 die;
2605 3307 2832 3361 omnino
2860 3323 2988 3362 vero
3029 3309 3191 3363 etiam
3251 3327 3418 3371 nunc,

1851 3399 1952 3450 etsi
1991 3412 2099 3449 non
2167 3405 2338 3459 tanta,
2382 3406 2755 3451 verumtamen
2811 3398 2979 3467 digno
3021 3399 3258 3469 Spiritus
3294 3418 3422 3455 san-

1851 3491 1923 3542 cti
1959 3505 2182 3543 munere
2217 3489 2514 3556 donantur,
2551 3499 2817 3560 quotquot
2855 3491 3117 3561 Spiritum
3167 3503 3418 3548 sanctum

1852 3582 2141 3636 honorant.
2206 3580 2490 3636 llonorare
2543 3593 2725 3637 autem
2798 3594 3095 3638 censentur
3153 3587 3256 3651 illi,
3323 3590 3418 3657 qui

1851 3673 2019 3728 Deum
2080 3691 2208 3728 esse
2253 3680 2605 3741 conlitentur,
2671 3678 2901 3746 aequalis
2959 3694 3082 3733 cum
3148 3681 3310 3736 Patre
3359 3691 3419 3734 et

1850 3765 1987 3820 Filio
2045 3769 2274 3837 gloriae,
2338 3771 2620 3837 potentia,
2687 3773 2872 3826 cultus
2919 3787 2983 3826 ac
3042 3774 3419 3842 adoratiouis;

1849 3859 2114 3929 quidquid
2155 3863 2439 3916 amborum
2480 3872 2586 3926 est,
2634 3879 2925 3920 commune
2959 3867 3272 3932 habentem,
3325 3885 3421 3923 ex-

1847 3953 2019 4019 ceptis
2051 3952 2118 4007 iis
2147 3967 2241 4021 per
2261 3968 2380 4021 qua:
2427 3969 2675 4022 persona:
2713 3955 3161 4026 distinguuntur;
3195 3959 3406 4020 omnia,

1851 4041 2097 4109 inquam,
2142 4042 2453 4110 habentem,
2493 4060 2614 4114 quae
2675 4061 2774 4114 par
2820 4055 2904 4101 est
2944 4046 3112 4101 Deum
3174 4049 3414 4104 habere:

1853 4143 1911 4186 nt
1945 4135 2019 4187 sit
2069 4134 2319 4198 Creator,
2385 4138 2454 4190 sit
2489 4139 2798 4202 increatns;
2849 4141 3150 4206 contineat,
3195 4157 3259 4194 ac
3287 4157 3418 4196 con-

1849 4236 2243 4292 servetcreata,
2279 4231 2726 4298 incomprehensa
2753 4233 2963 4287 ratione
2985 4233 3167 4287 omnia
3194 4234 3412 4303 replen-

1849 4328 1994 4374 tem:
2045 4321 2135 4389 qui
2185 4337 2292 4373 non
2332 4329 2543 4374 tantum
2606 4325 2751 4377 circa
2810 4332 3062 4378 naturam
3115 4325 3236 4393 ejus
3282 4327 3416 4380 nihil

1851 4412 2133 4477 inuovant,
2189 4414 2283 4468 sed
2340 4432 2516 4483 neque
2548 4417 2815 4486 originem
2859 4417 2978 4486 ejus
3010 4417 3077 4470 ad
3110 4417 3250 4475 duas
3291 4435 3418 4476 cau-

161 4499 298 4562 Θεὸς
327 4499 435 4566 γὰρ
455 4539 469 4563 ,
505 4499 602 4568 οὐχ
635 4491 745 4560 οἷος
777 4501 809 4569 ἡ
841 4500 967 4567 πρὶν
1001 4499 1342 4553 δια-πλάσασα
1377 4499 1550 4570 πλάνη
1595 4501 1746 4569 νομί·
1779 4488 1820 4542 Ι)

1779 4488 1820 4542 Ῑ)
1853 4521 1963 4569 sas,
2000 4521 2093 4560 seu
2131 4508 2399 4576 principia
2433 4507 2696 4561 referunt.
2749 4509 3058 4579 Utrumque
3098 4511 3244 4565 enim
3305 4513 3417 4566 abit

163 4595 280 4656 ζειν
308 4593 583 4662 ἡπάτησε,
618 4592 800 4662 μικρῷ
836 4594 930 4646 καὶ
962 4593 1181 4663 μεγάλῳ
1209 4593 1364 4664 μέρει
1393 4594 1451 4646 τὸ
1481 4594 1633 4647 Θεῐον
1665 4595 1745 4646 δι-

161 4687 434 4756 αιροῦσα’
483 4684 597 4738 ἀλλ’
626 4679 738 4738 οἷον
781 4687 814 4756 ή
857 4687 922 4738 δι’
966 4683 1034 4758 ἧς
1081 4687 1367 4758 ήνώθημεν
1397 4688 1515 4757 Θεῷ
1551 4689 1749 4756 γνῶσις

163 4778 394 4841 ἐδίδαξε,
424 4779 524 4847 τὴν
552 4778 828 4847 ἀγνωσίαν
854 4779 952 4849 τῆς
987 4779 1193 4850 πλάνης
1221 4780 1635 4850 ἀποκαθάρασα.
1655 4783 1744 4851 Μὴ

165 4872 326 4926 πάλιν
358 4871 453 4923 ἐπὶ
486 4871 553 4924 τὰ
593 4871 868 4942 κτίσματα
894 4872 1334 4943 καταϐαίνωμεν,
1362 4873 1496 4943 πρὸς
1531 4875 1620 4926 τὸν
1650 4873 1744 4925 ἕνα

164 4965 296 5018 Θεὸν
343 4964 755 5035 ἀνεληλυθότες.
801 4964 1107 5035 Κτίσμασίν
1155 4966 1302 5018 ἐστιν
1351 4965 1656 5036 λατρεύειν,
1686 4966 1747 5017 τὸ

163 5058 372 5126 κτίσμα
416 5057 656 5120 νομίζειν
691 5057 751 5111 τὸ
795 5057 1044 5126 Πνεῦμα,
1089 5057 1222 5128 μηδὲ
1268 5058 1364 5128 τὴν
1414 5057 1620 5126 ἄφατον
1651 5056 1744 5109 τοῦ

163 5148 412 5204 θεοποιοῦ
449 5150 769 5218 Πνεύματος
803 5150 1120 5220 εὐεργεσίαν
1159 5149 1467 5219 ὲλαττώσῃς
1505 5150 1746 5220 λυμηνά-

163 5261 327 5313 μενος
357 5242 558 5312 ἐαυτῷ.
584 5244 658 5294 Οὐ
689 5243 795 5310 γὰρ
820 5244 969 5294 ἔστιν
990 5245 1136 5305 ὅπως
1163 5242 1375 5310 φύσεως
1405 5244 1627 5310 κτιστῆς
1647 5242 1744 5311 τὴν

161 5333 471 5388 ἀνάπλασιν
503 5331 800 5400 ἁπολάϐῃς,
822 5333 927 5385 οὐδ’
950 5333 1143 5386 ἕνωσιν
1166 5333 1261 5404 τὴν
1288 5332 1422 5403 πρὸς
1452 5331 1603 5397 Θεὸν,
1630 5331 1743 5385 ἀλλ’

160 5431 192 5498 ἦ
229 5428 451 5496 ἐκείνῳ,
485 5428 615 5496 παρ’
643 5420 728 5484 οῦ.
758 5427 850 5478 καὶ
878 5427 977 5478 οὐκ
1007 5424 1082 5477 ὢν
1111 5427 1418 5496 δημιουργῇ
1438 5442 1451 5453 ⁶
1493 5427 1587 5478 καὶ
1630 5425 1743 5477 δια-

159 5522 416 5590 φθαρεὶς,
455 5518 583 5587 θείῳ
614 5518 803 5587 κράτει
830 5521 1136 5588 καινοποιῇ.
1157 5518 1294 5571 Ἀλλ’
1323 5513 1403 5581 οἷς
1438 5517 1534 5588 μὲν
1571 5517 1630 5570 εὖ
1663 5519 1742 5569 εί-

157 5617 274 5668 δόσι
319 5616 355 5683 ἡ
391 5612 481 5681 σὴ,
521 5611 868 5681 Παρακλητε.
896 5610 1124 5674 σώζεται
1152 5612 1306 5682 τιμὴ,
1332 5611 1427 5664 καὶ
1469 5611 1567 5677 τῆς
1594 5611 1743 5680 παρά

161 5709 256 5763 συῦ
285 5706 458 5778 τιμῆς
487 5704 717 5775 ὑπάρξει
749 5705 1053 5757 ἀντιλαϐεῖν
1072 5723 1083 5734 ·
1115 5707 1227 5758 ὅσοι
1257 5706 1300 5758 δ’
1329 5705 1582 5769 ἐναντίως
1609 5707 1742 5758 ὑπο-

229 5873 274 5896 νμ
317 5868 472 5920 ληίηι,
509 5885 618 5925 τιν,
645 5867 697 5926 4,
735 5867 784 5919 9.
861 5868 906 5896 θ’
943 5868 954 5917 l
988 5866 1111 5920 Cur.
1141 5884 1196 5928 tl,
1238 5868 1319 5917 HL

541 5965 810 6019 ΙἈΤιιυι..
854 5961 969 6017 Gtt.
1019 5962 1198 6020 CVII.

1849 4613 1878 4652 a
1915 4611 2060 4654 recta
2106 4602 2398 4655 sententia.
2464 4602 2711 4654 Alterum
2752 4610 2836 4656 est
2883 4617 3071 4657 eorum
3124 4604 3217 4674 qui
3267 4620 3419 4658 crea-

1851 4689 2041 4742 tricem
2110 4698 2360 4743 naturam
2408 4691 2460 4744 in
2492 4702 2801 4745 creatorum
2859 4693 3125 4761 dejiciuut
3176 4702 3412 4759 sortem;

1848 4781 2077 4834 alterum
2105 4796 2293 4834 eorum
2324 4781 2414 4852 qui
2470 4782 2637 4834 multa
2681 4784 2953 4852 principia
2985 4784 3040 4837 in
3069 4785 3232 4839 unius
3258 4785 3414 4855 prin-

1849 4875 1998 4944 cipii,
2033 4891 2095 4929 ac
2134 4876 2474 4945 principatus
2519 4874 2847 4929 Trinitatem
2888 4877 3180 4932 inducunt.
3220 4876 3430 4932 Divino‘

1848 4967 2013 5038 igitur
2061 4969 2266 5021 honore
2302 4968 2713 5038 prosequendus
2745 4976 2829 5022 est
2876 4969 3116 5038 Spiritus
3155 4980 3411 5025 sanctus:

1848 5060 2046 5129 quippe
2073 5076 2195 5112 cum
2225 5058 2366 5114 Deus
2410 5060 2502 5123 sit,
2553 5075 2662 5113 non
2705 5060 2925 5129 quidem
2959 5058 3149 5129 quales
3198 5062 3414 5131 priscus

1849 5169 2004 5205 error
2034 5153 2164 5206 deos
2214 5152 2390 5214 tinxit,
2439 5167 2501 5204 ac
2529 5151 2780 5223 ﬁngendo
2807 5153 2860 5206 in
2893 5167 3139 5207 errorem
3173 5153 3412 5215 induxit,

1847 5245 2040 5314 majori
2092 5259 2155 5297 ac
2215 5245 2410 5299 minori
2470 5255 2623 5313 parte
2669 5245 2923 5299 deitatem
2987 5244 3259 5310 dividens,
3321 5248 3415 5300 sed

1847 5337 2058 5406 qualem
2113 5335 2364 5399 scientia,
2409 5349 2516 5404 qua
2562 5334 2672 5390 Deo
2726 5334 2861 5388 uniti
2899 5350 3110 5398 sumus,
3169 5335 3414 5404 ﬁdesque

1847 5427 2052 5492 docuit,
2105 5430 2253 5481 ontui
2289 5429 2495 5481 erroris
2549 5426 2858 5496 ignorantia
2892 5435 3214 5497 perpurgata
3245 5436 3412 5495 atque

1846 5521 2080 5575 sublata.
2111 5520 2218 5574 Nec
2239 5535 2449 5573 rursum
2476 5520 2542 5574 ad
2564 5528 2746 5574 creata
2763 5519 3278 5588 descendamus,qui
3298 5518 3412 5587 jam

1849 5613 1912 5663 all
1943 5610 2108 5665 Deum
2139 5613 2343 5665 unitate
2365 5621 2708 5666 constantem
2737 5611 3109 5666 ascendimus.
3134 5608 3237 5675 Qui
3270 5611 3414 5663 enim

1853 5704 2116 5774 Spiritum
2169 5714 2420 5760 sanctum
2465 5714 2774 5760 creaturam
2823 5719 2946 5760 esse
2988 5704 3286 5768 existimat,
3323 5700 3412 5754 ille

3019 5958 3053 6017 5
