  <div class='ocr_page' id='page_1' title='image "/cluster/home/n/w/nwhite01/storage/ocr_20150623/107/nnc1.0046980040/127.png"; bbox 0 0 4232 6444; ppageno 0'>
   <div class='ocr_carea' id='block_1_1' title="bbox 778 411 4014 520">
    <p class='ocr_par' dir='ltr' id='par_1_1' title="bbox 778 411 4014 520">
     <span class='ocr_line' id='line_1_1' title="bbox 778 411 4014 520; baseline -0.008 -18"><span class='ocrx_word' id='word_1_1' title='bbox 778 455 868 520; x_wconf 74' lang='lat'><strong>1.31</strong></span> <span class='ocrx_word' id='word_1_2' title='bbox 2011 436 2284 496; x_wconf 67' lang='lat' dir='ltr'><strong>LEONIS</strong></span> <span class='ocrx_word' id='word_1_3' title='bbox 2321 424 2781 495; x_wconf 81' lang='lat' dir='ltr'><strong>PIIILOSOPHI</strong></span> <span class='ocrx_word' id='word_1_4' title='bbox 3911 411 4014 477; x_wconf 71' lang='lat'><strong>132</strong></span> 
     </span>
    </p>
   </div>
   <div class='ocr_carea' id='block_1_2' title="bbox 773 523 2444 624">
    <p class='ocr_par' dir='ltr' id='par_1_2' title="bbox 773 542 2422 624">
     <span class='ocr_line' id='line_1_2' title="bbox 773 542 2422 624; baseline -0.018 -1"><span class='ocrx_word' id='word_1_5' title='bbox 773 563 1046 624; x_wconf 79' lang='lat' dir='ltr'><strong>creaturis</strong></span> <span class='ocrx_word' id='word_1_6' title='bbox 1081 559 1295 613; x_wconf 88' lang='lat' dir='ltr'><strong>divinos</strong></span> <span class='ocrx_word' id='word_1_7' title='bbox 1340 553 1578 607; x_wconf 85' lang='lat' dir='ltr'><strong>honores</strong></span> <span class='ocrx_word' id='word_1_8' title='bbox 1630 546 1915 618; x_wconf 91' lang='lat' dir='ltr'><strong>impendit.</strong></span> <span class='ocrx_word' id='word_1_9' title='bbox 1961 543 2040 598; x_wconf 87' lang='lat' dir='ltr'><strong>Nc</strong></span> <span class='ocrx_word' id='word_1_10' title='bbox 2076 542 2351 598; x_wconf 79' lang='lat' dir='ltr'><strong>ineﬂ‘abile</strong></span> <span class='ocrx_word' id='word_1_11' title='bbox 2376 562 2422 620; x_wconf 76' lang='grc' dir='ltr'><strong>Λ</strong></span> 
     </span>
    </p>
   </div>
   <div class='ocr_carea' id='block_1_3' title="bbox 2357 523 4028 624">
    <p class='ocr_par' dir='ltr' id='par_1_3' title="bbox 2376 523 4028 620">
     <span class='ocr_line' id='line_1_3' title="bbox 2376 523 4028 620; baseline -0.013 -28"><span class='ocrx_word' id='word_1_12' title='bbox 2376 562 2422 620; x_wconf 76' lang='grc' dir='ltr'><strong>Λ</strong></span> <span class='ocrx_word' id='word_1_13' title='bbox 2449 537 2836 608; x_wconf 76' lang='grc' dir='ltr'>λαμϐάνοντες,</span> <span class='ocrx_word' id='word_1_14' title='bbox 2889 533 2946 585; x_wconf 85' lang='grc' dir='ltr'>ὲν</span> <span class='ocrx_word' id='word_1_15' title='bbox 2992 529 3071 599; x_wconf 83' lang='grc' dir='ltr'><strong>τῷ</strong></span> <span class='ocrx_word' id='word_1_16' title='bbox 3117 526 3412 597; x_wconf 79' lang='grc' dir='ltr'>πειρᾶσθαι</span> <span class='ocrx_word' id='word_1_17' title='bbox 3469 523 3629 596; x_wconf 76' lang='grc' dir='ltr'>δόξης</span> <span class='ocrx_word' id='word_1_18' title='bbox 3677 524 4028 592; x_wconf 73' lang='grc' dir='ltr'><strong>ἀποστερεῖν,</strong></span> 
     </span>
    </p>
   </div>
   <div class='ocr_carea' id='block_1_4' title="bbox 778 611 2449 725">
    <p class='ocr_par' dir='ltr' id='par_1_4' title="bbox 778 611 2422 725">
     <span class='ocr_line' id='line_1_4' title="bbox 778 611 2422 725; baseline -0.017 -10"><span class='ocrx_word' id='word_1_19' title='bbox 778 661 958 716; x_wconf 83' lang='lat' dir='ltr'><strong>deilici</strong></span> <span class='ocrx_word' id='word_1_20' title='bbox 1010 653 1246 725; x_wconf 77' lang='lat' dir='ltr'><strong>Spiritus</strong></span> <span class='ocrx_word' id='word_1_21' title='bbox 1301 645 1647 705; x_wconf 83' lang='lat' dir='ltr'><strong>beneficium,</strong></span> <span class='ocrx_word' id='word_1_22' title='bbox 1701 652 2010 707; x_wconf 83' lang='lat' dir='ltr'><strong>munusque</strong></span> <span class='ocrx_word' id='word_1_23' title='bbox 2057 645 2343 698; x_wconf 80' lang='lat' dir='ltr'><strong>extenues,</strong></span> <span class='ocrx_word' id='word_1_24' title='bbox 2401 611 2422 620; x_wconf 56' lang='grc'><em>”</em></span> 
     </span>
    </p>
   </div>
   <div class='ocr_carea' id='block_1_5' title="bbox 2361 611 4032 725">
    <p class='ocr_par' dir='ltr' id='par_1_5' title="bbox 2376 611 4032 694">
     <span class='ocr_line' id='line_1_5' title="bbox 2376 611 4032 694; baseline -0.013 -9"><span class='ocrx_word' id='word_1_25' title='bbox 2376 611 2422 620; x_wconf 52' lang='grc' dir='ltr'><strong><em>η</em></strong></span> <span class='ocrx_word' id='word_1_26' title='bbox 2451 631 2672 692; x_wconf 68' lang='grc' dir='ltr'>ἑαυτοὺς</span> <span class='ocrx_word' id='word_1_27' title='bbox 2708 624 3067 694; x_wconf 79' lang='grc' dir='ltr'><strong>ἀφαιροῦνται</strong></span> <span class='ocrx_word' id='word_1_28' title='bbox 3095 619 3196 690; x_wconf 82' lang='grc' dir='ltr'><strong>τὴν</strong></span> <span class='ocrx_word' id='word_1_29' title='bbox 3225 621 3390 689; x_wconf 80' lang='grc' dir='ltr'><strong>ζωήν.</strong></span> <span class='ocrx_word' id='word_1_30' title='bbox 3409 615 3566 670; x_wconf 80' lang='grc' dir='ltr'><strong>Ἀλλὰ</strong></span> <span class='ocrx_word' id='word_1_31' title='bbox 3588 616 3652 669; x_wconf 85' lang='grc' dir='ltr'>σύ</span> <span class='ocrx_word' id='word_1_32' title='bbox 3683 633 3747 684; x_wconf 81' lang='grc' dir='ltr'><strong>γε</strong></span> <span class='ocrx_word' id='word_1_33' title='bbox 3778 615 3875 668; x_wconf 74' lang='grc' dir='ltr'><strong>καὶ</strong></span> <span class='ocrx_word' id='word_1_34' title='bbox 3902 611 4032 665; x_wconf 82' lang='grc' dir='ltr'><strong>τού-</strong></span> 
     </span>
    </p>
   </div>
   <div class='ocr_carea' id='block_1_6' title="bbox 781 705 2452 810">
    <p class='ocr_par' dir='ltr' id='par_1_6' title="bbox 781 705 2346 810">
     <span class='ocr_line' id='line_1_6' title="bbox 781 705 1935 725; baseline -0.032 -10"><span class='ocrx_word' id='word_1_35' title='bbox 781 705 958 716; x_wconf 79' lang='lat'><strong>...,...-_</strong></span> <span class='ocrx_word' id='word_1_36' title='bbox 1012 705 1097 725; x_wconf 41' lang='grc' dir='ltr'>ηρ</span> <span class='ocrx_word' id='word_1_37' title='bbox 1923 705 1935 707; x_wconf 81' lang='lat'>_</span> 
     </span>
     <span class='ocr_line' id='line_1_7' title="bbox 781 728 2346 810; baseline -0.02 0"><span class='ocrx_word' id='word_1_38' title='bbox 781 769 891 810; x_wconf 89' lang='lat' dir='ltr'><strong>non</strong></span> <span class='ocrx_word' id='word_1_39' title='bbox 944 751 1063 807; x_wconf 91' lang='lat' dir='ltr'><strong>sine</strong></span> <span class='ocrx_word' id='word_1_40' title='bbox 1104 755 1198 798; x_wconf 92' lang='lat' dir='ltr'><strong>tuo</strong></span> <span class='ocrx_word' id='word_1_41' title='bbox 1243 742 1602 801; x_wconf 87' lang='lat' dir='ltr'><strong>detrimento;</strong></span> <span class='ocrx_word' id='word_1_42' title='bbox 1655 749 1832 804; x_wconf 89' lang='lat' dir='ltr'><strong>neque</strong></span> <span class='ocrx_word' id='word_1_43' title='bbox 1896 731 2041 786; x_wconf 89' lang='lat' dir='ltr'><strong>enim</strong></span> <span class='ocrx_word' id='word_1_44' title='bbox 2095 728 2212 782; x_wconf 87' lang='lat' dir='ltr'><strong>lieri</strong></span> <span class='ocrx_word' id='word_1_45' title='bbox 2252 743 2346 796; x_wconf 89' lang='lat' dir='ltr'><strong>po-</strong></span> 
     </span>
    </p>
   </div>
   <div class='ocr_carea' id='block_1_7' title="bbox 2362 705 4033 810">
    <p class='ocr_par' dir='ltr' id='par_1_7' title="bbox 2452 705 4033 791">
     <span class='ocr_line' id='line_1_8' title="bbox 2452 705 4033 791; baseline -0.011 -15"><span class='ocrx_word' id='word_1_46' title='bbox 2452 738 2598 785; x_wconf 80' lang='grc' dir='ltr'>τους,</span> <span class='ocrx_word' id='word_1_47' title='bbox 2637 716 2979 791; x_wconf 82' lang='grc' dir='ltr'>μακρόθυμε,</span> <span class='ocrx_word' id='word_1_48' title='bbox 3010 713 3157 782; x_wconf 79' lang='grc' dir='ltr'>δοίης</span> <span class='ocrx_word' id='word_1_49' title='bbox 3183 713 3283 780; x_wconf 82' lang='grc' dir='ltr'><strong>τῆς</strong></span> <span class='ocrx_word' id='word_1_50' title='bbox 3333 709 3513 778; x_wconf 76' lang='grc' dir='ltr'><strong>λώὂης</strong></span> <span class='ocrx_word' id='word_1_51' title='bbox 3555 709 3903 776; x_wconf 74' lang='grc' dir='ltr'><strong>ἀνενεγκεῖν·</strong></span> <span class='ocrx_word' id='word_1_52' title='bbox 3942 705 4033 758; x_wconf 78' lang='grc' dir='ltr'>ἵνα</span> 
     </span>
    </p>
   </div>
   <div class='ocr_carea' id='block_1_8' title="bbox 780 793 2451 902">
    <p class='ocr_par' dir='ltr' id='par_1_8' title="bbox 780 819 2346 902">
     <span class='ocr_line' id='line_1_9' title="bbox 780 819 2346 902; baseline -0.019 -2"><span class='ocrx_word' id='word_1_53' title='bbox 780 855 891 902; x_wconf 91' lang='lat' dir='ltr'><strong>test</strong></span> <span class='ocrx_word' id='word_1_54' title='bbox 939 852 999 896; x_wconf 91' lang='lat' dir='ltr'><strong>ut</strong></span> <span class='ocrx_word' id='word_1_55' title='bbox 1045 855 1076 893; x_wconf 91' lang='lat' dir='ltr'><strong>a</strong></span> <span class='ocrx_word' id='word_1_56' title='bbox 1123 844 1307 892; x_wconf 87' lang='lat' dir='ltr'><strong>creata</strong></span> <span class='ocrx_word' id='word_1_57' title='bbox 1362 845 1556 886; x_wconf 88' lang='lat' dir='ltr'><strong>natura</strong></span> <span class='ocrx_word' id='word_1_58' title='bbox 1614 826 2021 886; x_wconf 81' lang='lat' dir='ltr'><strong>renovationcm</strong></span> <span class='ocrx_word' id='word_1_59' title='bbox 2080 819 2346 888; x_wconf 90' lang='lat' dir='ltr'><strong>accipias,</strong></span> 
     </span>
    </p>
   </div>
   <div class='ocr_carea' id='block_1_9' title="bbox 2365 793 4036 902">
    <p class='ocr_par' dir='ltr' id='par_1_9' title="bbox 2453 793 4036 882">
     <span class='ocr_line' id='line_1_10' title="bbox 2453 793 4036 882; baseline -0.011 -15"><span class='ocrx_word' id='word_1_60' title='bbox 2453 817 2653 874; x_wconf 81' lang='grc' dir='ltr'><strong>πάντες</strong></span> <span class='ocrx_word' id='word_1_61' title='bbox 2682 809 2814 882; x_wconf 75' lang='grc' dir='ltr'><strong>ὀρθῇ</strong></span> <span class='ocrx_word' id='word_1_62' title='bbox 2854 810 3087 869; x_wconf 83' lang='grc' dir='ltr'><strong>πίστεως</strong></span> <span class='ocrx_word' id='word_1_63' title='bbox 3117 803 3426 872; x_wconf 74' lang='grc' dir='ltr'><strong>συμφωνίᾳ,</strong></span> <span class='ocrx_word' id='word_1_64' title='bbox 3456 800 3549 863; x_wconf 82' lang='grc' dir='ltr'>οὓς</span> <span class='ocrx_word' id='word_1_65' title='bbox 3579 801 3666 868; x_wconf 77' lang='grc' dir='ltr'><strong>ἐφ’</strong></span> <span class='ocrx_word' id='word_1_66' title='bbox 3704 793 3750 866; x_wconf 84' lang='grc' dir='ltr'>ᾧ</span> <span class='ocrx_word' id='word_1_67' title='bbox 3777 799 4036 869; x_wconf 75' lang='grc' dir='ltr'><strong>οὐρανοῖς</strong></span> 
     </span>
    </p>
   </div>
   <div class='ocr_carea' id='block_1_10' title="bbox 784 891 2455 1004">
    <p class='ocr_par' dir='ltr' id='par_1_10' title="bbox 784 913 2347 1004">
     <span class='ocr_line' id='line_1_11' title="bbox 784 913 2347 1004; baseline -0.019 -8"><span class='ocrx_word' id='word_1_68' title='bbox 784 948 878 996; x_wconf 89' lang='lat' dir='ltr'><strong>aut</strong></span> <span class='ocrx_word' id='word_1_69' title='bbox 939 951 1003 990; x_wconf 87' lang='lat' dir='ltr'><strong>ea</strong></span> <span class='ocrx_word' id='word_1_70' title='bbox 1069 936 1364 1004; x_wconf 69' lang='lat' dir='ltr'><strong>przestantc</strong></span> <span class='ocrx_word' id='word_1_71' title='bbox 1412 924 1523 977; x_wconf 89' lang='lat' dir='ltr'><strong>Deo</strong></span> <span class='ocrx_word' id='word_1_72' title='bbox 1581 919 1938 991; x_wconf 82' lang='lat' dir='ltr'><strong>conjungaris</strong></span> <span class='ocrx_word' id='word_1_73' title='bbox 2002 916 2086 970; x_wconf 96' lang='lat' dir='ltr'><strong>vel</strong></span> <span class='ocrx_word' id='word_1_74' title='bbox 2135 914 2238 968; x_wconf 85' lang='lat' dir='ltr'><strong>nisi</strong></span> <span class='ocrx_word' id='word_1_75' title='bbox 2297 913 2347 966; x_wconf 91' lang='lat' dir='ltr'><strong>is</strong></span> 
     </span>
    </p>
   </div>
   <div class='ocr_carea' id='block_1_11' title="bbox 2365 891 4036 1004">
    <p class='ocr_par' dir='ltr' id='par_1_11' title="bbox 2455 891 4036 1004">
     <span class='ocr_line' id='line_1_12' title="bbox 2455 891 4036 970; baseline -0.011 -10"><span class='ocrx_word' id='word_1_76' title='bbox 2455 903 2678 970; x_wconf 53' lang='grc' dir='ltr'>συνάψει</span> <span class='ocrx_word' id='word_1_77' title='bbox 2706 905 2734 955; x_wconf 85' lang='grc' dir='ltr'>ὁ</span> <span class='ocrx_word' id='word_1_78' title='bbox 2762 901 2952 968; x_wconf 76' lang='grc' dir='ltr'>Λόγος,</span> <span class='ocrx_word' id='word_1_79' title='bbox 2991 897 3056 952; x_wconf 83' lang='grc' dir='ltr'>σύ</span> <span class='ocrx_word' id='word_1_80' title='bbox 3099 913 3158 948; x_wconf 83' lang='grc' dir='ltr'>τε</span> <span class='ocrx_word' id='word_1_81' title='bbox 3192 893 3532 955; x_wconf 77' lang='grc' dir='ltr'>ἁναπτὰντος</span> <span class='ocrx_word' id='word_1_82' title='bbox 3565 891 3802 957; x_wconf 77' lang='grc' dir='ltr'><strong>ἐκείνου,</strong></span> <span class='ocrx_word' id='word_1_83' title='bbox 3831 891 4036 961; x_wconf 68' lang='grc' dir='ltr'><strong>ἐπεδή-</strong></span> 
     </span>
     <span class='ocr_line' id='line_1_13' title="bbox 2714 980 4036 1004; baseline 0 0"><span class='ocrx_word' id='word_1_84' title='bbox 2714 991 2735 1004; x_wconf 78' lang='lat' dir='ltr'><strong><em>u</em></strong></span> <span class='ocrx_word' id='word_1_85' title='bbox 2908 989 2927 1004; x_wconf 61' lang='lat'><strong>,1</strong></span> <span class='ocrx_word' id='word_1_86' title='bbox 3028 1003 3051 1004; x_wconf 45' lang='grc' dir='ltr'>η</span> <span class='ocrx_word' id='word_1_87' title='bbox 3072 987 3097 1004; x_wconf 66' lang='lat'><strong>!,</strong></span> <span class='ocrx_word' id='word_1_88' title='bbox 3131 1001 3168 1004; x_wconf 38' lang='grc' dir='ltr'><strong>μ-</strong></span> <span class='ocrx_word' id='word_1_89' title='bbox 3245 985 3329 1004; x_wconf 37' lang='grc' dir='ltr'><strong>,μμὶ</strong></span> <span class='ocrx_word' id='word_1_90' title='bbox 3368 983 3564 1004; x_wconf 51' lang='lat'><strong>__&#39;_.._--</strong></span> <span class='ocrx_word' id='word_1_91' title='bbox 3594 982 3700 1004; x_wconf 47' lang='lat'><strong>-3...</strong></span> <span class='ocrx_word' id='word_1_92' title='bbox 3734 981 3840 1004; x_wconf 48' lang='lat'><strong>-1’.-.</strong></span> <span class='ocrx_word' id='word_1_93' title='bbox 3873 980 4036 1004; x_wconf 64' lang='lat' dir='ltr'><strong>n-.&#39;_.-.</strong></span> 
     </span>
    </p>
   </div>
   <div class='ocr_carea' id='block_1_12' title="bbox 783 980 2454 1103">
    <p class='ocr_par' dir='ltr' id='par_1_12' title="bbox 783 980 2347 1103">
     <span class='ocr_line' id='line_1_14' title="bbox 784 980 1819 1004; baseline -0.028 -8"><span class='ocrx_word' id='word_1_94' title='bbox 784 980 878 996; x_wconf 70' lang='grc' dir='ltr'>αι..</span> <span class='ocrx_word' id='word_1_95' title='bbox 941 980 1003 990; x_wconf 72' lang='grc' dir='ltr'><strong>ν..</strong></span> <span class='ocrx_word' id='word_1_96' title='bbox 1071 980 1248 1004; x_wconf 25' lang='lat' dir='ltr'><strong>re-&quot;</strong></span> <span class='ocrx_word' id='word_1_97' title='bbox 1276 980 1305 982; x_wconf 56' lang='grc' dir='ltr'>η</span> <span class='ocrx_word' id='word_1_98' title='bbox 1685 980 1703 991; x_wconf 52' lang='grc'><strong>,</strong></span> <span class='ocrx_word' id='word_1_99' title='bbox 1791 980 1819 989; x_wconf 76' lang='lat'>_</span> 
     </span>
     <span class='ocr_line' id='line_1_15' title="bbox 783 1007 2347 1103; baseline -0.019 -21"><span class='ocrx_word' id='word_1_100' title='bbox 783 1037 1026 1103; x_wconf 80' lang='lat' dir='ltr'><strong>praestet,</strong></span> <span class='ocrx_word' id='word_1_101' title='bbox 1053 1026 1144 1096; x_wconf 89' lang='lat' dir='ltr'><strong>qui</strong></span> <span class='ocrx_word' id='word_1_102' title='bbox 1180 1033 1255 1087; x_wconf 77' lang='lat' dir='ltr'><strong>te,</strong></span> <span class='ocrx_word' id='word_1_103' title='bbox 1285 1033 1408 1071; x_wconf 83' lang='lat' dir='ltr'><strong>cum</strong></span> <span class='ocrx_word' id='word_1_104' title='bbox 1443 1029 1549 1069; x_wconf 89' lang='lat' dir='ltr'><strong>non</strong></span> <span class='ocrx_word' id='word_1_105' title='bbox 1586 1026 1758 1076; x_wconf 85' lang='lat' dir='ltr'><strong>esses,</strong></span> <span class='ocrx_word' id='word_1_106' title='bbox 1787 1007 2068 1069; x_wconf 91' lang='lat' dir='ltr'><strong>condidit;</strong></span> <span class='ocrx_word' id='word_1_107' title='bbox 2123 1018 2186 1056; x_wconf 90' lang='lat' dir='ltr'><strong>ac</strong></span> <span class='ocrx_word' id='word_1_108' title='bbox 2223 1016 2347 1054; x_wconf 91' lang='lat' dir='ltr'><strong>cum</strong></span> 
     </span>
    </p>
   </div>
   <div class='ocr_carea' id='block_1_13' title="bbox 2365 980 4036 1103">
    <p class='ocr_par' dir='ltr' id='par_1_13' title="bbox 2456 980 4036 1103">
     <span class='ocr_line' id='line_1_16' title="bbox 2456 980 4036 1064; baseline -0.006 -20"><span class='ocrx_word' id='word_1_109' title='bbox 2456 1008 2655 1064; x_wconf 82' lang='grc' dir='ltr'>μησας,</span> <span class='ocrx_word' id='word_1_110' title='bbox 2684 991 2874 1059; x_wconf 77' lang='grc' dir='ltr'>εἴημεν</span> <span class='ocrx_word' id='word_1_111' title='bbox 2905 987 3173 1056; x_wconf 77' lang='grc' dir='ltr'>ἠνωμένοι</span> <span class='ocrx_word' id='word_1_112' title='bbox 3196 1023 3210 1049; x_wconf 86' lang='grc'><strong>,</strong></span> <span class='ocrx_word' id='word_1_113' title='bbox 3243 985 3334 1036; x_wconf 70' lang='grc' dir='ltr'><strong>καὶ</strong></span> <span class='ocrx_word' id='word_1_114' title='bbox 3364 983 3564 1044; x_wconf 80' lang='grc' dir='ltr'>πάντες</span> <span class='ocrx_word' id='word_1_115' title='bbox 3591 982 3701 1034; x_wconf 84' lang='grc' dir='ltr'><strong>τῶν</strong></span> <span class='ocrx_word' id='word_1_116' title='bbox 3729 981 3841 1034; x_wconf 85' lang='grc' dir='ltr'>σῶν</span> <span class='ocrx_word' id='word_1_117' title='bbox 3872 980 4036 1034; x_wconf 80' lang='grc' dir='ltr'>θείων</span> 
     </span>
     <span class='ocr_line' id='line_1_17' title="bbox 2533 1074 4008 1103; baseline 0 0"><span class='ocrx_word' id='word_1_118' title='bbox 2533 1084 2610 1103; x_wconf 32' lang='grc' dir='ltr'><strong>κη·</strong></span> <span class='ocrx_word' id='word_1_119' title='bbox 2641 1082 2690 1103; x_wconf 83' lang='grc'><strong>-.1</strong></span> <span class='ocrx_word' id='word_1_120' title='bbox 2713 1081 2890 1103; x_wconf 67' lang='lat' dir='ltr'><strong>.v,,__n..</strong></span> <span class='ocrx_word' id='word_1_121' title='bbox 2925 1078 3139 1103; x_wconf 63' lang='lat'><strong>:-.--.&quot;...</strong></span> <span class='ocrx_word' id='word_1_122' title='bbox 3207 1080 3268 1103; x_wconf 64' lang='grc' dir='ltr'><strong>-.ἲ</strong></span> <span class='ocrx_word' id='word_1_123' title='bbox 3308 1078 3402 1103; x_wconf 72' lang='grc'>...2</span> <span class='ocrx_word' id='word_1_124' title='bbox 3447 1075 3688 1103; x_wconf 59' lang='grc' dir='ltr'><strong>Ω--.Ὶ-ξ..</strong></span> <span class='ocrx_word' id='word_1_125' title='bbox 3721 1076 3810 1103; x_wconf 62' lang='grc'><strong>..-⁸.</strong></span> <span class='ocrx_word' id='word_1_126' title='bbox 3847 1074 4008 1103; x_wconf 63' lang='grc' dir='ltr'>ιιι-λιι</span> 
     </span>
    </p>
   </div>
   <div class='ocr_carea' id='block_1_14' title="bbox 781 1074 2452 1186">
    <p class='ocr_par' dir='ltr' id='par_1_14' title="bbox 781 1074 2351 1186">
     <span class='ocr_line' id='line_1_18' title="bbox 807 1074 1753 1095; baseline -0.022 2"><span class='ocrx_word' id='word_1_127' title='bbox 807 1074 1026 1095; x_wconf 56' lang='lat' dir='ltr'><strong>&quot;mm,</strong></span> <span class='ocrx_word' id='word_1_128' title='bbox 1187 1074 1196 1076; x_wconf 91' lang='grc'><strong><em>-</em></strong></span> <span class='ocrx_word' id='word_1_129' title='bbox 1242 1074 1254 1087; x_wconf 82' lang='grc'><em>.</em></span> <span class='ocrx_word' id='word_1_130' title='bbox 1748 1074 1753 1076; x_wconf 63' lang='grc'>.</span> 
     </span>
     <span class='ocr_line' id='line_1_19' title="bbox 781 1074 2351 1186; baseline -0.023 -5"><span class='ocrx_word' id='word_1_131' title='bbox 781 1074 938 1181; x_wconf 61' lang='lat' dir='ltr'><strong>esses</strong></span> <span class='ocrx_word' id='word_1_132' title='bbox 989 1074 1301 1186; x_wconf 52' lang='lat' dir='ltr'><strong>corruptus,</strong></span> <span class='ocrx_word' id='word_1_133' title='bbox 1349 1107 1594 1181; x_wconf 89' lang='lat' dir='ltr'><strong>potentia</strong></span> <span class='ocrx_word' id='word_1_134' title='bbox 1648 1107 1810 1174; x_wconf 81' lang='lat' dir='ltr'><strong>digna</strong></span> <span class='ocrx_word' id='word_1_135' title='bbox 1861 1097 2206 1154; x_wconf 78' lang='lat' dir='ltr'><strong>instauravit.</strong></span> <span class='ocrx_word' id='word_1_136' title='bbox 2235 1093 2351 1146; x_wconf 66' lang='lat' dir='ltr'><strong>Cae-</strong></span> 
     </span>
    </p>
   </div>
   <div class='ocr_carea' id='block_1_15' title="bbox 2368 1074 4039 1186">
    <p class='ocr_par' dir='ltr' id='par_1_15' title="bbox 2458 1074 4039 1157">
     <span class='ocr_line' id='line_1_20' title="bbox 2458 1074 4039 1157; baseline -0.008 -20"><span class='ocrx_word' id='word_1_137' title='bbox 2458 1081 2895 1157; x_wconf 64' lang='grc' dir='ltr'><strong>μεταληψώμεθα</strong></span> <span class='ocrx_word' id='word_1_138' title='bbox 2921 1078 3172 1148; x_wconf 85' lang='grc' dir='ltr'>δωρεῶν,</span> <span class='ocrx_word' id='word_1_139' title='bbox 3206 1080 3271 1147; x_wconf 84' lang='grc' dir='ltr'><strong>τῇ</strong></span> <span class='ocrx_word' id='word_1_140' title='bbox 3307 1078 3405 1147; x_wconf 78' lang='grc' dir='ltr'>μιᾷ</span> <span class='ocrx_word' id='word_1_141' title='bbox 3447 1075 3693 1146; x_wconf 71' lang='grc' dir='ltr'>βασιλείᾳ.</span> <span class='ocrx_word' id='word_1_142' title='bbox 3721 1076 3816 1128; x_wconf 81' lang='grc' dir='ltr'><strong>καὶ</strong></span> <span class='ocrx_word' id='word_1_143' title='bbox 3847 1074 4039 1143; x_wconf 79' lang='grc' dir='ltr'>κυριό-</span> 
     </span>
    </p>
   </div>
   <div class='ocr_carea' id='block_1_16' title="bbox 783 1164 2454 1278">
    <p class='ocr_par' dir='ltr' id='par_1_16' title="bbox 783 1164 2454 1278">
     <span class='ocr_line' id='line_1_21' title="bbox 783 1164 1735 1186; baseline -0.022 8"><span class='ocrx_word' id='word_1_144' title='bbox 783 1164 938 1181; x_wconf 67' lang='grc' dir='ltr'>νυυνν</span> <span class='ocrx_word' id='word_1_145' title='bbox 991 1164 1301 1186; x_wconf 55' lang='lat' dir='ltr'><strong>&quot;&quot;&quot;&quot;r&#39;*—r</strong></span> <span class='ocrx_word' id='word_1_146' title='bbox 1350 1164 1405 1181; x_wconf 48' lang='grc' dir='ltr'>ιε</span> <span class='ocrx_word' id='word_1_147' title='bbox 1708 1164 1735 1174; x_wconf 68' lang='grc' dir='ltr'>ν</span> 
     </span>
     <span class='ocr_line' id='line_1_22' title="bbox 783 1189 2454 1278; baseline -0.022 -10"><span class='ocrx_word' id='word_1_148' title='bbox 783 1227 986 1276; x_wconf 86' lang='lat' dir='ltr'><strong>terum,</strong></span> <span class='ocrx_word' id='word_1_149' title='bbox 1029 1208 1124 1278; x_wconf 88' lang='lat' dir='ltr'><strong>qui</strong></span> <span class='ocrx_word' id='word_1_150' title='bbox 1186 1214 1363 1266; x_wconf 88' lang='lat' dir='ltr'><strong>tuum,</strong></span> <span class='ocrx_word' id='word_1_151' title='bbox 1417 1199 1718 1261; x_wconf 88' lang='lat' dir='ltr'><strong>Paraclctc,</strong></span> <span class='ocrx_word' id='word_1_152' title='bbox 1763 1194 2028 1248; x_wconf 83' lang='lat' dir='ltr'><strong>honorem</strong></span> <span class='ocrx_word' id='word_1_153' title='bbox 2080 1189 2352 1255; x_wconf 81' lang='lat' dir='ltr'><strong>integrum</strong></span> <span class='ocrx_word' id='word_1_154' title='bbox 2453 1201 2454 1209; x_wconf 55' lang='grc' dir='ltr'><strong>η</strong></span> 
     </span>
    </p>
   </div>
   <div class='ocr_carea' id='block_1_17' title="bbox 2368 1164 4039 1278">
    <p class='ocr_par' dir='ltr' id='par_1_17' title="bbox 2453 1164 4039 1278">
     <span class='ocr_line' id='line_1_23' title="bbox 2453 1164 4039 1244; baseline -0.009 -16"><span class='ocrx_word' id='word_1_155' title='bbox 2453 1193 2575 1244; x_wconf 75' lang='grc' dir='ltr'><strong>τητι</strong></span> <span class='ocrx_word' id='word_1_156' title='bbox 2622 1173 2718 1226; x_wconf 85' lang='grc' dir='ltr'><strong>τοῦ</strong></span> <span class='ocrx_word' id='word_1_157' title='bbox 2767 1172 2884 1234; x_wconf 69' lang='grc' dir='ltr'>ἑνὸς</span> <span class='ocrx_word' id='word_1_158' title='bbox 2935 1170 2993 1221; x_wconf 85' lang='grc' dir='ltr'>ὲν</span> <span class='ocrx_word' id='word_1_159' title='bbox 3044 1168 3362 1237; x_wconf 71' lang='grc' dir='ltr'>Πατρὶ,καὶ</span> <span class='ocrx_word' id='word_1_160' title='bbox 3392 1165 3527 1235; x_wconf 83' lang='grc' dir='ltr'>Υἰῷ,</span> <span class='ocrx_word' id='word_1_161' title='bbox 3580 1166 3675 1219; x_wconf 73' lang='grc' dir='ltr'><strong>καὶ</strong></span> <span class='ocrx_word' id='word_1_162' title='bbox 3730 1164 4039 1232; x_wconf 73' lang='grc' dir='ltr'>Πνεῦματι,</span> 
     </span>
     <span class='ocr_line' id='line_1_24' title="bbox 2462 1256 4039 1278; baseline 0 0"><span class='ocrx_word' id='word_1_163' title='bbox 2462 1268 2494 1278; x_wconf 80' lang='grc' dir='ltr'><strong>Λ</strong></span> <span class='ocrx_word' id='word_1_164' title='bbox 2564 1264 2586 1274; x_wconf 64' lang='grc' dir='ltr'><strong>ο</strong></span> <span class='ocrx_word' id='word_1_165' title='bbox 2727 1263 2738 1278; x_wconf 75' lang='grc' dir='ltr'><strong><em>ι</em></strong></span> <span class='ocrx_word' id='word_1_166' title='bbox 2913 1261 2926 1278; x_wconf 64' lang='grc'><strong>1</strong></span> <span class='ocrx_word' id='word_1_167' title='bbox 2999 1260 3057 1278; x_wconf 39' lang='grc' dir='ltr'><strong>ιν.</strong></span> <span class='ocrx_word' id='word_1_168' title='bbox 3087 1258 3342 1278; x_wconf 55' lang='lat'><strong>‘.._--_!,,,.</strong></span> <span class='ocrx_word' id='word_1_169' title='bbox 3400 1257 3485 1278; x_wconf 36' lang='lat' dir='ltr'><strong>,A.‘\</strong></span> <span class='ocrx_word' id='word_1_170' title='bbox 3534 1259 3633 1278; x_wconf 63' lang='lat'><strong>-3.--</strong></span> <span class='ocrx_word' id='word_1_171' title='bbox 3670 1256 4039 1278; x_wconf 67' lang='lat' dir='ltr'><strong>__--_---&#39;._._._.u</strong></span> 
     </span>
    </p>
   </div>
   <div class='ocr_carea' id='block_1_18' title="bbox 785 1256 2456 1365">
    <p class='ocr_par' dir='ltr' id='par_1_18' title="bbox 785 1256 2354 1365">
     <span class='ocr_line' id='line_1_25' title="bbox 785 1256 1715 1278; baseline -0.024 -7"><span class='ocrx_word' id='word_1_172' title='bbox 785 1256 986 1276; x_wconf 74' lang='grc' dir='ltr'><strong>.ν......,</strong></span> <span class='ocrx_word' id='word_1_173' title='bbox 1032 1256 1124 1278; x_wconf 75' lang='lat'><strong>.,_-</strong></span> <span class='ocrx_word' id='word_1_174' title='bbox 1191 1256 1303 1260; x_wconf 28' lang='grc' dir='ltr'>,πί</span> <span class='ocrx_word' id='word_1_175' title='bbox 1352 1256 1362 1266; x_wconf 85' lang='grc'><strong>,</strong></span> <span class='ocrx_word' id='word_1_176' title='bbox 1706 1256 1715 1261; x_wconf 89' lang='lat'>_</span> 
     </span>
     <span class='ocr_line' id='line_1_26' title="bbox 785 1272 2354 1365; baseline -0.023 -2"><span class='ocrx_word' id='word_1_177' title='bbox 785 1308 1138 1365; x_wconf 87' lang='lat' dir='ltr'><strong>conservant,</strong></span> <span class='ocrx_word' id='word_1_178' title='bbox 1192 1297 1282 1354; x_wconf 85' lang='lat' dir='ltr'><strong>his</strong></span> <span class='ocrx_word' id='word_1_179' title='bbox 1337 1295 1499 1349; x_wconf 89' lang='lat' dir='ltr'><strong>etiam</strong></span> <span class='ocrx_word' id='word_1_180' title='bbox 1530 1307 1559 1344; x_wconf 91' lang='lat' dir='ltr'><strong>a</strong></span> <span class='ocrx_word' id='word_1_181' title='bbox 1620 1298 1673 1342; x_wconf 90' lang='lat' dir='ltr'><strong>te</strong></span> <span class='ocrx_word' id='word_1_182' title='bbox 1713 1288 1888 1342; x_wconf 90' lang='lat' dir='ltr'><strong>honos</strong></span> <span class='ocrx_word' id='word_1_183' title='bbox 1918 1281 2162 1350; x_wconf 77' lang='lat' dir='ltr'><strong>obtinget</strong></span> <span class='ocrx_word' id='word_1_184' title='bbox 2205 1295 2219 1332; x_wconf 89' lang='lat'><strong>:</strong></span> <span class='ocrx_word' id='word_1_185' title='bbox 2258 1272 2354 1345; x_wconf 91' lang='lat' dir='ltr'><strong>qui</strong></span> 
     </span>
    </p>
   </div>
   <div class='ocr_carea' id='block_1_19' title="bbox 2372 1256 4043 1365">
    <p class='ocr_par' dir='ltr' id='par_1_19' title="bbox 2457 1256 4043 1333">
     <span class='ocr_line' id='line_1_27' title="bbox 2457 1256 4043 1333; baseline -0.009 -14"><span class='ocrx_word' id='word_1_186' title='bbox 2457 1264 2592 1320; x_wconf 81' lang='grc' dir='ltr'><strong>Θεοῦ</strong></span> <span class='ocrx_word' id='word_1_187' title='bbox 2615 1281 2627 1294; x_wconf 90' lang='grc'><strong>·</strong></span> <span class='ocrx_word' id='word_1_188' title='bbox 2679 1263 2808 1333; x_wconf 82' lang='grc' dir='ltr'>μίαν</span> <span class='ocrx_word' id='word_1_189' title='bbox 2843 1261 2938 1316; x_wconf 72' lang='grc' dir='ltr'><strong>καὶ</strong></span> <span class='ocrx_word' id='word_1_190' title='bbox 2961 1260 3058 1331; x_wconf 77' lang='grc' dir='ltr'><strong>τὴν</strong></span> <span class='ocrx_word' id='word_1_191' title='bbox 3087 1258 3364 1328; x_wconf 79' lang='grc' dir='ltr'>λατρείαν,</span> <span class='ocrx_word' id='word_1_192' title='bbox 3398 1257 3492 1311; x_wconf 75' lang='grc' dir='ltr'><strong>καὶ</strong></span> <span class='ocrx_word' id='word_1_193' title='bbox 3532 1259 3634 1327; x_wconf 83' lang='grc' dir='ltr'><strong>τὴν</strong></span> <span class='ocrx_word' id='word_1_194' title='bbox 3667 1256 4043 1326; x_wconf 78' lang='grc' dir='ltr'><strong>προσκύνησιν</strong></span> 
     </span>
    </p>
   </div>
   <div class='ocr_carea' id='block_1_20' title="bbox 782 1350 2453 1455">
    <p class='ocr_par' dir='ltr' id='par_1_20' title="bbox 782 1373 2357 1455">
     <span class='ocr_line' id='line_1_28' title="bbox 782 1373 2357 1455; baseline -0.022 0"><span class='ocrx_word' id='word_1_195' title='bbox 782 1413 914 1455; x_wconf 89' lang='lat' dir='ltr'><strong>vero</strong></span> <span class='ocrx_word' id='word_1_196' title='bbox 962 1395 1120 1450; x_wconf 86' lang='lat' dir='ltr'><strong>aliter</strong></span> <span class='ocrx_word' id='word_1_197' title='bbox 1149 1389 1377 1450; x_wconf 78' lang='lat' dir='ltr'><strong>.all‘ecti,</strong></span> <span class='ocrx_word' id='word_1_198' title='bbox 1425 1394 1480 1438; x_wconf 90' lang='lat' dir='ltr'><strong>te</strong></span> <span class='ocrx_word' id='word_1_199' title='bbox 1507 1381 1692 1437; x_wconf 87' lang='lat' dir='ltr'><strong>debito</strong></span> <span class='ocrx_word' id='word_1_200' title='bbox 1718 1378 1933 1433; x_wconf 86' lang='lat' dir='ltr'><strong>honore</strong></span> <span class='ocrx_word' id='word_1_201' title='bbox 1961 1373 2181 1444; x_wconf 85' lang='lat' dir='ltr'><strong>privare</strong></span> <span class='ocrx_word' id='word_1_202' title='bbox 2219 1383 2357 1424; x_wconf 88' lang='lat' dir='ltr'><strong>con-</strong></span> 
     </span>
    </p>
   </div>
   <div class='ocr_carea' id='block_1_21' title="bbox 2060 1350 3731 1455">
    <p class='ocr_par' dir='ltr' id='par_1_21' title="bbox 2060 1350 3731 1431">
     <span class='ocr_line' id='line_1_29' title="bbox 2060 1350 3731 1431; baseline -0.014 -4"><span class='ocrx_word' id='word_1_203' title='bbox 2060 1385 2181 1427; x_wconf 77' lang='lat' dir='ltr'><strong>rare</strong></span> <span class='ocrx_word' id='word_1_204' title='bbox 2219 1383 2357 1424; x_wconf 91' lang='lat' dir='ltr'><strong>con-</strong></span> <span class='ocrx_word' id='word_1_205' title='bbox 2461 1362 2740 1431; x_wconf 78' lang='grc' dir='ltr'>φέροντες,</span> <span class='ocrx_word' id='word_1_206' title='bbox 2775 1354 2871 1408; x_wconf 83' lang='grc' dir='ltr'><strong>νῦν</strong></span> <span class='ocrx_word' id='word_1_207' title='bbox 2901 1355 2996 1408; x_wconf 77' lang='grc' dir='ltr'>καὶ</span> <span class='ocrx_word' id='word_1_208' title='bbox 3029 1353 3107 1416; x_wconf 83' lang='grc' dir='ltr'><strong>εἰς</strong></span> <span class='ocrx_word' id='word_1_209' title='bbox 3136 1352 3264 1412; x_wconf 81' lang='grc' dir='ltr'>τοὺς</span> <span class='ocrx_word' id='word_1_210' title='bbox 3293 1350 3731 1420; x_wconf 73' lang='grc' dir='ltr'>αἰῶνας.Ἀμήν.</span> 
     </span>
    </p>
   </div>
   <div class='ocr_carea' id='block_1_22' title="bbox 785 1441 4047 1553">
    <p class='ocr_par' dir='ltr' id='par_1_22' title="bbox 785 1441 4047 1553">
     <span class='ocr_line' id='line_1_30' title="bbox 785 1441 4047 1553; baseline -0.016 -7"><span class='ocrx_word' id='word_1_211' title='bbox 785 1490 1041 1553; x_wconf 91' lang='lat' dir='ltr'><strong>tendunt,</strong></span> <span class='ocrx_word' id='word_1_212' title='bbox 1097 1484 1152 1539; x_wconf 91' lang='lat' dir='ltr'><strong>hi</strong></span> <span class='ocrx_word' id='word_1_213' title='bbox 1183 1441 1391 1550; x_wconf 79' lang='lat' dir='ltr'><strong>seipsos</strong></span> <span class='ocrx_word' id='word_1_214' title='bbox 1450 1476 1561 1530; x_wconf 89' lang='lat' dir='ltr'><strong>vita</strong></span> <span class='ocrx_word' id='word_1_215' title='bbox 1620 1472 1857 1542; x_wconf 88' lang='lat' dir='ltr'><strong>privant.</strong></span> <span class='ocrx_word' id='word_1_216' title='bbox 1910 1441 2017 1522; x_wconf 77' lang='lat' dir='ltr'><strong>sed</strong></span> <span class='ocrx_word' id='word_1_217' title='bbox 2069 1473 2153 1528; x_wconf 90' lang='lat' dir='ltr'><strong>tu,</strong></span> <span class='ocrx_word' id='word_1_218' title='bbox 2197 1476 2231 1517; x_wconf 91' lang='grc' dir='ltr'><strong>ο</strong></span> <span class='ocrx_word' id='word_1_219' title='bbox 2291 1457 2507 1531; x_wconf 89' lang='lat' dir='ltr'><strong>patiens</strong></span> <span class='ocrx_word' id='word_1_220' title='bbox 2565 1467 2629 1506; x_wconf 92' lang='lat' dir='ltr'><strong>ac</strong></span> <span class='ocrx_word' id='word_1_221' title='bbox 2686 1447 3049 1518; x_wconf 66' lang='lat' dir='ltr'><strong>longanimis!</strong></span> <span class='ocrx_word' id='word_1_222' title='bbox 3109 1445 3209 1499; x_wconf 93' lang='lat' dir='ltr'><strong>hos</strong></span> <span class='ocrx_word' id='word_1_223' title='bbox 3281 1459 3500 1513; x_wconf 89' lang='lat' dir='ltr'><strong>quoque</strong></span> <span class='ocrx_word' id='word_1_224' title='bbox 3587 1461 3617 1498; x_wconf 85' lang='lat' dir='ltr'><strong>a</strong></span> <span class='ocrx_word' id='word_1_225' title='bbox 3700 1441 4047 1511; x_wconf 81' lang='lat' dir='ltr'><strong>blasphemia</strong></span> 
     </span>
    </p>
   </div>
   <div class='ocr_carea' id='block_1_23' title="bbox 785 1539 4050 1640">
    <p class='ocr_par' dir='ltr' id='par_1_23' title="bbox 785 1539 4050 1640">
     <span class='ocr_line' id='line_1_31' title="bbox 785 1539 4050 1640; baseline -0.016 0"><span class='ocrx_word' id='word_1_226' title='bbox 785 1602 853 1640; x_wconf 89' lang='lat' dir='ltr'><strong>ac</strong></span> <span class='ocrx_word' id='word_1_227' title='bbox 939 1595 1129 1639; x_wconf 90' lang='lat' dir='ltr'><strong>errore</strong></span> <span class='ocrx_word' id='word_1_228' title='bbox 1150 1576 1368 1633; x_wconf 87' lang='lat' dir='ltr'><strong>liberari</strong></span> <span class='ocrx_word' id='word_1_229' title='bbox 1420 1567 1682 1632; x_wconf 74' lang='lat' dir='ltr'><strong>concede,</strong></span> <span class='ocrx_word' id='word_1_230' title='bbox 1726 1575 1785 1620; x_wconf 90' lang='lat' dir='ltr'><strong>ut</strong></span> <span class='ocrx_word' id='word_1_231' title='bbox 1819 1577 2013 1620; x_wconf 88' lang='lat' dir='ltr'><strong>omnes</strong></span> <span class='ocrx_word' id='word_1_232' title='bbox 2071 1568 2219 1614; x_wconf 89' lang='lat' dir='ltr'><strong>recta</strong></span> <span class='ocrx_word' id='word_1_233' title='bbox 2281 1554 2404 1610; x_wconf 86' lang='lat' dir='ltr'><strong>fidei</strong></span> <span class='ocrx_word' id='word_1_234' title='bbox 2475 1546 2791 1610; x_wconf 87' lang='lat' dir='ltr'><strong>concordia,</strong></span> <span class='ocrx_word' id='word_1_235' title='bbox 2837 1557 2979 1612; x_wconf 88' lang='lat' dir='ltr'><strong>quos</strong></span> <span class='ocrx_word' id='word_1_236' title='bbox 3031 1551 3094 1596; x_wconf 92' lang='lat' dir='ltr'><strong>ut</strong></span> <span class='ocrx_word' id='word_1_237' title='bbox 3150 1541 3380 1596; x_wconf 81' lang='lat' dir='ltr'><strong>verbum</strong></span> <span class='ocrx_word' id='word_1_238' title='bbox 3453 1540 3508 1593; x_wconf 91' lang='lat' dir='ltr'><strong>in</strong></span> <span class='ocrx_word' id='word_1_239' title='bbox 3559 1539 3716 1595; x_wconf 65' lang='lat' dir='ltr'><strong>caelis</strong></span> <span class='ocrx_word' id='word_1_240' title='bbox 3753 1546 4050 1595; x_wconf 87' lang='lat' dir='ltr'><strong>connectat</strong></span> 
     </span>
    </p>
   </div>
   <div class='ocr_carea' id='block_1_24' title="bbox 786 1634 4047 1752">
    <p class='ocr_par' dir='ltr' id='par_1_24' title="bbox 786 1634 4047 1752">
     <span class='ocr_line' id='line_1_32' title="bbox 786 1634 4047 1752; baseline -0.01 -32"><span class='ocrx_word' id='word_1_241' title='bbox 786 1683 906 1752; x_wconf 69' lang='lat' dir='ltr'><strong>ipse</strong></span> <span class='ocrx_word' id='word_1_242' title='bbox 934 1692 1172 1750; x_wconf 74' lang='lat' dir='ltr'><strong>quoque,</strong></span> <span class='ocrx_word' id='word_1_243' title='bbox 1205 1686 1329 1729; x_wconf 77' lang='lat' dir='ltr'><strong>cum</strong></span> <span class='ocrx_word' id='word_1_244' title='bbox 1360 1671 1449 1725; x_wconf 83' lang='lat' dir='ltr'><strong>ille</strong></span> <span class='ocrx_word' id='word_1_245' title='bbox 1479 1663 1844 1725; x_wconf 83' lang='lat' dir='ltr'><strong>ascendisset,</strong></span> <span class='ocrx_word' id='word_1_246' title='bbox 1877 1656 2168 1722; x_wconf 77' lang='lat' dir='ltr'><strong>advenisti,</strong></span> <span class='ocrx_word' id='word_1_247' title='bbox 2228 1653 2430 1708; x_wconf 85' lang='lat' dir='ltr'><strong>unione</strong></span> <span class='ocrx_word' id='word_1_248' title='bbox 2475 1648 2652 1702; x_wconf 87' lang='lat' dir='ltr'><strong>simus</strong></span> <span class='ocrx_word' id='word_1_249' title='bbox 2713 1639 2974 1706; x_wconf 84' lang='lat' dir='ltr'><strong>conserti,</strong></span> <span class='ocrx_word' id='word_1_250' title='bbox 3052 1651 3357 1707; x_wconf 87' lang='lat' dir='ltr'><strong>omnesque</strong></span> <span class='ocrx_word' id='word_1_251' title='bbox 3427 1634 3740 1690; x_wconf 87' lang='lat' dir='ltr'><strong>divinorum</strong></span> <span class='ocrx_word' id='word_1_252' title='bbox 3821 1645 4047 1691; x_wconf 87' lang='lat' dir='ltr'><strong>tuorum</strong></span> 
     </span>
     <span class='ocr_line' id='line_1_33' title="bbox 2014 1726 4046 1752; baseline 0 0"><span class='ocrx_word' id='word_1_253' title='bbox 2014 1751 2017 1752; x_wconf 67' lang='lat'><strong>,</strong></span> <span class='ocrx_word' id='word_1_254' title='bbox 2389 1745 2399 1752; x_wconf 89' lang='lat'><strong>.</strong></span> <span class='ocrx_word' id='word_1_255' title='bbox 2502 1741 2512 1750; x_wconf 73' lang='grc' dir='ltr'><strong>ι</strong></span> <span class='ocrx_word' id='word_1_256' title='bbox 2597 1738 2655 1752; x_wconf 32' lang='grc' dir='ltr'><strong>,ογ</strong></span> <span class='ocrx_word' id='word_1_257' title='bbox 2725 1750 2735 1752; x_wconf 35' lang='grc' dir='ltr'>μ</span> <span class='ocrx_word' id='word_1_258' title='bbox 2826 1732 2985 1752; x_wconf 48' lang='lat'><strong>“‘2---</strong></span> <span class='ocrx_word' id='word_1_259' title='bbox 3035 1729 3087 1752; x_wconf 71' lang='grc'><strong>3..</strong></span> <span class='ocrx_word' id='word_1_260' title='bbox 3147 1729 3306 1752; x_wconf 66' lang='grc' dir='ltr'><strong>“-ι..-</strong></span> <span class='ocrx_word' id='word_1_261' title='bbox 3404 1737 3452 1752; x_wconf 64' lang='grc' dir='ltr'>,ο</span> <span class='ocrx_word' id='word_1_262' title='bbox 3505 1726 3640 1752; x_wconf 62' lang='grc'><strong>17212..</strong></span> <span class='ocrx_word' id='word_1_263' title='bbox 3737 1738 3783 1752; x_wconf 68' lang='grc' dir='ltr'><strong>,ι</strong></span> <span class='ocrx_word' id='word_1_264' title='bbox 3837 1729 4046 1752; x_wconf 69' lang='grc' dir='ltr'><strong>Ω..ε..ι.-.</strong></span> 
     </span>
    </p>
   </div>
   <div class='ocr_carea' id='block_1_25' title="bbox 791 1726 4051 1837">
    <p class='ocr_par' dir='ltr' id='par_1_25' title="bbox 791 1726 4051 1837">
     <span class='ocr_line' id='line_1_34' title="bbox 791 1726 4051 1837; baseline -0.013 -10"><span class='ocrx_word' id='word_1_265' title='bbox 791 1726 1082 1828; x_wconf 50' lang='grc' dir='ltr'>ιιῗυιιξτυιιῖ</span> <span class='ocrx_word' id='word_1_266' title='bbox 1164 1765 1465 1837; x_wconf 82' lang='lat' dir='ltr'><strong>participes</strong></span> <span class='ocrx_word' id='word_1_267' title='bbox 1537 1758 1860 1821; x_wconf 71' lang='lat' dir='ltr'><strong>efﬁciamur,</strong></span> <span class='ocrx_word' id='word_1_268' title='bbox 1929 1751 2026 1806; x_wconf 90' lang='lat' dir='ltr'><strong>uni</strong></span> <span class='ocrx_word' id='word_1_269' title='bbox 2061 1762 2229 1820; x_wconf 83' lang='lat' dir='ltr'><strong>regno</strong></span> <span class='ocrx_word' id='word_1_270' title='bbox 2271 1760 2336 1798; x_wconf 89' lang='lat' dir='ltr'><strong>ac</strong></span> <span class='ocrx_word' id='word_1_271' title='bbox 2369 1738 2765 1800; x_wconf 82' lang='lat' dir='ltr'><strong>dominatione,</strong></span> <span class='ocrx_word' id='word_1_272' title='bbox 2825 1732 2988 1786; x_wconf 87' lang='lat' dir='ltr'><strong>unius</strong></span> <span class='ocrx_word' id='word_1_273' title='bbox 3035 1729 3090 1784; x_wconf 90' lang='lat' dir='ltr'><strong>in</strong></span> <span class='ocrx_word' id='word_1_274' title='bbox 3147 1729 3332 1796; x_wconf 88' lang='lat' dir='ltr'><strong>Patre,</strong></span> <span class='ocrx_word' id='word_1_275' title='bbox 3401 1737 3456 1784; x_wconf 89' lang='lat' dir='ltr'><strong>et</strong></span> <span class='ocrx_word' id='word_1_276' title='bbox 3505 1726 3665 1790; x_wconf 90' lang='lat' dir='ltr'><strong>Filio,</strong></span> <span class='ocrx_word' id='word_1_277' title='bbox 3733 1738 3789 1786; x_wconf 86' lang='lat' dir='ltr'><strong>et</strong></span> <span class='ocrx_word' id='word_1_278' title='bbox 3837 1729 4051 1802; x_wconf 83' lang='lat' dir='ltr'><strong>Spiritu</strong></span> 
     </span>
    </p>
   </div>
   <div class='ocr_carea' id='block_1_26' title="bbox 791 1822 3719 1930">
    <p class='ocr_par' dir='ltr' id='par_1_26' title="bbox 791 1822 3719 1930">
     <span class='ocr_line' id='line_1_35' title="bbox 791 1822 3719 1930; baseline -0.016 -7"><span class='ocrx_word' id='word_1_279' title='bbox 791 1872 1004 1930; x_wconf 86' lang='lat' dir='ltr'><strong>sancto,</strong></span> <span class='ocrx_word' id='word_1_280' title='bbox 1065 1822 1184 1924; x_wconf 63' lang='lat' dir='ltr'><strong>Dei:</strong></span> <span class='ocrx_word' id='word_1_281' title='bbox 1217 1822 1532 1928; x_wconf 65' lang='lat' dir='ltr'><strong>supremum</strong></span> <span class='ocrx_word' id='word_1_282' title='bbox 1568 1865 1736 1905; x_wconf 90' lang='lat' dir='ltr'><strong>unum</strong></span> <span class='ocrx_word' id='word_1_283' title='bbox 1784 1849 1986 1902; x_wconf 79' lang='lat' dir='ltr'><strong>cultum</strong></span> <span class='ocrx_word' id='word_1_284' title='bbox 2018 1857 2080 1896; x_wconf 90' lang='lat' dir='ltr'><strong>ac</strong></span> <span class='ocrx_word' id='word_1_285' title='bbox 2124 1837 2496 1894; x_wconf 85' lang='lat' dir='ltr'><strong>adorationem</strong></span> <span class='ocrx_word' id='word_1_286' title='bbox 2531 1827 2871 1890; x_wconf 79' lang='lat' dir='ltr'><strong>exhibentes,</strong></span> <span class='ocrx_word' id='word_1_287' title='bbox 2904 1837 3051 1878; x_wconf 89' lang='lat' dir='ltr'><strong>nunc</strong></span> <span class='ocrx_word' id='word_1_288' title='bbox 3076 1829 3132 1879; x_wconf 87' lang='lat' dir='ltr'><strong>et</strong></span> <span class='ocrx_word' id='word_1_289' title='bbox 3155 1822 3211 1877; x_wconf 91' lang='lat' dir='ltr'><strong>in</strong></span> <span class='ocrx_word' id='word_1_290' title='bbox 3255 1822 3478 1878; x_wconf 70' lang='lat' dir='ltr'><strong>saecula.</strong></span> <span class='ocrx_word' id='word_1_291' title='bbox 3519 1823 3719 1877; x_wconf 83' lang='lat' dir='ltr'><strong>Amen.</strong></span> 
     </span>
    </p>
   </div>
   <div class='ocr_carea' id='block_1_27' title="bbox 1288 2155 3511 2241">
    <p class='ocr_par' dir='ltr' id='par_1_27' title="bbox 1288 2155 3511 2241">
     <span class='ocr_line' id='line_1_36' title="bbox 1288 2155 3511 2241; baseline -0.011 0"><span class='ocrx_word' id='word_1_292' title='bbox 1288 2178 1660 2241; x_wconf 72' lang='lat' dir='ltr'><strong>SCIPIONIS</strong></span> <span class='ocrx_word' id='word_1_293' title='bbox 1687 2169 1964 2232; x_wconf 80' lang='lat' dir='ltr'><strong>MAFFEI</strong></span> <span class='ocrx_word' id='word_1_294' title='bbox 2028 2166 2424 2234; x_wconf 63' lang='lat' dir='ltr'><strong>PREFATIO</strong></span> <span class='ocrx_word' id='word_1_295' title='bbox 2480 2164 2560 2223; x_wconf 87' lang='lat' dir='ltr'><strong>IN</strong></span> <span class='ocrx_word' id='word_1_296' title='bbox 2618 2159 3072 2232; x_wconf 83' lang='lat' dir='ltr'><strong>SEQUENTEM</strong></span> <span class='ocrx_word' id='word_1_297' title='bbox 3103 2155 3511 2220; x_wconf 83' lang='lat' dir='ltr'><strong>HOMILIAM.</strong></span> 
     </span>
    </p>
   </div>
   <div class='ocr_carea' id='block_1_28' title="bbox 875 2501 4054 2601">
    <p class='ocr_par' dir='ltr' id='par_1_28' title="bbox 875 2501 4054 2601">
     <span class='ocr_line' id='line_1_37' title="bbox 875 2501 4054 2601; baseline -0.009 -20"><span class='ocrx_word' id='word_1_298' title='bbox 875 2527 1085 2583; x_wconf 76' lang='lat' dir='ltr'><strong>Accidit</strong></span> <span class='ocrx_word' id='word_1_299' title='bbox 1117 2543 1313 2598; x_wconf 91' lang='lat' dir='ltr'><strong>nuper,</strong></span> <span class='ocrx_word' id='word_1_300' title='bbox 1358 2538 1416 2584; x_wconf 90' lang='lat' dir='ltr'><strong>ut</strong></span> <span class='ocrx_word' id='word_1_301' title='bbox 1447 2529 1732 2587; x_wconf 85' lang='lat' dir='ltr'><strong>Ruthenns</strong></span> <span class='ocrx_word' id='word_1_302' title='bbox 1755 2532 2004 2601; x_wconf 87' lang='lat' dir='ltr'><strong>quidam,</strong></span> <span class='ocrx_word' id='word_1_303' title='bbox 2028 2547 2140 2586; x_wconf 92' lang='lat' dir='ltr'><strong>non</strong></span> <span class='ocrx_word' id='word_1_304' title='bbox 2168 2529 2371 2586; x_wconf 80' lang='lat' dir='ltr'><strong>inﬁmae</strong></span> <span class='ocrx_word' id='word_1_305' title='bbox 2399 2531 2566 2584; x_wconf 87' lang='lat' dir='ltr'><strong>sortis</strong></span> <span class='ocrx_word' id='word_1_306' title='bbox 2598 2528 2786 2590; x_wconf 91' lang='lat' dir='ltr'><strong>homo,</strong></span> <span class='ocrx_word' id='word_1_307' title='bbox 2826 2539 2927 2580; x_wconf 89' lang='lat' dir='ltr'><strong>nec</strong></span> <span class='ocrx_word' id='word_1_308' title='bbox 2952 2521 3230 2581; x_wconf 89' lang='lat' dir='ltr'><strong>indoctus,</strong></span> <span class='ocrx_word' id='word_1_309' title='bbox 3258 2515 3352 2587; x_wconf 92' lang='lat' dir='ltr'><strong>qui</strong></span> <span class='ocrx_word' id='word_1_310' title='bbox 3386 2513 3573 2585; x_wconf 90' lang='lat' dir='ltr'><strong>plures</strong></span> <span class='ocrx_word' id='word_1_311' title='bbox 3606 2505 3831 2563; x_wconf 62' lang='lat' dir='ltr'><strong>Graecae</strong></span> <span class='ocrx_word' id='word_1_312' title='bbox 3867 2501 4054 2573; x_wconf 72' lang='lat' dir='ltr'><strong>regio-</strong></span> 
     </span>
    </p>
   </div>
   <div class='ocr_carea' id='block_1_29' title="bbox 805 2592 4060 2692">
    <p class='ocr_par' dir='ltr' id='par_1_29' title="bbox 805 2592 4060 2692">
     <span class='ocr_line' id='line_1_38' title="bbox 805 2592 4060 2692; baseline -0.009 -21"><span class='ocrx_word' id='word_1_313' title='bbox 805 2633 901 2671; x_wconf 89' lang='lat' dir='ltr'><strong>nes</strong></span> <span class='ocrx_word' id='word_1_314' title='bbox 925 2618 1256 2689; x_wconf 71' lang='lat' dir='ltr'><strong>peragravit,</strong></span> <span class='ocrx_word' id='word_1_315' title='bbox 1292 2635 1376 2673; x_wconf 89' lang='lat' dir='ltr'><strong>me</strong></span> <span class='ocrx_word' id='word_1_316' title='bbox 1411 2619 1696 2676; x_wconf 86' lang='lat' dir='ltr'><strong>inviseret.</strong></span> <span class='ocrx_word' id='word_1_317' title='bbox 1725 2621 1852 2677; x_wconf 88' lang='lat' dir='ltr'><strong>Post</strong></span> <span class='ocrx_word' id='word_1_318' title='bbox 1885 2637 2060 2692; x_wconf 82' lang='lat' dir='ltr'><strong>pauca</strong></span> <span class='ocrx_word' id='word_1_319' title='bbox 2089 2623 2156 2677; x_wconf 93' lang='lat' dir='ltr'><strong>de</strong></span> <span class='ocrx_word' id='word_1_320' title='bbox 2177 2620 2443 2676; x_wconf 87' lang='lat' dir='ltr'><strong>Photiano</strong></span> <span class='ocrx_word' id='word_1_321' title='bbox 2475 2619 2622 2672; x_wconf 89' lang='lat' dir='ltr'><strong>circa</strong></span> <span class='ocrx_word' id='word_1_322' title='bbox 2661 2613 2898 2685; x_wconf 91' lang='lat' dir='ltr'><strong>Spiritus</strong></span> <span class='ocrx_word' id='word_1_323' title='bbox 2924 2610 3100 2666; x_wconf 84' lang='lat' dir='ltr'><strong>sancti</strong></span> <span class='ocrx_word' id='word_1_324' title='bbox 3125 2605 3537 2678; x_wconf 86' lang='lat' dir='ltr'><strong>processionem</strong></span> <span class='ocrx_word' id='word_1_325' title='bbox 3569 2611 3778 2659; x_wconf 91' lang='lat' dir='ltr'><strong>errore,</strong></span> <span class='ocrx_word' id='word_1_326' title='bbox 3810 2593 3900 2647; x_wconf 92' lang='lat' dir='ltr'><strong>cui</strong></span> <span class='ocrx_word' id='word_1_327' title='bbox 3929 2592 4060 2660; x_wconf 89' lang='lat' dir='ltr'><strong>qui-</strong></span> 
     </span>
    </p>
   </div>
   <div class='ocr_carea' id='block_1_30' title="bbox 805 2678 4065 2780">
    <p class='ocr_par' dir='ltr' id='par_1_30' title="bbox 805 2678 4065 2780">
     <span class='ocr_line' id='line_1_39' title="bbox 805 2678 4065 2780; baseline -0.009 -20"><span class='ocrx_word' id='word_1_328' title='bbox 805 2707 928 2760; x_wconf 89' lang='lat' dir='ltr'><strong>dem</strong></span> <span class='ocrx_word' id='word_1_329' title='bbox 957 2706 1367 2763; x_wconf 87' lang='lat' dir='ltr'><strong>addictissimus</strong></span> <span class='ocrx_word' id='word_1_330' title='bbox 1398 2720 1503 2775; x_wconf 81' lang='lat' dir='ltr'><strong>eSt,</strong></span> <span class='ocrx_word' id='word_1_331' title='bbox 1539 2678 1902 2772; x_wconf 53' lang='lat' dir='ltr'><strong>sermonem,-</strong></span> <span class='ocrx_word' id='word_1_332' title='bbox 1928 2679 2241 2780; x_wconf 77' lang='lat' dir='ltr'><strong>seupotius</strong></span> <span class='ocrx_word' id='word_1_333' title='bbox 2285 2678 2718 2779; x_wconf 75' lang='lat' dir='ltr'><strong>disputationem</strong></span> <span class='ocrx_word' id='word_1_334' title='bbox 2768 2698 2973 2755; x_wconf 88' lang='lat' dir='ltr'><strong>intulit.</strong></span> <span class='ocrx_word' id='word_1_335' title='bbox 3035 2694 3195 2763; x_wconf 84' lang='lat' dir='ltr'><strong>Quod</strong></span> <span class='ocrx_word' id='word_1_336' title='bbox 3224 2690 3476 2762; x_wconf 81' lang='lat' dir='ltr'><strong>urgebat,</strong></span> <span class='ocrx_word' id='word_1_337' title='bbox 3509 2695 3562 2742; x_wconf 91' lang='lat' dir='ltr'><strong>et</strong></span> <span class='ocrx_word' id='word_1_338' title='bbox 3589 2687 3646 2738; x_wconf 87' lang='lat' dir='ltr'><strong>in</strong></span> <span class='ocrx_word' id='word_1_339' title='bbox 3681 2697 3791 2753; x_wconf 87' lang='lat' dir='ltr'><strong>quo</strong></span> <span class='ocrx_word' id='word_1_340' title='bbox 3821 2678 4065 2732; x_wconf 78' lang='lat' dir='ltr'><strong>maxime</strong></span> 
     </span>
    </p>
   </div>
   <div class='ocr_carea' id='block_1_31' title="bbox 807 2769 4063 2870">
    <p class='ocr_par' dir='ltr' id='par_1_31' title="bbox 807 2769 4063 2870">
     <span class='ocr_line' id='line_1_40' title="bbox 807 2769 4063 2870; baseline -0.009 -24"><span class='ocrx_word' id='word_1_341' title='bbox 807 2794 1104 2859; x_wconf 83' lang='lat' dir='ltr'><strong>nitebatur,</strong></span> <span class='ocrx_word' id='word_1_342' title='bbox 1131 2795 1183 2848; x_wconf 88' lang='lat' dir='ltr'><strong>id</strong></span> <span class='ocrx_word' id='word_1_343' title='bbox 1205 2805 1322 2850; x_wconf 89' lang='lat' dir='ltr'><strong>erat</strong></span> <span class='ocrx_word' id='word_1_344' title='bbox 1357 2815 1369 2850; x_wconf 91' lang='lat'>:</span> <span class='ocrx_word' id='word_1_345' title='bbox 1403 2796 1688 2852; x_wconf 87' lang='lat' dir='ltr'><strong>Ostensam</strong></span> <span class='ocrx_word' id='word_1_346' title='bbox 1713 2799 1818 2853; x_wconf 89' lang='lat' dir='ltr'><strong>sibi</strong></span> <span class='ocrx_word' id='word_1_347' title='bbox 1843 2799 2013 2856; x_wconf 89' lang='lat' dir='ltr'><strong>fuisse</strong></span> <span class='ocrx_word' id='word_1_348' title='bbox 2043 2769 2285 2870; x_wconf 75' lang='lat' dir='ltr'><strong>Smyrnae</strong></span> <span class='ocrx_word' id='word_1_349' title='bbox 2314 2769 2566 2850; x_wconf 49' lang='lat' dir='ltr'><strong>in-veteri</strong></span> <span class='ocrx_word' id='word_1_350' title='bbox 2591 2792 2908 2847; x_wconf 88' lang='lat' dir='ltr'><strong>membrana</strong></span> <span class='ocrx_word' id='word_1_351' title='bbox 2946 2787 3307 2860; x_wconf 88' lang='lat' dir='ltr'><strong>perscriptam</strong></span> <span class='ocrx_word' id='word_1_352' title='bbox 3339 2779 3540 2837; x_wconf 87' lang='lat' dir='ltr'><strong>Leonis</strong></span> <span class='ocrx_word' id='word_1_353' title='bbox 3570 2770 3847 2844; x_wconf 85' lang='lat' dir='ltr'><strong>Sapientis</strong></span> <span class='ocrx_word' id='word_1_354' title='bbox 3877 2769 4063 2822; x_wconf 89' lang='lat' dir='ltr'><strong>homi-</strong></span> 
     </span>
    </p>
   </div>
   <div class='ocr_carea' id='block_1_32' title="bbox 808 2857 4065 2958">
    <p class='ocr_par' dir='ltr' id='par_1_32' title="bbox 808 2857 4065 2958">
     <span class='ocr_line' id='line_1_41' title="bbox 808 2857 4065 2958; baseline -0.008 -23"><span class='ocrx_word' id='word_1_355' title='bbox 808 2883 955 2946; x_wconf 89' lang='lat' dir='ltr'><strong>liam,</strong></span> <span class='ocrx_word' id='word_1_356' title='bbox 985 2883 1146 2952; x_wconf 87' lang='lat' dir='ltr'><strong>cujus</strong></span> <span class='ocrx_word' id='word_1_357' title='bbox 1175 2884 1276 2939; x_wconf 90' lang='lat' dir='ltr'><strong>hac</strong></span> <span class='ocrx_word' id='word_1_358' title='bbox 1303 2885 1369 2939; x_wconf 87' lang='lat' dir='ltr'><strong>de</strong></span> <span class='ocrx_word' id='word_1_359' title='bbox 1405 2901 1465 2940; x_wconf 91' lang='lat' dir='ltr'><strong>re</strong></span> <span class='ocrx_word' id='word_1_360' title='bbox 1495 2895 1815 2955; x_wconf 84' lang='lat' dir='ltr'><strong>argumenta</strong></span> <span class='ocrx_word' id='word_1_361' title='bbox 1843 2903 1986 2958; x_wconf 76' lang='lat' dir='ltr'><strong>:egre</strong></span> <span class='ocrx_word' id='word_1_362' title='bbox 2016 2903 2047 2941; x_wconf 89' lang='lat' dir='ltr'><strong>a</strong></span> <span class='ocrx_word' id='word_1_363' title='bbox 2071 2857 2231 2941; x_wconf 79' lang='lat' dir='ltr'><strong>nobis</strong></span> <span class='ocrx_word' id='word_1_364' title='bbox 2257 2885 2427 2940; x_wconf 84' lang='lat' dir='ltr'><strong>refelli</strong></span> <span class='ocrx_word' id='word_1_365' title='bbox 2453 2884 2684 2954; x_wconf 89' lang='lat' dir='ltr'><strong>possint,</strong></span> <span class='ocrx_word' id='word_1_366' title='bbox 2714 2880 2877 2949; x_wconf 92' lang='lat' dir='ltr'><strong>idque</strong></span> <span class='ocrx_word' id='word_1_367' title='bbox 2921 2857 2976 2932; x_wconf 80' lang='lat' dir='ltr'><strong>in</strong></span> <span class='ocrx_word' id='word_1_368' title='bbox 3012 2889 3179 2932; x_wconf 88' lang='lat' dir='ltr'><strong>causa</strong></span> <span class='ocrx_word' id='word_1_369' title='bbox 3215 2885 3359 2936; x_wconf 86' lang='lat' dir='ltr'><strong>esse,</strong></span> <span class='ocrx_word' id='word_1_370' title='bbox 3412 2882 3533 2931; x_wconf 91' lang='lat' dir='ltr'><strong>cur,</strong></span> <span class='ocrx_word' id='word_1_371' title='bbox 3590 2859 3806 2918; x_wconf 90' lang='lat' dir='ltr'><strong>etiamsi</strong></span> <span class='ocrx_word' id='word_1_372' title='bbox 3840 2859 3895 2911; x_wconf 91' lang='lat' dir='ltr'><strong>in</strong></span> <span class='ocrx_word' id='word_1_373' title='bbox 3931 2857 4065 2926; x_wconf 86' lang='lat' dir='ltr'><strong>qui-</strong></span> 
     </span>
    </p>
   </div>
   <div class='ocr_carea' id='block_1_33' title="bbox 809 2944 4060 3047">
    <p class='ocr_par' dir='ltr' id='par_1_33' title="bbox 809 2944 4060 3047">
     <span class='ocr_line' id='line_1_42' title="bbox 809 2944 4060 3047; baseline -0.009 -21"><span class='ocrx_word' id='word_1_374' title='bbox 809 2974 1041 3027; x_wconf 86' lang='lat' dir='ltr'><strong>husdam</strong></span> <span class='ocrx_word' id='word_1_375' title='bbox 1074 2973 1240 3029; x_wconf 72' lang='lat' dir='ltr'><strong>Italiae</strong></span> <span class='ocrx_word' id='word_1_376' title='bbox 1268 2975 1612 3032; x_wconf 88' lang='lat' dir='ltr'><strong>bibliothecis</strong></span> <span class='ocrx_word' id='word_1_377' title='bbox 1644 2978 1931 3044; x_wconf 87' lang='lat' dir='ltr'><strong>habeatur,</strong></span> <span class='ocrx_word' id='word_1_378' title='bbox 1966 2992 2250 3047; x_wconf 87' lang='lat' dir='ltr'><strong>nunquam</strong></span> <span class='ocrx_word' id='word_1_379' title='bbox 2282 2976 2427 3030; x_wconf 91' lang='lat' dir='ltr'><strong>edita</strong></span> <span class='ocrx_word' id='word_1_380' title='bbox 2455 2944 2568 3028; x_wconf 40' lang='lat' dir='ltr'><strong>lsit.</strong></span> <span class='ocrx_word' id='word_1_381' title='bbox 2601 2944 2842 3024; x_wconf 76' lang='lat' dir='ltr'><strong>Primum</strong></span> <span class='ocrx_word' id='word_1_382' title='bbox 2883 2982 3011 3036; x_wconf 78' lang='lat' dir='ltr'><strong>ergo</strong></span> <span class='ocrx_word' id='word_1_383' title='bbox 3041 2972 3250 3036; x_wconf 88' lang='lat' dir='ltr'><strong>quanto</strong></span> <span class='ocrx_word' id='word_1_384' title='bbox 3297 2962 3355 3015; x_wconf 91' lang='lat' dir='ltr'><strong>in</strong></span> <span class='ocrx_word' id='word_1_385' title='bbox 3382 2970 3572 3012; x_wconf 88' lang='lat' dir='ltr'><strong>errore</strong></span> <span class='ocrx_word' id='word_1_386' title='bbox 3606 2956 3922 3008; x_wconf 84' lang='lat' dir='ltr'><strong>versentur.</strong></span> <span class='ocrx_word' id='word_1_387' title='bbox 3962 2944 4060 3014; x_wconf 88' lang='lat' dir='ltr'><strong>qui</strong></span> 
     </span>
    </p>
   </div>
   <div class='ocr_carea' id='block_1_34' title="bbox 809 3031 4072 3135">
    <p class='ocr_par' dir='ltr' id='par_1_34' title="bbox 809 3031 4072 3135">
     <span class='ocr_line' id='line_1_43' title="bbox 809 3031 4072 3135; baseline -0.01 -18"><span class='ocrx_word' id='word_1_388' title='bbox 809 3062 1078 3131; x_wconf 83' lang='lat' dir='ltr'><strong>Supprimi</strong></span> <span class='ocrx_word' id='word_1_389' title='bbox 1106 3077 1136 3116; x_wconf 94' lang='lat' dir='ltr'><strong>a</strong></span> <span class='ocrx_word' id='word_1_390' title='bbox 1171 3064 1352 3127; x_wconf 88' lang='lat' dir='ltr'><strong>nobis,</strong></span> <span class='ocrx_word' id='word_1_391' title='bbox 1384 3075 1548 3135; x_wconf 89' lang='lat' dir='ltr'><strong>atque</strong></span> <span class='ocrx_word' id='word_1_392' title='bbox 1586 3065 1749 3119; x_wconf 91' lang='lat' dir='ltr'><strong>etiam</strong></span> <span class='ocrx_word' id='word_1_393' title='bbox 1784 3065 1990 3120; x_wconf 88' lang='lat' dir='ltr'><strong>aboleri</strong></span> <span class='ocrx_word' id='word_1_394' title='bbox 2027 3063 2462 3119; x_wconf 84' lang='lat' dir='ltr'><strong>adversariorum</strong></span> <span class='ocrx_word' id='word_1_395' title='bbox 2497 3069 2812 3115; x_wconf 90' lang='lat' dir='ltr'><strong>nostrorum</strong></span> <span class='ocrx_word' id='word_1_396' title='bbox 2863 3031 3283 3122; x_wconf 44' lang='lat' dir='ltr'><strong>vetera—scripta</strong></span> <span class='ocrx_word' id='word_1_397' title='bbox 3309 3047 3628 3118; x_wconf 88' lang='lat' dir='ltr'><strong>opinantur,</strong></span> <span class='ocrx_word' id='word_1_398' title='bbox 3656 3036 3872 3094; x_wconf 89' lang='lat' dir='ltr'><strong>ostendi</strong></span> <span class='ocrx_word' id='word_1_399' title='bbox 3910 3031 4072 3088; x_wconf 86' lang='lat' dir='ltr'><strong>facil-</strong></span> 
     </span>
    </p>
   </div>
   <div class='ocr_carea' id='block_1_35' title="bbox 811 3121 4070 3222">
    <p class='ocr_par' dir='ltr' id='par_1_35' title="bbox 811 3121 4070 3222">
     <span class='ocr_line' id='line_1_44' title="bbox 811 3121 4070 3222; baseline -0.009 -19"><span class='ocrx_word' id='word_1_400' title='bbox 811 3144 938 3204; x_wconf 83' lang='lat' dir='ltr'><strong>lime</strong></span> <span class='ocrx_word' id='word_1_401' title='bbox 965 3165 978 3200; x_wconf 91' lang='lat'>:</span> <span class='ocrx_word' id='word_1_402' title='bbox 1014 3166 1137 3203; x_wconf 90' lang='lat' dir='ltr'><strong>nam</strong></span> <span class='ocrx_word' id='word_1_403' title='bbox 1171 3151 1376 3205; x_wconf 81' lang='lat' dir='ltr'><strong>latebat</strong></span> <span class='ocrx_word' id='word_1_404' title='bbox 1406 3121 1636 3222; x_wconf 72' lang='lat' dir='ltr'><strong>exempli</strong></span> <span class='ocrx_word' id='word_1_405' title='bbox 1675 3152 1871 3222; x_wconf 79' lang='lat' dir='ltr'><strong>gratia,</strong></span> <span class='ocrx_word' id='word_1_406' title='bbox 1903 3160 1958 3208; x_wconf 88' lang='lat' dir='ltr'><strong>et</strong></span> <span class='ocrx_word' id='word_1_407' title='bbox 1985 3151 2331 3221; x_wconf 85' lang='lat' dir='ltr'><strong>paucissimis</strong></span> <span class='ocrx_word' id='word_1_408' title='bbox 2364 3157 2481 3205; x_wconf 89' lang='lat' dir='ltr'><strong>erat</strong></span> <span class='ocrx_word' id='word_1_409' title='bbox 2507 3157 2656 3210; x_wconf 91' lang='lat' dir='ltr'><strong>nota,</strong></span> <span class='ocrx_word' id='word_1_410' title='bbox 2720 3143 2903 3198; x_wconf 87' lang='lat' dir='ltr'><strong>Photii</strong></span> <span class='ocrx_word' id='word_1_411' title='bbox 2931 3143 2999 3196; x_wconf 89' lang='lat' dir='ltr'><strong>ad</strong></span> <span class='ocrx_word' id='word_1_412' title='bbox 3024 3138 3434 3210; x_wconf 80' lang='lat' dir='ltr'><strong>Aquileiensem</strong></span> <span class='ocrx_word' id='word_1_413' title='bbox 3458 3131 3778 3202; x_wconf 89' lang='lat' dir='ltr'><strong>episcopum</strong></span> <span class='ocrx_word' id='word_1_414' title='bbox 3810 3121 4070 3198; x_wconf 63' lang='lat' dir='ltr'><strong>epistola,</strong></span> 
     </span>
    </p>
   </div>
   <div class='ocr_carea' id='block_1_36' title="bbox 813 3210 4075 3308">
    <p class='ocr_par' dir='ltr' id='par_1_36' title="bbox 813 3210 4075 3308">
     <span class='ocr_line' id='line_1_45' title="bbox 813 3210 4075 3308; baseline -0.008 -19"><span class='ocrx_word' id='word_1_415' title='bbox 813 3250 938 3289; x_wconf 89' lang='lat' dir='ltr'><strong>cum</strong></span> <span class='ocrx_word' id='word_1_416' title='bbox 981 3250 1098 3289; x_wconf 91' lang='lat' dir='ltr'><strong>eam</strong></span> <span class='ocrx_word' id='word_1_417' title='bbox 1139 3252 1205 3290; x_wconf 88' lang='lat' dir='ltr'><strong>ex</strong></span> <span class='ocrx_word' id='word_1_418' title='bbox 1242 3240 1633 3308; x_wconf 89' lang='lat' dir='ltr'><strong>manuscriptis</strong></span> <span class='ocrx_word' id='word_1_419' title='bbox 1667 3210 1831 3303; x_wconf 67' lang='lat' dir='ltr'><strong>eruit,</strong></span> <span class='ocrx_word' id='word_1_420' title='bbox 1862 3210 2024 3308; x_wconf 71' lang='lat' dir='ltr'><strong>atque</strong></span> <span class='ocrx_word' id='word_1_421' title='bbox 2050 3239 2104 3292; x_wconf 92' lang='lat' dir='ltr'><strong>in</strong></span> <span class='ocrx_word' id='word_1_422' title='bbox 2136 3239 2409 3308; x_wconf 89' lang='lat' dir='ltr'><strong>publicam</strong></span> <span class='ocrx_word' id='word_1_423' title='bbox 2436 3238 2613 3289; x_wconf 90' lang='lat' dir='ltr'><strong>lucem</strong></span> <span class='ocrx_word' id='word_1_424' title='bbox 2647 3230 2875 3302; x_wconf 89' lang='lat' dir='ltr'><strong>protulit</strong></span> <span class='ocrx_word' id='word_1_425' title='bbox 2903 3226 3206 3283; x_wconf 90' lang='lat' dir='ltr'><strong>cardinalis</strong></span> <span class='ocrx_word' id='word_1_426' title='bbox 3240 3222 3544 3284; x_wconf 85' lang='lat' dir='ltr'><strong>Baronius;</strong></span> <span class='ocrx_word' id='word_1_427' title='bbox 3579 3232 3642 3273; x_wconf 89' lang='lat' dir='ltr'><strong>ea</strong></span> <span class='ocrx_word' id='word_1_428' title='bbox 3679 3213 3868 3286; x_wconf 90' lang='lat' dir='ltr'><strong>procul</strong></span> <span class='ocrx_word' id='word_1_429' title='bbox 3901 3210 4075 3264; x_wconf 91' lang='lat' dir='ltr'><strong>dubio</strong></span> 
     </span>
    </p>
   </div>
   <div class='ocr_carea' id='block_1_37' title="bbox 814 3307 4073 3396">
    <p class='ocr_par' dir='ltr' id='par_1_37' title="bbox 814 3307 4073 3396">
     <span class='ocr_line' id='line_1_46' title="bbox 814 3307 4073 3396; baseline -0.008 -20"><span class='ocrx_word' id='word_1_430' title='bbox 814 3327 1029 3379; x_wconf 84' lang='lat' dir='ltr'><strong>ratione</strong></span> <span class='ocrx_word' id='word_1_431' title='bbox 1059 3324 1337 3390; x_wconf 88' lang='lat' dir='ltr'><strong>inductus,</strong></span> <span class='ocrx_word' id='word_1_432' title='bbox 1368 3307 1627 3394; x_wconf 84' lang='lat' dir='ltr'><strong>quoniam</strong></span> <span class='ocrx_word' id='word_1_433' title='bbox 1661 3307 1944 3396; x_wconf 84' lang='lat' dir='ltr'><strong>nunquam</strong></span> <span class='ocrx_word' id='word_1_434' title='bbox 1964 3307 2188 3387; x_wconf 84' lang='lat' dir='ltr'><strong>clarius,</strong></span> <span class='ocrx_word' id='word_1_435' title='bbox 2221 3339 2383 3395; x_wconf 90' lang='lat' dir='ltr'><strong>quam</strong></span> <span class='ocrx_word' id='word_1_436' title='bbox 2417 3337 2539 3378; x_wconf 90' lang='lat' dir='ltr'><strong>cum</strong></span> <span class='ocrx_word' id='word_1_437' title='bbox 2569 3327 2940 3389; x_wconf 77' lang='lat' dir='ltr'><strong>oppugnatur,</strong></span> <span class='ocrx_word' id='word_1_438' title='bbox 2973 3313 3180 3369; x_wconf 89' lang='lat' dir='ltr'><strong>veritas</strong></span> <span class='ocrx_word' id='word_1_439' title='bbox 3209 3311 3430 3366; x_wconf 90' lang='lat' dir='ltr'><strong>emicat.</strong></span> <span class='ocrx_word' id='word_1_440' title='bbox 3473 3307 3541 3360; x_wconf 79' lang='lat' dir='ltr'><strong>At</strong></span> <span class='ocrx_word' id='word_1_441' title='bbox 3590 3317 3773 3358; x_wconf 89' lang='lat' dir='ltr'><strong>nonne</strong></span> <span class='ocrx_word' id='word_1_442' title='bbox 3795 3307 4073 3371; x_wconf 72' lang='lat' dir='ltr'><strong>praestan-</strong></span> 
     </span>
    </p>
   </div>
   <div class='ocr_carea' id='block_1_38' title="bbox 815 3387 4077 3477">
    <p class='ocr_par' dir='ltr' id='par_1_38' title="bbox 815 3387 4077 3477">
     <span class='ocr_line' id='line_1_47' title="bbox 815 3387 4077 3477; baseline -0.008 -12"><span class='ocrx_word' id='word_1_443' title='bbox 815 3414 925 3467; x_wconf 91' lang='lat' dir='ltr'><strong>tior</strong></span> <span class='ocrx_word' id='word_1_444' title='bbox 960 3413 1219 3468; x_wconf 90' lang='lat' dir='ltr'><strong>omnibus</strong></span> <span class='ocrx_word' id='word_1_445' title='bbox 1253 3387 1511 3468; x_wconf 47' lang='lat' dir='ltr'><strong>Alco-rani</strong></span> <span class='ocrx_word' id='word_1_446' title='bbox 1536 3415 1705 3470; x_wconf 89' lang='lat' dir='ltr'><strong>editio</strong></span> <span class='ocrx_word' id='word_1_447' title='bbox 1731 3387 1987 3477; x_wconf 73' lang='lat' dir='ltr'><strong>Arabiae,</strong></span> <span class='ocrx_word' id='word_1_448' title='bbox 2015 3423 2067 3468; x_wconf 89' lang='lat' dir='ltr'><strong>et</strong></span> <span class='ocrx_word' id='word_1_449' title='bbox 2094 3387 2283 3468; x_wconf 80' lang='lat' dir='ltr'><strong>Latine</strong></span> <span class='ocrx_word' id='word_1_450' title='bbox 2309 3410 2519 3466; x_wconf 88' lang='lat' dir='ltr'><strong>Patavii</strong></span> <span class='ocrx_word' id='word_1_451' title='bbox 2554 3387 2836 3464; x_wconf 79' lang='lat' dir='ltr'><strong>elaborata</strong></span> <span class='ocrx_word' id='word_1_452' title='bbox 2864 3400 3107 3476; x_wconf 83' lang='lat' dir='ltr'><strong>prodiit?</strong></span> <span class='ocrx_word' id='word_1_453' title='bbox 3135 3398 3333 3455; x_wconf 79' lang='lat' dir='ltr'><strong>Nonne</strong></span> <span class='ocrx_word' id='word_1_454' title='bbox 3362 3394 3607 3450; x_wconf 84' lang='lat' dir='ltr'><strong>Venetiis</strong></span> <span class='ocrx_word' id='word_1_455' title='bbox 3643 3391 3919 3446; x_wconf 86' lang='lat' dir='ltr'><strong>virulenta</strong></span> <span class='ocrx_word' id='word_1_456' title='bbox 3950 3387 4077 3457; x_wconf 68' lang='lat' dir='ltr'><strong>pluo</strong></span> 
     </span>
    </p>
   </div>
   <div class='ocr_carea' id='block_1_39' title="bbox 816 3499 2062 3573">
    <p class='ocr_par' dir='ltr' id='par_1_39' title="bbox 816 3499 2062 3573">
     <span class='ocr_line' id='line_1_48' title="bbox 816 3499 2062 3573; baseline -0.002 -18"><span class='ocrx_word' id='word_1_457' title='bbox 816 3501 960 3555; x_wconf 83' lang='lat' dir='ltr'><strong>rium</strong></span> <span class='ocrx_word' id='word_1_458' title='bbox 995 3499 1369 3556; x_wconf 73' lang='lat' dir='ltr'><strong>Rabbinorum</strong></span> <span class='ocrx_word' id='word_1_459' title='bbox 1391 3517 1558 3572; x_wconf 87' lang='lat' dir='ltr'><strong>opera</strong></span> <span class='ocrx_word' id='word_1_460' title='bbox 1591 3519 1762 3572; x_wconf 85' lang='lat' dir='ltr'><strong>nuper</strong></span> <span class='ocrx_word' id='word_1_461' title='bbox 1790 3505 2014 3573; x_wconf 79' lang='lat' dir='ltr'><strong>vulgata</strong></span> <span class='ocrx_word' id='word_1_462' title='bbox 2038 3502 2062 3553; x_wconf 85' lang='lat'><strong>?</strong></span> 
     </span>
    </p>
   </div>
   <div class='ocr_carea' id='block_1_40' title="bbox 889 3591 4076 3682">
    <p class='ocr_par' dir='ltr' id='par_1_40' title="bbox 889 3591 4076 3682">
     <span class='ocr_line' id='line_1_49' title="bbox 889 3591 4076 3682; baseline -0.009 -13"><span class='ocrx_word' id='word_1_463' title='bbox 889 3613 1092 3669; x_wconf 69' lang='lat' dir='ltr'><strong>Verum</strong></span> <span class='ocrx_word' id='word_1_464' title='bbox 1117 3614 1263 3682; x_wconf 85' lang='lat' dir='ltr'><strong>quod</strong></span> <span class='ocrx_word' id='word_1_465' title='bbox 1292 3614 1357 3669; x_wconf 91' lang='lat' dir='ltr'><strong>ad</strong></span> <span class='ocrx_word' id='word_1_466' title='bbox 1388 3615 1586 3671; x_wconf 86' lang='lat' dir='ltr'><strong>Leonis</strong></span> <span class='ocrx_word' id='word_1_467' title='bbox 1616 3617 1921 3671; x_wconf 88' lang='lat' dir='ltr'><strong>orationem</strong></span> <span class='ocrx_word' id='word_1_468' title='bbox 1977 3616 2195 3679; x_wconf 87' lang='lat' dir='ltr'><strong>attinet,</strong></span> <span class='ocrx_word' id='word_1_469' title='bbox 2245 3613 2392 3669; x_wconf 88' lang='lat' dir='ltr'><strong>unde</strong></span> <span class='ocrx_word' id='word_1_470' title='bbox 2417 3611 2635 3668; x_wconf 89' lang='lat' dir='ltr'><strong>erudito</strong></span> <span class='ocrx_word' id='word_1_471' title='bbox 2683 3605 2864 3661; x_wconf 74' lang='lat' dir='ltr'><strong>Russo</strong></span> <span class='ocrx_word' id='word_1_472' title='bbox 2913 3599 3232 3673; x_wconf 87' lang='lat' dir='ltr'><strong>plenissime</strong></span> <span class='ocrx_word' id='word_1_473' title='bbox 3283 3595 3688 3656; x_wconf 80' lang='lat' dir='ltr'><strong>satisfacerem,</strong></span> <span class='ocrx_word' id='word_1_474' title='bbox 3722 3591 3778 3646; x_wconf 91' lang='lat' dir='ltr'><strong>in</strong></span> <span class='ocrx_word' id='word_1_475' title='bbox 3809 3597 4076 3661; x_wconf 88' lang='lat' dir='ltr'><strong>promptu</strong></span> 
     </span>
    </p>
   </div>
   <div class='ocr_carea' id='block_1_41' title="bbox 819 3680 4078 3768">
    <p class='ocr_par' dir='ltr' id='par_1_41' title="bbox 819 3680 4078 3768">
     <span class='ocr_line' id='line_1_50' title="bbox 819 3680 4078 3768; baseline -0.009 -11"><span class='ocrx_word' id='word_1_476' title='bbox 819 3702 953 3757; x_wconf 86' lang='lat' dir='ltr'><strong>mihi</strong></span> <span class='ocrx_word' id='word_1_477' title='bbox 982 3701 1102 3754; x_wconf 90' lang='lat' dir='ltr'><strong>fuit.</strong></span> <span class='ocrx_word' id='word_1_478' title='bbox 1137 3701 1392 3757; x_wconf 90' lang='lat' dir='ltr'><strong>Codicem</strong></span> <span class='ocrx_word' id='word_1_479' title='bbox 1427 3703 1642 3757; x_wconf 87' lang='lat' dir='ltr'><strong>ostendi</strong></span> <span class='ocrx_word' id='word_1_480' title='bbox 1669 3704 2005 3765; x_wconf 87' lang='lat' dir='ltr'><strong>inauratum,</strong></span> <span class='ocrx_word' id='word_1_481' title='bbox 2031 3711 2088 3756; x_wconf 91' lang='lat' dir='ltr'><strong>ut</strong></span> <span class='ocrx_word' id='word_1_482' title='bbox 2119 3701 2464 3768; x_wconf 88' lang='lat' dir='ltr'><strong>imperatoris</strong></span> <span class='ocrx_word' id='word_1_483' title='bbox 2491 3695 2900 3753; x_wconf 85' lang='lat' dir='ltr'><strong>lucubrationes</strong></span> <span class='ocrx_word' id='word_1_484' title='bbox 2927 3698 3232 3745; x_wconf 84' lang='lat' dir='ltr'><strong>servantem</strong></span> <span class='ocrx_word' id='word_1_485' title='bbox 3261 3686 3440 3750; x_wconf 89' lang='lat' dir='ltr'><strong>decet,</strong></span> <span class='ocrx_word' id='word_1_486' title='bbox 3468 3686 3520 3736; x_wconf 92' lang='lat' dir='ltr'><strong>in</strong></span> <span class='ocrx_word' id='word_1_487' title='bbox 3548 3681 3752 3736; x_wconf 65' lang='lat' dir='ltr'><strong>Graecia</strong></span> <span class='ocrx_word' id='word_1_488' title='bbox 3785 3680 4078 3748; x_wconf 77' lang='lat' dir='ltr'><strong>sei-iptuni,</strong></span> 
     </span>
    </p>
   </div>
   <div class='ocr_carea' id='block_1_42' title="bbox 820 3764 4083 3860">
    <p class='ocr_par' dir='ltr' id='par_1_42' title="bbox 820 3764 4083 3860">
     <span class='ocr_line' id='line_1_51' title="bbox 820 3764 4083 3860; baseline -0.008 -18"><span class='ocrx_word' id='word_1_489' title='bbox 820 3789 1209 3859; x_wconf 64' lang='lat' dir='ltr'><strong>eleganterque</strong></span> <span class='ocrx_word' id='word_1_490' title='bbox 1244 3801 1610 3860; x_wconf 86' lang='lat' dir='ltr'><strong>compactum,</strong></span> <span class='ocrx_word' id='word_1_491' title='bbox 1655 3789 1849 3844; x_wconf 85' lang='lat' dir='ltr'><strong>Leonis</strong></span> <span class='ocrx_word' id='word_1_492' title='bbox 1877 3789 1938 3842; x_wconf 76' lang='lat' dir='ltr'><strong>VI</strong></span> <span class='ocrx_word' id='word_1_493' title='bbox 1975 3789 2136 3856; x_wconf 62' lang='lat' dir='ltr'><strong>vulgo</strong></span> <span class='ocrx_word' id='word_1_494' title='bbox 2174 3787 2451 3856; x_wconf 85' lang='lat' dir='ltr'><strong>Sapientis</strong></span> <span class='ocrx_word' id='word_1_495' title='bbox 2492 3783 2745 3837; x_wconf 80' lang='lat' dir='ltr'><strong>homilias</strong></span> <span class='ocrx_word' id='word_1_496' title='bbox 2781 3779 3156 3832; x_wconf 86' lang='lat' dir='ltr'><strong>continentem</strong></span> <span class='ocrx_word' id='word_1_497' title='bbox 3197 3775 3265 3828; x_wconf 82' lang='grc'><strong>’55</strong></span> <span class='ocrx_word' id='word_1_498' title='bbox 3319 3789 3383 3826; x_wconf 90' lang='lat' dir='ltr'><strong>ea</strong></span> <span class='ocrx_word' id='word_1_499' title='bbox 3432 3769 3622 3824; x_wconf 88' lang='lat' dir='ltr'><strong>morali</strong></span> <span class='ocrx_word' id='word_1_500' title='bbox 3655 3768 3908 3836; x_wconf 83' lang='lat' dir='ltr'><strong>epistola,</strong></span> <span class='ocrx_word' id='word_1_501' title='bbox 3966 3764 4083 3818; x_wconf 80' lang='lat' dir='ltr'><strong>sive</strong></span> 
     </span>
    </p>
   </div>
   <div class='ocr_carea' id='block_1_43' title="bbox 823 3853 4078 3947">
    <p class='ocr_par' dir='ltr' id='par_1_43' title="bbox 823 3853 4078 3947">
     <span class='ocr_line' id='line_1_52' title="bbox 823 3853 4078 3947; baseline -0.008 -17"><span class='ocrx_word' id='word_1_502' title='bbox 823 3877 1111 3947; x_wconf 64' lang='lat' dir='ltr'><strong>parmnesi,</strong></span> <span class='ocrx_word' id='word_1_503' title='bbox 1148 3878 1291 3931; x_wconf 91' lang='lat' dir='ltr'><strong>inter</strong></span> <span class='ocrx_word' id='word_1_504' title='bbox 1319 3877 1417 3933; x_wconf 88' lang='lat' dir='ltr'><strong>bas</strong></span> <span class='ocrx_word' id='word_1_505' title='bbox 1440 3886 1774 3946; x_wconf 86' lang='lat' dir='ltr'><strong>computata,</strong></span> <span class='ocrx_word' id='word_1_506' title='bbox 1811 3892 1973 3946; x_wconf 86' lang='lat' dir='ltr'><strong>quam</strong></span> <span class='ocrx_word' id='word_1_507' title='bbox 2005 3853 2196 3928; x_wconf 77' lang='lat' dir='ltr'><strong>Latine</strong></span> <span class='ocrx_word' id='word_1_508' title='bbox 2227 3853 2291 3927; x_wconf 78' lang='lat' dir='ltr'><strong>ad</strong></span> <span class='ocrx_word' id='word_1_509' title='bbox 2332 3888 2530 3925; x_wconf 88' lang='lat' dir='ltr'><strong>annum</strong></span> <span class='ocrx_word' id='word_1_510' title='bbox 2581 3870 2676 3924; x_wconf 81' lang='lat' dir='ltr'><strong>9H</strong></span> <span class='ocrx_word' id='word_1_511' title='bbox 2708 3868 2977 3922; x_wconf 83' lang='lat' dir='ltr'><strong>Baronius</strong></span> <span class='ocrx_word' id='word_1_512' title='bbox 3004 3865 3200 3920; x_wconf 89' lang='lat' dir='ltr'><strong>edidit.</strong></span> <span class='ocrx_word' id='word_1_513' title='bbox 3236 3861 3406 3925; x_wconf 87' lang='lat' dir='ltr'><strong>Ordo,</strong></span> <span class='ocrx_word' id='word_1_514' title='bbox 3445 3873 3554 3929; x_wconf 93' lang='lat' dir='ltr'><strong>quo</strong></span> <span class='ocrx_word' id='word_1_515' title='bbox 3603 3862 3990 3913; x_wconf 80' lang='lat' dir='ltr'><strong>recensentur,</strong></span> <span class='ocrx_word' id='word_1_516' title='bbox 4031 3853 4078 3905; x_wconf 89' lang='lat' dir='ltr'><strong>is</strong></span> 
     </span>
    </p>
   </div>
   <div class='ocr_carea' id='block_1_44' title="bbox 824 3943 4082 4034">
    <p class='ocr_par' dir='ltr' id='par_1_44' title="bbox 824 3943 4082 4034">
     <span class='ocr_line' id='line_1_53' title="bbox 824 3943 4082 4034; baseline -0.007 -17"><span class='ocrx_word' id='word_1_517' title='bbox 824 3966 943 4034; x_wconf 87' lang='lat' dir='ltr'><strong>ipse</strong></span> <span class='ocrx_word' id='word_1_518' title='bbox 969 3974 1072 4028; x_wconf 88' lang='lat' dir='ltr'><strong>est,</strong></span> <span class='ocrx_word' id='word_1_519' title='bbox 1109 3966 1197 4019; x_wconf 92' lang='lat' dir='ltr'><strong>cui</strong></span> <span class='ocrx_word' id='word_1_520' title='bbox 1227 3964 1522 4020; x_wconf 83' lang='lat' dir='ltr'><strong>Vaticanus</strong></span> <span class='ocrx_word' id='word_1_521' title='bbox 1560 3943 1695 4019; x_wconf 81' lang='lat' dir='ltr'><strong>liber</strong></span> <span class='ocrx_word' id='word_1_522' title='bbox 1743 3943 2066 4028; x_wconf 64' lang='lat' dir='ltr'><strong>inhaerebat,</strong></span> <span class='ocrx_word' id='word_1_523' title='bbox 2117 3979 2146 4016; x_wconf 87' lang='lat' dir='ltr'><strong>a</strong></span> <span class='ocrx_word' id='word_1_524' title='bbox 2179 3978 2290 4031; x_wconf 89' lang='lat' dir='ltr'><strong>qtto</strong></span> <span class='ocrx_word' id='word_1_525' title='bbox 2325 3959 2587 4012; x_wconf 82' lang='lat' dir='ltr'><strong>Baronius</strong></span> <span class='ocrx_word' id='word_1_526' title='bbox 2633 3972 2821 4011; x_wconf 89' lang='lat' dir='ltr'><strong>earum</strong></span> <span class='ocrx_word' id='word_1_527' title='bbox 2863 3961 3188 4023; x_wconf 80' lang='lat' dir='ltr'><strong>argumenta</strong></span> <span class='ocrx_word' id='word_1_528' title='bbox 3245 3947 3608 4019; x_wconf 86' lang='lat' dir='ltr'><strong>deprompsit.</strong></span> <span class='ocrx_word' id='word_1_529' title='bbox 3639 3944 3719 3998; x_wconf 88' lang='lat' dir='ltr'><strong>Ex</strong></span> <span class='ocrx_word' id='word_1_530' title='bbox 3742 3944 3829 3998; x_wconf 90' lang='lat' dir='ltr'><strong>his</strong></span> <span class='ocrx_word' id='word_1_531' title='bbox 3855 3943 3924 3996; x_wconf 70' lang='lat'><strong>15</strong></span> <span class='ocrx_word' id='word_1_532' title='bbox 3955 3951 4082 3994; x_wconf 87' lang='lat' dir='ltr'><strong>tan-</strong></span> 
     </span>
    </p>
   </div>
   <div class='ocr_carea' id='block_1_45' title="bbox 825 4029 4080 4122">
    <p class='ocr_par' dir='ltr' id='par_1_45' title="bbox 825 4029 4080 4122">
     <span class='ocr_line' id='line_1_54' title="bbox 825 4029 4080 4122; baseline -0.008 -16"><span class='ocrx_word' id='word_1_533' title='bbox 825 4053 1116 4107; x_wconf 87' lang='lat' dir='ltr'><strong>tummodo</strong></span> <span class='ocrx_word' id='word_1_534' title='bbox 1142 4053 1194 4106; x_wconf 90' lang='lat' dir='ltr'><strong>in</strong></span> <span class='ocrx_word' id='word_1_535' title='bbox 1223 4053 1494 4122; x_wconf 87' lang='lat' dir='ltr'><strong>publicam</strong></span> <span class='ocrx_word' id='word_1_536' title='bbox 1532 4055 1708 4107; x_wconf 88' lang='lat' dir='ltr'><strong>lucem</strong></span> <span class='ocrx_word' id='word_1_537' title='bbox 1744 4055 1966 4122; x_wconf 76' lang='lat' dir='ltr'><strong>prolata:</strong></span> <span class='ocrx_word' id='word_1_538' title='bbox 1997 4061 2143 4117; x_wconf 88' lang='lat' dir='ltr'><strong>sunt,</strong></span> <span class='ocrx_word' id='word_1_539' title='bbox 2175 4029 2241 4102; x_wconf 63' lang='lat' dir='ltr'><strong>f8</strong></span> <span class='ocrx_word' id='word_1_540' title='bbox 2267 4050 2456 4112; x_wconf 84' lang='lat' dir='ltr'><strong>latent,</strong></span> <span class='ocrx_word' id='word_1_541' title='bbox 2488 4054 2541 4100; x_wconf 85' lang='lat' dir='ltr'><strong>et</strong></span> <span class='ocrx_word' id='word_1_542' title='bbox 2568 4045 2637 4099; x_wconf 88' lang='lat' dir='ltr'><strong>ab</strong></span> <span class='ocrx_word' id='word_1_543' title='bbox 2663 4041 2898 4097; x_wconf 85' lang='lat' dir='ltr'><strong>eruditis</strong></span> <span class='ocrx_word' id='word_1_544' title='bbox 2928 4041 3248 4107; x_wconf 81' lang='lat' dir='ltr'><strong>cupiuntur.</strong></span> <span class='ocrx_word' id='word_1_545' title='bbox 3279 4036 3635 4105; x_wconf 69' lang='lat' dir='ltr'><strong>Vulgatarum</strong></span> <span class='ocrx_word' id='word_1_546' title='bbox 3669 4047 3698 4084; x_wconf 90' lang='lat' dir='ltr'><strong>a</strong></span> <span class='ocrx_word' id='word_1_547' title='bbox 3721 4029 4080 4087; x_wconf 72' lang='lat' dir='ltr'><strong>Combefisio,</strong></span> 
     </span>
    </p>
   </div>
   <div class='ocr_carea' id='block_1_46' title="bbox 826 4117 4082 4212">
    <p class='ocr_par' dir='ltr' id='par_1_46' title="bbox 826 4117 4082 4212">
     <span class='ocr_line' id='line_1_55' title="bbox 826 4117 4082 4212; baseline -0.009 -17"><span class='ocrx_word' id='word_1_548' title='bbox 826 4155 948 4210; x_wconf 63' lang='lat' dir='ltr'><strong>quae</strong></span> <span class='ocrx_word' id='word_1_549' title='bbox 980 4143 1152 4195; x_wconf 76' lang='lat' dir='ltr'><strong>beata:</strong></span> <span class='ocrx_word' id='word_1_550' title='bbox 1183 4140 1424 4212; x_wconf 75' lang='lat' dir='ltr'><strong>Virginis</strong></span> <span class='ocrx_word' id='word_1_551' title='bbox 1459 4142 1987 4204; x_wconf 72' lang='lat' dir='ltr'><strong>Annuntiationmn,</strong></span> <span class='ocrx_word' id='word_1_552' title='bbox 2038 4139 2359 4205; x_wconf 90' lang='lat' dir='ltr'><strong>Dominique</strong></span> <span class='ocrx_word' id='word_1_553' title='bbox 2416 4133 2897 4188; x_wconf 75' lang='lat' dir='ltr'><strong>ltesurrectionem</strong></span> <span class='ocrx_word' id='word_1_554' title='bbox 2953 4126 3255 4189; x_wconf 86' lang='lat' dir='ltr'><strong>celebrant,</strong></span> <span class='ocrx_word' id='word_1_555' title='bbox 3320 4139 3422 4178; x_wconf 87' lang='lat' dir='ltr'><strong>nec.</strong></span> <span class='ocrx_word' id='word_1_556' title='bbox 3461 4121 3705 4175; x_wconf 82' lang='lat' dir='ltr'><strong>Vaticani</strong></span> <span class='ocrx_word' id='word_1_557' title='bbox 3759 4136 3786 4172; x_wconf 90' lang='lat' dir='ltr'><strong>a</strong></span> <span class='ocrx_word' id='word_1_558' title='bbox 3839 4117 4082 4171; x_wconf 84' lang='lat' dir='ltr'><strong>Baronio</strong></span> 
     </span>
    </p>
   </div>
   <div class='ocr_carea' id='block_1_47' title="bbox 827 4206 4085 4300">
    <p class='ocr_par' dir='ltr' id='par_1_47' title="bbox 827 4206 4085 4300">
     <span class='ocr_line' id='line_1_56' title="bbox 827 4206 4085 4300; baseline -0.009 -16"><span class='ocrx_word' id='word_1_559' title='bbox 827 4231 1062 4299; x_wconf 84' lang='lat' dir='ltr'><strong>inspecti</strong></span> <span class='ocrx_word' id='word_1_560' title='bbox 1096 4229 1254 4285; x_wconf 85' lang='lat' dir='ltr'><strong>fidem</strong></span> <span class='ocrx_word' id='word_1_561' title='bbox 1291 4232 1721 4300; x_wconf 84' lang='lat' dir='ltr'><strong>comprobarunt</strong></span> <span class='ocrx_word' id='word_1_562' title='bbox 1755 4229 1996 4290; x_wconf 75' lang='lat' dir='ltr'><strong>codices,</strong></span> <span class='ocrx_word' id='word_1_563' title='bbox 2025 4243 2129 4281; x_wconf 85' lang='lat' dir='ltr'><strong>nec</strong></span> <span class='ocrx_word' id='word_1_564' title='bbox 2159 4237 2348 4280; x_wconf 86' lang='lat' dir='ltr'><strong>noster</strong></span> <span class='ocrx_word' id='word_1_565' title='bbox 2377 4219 2719 4290; x_wconf 88' lang='lat' dir='ltr'><strong>comprobat,</strong></span> <span class='ocrx_word' id='word_1_566' title='bbox 2751 4217 2846 4286; x_wconf 91' lang='lat' dir='ltr'><strong>qui</strong></span> <span class='ocrx_word' id='word_1_567' title='bbox 2886 4229 2982 4270; x_wconf 90' lang='lat' dir='ltr'><strong>eas</strong></span> <span class='ocrx_word' id='word_1_568' title='bbox 3037 4228 3145 4266; x_wconf 92' lang='lat' dir='ltr'><strong>non</strong></span> <span class='ocrx_word' id='word_1_569' title='bbox 3195 4212 3417 4266; x_wconf 85' lang='lat' dir='ltr'><strong>habent.</strong></span> <span class='ocrx_word' id='word_1_570' title='bbox 3478 4208 3597 4271; x_wconf 83' lang='lat' dir='ltr'><strong>llla,</strong></span> <span class='ocrx_word' id='word_1_571' title='bbox 3635 4206 3702 4260; x_wconf 89' lang='lat' dir='ltr'><strong>de</strong></span> <span class='ocrx_word' id='word_1_572' title='bbox 3763 4221 3869 4275; x_wconf 86' lang='lat' dir='ltr'><strong>qua</strong></span> <span class='ocrx_word' id='word_1_573' title='bbox 3897 4220 4085 4259; x_wconf 86' lang='lat' dir='ltr'><strong>sermo</strong></span> 
     </span>
    </p>
   </div>
   <div class='ocr_carea' id='block_1_48' title="bbox 827 4295 4087 4384">
    <p class='ocr_par' dir='ltr' id='par_1_48' title="bbox 827 4295 4087 4384">
     <span class='ocr_line' id='line_1_57' title="bbox 827 4295 4087 4384; baseline -0.009 -11"><span class='ocrx_word' id='word_1_574' title='bbox 827 4327 968 4384; x_wconf 73' lang='lat' dir='ltr'><strong>erat,</strong></span> <span class='ocrx_word' id='word_1_575' title='bbox 993 4319 1213 4372; x_wconf 88' lang='lat' dir='ltr'><strong>tertium</strong></span> <span class='ocrx_word' id='word_1_576' title='bbox 1253 4319 1306 4372; x_wconf 87' lang='lat' dir='ltr'><strong>in</strong></span> <span class='ocrx_word' id='word_1_577' title='bbox 1336 4336 1466 4375; x_wconf 84' lang='lat' dir='ltr'><strong>mss.</strong></span> <span class='ocrx_word' id='word_1_578' title='bbox 1500 4321 1706 4374; x_wconf 90' lang='lat' dir='ltr'><strong>obtinet</strong></span> <span class='ocrx_word' id='word_1_579' title='bbox 1740 4319 1940 4372; x_wconf 89' lang='lat' dir='ltr'><strong>locum.</strong></span> <span class='ocrx_word' id='word_1_580' title='bbox 1979 4315 2036 4370; x_wconf 89' lang='lat' dir='ltr'><strong>In</strong></span> <span class='ocrx_word' id='word_1_581' title='bbox 2067 4331 2126 4369; x_wconf 88' lang='lat' dir='ltr'><strong>ea</strong></span> <span class='ocrx_word' id='word_1_582' title='bbox 2157 4311 2421 4384; x_wconf 87' lang='lat' dir='ltr'><strong>quidquid</strong></span> <span class='ocrx_word' id='word_1_583' title='bbox 2453 4324 2551 4380; x_wconf 87' lang='lat' dir='ltr'><strong>pro</strong></span> <span class='ocrx_word' id='word_1_584' title='bbox 2580 4306 2891 4362; x_wconf 66' lang='lat' dir='ltr'><strong>Graecorum</strong></span> <span class='ocrx_word' id='word_1_585' title='bbox 2931 4316 3120 4355; x_wconf 74' lang='lat' dir='ltr'><strong>errore</strong></span> <span class='ocrx_word' id='word_1_586' title='bbox 3152 4299 3219 4352; x_wconf 91' lang='lat' dir='ltr'><strong>de</strong></span> <span class='ocrx_word' id='word_1_587' title='bbox 3249 4299 3426 4352; x_wconf 86' lang='lat' dir='ltr'><strong>sancti</strong></span> <span class='ocrx_word' id='word_1_588' title='bbox 3455 4297 3693 4364; x_wconf 83' lang='lat' dir='ltr'><strong>Spiritus</strong></span> <span class='ocrx_word' id='word_1_589' title='bbox 3724 4295 4087 4363; x_wconf 85' lang='lat' dir='ltr'><strong>proccssione</strong></span> 
     </span>
    </p>
   </div>
   <div class='ocr_carea' id='block_1_49' title="bbox 831 4379 4088 4478">
    <p class='ocr_par' dir='ltr' id='par_1_49' title="bbox 831 4379 4088 4478">
     <span class='ocr_line' id='line_1_58' title="bbox 831 4379 4088 4478; baseline -0.008 -18"><span class='ocrx_word' id='word_1_590' title='bbox 831 4407 1201 4476; x_wconf 82' lang='lat' dir='ltr'><strong>excogitatum</strong></span> <span class='ocrx_word' id='word_1_591' title='bbox 1238 4407 1361 4470; x_wconf 86' lang='lat' dir='ltr'><strong>fuit,</strong></span> <span class='ocrx_word' id='word_1_592' title='bbox 1405 4407 1610 4478; x_wconf 82' lang='lat' dir='ltr'><strong>colligit</strong></span> <span class='ocrx_word' id='word_1_593' title='bbox 1661 4406 1792 4467; x_wconf 78' lang='lat' dir='ltr'><strong>Leo.</strong></span> <span class='ocrx_word' id='word_1_594' title='bbox 1826 4414 1988 4471; x_wconf 82' lang='lat' dir='ltr'><strong>atque</strong></span> <span class='ocrx_word' id='word_1_595' title='bbox 2018 4379 2266 4472; x_wconf 72' lang='lat' dir='ltr'><strong>apparat.</strong></span> <span class='ocrx_word' id='word_1_596' title='bbox 2304 4379 2648 4467; x_wconf 70' lang='lat' dir='ltr'><strong>Quapropter</strong></span> <span class='ocrx_word' id='word_1_597' title='bbox 2679 4391 2872 4446; x_wconf 90' lang='lat' dir='ltr'><strong>nullibi</strong></span> <span class='ocrx_word' id='word_1_598' title='bbox 2913 4388 3088 4458; x_wconf 81' lang='lat' dir='ltr'><strong>magis</strong></span> <span class='ocrx_word' id='word_1_599' title='bbox 3120 4389 3321 4452; x_wconf 85' lang='lat' dir='ltr'><strong>elucet,</strong></span> <span class='ocrx_word' id='word_1_600' title='bbox 3348 4400 3512 4454; x_wconf 88' lang='lat' dir='ltr'><strong>quam</strong></span> <span class='ocrx_word' id='word_1_601' title='bbox 3547 4383 3766 4437; x_wconf 80' lang='lat' dir='ltr'><strong>miseris</strong></span> <span class='ocrx_word' id='word_1_602' title='bbox 3810 4379 4088 4450; x_wconf 85' lang='lat' dir='ltr'><strong>captioni-</strong></span> 
     </span>
    </p>
   </div>
   <div class='ocr_carea' id='block_1_50' title="bbox 835 4477 2988 4564">
    <p class='ocr_par' dir='ltr' id='par_1_50' title="bbox 835 4477 2988 4564">
     <span class='ocr_line' id='line_1_59' title="bbox 835 4477 2988 4564; baseline -0.008 -15"><span class='ocrx_word' id='word_1_603' title='bbox 835 4497 960 4559; x_wconf 89' lang='lat' dir='ltr'><strong>bus,</strong></span> <span class='ocrx_word' id='word_1_604' title='bbox 996 4510 1158 4564; x_wconf 90' lang='lat' dir='ltr'><strong>quam</strong></span> <span class='ocrx_word' id='word_1_605' title='bbox 1193 4493 1424 4550; x_wconf 78' lang='lat' dir='ltr'><strong>infirmis</strong></span> <span class='ocrx_word' id='word_1_606' title='bbox 1455 4477 1773 4549; x_wconf 78' lang='lat' dir='ltr'><strong>scliismatis</strong></span> <span class='ocrx_word' id='word_1_607' title='bbox 1803 4500 2240 4562; x_wconf 80' lang='lat' dir='ltr'><strong>propugnatores</strong></span> <span class='ocrx_word' id='word_1_608' title='bbox 2269 4487 2575 4541; x_wconf 89' lang='lat' dir='ltr'><strong>innitantur</strong></span> <span class='ocrx_word' id='word_1_609' title='bbox 2605 4477 2988 4550; x_wconf 77' lang='lat' dir='ltr'><strong>sophismatis.</strong></span> 
     </span>
    </p>
   </div>
   <div class='ocr_carea' id='block_1_51' title="bbox 905 4552 4084 4639">
    <p class='ocr_par' dir='ltr' id='par_1_51' title="bbox 905 4552 4084 4639">
     <span class='ocr_line' id='line_1_60' title="bbox 905 4552 4084 4639; baseline -0.009 -4"><span class='ocrx_word' id='word_1_610' title='bbox 905 4581 1043 4635; x_wconf 85' lang='lat' dir='ltr'><strong>Cum</strong></span> <span class='ocrx_word' id='word_1_611' title='bbox 1081 4591 1259 4636; x_wconf 90' lang='lat' dir='ltr'><strong>autem</strong></span> <span class='ocrx_word' id='word_1_612' title='bbox 1293 4583 1360 4636; x_wconf 89' lang='lat' dir='ltr'><strong>ad</strong></span> <span class='ocrx_word' id='word_1_613' title='bbox 1391 4583 1672 4636; x_wconf 87' lang='lat' dir='ltr'><strong>chartulas</strong></span> <span class='ocrx_word' id='word_1_614' title='bbox 1705 4596 1855 4634; x_wconf 87' lang='lat' dir='ltr'><strong>meas</strong></span> <span class='ocrx_word' id='word_1_615' title='bbox 1891 4579 2276 4639; x_wconf 88' lang='lat' dir='ltr'><strong>accessissem,</strong></span> <span class='ocrx_word' id='word_1_616' title='bbox 2306 4574 2545 4628; x_wconf 88' lang='lat' dir='ltr'><strong>libellum</strong></span> <span class='ocrx_word' id='word_1_617' title='bbox 2571 4567 2805 4632; x_wconf 83' lang='lat' dir='ltr'><strong>extraxi,</strong></span> <span class='ocrx_word' id='word_1_618' title='bbox 2839 4567 2892 4618; x_wconf 90' lang='lat' dir='ltr'><strong>in</strong></span> <span class='ocrx_word' id='word_1_619' title='bbox 2919 4578 3029 4634; x_wconf 91' lang='lat' dir='ltr'><strong>quo</strong></span> <span class='ocrx_word' id='word_1_620' title='bbox 3061 4569 3187 4616; x_wconf 90' lang='lat' dir='ltr'><strong>ante</strong></span> <span class='ocrx_word' id='word_1_621' title='bbox 3212 4560 3314 4614; x_wconf 89' lang='lat' dir='ltr'><strong>hos</strong></span> <span class='ocrx_word' id='word_1_622' title='bbox 3338 4559 3409 4614; x_wconf 73' lang='lat'><strong>20</strong></span> <span class='ocrx_word' id='word_1_623' title='bbox 3438 4565 3533 4610; x_wconf 91' lang='lat' dir='ltr'><strong>aut</strong></span> <span class='ocrx_word' id='word_1_624' title='bbox 3573 4556 3782 4626; x_wconf 86' lang='lat' dir='ltr'><strong>plures,</strong></span> <span class='ocrx_word' id='word_1_625' title='bbox 3808 4553 3865 4607; x_wconf 91' lang='lat' dir='ltr'><strong>ni</strong></span> <span class='ocrx_word' id='word_1_626' title='bbox 3900 4552 4084 4618; x_wconf 88' lang='lat' dir='ltr'><strong>fallor,</strong></span> 
     </span>
    </p>
   </div>
   <div class='ocr_carea' id='block_1_52' title="bbox 836 4644 4088 4738">
    <p class='ocr_par' dir='ltr' id='par_1_52' title="bbox 836 4644 4088 4738">
     <span class='ocr_line' id='line_1_61' title="bbox 836 4644 4088 4738; baseline -0.007 -16"><span class='ocrx_word' id='word_1_627' title='bbox 836 4683 1035 4733; x_wconf 88' lang='lat' dir='ltr'><strong>annos,</strong></span> <span class='ocrx_word' id='word_1_628' title='bbox 1057 4669 1335 4738; x_wconf 76' lang='lat' dir='ltr'><strong>exscripta</strong></span> <span class='ocrx_word' id='word_1_629' title='bbox 1377 4684 1472 4738; x_wconf 89' lang='lat' dir='ltr'><strong>per</strong></span> <span class='ocrx_word' id='word_1_630' title='bbox 1504 4683 1589 4723; x_wconf 94' lang='lat' dir='ltr'><strong>me</strong></span> <span class='ocrx_word' id='word_1_631' title='bbox 1620 4684 1650 4722; x_wconf 92' lang='lat' dir='ltr'><strong>e</strong></span> <span class='ocrx_word' id='word_1_632' title='bbox 1672 4668 1860 4722; x_wconf 91' lang='lat' dir='ltr'><strong>codice</strong></span> <span class='ocrx_word' id='word_1_633' title='bbox 1893 4667 2069 4721; x_wconf 88' lang='lat' dir='ltr'><strong>oratio</strong></span> <span class='ocrx_word' id='word_1_634' title='bbox 2101 4666 2301 4729; x_wconf 84' lang='lat' dir='ltr'><strong>fuerat,</strong></span> <span class='ocrx_word' id='word_1_635' title='bbox 2337 4661 2528 4715; x_wconf 88' lang='lat' dir='ltr'><strong>Latine</strong></span> <span class='ocrx_word' id='word_1_636' title='bbox 2558 4656 2793 4719; x_wconf 84' lang='lat' dir='ltr'><strong>reddita,</strong></span> <span class='ocrx_word' id='word_1_637' title='bbox 2821 4661 2874 4708; x_wconf 91' lang='lat' dir='ltr'><strong>et</strong></span> <span class='ocrx_word' id='word_1_638' title='bbox 2910 4653 2981 4706; x_wconf 90' lang='lat' dir='ltr'><strong>ob</strong></span> <span class='ocrx_word' id='word_1_639' title='bbox 3013 4665 3236 4705; x_wconf 90' lang='lat' dir='ltr'><strong>causam</strong></span> <span class='ocrx_word' id='word_1_640' title='bbox 3263 4650 3405 4701; x_wconf 87' lang='lat' dir='ltr'><strong>hanc</strong></span> <span class='ocrx_word' id='word_1_641' title='bbox 3444 4647 3662 4699; x_wconf 86' lang='lat' dir='ltr'><strong>abunde</strong></span> <span class='ocrx_word' id='word_1_642' title='bbox 3686 4644 4001 4710; x_wconf 83' lang='lat' dir='ltr'><strong>confutata,</strong></span> <span class='ocrx_word' id='word_1_643' title='bbox 4034 4653 4088 4698; x_wconf 84' lang='lat' dir='ltr'><strong>et</strong></span> 
     </span>
    </p>
   </div>
   <div class='ocr_carea' id='block_1_53' title="bbox 838 4733 4091 4826">
    <p class='ocr_par' dir='ltr' id='par_1_53' title="bbox 838 4733 4091 4826">
     <span class='ocr_line' id='line_1_62' title="bbox 838 4733 4091 4826; baseline -0.007 -17"><span class='ocrx_word' id='word_1_644' title='bbox 838 4755 1063 4825; x_wconf 85' lang='lat' dir='ltr'><strong>rejecta.</strong></span> <span class='ocrx_word' id='word_1_645' title='bbox 1099 4753 1215 4810; x_wconf 87' lang='lat' dir='ltr'><strong>Hoc</strong></span> <span class='ocrx_word' id='word_1_646' title='bbox 1252 4757 1837 4826; x_wconf 65' lang='lat' dir='ltr'><strong>autempraastiteram,</strong></span> <span class='ocrx_word' id='word_1_647' title='bbox 1871 4770 1996 4808; x_wconf 91' lang='lat' dir='ltr'><strong>cum</strong></span> <span class='ocrx_word' id='word_1_648' title='bbox 2029 4754 2416 4807; x_wconf 88' lang='lat' dir='ltr'><strong>anecdotorum</strong></span> <span class='ocrx_word' id='word_1_649' title='bbox 2472 4747 2526 4800; x_wconf 90' lang='lat' dir='ltr'><strong>in</strong></span> <span class='ocrx_word' id='word_1_650' title='bbox 2563 4759 2697 4800; x_wconf 84' lang='lat' dir='ltr'><strong>mss.</strong></span> <span class='ocrx_word' id='word_1_651' title='bbox 2752 4741 3167 4796; x_wconf 84' lang='lat' dir='ltr'><strong>Veronensibus</strong></span> <span class='ocrx_word' id='word_1_652' title='bbox 3217 4736 3501 4791; x_wconf 90' lang='lat' dir='ltr'><strong>latentium</strong></span> <span class='ocrx_word' id='word_1_653' title='bbox 3543 4733 3927 4787; x_wconf 89' lang='lat' dir='ltr'><strong>collectionem</strong></span> <span class='ocrx_word' id='word_1_654' title='bbox 3961 4744 4091 4787; x_wconf 74' lang='lat' dir='ltr'><strong>ture</strong></span> 
     </span>
    </p>
   </div>
   <div class='ocr_carea' id='block_1_54' title="bbox 845 4821 4092 4913">
    <p class='ocr_par' dir='ltr' id='par_1_54' title="bbox 845 4821 4092 4913">
     <span class='ocr_line' id='line_1_63' title="bbox 845 4821 4092 4913; baseline -0.007 -17"><span class='ocrx_word' id='word_1_655' title='bbox 845 4844 1108 4912; x_wconf 88' lang='lat' dir='ltr'><strong>temporis</strong></span> <span class='ocrx_word' id='word_1_656' title='bbox 1148 4843 1492 4909; x_wconf 68' lang='lat' dir='ltr'><strong>adornat-em,</strong></span> <span class='ocrx_word' id='word_1_657' title='bbox 1517 4857 1746 4913; x_wconf 89' lang='lat' dir='ltr'><strong>quorum</strong></span> <span class='ocrx_word' id='word_1_658' title='bbox 1784 4845 2056 4913; x_wconf 66' lang='lat' dir='ltr'><strong>quaedam,</strong></span> <span class='ocrx_word' id='word_1_659' title='bbox 2086 4839 2376 4894; x_wconf 87' lang='lat' dir='ltr'><strong>occasione</strong></span> <span class='ocrx_word' id='word_1_660' title='bbox 2401 4836 2601 4896; x_wconf 89' lang='lat' dir='ltr'><strong>oblata,</strong></span> <span class='ocrx_word' id='word_1_661' title='bbox 2646 4831 2874 4887; x_wconf 87' lang='lat' dir='ltr'><strong>seorsim</strong></span> <span class='ocrx_word' id='word_1_662' title='bbox 2903 4837 3091 4897; x_wconf 87' lang='lat' dir='ltr'><strong>postea</strong></span> <span class='ocrx_word' id='word_1_663' title='bbox 3125 4825 3400 4898; x_wconf 90' lang='lat' dir='ltr'><strong>prodiere,</strong></span> <span class='ocrx_word' id='word_1_664' title='bbox 3436 4823 3544 4876; x_wconf 90' lang='lat' dir='ltr'><strong>alia</strong></span> <span class='ocrx_word' id='word_1_665' title='bbox 3573 4837 3686 4876; x_wconf 91' lang='lat' dir='ltr'><strong>non</strong></span> <span class='ocrx_word' id='word_1_666' title='bbox 3717 4835 3891 4892; x_wconf 91' lang='lat' dir='ltr'><strong>pauca</strong></span> <span class='ocrx_word' id='word_1_667' title='bbox 3919 4821 4092 4876; x_wconf 87' lang='lat' dir='ltr'><strong>latent</strong></span> 
     </span>
    </p>
   </div>
   <div class='ocr_carea' id='block_1_55' title="bbox 838 4908 4090 5000">
    <p class='ocr_par' dir='ltr' id='par_1_55' title="bbox 838 4908 4090 5000">
     <span class='ocr_line' id='line_1_64' title="bbox 838 4908 4090 5000; baseline -0.008 -16"><span class='ocrx_word' id='word_1_668' title='bbox 838 4930 1041 4995; x_wconf 84' lang='lat' dir='ltr'><strong>adhuc,</strong></span> <span class='ocrx_word' id='word_1_669' title='bbox 1069 4941 1122 4987; x_wconf 88' lang='lat' dir='ltr'><strong>et</strong></span> <span class='ocrx_word' id='word_1_670' title='bbox 1157 4933 1594 4988; x_wconf 85' lang='lat' dir='ltr'><strong>obdormiscunt.</strong></span> <span class='ocrx_word' id='word_1_671' title='bbox 1630 4933 1775 4987; x_wconf 90' lang='lat' dir='ltr'><strong>Inter</strong></span> <span class='ocrx_word' id='word_1_672' title='bbox 1797 4908 1983 4988; x_wconf 51' lang='lat' dir='ltr'><strong>Graeca</strong></span> <span class='ocrx_word' id='word_1_673' title='bbox 2009 4930 2269 5000; x_wconf 87' lang='lat' dir='ltr'><strong>opuscula</strong></span> <span class='ocrx_word' id='word_1_674' title='bbox 2294 4927 2434 4980; x_wconf 88' lang='lat' dir='ltr'><strong>hanc</strong></span> <span class='ocrx_word' id='word_1_675' title='bbox 2461 4922 2733 4994; x_wconf 68' lang='lat' dir='ltr'><strong>praecipue</strong></span> <span class='ocrx_word' id='word_1_676' title='bbox 2756 4917 3035 4973; x_wconf 87' lang='lat' dir='ltr'><strong>homiliam</strong></span> <span class='ocrx_word' id='word_1_677' title='bbox 3063 4917 3383 4982; x_wconf 80' lang='lat' dir='ltr'><strong>selegeram,</strong></span> <span class='ocrx_word' id='word_1_678' title='bbox 3413 4911 3541 4981; x_wconf 88' lang='lat' dir='ltr'><strong>quia</strong></span> <span class='ocrx_word' id='word_1_679' title='bbox 3561 4908 4090 4979; x_wconf 83' lang='lat' dir='ltr'><strong>opportunissinnun</strong></span> 
     </span>
    </p>
   </div>
   <div class='ocr_carea' id='block_1_56' title="bbox 839 4993 4091 5091">
    <p class='ocr_par' dir='ltr' id='par_1_56' title="bbox 839 4993 4091 5091">
     <span class='ocr_line' id='line_1_65' title="bbox 839 4993 4091 5091; baseline -0.008 -17"><span class='ocrx_word' id='word_1_680' title='bbox 839 5028 1102 5091; x_wconf 69' lang='lat' dir='ltr'><strong>praestare</strong></span> <span class='ocrx_word' id='word_1_681' title='bbox 1126 5021 1329 5075; x_wconf 88' lang='lat' dir='ltr'><strong>aditum</strong></span> <span class='ocrx_word' id='word_1_682' title='bbox 1363 5019 1652 5076; x_wconf 83' lang='lat' dir='ltr'><strong>videbatur</strong></span> <span class='ocrx_word' id='word_1_683' title='bbox 1689 5023 1817 5076; x_wconf 92' lang='lat' dir='ltr'><strong>mibi</strong></span> <span class='ocrx_word' id='word_1_684' title='bbox 1859 5019 1925 5074; x_wconf 90' lang='lat' dir='ltr'><strong>ad</strong></span> <span class='ocrx_word' id='word_1_685' title='bbox 1960 4993 2284 5075; x_wconf 83' lang='lat' dir='ltr'><strong>catholicam</strong></span> <span class='ocrx_word' id='word_1_686' title='bbox 2314 5015 2366 5069; x_wconf 91' lang='lat' dir='ltr'><strong>in</strong></span> <span class='ocrx_word' id='word_1_687' title='bbox 2403 4993 2505 5066; x_wconf 90' lang='lat' dir='ltr'><strong>hoc</strong></span> <span class='ocrx_word' id='word_1_688' title='bbox 2530 5016 2851 5078; x_wconf 80' lang='lat' dir='ltr'><strong>argumento</strong></span> <span class='ocrx_word' id='word_1_689' title='bbox 2883 5002 3191 5059; x_wconf 88' lang='lat' dir='ltr'><strong>doctrinam</strong></span> <span class='ocrx_word' id='word_1_690' title='bbox 3233 5014 3262 5052; x_wconf 87' lang='lat' dir='ltr'><strong>a</strong></span> <span class='ocrx_word' id='word_1_691' title='bbox 3292 4993 3609 5068; x_wconf 77' lang='lat' dir='ltr'><strong>sophisticis</strong></span> <span class='ocrx_word' id='word_1_692' title='bbox 3629 4997 3892 5051; x_wconf 90' lang='lat' dir='ltr'><strong>omnibus</strong></span> <span class='ocrx_word' id='word_1_693' title='bbox 3936 4997 4091 5049; x_wconf 81' lang='lat' dir='ltr'><strong>tricis</strong></span> 
     </span>
    </p>
   </div>
   <div class='ocr_carea' id='block_1_57' title="bbox 843 5084 4092 5177">
    <p class='ocr_par' dir='ltr' id='par_1_57' title="bbox 843 5084 4092 5177">
     <span class='ocr_line' id='line_1_66' title="bbox 843 5084 4092 5177; baseline -0.007 -19"><span class='ocrx_word' id='word_1_694' title='bbox 843 5122 1071 5177; x_wconf 90' lang='lat' dir='ltr'><strong>prorsus</strong></span> <span class='ocrx_word' id='word_1_695' title='bbox 1100 5107 1506 5163; x_wconf 89' lang='lat' dir='ltr'><strong>vindicandam.</strong></span> <span class='ocrx_word' id='word_1_696' title='bbox 1537 5107 1659 5164; x_wconf 63' lang='lat' dir='ltr'><strong>Herc</strong></span> <span class='ocrx_word' id='word_1_697' title='bbox 1694 5111 1822 5164; x_wconf 88' lang='lat' dir='ltr'><strong>item</strong></span> <span class='ocrx_word' id='word_1_698' title='bbox 1862 5108 2027 5172; x_wconf 86' lang='lat' dir='ltr'><strong>ratio,</strong></span> <span class='ocrx_word' id='word_1_699' title='bbox 2069 5115 2128 5160; x_wconf 91' lang='lat' dir='ltr'><strong>ut</strong></span> <span class='ocrx_word' id='word_1_700' title='bbox 2178 5102 2338 5157; x_wconf 87' lang='lat' dir='ltr'><strong>modo</strong></span> <span class='ocrx_word' id='word_1_701' title='bbox 2366 5100 2632 5160; x_wconf 79' lang='lat' dir='ltr'><strong>etnittam,</strong></span> <span class='ocrx_word' id='word_1_702' title='bbox 2680 5095 2930 5164; x_wconf 83' lang='lat' dir='ltr'><strong>impellit,</strong></span> <span class='ocrx_word' id='word_1_703' title='bbox 2967 5105 3140 5160; x_wconf 89' lang='lat' dir='ltr'><strong>eoque</strong></span> <span class='ocrx_word' id='word_1_704' title='bbox 3197 5102 3395 5157; x_wconf 76' lang='lat' dir='ltr'><strong>magis,</strong></span> <span class='ocrx_word' id='word_1_705' title='bbox 3449 5084 3620 5155; x_wconf 88' lang='lat' dir='ltr'><strong>quod,</strong></span> <span class='ocrx_word' id='word_1_706' title='bbox 3663 5099 3788 5138; x_wconf 88' lang='lat' dir='ltr'><strong>cum</strong></span> <span class='ocrx_word' id='word_1_707' title='bbox 3829 5084 4092 5137; x_wconf 81' lang='lat' dir='ltr'><strong>adnotata</strong></span> 
     </span>
    </p>
   </div>
   <div class='ocr_carea' id='block_1_58' title="bbox 843 5174 4093 5267">
    <p class='ocr_par' dir='ltr' id='par_1_58' title="bbox 843 5174 4093 5267">
     <span class='ocr_line' id='line_1_67' title="bbox 843 5174 4093 5267; baseline -0.007 -19"><span class='ocrx_word' id='word_1_708' title='bbox 843 5195 1067 5248; x_wconf 83' lang='lat' dir='ltr'><strong>advenae</strong></span> <span class='ocrx_word' id='word_1_709' title='bbox 1100 5209 1221 5248; x_wconf 92' lang='lat' dir='ltr'><strong>meo</strong></span> <span class='ocrx_word' id='word_1_710' title='bbox 1257 5195 1614 5266; x_wconf 76' lang='lat' dir='ltr'><strong>perlegerent,</strong></span> <span class='ocrx_word' id='word_1_711' title='bbox 1655 5198 1783 5266; x_wconf 89' lang='lat' dir='ltr'><strong>quid</strong></span> <span class='ocrx_word' id='word_1_712' title='bbox 1823 5205 2130 5267; x_wconf 88' lang='lat' dir='ltr'><strong>reponeret,</strong></span> <span class='ocrx_word' id='word_1_713' title='bbox 2176 5207 2286 5248; x_wconf 92' lang='lat' dir='ltr'><strong>non</strong></span> <span class='ocrx_word' id='word_1_714' title='bbox 2341 5188 2594 5242; x_wconf 89' lang='lat' dir='ltr'><strong>habebat.</strong></span> <span class='ocrx_word' id='word_1_715' title='bbox 2638 5182 2899 5239; x_wconf 76' lang='lat' dir='ltr'><strong>erciam</strong></span> <span class='ocrx_word' id='word_1_716' title='bbox 2935 5180 3287 5236; x_wconf 75' lang='lat' dir='ltr'><strong>orthodoxam</strong></span> <span class='ocrx_word' id='word_1_717' title='bbox 3315 5176 3407 5247; x_wconf 72' lang='lat' dir='ltr'><strong>illi</strong></span> <span class='ocrx_word' id='word_1_718' title='bbox 3437 5175 3582 5231; x_wconf 88' lang='lat' dir='ltr'><strong>dono</strong></span> <span class='ocrx_word' id='word_1_719' title='bbox 3606 5174 3755 5240; x_wconf 82' lang='lat' dir='ltr'><strong>dedi,</strong></span> <span class='ocrx_word' id='word_1_720' title='bbox 3788 5183 3980 5244; x_wconf 88' lang='lat' dir='ltr'><strong>atque,</strong></span> <span class='ocrx_word' id='word_1_721' title='bbox 4017 5193 4093 5239; x_wconf 80' lang='grc' dir='ltr'>ιιι,</span> 
     </span>
    </p>
   </div>
   <div class='ocr_carea' id='block_1_59' title="bbox 843 5273 2991 5352">
    <p class='ocr_par' dir='ltr' id='par_1_59' title="bbox 843 5273 2991 5352">
     <span class='ocr_line' id='line_1_68' title="bbox 843 5273 2991 5352; baseline -0.007 -16"><span class='ocrx_word' id='word_1_722' title='bbox 843 5283 913 5336; x_wconf 92' lang='lat' dir='ltr'><strong>de</strong></span> <span class='ocrx_word' id='word_1_723' title='bbox 940 5296 1050 5350; x_wconf 84' lang='lat' dir='ltr'><strong>quo</strong></span> <span class='ocrx_word' id='word_1_724' title='bbox 1078 5281 1274 5351; x_wconf 79' lang='lat' dir='ltr'><strong>agitur.</strong></span> <span class='ocrx_word' id='word_1_725' title='bbox 1313 5280 1578 5352; x_wconf 88' lang='lat' dir='ltr'><strong>Spiritum</strong></span> <span class='ocrx_word' id='word_1_726' title='bbox 1605 5295 1855 5339; x_wconf 89' lang='lat' dir='ltr'><strong>sanctum</strong></span> <span class='ocrx_word' id='word_1_727' title='bbox 1880 5290 1994 5337; x_wconf 89' lang='lat' dir='ltr'><strong>toto</strong></span> <span class='ocrx_word' id='word_1_728' title='bbox 2027 5281 2192 5336; x_wconf 88' lang='lat' dir='ltr'><strong>corde</strong></span> <span class='ocrx_word' id='word_1_729' title='bbox 2221 5280 2524 5337; x_wconf 89' lang='lat' dir='ltr'><strong>invocaret,</strong></span> <span class='ocrx_word' id='word_1_730' title='bbox 2557 5273 2812 5328; x_wconf 91' lang='lat' dir='ltr'><strong>hortatus</strong></span> <span class='ocrx_word' id='word_1_731' title='bbox 2847 5285 2991 5326; x_wconf 90' lang='lat' dir='ltr'><strong>sum.</strong></span> 
     </span>
    </p>
   </div>
   <div class='ocr_carea' id='block_1_60' title="bbox 915 5352 4092 5441">
    <p class='ocr_par' dir='ltr' id='par_1_60' title="bbox 915 5352 4092 5441">
     <span class='ocr_line' id='line_1_69' title="bbox 915 5352 4092 5441; baseline -0.006 -19"><span class='ocrx_word' id='word_1_732' title='bbox 915 5367 1191 5438; x_wconf 88' lang='lat' dir='ltr'><strong>Sapientis</strong></span> <span class='ocrx_word' id='word_1_733' title='bbox 1225 5371 1464 5434; x_wconf 91' lang='lat' dir='ltr'><strong>titulum,</strong></span> <span class='ocrx_word' id='word_1_734' title='bbox 1497 5386 1659 5441; x_wconf 89' lang='lat' dir='ltr'><strong>quem</strong></span> <span class='ocrx_word' id='word_1_735' title='bbox 1693 5363 1935 5425; x_wconf 74' lang='lat' dir='ltr'><strong>studium</strong></span> <span class='ocrx_word' id='word_1_736' title='bbox 1972 5370 2276 5437; x_wconf 79' lang='lat' dir='ltr'><strong>multiplex,</strong></span> <span class='ocrx_word' id='word_1_737' title='bbox 2307 5367 2605 5435; x_wconf 80' lang='lat' dir='ltr'><strong>variaeque,</strong></span> <span class='ocrx_word' id='word_1_738' title='bbox 2637 5380 2777 5432; x_wconf 88' lang='lat' dir='ltr'><strong>quas</strong></span> <span class='ocrx_word' id='word_1_739' title='bbox 2800 5364 3048 5432; x_wconf 86' lang='lat' dir='ltr'><strong>impense</strong></span> <span class='ocrx_word' id='word_1_740' title='bbox 3079 5359 3274 5424; x_wconf 88' lang='lat' dir='ltr'><strong>coluit,</strong></span> <span class='ocrx_word' id='word_1_741' title='bbox 3301 5356 3568 5412; x_wconf 72' lang='lat' dir='ltr'><strong>doctrinae</strong></span> <span class='ocrx_word' id='word_1_742' title='bbox 3597 5352 3767 5408; x_wconf 83' lang='lat' dir='ltr'><strong>Leoni</strong></span> <span class='ocrx_word' id='word_1_743' title='bbox 3808 5366 4092 5421; x_wconf 79' lang='lat' dir='ltr'><strong>peperere,</strong></span> 
     </span>
    </p>
   </div>
   <div class='ocr_carea' id='block_1_61' title="bbox 844 5441 4092 5526">
    <p class='ocr_par' dir='ltr' id='par_1_61' title="bbox 844 5441 4092 5526">
     <span class='ocr_line' id='line_1_70' title="bbox 844 5441 4092 5526; baseline -0.006 -15"><span class='ocrx_word' id='word_1_744' title='bbox 844 5471 1003 5513; x_wconf 84' lang='lat' dir='ltr'><strong>error</strong></span> <span class='ocrx_word' id='word_1_745' title='bbox 1040 5456 1252 5520; x_wconf 90' lang='lat' dir='ltr'><strong>adimit,</strong></span> <span class='ocrx_word' id='word_1_746' title='bbox 1283 5475 1394 5526; x_wconf 92' lang='lat' dir='ltr'><strong>quo</strong></span> <span class='ocrx_word' id='word_1_747' title='bbox 1433 5475 1462 5511; x_wconf 93' lang='lat' dir='ltr'><strong>a</strong></span> <span class='ocrx_word' id='word_1_748' title='bbox 1488 5470 1637 5514; x_wconf 89' lang='lat' dir='ltr'><strong>recto</strong></span> <span class='ocrx_word' id='word_1_749' title='bbox 1670 5460 1793 5514; x_wconf 86' lang='lat' dir='ltr'><strong>fidei</strong></span> <span class='ocrx_word' id='word_1_750' title='bbox 1857 5460 2077 5513; x_wconf 83' lang='lat' dir='ltr'><strong>tramite</strong></span> <span class='ocrx_word' id='word_1_751' title='bbox 2126 5456 2436 5519; x_wconf 84' lang='lat' dir='ltr'><strong>deﬂexisse,</strong></span> <span class='ocrx_word' id='word_1_752' title='bbox 2495 5464 2694 5524; x_wconf 64' lang='lat' dir='ltr'><strong>praater</strong></span> <span class='ocrx_word' id='word_1_753' title='bbox 2746 5455 3044 5504; x_wconf 81' lang='lat' dir='ltr'><strong>multorum</strong></span> <span class='ocrx_word' id='word_1_754' title='bbox 3085 5449 3425 5519; x_wconf 89' lang='lat' dir='ltr'><strong>opinionem,</strong></span> <span class='ocrx_word' id='word_1_755' title='bbox 3488 5446 3605 5497; x_wconf 72' lang='lat' dir='ltr'><strong>htec</strong></span> <span class='ocrx_word' id='word_1_756' title='bbox 3659 5441 3888 5495; x_wconf 88' lang='lat' dir='ltr'><strong>homilia</strong></span> <span class='ocrx_word' id='word_1_757' title='bbox 3913 5441 4092 5493; x_wconf 87' lang='lat' dir='ltr'><strong>docet.</strong></span> 
     </span>
    </p>
   </div>
   <div class='ocr_carea' id='block_1_62' title="bbox 812 5527 4096 5615">
    <p class='ocr_par' dir='ltr' id='par_1_62' title="bbox 812 5527 4096 5615">
     <span class='ocr_line' id='line_1_71' title="bbox 812 5527 4096 5615; baseline -0.005 -18"><span class='ocrx_word' id='word_1_758' title='bbox 812 5558 817 5563; x_wconf 89' lang='grc'><strong>·</strong></span> <span class='ocrx_word' id='word_1_759' title='bbox 846 5541 1013 5597; x_wconf 84' lang='lat' dir='ltr'><strong>Miror</strong></span> <span class='ocrx_word' id='word_1_760' title='bbox 1038 5553 1217 5598; x_wconf 89' lang='lat' dir='ltr'><strong>tamen</strong></span> <span class='ocrx_word' id='word_1_761' title='bbox 1245 5555 1300 5598; x_wconf 91' lang='lat' dir='ltr'><strong>et</strong></span> <span class='ocrx_word' id='word_1_762' title='bbox 1335 5545 1454 5599; x_wconf 91' lang='lat' dir='ltr'><strong>sine</strong></span> <span class='ocrx_word' id='word_1_763' title='bbox 1485 5547 1585 5600; x_wconf 90' lang='lat' dir='ltr'><strong>hac</strong></span> <span class='ocrx_word' id='word_1_764' title='bbox 1611 5551 1761 5602; x_wconf 90' lang='lat' dir='ltr'><strong>viros</strong></span> <span class='ocrx_word' id='word_1_765' title='bbox 1790 5546 1982 5601; x_wconf 89' lang='lat' dir='ltr'><strong>doctos</strong></span> <span class='ocrx_word' id='word_1_766' title='bbox 2015 5559 2174 5600; x_wconf 90' lang='lat' dir='ltr'><strong>secus</strong></span> <span class='ocrx_word' id='word_1_767' title='bbox 2208 5545 2462 5615; x_wconf 88' lang='lat' dir='ltr'><strong>opinatos</strong></span> <span class='ocrx_word' id='word_1_768' title='bbox 2492 5556 2639 5597; x_wconf 87' lang='lat' dir='ltr'><strong>esse.</strong></span> <span class='ocrx_word' id='word_1_769' title='bbox 2675 5538 2811 5594; x_wconf 80' lang='lat' dir='ltr'><strong>Nam</strong></span> <span class='ocrx_word' id='word_1_770' title='bbox 2861 5541 3097 5608; x_wconf 85' lang='lat' dir='ltr'><strong>primum</strong></span> <span class='ocrx_word' id='word_1_771' title='bbox 3156 5535 3287 5605; x_wconf 85' lang='lat' dir='ltr'><strong>quid</strong></span> <span class='ocrx_word' id='word_1_772' title='bbox 3323 5532 3468 5588; x_wconf 89' lang='lat' dir='ltr'><strong>aliud</strong></span> <span class='ocrx_word' id='word_1_773' title='bbox 3508 5545 3538 5584; x_wconf 87' lang='lat' dir='ltr'><strong>a</strong></span> <span class='ocrx_word' id='word_1_774' title='bbox 3585 5528 3768 5583; x_wconf 88' lang='lat' dir='ltr'><strong>Photii</strong></span> <span class='ocrx_word' id='word_1_775' title='bbox 3821 5527 4096 5597; x_wconf 83' lang='lat' dir='ltr'><strong>discipulo</strong></span> 
     </span>
    </p>
   </div>
   <div class='ocr_carea' id='block_1_63' title="bbox 847 5615 4098 5705">
    <p class='ocr_par' dir='ltr' id='par_1_63' title="bbox 847 5615 4098 5705">
     <span class='ocr_line' id='line_1_72' title="bbox 847 5615 4098 5705; baseline -0.005 -21"><span class='ocrx_word' id='word_1_776' title='bbox 847 5632 1297 5698; x_wconf 70' lang='lat' dir='ltr'><strong>exSpectaretur?</strong></span> <span class='ocrx_word' id='word_1_777' title='bbox 1329 5633 1526 5687; x_wconf 91' lang='lat' dir='ltr'><strong>deinde</strong></span> <span class='ocrx_word' id='word_1_778' title='bbox 1554 5650 1716 5703; x_wconf 88' lang='lat' dir='ltr'><strong>quam</strong></span> <span class='ocrx_word' id='word_1_779' title='bbox 1751 5636 2041 5705; x_wconf 87' lang='lat' dir='ltr'><strong>perspicue</strong></span> <span class='ocrx_word' id='word_1_780' title='bbox 2071 5633 2290 5704; x_wconf 77' lang='lat' dir='ltr'><strong>vulgata</strong></span> <span class='ocrx_word' id='word_1_781' title='bbox 2325 5633 2380 5685; x_wconf 92' lang='lat' dir='ltr'><strong>in</strong></span> <span class='ocrx_word' id='word_1_782' title='bbox 2424 5633 2780 5684; x_wconf 83' lang='lat' dir='ltr'><strong>Pentecosten</strong></span> <span class='ocrx_word' id='word_1_783' title='bbox 2819 5627 3043 5681; x_wconf 91' lang='lat' dir='ltr'><strong>homilia</strong></span> <span class='ocrx_word' id='word_1_784' title='bbox 3077 5623 3396 5678; x_wconf 89' lang='lat' dir='ltr'><strong>Photianam</strong></span> <span class='ocrx_word' id='word_1_785' title='bbox 3440 5636 3504 5675; x_wconf 89' lang='lat' dir='ltr'><strong>eo</strong></span> <span class='ocrx_word' id='word_1_786' title='bbox 3534 5619 3657 5673; x_wconf 92' lang='lat' dir='ltr'><strong>loco</strong></span> <span class='ocrx_word' id='word_1_787' title='bbox 3679 5616 3862 5687; x_wconf 90' lang='lat' dir='ltr'><strong>prodit</strong></span> <span class='ocrx_word' id='word_1_788' title='bbox 3890 5615 4098 5672; x_wconf 84' lang='lat' dir='ltr'><strong>doctri-</strong></span> 
     </span>
    </p>
   </div>
   <div class='ocr_carea' id='block_1_64' title="bbox 849 5707 4097 5794">
    <p class='ocr_par' dir='ltr' id='par_1_64' title="bbox 849 5707 4097 5794">
     <span class='ocr_line' id='line_1_73' title="bbox 849 5707 4097 5794; baseline -0.006 -18"><span class='ocrx_word' id='word_1_789' title='bbox 849 5737 996 5787; x_wconf 88' lang='lat' dir='ltr'><strong>nam,</strong></span> <span class='ocrx_word' id='word_1_790' title='bbox 1025 5737 1128 5791; x_wconf 86' lang='lat' dir='ltr'><strong>quo</strong></span> <span class='ocrx_word' id='word_1_791' title='bbox 1159 5723 1424 5794; x_wconf 91' lang='lat' dir='ltr'><strong>Spiritum</strong></span> <span class='ocrx_word' id='word_1_792' title='bbox 1465 5735 1712 5781; x_wconf 88' lang='lat' dir='ltr'><strong>sanctum</strong></span> <span class='ocrx_word' id='word_1_793' title='bbox 1747 5727 1815 5779; x_wconf 90' lang='lat' dir='ltr'><strong>ab</strong></span> <span class='ocrx_word' id='word_1_794' title='bbox 1849 5725 1916 5780; x_wconf 90' lang='lat' dir='ltr'><strong>iis</strong></span> <span class='ocrx_word' id='word_1_795' title='bbox 1944 5732 2094 5780; x_wconf 90' lang='lat' dir='ltr'><strong>recte</strong></span> <span class='ocrx_word' id='word_1_796' title='bbox 2119 5725 2224 5779; x_wconf 88' lang='lat' dir='ltr'><strong>coli</strong></span> <span class='ocrx_word' id='word_1_797' title='bbox 2266 5721 2560 5782; x_wconf 80' lang='lat' dir='ltr'><strong>asseritur.</strong></span> <span class='ocrx_word' id='word_1_798' title='bbox 2583 5719 2672 5790; x_wconf 85' lang='lat' dir='ltr'><strong>qui</strong></span> <span class='ocrx_word' id='word_1_799' title='bbox 2709 5733 2872 5787; x_wconf 83' lang='lat' dir='ltr'><strong>neque</strong></span> <span class='ocrx_word' id='word_1_800' title='bbox 2900 5717 3044 5769; x_wconf 84' lang='lat' dir='ltr'><strong>circa</strong></span> <span class='ocrx_word' id='word_1_801' title='bbox 3073 5713 3188 5780; x_wconf 83' lang='lat' dir='ltr'><strong>ejus</strong></span> <span class='ocrx_word' id='word_1_802' title='bbox 3213 5721 3466 5765; x_wconf 82' lang='lat' dir='ltr'><strong>naturam</strong></span> <span class='ocrx_word' id='word_1_803' title='bbox 3495 5707 3785 5779; x_wconf 82' lang='lat' dir='ltr'><strong>quidquam</strong></span> <span class='ocrx_word' id='word_1_804' title='bbox 3819 5707 4097 5766; x_wconf 80' lang='lat' dir='ltr'><strong>innovant,</strong></span> 
     </span>
    </p>
   </div>
   <div class='ocr_carea' id='block_1_65' title="bbox 849 5795 2520 5884">
    <p class='ocr_par' dir='ltr' id='par_1_65' title="bbox 849 5810 2520 5884">
     <span class='ocr_line' id='line_1_74' title="bbox 849 5810 2520 5884; baseline -0.001 -20"><span class='ocrx_word' id='word_1_805' title='bbox 849 5828 1010 5880; x_wconf 69' lang='lat' dir='ltr'><strong>neque</strong></span> <span class='ocrx_word' id='word_1_806' title='bbox 1048 5812 1160 5882; x_wconf 83' lang='lat' dir='ltr'><strong>ejus</strong></span> <span class='ocrx_word' id='word_1_807' title='bbox 1198 5815 1453 5884; x_wconf 80' lang='lat' dir='ltr'><strong>originem</strong></span> <span class='ocrx_word' id='word_1_808' title='bbox 1483 5815 1552 5867; x_wconf 86' lang='lat' dir='ltr'><strong>ad</strong></span> <span class='ocrx_word' id='word_1_809' title='bbox 1590 5815 1725 5868; x_wconf 86' lang='lat' dir='ltr'><strong>duas</strong></span> <span class='ocrx_word' id='word_1_810' title='bbox 1757 5830 1946 5868; x_wconf 84' lang='lat' dir='ltr'><strong>causas</strong></span> <span class='ocrx_word' id='word_1_811' title='bbox 1986 5814 2260 5882; x_wconf 63' lang='lat' dir='ltr'><strong>referunt?</strong></span> <span class='ocrx_word' id='word_1_812' title='bbox 2293 5811 2385 5880; x_wconf 80' lang='grc' dir='ltr'><strong>Μὴ</strong></span> <span class='ocrx_word' id='word_1_813' title='bbox 2427 5810 2520 5881; x_wconf 73' lang='grc' dir='ltr'><strong>μὸν</strong></span> 
     </span>
    </p>
   </div>
   <div class='ocr_carea' id='block_1_66' title="bbox 2427 5795 4098 5884">
    <p class='ocr_par' dir='ltr' id='par_1_66' title="bbox 2427 5795 4098 5881">
     <span class='ocr_line' id='line_1_75' title="bbox 2427 5795 4098 5881; baseline -0.01 -19"><span class='ocrx_word' id='word_1_814' title='bbox 2427 5810 2586 5881; x_wconf 75' lang='grc' dir='ltr'>μόνον</span> <span class='ocrx_word' id='word_1_815' title='bbox 2618 5807 2747 5877; x_wconf 73' lang='grc' dir='ltr'>περὶ</span> <span class='ocrx_word' id='word_1_816' title='bbox 2777 5807 2874 5875; x_wconf 73' lang='grc' dir='ltr'><strong>τὴν</strong></span> <span class='ocrx_word' id='word_1_817' title='bbox 2919 5803 3080 5872; x_wconf 76' lang='grc' dir='ltr'>φύσιν</span> <span class='ocrx_word' id='word_1_818' title='bbox 3107 5803 3166 5863; x_wconf 75' lang='grc' dir='ltr'><strong>οὐ</strong></span> <span class='ocrx_word' id='word_1_819' title='bbox 3201 5798 3670 5869; x_wconf 81' lang='grc' dir='ltr'>καινοτομοῦντες,</span> <span class='ocrx_word' id='word_1_820' title='bbox 3703 5795 3841 5848; x_wconf 80' lang='grc' dir='ltr'><strong>ἀλλὰ</strong></span> <span class='ocrx_word' id='word_1_821' title='bbox 3867 5795 3994 5866; x_wconf 80' lang='grc' dir='ltr'><strong>μηδ’</strong></span> <span class='ocrx_word' id='word_1_822' title='bbox 4021 5797 4098 5855; x_wconf 81' lang='grc' dir='ltr'><strong>εἰς</strong></span> 
     </span>
    </p>
   </div>
   <div class='ocr_carea' id='block_1_67' title="bbox 849 5886 2520 5970">
    <p class='ocr_par' dir='ltr' id='par_1_67' title="bbox 849 5899 2520 5970">
     <span class='ocr_line' id='line_1_76' title="bbox 849 5899 2520 5970; baseline 0.001 -17"><span class='ocrx_word' id='word_1_823' title='bbox 849 5901 1026 5956; x_wconf 72' lang='grc' dir='ltr'>αἰτίαν</span> <span class='ocrx_word' id='word_1_824' title='bbox 1063 5903 1191 5956; x_wconf 75' lang='grc' dir='ltr'><strong>αὐτὸ</strong></span> <span class='ocrx_word' id='word_1_825' title='bbox 1228 5904 1419 5970; x_wconf 80' lang='grc' dir='ltr'>διπλῆν</span> <span class='ocrx_word' id='word_1_826' title='bbox 1443 5905 1837 5968; x_wconf 73' lang='grc' dir='ltr'><strong>ἀναφέροντεςο</strong></span> <span class='ocrx_word' id='word_1_827' title='bbox 1864 5903 2065 5968; x_wconf 86' lang='lat' dir='ltr'><strong>quibus</strong></span> <span class='ocrx_word' id='word_1_828' title='bbox 2092 5902 2274 5959; x_wconf 86' lang='lat' dir='ltr'><strong>verbis</strong></span> <span class='ocrx_word' id='word_1_829' title='bbox 2308 5899 2520 5958; x_wconf 78' lang='lat' dir='ltr'><strong>Catholi</strong></span> 
     </span>
    </p>
   </div>
   <div class='ocr_carea' id='block_1_68' title="bbox 2427 5886 4098 5970">
    <p class='ocr_par' dir='ltr' id='par_1_68' title="bbox 2427 5886 4098 5965">
     <span class='ocr_line' id='line_1_77' title="bbox 2427 5886 4098 5965; baseline -0.01 -11"><span class='ocrx_word' id='word_1_830' title='bbox 2427 5899 2622 5956; x_wconf 85' lang='lat' dir='ltr'><strong>tolicos</strong></span> <span class='ocrx_word' id='word_1_831' title='bbox 2653 5895 2945 5965; x_wconf 81' lang='lat' dir='ltr'><strong>perstringi</strong></span> <span class='ocrx_word' id='word_1_832' title='bbox 3003 5901 3172 5962; x_wconf 86' lang='lat' dir='ltr'><strong>patet,</strong></span> <span class='ocrx_word' id='word_1_833' title='bbox 3229 5889 3706 5957; x_wconf 86' lang='lat' dir='ltr'><strong>orthodoxamque</strong></span> <span class='ocrx_word' id='word_1_834' title='bbox 3763 5886 4098 5942; x_wconf 81' lang='lat' dir='ltr'><strong>sententiam</strong></span> 
     </span>
    </p>
   </div>
  </div>
