4232 6444
761 465 858 530 335

1984 468 2260 528 LEONIS
2298 471 2755 532 PIIILOSOPIII

3901 481 3997 541 Ῑῗῖίῖ

752 579 840 628 die
873 575 978 628 ista
1018 590 1117 627 nos
1152 572 1404 626 adventui
1449 572 1567 639 ejus
1600 572 1811 626 debitos
1846 571 2078 629 honores
2107 575 2321 644 persol-
2347 584 2423 638 Α·

2347 584 2395 638 Α
2420 580 2568 648 ἡμᾶς
2598 582 2759 649 ἐτίμα
2794 585 2860 652 τῇ
2915 584 3208 653 παρουσίᾳ,
3243 585 3484 653 σήμερον
3513 586 3676 655 ἡμεῖς
3702 585 3800 654 τὴν
3830 590 3995 641 αὑτοῦ

753 666 955 721 vimus.
994 664 1119 718 lleri
1169 663 1489 718 benelicium
1544 677 1574 715 a
1623 662 1785 717 nobis
1830 676 2133 734 acceptum,
2169 663 2329 720 hodie

756 770 984 815 sanctus
1019 757 1257 827 Spiritus
1280 756 1449 826 gloria
1472 763 1850 821 argumentum
1874 756 2187 826 suppeditat
2210 757 2327 810 lau-

753 853 931 905 dibus.
960 849 1222 915 Quanam
1255 862 1385 902 vero
1411 845 1560 899 illum
1592 847 1764 917 magis
1794 851 1983 902 deceat
2009 848 2167 901 laus?
2193 848 2326 901 Pro-

753 949 838 1002 cul
877 948 1047 1003 dubio
1080 947 1246 1002 Deum
1278 945 1549 1000 conﬁteri.
1581 945 1875 1017 Pr0pterea
1904 946 2115 1001 scilicet
2137 961 2166 1000 a
2188 945 2325 1003 Filio

753 1039 1009 1102 mittitur,
1036 1039 1136 1091 hoc
1166 1037 1268 1107 ipsi
1295 1049 1581 1105 przestans,
1613 1052 1739 1093 cum
1768 1037 1833 1091 ad
1864 1052 1987 1091 eum
2015 1037 2324 1109 gloriﬁcan-

751 1134 879 1185 dum
911 1131 1249 1185 advenerit'.
1284 1128 1446 1185 Venit
1477 1145 1605 1199 ergo
1642 1129 1915 1199 propriam
1961 1146 2175 1201 quoque
2205 1132 2323 1202 glo-

750 1224 888 1277 riam
920 1221 1233 1279 hominibus
1265 1222 1661 1292 patefacturus.
1698 1222 1996 1291 Oportebat
2023 1225 2189 1285 enim,
2229 1240 2322 1279 co-

752 1316 962 1370 lendam
994 1324 1122 1373 ante
1154 1317 1340 1372 orbem
1387 1314 1666 1369 conditum
1720 1315 2038 1371 Trinitatem
2071 1318 2137 1371 ab
2171 1318 2322 1373 orbis

752 1406 947 1461 incolis
976 1408 1342 1462 communiter
1381 1407 1678 1476 aliquando
1709 1408 1849 1472 coli;
1896 1407 2039 1474 quod
2074 1416 2131 1462 ut
2162 1408 2323 1465 hodie

748 1496 1003 1551 alacriter
1030 1497 1283 1551 ostendat
1312 1497 1511 1564 oratio,
1542 1497 1754 1551 initium
1788 1498 1869 1551 sic
1903 1506 2106 1553 statuo.

818 1773 967 1827 Unus
1012 1772 1156 1826 Deus
1202 1772 1254 1824 in
1291 1771 1471 1833 Patre,
1499 1779 1553 1826 et
1580 1770 1743 1835 Filio,
1774 1784 1826 1826 et
1859 1772 2063 1841 Spiritu
2100 1780 2315 1836 sancto,

745 1862 984 1918 Trinitas
1022 1878 1376 1933 persenarum
1417 1863 1625 1917 unitate
1661 1873 1870 1917 naturae
1904 1865 1958 1917 in
1992 1880 2156 1917 unum
2187 1879 2317 1918 coa-

746 1956 980 2017 lescens,
1006 1969 1069 2006 ex
1114 1967 1178 2006 se
1222 1952 1502 2022 perfecta,
1571 1955 1876 2021 completa,
1912 1969 2125 2024 semper
2171 1956 2319 2010 exsi-

743 2059 922 2113 stens,
952 2057 1005 2101 et
1039 2048 1127 2111 iis,
1162 2062 1282 2115 quae
1333 2055 1481 2110 sunt,
1514 2061 1633 2101 esse
1682 2049 1929 2115 praebens
1958 2066 1973 2103 :
2008 2062 2109 2103 nec
2163 2049 2323 2105 Patre

742 2138 1073 2208 sempiterna
1118 2138 1292 2208 gloria
1322 2152 1560 2206 unquam
1620 2137 1884 2203 multato,
1920 2141 2132 2193 etiamsi
2164 2138 2318 2207 Filio,

739 2231 831 2301 qui
884 2229 1067 2284 Patris
1114 2238 1198 2285 est
1232 2228 1425 2298 gloria,
1460 2230 1698 2283 nondum
1734 2240 2025 2299 apparente
2055 2230 2129 2301 (3)
2184 2232 2318 2286 late-

739 2331 856 2389 ret;
891 2338 990 2378 nec
1020 2320 1181 2387 Filio,
1215 2322 1440 2378 etiamsi
1474 2322 1685 2377 tardius
1718 2324 1977 2389 illuxerit,
2005 2324 2187 2380 minus
2215 2326 2317 2378 ha-

739 2417 918 2481 bente,
953 2430 1113 2485 quam
1147 2413 1344 2481 Pater;
1374 2429 1477 2469 nec
1515 2413 1745 2484 Spiritu.
1776 2417 1993 2471 etiamsi
2027 2418 2078 2470 in
2108 2418 2318 2472 theolo-

738 2511 826 2578 gia
874 2508 1091 2562 tertium
1142 2505 1389 2561 obtineat
1437 2506 1640 2571 locum,
1677 2508 1953 2576 posterius
2003 2522 2123 2564 esse
2172 2509 2314 2563 acci-

740 2601 921 2665 piente
951 2617 965 2653 :
1010 2597 1107 2653 sed
1137 2598 1602 2653 coexsistentibus
1640 2598 1833 2664 simul,
1866 2614 1931 2654 ac
1959 2614 2113 2669 aeque
2147 2602 2314 2671 glori-

738 2690 988 2751 ticandis,
1015 2688 1266 2759 quamvis
1294 2686 1459 2742 Pater
1485 2688 1631 2743 velut
1665 2690 1993 2760 principium
2025 2690 2115 2751 sit.
2148 2700 2313 2746 etra-

737 2784 826 2836 uix
851 2824 865 2845 ,
901 2781 1074 2835 Filius
1107 2794 1254 2846 vero,
1284 2794 1349 2833 ac
1384 2777 1624 2847 Spiritus
1646 2780 1795 2834 velut
1819 2781 1955 2835 rami
1991 2780 2212 2852 quidam
2245 2786 2313 2837 ab

735 2884 938 2928 :trtcrno
975 2872 1380 2943 pullulaverint.
1408 2869 1526 2926 Hoc
1556 2872 1623 2925 de
1653 2871 1762 2926 Deo
1790 2871 1987 2942 dogma
2010 2874 2312 2944 antiquitus

736 2966 956 3033 quidem
992 2964 1168 3019 edocti
1194 2962 1365 3032 aliqui
1398 2972 1549 3026 sunt,
1582 2963 1767 3017 divina
1793 2963 2038 3019 bonitate
2055 2980 2115 3020 se
2136 2965 2309 3034 ipsam

738 3058 1047 3126 l-enigniter
1097 3054 1377 3123 prodente,
1411 3054 1645 3107 obscure
1693 3063 1896 3118 tamen,
1931 3053 2159 3124 ejusque
2191 3056 2311 3126 pul-

735 3149 1042 3202 rlirituiline
1094 3146 1265 3201 fuscis
1323 3155 1535 3198 tantum
1590 3144 1870 3199 coloribus
1937 3144 2202 3215 depicta,
2255 3156 2310 3205 et

735 3242 931 3309 ςινιὶυιὶ
981 3254 1097 3292 a-vo
1154 3247 1451 3295 reservata.
1488 3235 1625 3291 Hinc
1658 3239 1940 3293 colebatur
1989 3239 2117 3294 olim
2167 3240 2309 3295 Deus

734 3333 892 3385 l'atcr
923 3349 951 3384 ιι
982 3330 1202 3401 pepulo,
1228 3331 1405 3400 ipsum
1438 3339 1643 3383 tantum
1673 3344 1972 3399 agnoscere
2000 3332 2305 3400 protitente,

732 3440 832 3478 nec
860 3422 1057 3477 Filium
1082 3462 1097 3483 .
1131 3422 1226 3491 qui
1271 3421 1457 3475 omnia
1498 3420 1763 3489 possidet,
1801 3437 1923 3492 qua:
1953 3422 2131 3485 Pater,
2163 3423 2311 3491 ejus-

732 3518 855 3570 dem
911 3517 1093 3569 cultus
1138 3512 1460 3583 participem
1514 3512 2012 3574 facientc,etiatnsi
2060 3514 2307 3584 pluribus

737 3604 911 3659 modis
942 3620 999 3657 se
1026 3601 1417 3673 prodidisset’.
1446 3599 1583 3654 Cum
1610 3616 1735 3654 vero
1766 3603 2008 3656 nondum
2045 3604 2182 3671 apud
2212 3618 2309 3659 nos

732 3699 825 3751 lux
855 3695 1194 3758 emicuisset,
1217 3708 1340 3764 quae
1360 3691 1525 3747 simul
1557 3706 1681 3745 cum
1706 3691 1962 3749 Genitore
1987 3702 2111 3748 ante
2134 3710 2307 3748 aevum

731 3788 979 3850 emicuit,
1017 3787 1378 3841 collucentem
1436 3799 1561 3838 cum
1620 3800 1686 3841 eo
1740 3783 2007 3854 Spiritum
2067 3787 2307 3840 nondum

733 3882 983 3936 homines
1035 3879 1219 3935 debito
1267 3878 1477 3932 honore
1524 3879 1995 3947 prosequebantur
2032 3895 2045 3931 :
2079 3887 2163 3934 ast
2212 3878 2306 3932 ubi

732 3974 909 4027 Patris
938 3972 1107 4044 gloria
1143 3985 1240 4042 per
1282 3969 1636 4040 lluigenitum
1694 3984 1854 4024 suum
1910 3970 2111 4026 clarior
2146 3985 2311 4041 appa-

732 4070 863 4129 ruit,
893 4067 1076 4120 statim
1136 4064 1310 4135 ipsius
1362 4062 1623 4116 divinitas
1675 4061 1916 4117 innotuit
1944 4064 2219 4128 omnibus,
2251 4079 2310 4119 se

731 4162 881 4227 ipsus
927 4158 983 4211 in
1031 4171 1185 4213 suam
1222 4153 1520 4226 perniciem
1560 4168 1670 4208 non
1703 4155 2128 4210 excaacautibus.
2157 4155 2310 4211 Tunc

731 4265 862 4318 ergo
898 4248 1062 4303 simul
1098 4261 1335 4318 regnans
1367 4243 1605 4315 Spiritus
1639 4245 1873 4313 eﬂulsit;
1906 4248 2057 4316 prius
2086 4247 2305 4317 quidem

731 4355 856 4393 cum
890 4338 1127 4394 Verbum
1180 4338 1235 4391 in
1278 4346 1424 4392 terra
1455 4338 1673 4406 degeret
1703 4337 1879 4406 ipsum
1912 4337 2183 4393 comitans
2204 4378 2218 4401 ,
2254 4347 2308 4393 et

732 4446 857 4483 cum
893 4433 1032 4500 ipso,
1058 4444 1178 4500 qua:
1212 4428 1381 4483 Deum
1416 4427 1697 4493 dccerent,
1729 4443 2014 4498 peragens,
2048 4428 2307 4483 testiﬁca-

734 4524 1050 4591 tiouemque
1086 4531 1373 4590 prmstans,
1403 4530 1458 4574 et
1490 4520 1741 4575 vicissim
1773 4520 2044 4587 recipiens
2076 4538 2089 4572 :
2115 4520 2309 4577 deinde

2426 670 2676 741 τιμῶμεν
2711 671 3033 742 ἐπιδημίαν*
3081 674 3206 741 χθὲς
3253 675 3386 742 ἡμῖν
3423 676 3679 738 ὑπόθεσις
3713 676 3815 743 τῆς
3860 693 3996 730 παν-

2426 763 2676 834 ηγύρεως
2704 766 2736 835 ή
2768 766 3007 835 ὑμετέρα
3036 765 3344 834 εὐεργεσία,
3375 767 3613 835 σήμερον
3644 769 3867 838 ἀφορμὴ
3898 770 3995 821 τοῦ

2426 856 2814 928 πανηγυρίζειν
2856 859 2889 926 ἡ
2933 857 3025 909 τοῦ
3073 856 3388 926 Πνεύματος
3436 856 3734 927 δοξολογία.
3774 861 3868 924 Τίς
3902 860 3997 915 οῦν

2424 946 2620 1017 ἐκείνῳ
2650 948 2932 1018 πρέπουσα
2974 947 3170 1016 γένοιτ’
3197 947 3263 1000 ἂν
3297 947 3607 1015 δοξολογία;
3654 951 3717 1003 Ἦ
3744 954 3843 1022 τῆς
3875 952 3999 1003 Θεο·

2424 1036 2669 1109 πρεποῦς
2704 1037 2863 1107 δόξης
2917 1037 3192 1107 ὁμολογία.
3226 1037 3303 1088 Δι’
3357 1037 3427 1109 ἣν
3477 1040 3865 1095 ἀποστέλλεται
3898 1045 3999 1111 μὲν

2423 1128 2575 1195 παρὰ
2624 1129 2717 1182 τοῦ
2780 1126 2949 1190 Υίοῦ,
3004 1129 3561 1200 πραγματευσόμενος
3612 1131 3768 1184 τοῦτο
3820 1133 3995 1203 αὐτῷ.

2437 1219 2641 1273 Ἐκεῖνο
2673 1220 2783 1291 γὰρ
2829 1218 3065 1284 δοξάσων
3095 1222 3369 1291 ἐλήλυθεν.
3398 1214 3541 1274 Ἧκε
3582 1223 3639 1275 δὲ
3666 1225 3757 1276 καὶ
3787 1225 3888 1293 τὴν
3912 1228 3997 1277 οξ-

2424 1312 2573 1365 κείαν
2602 1313 2768 1382 τιμὴν
2802 1313 3117 1384 ἐμφανίσων
3141 1314 3220 1384 τῷ
3255 1314 3557 1384 πλάσματι.
3597 1315 3861 1387 Ἐπείπερ
3888 1317 3998 1370 ἔδει

2421 1404 2517 1476 τὴν
2549 1405 2655 1474 πρὸ
2688 1404 2783 1457 τοῦ
2846 1406 2940 1459 τὸν
2988 1405 3194 1476 κόσμον
3228 1401 3368 1459 εἶναι
3420 1408 3737 1479 τιμωμένην
3761 1410 3993 1481 Τριάδα,

2422 1498 2515 1549 καὶ
2569 1497 2673 1549 ὑπὸ
2718 1497 2827 1551 τῶν
2850 1499 2905 1550 ἐν
2931 1499 3118 1567 κόσμῳ
3174 1499 3289 1567 ἅμα
3322 1501 3604 1569 τιμᾶσθαι.
3642 1502 3706 1554 Ὃ
3753 1504 3998 1572 σήμερον

2424 1588 2871 1659 προθυμούμενος
2933 1590 2961 1641 ὁ
3015 1591 3169 1656 λόγος
3238 1592 3436 1657 ποιεῖν,
3494 1592 3638 1646 οὕτω
3684 1592 3781 1646 τοῦ
3829 1594 3995 1662 λόγου

2420 1682 2745 1752 ἁπάρχεται.

2492 1768 2586 1835 Εἷς
2617 1774 2748 1835 Θεὸς
2779 1775 2834 1825 ἐν
2868 1774 3043 1843 Πατρὶ
3078 1775 3171 1827 καὶ
3228 1774 3342 1846 Υίῷ
3385 1776 3479 1828 καὶ
3518 1775 3656 1845 ἁγίῳ
3690 1774 3995 1844 Πνεύματι,

2422 1860 2773 1915 ὑποστάσεων
2798 1862 2967 1931 Τριὰς
3014 1865 3096 1926 είς
3137 1864 3193 1915 ἓν
3225 1864 3497 1930 συνιοῦσα,
3534 1866 3720 1936 μονάδι
3751 1867 3995 1935 φύσεως,

2424 1952 2741 2020 αὐτοτελὴς,
2775 1954 3154 2024 ὑπερπλήρης,
3189 1956 3276 2007 ἀεὶ
3313 1956 3470 2020 οῦσα,
3511 1958 3603 2010 καὶ
3641 1959 3756 2020 τοῖς
3779 1953 3901 2011 οὖσι
3937 1958 3999 2009 τὸ

2424 2040 2563 2096 εἶναι
2611 2046 2990 2115 παρασχοῦσα,
3054 2047 3176 2100 οὔτε
3204 2047 3299 2100 τοῦ
3333 2049 3548 2119 Πατρδς
3580 2049 4000 2119 ἀκρωτηριαζο-

2426 2136 2587 2204 μένου
2645 2135 2747 2204 τῆς
2802 2137 2975 2189 ἀϊδίου
3023 2136 3201 2206 δόξης,
3258 2138 3337 2209 τῷ
3379 2137 3602 2210 ὕστερον
3634 2139 3733 2208 τὴν
3778 2140 3994 2192 ἐκείνου

2418 2226 2575 2291 δόξαν
2604 2227 2695 2279 τὸν
2725 2226 2850 2279 Υἰὸν
2884 2228 3245 2297 ἐκπεφάνθαι,
3273 2230 3402 2301 πρὶν
3434 2230 3489 2283 δὲ
3519 2230 3827 2302 ἀνυπαρξίᾳ
3854 2248 3995 2302 κρυ-

2419 2318 2692 2387 πτομένου
2721 2334 2733 2347 ·
2771 2317 2892 2371 οὔτε
2927 2318 3021 2371 τοῦ
3056 2320 3187 2373 Υἰοῦ
3241 2323 3298 2374 ἐν
3332 2322 3408 2392 τῷ
3446 2322 3763 2389 ἀπαυγάσαι
3811 2323 3995 2393 ὀψιαί-

2415 2429 2592 2481 τερον,
2629 2414 2781 2482 μεῖον
2802 2413 3060 2482 φέροντος
3085 2414 3180 2465 τοῦ
3215 2413 3445 2484 Πατρὸς,
3477 2412 3599 2466 οὔτε
3623 2412 3716 2466 τοῦ
3742 2414 3999 2484 Πνεῦμα-

2414 2522 2505 2569 τος
2530 2505 2623 2558 τοῦ
2651 2506 2808 2572 ἁγίου
2834 2523 2847 2538 ·
2878 2507 2927 2559 εί
2991 2506 3085 2559 καὶ
3122 2506 3313 2575 τρίτην
3345 2508 3401 2559 ἐν
3446 2509 3513 2578 τῇ
3560 2506 3809 2578 Θεολογία
3837 2506 3996 2572 τάξιν

2416 2594 2549 2665 ἔχει,
2594 2596 3060 2667 μεταγενεστέραν
3087 2595 3344 2667 λαχόντος
3394 2596 3494 2666 τὴν
3549 2596 3801 2668 ὓπαρξιν.
3848 2596 3996 2649 Ἀλλ’

2415 2688 2549 2758 ὁμοῦ
2582 2689 2691 2743 τῶν
2714 2688 2882 2759 τριῶν
2916 2690 3182 2743 συνόντων
3236 2689 3332 2743 καὶ
3368 2692 3645 2760 ὁμοτίμως
3700 2690 3999 2761 δοξαζομέ-

2415 2799 2558 2834 νων·
2613 2782 2713 2835 κᾶν
2761 2784 2790 2835 ό
2854 2783 2952 2853 μὲν
2998 2783 3074 2846 ὡς
3124 2783 3267 2853 ἀρχὴ
3308 2785 3399 2837 καὶ
3452 2782 3614 2853 ῥίζα,
3646 2783 3772 2847 Υίὸς
3802 2785 3861 2838 δέ
3898 2786 3998 2839 καὶ

2416 2875 2641 2944 Πνεῦμα
2695 2869 2806 2928 οἷον
2853 2874 3072 2945 βλαστοί
3107 2891 3251 2937 τινες
3296 2876 3480 2939 ἀϊδίως
3542 2877 3992 2948 συνεκτεϐήλασι.

2413 2968 2589 3021 Τοῦτο
2618 2968 2681 3038 δὴ
2711 2969 2772 3021 τὸ
2804 2969 2931 3038 περὶ
2958 2966 3095 3020 Θεοῦ
3130 2968 3307 3037 δόγμα
3334 2970 3499 3022 πάλαι
3527 2968 3626 3040 μέν
3653 2986 3797 3033 τινες
3816 2970 3998 3040 ἐμυή-

2412 3060 2607 3132 Θησαν,
2646 3059 3064 3128 ιφιλανθρώπως
3112 3060 3319 3129 ἑαυτὴν
3383 3060 3835 3131 ἐκκαλυπτούσης
3888 3062 3995 3130 τῆς

2411 3153 2707 3224 θεαρχικῆς
2738 3152 3098 3221 ἀγαΟότητος,
3144 3150 3285 3221 πλὴν
3338 3152 3619 3223 ἀμυδρῶς,
3659 3153 3852 3225 ῶσπερ
3880 3155 3996 3206 τισὶ

2335 3276 2382 3339 c
2411 3244 2665 3314 χρώμασι
2715 3243 3093 3311 στυγνοτέροις
3118 3243 3463 3313 γραφομένου
3505 3240 3599 3295 τοῦ
3629 3242 3858 3303 κάλλους
3891 3245 3997 3311 τῆς

2410 3334 2716 3398 εὐσεϐείας,
2746 3334 2843 3385 καὶ
2868 3334 3268 3404 ταμιευομένης
3300 3334 3380 3396 είς
3411 3334 3500 3387 τὸν
3531 3335 3837 3404 καθήκοντα
3862 3352 3995 3388 και-

2412 3426 2503 3495 ρὸν
2530 3424 2629 3494 τῆς
2662 3424 2990 3495 τρανοτέρας
3041 3422 3443 3493 λαμπρότητος.
3467 3423 3622 3478 Οῦτω
3642 3424 3705 3494 δὴ
3722 3424 3996 3495 πρότερον

2409 3517 2438 3568 ὁ
2472 3516 2603 3578 Θεὸς
2632 3517 2728 3568 καί
2750 3517 2938 3584 Πατὴρ
2960 3514 3066 3567 ὑπὸ
3097 3514 3189 3568 τοῦ
3235 3517 3394 3585 μόνον
3425 3517 3633 3567 ἐκεῖνον
3659 3515 3865 3567 εἰδέναι
3897 3514 3993 3565 λέ-

2409 3623 2595 3675 γοντος
2630 3607 2857 3675 ἐτιμᾶτο
2884 3604 3037 3670 λαοῦ,
3075 3605 3149 3676 μὴ
3171 3606 3511 3675 ποιουμένων
3536 3605 3684 3675 αὐτῷ
3711 3604 3990 3676 συμμερί⁸

2409 3716 2507 3767 την
2537 3698 2636 3767 τῆς
2664 3699 2827 3768 τιμῆς
2847 3696 2937 3752 τὸν
2965 3698 3165 3763 πάντα,
3213 3699 3313 3751 ὅσα
3343 3700 3456 3768 ἔχει
3495 3698 3523 3749 ό
3553 3698 3762 3769 Πατὴρ,
3789 3714 3994 3762 κεκτη-

2413 3789 2570 3859 μένον
2587 3788 2737 3853 Υίδν,
2767 3790 2815 3840 εί
2846 3787 2939 3841 καὶ
2967 3787 3250 3850 πλείσταις
3278 3789 3431 3852 ὅσαις
3462 3788 3766 3858 ἐμφάσεσιν
3793 3787 3993 3841 ἑαυτὸν

2409 3881 2756 3934 διεδείκνυεν.
2788 3878 2954 3933 Οῦπω
2982 3879 3041 3933 δὲ
3070 3879 3163 3933 τοῦ
3193 3879 3437 3950 ἀχρόνως
3467 3881 3565 3932 σὺν
3588 3879 3666 3951 τῷ
3693 3879 3993 3949 Γεννήτορι

2410 3974 2719 4043 ἀνίσχοντος
2754 3971 2931 4041 φωτὸς
2952 3973 3009 4024 ἐν
3044 3971 3220 4042 χρόνῳ
3252 3971 3329 4040 τῷ
3353 3969 3478 4024 καθ’
3497 3971 3645 4040 ἡμᾶς
3674 3969 3989 4039 ὁραθέντος,

2410 4070 2470 4123 τὸ
2529 4070 2941 4140 συναστράπτον
3009 4068 3157 4138 αὑτῷ
3199 4067 3422 4138 Πνεῦμα
3464 4065 3618 4120 οῦπω
3670 4068 3768 4136 τῆς
3814 4082 3993 4137 προσ-

2409 4161 2649 4231 ηκούσης
2699 4161 2851 4233 παρὰ
2896 4160 3005 4214 τῶν
3051 4159 3354 4230 ἀνθρώπων
3403 4157 3759 4228 ἐκληρονόμει
3791 4156 3990 4226 τιμῆς.

2422 4256 2575 4308 Ἐπεὶ
2592 4255 2648 4308 δὲ
2683 4254 2798 4323 ἅμα
2826 4255 2983 4324 μὲνὴ
3020 4252 3113 4305 τοῦ
3147 4252 3360 4321 Πατρδς
3385 4250 3512 4313 δόξα
3559 4249 3647 4304 διὰ
3677 4247 3774 4302 τοῦ
3808 4249 3991 4302 Μονο-

2409 4340 2601 4409 γενοῦς
2634 4342 2985 4411 φανερωτέρα
3014 4340 3297 4411 γεγένητο,
3355 4338 3470 4409 ἆμα
3505 4338 3562 4391 δὲ
3608 4338 3702 4391 καὶ
3752 4338 3786 4408 ἠ
3817 4336 3991 4391 αὐτοῦ

2410 4430 2767 4502 πεφανέρωτο
2790 4432 2902 4493 τοῖς
2936 4431 3071 4500 πρὸς
3098 4431 3196 4500 τὴν
3228 4430 3376 4499 σφῶν
3405 4428 3465 4481 οὐ
3491 4427 3691 4499 μύσασι
3710 4429 3993 4498 σωτηρίαν

2411 4523 2635 4593 Θεὸτης,
2667 4522 2768 4591 ἥδη
2798 4520 2984 4573 λοιπὸν
3012 4522 3177 4574 καὶτὸ
3205 4518 3604 4590 συμϐασιλεῦον
3624 4518 3989 4588 ἐμφανίζεται

730 4614 894 4667 etiam
930 4613 1299 4676 manifestius,
1324 4623 1378 4666 et
1422 4613 1475 4665 in
1525 4612 1755 4666 ﬂamma:
1783 4614 2020 4681 speciem
2066 4613 2292 4670 desceu-
2323 4615 2401 4670 Dl

2323 4615 2368 4670 D
2393 4616 2636 4685 Πνεῦμα.
2655 4616 2763 4668 Καὶ
2795 4616 2926 4684 πρὶν
2961 4614 3059 4685 μὲν
3090 4613 3374 4683 ἐνσώματι
3409 4610 3988 4680 συναναστρεφομένου

731 4708 886 4770 deus,
922 4722 1047 4761 cum
1081 4708 1169 4760 ille
1196 4706 1263 4759 ad
1302 4704 1471 4759 coelos
1502 4703 1614 4772 jam
1650 4704 1946 4760 evolasset.

2409 4707 2502 4761 τοῦ
2531 4708 2705 4774 Λόγου
2738 4706 3025 4777 συμπαρὸν
3084 4704 3234 4775 αὐτῷ
3284 4704 3379 4757 καὶ
3429 4701 3895 4774 συνεργαζόμενον
3921 4702 3993 4754 τά

730 4802 1029 4872 Οεοπρεπῆ,
1062 4802 1154 4854 καὶ
1187 4797 1638 4872 προσμαρτυροῦν
1682 4797 1778 4869 τὴν
1810 4800 2052 4871 υἱὸτητα,
2085 4802 2181 4855 καὶ
2208 4804 2303 4873 τὴν
2343 4803 2472 4873 παρ’
2493 4800 2661 4857 αὑτοῦ
2701 4801 3007 4874 μαρτυρίαν
3041 4798 3435 4870 ἀντιλαμϐάνον
3457 4814 3471 4828 ο
3521 4795 3746 4868 ὕστερον
3798 4797 3861 4851 δὲ
3932 4798 3994 4862 ἐξ

728 4895 887 4966 ἡμῶν
914 4895 1247 4957 ἁναπτάντος
1265 4895 1494 4960 ἐκείνου,
1518 4892 1861 4962 αὑτοκαθόδῳ
1883 4895 2082 4965 πυρίνῃ
2102 4896 2297 4964 όραθὲν
2336 4895 2757 4966 ἐμφανέστερον.

800 4987 955 5041 Nune
978 4988 1121 5039 enim
1160 4988 1448 5056 perspicue
1473 4987 1624 5041 visus
1653 4995 1738 5040 est
1768 4986 2110 5040 descendens
2146 4985 2304 5039 Para-

729 5082 911 5143 clitus,
938 5079 1211 5133 Paraclito
1242 5079 1415 5133 altero
1444 5079 1497 5133 in
1521 5078 1700 5134 Patris
1734 5079 1857 5134 sinu
1890 5087 2143 5148 recepto;
2182 5094 2309 5148 pro-

803 5236 815 5264 '
857 5232 1018 5287 Joan.
1059 5233 1292 5297 “1,14.
1369 5236 1389 5263 ⁸
1429 5230 1587 5287 Joan.
1622 5249 1732 5297 xvr,
1768 5232 1855 5287 15.

2488 4986 2603 5039 Νῦν
2656 4988 2766 5058 γὰρ
2826 4985 3081 5055 ἐμφανῶς
3138 4984 3291 5054 ῶφθη
3343 4982 3629 5044 καταπτὰς
3670 4983 3698 5034 ὀ
3736 4981 3859 5035 ἀντὶ
3888 4982 3988 5034 τοῦ

2416 5079 2554 5150 πρὸς
2608 5080 2698 5134 τὸν
2749 5079 2968 5149 Πατέρα
3033 5078 3394 5149 Παρακλήτου
3451 5072 3793 5137 ἁναπτάντος
3829 5074 3994 5138 ἄλλος

2259 5318 2489 5376 ΝΟΤᾸΕ.

802 5420 878 5483 ('5)
923 5416 1173 5471 Nondum
1207 5425 1509 5486 apparente.
1548 5414 1803 5481 Quaedam
1838 5414 1926 5470 hic
1955 5413 2177 5468 adhibet
2203 5428 2300 5486 au-

732 5500 850 5543 ctor
871 5489 1135 5543 vocabula
1157 5504 1219 5541 ex
1243 5484 1524 5557 Dionysio,
1558 5498 1614 5539 ut
1637 5488 1930 5557 appellant,
1977 5484 2299 5557 Areopagita

731 5568 979 5613 tuutuata
1015 5578 1027 5612 :
1064 5554 1431 5627 Ἀνυπαρξία,
1484 5554 1737 5627 βλαστοὶ,
1792 5555 2078 5625 θεαρχική,
2133 5554 2301 5627 Paulo

730 5640 854 5698 post
893 5628 1099 5683 radicis
1144 5638 1197 5683 et
1249 5625 1540 5698 ramorum
1566 5627 1976 5698 similitudinem
2008 5640 2112 5679 non
2143 5625 2299 5698 ψει-ι

732 5695 852 5754 sine
878 5701 1003 5753 dolo
1034 5718 1047 5752 :
1084 5714 1272 5753 verum
1302 5697 1416 5750 ιιωο
1446 5696 1577 5749 satis
1602 5696 1713 5766 jam
1746 5697 2011 5763 explicata
2055 5695 2300 5766 et_diluta

732 5779 883 5831 sunt,
925 5770 1194 5839 praecipue
1227 5783 1257 5821 a
1286 5762 1943 5839 NicephorofBlemtnida,
1976 5772 2029 5839 et
2052 5779 2080 5817 a
2104 5762 2299 5839 Bessa-

732 5833 1064 5901 rionefcum
1093 5833 1256 5895 'locis
1287 5853 1349 5891 ex
1397 5833 1743 5905 s'uppositltio
1774 5837 2037 5907 Dionysio
2068 5833 2299 5902 objectis

735 5909 1146 5981 responderent.
1178 5908 1363 5978 Neque
1387 5909 1585 5961 mirum
1619 5914 1724 5973 est,
1752 5922 1783 5962 e
1813 5919 2143 5977 quacunque
2177 5919 2305 5960 san-

2404 5414 2666 5469 ctissimae
2696 5412 2988 5469 Trinitatis
3030 5415 3388 5472 similitudine
3432 5417 3592 5471 allata
3640 5416 3991 5476 diﬂicultates

2404 5486 2666 5548 suboriri,
2700 5500 2824 5540 cum
2872 5492 2997 5555 apta
3047 5487 3103 5539 in
3153 5488 3292 5541 hanc
3324 5502 3437 5543 rem
3469 5489 3776 5544 similitudo
3801 5489 3989 5544 aﬁerri

2404 5557 2575 5629 possit
2605 5556 2755 5629 nulla
2797 5572 2811 5609 :
2847 5555 2918 5609 ita
2950 5562 3013 5629 u_t
3042 5557 3162 5611 illas
3194 5559 3740 5629 perpendenti.’qum
3774 5562 3987 5628 pueris,

2403 5641 2542 5699 cum
2564 5626 2955 5699 instituuntur,
2987 5626 3135 5699 bona
3172 5626 3356 5699 tuente
3378 5667 3394 5691 ,
3444 5639 3503 5682 ut
3550 5628 3602 5682 id
3634 5626 3987 5699 intelligant,

2405 5697 2551 5766 quod
2579 5698 2805 5767 intelligi
2838 5697 3048 5767 nequit,
3074 5698 3292 5752 recitari
3322 5699 3519 5762 solent,
3551 5712 3648 5753 eos
3676 5697 3864 5753 minus
3898 5714 3986 5751 re-

2404 5771 2507 5821 ctis
2555 5766 2956 5835 quodammodo
3007 5769 3409 5840 phantasmatis
3458 5769 3734 5825 interdum
3790 5768 3986 5835 imbui,

2407 5838 2581 5893 videri
2613 5838 2808 5893 possit.

2407 5838 2581 5893 videri
2613 5838 2808 5909 possit.
