4232 6444
193 433 212 492 Ξ
232 432 298 491 37

1147 432 1427 492 ORATIO
1465 432 1638 494 XIII.
1675 458 1741 468 -
1777 433 1871 492 DE
1899 434 2209 494 SPIRlTU
2243 434 2545 493 SANCTO.

3321 427 3422 492 13S

191 541 572 609 Παράκλητος,
629 538 851 610 πληρῶν
908 540 1006 610 μὲν
1069 541 1276 594 ἐκείνου
1308 542 1420 613 ῑτὴν
1449 543 1758 614 ὑπόσχεσιν,
1791 551 1835 606 Α

1754 588 1758 604 ,
1791 551 1835 606 Α
1865 545 2182 600 missionem
2240 543 2386 598 illius
2423 544 2521 615 (4),
2553 551 2608 599 et
2642 542 2777 612 [quin
2805 543 2871 595 de
2898 558 2955 599 se
2983 542 3301 612 prophetica
3346 543 3425 596 Ia-

191 633 420 702 πληρῶν
445 633 503 686 δὲ
541 631 635 684 καὶ
662 632 698 685 ἃ.
719 631 847 701 περ)⁸
879 631 1065 685 αὐτοῦ·
1090 633 1532 704 θεοφορουμένων
1567 636 1763 706 ὑπήχει

188 724 421 791 χείλεσι,
449 721 548 792 τὴν
577 722 670 775 ἐπὶ
704 723 886 774 πᾶσαν
917 721 1094 792 σάρκα
1128 723 1391 793 διάχυσιν.
1422 725 1539 778 Νῦν
1570 725 1764 796 ἀμερί-

190 833 337 879 στως
362 817 420 868 ὲν
445 818 558 881 τοῖς
578 814 848 886 μαθηταῖς
876 817 1252 888 μεριζόμενον,
1272 819 1341 872 ,τὸ
1362 820 1561 873 οἰκεῖον
1587 821 1765 890 ἐμφα-

187 905 331 968 νίζει
359 907 600 976 ἀξίωμα,
639 906 764 976 οὐχὶ
790 906 1081 978 συνεργοῦν
1116 909 1302 980 ῶσπερ
1338 911 1618 981 πρότερον,
1650 912 1764 966 ἀλλ’

186 1000 325 1053 αὐτὸ
355 1000 721 1070 ἐργαζόμενον
772 999 840 1053 τά
890 1000 1190 1067 θαυμάσια,
1233 1003 1326 1056 καὶ
1371 1005 1436 1073 τῇ
1476 1005 1760 1075 συγγενείᾳ

187 1090 298 1141 τῶν
331 1091 508 1159 ἔργων
531 1091 632 1160 τῆς
659 1089 877 1159 φύσεως
904 1090 1261 1159 πιστούμενον
1286 1092 1385 1160 τὴν
1416 1093 1753 1160 συγγένειανι

188 1180 388 1250 πρώην
426 1183 490 1234 ὲκ
522 1181 746 1250 χειλέων
800 1182 1178 1251 ἀγραμμάτων
1205 1179 1299 1234 τοῦ
1328 1180 1644 1237 διδασκάλου
1675 1201 1762 1235 σο-

187 1273 322 1340 φίας
343 1273 573 1341 ἠκούετο
613 1275 853 1343 ῥήματα,
901 1273 1026 1344 ἄρτι
1075 1272 1325 1343 γλώσσης
1364 1273 1473 1327 τῶν
1504 1274 1762 1343 μαθητῶν

186 1365 440 1433 ἀμαθοῦς
471 1366 745 1436 γνωστικὴ
770 1365 1035 1436 διηχεῖται
1062 1367 1456 1438 φθογγή.,”1σον
1490 1367 1552 1421 τὸ
1583 1367 1762 1421 θεῖκδν

187 1454 434 1524 ἀξίωμα,
461 1457 551 1511 διὰ
578 1457 734 1510 τοῦτο
759 1457 930 1511 πάλαι
958 1457 1054 1510 καὶ⁵
1082 1457 1179 1510 νῦν
1208 1457 1367 1528 ὃμοια
1385 1458 1456 1512 τὰ
1475 1457 1757 1528 γινόμενα.

188 1544 390 1616 Πρώην
443 1547 522 1618 τῷ
571 1546 980 1613 συνδεσπόζοντι
1013 1547 1173 1620 Λόγῳ
1217 1549 1316 1619 τὴν
1346 1548 1640 1620 θεραπείαν
1666 1548 1758 1604 τοῦ

187 1639 515 1708 πλάσματος
569 1640 954 1712 συνεργάζετο,
1014 1641 1108 1694 νῦν
1149 1644 1261 1706 τοῖς
1286 1642 1587 1712 ὑπηρέταις
1614 1643 1763 1715 ένδη·

190 1728 328 1795 μοῦν
349 1732 562 1798 ένεργεῖ
591 1731 661 1784 τὰ
691 1733 986 1802 μυστήρια.
1011 1732 1276 1803 Τιμάσθω
1311 1733 1603 1805 τοιγαροῦν
1632 1735 1765 1806 δμο-

192 1821 364 1888 τίμως
397 1822 459 1876 τὸ
488 1824 601 1878 [σον
640 1827 706 1896 τῇ
738 1825 1011 1896 ἐνεργείᾳ,
1051 1827 1144 1878 καὶ
1185 1825 1273 1880 διὰ
1326 1826 1483 1880 τοῦτο
1507 1821 1636 1896 ,ἴσον
1673 1825 1768 1879 καὶ

187 1911 252 1976 τῇ
287 1909 451 1982 οὐσία
498 1914 764 1981 πανάγιον
819 1915 1044 1986 Πνεῦμα
1082 1915 1187 1968 ὑπὸ
1236 1916 1344 1969 τῶν
1403 1916 1766 1986 εὐγνωμονεῖν

186 2002 432 2104 εἰδότων.
459 2005 556 2057 καὶ
580 2005 907 2076 δεσποτικῆς
934 2008 1350 2079 μεγαλειότητος
1387 2010 1763 2078 φυλαττόντων
1792 2047 1836 2104 Β

185 2093 513 2164 ἀνύϐριστον
545 2097 606 2152 τὸ
656 2097 890 2168 ἀξίωμα.

257 2189 580 2252 Δοξαζέσθω
626 2190 821 2254 θεῖκῶς
879 2189 984 2242 ὑπὸ
1017 2188 1126 2242 τῶν
1177 2191 1417 2244 συνιέναι
1444 2190 1762 2261 ἠξιωμένων

187 2281 289 2348 τῆς
318 2279 480 2349 δόξης
511 2280 678 2333 αὑτοῦ
704 2281 800 2352 τὴν
837 2281 1089 2350 θεότητα.
1127 2281 1378 2344 Ἰουδαῖος
1421 2284 1519 2352 μὲν
1551 2284 1656 2354 γάρ
1685 2283 1761 2352 τῷ

187 2371 306 2438 τοῦῖ
317 2371 514 2440 φθόνου
573 2372 723 2442 ζόφῳ
756 2373 1271 2444 περιλυγαζόμενος,
1307 2376 1399 2427 καὶ
1436 2376 1582 2437 ὅστις
1619 2375 1764 2444 ἄλλῳ

187 2463 368 2532 σκότῳ
402 2463 658 2526 ἀπιστίας
690 2465 749 2516 τὸ
771 2463 985 2534 βλέπειν
1003 2466 1308 2536 ἀφῄρηται,
1333 2467 1454 2519 ἀντὶ
1490 2466 1586 2519 τοῦ
1613 2467 1762 2518 θειά-

186 2554 303 2616 ζειν
329 2552 582 2620 διασύρει
613 2553 684 2607 τά
703 2554 1003 2623 τελούμενα
1027 2572 1040 2586 ·
1069 2557 1163 2608 καὶ
1187 2556 1640 2624 κατειρωνεύεται
1669 2555 1762 2608 τοῦ

191 2643 519 2712 μυστηρίου,
553 2643 614 2695 ού
655 2644 857 2706 συνιεὶς
891 2643 949 2708 ἐξ
983 2645 1244 2708 ἀπονοίας
1287 2645 1662 2714 ἀθεραπεύτου
1703 2647 1764 2699 τὸ

188 2733 496 2802 παράδοξον
525 2733 632 2785 τῶν
650 2734 985 2803 τελουμένων
1005 2752 1020 2765 ”
1041 2735 1164 2790 οὐδὲ
1194 2736 1253 2789 τὸ
1283 2736 1498 2799 ἀναιδὲς
1517 2737 1762 2807 ἐμφράτ-

184 2842 296 2876 των
332 2823 530 2894 στόμα,
557 2824 624 2876 δι’
660 2819 735 2878 ὧν
793 2825 994 2896 ἄνδρας
1026 2826 1131 2898 δρᾷ
1172 2827 1295 2899 μηδ’
1325 2827 1462 2898 αὐτῇ
1500 2829 1761 2900 πρότερον

185 2918 404 2980 εἰδότας
436 2921 502 2986 τῇ
533 2918 710 2989 οἰκείᾳ
738 2919 955 2991 γλώσσῃ
1000 2920 1262 2991 χρῆσθαι,
1293 2919 1482 2990 ἀθρόον
1511 2923 1567 2973 ὲν
1587 2922 1760 2993 ταύτῃ

183 3008 246 3059 τὸ
302 3011 573 3078 πρωτεῖον
623 3009 972 3077 κατέχοντας,
1035 3011 1131 3064 καὶ
1173 3013 1292 3074 ταῖς
1339 3011 1644 3080 ἀλλοτρίαις
1684 3013 1760 3075 ῶς

185 3101 347 3154 ἐθάσι
398 3101 832 3170 διαλεγομένους.
903 3102 1044 3155 Ἀλλ’
1094 3105 1214 3157 ἀντὶ
1262 3102 1357 3156 τοῦ
1393 3104 1528 3173 πρὸς
1579 3105 1759 3156 πίστιν

183 3193 502 3263 ὁδηγεῖσθαι
565 3193 643 3263 τῷ
692 3193 950 3264 Θαύματι,
999 3195 1136 3266 πρὸς
1175 3195 1372 3266 χλεύην
1414 3195 1757 3250 ἀνασοϐεῖται

183 3285 296 3337 τῶν
323 3280 404 3347 οἶς
431 3283 685 3354 ἐμπνέων
709 3287 924 3356 ένεργεῖ
944 3286 1014 3340 τὰ
1047 3287 1345 3356 παράδοξα.

1866 638 1953 693 hia
1985 639 2060 707 (5)
2091 643 2478 700 resonnerunt,
2509 650 2699 704 nempe
2727 633 2951 700 spiritus
2978 634 3298 689 eil‘usionem
3331 650 3426 688 su-

1867 745 1962 800 per
1992 744 2207 784 omnem
2237 740 2457 782 carnem
2491 725 2812 797 adimplens.
2843 723 2998 778 Nunc
3027 740 3155 779 vero
3188 726 3430 794 dignita-

1866 832 1971 878 tem
2004 822 2182 892 prodit
2219 837 2395 884 suam,
2425 819 2653 875 indivise
2685 820 2828 871 inter
2859 817 3160 886 discipulos
3192 810 3426 883 divisus,

1867 928 1967 968 nec
1998 914 2105 980 jam
2135 926 2437 982 cooperans
2471 918 2531 964 ut
2562 909 2738 979 prius,
2770 908 2864 963 sed
2920 909 3033 978 ipse
3086 907 3428 962 admirabilia

1866 1018 2153 1075 peragens,
2179 1011 2232 1057 et
2261 1018 2442 1058 rerum
2463 1009 2709 1056 actarum
2741 999 3099 1054 similitudine
3123 998 3430 1054 similitudi-

1867 1111 1988 1150 nem
2037 1095 2398 1165 comprobans
2444 1103 2672 1149 naturae.
2705 1091 2886 1160 Nuper
2914 1107 2978 1146 ex
3007 1091 3266 1160 magistro
3296 1091 3425 1145 illit-

1866 1196 2040 1244 terato
2061 1188 2135 1260 (6)
2168 1189 2333 1244 verba
2356 1189 2637 1259 sapientia:
2666 1185 3048 1248 audiebantur,
3074 1199 3220 1238 nunc
3249 1199 3314 1238 ex
3349 1184 3430 1236 in-

1865 1281 2026 1338 docta
2051 1282 2440 1353 discipulorum
2469 1282 2652 1351 lingua
2682 1279 2840 1334 docta
2884 1286 3103 1331 resonat
3137 1292 3258 1331 vox.
3290 1277 3424 1330 Cum

1865 1379 2010 1432 enim
2053 1375 2244 1429 eadem
2285 1374 2356 1427 sit
2402 1387 2614 1442 semper
2660 1372 2843 1425 divina
2873 1371 3071 1432 virtus,
3101 1381 3426 1437 quocunque

1862 1479 2108 1537 tempore
2135 1468 2334 1522 similia
2366 1465 2791 1536 praestat.Antea
2814 1477 2921 1518 una
2950 1475 3074 1516 cum
3098 1460 3426 1517 condomino

1864 1559 2044 1614 Verbo
2087 1569 2460 1614 creaturarum
2503 1557 2664 1612 saluti
2694 1570 2912 1626 Operam
2939 1554 3126 1618 dabat,
3163 1552 3325 1607 modo
3359 1553 3424 1605 ad

1863 1665 2051 1707 servos
2080 1652 2307 1706 veniens
2334 1652 2450 1721 ipse
2474 1649 2732 1720 mysteria
2759 1647 2998 1701 coniicit.
3021 1644 3197 1715 Eque
3216 1642 3429 1698 colatur

1860 1745 2051 1815 igitur,
2081 1746 2175 1815 qui
2211 1745 2436 1814 aequalis
2466 1751 2547 1797 est
2573 1743 2773 1796 virtute
2808 1755 2872 1794 ac
2899 1738 3227 1800 substantia,
3260 1735 3327 1790 ab
3359 1734 3424 1790 iis

1861 1837 2139 1900 omnibus,
2177 1836 2375 1906 quibus
2409 1843 2557 1888 recte
2581 1835 2804 1898 sentire,
2835 1832 3158 1900 divinosque
3190 1827 3425 1883 honores

1860 1940 2006 1986 recte
2039 1943 2295 2000 peragere
2329 1927 2480 1981 cordi
2511 1935 2615 1982 est.

1935 2194 2130 2250 Divino
2161 2209 2282 2248 cum
2312 2193 2461 2248 cultu
2493 2199 2912 2261 prosequantur,
2943 2194 3035 2260 qui
3067 2193 3185 2260 ejus
3227 2192 3426 2247 divini-

1865 2299 2026 2342 tatem
2047 2301 2378 2356 cognoscere
2395 2293 2731 2340 meruerunt.
2752 2282 2971 2338 Iudaeus
2993 2285 3210 2353 quidem
3241 2286 3310 2338 ali
3339 2286 3423 2338 in-

1863 2378 2019 2433 vidize
2047 2377 2279 2449 caligine
2306 2376 2559 2436 obrutus,
2581 2384 2634 2430 et
2655 2377 2971 2444 quicunque
2997 2377 3140 2430 alius
3166 2377 3424 2430 incredu-

1864 2471 2031 2526 litatis
2060 2469 2299 2525 tenebris
2329 2478 2651 2530 excaacatur,
2684 2467 2896 2521 colendi
2929 2469 3070 2534 loco,
3096 2468 3330 2522 oblatrat
3360 2470 3426 2522 iis

1861 2580 1981 2634 quae
2005 2563 2162 2628 ﬁunt,
2199 2570 2254 2618 et
2277 2561 2592 2633 mysterium
2622 2560 2834 2623 irridet,
2861 2560 2932 2612 ob
2960 2561 3250 2614 amentiam
3281 2561 3424 2616 insa-

1862 2657 2094 2711 nabilem
2126 2655 2395 2709 mirabilia
2429 2668 2534 2706 non
2560 2651 2892 2720 intelligens,
2921 2667 3043 2720 quae
3073 2660 3423 2720 praestantur.

1861 2765 1960 2802 nec
1981 2763 2043 2803 os
2068 2745 2352 2816 impudens
2376 2744 2676 2810 cohibens;
2701 2743 2914 2797 etiamsi
2951 2742 3198 2797 homines
3223 2744 3422 2803 videat.

1863 2855 2036 2910 nuper
2058 2840 2148 2893 vix
2179 2837 2396 2907 proprio
2426 2851 2676 2890 sermone
2703 2835 2944 2889 valentes
2991 2833 3176 2903 loqui,
3205 2847 3428 2905 repente

1861 2945 1969 2984 non
2023 2929 2078 2982 in
2126 2943 2191 2983 eo
2234 2934 2446 2980 tantum
2496 2925 2667 2990 prima
2703 2924 2960 2986 ferentes,
2993 2925 3088 2980 sed
3134 2925 3187 2979 in
3235 2926 3428 2980 alienis

1858 3023 2041 3084 etiam,
2071 3019 2424 3089 tanquamdiu
2461 3018 2799 3081 assueverin,
2826 3018 3167 3086 disputantes
3195 3034 3208 3069 :
3233 3032 3332 3073 nec
3358 3018 3424 3070 ad

1860 3113 2016 3167 ﬁdem
2042 3126 2072 3164 a
2102 3111 2366 3165 miraculo
2396 3109 2704 3178 impellitur,
2735 3109 2828 3163 sed
2876 3109 3054 3177 potius
3103 3109 3170 3163 ad
3201 3123 3296 3164 eos
3344 3108 3426 3163 ri-

1858 3204 2087 3267 dendos,
2121 3203 2174 3257 in
2207 3201 2407 3274 quibus
2446 3201 2785 3256 incredibilia
2816 3201 3247 3270 conspiciuntur,

256 3376 324 3428 Τί
349 3375 553 3456 λέγεις,
576 3370 619 3429 ὦ
647 3379 710 3447 τῇ
750 3378 918 3448 μανίᾳ
946 3378 1178 3447 μεθύων,
1203 3379 1290 3448 ὑφ’
1311 3375 1377 3452 ἦς
1404 3380 1549 3445 ἅπαξ
1567 3382 1594 3432 ὁ
1615 3382 1754 3449 λογι-
1780 3379 1824 3439 C

1752 3379 1824 3439 .C
1928 3378 2066 3445 Quid
2119 3376 2384 3447 loqueris,
2430 3376 2615 3436 miser,
2656 3389 2720 3428 eo
2769 3372 2953 3430 furore
3001 3373 3263 3442 percitus,
3315 3388 3423 3444 quo

189 3466 328 3534 σμὸς
366 3467 763 3538 σκοτοδινήσας,
788 3469 849 3520 ού
881 3469 1102 3522 δύναται
1149 3470 1387 3538 γεγονὼς
1440 3473 1633 3524 ἑαυτοῦ
1666 3474 1757 3524 ἀνε-

186 3558 418 3627 αιῆψαι,
475 3560 586 3612 ἀλλ’
634 3561 727 3614 ἐπὶ
789 3561 1121 3631 προλαϐοῦσι
1171 3563 1508 3632 πταίσμασιν
1538 3565 1757 3617 ἐπισυνο

184 3649 351 3700 ἀπτει
380 3648 620 3720 νεώτερα
646 3650 990 3721 πταίσματα;
1049 3652 1280 3716 Γλεῦκος
1308 3652 1449 3708 οὕτω
1469 3655 1536 3708 τὰ
1571 3656 1756 3726 ἀμαθῆ

183 3739 515 3809 ὃιετράνωσε
555 3742 817 3812 στόματα,
855 3745 950 3796 κα)⁸
983 3745 1224 3813 ποταμὸν
1258 3746 1448 3813 σοφίας
1483 3747 1621 3819 μέθῃ
1653 3766 1759 3818 πη-

185 3831 450 3897 γάζουσι;
500 3833 565 3884 Ὦ
610 3833 708 3901 τῆς
742 3833 1034 3897 δυσσεϐοῦς
1072 3835 1481 3905 ἀναισχυντίας,
1538 3837 1756 3890 Ἰουδαῖε

187 3923 418 3990 ἀνόητε·
477 3924 662 3992 ἐπειδὴ
712 3925 824 3986 τοῖς
861 3925 1026 3978 πάλαι
1070 3927 1411 3996 προσομιλῶν
1465 3927 1752 3994 θεολόγοις,

192 4015 267 4082 μὴ
303 4009 410 4076 οἷός
467 4032 527 4067 τε
576 4017 808 4083 γέγονας
859 4017 1064 4069 ἐκεῖθεν
1111 4018 1585 4088 χειραγωγηθῆναι
1623 4021 1758 4090 πρὸς

191 4105 526 4174 κατανόησιν
547 4105 655 4158 τῶν
696 4107 934 4175 σήμερον
967 4108 1286 4178 γινομένων,
1317 4109 1494 4179 φθόνῳ
1525 4111 1755 4162 ἀποστεο

194 4195 458 4264 ρούμενος
492 4197 631 4249 ἑκὼν
651 4197 748 4266 τῆς
803 4198 1191 4268 χειραγωγίας,
1221 4201 1455 4270 πρόσχες
1497 4203 1608 4263 τοῖς
1636 4202 1757 4271 ἄρτι

193 4286 508 4354 θεολογοῦσι
539 4289 778 4356 χείλεσιν
807 4291 1210 4362 ἀγραμμάτοις,
1243 4291 1339 4345 καί⁸
1370 4293 1604 4362 μάνθανε
1625 4295 1754 4364 παρ’

191 4379 396 4439 αὐτῶν,
428 4381 509 4432 ὅτι
553 4380 626 4450 μὴ
652 4381 898 4448 γλεῦκος,
926 4383 1000 4447 ὼς
1033 4385 1097 4437 σὺ
1124 4385 1332 4456 ληρεῖς,
1359 4384 1525 4456 ἀλλ’ἢ
1552 4385 1757 4439 ἄνωθεν

191 4471 452 4522 ἐπίπνοια
480 4472 540 4523 τὸ
567 4471 787 4525 εῦλαλον
811 4475 1204 4546 ἀπειργάσατο.
1242 4474 1506 4530 Παιδεύου
1543 4475 1637 4528 νῦν
1667 4477 1756 4529 καὶ

191 4561 341 4614 ἄκων
373 4558 411 4612 ἃ
443 4560 682 4628 μελετῶν
699 4563 797 4615 οὐκ
821 4565 1073 4618 αίσθάνου
1117 4565 1358 4634 ῥήματα,
1388 4565 1487 4634 τὴν
1520 4566 1756 4636 σήμερον

189 4649 288 4703 τοῦ
316 4649 464 4702 θείου
494 4651 805 4721 Πνεύματος
827 4653 1046 4724 ἔκχυσιν
1077 4655 1240 4707 πάλαι
1275 4656 1754 4725 προμεμηνυκότα,

1858 3484 1982 3523 cum
2013 3469 2178 3523 semel
2222 3467 2574 3521 obtenebrala
2614 3480 2765 3520 mens
2807 3475 2926 3529 est,
2956 3466 3170 3522 restitui
3202 3466 3292 3519 vix
3323 3482 3422 3536 po-

1860 3570 1984 3623 test,
2023 3560 2118 3616 sed
2160 3559 2440 3613 erroribus
2475 3573 2646 3612 novos
2690 3559 2742 3612 in
2774 3557 2891 3613 dies
2920 3559 3238 3628 superaddit
3266 3575 3422 3614 erro-

1857 3653 1977 3708 res?
2009 3653 2084 3706 Ita
2112 3669 2177 3706 ne
2200 3666 2298 3706 ora
2329 3651 2546 3705 indocta
2574 3651 2760 3704 vinum
2795 3650 3030 3714 edocuit,
3061 3660 3116 3706 et
3144 3651 3422 3721 sapientia:

1858 3746 2076 3798 ﬂumina
2101 3741 2382 3812 profundit
2415 3741 2650 3796 ebrietas
2670 3741 2724 3793 '1'
2754 3755 2916 3810 quam
2951 3741 3178 3798 scelesta
3210 3751 3294 3797 est
3321 3743 3422 3797 im-

1862 3835 2152 3904 prudentia
2197 3840 2310 3894 tua,
2347 3830 2490 3885 fatue
2536 3831 2754 3886 .Iudzeel
2785 3841 3137 3902 posteaquam
3175 3834 3243 3888 ab
3282 3836 3421 3888 anti-

1857 3927 1980 3996 quis
2023 3925 2289 3992 theologis
2337 3923 2748 3994 intelligentiam
2780 3924 3024 3978 hodierni
3062 3926 3187 3980 facti
3222 3927 3418 3981 invidia

1857 4019 2165 4070 ohcmcante
2179 4017 2396 4070 haurire
2414 4031 2518 4069 non
2540 4015 2778 4076 valuisti,
2795 4017 3061 4084 theologis
3077 4018 3420 4086 hisquamvis

1858 4106 2150 4161 illitteratis
2181 4115 2233 4159 te
2251 4113 2511 4160 attentum
2533 4106 2795 4174 praebe,et
2813 4107 2881 4160 ah
2903 4107 3009 4162 illis
3030 4108 3201 4170 disce,
3232 4109 3393 4163 facim

1857 4199 2000 4252 diam
2022 4198 2159 4252 hanc
2182 4214 2286 4252 non
2309 4213 2337 4250 a
2365 4199 2508 4261 vino,
2538 4208 2596 4251 ιιι
2618 4199 2840 4265 deliras,
2864 4199 2957 4254 sed
2982 4200 3048 4254 ab
3067 4199 3421 4268 inspiratione

1855 4289 2063 4344 cmlesti
2080 4289 2365 4342 excitatam
2385 4304 2528 4343 esse.
2544 4289 2782 4357 lntellige
2797 4304 2942 4343 nunc
2956 4290 3037 4343 vel
3056 4291 3277 4354 invitus,
3301 4306 3420 4360 qua:

1855 4382 2122 4436 meditans
2181 4380 2402 4433 minime
2459 4381 2797 4449 itilelligebas
2851 4381 3038 4446 verba,
3097 4381 3415 4435 hodiernam

1857 4474 2063 4528 scilicet
2089 4471 2258 4526 divini
2296 4471 2533 4540 Spiritus
2567 4471 2887 4527 eﬂusionem
2924 4473 3050 4528 olim
3082 4474 3418 4540 praenuntia-

1856 4572 1988 4628 tam,
2015 4565 2282 4634 piscatore
2311 4564 2409 4616 tibi
2438 4564 2937 4632 interpretationem
2966 4563 3260 4618 exhibente
3274 4563 3312 4616 ⁸.
3337 4563 3418 4617 Tu

1856 4670 1986 4725 ergo
2036 4658 2177 4710 sicut
2230 4665 2386 4709 antea
2450 4665 2628 4708 mente
2672 4655 2979 4708 obcaecatus
3003 4654 3317 4717 aberrabas,
3345 4655 3416 4707 ita

191 4743 284 4796 τοῦ
311 4745 508 4807 ἁλιέως
539 4762 620 4797 σοι
654 4745 750 4814 τὴν
777 4747 1068 4817 ἑρμηνείαν
1119 4748 1500 4816 ἐξηγουμένου.
1552 4749 1623 4802 Σὺ
1659 4749 1756 4818 μὲν
1786 4743 1831 4770 ¹¹
1858 4764 1862 4802 1

1743 4767 1756 4801 θ
1786 4743 1831 4770 ¹¹
1858 4763 2003 4803 nunc
2029 4763 2190 4802 aures
2213 4747 2528 4810 obstruens,
2557 4763 2677 4814 qua:
2699 4746 2973 4809 dicuntur,
3002 4747 3183 4800 renuis
3208 4746 3414 4808 audire,

193 4831 286 4889 οῦν
319 4837 484 4906 τυχδν
527 4835 707 4899 καθὼς
739 4838 798 4888 τὸ
838 4839 1102 4907 πρότερον
1153 4841 1486 4908 ὲκακούργου
1519 4841 1758 4909 τυφλώτ-

196 4946 301 4980 των
330 4930 546 4999 γνώμῃ,
577 4928 719 4981 οὕτω
738 4929 799 4998 δὴ
823 4931 915 4982 καὶ
939 4929 1031 4982 νῦν
1065 4931 1203 4998 βύων
1232 4932 1298 4984 τὰ
1323 4926 1456 4998 ὦτα,
1491 4933 1551 4984 ού
1582 4933 1757 5002 βούλει

192 5019 301 5069 τῶν
341 5020 653 5087 λεγομένων
696 5020 928 5082 ἐπαΐειν,
986 5022 1106 5074 οὐδὲ
1165 5023 1300 5092 πρὸς
1336 5025 1432 5092 τὴν
1465 5025 1563 5094 σὴν
1598 5027 1757 5077 σπέν-

191 5107 380 5158 δεσθαι
406 5108 679 5178 σωτηρίαν
705 5123 718 5138 ³
748 5108 862 5161 ἀλλ’
899 5110 956 5162 ὃν
994 5112 1086 5164 ἐπὶ
1113 5111 1190 5182 τῷ
1222 5112 1300 5183 σῷ
1325 5112 1474 5182 κακῷ
1524 5114 1755 5182 πόλεμον

188 5198 330 5266 ﬁge),
363 5197 550 5251 τοῦτον
577 5200 670 5254 καὶ
708 5201 789 5256 ἐτι
813 5205 1278 5273 παρακροτήσεις,
1311 5206 1402 5258 καὶ
1429 5205 1753 5275 πολεμήσεις

261 5357 284 5387 ⁸
326 5354 451 5411 Act.
478 5371 539 5422 11,
576 5357 660 5411 15.
737 5360 760 5389 ⁸
797 5358 931 5413 ibid.
969 5360 1052 5412 l7.

1853 4848 2067 4910 tuzeque
2094 4839 2253 4894 saluti
2285 4839 2586 4894 consulere.
2609 4837 2751 4902 Quin
2785 4838 3007 4899 bellum,
3032 4839 3176 4906 quod
3208 4840 3259 4889 in
3293 4853 3414 4906 per-

1851 4933 2047 4986 niciem
2077 4941 2223 4984 tuam
2251 4931 2563 4999 suscepisti,
2599 4945 2760 4997 urges
2806 4929 2969 4984 etiam
3016 4939 3177 4998 atque
3223 4931 3415 4989 etiam,

1855 5032 1907 5077 et
1959 5025 2103 5078 sicut
2153 5024 2416 5078 adversus
2450 5020 2637 5076 Jesum
2671 5020 2837 5075 Deum
2870 5038 3072 5086 meum,
3107 5023 3179 5076 ita
3223 5031 3276 5077 et
3318 5022 3414 5076 ad-

1854 5130 2047 5168 versus
2073 5114 2316 5183 ejusdem
2348 5121 2552 5167 natura:
2587 5113 2852 5182 Spiritum
2883 5128 3013 5167 voce
3042 5129 3327 5182 personas.
3351 5112 3414 5165 Et

1856 5221 1980 5260 cum
2037 5208 2160 5275 ipsi,
2189 5207 2256 5261 ad
2305 5206 2583 5261 hominum
2631 5206 2861 5261 salutem
2894 5205 3278 5275 perficiendam
3324 5206 3417 5259 de-

1705 5477 1931 5532 ΝΟΤίΕ.

262 5581 363 5661 (Δ).
392 5580 800 5661 Proniisfionem
835 5589 999 5641 illius.
1027 5586 1189 5661 Joan.
1222 5608 1332 5653 xw,
1369 5593 1456 5646 16.
1506 5595 1614 5646 Καὶ
1644 5595 1752 5661 ἐγὼ

185 5649 457 5736 ζρωτὴσω
484 5655 574 5707 τὸν
603 5655 841 5728 Πατέρα,
887 5663 979 5712 καὶ
1018 5658 1173 5714 ἄλλον
1214 5649 1564 5734 Παράκλητον
1594 5649 1752 5718 δώσει

187 5738 338 5775 υμιν.

230 5740 345 5871 ἑξεῖ)
391 5794 701 5861 Prop/ierim
736 5797 900 5851 labia.
936 5798 1047 5851 Joel
1081 5817 1149 5864 ιι,
1193 5802 1282 5854 ‘28.
1318 5801 1602 5870 E/fundam
1633 5805 1753 5870 Spi-

193 5872 359 5915 ritum
396 5883 562 5919 meum
596 5883 746 5920 suucr
779 5885 976 5924 omnem
1011 5887 1248 5936 carnem,
1299 5886 1344 5926 ct
1378 5877 1752 5940 mophetabunt

1859 5596 1961 5664 lilii
1990 5597 2165 5655 vestri.
2194 5605 2242 5648 et
2272 5595 2398 5662 ﬁlia:
2427 5605 2626 5648 vestra’.

1931 5667 2004 5733 (6)
2045 5661 2304 5734 Magistro
2351 5665 2641 5718 illitterato.
2694 5661 2851 5716 Joan.
2885 5679 2977 5722 vn,
3014 5663 3093 5716 l5.
3149 5661 3213 5714 Et
3243 5661 3409 5714 mira-

1859 5736 2048 5789 bantur
2067 5737 2240 5788 Judwi
2270 5737 2515 5804 dicentes,
2540 5736 2798 5805 quomodo
2815 5734 2896 5786 hic
2930 5734 3133 5786 litteras
3156 5735 3275 5796 scit,
3295 5749 3413 5785 cum

1860 5824 1959 5861 non
1989 5808 2277 5861 didicerit?
