4232 6444
759 431 863 491 139

1956 433 2230 494 LEONIS
2261 434 2358 494 ΡΗ
2369 437 2418 494 Il
2431 433 2716 494 .OSOI’III

3895 431 4000 496 140

698 529 706 534 ’
756 545 1065 612 scendentl,
1102 563 1292 602 manus
1341 548 1563 618 injicere
1612 563 1718 601 non
1755 549 1916 600 liceat
1943 547 2149 616 (semel
2176 547 2369 606 enim;

2355 555 2397 606 Α
2427 548 2620 616 ὥσπερ
2649 546 2725 614 τῷ
2790 545 2964 616 Ἰησοῦ
3019 549 3112 600 καὶ
3166 547 3284 616 Θεῷ
3336 563 3458 616 μου,
3509 547 3648 600 οὕτω
3677 547 3740 616 δὴ
3777 548 3874 602 καὶ
3921 549 4001 618 τῷ

753 640 996 708 oportuit
1045 655 1143 709 pro
1191 649 1442 693 creatura
1496 638 1664 693 Deum
1698 641 1750 692 in
1791 653 1956 694 carne
1993 640 2128 708 pati,
2157 653 2321 706 quam

755 732 1014 802 injurlam
1051 730 1372 802 Unigenitus
1411 729 1702 800 pertulit“)
1756 740 1946 784 contra
2000 729 2323 799 discipulos,

751 825 954 893 quibus
982 839 1042 878 se
1073 824 1324 894 inspirat,
1362 839 1513 878 arma
1549 838 1752 882 sumes,
1786 833 1838 874 et
1867 837 2031 876 acues
2063 822 2323 874 malitiam

753 925 950 971 tuam:
994 918 1156 987 idque
1209 917 1426 972 tandem
1483 916 1790 986 pra-stabis,
1835 923 1892 967 ut
1941 931 2064 968 cum
2112 931 2322 978 eorum,

755 1014 868 1058 tum
921 1006 1136 1061 deicidii
1173 1007 1288 1072 tui,
1317 1016 1370 1060 et
1414 1005 1782 1060 calamitatum
1841 1005 1966 1058 inde
2013 1013 2326 1060 exortarum

753 1099 896 1150 fama
933 1114 1026 1167 per
1065 1097 1382 1154 universum
1419 1099 1605 1152 orbem
1644 1099 1938 1152 discurrat.

2437 641 2674 708 συμφυεῖ
2698 639 2865 693 αὐτοῦ
2899 640 3202 710 Πνεύματι.
3237 641 3348 694 Καὶ
3388 641 3510 692 ἐπεὶ
3541 641 3615 710 μὴ
3638 641 3758 693 κατ’
3787 641 3998 694 ἐκείνου

2432 735 2620 802 χεῖρας
2653 731 2932 786 ἐπιϐαλεῖν
2959 730 3067 794 οἷός
3095 751 3152 785 τε
3189 728 3258 794 εἴ,
3291 732 3388 803 τὴν
3417 733 3524 786 τῶν
3559 733 3862 802 ἀνθρώπων
3890 751 4002 787 σω-

2431 824 2627 892 τηρίαν
2673 827 3048 888 καταπτάντος
3125 824 3461 895 ἐργάσασθαι
3519 825 3688 894 (ἅπαξ
3741 825 3849 895 γὰρ
3893 825 4002 877 ἔδει

2433 913 2626 965 παθεῖν
2653 917 2709 966 ἐν
2737 916 2902 984 σαρκὶ
2947 916 3080 968 Θεὸν
3127 916 3267 984 ὑπὲρ
3293 916 3392 984 τῆς
3423 914 3514 967 τοῦ
3547 915 3863 984 πλάσματος
3895 933 4003 969 σω-

2431 1008 2649 1074 τηρίας,
2677 1009 2772 1062 καὶ
2799 1009 2898 1076 τὴν
2936 1009 3224 1080 παροινίαν
3272 1009 3576 1080 ὑπήνεγκεν
3611 1011 3638 1061 ὁ
3667 1009 4004 1078 Μονογενὴς)

2435 1099 2578 1152 κατὰ
2610 1100 2717 1152 τῶν
2745 1095 2826 1162 οἷς
2847 1099 3342 1172 ὲπιπνεῖξμαθητῶν
3367 1101 3740 1170 ὁπλιζὸμενος,
3772 1101 3871 1171 τὴν
3905 1101 4004 1170 σὴν

753 1191 944 1258 δείξεις
971 1195 1313 1264 ἡκονημένην
1336 1194 1618 1263 πονηρίαν.
1663 1191 1906 1254 ’Λνύσεις
1955 1191 2010 1244 δὲ
2040 1190 2311 1255 τοσοῦτον,
2352 1191 2472 1245 ὅσον
2531 1193 2624 1246 σοῦ
2659 1197 2754 1263 μὲν
2811 1196 2909 1263 τὴν
2951 1194 3270 1263 θεομαχίαν,
3315 1195 3528 1256 καὶτὰς
3553 1195 3618 1248 ἐκ
3674 1193 3882 1264 ταὺτης
3935 1209 4005 1246 σα

753 1285 1224 1355 περιστησομὲνας
1276 1285 1578 1354 συμφοράς,
1633 1281 1741 1335 τῶν
1774 1283 1830 1336 δὲ
1867 1285 1946 1344 είς
1998 1284 2178 1336 πᾶσαν
2227 1285 2326 1352 τὴν
2359 1287 2461 1355 γῆν
2495 1285 2821 1350 ἐξάκουστον
2849 1288 3104 1356 γενέσθαι
3131 1290 3220 1341 τὸν
3248 1289 3508 1358 φθόγγον.

821 1379 866 1432 O
901 1380 1122 1448 perfidia
1158 1379 1498 1441 insanabilis,
1545 1379 1616 1432 ob
1667 1393 1828 1448 quam
1891 1387 2073 1432 tamen
2127 1380 2192 1432 ad
2249 1395 2337 1432 sa-

753 1472 965 1525 nandas
1014 1479 1202 1539 gentes
1254 1471 1331 1524 illi
1378 1481 1684 1539 Opportune
1739 1472 2101 1540 sparguntur!
2146 1483 2334 1541 gentes

753 1565 965 1618 scilicet
991 1577 1296 1616 sermonem
1325 1577 1515 1617 eorum
1551 1563 1870 1632 sapientiam
1903 1563 2243 1632 intelligent,
2279 1573 2332 1618 et

753 1656 948 1710 dulces
976 1654 1100 1710 fidei
1131 1654 1326 1710 latices
1365 1653 1490 1707 inde
1527 1655 1744 1708 cbibent
1768 1693 1782 1716 ,
1815 1653 2156 1710 infidelitatis
2181 1669 2322 1707 ama-

753 1747 1046 1802 ritudinem
1081 1747 1431 1817 depellentes.
1457 1746 1538 1798 Ab
1567 1745 1676 1800 illis
1711 1745 1852 1801 Deus
1879 1755 1932 1800 et
1964 1746 2127 1801 Pater
2157 1748 2326 1802 hono-

753 1840 860 1893 rari
895 1839 1152 1910 gaudebit
1207 1847 1261 1894 et
1300 1837 1429 1902 coli,
1461 1837 1588 1907 quia
1621 1835 1820 1892 Filium
1853 1853 2012 1892 suum
2046 1839 2327 1904 dilectum,

753 1941 808 1986 et
837 1932 1100 2002 Spiritum
1134 1940 1294 1987 stium
1323 1933 1524 1985 bonum
1561 1945 1666 1985 una
1698 1931 1963 1994 recalent,
1988 1929 2326 2000 gloriamque

2517 1384 2580 1436 Ὢ
2611 1383 2708 1452 τῆς
2772 1383 2870 1452 σῆς
2925 1383 3299 1453 ἁθεραπεῦτου
3341 1383 3558 1446 κακίας,
3594 1381 3774 1444 καλῶς
3807 1379 4008 1440 αυτοίις

2437 1477 2530 1528 ἐπὶ
2547 1475 2644 1545 τὴν
2675 1474 2782 1526 τῶν
2805 1475 2972 1526 ὲθνῶν
2991 1476 3331 1544 συνάθροισιν
3360 1471 3778 1546 διασπειρούσης
3797 1489 3810 1501 ⁸
3835 1473 3872 1526 ἃ.
3897 1471 4008 1524 τῶν

2435 1567 2857 1636 σωφρονούντων
2887 1565 3101 1635 ἀληθῶς
3127 1566 3408 1636 στομάτων
3433 1567 3636 1620 εἴσεται
3657 1565 3754 1634 τὴν
3787 1565 4008 1632 σοφίαν,

2431 1658 2527 1709 καὶ
2580 1657 2642 1710 τὸ
2703 1657 2909 1709 ἐκεῖθεν
2951 1657 3048 1726 ἡδὺ
3097 1661 3195 1727 τῆς
3236 1659 3469 1719 πίστεως
3506 1657 3688 1710 πίεται
3743 1657 3915 1724 νᾶμα,
3947 1657 4008 1706 τὺ

2432 1747 2629 1816 πικρὸν
2668 1751 2766 1818 τῆς
2799 1749 3050 1819 ἁλμυρᾶς
3079 1750 3338 1813 ἀπιστίας
3392 1749 3838 1816 ἁποκλυσάμενα.
3883 1747 4008 1814 Ὑφ’

2427 1833 2500 1890 ὧν
2534 1841 2560 1890 ὁ
2588 1837 2720 1900 Θεὸς
2745 1840 2840 1891 καὶ
2875 1838 3064 1908 Πατὴρ
3123 1839 3181 1890 ἐν
3211 1839 3288 1906 τῷ
3315 1837 3578 1910 τιμᾶσθαι
3613 1841 3709 1908 μὲν
3739 1839 3830 1890 τὸν
3867 1839 4008 1905 ἀγα-

2429 1933 2596 2000 πητὸν
2625 1931 2787 1984 αὐτοῦ
2817 1931 2963 1996 Υἱδν,
2994 1931 3254 1998 τιμᾶσθαι
3283 1931 3339 1983 δὲ
3387 1932 3482 1984 καὶ
3511 1931 3572 1983 τὺ
3601 1929 3806 1998 ἀγαθὸν
3837 1928 4010 1982 αὐτοῦ

755 1997 1054 2090 retribuet;
1107 2031 1158 2077 te
1193 2022 1434 2092 quidem,
1473 2023 1756 2092 avitasque
1810 1997 2010 2076 cultusi
2040 1997 2326 2091 abjiciens,
2361 1997 2402 2050 Β

2361 1997 2402 2050 Β
2435 2022 2676 2092 Πνεῦμα,
2707 2022 3006 2090 ἡσθήσεται
3031 2023 3338 2090 τιμώμενος
3363 2039 3422 2074 τε
3471 2021 3565 2076 καὶ
3587 2021 4005 2092 λατρευόμενος,

753 2117 970 2170 illorum
1007 2130 1136 2170 vero
1166 2115 1505 2184 suscipiens,
1531 2116 1622 2184 qui
1659 2114 1888 2183 Spiritui
1924 2126 2116 2169 sancto
2152 2114 2326 2168 famu-

757 2211 935 2264 lentur
965 2209 1018 2262 in
1049 2209 1223 2278 igneis
1257 2209 1458 2280 linguis
1497 2209 1658 2262 hodie
1691 2209 2066 2264 descendenti.
2103 2208 2330 2279 Oportet

755 2301 898 2354 enim
952 2311 1064 2354 tum
1115 2300 1311 2372 linguae
1357 2310 1462 2354 tua!
1495 2301 1862 2371 pruriginem,
1897 2311 2010 2355 tum
2039 2316 2327 2357 accensum

755 2393 984 2446 aliorum
1023 2393 1290 2448 scelerum
1325 2391 1540 2446 ﬂamma
1574 2394 1838 2448 mundum
1863 2435 1878 2458 ,
1923 2393 1990 2447 ah
2018 2393 2168 2460 ignea
2199 2409 2330 2450 voce

754 2485 996 2540 cohiberi
1023 2523 1038 2548 ,
1072 2499 1193 2553 qute
1222 2485 1290 2540 ab
1321 2485 1493 2555 igneis
1521 2485 1720 2555 linguis
1757 2485 2020 2555 prodibit.
2058 2489 2123 2539 At
2155 2485 2325 2542 Judazi

753 2575 1002 2646 profecto
1031 2577 1283 2638 deiirent,
1321 2579 1598 2647 simulque
1626 2579 1940 2648 quicunque
1970 2581 2036 2634 ad
2067 2580 2216 2649 ἰρςος
2239 2597 2330 2634 ac-

760 2671 1020 2724 cedentes
1050 2669 1396 2724 manifestam
1437 2668 1679 2740 Spiritus
1729 2671 1904 2726 sancti
1955 2673 2186 2740 gratiam
2221 2687 2327 2724 non

755 2763 957 2815 vident.
1000 2759 1111 2815 Nos
1142 2777 1270 2816 vero
1303 2763 1486 2816 divina
1519 2763 1640 2831 ejus
1672 2763 1791 2817 luce
1822 2763 2081 2817 illustrati
2103 2803 2119 2827 ,
2151 2771 2204 2818 et
2238 2779 2331 2816 co-

755 2869 873 2907 rum
902 2855 1023 2908 visu
1049 2863 1234 2922 aperte
1259 2854 1522 2919 fruentes,
1544 2855 1845 2910 secundum
1875 2872 1995 2927 qua:
2020 2857 2327 2926 henigniter

755 2957 898 2999 mter
927 2959 1027 2999 nos
1057 2955 1452 3010 commoratur,
1487 2961 1814 3001 veneremur
1841 2947 2004 3002 sicuti
2039 2947 2206 3002 Deum
2235 2949 2328 3004 de-

753 3047 858 3092 cet.
895 3041 975 3091 lta
1014 3038 1270 3102 colimus,
1305 3047 1365 3092 ut
1394 3039 1572 3094 edocti
1605 3055 1818 3104 sumus,
1852 3041 1927 3094 ita
1972 3041 2324 3108 honoramus,

755 3139 816 3183 ut
857 3131 994 3200 jnssi
1050 3145 1260 3184 sumus.
1297 3131 1432 3184 Cum
1479 3131 1656 3194 Patre,
1691 3141 1746 3188 et
1775 3132 1916 3188 Filio
1944 3133 2324 3189 coordinatum

756 3219 1038 3290 Spiritum,
1069 3229 1123 3276 et
1177 3221 1581 3276 coadorandum
1635 3223 1804 3293 probe
1855 3226 2222 3294 agnoscimus,
2259 3226 2328 3279 ab

2433 2115 2526 2167 καὶ
2584 2115 2718 2183 πρὸς
2766 2113 2975 2166 ἑαυτῶν
3027 2113 3242 2166 οἱκειῶν
3271 2113 3624 2176 ἁντιδοξάσει,
3679 2113 3734 2165 σὲ
3771 2113 3873 2184 μὲν
3911 2112 4010 2164 καὶ

2430 2209 2530 2264 τὰς
2570 2205 2668 2267 σὰς
2692 2204 3080 2275 ἀπωθούμενος
3098 2206 3372 2273 λατρείας,
3397 2205 3576 2258 αὐτῶν
3603 2207 3657 2258 δὲ
3683 2209 3746 2274 τῇ
3783 2207 3840 2257 ἐν
3863 2205 4010 2274 ἁγίῳ

2433 2297 2710 2366 Πνεῦματι
2749 2295 3185 2365 θεραπευόμενος
3242 2295 3489 2366 λατρεία,
3525 2295 3602 2364 τῷ
3647 2298 3894 2364 σήμερον
3947 2297 4010 2348 ὲν

2431 2393 2684 2462 πυρίναις
2713 2389 2982 2459 γλώσσαις
3015 2391 3492 2456 καταφοιτήσανττ.
3551 2393 3641 2442 Δεῖ
3695 2390 3803 2458 γὰρ
3865 2385 4007 2471 ὁμοῦ

2435 2485 2534 2553 μὲν
2561 2484 2660 2553 τὴν
2723 2484 2820 2552 σὴν
2881 2482 3282 2551 γλωσσαλγίαν,
3313 2483 3446 2554 ὁμοῦ
3481 2483 3536 2534 δὲ
3577 2481 3670 2534 καὶ
3697 2483 3796 2551 τὴν
3827 2473 4009 2552 φλέέξα

2430 2581 2528 2648 τῆς
2581 2576 2749 2646 ἄλλης
2813 2575 3066 2638 ἀσεϐείας
3124 2575 3574 2645 κατανεμομένην
3627 2575 3717 2628 τὸν
3772 2575 4006 2641 κόσμονν

2431 2671 2631 2741 πυρίνῃ
2653 2669 2982 2738 διακοπῆναι
3003 2671 3173 2740 φωνῇ,
3205 2671 3237 2739 ἢ
3268 2669 3376 2721 τῶν
3406 2668 3667 2737 γλωσσῶν
3711 2667 4008 2738 ἁπηχηθή-

2432 2780 2582 2816 σεται
2612 2764 2704 2816 τοῦ
2759 2763 2949 2832 πυρός.
2997 2763 3138 2815 Ἀλλ’
3184 2763 3438 2823 Ἰουδαῖος
3481 2761 3579 2832 μὲν
3615 2761 3875 2831 ληρείτω,
3907 2762 4009 2814 καὶ

2431 2857 2486 2908 εἰ
2520 2875 2605 2919 τις
2665 2855 2858 2926 ἐκείνῳ
2909 2855 3306 2926 παραπλησίως
3358 2855 3460 2924 οὐχ
3494 2855 3597 2924 ὁρᾷ
3627 2854 3723 2922 τὴν
3753 2853 4007 2922 ἐναργῶς

2428 2950 2713 3019 ὁρωμένην
2767 2947 2926 3019 χάριν
2975 2945 3069 3000 τοῦ
3139 2947 3478 3015 Πνεύματος.
3523 2945 3714 3015 Ἡμεῖς
3752 2945 3810 2998 δὲ
3839 2947 3890 2997 οἱ
3925 2944 4008 3014 τῷ

2429 3040 2558 3110 θείῳ
2611 3039 2775 3092 αὐτοῦ
2831 3037 3301 3110 περιλαμφθέντες
3351 3037 3508 3106 φωτὶ.
3554 3039 3650 3090 καὶ
3677 3037 3746 3088 δι’
3777 3029 4010 3103 ὧνφιλ-

2429 3132 2731 3202 ανθρώπως
2751 3129 2849 3200 τὴν
2878 3131 2934 3181 ἐν
2960 3130 3092 3198 ἡμῖν
3115 3131 3350 3182 ποιεῖται
3385 3129 3675 3200 ἐνοίκησιν,
3701 3129 3799 3198 τῆς
3829 3131 4010 3198 ἐμφα-

2428 3225 2576 3286 νείας
2601 3221 2816 3293 τρανῶς
2850 3222 3234 3288 ἀπολαύοντες,
3263 3221 3583 3293 θεοπρεπῶς
3627 3222 3722 3276 καὶ
3755 3223 4010 3292 τιμήσω-

754 3321 960 3368 aeterno
992 3313 1445 3380 coexsistentem,
1475 3331 1582 3370 non
1615 3315 1682 3370 de
1709 3331 1851 3370 novo
1885 3317 1962 3370 illi
1989 3317 2168 3372 ordini
2202 3333 2326 3372 suc-
2353 3341 2396 3396 ρ

2353 3341 2396 3396 c
2431 3334 2531 3386 μεν
2551 3331 2566 3344 ⁸
2600 3316 2744 3369 οὕτω
2767 3315 3080 3385 δοξάζομεν,
3114 3318 3190 3380 ὡς
3225 3315 3615 3386 ὲδιδάχθημεν’
3651 3317 3794 3370 οὓτω
3826 3315 4009 3384 τιμῶ-

753 3407 1056 3471 cedentem,
1107 3421 1210 3460 non
1264 3415 1530 3476 potestate
1580 3408 1895 3474 diversum,
1933 3425 2037 3464 non
2086 3411 2324 3464 alienum

755 3509 970 3562 natura,
999 3498 1152 3552 nullo
1180 3514 1246 3553 ex
1284 3498 1351 3552 iis
1377 3505 1654 3554 carentem
1692 3499 1792 3569 (7),
1826 3513 1946 3568 qua:
1981 3499 2127 3552 Patri
2161 3507 2214 3552 et
2242 3497 2331 3550 Fi-

755 3591 828 3644 lio
854 3591 1160 3645 communia
1191 3590 1419 3652 scimus,
1452 3591 1698 3660 ejusdem
1729 3591 1876 3647 sedis
1896 3633 1911 3657 ,
1944 3592 2186 3661 ejusdem
2215 3591 2330 3660 glo-

754 3683 868 3749 riae,
901 3682 1148 3752 ejusdem
1194 3683 1550 3752 operationis,
1580 3682 1824 3754 ejusdem
1859 3683 2070 3753 imperii
2105 3697 2328 3751 compo-

754 3783 885 3829 tem.

825 4051 981 4108 Nulla
1008 4053 1182 4108 audax
1213 4053 1400 4125 lingua
1429 4053 1482 4107 in
1515 4067 1830 4123 supremum
1851 4092 1866 4118 ,
1897 4060 1953 4106 et
1983 4059 2324 4121 operatorem

757 4145 1018 4215 Spiritum
1053 4145 1278 4212 feratur,
1313 4161 1378 4202 ea
1431 4146 1497 4200 de
1554 4146 1647 4200 illo
1682 4145 1988 4215 proferens,
2024 4159 2145 4212 qua:
2175 4143 2328 4200 nefas

755 4248 840 4294 cst
871 4238 1136 4308 proferre.
1159 4239 1202 4292 Α
1225 4239 1412 4292 divino
1438 4238 1656 4308 quidem
1687 4237 1866 4294 Verbo
1890 4239 2133 4293 omnium
2162 4237 2328 4292 Crea-

755 4340 874 4386 tore
905 4331 1019 4384 cmli
1056 4331 1260 4401 ﬁrmati
1291 4332 1486 4396 sunt‘,,
1510 4332 1602 4387 sed
1625 4370 1641 4396 ,
1672 4329 1935 4402 Spiritum
1969 4345 2186 4400 quoque
2216 4330 2328 4384 vir-

756 4425 890 4478 tutis
937 4438 1126 4477 eorum
1169 4430 1604 4482 constructonem
1649 4422 1844 4486 fuisse,
1891 4422 2069 4478 edocti
2111 4437 2322 4478 sumus.

760 4514 929 4568 Nemo
959 4515 1098 4568 novit
1130 4513 1368 4578 Patrem,
1401 4516 1508 4568 nisi
1545 4514 1756 4568 Fitius"
1786 4534 1798 4568 :
1834 4529 2020 4568 verum
2052 4529 2114 4568 ea
2146 4513 2324 4568 scien-

755 4609 830 4662 tia
853 4607 1089 4677 Spiritus
1110 4622 1216 4660 non
1239 4607 1590 4670 destituitur;
1620 4615 1892 4659 scrutatur
1907 4608 2042 4660 enim
2056 4605 2324 4675 profunda

2436 3424 2555 3477 μεν,
2583 3405 2658 3470 ὡς
2670 3405 3148 3477 προστετάγμεθα,
3181 3405 3354 3476 [lat-pi
3379 3406 3475 3458 καὶ
3494 3405 3608 3474 Υίῷ
3636 3405 4008 3474 συντεταγμέ-

2432 3517 2520 3551 νον
2551 3498 2750 3562 εἰδότες
2764 3498 2858 3552 καὶ
2885 3497 3472 3568 συμπροσκυνούμενον
3495 3514 3509 3529 ·
3542 3497 3602 3561 ἐξ
3623 3497 3791 3550 ἀϊδίου
3817 3498 4006 3563 συνὸν,

2430 3591 2550 3660 οὐχὶ
2581 3589 2847 3657 νεώτερον
2882 3591 2960 3652 εἰς
2987 3591 3087 3659 τὴν
3119 3589 3372 3652 σύνταξιν
3402 3589 3679 3660 προελθόν.
3713 3589 3789 3642 Οὐ
3823 3607 4008 3660 κεχω-

2433 3681 2688 3750 ρισμένον
2711 3681 2810 3751 τῆς
2831 3681 3100 3747 ἐξουσίας,
3135 3683 3236 3733 οὐκ
3282 3681 3714 3750 ἠλλοτριωμένου
3729 3681 3828 3752 τῆς
3859 3700 4008 3752 συμ-

2430 3774 2613 3840 φυΐας,
2641 3772 2741 3826 οὐκ
2771 3773 3083 3844 ἀ-πόκληρον
3102 3772 3212 3824 τῶν
3238 3773 3335 3826 ὅσα
3366 3776 3517 3844 κοινῇ
3559 3773 3772 3844 Πατρὺς
3795 3775 4006 3844 γνωρί-

2429 3865 2581 3929 ζεται
2611 3866 2706 3920 καὶ
2737 3865 2890 3929 Υίοῦ,
2914 3867 3227 3936 ὀμόθρονον,
3257 3865 3510 3936 ὁμόδοξον
3533 3867 3616 3932 ὃν,
3644 3867 4008 3938 συνδημιουρ·

2430 3956 2582 4024 γοῦν,
2619 3974 2684 4010 συ
2693 3957 3038 4028 μϐασιλεῦον.

2498 4053 2672 4122 Μήτις
2699 4053 2920 4120 γλῶσσα
2937 4053 3187 4125 τολμηρὰ
3213 4053 3354 4108 κατὰ
3377 4055 3470 4108 τοῦ
3504 4053 3879 4123 βασιλεύοντος
3909 4053 4008 4108 καὶ

2428 4141 2762 4213 δημιουργοῦ
2796 4143 3132 4212 Πνεύματος,
3162 4145 3298 4216 πρὸς
3327 4145 3364 4200 ἃ
3394 4144 3469 4215 μὴ
3500 4145 3654 4214 θέμις
3681 4145 3896 4198 ἐκείνου
3925 4145 4008 4196 λέο

2427 4251 2545 4303 γειν
2566 4235 3040 4306 παρακεκινείσθω
3058 4254 3071 4267 ·
3100 4237 3179 4306 τῷ
3203 4239 3380 4292 πάντα
3410 4238 3654 4291 κτίσαντι
3686 4237 3815 4306 θείῳ
3839 4237 4006 4306 Λόγῳ

2427 4327 2879 4395 ἐστερεώθησαν
2917 4331 2970 4380 οἱ
3017 4327 3283 4396 οὐρανοί,
3343 4329 3476 4382 ἀλλὰ
3520 4328 3614 4381 καὶ
3657 4328 3716 4380 τδ
3773 4327 4008 4398 Πνεῦμα

2429 4419 2688 4489 συνεργὸν
2720 4415 2860 4474 εἶναι
2893 4421 2991 4490 τῆς
3019 4420 3300 4491 δυνάμεως
3337 4421 3516 4474 αὐτῶν
3561 4420 4001 4491 πεπαιδεύμεθα.

2433 4511 2640 4578 Οὐδείς
2690 4513 2966 4582 γινώσκει
3004 4513 3112 4566 τὸν
3155 4513 3404 4581 Πατέρα,
3441 4515 3493 4566 εὶ
3521 4513 3607 4582 μὴ
3631 4515 3664 4566 ό
3705 4513 3858 4578 Υἱὸς,
3883 4512 4006 4566 ἀλλ’

2427 4605 2529 4658 οὐκ
2587 4603 2943 4658 ἀπολείπεται
2987 4605 3190 4674 ταύτης
3225 4606 3318 4656 κα)⁸
3363 4605 3424 4656 τὸ
3452 4605 3674 4676 Πνεῦμα
3715 4605 3818 4674 τῆς
3850 4607 4000 4674 γνὼ-

757 4700 854 4754 Dei
872 4701 912 4752 ³.
947 4698 1344 4754 Retuissionem
1396 4709 1741 4766 peccatorum
1791 4697 1960 4752 Filius
1995 4697 2322 4764 impcrtitur,
2356 4693 2402 4750 D

2356 4693 2402 4750 D
2433 4715 2610 4758 σεως·
2661 4697 2876 4765 ἐρευνᾷ
2923 4697 3033 4765 γὰρ
3080 4695 3151 4749 τὰ
3187 4697 3348 4763 ,βὰοη
3398 4697 3504 4750 τοῦ
3542 4697 3708 4750 Θεοῦ.
3766 4698 3999 4751 Δίδωσιν

758 4801 812 4843 at
839 4792 1024 4845 eadem
1057 4799 1326 4860 potestate
1359 4787 1595 4858 Spiritus
1626 4791 1793 4859 pollet
1821 4807 1834 4843 :
1864 4805 2053 4846 servos
2071 4789 2324 4848 nobilitat

755 4883 1019 4953 dignitate
1044 4883 1352 4952 adoptionis
1373 4887 1393 4914 θ
1419 4900 1432 4946 ;
1461 4881 1874 4938 confumlantur
1896 4885 1986 4954 qui
2014 4883 2067 4938 in
2093 4883 2321 4938 servitu-

828 5061 851 5094 "
889 5059 1024 5115 Luc.
1059 5075 1208 5122 xxiv,
1235 5059 1324 5112 46.
1405 5060 1426 5089 ⁸
1467 5056 1612 5113 Psal.
1655 5071 1830 5123 xxx",
1864 5056 1914 5110 G.

2027 5059 2048 5088 "
2089 5057 2281 5112 Matth.
2315 5073 2394 5122 xl,
2421 5057 2510 5111 27.

2423 4791 2615 4857 ἄφεσιν
2638 4789 3046 4860 ἁμαρτημάτων
3073 4793 3100 4844 ὀ
3131 4791 3276 4853 Υἱὸς,
3311 4792 3409 4858 τῆς
3453 4791 3620 4858 αὐτῆς
3651 4790 3898 4855 ἐξουσίας
3941 4793 4002 4842 1?.-

2432 4883 2672 4952 Πνεῦμα.
2710 4884 3064 4952 Ἐξευγενίζει
3093 4887 3216 4948 τοὺς
3253 4885 3470 4948 δούλους
3501 4884 3576 4954 τῷ
3593 4885 3690 4953 τῆς
3719 4886 3998 4950 υἱοθεσίας

2585 5059 2606 5090 ⁸
2650 5058 2820 5114 lCor.
2857 5077 2916 5120 ιι,
2949 5061 3034 5113 10.
3111 5061 3131 5091 θ
3169 5057 3333 5114 Rom.
3365 5075 3480 5124 vm,
3513 5059 3598 5114 15.

2269 5193 2504 5250 NOTAE.

830 5313 905 5385 (7)
947 5312 1070 5365 Non
1105 5312 1167 5363 iis
1198 5309 1438 5362 omnibus
1460 5325 1664 5364 carens.
1697 5307 1836 5385 Ecce
1861 5310 2190 5385 principium
2215 5311 2322 5385 mi-

755 5381 1212 5446 sere'detortum,
1248 5391 1301 5434 et
1339 5395 1620 5450 perperam
1650 5395 1678 5432 a
1715 5381 2085 5436 schismaticis
2112 5381 2322 5450 intelle-

754 5465 926 5510 ctum.
961 5451 1160 5506 Dicunt
1200 5445 1366 5506 enim
1408 5445 1828 5519 {Quodcunque
1878 5451 2022 5506 l'atri
2087 5461 2141 5506 et
2187 5445 2323 5506 Filio

754 5539 1046 5579 commune
1094 5532 1213 5586 est,
1242 5529 1296 5575 et
1331 5519 1556 5590 Spiritui
1613 5533 1805 5575 saneto
1852 5531 1936 5574 est
1988 5537 2322 5576 commune:

758 5604 1044 5666 propterea
1095 5594 1186 5647 ubi
1211 5607 1328 5666 non
1359 5592 1519 5666 Pater
1555 5600 1785 5654 tantum,
1822 5593 1916 5666 sed
1948 5594 2116 5666 etiam
2151 5590 2324 5647 Filius

757 5663 932 5719 aetiva
979 5665 1333 5733 processione
1377 5663 1625 5733 polleret,
1660 5677 1760 5716 nec
1817 5663 2054 5733 Spiritus
2099 5671 2322 5716 sanctus

755 5731 999 5802 careret';
1039 5745 1149 5788 tum
1182 5748 1309 5788 vero
1340 5735 1482 5786 sicut
1507 5748 1534 5785 a
1561 5731 1745 5796 Patre,
1775 5742 1829 5785 et
1858 5749 1886 5786 a
1919 5731 2073 5794 Filio,
2107 5734 2180 5786 ita
2205 5747 2233 5783 a
2265 5747 2324 5786 se

761 5808 881 5874 ipso
911 5821 1125 5873 quoque
1159 5804 1496 5874 procederet,
1534 5805 1650 5857 sive
1677 5804 1938 5871 originem
1967 5812 2226 5859 SlllllCl‘Cl.
2249 5805 2320 5854 At

759 5877 885 5932 uuis
919 5879 1122 5932 nesciat
1150 5916 1164 5940 ,
1201 5874 1529 5946 principium
1565 5875 1697 5929 illud
1733 5889 1838 5928 non
1871 5891 1992 5930 esse
2019 5875 2316 5946 generatim

2429 5314 2828 5386 accipiendum,
2863 5315 2967 5370 nisi
2999 5315 3065 5370 de
3093 5317 3502 5386 operationibus
3529 5317 3594 5372 ad
3631 5327 3808 5384 extra,
3845 5326 3998 5382 velut

2429 5388 2741 5439 creatione?
2773 5385 2906 5440 Nam
2939 5401 3060 5440 eum
3103 5385 3170 5442 de
3211 5388 3444 5444 internis
3475 5391 3675 5456 agitur,
3705 5392 3882 5446 solum
3927 5397 3997 5454 de

2429 5457 2811 5528 communibus
2842 5457 3120 5528 attributis
3153 5461 3300 5512 velut
3331 5463 3572 5528 potentia
3593 5501 3607 5518 .
3641 5470 3696 5515 et
3727 5462 3852 5518 aliis
3877 5475 3994 5518 sla-

2430 5527 2622 5598 tuitur,
2661 5527 2838 5595 deque
2896 5525 2981 5581 his
3037 5525 3368 5598 intelligendi
3431 5543 3560 5584 sunt
3615 5531 3826 5590 Patres.
3875 5537 3994 5592 Hoc

2427 5597 2642 5673 quidem
2681 5600 2762 5673 vel
2808 5613 2872 5652 ex
2913 5600 3172 5673 causalis
3201 5607 3367 5668 patet,
3397 5602 3542 5670 quod
3571 5601 3856 5673 Scriptura
3887 5607 3992 5662 do-

2427 5675 2568 5722 ceat.
2597 5666 2796 5729 Patris,
2828 5679 2880 5723 et
2913 5667 3038 5721 Filii
3073 5666 3336 5736 Spiritum
3368 5666 3522 5732 esse,
3552 5687 3658 5725 non
3691 5666 3872 5730 autem
3908 5679 3990 5732 sui

2425 5739 2635 5806 ipsius;
2680 5740 2866 5792 itidem
2921 5755 2950 5792 a
3001 5737 3162 5814 Patre
3197 5750 3250 5794 et
3279 5755 3313 5814 a7
3344 5740 3479 5814 Filio
3509 5741 3774 5811 Spiritum
3824 5749 3988 5814 mitti,

2425 5823 2704 5878 nunquam
2735 5819 2916 5865 autem
2950 5825 2977 5864 a
3015 5825 3074 5866 se
3107 5812 3242 5882 ipso.
3279 5811 3418 5878 Quid
3451 5814 3834 5872 manifestius?
