4232 6444
191 434 289 499 ill

1163 435 1441 493 ORATIO
1480 433 1649 493 XIII.
1676 458 1745 467 -
1778 434 1870 492 DE
1901 436 2212 500 SPIRITU
2241 444 2542 503 SANCTO.

3335 453 3435 515 142

183 549 486 617 ἀξιώματι.
516 548 966 619 Δίσχυνέσθωσαν
988 550 1037 603 οἱ
1059 548 1195 619 πρὸς
1221 550 1466 604 δουλείαν
1486 552 1546 605 τὸ
1581 551 1648 603 δι’
1702 544 1764 604 οὗ
1791 548 1844 607 Α

1762 548 1974 609 ιΑιειη
2022 567 2293 613 conantur
2337 558 2597 630 Spiritum
2655 561 2912 631 dejicere,
2941 577 3008 617 ex
3059 578 3168 632 quo
3216 569 3433 622 libertas

186 646 221 710 ἡ
301 640 591 711 ἐλευθερία
682 640 1183 705 καταϐιϐάζοντες·
1252 642 1302 693 οἳ
1347 642 1408 694 ού
1464 642 1767 712 πεφρίκασι

188 733 333 801 μετὰ
377 734 487 785 τῶν
543 734 856 803 κτισμάτων
918 732 1273 803 συναριθμεῖν
1294 733 1355 785 τὸ
1387 733 1485 803 τῆς
1533 734 1764 797 κτίσεως

183 825 380 878 αἴτιον.
420 826 484 877 Ὢ
536 828 638 896 τῆς
668 824 1121 896 φρενοϐλαϐείαςί
1152 826 1227 878 Οὐ
1253 825 1501 878 συνίασιν
1526 826 1573 878 οἱ
1598 841 1763 878 πνευ-

184 923 502 987 ματομάχοι
530 918 744 982 ἑαυτοῖς
771 917 1157 988 πολεμοῦντες.
1204 919 1340 972 Καθ’
1402 919 1614 972 ἑαυτῶν
1645 919 1768 971 ἀκο-

183 1009 340 1062 νοῦσι
369 1012 471 1073 τάς
495 1011 770 1078 γλώσσας,
803 1012 897 1063 καὶ
926 1010 1026 1064 οὐκ
1059 1009 1429 1063 αἰσθάνονται.
1463 1011 1528 1063 El
1555 1011 1766 1081 κτίσμα

182 1100 244 1153 τὸ
268 1102 526 1171 Πνεῦμα,
553 1097 599 1156 ὦ
641 1102 829 1156 σκαιὸν
864 1104 1089 1171 κτίσμα,
1126 1102 1245 1166 πῶς
1270 1102 1579 1173 ἐλευθερίαν
1605 1103 1764 1174 χαρί-

182 1192 373 1255 Camn;
398 1194 459 1245 Εἰ
496 1194 569 1263 μὴ
593 1193 745 1257 Θεὸς,
772 1193 886 1255 πῶς
915 1193 1101 1262 θεῖκῆς
1129 1194 1351 1263 χάριτος
1376 1193 1727 1264 μεταδίδωσιν
1750 1211 1764 1259 ;

188 1285 254 1337 Et
282 1286 357 1354 μὴ
390 1284 685 1354 βασιλεύει,
714 1284 830 1347 πῶς
857 1283 925 1337 ἂν
963 1284 1332 1354 κληρονόμους
1360 1283 1635 1351 βασιλείας
1672 1287 1766 1354 ἐρ-

186 1376 458 1443 γάσαιτο;
496 1378 559 1431 Εἰ
588 1377 662 1447 μὴ
695 1376 976 1446 εσυμφυὲς,
1016 1376 1132 1437 πῶς
1177 1377 1242 1428 δι’
1280 1376 1444 1429 αὑτοῦ
1495 1377 1768 1446 σύμφυτοι

186 1469 328 1521 Θεοῦ
356 1469 735 1536 καθιστάμεθα
760 1486 775 1532 ;
802 1469 853 1521 τί
908 1469 1070 1541 βιάζῃ
1108 1470 1202 1521 τοῦ
1233 1470 1333 1539 ἤδη
1371 1470 1769 1532 καταλυθέντος

184 1562 481 1633 τυράννου,
508 1564 603 1615 τοῦ
626 1562 961 1629 ἀποστάτου,
986 1564 1147 1631 φημὶ,
1165 1564 1439 1633 δαίμονος,
1465 1563 1767 1633 βιαιότερος

187 1655 574 1722 ἀναπεφάνθαι
633 1654 893 1726 τύραννος
918 1696 933 1719 ,
994 1656 1113 1725 μετ’
1139 1657 1449 1724 ἀφθαρσίαν
1484 1656 1647 1709 πάλιν
1677 1658 1768 1723 ἐγ-

187 1748 448 1819 χειρίζων
480 1750 657 1820 φθορᾷ
684 1751 742 1802 τὸ
775 1749 1023 1818 πλάσμα;
1056 1750 1129 1802 Οὐ
1162 1749 1271 1819 γὰρ
1300 1749 1363 1822 δὴ
1396 1750 1465 1802 τὰ
1494 1749 1769 1818 κτίσματα

187 1842 297 1895 ὑπὸ
355 1843 652 1912 κτίσματος
705 1843 1119 1913 ἀφθαρτίζεται.
1165 1843 1336 1923 Εἴπερ
1378 1844 1469 1896 οὖν
1500 1844 1685 1896 δοῦλον
1710 1843 1769 1895 τὸ

189 1935 442 2004 Πνεῦμα,
472 1936 550 1988 ἔτι
580 1936 642 1987 τὸ
699 1936 925 2004 πλάσμα
961 1936 1284 1989 δεδούλωται
1314 1940 1379 2006 τῇ
1414 1938 1623 2008 φθορᾷ,
1664 1936 1765 1991 κᾶν

188 2032 333 2103 ὑπὲρ
360 2034 518 2101 ἡμῶν
544 2031 801 2086 τοσοῦτον
842 2033 1000 2101 ὲδόθη
1049 2033 1385 2101 ἀντίλυτρον.
1429 2034 1486 2086 Ὀ
1516 2033 1613 2102 μὲν
1662 2032 1771 2103 γὰρ

194 2129 321 2192 Υἱὸς
352 2129 429 2190 ὡς
466 2128 805 2198 ὀμοδύναμον
823 2128 917 2181 καὶ
941 2128 1203 2199 συνεργὸν
1235 2130 1314 2191 είς
1344 2128 1441 2198 τὴν
1469 2127 1771 2180 ἀνάπλασιν

190 2203 638 2289 παραλαμϐάνει,
674 2222 772 2273 σὺν
793 2219 942 2290 αὑτῷ
969 2236 1029 2272 τε
1060 2221 1151 2273 καὶ
1178 2219 1256 2291 τῷ
1282 2220 1573 2290 Γεννήτορι
1602 2237 1772 2273 κατα-

192 2310 542 2379 πραξόμενον
596 2312 727 2381 ἡμῖν
789 2310 888 2381 τὴν
945 2312 1409 2382 ἀναστοιχείωσιν.
1445 2312 1508 2363 Εἰ
1545 2312 1600 2364 δὲ
1633 2312 1771 2379 μετὰ

187 2403 300 2455 τῶν
341 2402 664 2472 κτισμάτων
706 2403 1031 2474 ἠρίθμηται,
1072 2404 1173 2457 οὐκ
1223 2403 1373 2455 ἔστιν
1423 2403 1569 2466 ὅπως
1598 2406 1773 2455 ἐκεῖνο

190 2495 470 2565 ἐνεργήσῃ
496 2496 555 2547 τὸ
571 2495 636 2547 δι’
659 2495 687 2547 ὃ
718 2495 1232 2565 παραλαμϐάνεται.
1265 2496 1339 2547 Οὐ
1360 2494 1466 2565 γὰρ
1488 2496 1551 2566 δὴ
1583 2496 1769 2564 φαίης,

188 2591 390 2657 ὅτιπερ
434 2588 589 2641 οὐδὲν
646 2588 842 2641 κωλύει
893 2589 987 2641 καὶ
1038 2588 1245 2656 κτίσμα
1280 2586 1689 2655 ὑπολαμϐάνειν
1714 2588 1774 2641 τὸ

189 2682 449 2750 Πνεῦμα,
477 2683 572 2733 καὶ
598 2681 729 2751 παρ’
761 2681 926 2734 αὐτοῦ
961 2683 1108 2751 ἡμᾶς
1156 2681 1588 2751 ἠλευθερῶσθαι.
1618 2661 1775 2751 Πρῶ-

188 2792 288 2828 τον
340 2774 443 2845 μὲν
482 2773 591 2845 γὰρ
634 2776 684 2826 εί
719 2774 778 2827 τὸ
826 2774 1106 2843 διεφθορὸς
1153 2773 1519 2829 ἁνεπλάττετο
1548 2775 1635 2829 διὰ
1661 2777 1776 2829 κτί-

192 2866 603 2934 σματος,¹τίνος
626 2867 810 2919 ἕνεκεν
858 2867 887 2918 ὁ
918 2867 1157 2935 Κτίστης
1196 2866 1339 2920 οὕτω
1366 2866 1659 2935 φιλοτίμως
1684 2869 1776 2919 ἐπὶ

189 2960 255 3011 τὸ
292 2960 531 3028 πρᾶγμα
592 2961 776 3028 χωρεῖ,
815 2958 911 3011 καὶ
953 2959 1223 3028 τοσαύτην
1264 2958 1632 3012 ἐπιδείκνυται
1678 2959 1777 3029 τὴν

190 3049 525 3119 προαίρεσιν
558 3051 638 3113 είς
685 3050 866 3120 ἔργον,
919 3049 949 3102 ὃ
988 3048 1211 3103 δυνατὸν
1258 3043 1326 3119 ἦν
1354 3050 1446 3103 καὶ
1517 3050 1776 3119 κτίσματι

192 3143 580 3214 άπαχρωμένῳ
610 3145 841 3215 διακόνῳ
894 3144 1106 3211 τελεῖν;
1141 3144 1205 3198 Τί
1258 3144 1313 3197 δὲ
1358 3147 1576 3214 μήτραν
1616 3147 1773 3211 οίκεῖ,

1870 648 2035 702 est”.
2089 647 2205 704 Non
2252 651 2650 706 exhorrescunt
2714 654 2803 708 isti
2841 669 3241 710 connumerare
3297 656 3439 711 inter

1870 748 2148 796 creaturas
2186 743 2483 796 creationis
2533 752 2813 799 auctorem
2852 764 2865 798 :
2900 746 3036 814 proh
3068 746 3435 807 dementiam!

1869 830 2293 890 Pneutnaticida:
2340 835 2395 889 in
2427 850 2484 890 se
2517 836 2666 905 ipsos
2702 839 3061 909 belligerant,
3111 856 3210 895 nec
3239 842 3442 896 intelli-

1869 933 2033 991 gunt;
2066 924 2117 978 in
2146 942 2203 980 se
2242 927 2390 996 ipsos
2430 926 2646 997 linguas
2694 938 2933 995 acuunt,
2978 946 3079 985 nec
3112 943 3437 999 agnoscunt.

1872 1013 1927 1067 Si
1958 1016 2127 1080 enim,
2158 1031 2189 1071 ο
2220 1019 2473 1079 sceleste,
2496 1019 2735 1087 Spiritus
2760 1031 3010 1075 creatura
3042 1022 3441 1089 est,quomodo

1871 1107 2169 1163 libertatem
2204 1109 2469 1178 largitur?
2513 1112 2556 1167 si
2590 1110 2731 1166 Deus
2764 1129 2869 1166 non
2907 1121 3012 1175 est,
3049 1113 3324 1182 quomodo
3354 1114 3438 1167 di-

1870 1199 2047 1252 vinam
2102 1200 2331 1270 gratiam
2384 1202 2665 1271 impertit?
2693 1203 2739 1257 si
2785 1219 2892 1258 non
2929 1216 3137 1273 regnat,
3167 1204 3443 1275 quomodo

1870 1291 2018 1359 regni
2067 1290 2311 1347 lueredes
2361 1307 2461 1346 nos
2511 1294 2835 1348 constituit?
2876 1295 2922 1349 si
2955 1296 3200 1364 ejusdem
3236 1305 3443 1351 natura:

1871 1399 1976 1436 non
2032 1396 2135 1445 est,
2167 1384 2443 1453 quomodo
2477 1400 2571 1455 per
2597 1386 2775 1455 ipsum
2813 1386 2904 1441 Dei
2939 1402 3275 1457 congeneres
3307 1403 3443 1443 con-

1871 1475 2147 1529 stituimur
2181 1476 2301 1545 (8)?
2350 1477 2481 1544 Quis
2530 1486 2579 1531 te
2630 1478 2816 1549 adigit,
2854 1488 2912 1533 ut
2942 1488 3235 1551 tyrannum
3267 1480 3439 1548 ipsum

1867 1567 1976 1637 jam
2010 1577 2367 1636 prostratum,
2398 1570 2678 1634 rebellem,
2703 1571 2999 1626 daemonem
3031 1572 3442 1633 dico,violentia

1870 1674 1934 1712 ac
1988 1662 2343 1728 perversitate
2402 1663 2737 1732 exsuperes?
2802 1670 2924 1729 post
2979 1663 3443 1732 incorruptionem

1872 1750 2084 1806 scilicet
2122 1751 2470 1822 acquisitam,
2500 1764 2811 1809 creaturam
2866 1770 3059 1809 rursus
3102 1754 3446 1825 corruptioni

1875 1846 2061 1911 tradis,
2086 1862 2210 1901 cum
2241 1848 2310 1901 ab
2339 1862 2402 1901 ea
2430 1862 2526 1917 per
2558 1856 2799 1902 creatam
2824 1848 3081 1901 virtutem
3104 1848 3268 1902 eximi
3294 1846 3446 1901 nullo

1874 1937 2035 1992 modo
2080 1939 2274 2006 possit.
2310 1938 2368 1993 Si
2417 1953 2550 2008 ergo
2591 1939 2828 2009 Spiritus
2858 1954 3049 1995 servus
3098 1948 3205 2003 est,
3232 1939 3448 1994 factura

1873 2031 2071 2083 iterum
2129 2030 2473 2099 corruptioni
2523 2031 2782 2096 traditur,
2817 2031 3029 2085 etiamsi
3075 2039 3227 2087 tanto
3270 2031 3447 2103 pretio

1872 2119 2170 2188 redempta.
2208 2119 2378 2175 Filius
2403 2121 2546 2175 enim
2584 2131 2642 2175 ut
2676 2122 2931 2191 potentiae
2962 2122 3208 2192 ejusdem
3249 2138 3447 2193 coope-

1873 2229 2025 2279 rans,
2059 2215 2111 2269 in
2158 2214 2435 2270 refusione
2470 2215 2794 2280 assumitur,
2824 2232 2948 2270 cum
3005 2216 3186 2278 Patre,
3218 2226 3272 2270 et
3320 2232 3445 2271 cum

1876 2309 2082 2377 Spiritu
2129 2309 2537 2364 renovationem
2579 2320 2819 2363 nostram
2854 2299 3295 2375 edecturus.Qui
3318 2324 3448 2364 vero

1874 2415 1995 2454 eum
2028 2402 2297 2456 creaturis
2332 2410 2702 2472 computatur,
2740 2401 2822 2463 id,
2856 2409 3075 2471 propter
3105 2400 3251 2470 quod
3280 2416 3447 2456 assu-

1874 2494 2060 2558 mitur,
2097 2503 2359 2563 prmstare
2400 2509 2506 2548 non
2556 2502 2758 2563 potest.
2791 2494 2910 2548 Non
2946 2495 3092 2549 enim
3122 2492 3273 2548 dices
3307 2492 3445 2547 nihil

1875 2587 2202 2657 prohibere,
2264 2588 2396 2657 quin
2461 2588 2725 2657 Spiritum
2783 2594 3094 2641 creaturam
3148 2596 3444 2656 putemus,

1874 2680 2124 2748 quamvis
2161 2680 2230 2733 ab
2263 2680 2380 2747 ipso
2413 2679 2726 2734 liberemur.
2758 2678 3000 2733 Primum
3045 2681 3187 2733 enim
3235 2679 3282 2734 si
3328 2693 3451 2731 cor-

1877 2782 2094 2838 ruptum
2129 2785 2225 2839 per
2256 2777 2562 2823 creaturam
2595 2769 2673 2839 (9)
2709 2767 2856 2824 refici
2907 2775 3140 2838 poterat,
3174 2783 3271 2821 cur
3295 2766 3450 2823 Crea-

1877 2871 1965 2916 tor
1999 2869 2106 2916 tam
2147 2862 2303 2915 avide
2335 2876 2474 2931 Opus
2512 2862 2763 2931 suscipit,
2800 2869 3060 2931 tantoque
3091 2860 3272 2916 studio
3303 2861 3358 2915 in
3398 2861 3452 2916 id

1876 2953 2161 3018 incumbit,
2211 2953 2355 3022 quod
2416 2969 2444 3006 a
2490 2962 2744 3008 creatura
2801 2953 2989 3023 peragi
3040 2954 3287 3024 poterat?
3340 2953 3452 3007 Cur

1879 3051 2089 3096 uterum
2129 3042 2294 3103 subit,
2341 3050 2396 3094 et
2439 3041 2629 3096 fasciis
2678 3042 2999 3108 involvitur,
3048 3053 3103 3099 et
3136 3046 3230 3113 qui
3267 3047 3451 3098 omnia

1878 3136 2110 3207 perlicit,
2147 3135 2535 3205 perfectionem
2566 3138 2820 3205 corporis
2865 3138 3040 3192 nostri
3068 3137 3329 3207 paulatim
3365 3152 3453 3191 as.

193 3235 295 3288 καὶ
322 3235 661 3305 σπαργάνοις
682 3235 977 3297 ἑλίσσεται,
1014 3237 1107 3288 καὶ
1140 3235 1280 3289 κατὰ
1307 3235 1477 3307 βραχὺ
1506 3237 1533 3289 ὁ
1566 3236 1778 3308 πλήρης
1803 3225 1845 3283 C

1803 3225 1845 3283 C
1881 3227 2168 3298 sequitur?
2214 3242 2388 3296 quare
2436 3242 2571 3281 crux
2625 3227 3011 3297 compingitur,
3046 3235 3099 3281 et
3132 3226 3450 3281 carnificqu

192 3326 470 3396 λαμϐάνει
513 3326 575 3378 τὸ
649 3327 855 3397 πλῆρες
917 3326 1015 3395 τῆς
1088 3330 1228 3397 ἐμῆς
1284 3329 1672 3395 ἀναπλάσεως;
1732 3330 1782 3382 τί

191 3418 251 3470 δὲ
286 3420 520 3487 σταυρὸς
567 3418 856 3488 πήγνυται,
935 3418 1031 3470 καὶ
1081 3418 1365 3486 φονώντων
1422 3423 1604 3490 χεῖρες
1658 3420 1780 3473 τολ-

196 3510 379 3579 μῶσιν
427 3510 705 3581 άτόλμητα
729 3552 744 3574 ,
800 3511 895 3564 καὶ
951 3512 981 3563 ὁ
1033 3511 1173 3580 ὑπὲρ
1218 3512 1330 3566 ἄνω
1370 3512 1477 3565 τῶν
1538 3513 1782 3583 οὐρανῶν

195 3600 506 3670 κρύπτεται
534 3604 627 3671 γῇ,
687 3603 745 3654 ὲν
801 3600 987 3672 χωρίῳ
1038 3603 1246 3673 φθορᾶς
1291 3602 1662 3673 ξενιζόμενος;
1696 3605 1779 3669 τίς

199 3693 278 3745 Οὐ
308 3691 417 3763 γὰρ
470 3688 537 3763 ἦν
588 3692 790 3763 ἑτέρως
867 3693 1131 3765 βοηθῆσαι
1174 3693 1253 3764 τῷ
1309 3695 1621 3765 πλάσματι,
1672 3696 1779 3749 οὐδ’

195 3781 268 3856 ἦν
318 3787 400 3848 είς
451 3786 719 3856 τοσαύτην
795 3786 1113 3855 εὐεργεσίαν
1157 3785 1342 3839 δοῦλον
1402 3786 1775 3857 παραστῆσαι,

197 3879 323 3932 οὐδὲ
353 3879 423 3933 δι’
443 3880 653 3933 ἐκείνου
682 3880 782 3949 τῆς
817 3880 1022 3950 φθορᾶς
1047 3879 1433 3944 ἀπαλλάττειν,
1470 3880 1591 3933 οὐδὲ
1626 3881 1780 3951 παρὰ

199 3972 503 4041 κτίσματος
528 3972 782 4026 τοσοῦτον
821 3973 993 4042 δῶρον
1042 3972 1375 4042 λαμϐάνειν,
1428 3973 1563 4027 ἀλλὰ
1618 3975 1780 4044 μόνου

200 4063 364 4120 Θεοῦ.
408 4067 505 4128 Ὃς
546 4065 736 4135 ἐπειδὴ
807 4065 1137 4134 σπλάγχνοις
1180 4065 1479 4136 οἰκτιρμῶν
1537 4067 1782 4137 παρακέ-

201 4158 394 4229 κλητο,
424 4160 519 4213 καὶ⁸
546 4159 726 4212 πόνων
759 4159 1123 4213 ἀπαλλάττειν
1149 4160 1396 4230 κεκρίκει
1426 4161 1517 4212 τὸν
1568 4162 1779 4228 ἀπηγο-

206 4251 441 4321 ρευκότα
466 4254 534 4322 τῇ
562 4250 824 4315 κακώσει,
867 4252 989 4303 ἐπεὶ
1039 4251 1113 4321 μὴ
1140 4251 1366 4305 δυνατὸν
1394 4247 1463 4322 ἦν
1497 4251 1669 4315 ἄλλως
1699 4255 1780 4315 εἰς

200 4344 365 4415 ἔργον
395 4342 668 4396 ἐκϐαίνειν
697 4343 766 4395 τὰ
791 4342 1115 4413 κεκριμένα,
1166 4344 1302 4413 πρὸς
1329 4343 1677 4413 ἐκπλήρωσιν
1705 4337 1780 4398 ὧν

203 4432 584 4502 παρεκάλεσεν
606 4432 797 4485 ἑαυτὸν
838 4433 1170 4503 ἐχορήγησε.
1197 4433 1322 4496 Πῶς
1341 4430 1453 4495 οὖν,
1478 4434 1558 4496 ὃς,
1590 4435 1670 4488 ὅτι
1706 4434 1779 4505 μὴ

201 4524 434 4578 δυνατὸν
466 4518 535 4594 ἦν
559 4526 751 4594 κτιστῇ
782 4524 943 4592 φύσει
991 4523 1069 4594 τῷ
1113 4524 1212 4593 τῆς
1245 4524 1599 4587 ἁναπλάσεως
1633 4526 1779 4597 ἔργῳ

200 4617 495 4679 διακονεῖν,
529 4616 617 4669 διὰ
645 4616 807 4669 τοῦτο
843 4616 1005 4678 αὐτὸς
1028 4615 1376 4687 διακονήσας,
1409 4618 1457 4669 εί
1502 4619 1639 4687 μετὰ
1671 4619 1778 4671 τῶν

201 4708 523 4776 κτισμάτων
555 4709 616 4760 τὸ
675 4708 903 4776 Πνεῦμα
936 4709 1291 4761 συντέτακται
1317 4750 1332 4775 ,
1375 4709 1633 4777 συνεργὸν
1680 4711 1780 4763 αὺ-

201 4800 264 4853 τδ
314 4802 398 4863 είς
471 4800 570 4868 τὴν
618 4799 713 4852 τοῦ
765 4799 1063 4871 φθαρέντος
1124 4800 1427 4854 ἀνάπλασιν
1484 4804 1779 4874 παραλαμ-

203 4890 389 4957 ϐάνει;
411 4890 602 4944 ἔπειτα
638 4891 694 4943 δὲ
714 4890 799 4954 τίς
824 4895 851 4943 ὁ
879 4892 1081 4962 τρόπος
1107 4893 1277 4965 ἑτέρῳ
1305 4893 1402 4963 μὲν
1428 4895 1574 4963 ἡμᾶς
1604 4896 1782 4966 ἡμαρ-

1885 3334 2078 3373 manus
2112 3320 2179 3373 ad
2213 3318 2435 3374 infanda
2468 3319 2781 3388 prosiliunt,
2812 3328 3063 3388 terraque
3099 3321 3369 3384 conditur,
3400 3320 3455 3373 iu

1884 3412 2253 3482 corruptionis
2284 3413 2507 3483 regione
2556 3414 2863 3482 hospitans,
2896 3414 2989 3482 qui
3027 3412 3294 3467 caelorum
3328 3412 3455 3466 alti-

1884 3504 2057 3559 tudini
2094 3504 2381 3559 imminet?
2409 3518 2580 3574 quare
2605 3504 2718 3558 haec
2748 3504 2974 3558 omnia?
3008 3504 3114 3558 nisi
3145 3503 3270 3575 quia
3300 3518 3457 3557 crea-

1884 3597 2023 3651 turis
2075 3596 2233 3651 aliter
2282 3596 2559 3652 subveniri
2607 3610 2715 3649 non
2758 3602 2995 3665 poterat,
3027 3610 3128 3651 nec
3158 3596 3211 3648 in
3244 3603 3454 3648 tantum

1883 3703 2020 3758 opus
2056 3703 2248 3744 servus
2295 3688 2544 3754 assumi;
2576 3703 2677 3742 nec
2708 3688 2850 3742 servi
2881 3696 2999 3742 erat
3041 3701 3069 3741 a
3102 3687 3458 3757 corruptiOne

1881 3783 2141 3845 eximere,
2175 3778 2500 3852 tantumque
2550 3797 2752 3837 munus
2802 3789 3084 3849 praestare,
3137 3781 3231 3835 sed
3283 3780 3455 3835 solius

1883 3875 1999 3929 Dei.
2047 3874 2151 3940 Qui
2196 3883 2486 3945 postquam
2537 3873 2915 3928 misericordia
2968 3881 3147 3928 tactus
3199 3871 3457 3944 fatigatos

1882 3964 2132 4019 homines
2186 3965 2343 4020 malis
2392 3965 2607 4019 tandem
2640 3965 2853 4035 eripere
2896 3964 3112 4028 statuit,
3141 3978 3265 4018 cum
3298 3963 3459 4019 aliter

1881 4055 2129 4126 priestari
2180 4055 2232 4109 id
2285 4057 2560 4127 nequiret.
2596 4072 2654 4110 se
2684 4058 2860 4126 ipsum
2910 4056 2964 4109 in
3021 4069 3159 4125 opus
3208 4053 3457 4108 tradidit.

1881 4146 2167 4213 Quomodo
2215 4146 2398 4215 igitur,
2437 4149 2481 4201 si
2519 4146 2757 4218 Spiritus
2807 4147 2949 4200 inter
2986 4154 3269 4199 creaturas
3298 4146 3457 4215 poni-

1883 4248 1992 4302 tur,
2019 4236 2083 4289 ad
2122 4246 2329 4289 natura:
2364 4236 2703 4290 labefactata:
2747 4235 3197 4288 instaurationem
3232 4233 3320 4286 ille
3350 4230 3455 4286 sibi

1884 4328 2149 4397 Spiritum
2188 4326 2509 4391 associavit,
2552 4327 2645 4395 qui
2676 4324 3131 4394 redemptionem,
3162 4338 3283 4377 cum
3321 4322 3455 4376 nihil

1881 4421 1948 4475 ad
1978 4436 2097 4475 eam
2136 4432 2329 4475 natura
2368 4430 2550 4475 creata
2581 4419 2833 4473 conferre
2885 4426 3090 4486 posset,
3123 4417 3241 4486 ipse
3273 4414 3454 4485 perfe-

1882 4513 1991 4567 cit?
2026 4512 2229 4568 Deinde
2259 4528 2508 4581 qutenam
2562 4512 2675 4566 lucc
2723 4510 2862 4564 ratio
2900 4518 3068 4571 esset,
3106 4517 3163 4560 ut
3201 4509 3252 4560 in
3285 4523 3452 4561 unum

1885 4622 2290 4678 peccassemus,
2329 4615 2382 4660 et
2414 4607 2480 4660 ab
2513 4606 2620 4658 alio
2654 4604 2864 4674 injuriae.
2894 4617 2998 4655 non
3036 4601 3299 4671 participe
3328 4614 3455 4670 pec-

1886 4704 1992 4758 cati
2030 4702 2407 4757 remissioucm
2441 4697 2854 4754 obtineremus?
2895 4696 3011 4750 Non
3044 4695 3190 4749 enim
3223 4695 3273 4746 iu
3303 4707 3456 4747 crea-

1887 4804 2065 4848 turam
2093 4792 2341 4863 peccavit
2363 4790 2653 4855 honio,sed
2686 4790 2737 4842 in
2770 4786 3096 4854 Deum,ejus
3128 4792 3457 4855 praeceptum

1888 4888 2211 4957 infringens.
2244 4883 2357 4939 Cur
2406 4899 2535 4954 ergo
2583 4898 2668 4936 me
2716 4897 2745 4934 a
2788 4880 2973 4934 debito
3021 4887 3216 4933 natura
3256 4877 3458 4932 eximat

210 4982 455 5048 τηκέναι,
488 4981 787 5051 λαμϐάνειν
832 4982 889 5035 δὲ
936 4983 1067 5053 παρ’
1098 4984 1307 5037 ἐκείνου
1340 4986 1440 5057 τὴν
1484 4986 1578 5040 τοῦ
1622 4990 1790 5041 πταί-

1238 5001 1307 5037 που
1340 4986 1440 5057 τὴν
1484 4986 1578 5040 τοῦ
1622 4990 1790 5041 πταί-
1888 4996 2094 5046 creata,
2130 4981 2216 5037 cui
2248 4979 2464 5034 debitor
2494 4991 2769 5045 nunquam
2803 4973 2909 5027 fui?

208 5091 417 5143 σματος
445 5073 659 5142 ἄφεσιν,
686 5068 796 5144 ᾧγε
827 5077 994 5147 μηδὲν
1023 5072 1164 5148 ἦμεν
1186 5052 1513 5147 ὑπεύθυνοη
1553 5085 1612 5136 οὐ
1662 5087 1770 5157 γὰρ
1811 5087 2093 5154 κτίσματι,
2162 5077 2296 5131 ἀλλὰ
2343 5074 2460 5144 Θεῷ
2510 5072 2757 5139 ἥμαρτεν
2793 5067 3097 5133 ἅνθρωπος,
3157 5064 3254 5131 τὴν
3316 5052 3457 5122 παρ’

204 5164 376 5218 αὑτοῦ
409 5164 703 5237 δεδομένην
735 5168 795 5220 οὐ
826 5169 1143 5241 τετηρηκὼς
1183 5171 1421 5244 ἐντολήν.
1456 5173 1519 5227 Τί
1549 5173 1643 5231 οὖν
1672 5179 1770 5249 ἐμὲ
1808 5179 1900 5232 τοῦ
1926 5176 2117 5248 χρέους
2165 5170 2391 5225 ἀπολύει
2430 5166 2589 5235 φύσις
2658 5164 2872 5230 κτιστὴ,
2917 5157 2983 5231 ἦς
3026 5159 3304 5229 ὑπόχρεως
3375 5159 3434 5210 ού

212 5257 517 5327 γεγένημαι
539 5274 555 5325 ;

279 5439 329 5471 ³⁸
367 5436 410 5493 ll
432 5436 564 5494 Cor.
592 5454 674 5505 in,
700 5438 786 5493 l7.

1713 5532 1944 5591 NOTAE.

282 5622 361 5693 (8)
404 5621 501 5676 Dei
529 5638 842 5696 Acongeneres
869 5624 1280 5679 constituimur?
1322 5624 1620 5696 Σύμφυτοι.
1656 5628 1780 5684 Vul-

208 5706 337 5766 gata
363 5694 730 5766 complantati.
758 5694 912 5747 Rom.
945 5711 1016 5759 vi,
1054 5696 1105 5749 5.

252 5767 361 5839 (9)
404 5764 465 5819 Si
500 5776 804 5839 corruptum
850 5780 940 5832 per
991 5776 1309 5839 creaturam.
1346 5766 1415 5821 Ut
1450 5769 1590 5837 quod
1623 5769 1780 5823 indu-

209 5835 387 5898 liium,
422 5847 475 5889 et
506 5837 854 5890 manifestum
882 5844 986 5899 cst,
1008 5837 1365 5900 demonstret,
1393 5835 1647 5893 obscuris
1678 5844 1782 5894 uti-

216 5916 325 5968 tur,
384 5915 438 5960 ct
493 5906 718 5962 minimc
778 5907 911 5961 ratis
944 5925 956 5962 :
990 5918 1201 5977 poterat
1260 5910 1523 5976 siquidem
1579 5914 1780 5973 homo.

1887 5626 2136 5699 quamvis
2168 5621 2899 5699 imperfecte,_sati_sfacere,
2927 5621 3030 5699 nisi
3081 5620 3263 5699 altipri
3311 5634 3455 5699 com-

1888 5690 2209 5769 pensatione
2243 5690 2345 5769 sibi
2380 5694 2633 5749 satisfieri
2657 5694 2769 5769 Deo
2798 5694 3094 5763 placuisset
3124 5690 3302 5769 :Deus
3320 5692 3458 5743 enim

1888 5763 1979 5839 per
2009 5784 2159 5819 suam
2192 5767 2590 5839 omnipotentem
2643 5765 2888 5839 uirtutem
2930 5763 3459 5839 paterntmlmmnnam

1891 5831 2135 5893 naturam
2170 5831 2350 5889 multis
2378 5838 2499 5891 aliis
2536 5836 2703 5890 modis
2727 5850 2989 5903 reparare.
3018 5832 3078 5885 Ι).
3113 5831 3347 5886 Thomas
3375 5846 3455 5896 tu,

1890 5917 2080 5971 (tumst.
2118 5909 2166 5962 1.
2203 5917 2308 5961 art.
2347 5907 2399 5961 2.
