4232 6444
691 353 790 416 143

1886 365 2082 426 LEON
2092 367 2162 426 IS
2205 366 2678 427 PHILOSOPHI

3854 359 3957 421 114

766 465 873 522 Vos
905 467 1089 538 igitur,
1117 469 1212 536 qui
1247 467 1316 523 de
1358 477 1547 524 sancta
1582 467 1780 525 Triade
1811 479 1920 525 tam
1948 475 2134 545 inique
2167 490 2267 529 co-
2292 480 2314 536 Δ

2437 476 2719 546 Μηδαμῶς
2747 475 2862 540 οὖν,
2892 469 2938 529 ὦ
2970 476 3171 538 ἀδίκως
3207 477 3306 544 μὲν
3338 477 3469 546 περὶ
3486 470 3964 545 Τριάδος-λογιζὸ-

693 557 901 626 gitalis,
933 566 989 612 et
1036 559 1187 613 vobis
1236 558 1375 629 ipsis
1421 568 1531 614 tam
1583 562 1724 617 male
1755 565 2065 630 consulitis,
2098 567 2270 624 nolite

694 651 960 721 Spiritum
1009 651 1180 716 gloria
1214 666 1313 706 sua
1345 651 1599 708 fraudare
1624 693 1639 720 ,
1673 655 1757 711 vel
1803 658 2114 727 aequalitate
2145 674 2270 714 cum

647 787 650 790 .
693 742 876 811 Patre,
915 749 969 798 et
995 740 1157 809 Filio,
1191 758 1427 814 eumque
1449 745 1629 800 ordini
1662 757 2040 805 creaturarum
2073 767 2271 807 accen-

695 851 833 892 sere.
885 833 1177 906 Dignitatis
1235 851 1346 892 sure
1395 838 1825 909 magnitudinem
1873 844 2170 898 vereamini
2224 845 2271 899 si

697 942 804 981 non
829 938 1051 997 propter
1109 929 1244 983 alias
1305 930 1469 986 vultis
1527 948 1724 989 causas
1762 935 1833 989 ob
1888 936 2020 989 illud
2054 938 2270 1005 saltem,

695 1021 840 1087 quod
874 1019 1109 1075 Verbum
1141 1022 1318 1091 ipsum
1352 1025 1825 1082 consubstantiale
1846 1027 1912 1083 de
1941 1044 2007 1083 eo
2031 1029 2278 1085 teStimo-

698 1112 850 1165 nium
903 1114 1146 1182 protulit.
1193 1113 1412 1181 Euntes,
1445 1118 1586 1171 dixit
1638 1119 1768 1184 illis,
1797 1120 2019 1192 quibus,
2054 1135 2178 1175 cum
2208 1121 2274 1176 ad

697 1202 913 1259 i'atrem
969 1207 1333 1272 ascenderet,
1385 1209 1750 1266 ministerium
1801 1213 2048 1276 tradidit,
2097 1224 2277 1268 euntes

699 1295 879 1351 docete
907 1315 1084 1352 omnes
1115 1311 1288 1369 gentes
1311 1340 1326 1364 ,
1365 1302 1694 1370 baptizantes
1727 1321 1816 1358 eas
1851 1305 1904 1358 in
1940 1306 2146 1358 nomine
2172 1304 2281 1359 Pa-

705 1388 822 1452 tris,
863 1398 913 1442 et
949 1387 1118 1452 Filii,
1153 1399 1201 1442 et
1239 1388 1469 1458 Spiritus
1504 1394 1762 1448 sancti“.
1805 1395 1908 1460 Qui
1947 1411 2140 1450 servus
2175 1408 2278 1465 est,

702 1483 1072 1536 dominantem
1127 1483 1354 1551 gradum
1406 1485 1736 1556 participare
1771 1504 1875 1541 non
1902 1496 2122 1558 potest;
2173 1506 2280 1545 non

703 1590 835 1642 ergo
869 1583 925 1627 ut
957 1591 1169 1641 servus,
1201 1576 1294 1630 sed
1329 1585 1388 1632 ut
1417 1579 1818 1635 condomiuans
1868 1581 1921 1635 in
1971 1599 2095 1637 eum
2130 1583 2281 1636 ordi-

708 1682 830 1720 nem
882 1665 1119 1734 Spiritus
1171 1669 1512 1724 assumitur:
1551 1679 1810 1741 tanquam
1863 1673 2068 1745 collega
2097 1676 2164 1728 ad
2199 1675 2282 1728 in-

705 1757 1104 1812 staurationem
1139 1769 1404 1813 creaturae
1434 1758 1748 1824 adhibetur,
1783 1774 2042 1834 tanquam
2089 1765 2285 1820 divina:

707 1849 895 1916 gloriae
921 1865 1053 1915 sure,
1087 1866 1192 1905 non
1217 1851 1448 1908 alterius
1478 1852 1805 1923 cujusdam,
1837 1857 2279 1912 communionem
2312 1841 2354 1896 Β

709 1941 958 2010 largitur.
987 1955 1019 1995 a
1065 1958 1171 2012 qua
1200 1983 1214 2006 ,
1246 1945 1288 1997 si
1323 1944 1521 2013 impios
1553 1945 1821 2016 quosdam
1866 1947 2059 2003 audias
2081 1989 2096 2009 .
2130 1949 2286 2004 abest

710 2035 846 2102 ipse.
881 2033 1162 2105 Tanquam
1209 2038 1451 2106 optimus
1493 2038 1792 2094 bonitatem
1826 2042 2129 2112 germinat,
2161 2053 2284 2098 tan-

709 2143 872 2196 quam
913 2128 1298 2183 sanctissimus
1335 2130 1684 2186 sanctitatem
1733 2130 1986 2197 eﬂ'undit,
2023 2141 2282 2202 tanquam

710 2229 926 2275 creator
949 2231 1127 2276 creata
1153 2222 1490 2276 sanctiﬁcat.
1511 2220 1732 2277 Minime
1763 2239 1895 2293 ergo
1927 2239 2021 2293 per
2043 2225 2281 2277 creatio-

712 2328 834 2367 nem
868 2313 1099 2368 exstilit.
1131 2309 1276 2367 Nihil
1318 2315 1484 2379 etiitn,
1525 2313 1670 2382 (ιιιοό
1695 2322 1939 2370 creatum
1974 2316 2067 2383 sit,
2095 2317 2288 2372 simili-

2377 584 2548 636 μενοι,
2568 566 2884 635 ἐπισφαλῶς
2909 567 3047 621 δὲτὰ
3070 568 3248 619 οἰκεῖα
3267 566 3621 628 διατιθέντες,
3635 565 3734 634 τῆς
3749 563 3964 624 οἰκείας

2374 657 2534 729 δόξης
2559 659 2910 730 ἀποστερεῖτε
2930 659 2991 712 τὸ
3016 658 3242 726 Πνεῦμα
3273 674 3285 686 ·
3316 657 3453 730 μηδὲ
3484 660 3584 728 τῆς
3610 657 3800 726 θεῖκῆς
3841 656 3963 708 Πα-

2375 751 2501 821 τρὸς
2533 752 2629 805 καὶ
2649 751 2780 804 Υἰοῦ
2817 751 3129 815 διιστῶντες
3153 751 3445 820 ἰσοτιμίας,
3470 752 3537 820 τῇ
3560 749 3671 803 τῶν
3717 745 3964 816 κτισμά-

2376 862 2485 899 των
2513 845 2664 910 τάξει
2693 845 3127 914 καταμιγνύητε.
3173 843 3544 914 Δυσωπήθητε
3575 841 3636 896 τὸ
3669 841 3967 912 μεγαλεῖον

2378 937 2470 990 τοῦ
2525 936 2857 1007 ἀξιώματος,
2909 938 2958 989 εί
3018 939 3160 1008 μήγε
3207 937 3273 988 ἐκ
3308 936 3416 990 τῶν
3451 935 3628 988 ἄλλων
3669 933 3964 1003 βούλησθε,

2379 1031 2495 1086 ἀλλ’
2545 1031 2603 1098 ἐξ
2627 1028 2696 1103 ἧς
2728 1033 2757 1084 ὁ
2791 1031 3062 1100 συγγενὴς
3089 1030 3260 1099 Λόγος
3291 1029 3378 1083 διὰ
3414 1026 3720 1100 μαρτυρίας
3753 1026 3968 1095 προφέ-

2383 1140 2556 1196 ρεται.
2589 1122 3008 1192 Πορευθέντες,
3051 1121 3238 1192 φησὶν,
3287 1115 3389 1185 οἷς,
3441 1119 3774 1189 ἀναληφθεὶς
3827 1117 3970 1186 πρὸς

2381 1217 2473 1268 τὸν
2501 1216 2742 1284 Πατέρα,
2766 1215 2866 1283 τὴν
2892 1213 3172 1268 διακονίαν
3220 1213 3514 1285 παρέθετο,
3546 1212 3971 1280 μαθητεύσατε

2384 1308 2582 1361 πάντα
2649 1309 2723 1360 τὰ
2771 1308 2950 1372 ἔθνη,
3002 1305 3397 1371 βαπτίζοντες
3456 1304 3681 1370 αὐτοὺς
3745 1306 3832 1368 εἰς
3898 1303 3974 1355 τὸ

2385 1399 2573 1466 ὄνομα
2615 1395 2722 1449 τοῦ
2767 1396 2998 1464 Πατρός
3029 1396 3128 1450 καὶ
3181 1396 3288 1450 τοῦ
3327 1396 3483 1453 ,Υίοῡ
3511 1394 3611 1446 καὶ
3642 1393 3750 1446 τοῦ
3788 1393 3972 1460 ἁγίου

2385 1489 2750 1556 Πνεύματος.
2828 1486 2906 1542 Οὐ
2973 1487 3196 1540 δύναται
3258 1486 3584 1556 δεσποτικῆς
3662 1484 3975 1550 συντάξεως

2384 1583 2445 1632 τὸ
2477 1579 2661 1633 δοῦλον
2694 1579 3148 1650 μεταλαγχάνειν.
3189 1581 3278 1644 Ὠς
3315 1581 3677 1633 συνδὲσποτον
3705 1575 3824 1639 οὖν,
3854 1577 3974 1630 ἀλλ’

2385 1671 2484 1740 οὐχ
2515 1671 2590 1733 ὡς
2632 1670 2814 1724 δοῦλον
2864 1672 2942 1734 εἰς
2987 1673 3089 1741 τὴν
3137 1671 3390 1737 σύνταξιν
3438 1671 3972 1742 παραλαμϐάνεται·

2385 1765 2461 1828 ὡς
2492 1765 2922 1836 συνδημιουργὸν
2951 1767 3051 1836 τὴν
3083 1767 3385 1820 ἀνάπλασιν
3420 1765 3515 1819 τοῦ
3547 1765 3976 1836 δημιουργήμα-

2383 1875 2473 1921 τος
2501 1859 2924 1929 συνεργάζεταιο
2978 1859 3053 1923 ὡς
3077 1859 3211 1923 Θεὸς
3244 1860 3343 1928 τῆς
3370 1859 3568 1913 ἑαυτοῦ
3611 1857 3760 1922 θείας
3788 1855 3977 1928 δόξης,

2383 1952 2667 2005 κοινωνίαν
2715 1953 3020 2023 χαρίζεται,
3063 1953 3179 2007 ἀλλ’
3222 1954 3319 2022 οὐχ
3350 1954 3538 2024 ἑτέρου
3589 1954 3751 2006 ποθὲν
3785 1952 3973 2020 δόξης,

2383 2038 2449 2114 ἦς
2469 2044 2607 2096 κατὰ
2628 2043 2719 2096 τὸν
2750 2044 2986 2115 δυσσεϐῆ
3030 2045 3188 2114 λόγον
3239 2046 3475 2116 ὑπάρχει
3533 2045 3840 2115 ἀλλότριον.
3887 2044 3979 2105 Ὡς

2383 2135 2730 2208 ὑπεράγαθον
2775 2136 2932 2207 βρύει
2985 2137 3084 2208 τὴν
3145 2137 3481 2206 ἀγαθότητα,
3539 2136 3616 2200 ὡς
3673 2134 3980 2205 ὑπεράγιον

2383 2228 2618 2297 πηγάζει
2681 2228 2780 2297 τὴν
2839 2228 3124 2299 ἁγιότητα,
3212 2229 3289 2291 ὡς
3367 2229 3560 2281 κτίσαν
3626 2226 3846 2294 ἁγιάζει
3909 2227 3981 2278 τά

2383 2320 2680 2389 κτίσματα.
2726 2320 3003 2391 Οὑμενοῦν
3051 2321 3126 2384 ὡς
3190 2320 3277 2372 διὰ
3329 2320 3558 2382 κτίσεως
3610 2320 3690 2382 είς
3739 2318 3980 2385 ὓπιςῖτξιν

713 2417 794 2460 ter
844 2409 1048 2462 creatis
1103 2406 1594 2462 sanctiﬁcationem
1650 2416 1829 2476 potest
1877 2408 2150 2475 tribuere;
2187 2408 2281 2478 qui

2384 2411 2598 2481 περιόν.
2639 2412 2806 2464 Οὐδὲν
2846 2413 2951 2483 γὰρ
3001 2412 3108 2464 τῶν
3175 2413 3490 2481 κτισμάτων
3538 2413 3649 2473 τοῖς
3713 2412 3980 2479 μετέχον-

712 2501 856 2554 enim
905 2501 1078 2568 lieret,
1105 2507 1165 2554 ut
1209 2503 1386 2564 daret,
1415 2500 1562 2570 quod
1612 2516 1723 2555 non
1766 2502 2032 2571 possidet,
2067 2511 2123 2558 et
2168 2518 2278 2573 quo

2384 2521 2461 2556 σιν
2504 2504 2766 2574 ὀμοτίμου
2827 2504 3057 2566 κτίσεως
3100 2505 3379 2574 ἀγιασμοῦ
3426 2504 3814 2574 μεταδίδωσιν·
3859 2502 3981 2562 πῶς

711 2600 958 2647 creatum
987 2609 1151 2648 omne
1179 2596 1462 2664 aequaliter
1492 2595 1686 2650 caret?

2393 2597 2504 2670 γὰρ
2547 2599 2759 2652 ἐκείνου
2789 2602 3080 2669 ποιήσεται
3119 2599 3219 2669 τὴν
3281 2599 3589 2671 μετάδοσιν,
3631 2597 3660 2652 ὃ
3715 2597 3792 2669 μὴ
3846 2582 3982 2666 παρ’

712 2684 907 2739 ἑαυτοῦ
938 2689 1221 2756 κέκτηται,
1261 2688 1353 2740 καὶ
1376 2683 1436 2742 οὗ
1467 2687 1862 2759 παραπλησίως
1900 2687 2044 2743 ἆπαν
2074 2689 2290 2744 κτιστὺν

2384 2691 2590 2746 τιδέεται
2607 2710 2624 2758 ;

784 2783 853 2835 At
883 2781 1039 2844 dixit,
1066 2782 1128 2836 de
1163 2799 1274 2836 meo
1317 2784 1510 2852 accipit
1536 2799 1554 2838 :
1602 2783 1714 2854 (10)
1747 2786 1973 2854 pariter,
2003 2801 2165 2855 quem
2196 2804 2290 2855 ego

2477 2789 2616 2842 Ἀλλ’
2645 2789 2714 2843 ἐκ
2750 2788 2879 2862 [τοῦ
2909 2787 3081 2860 ἐ]μοῦ
3120 2787 3433 2858 λαμϐάνει,
3475 2775 3756 2856 φησὶ,’κα“ι
3792 2786 3851 2838 ὃν
3866 2785 3985 2853 ἐγὼ

715 2875 923 2927 mittam
951 2875 1095 2928 vobis
1120 2877 1162 2905 "
1188 2891 1203 2938 ;
1238 2885 1290 2929 et
1308 2876 1532 2940 similia,
1554 2892 1675 2946 quae
1696 2877 1896 2947 iniquae
1914 2886 2171 2931 resonant
2202 2894 2296 2931 vo-

2393 2883 2611 2950 πέμψω
2649 2881 2816 2950 ὑμῖν,
2857 2882 2951 2935 καὶ
2980 2879 3185 2934 τοιαῦθ’
3212 2879 3374 2950 ἕτερα
3401 2878 3466 2930 τὰ
3489 2879 3645 2932 ἄδικα
3677 2876 3984 2945 φθέγγεται

713 2982 826 3032 ees,
871 2967 945 3030 id,
998 2966 1143 3036 quod
1199 2967 1532 3036 impietatem
1573 2971 1775 3039 arguit,
1835 2970 1890 3023 in
1943 2971 2296 3033 blasphemiae

2394 2974 2565 3044 χείλη,
2589 2975 2883 3043 συνήγορον
2902 2973 2970 3044 τῇ
2986 2971 3306 3042 βλασφημίᾳ
3322 2969 3634 3040 ποιούμενοι
3649 2969 3746 3040 τῆς
3763 2968 3980 3021 ἑαυτῶν

713 3059 1020 3114 subsidium
1067 3059 1423 3116 advocantes.
1469 3059 1668 3115 Verum
1719 3076 1827 3116 non
1878 3061 2040 3126 dixit,
2071 3063 2149 3118 De
2182 3080 2294 3117 meo

2393 3065 2713 3129 δυσσεϐείας
2742 3065 2834 3118 τὸν
2859 3064 3103 3134 ἔλεγχον.
3159 3064 3275 3118 Οὐκ
3318 3059 3498 3125 εἶπεν,
3542 3063 3646 3116 Ἐκ
3688 3061 3800 3116 τοῦ
3829 3060 3983 3126 ἐμοῦ

717 3153 929 3222 accipit,
950 3161 1010 3208 ut
1031 3162 1089 3206 tu
1124 3161 1446 3222 praetextum
1481 3155 1696 3223 injuriae
1729 3170 2000 3218 sumeres,
2035 3172 2210 3226 neque
2236 3164 2298 3211 ut

2398 3152 2708 3222 λαμϐάνει,
2734 3152 2826 3206 ἵνα
2861 3152 2926 3205 σὺ
2957 3151 3212 3224 ἀφορμὴν
3261 3151 3471 3221 ὕϐρεως
3499 3149 3671 3222 λάϐῃς
3702 3169 3715 3181 ο
3756 3151 3864 3204 οὐδ’
3896 3151 3986 3203 ἶνα

718 3255 962 3313 putares,
1000 3245 1180 3315 ipsutn
1215 3255 1475 3316 tanquam
1507 3245 1795 3300 Dominum
1836 3261 1899 3299 ac
1929 3247 2151 3302 divitem
2187 3248 2298 3302 lar-

717 3339 856 3407 giri;
889 3337 1154 3403 Spiritum
1181 3353 1309 3391 vero
1336 3338 1483 3391 velut
1509 3353 1751 3399 servum.
1782 3346 1943 3406 alque
1966 3336 2297 3407 indigentem

720 3429 972 3499 accipere
1009 3447 1023 3482 :
1067 3427 1134 3482 iis
1183 3429 1329 3482 enim
1363 3429 1544 3485 verbis
1575 3429 1798 3483 exhibet
1824 3429 1973 3497 quod
2010 3444 2302 3487 commune

719 3529 806 3575 est
855 3537 918 3576 ac
941 3521 1306 3589 indivisibile;
1335 3522 1526 3576 eodem
1546 3521 1705 3577 modo
1725 3522 1794 3576 de
1818 3521 2025 3590 Spiritu
2046 3523 2301 3593 loquens,

722 3630 786 3668 ac
817 3617 880 3668 de
914 3629 974 3669 se
1005 3626 1058 3669 et
1095 3613 1254 3668 Patre
1297 3616 1517 3668 loeutus
1559 3625 1640 3669 est
1674 3633 1686 3668 :
1729 3614 1838 3686 Ego
1870 3617 1984 3670 veni
2013 3616 2070 3671 in
2096 3617 2306 3671 nomine

724 3708 910 3762 Patris
937 3708 1038 3761 mei
1067 3723 1086 3760 :
1115 3709 1338 3777 pariter,
1357 3705 1470 3777 Ego
1503 3718 1550 3762 te
1579 3709 1872 3778 clariﬁcavi
1893 3725 2046 3777 super
2069 3721 2262 3763 terram
2286 3727 2305 3765 :

724 3801 941 3864 deinde,
968 3799 1184 3863 Omnia,
1204 3816 1317 3869 qua:
1341 3800 1538 3854 dedisti
1561 3801 1711 3866 mihi,
1739 3802 1830 3856 abs
1857 3811 1904 3856 te
1926 3813 2088 3856 sunt:
2117 3819 2308 3859 rursus

726 3895 794 3950 de
826 3893 1114 3963 discipulis
1144 3894 1449 3961 speciatim,
1489 3893 1583 3946 Tui
1606 3902 1778 3956 erant,
1801 3903 1852 3947 et
1873 3894 2003 3948 mihi
2034 3894 2306 3948 dedisti”.

726 3987 870 4052 Quid
903 3999 1034 4055 ergo
1066 3986 1090 4038 ?
1123 4001 1252 4038 num
1299 3985 1427 4054 quia
1467 3986 1519 4040 in
1570 3986 1748 4042 Patris
1779 3988 2002 4042 nomine
2042 3987 2208 4051 venit,
2257 3993 2314 4041 et

731 4079 884 4132 illum
930 4077 1222 4148 glorilicat,
1270 4087 1323 4131 et
1371 4078 1552 4131 omnia
1585 4078 1788 4148 accipit
1817 4079 1888 4133 ab
1921 4079 2035 4142 illo,
2067 4095 2192 4134 eum
2241 4077 2312 4132 ab

731 4170 919 4227 eadem
959 4179 1154 4224 natura
1201 4185 1266 4224 ac
1313 4173 1573 4240 dignitate
1611 4172 1922 4228 excindes?
1967 4170 2038 4227 Ut
2087 4173 2315 4228 insanas

734 4266 1029 4336 aliquando
1050 4266 1412 4336 cogitationes
1431 4267 1669 4336 rejieias,
1690 4267 1820 4321 huic
1841 4266 2004 4321 etiam
2030 4266 2318 4323 sententiae.

735 4375 897 4415 aures
918 4360 1204 4413 commoda
1231 4377 1243 4412 :
1283 4357 1346 4412 Et
1372 4376 1484 4414 mea
1515 4361 1693 4413 omnia
1730 4372 1823 4414 tua
1841 4373 1983 4424 sunt,
2007 4369 2057 4414 et
2088 4371 2179 4413 tua
2202 4377 2317 4414 mea

736 4459 878 4515 sunt,
920 4460 969 4504 et
1002 4449 1336 4518 clariﬁcalus
1376 4467 1492 4504 sunt
1533 4451 1583 4503 in
1600 4451 1674 4504 eis
1702 4450 1766 4504 η.
1805 4449 2115 4505 llumilibns
2166 4466 2317 4505 men-

2401 3244 2562 3297 αὐτὸν
2593 3243 2693 3314 μὲν
2721 3243 2911 3313 οἰηθῇς
2937 3243 3272 3306 δεσποτικῶς
3306 3241 3639 3296 πλουτοῦντα
3677 3242 3897 3302 διδόναι,
3925 3242 3988 3295 τὸ

2405 3333 2629 3405 Πνεῦμα
2659 3334 2716 3388 δὲ
2743 3333 2944 3406 χρῇζον
2970 3334 3231 3398 δουλικῶς
3253 3333 3574 3404 λαμϐάνειν,
3610 3332 3746 3388 ἁλλά
3771 3333 3832 3385 τὸ
3862 3350 3984 3384 κοι-

2404 3430 2494 3482 νὸν
2514 3429 2621 3484 τῶν
2655 3429 2968 3500 προσόντων
2991 3431 3087 3482 καὶ
3112 3428 3409 3500 ἀμέριστον
3441 3427 3740 3497 παρίστησι
3763 3426 3854 3478 διὰ
3876 3425 3990 3480 τῶν

2406 3523 2745 3595 εἰρημένωνο
2778 3523 2938 3591 ὅμοια
2967 3523 3140 3589 λέγων
3190 3523 3316 3591 περὶ
3368 3520 3461 3573 τοῦ
3516 3519 3834 3590 Πνεύματος
3874 3522 3992 3583 τοῖς

2407 3613 2718 3683 εἰρημένοις
2747 3611 2895 3682 αὑτῷ
2917 3612 3046 3681 περὶ
3078 3612 3176 3680 τῆς
3220 3611 3357 3681 πρὸς
3405 3611 3495 3664 τὸν
3539 3610 3731 3665 ἑαυτοῦ
3765 3610 3994 3680 Πατέρα

2408 3704 2741 3776 οἰκειότητος
2769 3720 2782 3734 ’
2845 3704 2992 3773 Ἐγὼ
3039 3701 3310 3768 ἐλήλυθα
3353 3703 3425 3756 ἑν
3479 3705 3560 3770 τῷ
3598 3703 3847 3773 ὀνόματι
3881 3703 3994 3756 τοῦ

2411 3799 2643 3865 Πατρός
2661 3812 2808 3865 μου’
2845 3797 2959 3861 καὶ,
2991 3796 3132 3864 Ἐγώ
3165 3811 3240 3851 σε
3266 3797 3534 3861 ἐδόξασα
3558 3798 3660 3852 ἐπὶ
3692 3797 3803 3866 τῆς
3849 3797 3990 3867 γῆς.

2412 3888 2545 3954 Καὶ,
2575 3886 2778 3942 Πάντα
2805 3888 2921 3942 ὅσα
2942 3887 3204 3954 δέδωκάς
3233 3907 3334 3957 μοι
3366 3891 3525 3957 παρὰ
3551 3889 3668 3944 σοῦ
3689 3889 3842 3944 ἐστι.
3881 3891 3997 3942 Καὶ

2416 3978 2559 4042 ἰδίως
2584 3979 2682 4048 μὲν
2708 3978 2964 4048 περὶτῶν
3021 3977 3300 4048 μαθητῶν,
3361 3979 3460 4032 Σοί
3505 3979 3693 4047 ἦσαν,
3732 3979 3833 4033 καί
3861 3979 3995 4047 ἐμοὶ

2415 4075 2637 4140 αὐτοὺς
2662 4075 2941 4142 δέδωκας.
2970 4076 3035 4128 Τί
3063 4070 3186 4140 οὗν;
3214 4071 3301 4146 ἆρ’
3339 4075 3529 4146 ἐπειδὴ
3572 4077 3631 4130 ὲν
3661 4075 3738 4145 τῷ
3762 4075 3859 4127 τοῦ
3890 4077 3998 4128 Πα-

2415 4168 2542 4238 τρὸς
2570 4167 2827 4238 ἐλήλυθεν
2847 4166 3091 4236 ὀνόματι,
3119 4167 3216 4221 καὶ
3247 4166 3458 4232 δοξάζει
3487 4167 3674 4233 αὐτὸν,
3699 4168 3794 4220 καὶ
3815 4168 4000 4221 πάντα

2419 4264 2545 4335 παρ’
2577 4259 2741 4316 αὑτοῦ
2769 4261 3056 4331 λαμϐάνει,
3098 4260 3480 4331 ἀλλοτριώσεις
3533 4261 3695 4316 αὐτὸν
3733 4262 3826 4314 τοῦ
3878 4279 4001 4314 συν-

2417 4356 2698 4420 δεσπόζειν
2733 4355 2828 4408 καὶ
2856 4355 2954 4424 τῆς
2988 4355 3298 4423 συμφυΐας;
3333 4353 3452 4407 ἀλλ’
3491 4354 3692 4418 ὑπόθες
3720 4355 4001 4418 κάκείνοις

2419 4452 2528 4512 τοῖς
2547 4449 2612 4519 ρή
2621 4465 2754 4519 μασι
2773 4447 2833 4500 τὸ
2847 4443 2962 4510 οὖς’
2976 4447 3084 4501 Καὶ
3099 4447 3297 4500 πάντα
3318 4449 3390 4500 τὰ
3403 4446 3516 4516 ἐμὰ
3539 4448 3622 4502 σά
3637 4448 3787 4511 ἐστι,
3807 4449 3908 4500 καί
3927 4449 4002 4500 τὰ

736 4552 844 4597 tem
873 4555 1064 4594 amove
1091 4540 1536 4610 cogitationibus.
1565 4540 1643 4596 Ne
1668 4557 1914 4606 censeas,
1943 4540 2158 4595 Patrem
2186 4541 2314 4597 dare

2384 4551 2397 4597 ι
2421 4540 2503 4592 σὰ
2532 4537 2666 4608 ἐμὰ,
2685 4537 2784 4591 καὶ
2810 4536 3175 4606 δεδόξασμαι
3209 4540 3279 4591 ἐν
3317 4538 3542 4604 αὐτοῖς.
3575 4539 3686 4591 Καὶ
3709 4539 3815 4591 τῶν
3846 4555 4001 4591 πενι-

741 4644 800 4688 ut
862 4632 1144 4702 indigenti,
1192 4633 1287 4688 sed
1330 4641 1390 4687 ut
1425 4634 1584 4689 simul
1632 4633 1934 4689 dominanti
1980 4633 2315 4699 concedere;

813 4793 853 4823 ”
897 4790 1088 4845 Matth.
1117 4806 1313 4857 xxvnt,
1337 4790 1424 4845 l9.
1503 4791 1547 4821 ι’
1586 4788 1744 4843 Joan.
1771 4804 1884 4854 xvr,
1919 4789 2023 4853 15;
2055 4806 2144 4852 xv,
2183 4787 2273 4840 26.
2353 4787 2398 4818 ¹³
2437 4785 2597 4840 Joan.
2629 4803 2683 4854 v,
2715 4787 2819 4855 £3;
2855 4805 2960 4841 xvn
2983 4830 2997 4853 ,
3029 4788 3081 4849 4.
3112 4787 3168 4855 6,
3207 4790 3258 4844 7.

2425 4629 2573 4700 χρῶν
2617 4628 2886 4700 ἀπόστηθι
2931 4628 3226 4699 λογισμῶν.
3283 4631 3374 4699 Μὴ
3423 4630 3610 4700 νόμιζε
3647 4629 3738 4685 τὸν
3783 4630 4003 4701 Πατέρα

3337 4789 3378 4819 ⁸³
3419 4786 3580 4844 Joan.
3607 4805 3720 4844 xvii
3750 4829 3764 4851 .
3801 4789 3890 4843 it).

2243 4877 2478 4933 NOTAE.

812 4977 926 5048 (id)
965 4976 1043 5031 De
1064 4994 1178 5031 meo
1203 4977 1408 5048 accipit.
1430 4976 1488 5031 In
1507 4975 1741 5048 vulgatis
1763 4977 2002 5048 testibus
2018 4975 2216 5044 legitur
2237 4973 2326 5046 λή-

742 5044 925 5118 ψεται,
957 5049 1196 5116 accipiet.
1231 5047 1390 5102 Joan.
1422 5063 1534 5108 xvr.
1568 5047 1658 5101 l5.
1689 5044 1845 5102 Unde
1873 5055 2166 5116 arguentes
2187 5044 2322 5118 eon-

746 5115 871 5190 tigit
926 5115 1080 5173 mihi
1117 5118 1386 5189 quosdam
1447 5117 1781 5190 exicrmehis
1809 5115 2019 5190 audire,
2051 5115 2324 5190 cum‘haze

657 5252 659 5255 l
746 5186 1003 5244 Christus
1067 5186 1295 5260 protulit
1324 5229 1357 5260 ,γ
1399 5189 1636 5260 nondum
1671 5186 1977 5260 Spiritum
2021 5187 2319 5260 accepisse.

748 5257 1094 5329 Quapropter
1119 5257 1263 5330 quod
1314 5259 1477 5330 abeo
1509 5257 1870 5327 accipit,’nor.
1902 5258 2188 5330 originem,
2223 5273 2318 5311 seu

747 5327 1089 5386 divinitatem
1137 5327 1280 5393 esse,
1313 5328 1406 5385 sed
1441 5329 1671 5400 gratiam
1694 5371 1709 5392 ,
1739 5345 1904 5400 quam
1956 5327 2169 5390 deinde,
2187 5343 2319 5400 cum

750 5401 1103 5457 Pentecostes
1145 5402 1234 5455 die
1266 5397 1644 5459 descenderet.
1673 5408 1732 5454 ut
1758 5397 1832 5454 ’in
1869 5400 2116 5454 homines
2143 5397 2319 5452 eliun-

751 5473 926 5536 deret,
963 5473 1201 5542 accepit.
1245 5470 1358 5526 lloc
1398 5479 1779 5542 argumentum
1795 5472 1964 5542 plane
1991 5468 2323 5542 concidit,_si

752 5543 996 5612 legamus
1058 5540 1350 5613 λαμϐάνει,
1410 5540 1623 5609 accipit,
1674 5549 1735 5596 ut
1791 5540 1881 5597 hic
1932 5549 2124 5596 auctor
2174 5540 2326 5613 legit,

751 5614 1003 5682 quamvis
1031 5612 1240 5669 erraris
1270 5626 1460 5668 eorum
1491 5622 1863 5683 propugnator
1884 5613 2209 5666 acerrimus.
2233 5612 2324 5673 At,

753 5684 1246 5755 quomodocuuque
1278 5683 1511 5755 legatur,
1562 5683 1743 5755 inepta
1776 5683 1999 5736 omnino
2025 5691 2110 5736 est
2149 5697 2212 5736 ea
2239 5695 2323 5755 ra-

758 5753 1061 5816 tiocinatio,
1083 5753 1206 5809 cuin
1232 5755 1288 5808 in
1316 5753 1516 5813 divinis
1551 5754 1697 5824 nulla
1730 5753 2031 5809 intercedat
2063 5753 2329 5824 temporis

759 5825 1071 5894 distinctio;
1117 5825 1211 5878 καὶ
1242 5828 1380 5896 ὅπερ
1412 5824 1519 5896 ἄρα
1553 5823 1818 5894 λήψεσθαι
1849 5824 1942 5880 νῦν
1974 5825 2037 5878 ἐκ
2064 5824 2158 5878 τοῦ
2180 5821 2326 5877 ’Υἱοῦ

2423 4973 2703 5041 λέγεταιὸ
2735 4972 3149 5044 Παράκλητςοςζ
3181 4973 3416 5037 αἰωνίως
3463 4972 3522 5038 ἐξ
3574 4973 3739 5026 αὐτοῦ
3790 4972 3998 5043 λαμϐά-

2422 5061 2523 5098 νει.
2559 5044 2736 5109 Quare
2767 5041 2905 5112 quod
2941 5041 3077 5097 nunc
3111 5041 3419 5098 Paraclitus
3452 5055 3761 5110 accepturus
3794 5061 3825 5097 a
3863 5041 4007 5099 Filio

2424 5118 2701 5175 asseritur,
2739 5115 2802 5167 ab
2832 5116 2943 5181 ipsa
2975 5115 3270 5168 mternitatc
3300 5116 3366 5168 ab
3389 5132 3448 5169 eo
3482 5116 3709 5183 accipit,
3741 5124 3799 5168 ut
3831 5115 4007 5170 Geor-

2422 5187 2544 5255 gius
2571 5185 2973 5253 'I‘rapeznutius
3021 5185 3090 5239 ad
3138 5184 3432 5242 Cretenses
3465 5187 3708 5254 scripsit.
3741 5188 3842 5251 Qui
3879 5205 4006 5242 eum

2422 5273 2452 5311 a
2477 5255 2614 5310 Filio
2645 5258 2872 5326 gratiam
2902 5272 3122 5311 sumere
3146 5256 3410 5324 Spiritum
3433 5259 3724 5321 aliirmaut,
3744 5267 4007 5312 naturam

2429 5329 2636 5398 pariter
2684 5342 2903 5381 sumere
2959 5326 3236 5392 fatentur;
3269 5329 3384 5382 lieri
3413 5329 3560 5381 enim
3602 5334 3812 5398 nequit,
3845 5341 3903 5382 ut
3955 5333 4008 5383 iu

2429 5397 2540 5452 Deo
2565 5398 2776 5468 seiungi
2822 5397 3036 5465 possint
3064 5407 3260 5451 natura
3281 5439 3296 5462 ,
3328 5407 3382 5451 et
3414 5403 3644 5468 gratiam
3680 5401 4005 5453 conferendi

2428 5467 2633 5523 virtus.
2676 5467 2942 5522 Caeterum
2993 5470 3139 5538 quod
3192 5484 3259 5523 eo
3310 5467 3608 5538 Scriptura:
3675 5468 4010 5523 documento

2430 5538 2727 5594 l’hotianos
2772 5540 3110 5610 jugulemus,
3140 5540 3339 5608 impios
3396 5556 3461 5594 ac
3516 5539 3868 5608 blasphemus
3899 5539 4010 5594 Leo

2431 5625 2532 5664 nos
2554 5611 2786 5679 appellat
2809 5629 2820 5664 :
2848 5625 3158 5682 quanquam
3180 5613 3326 5665 enim
3350 5626 3472 5666 cum
3501 5613 4007 5682 pneumatomachis

2433 5697 2518 5736 res
2561 5684 2738 5735 adhuc
2772 5683 2867 5746 sit,
2913 5681 2980 5734 iis
3014 5690 3193 5754 tamen
3223 5690 3280 5736 et
3312 5698 3412 5739 nos
3448 5681 3516 5738 ab
3545 5683 3666 5754 ipso
3697 5687 4003 5748 acccusert,

2432 5768 2553 5824 qua:
2582 5765 2910 5824 sequuntur,
2943 5752 3262 5808 ostendunt.
