4232 6444
155 445 253 507 145

1130 448 1416 509 ORATIO
1444 452 1614 510 XIII.
1642 475 1709 486 -
1743 451 1839 510 DE
1871 450 2183 510 SPIRITU
2222 448 2525 510 SANCTO.

3311 445 3412 509 146

146 552 351 605 διδόναι
384 552 461 614 ὡς
484 551 763 622 χρῄζοντι,
815 551 931 604 ἀλλ’
978 552 1053 615 ὡς
1111 556 1263 622 κοινῇ
1314 554 1725 619 συνδεσπόζοντι
1757 564 1801 617 Α

1757 564 1801 617 Α
1829 556 2043 611 etiamsi
2076 554 2374 625 aequitatis,
2433 562 2487 611 et
2535 555 2930 610 moderationis
2972 556 3309 626 exemplum,
3359 561 3416 607 ut

148 644 575 713 συνεπιτρέπειν
600 657 615 671 '
650 646 700 696 εὶ
729 644 823 698 καὶ
868 645 950 697 σοὶ
978 643 1149 697 τύπον
1185 646 1608 717 εὐγνωμοσύνης
1638 647 1734 700 καὶ

147 735 527 806 μετριότητος,
586 734 777 807 ὥσπερ
832 736 893 789 ὲν
946 740 1060 801 τοῖς
1103 738 1304 801 ἄλλοις,
1363 737 1506 792 οὕτω
1540 739 1603 810 δὴ
1638 740 1731 793 καὶ

145 826 386 882 ἐνταῦθα
415 828 494 898 τῷ
521 831 729 901 μετρίῳ
750 832 1150 902 καταλιμπάνει
1176 833 1275 904 τῆς
1315 832 1627 898 διαλέξεως.
1653 835 1729 887 Οὐ

145 918 330 972 τοίνυν
368 920 491 974 οὐδὲ
520 924 651 993 περὶΙ
675 924 770 977 τοῦ
811 925 1125 995 Πνεῦματος
1155 926 1339 980 δίδωσι
1364 926 1434 980 τὰ.
1463 925 1728 997 εἰρημένα.

145 1014 261 1076 τοῖς
294 1014 370 1084 μὴ
406 1014 473 1069 τὰ
507 1016 646 1087 ὀρθὰ
687 1017 1035 1088 διαστρέφειν
1073 1018 1333 1083 ἐπίδειξιν
1385 1019 1728 1089 ποιουμένοις

146 1107 410 1178 ἀφορμήν
440 1121 561 1163 τινα
597 1110 734 1181 πρὸς
765 1110 863 1182 τὴν
911 1112 1197 1178 ὑπόϐασιν,
1224 1113 1360 1167 ἀλλὰ
1394 1113 1456 1166 τὸ
1494 1113 1739 1183 συμφυὲς

1839 645 1991 708 alibi,
2036 645 2111 697 ita
2140 653 2195 699 et
2230 645 2319 699 hic
2363 646 2645 700 humiliter
2688 647 2959 713 loquendo
3004 646 3273 701 exhibuit.
3316 645 3414 701 lila

1839 739 2005 807 igitur
2033 737 2197 792 verba
2227 738 2453 801 nullam,
2483 748 2542 793 ut
2573 737 2813 808 Spiritus
2845 741 3072 793 interior
3097 746 3417 801 censeatur.

1837 832 2183 887 occasionem
2209 832 2475 901 przebcnt,
2504 831 2607 886 nisi
2635 832 2702 887 iis
2734 830 2895 889 forte.
2926 834 3018 899 qui
3049 843 3200 886 recta
3232 830 3418 885 omnia

1840 925 2158 994 perturbare
2202 924 2423 980 student
2462 942 2477 991 ;
2534 925 2628 980 sed
2668 924 3312 987 consubstantialitatem,
3361 930 3418 975 et

1838 1019 2025 1087 gloriae
2084 1018 2569 1080 communionem,
2617 1032 2779 1087 quam
2839 1016 3014 1071 Filius
3062 1016 3223 1071 habet
3289 1028 3417 1070 cum

1848 1111 2023 1174 Patre,
2066 1112 2310 1167 eamdem
2342 1121 2395 1167 et
2427 1111 2689 1181 Spiritum
2719 1110 2918 1164 habere
2946 1109 3251 1164 declarant.

148 1201 246 1254 καὶ
269 1201 375 1270 τῆς
395 1202 554 1273 δόξης
579 1206 679 1273 τὴν
699 1205 1190 1276 συγκληρονομίαν,
1220 1206 1288 1275 ἣν
1312 1206 1335 1258 ἕ
1342 1224 1425 1277 χει
1457 1206 1595 1276 πρὸς
1617 1206 1708 1258 τὸν
1734 1204 1974 1276 Πατέρα,
2014 1205 2219 1275 ταύτην
2233 1207 2512 1276 προσεῖναι
2534 1205 2627 1259 καὶ
2653 1203 2732 1275 τῷ
2754 1204 3030 1274 Πνεῦματι
3067 1204 3362 1273 διατρανοῖ.

232 1294 338 1347 Ἐκ
377 1296 485 1349 τοῦ
533 1296 682 1364 ἐμοῦ
720 1298 1030 1366 λαμϐάνει.
1085 1298 1210 1361 Πῶς
1250 1299 1316 1350 ὲκ
1364 1298 1475 1351 τῶν
1524 1299 1736 1351 ἐκείνου

149 1384 462 1453 λαμϐάνει;
491 1387 613 1440 Ὀτι
644 1386 683 1441 ἃ
715 1389 860 1440 ποιεῖ
881 1388 911 1439 ό
932 1387 1081 1451 Υἱὸς,
1108 1386 1283 1441 ταῦτα
1307 1386 1401 1440 καὶ
1429 1388 1489 1440 τὸ
1517 1385 1738 1455 Πνεῦμα

150 1478 320 1529 ποιεῖ.
362 1478 573 1549 Ὠσπερ
631 1480 837 1543 ἐκεῖνος
872 1480 1139 1547 λαμϐάνει
1181 1480 1336 1548 παρὰ
1379 1480 1472 1533 τοῦ
1503 1481 1737 1549 Πατρὸς,

149 1566 286 1621 ὅτιᾶ
313 1567 503 1637 βλέπει
527 1569 717 1623 τοῦτον
746 1569 883 1641 ἔργα.
906 1570 1186 1636 ποιοῦντα,
1215 1571 1379 1627 τελεῖ.

238 1660 344 1713 Ἐκ
361 1659 468 1714 τοῦ
484 1661 630 1730 ἐμοῦ
645 1661 961 1730 λαμϐάνει.
992 1663 1110 1732 οὐχ).
1126 1662 1412 1732 μετάδοσιν
1430 1679 1551 1716 τινα
1571 1662 1738 1730 δηλοῖ.

152 1747 222 1823 ἧς
252 1752 408 1805 ἐστιν
434 1752 668 1819 ἑπιδεὲς,
698 1753 813 1807 ἀλλ’
872 1754 1228 1808 αὑτοὸουλίαν
1270 1753 1365 1807 καὶ
1412 1752 1738 1823 σύμπνοιαν,

152 1841 221 1917 ἧς
253 1845 472 1900 οὐδέπω
494 1846 852 1919 κεχώρισται.

1912 1297 1989 1351 De
2038 1314 2152 1351 meo
2196 1299 2385 1364 accipit
2430 1296 2542 1367 (li)
2585 1316 2598 1351 :
2633 1296 2909 1365 quomodo
2951 1309 3017 1349 ex
3060 1295 3149 1357 iis,
3178 1311 3300 1364 qua:
3333 1295 3423 1348 ille

1843 1390 2027 1454 habet,
2050 1390 2249 1459 accipit
2274 1389 2297 1441 ?
2326 1388 2457 1457 quia
2481 1404 2601 1458 quae
2630 1388 2804 1444 Filius
2836 1387 2987 1451 facit,
3014 1402 3076 1440 ea
3101 1396 3156 1441 et
3183 1386 3422 1457 Spiritus

1843 1481 1975 1534 facit
2009 1500 2021 1535 :
2076 1482 2240 1536 sieiiti
2274 1481 2446 1537 Filius
2476 1482 2679 1549 accipit
2724 1497 2754 1535 a
2787 1481 2967 1543 Patre,
3003 1480 3155 1547 quia,
3192 1496 3314 1549 quae
3341 1481 3422 1533 vi-

1842 1574 1935 1629 det
1961 1573 2247 1628 facientem
2285 1573 2524 1638 Patrem,
2566 1573 2717 1627 facit.

1919 1665 1992 1720 De
2012 1667 2341 1735 meo‘accipit
2365 1667 2501 1735 (l2).
2537 1666 2638 1720 Per
2664 1666 2780 1719 haec
2814 1665 2978 1719 verba
3007 1680 3117 1718 non
3143 1663 3419 1733 signiﬁca-

1842 1768 1934 1815 tur
1959 1760 2387 1815 communicatio
2418 1758 2691 1829 quaadam.
2731 1758 2891 1826 cujus
2920 1756 3169 1823 indigens
3200 1757 3295 1820 sit,
3328 1757 3422 1810 sed

1842 1852 2159 1919 concordia,
2188 1866 2253 1907 ac
2281 1865 2588 1908 consensus
2617 1849 3023 1920 inseparabilis.

224 1939 443 1993 Οὔκουν
460 1940 573 1993 οὐδ’
595 1942 734 2011 ὅπερ
763 1942 795 2010 ἠ
848 1940 945 1994 νῦν
980 1942 1372 2013 νεωτεροποιία
1404 1942 1514 1995 τῶν
1544 1942 1737 2011 καινὴν
1768 1925 1811 1980 Β

1768 1925 1811 1980 Β
1908 1943 2099 2015 Neque
2125 1959 2280 2009 vero,
2324 1942 2470 2014 quod
2501 1958 2649 1998 nunc
2678 1958 2866 1997 eorum
2910 1943 3075 1996 audet
3118 1940 3419 1999 innovatio.

154 2032 493 2098 εἰσαγόντων
520 2032 755 2103 ὓπαρξιν
781 2035 876 2087 τοῦ
939 2034 1258 2104 Πνεύματος
1298 2034 1566 2105 βούλεται,
1589 2036 1649 2088 τὸ
1678 2037 1742 2087 ἐκ

152 2123 247 2175 τοῦ
273 2122 409 2175 Υῐοῦ
436 2123 736 2191 λαμϐάνειν
754 2125 815 2177 τὸ
839 2123 1063 2195 Πνεῦμα
1093 2124 1191 2195 τὴν
1232 2124 1503 2196 προϐολὴν
1536 2126 1740 2195 σημαί-

154 2232 233 2267 νει
260 2218 329 2267 τὰ
367 2216 609 2286 ῥήματα.
638 2209 712 2269 Oi}
743 2216 841 2286 τὴν
898 2218 1028 2286 μίαν
1082 2217 1257 2287 ἀρχὴν
1306 2217 1491 2277 κακῶς
1524 2219 1603 2278 ei;
1648 2235 1743 2269 που

152 2307 418 2375 λυαρχεαν
456 2308 810 2377 μετατάττειν
844 2305 1210 2377 ἐπιχειροῦσιν
1234 2322 1250 2338 ο
1275 2307 1374 2359 οὐκ
1418 2303 1535 2360 οῖδα
1579 2308 1742 2361 πόθεν

150 2400 243 2451 ἐπὶ
295 2398 507 2469 ταύτην
548 2400 793 2463 ἐλθόντες
831 2400 931 2470 τὴν
964 2400 1234 2471 ὑπόληψιν
1257 2416 1273 2433 ο
1320 2400 1549 2469 πότερον
1578 2401 1636 2451 ἐν
1660 2400 1738 2469 τῷ

150 2491 482 2546 καθιστάναι
509 2491 603 2543 τὸν
632 2492 762 2545 Υῐὸν
789 2492 867 2555 εἰς
892 2492 990 2561 τὴν
1018 2491 1114 2545 τοῦ
1152 2491 1463 2561 Πνεῦμα-ξος
1492 2492 1735 2560 πρόοδον,

151 2585 433 2639 συναίτιον
468 2584 737 2654 ποιήσωσι
765 2583 843 2655 τῷ
912 2585 1089 2655 Πατρὶ
1125 2584 1224 2654 τῆς
1282 2583 1375 2637 τοῦ
1420 2583 1734 2652 Πνεῦματος

1842 2038 1951 2105 (15)
2005 2038 2097 2107 qui
2138 2036 2379 2106 Spiritus
2428 2049 2627 2090 novum
2658 2049 2782 2089 esse
2824 2034 3113 2097 inducunt,
3164 2050 3230 2087 ex
3284 2031 3423 2087 Filio

1842 2129 2056 2182 scilicet
2099 2128 2512 2198 processionem
2546 2125 2815 2197 Spiritum
2849 2142 3122 2197 acetpere.
3155 2143 3219 2182 ea
3258 2132 3423 2181 verba

1841 2217 2037 2271 docent
2066 2233 2080 2269 :
2129 2217 2230 2272 hoc
2260 2217 2404 2272 enim
2440 2217 2604 2271 modo
2636 2233 2805 2271 unum
2851 2218 2971 2284 ejus
3002 2218 3332 2287 principium
3367 2218 3421 2270 in

1844 2309 2111 2379 principia
2159 2309 2313 2378 plura
2346 2309 2460 2379 (l4)
2490 2323 2777 2379 perperam
2814 2309 3034 2364 student
3077 2319 3419 2363 convertere.

1848 2399 1964 2453 Non
1982 2398 2235 2468 equidem
2264 2399 2416 2459 novi.
2443 2399 2707 2468 quidnam
2731 2413 2825 2455 eos
2852 2399 2904 2453 in
2935 2400 3075 2453 hanc
3098 2401 3424 2453 sententiam

1847 2490 2211 2558 perduxerit:
2262 2505 2330 2543 an
2378 2488 2573 2544 Filium
2624 2491 2679 2545 in
2730 2489 2969 2559 Spiritus
3018 2490 3423 2559 processionem

1845 2582 2150 2646 intrudant,
2182 2591 2241 2637 ut
2266 2597 2390 2638 eum
2417 2583 2579 2638 simul
2609 2598 2733 2639 cum
2754 2582 2915 2639 Patre
2944 2598 3274 2638 concausam
3299 2584 3412 2653 (15)

1654 2716 1862 2771 ΝΟΤΛῧ

227 2812 346 2884 (ll)
389 2811 466 2867 De
498 2829 610 2866 meo
644 2812 856 2878 accipit.
902 2809 1002 2884 llic
1048 2826 1128 2884 ex_
1157 2811 1409 2879 professo
1458 2809 1739 2884 disputare

151 2882 507 2956 aggreditur.
530 2883 669 2937 Cum
702 2884 786 2956 his
821 2882 1276 2956 verbisASpiritus
1330 2883 1736 2956 processiunem

152 2952 359 3013 a'Filio
391 2954 679 3023 Scriptura
728 2955 941 3015 doceat,
968 2953 1034 3006 ad
1076 2968 1267 3006 eorum
1300 2952 1407 3003 vim
1450 2952 1625 3023 aliena
1658 2953 1739 3005 in-

154 3022 553 3098 trcpretatioue
576 3023 901 3098 eludendam
937 3023 1216 3098 ingenium
1248 3031 1451 3098 acuunt
1476 3022 1734 3098 adversa—

155 3091 258 3154 rii:
285 3096 534 3162 Quorum
587 3096 982 3161 antesignanus
1006 3091 1263 3146 ’Photius
1294 3092 1365 3145 ita
1396 3091 1632 3160 explicat
1682 3092 1736 3145 in

154 3167 394 3241 epistola
444 3164 524 3241 ad
542 3166 859 3233 episcopum
896 3164 1322 3241 Aquileiensem,
1357 3177 1419 3241 ac
1455 3163 1599 3241 si-éx
1645 3163 1741 3241 τοῦ

156 3229 296 3308 ἐμοῦ
348 3229 682 3300 signiﬁcaret
708 3229 798 3308 Aea:
834 3229 972 3308 meo‘
996 3234 1161 3308 Patre
1184 3234 1290 3308 (οὐ
1322 3234 1430 3308 Laio
1475 3229 1648 3308 εἶπεν,
1685 3234 1742 3300 ἐξ

156 3304 319 3379 ἐμοῦ,
366 3308 503 3369 ἀλλ’,
530 3309 592 3358 ὲκ
637 3305 733 3357 τοῦ
781 3305 915 3379 ἐμοῦ
942 3321 958 3338 ·
994 3305 1296 3379 δῆλονηότι
1350 3304 1604 3379 ῌατρόςέ
1640 3321 1742 3357 non

154 3373 298 3435 eitim
339 3379 473 3430 dixit
504 3393 567 3430 ex
592 3394 691 3440 me,
724 3373 906 3429 sed'ex
939 3373 1071 3439 meo,
1119 3376 1317 3428 scilicet
1354 3373 1529 3426 Patre.
1568 3373 1741 3438 Quam

159 3450 584 3518 eXpIicationem
635 3462 853 3507 sensus.
883 3456 935 3501 et
967 3448 1263 3518 Scriptura:
1306 3453 1596 3518 contextus
1632 3461 1740 3497 non

1848 2825 1959 2862 meo
2011 2810 2323 2874 signiﬁcare
2366 2810 2670 2866 concordes.
2710 2820 2760 2863 et
2802 2814 3178 2868 consentientes
3218 2832 3423 2877 sumus.

1845 2895 1966 2946 quae
2016 2881 2225 2933 l'utilior
2261 2890 2367 2943 est,
2398 2897 2560 2947 quam
2610 2881 2780 2934 refelli
2836 2896 3128 2938 mereatur.
3157 2884 3423 2939 Caeterum

1846 2950 2200 3018 indigentiam
2248 2952 2299 3003 in
2340 2961 2535 3005 saneto
2585 2951 2793 3017 Spiritu
2831 2968 3011 3015 neque
3046 2968 3146 3008 nos
3181 2956 3425 3021 profecto

1845 3023 2195 3089 agnoscimus
2238 3024 2421 3084 ullam,
2460 3023 2601 3093 sicut
2630 3020 2802 3076 Graeci
2840 3023 2890 3075 in
2923 3023 3061 3077 Filio
3102 3020 3210 3077 non
3258 3042 3427 3093 agno-

1843 3102 2041 3154 scunt,
2090 3094 2340 3160 quamvis
2382 3106 2411 3143 a
2456 3090 2614 3145 Patre
2645 3108 2769 3147 esse
2798 3094 3018 3149 sciant:
3050 3110 3175 3149 cum
3212 3090 3325 3151 lizec
3372 3101 3425 3152 in

1844 3162 2047 3217 divinis
2080 3163 2325 3235 ordinem
2357 3172 2589 3225 tantum,
2627 3179 2688 3218 ac
2730 3164 3051 3219 relationem
3101 3166 3419 3235 importent,

1846 3248 1945 3285 nec
1977 3234 2302 3301 prohibeant
2333 3250 2493 3285 unam
2518 3241 2572 3286 et
2594 3235 2841 3289 eamdem
2872 3236 3035 3289 trium
3064 3251 3423 3305 personarum

1848 3311 2096 3355 naturam
2133 3320 2275 3358 esse.

1917 3374 2027 3439 (l5)
2073 3371 2272 3425 Eorum
2318 3373 2607 3428 innovatio.
2650 3376 3086 3444 Νεωτεροποιίαν
3129 3379 3288 3433 nobis
3338 3396 3426 3433 ex-

1851 3445 2110 3517 probrare
2149 3446 2325 3517 solent
2354 3461 2368 3496 :
2398 3461 2460 3496 ac
2506 3445 2549 3498 si
2598 3445 2853 3517 Basilius,
2886 3448 3123 3517 Cyrillus
3147 3490 3160 3511 ,
3192 3452 3423 3502 Athana-

160 3512 481 3579 adinittunt.
512 3518 755 3585 satisque
799 3518 910 3589 jam
963 3512 1197 3570 refutata
1230 3515 1558 3589 _est._Aliam
1613 3530 1743 3567 vero
1771 3534 1811 3588 ο
1848 3516 1984 3580 sius,
2016 3512 2213 3589 Gregg.
2249 3514 2550 3589 Nyssenus.
2578 3527 2631 3569 et
2668 3512 3064 3581 Nazianzenus,
3098 3519 3415 3589 Clirysosto-

160 3594 403 3645 Leonem
436 3589 681 3641 molitum
703 3603 826 3643 esse
854 3587 1120 3641 discimus
1142 3602 1205 3641 ex
1230 3586 1334 3639 hoc
1359 3585 1500 3646 loco,
1548 3601 1742 3654 nempe

160 3664 396 3729 accipere
423 3658 486 3711 de
516 3675 627 3712 meo
649 3698 663 3721 ,
694 3658 832 3729 idem
864 3673 995 3729 esse;
1015 3674 1075 3710 ac
1104 3657 1291 3729 eodeni
1314 3667 1570 3722 prwstare
1596 3655 1738 3729 :‘qui

167 3726 336 3801 probe
361 3730 579 3801 quidem
602 3730 685 3801 réy.
727 3727 999 3801 τοῦ’ὲμοῦ
1034 3743 1137 3780 nor.
1168 3728 1233 3781 ad
1267 3726 1499 3788 Patrem,
1543 3726 1636 3780 sed
1662 3728 1740 3801 ad

164 3797 477 3870 loquentem
515 3797 715 3870 Filium,
739 3798 1080 3870 referendum
1113 3801 1349 3870 fatetur;
1384 3805 1438 3849 at
1470 3812 1632 3865 quam
1660 3799 1743 3850 in—

164 3868 311 3943 epte,
340 3886 505 3941 quam
534 3868 720 3937 procul
742 3868 818 3943 ab
848 3869 1000 3943 omni
1036 3869 1289 3937 loquendi
1316 3883 1440 3929 usu,
1472 3876 1525 3943 et
1555 3883 1583 3920 a
1610 3883 1744 3943 qua-

165 3937 387 4013 cunque
408 3950 723 4013 sanctorum
740 3937 961 4013 Patrum
988 3939 1455 4013 interpretumque
1467 3938 1739 4001 doctrina,

164 4009 408 4085 explicat
431 4012 662 4085 accipere
692 4025 788 4077 pro
814 4010 1040 4085 imitari,
1068 4025 1165 4085 seu
1192 4009 1392 4075 facere!
1421 4010 1492 4085 ita
1521 4017 1599 4072 ut,
1618 4024 1739 4085 cum

167 4078 400 4156 legimus
430 4082 799 4156 accipit,_nu_u,
819 4080 1228 4156 quid‘accipiat
1246 4119 1261 4142 ,
1314 4080 1603 4156 exquirere
1626 4078 1743 4156 .de-

165 4148 421 4217 beamus,
452 4152 545 4205 sed
571 4150 699 4216 quid
729 4149 911 4202 faciat.
944 4148 1099 4212 Quod
1148 4150 1193 4203 si
1240 4150 1473 4217 accipere
1502 4157 1586 4203 est
1618 4149 1741 4201 imi-

166 4228 297 4287 tari,
328 4228 444 4279 sive
473 4220 768 4286 exemplum
810 4220 1062 4285 accipere,
1117 4235 1264 4282 cum,
1295 4221 1388 4288 qui
1436 4221 1738 4287 exemplum

164 4302 231 4351 ab
281 4296 391 4349 alio
438 4292 653 4360 accipit.
687 4290 1053 4359 cognitionem
1095 4290 1259 4344 simul
1307 4291 1562 4358 accipiat,
1598 4307 1743 4344 cum-

163 4384 272 4437 que
302 4367 356 4419 in
392 4363 590 4417 divinis
622 4361 902 4437 idenllsint
926 4361 1163 4437 cognitio
1183 4401 1198 4425 ,
1231 4374 1294 4412 ac
1318 4361 1595 4437 essentia,
1623 4361 1740 4437 jam

166 4428 209 4494 si
239 4437 611 4505 cognitionem
660 4448 689 4483 :i
737 4428 875 4483 Filio
931 4431 1167 4505 Spiritus
1215 4431 1435 4498 accipit,
1464 4432 1743 4505 accipitct

161 4500 485 4563 esu-titiam.
521 4503 786 4556 Praeterea
821 4517 944 4553 cum
986 4503 1257 4564 dicimus,
1288 4516 1373 4563 ea,
1405 4516 1527 4570 quae
1572 4500 1741 4555 Filius

166 4579 319 4638 facit,
356 4586 411 4630 et
462 4574 759 4642 Spiritum_
780 4570 977 4629 facere,
1027 4573 1094 4624 de
1142 4573 1384 4625 externis
1433 4572 1741 4625 actionibus

162 4650 260 4701 toti
296 4639 687 4701 communibus
718 4639 976 4695 Trinitati
1012 4642 1368 4711 intelligimus
1405 4661 1417 4695 :
1450 4642 1583 4695 nihil
1613 4657 1741 4710 ergo

167 4720 270 4771 hoc
302 4716 373 4769 ad
422 4714 626 4768 Christi
672 4713 836 4766 verba
880 4711 943 4765 de
989 4730 1101 4766 meo
1133 4714 1323 4779 accipit
1353 4711 1504 4775 facit,
1541 4714 1739 4779 quibus

1849 3600 2004 3657 mus,
2041 3583 2407 3657 Epiphanius.
2439 3594 2493 3657 et
2531 3595 2801 3655 quotquot
2826 3589 2879 3641 in
2907 3590 3191 3657 opusculis
3213 3583 3290 3645 'ab
3331 3594 3425 3642 Ar-

1846 3655 2031 3714 cmlio,
2056 3666 2109 3730 et
2140 3656 2341 3730 Allatio
2372 3656 2619 3730 collectis
2665 3655 2977 3721 laudantur,
3024 3669 3079 3714 et
3122 3675 3424 3730 congerun-

1846 3734 1953 3797 tur,
1982 3735 2035 3777 ut
2066 3725 2450 3792 Augustinum,
2477 3724 2807 3797 Latinosque
2839 3739 3069 3784 cateros
3104 3724 3303 3783 missos
3340 3732 3423 3785 ia-

1844 3796 2077 3853 ciamus.
2108 3798 2252 3849 inter
2280 3806 2491 3851 veteres
2521 3796 2713 3852 Patres
2738 3800 2998 3854 censendi
3029 3817 3135 3855 non
3168 3802 3301 3855 sint.

1915 3864 2027 3935 (Μ)
2067 3864 2346 3933 Principia
2400 3867 2579 3933 plura.
2646 3868 2962 3923 Graecorum
3030 3874 3285 3935 scopulus
3336 3875 3422 3928 hic

1843 3951 2001 4010 error
2035 3946 2153 4010 est,
2193 3939 2497 4010 putantjum
2524 3940 2735 4010 scilicet
2775 3941 2826 3992 in
2855 3941 3189 4010 πολυαρχίαν
3217 3959 3315 3998 nos
3347 3947 3423 3997 in-

1844 4006 2049 4060 cidere.
2088 4006 2228 4060 liiuc
2275 4008 2327 4059 in
2368 4006 2594 4061 Joannis
2625 4009 2849 4063 Zonarae
2893 4006 3105 4065 canone
3136 4014 3251 4067 haec
3286 4016 3424 4069 inter

1845 4076 2077 4151 hmreses
2100 4078 2790 4151 iiumeratqr.2xsndoai;,
2820 4075 2866 4133 ὦ
2896 4082 3154 4149 Παρθένε,
3189 4085 3424 4151 ποίμνην

1844 4147 1942 4227 τῂν
1971 4148 2088 4227 σῂν,
2115 4148 2209 4227 καὶ
2258 4147 2438 4227 ᾂεινῇς
2463 4151 2820 4227 ⁸ἀαξιοειςτήσ·αις
2856 4147 3117 4227 αἱρέσεως
3151 4155 3255 4205 τῶν
3285 4147 3423 4206 Ἱτάο

1843 4216 1972 4281 λῶν,
2006 4218 2099 4292 ego
2132 4219 2228 4292 μὲν
2261 4218 2433 4292 ἀρχᾲς
2460 4220 2551 4292 ἐπὶ
2580 4216 2691 4292 τῆξ
2715 4224 2841 4289 μιᾶς
2868 4216 3301 4290 δογματιζόντων
3327 4227 3425 4292 φύς

1846 4304 2004 4361 σεως,
2040 4287 2355 4361 Πνεῦματος
2385 4287 2564 4361 διττὰς
2590 4290 2647 4341 δὲ
2666 4287 2761 4343 τοῦ
2788 4287 3127 4361 παντουργοῦ
3153 4287 3421 4359 λεγόντων

1846 4359 2222 4433 ὲκπορεύσεις,
2257 4358 2423 4420 ξένως
2451 4360 2544 4411 καί
2576 4362 2877 4433 ἀσυνήθως.
2917 4358 3193 4432 Protegas.
3230 4358 3420 4433 Virgo,

1845 4428 1976 4482 ovile
2007 4439 2177 4487 tuum,
2214 4438 2367 4497 atque
2415 4444 2448 4479 a
2484 4434 2632 4498 gravi
2667 4428 2929 4485 Italorum
2974 4428 3161 4486 [iteresi
3193 4428 3419 4491 avertes.

1843 4500 1940 4574 qui
1974 4500 2029 4574 in
2076 4510 2271 4551 natura
2320 4515 2427 4551 una
2468 4500 2573 4574 duo
2602 4511 2844 4574 statuunt
2869 4504 3153 4570 principia,
3186 4508 3424 4574 duasque

1845 4570 2078 4635 Spiritus
2111 4580 2417 4639 cunctorum
2448 4572 2650 4639 opiﬁcis
2674 4575 3027 4637 processiones
3056 4588 3259 4637 ponunt
3279 4617 3292 4639 ,
3328 4570 3419 4628 ob-

1842 4640 2020 4701 surde,
2050 4657 2111 4693 ac
2133 4657 2275 4693 nove.
2308 4638 2506 4712 Verum
2540 4638 2884 4712 perpendam,
2930 4638 3292 4710 schism’atici,
3328 4648 3424 4697 de-

1847 4725 2041 4777 precor
2070 4730 2083 4763 :
2116 4712 2162 4762 si
2196 4726 2289 4763 eos
2318 4710 2684 4779 interpellem,
2716 4730 2783 4767 au
2814 4716 3020 4768 creatio
3051 4732 3079 4767 a
3115 4716 3271 4770 Patre
3303 4728 3423 4769 tan-

161 4770 286 4841 cum
316 4784 685 4856 personaliter
726 4782 941 4856 locuntus
964 4786 1073 4856 psit,
1105 4770 1299 4837 falsuiu
1334 4798 1399 4856 e_o
1423 4770 1603 4856 sensu
1633 4797 1732 4856 est,
1772 4770 1814 4823 ί)
1847 4770 1959 4856 ium
1983 4789 2205 4856 peracta
2233 4785 2338 4842 sit,
2367 4770 2607 4856 alin-nent
2636 4770 2855 4847 statim,
2882 4793 2935 4856 et
2963 4800 2993 4837 a
3023 4788 3199 4839 tribus
3231 4801 3421 4855 perso-

162 4873 282 4925 quze
320 4850 515 4909 'Filius
562 4854 696 4923 agit,
718 4862 787 4925 _ct
831 4850 1094 4922 Spiritum
1126 4868 1307 4925 agere.
1340 4851 1500 4908 Falsa
1552 4854 1737 4907 itidem

163 4921 304 4982 ratio
330 4937 434 4989 est,
466 4921 629 4995 quam
677 4921 833 4975 aiTert
855 4921 909 4995 ra
953 4921 1307 4977 similitudine
1339 4925 1736 4995 depromptam,

160 5010 212 5054 et
257 4994 493 5051 Joannis
534 4995 713 5062 quinti
749 4994 943 5059 capitis
978 4996 1305 5049 versiculum
1341 4994 1610 5048 decimum
1645 5012 1741 5047 nu-

159 5085 293 5123 mun
332 5067 734 5136 respicientem.
761 5064 895 5136 Cum
926 5067 1069 5118 enim
1101 5066 1303 5118 dicitur
1336 5064 1505 5119 Filius
1538 5066 1734 5129 facere,

160 5154 285 5210 quae
331 5139 482 5192 videt
526 5137 819 5210 facientem
849 5135 1083 5210 Patrem,
1112 5138 1178 5210 de
1210 5137 1621 5210 Operatiouibus
1654 5136 1740 5189 in-

159 5203 516 5279 telligendum
552 5216 636 5261 est
666 5222 703 5279 ag
730 5203 997 5259 Triuitate
1038 5203 1319 5275 proiectis,
1354 5208 1577 5261 minime
1612 5224 1739 5261 vero

159 5299 186 5333 a
219 5277 476 5349 personis
507 5277 763 5347 singulis.
793 5278 1141 5349 Quid_:tutem
1192 5279 1294 5349 hoc
1339 5294 1461 5329 cum
1509 5294 1735 5346 genera-

164 5347 316 5405 tidne
351 5349 569 5403 Patris?
596 5352 677 5402 An
709 5348 905 5401 eximie
940 5347 1112 5402 Filius
1134 5365 1163 5401 a
1192 5347 1351 5401 Patre
1380 5362 1483 5401 non
1510 5364 1739 5417 genera-

160 5423 289 5475 tur?
316 5419 549 5475 Joannis
581 5420 763 5473 locum
801 5420 948 5470 illum
981 5422 1179 5473 sutlicit
1221 5418 1511 5487 inspicere.
1548 5429 1605 5472 ut
1631 5431 1738 5473 sta-

162 5494 260 5545 tim
284 5499 664 5561 pateat,quam
684 5489 1059 5557 intempestiva
1076 5490 1275 5545 Leonis
1295 5490 1465 5561 illatio
1487 5492 1588 5553 sit;
1613 5500 1737 5545 ante

159 5577 226 5617 ea
264 5559 537 5630 siquidem
557 5562 722 5616 verba
756 5561 1113 5630 dictuminon
1141 5562 1339 5624 fuerat,
1362 5559 1561 5613 Filium
1592 5563 1737 5613 acci-

159 5649 284 5701 pere
306 5629 347 5685 αθ
365 5632 546 5695 Patre,
568 5633 662 5686 sed
692 5647 724 5683 a
745 5646 799 5683 se
820 5630 933 5699 ipso
954 5629 999 5682 F
1004 5632 1154 5685 ilium
1175 5633 1305 5685 nihil
1328 5632 1499 5697 [acere
1524 5647 1544 5686 .'
1566 5635 1737 5686 ποιεῖν

158 5703 257 5772 ἀφ’
284 5702 479 5755 ἑαυτοῦ
506 5703 679 5756 οὐδέν.

235 5774 348 5842 (12)
391 5775 466 5829 De
490 5773 837 5841 meoaccipit.
882 5773 982 5827 Per
1006 5774 1141 5839 haec,
1178 5790 1285 5826 non
1310 5772 1526 5827 videtur
1546 5781 1737 5825 auctor

160 5845 414 5899 discussa
449 5860 621 5914 nuper
652 5845 1101 5914 interpretatione
1129 5846 1232 5900 sibi
1281 5859 1607 5913 magnopere
1642 5860 1732 5899 sa-

162 5917 443 5973 tisfecisse
472 5934 486 5970 :
518 5917 681 5971 aliam
732 5917 877 5970 enim
934 5917 1153 5981 subdit;
1193 5932 1384 5985 nempe
1436 5915 1625 5982 accipit
1674 5914 1736 5968 dc

1844 4852 1931 4904 nis
1962 4851 2235 4906 docebunt
2262 4855 2557 4922 praestitum
2596 4872 2607 4906 :
2642 4863 2699 4906 at
2725 4856 2771 4910 si
2800 4872 2862 4909 ex
2900 4855 3001 4909 hoc
3032 4851 3281 4922 inferam,
3312 4874 3418 4911 non

1846 4937 2007 4975 uuam
2035 4937 2185 4992 ergo,
2218 4921 2312 4975 sed
2342 4923 2525 4990 plures
2549 4925 2844 4979 crcationis
2880 4941 3075 4981 causas
3103 4943 3226 4981 esse
3250 4921 3275 4990 ,7
3296 4930 3421 4981 irri-

1844 4992 2083 5056 debuut;
2130 5008 2253 5046 cum
2288 5008 2552 5061 personas
2588 5004 2699 5049 tres
2729 5005 2945 5050 constet
2982 4998 3035 5049 in
3063 4998 3264 5052 divinis
3298 5015 3420 5053 cau-

1842 5078 1959 5117 sam
1996 5078 2156 5135 unam
2185 5062 2423 5135 efﬁcere.
2458 5062 2569 5117 Cur
2600 5066 2763 5135 igitur
2794 5065 2974 5128 Pater,
3008 5078 3061 5121 et
3102 5067 3272 5123 Filius
3311 5086 3417 5123 non

1844 5132 2276 5207 unum,sedgduo
2306 5136 2479 5189 sancti
2500 5132 2735 5207 Spiritus
2757 5138 3019 5207 principia
3042 5141 3421 5195 constituent?

1842 5214 1896 5277 et
1921 5205 2011 5273 qui
2034 5205 2158 5277 Atieri
2194 5214 2394 5271 potest,
2429 5214 2488 5258 ut
2521 5206 2588 5277 de
2617 5205 2972 5262 exstriuseci’s
3002 5212 3416 5277 operationibus

1843 5276 1917 5327 ita
1947 5275 2353 5348 ratiocinantes,
2383 5287 2489 5329 tam
2516 5275 2733 5333 diverse
2764 5280 2829 5333 de
2866 5275 3418 5348 intrinseeis,quibus

1840 5360 1904 5397 ea
1934 5346 2183 5400 doctrina
2216 5346 2411 5400 fortius
2432 5356 2672 5415 aptatur,
2697 5346 3407 5406 ratiocinentur?C-.etermn

1841 5416 1965 5469 ideo
1995 5418 2045 5469 in
2076 5431 2297 5491 causam
2335 5432 2496 5469 unam
2521 5428 2630 5473 tres
2654 5422 2973 5474 coalescunt
3007 5427 3413 5491 persome,quia

1842 5498 1973 5540 sunt
2007 5503 2150 5541 unus
2186 5488 2346 5549 Deus,
2382 5496 2437 5539 et
2470 5490 2599 5557 quia
2626 5506 2747 5543 cum
2782 5488 3042 5554 secunda,
3074 5502 3127 5547 et
3174 5488 3330 5547 tertia
3387 5514 3415 5548 ιι

1843 5561 2015 5626 prima
2048 5560 2181 5622 sint,
2214 5568 2267 5611 et
2296 5559 2622 5626 ipsissimam
2653 5576 2776 5614 cum
2803 5578 2866 5615 ea
2893 5566 3114 5618 creandi
3143 5568 3415 5618 actionem

1839 5638 1893 5682 et
1928 5630 2310 5704 perfectionem
2343 5630 2596 5692 habeant,
2624 5633 2774 5685 nullo
2802 5634 2962 5687 modo
2991 5646 3221 5704 possunt
3252 5640 3413 5688 aliam

1839 5714 2063 5773 causam
2094 5701 2498 5773 etlieereiqua:
2553 5704 2794 5773 rationes
2847 5712 2901 5757 et
2958 5701 3009 5758 in
3062 5708 3416 5773 processione

1839 5772 2016 5823 activa
2052 5770 2254 5838 pariter
2284 5772 2521 5824 militant
2550 5769 2688 5827 Filio
2710 5769 3127 5829 communicaia.

1911 5842 2022 5905 “5)
2063 5840 2418 5897 Caucausam.
2460 5841 2665 5897 Nomen
2714 5860 2889 5897 caustv
2921 5847 2972 5898 iu
3007 5847 3208 5900 divinis
3237 5846 3413 5900 Latini

1840 5912 2163 5983 refugimus,
2195 5921 2475 5981 paventes,
2505 5929 2569 5969 ne
2598 5915 2957 5984 dependeulia
2981 5958 2994 5980 ,
3033 5928 3090 5972 ut
3119 5922 3413 5978 luuunnur,
