4232 6444
770 451 790 513 l
803 451 868 513 47

1997 445 2276 508 LEONIS
2313 439 2779 504 PHILOSOPHI

3922 429 4027 487 μδ

770 567 997 632 faciant,
1034 565 1120 620 vel
1167 566 1272 620 hoc
1317 563 1468 618 Patri
1499 562 1779 632 eripiant?
1815 562 1870 618 Si
1901 563 2046 616 enim
2102 561 2344 631 Spiritus
2377 565 2419 618 Α

2377 565 2419 618 Α
2450 553 2737 624 προϐολῆς,
2765 550 2797 620 ἢ
2837 550 2922 602 ἵνα
2954 545 3162 601 καὶτὸν
3197 543 3419 613 Πατέρα
3469 539 3627 594 τοῦτο
3670 540 4035 608 ἀφαιρήσων-

770 659 921 729 (16)
957 673 1025 712 ex
1059 658 1196 711 Filio
1229 665 1396 722 esset,
1459 671 1559 710 cur
1589 671 1698 709 non
1746 662 1800 708 et
1839 669 1904 708 cx
1938 669 1996 708 se
2027 655 2148 722 ipso
2179 662 2348 718 esset,

769 763 894 802 cum
931 762 1114 808 omne,
1150 746 1296 814 quod
1329 745 1511 801 Patris
1538 751 1591 799 ct
1616 744 1741 798 Filii
1776 753 1882 809 est,
1916 743 2156 815 Spiritus
2186 744 2351 797 etiam

770 842 878 894 sit?
911 841 1018 896 Sed
1058 841 1291 895 ulterius
1320 841 1370 895 id
1405 841 1570 892 etiam
1604 839 1983 909 consequitur,
2017 853 2125 892 non
2173 836 2347 892 solum

772 949 881 986 non
915 948 1038 988 esse
1083 949 1152 987 ex
1192 933 1352 997 Filio,
1405 947 1595 985 verum
1636 933 1802 985 etiam
1840 947 2015 1000 neque
2064 948 2128 985 ex
2165 929 2346 984 Patre.

773 1026 875 1091 Qui
903 1026 1047 1081 enim
1077 1041 1141 1080 cx
1173 1042 1230 1080 sc
1254 1027 1372 1095 ipso
1400 1026 1563 1079 habet
1589 1041 1731 1088 esse,
1763 1039 1996 1093 quanam
2017 1025 2118 1078 alia
2145 1023 2350 1091 indiget

773 1118 992 1171 causa?
1046 1117 1260 1171 Rursus
1313 1119 1360 1172 si
1413 1119 1755 1187 arquipotens
1805 1117 1915 1185 (l7)
1962 1115 2199 1185 Spiritus
2244 1123 2350 1178 cst,

773 1211 1051 1277 quomodo
1081 1217 1135 1262 et
1185 1208 1358 1265 Filius
1403 1225 1468 1263 ex
1506 1225 1570 1263 eo
1609 1225 1717 1262 non
1753 1217 1861 1270 est,
1905 1210 2047 1262 sicut
2085 1209 2130 1261 is
2165 1215 2250 1260 est
2288 1222 2353 1260 ex

775 1302 961 1356 Filio?
993 1309 1087 1354 aut
1138 1303 1284 1356 enim
1338 1318 1444 1354 non
1479 1300 1726 1370 ejusdem
1759 1302 1983 1353 virtutis
2015 1309 2121 1358 est.
2165 1307 2355 1367 utpote

778 1395 1076 1462 accipiens.
1108 1405 1162 1449 et
1190 1410 1295 1448 non
1328 1395 1486 1456 dans,
1520 1402 1614 1446 aut
1644 1394 1686 1448 si
1721 1409 1846 1448 rere
1868 1401 1972 1456 est,
1997 1406 2221 1447 necesse
2251 1403 2353 1454 est,

777 1493 838 1537 ut
887 1483 1060 1540 Filius
1097 1486 1262 1539 etiam
1315 1485 1518 1553 aliquid
1572 1485 1769 1539 habeat
1812 1501 1876 1538 ex
1914 1476 2144 1552 Spiritu,
2194 1486 2351 1539 sicuti

780 1577 1006 1648 Spiritui
1035 1576 1240 1646 aliquid
1260 1579 1376 1647 ipsc
1402 1578 1515 1631 dat.
1539 1578 1844 1632 Curautem
1879 1577 2111 1648 hoc(l8)
2142 1585 2352 1631 tantum

775 1670 1003 1739 Spiritui
1049 1671 1302 1736 aufertis,
1342 1688 1534 1739 nempe
1568 1673 1710 1740 quod
1746 1687 1809 1724 ex
1844 1685 1902 1725 se
1939 1671 2060 1738 ipso
2105 1671 2198 1730 sit,
2249 1687 2355 1723 non

778 1760 1090 1815 auferentes
1141 1762 1268 1826 alia,
1301 1778 1419 1830 qum
1456 1761 1594 1815 Filio
1627 1763 1836 1825 insunt,
1872 1773 1926 1815 et
1966 1761 2112 1814 Patri
2152 1763 2175 1814 ?
2221 1761 2352 1813 Nam

777 1852 860 1906 vel
894 1853 997 1906 alia
1036 1868 1256 1922 quoque
1287 1853 1387 1922 ipsi
1420 1853 1707 1908 adimenda
1740 1861 1887 1914 sunt,
1922 1864 1980 1906 ut
2017 1853 2356 1922 blasphemia

779 1944 956 2012 magis
989 1954 1192 2013 pateat,
1227 1945 1306 1999 vel
1334 1961 1509 2015 neque
1535 1946 1588 1999 id
1622 1946 1990 2007 adimendum,
2024 1945 2168 2012 quod
2211 1958 2273 1997 ex
2299 1959 2357 1997 se

781 2037 902 2103 ipso
931 2038 1024 2091 sit.
1055 2037 1313 2103 Quaenam
1349 2039 1496 2092 enim
1531 2037 1645 2091 hare
1678 2036 1745 2090 de
1777 2052 1884 2089 uno
1927 2045 2136 2089 tantum
2175 2037 2359 2105 priva-

784 2132 859 2182 tio
885 2130 907 2182 7
935 2129 1140 2184 Deinde
1169 2129 1405 2200 Spiritus
1445 2130 1552 2200 (19)
1588 2148 1653 2185 ex
1690 2130 1847 2184 Patre
1878 2139 1930 2184 et
1975 2129 2116 2183 Fiiio
2147 2145 2342 2199 proce-

781 2220 938 2282 dens,
995 2228 1049 2273 et
1101 2234 1129 2272 a
1163 2235 1394 2290 persona
1426 2220 1602 2273 Patris
1642 2236 1735 2289 per
1773 2221 2161 2289 proprietatem
2195 2232 2350 2274 suam

784 2311 1108 2376 distinctus,
1137 2312 1413 2381 quomodo
1443 2313 1625 2366 minor
1653 2327 1758 2365 non
1789 2313 1892 2365 erit
1928 2310 2088 2374 Filio,
2119 2325 2243 2366 eum
2273 2311 2361 2364 hic

781 2419 906 2458 esse
941 2404 1138 2457 haheat
1163 2419 1191 2456 a
1223 2403 1407 2466 Patre,
1447 2405 1536 2458 ille
1560 2419 1710 2465 vero,
1745 2404 1848 2456 alia
1883 2418 2050 2457 causa
2087 2402 2355 2474 superad-

783 2496 919 2557 dita,
974 2496 1137 2548 etiam
1171 2510 1199 2546 a
1253 2493 1444 2548 Filio?
1492 2495 1645 2560 Quod
1697 2495 1741 2550 si
1790 2509 2134 2563 quaecunque
2184 2492 2361 2548 Filius

787 2588 975 2649 habet,
1005 2603 1035 2640 a
1067 2585 1228 2641 Patre
1253 2588 1471 2656 accipit,
1509 2587 1580 2641 ab
1608 2602 1674 2642 eo
1713 2587 1877 2640 etiam
1923 2587 2174 2656 accipiet,
2216 2589 2360 2658 quod

783 2692 849 2732 ex
900 2681 1020 2748 ipso
1059 2679 1322 2749 procedat
1371 2677 1633 2748 Spiritus.
1669 2677 1781 2733 Cur
1827 2694 1957 2748 ergo
1987 2679 2228 2732 (laudum
2275 2687 2362 2732 est

783 2770 947 2838 Filio,
982 2772 1124 2841 quod
1154 2787 1220 2826 ex
1255 2772 1372 2841 ipso
1403 2770 1661 2841 procedat
1689 2771 1948 2840 Spiritus,
1983 2771 2208 2841 Spiritui
2233 2787 2364 2826 vero

786 2879 966 2930 neque
993 2860 1125 2916 Illud
1153 2862 1414 2924 dandum,
1446 2868 1505 2914 ut
1537 2877 1604 2915 ex
1637 2876 1696 2915 se
1728 2861 1845 2930 ipso
1873 2861 2158 2930 procedat,
2191 2875 2365 2931 neque

787 2955 946 3016 illud.
979 2962 1038 3008 ut
1073 2953 1444 3019 generationis
1471 2951 1594 3006 Filii
1627 2953 1904 3023 particeps
1923 2953 2038 3007 sit?
2071 2951 2286 3008 Rursus
2318 2954 2362 3008 si

789 3046 968 3116 maior
1021 3046 1133 3117 (20)
1192 3054 1277 3103 est
1303 3047 1476 3112 Pater,
1508 3047 1632 3116 quia
1679 3045 1802 3100 Filii
1837 3060 2002 3100 causa
2051 3053 2157 3111 est,
2191 3047 2366 3115 major

787 3140 895 3194 erit
936 3148 992 3194 et
1026 3138 1219 3205 Filius,
1251 3153 1375 3193 cum
1409 3151 1575 3192 causa
1616 3135 1857 3206 Spiritus
1893 3137 1985 3192 sit.
2018 3135 2180 3194 Patet
2211 3155 2362 3209 ergo,

2452 664 2537 700 ται
2563 663 2577 711 ;
2607 645 2669 697 Εἰ
2699 644 2808 713 γὰρ
2832 643 2896 694 ὲκ
2920 639 3014 694 τοῦ
3040 636 3169 690 Υἱοῦ
3195 636 3255 688 τὸ
3283 632 3526 701 Πνεῦμα,
3563 630 3680 692 πῶς
3713 632 3812 683 οὐκ
3844 630 3914 682 ἂν
3945 630 4034 698 εἴη

2455 737 2548 791 καὶ
2601 735 2660 800 ἐξ
2705 731 2898 786 ἑαυτοῦ
2923 774 2938 792 ,
2994 727 3181 799 ἐπειδὴ
3214 728 3322 780 πᾶν
3361 726 3500 793 ὅπερ
3533 723 3651 776 ἐστὶ
3691 721 3911 790 Πατρός
3937 719 4038 770 καὶ

2456 831 2608 893 Υἱοῦ,
2639 828 2800 882 τοῦτο
2822 827 2918 878 καὶ
2948 823 3262 890 Πνεύματος
3289 837 3304 884 ;
3341 812 3471 872 Εἶτα
3499 815 3587 883 τί;
3620 815 3920 884 Συμόαίνει
3956 813 4036 882 μὴ

2459 925 2618 995 μόνον
2648 921 2722 991 μὴ
2755 916 2896 972 εἶναι
2921 919 2985 969 ἐκ
3018 916 3113 969 τοῦ
3153 913 3309 976 Υἰοῦ,
3362 909 3498 963 ἀλλὰ
3535 908 3668 979 μηδὲ
3696 909 3760 960 ἐκ
3789 904 3882 957 τοῦ
3917 905 4038 995 Πα-

2455 993 2603 1080 τρός.
2632 1007 2704 1082 ’ᾮ
2738 1009 2847 1080 γὰρ
2892 1007 2951 1071 ἐξ
2990 1005 3182 1060 ἑαυτοῦ
3213 1003 3273 1056 τὸ
3328 997 3488 1066 εἶναι,
3521 1000 3693 1067 τούτῳ
3716 997 3766 1050 τί
3787 997 3895 1049 δέοι
3921 993 4041 1047 ἐτέ-

2462 1103 2632 1174 ρωοεν
2658 1102 2872 1164 αἱτίας;
2908 1099 3029 1150 Ἔτι
3077 1099 3126 1149 εἰ
3175 1093 3514 1166 ὀμοδύναμον
3543 1093 3604 1144 τὸ
3635 1089 3896 1156 Πνεῦμας
3917 1085 4038 1148 πῶς

2455 1196 2577 1265 οὐχὶ
2619 1196 2714 1248 καὶ
2763 1196 2790 1247 ὁ
2850 1191 2976 1254 Υἱὸς
3005 1191 3069 1240 ὲκ
3117 1188 3212 1241 τοῦ
3244 1185 3580 1254 Πνεῦματος.
3610 1183 3797 1251 ὥσπερ
3833 1182 3899 1232 ἐκ
3937 1177 4038 1231 τοῦ

2458 1289 2588 1343 Υἱοῦ
2615 1289 2675 1342 τὸ
2697 1286 2956 1356 Πνεῦμα;
2987 1282 3054 1336 Ἥ
3075 1282 3185 1351 γὰρ
3213 1281 3310 1349 οὔχ
3331 1277 3672 1347 ὀμοδύναμον
3695 1272 3864 1343 αὐτῷ,
3890 1271 4038 1340 λαμ-

2457 1383 2635 1447 ϐάνον,
2665 1381 2726 1433 οὐ
2752 1380 2949 1442 διδοῦν,
2989 1377 3022 1446 ἦ
3055 1375 3213 1444 εἴπερ
3248 1372 3606 1441 ὁμοδύναμον,
3641 1366 3753 1432 ἕξοι
3786 1384 3839 1418 τι
3870 1365 3970 1418 καὶ
4007 1361 4038 1415 6

2459 1479 2587 1538 Υἱὸς
2633 1476 2725 1527 τοῦ
2762 1472 3097 1542 Πνεῦματος,
3138 1467 3327 1535 ὥσπερ
3377 1464 3454 1535 τῷ
3497 1463 3774 1530 Πνεῦματι
3818 1459 4040 1511 δίδωσιν

2458 1569 2637 1630 αὑτός.
2675 1563 2797 1626 Πῶς
2829 1563 2886 1614 δὲ
2911 1563 3006 1614 καὶ
3039 1559 3230 1613 τούτου
3262 1556 3422 1626 μόνου
3457 1553 3698 1622 στερεῖτε
3727 1549 3791 1601 τὸ
3809 1547 4040 1616 Πνεῦμα

2457 1661 2550 1712 τοῦ
2586 1658 2724 1712 εἶναι
2778 1655 2839 1719 ἐξ
2889 1651 3110 1714 ἑαυτοῦ,
3155 1648 3323 1721 μηδὲν
3355 1645 3463 1698 τῶν
3492 1643 3668 1696 ἄλλων
3692 1638 4043 1710 ἀφαιροῦμε-

2459 1770 2558 1815 voc,
2585 1752 2618 1805 ὃ.
2663 1749 2836 1818 Πατρί
2863 1749 3124 1818 πρόσεστι
3148 1741 3244 1796 καὶ
3281 1740 3429 1808 Υἱῷς
3463 1737 3534 1790 Ἥ
3573 1735 3681 1804 γὰρ
3710 1733 3805 1785 καὶ
3832 1731 4042 1799 ἐτέρων

2463 1844 2688 1911 στεροῑτ’
2729 1841 2813 1905 ἂν,
2848 1841 2934 1892 ἵνα
3048 1831 3488 1905 περιφανεστέρα
3531 1831 3563 1898 ἡ
3597 1827 3774 1896 ὕϐρις,
3812 1826 3844 1893 ἣ
3885 1825 3931 1874 εἰ
3968 1820 4042 1890 μὴ

2463 1937 2654 1994 ἄλλων,
2681 1935 2814 2005 μηδὲ
2839 1932 2932 1985 τοῦ
2964 1929 3103 1983 εἶναι
3132 1929 3188 1994 ἐξ
3229 1924 3445 1980 ἑαυτοῦ.
3482 1921 3575 1982 Τίς
3607 1921 3714 1987 γὰρ
3742 1916 3836 1968 ἐπὶ
3875 1914 4041 1984 μόνον

2463 2030 2651 2084 τούτου
2685 2030 2718 2098 ἡ
2756 2026 3169 2096 ἁποκλήρωσις;
3202 2016 3335 2072 Εἶτα
3394 2015 3606 2086 Πατρὸς
3659 2012 3751 2065 καὶ⁹
3804 2007 3937 2062 Υἱοῦ
3983 2006 4046 2059 τὸ

2463 2123 2688 2191 Πνεῦμα
2718 2121 2924 2190 προϊὸν,
2970 2119 3062 2170 καὶ
3094 2113 3382 2185 προσθήκῃ
3414 2110 3672 2176 ἰδιότητος
3706 2105 3803 2174 τῆς
3835 2105 4044 2172 Πατρι-

2463 2218 2566 2283 κῆς
2618 2215 2970 2272 ὑποστάσεως
3024 2205 3458 2277 διακρινόμενον,
3503 2200 3622 2262 πῶς
3673 2197 3774 2251 οὐκ
3816 2194 4046 2248 ἔλαττον

2466 2307 2742 2378 συμφυΐας
2800 2305 2897 2357 καὶ
2947 2299 3280 2368 οἰκειότητος
3305 2296 3400 2348 τοῦ
3441 2293 3574 2345 Υιοῦ
3631 2290 3744 2355 ἕξει
3785 2287 3927 2378 πρὸς
3953 2288 4047 2338 τὸν

2467 2373 2716 2467 Πατέρα,
2750 2395 2908 2465 εἴπερ
2935 2394 2964 2446 6
3001 2391 3100 2462 μὲν
3135 2388 3262 2451 Υἱὸς
3294 2390 3358 2441 ὲκ
3393 2382 3604 2451 Πατρδς
3638 2380 3751 2450 ἔχει
3790 2379 3853 2431 τὸ
3876 2373 4046 2439 εἶναι,

2465 2491 2541 2561 τῷ
2569 2489 2624 2543 δὲ
2654 2485 2872 2543 καὶτοῦ
2920 2484 3051 2538 Υἱοῦ
3116 2481 3288 2536 αἰτίου
3340 2476 3725 2549 προστεῢεται;
3759 2473 3818 2525 Εἰ
3862 2471 3920 2523 δὲ
3954 2469 4050 2522 καὶ

2466 2585 2642 2637 πάντα
2677 2583 2778 2635 ὅσα
2823 2580 2937 2650 ἔχει
2963 2579 2991 2631 6
3032 2576 3180 2640 Υἱὸς,
3223 2576 3288 2627 ἐκ
3342 2571 3438 2625 τοῦ
3497 2568 3708 2637 Πατρδς
3746 2562 4046 2632 λαμϐάνει,

2467 2677 2674 2731 ἐκεῖθεν
2706 2673 2772 2728 ἂν
2803 2673 2888 2743 εἴη
2915 2671 3009 2724 καὶ
3031 2668 3092 2722 τὸ
3117 2667 3176 2735 ἐξ
3197 2663 3364 2720 αὐτοῦ
3400 2663 3462 2716 τὸ
3486 2660 3712 2729 Πνεῦμα
3743 2653 4048 2726 ἐκπορεύε-

2470 2770 2613 2822 σθαι.
2639 2767 2736 2829 Τίς
2769 2762 2862 2819 οῦν
2890 2765 2923 2833 ἡ
2960 2759 3260 2832 φιλοτιμία,
3308 2755 3490 2809 δοῦναι
3543 2751 3642 2823 μὲν
3664 2749 3781 2819 Υἱῷ
3833 2745 4049 2800 ἐκείνου

2469 2861 2720 2930 προϊέναι
2737 2858 2796 2911 τὸ
2813 2855 3060 2925 Πνεῦμα,
3086 2852 3164 2924 τῷ
3182 2849 3460 2920 Πνεύματι
3485 2846 3541 2900 δὲ
3568 2845 3643 2915 μὴ
3670 2843 3879 2905 δοῦναι,
3908 2839 4052 2910 μήτε

2465 2955 2564 3024 τὴν
2595 2950 2790 3005 ἑαυτοῦ
2821 2947 3169 3019 ὲκπὸρευσιν,
3207 2945 3342 3014 μήτε
3378 2940 3484 3011 μὴν
3507 2939 3607 3006 τῆς
3629 2935 3725 2989 τοῦ
3756 2932 3889 3024 Υἱοῦ
3925 2947 4054 3024 μετ-

2470 3018 2611 3117 ἐίειν
2655 3018 2996 3112 γεννήσεωςς
3054 3037 3164 3092 Καὶ
3217 3037 3267 3088 εἰ
3317 3031 3514 3104 μείζων
3537 3031 3565 3082 6
3594 3027 3783 3096 Πατὴρ
3806 3023 3888 3093 τῷ
3911 3018 4054 3117 εἶναι

2470 3112 2642 3198 αἴτιος
2676 3133 2772 3186 τοῦ
2804 3129 2961 3194 Υἱοῦ,
3024 3128 3225 3199 μείζων
3251 3125 3317 3180 ἂν
3351 3125 3434 3193 εἴη
3461 3122 3554 3176 καὶ
3576 3122 3603 3174 6
3635 3118 3763 3181 Υἰδς
3787 3117 3866 3188 τῷ
3912 3112 4055 3170 εἶναι

791 3231 1031 3300 Spiritus
1060 3203 1354 3301 personam
1387 3203 1827 3294 imminui,Filio
1859 3229 2078 3299 quidem
2106 3231 2162 3284 in
2193 3203 2357 3284 uuam
2399 3243 2444 3304 α

2399 3243 2444 3304 α
2485 3228 2654 3288 αἴτιος
2681 3223 2777 3277 τοῦ
2806 3223 2945 3276 Πνεύ
2957 3237 3144 3292 ματος.
3170 3217 3282 3271 Καὶ
3329 3215 3446 3277 πῶς
3475 3213 3575 3266 οὐκ
3603 3210 3671 3264 ἂν
3706 3208 3862 3304 λάθοι
3895 3208 3931 3276 ὴ
3959 3203 4055 3304 τοῦ

791 3339 1018 3379 causam
1070 3324 1264 3388 relato,
1308 3320 1514 3390 Spiritu
1554 3337 1684 3374 vero
1713 3321 1766 3375 in
1813 3321 1972 3375 duas.
2005 3321 2160 3387 Quod
2204 3323 2248 3376 si
2302 3337 2365 3376 ex

793 3416 899 3469 hoc
927 3412 1102 3482 major
1131 3412 1340 3483 Spiritu
1387 3412 1646 3467 statuitur
1675 3408 1870 3474 Filius,
1906 3411 2082 3479 major
2114 3413 2278 3466 etiam
2317 3412 2370 3464 in

794 3512 1047 3562 sanctum
1101 3504 1386 3575 Spiritum,
1434 3517 1596 3572 quam
1639 3503 1694 3556 in
1740 3501 1977 3568 Filium,
2033 3503 2373 3572 blasphemia

795 3597 1072 3652 censenda
1113 3602 1216 3650 est.
1268 3593 1384 3648 Hoc
1441 3594 1585 3646 enim
1638 3593 1816 3663 ipsum
1868 3593 2131 3648 Senator
2190 3603 2377 3649 noster

795 3688 1006 3753 docuit,
1045 3701 1239 3756 nempe
1274 3685 1669 3754 blasphemiam
1707 3684 1759 3738 in
1813 3683 2078 3754 Spiritum
2119 3695 2370 3740 sanctum

797 3795 975 3850 neque
1006 3779 1062 3833 in
1097 3778 1202 3833 hoc
1237 3778 1436 3835 sarculo
1466 3778 1691 3841 remitti,
1725 3793 1901 3845 neque
1932 3778 1986 3831 in
2023 3779 2208 3831 futuro
2235 3780 2297 3831 ’⁵.

2471 3317 2794 3388 Πνεύματος
2843 3309 3251 3384 σμικρυνομὲνη
3305 3305 3624 3366 ὑπόστασις,
3657 3300 3753 3354 τοῦ
3788 3299 3888 3370 μὲν
3922 3297 4055 3351 Υἱοῦ

2473 3410 2610 3480 πρὸς
2660 3408 2717 3460 ἒν
2766 3408 2938 3460 αἴτιον
3002 3401 3433 3474 ἀναφερομένου,
3490 3396 3582 3449 τοῦ
3650 3390 4057 3462 Πνεῦματοςδὲ

2473 3501 2612 3570 πρὸς
2643 3499 2736 3552 δύο
2763 3499 2862 3566 τὴν
2886 3494 3165 3564 ἀναφορὰν
3225 3492 3475 3561 ἔχοντοςς
3519 3487 3630 3540 Καὶ
3663 3488 3711 3538 εἰ
3739 3486 3804 3536 ὲκ
3849 3483 4056 3552 ταύτης

2469 3593 2568 3658 τῆς
2599 3587 2920 3649 ἀκολουθίας
2953 3587 3154 3656 μείζων
3200 3582 3294 3636 τοῦ
3331 3582 3648 3650 Πνεύματος
3686 3579 3715 3630 6
3737 3575 3890 3638 Υἱὸς,
3938 3572 4058 3634 πῶς

2473 3685 2609 3754 risi;
2637 3682 2697 3733 τὸ
2739 3679 2896 3747 ἆγιον
2959 3675 3183 3746 Πνεῦμα
3235 3671 3554 3744 βλασφημία
3595 3672 3669 3741 μὴ
3719 3668 3924 3738 μείζων
3959 3665 4060 3733 τῆς

2470 3778 2551 3839 εἰς
2604 3773 2696 3827 τὸν
2748 3772 2882 3826 Υἰὸν
2952 3767 3331 3840 βλασφημίας;
3383 3765 3555 3818 Τοῦτο
3623 3762 3734 3834 γὰρ
3810 3759 4060 3824 ἐδίδαξεν

797 3875 827 3927 ὀ
859 3873 1051 3944 Σωτὴρ
1079 3872 1178 3942 τὴν
1224 3873 1305 3936 εἰς
1358 3871 1419 3926 τὸ
1468 3871 1694 3942 Πνεῦμα
1723 3873 1783 3925 τὸ
1831 3873 1988 3942 ἆγιον
2029 3873 2375 3944 βλασφημίαν
2413 3874 2505 3924 καὶ
2536 3874 2595 3926 ἐν
2622 3869 2700 3942 τῷ
2735 3867 2832 3923 νῦν
2863 3864 3020 3920 αἰῶνι
3104 3864 3198 3918 καὶ
3248 3864 3305 3916 ὲν
3357 3859 3436 3933 τῷ
3484 3858 3730 3932 μέλλοντι
3817 3856 4062 3926 ἄφυκτον

801 3962 940 4020 εἶναι
962 3964 1118 4034 δίκης
1147 3963 1338 4019 εἰπών.

875 4106 918 4137 ’⁵
957 4103 1151 4158 Matth.
1182 4118 1258 4158 att
1289 4125 1311 4169 ,~
1336 4103 1426 4157 59..

2313 4189 2546 4246 NOTAE.

803 4297 1084 4360 arguatur.
1113 4286 1287 4342 Graeci
1333 4284 1524 4360 Patres
1573 4283 1848 4360 adhibent
1874 4283 2100 4360 pa_ssim,
2124 4299 2380 4354 persona-

805 4355 924 4418 rum
974 4360 1219 4413 ordinem
1257 4357 1644 4423 respicientes;
1685 4371 1783 4409 nec
1819 4358 1885 4410 de
1929 4355 2090 4408 Patre
2141 4363 2375 4416 tantum,

807 4433 899 4489 sed
930 4438 986 4486 et
1019 4430 1084 4483 de
1101 4426 1259 4482 Filio.
1292 4427 1431 4480 llinc
1453 4427 1506 4478 in
1529 4424 1826 4478 Florentini
1861 4426 2090 4479 Concilii
2138 4426 2380 4485 decreto,

805 4517 969 4572 quem
997 4499 1174 4572 Graeci
1198 4497 1397 4561 αἰτίαν,
1419 4495 1593 4549 Latini
1617 4497 1931 4572 principium
1961 4494 2381 4572 dicunt.Fi_l_i_um

808 4567 971 4626 etiam
1034 4569 1239 4638 Spiritu
1298 4568 1814 4638 sant-to_inajoreni
1871 4567 2386 4638 (ra_t_io_neﬂscilicet

2485 4291 2574 4335 tus
2628 4280 2830 4347 virtute
2873 4277 3229 4347 potentiaque
3277 4272 3472 4347 pollet‘
3501 4286 3566 4326 ac
3599 4268 3802 4347 filius,
3833 4283 3964 4347 ergo
4015 4265 4062 4327 si

2488 4352 2753 4420 Spiritum
2786 4340 2960 4402 Filius
2989 4340 3210 4407 emittit,
3241 4340 3294 4400 et
3329 4343 3568 4420 Spiritus
3598 4340 3792 4393 Filium
3821 4341 4064 4420 emittet.

2487 4411 2555 4476 At
2585 4436 2686 4488 ego
2715 4419 2970 4474 similiter
2997 4431 3220 4488 arguam
3263 4411 3726 4488 :_/Equipotentes
3745 4411 4067 4488 sunt-Pater

2489 4503 2544 4543 et
2575 4479 2782 4550 Filius;
2817 4504 2948 4559 ergo
2971 4558 2978 4559 ί
3000 4479 3491 4559 δΓΡαιθνἘίιὶἱιιιὶ
3519 4489 3767 4553 generat,
3803 4487 3857 4535 et
3892 4479 4069 4536 Filius

2492 4563 2732 4616 Patrem.
2768 4557 3034 4614 Ridiculae
3078 4557 3528 4610 ratiocinationes
3566 4571 3578 4605 :
3608 4565 3806 4618 nempe
3837 4566 4072 4618 genera-

807 4623 1010 4699 causae.
1044 4623 1139 4694 seu
1173 4638 1469 4708 principii)
1504 4623 1675 4690 Graeci
1700 4623 1924 4708 irocan‘t.
1963 4633 2098 4689 Vide
2126 4637 2386 4708 Granium
2423 4625 2464 4678 Ι)
2492 4635 2589 4708 tio,
2617 4628 3211 4708 spiratio,_prodttctio.
3249 4642 3353 4708 non
3411 4623 3665 4693 potentiae
3697 4632 3827 4674 sunt
3874 4635 4068 4691 opera,

809 4706 1330 4765 orthodoxam—tom.
1377 4706 1455 4766 ll,
1493 4723 1614 4777 pag.
1648 4707 1786 4772 748,
1817 4723 1922 4777 qua
1976 4707 2251 4761 locutione
2292 4709 2390 4777 mi-

809 4784 960 4836 nime
1000 4789 1228 4834 utuntur
1275 4779 1450 4831 Latini
1473 4775 1661 4846 {apud
1695 4775 2063 4848 quos‘durius
2091 4786 2274 4830 sonat.
2309 4775 2387 4848 Li-

808 4862 930 4907 ceat
976 4860 1262 4920 propterea
1309 4847 1765 4912 animadvertere,
1798 4863 1962 4917 quam
2015 4847 2390 4920 iniuriainsi-

813 4917 1095 4976 mulcmur
1136 4937 1164 4973 a
1207 4920 1530 4980 Photianis,
1582 4927 1841 4988 tauquam
1895 4921 2079 4988 sancti
2149 4917 2386 4986 Spiritus

813 4993 1063 5064 dignitati
1093 5007 1202 5064 non
1233 4991 1608 5064 consulentes,
1638 4987 1760 5064 cum
1784 5003 1859 5064 ex
1893 4987 1975 5041 his
2005 4997 2206 5057 pateat,
2229 4989 2296 5041 de
2325 5004 2388 5040 ea

814 5060 988 5117 multo
1039 5063 1214 5132 magis
1261 5062 1453 5114 anxios
1506 5076 1570 5114 ac
1623 5060 1887 5114 sollicitos
1919 5073 2020 5113 nos
2047 5074 2190 5120 esse,
2225 5073 2389 5132 quam

813 5131 1052 5189 Graecos.
1070 5134 1138 5186 At
1166 5135 1258 5202 qui
1295 5147 1510 5200 causam
1547 5132 1840 5199 recipiunt,
1862 5145 2181 5182 concausam
2203 5131 2387 5202 etiam,

817 5214 877 5258 ιιι
914 5205 1004 5257 hic
1039 5202 1147 5258 Leo
1176 5200 1437 5268 loquitur,
1469 5202 1723 5254 videntur
1754 5215 1914 5268 posse
1954 5203 2218 5268 recipere.
2245 5200 2390 5252 Nun-

815 5289 979 5344 quam
1011 5284 1188 5328 tatnen
1213 5273 1398 5326 Patres
1430 5273 1698 5344 συναξτιον
1730 5271 1987 5324 dixerunt
2020 5269 2237 5334 Filium,
2274 5277 2388 5344 tum

816 5339 962 5412 quod
996 5348 1178 5399 minus
1210 5352 1498 5411 congruat,
1532 5343 1622 5396 ubi
1657 5356 1821 5396 causa
1846 5349 1933 5394 est
1962 5355 2090 5412 una,
2111 5339 2394 5412 tumquod

819 5410 981 5470 Pater
1010 5430 1179 5469 causa
1211 5414 1282 5467 sit
1311 5410 1784 5482 ⁴ἑτροκαταρκτικὴ,
1818 5411 2078 5482 primaria
2100 5451 2114 5476 ,
2149 5410 2394 5482 primige-

821 5489 935 5546 nia,
967 5484 1266 5556 originalis.
1294 5480 1447 5556 Quod
1479 5480 1607 5556 esse
1641 5480 1913 5556 accipiant
1953 5496 1992 5556 a_
2015 5481 2171 5556 Patre
2201 5480 2390 5542 Filius,

821 5566 876 5609 et
897 5550 1155 5627 Spiriius,
1179 5554 1446 5610 Catholici
1469 5551 1642 5627 (ἔτ-ξιεοὶ
1669 5550 1880 5618 dicunt,
1901 5552 1996 5607 sed
2010 5550 2182 5607 Filius
2200 5567 2393 5621 γεννη-

823 5625 952 5690 τῶςς
987 5629 1225 5697 Spiritus
1254 5625 1620 5697 ὲκνξτορευτώςἸ

895 5697 1007 5765 (16)
1031 5693 1107 5754 ’δὲ
1140 5699 1279 5752 enim
1314 5695 1567 5764 Spiritus.
1610 5693 1851 5749 Fallaces
1885 5693 2004 5748 ista;
2034 5693 2305 5765 illationes
2343 5693 2395 5744 in

824 5764 1074 5822 mendaci
1129 5769 1414 5837 supposito
1464 5765 1758 5829 nituntur,
1826 5775 1955 5819 uota
2007 5767 2238 5834 septima
2283 5764 2396 5833 jam

824 5855 1018 5894 everso
1047 5850 1099 5892 et
1129 5841 1381 5908 disjecto.

907 5912 1017 5981 (l7)
1060 5905 1258 5964 Rursus
1289 5911 1332 5963 si
1365 5908 1701 5977 a'quipotcus.
1730 5908 1920 5982 Arguit
1952 5927 1963 5962 :
1998 5906 2198 5961 Eadem
2229 5905 2395 5976 Spirio

2490 4705 2582 4758 sed
2615 4700 2980 4767 personalium
3010 4700 3428 4767 pr0prietatutn.

2562 4760 2671 4841 (l8)
2714 4771 2822 4825 Cur
2852 4760 3028 4823 autem
3059 4760 3174 4841 hoc.
3220 4760 3720 4841 Errores_c_umulat
3745 4768 3939 4841 auctor
3966 4761 4073 4841 hoc

2490 4833 2634 4897 loco.
2656 4833 2776 4896 'Nec
2807 4842 3050 4911 Spiritus
3090 4839 3271 4903 enim,
3303 4852 3408 4891 nec
3442 4833 3614 4888 Filius
3643 4840 3772 4886 sunt
3793 4847 3824 4886 a
3859 4846 3942 4895 se,
3975 4833 4073 4887 sed

2491 4929 2520 4967 a
2552 4913 2731 4966 Patre.

2567 4984 2679 5053 (l9)
2724 4979 2920 5053 Deinde
2951 4977 3205 5053 Spiritus.
3247 4977 3510 5053 AtPater
3560 4971 3871 5053 Filiusque,
3896 4972 3944 5027 si
3974 4988 4072 5028 ens

2493 5043 2774 5112 ut‘sa'ncti
2829 5043 3066 5120 Spiritus
3118 5049 3444 5119 principium
3501 5043 3849 5120 consideres,
3897 5059 4072 5120 unum

2494 5137 2654 5190 sunt;
2690 5139 2830 5177 unus
2859 5113 3134 5189 siquidem
3158 5113 3406 5188 spiritus,
3439 5124 3493 5190 et
3525 5129 3631 5168 una
3659 5113 3910 5190 spiratio.
3939 5115 4074 5190 Quae

2495 5184 2822 5266 sequuntur.
2860 5184 2971 5266 jam
3020 5184 3202 5243 diluta
3242 5195 3390 5266 sunt.
3442 5188 3497 5240 In
3548 5184 3903 5266 generatione
3949 5184 4072 5238 Filii

2496 5261 2682 5324 nullus
2734 5262 2963 5333 Spiritui
2999 5270 3197 5333 sancto
3242 5261 3432 5333 locus,
3463 5272 3588 5333 cum
3629 5264 3790 5333 egeat
3819 5269 3851 5308 a
3886 5269 4076 5324 perso-

2498 5323 2606 5394 nati
2639 5323 2971 5406 pr0prietate
2997 5331 3200 5406 Patris,
3225 5331 3352 5400 quia
3381 5327 3622 5406 Spiritus
3649 5323 3850 5406 Filium
3875 5323 4076 5406 suppo-

2498 5412 2602 5470 nit,
2635 5398 2756 5461 cuni
2810 5405 2881 5457 sit
2931 5402 3170 5470 Spiritus
3217 5398 3322 5454 non
3383 5398 3569 5470 Patris
3610 5400 3973 5470 tantu_ui_,hsed
4025 5407 4078 5470 et

2498 5465 2618 5534 Filii
2645 5496 2658 5531 :
2703 5465 3110 5539 Ἐξαπέστὲιλεν
3137 5474 3165 5525 ὁ
3186 5471 3316 5532 Θεὸς
3343 5470 3403 5522 τὸ
3431 5466 3657 5539 Πνεῦμα
3688 5465 3784 5519 τοῦ
3813 5465 3951 5520 Υἱοῦ
3983 5469 4075 5519 αὐ-

2495 5551 2609 5604 τοῦ.
2645 5538 2820 5602 Galat.
2858 5560 2933 5608 tv,
2963 5543 3018 5596 6.
3059 5543 3197 5607 Quid
3227 5538 3472 5596 clarius?

2571 5622 2681 5686 (:20)
2710 5605 3224 5686 liursussimizjor.
3258 5610 3448 5686 Quoad
3488 5605 3784 5686 essentiam
3812 5614 3870 5660 et
3910 5617 4076 5686 natu-

2499 5678 2613 5746 ram
2658 5678 2900 5757 Spiritus
2943 5682 3078 5757 Filio
3115 5678 3205 5757 est
3236 5681 3482 5751 aequalis,
3535 5679 3727 5732 ordine
3771 5687 3826 5731 et
3860 5678 4100 5757 origine-

2499 5764 2681 5816 minor
2702 5751 2941 5812 Eatsicut
2962 5755 3099 5810 duas
3119 5755 3317 5808 habere
3345 5764 3541 5806 causas
3569 5764 3676 5803 non
3691 5751 4072 5816 consequitur,

2502 5836 2574 5887 ita
2608 5846 2708 5885 nec
2747 5830 2881 5884 duos
2904 5826 3106 5882 habere
3147 5824 3401 5895 majores.
3441 5821 3649 5878 Caetera
3678 5819 3815 5874 satis
3840 5819 4074 5876 refutat:

2503 5912 2648 5960 sunt.
