4232 6444
794 420 889 488 151

2034 417 2305 479 LEONIS
2335 416 2801 478 PHILOSOPHI

3940 417 4051 481 153

793 556 823 595 a
851 551 1019 594 causa
1049 554 1064 591 :
1097 545 1152 591 at
1189 532 1463 606 quomodo
1497 532 1614 603 ipse
1640 547 1859 605 quoque
1887 543 2112 587 causato
2148 534 2354 603 pariter

2470 530 2551 584 ιαὶ
2579 530 2739 593 αὐτὸς
2769 529 2846 599 τῷ
2876 528 2936 595 ἐξ
2961 528 3128 584 αὐτοῦ
3180 528 3408 601 αίτιατῷ
3459 530 3540 603 τῷ
3578 532 3853 604 Πνεύματι
3893 538 4053 602 γίνε-

791 653 821 690 a
868 651 928 691 se
965 634 1193 705 Spiritui
1229 635 1330 688 hoc
1378 648 1486 688 non
1524 634 1639 697 dat,
1680 640 1739 687 ιιι
1763 647 1929 688 causa
1976 630 2093 685 sit?
2134 631 2360 686 utsicut

794 729 912 795 ipse
955 725 1218 783 causandi
1266 711 1553 797 privilegio
1590 724 1810 795 gaudet,
1847 724 1921 778 ita
1968 722 2206 794 Spiritus
2258 722 2361 775 hoc

795 820 1004 873 honore
1046 817 1273 873 minime
1320 818 1649 873 destituatur
1675 815 1698 869 ?
1726 813 1911 886 Neque
1953 816 2102 870 enim
2152 815 2356 877 dicent,

796 910 898 963 hoc
926 908 1141 963 Patrem
1171 908 1480 978 prohibere,
1510 923 1637 962 cum
1667 923 1734 962 ex
1769 924 1958 963 eorum
1993 906 2261 961 sententia
2306 905 2360 959 id

792 1012 1015 1069 quoque
1044 998 1410 1054 communicet
1435 996 1617 1063 Pater,
1648 998 1799 1069 quod
1823 998 1926 1055 sibi
1952 998 2054 1053 soli
2090 997 2365 1071 peculiare

792 1099 896 1145 cst.

862 1182 932 1236 At
961 1182 1075 1238 hac
1095 1180 1315 1252 quidem
1338 1190 1491 1238 extra
1521 1183 1685 1247 viam,
1708 1191 1769 1238 ut
1788 1183 1893 1239 dici
1916 1182 2076 1250 solet,
2103 1184 2171 1240 ad
2203 1184 2357 1238 novi-

792 1284 958 1331 tatem
991 1276 1349 1346 arguendam.
1382 1275 1492 1330 Vos
1524 1284 1705 1329 autem
1733 1276 2051 1332 melioribus
2076 1276 2365 1347 cogitatio-

794 1368 955 1423 nibus
968 1368 1201 1437 praditi,
1216 1368 1517 1422 libertatem
1537 1383 1603 1422 ne
1617 1367 1914 1436 ahjiciatis,
1930 1378 1983 1424 et
1998 1368 2365 1437 corruptionis

794 1459 1115 1515 servitutem
1152 1459 1318 1513 nolite
1352 1458 1546 1513 iterum
1597 1460 1805 1525 subire,
1858 1462 2004 1517 illius
2049 1461 2363 1531 imperium,

794 1552 889 1621 qui
932 1551 987 1605 in
1043 1551 1350 1606 libertatem
1408 1567 1507 1608 vos
1551 1555 1789 1608 asseruit
1848 1554 2242 1612 detrectantes.
2297 1557 2366 1609 At

794 1652 1106 1713 repugnant
1135 1642 1237 1697 illi.
1262 1644 1603 1714 Agantquod
1635 1646 1768 1715 ipsis
1802 1646 1953 1701 lubet
1983 1663 1999 1701 :
2039 1647 2368 1717 perversita-

795 1743 902 1790 tem
953 1736 1176 1805 quidem
1215 1737 1497 1790 sententia
1540 1751 1653 1791 sua
1708 1745 1838 1792 tunc
1883 1737 2205 1807 intelligent,
2240 1753 2363 1793 eum

2464 620 2587 674 σθαι
2617 620 2795 691 αίτίῳ,
2830 622 2918 675 ἵνα
2965 621 3156 691 ὥσπερ
3194 623 3403 685 ἐκεῖνος
3448 623 3509 677 τὸ
3550 627 3646 678 τοῦ
3685 625 3814 680 ίδίου
3862 628 4050 680 αίτίου

2463 713 2574 783 ἔχει
2603 715 2918 785 προνόμιον,
2968 714 3112 769 οὕτω
3161 716 3256 769 καὶ
3280 717 3342 770 το
3370 716 3594 788 Πνεῦμα
3632 718 3708 789 μὴ
3745 719 3978 792 ἄμοιρον

2462 805 2562 873 τῆς
2586 805 2844 876 τοιαύτης
2863 806 3030 877 τιμῆς
3058 825 3074 875 ;
3108 805 3185 863 Ού
3220 806 3330 880 γὰρ
3373 809 3436 880 δή
3466 827 3529 878 γε
3553 810 3648 864 τὸν
3680 812 3900 883 Πατέρα
3927 832 4041 865 κω-

2462 895 2609 950 λύειν
2631 897 2698 952 ἀν
2720 915 2802 963 τις
2824 898 2975 969 εἴπῃ.
3008 898 3133 963 Πῶς
3157 901 3265 972 γὰρ
3285 902 3379 969 ὅγε
3406 902 3469 955 τὸ
3507 904 3666 974 μόνον
3693 906 3827 959 [διον
3870 906 4041 960 αὑτοῦ

2464 988 2607 1043 κατά
2636 989 2729 1044 τὸν
2761 991 3026 1063 ὑμέτερον
3051 993 3209 1063 λόγον
3236 996 3754 1067 κοινοποιησάμενος
3781 1016 3798 1067 ;

2535 1172 2722 1225 Ταῦτα
2773 1172 2871 1243 μὲν
2916 1171 3060 1237 ὁδοῦ,
3088 1174 3242 1243 φασὶ,
3273 1174 3552 1246 πάρεργον
3587 1178 3666 1240 είς
3696 1179 3919 1249 ἔλεγχον
3938 1180 4044 1251 τῆς

2462 1265 2900 1335 νεωτεροποιίας.
2948 1266 3137 1337 Ὑμεῖς
3168 1266 3227 1319 δὲ
3271 1268 3381 1323 τῶν
3426 1270 3727 1340 ἀμεινόνων
3757 1275 4045 1344 γενόμενοι

2465 1358 2761 1429 λογισμῶν,
2798 1358 2873 1429 μὴ
2893 1358 2993 1430 τὴν
3042 1360 3355 1432 ἐλευθερίαν
3387 1362 3708 1429 ἀποδύεσθε,
3737 1365 3872 1435 μηδέ
3902 1366 4045 1437 πρὸς

2462 1450 2564 1518 τὴν
2586 1450 2828 1503 δουλείαν
2850 1451 2948 1521 τῆς
2996 1450 3204 1522 φθορᾶς
3241 1452 3489 1517 ἐλεεινῶς
3519 1455 3913 1525 ύποστρέφετε,
3958 1448 4046 1518 οἷς

2466 1542 2681 1611 ἔξαρνοι
2732 1543 2951 1609 γίνεσθε
3008 1544 3109 1614 τῆς
3181 1544 3500 1609 δεσποτείας
3564 1546 3658 1600 τοῦ
3699 1547 4045 1611 δεσποτικῶς

2466 1634 2896 1705 ἐλευθεροῦντος.
2956 1636 3095 1690 Ἀλλ’
3146 1637 3208 1691 ού
3268 1637 3551 1708 βούλονται
3578 1654 3593 1668 ·
3648 1640 3925 1710 ἐχέτωσαν
3968 1640 4048 1703 ὡς

2467 1728 2805 1799 προτιμῶσιν
2830 1745 2845 1759 ·
2869 1730 2919 1781 oi
2962 1728 3062 1797 μέν
3104 1728 3343 1783 εἴσονται
3370 1729 3477 1784 τῶν
3519 1732 3774 1785 ἐπινοιῶν
3802 1733 3905 1801 τὴν
3937 1732 4047 1786 δει-

791 1825 1027 1881 infanda
1046 1826 1399 1896 blasphemia
1414 1827 1679 1883 rationem
1694 1829 1984 1885 reddentes
1999 1830 2364 1885 ineluctabilis

2470 1822 2685 1893 νότητα,
2722 1820 2940 1875 ἐπειδὰν
2965 1821 3167 1885 αὐτοὺς
3194 1823 3265 1876 τὰ
3291 1823 3676 1893 ἁναπόδρσστα
3706 1825 3856 1878 δεινὰ
3886 1841 4048 1895 περι-

790 1888 1347 1973 εἰιευηιείειθι-[υι-οτ.
1372 1919 1442 1972 At
1464 1933 1563 1974 nos
1584 1920 1874 1989 adoptione
1904 1920 2165 1987 illustres,
2189 1929 2245 1975 et
2264 1921 2361 1975 ad-

2470 1888 2594 1985 στῇ,
2647 1913 2802 1981 λόγον
2857 1912 3157 1983 ὑπέχοντας
3195 1913 3299 1983 τῆς
3329 1915 3410 1977 εἰς
3438 1888 3515 1967 τὸ-
3537 1913 3763 1985 Πνεῦμα
3790 1888 4049 1984 dcunt»-

790 2011 1033 2079 optantis
1061 2010 1269 2065 cultum
1302 2012 1470 2080 probe
1498 2011 1778 2076 callentes,
1812 2022 2071 2081 tanquam
2099 2012 2196 2067 ﬁlii
2244 2013 2361 2075 Dei,

792 2102 1317 2159 consubstantialem
1342 2103 1463 2173 ejus
1498 2103 1761 2174 Spiritum
1788 2120 2149 2171 veneremur;
2178 2105 2363 2161 lumen

788 2209 978 2249 verum
998 2196 1181 2251 orbem
1211 2196 1553 2265 illuminans,
1572 2206 1780 2253 rectum
1811 2204 1867 2253 et
1887 2198 1955 2252 ad
1984 2198 2361 2253 rectitudinein

791 2285 988 2339 salutis
1009 2286 1067 2340 in
1097 2286 1337 2357 obliquis
1365 2288 1688 2357 perditionis
1708 2289 1812 2342 viis
1855 2294 2105 2344 errantes
2133 2287 2358 2353 ducens,

787 2373 1088 2431 bonitatem
1116 2375 1379 2446 largiens,
1407 2378 1665 2431 beneﬁcia
1703 2377 2009 2440 eil‘undens,
2040 2384 2097 2433 et
2150 2378 2355 2434 fontem

790 2466 1100 2522 sanctitatis
1132 2464 1761 2536 incomprehensibilem,
1792 2485 1953 2539 quem
1976 2470 2363 2541 participantes

791 2558 1106 2629 spirituales
1121 2559 1487 2631 intelligentia
1504 2562 1688 2615 statim
1704 2562 2114 2618 sanctiﬁcantur
2141 2581 2155 2618 :
2178 2578 2367 2635 quam-

790 2649 877 2704 vis
906 2649 978 2704 ob
1005 2648 1304 2706 voluntatis
1331 2651 1594 2705 malitiam
1622 2653 1967 2718 tenebrosus,
2003 2656 2361 2728 impurusque

786 2743 1044 2809 evaserit,
1099 2742 1225 2812 quia
1257 2756 1288 2796 a
1326 2740 1647 2798 Hierarchia
1676 2742 1897 2800 Calesti
1944 2746 2229 2804 abscissus
2255 2757 2360 2804 est.

785 2834 1053 2890 (laterum
1080 2843 1344 2890 creatura
1380 2835 1605 2905 reliqua
1646 2837 2069 2906 pulchritudinis
2118 2840 2262 2910 ejus,
2309 2852 2364 2898 et

786 2927 1098 2983 sanctitatis
1137 2927 1639 2983 communicatione
1674 2928 2028 2984 decorantur.
2048 2930 2185 2986 Hinc
2208 2934 2357 2987 enim

784 3029 893 3081 est.
925 3026 985 3074 ut
1012 3020 1195 3074 omnia
1231 3019 1389 3074 valde
1413 3019 1553 3074 bona
1580 3019 1713 3083 sint,
1742 3027 1796 3075 et
1828 3030 2114 3087 vocentur,
2144 3038 2175 3079 a
2199 3024 2362 3080 Patre

2469 2009 2633 2076 ρήτου
2698 2004 3079 2075 βλασφημίας
3132 2005 3183 2058 οί
3243 2006 3302 2059 δέ
3346 2008 3411 2076 τῇ
3440 2008 3682 2076 υίοθεσία
3722 2006 3902 2069 καλῶς
3929 2006 4049 2059 δια-

2466 2096 2790 2166 πρέποντες,
2821 2095 2879 2147 ἐν
2904 2094 2983 2165 τῷ
3006 2096 3188 2159 καλῶς
3230 2096 3330 2167 τὴν
3368 2096 3532 2165 τιμὴν
3566 2098 3765 2152 ειδέναι
3787 2098 3886 2153 τοῦ
3927 2099 4046 2151 uio-

2466 2189 2808 2259 θετήσαντος,
2858 2181 2949 2241 οἷα
3003 2187 3069 2259 δὴ
3097 2188 3265 2242 τέκνα
3311 2188 3471 2254 Θεοῦ,
3509 2190 3569 2244 τὸ
3596 2191 3844 2260 συμφυὲς
3874 2191 4045 2247 αὑτοῦ

2466 2281 2690 2350 Πνεῦμα
2722 2278 3050 2350 θειὰζωμεν,
3086 2279 3147 2332 τὸ
3194 2279 3451 2351 ἀληθινὸν
3485 2281 3624 2350 φῶς,
3680 2282 3743 2336 τὺ
3793 2285 4049 2352 φωτίσαν

2464 2374 2534 2428 τὰ
2563 2374 2795 2443 πέρατα,
2852 2372 2915 2426 τὸ
2966 2372 3122 2436 εὺθές
3164 2374 3258 2426 καὶ
3291 2372 3428 2444 πρὸς
3462 2374 3733 2446 εὐθύτητα
3769 2377 4048 2447 σωτηρίας

2463 2466 2842 2537 καθοδηγῆσαν
2865 2467 2993 2529 τοὺς
3030 2466 3420 2536 πλανωμένους
3452 2467 3511 2521 ἐν
3541 2469 3750 2539 τρίϐοις
3803 2470 4048 2533 σκολιαῖς

2464 2558 2764 2623 ἀπωλείας,
2790 2558 2853 2611 τὸ
2895 2558 3060 2629 βρύον
3092 2558 3190 2631 τὴν
3238 2558 3576 2631 ἁγαθότητα,
3610 2562 3841 2625 καὶτοῖς
3876 2579 4047 2631 μετα-

2465 2651 2653 2723 σχοῦσι
2699 2652 2762 2705 τὸ
2811 2650 3179 2719 ἀγαθύνεσθαι
3235 2652 3615 2721 χαριζόμενον,
3670 2654 3769 2724 τὴν
3834 2656 4048 2710 ἀκατά-

2464 2746 2665 2815 ληπτον
2696 2746 2883 2816 πηγὴν
2917 2744 3020 2814 τῆς
3070 2743 3383 2814 ἁγιότητος,
3414 2737 3477 2798 οὗ
3511 2747 3916 2816 μεταλαϐοῦσαι
3945 2749 4045 2804 τοῦ

2463 2836 2737 2905 ἁγιασμοῦ
2766 2837 3086 2904 ἀγιὰξονται
3141 2836 3240 2907 μὲν
3292 2835 3420 2907 ἄρτι
3450 2839 3747 2908 παριοῦσαι
3783 2842 3921 2911 πρὸς
3951 2845 4047 2911 γέ-

2463 2946 2614 2983 νεσιν
2652 2930 2707 2982 αι
2749 2929 2934 3000 νοεραὶ
2969 2928 3272 2999 δυνάμεις·
3333 2931 3382 2982 εί
3450 2931 3545 2984 καὶ
3603 2930 3691 2985 διὰ
3741 2932 4047 3004 σκαιότητα

2464 3021 2836 3094 προαιρέσεως
2856 3023 2884 3075 ὁ
2912 3021 3012 3092 τῆς
3043 3020 3205 3089 ἁγίας
3242 3022 3339 3075 καὶ
3364 3023 3689 3091 φωτοειδοῦς
3707 3024 4045 3095 ἀπρῤαγὼς

785 3109 1006 3179 quidem
1043 3124 1138 3179 per
1172 3108 1371 3163 Filium
1414 3119 1622 3176 creata,
1654 3112 2157 3169 communicatione
2181 3127 2361 3170 autem

2470 3113 2690 3179 τάξεως,
2729 3112 2953 3184 βέὸηλός
2974 3130 3036 3166 τε
3057 3113 3174 3182 ἅμα
3197 3114 3290 3166 καὶ
3328 3114 3523 3178 σκότος
3554 3114 3769 3184 ἐγένετο
3790 3132 3803 3146 ’
3828 3116 4048 3170 καλλω·

785 3201 961 3256 sancli
980 3200 1215 3270 Spiritus
1234 3200 1301 3254 ad
1319 3198 1708 3270 perfectionem
1737 3210 1922 3257 erecta
1943 3202 2009 3256 ¹⁷.
2035 3203 2167 3270 Qua
2193 3205 2358 3260 etiam

2470 3206 2685 3270 πίζεται
2728 3205 2785 3258 δὲ
2841 3205 2911 3259 τὰ
2974 3204 3274 3275 μεταλήψει
3322 3205 3423 3275 τῆς
3465 3204 3726 3276 καλλονῆς
3756 3205 3851 3260 τοῦ
3884 3208 4049 3276 ἁγια-

785 3291 831 3347 si
855 3292 1247 3362 superveniens
1276 3300 1561 3361 peccatum
1580 3289 1888 3359 fadaverit,
1909 3293 2088 3349 denuo
2103 3312 2133 3350 a
2149 3296 2356 3364 Spiritu

788 3400 981 3442 sancto
1012 3396 1226 3451 ornata,
1248 3387 1643 3456 melioriquam
1672 3396 1833 3443 antea
1850 3389 2164 3445 conditione
2193 3406 2358 3447 reno-

784 3491 910 3536 vata
955 3487 1085 3536 sunt
1118 3496 1133 3535 :
1171 3479 1325 3548 prius
1353 3481 1499 3534 enim
1538 3482 1879 3551 corruptioni
1912 3481 2137 3537 fuerunt
2181 3484 2356 3541 obno-

786 3574 897 3639 xia,
940 3589 1088 3628 nunc
1118 3588 1247 3628 vero
1297 3572 1568 3642 superiori
1604 3574 1921 3629 conditione
1954 3573 2214 3643 gaudent.

2467 3300 2604 3367 σμοῦ
2659 3297 2729 3351 τά
2790 3297 2952 3351 λοιπὰ
3022 3295 3283 3350 σύνδουλα
3350 3296 3662 3367 κτίσματαο
3719 3298 3864 3352 οὕτω
3935 3301 4049 3369 γὰρ

2467 3393 2681 3446 ἅπαντα
2709 3390 2830 3442 λίαν
2875 3387 3018 3442 καλὰ
3064 3387 3179 3442 ἔστι
3209 3406 3268 3442 τε
3302 3392 3396 3442 καὶ
3426 3391 3662 3461 εἴρηται,
3703 3392 4050 3464 δημιουργη-

2464 3483 2621 3537 θέντα
2645 3482 2743 3551 μὲν
2770 3479 2924 3547 παρὰ
2947 3479 3160 3549 Πατρὸς
3182 3480 3249 3533 δι’
3275 3479 3427 3545 Υίοῦ,
3469 3482 3962 3553 τελειουργηθέντα
3987 3484 4047 3538 δὲ

2463 3578 2528 3645 τῇ
2555 3572 2688 3642 ἁγίᾳ.
2738 3570 2833 3623 τοῦ
2880 3568 3199 3639 Πνεύματος
3235 3570 3539 3638 μεταδόσει.
3583 3574 3651 3625 ’Δ
3695 3574 3791 3627 καὶ
3829 3574 3922 3627 διὰ
3946 3574 4051 3643 τὴν

785 3665 1208 3721 ἐπεισελθοῦσαν
1230 3664 1508 3734 ἁμαρτίαν
1536 3665 1764 3736 ἀπρεπῆ
1788 3669 1854 3736 τῇ
1887 3666 2357 3738 φθορᾷγεγθνότα,
2400 3671 2564 3725 πάλιν
2631 3664 2734 3718 ὑπὸ
2779 3662 2875 3716 τοῦ
2926 3661 3135 3730 ἀγαθοῦ
3182 3662 3498 3733 Πνεύματος
3585 3670 4048 3737 κατακοσμεῖταιν

784 3760 1031 3830 ἀμείνονι
1054 3757 1390 3812 καταστάσει
1423 3756 1523 3827 τῆς
1557 3757 1830 3829 προτέρας
1856 3760 2349 3832 ἁνακαινιζόμενα·
2391 3766 2507 3832 εἴγε
2561 3759 2678 3830 μετ’
2740 3755 2958 3825 ἐκείνην
3026 3754 3124 3825 μὲν
3172 3754 3489 3826 συνετρίϐη,
3540 3758 3681 3827 μετὰ
3750 3758 3809 3812 δὲ
3840 3762 4052 3835 ταύτης

784 3851 1035 3925 ἀνώτερα
1064 3851 1357 3922 συντριϐἦς
1376 3852 1445 3905 τὰ
1481 3851 1642 3922 ἔργα.

856 3944 1147 4013 lntelligis.
1180 3944 1323 3997 inter
1364 3956 1554 3996 servos
1610 3941 2041 4011 computandum
2101 3944 2368 4014 Spiritum

784 4052 897 4093 non
927 4052 1071 4101 esse,
1133 4049 1231 4106 per
1269 4047 1433 4103 quem
1480 4034 1549 4087 ad
1610 4034 2045 4101 prastantierem
2108 4036 2371 4089 anteriori

785 4137 993 4184 statum
1023 4127 1188 4181 homo
1209 4125 1441 4181 eductus
1465 4131 1571 4179 est.
1605 4121 1724 4177 Non
1752 4124 1898 4178 enim
1927 4124 2164 4195 amplius
2192 4141 2221 4179 ιι
2247 4141 2372 4179 cor-

788 4222 1041 4290 ruptione
1066 4218 1445 4280 metuendum,
1482 4232 1647 4287 quam
1681 4216 2098 4287 incorruptione
2119 4234 2219 4288 per
2245 4218 2370 4289 Spi-

791 4316 956 4368 ritum
991 4323 1240 4367 sanctum
1280 4311 1501 4365 inducta
1534 4298 2120 4380 proﬂigavitVerbum,
2146 4319 2201 4365 et
2229 4312 2363 4365 abo-

791 4407 920 4461 levit
952 4424 965 4458 ε
997 4405 1253 4474 idemque
1286 4403 1356 4457 ob
1393 4412 1597 4456 tantam
1627 4402 1908 4456 victoriam
1957 4414 2183 4471 paterno
2207 4403 2361 4457 thro-

789 4515 885 4563 no,
912 4514 944 4551 a
981 4512 1091 4569 quo
1120 4512 1400 4566 nunquam
1426 4496 1678 4550 divulsus
1708 4494 1907 4559 fuerat,
1935 4496 2201 4560 insidens,
2229 4510 2363 4550 con-

2550 3937 2712 4007 Ὁρᾷς
2744 3937 2892 3996 ὅπως
2932 3932 2994 3986 ού
3041 3932 3227 3986 δοῦλον
3276 3932 3335 3986 τὸ
3376 3933 3621 4005 Πνεῦμα,
3655 3937 3719 3991 τὸ
3740 3937 3842 4009 τὴν
3866 3940 4053 3995 κτίσιν

2470 4030 2919 4102 εὐπρεπεστέραν
2972 4031 3240 4097 ποιῆσαν,
3288 4022 3358 4100 ἦς
3414 4029 3726 4101 μετειλήχει
3778 4033 4051 4107 πρότερον

2468 4122 2876 4184 καταστάσεως.
2901 4120 2975 4173 Oti
3005 4119 3115 4190 γάρ
3144 4119 3223 4172 ἔτι
3252 4120 3426 4191 φθορὰ
3461 4122 3601 4175 κατὰ
3626 4123 3829 4194 ταύτης
3852 4131 4047 4196 χωρεῖ,

2464 4218 2543 4289 τῷ
2575 4216 2834 4286 ἁναιρέτῃ
2860 4213 3016 4283 Λόγῳ
3047 4212 3500 4283 προσομιλήσασα
3534 4215 3629 4267 καὶ
3652 4217 4048 4283 καταποθείσα,

2467 4311 2563 4365 καὶ
2585 4310 2653 4364 δι’
2670 4306 2835 4363 αὑτοῦ
2864 4308 2922 4359 ἐν
2946 4305 3085 4375 ἁγίῳ
3133 4303 3413 4375 Πνεύματι
3457 4305 3766 4376 ἀφθαρσίας
3806 4309 4052 4376 ἐγκαινι-

2472 4402 2711 4473 σθείσης.
2754 4401 2852 4462 Ὃς
2875 4398 2967 4450 ἐπὶ
2988 4396 3235 4467 τροπαίῳ
3291 4396 3530 4467 τοσούτῳ
3564 4397 3702 4467 πρὸς
3746 4400 3836 4452 τὸν
3878 4392 3941 4452 οῦ
3975 4402 4051 4473 μὴ

2466 4496 2648 4565 διέστη
2674 4492 2863 4563 θρόνον
2895 4488 3146 4562 πατρῷον
3172 4488 3421 4552 καθίσας,
3441 4492 3537 4542 καὶ
3550 4490 3839 4560 σύνθρονον
3858 4495 4052 4563 Παρα-

790 4590 1002 4647 socium
1067 4588 1398 4642 Paraclitum
1474 4588 1658 4653 misit;
1711 4602 1805 4656 per
1852 4602 2010 4657 quem
2053 4602 2177 4640 cum
2248 4588 2370 4656 ejus

2476 4588 2669 4658 κλητον
2710 4582 3113 4650 ἐξαπέστειλεν,
3172 4580 3289 4651 ἅμα
3355 4582 3454 4651 μὲν
3495 4582 3595 4651 τὴν
3632 4582 3842 4636 ἐκείνου
3892 4585 4053 4650 δόξαν

791 4683 963 4752 gloria
995 4681 1293 4752 pateﬁeret,
1327 4688 1439 4734 tum
1472 4678 1536 4732 ad
1565 4694 1720 4734 suam
1748 4687 1999 4733 creatura
2031 4678 2367 4733 manuduce-

791 4785 946 4827 retur
980 4787 994 4823 :
1032 4771 1347 4841 pariterque
1374 4780 1435 4825 ut
1457 4770 1707 4840 disjectis
1727 4771 1839 4840 jam
1878 4786 1907 4824 a
1931 4773 2219 4842 splendore
2259 4770 2368 4826 Pa-

791 4865 893 4919 tris
918 4864 1216 4933 impietatis
1265 4864 1531 4929 tenebris,
1563 4880 1591 4917 a
1637 4866 2097 4921 consubstantiali
2125 4882 2366 4937 quoque,

790 4964 845 5011 et
894 4956 1238 5011 illuminante
1285 4956 1490 5026 Spiritu
1552 4957 1775 5013 obscuri
1835 4961 2242 5015 illustrarentur
2302 4962 2367 5015 ³⁸.

792 5046 954 5102 Venit
989 5063 1121 5117 ergo
1146 5048 1203 5101 in
1245 5049 1447 5119 linguis
1479 5050 1652 5118 igneis
1672 5054 1946 5119 corporali
1974 5053 2141 5108 simul
2164 5055 2368 5122 specie,

792 5148 847 5195 et
868 5140 1051 5198 divina
1086 5155 1101 5195 :
1132 5142 1235 5197 hae
1278 5142 1495 5211 quidem
1541 5150 1600 5196 ut
1641 5142 1977 5198 divinitatem
2031 5145 2367 5212 ostenderet,

795 5234 934 5287 Deus
962 5234 1104 5288 enim
1135 5244 1308 5287 noster
1337 5235 1472 5303 ignis
1504 5251 1813 5289 consumens
1848 5246 1926 5290 est
1964 5236 2037 5303 ¹⁹;
2095 5237 2186 5290 illa
2219 5252 2365 5303 vero,

796 5336 857 5379 ut
886 5326 1180 5395 congenito
1207 5323 1388 5379 Verbo
1418 5341 1530 5380 rem
1564 5341 1898 5394 congeneam
1928 5334 2132 5394 ageret,
2174 5342 2373 5396 corpo-

797 5418 985 5471 raliter
1022 5431 1318 5487 apparens,
1373 5424 1660 5485 postquam
1695 5416 1762 5469 ab
1814 5433 1879 5471 eo
1919 5430 2120 5485 corpus
2159 5430 2376 5472 assum—

800 5516 950 5579 ptum
976 5510 1170 5563 fuerat.
1230 5505 1289 5561 ln
1339 5506 1540 5577 linguis
1590 5507 1761 5570 venit,
1796 5514 1921 5576 apto
1978 5505 2184 5561 futuris
2212 5507 2377 5563 rebus

801 5603 1128 5672 muigmate;
1164 5610 1223 5655 ut
1251 5611 1410 5655 antea
1442 5601 1496 5653 in
1527 5600 1734 5653 Christi
1761 5599 2085 5669 haptismate
2117 5601 2219 5655 sub
2250 5614 2375 5670 spe-

802 5696 888 5751 (Zc
934 5694 1205 5749 columba
1260 5691 1535 5764 apparuit,
1595 5692 1781 5747 diluvii
1814 5699 2162 5763 peccatorum
2219 5690 2375 5746 ﬁnem

879 5894 919 5927 ³⁷
954 5895 1087 5951 Gen.
1126 5912 1164 5960 ι,
1191 5894 1277 5952 51.
1359 5896 1399 5927 ¹⁶
1426 5895 1592 5953 llcbr.
1627 5910 1664 5961 I,
1697 5897 1749 5952 5.
1831 5895 1871 5925 ”
1904 5893 2065 5951 llcbr.
2146 5910 2242 5959 χιι,
2270 5894 2367 5947 ξίϋ»

2470 4681 2774 4751 τρανῶσαν,
2809 4678 2925 4748 ἁμα
2952 4676 3008 4728 δὲ
3034 4674 3285 4743 καὶπρὸς
3338 4673 3435 4745 τὴν
3484 4675 3692 4728 οἰκείαν
3720 4676 3781 4729 τὸ
3824 4677 4055 4749 πλάσμα

2471 4772 2926 4845 χειραγωγῆσαν,
2988 4768 3083 4822 καὶ
3130 4768 3218 4820 ἵνα
3269 4768 3327 4820 έν
3387 4766 3465 4835 τῷ
3495 4768 3587 4821 τοῦ
3625 4769 3836 4839 Πατρδς
3870 4773 4053 4826 ἁπαν).

2472 4869 2712 4936 γὰσματι
2724 4866 2821 4932 τῆς
2840 4878 2997 4915 σκοτο
3006 4862 3180 4931 μήνης
3196 4860 3294 4929 τῆς
3313 4859 3567 4923 ἀσεϐείας
3580 4862 4051 4931 ἐκκεχωρηκυξας,

2470 4961 2572 5030 ἤδη
2596 4958 2690 5011 καὶ
2713 4958 2770 5010 ἐν
2804 4956 2881 5025 τῷ
2903 4953 3174 5025 ὀμοουσίῳ
3222 4948 3385 5005 αὐτοῦ
3416 4952 3730 5022 φωτιστικῷ
3770 4954 4055 5023 Πνεύματι

2474 5046 2925 5118 καταυγασθῶσιν
2976 5047 3027 5100 oi
3072 5046 3366 5114 ἀλαμπεῖς.
3414 5045 3579 5115 Φοιτᾷ
3608 5044 3663 5097 δὲ
3698 5045 3757 5097 ἐν
3779 5044 4055 5112 γλώσσαις

2477 5142 2739 5213 πυρίναις
2776 5138 3105 5210 σωματικῶς
3153 5136 3290 5208 ὁμοῦ
3332 5136 3429 5189 καὶ
3461 5135 3678 5201 θεῖκῶς,
3700 5136 3776 5207 τῷ
3808 5139 3933 5206 μὲν,
3969 5140 4055 5191 ἴνα

2476 5233 2573 5302 τὴν
2636 5231 2885 5300 θειότητα
2942 5226 3223 5298 γνωρίσῃ·
3261 5226 3386 5295 Πῦρ
3445 5225 3553 5297 γὰρ
3611 5227 3645 5278 ὁ
3694 5227 3838 5292 Θεὸς
3884 5226 4055 5297 ἡμῶν

2477 5323 2961 5378 καταναλίσκον
3012 5320 3090 5390 τῷ
3130 5320 3186 5374 δὲ
3220 5319 3297 5389 τῷ
3333 5320 3585 5387 συγγενεῖ
3624 5318 3781 5389 Λόγῳ
3814 5321 4054 5390 πρᾶγμα

2477 5416 2648 5469 τελῶν
2684 5413 2965 5483 συγγενὲς,
3006 5412 3103 5465 καὶ
3158 5409 3478 5479 ποιούμενον
3526 5409 3623 5479 τὴν
3659 5408 3969 5479 παρουσίαν
3997 5411 4071 5460 ὲν.

2480 5507 2716 5577 σώματι,
2777 5506 2965 5575 ὥσπερ
3012 5506 3217 5567 ἐκεῖνος
3272 5502 3427 5572 ὤφθη
3472 5502 3609 5572 μετὰ
3644 5500 3915 5572 σώματος.
3962 5499 4051 5553 Ἐν

2479 5602 2753 5671 γλώσσαις
2798 5600 2855 5654 δὲ
2904 5600 2962 5652 ἐν
3008 5597 3190 5667 οἰκείῳ
3242 5595 3351 5649 τῶν
3398 5595 3669 5665 ἐσομένων
3708 5593 4050 5666 πραγμάτων

2481 5695 2795 5766 αἰνίγματι·
2830 5692 3018 5763 ὥσπερ
3034 5691 3299 5762 πρότερον
3329 5690 3386 5743 ἐν
3415 5687 3491 5757 τῷ
3530 5685 3866 5758 βαπτίσματι
3886 5702 4049 5759 περι-
