4232 6444
164 464 263 522 152

1041 451 1320 512 ORATIO
1351 450 1524 518 XIII.
1554 472 1620 483 -τ
1657 448 1752 507 DE
1792 446 2104 506 SPIRITU
2140 447 2440 506 SANCTO.

3297 453 3397 516 15I

159 576 357 648 στερᾶς
423 572 704 624 ὠπτάνετο
752 569 880 621 εἴδει
943 567 1040 636 τὴν
1098 565 1249 628 λῆξιν
1306 565 1402 632 τῆς
1454 562 1726 632 ἁμαρτίας
1758 569 1803 620 Α

1758 560 2155 620 Anuntiantis.
2217 561 2295 612 Ita
2344 575 2475 613 vero
2531 561 2584 612 in
2619 560 2864 614 divinum
2920 559 3153 616 Verbum
3204 564 3397 622 harum

156 663 550 732 κατακλυσμοῦ
581 658 996 726 ἀπαγγέλλοντι,
1033 657 1083 708 εί
1115 654 1210 708 καὶ⁵
1245 654 1415 724 ταύτῃ
1460 654 1594 722 πρὸς
1639 652 1729 703 τὸν

155 763 302 813 Θεῖον
353 737 527 823 λόγον
581 753 691 806 τῶν
742 750 1075 821 τελουμένων
1121 747 1449 815 ἀναφέρεται
1484 748 1516 814 ή
1556 744 1726 807 αἰτία,

152 852 464 911 δεικνύντος
483 846 577 900 τοῦ
605 846 864 916 φανέντος
893 841 1082 904 εἴδους.
1104 837 1333 892 ὐτιτοῦ
1367 836 1538 904 Λόγου
1571 837 1727 905 ἔργον

153 946 186 1012 ή
211 942 308 993 τοῦ
344 938 662 1008 ἶΙνεύματος
689 933 930 995 κάθοδος.
960 931 1114 1000 Τάχα
1145 931 1200 982 δὲ
1229 932 1322 981 καὶ
1352 929 1439 980 ἵνα
1467 930 1575 989 τοῖς
1611 945 1730 994 μα-

155 1036 348 1102 Θηταίς
380 1031 480 1100 τὴν
505 1029 614 1081 τῶν
653 1025 1076 1096 ἐπηγγελμένων
1119 1021 1466 1091 ἐκπλήρωσιν
1505 1022 1726 1088 ποιήσῃ,

152 1127 227 1187 ὡς
265 1121 573 1193 συμπαρὼν
613 1122 640 1172 ό
675 1120 845 1186 Λόγος
880 1116 1049 1168 ποιῶν
1073 1115 1261 1186 ὁρῷτο.
1300 1114 1407 1166 Καὶ
1433 1111 1604 1174 διδοὺς
1631 1113 1729 1162 αὑ-

151 1219 266 1277 τοῖς
306 1215 494 1284 ὥσπερ
519 1215 579 1264 τὸ
611 1212 874 1282 πρότερον
903 1206 1204 1276 συμπαρὼν
1223 1205 1391 1257 ἐδίδου
1410 1204 1470 1255 τὸ
1484 1204 1725 1271 Πνεῦμα,

152 1308 345 1360 ἄλλοτε
389 1306 488 1376 μὲν
525 1305 731 1375 ῥήματι
769 1302 933 1372 μόνῳ.
967 1299 1154 1355 ἄλλοτε
1181 1300 1237 1351 δέ
1264 1298 1522 1367 ἐμφυσῶν
1544 1296 1602 1348 τό
1628 1296 1727 1349 δώ-

155 1415 332 1468 ρημα,
367 1393 894 1463 αἰνιγματιζομένης
953 1390 1052 1459 τῆς
1090 1391 1189 1460 οὺχ
1239 1387 1519 1460 ὁρωμένης
1550 1387 1727 1449 αὐτοῖς

156 1489 462 1558 παρουσίας
489 1486 582 1538 τοῦ
605 1485 952 1546 Διδασκάλου,
980 1483 1047 1534 δι’
1062 1475 1134 1534 ῶν
1159 1483 1218 1534 ἐν
1244 1479 1501 1547 γλωσσῶν
1520 1479 1727 1548 σημείῳ

151 1585 250 1650 τῆς
279 1581 430 1642 Θείας
462 1577 799 1647 ἐπληροῦντο
824 1577 1123 1644 δυνάμεως.
1161 1575 1269 1626 Καὶ
1295 1572 1482 1643 μηδεὶς
1504 1574 1728 1640 ἐπιδρα-

155 1674 327 1742 μείτω
361 1669 628 1738 δυσσεϐὴς
659 1669 754 1722 καὶ
786 1668 1032 1737 ἀνόητος,
1061 1666 1155 1719 καὶ
1198 1665 1272 1728 ὡς
1323 1664 1725 1735 θηράματιτοίς

153 1765 467 1833 εἰρημένοις
485 1761 880 1823 ἀνασοϐείσθω,
912 1758 1046 1829 μηδέ
1065 1759 1360 1829 ὀργανικὴν
1387 1774 1508 1810 τινα
1540 1756 1727 1826 χρείαν

155 1855 400 1925 πληροῦν
448 1855 680 1925 ὁριζέτω
725 1853 784 1905 τὸ
827 1852 1069 1921 Πνεῦμα,
1130 1853 1193 1903 ἐκ
1230 1852 1328 1916 τῆς
1366 1853 1424 1903 ἐν
1472 1852 1603 1918 ήμῖν
1634 1848 1726 1900 τοῦ

152 1947 312 2016 λόγου
336 1948 433 2001 καὶ
464 1949 562 2017 τῆς
589 1945 840 2015 γλώσσης
887 1943 1252 2012 σφαλλόμενος
1298 1941 1632 2008 διοικήσεως.
1659 1941 1727 1993 Ἢ

151 2039 296 2092 οὕτω
325 2039 379 2108 γ’
411 2038 478 2092 ἂν
503 2039 562 2090 ού
596 2038 735 2107 μετὰ
764 2038 870 2090 τῶν
903 2036 1216 2104 κτισμάτων
1240 2031 1377 2102 τάξῃ
1399 2032 1458 2085 τὸ
1482 2033 1725 2101 Πνεῦμα,

152 2133 288 2184 ἀλλὰ
315 2130 413 2184 καὶ
437 2131 574 2199 μετά
612 2129 718 2182 τῶν
755 2129 1023 2198 σωμάτων
1045 2145 1057 2157 ·
1105 2126 1199 2180 καὶ
1231 2125 1457 2195 προσέτι
1488 2125 1600 2178 ἄνω
1636 2125 1728 2178 καὶ

153 2224 303 2275 κάτω
335 2221 531 2292 φύρειν
565 2221 625 2272 τὸ
659 2221 767 2273 πᾶν
810 2219 910 2288 τῆς
965 2217 1245 2280 εὐσεϐείας
1286 2217 1724 2284 ἀπονενοήσεται.

152 2315 217 2366 Τί
250 2313 298 2364 δ’
327 2315 362 2381 ἡ
398 2313 550 2383 βιαία
575 2311 733 2380 πνοὴ,
774 2312 808 2380 ἢ
839 2311 937 2381 τὴν
958 2309 1226 2377 σωστικὴν
1257 2309 1500 2378 ταραχὴν
1534 2306 1642 2358 τῶν
1665 2309 1721 2358 ἐν

1835 667 2016 705 rerum
2046 666 2213 704 causa
2245 652 2515 717 refertur;
2556 666 2620 706 ea
2658 653 2831 708 forma
2860 663 3214 718 connotante,
3235 655 3397 713 Verbi

1831 759 1964 813 Opus
2021 757 2145 797 esse
2201 747 2374 798 sancti
2428 744 2664 814 Spiritus
2693 745 3016 800 descensum
3039 747 3103 798 ὀ.
3147 747 3402 804 Fortasse

1831 841 2019 904 etiam,
2050 853 2171 909 quae
2200 837 2486 907 discipulis
2515 839 2865 908 promiserat,
2898 856 3051 896 mens
3091 840 3197 895 fuit
3236 840 3402 911 perﬁ-

1830 950 1984 999 cere;
2014 948 2078 987 ac
2109 932 2252 988 sicut
2283 946 2408 985 cum
2442 933 2574 1001 ipsis
2611 934 2815 1004 degens
2849 933 3111 1001 Spiritum
3167 938 3248 989 eis
3299 936 3403 989 im-

1831 1026 2111 1094 pertierat,
2135 1027 2297 1078 modo
2324 1024 2492 1078 verbo
2517 1034 2752 1090 tantum,
2783 1025 2943 1079 modo
2970 1025 3134 1080 etiam
3163 1026 3401 1096 inspira-

1831 1119 1996 1182 tione,
2031 1119 2104 1172 ita
2139 1135 2284 1173 nunc
2307 1125 2552 1188 prazstat,
2579 1121 2853 1174 occultata
2882 1119 3125 1190 Magistri
3162 1135 3401 1189 praesen-

1829 1211 1926 1270 tia.
1955 1211 2022 1263 ob
2073 1227 2232 1277 quam
2292 1210 2394 1264 sub
2428 1211 2738 1279 linguarum
2771 1212 2939 1280 ﬁgura
2969 1213 3153 1267 divina
3199 1213 3403 1267 virtute

1830 1303 2130 1371 replentur.
2167 1302 2271 1355 Nec
2329 1305 2528 1371 impius
2595 1305 2795 1371 aliquis
2825 1315 3099 1371 occurrat,
3155 1315 3248 1360 aut
3305 1306 3401 1360 de-

1830 1407 2002 1452 mens,
2035 1394 2126 1461 qui
2157 1393 2516 1447 conturbetur
2538 1409 2603 1446 ex
2636 1392 2823 1455 dictis,
2875 1402 2930 1446 et
2978 1408 3164 1448 errore
3199 1395 3267 1448 ab
3298 1411 3401 1449 usu

1831 1484 2047 1552 linguae,
2082 1495 2134 1537 et
2197 1487 2424 1554 loquelae
2479 1494 2680 1538 nostrae
2719 1487 3032 1555 desumpta,
3084 1487 3401 1554 organicum

1829 1575 2059 1629 oliicium
2085 1576 2356 1645 quoddam
2383 1577 2642 1645 Spiritum
2669 1578 2928 1645 perlicere
2954 1579 3211 1646 opinetur
3238 1593 3252 1628 :
3279 1593 3401 1630 nam

1830 1669 1933 1722 hoc
1954 1671 2112 1721 modo
2140 1684 2246 1722 non
2283 1669 2426 1722 inter
2457 1679 2737 1722 creaturas
2767 1677 3000 1730 tantum.
3050 1669 3146 1724 sed
3180 1680 3234 1724 et
3263 1669 3404 1724 inter

1831 1775 2059 1828 corpora
2096 1760 2357 1828 Spiritum
2411 1761 2726 1822 collocaret,
2761 1769 2925 1829 atque
2954 1762 3177 1830 insuper
3231 1763 3405 1832 pieta-

1837 1861 1980 1917 tem,
2034 1867 2097 1906 ac
2165 1853 2477 1922 religionem
2544 1867 2758 1905 omnem
2819 1852 3091 1921 susdeque
3145 1861 3398 1907 verteret.

1833 1942 1975 2009 Quid
2001 1947 2143 1998 enim
2170 1945 2313 1996 aliud
2366 1945 2658 1997 vehemens
2707 1943 2935 2013 spiritus
2975 1943 3198 2009 indicat,
3240 1959 3400 2012 quam

1832 2037 2123 2090 salutarem
2153 2037 2366 2089 illorum
2407 2037 2796 2099 turbationem,
2823 2039 2915 2104 qui
2946 2035 3000 2089 in
3041 2035 3402 2088 incredulita-

1832 2128 1904 2182 tis
1928 2127 2116 2196 pelago
2142 2127 2418 2196 navigant,
2443 2135 2497 2180 et
2524 2141 2552 2178 a
2587 2126 2928 2194 sapientibus
2967 2125 3170 2185 nautis.
3200 2126 3402 2194 quibus

1833 2218 2081 2273 insidens
2124 2219 2408 2272 scientiam
2452 2217 2702 2287 largitur,
2738 2217 2791 2270 in
2819 2227 3031 2287 portum
3075 2218 3402 2287 cognitionis

1834 2305 1928 2359 Dei
1964 2304 2372 2374 perducuntur?

149 2407 216 2475 τῇ
261 2402 513 2476 Θαλάσσῃ
561 2403 658 2472 τῆς
698 2385 884 2463 ἀθετας
940 2398 1322 2466 πλωϊζομένων
1353 2397 1732 2468 καταμηνύει,
1773 2395 1952 2458 καλῶς
1984 2396 2418 2466 ταραττομένων,
2469 2397 2562 2447 καὶ
2596 2396 2730 2466 πρὸς
2771 2395 2862 2448 τὸν
2927 2396 3245 2466 σωτηριώδη
3304 2397 3402 2464 τῆς

151 2495 490 2562 Θεογνωσίας
547 2494 741 2563 λιμένα
791 2492 1179 2562 καταγομένων
1255 2490 1361 2544 ὑπὸ
1410 2490 1519 2542 τῶν
1585 2489 1965 2559 ἐπιστημόνων
2022 2489 2392 2559 κυϐερνητῶν,
2451 2483 2531 2551 οἷς
2597 2488 2984 2559 ἐφιδρυόμενον
3011 2489 3268 2560 δωρεῖται
3302 2491 3401 2560 τὴν

151 2588 472 2656 ἐπιστήμην
491 2604 506 2653 ;

220 2769 294 2822 Τί
323 2767 528 2833 λέγεις,
553 2757 598 2817 ὧ
646 2762 756 2814 τῶν
813 2761 1131 2831 Θαυμασίων
1175 2760 1505 2828 συκοφάντα,
1534 2758 1628 2812 καὶ
1657 2759 1722 2829 τῇ

153 2858 390 2926 ἀπονοίᾳ
414 2859 480 2908 ἐκ
512 2853 682 2924 μέθης
703 2852 1047 2922 δημιουργῶν
1076 2852 1144 2903 τὰ
1192 2850 1503 2920 παράδοξα;
1529 2849 1727 2920 χλεύην

158 2953 290 3020 ποιῇ
311 2949 382 3001 τά
408 2946 692 3015 ὑπερφυῆ;
721 2945 814 2996 καὶ
847 2945 972 3006 τοὺς
996 2943 1406 3014 ἐμφορηθέντας
1436 2942 1528 2995 τοῦ
1559 2941 1730 2994 Πνεύ-

157 3059 332 3111 ματος
367 3042 432 3092 ἐκ
452 3039 550 3107 τῆς
581 3038 681 3107 σῆς
707 3037 1041 3106 εὐθηνούσης
1076 3035 1430 3105 ἀναισθησίας
1469 3034 1529 3087 τὸ
1565 3033 1726 3100 γλεῦ-

1897 2757 2037 2822 Quid
2070 2757 2332 2826 loqueris,
2366 2772 2399 2810 ο
2437 2758 2802 2811 calumniator
2836 2760 3226 2815 miracuiorum
3277 2762 3399 2830 Dei,

1827 2847 2167 2902 incredibilia
2197 2848 2450 2903 ebrietati
2482 2863 2592 2918 pra:
2629 2850 2866 2902 amentia
2906 2853 3194 2906 tribuens?
3226 2854 3398 2909 risum

1829 2941 2088 3004 excitant,
2122 2956 2243 3010 quae
2269 2949 2521 2994 naturam
2554 2944 2860 3011 superant?
2888 2951 2942 2996 et
2971 2943 3176 3012 Spiritu
3208 2955 3400 3002 sancto

1832 3034 2054 3100 repletis
2083 3042 2321 3088 mustum
2343 3034 2620 3088 insensate
2642 3035 2944 3102 exprobras
2962 3039 3027 3102 ³³,
3045 3045 3099 3091 et
3118 3039 3299 3094 ebrios
3321 3039 3405 3092 fa-

155 3152 253 3196 κος
311 3131 601 3201 προφέρων
665 3129 996 3200 μεθύσκεις;
1043 3129 1117 3192 ὡς
1174 3127 1294 3180 λίαν
1335 3127 1399 3179 σὺ
1453 3125 1727 3196 νηφαλίως
1754 3161 1799 3224 C

1754 3161 1799 3224 Ο
1832 3125 1945 3178 cis?
1979 3128 2056 3180 An
2081 3127 2303 3194 quidem
2362 3126 2545 3180 sobrie
2593 3134 2648 3180 te
2678 3127 2869 3188 habes,
2925 3129 3020 3196 qui
3055 3143 3180 3183 cum
3213 3131 3400 3187 videas

154 3228 329 3295 ἔχεις,
351 3226 410 3288 ὃς
439 3225 528 3292 ἐφ’
557 3217 636 3284 οἷς
700 3223 834 3291 ὁρᾷς
879 3221 977 3290 τὴν
1010 3220 1272 3290 πρότερον
1303 3220 1388 3272 σοὶ
1414 3218 1558 3288 μόνῳ
1587 3235 1728 3287 παρ-

155 3316 327 3368 οῦσαν
356 3315 516 3384 χάριν
544 3312 636 3364 τοῦ
667 3311 980 3380 Πνεύματος
1014 3309 1107 3361 ἐπὶ
1123 3310 1304 3361 πᾶσαν
1320 3308 1729 3378 χορηγουμένην

156 3406 363 3473 σάρκα,
401 3404 474 3472 μὴ
509 3402 708 3470 τρόπον
751 3398 1042 3467 περιϐολῆς
1083 3397 1285 3465 ταύτης
1321 3397 1724 3468 περιεχόμενος,

159 3496 300 3565 μηδὲ
334 3494 594 3564 μετανοίᾳ
654 3492 753 3562 τὴν
788 3489 1166 3561 προλαϐοῦσαν
1215 3489 1508 3560 θεομαχίαν
1532 3489 1725 3552 διδοὺς,

157 3589 246 3640 ἵνα
303 3586 378 3655 μὴ
414 3585 572 3637 Θείων
597 3583 813 3654 δωρεῶν
842 3582 1214 3635 πλουτούντων
1242 3583 1457 3651 ἐτέρων,
1482 3581 1532 3636 οἳ
1569 3581 1729 3650 μέχρι

157 3684 254 3736 νῦν
279 3682 512 3750 πένητες
535 3678 964 3747 καθεστήκεσαν,
999 3677 1061 3729 σὺ
1079 3677 1106 3728 ὁ
1129 3676 1293 3730 πάλαι
1322 3675 1542 3738 ταύταις
1563 3674 1730 3727 πλου-

155 3776 288 3835 τῶν,
332 3773 535 3842 ἐρημος
584 3768 989 3839 καταληφθείης
1038 3767 1130 3819 καὶ
1175 3767 1399 3836 ἄπορος.
1435 3767 1571 3831 Ἤδη
1622 3767 1730 3835 γάρ

160 3885 242 3920 σοι
298 3868 436 3935 πρὸς
484 3865 753 3934 ἁνάρῤουν
808 3863 974 3931 χωρεί
1006 3861 1074 3912 τὰ
1104 3859 1292 3930 πρώην
1317 3860 1475 3924 καλὰ,
1503 3861 1597 3912 καὶ
1635 3858 1728 3912 σοῦ

158 3961 313 4012 πᾶσα
338 3958 434 4026 μὲν
462 3956 688 4025 ἐκδημεί
728 3952 925 4022 δωρεά,
968 3954 1077 4004 πᾶν
1120 3952 1160 4003 δ’
1192 3953 1504 4019 ἀφαιρεῖται
1529 3950 1728 4019 τίμιον,

159 4049 286 4102 ἀντὶ
323 4047 382 4100 δὲ
412 4045 508 4114 τῆς
552 4045 814 4114 πρότερον
851 4046 1168 4109 περιουσίας
1196 4041 1305 4094 τῶν
1335 4041 1490 4093 θείων
1528 4042 1728 4109 ἐσχάτη

167 4158 225 4192 σε
258 4138 618 4208 περιστοιχιεί
651 4135 873 4202 ἀπορία.
906 4134 997 4195 Εἰς
1027 4132 1183 4185 τοῦτο
1208 4133 1315 4202 γάρ
1343 4149 1401 4184 σε
1418 4131 1569 4200 φέρει
1597 4132 1654 4182 ὃν
1674 4132 1730 4197 ἐξ

164 4231 341 4302 ἀρχῆς
367 4230 429 4281 ού
454 4230 640 4298 λήγεις
692 4228 884 4296 φθόνον
934 4224 1270 4294 ἐγκυμονῶν,
1326 4224 1416 4276 καὶ
1463 4223 1599 4277 κατὰ
1632 4223 1731 4290 τῆς

166 4327 264 4395 σῆς
297 4321 567 4385 διεξοιδῶν
593 4320 866 4391 σωτηρίας
887 4336 900 4350 ·
933 4319 1022 4388 ὑφ’
1050 4312 1110 4372 οῦ
1129 4319 1219 4371 καὶ
1244 4316 1339 4373 νῦν
1371 4316 1731 4388 στενοχωρούο

168 4434 348 4485 μενος,
385 4416 477 4468 καὶ
507 4413 667 4483 ῥῆξαι
702 4413 862 4466 πάλιν
909 4412 1007 4481 τὴν
1060 4411 1262 4480 συνήθη
1299 4412 1394 4482 τῆς
1439 4410 1730 4480 Θεομαχίας

1833 3213 2071 3283 Spiritus
2099 3217 2332 3285 gratiam
2374 3217 2472 3271 tibi
2512 3217 2613 3272 soli
2655 3218 2782 3271 olim
2834 3219 3015 3272 datam
3073 3221 3127 3275 iu
3183 3237 3399 3276 omnem

1829 3316 2043 3374 gentem
2065 3306 2313 3369 diffundi,
2348 3309 2665 3377 mysterium
2693 3325 2800 3363 non
2838 3309 3117 3381 intelligis,
3145 3328 3246 3366 nec
3282 3328 3402 3382 pte-

1829 3396 2055 3450 nitentia
2113 3396 2404 3451 deicidium
2471 3399 2732 3468 redimis;
2786 3416 2874 3465 ne,
2934 3405 3143 3457 cmlesti
3177 3420 3404 3461 munere

1828 3485 2017 3540 ditatis
2049 3489 2284 3550 caeteris,
2318 3490 2413 3558 qui
2477 3505 2651 3560 usque
2690 3493 2742 3546 in
2781 3493 2884 3547 hoc
2935 3502 3153 3564 tempus
3218 3497 3401 3566 inopia

1829 3578 2236 3644 premebantur,
2289 3589 2345 3633 tu
2378 3581 2550 3647 solus,
2578 3584 2669 3650 qui
2711 3585 2839 3638 olim
2899 3601 2966 3640 eo
2997 3586 3288 3653 fruebaris,
3333 3589 3400 3642 ad

1830 3679 2124 3738 egestatem
2156 3671 2431 3728 damneris
2462 3685 2625 3744 atque
2669 3677 2736 3730 ad
2771 3677 3058 3733 orbitatem
3086 3680 3108 3732 ?
3132 3678 3254 3734 Tibi
3284 3681 3400 3749 jam

1830 3772 2158 3828 praepostere
2187 3763 2493 3833 procedunt
2515 3767 2733 3832 omnia;
2761 3767 3006 3822 aufertur
3035 3769 3230 3836 honor,
3259 3772 3401 3826 dona

1829 3861 2207 3919 evanescunt,
2265 3864 2318 3908 et
2364 3871 2464 3925 pro
2528 3860 2797 3912 anteriori
2849 3875 3030 3914 rerum
3094 3862 3400 3917 divinarum

1832 3946 2108 4000 allluentia
2134 3955 2378 4003 extrema
2403 3951 2692 4017 pauperies
2716 3959 2768 4004 te
2793 3952 3166 4008 circumsistit.
3188 3955 3268 4009 Ad
3297 3955 3400 4010 hoc

1831 4046 1883 4092 te
1919 4039 2118 4108 adegit,
2158 4055 2268 4109 qua
2318 4055 2608 4110 praegnans
2662 4058 2877 4112 semper
2909 4043 3080 4109 fuisti,
3117 4060 3181 4100 ac
3210 4048 3404 4100 etiam-

1831 4146 1959 4184 num
1992 4146 2072 4194 es,
2103 4130 2329 4195 invidia,
2358 4133 2440 4187 vel
2476 4133 2530 4186 in
2572 4143 2715 4186 tuam
2751 4134 2923 4203 ipsam
2959 4137 3188 4192 salutem
3218 4138 3402 4192 insur-

1831 4236 1982 4290 gens.
2015 4221 2097 4273 Ab
2127 4237 2190 4274 ea
2241 4236 2388 4275 nunc
2433 4237 2652 4291 quoque
2700 4225 3070 4290 excruciatus,
3122 4235 3175 4280 et
3205 4242 3402 4298 perpe-

1833 4324 1980 4366 tuam
2027 4311 2246 4366 deicidii
2283 4312 2621 4382 synderesim
2653 4316 2811 4370 novis
2843 4316 3145 4372 sceleribus
3176 4319 3402 4373 abrum-

1833 4419 1961 4472 pere
1994 4404 2258 4474 cupiens,
2303 4408 2638 4473 prmnuntias
2679 4406 3074 4462 homicidarum
3138 4426 3399 4466 manuum

165 4509 331 4561 ὠδῖνα
367 4507 709 4577 βιαζόμενος,
738 4502 1074 4574 προάγγελον
1118 4505 1215 4572 τῆς
1238 4501 1344 4553 τῶν
1376 4501 1727 4571 παλαμναίων
1762 4500 1809 4558 1)
1835 4540 1836 4547 η

1762 4500 1809 4558 1)
1835 4497 2074 4550 scelestae
2109 4496 2260 4551 vocis
2291 4498 2650 4550 contumelias
2682 4498 2908 4553 emittis.
2953 4499 3018 4551 At
3049 4501 3102 4553 in
3138 4509 3191 4555 te
3220 4503 3398 4571 ipsum

164 4598 366 4669 χειρῶν
397 4596 814 4666 ἐπιχειρήσεως,
842 4592 1064 4663 τὴντῶν
1093 4591 1367 4645 δυσσεϐῶν
1392 4591 1609 4661 χειλέων
1634 4590 1732 4644 λοιο

165 4690 352 4759 δορίαν
376 4687 742 4758 προπέμπεις,
787 4683 924 4736 ἀλλὰ
967 4685 1106 4737 κατὰ
1163 4683 1390 4736 σεαυτοῦ
1427 4682 1727 4753 παρατάξῃ.

166 4783 242 4834 Ού
269 4780 380 4849 γάρ
407 4778 486 4830 ἔτι
507 4782 628 4839 τοὺς
651 4776 742 4828 τοῦ
766 4773 1094 4841 Εὑαγγελίου
1117 4773 1372 4844 φοὸήσεις
1398 4774 1728 4845 προμάχους,

169 4872 290 4925 ούδέ
318 4869 420 4938 τῆς
452 4868 551 4938 σῆς
571 4868 825 4929 ἀπονοίας
856 4867 974 4936 ὄψει
1006 4865 1160 4932 λόγον
1190 4866 1561 4934 ποιουμένους,
1599 4865 1732 4919 ἀλλά

168 4966 266 5034 τῆς
297 4961 500 5033 ἀρτίως
539 4957 902 5029 κατελθούσης
950 4960 1035 5011 ἐπ’
1089 4957 1283 5019 αὐτοὺς
1306 4959 1536 5028 πυρίνης
1578 4957 1736 5010 δυνά-

171 5071 318 5124 μεως
364 5051 827 5121 ὑποπλησθέντες,
883 5051 974 5102 καὶ
1027 5049 1237 5120 νηπίων
1298 5049 1484 5117 ἀγῶνα
1515 5050 1605 5102 τὸν
1645 5050 1734 5103 σὸν

167 5145 360 5212 ἀγῶνα
413 5143 744 5212 ποιούμενοι,
787 5142 1197 5211 καταπρήσουσι
1259 5140 1357 5210 μὲν
1394 5141 1645 5194 ἐπιπλέον
1675 5158 1736 5194 σε

168 5234 619 5308 πυρπολούμενον
640 5236 706 5304 τῇ
734 5234 918 5303 μανίᾳ,
950 5235 1047 5302 τῆς
1068 5232 1112 5284 δ’
1142 5231 1419 5295 εὐσεϐείας
1451 5233 1510 5285 τὸ
1537 5233 1737 5301 φέγγος

166 5333 460 5400 ἅπανταχῆ
509 5327 905 5396 ἀναλάμψουσι.
958 5326 1224 5390 Γλεύκους
1279 5325 1388 5379 εἰσὶ
1441 5342 1727 5395 μεμεστω-

170 5423 327 5494 μένοι
349 5439 366 5488 ;
390 5419 668 5474 Πυνθάνου
691 5419 796 5470 τῶν
837 5422 900 5471 ἐκ
931 5419 1193 5489 στόματος
1225 5418 1448 5471 ἐκείνων
1484 5420 1550 5488 τῇ
1581 5417 1726 5470 διδα-

168 5513 374 5582 σκαλίᾳ.
396 5512 892 5582 σωφρονιζομένων,
924 5512 972 5563 οἳ
1011 5511 1256 5580 καθάπερ
1314 5510 1513 5580 ἡδίστῳ
1556 5511 1727 5579 ῥέοντι

167 5607 372 5675 νάματι
399 5603 477 5674 τῷ
503 5604 707 5657 ἐκεῖθεν
757 5604 1089 5674 δροσίζονται
1134 5603 1364 5673 πόματι·
1396 5603 1488 5654 καὶ
1511 5602 1604 5656 νῦν
1632 5602 1730 5671 μὲν

167 5697 264 5760 οὓς
294 5697 428 5766 ὁρᾷς
475 5695 679 5765 δήμους
729 5695 1005 5764 ἀρύονται,
1041 5695 1234 5766 μικρὸν
1263 5696 1306 5748 δ’
1354 5693 1576 5765 ὕστερον
1610 5695 1728 5766 ὂψει

245 5877 293 5906 ⁸ο
321 5873 440 5927 Art.
471 5888 532 5933 II.
563 5872 614 5924 2.
693 5872 733 5902 ²¹
771 5871 904 5926 ibid.
937 5871 1026 5925 5i.

1838 4588 2005 4642 aciem
2041 4589 2270 4643 instruis
2300 4604 2313 4640 :
2347 4603 2452 4641 non
2488 4590 2629 4642 enim
2652 4589 2706 4643 in
2739 4599 3019 4656 posterum
3047 4594 3398 4662 Evangelium

1837 4689 2244 4750 pr0pugnantes
2298 4679 2636 4742 deterrebis,
2711 4682 2803 4735 sed
2865 4682 3192 4737 dementiam
3250 4693 3397 4739 tuam

1837 4771 2281 4837 ﬂoccifacientes,
2314 4782 2368 4826 et
2402 4772 2556 4842 ignea
2589 4772 2790 4828 virtute
2824 4789 2988 4842 super
3023 4776 3170 4844 ipsos
3226 4778 3395 4831 colla-

1839 4880 1936 4933 psa
1964 4865 2172 4934 repleti,
2196 4863 2460 4932 impetum
2490 4872 2638 4917 tuum
2673 4873 2929 4934 tanquam
2956 4882 3247 4935 puerorum
3274 4884 3397 4923 cer-

1833 4965 2015 5011 tamen
2037 4957 2360 5025 despicieut,
2392 4955 2622 5025 ﬁdeique
2647 4957 2826 5012 lumen
2854 4959 3057 5029 ubique
3086 4959 3402 5015 diffunden-

1833 5057 1937 5112 tes,
1971 5056 2022 5102 te
2071 5048 2224 5102 rabie
2248 5048 2360 5117 jam
2387 5047 2654 5116 percitum
2689 5057 2742 5101 et
2775 5050 3082 5116 incensum,
3112 5053 3396 5107 vehemen-

1833 5141 1942 5195 tius
1965 5139 2218 5195 adurent.
2264 5139 2476 5208 Ergone
2519 5139 2643 5195 vino
2675 5144 2902 5194 saturati
2945 5143 3110 5197 sunt?
3139 5159 3235 5198 eos
3268 5160 3395 5214 per-

1833 5241 2076 5298 contare,
2107 5232 2199 5302 qui
2230 5231 2304 5294 ab
2319 5247 2506 5286 eorum
2533 5232 2803 5297 doctrina,
2839 5245 3094 5304 tanquam
3114 5250 3143 5288 a
3170 5237 3392 5304 perenni

1833 5326 1950 5379 rivo
1987 5324 2230 5389 irrorati,
2258 5324 2367 5391 jam
2415 5325 2780 5396 resipuerunt.
2848 5325 2911 5379 Et
2962 5343 3106 5382 nunc
3152 5329 3390 5397 quidem,

1833 5433 1996 5487 quam
2030 5417 2233 5479 cernis,
2267 5416 2480 5470 turbam
2511 5419 2892 5487 erpiscantur;
2925 5419 3073 5473 brevi
3094 5435 3220 5474 vero
3241 5423 3394 5473 inun-

1833 5506 2048 5561 dabitur
2090 5509 2376 5560 universus
2435 5507 2605 5567 orbis,
2670 5507 3071 5577 verborumque
3138 5507 3392 5564 ﬂuctibus

1835 5599 2207 5666 submergetur
2260 5599 2526 5667 impietas.
2577 5597 2726 5652 Talia
2775 5610 2989 5668 praestat
3017 5601 3081 5654 ad
3111 5600 3389 5656 hominum

1836 5692 2264 5751 emendationem
2292 5691 2526 5749 ebrietas
2555 5692 2688 5748 haec.
2713 5692 2756 5749 Ο
2780 5694 2886 5749 Deo
2914 5694 3183 5749 inimicam
3205 5710 3388 5750 amen-
