4232 6444
808 451 911 512 155

2033 443 2316 502 LEONIS
2355 445 2814 506 I‘IIILOSOPHI

3941 437 4048 498 ηδ

801 567 934 621 tiam
967 563 1288 633 resipiscere
1349 560 1644 618 nolentem.
1695 573 1795 613 nec
1825 559 2128 627 quiescere,
2161 572 2224 610 ac
2254 556 2368 610 Sal-
2402 564 2480 614 A'

2515 559 2570 629 ἧς
2599 557 2836 627 βλύσεως
2861 556 3214 629 πληρούμενα
3233 555 3408 610 πάντα
3426 552 3494 606 si
3516 553 3750 622 πέρατα,
3767 554 4048 604 κατακλυρ

803 667 1044 713 vatorein
1081 669 1324 712 nostrum
1348 669 1645 724 agnoscere
1669 655 1680 705 !

2479 650 2714 720 ζομένης
2776 650 2876 718 τῆς
2929 648 3242 711 δυσσεϐείας
3310 649 3422 710 τοῖς
3485 643 3718 712 λογικοῖς
3773 641 4054 712 χεύμασι·

800 754 1035 808 τοσαῦτα
1065 755 1096 820 ἡ
1121 751 1369 819 παροῦσα
1399 750 1492 802 ἐπὶ
1529 745 1892 816 σωφρονισμῷ
1925 745 2021 798 τοῦ
2055 745 2372 815 πλάσματος
2413 746 2571 815 μέθη.
2605 749 2667 799 Ὢ
2692 748 2792 818 τῆς
2834 749 3101 820 θεομάχου
3127 747 3296 818 μέθης
3327 747 3387 798 οὐ
3455 743 3791 814 βουλομένης
3863 741 4052 812 λῆξαι,

802 847 910 900 οὐδ’
944 844 1232 914 ἀνανῆψαι,
1255 841 1396 896 ὥστε
1421 843 1713 910 ἐπιγνῶναι
1733 839 1824 894 τὸν
1854 840 2148 910 ἐληλυθότα
2176 840 2342 892 σῶσαι
2377 841 2682 912 Δεσπότηνί

877 937 1074 992 Verum
1107 952 1225 1002 eos,
1263 939 1354 1006 qui
1395 937 1464 989 ob
1513 935 1773 989 invidiam
1805 949 2000 990 sensus
2055 934 2380 996 amiserunt,

803 1041 970 1099 atque
993 1045 1060 1083 ex
1097 1045 1162 1083 eo
1197 1028 1572 1098 prodigiorum
1601 1028 1792 1082 horum
1827 1028 2184 1094 intelligentia
2216 1027 2386 1079 tiesti~

803 1130 1060 1182 tuuntur,
1103 1119 1420 1188 stupiditate
1476 1133 1574 1172 sua
1602 1119 1784 1187 perire
1811 1120 2082 1172 sinamus.
2115 1115 2225 1172 Nos
2259 1131 2388 1169 vero

805 1228 836 1264 a
895 1211 1106 1282 Spiritu
1167 1219 1362 1264 sancto
1397 1211 1678 1272 vivilieati,
1738 1219 2034 1276 sancteque
2089 1208 2384 1270 iuunutati,

807 1321 930 1358 cum
962 1315 1110 1359 recto
1137 1321 1412 1368 sermone,
1446 1313 1558 1356 tum
1591 1303 1696 1370 piis
1720 1303 1890 1369 gestis
1921 1303 2177 1355 lioiiorem
2213 1301 2387 1365 illiilli,

806 1412 916 1465 quo
983 1395 1184 1464 gaudet
1233 1395 1489 1456 maxime,
1544 1393 1656 1447 Deo
1716 1393 2092 1447 exhibeamus.
2160 1393 2390 1448 Mortuis

807 1487 1100 1542 all'ectuum
1138 1487 1396 1557 operibus
1454 1486 1612 1539 vacui
1665 1484 1875 1546 simus;
1911 1485 2181 1538 vivilieam
2219 1485 2390 1538 virtu-

810 1589 924 1634 tum
958 1579 1251 1634 elﬁcaeiam
1283 1586 1600 1648 operantem
1633 1577 1969 1640 reddamus;
2009 1575 2208 1630 fcetlam
2260 1589 2390 1643 pec-

810 1671 921 1726 cati
965 1671 1161 1725 l'aeiem
1215 1670 1562 1738 .rejieiauius,
1618 1667 1860 1720 divinam
1925 1666 2390 1736 pulchritudinem

811 1777 1176 1819 assumamus.
1214 1761 1452 1814 Abstulit
1483 1758 1808 1830 Unigenitus
1869 1759 2254 1814 intermedium
2289 1759 2394 1812 ini-

2567 937 2727 991 Ἀλλά
2755 939 2864 1008 γὰρ
2885 937 2934 990 οί
2965 937 3064 1000 τὰς
3094 937 3372 1004 αἰσθήσεις
3425 935 3520 988 τοῦ
3550 935 3746 1004 φθόνου
3789 935 3868 1005 τῷ
3895 933 4058 987 πάθει

2483 1031 2898 1102 νενεκρωμένοι,
2931 1029 3022 1082 καὶ
3071 1029 3159 1082 διὰ
3192 1027 3351 1081 τοῦτο
3381 1027 3491 1078 τῶν
3548 1026 3886 1096 τελουμένων
3925 1027 4058 1078 θαυ-

2489 1125 2706 1192 μασίων
2755 1122 3098 1194 ἀφῃρημένοι
3161 1124 3260 1189 τήν
3319 1121 3558 1184 σύνεσιν,
3585 1121 3764 1192 ἔρῥειν
3793 1117 3934 1188 μετά
3961 1117 4060 1183 τῆς

2487 1217 2691 1278 οἰκείας
2714 1217 3066 1284 ἀναισθησίας
3095 1215 3462 1280 ἀφείσθωσαν.
3511 1213 3700 1281 Ἡμεῖς
3723 1211 3779 1265 δὲ
3813 1209 3892 1278 τῷ
3919 1227 4061 1260 παν-

2491 1311 2630 1378 αγίῳ
2662 1308 3086 1374 ζωοποιηθέντες
3116 1307 3416 1374 Πνεύματι,
3473 1304 3630 1375 ἱερῶς
3655 1301 4060 1361 ἀλλοιωθέντεῖ,

2489 1401 2679 1471 ὥσπερ
2701 1399 2880 1468 λόγοις
2905 1399 3254 1468 θεοπρεπέσι,
3301 1398 3443 1451 οὕτω
3475 1398 3571 1450 καὶ
3603 1395 3776 1456 θείαις
3825 1393 4066 1462 πράξεσι

2489 1495 2590 1561 τὴν
2618 1493 2782 1562 τιμὴν
2810 1491 3176 1562 ἐκπληρῶμεν
3199 1488 3366 1558 αὐτῷ,
3489 1486 3860 1557 διαφερόντως
3880 1485 4066 1553 χαίρει

2491 1585 2800 1655 τιμώμενος
2825 1585 3001 1647 όΘεός
3025 1601 3038 1613 ·
3075 1583 3424 1656 σχολάσῳμεν
3454 1583 3562 1634 ἀπὸ
3583 1582 3690 1634 τῶν
3720 1577 3936 1650 νεκρῶν
3957 1575 4066 1628 τῶν

2493 1677 2686 1730 παθῶν
2720 1677 2916 1748 ἔργων.
2951 1677 3309 1746 Ἐμπρακτον
3347 1672 3445 1743 τὴν
3497 1673 3759 1736 ζωοποιὸν
3782 1671 4068 1740 ἐνέργειαν

2493 1768 2601 1821 τῶν
2627 1769 2838 1838 ἀρετῶν
2868 1767 3105 1838 σχῶμεν.
3155 1765 3500 1836 ’Δμείῲωμεν
3527 1764 3626 1834 τὴν
3655 1765 3942 1834 ἀσχήμονα
3969 1759 4070 1830 τῆς

812 1853 1145 1906 mieitiarum
1184 1851 1482 1920 parietem;
1520 1850 1666 1905 Deus
1706 1849 1864 1904 Pater
1899 1865 2086 1920 pacem
2129 1851 2272 1915 iniit,
2294 1848 2396 1903 Pa-
2425 1890 2468 1944 Β

2515 1861 2770 1932 ὶμαρτίας
2801 1861 3044 1931 μορφήν·
3082 1856 3460 1928 μορφωθῶμεν
3483 1857 3583 1926 τὴν
3633 1855 3844 1924 θεοειδῆ
3873 1853 4070 1907 καλλο-

813 1943 1041 1998 raclitus
1093 1943 1515 2010 nos'adoptans
1579 1956 1711 1996 suos
1761 1941 1924 2005 fecit;
1974 1949 2090 1993 tuta
2139 1941 2296 1995 nobis
2336 1950 2391 1996 et

812 2034 969 2089 ﬁrma
1001 2037 1092 2088 ﬁat
1123 2035 1235 2090 haec
1264 2035 1518 2088 allinitas.
1555 2032 1659 2098 Qui
1691 2041 1872 2086 autem
1921 2031 2050 2086 ﬁet?
2081 2031 2392 2103 adoptantis

811 2127 1112 2182 bonitatem
1148 2126 1472 2180 aemulando.
1528 2125 1696 2180 Filios
1724 2139 1850 2180 esse
1897 2131 2168 2180 testemur
2225 2127 2390 2180 rueri-

811 2217 951 2284 hus;
980 2219 1210 2272 invicem
1245 2232 1490 2288 agamus,
1516 2225 1575 2271 ut
1597 2217 1868 2287 benignus
1913 2213 2076 2271 Pater
2105 2217 2390 2272 nobiseum

812 2309 960 2380 egit;
990 2310 1386 2364 humanitatem
1418 2309 1801 2372 exhibeamus,
1830 2309 1921 2378 qui
1953 2315 2162 2363 tantam
2197 2309 2392 2364 huma-

815 2404 1044 2458 nitatem
1089 2403 1435 2467 invenimus;
1471 2417 1539 2454 ne
1585 2401 1882 2456 crudeliter
1905 2399 2139 2466 ,viscera
2163 2415 2393 2470 exaspe—

815 2511 929 2560 res,
957 2496 1054 2565 qui
1081 2510 1193 2550 non
1247 2493 1626 2549 misericordia
1673 2500 1911 2560 tantum,
1943 2506 2053 2562 qua
2085 2492 2392 2562 indigebas,

817 2585 1017 2656 dignus
1041 2599 1101 2640 es
1131 2583 1335 2648 factus,
1377 2587 1475 2640 sed
1523 2585 1644 2640 Filii
1703 2583 1905 2639 ﬁducia
1934 2598 1966 2638 a
1998 2583 2250 2639 clementi
2287 2582 2395 2638 Do-

817 2679 971 2733 mino
999 2685 1218 2748 recepta
1253 2677 1456 2733 limites
1485 2692 1676 2731 omnes
1705 2676 2018 2732 excessisti.
2052 2673 2176 2730 Noli
2206 2690 2392 2744 super-

818 2771 910 2826 hia
932 2769 1137 2834 eﬂerri,
1166 2771 1256 2839 qui
1291 2785 1507 2825 summo
1531 2770 1652 2824 loco
1703 2769 1882 2836 sedes,
1915 2776 2254 2839 praestasque
2291 2783 2398 2822 ea:-

818 2862 975 2926 teris,
999 2877 1103 2916 nec
1131 2861 1325 2932 majori
1353 2861 1538 2917 debito
1567 2862 1892 2926 obstrictus,
1931 2875 2056 2914 eum
2092 2861 2216 2930 plus
2243 2875 2400 2915 accc-

821 2955 992 3026 peris,
1042 2969 1144 3024 pro
1173 2953 1462 3017 beneﬁcio,
1493 2968 1602 3023 quo
1659 2952 1948 3008 devinctus
1993 2965 2075 3016 es,
2131 2951 2392 3020 injuriam

823 3049 1116 3116 rependas.
1153 3046 1304 3100 Illum
1325 3059 1578 3114 sequere,
1607 3045 1702 3116 qui
1742 3053 1802 3099 ut
1830 3045 2102 3113 abjectum
2127 3051 2182 3098 te
2207 3057 2271 3097 ac
2301 3043 2398 3097 de-

821 3155 1074 3210 pressum
1101 3139 1409 3204 extolleret,
1445 3139 1514 3192 ab
1561 3137 1826 3192 immensa
1871 3135 2161 3192 altitudine
2213 3151 2274 3191 se
2301 3136 2398 3190 de-

2499 1956 2615 2025 νήν.
2647 1953 2844 2007 Ἐλυσε
2893 1953 2996 2022 τῆς
3027 1952 3226 2022 ἔχθρας
3259 1949 3322 2003 τὸ
3349 1941 3662 2019 μεσότοιίον
3703 1950 3732 2000 ὁ
3758 1946 4070 2016 Μονογενὴς

2503 2043 2848 2115 μεσιτεύσας.
2877 2039 3264 2110 Κατήλλακται
3289 2038 3319 2089 ὁ
3344 2036 3475 2100 Θεὸς
3501 2038 3596 2090 καὶ
3639 2036 3848 2104 Πατήρ.
3891 2035 4072 2102 [lpos-

2501 2135 2778 2206 ῳκείωσεν
2816 2132 3075 2187 υίοθετῶν
3125 2133 3154 2187 ὁ
3204 2129 3587 2200 Παράκλητος.
3643 2123 3892 2180 Γενέσθω
3937 2125 4072 2194 ἡμῖν

2501 2226 2752 2296 ἀσφαλὴς
2775 2226 2808 2296 ἠ
2839 2225 3132 2286 οἰκείωσις.
3167 2221 3291 2286 Πῶς
3317 2219 3412 2274 οὖν
3439 2219 3771 2289 γενήσεταις
3805 2213 4076 2286 Μιμησώ-

2507 2319 2646 2389 μεθα
2679 2319 2777 2387 τὴν
2811 2316 2906 2371 τοῦ
2939 2314 3304 2384 πεποιηκότος
3329 2313 3565 2376 οἰκείους
3583 2310 3950 2382 χρηστότητα.
3981 2307 4073 2378 Μὴ

2501 2408 2831 2480 ψευσὼμεθα
2873 2408 2972 2479 τὴν
3013 2406 3236 2477 νεότητα
3289 2404 3378 2458 διὰ
3404 2403 3505 2474 τῆς
3549 2401 3659 2454 τῶν
3684 2398 3902 2469 τρόπων
3941 2415 4078 2467 μορ-

2504 2504 2752 2572 φώσεως.
2793 2501 3007 2556 Ἐκεῖνα
3053 2499 3194 2570 πρὸς
3244 2497 3508 2568 ἀλλήλους
3549 2493 3812 2563 ποιῶμεν,
3857 2492 3894 2544 ἃ
3937 2490 4077 2560 πρὸς

2504 2597 2660 2668 ἡμᾶς
2704 2593 3060 2664 ὁοίκτίρμων
3117 2588 3305 2660 Πατὴρ
3350 2585 3682 2649 ἐπεδείξατο.
3739 2581 4078 2650 Μεταδῶμεν

2505 2686 2917 2758 φιλανθρωπίας
2973 2686 3024 2738 oi
3081 2683 3282 2753 πολλῆς
3333 2681 3585 2752 τυχόντες
3627 2675 4074 2748 ‹,’›τ.λανθρ‹ι›πία‹ς⁹

2510 2779 2586 2850 μὴ
2647 2777 2868 2848 κλείσῃς
2923 2773 3261 2844 ἀσυμπαθῶς
3311 2771 3381 2825 τὰ
3432 2770 3715 2839 σπλάγχνα
3751 2767 3880 2838 ὁμὴ
3915 2767 4078 2837 μόνον

2507 2869 2846 2941 συμπαθείας
2895 2863 2962 2938 ἧς
3029 2863 3261 2937 ἔχρῃζες
3301 2861 3623 2934 ἠξιωμένος,
3667 2861 3803 2914 ἀλλά
3851 2861 3949 2912 καὶ
3983 2862 4078 2911 ἐπα

2505 2963 2692 3016 ἐκεινα
2717 2959 3028 3031 τετυχηκὼς
3057 2957 3402 3030 συμπαθείας
3426 2959 3485 3008 ὲν
3510 2955 3588 3025 τῷ
3605 2955 3917 3026 παρρησίαν
3948 2955 4080 3008 Υίοῦ

2511 3055 2647 3125 πρὸς
2674 3053 3055 3124 φιλάνθρωπον
3085 3052 3362 3121 Δεσπότην
3399 3047 3618 3101 λαϐεῖν·
3679 3045 3754 3118 μὴ
3799 3063 4078 3116 κατε-παρ-

2509 3151 2608 3220 θῇς
2669 3150 2698 3201 ὀ
2753 3147 2917 3217 τιμὴν
2965 3147 3074 3198 τῶν
3101 3144 3280 3198 ἄλλων
3327 3143 3634 3214 ὑπερτέραν
3695 3139 3900 3193 λαϐὼν.
3939 3139 4079 3208 Μτ,δ’

821 3233 994 3286 misit.
1023 3231 1166 3301 Opes
1211 3231 1334 3284 illas
1363 3271 1376 3294 ,
1405 3245 1526 3298 quae
1556 3229 1837 3283 beneﬁciis
1880 3227 2147 3282 alliciendi
2172 3237 2402 3282 caeteros
2429 3226 2472 3282 C

2515 3239 2734 3304 ὧιρείλων
2763 3235 2844 3300 οἷς
2876 3237 3025 3306 παρά
3053 3235 3188 3288 Θεοῦ
3243 3233 3405 3287 πλέον
3441 3233 3670 3302 εἴληφας
3709 3231 3872 3284 πλέον
3909 3231 4078 3284 αἰδεῖ-

822 3325 1066 3379 debitum
1128 3325 1225 3376 tibi
1271 3331 1481 3390 creant,
1541 3321 1652 3374 noli
1706 3322 1758 3374 in
1792 3335 1981 3376 eorum
2014 3321 2400 3374 contumeliam

822 3425 1164 3470 convertere.
1213 3411 1342 3468 Jesu
1409 3413 1842 3468 misericordiam
1891 3414 2126 3478 imitare,
2178 3413 2267 3481 qui
2301 3427 2402 3464 non

823 3508 1068 3576 rapinam
1119 3508 1410 3558 arbitratus
1468 3517 1568 3569 est,
1623 3521 1733 3559 esse
1780 3521 1833 3558 se
1868 3505 2122 3574 azqualcm
2153 3505 2285 3571 Deo,
2314 3503 2404 3556 sed

823 3600 1160 3667 semetipsum
1190 3599 1482 3652 exinaniri:
1505 3600 1570 3662 ²²,
1607 3609 1667 3650 ut
1717 3606 1771 3650 te
1807 3595 2213 3650 misericordem
2253 3596 2404 3649 face-

823 3703 926 3747 ret.
949 3691 1170 3754 Eorum,
1194 3706 1315 3759 qua:
1341 3691 1498 3744 nobis
1521 3691 1812 3751 debentur,
1835 3701 2117 3742 exactores
2145 3703 2210 3741 ne
2231 3689 2404 3740 simus

825 3785 1216 3841 inexorabiles.
1249 3784 1374 3837 ldeo
1402 3783 1545 3836 enim
1571 3781 1803 3850 plurima
1835 3781 2188 3834 remittuntur
2222 3779 2403 3842 nobis,

826 3895 896 3935 nc
924 3879 992 3932 ab
1025 3877 1150 3931 aliis
1193 3877 1359 3930 nimia
1419 3876 1708 3928 severitate
1764 3875 2070 3942 exigamus.
2117 3872 2403 3926 Dominum

825 3973 1030 4028 bonum
1073 3971 1408 4033 aemulemur,
1437 3983 1544 4020 non
1569 3981 1786 4021 servum
1820 3965 2048 4030 malum,
2072 3965 2166 4034 qui
2200 3964 2407 4020 dozuiui

825 4079 955 4135 erga
1013 4079 1072 4116 se
1122 4061 1468 4116 clementiam
1523 4073 1632 4112 nou
1665 4058 1932 4122 imitatus,
1993 4071 2096 4110 nec
2125 4071 2244 4109 eam
2280 4070 2406 4121 erga

826 4171 1156 4212 conservum
1182 4153 1470 4214 adhibens,
1491 4152 1639 4220 pium
1668 4149 1950 4203 dominum
1989 4163 2234 4202 severum
2261 4147 2407 4210 fecit,

827 4261 884 4306 et
911 4257 1203 4322 postquam
1231 4259 1354 4315 quae
1387 4246 1491 4299 sibi
1525 4243 1884 4304 debebantur,
1909 4255 2105 4310 aspere
2134 4250 2408 4309 exegerat,

829 4346 1012 4400 omnia
1053 4357 1174 4410 qua:
1197 4339 1452 4402 debebat,
1483 4345 1536 4391 et
1559 4336 1627 4389 ab
1655 4336 1775 4404 ipso
1802 4343 1994 4388 exacta
2020 4341 2172 4388 sunt.
2205 4332 2404 4386 Exem-

829 4434 978 4505 plum
1015 4431 1215 4486 malum
1269 4445 1337 4483 ne
1396 4443 1708 4497 sequamur,
1769 4426 1836 4480 ab
1862 4441 1928 4480 eo
1961 4425 2204 4495 periculo
2255 4425 2411 4478 nobis

831 4535 1106 4583 caventes.
1159 4521 1444 4585 Dimittite,
1472 4519 1649 4589 inquit
1681 4519 1849 4584 enim,
1876 4518 1972 4589 qui
2009 4517 2276 4588 sanguine
2303 4533 2405 4571 suo
2437 4549 2480 4604 Ι)

831 4615 992 4671 nobis
1021 4613 1250 4683 gratiam
1313 4610 1461 4672 fecit,
1487 4619 1536 4663 et
1567 4609 1926 4672 dimitlemini,
1961 4617 2008 4661 et
2047 4617 2212 4662 estote
2255 4609 2408 4661 mise-

833 4707 1088 4766 ricordes,
1138 4707 1274 4758 sicut
1331 4715 1377 4757 et
1433 4703 1596 4757 Pater
1647 4713 1813 4757 vester
1863 4702 2082 4755 cwlcstis
2109 4701 2408 4755 misericors

836 4807 916 4852 est
949 4798 1016 4850 ⁸³.
1051 4794 1354 4866 Pauperem
1385 4809 1546 4862 pasce
1580 4805 1798 4863 propter
1819 4807 1964 4856 eum,
1993 4792 2109 4861 qui,
2151 4803 2206 4845 ut
2241 4801 2291 4846 te
2317 4807 2408 4861 pa-

834 4896 1036 4948 sceret.
1060 4885 1319 4951 esurivit;
1355 4884 1560 4938 nudum
1587 4884 1788 4951 indue;
1825 4899 2013 4938 eorum
2044 4893 2096 4937 te
2130 4883 2404 4948 misereat,

835 4980 930 5050 qui
972 4979 1042 5033 ab
1084 4976 1272 5032 eadem
1303 4992 1488 5037 manu,
1523 4976 1617 5030 sed
1667 4991 1775 5030 non
1821 4975 2007 5029 eadem
2067 4975 2402 5038 eomlitione,

836 5067 1006 5123 creati
1061 5074 1191 5122 sunt
1219 5083 1232 5119 :
1263 5079 1373 5135 quo
1425 5067 1606 5119 minus
1650 5066 1884 5119 aliorum
1929 5064 2140 5136 indiges
2179 5066 2406 5119 misera-

839 5161 987 5216 tione
1013 5160 1093 5221 (si
1121 5169 1302 5213 tamen
1331 5158 1620 5228 quisquam
1646 5167 1750 5222 est,
1781 5159 1873 5228 qui
1905 5159 1958 5212 iu
1985 5161 2086 5212 hoc
2120 5157 2243 5211 vita:
2269 5159 2406 5210 mari

837 5263 949 5307 tam
988 5251 1220 5306 feliciter
1259 5253 1504 5320 naviget)
1535 5265 1600 5304 eo
1633 5253 1804 5321 magis
1843 5249 1894 5303 in
1928 5250 2064 5303 alios
2097 5249 2405 5304 miseratio-

837 5361 964 5402 nem
987 5359 1203 5400 exerce.
1228 5343 1522 5412 Imaginem
1547 5345 1643 5398 tibi
1665 5359 1846 5413 parem
1870 5357 1938 5396 ne
1964 5342 2232 5411 despicias
2257 5341 2405 5410 abje-

837 5449 1007 5502 ctam,
1063 5445 1156 5491 aut
1196 5437 1458 5506 negligas.
1509 5436 1604 5490 Ille
1651 5435 1921 5506 siquidem
1972 5435 2062 5488 Dei
2115 5435 2407 5504 imaginem

841 5531 1091 5586 similiter
1124 5530 1426 5598 praesel'ert,
1457 5529 1706 5599 quamvis
1735 5539 1792 5582 tu
1821 5528 2106 5597 magnifice
2147 5527 2198 5580 in
2230 5527 2408 5580 thala-

840 5626 947 5679 mis
997 5625 1183 5694 degas,
1236 5623 1326 5677 ille
1375 5637 1507 5676 vero
1559 5623 1660 5676 sub
1694 5623 1812 5687 dio;
1861 5621 1991 5690 quin
2045 5619 2410 5688 pulchriorem

841 5719 1076 5775 fortasse
1095 5731 1150 5774 et
1168 5719 1464 5790 archetypo
1495 5717 1840 5782 similiorem,
1869 5725 1926 5771 ut
1943 5714 2122 5773 nudus
2140 5713 2402 5781 Lazarus,

915 5905 962 5935 ”
993 5902 1132 5958 Phil.
1161 5919 1196 5958 ιι
1239 5901 1292 5956 6.
1371 5900 1416 5933 ³³
1439 5897 1576 5954 Luc.
1609 5915 1681 5958 vi.
1721 5899 1809 5952 57.

2509 3331 2653 3394 σθαι,
2683 3331 2747 3383 σὺ
2773 3330 2830 3382 δὲ
2867 3329 3000 3380 διότι
3035 3326 3235 3396 μᾶλλον
3285 3324 3606 3394 εὐεργεσίας
3644 3321 4080 3391 τετύχηκας,διά

2507 3421 2663 3475 τοῦτο
2717 3419 3041 3492 ἐξυϐρίζεις.
3095 3419 3350 3488 Μίμησαι
3402 3415 3494 3469 τὸν
3549 3413 3608 3479 ἐξ
3661 3414 3886 3482 ἀπείρου
3915 3413 4080 3481 ὕψους

2507 3511 2943 3582 καταϐεεηκότα,
2981 3512 3068 3563 ἵνα
3099 3511 3199 3580 τὴν
3234 3511 3331 3579 σὴν
3361 3507 3576 3572 ἀδοξίαν
3607 3509 3812 3576 τιμήσῃ
3833 3523 3848 3537 ·
3873 3508 3948 3574 μὴ
3981 3507 4082 3573 τήν

2506 3605 2592 3675 ἐφ’
2626 3600 2670 3674 ᾧ
2695 3604 2979 3673 περιέπειν
3082 3619 3162 3654 σοι
3191 3601 3316 3662 τοὺς
3345 3599 3770 3668 ἀσθενεστέρους
3800 3597 4080 3660 ὑπόθεσιν,

2510 3697 2763 3771 ἀφορμὴν
2795 3698 2995 3766 ποιήσῃ
3036 3694 3131 3746 τοῦ
3179 3692 3296 3746 κατ’
3322 3691 3544 3744 ἐκείνων
3586 3687 4080 3761 προπηλακισμοῦ·

2512 3794 2748 3862 μίμησαι
2793 3791 2853 3841 τὸ
2895 3785 3070 3857 Ἰησοῦ
3109 3785 3412 3856 συμπαθὲς,
3442 3787 3548 3849 Ὃς
3605 3786 3718 3850 οὐχ
3763 3783 4082 3851 ἁρπαγμὸν

2509 3881 2895 3952 ἡγησάμενος
2917 3879 2980 3932 τὸ
3003 3875 3154 3932 εἶναι
3208 3877 3314 3930 ἴσα
3351 3877 3489 3940 Θεῷ,
3514 3876 3814 3928 ἐκένωσεν
3840 3875 4078 3932 ἑαυτὸν.

2511 3975 2598 4028 ἵνα
2643 3991 2725 4026 σοι
2757 3971 2968 4043 μεταδῷ
2987 3968 3345 4039 συμπαθείας.
3383 3967 3473 4037 Μὴ
3503 3965 3609 4019 τῶν
3631 3967 3710 4026 εἰς
3735 3967 3880 4034 ἡμᾶς
3909 3965 4084 4034 χρεῶν

2512 4063 2876 4135 ἀπαραίτητοι
2915 4059 3200 4129 γενώμεθα
3249 4058 3518 4126 λογισταὶ,
3567 4059 3616 4108 οἱ
3668 4057 3914 4125 ἀπείρων
3942 4057 4084 4108 ὅσων

2512 4157 2820 4226 ἀφειμένοι,
2861 4155 2950 4207 ἵνα
2987 4154 3060 4225 μὴ
3115 4153 3506 4222 ἀπαραιτήτως
3531 4149 3566 4203 ἃ
3592 4149 4088 4218 κεχρεωστήκαμεν

2512 4248 2951 4318 είσπραχθῶμεν.
2985 4247 3089 4299 Τὸν
3147 4244 3347 4314 ἀγαθὸν
3376 4243 3660 4309 δεσπότην,
3709 4240 3844 4292 ἀλλά
3889 4237 3963 4308 μὴ
3991 4238 4084 4289 τὸν

2512 4341 2748 4410 πονηρὸν
2773 4338 2957 4392 δοῦλον
3002 4336 3361 4408 ζηλώσωμεν·
3397 4335 3453 4398 ὃς
3501 4333 3597 4402 τὴν
3625 4331 3761 4402 πρὸς
3795 4331 3957 4383 αὐτὴν
3983 4325 4080 4381 τοῦ

2511 4431 2772 4486 δεσπότου
2825 4427 3052 4499 γνώμην
3100 4431 3162 4481 οὺ
3217 4427 3598 4497 μιμησάμενος
3632 4427 3691 4476 ὲν
3719 4425 3781 4494 τῇ
3818 4422 3958 4492 πρὸς
3983 4419 4080 4473 τὸν

2512 4523 2791 4578 σύνδουλον
2820 4521 3152 4592 συμπαθείᾳ,
3187 4521 3276 4573 τὸν
3308 4519 3465 4571 ἵλεων
3521 4515 3791 4584 αὐστηρὸν
3828 4515 4080 4584 ὼφθῆναι

2516 4615 2738 4683 ἐποίησε
2761 4633 2777 4646 ·
2805 4615 2899 4668 καὶ
2925 4613 3047 4664 ἐπεὶ
3073 4611 3448 4680 ἀπαραίτητον
3474 4609 3708 4660 ἐποιεῖτο
3735 4605 3836 4674 τὴν
3851 4605 4076 4675 εἴσπρα-

2515 4705 2596 4770 ξιν
2625 4705 2734 4758 τῶν
2765 4699 3126 4772 ὀφειλομένων
3177 4701 3344 4770 αὐτῷ,
3380 4701 3560 4753 πᾶσαν
3612 4698 3704 4751 καὶ
3761 4697 3924 4757 αὐτὸς
3967 4699 4080 4748 εἰς.

2515 4797 2761 4867 επράχθη
2823 4794 2924 4865 τὴν
2969 4793 3210 4864 ὀφειλήν.
3238 4793 3331 4860 Μὴ
3378 4793 3705 4863 μιμήσωμεν
3731 4790 3792 4842 τδ
3849 4792 4082 4861 noverim

2515 4887 2835 4957 ὑπόδειγμα,
2857 4887 2945 4940 ἴνα
2982 4887 3056 4957 μὴ
3081 4887 3160 4949 είς
3192 4884 3439 4954 ἀνάγκην
3478 4885 3668 4953 ὁμοίας
3723 4885 4085 4954 καταστῶμεν

2513 4979 2868 5050 εἰσπράξεως.
2907 4979 3113 5046 Ἄφετε
3137 4978 3265 5048 γὰρ,
3289 4977 3453 5046 φησὶν
3479 4978 3506 5028 ὁ
3533 4979 3898 5046 χαρισάμενος
3951 4975 4087 5047 ἡμῖν

2513 5073 2569 5124 ἐν
2603 5071 2679 5140 τῷ
2733 5069 2897 5124 αὑτοῦ
2959 5070 3174 5139 αἵματι,
3225 5069 3319 5121 καί
3365 5067 3728 5137 ἀφεθήσεται
3768 5067 3952 5134 ὑμῖνο
3984 5067 4082 5121 καὶ

2513 5165 2754 5233 γίνεσθε
2783 5162 3152 5231 οἰκτίρμονες
3187 5159 3390 5228 ὥσπερ
3413 5161 3512 5212 καὶ
3554 5163 3586 5214 ό
3617 5160 3820 5227 Πατὴρ
3851 5157 4027 5228 ὑμῶν·
4055 5163 4086 5213 ό

2514 5256 2789 5324 οῆρὰνιος
2815 5255 3128 5324 οἰκτίρμων
3171 5254 3324 5308 ἐστ-ἰ.
3369 5252 3580 5323 Θρέψον
3619 5251 3827 5321 πένητα
3869 5251 3962 5304 διὰ
3999 5250 4088 5302 τὸν

2515 5346 2602 5397 ἵνα
2636 5363 2691 5396 σε
2725 5345 2898 5418 θρέψῃ
2965 5345 3316 5414 πεινήσαντα.
3350 5341 3618 5414 Περίῦαλε
3663 5343 3870 5412 γυμνόν
3891 5357 3906 5371 ·
3957 5359 4089 5411 συμ-

2517 5437 2762 5506 πάθησον
2822 5437 2908 5504 ἐφ’
2955 5433 3034 5499 οἷς
3091 5435 3221 5505 ὁρᾷς
3248 5435 3337 5488 τὸν
3373 5434 3574 5505 ὁμοίως
3605 5435 3688 5487 σοὶ
3719 5437 3786 5506 τῇ
3817 5435 3958 5504 αὐτῇ
3996 5433 4088 5502 δη-

2521 5527 2922 5598 μιουργηθέντα
2983 5527 3210 5599 παλάμῃ
3255 5529 3351 5597 οὐχ
3401 5525 3604 5596 ὁμοίως
3655 5525 3898 5588 ἀνέσεως
3949 5527 4086 5578 ἀπο·

2515 5619 2766 5673 λαύοντα.
2823 5619 3040 5674 Μᾶλλον
3094 5618 3150 5672 δὲ
3182 5619 3304 5672 ὅσον
3350 5617 3510 5682 αὐτὸς
3543 5619 3602 5670 οὺ
3641 5617 3860 5688 χρῄζεις
3885 5617 4106 5687 ἑτέρων·

2519 5713 2881 5784 συμπαθείας,
2915 5713 2966 5766 εἴ
2996 5713 3058 5782 γέ
3103 5729 3188 5777 τις
3241 5711 3412 5776 οὕτως
3440 5711 3736 5782 εὐπλοῆσαι
3776 5710 4083 5784 τεθάρῤηκε
