4232 6444
165 428 262 495 157
929 426 1211 487 ORATIO
1237 428 1390 487 XIV.
1424 428 1589 487 -lN
1630 430 1692 487 B.
1735 429 1999 489 MARIIE
2032 430 2641 493 ASSUMPTIONEM.
3326 436 3426 502 158

160 544 251 597 τοῦ
305 542 425 613 βίου
484 544 553 613 τῇ
617 542 797 613 ἅλμη,
846 541 1100 594 τοσοῦτον
1156 539 1499 610 συμπαθείας
1535 542 1741 612 ἑτέροις
1770 553 1816 603 Α

1770 553 1816 603 Α
1843 552 1899 596 et
1929 542 2023 612 qui
2061 542 2227 613 bysso
2254 547 2637 611 amicicbatur,
2678 558 2974 606 testantur.
3027 549 3107 604 Ita
3141 566 3242 607 nos
3276 553 3424 622 ipsos

162 636 395 707 μετάδος
418 651 434 666 ⁸
480 636 557 706 μὴ
582 636 841 706 παρίδῃς,
889 633 1024 703 μηδὲ
1061 634 1487 705 καταφρονήσῃς
1514 633 1613 701 τῆς
1658 649 1740 685 σοι

1849 632 2279 699 conformantes,
2310 635 2627 693 aiiinitatem
2658 654 2783 693 eum
2816 640 2979 696 Patre
3004 657 3424 709 servemus,nec

158 728 429 799 όμοτίμου
486 728 834 799 ἐρριμμένης
861 726 1088 789 εἰκόνος.
1113 724 1291 778 Εἰκών
1325 726 1439 777 ἐστι
1469 724 1563 776 καὶ
1587 716 1741 787 οὗτός

1850 738 1879 776 a
1912 724 2145 780 ﬁliorum
2186 726 2448 794 dignitate
2486 731 2808 788 deﬁciamus
2856 750 3119 805 unquam.
3153 734 3426 792 Reconci-

162 837 241 872 σοι
309 819 715 889 παραπλησίως
767 815 925 881 Θεοῦ,
967 817 1015 871 ει
1042 816 1135 869 καὶ
1177 816 1205 868 6
1248 814 1445 885 μὲνέν
1492 813 1741 885 ὑπαίθρῳ

1850 815 2033 871 liatori
2085 818 2243 884 Filio,
2304 831 2356 875 et
2402 839 2502 878 nos
2546 834 2806 896 tanquam
2858 824 3056 884 fratres
3108 830 3425 901 excipienti,

157 914 451 983 ἔρριπται,
482 914 547 966 σὺ
582 911 641 964 δὲ
669 912 731 962 ἐν
760 910 1024 980 θαλάμοις
1074 907 1364 978 ⁴ιιιολυωρεῖ.
1397 906 1507 959 Καὶ
1530 906 1658 970 ῐσως
1676 923 1741 974 γε

1850 920 2001 977 tunc,
2033 920 2093 967 ut
2120 928 2219 982 par
2239 922 2343 978 cst,
2378 914 2802 974 famulabimur:
2826 931 2955 975 tunc
2975 920 3303 979 Paraclitum
3336 941 3425 980 re-

158 1005 477 1075 ὁμοιότερον
496 1004 556 1057 τὸ
586 1003 681 1056 τοῦ
712 1003 1022 1073 ἀρχετύπου
1048 1000 1244 1064 κάλλος
1263 1000 1483 1071 ἔχουσα.
1512 999 1620 1053 Καὶ
1646 998 1742 1051 τοῦ

1843 1004 2245 1058 conciliationis
2278 1004 2475 1075 pignus
2505 1008 2837 1065 de’fercntem
2863 1015 3129 1077 colemus,
3174 1030 3279 1069 non
3306 1019 3426 1071 sine

155 1099 317 1167 λόγου
359 1096 662 1168 μαρτύριον
692 1099 719 1149 ὁ
772 1096 979 1167 γυμνὸς
1013 1096 1287 1166 Λάζαρος,
1317 1095 1412 1147 καὶ
1438 1096 1465 1147 6
1493 1095 1589 1164 τὴν
1612 1093 1744 1163 βύσ-

1845 1095 2051 1151 honore
2102 1108 2329 1159 nostro,
2389 1114 2454 1153 ac
2492 1101 2690 1168 salute,
2751 1115 2970 1174 propter
3022 1122 3187 1178 quam
3240 1111 3425 1162 omnia

158 1208 250 1244 σον
285 1190 759 1260 ἐνδεδυσκὸμενος.
806 1189 964 1242 Οὕτω
999 1187 1397 1256 διασωσώμεθα
1454 1187 1551 1256 τὴν
1607 1185 1745 1258 πρὸς

581 1207 759 1260 μενος.
806 1189 964 1242 Οὕτω
999 1187 1397 1256 διασωσώμεθα
1454 1187 1551 1256 τὴν
1607 1185 1745 1258 πρὸς
1845 1198 2064 1253 peracta
2100 1198 2247 1246 sunt.

154 1286 247 1338 τὸν
281 1284 506 1355 Πατέρα
569 1283 900 1351 οἰκειότητα.
937 1281 1213 1343 Τοιούτοις
1258 1283 1604 1352 χαρακτῆρσι
1626 1278 2105 1351 διαμορῳώσαντες
2148 1283 2411 1347 ἑαυτοὺς,
2486 1286 2560 1357 μὴ
2629 1286 2963 1359 ψευσώμεθα
3020 1291 3117 1361 τὴν
3181 1293 3422 1360 υἱότητα.

157 1378 319 1433 Οὕτω
349 1380 478 1441 τοὺς
508 1378 774 1447 ἀδελφοὺς
802 1379 951 1448 ἡμᾶς
1001 1375 1452 1447 προσλαϐόμενον
1504 1377 1597 1429 καὶ
1627 1375 2149 1442 ἀποκαταλλάξαντα
2184 1380 2316 1435 Υίὸν
2363 1382 2792 1452 θεραπεύσωμεν
2812 1403 2827 1415 ·
2871 1385 3013 1439 οὕτω
3079 1392 3171 1440 τὸν
3200 1406 3426 1458 κεκομι-

157 1473 300 1527 κότα
346 1473 445 1541 τῆς
496 1470 849 1539 καταλλαγῆς
877 1470 939 1523 τὸ
992 1470 1256 1540 ἐχέγγυον
1294 1470 1654 1541 Παράκλητον
1698 1472 2041 1542 τιμήσωμεν,
2079 1476 2146 1543 τῇ
2177 1474 2384 1528 ἐαυτῶν
2444 1479 2577 1546 τιμῇ
2634 1479 2727 1532 καὶ
2792 1479 3058 1550 θεραπείᾳ
3115 1482 3208 1535 καὶ
3248 1501 3427 1555 σωτη-

160 1566 274 1639 ρίᾳ,
329 1566 399 1619 δι’
427 1565 495 1635 ἢν
517 1563 737 1616 ἅπαντα
782 1564 1148 1633 οἰκονομεῖται
1172 1563 1265 1616 καὶ
1302 1565 1619 1633 πράττεται.

240 1658 407 1723 Ἀλλ’,
437 1650 484 1709 ὧ
517 1655 774 1727 σύνθρονε
826 1655 904 1725 τῷ
928 1655 1107 1725 Πατρὶ
1148 1654 1346 1726 καὶτῷ
1373 1656 1534 1725 Λόγῳ
1561 1655 1747 1725 Παρά-

1914 1658 2093 1726 Atque
2123 1658 2259 1725 haec,
2300 1676 2334 1714 ο
2368 1664 2855 1721 consubstantialis
2885 1668 3034 1722 Patri
3060 1678 3114 1724 et
3151 1668 3295 1726 Filio
3322 1672 3425 1726 Pa-

155 1751 347 1822 κλητε,
376 1746 633 1801 τοσοῦτον
670 1747 770 1817 μὲν
796 1745 897 1817 τὴν
929 1746 1027 1817 σὴν
1082 1746 1379 1817 ἐπιδημίαν
1407 1747 1587 1815 τιμῶν
1608 1749 1637 1800 6
1657 1748 1746 1801 λό-

1843 1746 2056 1813 raclite,
2086 1749 2142 1802 in
2171 1748 2441 1806 adventus
2476 1754 2555 1806 tui
2590 1754 2848 1809 honorem
2873 1756 3017 1812 dicta
3049 1759 3185 1815 sint.
3218 1759 3299 1816 Tu
3327 1778 3427 1817 au-

154 1860 253 1911 γος
285 1840 479 1912 ἐχέτω.
516 1838 589 1892 Σὺ
615 1838 662 1892 δ’
692 1839 826 1908 ἡμῖν
851 1837 930 1909 τῷ
953 1838 1031 1909 σῷ
1064 1837 1380 1909 ἡγεμονικῷ
1396 1838 1489 1891 τὸν
1501 1838 1747 1909 ἡγεμόνα

1845 1846 1955 1893 tem
2008 1839 2349 1895 intellectum
2391 1853 2640 1897 nostrum
2703 1843 2873 1900 ductu
2904 1853 2999 1902 tuo
3028 1863 3177 1918 rege,
3220 1862 3274 1905 et
3295 1867 3428 1907 con-

155 1931 285 1986 νοῦν
344 1930 643 2002 στηρίζοις,
688 1929 823 2000 μηδὲ
876 1930 976 2001 τὴν
1018 1929 1124 1982 ὑπὸ
1179 1928 1273 1981 σοῦ
1326 1928 1746 2000 ἀπεληλαμένην

1845 1930 2030 1998 ﬁrma;
2089 1933 2330 1990 tenebris
2386 1950 2417 1988 a
2449 1943 2504 1990 te
2537 1937 2667 1992 olim
2724 1937 2973 2008 disjectis
3006 1939 3158 1993 illum
3190 1941 3428 1997 circum-

158 2026 527 2097 σκοτόμαιναν
593 2027 735 2098 ἐῴης
785 2026 950 2079 αὑτοῦ
1003 2024 1394 2095 καταχεῖσθαι,
1460 2026 1593 2097 μηδὲ
1641 2027 1741 2098 τὴν
1772 2064 1816 2120 Β

1772 2064 1816 2120 Β
1846 2022 2003 2079 fundi
2054 2042 2337 2095 nunquam
2382 2028 2690 2096 permittas,
2724 2046 2826 2085 nec
2859 2032 2915 2084 in
2945 2030 3034 2098 iis,
3065 2047 3188 2101 qua:
3217 2033 3272 2087 in
3307 2033 3426 2091 dies

154 2116 441 2187 ἐνέργειαν
473 2116 728 2185 σφάλλειν
777 2118 847 2171 ἐν·
862 2117 1031 2171 παντὶ
1057 2118 1157 2188 μὲν
1185 2118 1328 2171 κατὰ
1350 2118 1442 2171 τὸν
1470 2117 1584 2189 βίον
1612 2120 1735 2173 ἐπι·
1774 2116 1808 2120 ”

1774 2116 1808 2120 “
1845 2119 1978 2187 agit,
2023 2117 2316 2184 aberrare;
2368 2123 2638 2190 priecipue
2664 2138 2793 2177 vero
2844 2122 2900 2177 in
2930 2124 3222 2181 mundana:
3246 2129 3423 2194 navis,

154 2214 475 2283 χειρήματι,
508 2209 744 2280 μάλιστα
770 2210 828 2263 δὲ
862 2211 1012 2280 ἐνίτῇ
1037 2209 1369 2281 κυϐερνήσει
1410 2209 1509 2281 τῆς
1538 2227 1735 2280 κοσμι-

1845 2222 2011 2277 quam
2064 2209 2225 2264 nobis
2254 2211 2606 2276 commisisti,
2637 2214 2922 2283 regimine.
2966 2214 3214 2279 Omens,
3259 2234 3293 2273 ο
3336 2234 3426 2272 sa-

154 2304 258 2373 κῆς
286 2301 536 2365 ὁλκάδος,
566 2301 634 2373 ἢν
672 2303 806 2373 ἡμῖν
856 2301 1213 2373 ἐνεχείρισας.
1254 2297 1326 2354 Ὦ
1370 2302 1483 2369 νοῦ,
1513 2306 1608 2356 καὶ
1643 2320 1736 2356 σο-

1843 2295 2067 2365 pientia,
2107 2310 2141 2352 ο
2169 2307 2359 2353 sancte
2385 2297 2647 2368 Spiritus,
2683 2310 2878 2355 natura
2912 2316 3043 2368 una,
3072 2318 3308 2373 regnum
3336 2307 3424 2361 iu-

154 2396 273 2463 φία,
304 2396 402 2449 καὶ
427 2394 654 2466 Πνεῦμα
684 2395 971 2463 πανάγιον,
1019 2393 1055 2464 ή
1097 2393 1195 2464 μία
1227 2393 1409 2463 φύσις,
1441 2396 1475 2465 ἡ
1496 2395 1738 2465 ἄτμητος

1844 2388 2140 2455 divisibile,
2158 2391 2319 2462 cujus
2349 2393 2589 2460 potentia
2618 2394 2939 2451 indeticiens
2959 2406 3067 2463 est,
3092 2398 3293 2454 mentis
3315 2402 3424 2455 vim

154 2487 430 2558 βασιλεία,
454 2481 522 2558 ἦς
555 2489 615 2540 τὸ
632 2487 834 2558 κράτος
871 2483 1113 2546 αἰώνιον,
1137 2484 1282 2538 δίδου
1307 2486 1443 2554 πρὸς
1461 2485 1553 2539 τὸν
1576 2486 1741 2554 ὄγκον

1838 2480 2038 2554 largire
2068 2499 2167 2553 pro
2194 2499 2377 2539 rerum
2401 2487 2565 2551 mole,
2592 2502 2822 2557 eosque,
2859 2504 3097 2559 quorum
3134 2490 3294 2547 nobis
3321 2508 3422 2546 cu-

150 2578 259 2631 τῶν
284 2578 744 2649 ἑγχειρισθέντων
776 2578 872 2631 καὶ
901 2575 1012 2631 τῶν
1033 2575 1288 2631 ἐπινοιῶν
1315 2577 1415 2647 τὴν
1435 2577 1740 2647 ἀντίληψιν,

1838 2589 1956 2629 ram
1987 2577 2290 2643 tradidisti,
2313 2578 2604 2634 nobiscum
2638 2596 2791 2651 rege;
2819 2591 2879 2636 ut
2911 2586 3147 2653 papulus
3176 2595 3308 2642 tuus
3330 2603 3426 2659 per

150 2671 303 2739 ᾰγων
336 2673 437 2725 σὺν
451 2673 583 2741 ἡμῖν
604 2670 700 2723 καὶ
727 2669 931 2724 διέπων
953 2663 1030 2723 ὧν
1056 2670 1153 2739 τὴν
1178 2671 1502 2723 ἐπιστασίαν
1520 2670 1746 2740 ἐπέτρε-

1838 2685 1943 2726 nos
1971 2669 2218 2727 directus
2247 2686 2375 2726 cum
2436 2671 2691 2739 adversa,
2722 2689 2845 2744 qua:
2898 2677 2986 2732 hic
3013 2680 3297 2745 eveniunt,
3333 2683 3426 2737 de-

149 2764 277 2831 ψας,
315 2764 409 2817 ἵνα
436 2763 626 2829 δεξιῶς
650 2762 744 2829 ὑφ’
766 2760 923 2833 ἡμῶν
950 2763 980 2815 6
1016 2760 1106 2823 σὸς
1129 2759 1441 2828 περιούσιος
1470 2759 1597 2822 λαὸς
1620 2761 1743 2812 ἐπι-

1840 2762 2031 2827 clinet,
2051 2771 2166 2817 tum
2192 2763 2261 2817 ad
2291 2764 2572 2820 caelestem
2597 2764 2910 2822 felicitatem
2940 2774 3241 2838 perveniat,
3260 2789 3424 2844 quam

148 2855 559 2926 τροπευόμενος
587 2895 603 2920 ,
662 2854 757 2907 καὶ
830 2854 940 2909 τῶν
1010 2850 1250 2906 ἐνταῦθα
1317 2851 1739 2922 συμπιπτόντων

1844 2854 2055 2909 utinam
2110 2870 2518 2927 consequamur
2550 2874 2740 2913 omnes
2790 2862 2968 2931 gratia
2990 2872 3044 2917 et
3090 2863 3425 2935 benignitate

152 2947 366 3000 σκαιῶν
392 2946 469 3017 μὴ
496 2946 705 3019 πειρῶν
735 2945 845 2999 τῶν
871 2944 1239 3015 πραγμάτων,
1268 2945 1362 2997 καὶ
1395 2943 1495 3012 τῆς
1526 2944 1737 2998 ἐκεῖθεν

1844 2953 1960 3011 tua,
1996 2957 2053 3000 ut
2085 2946 2195 3002 illic
2240 2962 2557 3019 supremam
2598 2949 2941 3006 divinitatem
2987 2964 3135 3008 tuam
3170 2957 3424 3011 laudibus

160 3039 429 3109 μετάσχοι
454 3038 562 3092 τῶν
613 3038 804 3104 δεξιῶν
838 3036 1212 3101 ἀπολαύσεως,
1238 3032 1307 3108 ἦς
1330 3035 1738 3107 ἀπολαύσαιμεν

881 3036 1212 3101 πολαύσεως,
1238 3032 1307 3108 ἦς
1330 3035 1738 3107 ἀπολαύσαιμεν
1843 3040 2162 3109 perenniter
2188 3042 2552 3096 cumulemus.

155 3135 400 3196 ἅπαντες
417 3134 485 3205 τῇ
529 3135 595 3204 σῇ
642 3132 826 3203 χάριτι
885 3130 981 3184 καὶ
1019 3130 1369 3202 χρηστότητι,
1393 3130 1553 3183 κάκεῖ
1576 3131 1677 3200 τὴν
1700 3132 1798 3203 σὴν
1843 3131 2159 3198 δοξάζοντες
2184 3134 2445 3206 θεαρχίαν
2480 3137 2560 3199 εἰς
2588 3136 2715 3199 τοὺς
2746 3138 2973 3201 αἰῶνας.

776 3276 994 3329 ΛΟΓΟΣ
1037 3276 1133 3328 ΙΔ’.
1764 3257 1807 3318 C
2430 3276 2447 3331 ί

1764 3257 1807 3318 C
2430 3275 2687 3335 ORATIO
2718 3278 2860 3335 XIV.

170 3392 407 3463 ’σμιλία
448 3390 680 3466 είς-τὴν
710 3386 1147 3466 κοίμησιις-τῆς
1197 3401 1493 3466 stata-ria?
1531 3389 1739 3466 930(6-

1847 3385 2086 3466 Ηοπιὶίὶα
2110 3390 2165 3442 in
2185 3401 2544 3466 sacrosanctw
2572 3391 2833 3459 Deipara’,
2861 3410 3166 3465 semperque
3205 3398 3428 3466 virginis

228 3457 344 3518 ἆιου
392 3464 490 3535 καὶ
530 3457 925 3535 ἀειᾳτᾳρθέιςου
973 3462 1240 3535 Μαρίας-ί
1296 3457 1392 3509 ὅτε
1446 3459 1563 3509 ἀπὸ
1595 3457 1740 3535 ,τῶν

1916 3458 1970 3511 Μ
1979 3461 2111 3535 ariae
2143 3460 2581 3535 obdorntitionem
2611 3480 2629 3516 :
2661 3457 2915 3532 quandoe
2936 3457 3159 3520 terrenis
3190 3457 3429 3521 caditcis-

229 3533 509 3601 ἐπιγείων
542 3532 638 3584 καὶ
668 3527 985 3601 ἐπικήρων,
1023 3529 1092 3601 ἐν
1142 3527 1272 3601 ταῖς
1322 3527 1740 3601 Ξαεινοτᾲτιιις

1915 3546 2032 3598 que,
2080 3532 2131 3583 in
2164 3532 2564 3591 illustrissimus
2607 3527 2681 3585 et"
2715 3537 3043 3589 immortales
3074 3539 3322 3592 cazlorum
3356 3556 3430 3595 se-

231 3597 350 3658 καί
370 3602 692 3670 ἀκηράτοις
722 3600 941 3667 λήξεσι
982 3597 1103 3651 τῶν
1142 3597 1415 3665 οὐρανῶν
1458 3600 1736 3667 μετέστη.

1381 3614 1415 3651 ν
1458 3600 1736 3667 μετέστη.
1920 3597 2010 3655 des
2044 3606 2308 3656 translata
2339 3612 2438 3656 est.
2474 3605 2707 3674 Augusti
2737 3609 2938 3660 mensis
2966 3607 3052 3660 l3.

228 3675 416 3746 Μηνὸς
444 3673 754 3743 Αὐγούστου
786 3679 863 3724 ιε’.

1370 3784 1624 3847 (Comes.
1662 3785 1884 3837 Auctar.
1922 3783 2026 3835 col.
2073 3781 2252 3852 I754.)

230 3882 458 3952 Μητρὸς
495 3880 630 3933 θεοῦ
680 3879 873 3951 ἑορτὴν
915 3880 1188 3952 τιμῶμεν.
1230 3882 1363 3936 Ποία
1392 3881 1614 3949 γλῶσσα
1648 3882 1745 3949 τὴν

1731 3898 1745 3930 ι
1927 3878 2017 3932 Dei
2063 3879 2250 3933 Matris
2299 3879 2495 3934 festum
2546 3880 2692 3935 diem
2740 3880 3101 3935 honoramus.
3159 3886 3229 3935 At
3281 3899 3402 3953 quae

158 3978 331 4048 τιμὴν
385 3974 660 4042 ἐξισώσει,
716 3975 852 4044 πρὸς
894 3974 993 4044 τὴν
1041 3975 1198 4040 ἀξίαν
1229 3975 1327 4026 οὐκ
1362 3974 1614 4026 ἐνδέουσα
1647 3975 1744 4043 τῆς

1852 3972 2098 4039 qualisve
2154 3972 2360 4041 lingua,
2416 3973 2565 4027 illius
2616 3989 2735 4043 quae
2785 3974 3097 4027 celebratur
3144 3974 3426 4040 honorem,

159 4066 621 4137 εὐφημουμένηςς
659 4066 965 4136 Δεσποτικὴ
1003 4066 1096 4119 καὶ
1126 4065 1221 4118 νῦν
1272 4065 1568 4117 ἐκτελεῖται
1604 4082 1741 4116 παν-

1852 4082 1951 4136 pro
1981 4067 2153 4136 ipsius
2187 4068 2448 4138 dignitate
2481 4082 2544 4121 ac
2580 4068 2787 4122 meritis
2819 4067 3125 4135 exaequabit
3153 4067 3177 4119 ’ἒ
3210 4067 3273 4121 Et
3300 4084 3429 4121 vero

157 4162 362 4232 ἡγυρις
385 4175 399 4189 ⁸
430 4160 464 4229 ὴ
496 4160 606 4229 γὰρ
637 4158 855 4211 πάντων
882 4157 1219 4220 δεσπόζουσα
1249 4160 1475 4230 χορηγεῖ
1496 4157 1594 4227 τὴν
1614 4156 1747 4209 ὑπό-

1842 4160 1954 4229 jam
1992 4175 2208 4229 quoque
2258 4158 2534 4212 Dominica
2579 4160 2715 4221 dies,
2761 4174 2823 4213 ac
2869 4158 3189 4214 solemnitas
3226 4162 3425 4230 agitur.

159 4254 331 4305 θεσιν.
371 4251 469 4313 Τίς
498 4250 652 4317 λόγος
676 4250 752 4320 τῷ
776 4249 993 4319 μεγέθει
1024 4254 1225 4317 ταύτης
1255 4268 1446 4304 συνεκτ
1460 4251 1744 4320 αοήσεται;

1848 4250 1978 4317 ρυλε
2024 4251 2225 4304 etenim
2256 4252 2502 4302 omnium
2537 4250 2771 4303 Domina
2801 4258 2906 4315 est,
2941 4252 2994 4304 in
3034 4250 3294 4320 praesenti
3335 4265 3428 4303 ar-

161 4346 226 4399 Εἰ
255 4346 369 4414 γάρ
410 4343 507 4396 καὶ
557 4341 647 4394 ἐπ’
682 4342 877 4406 ἄλλων,
909 4342 977 4394 δι’
1012 4343 1214 4413 ἀρετὴν
1246 4342 1568 4412 εὐδοκίμων,
1607 4334 1681 4395 ὧν
1712 4343 1743 4412 ἡ

1852 4352 2170 4413 gumentum
2209 4343 2543 4412 suppeditat.
2583 4342 2841 4407 Quaenam
2874 4345 3051 4398 oratio
3082 4360 3180 4398 sua
3218 4347 3430 4414 magni-

160 4435 309 4501 ἀξία,
342 4432 597 4486 τοσοῦτον
631 4432 745 4503 ἔχει
778 4435 840 4487 τὸ
885 4432 1124 4496 ἔλαττον,
1153 4435 1275 4487 ὅσον
1302 4434 1445 4495 εἰκὸς
1475 4434 1746 4486 Δεσπότου

1854 4435 2042 4487 tudine
2068 4449 2131 4487 ac
2161 4433 2467 4503 granditate
2512 4434 2657 4489 illius
2690 4450 2785 4503 par
2827 4436 2931 4489 erit
2974 4435 3335 4507 magnitudini
3368 4451 3431 4493 ac

162 4525 506 4598 ἢλαττῶσθαι
540 4524 747 4591 δοῦλον,
782 4525 926 4595 ὅμως
976 4528 1007 4595 ἡ
1042 4525 1317 4593 τοῦλόγου
1351 4526 1595 4596 εὐφημία
1616 4542 1747 4579 κατ-

1854 4527 2148 4599 granditati
2178 4529 2201 4580 ?
2234 4526 2447 4582 Etenim
2480 4529 2525 4583 si
2558 4530 2612 4583 in
2648 4530 2772 4584 aliis
2806 4531 2875 4583 ob
2907 4530 3165 4583 virtutem
3199 4530 3427 4584 illustri-

160 4622 236 4674 ὀπ
270 4638 319 4672 ιν
352 4619 596 4689 ἔρχεται,
628 4618 681 4670 τί
712 4617 819 4690 χρὴ
848 4617 1035 4671 τοῦτον
1070 4618 1284 4683 παθεῖν,
1315 4620 1382 4690 τῇ
1406 4619 1513 4671 τῶν
1536 4617 1745 4689 ἀρετῶν
1777 4620 1821 4675 D

1777 4620 1991 4687 Dbus,
2053 4621 2409 4692 probatisque
2462 4623 2735 4691 personis,
2789 4638 3024 4692 quorum
3076 4623 3313 4694 dignitas
3373 4631 3427 4679 et

159 4716 430 4788 άκρότητι
482 4715 810 4785 προσιόντας
869 4714 1015 4783 Πλὴν
1060 4716 1107 4767 εἰ
1154 4718 1248 4767 καὶ
1285 4716 1360 4786 μὴ
1401 4715 1574 4780 ἐλπὶς,
1618 4717 1742 4768 ὅσον

1849 4714 2168 4785 praestantia
2199 4724 2349 4768 tanto
2376 4721 2460 4768 est
2494 4715 2694 4780 minor,
2732 4726 2937 4784 quanto
2968 4732 3161 4771 servus
3196 4716 3426 4771 Domino

159 4808 335 4872 ἄξιον,
382 4805 685 4875 ὑπηχῆσαι,
722 4804 836 4857 ἀλλ’
868 4805 1027 4874 ἡμεῖς
1080 4821 1143 4872 γε
1175 4806 1485 4875 παρέχομεν
1520 4806 1742 4867 ἑαυτοὺς

1850 4818 1934 4862 est
1966 4807 2194 4861 inferior
2224 4824 2238 4874 ;
2270 4805 2401 4877 quid
2444 4807 2493 4862 ei
2525 4823 2814 4864 necessum
2848 4818 2931 4863 est
2963 4812 3204 4876 evenire,
3232 4811 3323 4878 qui
3357 4810 3423 4865 ad

160 4900 241 4962 είς
269 4897 463 4969 τιμὴν,
500 4898 600 4967 τῆς
647 4895 713 4949 δι’
741 4897 806 4967 ῆν
837 4896 1117 4967 ἑορτάζειν
1158 4895 1440 4967 ἡξιώμεθα
1472 4896 1742 4967 λελυτρω-

1853 4899 2097 4953 omnium
2138 4900 2403 4953 virtutum
2436 4899 2655 4953 culmen
2686 4900 2948 4954 accedit?
2994 4898 3262 4955 Caeterum
3302 4901 3428 4956 licet

163 4993 319 5062 μένοι
369 4991 469 5061 τῆς
500 4990 755 5061 ἀνεόρτου
788 4989 1089 5059 κατηφείας
1122 4991 1214 5041 καὶ
1250 4988 1702 5059 σκυθρωπότητως
1723 5004 1738 5018 ο

1853 4990 2133 5062 dignitatis
2182 5000 2345 5046 tantae
2394 4991 2626 5047 dicendo
2674 4993 3044 5062 adaequandaa,
3103 4994 3249 5047 nulla
3302 5010 3427 5063 spes

162 5085 396 5157 παρέξει
436 5084 493 5137 δὲ
528 5085 620 5137 τὸν
669 5084 826 5152 λόγον
850 5126 865 5149 ,
912 5084 1093 5135 ὁποῖον
1135 5083 1229 5136 καὶ
1268 5083 1451 5153 ἡλίκον
1496 5082 1562 5135 ἂν
1620 5081 1741 5152 βού-

1851 5093 2125 5153 suppetat,
2192 5084 2547 5139 nihilominus
2575 5085 2695 5154 ejus
2726 5101 2827 5141 nos
2864 5086 3053 5140 honori
3086 5086 3427 5141 decantando

161 5179 349 5248 ληται,
379 5180 408 5230 6
441 5177 778 5248 χρηματίσαι
804 5175 1008 5246 ταύτης
1034 5175 1161 5238 Υίὸς
1211 5174 1509 5244 εὐδοκήσας
1549 5175 1738 5243 Λόγος.

1851 5174 2251 5243 impendamus,
2302 5175 2462 5246 cujus
2518 5176 2787 5232 beneﬁcio
2840 5178 2986 5231 hunc
3039 5178 3238 5232 festum
3283 5177 3428 5231 diem

175 5271 344 5326 Ἀλλὰ
374 5269 427 5323 τί
449 5269 509 5323 τὸ
535 5269 891 5339 τελούμενον;
925 5268 989 5321 Τί
1023 5268 1079 5322 δὲ
1112 5268 1589 5339 πανηγυρίζομεν;

1858 5268 2099 5333 obimus,
2131 5268 2344 5322 liberati
2386 5283 2417 5321 a
2459 5283 2567 5323 non
2601 5269 2765 5336 festa,
2796 5270 3045 5339 nihilque
3068 5272 3430 5340 jucunditatis

162 5370 427 5431 habente,
453 5365 701 5422 tristitia.
736 5365 1006 5421 Praabebit
1037 5381 1189 5429 vero,
1222 5374 1582 5436 suggeretque
1616 5364 1944 5431 orationem,
2008 5367 2227 5435 qualem
2273 5376 2645 5437 quantamque
2702 5368 2961 5431 voluerit,
3018 5366 3282 5431 Verbum,
3333 5368 3428 5420 cui

164 5461 397 5534 placuit,
438 5476 503 5515 ac
528 5461 709 5516 visum
742 5467 826 5516 est
857 5467 916 5513 ut
943 5458 1064 5529 ejus
1095 5457 1272 5514 Filius
1303 5468 1468 5513 esset.
1508 5459 1597 5525 At,
1631 5473 1752 5530 qua:
1784 5467 1867 5514 est
1897 5458 2022 5514 festi
2060 5459 2226 5529 hujus
2256 5461 2547 5516 celebritas
2574 5462 2596 5515 ?
2629 5460 2770 5526 Quid
2829 5471 3105 5515 conventu
3165 5460 3271 5513 hoc
3330 5475 3430 5530 pu-

163 5561 311 5615 blice
342 5556 685 5612 celebramus
707 5556 730 5609 ί

246 5649 316 5701 Ἦ
346 5648 538 5719 πρώην
567 5645 878 5716 ἑκδημοῦσα
904 5642 1010 5698 τῶν
1035 5644 1177 5715 ὅρων
1208 5642 1308 5713 τῆς
1334 5641 1548 5712 φύσεως
1583 5644 1641 5696 ἐν
1667 5642 1744 5713 τῷ

1921 5643 2051 5709 Quae
2083 5642 2292 5712 pridem
2331 5652 2543 5697 natura:
2577 5641 2844 5696 terminos
2884 5641 3094 5695 meliori
3127 5656 3292 5710 quam
3329 5657 3425 5711 pro

165 5740 492 5816 κρεῖττονῆ
545 5738 685 5793 κατά
743 5738 991 5809 βούλημα
1039 5734 1189 5789 κύειν
1216 5738 1316 5806 τῆς
1367 5736 1600 5804 φύσεως,
1652 5738 1746 5789 νῦν

1851 5747 2062 5790 natura:
2086 5738 2297 5790 ratione
2319 5748 2592 5807 conceptu
2621 5734 2970 5797 excessisset,
2993 5750 3140 5787 nunc
3163 5738 3428 5803 quemad-

167 5834 355 5899 καθὼς
386 5836 416 5887 6
462 5833 675 5903 ἐκείνης
721 5831 967 5903 βούλεται
1007 5830 1191 5900 νόμος,
1223 5830 1325 5899 τῆς
1357 5829 1543 5882 ἐνύλου
1580 5829 1746 5901 ζωῆς,

1853 5832 2076 5883 modum
2120 5837 2327 5883 naturae
2372 5829 2615 5899 ejusdem
2646 5829 2732 5883 lex
2768 5827 2955 5895 exigit,
2990 5842 3019 5879 a
3062 5827 3326 5882 materiuli
3363 5843 3426 5879 ac

168 5928 403 5997 ἐκδημεῖ
421 5925 559 5997 πρὸς
584 5926 684 5997 τὴν
711 5924 893 5982 ἇῦλον.
925 5923 1036 5994 Τῆς
1069 5922 1236 5995 μόνης
1264 5923 1708 5995 κεχαριτωμένης
1729 5962 1745 5992 ,

1852 5922 2073 5982 mortali
2113 5922 2169 5978 in
2199 5936 2429 5994 corpore
2458 5923 2565 5979 vita
2607 5920 2675 5978 ad
2717 5919 3137 5977 immaterialem
3177 5934 3241 5975 ac
3280 5926 3427 5976 statu
