4232 6444
785 414 886 478 159

2023 395 2304 457 LEONIS
2333 391 2798 455 I’IIILOSOPHI

3939 384 4053 446 160

782 519 1084 578 immortali
1111 512 1501 589 proﬁciscitur.
1524 508 1656 564 Ilius
1678 504 1742 560 ad
1762 515 2087 577 perpetuum
2105 503 2264 574 gaudi
2280 518 2363 555 :sm
2393 533 2405 561 λ

2485 501 2606 573 πρὸς
2631 501 2730 571 τὴν
2761 500 2995 569 ἄληκτον
3013 501 3208 570 χαρὰν,
3230 496 3330 568 τὴν
3364 494 3665 565 μετάϐασιν
3692 493 4047 564 ἑορτάζομεν-

783 616 1075 670 transitum
1106 611 1476 668 celebramus,
1512 618 1632 674 qua:
1667 602 1785 663 sola.
1821 599 1993 670 gratia
2023 597 2182 667 plena
2214 597 2363 650 exsi-

781 710 898 763 stit.
941 705 1118 760 Carne
1153 704 1361 770 itaque,
1398 696 1581 770 quoad
1628 693 1744 749 ﬁcri
1777 700 1979 763 potest,
2012 688 2362 752 excedentes,

783 817 848 854 ac
874 797 1068 868 spiritu
1101 790 1398 855 immutati,
1420 802 1545 842 cum
1579 784 1749 855 gloria
1779 795 2068 838 excessum
2101 778 2366 849 praedice-

783 908 925 955 mus,
957 888 1233 958 digneque
1265 884 1332 939 iis
1363 895 1485 950 quze
1513 885 1854 950 peraguntur
1880 873 2214 944 compositos
2243 871 2365 925 ani-

783 999 902 1038 mos
946 979 1325 1036 ostendamus.
1379 972 1638 1028 Universi
1685 971 1820 1025 lines
1865 979 2025 1024 terrae
2068 966 2126 1020 in
2164 963 2366 1036 gaudio

779 1076 1054 1147 jubilent,
1111 1081 1168 1126 ut
1228 1068 1522 1125 exsultatio
1575 1063 1924 1137 jubilationis
1987 1061 2061 1118 sit
2115 1059 2363 1130 prepria.

781 1169 994 1224 Curium
1024 1163 1206 1236 gaudii
1239 1163 1312 1218 sit
1356 1161 1652 1231 particeps,
1687 1154 2044 1228 splendidiori
2072 1151 2364 1206 collustra-

783 1271 893 1316 tam
911 1261 1044 1314 ﬁore
1069 1275 1084 1324 ;
1112 1268 1402 1329 portaSque
1425 1256 1490 1307 ad
1521 1253 1644 1306 cazli
1674 1247 2043 1304 honoratioris
2061 1243 2368 1311 susceptio-

784 1370 905 1410 nem
956 1351 1225 1422 pandens.
1275 1346 1542 1402 leestcs
1596 1355 1787 1397 omnes
1831 1339 2055 1395 ordines
2105 1337 2363 1392 laudibus

783 1451 1212 1518 prosequantur.
1240 1438 1480 1502 Gabriel,
1504 1434 1837 1489 laudationis
1865 1447 2072 1502 auspex
2096 1431 2320 1485 accedat
2351 1448 2366 1494 ;

783 1542 987 1611 quippe
1022 1538 1113 1608 qui
1149 1550 1258 1605 pra:
1288 1532 1498 1601 angelis
1533 1529 1682 1592 aliis,
1714 1524 2083 1580 immaculatis
2115 1523 2368 1578 illibatis-

784 1651 911 1704 que,
947 1629 1242 1687 connubiis
1271 1625 1586 1682 subservire
1619 1621 1812 1676 soleat.
1845 1618 2179 1686 Auspicatur
2208 1629 2363 1676 vero,

783 1726 966 1798 gaudii
1000 1725 1144 1778 ultro
1167 1721 1328 1775 verba
1360 1718 1686 1778 inclamans,
1715 1711 1860 1783 quod
1890 1710 2116 1766 Matrem
2152 1706 2367 1761 Domini

786 1795 1059 1869 introduci
1089 1810 1315 1866 videant
1347 1809 1402 1862 in
1434 1805 1560 1861 Filii
1592 1804 1820 1876 regiam.
1856 1801 2068 1856 Etenim
2103 1796 2196 1852 Dei
2233 1795 2366 1852 illud

783 1921 954 1974 rapax
990 1899 1426 1964 tabernaculum,
1455 1897 1524 1951 ab
1574 1895 1644 1950 iis
1674 1890 2044 1948 tabernaculis
2066 1889 2366 1959 emigrans,

784 2012 909 2068 qum
929 1994 1303 2049 dissolvuntur
1331 2005 1394 2044 ac
1426 1989 1719 2051 intereunt,
1751 1986 1817 2038 ad
1855 1998 1920 2039 ea
1951 1996 2074 2052 quae
2113 1987 2362 2047 manent,

785 2099 950 2158 atque
975 2087 1289 2141 consistunt
1317 2079 1646 2137 transfertur
1671 2096 1686 2146 ;
1721 2078 2033 2146 ﬁuxamque
2057 2089 2121 2129 ac
2151 2072 2366 2126 labilem

787 2185 975 2246 vitam,
1026 2180 1162 2235 nihil
1204 2177 1349 2232 ﬂuxa
1395 2190 1458 2231 ac
1484 2175 1632 2229 labili
1675 2179 1998 2227 commutat.
2038 2167 2079 2221 E
2105 2168 2268 2222 terris
2301 2165 2368 2220 ad

789 2277 961 2332 Helos
986 2272 1386 2336 transvehitur,
1414 2283 1535 2339 quae
1563 2265 1889 2321 mortalibus
1920 2260 2065 2316 facta
2092 2267 2178 2315 est
2199 2259 2368 2320 scala,

790 2383 899 2439 qua
926 2366 994 2420 ad
1019 2364 1192 2418 cmlos
1222 2361 1542 2416 ascendant.
1579 2357 1623 2412 Ο
1655 2355 1980 2411 miraculum
2014 2354 2026 2405 !
2063 2366 2188 2405 cum
2221 2349 2371 2404 tristi

792 2469 966 2516 morte
1013 2456 1407 2512 commercium
1454 2451 1640 2517 habet,
1685 2449 1782 2519 qui
1830 2444 2100 2501 tremendi
2146 2457 2273 2497 cum
2307 2455 2371 2495 ea

792 2552 1110 2609 (-otmnercii
1146 2549 1530 2604 liberationem
1575 2546 1817 2599 humano
1861 2539 2099 2595 contulit
2135 2535 2320 2608 generi
2353 2553 2369 2588 :

792 2665 856 2703 ac
889 2645 1128 2717 sepulcrl
1159 2644 1314 2697 sinus
1344 2639 1594 2694 tabiﬁcus
1624 2636 1792 2700 subit,
1833 2648 1899 2688 ex
1929 2631 2088 2702 cujus
2120 2627 2372 2699 virginali

795 2749 954 2795 utero
988 2737 1274 2806 integritas
1303 2748 1367 2786 ac
1405 2731 1747 2798 incorruptio
1793 2725 2009 2781 exsistit
2042 2740 2057 2777 :
2095 2721 2377 2776 obscuris-

796 2847 906 2904 que
942 2828 1296 2892 cavitatibus,
1344 2840 1408 2879 ac
1458 2831 1645 2878 ventre
1685 2831 1846 2874 terra:
1892 2817 2223 2886 bospitatur,
2255 2826 2377 2883 quac

797 2928 943 2989 illos,
981 2923 1071 2993 qui
1118 2924 1174 2976 in
1206 2916 1515 2975 tenebrosis
1542 2915 1742 2969 misere
1779 2911 2051 2983 degebant
2082 2907 2376 2976 angustiis,

800 3020 855 3074 in
874 3013 1236 3070 lucidissimis
1251 3007 1629 3064 mansionibus
1647 3006 1837 3076 requie
1852 3002 2094 3058 donavit.
2109 2998 2380 3066 Quidnam

799 3113 906 3168 hoc
935 3111 1010 3164 rei
1039 3118 1125 3162 est
1156 3109 1179 3159 ?
1211 3107 1294 3157 An
1327 3103 1440 3156 vult
1470 3101 1588 3155 haec
1619 3114 1802 3154 rerum
1837 3094 2144 3154 oeconomia
2164 3107 2230 3147 ac
2267 3090 2383 3144 dis-

2470 594 2738 665 Ἔκδημοι
2783 596 2982 657 τοίνυν,
3021 590 3098 654 ὡς
3148 587 3260 644 οἷόν
3293 607 3386 654 τε,
3421 587 3519 654 τῆς
3575 587 3799 658 σαρκὸς,
3844 586 4055 652 καὶτῷ

2469 687 2739 757 πνεύματι
2777 683 3198 747 ἀλλοιωθέντες,
3237 683 3552 752 δοξάσωμεν
3609 680 3709 748 τὴν
3755 676 4054 748 ἐκδημίαν,

2467 783 2562 834 καὶ
2593 780 2910 851 πρέπουσαν
2938 781 3052 842 τοῖς
3079 776 3425 846 τελουμένοις
3460 774 3560 844 τὴν
3598 771 3934 824 κατάστασιν
3964 769 4055 820 ἐνο

2467 871 2788 942 δειξώμεθα.
2822 868 3012 924 Πάντα
3059 869 3129 921 τὰ
3162 868 3378 936 πέρατα
3417 865 3515 934 τῆς
3559 861 3664 931 γῆς
3699 862 3758 913 ὲν
3799 859 4054 930 χαρμονῇ

2468 965 2811 1032 ἁλαλαξάτω,
2858 962 2926 1016 ἶν’
2966 964 3164 1025 οἰκεῖος
3207 961 3235 1012 ό
3278 956 3593 1026 ἀλαλαγμὸς
3636 955 3733 1024 τῆς
3787 952 4056 1020 ἀγαλλιά-

2469 1076 2606 1121 σεως
2723 1055 2965 1128 Οὐρανὸς
2994 1052 3324 1108 κοινωνείτω
3364 1048 3462 1116 τῆς
3506 1045 3879 1118 χαρμοσύνης,
3923 1061 4057 1111 φαι-

2467 1150 2704 1222 δροτέρῳ
2741 1149 2894 1206 ἄνθει
2924 1145 3428 1217 περιλαμπόμενος,
3475 1139 3571 1194 καὶ
3598 1140 3735 1210 πρὸς
3765 1135 4042 1205 ὑποδοχὴν

2467 1243 2695 1316 οὐρανοῦ
2729 1243 2825 1296 τοῦ
2879 1239 3228 1311 ὲντιμοτέρου
3275 1234 3704 1306 ὲξανοιγόμενος.
3765 1233 3881 1294 Πᾶς
3912 1231 3943 1282 ὁ
3983 1233 4044 1282 ὲν

2469 1337 2618 1408 αὐτῷ
2642 1335 3078 1406 παρευφημείτω
3115 1332 3432 1400 διάκοσμος.
3480 1325 3724 1399 Γαϐριὴλ
3779 1325 4061 1396 ἔξαρχέτω

2469 1432 2568 1500 τῆς
2602 1426 2900 1498 εὐφημίας,
2950 1427 3048 1482 ἅτε
3078 1427 3165 1496 δὴ,
3202 1424 3309 1495 πρὸ
3349 1425 3458 1477 τῶν
3489 1422 3666 1478 ἄλλων
3705 1420 3948 1491 συνήθης
3985 1419 4061 1471 ὢν

2471 1525 2530 1576 ὲν
2557 1523 2634 1592 τῷ
2662 1518 3176 1589 λελειτουργηκέναι
3201 1519 3313 1579 τοῖς
3339 1516 3628 1584 ἀχράντοις
3659 1512 4024 1584 νυμφεύμασι
4043 1528 4057 1542 ·

2474 1614 2676 1685 μᾶλλον
2721 1613 2778 1666 δὲ
2825 1611 3050 1680 ἐξάρχει
3099 1609 3567 1678 ἐπιφθεγγόμενος
3597 1609 3664 1662 τά
3705 1607 3930 1677 ῥήματα
3960 1604 4062 1672 τῆς

2471 1708 2668 1776 χαρᾶς,
2702 1699 2784 1768 οἷς
2811 1705 2911 1776 ὁρᾷ
2929 1701 3023 1756 τοῦ
3049 1702 3322 1754 Δεσπότου
3347 1700 3575 1769 Μητέρα
3599 1701 3678 1761 είς
3704 1699 3776 1750 τὰ
3805 1697 3901 1750 τοῦ
3926 1695 4060 1749 Υἱοῦ

2473 1798 2995 1868 ἐγκατοικιζομένην
3014 1794 3280 1866 βασίλεια.
3311 1793 3378 1846 Ἠ
3397 1793 3505 1862 γὰρ
3522 1789 3863 1859 θεοχώρητος
3883 1788 4063 1857 σκηνὴ

2475 1897 2584 1948 τῶν
2637 1893 2919 1964 λυομένων
2973 1891 3283 1962 ἀπαίρουσα
3343 1887 3740 1958 σκηνωμάτων,
3803 1883 3944 1953 πρὸς
3993 1879 4064 1934 τὰ

2481 1990 2713 2062 μένοντα
2745 1985 3137 2057 μετοικίζεται,
3167 1980 3264 2034 καὶ
3292 1978 3387 2032 τοῦ
3421 1979 3636 2048 ῥέοντος
3671 1975 3808 2043 βίου,
3840 1972 4063 2043 ἀμείϐει

2478 2083 2570 2136 τὸν
2593 2082 2873 2152 ἀρευστον.
2899 2077 3072 2148 Γῆθεν
3088 2075 3227 2148 πρὸς
3247 2073 3502 2144 οὐρανοὺς
3521 2067 4060 2141 διαπορθμευομένη,

2478 2178 2512 2244 ἡ
2541 2174 2886 2242 διαϐατήριον
2913 2172 3025 2233 τοῖς
3062 2169 3120 2222 ὲν
3150 2171 3222 2239 γῇ
3247 2165 3513 2236 γενομένη
3544 2163 3679 2234 πρὸς
3708 2160 3776 2214 τὰ
3808 2159 4058 2232 οὐράνια·

2481 2269 2527 2322 ὣ
2552 2268 2645 2322 τού
2687 2264 2998 2336 θαύματοςι
3031 2262 3110 2334 τῷ
3137 2261 3352 2331 ἀμειδεί
3386 2260 3599 2328 θανάτῳ
3639 2254 3996 2325 προσομιλεῖ,
4027 2252 4063 2322 ἡ

2479 2364 2579 2433 τῆς
2640 2361 2875 2432 φρικτῆς
2928 2358 3135 2412 ἐκείνου
3187 2354 3403 2426 ὁμιλίας
3457 2353 3556 2423 τὴν
3602 2349 3926 2417 ἀπαλλαγὴν
3982 2345 4067 2416 τῷ

2481 2456 2629 2525 γένει
2659 2451 3092 2525 παρασχομένη·
3120 2450 3216 2504 καὶ
3254 2449 3478 2516 λαγόνες
3517 2444 3824 2516 κρύπτουσι
3867 2440 4066 2510 φθορο-

2483 2547 2650 2613 ποιοὶ,
2682 2539 2751 2618 ἦς
2791 2544 3026 2613 ἐξεφάνη
3060 2541 3302 2610 λαγόνων
3329 2542 3362 2609 ἠ
3417 2535 3715 2608 ἀφθαρσία,
3748 2534 3846 2586 καὶ
3883 2533 4065 2600 ἀφεγο

2484 2643 2606 2711 γέσι
2657 2639 2923 2704 ξενίζεται
2967 2635 3248 2700 κενεῶσιν,
3277 2635 3311 2704 ή
3344 2633 3471 2695 τοὺς
3499 2632 3556 2684 ὲν
3600 2627 3846 2699 ἀλαμπεῖ
3874 2625 4071 2678 ταλαι-

2488 2732 2875 2803 πωρουμένους
2921 2726 3279 2797 στενοχωρίᾳ.
3329 2721 3708 2793 φαεινοτάταις
3747 2721 3805 2772 ὲν
3847 2717 4072 2785 λήξεσιν

2487 2824 2874 2879 ἀναπαύσασα.
2905 2820 2971 2873 Τί
3009 2817 3202 2881 τοῦτος
3232 2817 3304 2868 Ἦ
3341 2815 3593 2885 βούλεται
3621 2815 3654 2882 ἡ
3679 2811 3772 2864 τοῦ
3803 2810 4074 2880 πράγμα-

2487 2935 2579 2980 τος
2627 2915 2928 2984 οἰκονομία,
2965 2913 3065 2981 τὴν
3105 2907 3289 2979 κοινὴν
3330 2908 3432 2976 τῆς
3461 2904 3555 2958 τού
3589 2903 3906 2972 πλάσματος
3935 2903 4072 2956 ἁνα-

2491 3010 2742 3070 πλάσεως
2792 3006 2992 3067 αἰτίαν,
3047 3005 3114 3074 τῇ
3148 3002 3300 3071 κοινῇ
3354 2999 3464 3052 τῶν
3509 2995 3814 3067 ἀνθρώπιον
3841 2995 3946 3062 τῆς
3981 2996 4073 3047 ἐν·

2492 3100 2684 3156 τεῦθεν
2709 3100 3112 3168 ἀναχωρήσεως
3144 3092 3426 3163 συνηθείᾳ,
3457 3091 3551 3144 καὶ
3580 3087 3753 3156 αὐτὴν
3784 3086 4074 3154 ἀπαίρειν,

805 3203 1030 3276 positio,
1079 3207 1141 3254 ut
1159 3199 1275 3268 ipsa
1298 3209 1536 3265 quoque,
1559 3188 2116 3262 quaeinstauratioms
2140 3187 2389 3238 humana:

2495 3196 2582 3248 ῖνα
2613 3193 2688 3264 μὴ
2729 3192 2788 3246 τὸ
2828 3191 3005 3243 πάντα
3051 3188 3417 3255 καινοτομεῖν,
3459 3183 3559 3253 τὴν
3602 3182 3763 3251 φύσιν
3801 3179 3900 3248 τῆς
3936 3195 4074 3246 συγ-

804 3295 1117 3353 communis
1151 3305 1318 3346 causa
1351 3297 1522 3350 esset,
1554 3281 1833 3339 communi
1859 3279 2142 3335 hominum
2183 3276 2312 3330 hinc
2357 3290 2388 3328 e

803 3388 944 3444 vivis
967 3381 1349 3440 excedentium
1371 3375 1798 3441 consuetudine,
1828 3371 2080 3441 emigret,
2107 3382 2176 3422 ne
2204 3379 2386 3420 rerum

805 3479 1052 3534 omnium
1078 3471 1382 3532 innovatio,
1409 3478 1663 3522 naturam
1687 3461 2096 3519 necessitudine
2123 3473 2188 3512 ac
2213 3455 2389 3510 aﬁini-

806 3579 920 3626 tate
940 3582 1037 3624 sua
1054 3563 1266 3637 privet?
1285 3561 1650 3628 Quamobrem
1673 3556 1822 3622 Filii,
1840 3556 1930 3610 cui
1948 3553 2119 3608 castis
2140 3551 2392 3606 manibus

805 3663 1061 3718 vehiculo
1085 3661 1285 3723 fuerat,
1313 3655 1519 3710 divinis
1553 3651 1831 3710 manibus.
1867 3645 2301 3702 sincerissimum
2329 3657 2394 3694 ac

813 3755 1174 3828 purissimum
1217 3749 1472 3820 spiritum
1524 3745 1769 3807 tradens,
1820 3749 1986 3811 atque
2024 3757 2054 3792 a
2105 3735 2392 3806 temporali

815 3846 1108 3903 discedens
1133 3844 1270 3906 vita,
1299 3847 1504 3894 aeterna
1553 3837 1818 3893 caelorum
1849 3847 2014 3903 regna
2055 3830 2285 3892 obtinet,
2341 3836 2397 3882 et

815 3942 883 3994 ad
918 3936 1100 3993 omnis
1137 3941 1392 4004 expertes
1430 3928 1636 3984 umbrae
1684 3925 1843 3983 sedes
1887 3925 2213 3994 commigrat
2238 3965 2254 3991 ,
2301 3920 2396 3975 Dei

814 4036 910 4089 illa
961 4027 1351 4101 splendoribus
1397 4023 1675 4079 celebrata
1724 4021 1946 4086 domus,
1993 4033 2157 4088 quam
2214 4015 2398 4086 passis

817 4127 996 4198 portis
1031 4124 1233 4179 malum
1275 4118 1528 4187 suscipit,
1571 4130 1636 4170 ac
1667 4113 2038 4184 susceptione,
2066 4107 2399 4165 decentioris

816 4239 882 4276 ac
934 4216 1270 4274 honestioris
1324 4220 1502 4266 status
1558 4207 1879 4264 accessione
1933 4202 2210 4259 clarescit.
2262 4199 2400 4254 Cum

819 4315 965 4368 enim
995 4311 1131 4379 jam,
1164 4315 1245 4361 tot
1274 4304 1607 4375 spiritalium
1641 4316 1706 4356 ac
1739 4298 2127 4355 immortalium
2160 4293 2397 4366 populis,

819 4417 1043 4472 tamque
1074 4401 1261 4454 multis
1291 4414 1356 4451 ex
1383 4396 1694 4449 mortalium
1722 4405 1924 4462 genere
1961 4390 2017 4443 in
2053 4389 2201 4442 illam
2228 4385 2403 4441 ascri-

817 4498 930 4568 ptis
977 4495 1281 4556 civitatem,
1339 4496 1398 4541 ut
1445 4502 1570 4540 cum
1631 4484 1802 4537 Matre
1843 4481 2031 4551 regina
2078 4488 2397 4550 perpetuum

817 4605 990 4643 avum
1051 4585 1258 4654 agitent
1305 4599 1319 4646 ;
1377 4579 1497 4650 ejus
1551 4577 1680 4648 Regi
1731 4591 1796 4630 ac
1844 4573 1986 4629 Filio
2035 4573 2402 4628 communiter

817 4683 1008 4736 laudes
1062 4674 1504 4736 decantantibus,
1555 4669 1795 4725 mirabili
1839 4675 2114 4723 concentu
2161 4666 2404 4720 circum-

818 4781 1027 4839 sonet;
1072 4784 1296 4825 necesse
1338 4775 1424 4820 est
1470 4772 1530 4819 ut
1603 4766 1763 4833 longe
1810 4762 1980 4832 priori
2023 4759 2293 4814 amcenior
2339 4773 2405 4811 ac

818 4863 1203 4922 delectabilior
1234 4860 1356 4929 ejus
1394 4857 1720 4914 constitutio
1752 4856 1896 4910 facta
1946 4855 2038 4908 sit.
2072 4853 2210 4907 Hinc
2237 4867 2406 4921 ange-

819 4963 999 5015 lorum
1063 4955 1225 5018 ordo,
1278 4955 1415 5009 duce
1465 4950 1753 5016 Gabricle,
1801 4948 1996 5002 faustis
2055 4945 2408 5016 prosequitur

820 5053 1101 5110 oininibus
1147 5058 1313 5119 atque
1347 5047 1624 5101 laudibus.
1659 5043 1791 5098 lndc
1827 5042 2110 5097 beatorum
2175 5039 2410 5110 proptre-

819 5156 1000 5201 tarum
1044 5157 1259 5208 agmen,
1304 5139 1464 5208 cujus
1493 5139 1621 5191 olim
1648 5136 1890 5202 laudem,
1931 5137 1985 5190 in
2034 5135 2156 5207 ejus
2191 5135 2409 5191 eminus

820 5237 1115 5295 intendens
1158 5235 1436 5304 gloriam,
1483 5231 1856 5286 meditabatur
1903 5248 1917 5296 ;
1968 5229 2212 5284 eamdem
2263 5245 2408 5282 nunc

818 5341 1140 5388 reverenter
1184 5329 1411 5393 adiens.
1462 5327 1599 5382 laetae
1653 5324 2006 5381 modulantia:
2049 5325 2098 5380 ei
2150 5325 2408 5379 meditata

821 5426 1069 5482 carmina
1107 5423 1315 5492 pangit.
1342 5420 1461 5474 Alia
1489 5420 1708 5474 demum
1735 5434 1800 5473 ex
1829 5426 1982 5489 parte
2007 5431 2132 5472 cum
2162 5417 2407 5486 discipu-

825 5518 1000 5572 lorum
1024 5525 1170 5569 cmtu
1199 5512 1399 5567 inﬁniti
1425 5525 1723 5584 martyrum
1747 5513 2047 5575 exercitus,
2083 5513 2407 5576 reverentia,

826 5625 891 5664 ac
931 5611 1127 5664 timore
1167 5607 1427 5676 jubilant.
1473 5605 1517 5660 Ο
1546 5622 1708 5676 quam
1753 5605 1910 5660 beata
1953 5620 2076 5675 qua:
2120 5605 2234 5660 illic
2285 5619 2410 5674 per‘

827 5703 1111 5775 aguntur!
1165 5703 1209 5754 υ
1261 5707 1505 5771 quantus
1556 5698 1844 5768 qualisque
1891 5698 2089 5763 honos,
2135 5705 2410 5768 perpetua:

830 5795 1027 5865 virgini
1075 5794 1231 5847 Matri
1267 5795 1319 5847 in
1354 5793 1510 5848 uelis
1543 5790 1789 5847 defertur
1822 5796 1834 5846 !
1879 5793 1967 5846 ubi
2007 5791 2283 5857 nimirum,
2317 5790 2408 5844 Fi-

833 5888 966 5943 lium
985 5886 1238 5942 vidensin
1258 5887 1440 5942 divum
1463 5886 1664 5953 medio,
1684 5902 1822 5954 quos
1843 5887 1936 5943 ille
1954 5888 2155 5943 dcitate
2171 5885 2386 5942 donavit
2401 5919 2417 5946 ν

2489 3287 2703 3359 γενείας
2722 3285 3057 3357 χωρίζηται;
3087 3279 3270 3350 Ταύτῃ
3304 3277 3414 3349 ἄρα
3444 3275 3540 3329 τοῦ
3571 3273 3851 3342 παλάμαις
3881 3273 4077 3340 ἁγναῖς

2490 3377 2902 3450 ἐποχησαμένου
2930 3373 3060 3428 Υίού
3080 3416 3094 3439 ,
3127 3371 3285 3442 χερσὶ
3313 3368 3526 3429 θεῖκαῖς
3553 3365 3652 3436 τὴν
3685 3364 4079 3434 πανακήρατον
4113 3390 4123 3399 -

2493 3449 2806 3541 ἐποχεῖσθαι
2835 3466 3000 3520 δοῦσα
3041 3463 3239 3533 ψυχὴν,
3263 3460 3372 3514 τῶν
3398 3457 3748 3530 προσκαίρων
3780 3449 4077 3508 ἐπανιστα-

2495 3565 2655 3636 μένη,
2705 3560 2805 3624 τὰς
2846 3557 3096 3619 αἰωνίους
3147 3552 3558 3624 καταλαμϐάνει
3608 3550 3928 3621 διατριϐὰς,
3981 3547 4081 3600 καὶ

2495 3656 2632 3726 πρὸς
2659 3653 2758 3724 τὴν
2779 3651 2970 3705 ἄσκιον
2996 3650 3371 3718 μεταποιεῖται
3399 3644 3571 3711 λῆξιν,
3603 3644 3637 3712 ή
3664 3640 3754 3694 τοῦ
3782 3640 3920 3693 Θεοῦ
3949 3641 4078 3704 ταῖς

2494 3747 2841 3820 λαμπρότησι
2860 3741 3246 3813 δεδοξασμένος
3267 3735 3438 3803 οἶκος,
3463 3739 3528 3810 ἣν
3545 3735 3864 3806 ὑποδέχεται
3902 3734 4082 3797 πύλας

2494 3839 2722 3913 οὐρανὸς
2753 3837 3103 3899 ἀναπετάσας
3118 3850 3132 3864 ο
3158 3831 3476 3905 προσθήκην
3499 3830 3788 3900 δεχόμενος
3807 3827 4087 3898 εὐπρεπε-

2500 3935 2697 4007 στέρας
2727 3933 3117 3993 καταστάσεως
3150 3930 3218 4001 τῇ
3252 3927 3454 3997 ταύτης
3487 3925 3746 3995 ὑποδοχῇ.
3775 3922 3939 3993 ’Ἄρτι
3973 3921 4085 3974 τῶν

2499 4029 2615 4080 ἐκεῖ
2643 4026 3030 4096 ἑορταζόντων,
3059 4023 3174 4076 ὅσοι
3203 4037 3262 4074 τε
3287 4019 3449 4089 δῆμοι
3486 4017 3640 4071 άῦλοι
3670 4016 3765 4069 καὶ
3796 4015 4085 4082 ἀθάνατοι,

2501 4122 2596 4174 καὶ
2622 4121 2736 4174 ὅσοι
2769 4117 2864 4172 τοῦ
2893 4115 3089 4187 θνητοῦ
3141 4115 3332 4184 γένους
3366 4114 3593 4176 ἐκείνοις
3625 4111 4088 4180 συνεπολιτογρα-

2503 4213 2756 4284 φήθησαν
2790 4211 2882 4264 ἐπὶ
2911 4212 2978 4280 τῇ
3010 4209 3376 4278 συνδιαιτήσει
3409 4205 3509 4276 τῆς
3543 4205 3812 4276 βασιλίδος
3851 4205 4087 4275 μητρὶς,

2501 4306 2580 4377 τῷ
2610 4305 2820 4376 βασιλεῖ
2866 4303 2961 4357 καὶ
2991 4301 3104 4373 Υἱῷ
3136 4301 3332 4364 κοινῶς
3372 4300 3606 4372 ᾀδόντων
3633 4298 3732 4370 τὴν
3777 4298 4086 4368 εὐφημίαν,

2502 4402 2569 4471 τῇ
2601 4398 2886 4468 θαυμαστῇ
2915 4393 3347 4466 περιηχούμενος
3375 4391 3689 4464 συμφωνίᾳ,
3713 4392 4090 4462 τερπνοτέραν

2505 4488 2538 4559 ἢ
2596 4487 2855 4560 πρόσθεν,
2911 4490 3004 4540 καὶ
3039 4481 3190 4546 οὗτος
3233 4484 3374 4538 ἔοικε
3419 4482 3672 4553 δέχεσθαι
3721 4483 4087 4538 κατάστασιν.

2517 4580 2759 4635 Ἐκεῖθεν
2807 4581 2841 4650 ή
2891 4578 3002 4631 τῶν
3065 4576 3312 4646 ἀγγέλων
3369 4574 3524 4639 τάξις
3580 4575 3931 4644 ὐπευφημεῖ,
3984 4575 4090 4628 ὑπὸ

2505 4673 2778 4746 ταξιάρχῃ
2802 4669 3103 4741 ταττομένη
3145 4667 3224 4740 τῷ
3267 4667 3524 4739 Γαϐριὴλ.
3572 4664 3855 4720 Ἐντεῦθεν
3907 4668 3939 4720 ὁ
3982 4668 4092 4720 τῶν

2512 4765 2799 4838 μακαρίων
2846 4761 3142 4832 προφητῶν
3191 4760 3466 4828 σύλλογος,
3521 4754 3629 4823 Ἶις
3679 4759 3969 4831 πόρρωθεν
4024 4762 4088 4829 τῇ

2507 4859 2636 4933 δόξῃ
2688 4853 3035 4918 ὲνατενίζων,
3080 4853 3425 4924 προεμελέτα
3476 4853 3568 4905 τὸν
3614 4851 3858 4919 ἔπαινον,
3917 4855 4089 4926 ταύτῃ

2511 4949 2755 5022 προσιὼν
2797 4947 3062 5012 εὐλαϐῶς,
3107 4945 3177 4998 τὰ
3218 4946 3428 5016 τερπνὰ
3460 4945 3661 5016 ὑπηχεί
3711 4929 4086 5017 μελετήματα.

2521 5041 2818 5113 Ἐτέρωθεν
2856 5041 2995 5112 μετὰ
3020 5038 3118 5092 τού
3155 5039 3342 5094 θιάσου
3367 5039 3475 5092 τῶν
3509 5037 3788 5108 μαθητῶν,
3819 5040 3889 5093 τὰ
3922 5041 4094 5110 μυρία

2510 5137 2619 5192 τῶν
2675 5133 2969 5206 μαρτύρων
3042 5132 3428 5204 στρατεύματα
3480 5131 3620 5184 αἰδοῖ
3673 5130 3936 5196 ἀλαλάζει
4003 5134 4096 5185 καὶ

2513 5230 2684 5300 φόϐῳ.
2729 5230 2794 5282 Ὢ
2835 5227 2945 5281 τῶν
2972 5228 3088 5280 ἐκεῖ
3122 5225 3494 5292 τελουμένωνί
3529 5225 3592 5277 Ὢ
3620 5226 3718 5295 τῆς
3754 5226 3813 5278 ἐν
3841 5225 4096 5296 οὐρανοῖς

2509 5330 2576 5398 τῇ
2629 5323 2972 5394 ἀειπαρθένῳ
3025 5322 3209 5394 Μητρὶ
3255 5320 3626 5392 κροτουμένης
3668 5320 3868 5390 τιμῆςί
3903 5319 4096 5386 Ἔνθα,

2513 5421 2605 5474 τὸν
2631 5419 2762 5472 Υίὸν
2800 5416 2987 5488 ὁρῶσα
3031 5415 3090 5468 ὲν
3128 5416 3279 5485 μέσῳ
3302 5414 3442 5466 θεῶν
3475 5411 3569 5476 οὓς
3609 5412 3835 5478 ὲθὲωσε,
3882 5411 4120 5476 δεδοξατ

2519 5513 2739 5582 σμένον,
2789 5511 2884 5564 καὶ
2926 5507 2989 5562 τὸ
3020 5507 3306 5577 μεγαλεῖον
3330 5507 3531 5575 ἑαυτῆς
3564 5506 3690 5559 ὅσον
3740 5506 4100 5575 καταμανθά-

2513 5619 2707 5665 νουσα,
2755 5592 2837 5662 οἷς
2862 5597 3121 5652 τοσούτου
3168 5596 3298 5650 Υίοῦ
3338 5595 3678 5668 ἐχρημάτισε
3730 5596 3942 5666 μήτηρ,
3992 5595 4102 5648 τῶν

2516 5691 2914 5766 παναχράντων
2944 5689 3152 5745 ὠδίνων
3197 5690 3398 5760 ἑαυτήν
3445 5689 3849 5761 μακαρίζουσα,
3883 5690 4099 5761 χαίρειο

2519 5787 2613 5842 καὶ
2643 5786 2734 5839 τὸν
2771 5785 2999 5856 ἄπειρον
3028 5785 3088 5838 ὲν
3113 5783 3476 5856 μεγαλωσύνη
3513 5785 3693 5849 τόκον,
3725 5783 3785 5838 ὃν
3829 5784 4101 5854 πρότερον

2531 5880 2809 5953 σαρκικῶς
2855 5881 3248 5951 πτωχεύσαντα
3285 5880 3638 5952 θαυμάζουσα
3663 5880 4021 5952 ἐμεγάλυνεν,
4049 5880 4105 5932 ἐν
