4232 6444
260 408 357 471 161
1043 412 1322 475 ORATIO
1356 414 1509 475 XIV.
1547 437 1617 449 -
1654 413 1735 475 ΙΝ
1776 414 1839 474 Β.
1878 413 1967 473 ΜΛ

1836 461 1839 473 .
1878 413 2141 475 ΜΛΙῖῐιΕ
2177 418 2785 483 ASSUMPTIONEM.
3383 429 3483 493 162

250 521 332 589 τῷ
359 519 577 589 πλούτῳ
600 520 702 591 τῆς
730 520 934 584 οἰκείας
960 519 1213 591 θεότητος
1245 522 1608 593 διαπρέποντα
1654 539 1823 592 μεγα-
1849 523 1902 584 Α
1926 522 1967 591 gl

1849 522 2095 591 Agloria
2147 528 2583 596 ntagniiicatum,
2636 545 2901 602 suamqne
2952 535 3366 605 amplitudinem
3416 554 3482 595 ac

246 614 418 668 λύνει.
470 612 653 667 Ταῦτα
690 615 789 685 μὲν
817 617 847 669 ό
888 613 1000 669 ἄνω
1030 615 1234 686 κόσμος
1280 615 1395 684 ἔχει
1428 614 1811 685 πραγματευό-
1918 630 1967 669 m

1918 616 2257 684 maiestatem
2303 619 2632 692 intelligens,
2678 624 2825 693 quod
2872 628 3006 680 tanti
3038 626 3160 682 Filii
3213 632 3485 686 exstiterit

248 723 410 773 μενα,
880 740 887 749 .
1917 717 2109 772 mater,
2164 709 2377 763 beatam
2425 727 2484 768 se
2532 715 2600 769 ab
2641 714 3151 775 immaculatissimo
3196 724 3479 791 gratulans

246 806 431 866 partu,
459 799 776 871 impensiori
810 800 1009 870 gaudio
1040 800 1247 855 fruitur
1288 818 1302 854 :
1338 801 1657 871 prolemque
1691 800 1901 856 infinita
1944 803 2227 873 majestate
2253 808 2484 872 clarum,
2539 825 2701 877 quam
2752 811 2905 880 prius
2953 827 3119 869 carne
3182 832 3477 886 pauperem

240 890 497 944 effectam
532 893 841 963 suSpiciens
870 894 1299 964 magniﬁcabat;
1343 896 1396 950 in
1446 911 1562 951 suae
1610 897 1824 951 deitatis
1850 899 2129 966 opulentia
2152 904 2612 971 speetatissimam
2666 906 2976 976 magniticat
3020 922 3084 962 ac
3132 909 3480 979 depraedicat.

241 984 422 1050 Atque
446 983 561 1039 haec
590 984 813 1054 quidem
842 986 1094 1056 superior
1125 986 1216 1040 ille
1255 986 1493 1041 mundus
1521 987 1707 1056 agitat.

310 1075 451 1145 Φέρε
497 1076 562 1145 δὴ
606 1078 766 1146 ἡμεῖς
816 1080 844 1147 ό
882 1080 1033 1134 κάτω
1096 1078 1320 1149 κόσμος,
1342 1074 1417 1134 ὧν
1458 1081 1715 1151 ἀπάρασα
1742 1081 1801 1134 οὐ

238 1168 526 1238 συναπῆρε
576 1167 676 1236 τὴν
726 1169 1061 1240 εὐεργεσίαν,
1115 1171 1210 1239 ἀφ’
1260 1171 1427 1241 ὕψους
1454 1171 1511 1225 δὲ
1554 1176 1805 1242 περιέπει

236 1258 342 1327 τῆς
380 1259 713 1327 προστασίας
758 1263 823 1330 τῇ
870 1260 1124 1330 πτέρυγι,
1173 1262 1241 1316 τὰ
1278 1264 1410 1333 ἡμῖν
1449 1263 1805 1317 ἐπιϐάλλοντα

236 1348 604 1419 συντελῶμεν,
632 1352 726 1405 καὶ
752 1351 852 1420 τὴν
889 1354 1176 1421 μετάθεσιν
1203 1356 1300 1425 τῆς
1323 1355 1600 1426 Παρθένου
1630 1356 1803 1425 τιμῶ-

237 1457 373 1510 μεν·
412 1444 505 1495 καὶ
537 1442 672 1514 πρὸς
691 1442 761 1495 τὰ
790 1444 1133 1515 ὐπερκόσμια
1161 1447 1444 1517 χωρούσης
1470 1449 1640 1516 αὐτῆς
1672 1465 1800 1518 προο

233 1536 631 1607 πομπεύωμεν,
677 1537 753 1600 ὡς
783 1534 893 1591 οἷόν
925 1541 1074 1593 ἐστιν
1119 1540 1538 1613 ὐπερκοσμίωςο
1576 1543 1671 1595 καὶ
1706 1544 1803 1613 τῆς

232 1630 596 1700 βαρυνούσης,
642 1630 739 1685 καὶ
780 1632 1152 1704 κατασπώσης
1188 1633 1340 1705 ὕλης,
1387 1636 1474 1703 ἐφ’
1504 1636 1630 1689 ὅσον
1661 1638 1805 1707 αἴρει

230 1723 299 1773 τὸ
328 1722 567 1792 πνεῦμα,
607 1724 1042 1796 μετατιθέμενοι,
1076 1728 1171 1780 καὶ
1198 1730 1310 1791 τοῖς
1338 1727 1523 1791 ἀΰλοις
1550 1744 1806 1782 συνεπαι-

230 1811 647 1881 ρόμενοι.’1”ίσιν
671 1810 766 1868 οὖν
792 1819 1099 1887 πομπικαὶς
1123 1817 1422 1889 εὐφημίαις
1444 1820 1801 1891 χρησώμεθας

229 1904 343 1957 Καὶ
371 1906 489 1969 πῶς
524 1909 665 1961 κατὰ
686 1910 889 1979 τρόπον
917 1910 1414 1981 προσενεχθήσεται
1447 1914 1479 1982 ἡ
1530 1916 1694 1983 τῳ.ἡ;
1733 1916 1803 1967 "ll

227 1994 491 2064 καλῶμεν
516 1999 580 2051 ἐκ
604 1999 730 2063 ,τῶν
759 1999 999 2068 ὐψίστων
1045 2000 1369 2071 ‹ορυφαίους
1391 2042 1405 2065 ,
1436 2003 1530 2056 καὶ
1569 2004 1803 2073 μάλιστα

226 2088 321 2142 τὸν
347 2093 449 2159 τῆς
493 2093 809 2162 τιμωμένης
846 2093 1070 2162 βασιλέα
1119 2098 1474 2166 προπάτορα·
1517 2099 1611 2153 καὶ
1672 2099 1802 2167 παρ’

224 2182 409 2238 αὐτῶν
434 2183 760 2255 πυθόμενοι,
792 2180 874 2247 οἷς
906 2179 1051 2241 οῦτοι
1086 2190 1475 2260 καταρτίζουσι
1518 2190 1617 2260 τὴν
1660 2191 1802 2259 ίερο-

224 2274 441 2341 λογίαν,
472 2276 613 2329 κατὰ
640 2275 843 2348 τρόπον
870 2277 1092 2331 ἐκείνων
1121 2279 1405 2351 ἀποδῶμεν
1435 2280 1523 2332 τδν
1549 2280 1798 2345 ἐπαινον;

223 2366 398 2438 οἶμαι
424 2369 487 2440 δὴ
514 2370 734 2437 αὐτοὺς,
759 2365 840 2434 οἷς
871 2369 1108 2441 πρόσθεν
1137 2371 1433 2441 ἀνύμνουν,
1459 2369 1671 2434 τούτοις
1709 2372 1801 2425 καὶ

222 2458 319 2510 ἐπὶ
366 2458 462 2513 τοῦ
515 2461 782 2531 παρόντος
835 2461 1140 2531 ὑμνοῦντας
1170 2463 1469 2531 προσάγειν
1496 2461 1596 2530 τὴν
1628 2462 1797 2530 εὐφη-

225 2549 360 2619 μίαν
381 2567 395 2580 ⁸
423 2551 546 2604 ἐπεὶ
583 2552 703 2623 μηδ’
738 2546 806 2623 ἦν
836 2553 900 2605 ἐκ
924 2552 1033 2605 τῶν
1069 2552 1353 2623 ἡμετέρων
1380 2553 1448 2605 τὰ
1484 2552 1604 2605 τότε
1631 2552 1796 2623 ἡχού-

224 2661 389 2714 μενα,
421 2642 525 2697 κᾶν
555 2646 612 2696 ἐν
656 2647 769 2708 τοῖς
810 2645 1101 2715 ἡμετέροις
1152 2644 1444 2715 ἐκρούετοο
1479 2645 1593 2699 ἀλλ’
1630 2647 1795 2714 οὐρα-

219 2735 381 2791 νόθεν
428 2736 672 2806 ὐπὴχουν
701 2737 750 2789 οἱ
800 2736 1037 2808 ᾅδοντες.
1092 2736 1251 2801 Είκὸς
1288 2732 1380 2790 οὖν
1414 2737 1511 2789 καὶ
1556 2737 1796 2806 σήμερον

218 2828 420 2891 αὐτοὺς
453 2829 688 2891 ἐκείναις
714 2831 831 2892 ταῖς
853 2828 1252 2899 προλαϐούσαις
1277 2830 1565 2899 φθογγαίς,
1599 2827 1694 2881 ἆτε
1729 2829 1795 2899 δὴ

220 2921 500 2991 οὐρανίαις
551 2922 646 2992 τὴν
695 2923 1016 2994 Θεομήτορα
1043 2925 1210 2994 τιμᾷν
1243 2922 1698 2995 παραγενομένην
1738 2924 1795 2977 ἐν

218 3013 490 3082 οὐρανοῖς,
538 3013 602 3075 ἃς
638 3016 731 3068 καὶ
772 3018 903 3085 ἡμῖν
940 3015 1347 3085 παραληπτέον.
1405 3014 1621 3078 Ἔξεστι
1655 3015 1786 3085 γὰρ,

219 3106 316 3156 καὶ
358 3106 534 3168 οὐδεὶς
575 3108 818 3169 κίνδυνος
869 3109 949 3170 είς
990 3108 1090 3177 τὴν
1144 3106 1317 3177 αὐτὴν
1357 3106 1544 3177 χρείαν
1591 3107 1791 3170 ταύτας

1978 1082 2089 1153 Age
2128 1090 2183 1137 et
2219 1098 2319 1140 nos
2350 1083 2583 1138 mundus
2612 1082 2858 1147 inferior,
2892 1102 2920 1139 a
2971 1087 3199 1157 quibus,
3233 1098 3477 1158 quamvis

1909 1170 2243 1235 discesserit,
2300 1174 2444 1227 haud
2498 1184 2679 1229 tamen
2731 1175 3141 1233 beneficentiam
3194 1182 3479 1243 abstulit;

1908 1262 2038 1329 quin
2066 1263 2134 1316 ab
2162 1264 2293 1328 alto,
2334 1267 2417 1319 sui
2455 1266 2738 1333 patrocinii
2770 1266 2869 1319 alis
2915 1266 3091 1331 fovet;
3124 1274 3267 1339 quod
3300 1276 3482 1329 nostri

1908 1355 2152 1407 muneris
2178 1364 2284 1419 est,
2320 1363 2663 1423 praestemus,
2689 1370 2752 1410 ac
2788 1354 3031 1425 Virginis
3070 1362 3481 1420 translationem

1910 1440 2115 1496 honore
2146 1458 2542 1511 prosequamur
2572 1461 2585 1496 :
2623 1445 2995 1515 coslorumque
3041 1449 3293 1504 sublimia
3326 1462 3480 1507 tran-

1908 1535 2281 1598 scendentem,
2317 1551 2417 1605 pro
2451 1535 2598 1589 virili
2642 1547 2827 1591 nostra
2859 1577 2874 1603 ,
2918 1550 3236 1611 quantoque
3282 1560 3478 1601 ornatu

1904 1642 2219 1697 possumus,
2246 1627 2605 1695 deducamus,
2661 1637 2821 1699 atque
2844 1646 2871 1683 a
2892 1634 3043 1701 gravi
3069 1647 3133 1689 ac
3155 1636 3479 1695 detrahente

1906 1721 2154 1786 materia,
2195 1730 2458 1789 quantum
2506 1722 2709 1776 attollit
2759 1724 3007 1792 spiritus,
3039 1729 3315 1791 translati,
3352 1748 3480 1785 cum

1907 1810 2192 1880 spiritibus
2221 1813 2499 1868 cmlitibus
2531 1814 2586 1867 in
2618 1814 2788 1869 altum
2840 1815 3229 1873 subvehamur.
3262 1820 3479 1886 Quibus

1836 1881 1877 1937 Β
1907 1912 2084 1959 autem
2121 1907 2609 1962 acclamationibus
2676 1907 3006 1976 triumphum
3052 1925 3479 1980 prosequemur,

1905 2012 2080 2067 quave
2126 1999 2339 2053 ratione
2376 2001 2635 2054 honorem
2671 2001 2910 2056 debitum
2940 2001 3270 2059 offeremus?
3297 2007 3378 2059 An
3410 2023 3477 2062 ex

1904 2091 2170 2145 altissima
2187 2093 2449 2146 cmlorum
2476 2093 2696 2161 regione
2721 2095 3043 2163 coryphazos
3067 2096 3474 2161 advocabimus,

1903 2195 1966 2235 ac
1998 2182 2236 2236 maxime
2263 2184 2431 2258 illius,
2462 2199 2579 2251 qua:
2620 2183 2672 2237 in
2701 2184 2881 2239 laudis
2922 2198 3303 2255 argumentum
3350 2205 3477 2259 pro-

1902 2271 2139 2341 ponitur,
2167 2287 2326 2326 avum
2350 2272 2548 2344 Regem
2577 2275 2785 2343 ?atque
2812 2276 2898 2328 ubi
2928 2277 2996 2329 ab
3018 2278 3097 2330 eis
3114 2276 3473 2340 audierimus,

1901 2360 2099 2429 quibus
2130 2361 2233 2431 ipsi
2262 2361 2437 2417 modis
2471 2362 2642 2430 elogia
2666 2366 3000 2418 concinnent
3022 2375 3338 2434 aptentqne,
3362 2366 3476 2421 illo-

1900 2468 2019 2507 rum
2044 2468 2143 2508 nos
2161 2469 2311 2509 more
2328 2455 2546 2509 laudum
2568 2457 2834 2524 przeconia
2865 2457 3151 2514 reddemus
3176 2459 3198 2512 ?
3223 2459 3476 2515 Arbitror

1898 2544 2147 2613 equidem
2182 2546 2353 2616 ipsos,
2399 2548 2605 2615 quibus
2652 2548 2803 2617 prius
2852 2550 3226 2613 celebrabant,
3277 2552 3473 2607 iisdem

1898 2636 2269 2689 encomiorum
2301 2638 2613 2706 generibus,
2650 2640 2948 2695 etiamnum
2985 2644 3060 2695 uti
3089 2661 3102 2695 :
3138 2659 3261 2697 nam
3298 2659 3472 2713 neque

1897 2729 2165 2781 nostratia
2205 2737 2387 2793 erant,
2434 2744 2554 2798 quae
2600 2738 2734 2785 tunc
2780 2734 3198 2800 personabant,
3254 2736 3470 2789 tametsi

1899 2818 2040 2872 inter
2061 2826 2333 2873 nostrates
2353 2819 2751 2889 psallerentur:
2780 2822 2874 2876 sed
2899 2823 2954 2884 ii,
2981 2825 3200 2877 ecelitus
3224 2824 3471 2879 instincti

1896 2924 1958 2964 ac
2008 2912 2226 2979 impulsi
2281 2913 2570 2966 canebant.
2626 2913 2732 2969 Fas
2775 2914 2958 2983 itaque
3007 2926 3113 2980 cst,
3153 2930 3215 2970 ac
3261 2916 3466 2971 rationi

1893 3013 2341 3069 consentaneum,
2388 3012 2447 3058 ut
2492 3003 2653 3060 iidem
2699 3004 2963 3061 hodierna
3017 3008 3157 3072 luce,
3216 3008 3466 3078 pristinis

1892 3095 1999 3149 illis
2023 3095 2241 3148 laudum
2267 3096 2642 3162 concentibus,
2666 3112 2766 3152 ceu
2786 3099 3125 3164 caelestibus,
3150 3099 3241 3153 Dei
3274 3100 3466 3157 Matris

218 3195 692 3265 παραλαμϐάνειν.
762 3194 921 3249 Ἀλλὰ
969 3196 1164 3267 μικρὸν
1214 3197 1244 3248 ὁ
1291 3195 1448 3264 λόγος
1477 3197 1788 3267 παρρησια-
1816 3234 1859 3293 c
1894 3186 1947 3239 ill

1836 3234 1858 3255 ,
1894 3186 1947 3239 in
1980 3186 2148 3238 caelos
2183 3184 2473 3238 adventum
2505 3186 2777 3242 honorent
2808 3204 2824 3241 :
2856 3203 2993 3257 quos
3017 3199 3071 3244 et
3106 3191 3267 3247 nobis
3298 3207 3469 3246 usur-

1836 3268 2009 3293 J_-,,-
2059 3290 2146 3293 -,,-
2188 3284 2257 3293 ,Α
2320 3275 2463 3293 Ιοκγ.
2570 3277 2581 3287 ·
2889 3280 2919 3293 ι.
3112 3289 3123 3293 -
3264 3282 3275 3293 ο
3358 3282 3369 3293 ι

218 3283 419 3351 ζέσθω,
471 3286 567 3339 καὶ
604 3286 679 3357 μὴ
713 3284 872 3355 μόνον
908 3287 1101 3351 τοῦτο,
1133 3287 1232 3357 τὴν
1266 3288 1561 3358 εὐφημίαν,
1616 3287 1789 3340 καθά-

213 3389 325 3443 περ
364 3377 517 3431 οὐδὲν
556 3378 682 3432 ἄλλο
712 3378 955 3448 θαρρεῖν,
988 3378 1253 3448 ἑπόμενος
1290 3378 1610 3448 πληρούτω.
1655 3377 1791 3431 ἀλλὰ

218 3466 315 3518 καὶ
340 3466 478 3537 αὐτῇ
502 3466 737 3537 προσιὼν
761 3469 827 3537 τῇ
853 3467 1241 3537 εὐφημουμένῃ
1272 3467 1691 3538 προσομιλείτω.

1898 3276 2014 3345 pari
2050 3284 2283 3344 oportet.
2319 3275 2469 3331 Licet
2495 3277 2664 3343 enim,
2710 3292 2811 3333 nec
2847 3280 3017 3334 ullum
3045 3289 3131 3335 est
3164 3282 3470 3352 periculum

1899 3378 1961 3423 ut
2019 3368 2289 3437 ejusmodi
2356 3367 2685 3437 usurpemus
2750 3369 2960 3426 laudes.
3025 3371 3227 3428 Verum
3291 3375 3470 3429 oratio

1900 3460 2177 3532 paululum
2233 3459 2304 3512 sit
2353 3458 2623 3523 liberior;
2661 3475 2762 3515 nec
2806 3464 2983 3516 solum
3034 3463 3269 3518 faustam
3318 3466 3467 3518 illam

217 3561 695 3626 acclamationem,
737 3576 799 3615 ac
844 3563 891 3615 si
928 3562 1137 3615 nullum
1188 3562 1333 3616 aliud
1382 3565 1783 3633 prmconiorum
1822 3556 2132 3627 exemplum
2156 3555 2309 3624 sequi
2340 3556 2505 3619 ausit,
2527 3564 2785 3625 usurpet;
2836 3573 3022 3613 verum
3071 3561 3235 3615 etiam
3290 3560 3467 3631 ipsam

216 3654 434 3717 adiens,
462 3668 583 3723 quae
611 3652 883 3722 praeconio
909 3653 1232 3718 celebratur,
1261 3670 1387 3708 cum
1422 3654 1512 3709 illa
1542 3654 1796 3708 coruinus
1824 3657 1967 3721 agat.

290 3747 358 3800 Τί
387 3763 469 3799 σοι
496 3749 525 3799 ό
551 3745 619 3799 τὰ
644 3745 902 3816 μεγαλεῖα
935 3750 1166 3816 ποιήσας
1222 3748 1394 3818 μέγας
1428 3748 1574 3813 Υἱὸς,
1618 3751 1789 3818 ὐπερ-

216 3836 560 3907 ευλογημένη
602 3839 841 3905 σήμερον
867 3838 1045 3903 ποιεῐ;
1080 3837 1143 3888 Τί
1166 3838 1407 3905 γίνεται;
1460 3840 1524 3890 Τί
1556 3839 1616 3891 τὸ
1652 3839 1792 3909 ὁρώ-

218 3945 419 4000 μενονς
475 3928 549 3980 'll
598 3926 698 3998 τὴν
757 3927 985 3981 κιϐωτόν
1031 3945 1089 3980 σε
1139 3929 1231 3982 τοῦ
1288 3930 1619 4001 άγιάσματος
1650 3946 1663 3960 ·
1698 3930 1791 3982 τὸν

213 4024 470 4092 εὐπρεπῆ
520 4020 821 4090 νυμφῶνα’
872 4022 961 4073 τὸν
1017 4021 1291 4075 θειότατον
1343 4021 1531 4092 θρόνον
1603 4024 1681 4085 είς
1732 4022 1792 4074 τὸ

214 4114 361 4167 θεῖον
382 4112 575 4165 ἐαυτοῦ
603 4111 900 4180 ἀνάκτορον
929 4113 1251 4182 μετατίθησι
1272 4129 1286 4143 ο
1305 4114 1405 4183 τὴν
1430 4115 1489 4177 ἐξ
1515 4110 1581 4183 ἧς
1607 4113 1788 4165 λαϐὼν

212 4203 313 4272 τὴν
354 4200 619 4272 σαρκίνην
654 4200 845 4270 στολὴν
898 4204 1018 4270 μετ’
1046 4202 1347 4272 ἀνθρώπων
1380 4202 1787 4266 ἐπολιτεύσατο,

212 4297 274 4347 ἐν
307 4294 552 4363 ὑψίστοις
583 4293 738 4363 φέρει
770 4293 1164 4364 συνδιατρίϐειν
1207 4295 1318 4347 τῶν
1354 4295 1625 4364 σαρκίνων
1660 4296 1789 4347 ἁνα-

212 4382 506 4453 λαμϐάνων
528 4397 540 4409 ·
584 4382 678 4434 καί
702 4398 784 4434 σοι
816 4384 1037 4452 πάρεισι
1072 4382 1528 4453 λειτουργοῦντες,
1560 4386 1706 4436 πᾶσα
1755 4385 1788 4452 ἡ

209 4474 407 4544 ἐκείνῳ
440 4474 829 4544 λειτουργοῦσα
894 4476 1073 4542 τάξις·
1127 4477 1372 4543 ἀγγέλων
1404 4476 1603 4545 δῆμον
1654 4493 1788 4546 προ-

210 4566 399 4636 φητῶν
443 4571 679 4637 χορεῖαιο
730 4567 780 4621 οί
825 4567 1015 4637 ὡραῖοι
1044 4567 1137 4620 τοῦ
1187 4568 1279 4621 σοῦ
1331 4568 1534 4638 ὡραίου
1586 4568 1783 4632 Παιδὸς

211 4657 459 4729 μαθηταί
482 4674 498 4689 ο
536 4661 605 4712 τὰ
636 4659 745 4713 τῶν
768 4660 1087 4714 καλλινίκων
1111 4661 1405 4731 μαρτύρων
1435 4661 1777 4730 συστήματα·

207 4750 398 4804 ἅπασα
435 4750 704 4821 παρθένος
733 4752 901 4821 ψυχὴ,
936 4750 1026 4805 καὶ
1056 4752 1191 4823 πρὸς
1212 4752 1309 4823 τὴν
1340 4752 1615 4823 νυμφικὴν
1640 4754 1778 4805 ἁπό-

206 4837 401 4902 λεκτος
445 4841 692 4897 παστάδα
726 4840 819 4894 σοῦ
870 4842 963 4894 τοῦ
993 4838 1091 4911 τῆς
1122 4843 1415 4913 παρθενίας
1469 4844 1778 4913 ἀγάλματος

206 4931 466 5001 προΐασιν
495 4933 553 4985 ἐν
574 4932 902 5004 εὐφροσύνῃ.
939 4934 1158 5004 Ἐπειδὴ
1191 4936 1301 5007 γὰρ
1329 4935 1497 5004 ἐχρῆν
1514 4934 1777 5005 ἀνασχοῦ-

209 5039 313 5075 σαν
342 5022 543 5093 θνητῆς
571 5025 843 5096 γεωργίας
868 5025 1174 5089 ἀκολούθως
1222 5044 1281 5079 σε
1321 5030 1384 5097 τῇ
1418 5026 1621 5100 βλάστῃ
1646 5029 1778 5099 πρὸς

205 5114 277 5166 τά
321 5111 440 5165 θεῖα
492 5115 926 5186 συγκομισθῆναι
972 5119 1205 5186 ταμεῖα,
1254 5117 1584 5189 λειτουργεῖς
1632 5118 1779 5187 νόμῳ

206 5205 440 5275 θνητῶν,
480 5207 575 5258 καὶ
602 5206 845 5275 ὁμιλεῖς,
898 5201 943 5260 ὦ
993 5207 1085 5261 τοῦ
1129 5208 1282 5278 ἡλίου
1325 5210 1662 5279 φαεινότερα,
1704 5208 1780 5278 τῷ

209 5293 521 5365 σκυθρωπῷ
578 5298 857 5367 προσιόντι
900 5299 1153 5369 θανάτῳ⁶
1208 5300 1348 5369 πλὴν
1402 5300 1501 5368 τῆς
1539 5302 1777 5371 ἀρρήτου

204 5386 562 5456 φαιδρότητος
609 5389 643 5458 ἡ
677 5389 983 5459 παρουσία,
1039 5390 1190 5443 οὐδὲν
1238 5394 1508 5461 συγχωρεῖ
1532 5394 1598 5462 τῇ
1651 5409 1779 5444 σκυ-

202 5479 517 5551 θρωπότητι
550 5481 829 5551 ἐνοχλεῖν
851 5483 1050 5553 χειρῶν
1092 5484 1189 5553 μὲν
1211 5485 1452 5549 ἐκείνων,
1489 5482 1577 5547 αἷς
1602 5488 1780 5540 πάντα

201 5571 514 5641 συνέχεται,
552 5571 650 5641 τὴν
678 5572 1020 5642 πανάμωμον
1073 5573 1377 5645 δεχομένων
1417 5575 1632 5646 ψυχήν·
1685 5576 1778 5629 τοῦ

201 5664 253 5717 Et
290 5660 557 5733 καθαροῦ,
593 5662 690 5716 καὶ
736 5664 967 5718 ἀσπίλου
1006 5665 1255 5736 σώματος
1285 5670 1343 5721 ἐν
1372 5667 1778 5739 καθαρωτάτοις

275 5836 370 5869 ’δ”
403 5835 537 5891 Luc.
571 5853 609 5900 t,
646 5836 729 5891 49.

541 5928 808 5989 ιἈτιιυι.
852 5929 967 5988 Gn.
1006 5928 1186 5988 CVII.

1808 4618 1862 4678 D

1960 3744 2099 3810 Quid
2115 3758 2243 3796 vero
2263 3742 2331 3805 is,
2347 3742 2436 3807 qui
2456 3757 2647 3811 magna
2663 3744 2761 3798 tibi
2781 3760 3008 3815 magnus
3022 3744 3190 3802 Filius
3206 3745 3463 3811 fecit'M,

1889 3853 1923 3892 ο
1952 3845 2034 3890 ter
2073 3831 2381 3896 benedicta,
2412 3834 2510 3887 tibi
2553 3834 2715 3889 hodie
2758 3835 2887 3890 facit
2918 3837 2941 3889 ?
2974 3836 3244 3902 Quidnam
3277 3855 3461 3896 rerum

1889 3930 2070 3985 evenit
2100 3928 2122 3982 ?
2152 3927 2291 3993 Quid
2316 3927 2460 3981 istud
2494 3927 2638 3995 quod
2662 3929 2938 3983 cernimus
2964 3930 2986 3983 ?
3019 3930 3163 3985 Sane
3194 3946 3377 3986 arcam
3413 3943 3466 3989 te

1890 4018 2367 4083 sanctificationis,
2403 4019 2844 4074 honestissimum
2882 4021 3203 4085 thalamum,
3233 4023 3465 4080 divinis-

1891 4113 2089 4167 sitnum
2126 4111 2381 4165 thronum
2420 4110 2473 4163 in
2514 4110 2757 4163 divinum
2807 4126 2966 4165 suum
3020 4113 3283 4168 transfert
3319 4123 3458 4169 tem-

1890 4204 2083 4273 plum:
2122 4217 2264 4266 eam,
2312 4215 2377 4254 ex
2422 4214 2528 4269 qua
2574 4215 2738 4255 carne
2785 4212 2999 4269 sumpta
3040 4202 3183 4258 inter
3214 4204 3462 4261 homines

1888 4299 2140 4346 versatus
2182 4299 2284 4356 est,
2336 4289 2402 4343 ad
2450 4289 2707 4343 sublimia
2762 4293 2885 4345 ςαξιί
2928 4291 3212 4358 transfert,
3252 4308 3316 4347 ex
3356 4294 3459 4349 hoc

1891 4381 2106 4435 mortali
2174 4388 2317 4434 statu
2371 4378 2661 4442 eductam;
2713 4380 2920 4449 tibique
2968 4382 3147 4437 onmis
3200 4384 3334 4438 ordo
3382 4386 3457 4440 illi

1891 4472 2318 4526 ministrantium
2360 4470 2620 4525 satellitio
2658 4470 2850 4525 adest:
2879 4473 3193 4541 angelorum
3242 4483 3455 4541 turmae,

1890 4566 2276 4635 prophetarum
2300 4562 2475 4628 ebori,
2508 4563 2813 4632 speciosum
2843 4562 3238 4633 discipulorum
3261 4582 3456 4636 agmen

1890 4655 2127 4727 speciosi
2164 4654 2286 4709 Filii
2330 4654 2443 4721 tui,
2488 4654 2782 4725 insignium
2836 4656 3105 4709 victorum
3154 4671 3453 4727 martyrum

1888 4756 2184 4815 exercitus,
2234 4764 2428 4804 omnes
2463 4750 2659 4802 animae
2699 4748 2962 4818 virgines,
2994 4746 3302 4830 Sponsique
3334 4751 3455 4804 tbao

1889 4845 2035 4898 lamo
2052 4842 2325 4897 destinata
2354 4842 2573 4903 cohors.
2606 4841 2728 4905 tibi,
2755 4857 2875 4910 qua!
2896 4842 3223 4912 virginitatis
3252 4844 3451 4911 imago,

1886 4936 2180 5002 vivumque
2238 4933 2591 4987 simulacrum
2656 4934 2927 4997 exsistas,
2977 4933 3032 4986 in
3088 4934 3463 4989 exsultatione

1887 5026 2152 5095 obsequio
2178 5025 2352 5094 praeit.
2372 5024 2639 5090 Quoniam
2661 5025 2803 5078 enim
2826 5032 2879 5079 te
2904 5025 3252 5080 mortalitatis
3276 5041 3453 5080 messe

1889 5118 2184 5178 succisam,
2208 5124 2609 5184 consequenter
2636 5129 2742 5168 una
2766 5130 2889 5169 cum
2913 5116 3151 5184 germine
3178 5116 3231 5168 in
3260 5116 3445 5169 divina

1888 5212 2081 5261 horrea
2120 5207 2252 5261 ferri
2281 5206 2585 5276 oportebat,
2618 5206 2929 5260 mortalium
2974 5206 3076 5274 legi
3108 5207 3449 5275 obsequeris,

1887 5314 1951 5352 ac
2006 5313 2128 5352 eum
2184 5296 2328 5352 tristi
2376 5311 2439 5349 ac
2478 5305 2596 5349 atra
2644 5306 2840 5361 morte,
2895 5304 2952 5351 tu
3000 5298 3114 5352 sole
3163 5298 3449 5363 illustrior,

1888 5389 2256 5459 congrederis,
2316 5402 2627 5457 quanquam
2668 5389 2956 5444 ineﬂ‘abilis
3002 5390 3270 5445 claritatis
3314 5406 3454 5460 prae-

1888 5483 2086 5543 sentia,
2127 5482 2265 5535 nibil
2292 5488 2483 5534 mortts
2510 5482 2654 5534 illam
2689 5481 3135 5547 severitudinem,
3168 5482 3450 5536 molestam

1886 5589 2009 5629 esse
2037 5572 2210 5627 sinit:
2241 5587 2365 5626 cum
2396 5571 2503 5625 ill-.e
2542 5572 2760 5641 quidem
2794 5587 3010 5639 manus,
3038 5572 3239 5642 quibus
3266 5573 3452 5627 omnia

1886 5667 2264 5731 continentur,
2280 5664 2816 5720 intemeratissimam
2834 5665 3175 5736 susciperent
3192 5665 3454 5730 animam;

2927 5933 2957 5991 ὓ
