  <div class='ocr_page' id='page_1' title='image "/cluster/home/n/w/nwhite01/storage/ocr_20150623/107/nnc1.0046980040/143.png"; bbox 0 0 4232 6444; ppageno 0'>
   <div class='ocr_carea' id='block_1_1' title="bbox 778 422 877 481">
    <p class='ocr_par' dir='ltr' id='par_1_1' title="bbox 778 422 877 481">
     <span class='ocr_line' id='line_1_1' title="bbox 778 422 877 481; baseline 0 0"><span class='ocrx_word' id='word_1_1' title='bbox 778 422 877 481; x_wconf 78' lang='lat'><strong>163</strong></span> 
     </span>
    </p>
   </div>
   <div class='ocr_carea' id='block_1_2' title="bbox 1988 422 2753 482">
    <p class='ocr_par' dir='ltr' id='par_1_2' title="bbox 1988 422 2753 482">
     <span class='ocr_line' id='line_1_2' title="bbox 1988 422 2753 482; baseline 0.001 -2"><span class='ocrx_word' id='word_1_2' title='bbox 1988 422 2181 480; x_wconf 72' lang='lat' dir='ltr'><strong>LEOX</strong></span> <span class='ocrx_word' id='word_1_3' title='bbox 2196 422 2261 481; x_wconf 83' lang='lat' dir='ltr'><strong>lS</strong></span> <span class='ocrx_word' id='word_1_4' title='bbox 2300 424 2427 482; x_wconf 74' lang='lat' dir='ltr'><strong>I’lli</strong></span> <span class='ocrx_word' id='word_1_5' title='bbox 2440 422 2753 481; x_wconf 82' lang='lat' dir='ltr'><strong>[.OSOPHI</strong></span> 
     </span>
    </p>
   </div>
   <div class='ocr_carea' id='block_1_3' title="bbox 3902 425 4002 483">
    <p class='ocr_par' dir='ltr' id='par_1_3' title="bbox 3902 425 4002 483">
     <span class='ocr_line' id='line_1_3' title="bbox 3902 425 4002 483; baseline -0.01 0"><span class='ocrx_word' id='word_1_6' title='bbox 3902 425 4002 483; x_wconf 67' lang='grc'><strong>164</strong></span> 
     </span>
    </p>
   </div>
   <div class='ocr_carea' id='block_1_4' title="bbox 772 529 2443 602">
    <p class='ocr_par' dir='ltr' id='par_1_4' title="bbox 772 529 2443 601">
     <span class='ocr_line' id='line_1_4' title="bbox 772 529 2443 601; baseline 0 -16"><span class='ocrx_word' id='word_1_7' title='bbox 772 529 1034 586; x_wconf 82' lang='lat' dir='ltr'><strong>mundum</strong></span> <span class='ocrx_word' id='word_1_8' title='bbox 1067 539 1241 584; x_wconf 85' lang='lat' dir='ltr'><strong>autem</strong></span> <span class='ocrx_word' id='word_1_9' title='bbox 1296 546 1356 583; x_wconf 89' lang='lat' dir='ltr'><strong>ac</strong></span> <span class='ocrx_word' id='word_1_10' title='bbox 1387 531 1789 583; x_wconf 86' lang='lat' dir='ltr'><strong>immacu.atum</strong></span> <span class='ocrx_word' id='word_1_11' title='bbox 1822 545 2042 601; x_wconf 81' lang='lat' dir='ltr'><strong>corpus,</strong></span> <span class='ocrx_word' id='word_1_12' title='bbox 2068 534 2119 584; x_wconf 91' lang='lat' dir='ltr'><strong>in</strong></span> <span class='ocrx_word' id='word_1_13' title='bbox 2155 533 2331 600; x_wconf 81' lang='lat' dir='ltr'><strong>puris-</strong></span> <span class='ocrx_word' id='word_1_14' title='bbox 2360 539 2406 593; x_wconf 73' lang='grc' dir='ltr'><strong>Α</strong></span> <span class='ocrx_word' id='word_1_15' title='bbox 2438 552 2443 600; x_wconf 72' lang='grc' dir='ltr'>ι</span> 
     </span>
    </p>
   </div>
   <div class='ocr_carea' id='block_1_5' title="bbox 2323 529 3994 602">
    <p class='ocr_par' dir='ltr' id='par_1_5' title="bbox 2323 531 3994 602">
     <span class='ocr_line' id='line_1_5' title="bbox 2323 531 3994 602; baseline 0.001 -19"><span class='ocrx_word' id='word_1_16' title='bbox 2323 539 2406 593; x_wconf 73' lang='grc' dir='ltr'><strong>-Α</strong></span> <span class='ocrx_word' id='word_1_17' title='bbox 2438 532 2827 601; x_wconf 74' lang='grc' dir='ltr'><strong>μεθισταμένου</strong></span> <span class='ocrx_word' id='word_1_18' title='bbox 2877 532 3114 602; x_wconf 78' lang='grc' dir='ltr'>χωρίοις.</span> <span class='ocrx_word' id='word_1_19' title='bbox 3152 533 3271 584; x_wconf 80' lang='grc' dir='ltr'>Ὅτι</span> <span class='ocrx_word' id='word_1_20' title='bbox 3308 532 3608 595; x_wconf 78' lang='grc' dir='ltr'>ἐϐάστασας</span> <span class='ocrx_word' id='word_1_21' title='bbox 3640 531 3773 584; x_wconf 81' lang='grc' dir='ltr'>Θεὸν</span> <span class='ocrx_word' id='word_1_22' title='bbox 3817 536 3994 600; x_wconf 82' lang='grc' dir='ltr'>σάρκα</span> 
     </span>
    </p>
   </div>
   <div class='ocr_carea' id='block_1_6' title="bbox 773 619 2333 685">
    <p class='ocr_par' dir='ltr' id='par_1_6' title="bbox 773 619 2333 685">
     <span class='ocr_line' id='line_1_6' title="bbox 773 619 2333 685; baseline 0.001 -10"><span class='ocrx_word' id='word_1_23' title='bbox 773 624 908 675; x_wconf 79' lang='lat' dir='ltr'><strong>sima</strong></span> <span class='ocrx_word' id='word_1_24' title='bbox 936 621 1052 675; x_wconf 89' lang='lat' dir='ltr'><strong>loca</strong></span> <span class='ocrx_word' id='word_1_25' title='bbox 1084 619 1493 674; x_wconf 79' lang='lat' dir='ltr'><strong>transferretur.</strong></span> <span class='ocrx_word' id='word_1_26' title='bbox 1520 620 1671 685; x_wconf 75' lang='lat' dir='ltr'><strong>Quod</strong></span> <span class='ocrx_word' id='word_1_27' title='bbox 1696 619 1862 674; x_wconf 85' lang='lat' dir='ltr'><strong>Deum</strong></span> <span class='ocrx_word' id='word_1_28' title='bbox 1893 635 2057 674; x_wconf 90' lang='lat' dir='ltr'><strong>carne</strong></span> <span class='ocrx_word' id='word_1_29' title='bbox 2083 620 2333 676; x_wconf 90' lang='lat' dir='ltr'><strong>indutum</strong></span> 
     </span>
    </p>
   </div>
   <div class='ocr_carea' id='block_1_7' title="bbox 773 712 2335 782">
    <p class='ocr_par' dir='ltr' id='par_1_7' title="bbox 773 712 2335 782">
     <span class='ocr_line' id='line_1_7' title="bbox 773 712 2335 782; baseline 0.001 -14"><span class='ocrx_word' id='word_1_30' title='bbox 773 722 1062 782; x_wconf 81' lang='lat' dir='ltr'><strong>gestasscs,</strong></span> <span class='ocrx_word' id='word_1_31' title='bbox 1098 712 1190 765; x_wconf 84' lang='lat' dir='ltr'><strong>Dei</strong></span> <span class='ocrx_word' id='word_1_32' title='bbox 1224 712 1340 781; x_wconf 87' lang='lat' dir='ltr'><strong>ipsa</strong></span> <span class='ocrx_word' id='word_1_33' title='bbox 1372 712 1622 766; x_wconf 87' lang='lat' dir='ltr'><strong>manibus</strong></span> <span class='ocrx_word' id='word_1_34' title='bbox 1654 715 1907 781; x_wconf 85' lang='lat' dir='ltr'><strong>gestaris,</strong></span> <span class='ocrx_word' id='word_1_35' title='bbox 1949 713 2042 766; x_wconf 89' lang='lat' dir='ltr'><strong>ubi</strong></span> <span class='ocrx_word' id='word_1_36' title='bbox 2086 715 2335 770; x_wconf 84' lang='lat' dir='ltr'><strong>cxuisscs</strong></span> 
     </span>
    </p>
   </div>
   <div class='ocr_carea' id='block_1_8' title="bbox 771 803 2336 876">
    <p class='ocr_par' dir='ltr' id='par_1_8' title="bbox 771 803 2336 876">
     <span class='ocr_line' id='line_1_8' title="bbox 771 803 2336 876; baseline 0.003 -18"><span class='ocrx_word' id='word_1_37' title='bbox 771 820 1010 858; x_wconf 89' lang='lat' dir='ltr'><strong>carnem.</strong></span> <span class='ocrx_word' id='word_1_38' title='bbox 1036 803 1336 859; x_wconf 84' lang='lat' dir='ltr'><strong>Maternum</strong></span> <span class='ocrx_word' id='word_1_39' title='bbox 1365 806 1683 876; x_wconf 83' lang='lat' dir='ltr'><strong>obsequium</strong></span> <span class='ocrx_word' id='word_1_40' title='bbox 1712 808 1962 869; x_wconf 91' lang='lat' dir='ltr'><strong>tuo,siue</strong></span> <span class='ocrx_word' id='word_1_41' title='bbox 1989 805 2167 872; x_wconf 84' lang='lat' dir='ltr'><strong>Patre,</strong></span> <span class='ocrx_word' id='word_1_42' title='bbox 2199 806 2336 862; x_wconf 87' lang='lat' dir='ltr'><strong>Filio</strong></span> 
     </span>
    </p>
   </div>
   <div class='ocr_carea' id='block_1_9' title="bbox 770 895 2337 966">
    <p class='ocr_par' dir='ltr' id='par_1_9' title="bbox 770 895 2337 966">
     <span class='ocr_line' id='line_1_9' title="bbox 770 895 2337 966; baseline 0.001 -16"><span class='ocrx_word' id='word_1_43' title='bbox 770 895 1061 958; x_wconf 87' lang='lat' dir='ltr'><strong>detuleras,</strong></span> <span class='ocrx_word' id='word_1_44' title='bbox 1103 911 1227 950; x_wconf 91' lang='lat' dir='ltr'><strong>cum</strong></span> <span class='ocrx_word' id='word_1_45' title='bbox 1271 898 1357 951; x_wconf 89' lang='lat' dir='ltr'><strong>ille</strong></span> <span class='ocrx_word' id='word_1_46' title='bbox 1404 898 1667 952; x_wconf 90' lang='lat' dir='ltr'><strong>mundum</strong></span> <span class='ocrx_word' id='word_1_47' title='bbox 1717 898 2137 966; x_wconf 79' lang='lat' dir='ltr'><strong>ingrederetur:</strong></span> <span class='ocrx_word' id='word_1_48' title='bbox 2194 915 2337 953; x_wconf 92' lang='lat' dir='ltr'><strong>nunc</strong></span> 
     </span>
    </p>
   </div>
   <div class='ocr_carea' id='block_1_10' title="bbox 770 987 2336 1061">
    <p class='ocr_par' dir='ltr' id='par_1_10' title="bbox 770 987 2336 1061">
     <span class='ocr_line' id='line_1_10' title="bbox 770 987 2336 1061; baseline 0.005 -24"><span class='ocrx_word' id='word_1_49' title='bbox 770 987 1030 1040; x_wconf 91' lang='lat' dir='ltr'><strong>mundum</strong></span> <span class='ocrx_word' id='word_1_50' title='bbox 1091 988 1206 1058; x_wconf 86' lang='lat' dir='ltr'><strong>ipsa</strong></span> <span class='ocrx_word' id='word_1_51' title='bbox 1251 989 1558 1056; x_wconf 88' lang='lat' dir='ltr'><strong>egrediens,</strong></span> <span class='ocrx_word' id='word_1_52' title='bbox 1612 991 1730 1061; x_wconf 89' lang='lat' dir='ltr'><strong>ejus</strong></span> <span class='ocrx_word' id='word_1_53' title='bbox 1774 990 2021 1045; x_wconf 78' lang='lat' dir='ltr'><strong>vicissim</strong></span> <span class='ocrx_word' id='word_1_54' title='bbox 2072 991 2336 1060; x_wconf 90' lang='lat' dir='ltr'><strong>obsequio</strong></span> 
     </span>
    </p>
   </div>
   <div class='ocr_carea' id='block_1_11' title="bbox 770 1078 2335 1152">
    <p class='ocr_par' dir='ltr' id='par_1_11' title="bbox 770 1078 2335 1152">
     <span class='ocr_line' id='line_1_11' title="bbox 770 1078 2335 1152; baseline 0.003 -23"><span class='ocrx_word' id='word_1_55' title='bbox 770 1078 990 1141; x_wconf 70' lang='lat' dir='ltr'><strong>foveris,</strong></span> <span class='ocrx_word' id='word_1_56' title='bbox 1017 1079 1165 1131; x_wconf 88' lang='lat' dir='ltr'><strong>omni</strong></span> <span class='ocrx_word' id='word_1_57' title='bbox 1193 1080 1437 1133; x_wconf 70' lang='lat' dir='ltr'><strong>coalitum</strong></span> <span class='ocrx_word' id='word_1_58' title='bbox 1467 1082 1656 1145; x_wconf 89' lang='lat' dir='ltr'><strong>choro,</strong></span> <span class='ocrx_word' id='word_1_59' title='bbox 1678 1095 1741 1134; x_wconf 90' lang='lat' dir='ltr'><strong>ac</strong></span> <span class='ocrx_word' id='word_1_60' title='bbox 1771 1080 2014 1149; x_wconf 90' lang='lat' dir='ltr'><strong>tripudio</strong></span> <span class='ocrx_word' id='word_1_61' title='bbox 2043 1091 2335 1152; x_wconf 73' lang='lat' dir='ltr'><strong>praeeunte,</strong></span> 
     </span>
    </p>
   </div>
   <div class='ocr_carea' id='block_1_12' title="bbox 769 1166 2337 1238">
    <p class='ocr_par' dir='ltr' id='par_1_12' title="bbox 769 1166 2337 1238">
     <span class='ocr_line' id='line_1_12' title="bbox 769 1166 2337 1238; baseline 0.003 -21"><span class='ocrx_word' id='word_1_62' title='bbox 769 1180 1026 1235; x_wconf 88' lang='lat' dir='ltr'><strong>moreque</strong></span> <span class='ocrx_word' id='word_1_63' title='bbox 1045 1166 1465 1236; x_wconf 91' lang='lat' dir='ltr'><strong>supplicantium</strong></span> <span class='ocrx_word' id='word_1_64' title='bbox 1493 1170 1754 1223; x_wconf 84' lang='lat' dir='ltr'><strong>honorem</strong></span> <span class='ocrx_word' id='word_1_65' title='bbox 1783 1170 2015 1223; x_wconf 86' lang='lat' dir='ltr'><strong>habente</strong></span> <span class='ocrx_word' id='word_1_66' title='bbox 2043 1188 2054 1222; x_wconf 91' lang='lat'>:</span> <span class='ocrx_word' id='word_1_67' title='bbox 2077 1171 2337 1238; x_wconf 86' lang='lat' dir='ltr'><strong>quemad-</strong></span> 
     </span>
    </p>
   </div>
   <div class='ocr_carea' id='block_1_13' title="bbox 768 1254 2341 1327">
    <p class='ocr_par' dir='ltr' id='par_1_13' title="bbox 768 1254 2341 1327">
     <span class='ocr_line' id='line_1_13' title="bbox 768 1254 2341 1327; baseline 0.007 -24"><span class='ocrx_word' id='word_1_68' title='bbox 768 1254 986 1308; x_wconf 86' lang='lat' dir='ltr'><strong>modum</strong></span> <span class='ocrx_word' id='word_1_69' title='bbox 1035 1263 1088 1308; x_wconf 88' lang='lat' dir='ltr'><strong>et</strong></span> <span class='ocrx_word' id='word_1_70' title='bbox 1128 1258 1300 1323; x_wconf 81' lang='lat' dir='ltr'><strong>prius,</strong></span> <span class='ocrx_word' id='word_1_71' title='bbox 1344 1258 1486 1310; x_wconf 88' lang='lat' dir='ltr'><strong>haud</strong></span> <span class='ocrx_word' id='word_1_72' title='bbox 1524 1258 1595 1310; x_wconf 88' lang='lat' dir='ltr'><strong>ita</strong></span> <span class='ocrx_word' id='word_1_73' title='bbox 1636 1257 1843 1327; x_wconf 83' lang='lat' dir='ltr'><strong>pridem</strong></span> <span class='ocrx_word' id='word_1_74' title='bbox 1874 1274 1937 1312; x_wconf 80' lang='lat' dir='ltr'><strong>ex</strong></span> <span class='ocrx_word' id='word_1_75' title='bbox 1974 1260 2143 1312; x_wconf 75' lang='lat' dir='ltr'><strong>Anna:</strong></span> <span class='ocrx_word' id='word_1_76' title='bbox 2187 1270 2341 1314; x_wconf 86' lang='lat' dir='ltr'><strong>utero</strong></span> 
     </span>
    </p>
   </div>
   <div class='ocr_carea' id='block_1_14' title="bbox 778 1346 2338 1419">
    <p class='ocr_par' dir='ltr' id='par_1_14' title="bbox 778 1346 2338 1419">
     <span class='ocr_line' id='line_1_14' title="bbox 778 1346 2338 1419; baseline 0.003 -19"><span class='ocrx_word' id='word_1_77' title='bbox 778 1347 829 1400; x_wconf 84' lang='lat' dir='ltr'><strong>in</strong></span> <span class='ocrx_word' id='word_1_78' title='bbox 863 1346 1034 1401; x_wconf 83' lang='lat' dir='ltr'><strong>lucem</strong></span> <span class='ocrx_word' id='word_1_79' title='bbox 1062 1356 1333 1418; x_wconf 87' lang='lat' dir='ltr'><strong>suscepta,</strong></span> <span class='ocrx_word' id='word_1_80' title='bbox 1372 1349 1613 1417; x_wconf 89' lang='lat' dir='ltr'><strong>virgineo</strong></span> <span class='ocrx_word' id='word_1_81' title='bbox 1642 1351 1881 1419; x_wconf 80' lang='lat' dir='ltr'><strong>agmine,</strong></span> <span class='ocrx_word' id='word_1_82' title='bbox 1911 1350 2338 1419; x_wconf 87' lang='lat' dir='ltr'><strong>supplicantium</strong></span> 
     </span>
    </p>
   </div>
   <div class='ocr_carea' id='block_1_15' title="bbox 772 1438 2339 1506">
    <p class='ocr_par' dir='ltr' id='par_1_15' title="bbox 772 1438 2339 1506">
     <span class='ocr_line' id='line_1_15' title="bbox 772 1438 2339 1506; baseline 0.004 -18"><span class='ocrx_word' id='word_1_83' title='bbox 772 1438 898 1500; x_wconf 89' lang='lat' dir='ltr'><strong>ritu,</strong></span> <span class='ocrx_word' id='word_1_84' title='bbox 955 1439 1007 1491; x_wconf 92' lang='lat' dir='ltr'><strong>in</strong></span> <span class='ocrx_word' id='word_1_85' title='bbox 1059 1455 1219 1491; x_wconf 83' lang='grc' dir='ltr'>ιιιιιιιη</span> <span class='ocrx_word' id='word_1_86' title='bbox 1262 1447 1450 1493; x_wconf 86' lang='lat' dir='ltr'><strong>coacto</strong></span> <span class='ocrx_word' id='word_1_87' title='bbox 1507 1440 1891 1495; x_wconf 90' lang='lat' dir='ltr'><strong>honorabaris.</strong></span> <span class='ocrx_word' id='word_1_88' title='bbox 1934 1438 2133 1494; x_wconf 80' lang='lat' dir='ltr'><strong>Verum</strong></span> <span class='ocrx_word' id='word_1_89' title='bbox 2188 1450 2339 1506; x_wconf 89' lang='lat' dir='ltr'><strong>tunc,</strong></span> 
     </span>
    </p>
   </div>
   <div class='ocr_carea' id='block_1_16' title="bbox 768 1530 2341 1606">
    <p class='ocr_par' dir='ltr' id='par_1_16' title="bbox 768 1530 2341 1606">
     <span class='ocr_line' id='line_1_16' title="bbox 768 1530 2341 1606; baseline 0.004 -24"><span class='ocrx_word' id='word_1_90' title='bbox 768 1530 914 1585; x_wconf 81' lang='lat' dir='ltr'><strong>aliud</strong></span> <span class='ocrx_word' id='word_1_91' title='bbox 943 1531 1198 1599; x_wconf 81' lang='lat' dir='ltr'><strong>quiddam</strong></span> <span class='ocrx_word' id='word_1_92' title='bbox 1230 1542 1369 1597; x_wconf 89' lang='lat' dir='ltr'><strong>erat,</strong></span> <span class='ocrx_word' id='word_1_93' title='bbox 1416 1535 1560 1604; x_wconf 91' lang='lat' dir='ltr'><strong>quod</strong></span> <span class='ocrx_word' id='word_1_94' title='bbox 1604 1534 1803 1598; x_wconf 88' lang='lat' dir='ltr'><strong>ﬁebat,</strong></span> <span class='ocrx_word' id='word_1_95' title='bbox 1878 1535 2091 1606; x_wconf 88' lang='lat' dir='ltr'><strong>aliaque</strong></span> <span class='ocrx_word' id='word_1_96' title='bbox 2132 1536 2341 1589; x_wconf 80' lang='lat' dir='ltr'><strong>ratione</strong></span> 
     </span>
    </p>
   </div>
   <div class='ocr_carea' id='block_1_17' title="bbox 768 1628 2339 1696">
    <p class='ocr_par' dir='ltr' id='par_1_17' title="bbox 768 1628 2339 1696">
     <span class='ocr_line' id='line_1_17' title="bbox 768 1628 2339 1696; baseline 0.004 -21"><span class='ocrx_word' id='word_1_97' title='bbox 768 1636 996 1691; x_wconf 90' lang='lat' dir='ltr'><strong>corpore</strong></span> <span class='ocrx_word' id='word_1_98' title='bbox 1052 1634 1374 1693; x_wconf 58' lang='lat' dir='ltr'><strong>prasentem</strong></span> <span class='ocrx_word' id='word_1_99' title='bbox 1404 1668 1417 1692; x_wconf 87' lang='lat'><strong>,</strong></span> <span class='ocrx_word' id='word_1_100' title='bbox 1459 1628 1697 1696; x_wconf 86' lang='lat' dir='ltr'><strong>virgines</strong></span> <span class='ocrx_word' id='word_1_101' title='bbox 1750 1628 2076 1696; x_wconf 84' lang='lat' dir='ltr'><strong>corporibus</strong></span> <span class='ocrx_word' id='word_1_102' title='bbox 2127 1629 2339 1682; x_wconf 65' lang='lat' dir='ltr'><strong>amictae</strong></span> 
     </span>
    </p>
   </div>
   <div class='ocr_carea' id='block_1_18' title="bbox 767 1713 2333 1788">
    <p class='ocr_par' dir='ltr' id='par_1_18' title="bbox 767 1713 2333 1788">
     <span class='ocr_line' id='line_1_18' title="bbox 767 1713 2333 1788; baseline 0.004 -24"><span class='ocrx_word' id='word_1_103' title='bbox 767 1713 1064 1782; x_wconf 81' lang='lat' dir='ltr'><strong>stipabant,</strong></span> <span class='ocrx_word' id='word_1_104' title='bbox 1106 1732 1169 1770; x_wconf 86' lang='lat' dir='ltr'><strong>ac</strong></span> <span class='ocrx_word' id='word_1_105' title='bbox 1207 1716 1589 1783; x_wconf 86' lang='lat' dir='ltr'><strong>deducebant;</strong></span> <span class='ocrx_word' id='word_1_106' title='bbox 1640 1726 1764 1788; x_wconf 86' lang='lat' dir='ltr'><strong>apte</strong></span> <span class='ocrx_word' id='word_1_107' title='bbox 1808 1721 2063 1774; x_wconf 89' lang='lat' dir='ltr'><strong>nimirum</strong></span> <span class='ocrx_word' id='word_1_108' title='bbox 2108 1730 2161 1774; x_wconf 90' lang='lat' dir='ltr'><strong>et</strong></span> <span class='ocrx_word' id='word_1_109' title='bbox 2204 1734 2333 1775; x_wconf 87' lang='lat' dir='ltr'><strong>con-</strong></span> 
     </span>
    </p>
   </div>
   <div class='ocr_carea' id='block_1_19' title="bbox 2434 618 3999 690">
    <p class='ocr_par' dir='ltr' id='par_1_19' title="bbox 2434 618 3999 690">
     <span class='ocr_line' id='line_1_19' title="bbox 2434 618 3999 690; baseline 0.003 -20"><span class='ocrx_word' id='word_1_110' title='bbox 2434 618 2823 687; x_wconf 72' lang='grc' dir='ltr'><strong>ἠμφιεσμένον,</strong></span> <span class='ocrx_word' id='word_1_111' title='bbox 2873 619 3112 689; x_wconf 76' lang='grc' dir='ltr'>βαστάζῃ</span> <span class='ocrx_word' id='word_1_112' title='bbox 3145 620 3279 672; x_wconf 74' lang='grc' dir='ltr'>Θεοῦ</span> <span class='ocrx_word' id='word_1_113' title='bbox 3322 620 3595 690; x_wconf 83' lang='grc' dir='ltr'><strong>παλάμαις</strong></span> <span class='ocrx_word' id='word_1_114' title='bbox 3637 622 3999 690; x_wconf 81' lang='grc' dir='ltr'>ἀπαμφιασαο</span> 
     </span>
    </p>
   </div>
   <div class='ocr_carea' id='block_1_20' title="bbox 2439 704 4002 787">
    <p class='ocr_par' dir='ltr' id='par_1_20' title="bbox 2439 704 4002 787">
     <span class='ocr_line' id='line_1_20' title="bbox 2439 704 4002 787; baseline 0.004 -25"><span class='ocrx_word' id='word_1_115' title='bbox 2439 711 2574 781; x_wconf 85' lang='grc' dir='ltr'>μένη</span> <span class='ocrx_word' id='word_1_116' title='bbox 2605 712 2701 781; x_wconf 81' lang='grc' dir='ltr'>τὴν</span> <span class='ocrx_word' id='word_1_117' title='bbox 2731 712 2925 783; x_wconf 84' lang='grc' dir='ltr'><strong>σάρκα.</strong></span> <span class='ocrx_word' id='word_1_118' title='bbox 2956 704 3361 782; x_wconf 80' lang='grc' dir='ltr'>Προσενήνοχας</span> <span class='ocrx_word' id='word_1_119' title='bbox 3381 714 3702 784; x_wconf 80' lang='grc' dir='ltr'>δορυφορίαν</span> <span class='ocrx_word' id='word_1_120' title='bbox 3727 718 4002 787; x_wconf 74' lang='grc' dir='ltr'>μητρικὴν</span> 
     </span>
    </p>
   </div>
   <div class='ocr_carea' id='block_1_21' title="bbox 2437 804 4002 876">
    <p class='ocr_par' dir='ltr' id='par_1_21' title="bbox 2437 804 4002 876">
     <span class='ocr_line' id='line_1_21' title="bbox 2437 804 4002 876; baseline 0.002 -21"><span class='ocrx_word' id='word_1_121' title='bbox 2437 804 2571 874; x_wconf 81' lang='grc' dir='ltr'>πρὸς</span> <span class='ocrx_word' id='word_1_122' title='bbox 2602 804 2805 873; x_wconf 84' lang='grc' dir='ltr'>κόσμον</span> <span class='ocrx_word' id='word_1_123' title='bbox 2842 806 3061 857; x_wconf 82' lang='grc' dir='ltr'>εἰσιόντι</span> <span class='ocrx_word' id='word_1_124' title='bbox 3088 804 3165 873; x_wconf 83' lang='grc' dir='ltr'>τῷ</span> <span class='ocrx_word' id='word_1_125' title='bbox 3195 804 3429 873; x_wconf 86' lang='grc' dir='ltr'>ἀπάτορί</span> <span class='ocrx_word' id='word_1_126' title='bbox 3463 822 3555 857; x_wconf 90' lang='grc' dir='ltr'><strong>σου</strong></span> <span class='ocrx_word' id='word_1_127' title='bbox 3607 806 3721 876; x_wconf 79' lang='grc' dir='ltr'><strong>Υἱῷ</strong></span> <span class='ocrx_word' id='word_1_128' title='bbox 3741 824 3755 837; x_wconf 87' lang='grc'><strong>·</strong></span> <span class='ocrx_word' id='word_1_129' title='bbox 3790 807 4002 859; x_wconf 71' lang='grc' dir='ltr'>ἀντιδοο</span> 
     </span>
    </p>
   </div>
   <div class='ocr_carea' id='block_1_22' title="bbox 2440 896 4000 968">
    <p class='ocr_par' dir='ltr' id='par_1_22' title="bbox 2440 896 4000 968">
     <span class='ocr_line' id='line_1_22' title="bbox 2440 896 4000 968; baseline -0.01 -4"><span class='ocrx_word' id='word_1_130' title='bbox 2440 899 2649 967; x_wconf 67' lang='grc' dir='ltr'>ρυφορῇ</span> <span class='ocrx_word' id='word_1_131' title='bbox 2685 896 2887 965; x_wconf 82' lang='grc' dir='ltr'>κόσμου</span> <span class='ocrx_word' id='word_1_132' title='bbox 2917 896 3157 961; x_wconf 80' lang='grc' dir='ltr'><strong>ἐξιοῦσα,</strong></span> <span class='ocrx_word' id='word_1_133' title='bbox 3200 897 3381 966; x_wconf 83' lang='grc' dir='ltr'>πάσης</span> <span class='ocrx_word' id='word_1_134' title='bbox 3407 898 3504 967; x_wconf 79' lang='grc' dir='ltr'>τῆς</span> <span class='ocrx_word' id='word_1_135' title='bbox 3551 900 3679 967; x_wconf 85' lang='grc' dir='ltr'>περὶ</span> <span class='ocrx_word' id='word_1_136' title='bbox 3708 900 3867 952; x_wconf 74' lang='grc' dir='ltr'>αὑτὸν</span> <span class='ocrx_word' id='word_1_137' title='bbox 3908 916 4000 968; x_wconf 85' lang='grc' dir='ltr'>χο-</span> 
     </span>
    </p>
   </div>
   <div class='ocr_carea' id='block_1_23' title="bbox 2440 988 4000 1060">
    <p class='ocr_par' dir='ltr' id='par_1_23' title="bbox 2440 988 4000 1060">
     <span class='ocr_line' id='line_1_23' title="bbox 2440 988 4000 1060; baseline 0.004 -23"><span class='ocrx_word' id='word_1_138' title='bbox 2440 988 2732 1058; x_wconf 84' lang='grc' dir='ltr'>ροστασίας</span> <span class='ocrx_word' id='word_1_139' title='bbox 2758 990 3256 1058; x_wconf 80' lang='grc' dir='ltr'>προπορευομένης,</span> <span class='ocrx_word' id='word_1_140' title='bbox 3280 989 3373 1042; x_wconf 79' lang='grc' dir='ltr'><strong>καὶ</strong></span> <span class='ocrx_word' id='word_1_141' title='bbox 3390 994 3455 1060; x_wconf 80' lang='grc' dir='ltr'>τῇ</span> <span class='ocrx_word' id='word_1_142' title='bbox 3480 990 3717 1043; x_wconf 81' lang='grc' dir='ltr'>λιτανεία</span> <span class='ocrx_word' id='word_1_143' title='bbox 3732 993 4000 1059; x_wconf 78' lang='grc' dir='ltr'>τιμώσης,</span> 
     </span>
    </p>
   </div>
   <div class='ocr_carea' id='block_1_24' title="bbox 2438 1079 3999 1153">
    <p class='ocr_par' dir='ltr' id='par_1_24' title="bbox 2438 1079 3999 1153">
     <span class='ocr_line' id='line_1_24' title="bbox 2438 1079 3999 1153; baseline 0 -24"><span class='ocrx_word' id='word_1_144' title='bbox 2438 1079 2621 1150; x_wconf 77' lang='grc' dir='ltr'>ὥσπερ</span> <span class='ocrx_word' id='word_1_145' title='bbox 2652 1081 2744 1133; x_wconf 77' lang='grc' dir='ltr'>καὶ</span> <span class='ocrx_word' id='word_1_146' title='bbox 2781 1080 3015 1150; x_wconf 79' lang='grc' dir='ltr'>πρόσθεν</span> <span class='ocrx_word' id='word_1_147' title='bbox 3063 1081 3235 1151; x_wconf 83' lang='grc' dir='ltr'>ὲθίμῳ</span> <span class='ocrx_word' id='word_1_148' title='bbox 3290 1080 3670 1153; x_wconf 84' lang='grc' dir='ltr'>λιτανευομένη</span> <span class='ocrx_word' id='word_1_149' title='bbox 3718 1082 3843 1151; x_wconf 80' lang='grc' dir='ltr'>ἄρτι</span> <span class='ocrx_word' id='word_1_150' title='bbox 3889 1082 3999 1133; x_wconf 78' lang='grc' dir='ltr'><strong>τῶν</strong></span> 
     </span>
    </p>
   </div>
   <div class='ocr_carea' id='block_1_25' title="bbox 2438 1171 4005 1243">
    <p class='ocr_par' dir='ltr' id='par_1_25' title="bbox 2438 1171 4005 1243">
     <span class='ocr_line' id='line_1_25' title="bbox 2438 1171 4005 1243; baseline 0.002 -20"><span class='ocrx_word' id='word_1_151' title='bbox 2438 1171 2539 1240; x_wconf 83' lang='grc' dir='ltr'>τῆς</span> <span class='ocrx_word' id='word_1_152' title='bbox 2571 1174 2773 1241; x_wconf 78' lang='grc' dir='ltr'>Ἀννης</span> <span class='ocrx_word' id='word_1_153' title='bbox 2826 1174 3067 1241; x_wconf 86' lang='grc' dir='ltr'>λαγόνων</span> <span class='ocrx_word' id='word_1_154' title='bbox 3115 1176 3192 1237; x_wconf 81' lang='grc' dir='ltr'>εἰς</span> <span class='ocrx_word' id='word_1_155' title='bbox 3228 1174 3339 1243; x_wconf 85' lang='grc' dir='ltr'>βίον</span> <span class='ocrx_word' id='word_1_156' title='bbox 3388 1175 3796 1243; x_wconf 72' lang='grc' dir='ltr'>προκύπτουσα.</span> <span class='ocrx_word' id='word_1_157' title='bbox 3840 1173 4005 1226; x_wconf 75' lang='grc' dir='ltr'><strong>Ἀ).λά</strong></span> 
     </span>
    </p>
   </div>
   <div class='ocr_carea' id='block_1_26' title="bbox 2439 1260 4003 1332">
    <p class='ocr_par' dir='ltr' id='par_1_26' title="bbox 2439 1260 4003 1332">
     <span class='ocr_line' id='line_1_26' title="bbox 2439 1260 4003 1332; baseline 0 -20"><span class='ocrx_word' id='word_1_158' title='bbox 2439 1260 2555 1312; x_wconf 81' lang='grc' dir='ltr'>τότε</span> <span class='ocrx_word' id='word_1_159' title='bbox 2599 1261 2695 1330; x_wconf 85' lang='grc' dir='ltr'>μὲν</span> <span class='ocrx_word' id='word_1_160' title='bbox 2738 1261 2863 1315; x_wconf 71' lang='grc' dir='ltr'><strong>ἄλλο</strong></span> <span class='ocrx_word' id='word_1_161' title='bbox 2894 1261 2953 1314; x_wconf 84' lang='grc' dir='ltr'>τὺ</span> <span class='ocrx_word' id='word_1_162' title='bbox 2987 1262 3268 1332; x_wconf 86' lang='grc' dir='ltr'>γινόμενον</span> <span class='ocrx_word' id='word_1_163' title='bbox 3291 1305 3305 1328; x_wconf 95' lang='grc'><strong>,</strong></span> <span class='ocrx_word' id='word_1_164' title='bbox 3354 1263 3448 1316; x_wconf 77' lang='grc' dir='ltr'><strong>καὶ</strong></span> <span class='ocrx_word' id='word_1_165' title='bbox 3477 1262 3649 1326; x_wconf 78' lang='grc' dir='ltr'>ἄλλως</span> <span class='ocrx_word' id='word_1_166' title='bbox 3692 1261 4003 1316; x_wconf 76' lang='grc' dir='ltr'>ἐλιτάνευον</span> 
     </span>
    </p>
   </div>
   <div class='ocr_carea' id='block_1_27' title="bbox 2441 1351 4003 1422">
    <p class='ocr_par' dir='ltr' id='par_1_27' title="bbox 2441 1351 4003 1422">
     <span class='ocr_line' id='line_1_27' title="bbox 2441 1351 4003 1422; baseline 0.001 -18"><span class='ocrx_word' id='word_1_167' title='bbox 2441 1351 2721 1421; x_wconf 76' lang='grc' dir='ltr'>παροῦσαν</span> <span class='ocrx_word' id='word_1_168' title='bbox 2759 1355 2815 1406; x_wconf 82' lang='grc' dir='ltr'>ἐν</span> <span class='ocrx_word' id='word_1_169' title='bbox 2850 1352 3083 1422; x_wconf 83' lang='grc' dir='ltr'>σώματι,</span> <span class='ocrx_word' id='word_1_170' title='bbox 3139 1353 3274 1421; x_wconf 81' lang='grc' dir='ltr'><strong>μετά</strong></span> <span class='ocrx_word' id='word_1_171' title='bbox 3310 1353 3564 1422; x_wconf 87' lang='grc' dir='ltr'>σώματος</span> <span class='ocrx_word' id='word_1_172' title='bbox 3591 1353 3830 1422; x_wconf 84' lang='grc' dir='ltr'>τιμῶσαι</span> <span class='ocrx_word' id='word_1_173' title='bbox 3866 1370 4003 1422; x_wconf 84' lang='grc' dir='ltr'>παρ-</span> 
     </span>
    </p>
   </div>
   <div class='ocr_carea' id='block_1_28' title="bbox 2443 1443 3997 1514">
    <p class='ocr_par' dir='ltr' id='par_1_28' title="bbox 2443 1443 3997 1514">
     <span class='ocr_line' id='line_1_28' title="bbox 2443 1443 3997 1514; baseline -0.001 -18"><span class='ocrx_word' id='word_1_174' title='bbox 2443 1444 2604 1507; x_wconf 88' lang='grc' dir='ltr'>θένοι,</span> <span class='ocrx_word' id='word_1_175' title='bbox 2634 1446 2729 1495; x_wconf 59' lang='grc' dir='ltr'><strong>καὶ⁴</strong></span> <span class='ocrx_word' id='word_1_176' title='bbox 2768 1444 2844 1513; x_wconf 83' lang='grc' dir='ltr'>τῷ</span> <span class='ocrx_word' id='word_1_177' title='bbox 2870 1444 3051 1513; x_wconf 82' lang='grc' dir='ltr'>καιρῷ</span> <span class='ocrx_word' id='word_1_178' title='bbox 3083 1443 3445 1513; x_wconf 79' lang='grc' dir='ltr'>συμϐαίνοντα</span> <span class='ocrx_word' id='word_1_179' title='bbox 3475 1444 3965 1514; x_wconf 80' lang='grc' dir='ltr'>προπομπεύουσαι</span> <span class='ocrx_word' id='word_1_180' title='bbox 3986 1458 3997 1471; x_wconf 86' lang='grc'><strong>·</strong></span> 
     </span>
    </p>
   </div>
   <div class='ocr_carea' id='block_1_29' title="bbox 2441 1534 4003 1608">
    <p class='ocr_par' dir='ltr' id='par_1_29' title="bbox 2441 1534 4003 1608">
     <span class='ocr_line' id='line_1_29' title="bbox 2441 1534 4003 1608; baseline -0.001 -21"><span class='ocrx_word' id='word_1_181' title='bbox 2441 1534 2535 1587; x_wconf 81' lang='grc' dir='ltr'>νῦν</span> <span class='ocrx_word' id='word_1_182' title='bbox 2577 1535 2621 1587; x_wconf 77' lang='grc' dir='ltr'><strong>δ’</strong></span> <span class='ocrx_word' id='word_1_183' title='bbox 2654 1534 3017 1604; x_wconf 83' lang='grc' dir='ltr'>ὲκδημούσης,</span> <span class='ocrx_word' id='word_1_184' title='bbox 3051 1534 3275 1603; x_wconf 82' lang='grc' dir='ltr'>ἕκδημοι</span> <span class='ocrx_word' id='word_1_185' title='bbox 3306 1535 3404 1603; x_wconf 84' lang='grc' dir='ltr'><strong>τῆς</strong></span> <span class='ocrx_word' id='word_1_186' title='bbox 3429 1535 3685 1606; x_wconf 78' lang='grc' dir='ltr'>σαρκίνης</span> <span class='ocrx_word' id='word_1_187' title='bbox 3721 1534 3908 1608; x_wconf 84' lang='grc' dir='ltr'>πέδης,</span> <span class='ocrx_word' id='word_1_188' title='bbox 3946 1535 4003 1587; x_wconf 82' lang='grc' dir='ltr'>αι</span> 
     </span>
    </p>
   </div>
   <div class='ocr_carea' id='block_1_30' title="bbox 2442 1624 4003 1697">
    <p class='ocr_par' dir='ltr' id='par_1_30' title="bbox 2442 1624 4003 1697">
     <span class='ocr_line' id='line_1_30' title="bbox 2442 1624 4003 1697; baseline -0.003 -19"><span class='ocrx_word' id='word_1_189' title='bbox 2442 1625 2722 1694; x_wconf 87' lang='grc' dir='ltr'>παρθένων</span> <span class='ocrx_word' id='word_1_190' title='bbox 2768 1626 2981 1695; x_wconf 71' lang='grc' dir='ltr'>ψυχαὶ,</span> <span class='ocrx_word' id='word_1_191' title='bbox 3056 1624 3405 1697; x_wconf 75' lang='grc' dir='ltr'>ἐντιμοτέραν</span> <span class='ocrx_word' id='word_1_192' title='bbox 3454 1624 3664 1679; x_wconf 83' lang='grc' dir='ltr'>ποιοῦσι</span> <span class='ocrx_word' id='word_1_193' title='bbox 3715 1624 3812 1695; x_wconf 79' lang='grc' dir='ltr'><strong>τὴν</strong></span> <span class='ocrx_word' id='word_1_194' title='bbox 3868 1639 4003 1692; x_wconf 76' lang='grc' dir='ltr'>προσ</span> 
     </span>
    </p>
   </div>
   <div class='ocr_carea' id='block_1_31' title="bbox 2437 1719 2681 1787">
    <p class='ocr_par' dir='ltr' id='par_1_31' title="bbox 2437 1719 2681 1787">
     <span class='ocr_line' id='line_1_31' title="bbox 2437 1719 2681 1787; baseline 0.004 -19"><span class='ocrx_word' id='word_1_195' title='bbox 2437 1719 2681 1787; x_wconf 84' lang='grc' dir='ltr'>πομπήν,</span> 
     </span>
    </p>
   </div>
   <div class='ocr_carea' id='block_1_32' title="bbox 765 1809 4000 1882">
    <p class='ocr_par' dir='ltr' id='par_1_32' title="bbox 765 1809 4000 1882">
     <span class='ocr_line' id='line_1_32' title="bbox 765 1809 4000 1882; baseline 0.003 -28"><span class='ocrx_word' id='word_1_196' title='bbox 765 1812 1025 1860; x_wconf 84' lang='lat' dir='ltr'><strong>sentanee</strong></span> <span class='ocrx_word' id='word_1_197' title='bbox 1067 1809 1302 1875; x_wconf 89' lang='lat' dir='ltr'><strong>corpori.</strong></span> <span class='ocrx_word' id='word_1_198' title='bbox 1336 1809 1497 1863; x_wconf 82' lang='lat' dir='ltr'><strong>Nunc</strong></span> <span class='ocrx_word' id='word_1_199' title='bbox 1532 1826 1685 1873; x_wconf 88' lang='lat' dir='ltr'><strong>vero,</strong></span> <span class='ocrx_word' id='word_1_200' title='bbox 1709 1828 1833 1867; x_wconf 91' lang='lat' dir='ltr'><strong>cum</strong></span> <span class='ocrx_word' id='word_1_201' title='bbox 1862 1814 2163 1868; x_wconf 81' lang='lat' dir='ltr'><strong>excesseris</strong></span> <span class='ocrx_word' id='word_1_202' title='bbox 2222 1826 2474 1882; x_wconf 87' lang='lat' dir='ltr'><strong>corpore,</strong></span> <span class='ocrx_word' id='word_1_203' title='bbox 2518 1810 2790 1881; x_wconf 80' lang='lat' dir='ltr'><strong>virginum</strong></span> <span class='ocrx_word' id='word_1_204' title='bbox 2845 1811 3040 1864; x_wconf 67' lang='lat' dir='ltr'><strong>anima:</strong></span> <span class='ocrx_word' id='word_1_205' title='bbox 3098 1810 3378 1881; x_wconf 87' lang='lat' dir='ltr'><strong>corporeis</strong></span> <span class='ocrx_word' id='word_1_206' title='bbox 3420 1810 3653 1865; x_wconf 83' lang='lat' dir='ltr'><strong>vinculis</strong></span> <span class='ocrx_word' id='word_1_207' title='bbox 3713 1810 4000 1871; x_wconf 70' lang='lat' dir='ltr'><strong>exsolutar,</strong></span> 
     </span>
    </p>
   </div>
   <div class='ocr_carea' id='block_1_33' title="bbox 766 1894 1725 1965">
    <p class='ocr_par' dir='ltr' id='par_1_33' title="bbox 766 1894 1725 1965">
     <span class='ocr_line' id='line_1_33' title="bbox 766 1894 1725 1965; baseline 0.008 -16"><span class='ocrx_word' id='word_1_208' title='bbox 766 1894 924 1965; x_wconf 80' lang='lat' dir='ltr'><strong>longe</strong></span> <span class='ocrx_word' id='word_1_209' title='bbox 952 1897 1403 1956; x_wconf 86' lang='lat' dir='ltr'><strong>honoriﬁcentius</strong></span> <span class='ocrx_word' id='word_1_210' title='bbox 1434 1901 1725 1957; x_wconf 86' lang='lat' dir='ltr'><strong>deducunt.</strong></span> 
     </span>
    </p>
   </div>
   <div class='ocr_carea' id='block_1_34' title="bbox 838 1987 2405 2065">
    <p class='ocr_par' dir='ltr' id='par_1_34' title="bbox 838 1987 2405 2065">
     <span class='ocr_line' id='line_1_34' title="bbox 838 1987 2405 2065; baseline 0.011 -25"><span class='ocrx_word' id='word_1_211' title='bbox 838 1987 1036 2042; x_wconf 79' lang='lat' dir='ltr'><strong>Verum</strong></span> <span class='ocrx_word' id='word_1_212' title='bbox 1060 1990 1187 2058; x_wconf 90' lang='lat' dir='ltr'><strong>quid</strong></span> <span class='ocrx_word' id='word_1_213' title='bbox 1214 1992 1321 2056; x_wconf 86' lang='lat' dir='ltr'><strong>ais,</strong></span> <span class='ocrx_word' id='word_1_214' title='bbox 1348 2007 1380 2045; x_wconf 92' lang='grc' dir='ltr'><strong>ο</strong></span> <span class='ocrx_word' id='word_1_215' title='bbox 1406 1994 1774 2048; x_wconf 71' lang='lat' dir='ltr'><strong>sacratissime</strong></span> <span class='ocrx_word' id='word_1_216' title='bbox 1798 1995 2143 2051; x_wconf 79' lang='lat' dir='ltr'><strong>deducﬁonis</strong></span> <span class='ocrx_word' id='word_1_217' title='bbox 2165 1996 2329 2065; x_wconf 82' lang='lat' dir='ltr'><strong>hujus</strong></span> <span class='ocrx_word' id='word_1_218' title='bbox 2360 1999 2405 2057; x_wconf 83' lang='grc' dir='ltr'><strong>Β</strong></span> 
     </span>
    </p>
   </div>
   <div class='ocr_carea' id='block_1_35' title="bbox 768 2080 2331 2157">
    <p class='ocr_par' dir='ltr' id='par_1_35' title="bbox 768 2080 2331 2157">
     <span class='ocr_line' id='line_1_35' title="bbox 768 2080 2331 2157; baseline 0.004 -24"><span class='ocrx_word' id='word_1_219' title='bbox 768 2080 1075 2149; x_wconf 72' lang='lat' dir='ltr'><strong>coryplizee,</strong></span> <span class='ocrx_word' id='word_1_220' title='bbox 1115 2082 1208 2149; x_wconf 88' lang='lat' dir='ltr'><strong>qui</strong></span> <span class='ocrx_word' id='word_1_221' title='bbox 1249 2089 1301 2134; x_wconf 90' lang='lat' dir='ltr'><strong>et</strong></span> <span class='ocrx_word' id='word_1_222' title='bbox 1346 2090 1473 2135; x_wconf 85' lang='lat' dir='ltr'><strong>tunc</strong></span> <span class='ocrx_word' id='word_1_223' title='bbox 1512 2084 1659 2139; x_wconf 88' lang='lat' dir='ltr'><strong>velut</strong></span> <span class='ocrx_word' id='word_1_224' title='bbox 1705 2096 1989 2156; x_wconf 89' lang='lat' dir='ltr'><strong>cognatus,</strong></span> <span class='ocrx_word' id='word_1_225' title='bbox 2022 2102 2331 2157; x_wconf 79' lang='lat' dir='ltr'><strong>quanquam</strong></span> 
     </span>
    </p>
   </div>
   <div class='ocr_carea' id='block_1_36' title="bbox 765 2172 2331 2243">
    <p class='ocr_par' dir='ltr' id='par_1_36' title="bbox 765 2172 2331 2243">
     <span class='ocr_line' id='line_1_36' title="bbox 765 2172 2331 2243; baseline 0.004 -18"><span class='ocrx_word' id='word_1_226' title='bbox 765 2172 923 2241; x_wconf 87' lang='lat' dir='ltr'><strong>longe</strong></span> <span class='ocrx_word' id='word_1_227' title='bbox 954 2173 1255 2228; x_wconf 85' lang='lat' dir='ltr'><strong>morabaris</strong></span> <span class='ocrx_word' id='word_1_228' title='bbox 1287 2190 1315 2227; x_wconf 89' lang='lat' dir='ltr'><strong>a</strong></span> <span class='ocrx_word' id='word_1_229' title='bbox 1355 2178 1541 2231; x_wconf 71' lang='lat' dir='ltr'><strong>szeculi</strong></span> <span class='ocrx_word' id='word_1_230' title='bbox 1571 2179 1675 2243; x_wconf 88' lang='lat' dir='ltr'><strong>via,</strong></span> <span class='ocrx_word' id='word_1_231' title='bbox 1712 2179 1766 2233; x_wconf 92' lang='lat' dir='ltr'><strong>in</strong></span> <span class='ocrx_word' id='word_1_232' title='bbox 1797 2180 1921 2234; x_wconf 74' lang='lat' dir='ltr'><strong>ﬁlia:</strong></span> <span class='ocrx_word' id='word_1_233' title='bbox 1959 2188 2138 2234; x_wconf 91' lang='lat' dir='ltr'><strong>tamen</strong></span> <span class='ocrx_word' id='word_1_234' title='bbox 2164 2183 2331 2235; x_wconf 80' lang='lat' dir='ltr'><strong>hono-</strong></span> 
     </span>
    </p>
   </div>
   <div class='ocr_carea' id='block_1_37' title="bbox 764 2262 2332 2336">
    <p class='ocr_par' dir='ltr' id='par_1_37' title="bbox 764 2262 2332 2336">
     <span class='ocr_line' id='line_1_37' title="bbox 764 2262 2332 2336; baseline 0.006 -22"><span class='ocrx_word' id='word_1_235' title='bbox 764 2276 878 2314; x_wconf 82' lang='lat' dir='ltr'><strong>rem</strong></span> <span class='ocrx_word' id='word_1_236' title='bbox 905 2262 1110 2331; x_wconf 89' lang='lat' dir='ltr'><strong>pariter</strong></span> <span class='ocrx_word' id='word_1_237' title='bbox 1139 2266 1451 2326; x_wconf 86' lang='lat' dir='ltr'><strong>occurristi,</strong></span> <span class='ocrx_word' id='word_1_238' title='bbox 1485 2280 1549 2319; x_wconf 86' lang='lat' dir='ltr'><strong>ac</strong></span> <span class='ocrx_word' id='word_1_239' title='bbox 1580 2267 1875 2336; x_wconf 89' lang='lat' dir='ltr'><strong>spirituum</strong></span> <span class='ocrx_word' id='word_1_240' title='bbox 1908 2283 2086 2332; x_wconf 77' lang='lat' dir='ltr'><strong>more,</strong></span> <span class='ocrx_word' id='word_1_241' title='bbox 2108 2284 2231 2323; x_wconf 90' lang='lat' dir='ltr'><strong>cum</strong></span> <span class='ocrx_word' id='word_1_242' title='bbox 2266 2270 2332 2323; x_wconf 88' lang='lat' dir='ltr'><strong>iis</strong></span> 
     </span>
    </p>
   </div>
   <div class='ocr_carea' id='block_1_38' title="bbox 764 2354 2327 2427">
    <p class='ocr_par' dir='ltr' id='par_1_38' title="bbox 764 2354 2327 2427">
     <span class='ocr_line' id='line_1_38' title="bbox 764 2354 2327 2427; baseline 0.004 -22"><span class='ocrx_word' id='word_1_243' title='bbox 764 2354 857 2420; x_wconf 88' lang='lat' dir='ltr'><strong>qui</strong></span> <span class='ocrx_word' id='word_1_244' title='bbox 883 2354 1109 2408; x_wconf 87' lang='lat' dir='ltr'><strong>materia</strong></span> <span class='ocrx_word' id='word_1_245' title='bbox 1143 2364 1418 2421; x_wconf 89' lang='lat' dir='ltr'><strong>constant,</strong></span> <span class='ocrx_word' id='word_1_246' title='bbox 1453 2356 1595 2411; x_wconf 87' lang='lat' dir='ltr'><strong>diem</strong></span> <span class='ocrx_word' id='word_1_247' title='bbox 1632 2357 1827 2413; x_wconf 81' lang='lat' dir='ltr'><strong>festum</strong></span> <span class='ocrx_word' id='word_1_248' title='bbox 1854 2358 2011 2413; x_wconf 68' lang='lat' dir='ltr'><strong>laetus</strong></span> <span class='ocrx_word' id='word_1_249' title='bbox 2042 2359 2285 2427; x_wconf 86' lang='lat' dir='ltr'><strong>agitabas</strong></span> <span class='ocrx_word' id='word_1_250' title='bbox 2316 2378 2327 2412; x_wconf 95' lang='lat'>:</span> 
     </span>
    </p>
   </div>
   <div class='ocr_carea' id='block_1_39' title="bbox 764 2433 2328 2515">
    <p class='ocr_par' dir='ltr' id='par_1_39' title="bbox 764 2433 2328 2515">
     <span class='ocr_line' id='line_1_39' title="bbox 764 2433 2328 2515; baseline 0.004 -18"><span class='ocrx_word' id='word_1_251' title='bbox 764 2458 910 2498; x_wconf 91' lang='lat' dir='ltr'><strong>nunc</strong></span> <span class='ocrx_word' id='word_1_252' title='bbox 945 2454 1124 2500; x_wconf 89' lang='lat' dir='ltr'><strong>autem</strong></span> <span class='ocrx_word' id='word_1_253' title='bbox 1168 2448 1422 2510; x_wconf 83' lang='lat' dir='ltr'><strong>maxime,</strong></span> <span class='ocrx_word' id='word_1_254' title='bbox 1474 2448 1548 2501; x_wconf 89' lang='lat' dir='ltr'><strong>illi</strong></span> <span class='ocrx_word' id='word_1_255' title='bbox 1601 2433 2095 2515; x_wconf 79' lang='lat' dir='ltr'><strong>congruentissime</strong></span> <span class='ocrx_word' id='word_1_256' title='bbox 2141 2452 2328 2515; x_wconf 89' lang='lat' dir='ltr'><strong>statui,</strong></span> 
     </span>
    </p>
   </div>
   <div class='ocr_carea' id='block_1_40' title="bbox 764 2535 2332 2610">
    <p class='ocr_par' dir='ltr' id='par_1_40' title="bbox 764 2535 2332 2610">
     <span class='ocr_line' id='line_1_40' title="bbox 764 2535 2332 2610; baseline 0.005 -23"><span class='ocrx_word' id='word_1_257' title='bbox 764 2535 818 2587; x_wconf 91' lang='lat' dir='ltr'><strong>in</strong></span> <span class='ocrx_word' id='word_1_258' title='bbox 845 2550 955 2603; x_wconf 91' lang='lat' dir='ltr'><strong>quo</strong></span> <span class='ocrx_word' id='word_1_259' title='bbox 985 2537 1247 2600; x_wconf 89' lang='lat' dir='ltr'><strong>versaris,</strong></span> <span class='ocrx_word' id='word_1_260' title='bbox 1295 2552 1355 2590; x_wconf 78' lang='lat' dir='ltr'><strong>ea</strong></span> <span class='ocrx_word' id='word_1_261' title='bbox 1385 2553 1619 2593; x_wconf 89' lang='lat' dir='ltr'><strong>cernens</strong></span> <span class='ocrx_word' id='word_1_262' title='bbox 1650 2553 1769 2608; x_wconf 70' lang='lat' dir='ltr'><strong>quae</strong></span> <span class='ocrx_word' id='word_1_263' title='bbox 1818 2551 2165 2610; x_wconf 84' lang='lat' dir='ltr'><strong>peraguntur,</strong></span> <span class='ocrx_word' id='word_1_264' title='bbox 2209 2542 2332 2595; x_wconf 73' lang='lat' dir='ltr'><strong>ﬁliae</strong></span> 
     </span>
    </p>
   </div>
   <div class='ocr_carea' id='block_1_41' title="bbox 764 2626 2331 2701">
    <p class='ocr_par' dir='ltr' id='par_1_41' title="bbox 764 2626 2331 2701">
     <span class='ocr_line' id='line_1_41' title="bbox 764 2626 2331 2701; baseline 0.005 -24"><span class='ocrx_word' id='word_1_265' title='bbox 764 2626 1025 2681; x_wconf 78' lang='lat' dir='ltr'><strong>honorem</strong></span> <span class='ocrx_word' id='word_1_266' title='bbox 1056 2628 1322 2689; x_wconf 86' lang='lat' dir='ltr'><strong>celebras,</strong></span> <span class='ocrx_word' id='word_1_267' title='bbox 1368 2643 1433 2683; x_wconf 89' lang='lat' dir='ltr'><strong>ac</strong></span> <span class='ocrx_word' id='word_1_268' title='bbox 1462 2632 1777 2699; x_wconf 84' lang='lat' dir='ltr'><strong>gratularis,</strong></span> <span class='ocrx_word' id='word_1_269' title='bbox 1826 2632 2165 2701; x_wconf 88' lang='lat' dir='ltr'><strong>gloriamque</strong></span> <span class='ocrx_word' id='word_1_270' title='bbox 2214 2647 2331 2685; x_wconf 88' lang='lat' dir='ltr'><strong>om-</strong></span> 
     </span>
    </p>
   </div>
   <div class='ocr_carea' id='block_1_42' title="bbox 764 2718 2327 2791">
    <p class='ocr_par' dir='ltr' id='par_1_42' title="bbox 764 2718 2327 2791">
     <span class='ocr_line' id='line_1_42' title="bbox 764 2718 2327 2791; baseline 0.004 -20"><span class='ocrx_word' id='word_1_271' title='bbox 764 2719 913 2771; x_wconf 86' lang='lat' dir='ltr'><strong>nium</strong></span> <span class='ocrx_word' id='word_1_272' title='bbox 942 2718 1116 2773; x_wconf 89' lang='lat' dir='ltr'><strong>oculis</strong></span> <span class='ocrx_word' id='word_1_273' title='bbox 1138 2721 1445 2787; x_wconf 80' lang='lat' dir='ltr'><strong>expositam</strong></span> <span class='ocrx_word' id='word_1_274' title='bbox 1476 2724 1763 2791; x_wconf 89' lang='lat' dir='ltr'><strong>perspicue</strong></span> <span class='ocrx_word' id='word_1_275' title='bbox 1796 2722 2050 2779; x_wconf 82' lang='lat' dir='ltr'><strong>laudibus</strong></span> <span class='ocrx_word' id='word_1_276' title='bbox 2092 2724 2327 2778; x_wconf 81' lang='lat' dir='ltr'><strong>extollis.</strong></span> 
     </span>
    </p>
   </div>
   <div class='ocr_carea' id='block_1_43' title="bbox 764 2808 2331 2885">
    <p class='ocr_par' dir='ltr' id='par_1_43' title="bbox 764 2808 2331 2885">
     <span class='ocr_line' id='line_1_43' title="bbox 764 2808 2331 2885; baseline 0.006 -23"><span class='ocrx_word' id='word_1_277' title='bbox 764 2808 920 2863; x_wconf 84' lang='lat' dir='ltr'><strong>llaud</strong></span> <span class='ocrx_word' id='word_1_278' title='bbox 975 2825 1106 2863; x_wconf 90' lang='lat' dir='ltr'><strong>vero</strong></span> <span class='ocrx_word' id='word_1_279' title='bbox 1152 2810 1265 2879; x_wconf 89' lang='lat' dir='ltr'><strong>jam</strong></span> <span class='ocrx_word' id='word_1_280' title='bbox 1319 2812 1460 2864; x_wconf 89' lang='lat' dir='ltr'><strong>intra</strong></span> <span class='ocrx_word' id='word_1_281' title='bbox 1507 2816 1689 2869; x_wconf 82' lang='lat' dir='ltr'><strong>carnis</strong></span> <span class='ocrx_word' id='word_1_282' title='bbox 1739 2816 1914 2869; x_wconf 81' lang='lat' dir='ltr'><strong>velum</strong></span> <span class='ocrx_word' id='word_1_283' title='bbox 1960 2817 2331 2885; x_wconf 86' lang='lat' dir='ltr'><strong>contemplans</strong></span> 
     </span>
    </p>
   </div>
   <div class='ocr_carea' id='block_1_44' title="bbox 763 2899 2329 2974">
    <p class='ocr_par' dir='ltr' id='par_1_44' title="bbox 763 2899 2329 2974">
     <span class='ocr_line' id='line_1_44' title="bbox 763 2899 2329 2974; baseline 0.006 -23"><span class='ocrx_word' id='word_1_284' title='bbox 763 2899 1121 2968; x_wconf 68' lang='lat' dir='ltr'><strong>depraalicas,</strong></span> <span class='ocrx_word' id='word_1_285' title='bbox 1154 2900 1297 2968; x_wconf 89' lang='lat' dir='ltr'><strong>quod</strong></span> <span class='ocrx_word' id='word_1_286' title='bbox 1333 2913 1462 2955; x_wconf 89' lang='lat' dir='ltr'><strong>tunc</strong></span> <span class='ocrx_word' id='word_1_287' title='bbox 1488 2904 1543 2955; x_wconf 91' lang='lat' dir='ltr'><strong>in</strong></span> <span class='ocrx_word' id='word_1_288' title='bbox 1579 2904 1763 2959; x_wconf 83' lang='lat' dir='ltr'><strong>laudes</strong></span> <span class='ocrx_word' id='word_1_289' title='bbox 1784 2903 1987 2960; x_wconf 78' lang='lat' dir='ltr'><strong>eﬁusus</strong></span> <span class='ocrx_word' id='word_1_290' title='bbox 2014 2906 2329 2974; x_wconf 62' lang='lat' dir='ltr'><strong>praistabas,</strong></span> 
     </span>
    </p>
   </div>
   <div class='ocr_carea' id='block_1_45' title="bbox 763 2990 2327 3061">
    <p class='ocr_par' dir='ltr' id='par_1_45' title="bbox 763 2990 2327 3061">
     <span class='ocr_line' id='line_1_45' title="bbox 763 2990 2327 3061; baseline 0.005 -17"><span class='ocrx_word' id='word_1_291' title='bbox 763 2990 1093 3061; x_wconf 85' lang='lat' dir='ltr'><strong>propiusque</strong></span> <span class='ocrx_word' id='word_1_292' title='bbox 1140 3000 1449 3049; x_wconf 81' lang='lat' dir='ltr'><strong>contextam</strong></span> <span class='ocrx_word' id='word_1_293' title='bbox 1505 2995 1559 3049; x_wconf 90' lang='lat' dir='ltr'><strong>in</strong></span> <span class='ocrx_word' id='word_1_294' title='bbox 1600 2994 1831 3051; x_wconf 86' lang='lat' dir='ltr'><strong>ﬁmbriis</strong></span> <span class='ocrx_word' id='word_1_295' title='bbox 1862 2997 2043 3051; x_wconf 88' lang='lat' dir='ltr'><strong>aureis</strong></span> <span class='ocrx_word' id='word_1_296' title='bbox 2075 2999 2094 3028; x_wconf 80' lang='grc'>³</span> <span class='ocrx_word' id='word_1_297' title='bbox 2137 2998 2327 3052; x_wconf 87' lang='lat' dir='ltr'><strong>stolam</strong></span> 
     </span>
    </p>
   </div>
   <div class='ocr_carea' id='block_1_46' title="bbox 761 3082 2327 3155">
    <p class='ocr_par' dir='ltr' id='par_1_46' title="bbox 761 3082 2327 3155">
     <span class='ocr_line' id='line_1_46' title="bbox 761 3082 2327 3155; baseline 0.004 -20"><span class='ocrx_word' id='word_1_298' title='bbox 761 3082 1117 3137; x_wconf 88' lang='lat' dir='ltr'><strong>considerans</strong></span> <span class='ocrx_word' id='word_1_299' title='bbox 1142 3097 1156 3145; x_wconf 90' lang='lat'>;</span> <span class='ocrx_word' id='word_1_300' title='bbox 1183 3098 1392 3136; x_wconf 87' lang='lat' dir='ltr'><strong>summa</strong></span> <span class='ocrx_word' id='word_1_301' title='bbox 1417 3093 1594 3138; x_wconf 90' lang='lat' dir='ltr'><strong>tamen</strong></span> <span class='ocrx_word' id='word_1_302' title='bbox 1625 3086 1900 3155; x_wconf 84' lang='lat' dir='ltr'><strong>voluptate</strong></span> <span class='ocrx_word' id='word_1_303' title='bbox 1927 3086 1997 3140; x_wconf 90' lang='lat' dir='ltr'><strong>ob</strong></span> <span class='ocrx_word' id='word_1_304' title='bbox 2026 3087 2147 3141; x_wconf 75' lang='lat' dir='ltr'><strong>ﬁlite</strong></span> <span class='ocrx_word' id='word_1_305' title='bbox 2167 3093 2327 3142; x_wconf 83' lang='lat' dir='ltr'><strong>deco-</strong></span> 
     </span>
    </p>
   </div>
   <div class='ocr_carea' id='block_1_47' title="bbox 764 3173 2331 3244">
    <p class='ocr_par' dir='ltr' id='par_1_47' title="bbox 764 3173 2331 3244">
     <span class='ocr_line' id='line_1_47' title="bbox 764 3173 2331 3244; baseline 0.003 -18"><span class='ocrx_word' id='word_1_306' title='bbox 764 3189 875 3227; x_wconf 91' lang='lat' dir='ltr'><strong>rem</strong></span> <span class='ocrx_word' id='word_1_307' title='bbox 916 3173 1280 3242; x_wconf 80' lang='lat' dir='ltr'><strong>perfunderis,</strong></span> <span class='ocrx_word' id='word_1_308' title='bbox 1329 3176 1699 3244; x_wconf 88' lang='lat' dir='ltr'><strong>universoque</strong></span> <span class='ocrx_word' id='word_1_309' title='bbox 1744 3177 2118 3232; x_wconf 86' lang='lat' dir='ltr'><strong>saeratissimo</strong></span> <span class='ocrx_word' id='word_1_310' title='bbox 2161 3179 2331 3232; x_wconf 86' lang='lat' dir='ltr'><strong>choro</strong></span> 
     </span>
    </p>
   </div>
   <div class='ocr_carea' id='block_1_48' title="bbox 762 3264 2330 3339">
    <p class='ocr_par' dir='ltr' id='par_1_48' title="bbox 762 3264 2330 3339">
     <span class='ocr_line' id='line_1_48' title="bbox 762 3264 2330 3339; baseline 0.005 -23"><span class='ocrx_word' id='word_1_311' title='bbox 762 3266 979 3332; x_wconf 87' lang='lat' dir='ltr'><strong>signum</strong></span> <span class='ocrx_word' id='word_1_312' title='bbox 1019 3264 1355 3319; x_wconf 81' lang='lat' dir='ltr'><strong>laudationis</strong></span> <span class='ocrx_word' id='word_1_313' title='bbox 1384 3266 1707 3321; x_wconf 72' lang='lat' dir='ltr'><strong>inchoanda:</strong></span> <span class='ocrx_word' id='word_1_314' title='bbox 1735 3268 1874 3323; x_wconf 91' lang='lat' dir='ltr'><strong>edis.</strong></span> <span class='ocrx_word' id='word_1_315' title='bbox 1914 3269 1994 3321; x_wconf 86' lang='lat' dir='ltr'><strong>An</strong></span> <span class='ocrx_word' id='word_1_316' title='bbox 2022 3270 2330 3339; x_wconf 86' lang='lat' dir='ltr'><strong>dignaberis</strong></span> 
     </span>
    </p>
   </div>
   <div class='ocr_carea' id='block_1_49' title="bbox 2514 1978 4002 2056">
    <p class='ocr_par' dir='ltr' id='par_1_49' title="bbox 2514 1978 4002 2056">
     <span class='ocr_line' id='line_1_49' title="bbox 2514 1978 4002 2056; baseline -0.001 -16"><span class='ocrx_word' id='word_1_317' title='bbox 2514 1987 2674 2040; x_wconf 81' lang='grc' dir='ltr'>Ἀλλά</span> <span class='ocrx_word' id='word_1_318' title='bbox 2708 1987 2760 2039; x_wconf 86' lang='grc' dir='ltr'><strong>τί</strong></span> <span class='ocrx_word' id='word_1_319' title='bbox 2783 1986 2907 2055; x_wconf 76' lang='grc' dir='ltr'>φης,</span> <span class='ocrx_word' id='word_1_320' title='bbox 2934 1978 2979 2039; x_wconf 84' lang='grc' dir='ltr'><strong>ῶ</strong></span> <span class='ocrx_word' id='word_1_321' title='bbox 3004 1985 3101 2053; x_wconf 79' lang='grc' dir='ltr'><strong>τῆς</strong></span> <span class='ocrx_word' id='word_1_322' title='bbox 3136 1984 3431 2055; x_wconf 80' lang='grc' dir='ltr'>ἱερωτάτης</span> <span class='ocrx_word' id='word_1_323' title='bbox 3472 1988 3799 2055; x_wconf 79' lang='grc' dir='ltr'>προπομπῆς</span> <span class='ocrx_word' id='word_1_324' title='bbox 3826 2004 4002 2056; x_wconf 87' lang='grc' dir='ltr'>κορυ-</span> 
     </span>
    </p>
   </div>
   <div class='ocr_carea' id='block_1_50' title="bbox 2438 2071 4004 2150">
    <p class='ocr_par' dir='ltr' id='par_1_50' title="bbox 2438 2071 4004 2150">
     <span class='ocr_line' id='line_1_50' title="bbox 2438 2071 4004 2150; baseline -0.001 -18"><span class='ocrx_word' id='word_1_325' title='bbox 2438 2083 2585 2150; x_wconf 86' lang='grc' dir='ltr'>φαῖε,</span> <span class='ocrx_word' id='word_1_326' title='bbox 2617 2077 2676 2140; x_wconf 86' lang='grc' dir='ltr'>ὃς</span> <span class='ocrx_word' id='word_1_327' title='bbox 2701 2076 2794 2129; x_wconf 70' lang='grc' dir='ltr'><strong>καὶ</strong></span> <span class='ocrx_word' id='word_1_328' title='bbox 2821 2075 2944 2129; x_wconf 85' lang='grc' dir='ltr'>τότε</span> <span class='ocrx_word' id='word_1_329' title='bbox 2993 2071 3082 2128; x_wconf 79' lang='grc' dir='ltr'><strong>οἷα</strong></span> <span class='ocrx_word' id='word_1_330' title='bbox 3105 2074 3170 2145; x_wconf 82' lang='grc' dir='ltr'><strong>δὴ</strong></span> <span class='ocrx_word' id='word_1_331' title='bbox 3203 2076 3490 2146; x_wconf 85' lang='grc' dir='ltr'>συγγενὴς,</span> <span class='ocrx_word' id='word_1_332' title='bbox 3521 2078 3566 2128; x_wconf 76' lang='grc' dir='ltr'>εἰ</span> <span class='ocrx_word' id='word_1_333' title='bbox 3609 2077 3703 2128; x_wconf 70' lang='grc' dir='ltr'><strong>καὶ</strong></span> <span class='ocrx_word' id='word_1_334' title='bbox 3742 2076 3864 2129; x_wconf 79' lang='grc' dir='ltr'>ὁδοῦ</span> <span class='ocrx_word' id='word_1_335' title='bbox 3901 2077 4004 2146; x_wconf 77' lang='grc' dir='ltr'>τῆς</span> 
     </span>
    </p>
   </div>
   <div class='ocr_carea' id='block_1_51' title="bbox 2436 2167 4001 2241">
    <p class='ocr_par' dir='ltr' id='par_1_51' title="bbox 2436 2167 4001 2241">
     <span class='ocr_line' id='line_1_51' title="bbox 2436 2167 4001 2241; baseline -0.002 -17"><span class='ocrx_word' id='word_1_336' title='bbox 2436 2175 2494 2225; x_wconf 85' lang='grc' dir='ltr'>ὲν</span> <span class='ocrx_word' id='word_1_337' title='bbox 2523 2172 2618 2241; x_wconf 80' lang='grc' dir='ltr'><strong>βίῳ</strong></span> <span class='ocrx_word' id='word_1_338' title='bbox 2657 2171 2844 2240; x_wconf 72' lang='grc' dir='ltr'>πόρρω</span> <span class='ocrx_word' id='word_1_339' title='bbox 2887 2167 3171 2239; x_wconf 82' lang='grc' dir='ltr'>διέτριϐες,</span> <span class='ocrx_word' id='word_1_340' title='bbox 3206 2167 3354 2236; x_wconf 84' lang='grc' dir='ltr'>ὅμως</span> <span class='ocrx_word' id='word_1_341' title='bbox 3382 2171 3460 2231; x_wconf 88' lang='grc' dir='ltr'>εἰς</span> <span class='ocrx_word' id='word_1_342' title='bbox 3487 2169 3650 2239; x_wconf 82' lang='grc' dir='ltr'>τιμὴν</span> <span class='ocrx_word' id='word_1_343' title='bbox 3680 2169 4001 2239; x_wconf 83' lang='grc' dir='ltr'>συνέτρεχες</span> 
     </span>
    </p>
   </div>
   <div class='ocr_carea' id='block_1_52' title="bbox 2436 2260 4001 2332">
    <p class='ocr_par' dir='ltr' id='par_1_52' title="bbox 2436 2260 4001 2332">
     <span class='ocr_line' id='line_1_52' title="bbox 2436 2260 4001 2332; baseline -0.003 -15"><span class='ocrx_word' id='word_1_344' title='bbox 2436 2264 2534 2332; x_wconf 83' lang='grc' dir='ltr'>τῆς</span> <span class='ocrx_word' id='word_1_345' title='bbox 2555 2260 2838 2331; x_wconf 82' lang='grc' dir='ltr'>Θυγατρὸς,</span> <span class='ocrx_word' id='word_1_346' title='bbox 2868 2260 2961 2313; x_wconf 73' lang='grc' dir='ltr'><strong>καὶ</strong></span> <span class='ocrx_word' id='word_1_347' title='bbox 3000 2260 3178 2322; x_wconf 83' lang='grc' dir='ltr'>ἀΰ&gt;.ως</span> <span class='ocrx_word' id='word_1_348' title='bbox 3230 2260 3720 2329; x_wconf 75' lang='grc' dir='ltr'>συνεπανηγύριζες</span> <span class='ocrx_word' id='word_1_349' title='bbox 3765 2263 3879 2323; x_wconf 87' lang='grc' dir='ltr'>τοῖς</span> <span class='ocrx_word' id='word_1_350' title='bbox 3916 2263 4001 2313; x_wconf 79' lang='grc' dir='ltr'><strong>ἐν·</strong></span> 
     </span>
    </p>
   </div>
   <div class='ocr_carea' id='block_1_53' title="bbox 2443 2350 3999 2421">
    <p class='ocr_par' dir='ltr' id='par_1_53' title="bbox 2443 2350 3999 2421">
     <span class='ocr_line' id='line_1_53' title="bbox 2443 2350 3999 2421; baseline -0.003 -13"><span class='ocrx_word' id='word_1_351' title='bbox 2443 2356 2607 2417; x_wconf 83' lang='grc' dir='ltr'>ύλοις.</span> <span class='ocrx_word' id='word_1_352' title='bbox 2632 2356 2741 2407; x_wconf 74' lang='grc' dir='ltr'>Καὶ</span> <span class='ocrx_word' id='word_1_353' title='bbox 2763 2353 2855 2405; x_wconf 78' lang='grc' dir='ltr'>νῦν</span> <span class='ocrx_word' id='word_1_354' title='bbox 2886 2352 3115 2421; x_wconf 81' lang='grc' dir='ltr'>μάλιστα</span> <span class='ocrx_word' id='word_1_355' title='bbox 3138 2352 3349 2415; x_wconf 78' lang='grc' dir='ltr'>οἰκείως</span> <span class='ocrx_word' id='word_1_356' title='bbox 3375 2353 3475 2421; x_wconf 76' lang='grc' dir='ltr'>τῆς</span> <span class='ocrx_word' id='word_1_357' title='bbox 3502 2350 3727 2421; x_wconf 83' lang='grc' dir='ltr'>ἐχούσης</span> <span class='ocrx_word' id='word_1_358' title='bbox 3753 2368 3811 2404; x_wconf 86' lang='grc' dir='ltr'><strong>σε</strong></span> <span class='ocrx_word' id='word_1_359' title='bbox 3829 2370 3999 2404; x_wconf 81' lang='grc' dir='ltr'>κατα-</span> 
     </span>
    </p>
   </div>
   <div class='ocr_carea' id='block_1_54' title="bbox 2439 2444 3997 2515">
    <p class='ocr_par' dir='ltr' id='par_1_54' title="bbox 2439 2444 3997 2515">
     <span class='ocr_line' id='line_1_54' title="bbox 2439 2444 3997 2515; baseline -0.001 -17"><span class='ocrx_word' id='word_1_360' title='bbox 2439 2446 2671 2509; x_wconf 72' lang='grc' dir='ltr'>στάσεως</span> <span class='ocrx_word' id='word_1_361' title='bbox 2710 2444 2850 2514; x_wconf 78' lang='grc' dir='ltr'>ὁρῶν</span> <span class='ocrx_word' id='word_1_362' title='bbox 2874 2446 2942 2497; x_wconf 73' lang='grc' dir='ltr'>τὰ</span> <span class='ocrx_word' id='word_1_363' title='bbox 2972 2444 3265 2515; x_wconf 84' lang='grc' dir='ltr'>γινόμενα,</span> <span class='ocrx_word' id='word_1_364' title='bbox 3306 2448 3621 2515; x_wconf 78' lang='grc' dir='ltr'>συγκροτεῖς</span> <span class='ocrx_word' id='word_1_365' title='bbox 3660 2446 3726 2515; x_wconf 86' lang='grc' dir='ltr'>τῇ</span> <span class='ocrx_word' id='word_1_366' title='bbox 3760 2444 3997 2515; x_wconf 76' lang='grc' dir='ltr'>θυγατρὶ</span> 
     </span>
    </p>
   </div>
   <div class='ocr_carea' id='block_1_55' title="bbox 2434 2535 3999 2607">
    <p class='ocr_par' dir='ltr' id='par_1_55' title="bbox 2434 2535 3999 2607">
     <span class='ocr_line' id='line_1_55' title="bbox 2434 2535 3999 2607; baseline 0 -18"><span class='ocrx_word' id='word_1_367' title='bbox 2434 2539 2532 2607; x_wconf 81' lang='grc' dir='ltr'>τὴν</span> <span class='ocrx_word' id='word_1_368' title='bbox 2579 2536 2766 2607; x_wconf 81' lang='grc' dir='ltr'>τιμὴν,</span> <span class='ocrx_word' id='word_1_369' title='bbox 2824 2537 2917 2590; x_wconf 79' lang='grc' dir='ltr'>καὶ</span> <span class='ocrx_word' id='word_1_370' title='bbox 2968 2537 3065 2605; x_wconf 84' lang='grc' dir='ltr'>τὴν</span> <span class='ocrx_word' id='word_1_371' title='bbox 3136 2535 3294 2602; x_wconf 83' lang='grc' dir='ltr'>δόξαν</span> <span class='ocrx_word' id='word_1_372' title='bbox 3356 2536 3637 2607; x_wconf 72' lang='grc' dir='ltr'>ὁρωμένην</span> <span class='ocrx_word' id='word_1_373' title='bbox 3704 2537 3999 2606; x_wconf 75' lang='grc' dir='ltr'>προφανῶς</span> 
     </span>
    </p>
   </div>
   <div class='ocr_carea' id='block_1_56' title="bbox 2434 2627 3997 2697">
    <p class='ocr_par' dir='ltr' id='par_1_56' title="bbox 2434 2627 3997 2697">
     <span class='ocr_line' id='line_1_56' title="bbox 2434 2627 3997 2697; baseline 0.001 -17"><span class='ocrx_word' id='word_1_374' title='bbox 2434 2632 2691 2691; x_wconf 83' lang='grc' dir='ltr'>ἐπαινεῖς.</span> <span class='ocrx_word' id='word_1_375' title='bbox 2726 2627 2866 2681; x_wconf 80' lang='grc' dir='ltr'>Ἀλλ’</span> <span class='ocrx_word' id='word_1_376' title='bbox 2895 2628 2994 2680; x_wconf 81' lang='grc' dir='ltr'>οὐκ</span> <span class='ocrx_word' id='word_1_377' title='bbox 3025 2627 3226 2681; x_wconf 79' lang='grc' dir='ltr'>ἔσωθεν</span> <span class='ocrx_word' id='word_1_378' title='bbox 3251 2628 3417 2697; x_wconf 79' lang='grc' dir='ltr'>αὐτὴν</span> <span class='ocrx_word' id='word_1_379' title='bbox 3437 2628 3531 2680; x_wconf 81' lang='grc' dir='ltr'>τοῦ</span> <span class='ocrx_word' id='word_1_380' title='bbox 3562 2629 3997 2697; x_wconf 84' lang='grc' dir='ltr'>παραπετάσμα-</span> 
     </span>
    </p>
   </div>
   <div class='ocr_carea' id='block_1_57' title="bbox 2434 2716 3995 2792">
    <p class='ocr_par' dir='ltr' id='par_1_57' title="bbox 2434 2716 3995 2792">
     <span class='ocr_line' id='line_1_57' title="bbox 2434 2716 3995 2792; baseline 0 -19"><span class='ocrx_word' id='word_1_381' title='bbox 2434 2737 2524 2784; x_wconf 85' lang='grc' dir='ltr'><strong>τος</strong></span> <span class='ocrx_word' id='word_1_382' title='bbox 2576 2722 2772 2792; x_wconf 79' lang='grc' dir='ltr'>σαρκὸς</span> <span class='ocrx_word' id='word_1_383' title='bbox 2813 2716 2979 2773; x_wconf 78' lang='grc' dir='ltr'>οὖσαν</span> <span class='ocrx_word' id='word_1_384' title='bbox 3042 2719 3261 2790; x_wconf 82' lang='grc' dir='ltr'>θεωρῶν</span> <span class='ocrx_word' id='word_1_385' title='bbox 3321 2720 3600 2789; x_wconf 85' lang='grc' dir='ltr'>ἀνυμνεῖς,</span> <span class='ocrx_word' id='word_1_386' title='bbox 3649 2720 3838 2790; x_wconf 80' lang='grc' dir='ltr'>ὥσπερ</span> <span class='ocrx_word' id='word_1_387' title='bbox 3871 2721 3995 2773; x_wconf 84' lang='grc' dir='ltr'>τότε</span> 
     </span>
    </p>
   </div>
   <div class='ocr_carea' id='block_1_58' title="bbox 2436 2811 3998 2882">
    <p class='ocr_par' dir='ltr' id='par_1_58' title="bbox 2436 2811 3998 2882">
     <span class='ocr_line' id='line_1_58' title="bbox 2436 2811 3998 2882; baseline -0.003 -15"><span class='ocrx_word' id='word_1_388' title='bbox 2436 2814 2641 2876; x_wconf 81' lang='grc' dir='ltr'>ἐποίεις</span> <span class='ocrx_word' id='word_1_389' title='bbox 2669 2814 2874 2882; x_wconf 77' lang='grc' dir='ltr'>ὑμνῶν,</span> <span class='ocrx_word' id='word_1_390' title='bbox 2908 2812 3003 2865; x_wconf 74' lang='grc' dir='ltr'>καὶ</span> <span class='ocrx_word' id='word_1_391' title='bbox 3031 2811 3127 2879; x_wconf 84' lang='grc' dir='ltr'>τὴν</span> <span class='ocrx_word' id='word_1_392' title='bbox 3157 2813 3213 2864; x_wconf 86' lang='grc' dir='ltr'>ὲν</span> <span class='ocrx_word' id='word_1_393' title='bbox 3253 2814 3364 2875; x_wconf 86' lang='grc' dir='ltr'>τοῖς</span> <span class='ocrx_word' id='word_1_394' title='bbox 3408 2814 3626 2882; x_wconf 76' lang='grc' dir='ltr'>χρυσοῖς</span> <span class='ocrx_word' id='word_1_395' title='bbox 3653 2812 3759 2864; x_wconf 86' lang='grc' dir='ltr'><strong>τῶν</strong></span> <span class='ocrx_word' id='word_1_396' title='bbox 3785 2812 3998 2881; x_wconf 85' lang='grc' dir='ltr'>ἀρετῶν</span> 
     </span>
    </p>
   </div>
   <div class='ocr_carea' id='block_1_59' title="bbox 2437 2899 3994 2973">
    <p class='ocr_par' dir='ltr' id='par_1_59' title="bbox 2437 2899 3994 2973">
     <span class='ocr_line' id='line_1_59' title="bbox 2437 2899 3994 2973; baseline -0.003 -17"><span class='ocrx_word' id='word_1_397' title='bbox 2437 2905 2766 2973; x_wconf 88' lang='grc' dir='ltr'>κροσσωτοῖς</span> <span class='ocrx_word' id='word_1_398' title='bbox 2802 2901 3177 2970; x_wconf 79' lang='grc' dir='ltr'>ὲξυφασμένην</span> <span class='ocrx_word' id='word_1_399' title='bbox 3204 2900 3395 2968; x_wconf 83' lang='grc' dir='ltr'>στολὴν</span> <span class='ocrx_word' id='word_1_400' title='bbox 3423 2899 3653 2966; x_wconf 79' lang='grc' dir='ltr'>ἐγγύθεν</span> <span class='ocrx_word' id='word_1_401' title='bbox 3690 2900 3994 2963; x_wconf 87' lang='grc' dir='ltr'>κατανοῶν,</span> 
     </span>
    </p>
   </div>
   <div class='ocr_carea' id='block_1_60' title="bbox 2434 2991 3997 3065">
    <p class='ocr_par' dir='ltr' id='par_1_60' title="bbox 2434 2991 3997 3065">
     <span class='ocr_line' id='line_1_60' title="bbox 2434 2991 3997 3065; baseline -0.004 -18"><span class='ocrx_word' id='word_1_402' title='bbox 2434 2994 2743 3065; x_wconf 82' lang='grc' dir='ltr'>ὑπερηδύνῃ</span> <span class='ocrx_word' id='word_1_403' title='bbox 2778 2994 2875 3063; x_wconf 82' lang='grc' dir='ltr'>μὲν</span> <span class='ocrx_word' id='word_1_404' title='bbox 2905 2998 2972 3065; x_wconf 79' lang='grc' dir='ltr'>τῇ</span> <span class='ocrx_word' id='word_1_405' title='bbox 3002 2992 3303 3063; x_wconf 77' lang='grc' dir='ltr'>εὐπρεπείᾳ</span> <span class='ocrx_word' id='word_1_406' title='bbox 3326 2992 3423 3061; x_wconf 79' lang='grc' dir='ltr'><strong>τῆς</strong></span> <span class='ocrx_word' id='word_1_407' title='bbox 3447 2991 3733 3057; x_wconf 77' lang='grc' dir='ltr'>θυγατρὸς,</span> <span class='ocrx_word' id='word_1_408' title='bbox 3758 3008 3997 3060; x_wconf 78' lang='grc' dir='ltr'>προανα-</span> 
     </span>
    </p>
   </div>
   <div class='ocr_carea' id='block_1_61' title="bbox 2421 3076 3992 3154">
    <p class='ocr_par' dir='ltr' id='par_1_61' title="bbox 2421 3076 3992 3154">
     <span class='ocr_line' id='line_1_61' title="bbox 2421 3076 3992 3154; baseline -0.003 -19"><span class='ocrx_word' id='word_1_409' title='bbox 2421 3084 2617 3149; x_wconf 89' lang='grc' dir='ltr'>φωνεῖς</span> <span class='ocrx_word' id='word_1_410' title='bbox 2646 3080 2702 3133; x_wconf 82' lang='grc' dir='ltr'>δὲ</span> <span class='ocrx_word' id='word_1_411' title='bbox 2739 3085 2805 3151; x_wconf 84' lang='grc' dir='ltr'>τῇ</span> <span class='ocrx_word' id='word_1_412' title='bbox 2854 3083 3119 3151; x_wconf 81' lang='grc' dir='ltr'>ίερωτάτῃ</span> <span class='ocrx_word' id='word_1_413' title='bbox 3172 3083 3363 3154; x_wconf 80' lang='grc' dir='ltr'>χορεία</span> <span class='ocrx_word' id='word_1_414' title='bbox 3404 3083 3466 3135; x_wconf 80' lang='grc' dir='ltr'><strong>τὸ</strong></span> <span class='ocrx_word' id='word_1_415' title='bbox 3513 3083 3813 3151; x_wconf 79' lang='grc' dir='ltr'>ἐνδόσιμον.</span> <span class='ocrx_word' id='word_1_416' title='bbox 3864 3076 3992 3146; x_wconf 67' lang='grc' dir='ltr'><strong>Ἆρ’</strong></span> 
     </span>
    </p>
   </div>
   <div class='ocr_carea' id='block_1_62' title="bbox 2425 3170 3991 3245">
    <p class='ocr_par' dir='ltr' id='par_1_62' title="bbox 2425 3170 3991 3245">
     <span class='ocr_line' id='line_1_62' title="bbox 2425 3170 3991 3245; baseline -0.001 -18"><span class='ocrx_word' id='word_1_417' title='bbox 2425 3174 2591 3235; x_wconf 75' lang='grc' dir='ltr'>ἔστιν,</span> <span class='ocrx_word' id='word_1_418' title='bbox 2621 3175 2769 3235; x_wconf 76' lang='grc' dir='ltr'>ὅπως</span> <span class='ocrx_word' id='word_1_419' title='bbox 2803 3173 2898 3225; x_wconf 76' lang='grc' dir='ltr'><strong>καὶ</strong></span> <span class='ocrx_word' id='word_1_420' title='bbox 2936 3173 3076 3243; x_wconf 81' lang='grc' dir='ltr'>ἡμῖν</span> <span class='ocrx_word' id='word_1_421' title='bbox 3108 3174 3361 3237; x_wconf 80' lang='grc' dir='ltr'>ἀξιώσεις</span> <span class='ocrx_word' id='word_1_422' title='bbox 3412 3170 3698 3245; x_wconf 84' lang='grc' dir='ltr'>παρελθὼν</span> <span class='ocrx_word' id='word_1_423' title='bbox 3740 3173 3991 3237; x_wconf 79' lang='grc' dir='ltr'>διατάξαι</span> 
     </span>
    </p>
   </div>
   <div class='ocr_carea' id='block_1_63' title="bbox 2425 3263 3995 3336">
    <p class='ocr_par' dir='ltr' id='par_1_63' title="bbox 2425 3263 3995 3336">
     <span class='ocr_line' id='line_1_63' title="bbox 2425 3263 3995 3336; baseline -0.001 -18"><span class='ocrx_word' id='word_1_424' title='bbox 2425 3266 2523 3335; x_wconf 84' lang='grc' dir='ltr'><strong>τὴν</strong></span> <span class='ocrx_word' id='word_1_425' title='bbox 2554 3266 2848 3336; x_wconf 82' lang='grc' dir='ltr'>εὐφημίαν,</span> <span class='ocrx_word' id='word_1_426' title='bbox 2880 3263 2976 3318; x_wconf 79' lang='grc' dir='ltr'><strong>καὶ</strong></span> <span class='ocrx_word' id='word_1_427' title='bbox 3011 3265 3347 3336; x_wconf 72' lang='grc' dir='ltr'>συνεπιλήψη</span> <span class='ocrx_word' id='word_1_428' title='bbox 3374 3266 3473 3334; x_wconf 82' lang='grc' dir='ltr'>τῆς</span> <span class='ocrx_word' id='word_1_429' title='bbox 3502 3264 3833 3335; x_wconf 81' lang='grc' dir='ltr'>προθυμίας,</span> <span class='ocrx_word' id='word_1_430' title='bbox 3866 3266 3995 3334; x_wconf 80' lang='grc' dir='ltr'>βου-</span> 
     </span>
    </p>
   </div>
   <div class='ocr_carea' id='block_1_64' title="bbox 765 3356 2436 3432">
    <p class='ocr_par' dir='ltr' id='par_1_64' title="bbox 765 3356 2436 3432">
     <span class='ocr_line' id='line_1_64' title="bbox 765 3356 2436 3432; baseline 0.005 -22"><span class='ocrx_word' id='word_1_431' title='bbox 765 3366 899 3411; x_wconf 90' lang='lat' dir='ltr'><strong>utet</strong></span> <span class='ocrx_word' id='word_1_432' title='bbox 928 3368 1117 3413; x_wconf 83' lang='lat' dir='ltr'><strong>nOStro</strong></span> <span class='ocrx_word' id='word_1_433' title='bbox 1146 3358 1318 3413; x_wconf 80' lang='lat' dir='ltr'><strong>choro</strong></span> <span class='ocrx_word' id='word_1_434' title='bbox 1352 3361 1664 3427; x_wconf 81' lang='lat' dir='ltr'><strong>adveniens,</strong></span> <span class='ocrx_word' id='word_1_435' title='bbox 1694 3361 1873 3417; x_wconf 87' lang='lat' dir='ltr'><strong>laudis</strong></span> <span class='ocrx_word' id='word_1_436' title='bbox 1909 3363 2065 3416; x_wconf 87' lang='lat' dir='ltr'><strong>nobis</strong></span> <span class='ocrx_word' id='word_1_437' title='bbox 2090 3378 2155 3417; x_wconf 87' lang='lat' dir='ltr'><strong>ac</strong></span> <span class='ocrx_word' id='word_1_438' title='bbox 2186 3380 2323 3432; x_wconf 77' lang='lat' dir='ltr'><strong>prae-</strong></span> <span class='ocrx_word' id='word_1_439' title='bbox 2354 3356 2393 3411; x_wconf 87' lang='lat' dir='ltr'><strong>C</strong></span> <span class='ocrx_word' id='word_1_440' title='bbox 2426 3359 2436 3413; x_wconf 74' lang='grc' dir='ltr'>ἰ</span> 
     </span>
    </p>
   </div>
   <div class='ocr_carea' id='block_1_65' title="bbox 2317 3356 3988 3432">
    <p class='ocr_par' dir='ltr' id='par_1_65' title="bbox 2317 3356 3988 3429">
     <span class='ocr_line' id='line_1_65' title="bbox 2317 3356 3988 3429; baseline -0.002 -18"><span class='ocrx_word' id='word_1_441' title='bbox 2317 3395 2323 3404; x_wconf 72' lang='grc' dir='ltr'><strong>ι</strong></span> <span class='ocrx_word' id='word_1_442' title='bbox 2354 3356 2393 3411; x_wconf 90' lang='lat' dir='ltr'><strong>C</strong></span> <span class='ocrx_word' id='word_1_443' title='bbox 2426 3359 2670 3429; x_wconf 81' lang='grc' dir='ltr'>λομένοις</span> <span class='ocrx_word' id='word_1_444' title='bbox 2699 3359 2765 3428; x_wconf 80' lang='grc' dir='ltr'>τῇ</span> <span class='ocrx_word' id='word_1_445' title='bbox 2801 3356 3032 3427; x_wconf 55' lang='grc' dir='ltr'><strong>θυγατρὶ⁸</strong></span> <span class='ocrx_word' id='word_1_446' title='bbox 3062 3357 3254 3424; x_wconf 84' lang='grc' dir='ltr'>ὥσπερ</span> <span class='ocrx_word' id='word_1_447' title='bbox 3286 3374 3339 3410; x_wconf 91' lang='grc' dir='ltr'><strong>τι</strong></span> <span class='ocrx_word' id='word_1_448' title='bbox 3370 3356 3541 3423; x_wconf 82' lang='grc' dir='ltr'>δῶρον</span> <span class='ocrx_word' id='word_1_449' title='bbox 3581 3358 3793 3424; x_wconf 87' lang='grc' dir='ltr'>έόρτιον</span> <span class='ocrx_word' id='word_1_450' title='bbox 3826 3373 3988 3422; x_wconf 86' lang='grc' dir='ltr'>προσ-</span> 
     </span>
    </p>
   </div>
   <div class='ocr_carea' id='block_1_66' title="bbox 761 3449 2319 3523">
    <p class='ocr_par' dir='ltr' id='par_1_66' title="bbox 761 3449 2319 3523">
     <span class='ocr_line' id='line_1_66' title="bbox 761 3449 2319 3523; baseline 0.001 -18"><span class='ocrx_word' id='word_1_451' title='bbox 761 3450 1052 3505; x_wconf 90' lang='lat' dir='ltr'><strong>dicationis</strong></span> <span class='ocrx_word' id='word_1_452' title='bbox 1071 3449 1287 3503; x_wconf 91' lang='lat' dir='ltr'><strong>modum</strong></span> <span class='ocrx_word' id='word_1_453' title='bbox 1317 3450 1673 3520; x_wconf 86' lang='lat' dir='ltr'><strong>ordinemque</strong></span> <span class='ocrx_word' id='word_1_454' title='bbox 1696 3453 2038 3520; x_wconf 69' lang='lat' dir='ltr'><strong>prazscribas,</strong></span> <span class='ocrx_word' id='word_1_455' title='bbox 2067 3453 2319 3523; x_wconf 87' lang='lat' dir='ltr'><strong>adjuves-</strong></span> 
     </span>
    </p>
   </div>
   <div class='ocr_carea' id='block_1_67' title="bbox 761 3539 2320 3610">
    <p class='ocr_par' dir='ltr' id='par_1_67' title="bbox 761 3539 2320 3610">
     <span class='ocr_line' id='line_1_67' title="bbox 761 3539 2320 3610; baseline 0.003 -17"><span class='ocrx_word' id='word_1_456' title='bbox 761 3556 869 3609; x_wconf 80' lang='lat' dir='ltr'><strong>que</strong></span> <span class='ocrx_word' id='word_1_457' title='bbox 899 3539 1232 3593; x_wconf 90' lang='lat' dir='ltr'><strong>alacritatem</strong></span> <span class='ocrx_word' id='word_1_458' title='bbox 1260 3552 1451 3593; x_wconf 90' lang='lat' dir='ltr'><strong>eorum</strong></span> <span class='ocrx_word' id='word_1_459' title='bbox 1483 3540 1575 3608; x_wconf 88' lang='lat' dir='ltr'><strong>qui</strong></span> <span class='ocrx_word' id='word_1_460' title='bbox 1608 3539 1732 3594; x_wconf 75' lang='lat' dir='ltr'><strong>ﬁlia:</strong></span> <span class='ocrx_word' id='word_1_461' title='bbox 1772 3550 1895 3606; x_wconf 63' lang='lat' dir='ltr'><strong>tua},</strong></span> <span class='ocrx_word' id='word_1_462' title='bbox 1935 3544 2087 3610; x_wconf 83' lang='lat' dir='ltr'><strong>quasi</strong></span> <span class='ocrx_word' id='word_1_463' title='bbox 2123 3558 2320 3597; x_wconf 89' lang='lat' dir='ltr'><strong>munus</strong></span> 
     </span>
    </p>
   </div>
   <div class='ocr_carea' id='block_1_68' title="bbox 763 3631 2323 3703">
    <p class='ocr_par' dir='ltr' id='par_1_68' title="bbox 763 3631 2323 3703">
     <span class='ocr_line' id='line_1_68' title="bbox 763 3631 2323 3703; baseline 0.001 -17"><span class='ocrx_word' id='word_1_464' title='bbox 763 3635 902 3686; x_wconf 75' lang='lat' dir='ltr'><strong>festo</strong></span> <span class='ocrx_word' id='word_1_465' title='bbox 939 3640 1280 3701; x_wconf 88' lang='lat' dir='ltr'><strong>competens,</strong></span> <span class='ocrx_word' id='word_1_466' title='bbox 1327 3632 1626 3685; x_wconf 88' lang='lat' dir='ltr'><strong>orationem</strong></span> <span class='ocrx_word' id='word_1_467' title='bbox 1683 3631 1878 3687; x_wconf 84' lang='lat' dir='ltr'><strong>oﬂ&#39;erre</strong></span> <span class='ocrx_word' id='word_1_468' title='bbox 1923 3635 2161 3703; x_wconf 83' lang='lat' dir='ltr'><strong>cogitant</strong></span> <span class='ocrx_word' id='word_1_469' title='bbox 2186 3636 2206 3687; x_wconf 76' lang='grc' dir='ltr'><strong>’ἐ</strong></span> <span class='ocrx_word' id='word_1_470' title='bbox 2240 3636 2323 3688; x_wconf 76' lang='lat' dir='ltr'><strong>An</strong></span> 
     </span>
    </p>
   </div>
   <div class='ocr_carea' id='block_1_69' title="bbox 764 3720 2326 3791">
    <p class='ocr_par' dir='ltr' id='par_1_69' title="bbox 764 3720 2326 3791">
     <span class='ocr_line' id='line_1_69' title="bbox 764 3720 2326 3791; baseline 0.001 -16"><span class='ocrx_word' id='word_1_471' title='bbox 764 3724 971 3777; x_wconf 80' lang='lat' dir='ltr'><strong>abnues</strong></span> <span class='ocrx_word' id='word_1_472' title='bbox 1030 3736 1204 3790; x_wconf 90' lang='lat' dir='ltr'><strong>neque</strong></span> <span class='ocrx_word' id='word_1_473' title='bbox 1246 3720 1558 3787; x_wconf 86' lang='lat' dir='ltr'><strong>adduceris,</strong></span> <span class='ocrx_word' id='word_1_474' title='bbox 1599 3732 1656 3775; x_wconf 90' lang='lat' dir='ltr'><strong>ut</strong></span> <span class='ocrx_word' id='word_1_475' title='bbox 1710 3722 1805 3791; x_wconf 90' lang='lat' dir='ltr'><strong>qui</strong></span> <span class='ocrx_word' id='word_1_476' title='bbox 1851 3723 1964 3789; x_wconf 88' lang='lat' dir='ltr'><strong>jam</strong></span> <span class='ocrx_word' id='word_1_477' title='bbox 1996 3723 2326 3778; x_wconf 85' lang='lat' dir='ltr'><strong>immortales</strong></span> 
     </span>
    </p>
   </div>
   <div class='ocr_carea' id='block_1_70' title="bbox 763 3815 2326 3884">
    <p class='ocr_par' dir='ltr' id='par_1_70' title="bbox 763 3815 2326 3884">
     <span class='ocr_line' id='line_1_70' title="bbox 763 3815 2326 3884; baseline 0.001 -16"><span class='ocrx_word' id='word_1_478' title='bbox 763 3816 922 3870; x_wconf 90' lang='lat' dir='ltr'><strong>sedes</strong></span> <span class='ocrx_word' id='word_1_479' title='bbox 953 3815 1166 3879; x_wconf 86' lang='lat' dir='ltr'><strong>incolis,</strong></span> <span class='ocrx_word' id='word_1_480' title='bbox 1201 3815 1264 3866; x_wconf 84' lang='lat' dir='ltr'><strong>ad</strong></span> <span class='ocrx_word' id='word_1_481' title='bbox 1307 3829 1408 3867; x_wconf 94' lang='lat' dir='ltr'><strong>nos</strong></span> <span class='ocrx_word' id='word_1_482' title='bbox 1436 3815 1759 3878; x_wconf 87' lang='lat' dir='ltr'><strong>descendas,</strong></span> <span class='ocrx_word' id='word_1_483' title='bbox 1807 3816 2007 3884; x_wconf 89' lang='lat' dir='ltr'><strong>quibus</strong></span> <span class='ocrx_word' id='word_1_484' title='bbox 2032 3816 2149 3870; x_wconf 71' lang='lat' dir='ltr'><strong>ista:</strong></span> <span class='ocrx_word' id='word_1_485' title='bbox 2181 3831 2326 3870; x_wconf 90' lang='lat' dir='ltr'><strong>mor-</strong></span> 
     </span>
    </p>
   </div>
   <div class='ocr_carea' id='block_1_71' title="bbox 764 3902 2327 3973">
    <p class='ocr_par' dir='ltr' id='par_1_71' title="bbox 764 3902 2327 3973">
     <span class='ocr_line' id='line_1_71' title="bbox 764 3902 2327 3973; baseline 0.001 -14"><span class='ocrx_word' id='word_1_486' title='bbox 764 3904 990 3959; x_wconf 88' lang='lat' dir='ltr'><strong>talitatis</strong></span> <span class='ocrx_word' id='word_1_487' title='bbox 1032 3906 1188 3958; x_wconf 85' lang='lat' dir='ltr'><strong>sedes</strong></span> <span class='ocrx_word' id='word_1_488' title='bbox 1242 3903 1577 3972; x_wconf 86' lang='lat' dir='ltr'><strong>obtigerunt,</strong></span> <span class='ocrx_word' id='word_1_489' title='bbox 1610 3914 1664 3955; x_wconf 91' lang='lat' dir='ltr'><strong>et</strong></span> <span class='ocrx_word' id='word_1_490' title='bbox 1710 3919 1850 3973; x_wconf 91' lang='lat' dir='ltr'><strong>quos</strong></span> <span class='ocrx_word' id='word_1_491' title='bbox 1901 3902 2009 3957; x_wconf 80' lang='lat' dir='ltr'><strong>fata</strong></span> <span class='ocrx_word' id='word_1_492' title='bbox 2066 3906 2151 3960; x_wconf 89' lang='lat' dir='ltr'><strong>his</strong></span> <span class='ocrx_word' id='word_1_493' title='bbox 2193 3906 2327 3961; x_wconf 89' lang='lat' dir='ltr'><strong>locis</strong></span> 
     </span>
    </p>
   </div>
   <div class='ocr_carea' id='block_1_72' title="bbox 765 3993 2325 4062">
    <p class='ocr_par' dir='ltr' id='par_1_72' title="bbox 765 3993 2325 4062">
     <span class='ocr_line' id='line_1_72' title="bbox 765 3993 2325 4062; baseline 0.002 -14"><span class='ocrx_word' id='word_1_494' title='bbox 765 3996 942 4049; x_wconf 87' lang='lat' dir='ltr'><strong>debita</strong></span> <span class='ocrx_word' id='word_1_495' title='bbox 991 3995 1294 4049; x_wconf 77' lang='lat' dir='ltr'><strong>exercent?</strong></span> <span class='ocrx_word' id='word_1_496' title='bbox 1332 3993 1484 4050; x_wconf 82' lang='lat' dir='ltr'><strong>Haud</strong></span> <span class='ocrx_word' id='word_1_497' title='bbox 1523 3996 1800 4050; x_wconf 88' lang='lat' dir='ltr'><strong>enimvero</strong></span> <span class='ocrx_word' id='word_1_498' title='bbox 1847 4005 2105 4062; x_wconf 90' lang='lat' dir='ltr'><strong>recusat;</strong></span> <span class='ocrx_word' id='word_1_499' title='bbox 2154 3997 2325 4062; x_wconf 86' lang='lat' dir='ltr'><strong>adest,</strong></span> 
     </span>
    </p>
   </div>
   <div class='ocr_carea' id='block_1_73' title="bbox 765 4085 2325 4157">
    <p class='ocr_par' dir='ltr' id='par_1_73' title="bbox 765 4085 2325 4157">
     <span class='ocr_line' id='line_1_73' title="bbox 765 4085 2325 4157; baseline 0.002 -18"><span class='ocrx_word' id='word_1_500' title='bbox 765 4102 828 4140; x_wconf 88' lang='lat' dir='ltr'><strong>ac</strong></span> <span class='ocrx_word' id='word_1_501' title='bbox 887 4101 1027 4155; x_wconf 90' lang='lat' dir='ltr'><strong>opus</strong></span> <span class='ocrx_word' id='word_1_502' title='bbox 1079 4085 1429 4155; x_wconf 82' lang='lat' dir='ltr'><strong>aggreditur,</strong></span> <span class='ocrx_word' id='word_1_503' title='bbox 1471 4102 1802 4157; x_wconf 87' lang='lat' dir='ltr'><strong>operamque</strong></span> <span class='ocrx_word' id='word_1_504' title='bbox 1840 4104 1995 4143; x_wconf 86' lang='lat' dir='ltr'><strong>suam</strong></span> <span class='ocrx_word' id='word_1_505' title='bbox 2041 4089 2325 4144; x_wconf 86' lang='lat' dir='ltr'><strong>nobiscum</strong></span> 
     </span>
    </p>
   </div>
   <div class='ocr_carea' id='block_1_74' title="bbox 762 4176 2331 4248">
    <p class='ocr_par' dir='ltr' id='par_1_74' title="bbox 762 4176 2331 4248">
     <span class='ocr_line' id='line_1_74' title="bbox 762 4176 2331 4248; baseline 0.001 -18"><span class='ocrx_word' id='word_1_506' title='bbox 762 4178 941 4248; x_wconf 80' lang='lat' dir='ltr'><strong>jungit</strong></span> <span class='ocrx_word' id='word_1_507' title='bbox 967 4215 980 4238; x_wconf 91' lang='lat'><strong>,</strong></span> <span class='ocrx_word' id='word_1_508' title='bbox 1013 4176 1152 4229; x_wconf 85' lang='lat' dir='ltr'><strong>nihil</strong></span> <span class='ocrx_word' id='word_1_509' title='bbox 1180 4176 1409 4231; x_wconf 89' lang='lat' dir='ltr'><strong>moleste</strong></span> <span class='ocrx_word' id='word_1_510' title='bbox 1431 4176 1634 4241; x_wconf 80' lang='lat' dir='ltr'><strong>ferens,</strong></span> <span class='ocrx_word' id='word_1_511' title='bbox 1662 4187 1717 4231; x_wconf 92' lang='lat' dir='ltr'><strong>ut</strong></span> <span class='ocrx_word' id='word_1_512' title='bbox 1741 4178 1859 4247; x_wconf 84' lang='lat' dir='ltr'><strong>ejus</strong></span> <span class='ocrx_word' id='word_1_513' title='bbox 1888 4192 1989 4231; x_wconf 91' lang='lat' dir='ltr'><strong>nos</strong></span> <span class='ocrx_word' id='word_1_514' title='bbox 2022 4180 2244 4233; x_wconf 78' lang='lat' dir='ltr'><strong>vocibus</strong></span> <span class='ocrx_word' id='word_1_515' title='bbox 2266 4194 2331 4232; x_wconf 90' lang='lat' dir='ltr'><strong>ac</strong></span> 
     </span>
    </p>
   </div>
   <div class='ocr_carea' id='block_1_75' title="bbox 764 4268 2331 4336">
    <p class='ocr_par' dir='ltr' id='par_1_75' title="bbox 764 4268 2331 4336">
     <span class='ocr_line' id='line_1_75' title="bbox 764 4268 2331 4336; baseline -0.003 -9"><span class='ocrx_word' id='word_1_516' title='bbox 764 4272 1003 4327; x_wconf 83' lang='lat' dir='ltr'><strong>oracuiis</strong></span> <span class='ocrx_word' id='word_1_517' title='bbox 1046 4269 1340 4322; x_wconf 88' lang='lat' dir='ltr'><strong>abutamur</strong></span> <span class='ocrx_word' id='word_1_518' title='bbox 1395 4269 1641 4323; x_wconf 84' lang='lat' dir='ltr'><strong>oratione</strong></span> <span class='ocrx_word' id='word_1_519' title='bbox 1692 4268 2025 4323; x_wconf 83' lang='lat' dir='ltr'><strong>conﬁcienda</strong></span> <span class='ocrx_word' id='word_1_520' title='bbox 2066 4287 2077 4321; x_wconf 94' lang='lat'>:</span> <span class='ocrx_word' id='word_1_521' title='bbox 2135 4269 2331 4336; x_wconf 89' lang='lat' dir='ltr'><strong>quibus</strong></span> 
     </span>
    </p>
   </div>
   <div class='ocr_carea' id='block_1_76' title="bbox 767 4360 2332 4431">
    <p class='ocr_par' dir='ltr' id='par_1_76' title="bbox 767 4360 2332 4431">
     <span class='ocr_line' id='line_1_76' title="bbox 767 4360 2332 4431; baseline 0 -15"><span class='ocrx_word' id='word_1_522' title='bbox 767 4372 1025 4431; x_wconf 77' lang='lat' dir='ltr'><strong>tanquam</strong></span> <span class='ocrx_word' id='word_1_523' title='bbox 1086 4361 1558 4430; x_wconf 85' lang='lat' dir='ltr'><strong>oppositissimis,</strong></span> <span class='ocrx_word' id='word_1_524' title='bbox 1630 4362 1828 4431; x_wconf 83' lang='lat' dir='ltr'><strong>capitis</strong></span> <span class='ocrx_word' id='word_1_525' title='bbox 1888 4362 2010 4415; x_wconf 91' lang='lat' dir='ltr'><strong>loco</strong></span> <span class='ocrx_word' id='word_1_526' title='bbox 2074 4360 2332 4416; x_wconf 88' lang='lat' dir='ltr'><strong>addemus</strong></span> 
     </span>
    </p>
   </div>
   <div class='ocr_carea' id='block_1_77' title="bbox 2433 3441 3991 3519">
    <p class='ocr_par' dir='ltr' id='par_1_77' title="bbox 2433 3441 3991 3519">
     <span class='ocr_line' id='line_1_77' title="bbox 2433 3441 3991 3519; baseline -0.007 -17"><span class='ocrx_word' id='word_1_527' title='bbox 2433 3447 2738 3519; x_wconf 83' lang='grc' dir='ltr'>ενηνοχέναι</span> <span class='ocrx_word' id='word_1_528' title='bbox 2799 3448 2889 3500; x_wconf 84' lang='grc' dir='ltr'><strong>τὸν</strong></span> <span class='ocrx_word' id='word_1_529' title='bbox 2955 3446 3145 3513; x_wconf 88' lang='grc' dir='ltr'>λόγον;</span> <span class='ocrx_word' id='word_1_530' title='bbox 3195 3445 3269 3497; x_wconf 85' lang='grc' dir='ltr'><strong>Ἦ</strong></span> <span class='ocrx_word' id='word_1_531' title='bbox 3333 3442 3672 3514; x_wconf 81' lang='grc' dir='ltr'>παραιτήσῃ,</span> <span class='ocrx_word' id='word_1_532' title='bbox 3730 3441 3825 3494; x_wconf 81' lang='grc' dir='ltr'>καὶ</span> <span class='ocrx_word' id='word_1_533' title='bbox 3890 3441 3991 3492; x_wconf 65' lang='grc' dir='ltr'><strong>οὐκ</strong></span> 
     </span>
    </p>
   </div>
   <div class='ocr_carea' id='block_1_78' title="bbox 2426 3531 3992 3605">
    <p class='ocr_par' dir='ltr' id='par_1_78' title="bbox 2426 3531 3992 3605">
     <span class='ocr_line' id='line_1_78' title="bbox 2426 3531 3992 3605; baseline -0.009 -10"><span class='ocrx_word' id='word_1_534' title='bbox 2426 3541 2627 3602; x_wconf 71' lang='grc' dir='ltr'>ἐθέλεις</span> <span class='ocrx_word' id='word_1_535' title='bbox 2666 3539 2826 3602; x_wconf 81' lang='grc' dir='ltr'>αὐτὸς</span> <span class='ocrx_word' id='word_1_536' title='bbox 2866 3540 2987 3599; x_wconf 85' lang='grc' dir='ltr'>ταῖς</span> <span class='ocrx_word' id='word_1_537' title='bbox 3039 3534 3335 3605; x_wconf 82' lang='grc' dir='ltr'>ἀκηράτοις</span> <span class='ocrx_word' id='word_1_538' title='bbox 3394 3531 3750 3603; x_wconf 75' lang='grc' dir='ltr'>ἐνδιατρίϐων</span> <span class='ocrx_word' id='word_1_539' title='bbox 3805 3531 3992 3599; x_wconf 75' lang='grc' dir='ltr'>λήξεσι</span> 
     </span>
    </p>
   </div>
   <div class='ocr_carea' id='block_1_79' title="bbox 2425 3623 3989 3702">
    <p class='ocr_par' dir='ltr' id='par_1_79' title="bbox 2425 3623 3989 3702">
     <span class='ocr_line' id='line_1_79' title="bbox 2425 3623 3989 3702; baseline -0.009 -16"><span class='ocrx_word' id='word_1_540' title='bbox 2425 3634 2559 3702; x_wconf 80' lang='grc' dir='ltr'>πρὸς</span> <span class='ocrx_word' id='word_1_541' title='bbox 2584 3632 2728 3702; x_wconf 81' lang='grc' dir='ltr'>ἡμᾶς</span> <span class='ocrx_word' id='word_1_542' title='bbox 2754 3629 3018 3693; x_wconf 78' lang='grc' dir='ltr'>κατιέναι,</span> <span class='ocrx_word' id='word_1_543' title='bbox 3040 3626 3130 3689; x_wconf 78' lang='grc' dir='ltr'><strong>οὒς</strong></span> <span class='ocrx_word' id='word_1_544' title='bbox 3150 3628 3204 3679; x_wconf 81' lang='grc' dir='ltr'>αἱ</span> <span class='ocrx_word' id='word_1_545' title='bbox 3223 3625 3370 3678; x_wconf 84' lang='grc' dir='ltr'>κάτω</span> <span class='ocrx_word' id='word_1_546' title='bbox 3396 3624 3750 3693; x_wconf 73' lang='grc' dir='ltr'>περιφέρωσι</span> <span class='ocrx_word' id='word_1_547' title='bbox 3796 3623 3989 3691; x_wconf 73' lang='grc' dir='ltr'>κῆρεςς</span> 
     </span>
    </p>
   </div>
   <div class='ocr_carea' id='block_1_80' title="bbox 2436 3713 3991 3792">
    <p class='ocr_par' dir='ltr' id='par_1_80' title="bbox 2436 3713 3991 3792">
     <span class='ocr_line' id='line_1_80' title="bbox 2436 3713 3991 3792; baseline -0.011 -13"><span class='ocrx_word' id='word_1_548' title='bbox 2436 3725 2577 3779; x_wconf 77' lang='grc' dir='ltr'><strong>Ἀλλ’</strong></span> <span class='ocrx_word' id='word_1_549' title='bbox 2615 3722 2874 3792; x_wconf 77' lang='grc' dir='ltr'>οῠμενουν</span> <span class='ocrx_word' id='word_1_550' title='bbox 2926 3719 3269 3789; x_wconf 87' lang='grc' dir='ltr'>παραιτεῖται</span> <span class='ocrx_word' id='word_1_551' title='bbox 3293 3729 3310 3743; x_wconf 84' lang='grc'><strong><em>⁸</em></strong></span> <span class='ocrx_word' id='word_1_552' title='bbox 3348 3716 3577 3784; x_wconf 84' lang='grc' dir='ltr'>πάρεστι</span> <span class='ocrx_word' id='word_1_553' title='bbox 3602 3714 3691 3778; x_wconf 78' lang='grc' dir='ltr'>δὲ,</span> <span class='ocrx_word' id='word_1_554' title='bbox 3722 3713 3815 3766; x_wconf 75' lang='grc' dir='ltr'>καὶ</span> <span class='ocrx_word' id='word_1_555' title='bbox 3852 3730 3991 3781; x_wconf 83' lang='grc' dir='ltr'>συμ-</span> 
     </span>
    </p>
   </div>
   <div class='ocr_carea' id='block_1_81' title="bbox 2430 3803 3992 3885">
    <p class='ocr_par' dir='ltr' id='par_1_81' title="bbox 2430 3803 3992 3885">
     <span class='ocr_line' id='line_1_81' title="bbox 2430 3803 3992 3885; baseline -0.01 -16"><span class='ocrx_word' id='word_1_556' title='bbox 2430 3815 2645 3885; x_wconf 80' lang='grc' dir='ltr'>μετέχει</span> <span class='ocrx_word' id='word_1_557' title='bbox 2694 3811 2786 3865; x_wconf 83' lang='grc' dir='ltr'>τοῦ</span> <span class='ocrx_word' id='word_1_558' title='bbox 2818 3811 3160 3881; x_wconf 84' lang='grc' dir='ltr'>πράγματος,</span> <span class='ocrx_word' id='word_1_559' title='bbox 3218 3808 3308 3860; x_wconf 72' lang='grc' dir='ltr'><strong>καὶ</strong></span> <span class='ocrx_word' id='word_1_560' title='bbox 3352 3803 3859 3872; x_wconf 83' lang='grc' dir='ltr'>συγκατασκευάζει</span> <span class='ocrx_word' id='word_1_561' title='bbox 3928 3804 3992 3855; x_wconf 73' lang='grc' dir='ltr'>τὸ</span> 
     </span>
    </p>
   </div>
   <div class='ocr_carea' id='block_1_82' title="bbox 2426 3896 3991 3978">
    <p class='ocr_par' dir='ltr' id='par_1_82' title="bbox 2426 3896 3991 3978">
     <span class='ocr_line' id='line_1_82' title="bbox 2426 3896 3991 3978; baseline -0.009 -18"><span class='ocrx_word' id='word_1_562' title='bbox 2426 3908 2607 3978; x_wconf 77' lang='grc' dir='ltr'>ἔργον,</span> <span class='ocrx_word' id='word_1_563' title='bbox 2656 3903 2807 3957; x_wconf 77' lang='grc' dir='ltr'>οὐδέν</span> <span class='ocrx_word' id='word_1_564' title='bbox 2853 3919 2905 3953; x_wconf 88' lang='grc' dir='ltr'><strong>τι</strong></span> <span class='ocrx_word' id='word_1_565' title='bbox 2955 3900 3221 3970; x_wconf 86' lang='grc' dir='ltr'>νεμεσῶν,</span> <span class='ocrx_word' id='word_1_566' title='bbox 3263 3900 3375 3961; x_wconf 87' lang='grc' dir='ltr'>τοῖς</span> <span class='ocrx_word' id='word_1_567' title='bbox 3431 3896 3642 3949; x_wconf 80' lang='grc' dir='ltr'>ἐκείνου</span> <span class='ocrx_word' id='word_1_568' title='bbox 3680 3896 3991 3964; x_wconf 84' lang='grc' dir='ltr'>φθέγμασιν</span> 
     </span>
    </p>
   </div>
   <div class='ocr_carea' id='block_1_83' title="bbox 2425 3990 3986 4069">
    <p class='ocr_par' dir='ltr' id='par_1_83' title="bbox 2425 3990 3986 4069">
     <span class='ocr_line' id='line_1_83' title="bbox 2425 3990 3986 4069; baseline -0.01 -15"><span class='ocrx_word' id='word_1_569' title='bbox 2425 3997 2840 4069; x_wconf 83' lang='grc' dir='ltr'>ἀποχρωμένοις</span> <span class='ocrx_word' id='word_1_570' title='bbox 2867 3997 3021 4065; x_wconf 78' lang='grc' dir='ltr'>ἡμῖν,</span> <span class='ocrx_word' id='word_1_571' title='bbox 3055 3995 3133 4057; x_wconf 84' lang='grc' dir='ltr'><strong>είς</strong></span> <span class='ocrx_word' id='word_1_572' title='bbox 3164 3994 3262 4059; x_wconf 68' lang='grc' dir='ltr'><strong>τὴν</strong></span> <span class='ocrx_word' id='word_1_573' title='bbox 3300 3991 3393 4044; x_wconf 80' lang='grc' dir='ltr'>τοῦ</span> <span class='ocrx_word' id='word_1_574' title='bbox 3428 3990 3586 4059; x_wconf 80' lang='grc' dir='ltr'>λόγου</span> <span class='ocrx_word' id='word_1_575' title='bbox 3608 3991 3986 4056; x_wconf 82' lang='grc' dir='ltr'>κατασκευήν·</span> 
     </span>
    </p>
   </div>
   <div class='ocr_carea' id='block_1_84' title="bbox 2425 4079 3989 4160">
    <p class='ocr_par' dir='ltr' id='par_1_84' title="bbox 2425 4079 3989 4160">
     <span class='ocr_line' id='line_1_84' title="bbox 2425 4079 3989 4160; baseline -0.008 -16"><span class='ocrx_word' id='word_1_576' title='bbox 2425 4087 2505 4155; x_wconf 77' lang='grc' dir='ltr'>οἷς</span> <span class='ocrx_word' id='word_1_577' title='bbox 2534 4087 2654 4144; x_wconf 84' lang='grc' dir='ltr'>οὖσι</span> <span class='ocrx_word' id='word_1_578' title='bbox 2701 4086 3171 4160; x_wconf 86' lang='grc' dir='ltr'>προσφορωτάτοις</span> <span class='ocrx_word' id='word_1_579' title='bbox 3200 4084 3441 4153; x_wconf 79' lang='grc' dir='ltr'>κεφαλὴν</span> <span class='ocrx_word' id='word_1_580' title='bbox 3474 4082 3750 4142; x_wconf 78' lang='grc' dir='ltr'>ἐπιθέντες</span> <span class='ocrx_word' id='word_1_581' title='bbox 3769 4080 3868 4150; x_wconf 79' lang='grc' dir='ltr'><strong>τὴν</strong></span> <span class='ocrx_word' id='word_1_582' title='bbox 3896 4079 3989 4132; x_wconf 76' lang='grc' dir='ltr'>τοῦ</span> 
     </span>
    </p>
   </div>
   <div class='ocr_carea' id='block_1_85' title="bbox 2428 4176 3991 4251">
    <p class='ocr_par' dir='ltr' id='par_1_85' title="bbox 2428 4176 3991 4251">
     <span class='ocr_line' id='line_1_85' title="bbox 2428 4176 3991 4251; baseline -0.01 -14"><span class='ocrx_word' id='word_1_583' title='bbox 2428 4182 2592 4237; x_wconf 81' lang='grc' dir='ltr'>καλοῦ</span> <span class='ocrx_word' id='word_1_584' title='bbox 2631 4180 2937 4251; x_wconf 82' lang='grc' dir='ltr'>νυμφευτοῦ</span> <span class='ocrx_word' id='word_1_585' title='bbox 2978 4178 3162 4249; x_wconf 78' lang='grc' dir='ltr'>φωνὴν</span> <span class='ocrx_word' id='word_1_586' title='bbox 3207 4178 3304 4247; x_wconf 81' lang='grc' dir='ltr'><strong>τῆς</strong></span> <span class='ocrx_word' id='word_1_587' title='bbox 3329 4176 3524 4246; x_wconf 84' lang='grc' dir='ltr'>χαρᾶς,</span> <span class='ocrx_word' id='word_1_588' title='bbox 3558 4176 3708 4243; x_wconf 84' lang='grc' dir='ltr'>κοινῇ</span> <span class='ocrx_word' id='word_1_589' title='bbox 3743 4176 3807 4243; x_wconf 83' lang='grc' dir='ltr'>τῇ</span> <span class='ocrx_word' id='word_1_590' title='bbox 3842 4189 3991 4242; x_wconf 85' lang='grc' dir='ltr'>παρ-</span> 
     </span>
    </p>
   </div>
   <div class='ocr_carea' id='block_1_86' title="bbox 2428 4264 3989 4343">
    <p class='ocr_par' dir='ltr' id='par_1_86' title="bbox 2428 4264 3989 4343">
     <span class='ocr_line' id='line_1_86' title="bbox 2428 4264 3989 4343; baseline -0.01 -15"><span class='ocrx_word' id='word_1_591' title='bbox 2428 4274 2565 4342; x_wconf 85' lang='grc' dir='ltr'>θένῳ</span> <span class='ocrx_word' id='word_1_592' title='bbox 2607 4272 2849 4343; x_wconf 89' lang='grc' dir='ltr'>ποιῶμεν</span> <span class='ocrx_word' id='word_1_593' title='bbox 2893 4272 2983 4323; x_wconf 88' lang='grc' dir='ltr'><strong>τὸν</strong></span> <span class='ocrx_word' id='word_1_594' title='bbox 3013 4270 3255 4322; x_wconf 81' lang='grc' dir='ltr'>ἔπαινον.</span> <span class='ocrx_word' id='word_1_595' title='bbox 3280 4267 3537 4336; x_wconf 79' lang='grc' dir='ltr'>Εἴπωμεν</span> <span class='ocrx_word' id='word_1_596' title='bbox 3578 4264 3757 4317; x_wconf 84' lang='grc' dir='ltr'>τοίνυν</span> <span class='ocrx_word' id='word_1_597' title='bbox 3808 4264 3989 4331; x_wconf 50' lang='lat'><strong>061?.-</strong></span> 
     </span>
    </p>
   </div>
   <div class='ocr_carea' id='block_1_87' title="bbox 2419 4347 3993 4427">
    <p class='ocr_par' dir='ltr' id='par_1_87' title="bbox 2419 4347 3993 4427">
     <span class='ocr_line' id='line_1_87' title="bbox 2419 4347 3993 4427; baseline -0.008 -17"><span class='ocrx_word' id='word_1_598' title='bbox 2419 4356 2621 4427; x_wconf 82' lang='grc' dir='ltr'>μᾶλλον</span> <span class='ocrx_word' id='word_1_599' title='bbox 2649 4359 2694 4410; x_wconf 84' lang='grc' dir='ltr'><strong>δ’</strong></span> <span class='ocrx_word' id='word_1_600' title='bbox 2725 4360 2753 4409; x_wconf 86' lang='grc' dir='ltr'>ὁ</span> <span class='ocrx_word' id='word_1_601' title='bbox 2781 4355 2954 4410; x_wconf 79' lang='grc' dir='ltr'>ταῦτα</span> <span class='ocrx_word' id='word_1_602' title='bbox 2984 4354 3413 4426; x_wconf 76' lang='grc' dir='ltr'>προανυμνήσας</span> <span class='ocrx_word' id='word_1_603' title='bbox 3447 4349 3672 4418; x_wconf 71' lang='grc' dir='ltr'>λεγέτω*</span> <span class='ocrx_word' id='word_1_604' title='bbox 3704 4347 3877 4415; x_wconf 86' lang='grc' dir='ltr'>Χαῖρε</span> <span class='ocrx_word' id='word_1_605' title='bbox 3898 4385 3913 4408; x_wconf 92' lang='grc'><strong>,</strong></span> <span class='ocrx_word' id='word_1_606' title='bbox 3957 4349 3993 4415; x_wconf 87' lang='grc' dir='ltr'>ἡ</span> 
     </span>
    </p>
   </div>
   <div class='ocr_carea' id='block_1_88' title="bbox 769 4440 2440 4523">
    <p class='ocr_par' dir='ltr' id='par_1_88' title="bbox 769 4451 2440 4523">
     <span class='ocr_line' id='line_1_88' title="bbox 769 4451 2440 4523; baseline -0.001 -18"><span class='ocrx_word' id='word_1_607' title='bbox 769 4455 990 4509; x_wconf 89' lang='lat' dir='ltr'><strong>verbum</strong></span> <span class='ocrx_word' id='word_1_608' title='bbox 1023 4453 1203 4522; x_wconf 87' lang='lat' dir='ltr'><strong>gaudii</strong></span> <span class='ocrx_word' id='word_1_609' title='bbox 1239 4454 1641 4522; x_wconf 82' lang='lat' dir='ltr'><strong>plenissimum,</strong></span> <span class='ocrx_word' id='word_1_610' title='bbox 1664 4452 1812 4523; x_wconf 79' lang='lat' dir='ltr'><strong>quod</strong></span> <span class='ocrx_word' id='word_1_611' title='bbox 1837 4453 2219 4521; x_wconf 83' lang='lat' dir='ltr'><strong>integerrimus</strong></span> <span class='ocrx_word' id='word_1_612' title='bbox 2244 4451 2335 4506; x_wconf 88' lang='lat' dir='ltr'><strong>ille</strong></span> <span class='ocrx_word' id='word_1_613' title='bbox 2415 4468 2440 4504; x_wconf 68' lang='grc' dir='ltr'><strong>κ</strong></span> 
     </span>
    </p>
   </div>
   <div class='ocr_carea' id='block_1_89' title="bbox 2325 4440 3996 4523">
    <p class='ocr_par' dir='ltr' id='par_1_89' title="bbox 2325 4440 3996 4521">
     <span class='ocr_line' id='line_1_89' title="bbox 2325 4440 3996 4521; baseline -0.009 -16"><span class='ocrx_word' id='word_1_614' title='bbox 2325 4467 2335 4505; x_wconf 67' lang='grc' dir='ltr'><strong>ι</strong></span> <span class='ocrx_word' id='word_1_615' title='bbox 2415 4451 2647 4514; x_wconf 81' lang='grc' dir='ltr'>κιϐωτὸς</span> <span class='ocrx_word' id='word_1_616' title='bbox 2672 4490 2686 4514; x_wconf 92' lang='grc'><strong>,</strong></span> <span class='ocrx_word' id='word_1_617' title='bbox 2717 4450 2783 4503; x_wconf 81' lang='grc' dir='ltr'>δι’</span> <span class='ocrx_word' id='word_1_618' title='bbox 2808 4445 2876 4521; x_wconf 82' lang='grc' dir='ltr'>ἦς</span> <span class='ocrx_word' id='word_1_619' title='bbox 2912 4450 2941 4501; x_wconf 84' lang='grc' dir='ltr'>ὁ</span> <span class='ocrx_word' id='word_1_620' title='bbox 2977 4448 3111 4510; x_wconf 82' lang='grc' dir='ltr'>Θεὸς</span> <span class='ocrx_word' id='word_1_621' title='bbox 3146 4449 3204 4501; x_wconf 80' lang='grc' dir='ltr'><strong>ἐν</strong></span> <span class='ocrx_word' id='word_1_622' title='bbox 3234 4445 3309 4515; x_wconf 81' lang='grc' dir='ltr'>τῷ</span> <span class='ocrx_word' id='word_1_623' title='bbox 3352 4444 3442 4496; x_wconf 73' lang='grc' dir='ltr'><strong>διὰ</strong></span> <span class='ocrx_word' id='word_1_624' title='bbox 3472 4442 3562 4497; x_wconf 81' lang='grc' dir='ltr'>σοῦ</span> <span class='ocrx_word' id='word_1_625' title='bbox 3600 4441 3902 4508; x_wconf 82' lang='grc' dir='ltr'>ἀναστῆσαι</span> <span class='ocrx_word' id='word_1_626' title='bbox 3934 4440 3996 4490; x_wconf 78' lang='grc' dir='ltr'><strong>τὸ</strong></span> 
     </span>
    </p>
   </div>
   <div class='ocr_carea' id='block_1_90' title="bbox 767 4538 2334 4612">
    <p class='ocr_par' dir='ltr' id='par_1_90' title="bbox 767 4538 2334 4612">
     <span class='ocr_line' id='line_1_90' title="bbox 767 4538 2334 4612; baseline -0.004 -15"><span class='ocrx_word' id='word_1_627' title='bbox 767 4544 1050 4612; x_wconf 90' lang='lat' dir='ltr'><strong>pronubus</strong></span> <span class='ocrx_word' id='word_1_628' title='bbox 1088 4544 1373 4612; x_wconf 86' lang='lat' dir='ltr'><strong>usurpavit</strong></span> <span class='ocrx_word' id='word_1_629' title='bbox 1405 4583 1419 4607; x_wconf 92' lang='lat'><strong>,</strong></span> <span class='ocrx_word' id='word_1_630' title='bbox 1467 4543 1657 4611; x_wconf 89' lang='lat' dir='ltr'><strong>sicque</strong></span> <span class='ocrx_word' id='word_1_631' title='bbox 1683 4542 1956 4595; x_wconf 89' lang='lat' dir='ltr'><strong>communi</strong></span> <span class='ocrx_word' id='word_1_632' title='bbox 1994 4539 2175 4594; x_wconf 90' lang='lat' dir='ltr'><strong>studio</strong></span> <span class='ocrx_word' id='word_1_633' title='bbox 2212 4538 2334 4592; x_wconf 80' lang='lat' dir='ltr'><strong>Vir-</strong></span> 
     </span>
    </p>
   </div>
   <div class='ocr_carea' id='block_1_91' title="bbox 2417 4529 3996 4613">
    <p class='ocr_par' dir='ltr' id='par_1_91' title="bbox 2417 4529 3996 4613">
     <span class='ocr_line' id='line_1_91' title="bbox 2417 4529 3996 4613; baseline -0.01 -17"><span class='ocrx_word' id='word_1_634' title='bbox 2417 4542 2641 4613; x_wconf 76' lang='grc' dir='ltr'>πλὰσμα</span> <span class='ocrx_word' id='word_1_635' title='bbox 2662 4540 2752 4594; x_wconf 78' lang='grc' dir='ltr'>τοῦ</span> <span class='ocrx_word' id='word_1_636' title='bbox 2774 4541 3088 4610; x_wconf 80' lang='grc' dir='ltr'>πτώματος,</span> <span class='ocrx_word' id='word_1_637' title='bbox 3110 4539 3194 4605; x_wconf 74' lang='grc' dir='ltr'>ἐφ’</span> <span class='ocrx_word' id='word_1_638' title='bbox 3216 4529 3260 4604; x_wconf 83' lang='grc' dir='ltr'>ᾧ</span> <span class='ocrx_word' id='word_1_639' title='bbox 3282 4534 3519 4604; x_wconf 82' lang='grc' dir='ltr'>κειμένῳ</span> <span class='ocrx_word' id='word_1_640' title='bbox 3543 4534 3611 4585; x_wconf 81' lang='grc' dir='ltr'><strong>τά</strong></span> <span class='ocrx_word' id='word_1_641' title='bbox 3631 4532 3729 4601; x_wconf 79' lang='grc' dir='ltr'><strong>τῆς</strong></span> <span class='ocrx_word' id='word_1_642' title='bbox 3757 4529 3996 4599; x_wconf 81' lang='grc' dir='ltr'>στοργῆς</span> 
     </span>
    </p>
   </div>
   <div class='ocr_carea' id='block_1_92' title="bbox 767 4622 2438 4706">
    <p class='ocr_par' dir='ltr' id='par_1_92' title="bbox 767 4629 2438 4706">
     <span class='ocr_line' id='line_1_92' title="bbox 767 4629 2438 4706; baseline -0.003 -19"><span class='ocrx_word' id='word_1_643' title='bbox 767 4637 877 4704; x_wconf 81' lang='lat' dir='ltr'><strong>gini</strong></span> <span class='ocrx_word' id='word_1_644' title='bbox 911 4637 1185 4706; x_wconf 66' lang='lat' dir='ltr'><strong>praeconia</strong></span> <span class='ocrx_word' id='word_1_645' title='bbox 1232 4642 1604 4688; x_wconf 89' lang='lat' dir='ltr'><strong>contexemus.</strong></span> <span class='ocrx_word' id='word_1_646' title='bbox 1650 4634 1908 4687; x_wconf 88' lang='lat' dir='ltr'><strong>Dicamus</strong></span> <span class='ocrx_word' id='word_1_647' title='bbox 1952 4631 2115 4700; x_wconf 89' lang='lat' dir='ltr'><strong>igitur</strong></span> <span class='ocrx_word' id='word_1_648' title='bbox 2143 4632 2213 4694; x_wconf 91' lang='lat' dir='ltr'><strong>ei,</strong></span> <span class='ocrx_word' id='word_1_649' title='bbox 2252 4629 2438 4706; x_wconf 46' lang='lat' dir='ltr'><strong>vel“;</strong></span> 
     </span>
    </p>
   </div>
   <div class='ocr_carea' id='block_1_93' title="bbox 2319 4622 3990 4706">
    <p class='ocr_par' dir='ltr' id='par_1_93' title="bbox 2319 4622 3990 4706">
     <span class='ocr_line' id='line_1_93' title="bbox 2319 4622 3990 4706; baseline -0.013 -15"><span class='ocrx_word' id='word_1_650' title='bbox 2319 4629 2330 4682; x_wconf 88' lang='grc' dir='ltr'><strong>Ι</strong></span> <span class='ocrx_word' id='word_1_651' title='bbox 2353 4688 2396 4706; x_wconf 54' lang='grc' dir='ltr'>λ</span> <span class='ocrx_word' id='word_1_652' title='bbox 2415 4636 2675 4706; x_wconf 70' lang='grc' dir='ltr'>ἐτρύχετο</span> <span class='ocrx_word' id='word_1_653' title='bbox 2702 4634 3005 4703; x_wconf 83' lang='grc' dir='ltr'>σπλάγχνα,</span> <span class='ocrx_word' id='word_1_654' title='bbox 3041 4629 3333 4685; x_wconf 79' lang='grc' dir='ltr'>κάντεῦθεν</span> <span class='ocrx_word' id='word_1_655' title='bbox 3360 4624 3720 4695; x_wconf 82' lang='grc' dir='ltr'>ἀνεστηκότος</span> <span class='ocrx_word' id='word_1_656' title='bbox 3744 4622 3990 4674; x_wconf 83' lang='grc' dir='ltr'>ἀναπαυ-</span> 
     </span>
    </p>
   </div>
   <div class='ocr_carea' id='block_1_94' title="bbox 769 4722 2325 4796">
    <p class='ocr_par' dir='ltr' id='par_1_94' title="bbox 769 4722 2325 4796">
     <span class='ocr_line' id='line_1_94' title="bbox 769 4722 2325 4796; baseline -0.003 -16"><span class='ocrx_word' id='word_1_657' title='bbox 769 4729 949 4796; x_wconf 86' lang='lat' dir='ltr'><strong>potius</strong></span> <span class='ocrx_word' id='word_1_658' title='bbox 995 4728 1162 4780; x_wconf 89' lang='lat' dir='ltr'><strong>totius</strong></span> <span class='ocrx_word' id='word_1_659' title='bbox 1203 4727 1354 4780; x_wconf 86' lang='lat' dir='ltr'><strong>chori</strong></span> <span class='ocrx_word' id='word_1_660' title='bbox 1401 4727 1593 4779; x_wconf 89' lang='lat' dir='ltr'><strong>ductor</strong></span> <span class='ocrx_word' id='word_1_661' title='bbox 1621 4740 1684 4779; x_wconf 89' lang='lat' dir='ltr'><strong>ac</strong></span> <span class='ocrx_word' id='word_1_662' title='bbox 1725 4739 1932 4792; x_wconf 82' lang='lat' dir='ltr'><strong>auspex</strong></span> <span class='ocrx_word' id='word_1_663' title='bbox 1974 4724 2161 4777; x_wconf 87' lang='lat' dir='ltr'><strong>dicat:</strong></span> <span class='ocrx_word' id='word_1_664' title='bbox 2190 4722 2325 4785; x_wconf 82' lang='lat' dir='ltr'><strong>Ave,</strong></span> 
     </span>
    </p>
   </div>
   <div class='ocr_carea' id='block_1_95' title="bbox 767 4814 2329 4889">
    <p class='ocr_par' dir='ltr' id='par_1_95' title="bbox 767 4814 2329 4889">
     <span class='ocr_line' id='line_1_95' title="bbox 767 4814 2329 4889; baseline -0.004 -16"><span class='ocrx_word' id='word_1_665' title='bbox 767 4834 918 4881; x_wconf 84' lang='lat' dir='ltr'><strong>arca,</strong></span> <span class='ocrx_word' id='word_1_666' title='bbox 968 4836 1062 4889; x_wconf 90' lang='lat' dir='ltr'><strong>per</strong></span> <span class='ocrx_word' id='word_1_667' title='bbox 1109 4835 1273 4888; x_wconf 87' lang='lat' dir='ltr'><strong>quam</strong></span> <span class='ocrx_word' id='word_1_668' title='bbox 1318 4818 1478 4883; x_wconf 84' lang='lat' dir='ltr'><strong>Deus,</strong></span> <span class='ocrx_word' id='word_1_669' title='bbox 1514 4816 1821 4887; x_wconf 87' lang='lat' dir='ltr'><strong>reparando</strong></span> <span class='ocrx_word' id='word_1_670' title='bbox 1866 4832 1963 4886; x_wconf 91' lang='lat' dir='ltr'><strong>per</strong></span> <span class='ocrx_word' id='word_1_671' title='bbox 1998 4824 2051 4871; x_wconf 88' lang='lat' dir='ltr'><strong>te</strong></span> <span class='ocrx_word' id='word_1_672' title='bbox 2100 4830 2130 4867; x_wconf 78' lang='grc' dir='ltr'><strong>α</strong></span> <span class='ocrx_word' id='word_1_673' title='bbox 2180 4814 2329 4882; x_wconf 86' lang='lat' dir='ltr'><strong>lapsu</strong></span> 
     </span>
    </p>
   </div>
   <div class='ocr_carea' id='block_1_96' title="bbox 767 4908 2326 4981">
    <p class='ocr_par' dir='ltr' id='par_1_96' title="bbox 767 4908 2326 4981">
     <span class='ocr_line' id='line_1_96' title="bbox 767 4908 2326 4981; baseline -0.004 -16"><span class='ocrx_word' id='word_1_674' title='bbox 767 4927 1026 4966; x_wconf 87' lang='lat' dir='ltr'><strong>manuum</strong></span> <span class='ocrx_word' id='word_1_675' title='bbox 1052 4928 1277 4968; x_wconf 85' lang='lat' dir='ltr'><strong>suarum</strong></span> <span class='ocrx_word' id='word_1_676' title='bbox 1301 4912 1587 4981; x_wconf 70' lang='lat' dir='ltr'><strong>ﬁgmento3</strong></span> <span class='ocrx_word' id='word_1_677' title='bbox 1607 4912 1700 4981; x_wconf 89' lang='lat' dir='ltr'><strong>(ob</strong></span> <span class='ocrx_word' id='word_1_678' title='bbox 1720 4911 1874 4978; x_wconf 89' lang='lat' dir='ltr'><strong>cujus</strong></span> <span class='ocrx_word' id='word_1_679' title='bbox 1896 4909 2108 4964; x_wconf 83' lang='lat' dir='ltr'><strong>ruinam</strong></span> <span class='ocrx_word' id='word_1_680' title='bbox 2128 4908 2326 4962; x_wconf 85' lang='lat' dir='ltr'><strong>intimis</strong></span> 
     </span>
    </p>
   </div>
   <div class='ocr_carea' id='block_1_97' title="bbox 767 5002 2329 5073">
    <p class='ocr_par' dir='ltr' id='par_1_97' title="bbox 767 5002 2329 5073">
     <span class='ocr_line' id='line_1_97' title="bbox 767 5002 2329 5073; baseline 0.001 -20"><span class='ocrx_word' id='word_1_681' title='bbox 767 5004 1071 5059; x_wconf 80' lang='lat' dir='ltr'><strong>visceribus</strong></span> <span class='ocrx_word' id='word_1_682' title='bbox 1105 5004 1449 5073; x_wconf 82' lang='lat' dir='ltr'><strong>angebatur),</strong></span> <span class='ocrx_word' id='word_1_683' title='bbox 1481 5019 1544 5057; x_wconf 88' lang='lat' dir='ltr'><strong>ac</strong></span> <span class='ocrx_word' id='word_1_684' title='bbox 1576 5018 1699 5057; x_wconf 88' lang='lat' dir='ltr'><strong>cum</strong></span> <span class='ocrx_word' id='word_1_685' title='bbox 1717 5017 1779 5057; x_wconf 90' lang='lat' dir='ltr'><strong>ea</strong></span> <span class='ocrx_word' id='word_1_686' title='bbox 1806 5003 2017 5056; x_wconf 88' lang='lat' dir='ltr'><strong>ratione</strong></span> <span class='ocrx_word' id='word_1_687' title='bbox 2048 5002 2329 5063; x_wconf 73' lang='lat' dir='ltr'><strong>erexisset,</strong></span> 
     </span>
    </p>
   </div>
   <div class='ocr_carea' id='block_1_98' title="bbox 767 5094 2329 5165">
    <p class='ocr_par' dir='ltr' id='par_1_98' title="bbox 767 5094 2329 5165">
     <span class='ocr_line' id='line_1_98' title="bbox 767 5094 2329 5165; baseline -0.002 -18"><span class='ocrx_word' id='word_1_688' title='bbox 767 5095 1140 5165; x_wconf 87' lang='lat' dir='ltr'><strong>requiescens,</strong></span> <span class='ocrx_word' id='word_1_689' title='bbox 1178 5099 1231 5148; x_wconf 92' lang='lat' dir='ltr'><strong>in</strong></span> <span class='ocrx_word' id='word_1_690' title='bbox 1264 5111 1419 5149; x_wconf 90' lang='lat' dir='ltr'><strong>suam</strong></span> <span class='ocrx_word' id='word_1_691' title='bbox 1455 5095 1972 5163; x_wconf 86' lang='lat' dir='ltr'><strong>surrexitrequiem.</strong></span> <span class='ocrx_word' id='word_1_692' title='bbox 2004 5094 2136 5155; x_wconf 80' lang='lat' dir='ltr'><strong>Ave,</strong></span> <span class='ocrx_word' id='word_1_693' title='bbox 2175 5106 2329 5144; x_wconf 86' lang='lat' dir='ltr'><strong>mons</strong></span> 
     </span>
    </p>
   </div>
   <div class='ocr_carea' id='block_1_99' title="bbox 769 5183 2330 5257">
    <p class='ocr_par' dir='ltr' id='par_1_99' title="bbox 769 5183 2330 5257">
     <span class='ocr_line' id='line_1_99' title="bbox 769 5183 2330 5257; baseline -0.004 -17"><span class='ocrx_word' id='word_1_694' title='bbox 769 5189 989 5257; x_wconf 89' lang='lat' dir='ltr'><strong>pinguis</strong></span> <span class='ocrx_word' id='word_1_695' title='bbox 1007 5188 1051 5253; x_wconf 71' lang='grc'>⁸,</span> <span class='ocrx_word' id='word_1_696' title='bbox 1087 5188 1247 5256; x_wconf 86' lang='lat' dir='ltr'><strong>cujus</strong></span> <span class='ocrx_word' id='word_1_697' title='bbox 1286 5187 1668 5257; x_wconf 85' lang='lat' dir='ltr'><strong>pinguedinem</strong></span> <span class='ocrx_word' id='word_1_698' title='bbox 1697 5188 1884 5241; x_wconf 85' lang='lat' dir='ltr'><strong>videns</strong></span> <span class='ocrx_word' id='word_1_699' title='bbox 1920 5195 2130 5240; x_wconf 76' lang='lat' dir='ltr'><strong>natura:</strong></span> <span class='ocrx_word' id='word_1_700' title='bbox 2155 5183 2330 5237; x_wconf 92' lang='lat' dir='ltr'><strong>cultor</strong></span> 
     </span>
    </p>
   </div>
   <div class='ocr_carea' id='block_1_100' title="bbox 766 5276 2327 5343">
    <p class='ocr_par' dir='ltr' id='par_1_100' title="bbox 766 5276 2327 5343">
     <span class='ocr_line' id='line_1_100' title="bbox 766 5276 2327 5343; baseline -0.004 -10"><span class='ocrx_word' id='word_1_701' title='bbox 766 5288 819 5333; x_wconf 90' lang='lat' dir='ltr'><strong>et</strong></span> <span class='ocrx_word' id='word_1_702' title='bbox 863 5289 1033 5343; x_wconf 89' lang='lat' dir='ltr'><strong>sator,</strong></span> <span class='ocrx_word' id='word_1_703' title='bbox 1090 5294 1155 5332; x_wconf 81' lang='lat' dir='ltr'><strong>ex</strong></span> <span class='ocrx_word' id='word_1_704' title='bbox 1215 5289 1267 5335; x_wconf 91' lang='lat' dir='ltr'><strong>te</strong></span> <span class='ocrx_word' id='word_1_705' title='bbox 1321 5281 1561 5333; x_wconf 89' lang='lat' dir='ltr'><strong>omnium</strong></span> <span class='ocrx_word' id='word_1_706' title='bbox 1606 5280 1874 5333; x_wconf 80' lang='lat' dir='ltr'><strong>bonorum</strong></span> <span class='ocrx_word' id='word_1_707' title='bbox 1942 5276 2327 5332; x_wconf 88' lang='lat' dir='ltr'><strong>abundantiam</strong></span> 
     </span>
    </p>
   </div>
   <div class='ocr_carea' id='block_1_101' title="bbox 766 5367 2329 5441">
    <p class='ocr_par' dir='ltr' id='par_1_101' title="bbox 766 5367 2329 5441">
     <span class='ocr_line' id='line_1_101' title="bbox 766 5367 2329 5441; baseline -0.003 -18"><span class='ocrx_word' id='word_1_708' title='bbox 766 5370 926 5423; x_wconf 91' lang='lat' dir='ltr'><strong>nobis</strong></span> <span class='ocrx_word' id='word_1_709' title='bbox 951 5370 1226 5438; x_wconf 85' lang='lat' dir='ltr'><strong>produxit.</strong></span> <span class='ocrx_word' id='word_1_710' title='bbox 1263 5372 1398 5434; x_wconf 83' lang='lat' dir='ltr'><strong>Ave,</strong></span> <span class='ocrx_word' id='word_1_711' title='bbox 1434 5387 1530 5441; x_wconf 90' lang='lat' dir='ltr'><strong>per</strong></span> <span class='ocrx_word' id='word_1_712' title='bbox 1553 5387 1715 5440; x_wconf 87' lang='lat' dir='ltr'><strong>quam</strong></span> <span class='ocrx_word' id='word_1_713' title='bbox 1738 5386 1802 5424; x_wconf 80' lang='lat' dir='ltr'><strong>ex</strong></span> <span class='ocrx_word' id='word_1_714' title='bbox 1838 5368 2155 5422; x_wconf 87' lang='lat' dir='ltr'><strong>mortalibus</strong></span> <span class='ocrx_word' id='word_1_715' title='bbox 2192 5367 2329 5419; x_wconf 88' lang='lat' dir='ltr'><strong>lum-</strong></span> 
     </span>
    </p>
   </div>
   <div class='ocr_carea' id='block_1_102' title="bbox 768 5462 2327 5530">
    <p class='ocr_par' dir='ltr' id='par_1_102' title="bbox 768 5462 2327 5530">
     <span class='ocr_line' id='line_1_102' title="bbox 768 5462 2327 5530; baseline -0.003 -15"><span class='ocrx_word' id='word_1_716' title='bbox 768 5462 851 5515; x_wconf 90' lang='lat' dir='ltr'><strong>bis</strong></span> <span class='ocrx_word' id='word_1_717' title='bbox 880 5476 1045 5530; x_wconf 86' lang='lat' dir='ltr'><strong>supra</strong></span> <span class='ocrx_word' id='word_1_718' title='bbox 1079 5471 1342 5515; x_wconf 69' lang='lat' dir='ltr'><strong>azternum</strong></span> <span class='ocrx_word' id='word_1_719' title='bbox 1369 5464 1686 5527; x_wconf 67' lang='lat' dir='ltr'><strong>thronum“,</strong></span> <span class='ocrx_word' id='word_1_720' title='bbox 1710 5472 1970 5517; x_wconf 67' lang='lat' dir='ltr'><strong>aeternum</strong></span> <span class='ocrx_word' id='word_1_721' title='bbox 2003 5468 2327 5529; x_wconf 81' lang='lat' dir='ltr'><strong>regnaturus</strong></span> 
     </span>
    </p>
   </div>
   <div class='ocr_carea' id='block_1_103' title="bbox 766 5551 2326 5624">
    <p class='ocr_par' dir='ltr' id='par_1_103' title="bbox 766 5551 2326 5624">
     <span class='ocr_line' id='line_1_103' title="bbox 766 5551 2326 5624; baseline -0.003 -17"><span class='ocrx_word' id='word_1_722' title='bbox 766 5551 879 5607; x_wconf 69' lang='lat' dir='ltr'><strong>llex</strong></span> <span class='ocrx_word' id='word_1_723' title='bbox 907 5555 1231 5609; x_wconf 87' lang='lat' dir='ltr'><strong>collocatur.</strong></span> <span class='ocrx_word' id='word_1_724' title='bbox 1256 5555 1385 5618; x_wconf 82' lang='lat' dir='ltr'><strong>Ave,</strong></span> <span class='ocrx_word' id='word_1_725' title='bbox 1408 5572 1569 5624; x_wconf 83' lang='lat' dir='ltr'><strong>quam</strong></span> <span class='ocrx_word' id='word_1_726' title='bbox 1595 5557 1913 5623; x_wconf 77' lang='lat' dir='ltr'><strong>compluens</strong></span> <span class='ocrx_word' id='word_1_727' title='bbox 1945 5553 2065 5605; x_wconf 69' lang='lat' dir='ltr'><strong>vitae</strong></span> <span class='ocrx_word' id='word_1_728' title='bbox 2083 5552 2261 5621; x_wconf 85' lang='lat' dir='ltr'><strong>pluvia</strong></span> <span class='ocrx_word' id='word_1_729' title='bbox 2286 5554 2326 5616; x_wconf 75' lang='grc' dir='ltr'>δ,</span> 
     </span>
    </p>
   </div>
   <div class='ocr_carea' id='block_1_104' title="bbox 770 5645 2321 5713">
    <p class='ocr_par' dir='ltr' id='par_1_104' title="bbox 770 5645 2321 5713">
     <span class='ocr_line' id='line_1_104' title="bbox 770 5645 2321 5713; baseline -0.001 -15"><span class='ocrx_word' id='word_1_730' title='bbox 770 5646 1053 5702; x_wconf 86' lang='lat' dir='ltr'><strong>universos</strong></span> <span class='ocrx_word' id='word_1_731' title='bbox 1096 5646 1235 5702; x_wconf 89' lang='lat' dir='ltr'><strong>ﬁnes</strong></span> <span class='ocrx_word' id='word_1_732' title='bbox 1269 5654 1447 5713; x_wconf 80' lang='lat' dir='ltr'><strong>terrae,</strong></span> <span class='ocrx_word' id='word_1_733' title='bbox 1478 5663 1599 5701; x_wconf 88' lang='lat' dir='ltr'><strong>cum</strong></span> <span class='ocrx_word' id='word_1_734' title='bbox 1648 5663 1713 5702; x_wconf 84' lang='lat' dir='ltr'><strong>ex</strong></span> <span class='ocrx_word' id='word_1_735' title='bbox 1748 5645 1932 5701; x_wconf 89' lang='lat' dir='ltr'><strong>lethali</strong></span> <span class='ocrx_word' id='word_1_736' title='bbox 1966 5645 2215 5699; x_wconf 86' lang='lat' dir='ltr'><strong>siccitate</strong></span> <span class='ocrx_word' id='word_1_737' title='bbox 2267 5645 2321 5697; x_wconf 93' lang='lat' dir='ltr'><strong>in</strong></span> 
     </span>
    </p>
   </div>
   <div class='ocr_carea' id='block_1_105' title="bbox 836 5821 1927 5889">
    <p class='ocr_par' dir='ltr' id='par_1_105' title="bbox 836 5821 1927 5889">
     <span class='ocr_line' id='line_1_105' title="bbox 836 5821 1927 5889; baseline 0.003 -13"><span class='ocrx_word' id='word_1_738' title='bbox 836 5824 857 5854; x_wconf 79' lang='grc'><em>³</em></span> <span class='ocrx_word' id='word_1_739' title='bbox 891 5821 1032 5879; x_wconf 84' lang='lat' dir='ltr'><strong>l’sal.</strong></span> <span class='ocrx_word' id='word_1_740' title='bbox 1070 5840 1210 5889; x_wconf 80' lang='lat' dir='ltr'><strong>xtiv,</strong></span> <span class='ocrx_word' id='word_1_741' title='bbox 1264 5826 1323 5879; x_wconf 73' lang='lat' dir='ltr'><strong>ii</strong></span> <span class='ocrx_word' id='word_1_742' title='bbox 1433 5828 1452 5857; x_wconf 77' lang='grc'><strong>³</strong></span> <span class='ocrx_word' id='word_1_743' title='bbox 1484 5826 1623 5881; x_wconf 79' lang='lat' dir='ltr'><strong>l&#39;sal.</strong></span> <span class='ocrx_word' id='word_1_744' title='bbox 1652 5841 1835 5887; x_wconf 61' lang='lat' dir='ltr'><strong>exui,</strong></span> <span class='ocrx_word' id='word_1_745' title='bbox 1880 5827 1927 5879; x_wconf 75' lang='grc'><strong>8.</strong></span> 
     </span>
    </p>
   </div>
   <div class='ocr_carea' id='block_1_106' title="bbox 2006 5822 2541 5888">
    <p class='ocr_par' dir='ltr' id='par_1_106' title="bbox 2006 5822 2541 5888">
     <span class='ocr_line' id='line_1_106' title="bbox 2006 5822 2541 5888; baseline -0.009 -9"><span class='ocrx_word' id='word_1_746' title='bbox 2006 5826 2025 5854; x_wconf 74' lang='grc'><strong>’⁸</strong></span> <span class='ocrx_word' id='word_1_747' title='bbox 2062 5822 2202 5878; x_wconf 80' lang='lat' dir='ltr'><strong>I&#39;sal.</strong></span> <span class='ocrx_word' id='word_1_748' title='bbox 2248 5839 2413 5888; x_wconf 82' lang='lat' dir='ltr'><strong>van,</strong></span> <span class='ocrx_word' id='word_1_749' title='bbox 2461 5822 2541 5875; x_wconf 73' lang='lat' dir='ltr'><strong>Hi.</strong></span> 
     </span>
    </p>
   </div>
   <div class='ocr_carea' id='block_1_107' title="bbox 2419 4715 3990 4796">
    <p class='ocr_par' dir='ltr' id='par_1_107' title="bbox 2419 4715 3990 4796">
     <span class='ocr_line' id='line_1_107' title="bbox 2419 4715 3990 4796; baseline -0.01 -16"><span class='ocrx_word' id='word_1_750' title='bbox 2419 4728 2685 4795; x_wconf 85' lang='grc' dir='ltr'>σάμενος,</span> <span class='ocrx_word' id='word_1_751' title='bbox 2717 4727 2796 4789; x_wconf 85' lang='grc' dir='ltr'>εἰς</span> <span class='ocrx_word' id='word_1_752' title='bbox 2824 4725 2921 4796; x_wconf 86' lang='grc' dir='ltr'>τὴν</span> <span class='ocrx_word' id='word_1_753' title='bbox 2961 4723 3157 4777; x_wconf 80' lang='grc' dir='ltr'>ἑαυτοῦ</span> <span class='ocrx_word' id='word_1_754' title='bbox 3191 4721 3388 4789; x_wconf 84' lang='grc' dir='ltr'>ἀνέστη</span> <span class='ocrx_word' id='word_1_755' title='bbox 3421 4719 3747 4772; x_wconf 86' lang='grc' dir='ltr'>άνάπαυσιν.</span> <span class='ocrx_word' id='word_1_756' title='bbox 3791 4715 3990 4784; x_wconf 84' lang='grc' dir='ltr'>Χαῖρε,</span> 
     </span>
    </p>
   </div>
   <div class='ocr_carea' id='block_1_108' title="bbox 2418 4805 3993 4889">
    <p class='ocr_par' dir='ltr' id='par_1_108' title="bbox 2418 4805 3993 4889">
     <span class='ocr_line' id='line_1_108' title="bbox 2418 4805 3993 4889; baseline -0.011 -17"><span class='ocrx_word' id='word_1_757' title='bbox 2418 4820 2481 4873; x_wconf 83' lang='grc' dir='ltr'><strong>τὸ</strong></span> <span class='ocrx_word' id='word_1_758' title='bbox 2508 4822 2659 4873; x_wconf 86' lang='grc' dir='ltr'>ποῖον</span> <span class='ocrx_word' id='word_1_759' title='bbox 2688 4818 2834 4888; x_wconf 78' lang='grc' dir='ltr'>ὅρος,</span> <span class='ocrx_word' id='word_1_760' title='bbox 2867 4810 2927 4871; x_wconf 71' lang='grc' dir='ltr'><strong>οὗ</strong></span> <span class='ocrx_word' id='word_1_761' title='bbox 2948 4817 3047 4889; x_wconf 82' lang='grc' dir='ltr'><strong>τὴν</strong></span> <span class='ocrx_word' id='word_1_762' title='bbox 3073 4815 3307 4883; x_wconf 84' lang='grc' dir='ltr'>πιότητα</span> <span class='ocrx_word' id='word_1_763' title='bbox 3338 4809 3569 4865; x_wconf 85' lang='grc' dir='ltr'>κατιδὼν</span> <span class='ocrx_word' id='word_1_764' title='bbox 3599 4811 3627 4862; x_wconf 88' lang='grc' dir='ltr'>ὁ</span> <span class='ocrx_word' id='word_1_765' title='bbox 3651 4808 3749 4878; x_wconf 78' lang='grc' dir='ltr'>τῆς</span> <span class='ocrx_word' id='word_1_766' title='bbox 3776 4805 3993 4876; x_wconf 83' lang='grc' dir='ltr'>φύσεως</span> 
     </span>
    </p>
   </div>
   <div class='ocr_carea' id='block_1_109' title="bbox 2421 4897 3993 4983">
    <p class='ocr_par' dir='ltr' id='par_1_109' title="bbox 2421 4897 3993 4983">
     <span class='ocr_line' id='line_1_109' title="bbox 2421 4897 3993 4983; baseline -0.011 -18"><span class='ocrx_word' id='word_1_767' title='bbox 2421 4911 2686 4983; x_wconf 80' lang='grc' dir='ltr'>γεωργὸς,</span> <span class='ocrx_word' id='word_1_768' title='bbox 2722 4912 2784 4962; x_wconf 85' lang='grc' dir='ltr'><strong>ὲκ</strong></span> <span class='ocrx_word' id='word_1_769' title='bbox 2815 4910 2907 4962; x_wconf 77' lang='grc' dir='ltr'>σοῦ</span> <span class='ocrx_word' id='word_1_770' title='bbox 2943 4912 3074 4980; x_wconf 77' lang='grc' dir='ltr'>ἡμῖν</span> <span class='ocrx_word' id='word_1_771' title='bbox 3113 4910 3428 4977; x_wconf 78' lang='grc' dir='ltr'>ὲγεώργησε</span> <span class='ocrx_word' id='word_1_772' title='bbox 3452 4904 3550 4973; x_wconf 75' lang='grc' dir='ltr'>τὴν</span> <span class='ocrx_word' id='word_1_773' title='bbox 3586 4899 3851 4970; x_wconf 84' lang='grc' dir='ltr'>ἀφθονίαν</span> <span class='ocrx_word' id='word_1_774' title='bbox 3885 4897 3993 4950; x_wconf 79' lang='grc' dir='ltr'><strong>τῶν</strong></span> 
     </span>
    </p>
   </div>
   <div class='ocr_carea' id='block_1_110' title="bbox 2425 4991 3997 5073">
    <p class='ocr_par' dir='ltr' id='par_1_110' title="bbox 2425 4991 3997 5073">
     <span class='ocr_line' id='line_1_110' title="bbox 2425 4991 3997 5073; baseline -0.014 -11"><span class='ocrx_word' id='word_1_775' title='bbox 2425 5006 2663 5073; x_wconf 86' lang='grc' dir='ltr'>ἀγαθῶν.</span> <span class='ocrx_word' id='word_1_776' title='bbox 2698 5005 2890 5072; x_wconf 88' lang='grc' dir='ltr'>Χαῖρε,</span> <span class='ocrx_word' id='word_1_777' title='bbox 2924 5002 2990 5055; x_wconf 83' lang='grc' dir='ltr'><strong>δι’</strong></span> <span class='ocrx_word' id='word_1_778' title='bbox 3017 4997 3083 5071; x_wconf 79' lang='grc' dir='ltr'>ἧς</span> <span class='ocrx_word' id='word_1_779' title='bbox 3107 5000 3305 5068; x_wconf 77' lang='grc' dir='ltr'>ὀσφύος</span> <span class='ocrx_word' id='word_1_780' title='bbox 3327 4998 3522 5067; x_wconf 79' lang='grc' dir='ltr'>θνητῆς</span> <span class='ocrx_word' id='word_1_781' title='bbox 3548 4998 3638 5049; x_wconf 76' lang='grc' dir='ltr'><strong>ἐπὶ</strong></span> <span class='ocrx_word' id='word_1_782' title='bbox 3665 4995 3755 5047; x_wconf 77' lang='grc' dir='ltr'><strong>τὸν</strong></span> <span class='ocrx_word' id='word_1_783' title='bbox 3779 4991 3997 5045; x_wconf 72' lang='grc' dir='ltr'>αἰώνιον</span> 
     </span>
    </p>
   </div>
   <div class='ocr_carea' id='block_1_111' title="bbox 2430 5077 3986 5164">
    <p class='ocr_par' dir='ltr' id='par_1_111' title="bbox 2430 5077 3986 5164">
     <span class='ocr_line' id='line_1_111' title="bbox 2430 5077 3986 5164; baseline -0.012 -19"><span class='ocrx_word' id='word_1_784' title='bbox 2430 5093 2615 5164; x_wconf 88' lang='grc' dir='ltr'>θρόνον</span> <span class='ocrx_word' id='word_1_785' title='bbox 2634 5091 2865 5153; x_wconf 87' lang='grc' dir='ltr'>αἰωνίως</span> <span class='ocrx_word' id='word_1_786' title='bbox 2894 5088 3152 5152; x_wconf 82' lang='grc' dir='ltr'>καθίσων,</span> <span class='ocrx_word' id='word_1_787' title='bbox 3183 5086 3454 5154; x_wconf 75' lang='grc' dir='ltr'>ἐνίδρυται</span> <span class='ocrx_word' id='word_1_788' title='bbox 3476 5078 3757 5139; x_wconf 75' lang='grc' dir='ltr'>Βασιλεύς.</span> <span class='ocrx_word' id='word_1_789' title='bbox 3788 5077 3986 5145; x_wconf 86' lang='grc' dir='ltr'>Χαῖρε,</span> 
     </span>
    </p>
   </div>
   <div class='ocr_carea' id='block_1_112' title="bbox 2429 5168 3989 5255">
    <p class='ocr_par' dir='ltr' id='par_1_112' title="bbox 2429 5168 3989 5255">
     <span class='ocr_line' id='line_1_112' title="bbox 2429 5168 3989 5255; baseline -0.012 -19"><span class='ocrx_word' id='word_1_790' title='bbox 2429 5177 2549 5255; x_wconf 82' lang='grc' dir='ltr'><strong>ὲνῇ</strong></span> <span class='ocrx_word' id='word_1_791' title='bbox 2588 5182 2720 5244; x_wconf 74' lang='grc' dir='ltr'>ὕσας</span> <span class='ocrx_word' id='word_1_792' title='bbox 2751 5184 2778 5233; x_wconf 93' lang='grc' dir='ltr'>ὀ</span> <span class='ocrx_word' id='word_1_793' title='bbox 2805 5181 2901 5247; x_wconf 82' lang='grc' dir='ltr'>τῆς</span> <span class='ocrx_word' id='word_1_794' title='bbox 2950 5177 3094 5247; x_wconf 79' lang='grc' dir='ltr'>ζωῆς</span> <span class='ocrx_word' id='word_1_795' title='bbox 3132 5177 3305 5240; x_wconf 73' lang='grc' dir='ltr'>ὑετὸς,</span> <span class='ocrx_word' id='word_1_796' title='bbox 3358 5172 3554 5242; x_wconf 74' lang='grc' dir='ltr'>αὖχμῷ</span> <span class='ocrx_word' id='word_1_797' title='bbox 3611 5168 3989 5223; x_wconf 73' lang='grc' dir='ltr'>κινδυνεύοντα</span> 
     </span>
    </p>
   </div>
   <div class='ocr_carea' id='block_1_113' title="bbox 2430 5261 3990 5342">
    <p class='ocr_par' dir='ltr' id='par_1_113' title="bbox 2430 5261 3990 5342">
     <span class='ocr_line' id='line_1_113' title="bbox 2430 5261 3990 5342; baseline -0.013 -11"><span class='ocrx_word' id='word_1_798' title='bbox 2430 5276 2657 5331; x_wconf 81' lang='grc' dir='ltr'>θανάτου</span> <span class='ocrx_word' id='word_1_799' title='bbox 2703 5272 2770 5327; x_wconf 75' lang='grc' dir='ltr'><strong>τὰ</strong></span> <span class='ocrx_word' id='word_1_800' title='bbox 2804 5272 3013 5342; x_wconf 86' lang='grc' dir='ltr'>πέρατα</span> <span class='ocrx_word' id='word_1_801' title='bbox 3037 5267 3349 5323; x_wconf 80' lang='grc' dir='ltr'>διεσώσατο.</span> <span class='ocrx_word' id='word_1_802' title='bbox 3386 5267 3581 5333; x_wconf 86' lang='grc' dir='ltr'>Χαῖρε,</span> <span class='ocrx_word' id='word_1_803' title='bbox 3615 5266 3642 5315; x_wconf 90' lang='grc' dir='ltr'>ὁ</span> <span class='ocrx_word' id='word_1_804' title='bbox 3669 5261 3990 5328; x_wconf 79' lang='grc' dir='ltr'>δεξιώτατος</span> 
     </span>
    </p>
   </div>
   <div class='ocr_carea' id='block_1_114' title="bbox 2429 5352 3991 5440">
    <p class='ocr_par' dir='ltr' id='par_1_114' title="bbox 2429 5352 3991 5440">
     <span class='ocr_line' id='line_1_114' title="bbox 2429 5352 3991 5440; baseline -0.015 -17"><span class='ocrx_word' id='word_1_805' title='bbox 2429 5369 2594 5440; x_wconf 87' lang='grc' dir='ltr'>τόμος</span> <span class='ocrx_word' id='word_1_806' title='bbox 2620 5366 2719 5436; x_wconf 75' lang='grc' dir='ltr'>τῆς</span> <span class='ocrx_word' id='word_1_807' title='bbox 2748 5364 2839 5417; x_wconf 78' lang='grc' dir='ltr'>τοῦ</span> <span class='ocrx_word' id='word_1_808' title='bbox 2858 5361 2992 5416; x_wconf 80' lang='grc' dir='ltr'>Θεοῦ</span> <span class='ocrx_word' id='word_1_809' title='bbox 3020 5361 3191 5428; x_wconf 85' lang='grc' dir='ltr'>Λόγου</span> <span class='ocrx_word' id='word_1_810' title='bbox 3221 5358 3437 5429; x_wconf 78' lang='grc' dir='ltr'>γραφῆς</span> <span class='ocrx_word' id='word_1_811' title='bbox 3463 5352 3851 5423; x_wconf 79' lang='grc' dir='ltr'>(έπισυνήφθω</span> <span class='ocrx_word' id='word_1_812' title='bbox 3883 5352 3991 5419; x_wconf 76' lang='grc' dir='ltr'><strong>γάρ</strong></span> 
     </span>
    </p>
   </div>
   <div class='ocr_carea' id='block_1_115' title="bbox 2430 5441 3992 5530">
    <p class='ocr_par' dir='ltr' id='par_1_115' title="bbox 2430 5441 3992 5530">
     <span class='ocr_line' id='line_1_115' title="bbox 2430 5441 3992 5530; baseline -0.015 -16"><span class='ocrx_word' id='word_1_813' title='bbox 2430 5464 2537 5523; x_wconf 84' lang='grc' dir='ltr'>τοῖς</span> <span class='ocrx_word' id='word_1_814' title='bbox 2572 5457 2989 5530; x_wconf 85' lang='grc' dir='ltr'>προπατορικοῖς</span> <span class='ocrx_word' id='word_1_815' title='bbox 3036 5452 3441 5523; x_wconf 77' lang='grc' dir='ltr'>ίερολογήμασι,</span> <span class='ocrx_word' id='word_1_816' title='bbox 3486 5448 3580 5501; x_wconf 69' lang='grc' dir='ltr'><strong>καὶ</strong></span> <span class='ocrx_word' id='word_1_817' title='bbox 3611 5446 3667 5509; x_wconf 77' lang='grc' dir='ltr'>ἃ,</span> <span class='ocrx_word' id='word_1_818' title='bbox 3717 5444 3793 5513; x_wconf 82' lang='grc' dir='ltr'><strong>τῷ</strong></span> <span class='ocrx_word' id='word_1_819' title='bbox 3845 5441 3992 5510; x_wconf 76' lang='grc' dir='ltr'><strong>αὖτῴ</strong></span> 
     </span>
    </p>
   </div>
   <div class='ocr_carea' id='block_1_116' title="bbox 2430 5538 3991 5621">
    <p class='ocr_par' dir='ltr' id='par_1_116' title="bbox 2430 5538 3991 5621">
     <span class='ocr_line' id='line_1_116' title="bbox 2430 5538 3991 5621; baseline -0.013 -17"><span class='ocrx_word' id='word_1_820' title='bbox 2430 5553 2701 5621; x_wconf 80' lang='grc' dir='ltr'>πνεύματι</span> <span class='ocrx_word' id='word_1_821' title='bbox 2727 5548 2944 5620; x_wconf 75' lang='grc' dir='ltr'>χειλέων</span> <span class='ocrx_word' id='word_1_822' title='bbox 2973 5546 3174 5615; x_wconf 79' lang='grc' dir='ltr'>ἑτέρων</span> <span class='ocrx_word' id='word_1_823' title='bbox 3207 5539 3545 5614; x_wconf 82' lang='grc' dir='ltr'>ἱερολογήθη,</span> <span class='ocrx_word' id='word_1_824' title='bbox 3564 5541 3630 5609; x_wconf 77' lang='grc' dir='ltr'>τῇ</span> <span class='ocrx_word' id='word_1_825' title='bbox 3657 5538 3794 5605; x_wconf 79' lang='grc' dir='ltr'><strong>αὑτῇ</strong></span> <span class='ocrx_word' id='word_1_826' title='bbox 3818 5551 3991 5605; x_wconf 81' lang='grc' dir='ltr'>προσ-</span> 
     </span>
    </p>
   </div>
   <div class='ocr_carea' id='block_1_117' title="bbox 2429 5623 3993 5713">
    <p class='ocr_par' dir='ltr' id='par_1_117' title="bbox 2429 5623 3993 5713">
     <span class='ocr_line' id='line_1_117' title="bbox 2429 5623 3993 5713; baseline -0.012 -18"><span class='ocrx_word' id='word_1_827' title='bbox 2429 5643 2803 5713; x_wconf 77' lang='grc' dir='ltr'>αναρμόζοντα</span> <span class='ocrx_word' id='word_1_828' title='bbox 2846 5637 3078 5710; x_wconf 74' lang='grc' dir='ltr'>χορείᾳ),</span> <span class='ocrx_word' id='word_1_829' title='bbox 3108 5634 3176 5688; x_wconf 87' lang='grc' dir='ltr'><strong>δι’</strong></span> <span class='ocrx_word' id='word_1_830' title='bbox 3207 5629 3267 5689; x_wconf 76' lang='grc' dir='ltr'><strong>οὗ</strong></span> <span class='ocrx_word' id='word_1_831' title='bbox 3311 5630 3738 5703; x_wconf 85' lang='grc' dir='ltr'>τετρυχωμένοις</span> <span class='ocrx_word' id='word_1_832' title='bbox 3756 5629 3889 5698; x_wconf 80' lang='grc' dir='ltr'>ἡμῖν</span> <span class='ocrx_word' id='word_1_833' title='bbox 3918 5623 3993 5694; x_wconf 77' lang='grc' dir='ltr'>τῷ</span> 
     </span>
    </p>
   </div>
   <div class='ocr_carea' id='block_1_118' title="bbox 2618 5813 3653 5883">
    <p class='ocr_par' dir='ltr' id='par_1_118' title="bbox 2618 5813 3653 5883">
     <span class='ocr_line' id='line_1_118' title="bbox 2618 5813 3653 5883; baseline -0.011 -9"><span class='ocrx_word' id='word_1_834' title='bbox 2618 5822 2637 5854; x_wconf 79' lang='grc'>⁸</span> <span class='ocrx_word' id='word_1_835' title='bbox 2682 5817 2825 5877; x_wconf 85' lang='lat' dir='ltr'><strong>l’sal.</strong></span> <span class='ocrx_word' id='word_1_836' title='bbox 2862 5833 3043 5883; x_wconf 76' lang='lat' dir='ltr'><strong>cxxxt,</strong></span> <span class='ocrx_word' id='word_1_837' title='bbox 3078 5816 3161 5871; x_wconf 82' lang='lat' dir='ltr'><strong>ll.</strong></span> <span class='ocrx_word' id='word_1_838' title='bbox 3236 5817 3254 5848; x_wconf 72' lang='grc' dir='ltr'><strong>θ</strong></span> <span class='ocrx_word' id='word_1_839' title='bbox 3281 5813 3421 5872; x_wconf 88' lang='lat' dir='ltr'><strong>Psal.</strong></span> <span class='ocrx_word' id='word_1_840' title='bbox 3447 5828 3570 5868; x_wconf 79' lang='lat' dir='ltr'><strong>Lxxi</strong></span> <span class='ocrx_word' id='word_1_841' title='bbox 3620 5815 3653 5863; x_wconf 70' lang='grc' dir='ltr'><strong>εἴ</strong></span> 
     </span>
    </p>
   </div>
  </div>
