4232 6444
232 490 339 550 1ϋῦ

1001 483 1282 543 ORATIO
1315 484 1467 543 XIV.
1490 509 1549 518 --
1588 482 1661 542 [Ν
1689 485 1749 541 Β.
1786 483 2044 542 MARLE
2083 483 2683 544 ASSUMPTIONEM.

3356 486 3453 550 166

230 602 394 671 βαρεῖ
416 602 515 664 τῆς
542 598 788 659 δουλείας
817 596 986 665 ζυγῷ,
1015 598 1377 669 ἀναφαίρετος
1409 598 1621 667 ἐγράφη
1656 599 1801 649 ἐλευ-
1833 601 1875 657 Α

1780 626 1801 639 -
1833 601 1875 657 Α
1905 596 2207 667 periculum
2270 600 2582 664 venissent,
2642 600 2944 654 incolumes
3000 600 3257 654 servavit.
3301 600 3451 655 Ave.

228 693 413 761 θερία.
452 687 908 758 Χαῖρε,⁹Ρά66ος,
933 687 993 751 ἐξ
1018 682 1085 759 ἧς
1115 689 1209 740 τοῦ
1242 688 1454 757 ζωηρού
1484 689 1674 751 ἄνθους
1704 690 1799 757 τῆς

227 782 480 851 εὐλογίας
518 780 894 850 ὲξανθηκότος,
932 779 1308 850 ήφθοροποιὸς
1336 782 1631 851 ἀπεφθάρη
1672 799 1801 833 κατ⁴

225 876 358 944 ἀρα.
388 875 559 943 Χαῖρε
587 912 602 931 .
648 875 681 942 ἡ
718 871 809 925 τὸν
858 872 1115 927 ᾶστεκτον
1179 871 1425 943 ἄνθρακα
1464 874 1817 943 περισχοῦσαν

226 962 411 1024 λασὶς,
450 962 519 1014 δι’
548 954 609 1013 οὗ
642 961 743 1028 τῆς
787 962 1038 1031 ῥυπαρᾶς
1062 961 1356 1031 ἁμαρτίας,
1396 964 1455 1016 ἐν
1482 966 1549 1033 τῇ
1579 965 1800 1033 χειλέων

227 1053 578 1122 προσψαύσει
624 1050 1095 1122 ἐκκαθαιρόμεθα.
1130 1052 1328 1122 Χαῖρε,
1375 1055 1408 1124 ἡ
1451 1054 1542 1106 τὸν
1598 1055 1797 1117 καινῶς

224 1144 325 1196 καὶ
356 1143 650 1214 ὑπερφυῶς
670 1143 1061 1213 γεωργηθέντα
1076 1144 1238 1215 ἀρτον
1260 1145 1503 1213 φέρουσα
1529 1146 1794 1217 τράπεζα·

221 1230 286 1286 οὐ
333 1236 634 1305 τραφέντες
681 1236 732 1288 οί
787 1238 855 1306 τῇ
906 1237 1150 1307 γεωργίᾳ
1200 1236 1298 1305 τῆς
1348 1236 1589 1307 ἀκάνθης
1656 1236 1797 1307 λιμῷ

222 1327 614 1395 ἀπολλύμενοι,
659 1328 755 1380 τοῦ
806 1327 1052 1380 κινδύνου
1099 1328 1533 1399 διασεσώσμεθα.
1599 1331 1792 1400 Χαῖρε,

224 1419 394 1487 πύλη,
425 1420 459 1488 ἡ
496 1420 642 1490 μόνῳ
670 1419 749 1489 τῷ
779 1419 1018 1486 Βασιλεῖ,
1067 1423 1147 1484 είς
1176 1420 1273 1489 τὴν
1319 1420 1521 1474 εἴσοδον
1552 1424 1649 1492 τῆς
1673 1422 1794 1475 καθ’

224 1513 371 1579 ἡμᾶς
418 1513 778 1582 ἀφωρισμένη
819 1510 1219 1576 ζωοπλαστίας,
1257 1514 1365 1567 τῶν
1402 1514 1668 1585 κλείθρων
1714 1532 1794 1569 σοι

223 1607 322 1672 τῆς
343 1605 552 1673 σεπτῆς
572 1603 865 1674 παρθενίας
880 1604 1151 1674 ἀκινήτων
1179 1607 1587 1674 μεμενηκότων.
1604 1608 1792 1677 Χαῖρε,

223 1692 510 1757 παλάτιον,
545 1694 605 1759 ἐξ
642 1687 702 1747 οὗ
734 1695 790 1746 ἐν
820 1694 1059 1761 ταπεινῷ
1092 1694 1331 1763 σχήματι
1363 1694 1741 1765 προεληλυθὼς
1767 1700 1794 1750 ὀ

224 1783 513 1847 Βασιλεὺς.
538 1786 633 1837 καὶ
667 1786 759 1838 τὸν
783 1786 1129 1857 ἀνῃρημένον
1155 1786 1213 1838 τὸ
1252 1786 1385 1839 καθ’·
1407 1787 1564 1855 ἡμῶν
1595 1788 1793 1859 κράτος

224 1875 457 1929 θάνατον
482 1876 707 1943 ἀνελὼν,
740 1877 801 1929 τὸ
822 1876 924 1946 τῆς
946 1878 1155 1931 ἐκείνου
1176 1878 1486 1949 τυραννίδος
1514 1879 1789 1950 ὀδυνηρὸν,

1899 688 2345 756 elegantissimus
2371 689 2461 743 Dei
2493 689 2655 744 Verbi
2688 691 2973 759 scriptura!
3002 702 3184 744 tomus
3210 692 3229 721 ⁷
3263 690 3453 761 (adda-

1899 796 2021 836 mus
2044 782 2189 836 enirn
2234 782 2415 846 avitis,
2454 797 2517 835 ac
2554 780 2830 835 Davidicis
2874 782 3066 850 elogiis
3103 782 3231 848 alia,
3267 782 3457 837 eodem

1899 873 2090 942 spiritu
2120 888 2150 926 a
2184 872 2468 943 prophetis
2497 872 2620 927 aliis
2660 872 2782 928 fusa
2829 885 2892 925 ac
2941 871 3245 939 decantata,
3288 886 3391 927 nec
3425 886 3457 925 a

1897 964 2149 1033 praesenti
2192 964 2363 1017 choro
2407 964 2604 1030 aliena)
2641 978 2737 1031 per
2780 976 2962 1032 quem,
2992 975 3117 1015 cum
3158 963 3309 1030 gravi
3339 977 3458 1017 ser-

1897 1056 2088 1112 vitutis
2129 1056 2261 1127 jugo
2286 1056 2979 1129 tercremur,.inviolabilis
3026 1053 3189 1109 nobis
3228 1053 3456 1109 libertas

1898 1149 2097 1218 scripta
2120 1159 2224 1202 est.
2248 1148 2379 1211 Ave,
2407 1147 2589 1217 Virga,
2612 1132 2675 1202 ex
2697 1161 2825 1215 qua,
2844 1162 2966 1201 cum
2990 1156 3248 1216 tanquam
3274 1147 3457 1201 vitalis

1896 1240 2015 1299 flos.
2061 1240 2369 1295 benedictio
2403 1239 2787 1301 cflloruisset',
2848 1252 2970 1292 mox
3002 1238 3329 1304 maledictio,
3368 1239 3456 1293 in-

1896 1334 2091 1388 teritus
2120 1321 2385 1398 etlectri'ir,
2427 1334 2632 1388 interiit
2658 1332 2854 1394 ’.Ave,
2885 1329 3122 1400 forceps,
3158 1331 3455 1385 carbonem

1896 1425 2046 1479 illum
2077 1426 2476 1494 importabilem
2500 1424 2800 1492 complexa,
2832 1438 2941 1491 quo
2973 1442 3003 1475 ει
3036 1424 3240 1491 peccati
3272 1422 3454 1478 sordi-

1894 1517 2018 1579 bus,
2054 1514 2321 1570 labiornm
2362 1525 2619 1570 contactu
2656 1516 3035 1570 emundamur.
3071 1516 3203 1579 Ave,
3245 1530 3454 1581 mensa,

1893 1624 2013 1679 qua:
2056 1624 2245 1677 panem
2279 1609 2430 1661 illum
2484 1624 2625 1663 novo
2664 1623 2726 1663 ac
2758 1618 2966 1662 natura:
3013 1607 3256 1661 inaudito
3295 1609 3455 1662 modo

1893 1698 2201 1753 confectum
2248 1708 2477 1769 gestas;
2523 1715 2631 1769 quo
2685 1698 2995 1761 sustentati,
3031 1696 3125 1767 qui
3173 1698 3455 1767 spinarum

1895 1805 2074 1844 messe
2127 1798 2521 1859 proventuque,
2580 1790 2721 1843 fame
2758 1788 3139 1851 enecabamur,
3183 1802 3249 1841 ex
3301 1793 3456 1840 tanto

1894 1882 2211 1937 discrimine
2254 1882 2547 1938 evasimus.
2600 1882 2732 1944 Ave,
2786 1886 2961 1949 porta,
3004 1892 3125 1946 quae
3173 1878 3275 1932 soli
3322 1875 3455 1946 Regi

223 1968 321 2019 καὶ
356 1968 637 2033 ἐπίπονον,
684 1968 765 2030 εἰς
799 1943 1107 2022 ἀνάπαυσιν
1140 1943 1401 2039 ἧμεγιψεψ
1518 1972 1610 2023 καὶ
1653 1943 1789 2041 αὐτῆ
1823 1943 1867 1998 Β

1783 1991 1789 2040 ι
1823 1943 1867 1998 Β
1898 1974 2210 2043 ingressuro
2252 1975 2316 2027 ad
2350 1974 2506 2028 nobis
2549 1972 2780 2028 similem
2830 1968 3163 2025 induendum
3203 1978 3454 2022 naturam

221 2059 473 2130 σήμερον
500 2058 929 2130 προσομιλοῦσα,
965 2062 1100 2131 πρὸς
1129 2062 1226 2131 τὴν
1252 2062 1340 2114 διὰ
1365 2062 1458 2115 σοῦ
1482 2080 1787 2133 κεχορηγη-

224 2148 397 2218 μένην
434 2149 734 2213 διαὸαίνεις
758 2150 1076 2204 ἀθανασίαν.

1896 2066 2166 2120 destinata
2192 2080 2250 2120 es
2268 2067 2333 2131 ¹⁰,
2359 2066 2613 2119 claustris
2642 2062 2964 2118 venerandae
2991 2071 3097 2115 tua:
3126 2058 3456 2130 virginitatis

1895 2157 2155 2211 immotis.
2183 2158 2316 2222 Ave,
2349 2157 2630 2226 palatium,
2659 2172 2724 2208 ex
2754 2169 2861 2221 quo
2895 2153 3082 2207 humili
3113 2151 3300 2205 habitu
3328 2166 3455 2221 pro-

219 2257 447 2310 gressus
480 2240 612 2306 Rex,
640 2250 875 2294 erectam
907 2249 1097 2295 contra
1138 2253 1239 2293 nos
1267 2241 1458 2295 mortis
1485 2242 1776 2310 potentiam
1808 2247 2030 2299 sustulit
2087 2264 2102 2302 :
2148 2247 2607 2315 durissimamque
2654 2244 2823 2313 ipsius
2888 2257 2952 2298 ac
3012 2243 3453 2302 molestissimani

218 2333 592 2406 tyrannidem,
624 2331 679 2385 in
709 2332 953 2401 requiem
1008 2330 1405 2386 commutavit:
1442 2330 1509 2383 ad
1539 2347 1701 2403 quam
1729 2341 1786 2388 tu
1842 2351 2062 2406 quoque
2107 2338 2371 2393 hodierna
2418 2336 2505 2391 die
2545 2344 2784 2405 recepta,
2850 2334 2917 2388 atl
2987 2334 3452 2389 immortalitatem

218 2443 322 2500 per
351 2437 405 2482 te
434 2425 640 2480 mundo
670 2440 1012 2489 concessam,
1047 2423 1379 2494 proveheris.

292 2517 529 2572 Πολλαὶ
550 2516 866 2584 θυγατέρες
897 2516 1195 2582 ἐποίησαν
1218 2515 1474 2586 δύναμιν
1508 2515 1792 2586 (προσκεί-
1959 2562 1963 2569 .

1784 2544 1792 2556 -
1959 2516 2148 2571 Multa:
2171 2517 2299 2585 ﬁlia:
2330 2516 2566 2584 fecerunt
2598 2515 2843 2568 virtutem
2870 2512 3123 2581 (addatur
3161 2519 3213 2564 et
3244 2512 3348 2567 hoc
3367 2528 3455 2566 re.

217 2611 336 2665 σθω
365 2612 461 2661 καὶ
512 2607 674 2661 τοῦτο
720 2608 833 2671 τοῖς
878 2606 1171 2676 ἐγκωμίοις
1217 2608 1277 2659 τὸ
1333 2608 1533 2678 μέρος,
1564 2606 1792 2675 ἐπείπερ

1781 2625 1792 2658 ι
1895 2609 2056 2679 liquis
2083 2608 2370 2671 encomiis,
2407 2604 2849 2674 quandoquidem
2878 2618 3146 2673 nuSquam
3176 2603 3302 2656 alibi
3333 2604 3452 2672 ejus

216 2705 433 2773 οὐδαμῆ
466 2700 694 2770 ἑτέρωθι
724 2700 1007 2769 συμῢαίνει
1034 2698 1143 2752 τῶν
1178 2701 1437 2769 ῥημάτων
1459 2700 1520 2751 τὸ
1536 2699 1787 2769 ἀληθὲς),

218 2793 447 2848 πολλαί
480 2791 818 2859 ἐκτήσαντο
865 2790 1159 2844 πλοῦτον·
1206 2794 1398 2860 κρατεῖ
1434 2790 1479 2842 δ’
1512 2791 1789 2857 ἀπάντων,

214 2893 249 2960 ἡ
303 2888 459 2959 παρά
517 2889 726 2951 πάντας
778 2886 1305 2956 ὐπερδεδοξασμένη.
1361 2887 1569 2939 Οὔκουν
1624 2888 1682 2938 ἐν
1715 2885 1792 2956 τῷ

218 2982 412 3035 κάλλει
440 2980 609 3048 αὐτῆς
637 2978 945 3047 ψευδομένη
977 2976 1260 3048 ἀρέσκεια.
1294 2978 1391 3031 Διά
1423 2976 1583 3030 τοῦτο
1621 2995 1793 3031 κατα-

222 3072 359 3134 στὰς
395 3072 476 3135 εἰς
510 3070 807 3140 ἀρέσκειαν
834 3068 1001 3137 αὐτῆς
1048 3069 1077 3121 ὁ
1105 3067 1256 3133 Θεὸς,
1288 3069 1352 3121 ἐκ
1381 3069 1566 3121 πασῶν
1594 3069 1793 3135 γενεῶν

220 3163 441 3234 μητέρα
471 3160 791 3228 ἐκλέγεται·
821 3160 917 3214 καὶ
943 3158 1050 3212 τῶν
1080 3160 1295 3229 ἐκείνης
1316 3162 1559 3231 αἱμάτων
1593 3178 1790 3233 μορφοε

222 3254 567 3325 ποιούμενος,
614 3255 695 3316 είς
757 3252 819 3305 τὺ
864 3254 1089 3323 ἀρχαῖον
1135 3253 1234 3323 τὴν
1288 3254 1635 3324 διαρῤυεῖσαν
1696 3253 1788 3307 τοῦ

221 3346 547 3416 πλάσματος
582 3343 921 3407 ἀνακαινίζει
978 3344 1211 3413 μορφήν.
1242 3342 1334 3413 Τῷ
1377 3343 1489 3395 δντι
1540 3343 1676 3412 μόνη
1732 3345 1789 3395 ἐν

220 3436 472 3505 γυναιξὶν
523 3434 883 3505 εὐλογημένη,
934 3434 967 3502 ἡ
1025 3434 1161 3503 μόνη
1204 3435 1271 3502 τῇ
1326 3434 1655 3506 προμήτορι,
1695 3434 1787 3486 καὶ

1892 2700 2095 2754 veritas
2130 2699 2370 2763 constat)
2403 2696 2588 2750 multa:
2618 2695 2981 2765 acquisicrunt
3001 2694 3214 2748 divitias
3250 2694 3289 2725 “
3331 2713 3345 2748 :
3398 2703 3454 2749 at

1897 2789 2075 2858 major
2130 2788 2388 2843 omnibus
2420 2794 2527 2851 est,
2572 2802 2693 2857 qua:
2728 2786 2868 2856 apud
2897 2800 3088 2839 omnes
3120 2785 3452 2840 celebratur.

1894 2881 2332 2951 Haudquaquam
2390 2878 2552 2935 fallax
2614 2880 2735 2949 ejus
2779 2878 3201 2949 pulchritudinis
3234 2876 3406 2946 gratia
3436 2895 3453 2930 :

1894 2972 2246 3041 quamobrem
2299 2968 2465 3033 Deus,
2514 2968 2635 3037 ejus
2686 2968 2869 3038 specie
2933 2983 2998 3022 ac
3049 2966 3453 3035 pulchritudine

1894 3072 2107 3133 captus,
2140 3078 2206 3117 ex
2233 3062 2489 3117 omnibus
2520 3076 2684 3114 unam
2718 3060 2857 3113 hanc
2882 3060 2985 3114 sibi
3026 3068 3250 3113 matrem
3302 3058 3455 3113 dele-

1894 3155 2008 3225 git;
2052 3169 2227 3223 exque
2260 3155 2382 3222 ejus
2426 3151 2789 3223 sanguinibus
2832 3150 3124 3203 humanam
3170 3164 3453 3205 assumens

1890 3247 2143 3312 formam,
2189 3244 2428 3316 figmenti
2473 3243 2704 3299 formam
2733 3258 2853 3313 quae
2901 3240 3210 3307 diﬂuxerat,
3246 3240 3300 3295 in
3340 3240 3456 3310 pri-

1890 3341 2094 3397 stinum
2141 3346 2343 3395 statum
2389 3338 2677 3393 instaurat.
2714 3335 2853 3390 Vere
2890 3336 3006 3390 sola
3050 3335 3105 3388 in
3129 3333 3453 3388 mulieribus

1891 3430 2199 3495 benedicta,
2234 3444 2353 3498 qua:
2378 3428 2494 3483 sola
2520 3428 2712 3497 primae
2745 3426 2979 3497 parenti,
3008 3424 3236 3495 ejusque
3264 3431 3451 3493 poste-

216 3494 337 3591 τοῖς
366 3494 425 3594 ἐξ
460 3526 630 3594 αὐτῆς
659 3494 977 3596 βοηθήσασα
1000 3494 1107 3593 ’-τῇ
1142 3494 1271 3594 μὲν,
1293 3494 1382 3587 οἷς·
1400 3494 1595 3593 δὶπῦῆᾷ
1620 3494 1784 3577 οὖσαν
1812 3494 1855 3555 C

1780 3541 1784 3565 ι
1812 3494 1855 3555 C
1892 3525 1965 3579 ris
1990 3537 2146 3592 opem
2172 3494 2299 3573 tulit
2340 3539 2353 3573 :
2382 3520 2461 3573 illi
2488 3494 2878 3588 quidem—qua
2907 3516 3182 3586 duplicem
3223 3514 3451 3570 calami—

215 3624 319 3692 τὴν
350 3621 672 3688 κατήφειαν,
698 3618 885 3685 ἑαυτῇ,
916 3616 1009 3668 καὶ
1035 3617 1148 3677 τοῖς
1173 3615 1384 3676 τέκνοις
1407 3615 1781 3687 λυμηναμένη,

214 3709 532 3765 διελύσατο·
560 3711 675 3769 τοῖς
704 3707 762 3759 δέ
790 3706 856 3758 δι’
888 3698 962 3758 ὧν
987 3705 1115 3768 τούς
1139 3722 1199 3757 τε
1231 3705 1493 3775 κατόχους
1525 3706 1680 3767 ὄντας
1708 3704 1785 3774 τῷ

218 3800 402 3869 κακῷ,
443 3796 902 3867 ἀπελυτρώσατο’
945 3795 1040 3846 καὶ
1092 3794 1219 3856 τοὺς
1268 3794 1405 3865 μετά
1468 3793 1638 3847 ταῦτα
1686 3796 1787 3847 οὐκ

217 3894 373 3945 εἴασε
423 3886 828 3956 κατασχεθῆναι
860 3887 926 3955 τῇ
968 3885 1249 3954 συμφορᾷο
1305 3886 1403 3936 οὐκ
1434 3884 1513 3938 ἔτι
1541 3903 1785 3957 κεχωρη-

221 3982 386 4043 κυίας
420 3980 513 4033 ἐπὶ
538 3978 599 4031 τὸ
621 3975 854 4047 πρόσθεν
882 3974 983 4043 τῆς
1030 3974 1223 4043 πρώην
1259 3974 1319 4026 τὸ
1360 3974 1584 4044 πλάσμα
1618 3992 1785 4029 κατα-

220 4070 532 4142 νεμομένης
564 4069 705 4135 ἀρᾶς
724 4084 738 4097 ·
770 4065 884 4117 ἀλλ’
913 4068 992 4127 είς
1020 4064 1292 4135 ἀνάρρουν
1324 4064 1651 4135 πραφέντος
1693 4064 1787 4118 τοῦ

226 4161 403 4217 κακοῦ
440 4161 736 4230 ῥεύματος,
772 4156 1074 4225 ἐπιστάσης
1102 4155 1204 4225 τῆς
1247 4155 1640 4227 εὐλογημένης’
1680 4155 1786 4208 οὐδ’

217 4256 301 4309 ἔτι
366 4250 758 4321 κρατουμένων
802 4236 1104 4318 ἀνθρώπων
1152 4249 1210 4300 ἐν
1249 4250 1361 4309 τοῖς
1400 4248 1659 4317 ἀφύκτοις
1694 4247 1787 4300 τοῦ

219 4347 455 4401 θανάτου
502 4344 699 4408 λίνοις,
749 4340 886 4393 ἀλλά
939 4339 1232 4410 χρωμένων
1266 4336 1416 4408 αὐτῷ
1459 4338 1788 4409 διαϐατηρίῳ

221 4440 364 4509 πρὸς
386 4438 488 4506 τὴν
512 4434 681 4505 ζωὴν,
708 4431 863 4486 τοῦτο
882 4431 944 4501 δὴ
959 4431 1019 4483 τὸ
1040 4431 1131 4482 ἐπὶ
1145 4431 1211 4500 τῇ
1235 4429 1573 4501 εὐλογημένη
1588 4430 1787 4499 ἀρτίως

218 4522 771 4595 πανηγυριζόμενον·
804 4522 871 4592 ἢν
905 4520 993 4573 διά
1026 4519 1261 4572 θανάτου
1296 4519 1430 4589 πρὸς
1462 4519 1649 4571 ἑαυτὸν
1677 4518 1789 4571 δια-

217 4618 462 4681 ϐιϐάζων
489 4618 518 4668 ὁ
566 4613 849 4677 Βασιλεὺς,
894 4613 988 4665 καὶ
1014 4610 1161 4675 Υἱὸς,
1198 4610 1299 4680 τῆς
1352 4610 1485 4673 ίδίας
1535 4610 1692 4681 δόξης
1720 4612 1786 4682 τῇ

220 4713 452 4782 μετοχῇ,
504 4707 658 4779 παρά
689 4707 869 4759 πᾶσαν
907 4704 1085 4757 κτίσιν
1130 4702 1474 4774 ἐνδοξοτέραν
1521 4702 1785 4756 δεικνύει’

1885 3627 2074 3679 tatem,
2112 3615 2271 3685 cujus
2302 3614 2392 3667 illa
2419 3612 2523 3668 sibi
2576 3626 2641 3666 ac
2681 3610 2811 3665 filiis
2839 3610 3048 3664 auctrix
3097 3608 3305 3674 fuerat,
3352 3623 3451 3663 ex-

1886 3710 2049 3765 SuIvit
2080 3725 2093 3759 :
2126 3708 2225 3761 hos
2250 3720 2401 3768 vero,
2433 3718 2537 3775 qua
2559 3718 2588 3757 a
2629 3692 2807 3767 malis,
2838 3705 3035 3772 quibus
3060 3701 3284 3756 obnoxii
3310 3710 3454 3755 tene-

1886 3798 2106 3863 bantur,
2129 3796 2388 3860 redemit;
2420 3809 2518 3849 nec
2541 3801 2624 3849 est
2653 3806 2812 3863 passa
2841 3801 2898 3844 ut
2924 3790 3149 3860 posteri,
3182 3789 3233 3843 in
3263 3789 3450 3844 eadem

1889 3888 2025 3942 mala
2056 3886 2236 3940 denuo
2267 3886 2632 3946 incurrerent,
2687 3889 2747 3935 ut
2801 3881 3060 3934 nimirum
3109 3877 3448 3939 maledictio,

1890 3976 2184 4033 secundum
2221 3989 2345 4031 eum
2373 3987 2614 4039 cursum,
2681 3986 2789 4043 quo
2830 3971 3129 4025 humanum
3178 3968 3441 4037 depasce-

1891 4073 2047 4127 batur
2074 4084 2268 4141 genus,
2299 4068 2443 4122 haud
2468 4068 2609 4121 ultra
2647 4064 2907 4135 procedat
2933 4081 2945 4115 :
2979 4061 3073 4118 sed
3105 4068 3250 4116 retro
3294 4070 3450 4114 actus

1890 4166 1985 4227 sit,
2015 4178 2078 4217 ac
2126 4174 2426 4217 conversus
2480 4157 2607 4212 mali
2640 4157 2897 4227 impetus,
2956 4155 3075 4225 ejus
3133 4154 3444 4223 praesentia,

1888 4272 2009 4327 qua:
2041 4254 2323 4311 benedicta
2357 4251 2595 4313 exsistit,
2660 4259 2849 4303 utnec
2911 4246 3143 4318 amplius
3193 4246 3447 4300 homines

1890 4347 2292 4404 iuevitabilibus
2325 4345 2519 4398 mortis
2547 4343 2765 4399 casibus
2794 4349 3109 4404 teneantur,
3139 4338 3234 4394 sed
3282 4346 3444 4392 utan-

1890 4450 1978 4494 tur
2006 4454 2068 4495 ea
2101 4437 2352 4506 tanquam
2381 4436 2617 4490 transitu
2647 4434 2713 4487 ad
2744 4434 2943 4497 vitam;
2978 4430 3079 4485 hoc
3098 4431 3273 4501 plane,
3304 4431 3447 4501 quod

1898 4534 1951 4586 in
1988 4529 2283 4587 benedicta:
2314 4527 2463 4582 hisce
2493 4525 2794 4587 solemniis,
2864 4522 3055 4578 festive
3107 4522 3401 4576 recolimus
3432 4539 3446 4575 :

1889 4637 2050 4693 quam
2078 4621 2190 4677 Rex
2243 4618 2542 4686 Filiusque,
2576 4615 2764 4669 mortis
2795 4616 3098 4668 interventu
3142 4612 3207 4666 ad
3236 4627 3295 4667 se
3340 4620 3452 4665 tra-

1892 4716 2122 4776 ducens,
2156 4728 2260 4783 qua
2294 4710 2529 4781 propria:
2558 4708 2739 4779 gloria:
2771 4705 2901 4759 facit
2936 4705 3281 4775 participem,
3332 4719 3448 4758 ma-

216 4800 530 4871 ἀντισηκῶν
553 4798 697 4852 οὔτω
723 4799 823 4867 τὴν
862 4794 923 4859 ἐξ
950 4795 1120 4864 αὐτῆς
1156 4792 1408 4865 μετοχὴν,
1500 4794 1777 4864 παραπλη-
1823 4837 1865 4891 D

1823 4837 1865 4891 υ
1891 4808 1999 4877 jori
2024 4820 2188 4876 supra
2241 4811 2425 4858 creata
2476 4800 2679 4863 omnia,
2710 4797 2883 4868 gloria
2905 4805 3062 4866 auget
3090 4814 3103 4849 :
3130 4811 3197 4850 ea
3233 4795 3449 4850 ratione

216 4895 353 4956 σίως
414 4894 546 4962 ἡμῖν
593 4887 911 4960 ἐμορφώθη,
952 4889 980 4940 ὁ
1030 4886 1126 4939 τοῦ
1167 4887 1380 4957 Πατρὺς
1433 4886 1787 4950 ἀναλλοίωτος

214 4986 537 5057 χαρακτήρ·
572 4982 775 5053 σαρκὸς
807 4981 902 5036 καὶ
952 4980 1186 5050 αἵματος
1221 4982 1352 5050 ἡμῖν
1398 4979 1789 5051 παραπλησίως

218 5078 577 5155 μετεσχηκώς
597 5093 611 5107 '
636 5078 733 5129 καὶ
762 5076 1034 5146 μητρικῆς
1054 5072 1373 5144 θεραπείας,
1391 5074 1455 5143 τῇ
1483 5072 1613 5142 πρὸς
1634 5072 1793 5124 αὐτὸν

213 5170 525 5244 παρρησίᾳ,
563 5169 659 5222 καὶ
684 5171 753 5240 τῇ
793 5167 1056 5238 ἐγγύτητι
1088 5164 1533 5233 ἀντιθεραπεύων
1553 5181 1567 5197 σ
1608 5163 1674 5216 δι’
1705 5165 1788 5233 ἦν,

214 5265 294 5326 ὡς
328 5261 404 5331 μὴ
424 5261 653 5331 ραγεῖσα
678 5258 909 5327 κόσμου,
938 5256 1062 5327 μηδ’
1088 5258 1180 5324 ἀφ’
1206 5255 1363 5325 ἡμῶν
1392 5256 1782 5325 μακρυνθεῖσα,

212 5354 319 5406 οὐκ
363 5349 642 5419 ἐζημίωσε
678 5347 770 5399 τὸν
818 5346 1023 5416 κόσμον
1052 5345 1153 5413 τῆς
1199 5344 1333 5406 ίδίας
1367 5343 1613 5413 ὁμιλίας·
1672 5344 1786 5397 ἀλλ’

214 5438 294 5498 ὧν
317 5444 405 5495 ἐπ’
434 5439 672 5510 ὠφελείᾳ
696 5441 850 5507 κοινῇ
884 5440 982 5507 τῆς
1022 5437 1101 5499 εἰς
1131 5436 1244 5507 βίον
1272 5436 1474 5489 εἰσόδου
1503 5437 1785 5506 μετέλαχε,

212 5535 444 5597 τούτων,
464 5531 561 5584 καὶ
587 5528 986 5600 παροδεύσασα,
1012 5527 1194 5595 κοινὴν
1217 5526 1507 5596 ἐργάζεται
1528 5526 1788 5595 διηνεκῶς

211 5627 314 5698 τὴν
355 5622 641 5693 ὠφέλειαν.
678 5620 1045 5691 Συνδιατρίϐει
1094 5620 1189 5672 καὶ
1236 5620 1315 5672 ἔτι
1360 5620 1783 5690 περινοστούσλ,

210 5722 327 5782 τοῖς
360 5718 515 5771 κάτω
536 5730 553 5746 ο
585 5714 783 5783 μᾶλλον
814 5714 869 5767 δὲ
904 5713 997 5766 νῦν
1024 5712 1300 5783 πανταχοῦ
1329 5712 1518 5778 φθάνει
1552 5715 1579 5767 ό
1606 5713 1782 5784 ἔμψυ-

292 5908 444 6001 ’lsa.
479 5925 597 5966 νηί.
634 5909 686 5965 1.
762 5908 783 5941 ⁸
813 5908 974 5966 Num.
1013 5926 1143 5973 xvu,
1176 5912 1228 5965 8.
1306 5913 1325 5944 ’
1357 5911 1461 5967 lsa.
1496 5928 1568 5978 νι,
1597 5914 1649 5967 6.

1768 5910 1808 5942 ¹⁰
1840 5908 2043 5966 Ezecn.
2072 5926 2214 5976 κων,
2254 5911 2300 5963 l.

1892 4900 2065 4953 vicem
2093 4895 2396 4967 rependens
2439 4893 2558 4962 ejus
2591 4908 2654 4946 ex
2687 4894 2802 4960 ipsa
2845 4889 3303 4960 participationis,
3341 4903 3450 4954 qua

1888 4987 2066 5045 Patris
2124 4986 2481 5041 immutabilis
2530 4984 2833 5044 character,
2899 4981 3129 5036 similem
3160 4980 3319 5036 nobis
3344 4979 3455 5035 for:

1890 5094 2032 5133 mam
2068 5078 2277 5146 accepit
2314 5094 2326 5129 :
2358 5088 2507 5128 more
2535 5080 2745 5137 nostro,
2775 5070 3000 5127 eﬂectus
3032 5073 3304 5141 particeps
3334 5085 3451 5125 car-

1890 5170 1978 5224 nis
2034 5176 2088 5223 et
2138 5166 2461 5236 sanguinis,
2492 5178 2703 5234 proque
2756 5173 3002 5216 materna
3051 5168 3166 5231 ipsa
3206 5163 3450 5232 impensa

1892 5275 2045 5327 cura,
2080 5259 2273 5330 agendi
2330 5258 2577 5313 libertate
2608 5256 2751 5325 apud
2802 5257 2979 5324 ipsum
3018 5254 3295 5317 donatam,
3347 5254 3451 5308 sibi

1896 5355 2195 5427 proximam
2220 5353 2427 5415 locans,
2457 5364 2564 5418 quo
2592 5364 2835 5412 munere,
2879 5357 3137 5419 tanquam
3170 5347 3393 5401 minime
3421 5362 3476 5400 a-

1897 5447 2100 5501 mundo
2149 5443 2391 5498 abscissa
2442 5450 2535 5494 aut
2588 5441 2747 5493 nobis
2782 5438 3073 5501 subducta,
3107 5439 3243 5493 nihil
3294 5453 3453 5492 ruun-

1896 5538 2000 5591 dns
2045 5535 2162 5605 ejus
2215 5549 2342 5603 ergo
2400 5530 2811 5585 consuetudinis
2839 5529 3067 5596 jactura:
3115 5527 3241 5584 fecit
3281 5543 3451 5581 :nam

1894 5629 2092 5701 quibus
2131 5636 2188 5681 ut
2223 5623 2576 5695 prodessetin
2615 5622 2761 5675 hunc
2782 5621 3041 5675 mundum
3062 5621 3230 5684 venit,
3257 5618 3451 5675 iisdem

1889 5721 1999 5792 jam
2038 5735 2251 5792 quoque
2284 5718 2337 5772 in
2368 5716 2562 5772 caelum
2596 5715 2878 5778 translata,
2912 5713 3277 5769 conducibilia
3322 5729 3451 5785 pro-

2420 5911 2459 5941 “
2495 5908 2657 5965 Prov.
2695 5924 2821 5974 xxx,
2853 5906 2945 5960 29.
