4232 6444
777 463 874 528 167

1988 454 2261 517 LEONIS
2293 454 2752 517 PHILOSOPHI

3908 454 4008 516 168

767 588 963 629 curare
997 586 1274 642 nunquam
1306 572 1532 628 desinit.
1572 571 1850 627 llaetenus
1879 572 1933 625 in
1972 572 2141 627 terris
2173 587 2328 627 com-
2361 582 2404 637 Α
2436 588 2438 596 ι

2361 582 2404 637 Α
2436 586 2529 640 χος
2563 568 2788 639 οὐρανός
2811 584 2825 598 ο
2878 567 3081 638 ὁμοίως
3115 567 3358 629 ἅπαντας
3387 567 3747 637 περιέπουσα,
3781 568 3877 623 καὶ
3912 570 4010 638 τῆς

766 673 1034 731 moratur,
1067 673 1257 720 nostra
1320 666 1776 723 circumlustrans
1805 686 1819 722 :
1855 668 1990 738 quin
2018 669 2193 737 magis
2223 668 2337 737 jam

782 757 986 827 ubique
1014 756 1170 811 adest
1191 758 1487 812 animatum
1521 760 1744 825 caelum,
1770 774 2070 831 omnesque
2090 760 2340 816 similiter

769 849 985 911 fovens,
1013 848 1391 906 beneﬁcentiae
1424 851 1603 907 stillas
1665 851 1833 919 pluit;
1871 845 2222 921 arentemque
2255 853 2336 906 vi-

770 948 877 990 tam
907 947 1175 1001 nostram,
1205 954 1233 992 a
1270 940 1477 1007 peccati
1545 941 1909 997 a‘stuautibus
1942 942 2201 1007 ﬂammis,
2265 943 2339 995 ir-

766 1028 979 1095 riguam
1033 1029 1180 1082 facit.
1214 1028 1372 1083 Nunc
1431 1044 1624 1085 omnes
1658 1029 1806 1099 adit;
1843 1032 2045 1103 quippe
2088 1032 2174 1085 via
2203 1031 2338 1087 faci-

768 1108 914 1180 liori,
944 1125 1298 1188 maternoque
1319 1116 1512 1173 allectu
1538 1126 1798 1189 cognatos
1869 1120 2136 1184 invisens,
2195 1136 2336 1191 prte-

767 1216 855 1263 sto
885 1216 965 1263 est
994 1210 1404 1279 promptissime
1449 1219 1505 1263 ut
1537 1210 1881 1267 incommoda
1929 1214 2198 1284 depellat;
2239 1229 2338 1284 pro

771 1315 1156 1356 universorum
1205 1311 1359 1356 stans
1399 1303 1599 1367 salute,
1628 1320 1725 1373 pro
1754 1305 2010 1361 omnibus
2080 1308 2335 1361 immacu-

769 1391 1065 1445 latissimas
1113 1391 1410 1445 extendens
1439 1406 1656 1457 manus,
1700 1393 1900 1463 quibus
1955 1397 2334 1451 universorum

769 1482 922 1537 salus
954 1491 1110 1536 vecta
1144 1492 1245 1537 est.

836 1574 1051 1628 Idcirco
1108 1590 1168 1629 os
1211 1589 1374 1630 omne
1437 1578 1656 1646 plenum
1686 1586 1791 1640 ‘est
1839 1576 2042 1643 laudis,
2071 1593 2182 1647 qua
2216 1579 2334 1649 ejus

2445 659 2763 728 εὐεργεσίας
2820 658 2990 712 ὕουσα
3038 657 3139 722 τὰς
3196 657 3435 729 ῥανίδας,
3493 658 3589 711 καὶ
3644 658 3849 712 λύουσα
3909 660 4013 728 τὴν

2443 752 2733 822 αὒχμηράν
2786 750 2887 820 τῆς
2920 750 3195 821 ἡμετέρας
3240 749 3384 819 ζωῆς
3440 749 3798 815 κατάστασιν,
3846 750 3917 822 ἢν
3974 753 4009 819 ή

2445 845 2725 916 φλογώδης
2742 844 2989 914 ἁμαρτία
3013 843 3314 912 συνίστησι.
3340 842 3454 897 Νῦν
3470 844 3562 895 ἐπί
3582 843 3793 907 πάντας
3812 844 4012 914 διήκει,

2448 943 2800 1010 ὲτοιμοτέρας
2828 938 2995 1008 ούσης
3017 938 3115 1007 τῆς
3151 936 3393 1007 πορείας,
3426 938 3519 990 καὶ
3553 937 3853 1007 συμπαθῶς
3893 940 4014 991 ἐπι-

2414 1018 2786 1100 σκεπτομένη
2828 1032 2953 1091 τοὺς
3011 1031 3315 1097 συγγενεῖς,
3366 1026 3502 1099 πρὸς
3547 1026 3646 1097 τὴν
3691 1026 4014 1098 ἀπαλλαγὴν

2441 1108 2549 1175 τῶν
2588 1122 2857 1193 ὀχληρῶν,
2892 1122 3215 1192 ἐτοιμοτάτη
3249 1119 3473 1191 βοήθεια
3513 1119 3746 1187 γίνεται,
3791 1120 4013 1174 πάντων

2440 1215 2580 1284 ὑπὲρ
2611 1214 2884 1286 σωτηρίας
2917 1214 3127 1268 ἑστῶσα
3149 1231 3163 1246 ·
3198 1214 3415 1268 πάντων
3452 1212 3839 1282 ὑπεραπλοῦσα
3879 1230 4013 1265 παν-

2440 1306 2739 1376 αχράντους
2803 1305 3084 1376 παλάμας,
3141 1301 3229 1369 αἷς
3276 1308 3308 1359 ή
3342 1305 3450 1359 τῶν
3496 1304 3634 1359 ὅλων
3686 1306 4015 1376 ἐπωχήσατο

2442 1397 2701 1467 σωτηρία.
2800 1440 2803 1443 λ

2507 1580 2609 1635 Διά
2653 1580 2815 1635 τοῦτο
2863 1582 3071 1653 πλῆρες
3116 1582 3259 1637 ἆπαν
3290 1581 3462 1652 στόμα
3490 1582 3589 1651 τῆς
3615 1582 3877 1646 αἰνέσεως
3904 1581 4015 1635 τῶν

770 1668 1116 1721 celebrentur
1169 1668 1460 1735 magnalia,
1526 1677 1687 1736 atque
1748 1683 1778 1721 a
1824 1670 2041 1725 cunctis
2082 1672 2334 1727 aetatibus
2436 1692 2441 1720 ι

2436 1671 2605 1741 αὐτῆς
2628 1672 2953 1741 μεγαλείων,
2974 1674 3069 1726 καὶ
3096 1673 3412 1744 ὑποδέχεται
3435 1674 3584 1744 παρὰ
3606 1674 3792 1728 πασῶν
3808 1674 4012 1741 γενεῶν

768 1759 925 1813 beata
956 1759 1280 1827 praedicatur
1333 1760 1374 1789 ¹²
1404 1778 1418 1812 :
1452 1775 1615 1829 quam
1664 1768 1828 1814 etiam
1890 1761 2331 1830 praedicationem

766 1851 876 1916 jam
901 1850 1028 1904 olim
1054 1851 1289 1921 proferri
1314 1853 1531 1907 eminus
1559 1852 1802 1913 intuens,
1838 1853 2225 1922 magniﬁeabat
2277 1856 2331 1911 in

2436 1761 2525 1815 τὸν
2577 1764 2964 1834 μακαρισμόνο
3016 1764 3074 1816 ὃν
3118 1765 3215 1817 καὶ
3252 1766 3381 1834 πρὶν
3432 1763 3679 1833 θεωμένη
3726 1763 4011 1834 πόρρωθεν

2437 1854 2870 1925 προφερόμενον,
2912 1854 3245 1925 ἐμεγάλυνεν
3275 1857 3331 1908 ἐν
3375 1853 3696 1923 ἀγαλλιάσει
3726 1855 3838 1909 τῶν
3876 1854 4014 1907 θαυ-

768 1942 1139 1996 exsultatione
1202 1958 1379 1996 rerum
1445 1943 1580 1998 adeo
1629 1943 1962 1997 mirabilium
2001 1943 2333 2001 eﬂectorem.
2368 1929 2413 1989 Β

2368 1929 2413 1989 Β
2445 1942 2668 2011 μαστῶν
2694 1944 3003 2014 μεγαλείων
3029 1944 3121 1997 τὸν
3149 1944 3402 2012 ποιητήν.
3444 1944 3605 1997 Ἀλλά
3638 1944 4011 2014 παρέστηκεν,

769 2034 896 2099 Sed,
927 2049 959 2087 ο
1009 2034 1353 2100 beatissima,
1385 2035 1563 2106 reipsa
1608 2035 1845 2090 exhibita
1884 2046 2012 2092 sunt
2059 2040 2339 2094 verissima

769 2138 861 2179 tua
913 2126 1004 2180 illa
1045 2127 1294 2180 oracula.
1336 2126 1479 2183 Ecce
1523 2128 1669 2183 enim
1700 2143 1895 2185 omnes
1917 2131 2167 2187 nationes
2204 2147 2340 2202 prae-

768 2219 924 2272 Cunia
958 2228 1052 2273 tua
1075 2218 1437 2283 celebrantes,
1481 2219 1690 2275 beatam
1736 2230 1789 2275 te
1816 2222 2143 2289 acclamant,
2192 2224 2338 2278 omni

768 2310 986 2380 quidem
1042 2309 1096 2364 id
1153 2318 1431 2380 tempore;
1485 2312 1833 2381 potissimum
1889 2323 2073 2371 autem
2119 2316 2171 2370 in
2208 2332 2341 2386 pra:-

768 2401 934 2464 senti,
970 2416 1079 2470 quo
1107 2401 1173 2455 ad
1229 2400 1426 2455 Filium
1461 2404 1726 2457 translata
1751 2419 1814 2458 ac
1870 2405 2215 2475 inscparabili
2266 2406 2341 2461 illi

773 2493 1053 2549 consortio
1083 2493 1395 2557 adhaerens,
1455 2508 1563 2547 non
1620 2509 1810 2550 cessas
1864 2495 1919 2549 in
1950 2503 2096 2551 terra
2149 2499 2343 2567 positis

766 2600 926 2655 opem
960 2584 1125 2641 ferre.
1181 2584 1402 2640 Beatam
1447 2595 1500 2639 te
1544 2585 1736 2640 dicunt
1781 2601 1971 2643 omnes
1996 2588 2130 2645 lines
2163 2598 2339 2654 terrm,

772 2675 916 2747 quod
951 2691 1042 2731 res
1094 2674 1397 2730 inell‘abiles
1442 2682 1536 2729 tuo
1589 2675 1892 2730 ministerio
1938 2676 2048 2731 sint
2077 2687 2340 2747 peractas;

788 2784 895 2838 qua
928 2767 1185 2839 nimirum
1216 2766 1480 2820 Altissimi
1511 2766 1817 2833 brachium,
1847 2782 1945 2836 per
1973 2776 2024 2823 te
2063 2784 2215 2824 suam
2248 2784 2344 2839 po-

773 2858 1009 2912 tentiam
1046 2867 1230 2911 notam
1261 2855 1408 2919 fecit,
1443 2871 1567 2909 cum
1605 2855 1737 2910 illud
1773 2857 1950 2911 altiori
1984 2872 2147 2927 supra
2177 2861 2343 2913 ratio-

776 2965 900 3005 nem
936 2949 1098 3004 modo
1133 2963 1198 3001 ex
1241 2955 1294 3002 te
1322 2962 1542 3002 carnem
1584 2961 1829 3012 sumens,
1862 2962 1959 3001 sua
2016 2946 2341 3014 humilitate,

781 3052 895 3095 tum
924 3039 1197 3096 excelsum
1248 3039 1398 3091 illum
1430 3039 1484 3092 in
1518 3038 1775 3108 superbia
1836 3037 2058 3107 dejeeit,
2093 3045 2206 3092 tum
2240 3039 2343 3093 lm-

775 3134 935 3189 miles
962 3133 1243 3187 exaltavit.
1283 3131 1505 3185 Beatam
1535 3138 1588 3184 te
1610 3130 1821 3196 dicunt,
1854 3130 1947 3200 qui
1987 3129 2161 3187 donec
2186 3145 2343 3185 exor-

773 3236 826 3279 ta
867 3234 1035 3286 esset,
1066 3233 1159 3278 tua
1185 3224 1277 3277 illa
1317 3222 1438 3277 sine
1466 3222 1675 3277 semine
1715 3223 1865 3291 spica
1887 3223 2237 3289 esurientes;
2278 3237 2340 3276 ea

773 3328 984 3381 exorta,
1016 3315 1164 3369 omni
1199 3313 1416 3368 abunde
1448 3314 1715 3368 bonorum
1740 3313 1897 3383 copia
1928 3314 2161 3367 recreati
2193 3322 2336 3367 sunt.

774 3409 1016 3465 llabebat
1052 3408 1273 3478 quidem
1309 3407 1571 3477 antiquus
1600 3405 1787 3473 Israel,
1821 3420 2011 3461 arcam
2046 3406 2125 3460 tui
2148 3406 2343 3478 imagi-

774 3516 895 3555 nem
926 3500 1271 3568 adjutrieem,
1316 3500 1361 3553 si
1384 3497 1605 3568 quando
1649 3499 1814 3553 rebus
1846 3498 2095 3554 adversis
2121 3514 2343 3567 urgere-

773 3601 865 3646 tur
924 3599 979 3645 et
1027 3599 1085 3643 ut
1131 3587 1459 3660 quandoque
1536 3590 1775 3658 inopiam
1827 3590 2031 3645 levaret
2090 3608 2103 3644 :
2156 3605 2343 3645 verum

776 3688 957 3746 erant,
1016 3696 1138 3749 quae
1205 3682 1555 3749 gerebantur,
1619 3680 1801 3750 reipsa
1858 3681 2115 3753 imaginis
2185 3692 2347 3751 atque

778 3767 986 3838 ﬁgurae,
1040 3768 1108 3823 iis
1134 3768 1291 3837 longe
1322 3767 1604 3831 inferiora,
1646 3784 1767 3838 quae
1801 3784 1895 3837 per
1919 3779 1971 3825 te
1992 3776 2343 3840 praastantur.

776 3859 1049 3926 Quocirca
1099 3874 1275 3929 neque
1329 3874 1544 3928 semper
1567 3875 1723 3927 opem
1755 3860 1823 3914 ab
1859 3876 1922 3915 ea
1960 3861 2344 3931 impetrabant,

779 3951 873 4005 sed
901 3957 1040 4015 tum,
1078 3963 1200 4003 cum
1228 3949 1317 4017 pio
1371 3960 1527 4002 erant
1555 3950 1610 4002 in
1653 3949 1820 4004 Deum
1858 3950 2062 4016 animo,
2096 3967 2271 4021 neque
2315 3967 2345 4006 a

780 4050 931 4095 recta
960 4038 1270 4093 divinorum
1300 4040 1495 4093 semita
1519 4040 1867 4106 aberrabant,
1896 4043 2125 4098 salutem
2151 4059 2348 4099 conse-

780 4131 1110 4201 quebantur.
1153 4132 1222 4185 At
1272 4131 1316 4185 si
1356 4132 1483 4199 quid
1519 4133 1946 4198 commisissent,
2004 4150 2170 4203 seque
2228 4149 2349 4189 reos

782 4222 958 4291 culpae
985 4221 1242 4290 alicujus,
1276 4222 1583 4275 divinorum
1620 4232 2345 4293 praeeeptorumtransgres-

783 4313 940 4368 sione
963 4312 1407 4375 constituissent,
1442 4326 1553 4365 non
1572 4313 1747 4367 solum
1786 4314 1917 4368 nihil
1947 4315 2133 4369 auxilii
2159 4316 2349 4386 depel-

784 4403 948 4458 lendo
1000 4402 1249 4473 periculo
1314 4403 1805 4481 suppeditabatur;
1846 4404 1940 4460 sed
1993 4414 2047 4461 et
2076 4406 2191 4476 ipsa
2223 4421 2350 4462 arca

785 4510 893 4551 una
931 4510 1057 4550 cum
1088 4495 1221 4566 ipsis
1272 4496 1691 4565 periclitabatur
1723 4496 1785 4551 ¹³.
1818 4496 2001 4563 Quare
2059 4500 2351 4569 aliquando

2445 2029 2490 2088 ὦ
2533 2034 2801 2105 μακαρία,
2850 2033 3073 2087 ἐπὶτῶν
3114 2033 3477 2105 πραγμάτων,
3515 2034 3584 2088 τὰ
3618 2035 3685 2087 σά
3721 2034 4011 2106 παναληθῆ

2445 2128 2687 2197 ῥήματα.
2741 2125 2849 2178 Ἴδε
2897 2126 3005 2196 γὰρ
3057 2127 3209 2179 πᾶσα
3256 2125 3429 2196 φυλὴ,
3482 2126 3581 2187 τὰς
3633 2126 3731 2188 σάς
3776 2127 4015 2189 αἰνέοεις

2445 2217 2769 2289 ποιουμένη,
2806 2218 2898 2272 τὸν
2928 2219 3278 2288 μακαρισμόν
3322 2236 3404 2272 σοι
3445 2218 3739 2289 προσάγειο
3773 2219 4011 2290 μάλιστα

2445 2312 2546 2382 μὲν
2584 2313 2644 2365 ἐν
2672 2312 2837 2366 παντὶ
2865 2312 3043 2384 καιρῷ
3064 2329 3077 2343 ·
3105 2311 3469 2380 διαφερόντως
3492 2312 3536 2364 δ’
3562 2314 3619 2365 ἐν
3639 2311 3717 2382 τῷ
3742 2314 4008 2385 παρόντι·

2444 2402 2502 2454 ἐν
2533 2394 2577 2469 ᾧ
2618 2402 2754 2472 πρὸς
2785 2401 2876 2454 τὸν
2906 2401 3034 2454 Υίὸν
3065 2401 3541 2471 μετεσκηνωμένη,
3568 2402 3662 2455 καὶ
3688 2401 4012 2457 ἀδιάστατον

2444 2494 2685 2563 λαχοῦσα
2726 2492 2824 2563 τὴν
2857 2493 2993 2564 πρὸς
3025 2492 3189 2547 αὑτὸν
3237 2492 3478 2563 ὁμιλίαν,
3522 2493 3583 2546 οὺ
3617 2492 3803 2563 λήγεις
3832 2495 3891 2546 ὲν
3938 2495 4009 2562 γῇ

2443 2583 2869 2654 διαπεραίνουσα
2911 2583 3009 2647 τὰς
3058 2583 3393 2654 ἀντιλήψεις.
3440 2581 3819 2654 Μακαρίζουσι
3851 2584 3915 2654 δή
3952 2601 4013 2637 σε

2444 2675 2513 2727 τά
2562 2674 2805 2745 πέρατα,
2862 2675 2948 2729 διὰ
2997 2674 3088 2728 σοῦ
3142 2674 3485 2744 πραγμάτων
3535 2676 3861 2745 ἀπορρήτων
3918 2692 4015 2727 πε-

2445 2765 2775 2835 πραγμένων
2800 2766 2853 2817 ἐι
2872 2765 2971 2835 τῷ,
2992 2766 3079 2819 διὰ
3104 2765 3197 2818 σοῦ
3220 2766 3311 2819 τὸν
3327 2763 3420 2818 τοῦ
3451 2766 3703 2834 Ὑψίστου
3729 2765 4014 2835 βραχίονα,

2444 2857 2507 2910 τὸ
2544 2857 2741 2910 οἰκεῖον
2779 2858 3045 2927 γνωρίσαι
3093 2858 3334 2927 κράτος·
3384 2857 3453 2908 ἐκ
3507 2855 3601 2909 σοῦ
3673 2857 3814 2927 ὑπὲρ
3857 2856 4016 2924 λόγον

2446 2950 2893 3020 σωματωθέντος,
2931 2950 3025 3003 καὶ
3068 2952 3134 3020 τῇ
3164 2950 3356 3004 ἑαυτοῦ
3395 2948 3742 3016 ταπεινώσει,
3782 2948 3876 3001 τὸν
3916 2948 4016 3018 μὲν

2446 3042 2652 3112 ὑψηλὸν
2696 3044 2754 3096 ἐν
2807 3043 3188 3113 ὑπερηφανείᾳ
3237 3040 3743 3109 καταϐεϐληκότος*
3789 3040 3917 3102 τοὺς
3958 3039 4017 3094 δὲ

2446 3134 2737 3197 ταπεινοὺς
2788 3133 3193 3203 ἀνυψώσαντος.
3240 3134 3620 3204 Μεγαλύνουσί
3664 3149 3745 3197 σε,
3771 3133 3824 3184 οἱ
3853 3132 4017 3202 μέχρι

2444 3225 2538 3278 τοῦ
2578 3225 2673 3278 σοῦ
2727 3225 2967 3294 ἀσπόρου
3004 3225 3360 3295 πεινήσαντες
3396 3226 3657 3295 στάχυος·
3699 3222 3911 3277 ἐκείνου
3959 3223 4017 3276 δὲ

2448 3321 2514 3389 τῇ
2560 3321 2691 3390 φυῇ,
2721 3319 2972 3387 ἀφθόνως
2999 3320 3111 3381 τοῖς
3144 3318 3368 3386 ἀγαθοῖς
3410 3317 3867 3388 ἐντρυφήσαντες.
3906 3310 4017 3368 Ἦν

2449 3410 2548 3480 μὲν
2576 3409 2668 3463 οῦν
2711 3409 2924 3480 Ἰσραὴλ
2951 3407 3029 3478 τῷ
3068 3408 3284 3478 γηραιῷ
3329 3410 3425 3479 τῆς
3475 3408 3577 3478 σῆς
3626 3407 3783 3477 δόξης
3830 3405 4015 3471 εἰκὼν,

2445 3501 2676 3564 κιϐωτὸς
2720 3500 3010 3570 ἐπίκουρος
3055 3499 3503 3570 ἐλαττουμένοις,
3550 3499 3754 3566 καὶετὸ
3788 3498 4018 3551 ἐκείνων

2450 3590 2623 3644 ἐνίοτε
2685 3589 2864 3652 ἐνδεὲς
2916 3588 3338 3660 ἁναπληροῦσα·
3386 3589 3502 3643 ἀλλ’
3544 3584 3613 3657 ἦν
3660 3587 3890 3651 εἰκόνος,
3940 3586 4019 3650 ὡς

2448 3680 2666 3751 ἀληθῶς
2689 3680 2759 3734 τὰ
2800 3682 3060 3751 γινόμενα
3080 3696 3094 3710 ⁸
3120 3682 3215 3734 καὶ
3244 3680 3377 3734 πολὺ
3412 3680 3520 3732 τῶν
3556 3680 3643 3734 διὰ
3676 3679 3768 3733 σοῦ
3797 3679 4021 3748 γινομέ-

2446 3789 2552 3825 νων
2579 3771 2897 3841 λειπόμενα.
2923 3772 3022 3824 Διά
3045 3771 3203 3824 τοῦτο
3223 3772 3283 3824 οὐ
3314 3770 3565 3842 βοηθείας
3581 3771 3668 3824 ἀεὶ
3691 3771 3822 3841 παρ’
3847 3770 4021 3838 αὐτῆς

2452 3861 2700 3932 ἠξιοῦντο
2722 3879 2736 3894 ·
2760 3862 2877 3916 ἀλλ’
2899 3861 3072 3932 ὀρθῶς
3104 3861 3203 3931 μὲν
3229 3862 3297 3914 τά
3323 3862 3458 3932 πρὸς
3477 3861 3609 3914 Θεὸν
3634 3860 4019 3929 διακειμένοις,

2450 3954 2542 4006 καὶ
2586 3954 2660 4023 μὴ
2702 3954 2801 4021 τῆς
2831 3953 3047 4017 εὐθείας
3084 3954 3195 4008 τῶν
3222 3953 3612 4023 θεσπισμάτων
3643 3951 3829 4021 τρίϐου
3881 3952 4021 4003 ἀπο-

2448 4045 2842 4116 πλανωμένοις,
2885 4046 3100 4116 ἀπήντα
3141 4048 3175 4116 ή
3201 4046 3483 4117 ξσωτηρία.
3531 4044 3696 4114 Δίκης
3723 4043 3766 4097 δ’
3813 4044 4025 4112 ἐνόχοις

2449 4140 2628 4202 αὐτοῖς
2670 4139 3064 4210 γεγενημένης,
3112 4134 3194 4204 οἷς
3225 4139 3644 4210 κατωλιγὼρουν
3690 4137 3799 4192 τῶν
3849 4154 4025 4207 προσ-

2449 4232 2775 4303 ταγμάτων⁶
2845 4234 2905 4286 ού
2967 4234 3127 4303 μόνον
3175 4234 3235 4285 ού
3284 4232 3467 4304 παρῆν
3522 4233 3555 4300 ή
3594 4228 3886 4299 ἐπικουρία
3928 4228 4027 4282 τὸν

2450 4326 2694 4380 κίνδυνον
2728 4325 3101 4397 ἐπαμύνουσα,
3147 4326 3283 4380 ἀλλά
3324 4327 3419 4379 καὶ
3471 4325 3610 4395 αὑτὴ
3654 4324 3865 4386 τούτοις
3901 4340 4028 4375 συν-

2454 4412 2814 4468 εκινδύνευεν.
2858 4413 3014 4468 Οὕτω
3050 4413 3183 4467 ποτὲ
3228 4413 3503 4484 ἁλώσιμος
3546 4416 3653 4475 τοῖς
3705 4411 4030 4481 ἀλλοφύλοις

2454 4506 2868 4573 ἐδείκνυτο,τῶν
2888 4506 2983 4560 τοῦ
3000 4505 3130 4561 λαοῦ
3150 4507 3510 4577 πταισμάτων
3533 4504 4029 4576 ἐπικρατησάντων

785 4586 1008 4652 accidit,
1045 4596 1105 4641 ut
1166 4586 1237 4641 ab
1267 4586 1591 4658 alienigenis
1640 4582 1950 4659 caperetur,
1988 4606 2113 4646 cum
2166 4592 2345 4662 populi
2373 4606 2456 4667 Di

2373 4606 2427 4667 Ῑ)
2451 4597 2552 4668 τῆς
2590 4598 2682 4651 ὑπ’
2711 4599 2882 4668 αὐτῆς
2910 4598 3323 4670 χορηγουμένης
3355 4595 3696 4665 ἀντιλήψεως
3716 4610 3730 4625 ⁸
3764 4596 3859 4649 καὶ
3888 4594 4031 4665 πρὸς

784 4678 995 4735 scelera
1023 4676 1319 4748 grandiora
1350 4688 1558 4742 essent,
1598 4694 1763 4749 quam
1787 4680 1934 4750 quod
1966 4695 2030 4737 ea
2059 4689 2349 4751 praestare~
2448 4706 2455 4725 ι

2448 4690 2548 4761 τὴν
2572 4691 2729 4760 χεῖρα
2766 4689 2877 4744 τῶν
2908 4690 3185 4761 πολεμίων
3213 4689 3275 4742 τὸ
3315 4688 3456 4743 κατά
3494 4687 3592 4741 τοῦ
3632 4688 3820 4751 ἔθνους
3858 4690 4032 4757 χωρεί

786 4782 874 4825 tur
936 4769 1221 4834 auxilium,
1279 4778 1651 4842 tropaeumque
1699 4772 1965 4829 adversus
2014 4784 2246 4845 gentem,
2297 4776 2351 4830 in
2450 4800 2457 4816 ι

2450 4781 2711 4852 τρόπαιον
2739 4798 2754 4813 ·
2796 4780 2940 4853 αὐτὴ
2987 4780 3325 4851 δορυάλωτος
3366 4780 3597 4848 γίνεται,
3650 4780 3699 4832 εί
3752 4777 3848 4830 καὶ
3894 4778 4029 4839 Θεὸς

786 4875 982 4915 manus
1009 4860 1250 4916 hostium
1282 4859 1501 4916 cederet
1541 4880 1555 4916 :
1598 4870 1763 4933 atque
1803 4864 1940 4919 adeo
1970 4865 2090 4937 ipsa
2140 4867 2354 4938 captiva
2451 4888 2457 4922 ε

2451 4872 2615 4923 κάκεῖ
2635 4871 2696 4923 τὸ
2723 4870 2908 4940 τίμιον
2936 4870 3075 4941 αὐτῇ
3118 4868 3422 4934 διασὼζων,
3452 4868 3611 4921 νόσου
3666 4866 3847 4937 πληγῇ
3902 4867 4030 4928 τοὺς

788 4950 1096 5015 abducitur,
1130 4952 1233 5006 etsi
1290 4951 1401 5005 illic
1441 4968 1655 5021 quoque
1700 4954 1865 5021 Deus,
1892 4958 2011 5026 ejus
2061 4959 2355 5014 consulens

793 5041 1088 5112 majestati,
1132 5041 1308 5095 morbi
1344 5043 1499 5113 plaga
1554 5059 1649 5099 eos
1688 5046 1782 5114 qui
1817 5048 2095 5116 cepissent
2133 5049 2355 5103 ulcisci-

791 5146 881 5189 tur
911 5149 927 5187 :
963 5133 1169 5203 diique,
1204 5149 1345 5205 quos
1373 5136 1522 5190 inani
1546 5137 1624 5191 illi
1647 5138 1801 5192 cultu
1833 5138 2255 5206 venerabantur,
2304 5140 2357 5195 id

794 5224 934 5281 lucri
989 5239 1057 5279 ex
1111 5226 1278 5280 tantis
1322 5225 1431 5281 illis
1483 5228 1675 5296 spoliis
1729 5234 2081 5297 reportarunt
2126 5240 2188 5284 ut
2238 5244 2359 5285 cor-

802 5323 1047 5381 ruerent,
1082 5332 1192 5371 nou
1224 5317 1466 5374 valentes
1496 5319 1564 5374 iis
1602 5304 1906 5376 consistere
1960 5322 2187 5379 basibus
2234 5323 2358 5393 qui-

790 5412 895 5467 bus
963 5411 1129 5465 locati
1181 5419 1337 5465 erant
1389 5427 1404 5463 :
1460 5412 1514 5465 in
1561 5420 1779 5482 terram;
1836 5412 1998 5480 allisi,
2048 5428 2113 5468 ac
2139 5415 2364 5469 commi-

796 5503 938 5567 nuti,
969 5502 1138 5558 simul
1181 5512 1345 5573 atque
1390 5518 1518 5558 arca
1557 5503 1624 5559 ad
1658 5504 1781 5561 illos
1811 5506 2024 5560 invecta
2058 5514 2223 5562 esset.
2256 5505 2359 5561 Ve-

795 5609 915 5648 rum
942 5602 1034 5648 tua
1084 5594 1232 5649 haud
1260 5594 1335 5649 ita
1374 5593 1607 5659 habent;
1638 5611 1738 5651 nec
1770 5597 1867 5651 tali
1900 5598 2105 5653 auxilio
2152 5612 2355 5655 novum

797 5683 1055 5752 populum
1078 5684 1249 5738 tueris
1293 5697 1369 5739 ac.
1394 5686 1632 5755 protegis
1658 5702 1671 5738 :
1696 5688 1829 5757 quin
1882 5695 1937 5743 et
1964 5688 2119 5759 prius
2154 5689 2221 5748 iis
2257 5691 2350 5759 qui

867 5862 907 5892 ¹²
945 5860 1077 5918 Luc.
1115 5879 1154 5928 ι,
1189 5863 1273 5917 47.
1359 5864 1399 5895 ⁸³
1430 5862 1445 5915 Ι
1484 5862 1712 5936 Ιὶυεχιν,
1749 5868 1780 5917 lt
1813 5882 1926 5937 seq.

2461 4959 3015 5030 αἰχμαλωτεύσαντας
3052 4960 3413 5030 τιμωρεῖται·
3444 4957 3541 5010 καὶ
3570 4959 3629 5023 ,οἱ
3664 4955 3886 5025 φαύλως
3936 4954 4028 5009 ὑπ’

2454 5051 2679 5104 ἐκείνων
2693 5049 2993 5121 τιμώμενοι
3015 5050 3150 5115 θεοὶ,
3182 5049 3372 5120 κέρδος
3399 5049 3501 5118 τῆς
3527 5046 3798 5117 τοσαύτης
3821 5046 4025 5118 λαφυρ-

2455 5142 2698 5211 αγωγίας
2751 5143 2849 5214 τὴν
2899 5140 3051 5212 σφῶν
3070 5140 3405 5211 λαμϐάνουσι
3434 5140 3662 5205 πτῶσιν,
3686 5139 3749 5190 ού
3773 5137 4033 5208 δυνηθένο

2462 5252 2548 5297 τες
2574 5234 2667 5287 ἐπὶ
2711 5234 2810 5303 τῆς
2846 5233 2982 5298 ιδίας
3026 5234 3281 5289 ἵστασθαι
3332 5233 3576 5303 βάσεως·
3634 5230 3748 5284 ἀλλ’
3799 5232 3880 5293 είς
3924 5231 4031 5299 γῆν

2463 5326 2895 5397 συντριϐόμενοι,
2925 5325 3061 5396 ὁμοῦ
3110 5329 3176 5396 τῇ
3224 5326 3324 5395 τῆς
3374 5321 3610 5378 κιϐωτοῦ
3657 5324 3788 5393 παρ’
3832 5323 4032 5387 αὐτοὺς

2462 5415 2778 5470 εἰσελεύσει.
2833 5415 2973 5469 Ἀλλ’
2995 5415 3116 5486 οὐχὶ
3141 5415 3209 5469 τὰ
3239 5415 3307 5468 σὰ
3329 5413 3576 5477 τοιαῦτα.
3603 5414 3725 5467 οὐδὲ
3763 5413 4034 5483 τοσαύτης

2462 5505 2541 5577 τῷ
2565 5506 2669 5575 νέῳ
2709 5506 2824 5577 λαῷ
2867 5506 3021 5577 παρὰ
3067 5506 3161 5559 σοῦ
3198 5507 3449 5576 μέτεστιν
3478 5505 3817 5575 ἀντιλήψεως
3840 5521 3852 5534 ·
3896 5504 4033 5557 ἀλλὰ

2460 5598 2555 5651 κα)Ι
2592 5599 2858 5669 πρότερον
2915 5600 3197 5663 παντελῶς
3241 5593 3362 5652 οὖσι
3410 5599 4032 5669 καταπεπολεμωμένοις

2462 5692 2567 5747 ὑπὸ
2593 5692 2702 5750 τῶν
2748 5692 2959 5759 κακῶν,
2992 5694 3279 5765 ἐπήμυνας
3301 5709 3316 5728 ο
3347 5694 3440 5748 καὶ
3468 5691 3563 5748 νῦν
3588 5692 3710 5764 οὐχὶ
3740 5692 3901 5760 μόνον
3944 5693 4032 5745 ἐπ’
