4232 6444
208 430 305 487 169
930 425 1211 487 ORATIO
1235 425 1389 486 XIV.
1422 451 1490 462 —
1524 426 1605 485 IN
1662 427 1726 485 B.
1769 425 2029 486 MARUE
2062 428 2649 491 ASSUMPTIONEM
3344 430 3442 494 1Ἱο

198 542 419 606 εὐθείας
451 542 564 597 τῶν
596 543 949 615 ἐνταλμάτων
989 542 1111 597 ὁδοῦ
1144 542 1383 614 βαδίζειν
1412 545 1781 614 προαιρουμέ-
1810 550 1852 606 Α

1766 573 1781 585 -
1810 550 1852 606 Α
1884 559 1915 599 a
1944 545 2102 601 malis
2136 546 2353 614 penitus
2403 549 2619 605 fuerant
2674 548 2952 614 dehellati,
2986 561 3143 618 opem
3214 547 3387 605 tulisti
3422 565 3437 603 :

199 651 310 688 νων
337 636 373 705 ἡ
398 635 552 703 παρά
591 635 686 688 σοῦ
725 635 946 706 βοήθεια
987 634 1302 700 συνέπεται,
1330 635 1465 688 ἀλλὰ
1498 637 1592 689 καὶ
1630 636 1769 707 πρὸς

1870 653 2133 708 nuncque
2164 639 2354 707 etiam,
2382 641 2583 695 nedum
2617 640 2729 695 illis
2777 639 2951 695 facilis
2975 640 3128 702 ades,
3163 639 3259 709 qui
3299 638 3442 693 viam

199 727 300 794 τὴν
347 725 600 779 ἐναντίαν
649 726 1093 797 ἐκτρεπομένοις,
1132 725 1422 797 καὶταύτῃ
1453 726 1677 790 ἐνδίκως
1700 727 1771 781 ἂν

1870 728 2175 783 divinorum
2201 729 2574 784 mandatorum
2595 730 2878 794 insistunt,
2904 728 2993 784 sed
3025 738 3079 784 et
3103 728 3170 783 iis
3190 728 3283 798 qui
3313 743 3443 783 con-

199 817 428 885 δφλουσι
468 816 683 889 ποινὴν,
710 818 939 889 εὑρίσκῃ
982 817 1301 889 ἀποχρῶσα,
1346 818 1437 881 καὶ
1478 818 1576 887 τῆς
1615 818 1771 888 δίκης

199 909 331 973 τοὺς
358 908 581 979 ἐνόχους
608 908 990 979 ἐξαιρουμένη.

272 1095 615 1148 Δυσωπεϊται
641 1095 751 1165 γάρ
787 1111 843 1147 σε
874 1094 1007 1158 Θεὸς
1034 1094 1133 1165 τὴν
1160 1095 1570 1165 πανιερωτάτην
1599 1095 1766 1149 αὑτοῦ

202 1185 474 1250 Κιὸωτὺν,
520 1186 619 1239 καὶ
672 1184 1055 1256 χρηστεύεται,
1108 1185 1245 1257 πρὸς
1288 1185 1416 1249 τοὺς
1464 1186 1565 1239 οὐκ
1611 1186 1773 1250 ὄντας

206 1277 390 1341 ἀξίους
433 1276 802 1348 χρηστότητος
823 1294 836 1308 ·
898 1278 995 1330 καὶ
1047 1276 1145 1346 τῆς
1176 1277 1332 1345 δίκης
1360 1277 1575 1349 ἀφίησι,
1596 1295 1777 1350 παρα-

207 1368 405 1423 κλίνων
430 1371 498 1422 τά
521 1368 621 1434 τῆς
644 1368 802 1439 δίκης
835 1367 997 1436 ζυγὰ,
1038 1368 1514 1439 προσωπολήπτης
1541 1369 1629 1423 διὰ
1679 1369 1778 1440 τὴν

208 1458 309 1528 σὴν
337 1457 499 1522 ἀξίαν
520 1457 833 1528 γενόμενος,
873 1457 1107 1511 καὶτῶν
1162 1458 1362 1528 χειρῶν
1408 1457 1508 1529 τὴν
1559 1458 1779 1512 ἔκτασιν

210 1547 627 1617 εὐλαϐούμενος,
679 1548 737 1601 αἶ
762 1546 935 1618 τούτῳ
956 1547 1245 1616 γεγόνασιν
1293 1547 1497 1619 δχημα.
1550 1549 1627 1602 Οὐ
1671 1547 1779 1619 γάρ

210 1642 464 1711 ὰνέχεται
530 1643 779 1713 παρορᾷν
837 1642 1006 1704 αὐτὰς
1057 1641 1390 1712 αίρομένας·
1436 1643 1573 1713 πρὸς
1632 1641 1781 1706 ἔλεος

210 1733 515 1796 διακλᾶται,
570 1733 667 1787 καὶ
716 1733 836 1786 λύει
866 1733 1171 1803 συμπαθῶς
1198 1734 1268 1786 τὰ
1305 1732 1460 1803 χρέα,
1489 1734 1587 1803 τῆς
1644 1733 1775 1803 παρ’

211 1825 373 1879 αὐτοῦ
435 1825 601 1890 ἀξιῶν
648 1824 956 1894 εὐμενείας,
998 1826 1114 1879 ἀνθ’
1146 1820 1215 1896 ἧς
1265 1820 1333 1895 ἦν
1360 1825 1508 1889 ἄξιον
1527 1826 1781 1895 ὑποσχεῖν

1870 820 2037 872 traria
2065 818 2153 873 via
2183 819 2457 883 incedunt,
2505 834 2567 874 ac
2594 818 2822 891 proinde
2856 818 3034 889 poenis
3085 834 3145 875 se
3178 819 3444 874 obnoxios

1870 907 2124 971 reddunt,
2144 918 2338 978 potens
2365 906 2580 963 abunde
2604 909 2671 962 ad
2700 906 3091 978 protectionem
3129 906 3401 962 inveneris
3424 946 3439 972 ,

1873 1012 2077 1066 eosque
2106 1013 2135 1051 a
2163 1001 2370 1055 meritis
2406 998 2693 1069 suppliciis
2737 999 2922 1068 eripis.

1949 1086 2249 1145 Reveretur
2324 1094 2469 1145 enim
2531 1089 2676 1146 Deus
2758 1090 3183 1145 sacratissimam
3244 1088 3439 1142 Arcam

1875 1196 2052 1247 suam,
2078 1181 2479 1252 benignumque
2532 1196 2591 1238 se
2619 1180 2838 1237 exhibet
2864 1180 2954 1248 iis,
2980 1181 3072 1251 qui
3101 1180 3435 1251 benignitate

1876 1274 2085 1345 indigni
2117 1285 2283 1340 sunt;
2321 1288 2590 1345 poenaque
2616 1273 2806 1338 solvit,
2867 1287 2933 1327 ac
2960 1272 3187 1341 iustitia:
3228 1269 3440 1324 lancem

1878 1366 2139 1432 declinat,
2177 1366 2395 1435 alioque
2428 1366 2613 1430 vertit,
2649 1366 2727 1420 tui
2758 1364 2972 1419 ratione
2999 1362 3149 1417 velut
3179 1374 3443 1432 persona-

1883 1471 2005 1511 rum
2052 1464 2366 1528 acceptator
2389 1456 2601 1524 factus,
2651 1470 2715 1511 ac
2747 1470 3008 1511 manuum
3062 1454 3439 1509 extensionem

1879 1547 2167 1612 reveritus,
2202 1565 2323 1620 qua:
2370 1550 2474 1620 ipsi
2521 1547 2830 1604 vehiculum
2865 1547 3104 1602 fuerunt.
3161 1543 3271 1598 Nec
3298 1542 3440 1599 enim

1880 1639 2088 1708 patitur
2107 1647 2168 1694 ut
2200 1642 2444 1697 sublatas
2472 1641 2774 1710 despiciat;
2807 1630 3099 1694 inﬂectitur
3150 1636 3221 1691 ad
3277 1634 3439 1689 mise-

1881 1731 2198 1798 ricordiam,
2218 1747 2283 1786 ac
2297 1731 2480 1787 debita
2506 1732 2802 1788 clementer
2826 1729 3073 1789 remittit,
3091 1741 3189 1783 sua
3209 1725 3440 1796 dignans

1882 1823 2275 1893 placabilitate,
2316 1824 2520 1893 quibus
2559 1824 2753 1877 merito
2782 1836 2944 1891 poena
2982 1818 3270 1888 irroganda
3300 1825 3439 1872 erat.

213 1918 498 1989 τιμωρίας.
531 1920 646 1972 Οὐκ
673 1918 766 1972 οὖν
799 1920 907 1988 ὅπη
940 1919 1006 1989 σὴ
1053 1920 1352 1990 παρουσία,
1386 1919 1495 1972 τῶν
1525 1919 1780 1972 ἐναντίων
1810 1904 1852 1959 Β
1881 1916 1884 1969 ἶ

1770 1936 1780 1969 ρ
1810 1904 1852 1959 Β
1881 1916 2021 1987 Ergo
2060 1916 2151 1970 ubi
2208 1924 2266 1971 tu
2291 1931 2530 1986 praesens
2559 1929 2643 1979 es,
2675 1914 2825 1968 nulla
2861 1910 3187 1966 adversariis
3219 1914 3441 1978 superat

212 2012 461 2080 ηόμιλία
512 2010 778 2080 λαμϐάνει
832 2013 933 2081 τὴν
980 2011 1295 2081 παρρησίαν
1326 2028 1340 2043 ο
1398 2010 1508 2064 οὐδ’
1541 2011 1783 2082 εὑρίσκει

212 2101 396 2171 χώραν
434 2102 503 2156 τὰ
543 2102 845 2173 σκυθρωπὰ
891 2104 995 2172 τῆς
1023 2103 1127 2172 σῆς
1152 2101 1623 2173 ἐπιχωριαζούσης
1655 2119 1783 2171 φαι-

212 2192 493 2262 δρότητος.
536 2192 658 2247 Ἀπ’
698 2193 874 2263 ἀρχῆς
891 2194 1001 2262 γὰρ
1030 2195 1108 2256 είς
1134 2192 1338 2263 κόσμον
1362 2192 1657 2262 παριοῦσα,
1692 2193 1786 2245 ἐπὶ

212 2285 545 2355 φαιδροτέρᾳ
575 2284 765 2339 τούτου
820 2284 1173 2349 καταστάσει,
1209 2283 1307 2354 τὴν
1358 2282 1527 2354 αὐτὴν
1556 2284 1644 2335 ἀεὶ
1664 2283 1784 2336 δια-

213 2373 412 2439 σώζεις
472 2374 813 2446 προαίρεσιν,
868 2374 968 2444 τῆς
1024 2373 1136 2427 τῶν
1179 2372 1369 2439 δεξιῶν
1399 2371 1667 2443 χορηγίας
1722 2370 1784 2422 οὐ

214 2464 479 2533 λήγουσα.

282 2550 396 2609 Ἦν
446 2556 631 2620 αὐτοῖς
664 2558 758 2612 καὶ
786 2557 974 2628 λυχνία
1001 2556 1195 2628 φώτων
1247 2555 1504 2625 ἐϐδομάδι
1557 2570 1787 2625 περιαυ-

218 2647 518 2719 γαζομένη,
572 2649 667 2701 καὶ
713 2649 948 2718 στάμνος
999 2647 1093 2702 τοῦ
1146 2647 1321 2717 μάννα
1366 2647 1591 2717 ταμεῖον
1623 2661 1637 2676 ο
1693 2644 1789 2699 καὶ

217 2737 417 2805 ῥάϐδος
446 2740 545 2807 τῆς
568 2739 669 2809 σῆς
684 2739 981 2811 παρθενίας
1009 2738 1381 2809 ἀνθοφοροῦσα
1398 2738 1459 2789 τὸ
1483 2738 1748 2807 κήρυγμα
1771 2752 1785 2766 ο

218 2828 313 2879 καὶ
346 2826 417 2879 τά
465 2827 621 2896 ἄλλα,
674 2823 757 2893 οἷς
790 2830 931 2897 μέγα
982 2828 1209 2892 εἰκότως
1261 2828 1483 2899 ἐφρόνει
1523 2828 1583 2880 τὸ
1610 2826 1785 2889 ἔθνος,

218 2915 375 2985 παρὰ
416 2916 593 2971 πάντα
645 2918 716 2971 τά
768 2918 918 2989 εθνη.
968 2918 1108 2971 Ἀλλ’
1146 2917 1470 2988 ὑπεχώρησε
1504 2916 1644 2986 μετὰ
1692 2914 1789 2969 τοῦ

219 3005 436 3060 κλεινοῦ
489 3008 750 3079 ὀνόματος
787 3011 968 3065 αὐτῶν
992 3052 1007 3078 ,
1033 3011 1127 3064 καὶ
1175 3011 1277 3081 τῆς
1311 3010 1658 3081 σεμνότητος.
1718 3009 1787 3062 Σὲ

221 3100 333 3169 γάρ
360 3101 820 3171 σκιαγραφοῦντα,
853 3105 920 3174 τῇ
944 3106 1010 3173 σῇ
1036 3102 1242 3174 ἐκρύϐη
1274 3101 1585 3173 ἐπιφανείᾳ.
1618 3102 1788 3173 Φαίνῃ

1882 2011 2140 2081 loquendi
2187 2010 2421 2073 fiducia;
2464 2009 2673 2063 nullum
2706 2006 2886 2061 tristia
2922 2006 3098 2059 locum
3128 2001 3440 2065 inveniunt,

1884 2100 1977 2153 ubi
2041 2099 2122 2153 tui
2184 2098 2491 2168 splendoris
2522 2096 2705 2151 laetitia
2777 2095 3015 2163 affulget.
3071 2091 3206 2147 Cum
3237 2092 3380 2145 enim
3412 2105 3441 2144 a

1885 2189 2158 2259 principio
2186 2189 2241 2242 in
2273 2187 2422 2242 hunc
2446 2187 2712 2240 mundum
2744 2185 2979 2247 veneris,
3016 2189 3076 2236 ut
3103 2182 3227 2235 laeto
3269 2178 3443 2248 magis

1884 2290 2028 2339 statu
2058 2294 2433 2351 componeres,
2464 2277 2708 2335 eamdem
2726 2290 2937 2345 semper
2961 2272 3164 2329 retines
3193 2270 3442 2340 volupta-

1886 2384 2015 2440 tem,
2064 2388 2167 2429 nec
2214 2386 2453 2442 unquam
2494 2368 2758 2426 beneﬁcia
2795 2367 2953 2422 nobis
3006 2372 3269 2437 pratstare
3324 2375 3444 2417 ces-

1886 2478 2002 2520 885.

1955 2553 2086 2607 Erat
2125 2549 2388 2607 lsraelitis
2420 2564 2639 2621 quoque
2684 2548 3089 2613 candelabrum,
3135 2544 3443 2615 septenario

1888 2645 2155 2699 luminum
2210 2642 2424 2712 fulgore
2478 2641 2867 2711 conspicuum;
2907 2649 2961 2694 et
3014 2652 3170 2704 urna,
3226 2638 3282 2691 in
3337 2652 3446 2707 qua

1889 2750 2087 2790 manna
2117 2735 2473 2799 servabatur;
2504 2741 2558 2787 et
2594 2732 2769 2801 virga,
2800 2729 3135 2801 virginitatis
3167 2738 3273 2783 tuae
3307 2742 3446 2797 prae-

1888 2829 2128 2892 conium,
2156 2826 2313 2896 quasi
2343 2824 2528 2880 florem
2577 2823 2868 2887 emittens;
2901 2830 2955 2876 et
2996 2820 3049 2876 id
3099 2834 3271 2891 genus
3319 2817 3448 2881 alia,

1891 2921 2091 2991 quibus
2119 2919 2266 2973 natio
2286 2918 2375 2972 illa
2397 2916 2589 2972 merito
2627 2930 2793 2984 super
2834 2927 3026 2969 omnes
3053 2912 3305 2966 nationes
3327 2923 3451 2965 sese

1889 3012 2164 3068 cfferebat.
2205 3009 2403 3065 Verum
2432 3015 2779 3063 recesserunt
2805 3005 2918 3059 haec
2949 3004 3160 3068 omnia,
3188 3017 3314 3057 cum
3361 3001 3452 3056 in-

1892 3107 2034 3177 clyto
2066 3118 2256 3159 eorum
2304 3101 2525 3156 nomine
2578 3114 2645 3153 ac
2673 3098 2982 3169 majestate.
3036 3093 3170 3151 Cum
3224 3090 3369 3148 enim
3398 3098 3453 3145 te

221 3189 281 3294 δὲ
321 3191 436 3294 ἄρα
456 3193 489 3263 ἡ
532 3193 797 3262 άείφωτος
832 3196 895 3248 σὺ
944 3195 1154 3266 λυχνία,
1211 3194 1305 3248 τοῦ
1360 3193 1637 3264 σκοτεινοῦ
1698 3196 1791 3247 καὶ
1817 3235 1860 3294 c

1781 3212 1791 3247 ι
1817 3235 1860 3294 c
1894 3195 2309 3258 adumbrarent,
2341 3193 2575 3247 adventu
2608 3190 2829 3260 fulgoris
2856 3190 2936 3244 tui
2968 3187 3152 3242 abdita
3185 3193 3333 3240 sunt.
3370 3181 3452 3237 Tu

224 3282 543 3353 ῥυσαμένη,
601 3286 697 3337 καὶ
761 3287 999 3356 ῥυομένη
1058 3286 1291 3340 Θανάτου
1342 3286 1441 3354 τῆς
1497 3285 1788 3355 ἁμαρτίας-

226 3375 557 3440 Εύωδιάζεις
577 3378 670 3431 τὸν
699 3380 901 3448 κόσμον
931 3382 998 3449 τῇ
1026 3382 1091 3450 σῇ
1118 3380 1226 3432 τῶν
1256 3378 1435 3433 καλῶν
1461 3378 1777 3450 ἀνθοφορίᾳ.

234 3461 304 3515 Ἦ
343 3464 402 3515 τὸ
428 3464 584 3529 ἄνθος
637 3468 950 3537 άνασχοῦσα
975 3471 1074 3538 τῆς
1124 3456 1420 3540 σωτηρίας,
1447 3469 1665 3538 τρέφεις
1716 3467 1794 3538 τῷ

224 3553 293 3605 ἐκ
328 3555 423 3607 σοῦ
442 3557 807 3629 πεφυραμένῳ
851 3557 1051 3628 ζωηρῷ
1089 3558 1259 3629 ἄρτῳ.
1316 3558 1589 3629 Πηγάζεις
1639 3559 1793 3612 ἀδια-

225 3644 464 3710 λείπτως
518 3648 617 3711 τάς
662 3650 892 3721 δωρεάς,
941 3653 1036 3705 καὶ
1100 3655 1164 3722 τῇ
1187 3652 1396 3722 άεννάῳ
1445 3651 1629 3721 βλύσει
1687 3652 1797 3705 τῶν

224 3740 630 3810 χρηστοτέρων,
676 3742 907 3813 τὴντῶν
942 3745 1316 3815 περιστάσεων
1375 3746 1547 3814 φοράν
1597 3745 1797 3797 ἀνακό-

232 3844 415 3891 πτεις.
471 3830 798 3895 Σκεδάζεται
845 3833 947 3900 τῆς
986 3834 1226 3903 ἀθυμίας
1254 3835 1324 3887 τὰ
1371 3837 1529 3906 νέφη,
1562 3835 1649 3889 διὰ
1702 3836 1795 3889 006

226 3920 450 3989 αἰθρίας
476 3922 567 3976 τὸν
619 3923 733 3994 βίον
761 3924 1149 3995 ἀγλαῖζούσης.
1196 3927 1513 3981 Ἐλαύνεται
1545 3928 1711 3999 πάθη,
1737 3928 1799 3982 τὸ

230 4012 465 4085 φοϐερὸν
517 4015 626 4069 τῶν
678 4018 941 4071 κινδύνων
994 4020 1076 4081 εἰς
1130 4018 1315 4073 ἄνεσιν
1346 4021 1743 4090 μεταϐάλλεται
1778 4038 1794 4054 ·

227 4103 406 4169 οὐδὲν,
429 4105 458 4157 ὃ
489 4105 563 4176 μὴ
609 4107 967 4177 παραγίνεται
1003 4108 1112 4161 τῶν
1162 4111 1432 4179 χρηστῶν,
1496 4111 1589 4164 σοῦ
1620 4111 1800 4178 βουλο-

234 4198 404 4266 μένης
438 4214 453 4229 ο
490 4200 583 4252 καὶ
642 4199 793 4253 οὐδὲν
822 4200 850 4253 ὃ
885 4200 960 4271 μὴ
991 4200 1181 4269 φεύγει
1210 4201 1317 4255 τῶν
1365 4203 1643 4271 ἐναντίων,
1702 4206 1796 4258 σοῦ

230 4288 582 4360 ἁμυνούσης·
625 4292 912 4346 κατανεύει
960 4293 1069 4364 γάρ
1117 4294 1203 4347 ἀεὶ
1231 4296 1322 4347 ἐπὶ
1369 4297 1525 4359 πᾶσι,
1581 4298 1676 4350 καὶ
1708 4298 1789 4350 δί-

230 4382 365 4435 δωσι
398 4384 579 4438 πάντα
603 4383 692 4439 διὰ
708 4382 823 4452 σοῦ,
853 4389 880 4439 ὁ
908 4387 992 4438 ἐπ’
1019 4385 1307 4456 εὐεργεσίᾳ
1330 4387 1423 4440 τοῦ
1456 4388 1793 4459 πλάσματος,

230 4474 333 4544 τὴν
369 4474 468 4545 σὴν
497 4476 577 4538 είς
605 4476 695 4529 τὸν
728 4476 841 4546 βίον
895 4477 1127 4547 πάροδον
1174 4477 1445 4542 δεδωκὼς,
1487 4480 1545 4546 ἐξ
1577 4474 1640 4533 οὗ
1664 4482 1801 4550 πρὸς

1900 3302 2050 3353 vero,
2094 3294 2349 3355 tanquam
2383 3291 2642 3353 perpetuo
2671 3281 2873 3334 lumine
2916 3279 3298 3333 collustratum
3322 3289 3457 3330 can-

1896 3376 2177 3432 delabrum
2208 3376 2396 3428 lucens
2424 3388 2453 3427 a
2479 3372 2690 3442 peccati
2722 3370 3010 3425 tenebrosa
3044 3377 3220 3422 morte
3241 3365 3458 3430 eruisti,

1896 3468 2100 3540 pariter
2126 3474 2288 3535 atque
2311 3464 2481 3519 eruis.
2515 3462 2771 3516 Mundum
2816 3468 2988 3515 totum
3022 3470 3238 3513 tuarum
3286 3458 3460 3511 virtu-

1899 3569 2014 3614 tum
2043 3557 2268 3613 floribus
2294 3556 2432 3610 bene
2482 3554 2720 3609 olentem
2757 3551 2948 3607 silicis.
3007 3549 3214 3605 Ferens
3265 3547 3459 3603 salutis

1898 3650 2107 3711 ﬂorem,
2140 3647 2391 3703 eumdem
2425 3646 2575 3699 vitali
2595 3660 2662 3699 ex
2710 3653 2762 3699 te
2788 3643 3038 3698 confecto
3076 3656 3215 3712 pane
3263 3639 3383 3694 alis.
3412 3639 3460 3691 Δ

1898 3752 1951 3795 te
1981 3737 2663 3801 indesinenterhcneﬁcia,
2692 3737 2847 3807 quasi
2889 3751 2955 3791 ex
3016 3733 3166 3790 fonte
3216 3737 3459 3793 manant,

1894 3834 2122 3905 jugique
2170 3832 2259 3885 illa
2321 3832 2592 3885 bonorum
2647 3829 3005 3899 scaturigine,
3064 3825 3469 3886 calamitatum,

1899 3941 2036 3993 quas
2067 3922 2324 3993 patimur,
2378 3919 2797 3989 impressionem
2858 3932 2921 3971 ac
2958 3930 3181 3971 cursum
3214 3913 3460 3967 cohibes.

1898 4017 2244 4085 Dissipantur
2274 4012 2509 4066 tristitiae
2533 4010 2737 4076 nubila,
2758 4017 2885 4064 dum
2912 4008 3091 4062 nitore
3117 4014 3211 4060 tuo
3241 4017 3463 4060 serenas

1898 4110 2088 4163 vitam.
2120 4105 2401 4176 Fugantur
2430 4104 2605 4159 morbi
2638 4119 2652 4156 :
2687 4102 3057 4173 periculorum
3090 4109 3269 4154 terror
3298 4098 3353 4153 in
3378 4111 3467 4153 se-

1902 4202 2192 4257 curitatem
2225 4205 2597 4253 commutatur
2637 4214 2650 4249 :
2690 4195 2828 4250 nihil
2856 4208 2964 4249 non
2993 4192 3148 4247 adest
3167 4193 3461 4253 bonorum,

1902 4303 1960 4347 ut
1992 4292 2108 4361 ipsa
2140 4290 2272 4344 velis
2305 4304 2317 4339 :
2348 4287 2670 4357 nullumque
2693 4287 2895 4339 malum
2934 4284 3079 4353 quod
3099 4297 3205 4337 non
3236 4279 3466 4350 propul—

1901 4393 2071 4447 setur,
2102 4379 2261 4434 modo
2284 4394 2441 4449 opem
2476 4377 2686 4432 tuleris.
2713 4374 3085 4430 Annuitenim
3113 4374 3166 4427 in
3186 4371 3466 4432 omnibus,

1903 4493 1966 4533 ac
1998 4484 2160 4548 perte
2180 4473 2366 4529 omnia
2388 4472 2639 4542 largitur,
2666 4472 2783 4541 qui,
2813 4478 2874 4524 ut
2905 4467 3166 4525 beneﬁcio
3197 4463 3463 4537 singulari

232 4565 324 4618 τὸν
376 4565 682 4637 ἀπέραντον
732 4568 1194 4639 διαπεραιουμένη
1254 4569 1366 4641 βίον
1392 4608 1407 4629 .
1459 4574 1613 4643 κοινῇ
1668 4590 1803 4641 προ-
1837 4585 1883 4641 D

1791 4602 1803 4614 -
1837 4585 1883 4641 Ι)
1914 4571 2226 4640 figmentum
2271 4579 2430 4620 suum
2478 4562 2737 4624 afficeret,
2766 4561 2819 4615 in
2859 4561 2998 4613 hanc
3029 4566 3083 4613 te
3114 4557 3279 4611 vitam
3310 4553 3462 4610 nasci

234 4656 451 4726 ετρέψω
462 4658 875 4730 πανηγυρίζειν,
894 4659 989 4723 οὖς
1001 4677 1063 4712 τε
1083 4662 1288 4724 ἐκεῖνος
1313 4663 1371 4714 ἐν
1394 4661 1586 4735 βαθείᾳ
1608 4664 1813 4737 γαλήνῃ

234 4748 689 4818 προσορμοῦντας
742 4750 881 4819 ἔχει,
936 4751 1032 4804 καὶ
1083 4751 1177 4816 οὓς
1229 4747 1383 4816 οὗτος
1434 4754 1687 4817 άστάτοις
1733 4754 1814 4808 ἐτι

236 4843 527 4907 περιφέρει
594 4842 712 4903 ταῖς
761 4841 1125 4914 παλιῤῥοίαις.
1194 4844 1279 4906 Ὡς
1341 4843 1448 4912 γὰρ
1513 4844 1693 4899 αὐτῶν
1753 4861 1813 4897 τε

235 4926 574 4992 δεσπόζουσα
624 4931 720 4983 καὶ
777 4931 953 5001 ἡμῶν,
992 4933 1083 5002 ὑφ’
1136 4935 1403 5006 ἑκατέρας
1456 4931 1661 5005 λήξεως
1721 4936 1814 4988 άν-

240 5024 412 5091 υμνῇ.

329 5291 497 5358 Ἀλλ’,
524 5286 571 5347 ὦ
617 5292 881 5364 Παρθένε,
918 5296 1012 5349 καὶ
1045 5296 1255 5367 Μῆτερ,
1291 5301 1324 5368 ὴ
1380 5300 1671 5368 παρθενίαν
1722 5303 1815 5354 καὶ

242 5384 430 5447 τόκον,
479 5383 550 5438 τὰ
608 5386 746 5439 πολὺ
802 5385 974 5439 ταῦτα
1022 5386 1305 5454 διεστῶτα,
1334 5390 1425 5443 ἐπὶ
1458 5390 1543 5444 σοὶ
1592 5392 1810 5458 δείξασα

243 5474 524 5545 ἡνωμένα.
551 5471 622 5527 Ὦ
669 5476 869 5548 σκέπη,
930 5477 1026 5532 καὶ
1082 5479 1442 5551 καταφύγιον,
1473 5482 1569 5536 καὶ
1594 5484 1811 5553 ἄγκυρα

241 5569 451 5637 κόσμον
492 5567 614 5623 ὅλον
641 5571 699 5622 ἐν
728 5570 893 5640 ἐαυτῇ
919 5570 1196 5641 κρατοῦσά
1232 5589 1316 5638 τε,
1352 5574 1445 5627 καὶ
1473 5574 1810 5646 περισώζου-

242 5677 337 5713 σα.
364 5658 513 5731 Αὕτη
579 5676 659 5714 σοι
689 5660 822 5732 παρ’
851 5661 1008 5733 ἡμῶν
1056 5664 1090 5733 ἡ
1139 5662 1235 5717 τοῦ
1274 5664 1433 5733 λόγου
1474 5668 1816 5737 προσένεξις,

240 5751 346 5821 τὴν
372 5750 493 5820 σὴν,
543 5751 671 5805 ὅσον
732 5755 863 5822 ἡμῖν
912 5753 1118 5824 ἐξήκει,
1172 5756 1388 5825 τιμῶσα
1440 5758 1812 5827 μετάστασινο

243 5842 384 5913 πρὸς
416 5844 505 5914 ἢν,
543 5845 674 5917 παρ’
728 5845 946 5911 ἐλπίδας
1004 5847 1112 5903 τῶν
1162 5849 1262 5904 οὐκ
1305 5844 1364 5905 εὖ
1392 5852 1489 5916 τὰς
1515 5853 1811 5922 ἡμετέρας,

1912 4660 2223 4722 concessit;
2275 4670 2341 4711 ex
2377 4668 2484 4723 quo
2534 4652 2789 4705 nimirum
2820 4650 2885 4705 ad
2915 4648 3369 4703 inlerminabilem
3403 4646 3467 4699 il-

1912 4749 2016 4803 lam
2072 4744 2453 4800 transmittens
2507 4743 2699 4807 vitam,
2762 4740 3067 4795 communis
3107 4738 3233 4793 festi
3272 4736 3468 4807 gaudia

1911 4834 2213 4907 praebuisti,
2247 4841 2359 4886 tum
2382 4833 2450 4887 iis
2482 4845 2621 4900 quos
2659 4831 2770 4884 vita
2797 4830 2887 4883 illa
2936 4830 2990 4881 in
3035 4837 3250 4896 portum
3310 4839 3466 4880 rece-

1910 4942 2054 4997 ptos,
2084 4925 2190 4978 alta
2231 4923 2474 4978 fruentes
2522 4921 2917 4990 tranquillitate
2949 4919 3111 4975 habet
3154 4936 3167 4972 :
3230 4927 3343 4972 tum
3377 4918 3470 4984 iis,

1909 5034 2049 5090 quos
2074 5018 2177 5072 ista
2219 5014 2567 5071 instabilibus
2595 5022 2650 5066 et
2673 5014 2971 5082 reciprocis
3005 5011 3158 5080 quasi
3190 5010 3468 5069 ﬂuctibus,

1912 5113 2173 5165 hactenus
2196 5110 2599 5180 circumagitat.
2636 5105 2704 5161 Ut
2733 5105 2878 5160 enim
2917 5105 3134 5157 illorum
3160 5102 3385 5181 pariter,
3410 5114 3473 5153 ac

1912 5213 2097 5259 nostra
2125 5204 2373 5267 Domina,
2405 5204 2473 5257 ab
2504 5202 2752 5272 utrisque
2786 5200 3048 5254 laudaris.

1982 5296 2073 5363 At,
2108 5312 2141 5349 o
2170 5295 2356 5365 Virgo,
2381 5303 2435 5348 et
2468 5305 2658 5359 mater,
2712 5306 2835 5361 quae
2868 5290 3232 5361 virginitatem
3262 5296 3314 5343 et
3346 5301 3471 5357 par-

1914 5397 2049 5454 tum,
2090 5404 2179 5443 res
2219 5388 2299 5443 sic
2327 5388 2593 5449 diversas,
2624 5387 2677 5439 in
2707 5393 2759 5440 te
2790 5382 3121 5453 coniunctas
3158 5380 3472 5435 ostendisti.

1917 5479 1962 5536 Ο
1992 5480 2277 5550 protectio,
2318 5486 2370 5532 et
2420 5477 2749 5548 perfugium,
2795 5485 2958 5545 atque
2981 5475 3249 5537 anchora,
3293 5479 3470 5526 totum

1917 5575 1973 5628 iu
2014 5583 2063 5629 te
2106 5573 2369 5628 mundum
2416 5580 2609 5627 tenens
2653 5582 3120 5638 conservansque.
3179 5564 3297 5620 Hoc
3362 5578 3464 5633 ego

1920 5669 2187 5723 orationis
2219 5680 2422 5719 munus
2462 5663 2560 5719 tibi
2590 5662 2758 5728 dono,
2802 5670 2910 5715 tuae
2964 5656 3341 5714 translationis
3378 5670 3477 5725 pro

1918 5761 2127 5817 viribus
2158 5757 2491 5815 honorandae
2517 5756 2691 5829 gratia
2737 5773 2750 5809 :
2784 5754 2851 5808 ad
2871 5752 3030 5823 cujus
3051 5751 3476 5811 solemnitatem,

1931 5862 2123 5924 praeter
2152 5867 2303 5918 spem
2330 5866 2517 5909 eorum
2548 5848 2642 5921 qui
2664 5848 2778 5906 dies
2810 5846 2934 5905 vitae
2960 5851 3161 5904 nostra:
3180 5846 3353 5915 (quos.
3376 5842 3477 5911 ipsi
