  <div class='ocr_page' id='page_1' title='image "/cluster/home/n/w/nwhite01/storage/ocr_20150623/107/nnc1.0046980040/147.png"; bbox 0 0 4232 6444; ppageno 0'>
   <div class='ocr_carea' id='block_1_1' title="bbox 758 368 848 430">
    <p class='ocr_par' dir='ltr' id='par_1_1' title="bbox 758 368 848 430">
     <span class='ocr_line' id='line_1_1' title="bbox 758 368 848 430; baseline -0.044 0"><span class='ocrx_word' id='word_1_1' title='bbox 758 368 848 430; x_wconf 67' lang='lat' dir='ltr'><strong>lii</strong></span> 
     </span>
    </p>
   </div>
   <div class='ocr_carea' id='block_1_2' title="bbox 1971 362 2740 424">
    <p class='ocr_par' dir='ltr' id='par_1_2' title="bbox 1971 362 2740 424">
     <span class='ocr_line' id='line_1_2' title="bbox 1971 362 2740 424; baseline -0.004 -1"><span class='ocrx_word' id='word_1_2' title='bbox 1971 365 2246 424; x_wconf 72' lang='lat' dir='ltr'><strong>LEONIS</strong></span> <span class='ocrx_word' id='word_1_3' title='bbox 2287 362 2740 423; x_wconf 80' lang='lat' dir='ltr'><strong>PHILOSOPHI</strong></span> 
     </span>
    </p>
   </div>
   <div class='ocr_carea' id='block_1_3' title="bbox 3880 364 3987 431">
    <p class='ocr_par' dir='ltr' id='par_1_3' title="bbox 3880 364 3987 431">
     <span class='ocr_line' id='line_1_3' title="bbox 3880 364 3987 431; baseline 0.028 -3"><span class='ocrx_word' id='word_1_4' title='bbox 3880 364 3987 431; x_wconf 74' lang='lat'><strong>172</strong></span> 
     </span>
    </p>
   </div>
   <div class='ocr_carea' id='block_1_4' title="bbox 759 472 2430 545">
    <p class='ocr_par' dir='ltr' id='par_1_4' title="bbox 759 476 2430 545">
     <span class='ocr_line' id='line_1_4' title="bbox 759 476 2430 545; baseline -0.004 -12"><span class='ocrx_word' id='word_1_5' title='bbox 759 495 862 533; x_wconf 89' lang='lat' dir='ltr'><strong>non</strong></span> <span class='ocrx_word' id='word_1_6' title='bbox 938 479 1385 544; x_wconf 83' lang='lat' dir='ltr'><strong>subministrant)</strong></span> <span class='ocrx_word' id='word_1_7' title='bbox 1452 491 1734 545; x_wconf 75' lang='lat' dir='ltr'><strong>perperam</strong></span> <span class='ocrx_word' id='word_1_8' title='bbox 1790 476 2117 538; x_wconf 86' lang='lat' dir='ltr'><strong>metiuntur,</strong></span> <span class='ocrx_word' id='word_1_9' title='bbox 2188 477 2430 534; x_wconf 49' lang='lat' dir='ltr'><strong>vitae,“</strong></span> 
     </span>
    </p>
   </div>
   <div class='ocr_carea' id='block_1_5' title="bbox 2315 472 3986 545">
    <p class='ocr_par' dir='ltr' id='par_1_5' title="bbox 2346 472 3986 545">
     <span class='ocr_line' id='line_1_5' title="bbox 2346 472 3986 545; baseline 0.001 -19"><span class='ocrx_word' id='word_1_10' title='bbox 2346 480 2388 534; x_wconf 81' lang='grc' dir='ltr'>Α</span> <span class='ocrx_word' id='word_1_11' title='bbox 2418 472 2525 526; x_wconf 75' lang='grc' dir='ltr'>οἷον</span> <span class='ocrx_word' id='word_1_12' title='bbox 2572 475 2671 526; x_wconf 75' lang='grc' dir='ltr'>οὐκ</span> <span class='ocrx_word' id='word_1_13' title='bbox 2733 474 2838 525; x_wconf 80' lang='grc' dir='ltr'>εἰσὶ</span> <span class='ocrx_word' id='word_1_14' title='bbox 2888 475 3133 544; x_wconf 65' lang='grc' dir='ltr'>χορηγοὶ,</span> <span class='ocrx_word' id='word_1_15' title='bbox 3164 475 3262 543; x_wconf 85' lang='grc' dir='ltr'>τῆς</span> <span class='ocrx_word' id='word_1_16' title='bbox 3311 474 3466 543; x_wconf 78' lang='grc' dir='ltr'>ἡμῶν</span> <span class='ocrx_word' id='word_1_17' title='bbox 3516 474 3754 543; x_wconf 81' lang='grc' dir='ltr'>βιώσεως</span> <span class='ocrx_word' id='word_1_18' title='bbox 3793 477 3986 545; x_wconf 85' lang='grc' dir='ltr'>ἐπιμε-</span> 
     </span>
    </p>
   </div>
   <div class='ocr_carea' id='block_1_6' title="bbox 759 565 2321 625">
    <p class='ocr_par' dir='ltr' id='par_1_6' title="bbox 759 565 2321 625">
     <span class='ocr_line' id='line_1_6' title="bbox 759 565 2321 625; baseline -0.004 0"><span class='ocrx_word' id='word_1_19' title='bbox 759 579 959 625; x_wconf 77' lang='lat' dir='ltr'><strong>nostrae</strong></span> <span class='ocrx_word' id='word_1_20' title='bbox 1016 569 1350 624; x_wconf 82' lang='lat' dir='ltr'><strong>curriculum</strong></span> <span class='ocrx_word' id='word_1_21' title='bbox 1390 567 1590 622; x_wconf 90' lang='lat' dir='ltr'><strong>durare</strong></span> <span class='ocrx_word' id='word_1_22' title='bbox 1640 567 1877 619; x_wconf 84' lang='lat' dir='ltr'><strong>voluisti.</strong></span> <span class='ocrx_word' id='word_1_23' title='bbox 1914 565 1991 619; x_wconf 91' lang='lat' dir='ltr'><strong>Tu</strong></span> <span class='ocrx_word' id='word_1_24' title='bbox 2028 579 2157 618; x_wconf 83' lang='lat' dir='ltr'><strong>vero</strong></span> <span class='ocrx_word' id='word_1_25' title='bbox 2204 565 2321 619; x_wconf 82' lang='lat' dir='ltr'><strong>vice</strong></span> 
     </span>
    </p>
   </div>
   <div class='ocr_carea' id='block_1_7' title="bbox 760 654 2319 729">
    <p class='ocr_par' dir='ltr' id='par_1_7' title="bbox 760 654 2319 729">
     <span class='ocr_line' id='line_1_7' title="bbox 760 654 2319 729; baseline -0.004 -15"><span class='ocrx_word' id='word_1_26' title='bbox 760 661 922 729; x_wconf 87' lang='lat' dir='ltr'><strong>hujus</strong></span> <span class='ocrx_word' id='word_1_27' title='bbox 957 659 1200 713; x_wconf 87' lang='lat' dir='ltr'><strong>muneris</strong></span> <span class='ocrx_word' id='word_1_28' title='bbox 1226 666 1280 712; x_wconf 85' lang='lat' dir='ltr'><strong>et</strong></span> <span class='ocrx_word' id='word_1_29' title='bbox 1335 658 1643 720; x_wconf 79' lang='lat' dir='ltr'><strong>oblationis,</strong></span> <span class='ocrx_word' id='word_1_30' title='bbox 1682 657 1750 711; x_wconf 84' lang='lat' dir='ltr'><strong>da</strong></span> <span class='ocrx_word' id='word_1_31' title='bbox 1801 656 1980 719; x_wconf 89' lang='lat' dir='ltr'><strong>nobis,</strong></span> <span class='ocrx_word' id='word_1_32' title='bbox 2034 670 2143 709; x_wconf 90' lang='lat' dir='ltr'><strong>non</strong></span> <span class='ocrx_word' id='word_1_33' title='bbox 2195 654 2319 708; x_wconf 72' lang='lat' dir='ltr'><strong>vita:</strong></span> 
     </span>
    </p>
   </div>
   <div class='ocr_carea' id='block_1_8' title="bbox 761 748 2319 824">
    <p class='ocr_par' dir='ltr' id='par_1_8' title="bbox 761 748 2319 824">
     <span class='ocr_line' id='line_1_8' title="bbox 761 748 2319 824; baseline -0.006 -16"><span class='ocrx_word' id='word_1_34' title='bbox 761 753 1147 824; x_wconf 72' lang='lat' dir='ltr'><strong>longitudinem</strong></span> <span class='ocrx_word' id='word_1_35' title='bbox 1180 755 1313 823; x_wconf 88' lang='lat' dir='ltr'><strong>(non</strong></span> <span class='ocrx_word' id='word_1_36' title='bbox 1344 751 1478 805; x_wconf 89' lang='lat' dir='ltr'><strong>adeo</strong></span> <span class='ocrx_word' id='word_1_37' title='bbox 1517 766 1634 803; x_wconf 90' lang='lat' dir='ltr'><strong>eam</strong></span> <span class='ocrx_word' id='word_1_38' title='bbox 1667 764 1810 813; x_wconf 89' lang='lat' dir='ltr'><strong>amo,</strong></span> <span class='ocrx_word' id='word_1_39' title='bbox 1873 763 2051 816; x_wconf 89' lang='lat' dir='ltr'><strong>neque</strong></span> <span class='ocrx_word' id='word_1_40' title='bbox 2088 748 2319 801; x_wconf 89' lang='lat' dir='ltr'><strong>insatia-</strong></span> 
     </span>
    </p>
   </div>
   <div class='ocr_carea' id='block_1_9' title="bbox 764 839 2318 910">
    <p class='ocr_par' dir='ltr' id='par_1_9' title="bbox 764 839 2318 910">
     <span class='ocr_line' id='line_1_9' title="bbox 764 839 2318 910; baseline -0.006 -11"><span class='ocrx_word' id='word_1_41' title='bbox 764 846 856 899; x_wconf 85' lang='lat' dir='ltr'><strong>bili</strong></span> <span class='ocrx_word' id='word_1_42' title='bbox 888 843 1161 897; x_wconf 86' lang='lat' dir='ltr'><strong>desiderio</strong></span> <span class='ocrx_word' id='word_1_43' title='bbox 1210 843 1370 910; x_wconf 86' lang='lat' dir='ltr'><strong>hujus</strong></span> <span class='ocrx_word' id='word_1_44' title='bbox 1412 856 1610 893; x_wconf 66' lang='lat' dir='ltr'><strong>amarae</strong></span> <span class='ocrx_word' id='word_1_45' title='bbox 1654 839 2041 910; x_wconf 82' lang='lat' dir='ltr'><strong>navigationis,</strong></span> <span class='ocrx_word' id='word_1_46' title='bbox 2076 848 2129 893; x_wconf 90' lang='lat' dir='ltr'><strong>et</strong></span> <span class='ocrx_word' id='word_1_47' title='bbox 2158 852 2318 907; x_wconf 91' lang='lat' dir='ltr'><strong>quam</strong></span> 
     </span>
    </p>
   </div>
   <div class='ocr_carea' id='block_1_10' title="bbox 763 930 2324 1003">
    <p class='ocr_par' dir='ltr' id='par_1_10' title="bbox 763 930 2324 1003">
     <span class='ocr_line' id='line_1_10' title="bbox 763 930 2324 1003; baseline -0.004 -14"><span class='ocrx_word' id='word_1_48' title='bbox 763 935 1109 1003; x_wconf 72' lang='lat' dir='ltr'><strong>coniunctam</strong></span> <span class='ocrx_word' id='word_1_49' title='bbox 1143 934 1321 996; x_wconf 86' lang='lat' dir='ltr'><strong>habet,</strong></span> <span class='ocrx_word' id='word_1_50' title='bbox 1359 931 1692 1003; x_wconf 86' lang='lat' dir='ltr'><strong>agitationis,</strong></span> <span class='ocrx_word' id='word_1_51' title='bbox 1722 930 1931 997; x_wconf 87' lang='lat' dir='ltr'><strong>teneor)</strong></span> <span class='ocrx_word' id='word_1_52' title='bbox 1965 946 1981 983; x_wconf 88' lang='lat'><strong>:</strong></span> <span class='ocrx_word' id='word_1_53' title='bbox 2015 932 2132 992; x_wconf 88' lang='lat' dir='ltr'><strong>sed,</strong></span> <span class='ocrx_word' id='word_1_54' title='bbox 2163 930 2209 985; x_wconf 90' lang='lat' dir='ltr'><strong>si</strong></span> <span class='ocrx_word' id='word_1_55' title='bbox 2250 931 2324 984; x_wconf 88' lang='lat' dir='ltr'><strong>ita</strong></span> 
     </span>
    </p>
   </div>
   <div class='ocr_carea' id='block_1_11' title="bbox 763 1024 2327 1094">
    <p class='ocr_par' dir='ltr' id='par_1_11' title="bbox 763 1024 2327 1094">
     <span class='ocr_line' id='line_1_11' title="bbox 763 1024 2327 1094; baseline -0.001 -15"><span class='ocrx_word' id='word_1_56' title='bbox 763 1031 1058 1090; x_wconf 82' lang='lat' dir='ltr'><strong>decretum,</strong></span> <span class='ocrx_word' id='word_1_57' title='bbox 1078 1042 1176 1081; x_wconf 91' lang='lat' dir='ltr'><strong>nos</strong></span> <span class='ocrx_word' id='word_1_58' title='bbox 1208 1042 1273 1080; x_wconf 83' lang='lat' dir='ltr'><strong>ex</strong></span> <span class='ocrx_word' id='word_1_59' title='bbox 1291 1031 1390 1082; x_wconf 84' lang='lat' dir='ltr'><strong>hac</strong></span> <span class='ocrx_word' id='word_1_60' title='bbox 1421 1027 1527 1078; x_wconf 79' lang='lat' dir='ltr'><strong>vita</strong></span> <span class='ocrx_word' id='word_1_61' title='bbox 1548 1026 1868 1086; x_wconf 88' lang='lat' dir='ltr'><strong>subducere,</strong></span> <span class='ocrx_word' id='word_1_62' title='bbox 1888 1024 2106 1093; x_wconf 86' lang='lat' dir='ltr'><strong>largire,</strong></span> <span class='ocrx_word' id='word_1_63' title='bbox 2122 1031 2181 1078; x_wconf 90' lang='lat' dir='ltr'><strong>ut</strong></span> <span class='ocrx_word' id='word_1_64' title='bbox 2198 1040 2327 1094; x_wconf 85' lang='lat' dir='ltr'><strong>pec-</strong></span> 
     </span>
    </p>
   </div>
   <div class='ocr_carea' id='block_1_12' title="bbox 764 1114 2327 1185">
    <p class='ocr_par' dir='ltr' id='par_1_12' title="bbox 764 1114 2327 1185">
     <span class='ocr_line' id='line_1_12' title="bbox 764 1114 2327 1185; baseline -0.003 -14"><span class='ocrx_word' id='word_1_65' title='bbox 764 1128 1004 1171; x_wconf 87' lang='lat' dir='ltr'><strong>catorum</strong></span> <span class='ocrx_word' id='word_1_66' title='bbox 1034 1118 1270 1185; x_wconf 83' lang='lat' dir='ltr'><strong>pondere</strong></span> <span class='ocrx_word' id='word_1_67' title='bbox 1294 1117 1459 1170; x_wconf 82' lang='lat' dir='ltr'><strong>lever.</strong></span> <span class='ocrx_word' id='word_1_68' title='bbox 1487 1114 1639 1180; x_wconf 87' lang='lat' dir='ltr'><strong>Quod</strong></span> <span class='ocrx_word' id='word_1_69' title='bbox 1662 1116 1705 1168; x_wconf 86' lang='lat' dir='ltr'><strong>si</strong></span> <span class='ocrx_word' id='word_1_70' title='bbox 1730 1115 1936 1169; x_wconf 91' lang='lat' dir='ltr'><strong>diutius</strong></span> <span class='ocrx_word' id='word_1_71' title='bbox 1958 1116 2010 1168; x_wconf 90' lang='lat' dir='ltr'><strong>in</strong></span> <span class='ocrx_word' id='word_1_72' title='bbox 2032 1129 2195 1169; x_wconf 88' lang='lat' dir='ltr'><strong>carne</strong></span> <span class='ocrx_word' id='word_1_73' title='bbox 2217 1123 2327 1167; x_wconf 88' lang='lat' dir='ltr'><strong>ma-</strong></span> 
     </span>
    </p>
   </div>
   <div class='ocr_carea' id='block_1_13' title="bbox 766 1205 2326 1277">
    <p class='ocr_par' dir='ltr' id='par_1_13' title="bbox 766 1205 2326 1277">
     <span class='ocr_line' id='line_1_13' title="bbox 766 1205 2326 1277; baseline 0.001 -17"><span class='ocrx_word' id='word_1_74' title='bbox 766 1211 996 1261; x_wconf 84' lang='lat' dir='ltr'><strong>nendum</strong></span> <span class='ocrx_word' id='word_1_75' title='bbox 1017 1208 1139 1270; x_wconf 88' lang='lat' dir='ltr'><strong>erit,</strong></span> <span class='ocrx_word' id='word_1_76' title='bbox 1160 1208 1261 1261; x_wconf 87' lang='lat' dir='ltr'><strong>etsi</strong></span> <span class='ocrx_word' id='word_1_77' title='bbox 1283 1206 1384 1260; x_wconf 93' lang='lat' dir='ltr'><strong>hoc</strong></span> <span class='ocrx_word' id='word_1_78' title='bbox 1404 1206 1518 1261; x_wconf 89' lang='lat' dir='ltr'><strong>scio</strong></span> <span class='ocrx_word' id='word_1_79' title='bbox 1534 1206 1861 1274; x_wconf 87' lang='lat' dir='ltr'><strong>quibusdam</strong></span> <span class='ocrx_word' id='word_1_80' title='bbox 1885 1207 2155 1277; x_wconf 85' lang='lat' dir='ltr'><strong>ingratum</strong></span> <span class='ocrx_word' id='word_1_81' title='bbox 2188 1205 2326 1270; x_wconf 82' lang='lat' dir='ltr'><strong>fore,</strong></span> 
     </span>
    </p>
   </div>
   <div class='ocr_carea' id='block_1_14' title="bbox 767 1302 2326 1372">
    <p class='ocr_par' dir='ltr' id='par_1_14' title="bbox 767 1302 2326 1372">
     <span class='ocr_line' id='line_1_14' title="bbox 767 1302 2326 1372; baseline -0.003 -16"><span class='ocrx_word' id='word_1_82' title='bbox 767 1313 822 1357; x_wconf 93' lang='lat' dir='ltr'><strong>tu</strong></span> <span class='ocrx_word' id='word_1_83' title='bbox 851 1304 1108 1367; x_wconf 85' lang='lat' dir='ltr'><strong>concede,</strong></span> <span class='ocrx_word' id='word_1_84' title='bbox 1153 1313 1212 1357; x_wconf 88' lang='lat' dir='ltr'><strong>ut</strong></span> <span class='ocrx_word' id='word_1_85' title='bbox 1258 1312 1310 1357; x_wconf 89' lang='lat' dir='ltr'><strong>et</strong></span> <span class='ocrx_word' id='word_1_86' title='bbox 1341 1303 1471 1372; x_wconf 87' lang='lat' dir='ltr'><strong>ipsis</strong></span> <span class='ocrx_word' id='word_1_87' title='bbox 1503 1312 1555 1356; x_wconf 88' lang='lat' dir='ltr'><strong>et</strong></span> <span class='ocrx_word' id='word_1_88' title='bbox 1593 1303 1750 1358; x_wconf 90' lang='lat' dir='ltr'><strong>nobis</strong></span> <span class='ocrx_word' id='word_1_89' title='bbox 1787 1302 2063 1358; x_wconf 82' lang='lat' dir='ltr'><strong>fructuose</strong></span> <span class='ocrx_word' id='word_1_90' title='bbox 2110 1316 2326 1370; x_wconf 79' lang='lat' dir='ltr'><strong>gregem</strong></span> 
     </span>
    </p>
   </div>
   <div class='ocr_carea' id='block_1_15' title="bbox 766 1392 2328 1463">
    <p class='ocr_par' dir='ltr' id='par_1_15' title="bbox 766 1392 2328 1463">
     <span class='ocr_line' id='line_1_15' title="bbox 766 1392 2328 1463; baseline -0.001 -18"><span class='ocrx_word' id='word_1_91' title='bbox 766 1408 1021 1462; x_wconf 87' lang='lat' dir='ltr'><strong>pascam;</strong></span> <span class='ocrx_word' id='word_1_92' title='bbox 1045 1393 1317 1463; x_wconf 88' lang='lat' dir='ltr'><strong>simulque</strong></span> <span class='ocrx_word' id='word_1_93' title='bbox 1343 1407 1552 1447; x_wconf 88' lang='lat' dir='ltr'><strong>mecum</strong></span> <span class='ocrx_word' id='word_1_94' title='bbox 1577 1408 1757 1463; x_wconf 90' lang='lat' dir='ltr'><strong>pasce,</strong></span> <span class='ocrx_word' id='word_1_95' title='bbox 1795 1393 1974 1448; x_wconf 85' lang='lat' dir='ltr'><strong>ducet</strong></span> <span class='ocrx_word' id='word_1_96' title='bbox 2009 1392 2147 1446; x_wconf 88' lang='lat' dir='ltr'><strong>educ</strong></span> <span class='ocrx_word' id='word_1_97' title='bbox 2177 1407 2245 1445; x_wconf 90' lang='lat' dir='ltr'><strong>ne</strong></span> <span class='ocrx_word' id='word_1_98' title='bbox 2264 1392 2328 1444; x_wconf 91' lang='lat' dir='ltr'><strong>ad</strong></span> 
     </span>
    </p>
   </div>
   <div class='ocr_carea' id='block_1_16' title="bbox 767 1484 2328 1554">
    <p class='ocr_par' dir='ltr' id='par_1_16' title="bbox 767 1484 2328 1554">
     <span class='ocr_line' id='line_1_16' title="bbox 767 1484 2328 1554; baseline 0.001 -16"><span class='ocrx_word' id='word_1_99' title='bbox 767 1486 998 1541; x_wconf 86' lang='lat' dir='ltr'><strong>aliorum</strong></span> <span class='ocrx_word' id='word_1_100' title='bbox 1036 1501 1258 1554; x_wconf 85' lang='lat' dir='ltr'><strong>operum</strong></span> <span class='ocrx_word' id='word_1_101' title='bbox 1304 1486 1571 1539; x_wconf 85' lang='lat' dir='ltr'><strong>rationem</strong></span> <span class='ocrx_word' id='word_1_102' title='bbox 1627 1498 1882 1554; x_wconf 84' lang='lat' dir='ltr'><strong>supremo</strong></span> <span class='ocrx_word' id='word_1_103' title='bbox 1916 1484 2009 1537; x_wconf 90' lang='lat' dir='ltr'><strong>illo</strong></span> <span class='ocrx_word' id='word_1_104' title='bbox 2060 1485 2328 1548; x_wconf 78' lang='lat' dir='ltr'><strong>examine,</strong></span> 
     </span>
    </p>
   </div>
   <div class='ocr_carea' id='block_1_17' title="bbox 769 1574 2329 1645">
    <p class='ocr_par' dir='ltr' id='par_1_17' title="bbox 769 1574 2329 1645">
     <span class='ocr_line' id='line_1_17' title="bbox 769 1574 2329 1645; baseline 0.003 -17"><span class='ocrx_word' id='word_1_105' title='bbox 769 1577 1133 1629; x_wconf 80' lang='lat' dir='ltr'><strong>damnationis</strong></span> <span class='ocrx_word' id='word_1_106' title='bbox 1192 1584 1376 1630; x_wconf 85' lang='lat' dir='ltr'><strong>reatus</strong></span> <span class='ocrx_word' id='word_1_107' title='bbox 1427 1587 1648 1645; x_wconf 86' lang='lat' dir='ltr'><strong>propter</strong></span> <span class='ocrx_word' id='word_1_108' title='bbox 1663 1574 1911 1629; x_wconf 85' lang='lat' dir='ltr'><strong>subditos</strong></span> <span class='ocrx_word' id='word_1_109' title='bbox 1938 1576 2161 1632; x_wconf 86' lang='lat' dir='ltr'><strong>accedat</strong></span> <span class='ocrx_word' id='word_1_110' title='bbox 2192 1596 2203 1631; x_wconf 91' lang='lat'><strong>:</strong></span> <span class='ocrx_word' id='word_1_111' title='bbox 2237 1578 2329 1631; x_wconf 89' lang='lat' dir='ltr'><strong>sed</strong></span> 
     </span>
    </p>
   </div>
   <div class='ocr_carea' id='block_1_18' title="bbox 770 1668 2329 1732">
    <p class='ocr_par' dir='ltr' id='par_1_18' title="bbox 770 1668 2329 1732">
     <span class='ocr_line' id='line_1_18' title="bbox 770 1668 2329 1732; baseline 0 -12"><span class='ocrx_word' id='word_1_112' title='bbox 770 1676 829 1720; x_wconf 92' lang='lat' dir='ltr'><strong>ut</strong></span> <span class='ocrx_word' id='word_1_113' title='bbox 863 1684 1052 1724; x_wconf 88' lang='lat' dir='ltr'><strong>omnes</strong></span> <span class='ocrx_word' id='word_1_114' title='bbox 1082 1669 1227 1725; x_wconf 82' lang='lat' dir='ltr'><strong>sicut</strong></span> <span class='ocrx_word' id='word_1_115' title='bbox 1266 1669 1373 1732; x_wconf 89' lang='lat' dir='ltr'><strong>hic,</strong></span> <span class='ocrx_word' id='word_1_116' title='bbox 1416 1670 1489 1723; x_wconf 89' lang='lat' dir='ltr'><strong>ita</strong></span> <span class='ocrx_word' id='word_1_117' title='bbox 1538 1677 1591 1723; x_wconf 88' lang='lat' dir='ltr'><strong>et.</strong></span> <span class='ocrx_word' id='word_1_118' title='bbox 1635 1668 1705 1723; x_wconf 88' lang='lat' dir='ltr'><strong>ibi</strong></span> <span class='ocrx_word' id='word_1_119' title='bbox 1744 1668 2113 1724; x_wconf 86' lang='lat' dir='ltr'><strong>indesinenter</strong></span> <span class='ocrx_word' id='word_1_120' title='bbox 2136 1670 2329 1724; x_wconf 81' lang='lat' dir='ltr'><strong>festum</strong></span> 
     </span>
    </p>
   </div>
   <div class='ocr_carea' id='block_1_19' title="bbox 768 1758 2331 1831">
    <p class='ocr_par' dir='ltr' id='par_1_19' title="bbox 768 1758 2331 1831">
     <span class='ocr_line' id='line_1_19' title="bbox 768 1758 2331 1831; baseline 0.001 -20"><span class='ocrx_word' id='word_1_121' title='bbox 768 1758 910 1811; x_wconf 86' lang='lat' dir='ltr'><strong>diem</strong></span> <span class='ocrx_word' id='word_1_122' title='bbox 942 1768 1256 1828; x_wconf 83' lang='lat' dir='ltr'><strong>agamus,et</strong></span> <span class='ocrx_word' id='word_1_123' title='bbox 1283 1760 1614 1815; x_wconf 59' lang='lat' dir='ltr'><strong>collwtemur</strong></span> <span class='ocrx_word' id='word_1_124' title='bbox 1646 1761 1697 1815; x_wconf 91' lang='lat' dir='ltr'><strong>in</strong></span> <span class='ocrx_word' id='word_1_125' title='bbox 1734 1761 1823 1813; x_wconf 87' lang='lat' dir='ltr'><strong>illa</strong></span> <span class='ocrx_word' id='word_1_126' title='bbox 1846 1762 2331 1831; x_wconf 84' lang='lat' dir='ltr'><strong>primogenitorum</strong></span> 
     </span>
    </p>
   </div>
   <div class='ocr_carea' id='block_1_20' title="bbox 2421 565 3985 637">
    <p class='ocr_par' dir='ltr' id='par_1_20' title="bbox 2421 565 3985 637">
     <span class='ocr_line' id='line_1_20' title="bbox 2421 565 3985 637; baseline 0.002 -20"><span class='ocrx_word' id='word_1_127' title='bbox 2421 565 2712 635; x_wconf 85' lang='grc' dir='ltr'>τρούντων,</span> <span class='ocrx_word' id='word_1_128' title='bbox 2749 566 2840 618; x_wconf 71' lang='grc' dir='ltr'>τὸν</span> <span class='ocrx_word' id='word_1_129' title='bbox 2898 566 3166 637; x_wconf 81' lang='grc' dir='ltr'>ἡμέτερον</span> <span class='ocrx_word' id='word_1_130' title='bbox 3196 567 3310 636; x_wconf 85' lang='grc' dir='ltr'>βίον</span> <span class='ocrx_word' id='word_1_131' title='bbox 3355 566 3640 637; x_wconf 81' lang='grc' dir='ltr'><strong>διαρκέσαι</strong></span> <span class='ocrx_word' id='word_1_132' title='bbox 3665 567 3985 635; x_wconf 79' lang='grc' dir='ltr'>εὐδόκησας.</span> 
     </span>
    </p>
   </div>
   <div class='ocr_carea' id='block_1_21' title="bbox 2424 661 3991 734">
    <p class='ocr_par' dir='ltr' id='par_1_21' title="bbox 2424 661 3991 734">
     <span class='ocr_line' id='line_1_21' title="bbox 2424 661 3991 734; baseline -0.001 -19"><span class='ocrx_word' id='word_1_133' title='bbox 2424 664 2493 715; x_wconf 75' lang='grc' dir='ltr'><strong>Σὺ</strong></span> <span class='ocrx_word' id='word_1_134' title='bbox 2527 662 2573 713; x_wconf 84' lang='grc' dir='ltr'>δ’</span> <span class='ocrx_word' id='word_1_135' title='bbox 2606 662 2736 732; x_wconf 74' lang='grc' dir='ltr'>ἡμῖν</span> <span class='ocrx_word' id='word_1_136' title='bbox 2789 661 2936 730; x_wconf 86' lang='grc' dir='ltr'><strong>δοίης</strong></span> <span class='ocrx_word' id='word_1_137' title='bbox 2992 661 3112 717; x_wconf 74' lang='grc' dir='ltr'>ἀντὶ</span> <span class='ocrx_word' id='word_1_138' title='bbox 3153 662 3252 733; x_wconf 85' lang='grc' dir='ltr'>τῆς</span> <span class='ocrx_word' id='word_1_139' title='bbox 3297 662 3686 734; x_wconf 82' lang='grc' dir='ltr'>προσενέξεως,</span> <span class='ocrx_word' id='word_1_140' title='bbox 3722 664 3783 716; x_wconf 83' lang='grc' dir='ltr'><strong>ού</strong></span> <span class='ocrx_word' id='word_1_141' title='bbox 3813 663 3991 732; x_wconf 76' lang='grc' dir='ltr'>μῆκος</span> 
     </span>
    </p>
   </div>
   <div class='ocr_carea' id='block_1_22' title="bbox 2426 753 3989 826">
    <p class='ocr_par' dir='ltr' id='par_1_22' title="bbox 2426 753 3989 826">
     <span class='ocr_line' id='line_1_22' title="bbox 2426 753 3989 826; baseline -0.001 -21"><span class='ocrx_word' id='word_1_142' title='bbox 2426 754 2539 824; x_wconf 76' lang='grc' dir='ltr'>βίου</span> <span class='ocrx_word' id='word_1_143' title='bbox 2575 754 2692 824; x_wconf 84' lang='grc' dir='ltr'>(οὐχ</span> <span class='ocrx_word' id='word_1_144' title='bbox 2742 753 2912 817; x_wconf 72' lang='grc' dir='ltr'>οὓτως</span> <span class='ocrx_word' id='word_1_145' title='bbox 2959 755 3090 826; x_wconf 83' lang='grc' dir='ltr'>ἐρῶ,</span> <span class='ocrx_word' id='word_1_146' title='bbox 3120 755 3230 808; x_wconf 81' lang='grc' dir='ltr'>οὐδ’</span> <span class='ocrx_word' id='word_1_147' title='bbox 3268 755 3580 825; x_wconf 85' lang='grc' dir='ltr'>ἀκορέστως</span> <span class='ocrx_word' id='word_1_148' title='bbox 3608 753 3716 823; x_wconf 75' lang='grc' dir='ltr'>ἔχω</span> <span class='ocrx_word' id='word_1_149' title='bbox 3764 754 3865 807; x_wconf 85' lang='grc' dir='ltr'><strong>τοῦ</strong></span> <span class='ocrx_word' id='word_1_150' title='bbox 3891 754 3989 806; x_wconf 70' lang='lat' dir='ltr'><strong>di.-</strong></span> 
     </span>
    </p>
   </div>
   <div class='ocr_carea' id='block_1_23' title="bbox 2429 842 3984 919">
    <p class='ocr_par' dir='ltr' id='par_1_23' title="bbox 2429 842 3984 919">
     <span class='ocr_line' id='line_1_23' title="bbox 2429 842 3984 919; baseline 0.003 -23"><span class='ocrx_word' id='word_1_151' title='bbox 2429 842 2599 915; x_wconf 85' lang='grc' dir='ltr'>μυροῦ</span> <span class='ocrx_word' id='word_1_152' title='bbox 2647 846 2834 898; x_wconf 85' lang='grc' dir='ltr'>τούτου</span> <span class='ocrx_word' id='word_1_153' title='bbox 2888 844 3044 911; x_wconf 84' lang='grc' dir='ltr'>πλοῦ,</span> <span class='ocrx_word' id='word_1_154' title='bbox 3106 848 3198 900; x_wconf 73' lang='grc' dir='ltr'><strong>καὶ</strong></span> <span class='ocrx_word' id='word_1_155' title='bbox 3241 847 3341 915; x_wconf 85' lang='grc' dir='ltr'><strong>τῆς</strong></span> <span class='ocrx_word' id='word_1_156' title='bbox 3374 846 3611 900; x_wconf 88' lang='grc' dir='ltr'>ἐνταῦθα</span> <span class='ocrx_word' id='word_1_157' title='bbox 3632 846 3984 919; x_wconf 75' lang='grc' dir='ltr'>περιφορᾶς),</span> 
     </span>
    </p>
   </div>
   <div class='ocr_carea' id='block_1_24' title="bbox 2427 937 3991 1008">
    <p class='ocr_par' dir='ltr' id='par_1_24' title="bbox 2427 937 3991 1008">
     <span class='ocr_line' id='line_1_24' title="bbox 2427 937 3991 1008; baseline 0.001 -18"><span class='ocrx_word' id='word_1_158' title='bbox 2427 937 2541 990; x_wconf 75' lang='grc' dir='ltr'>ἀλλ’</span> <span class='ocrx_word' id='word_1_159' title='bbox 2575 938 2623 989; x_wconf 89' lang='grc' dir='ltr'><strong>εί</strong></span> <span class='ocrx_word' id='word_1_160' title='bbox 2657 938 2905 1007; x_wconf 78' lang='grc' dir='ltr'><strong>κέκριται</strong></span> <span class='ocrx_word' id='word_1_161' title='bbox 2936 937 3357 1008; x_wconf 85' lang='grc' dir='ltr'>μεταναστεύειν</span> <span class='ocrx_word' id='word_1_162' title='bbox 3410 940 3577 1008; x_wconf 76' lang='grc' dir='ltr'>ἡμᾶς,</span> <span class='ocrx_word' id='word_1_163' title='bbox 3630 939 3722 991; x_wconf 84' lang='grc' dir='ltr'><strong>τοῦ</strong></span> <span class='ocrx_word' id='word_1_164' title='bbox 3789 940 3991 1008; x_wconf 77' lang='grc' dir='ltr'>φόρτου</span> 
     </span>
    </p>
   </div>
   <div class='ocr_carea' id='block_1_25' title="bbox 2425 1028 3991 1101">
    <p class='ocr_par' dir='ltr' id='par_1_25' title="bbox 2425 1028 3991 1101">
     <span class='ocr_line' id='line_1_25' title="bbox 2425 1028 3991 1101; baseline 0.001 -20"><span class='ocrx_word' id='word_1_165' title='bbox 2425 1030 2531 1081; x_wconf 84' lang='grc' dir='ltr'><strong>τῶν</strong></span> <span class='ocrx_word' id='word_1_166' title='bbox 2579 1028 2990 1101; x_wconf 76' lang='grc' dir='ltr'><strong>ἁμαρτημάτων</strong></span> <span class='ocrx_word' id='word_1_167' title='bbox 3033 1031 3135 1100; x_wconf 84' lang='grc' dir='ltr'>τὴν</span> <span class='ocrx_word' id='word_1_168' title='bbox 3177 1030 3538 1100; x_wconf 73' lang='grc' dir='ltr'><strong>ἐλαφρότητα.</strong></span> <span class='ocrx_word' id='word_1_169' title='bbox 3574 1032 3635 1083; x_wconf 78' lang='grc' dir='ltr'><strong>Εἰ</strong></span> <span class='ocrx_word' id='word_1_170' title='bbox 3666 1031 3721 1083; x_wconf 84' lang='grc' dir='ltr'>δὲ</span> <span class='ocrx_word' id='word_1_171' title='bbox 3749 1032 3843 1085; x_wconf 73' lang='grc' dir='ltr'><strong>καὶ</strong></span> <span class='ocrx_word' id='word_1_172' title='bbox 3889 1030 3991 1092; x_wconf 78' lang='grc' dir='ltr'>ἔτι,</span> 
     </span>
    </p>
   </div>
   <div class='ocr_carea' id='block_1_26' title="bbox 2427 1120 3992 1192">
    <p class='ocr_par' dir='ltr' id='par_1_26' title="bbox 2427 1120 3992 1192">
     <span class='ocr_line' id='line_1_26' title="bbox 2427 1120 3992 1192; baseline 0.001 -20"><span class='ocrx_word' id='word_1_173' title='bbox 2427 1120 2531 1173; x_wconf 76' lang='grc' dir='ltr'>κᾶν</span> <span class='ocrx_word' id='word_1_174' title='bbox 2558 1120 2636 1182; x_wconf 85' lang='grc' dir='ltr'>εἰς</span> <span class='ocrx_word' id='word_1_175' title='bbox 2660 1120 2824 1189; x_wconf 80' lang='grc' dir='ltr'><strong>ἄχθος</strong></span> <span class='ocrx_word' id='word_1_176' title='bbox 2858 1122 3019 1182; x_wconf 79' lang='grc' dir='ltr'><strong>ἐνίοις</strong></span> <span class='ocrx_word' id='word_1_177' title='bbox 3041 1121 3101 1173; x_wconf 86' lang='grc' dir='ltr'>τό</span> <span class='ocrx_word' id='word_1_178' title='bbox 3135 1138 3218 1190; x_wconf 82' lang='grc' dir='ltr'><strong>γε,</strong></span> <span class='ocrx_word' id='word_1_179' title='bbox 3248 1123 3587 1191; x_wconf 81' lang='grc' dir='ltr'>παραμένειν</span> <span class='ocrx_word' id='word_1_180' title='bbox 3612 1122 3771 1192; x_wconf 71' lang='grc' dir='ltr'><strong>δείτῇ</strong></span> <span class='ocrx_word' id='word_1_181' title='bbox 3803 1124 3992 1191; x_wconf 78' lang='grc' dir='ltr'>σαρκὶ,</span> 
     </span>
    </p>
   </div>
   <div class='ocr_carea' id='block_1_27' title="bbox 2429 1210 3997 1285">
    <p class='ocr_par' dir='ltr' id='par_1_27' title="bbox 2429 1210 3997 1285">
     <span class='ocr_line' id='line_1_27' title="bbox 2429 1210 3997 1285; baseline 0 -21"><span class='ocrx_word' id='word_1_182' title='bbox 2429 1212 2562 1264; x_wconf 85' lang='grc' dir='ltr'><strong>ἀλλά</strong></span> <span class='ocrx_word' id='word_1_183' title='bbox 2586 1210 2648 1263; x_wconf 83' lang='grc' dir='ltr'><strong>σύ</strong></span> <span class='ocrx_word' id='word_1_184' title='bbox 2687 1229 2751 1280; x_wconf 90' lang='grc' dir='ltr'><strong>γε</strong></span> <span class='ocrx_word' id='word_1_185' title='bbox 2822 1213 3123 1285; x_wconf 77' lang='grc' dir='ltr'><strong>παράσχοις</strong></span> <span class='ocrx_word' id='word_1_186' title='bbox 3171 1213 3463 1276; x_wconf 77' lang='grc' dir='ltr'>λυσιτελῶς</span> <span class='ocrx_word' id='word_1_187' title='bbox 3525 1214 3707 1277; x_wconf 80' lang='grc' dir='ltr'>αὐτοῖς</span> <span class='ocrx_word' id='word_1_188' title='bbox 3762 1231 3846 1276; x_wconf 84' lang='grc' dir='ltr'><strong>τε,</strong></span> <span class='ocrx_word' id='word_1_189' title='bbox 3905 1213 3997 1265; x_wconf 72' lang='grc' dir='ltr'><strong>καὶ</strong></span> 
     </span>
    </p>
   </div>
   <div class='ocr_carea' id='block_1_28' title="bbox 2429 1303 3997 1375">
    <p class='ocr_par' dir='ltr' id='par_1_28' title="bbox 2429 1303 3997 1375">
     <span class='ocr_line' id='line_1_28' title="bbox 2429 1303 3997 1375; baseline 0 -20"><span class='ocrx_word' id='word_1_190' title='bbox 2429 1305 2559 1373; x_wconf 80' lang='grc' dir='ltr'>ἡμῖν</span> <span class='ocrx_word' id='word_1_191' title='bbox 2595 1304 2876 1372; x_wconf 79' lang='grc' dir='ltr'>ποιμένειν</span> <span class='ocrx_word' id='word_1_192' title='bbox 2930 1305 2991 1357; x_wconf 84' lang='grc' dir='ltr'><strong>τὸ</strong></span> <span class='ocrx_word' id='word_1_193' title='bbox 3043 1304 3313 1373; x_wconf 86' lang='grc' dir='ltr'>ποίμνιον,</span> <span class='ocrx_word' id='word_1_194' title='bbox 3376 1305 3514 1375; x_wconf 76' lang='grc' dir='ltr'>αὐτὴ</span> <span class='ocrx_word' id='word_1_195' title='bbox 3545 1304 3637 1357; x_wconf 80' lang='grc' dir='ltr'><strong>καὶ</strong></span> <span class='ocrx_word' id='word_1_196' title='bbox 3687 1303 3997 1375; x_wconf 54' lang='grc' dir='ltr'>συμποιμὰ</span> 
     </span>
    </p>
   </div>
   <div class='ocr_carea' id='block_1_29' title="bbox 2431 1391 3997 1464">
    <p class='ocr_par' dir='ltr' id='par_1_29' title="bbox 2431 1391 3997 1464">
     <span class='ocr_line' id='line_1_29' title="bbox 2431 1391 3997 1464; baseline 0.001 -20"><span class='ocrx_word' id='word_1_197' title='bbox 2431 1411 2615 1459; x_wconf 83' lang='grc' dir='ltr'><strong>νουσα,</strong></span> <span class='ocrx_word' id='word_1_198' title='bbox 2668 1394 2761 1446; x_wconf 78' lang='grc' dir='ltr'>καὶ</span> <span class='ocrx_word' id='word_1_199' title='bbox 2815 1394 3236 1461; x_wconf 81' lang='grc' dir='ltr'>συνδιεξάγουσα</span> <span class='ocrx_word' id='word_1_200' title='bbox 3264 1410 3279 1423; x_wconf 87' lang='grc'><strong>·</strong></span> <span class='ocrx_word' id='word_1_201' title='bbox 3330 1391 3406 1456; x_wconf 83' lang='grc' dir='ltr'>ὡς</span> <span class='ocrx_word' id='word_1_202' title='bbox 3429 1394 3495 1447; x_wconf 81' lang='grc' dir='ltr'>ἂν</span> <span class='ocrx_word' id='word_1_203' title='bbox 3526 1394 3599 1463; x_wconf 82' lang='grc' dir='ltr'>μὴ</span> <span class='ocrx_word' id='word_1_204' title='bbox 3637 1394 3730 1446; x_wconf 62' lang='grc' dir='ltr'><strong>ἐπὶ</strong></span> <span class='ocrx_word' id='word_1_205' title='bbox 3758 1397 3827 1464; x_wconf 83' lang='grc' dir='ltr'>τῇ</span> <span class='ocrx_word' id='word_1_206' title='bbox 3888 1392 3997 1445; x_wconf 83' lang='grc' dir='ltr'><strong>τῶν</strong></span> 
     </span>
    </p>
   </div>
   <div class='ocr_carea' id='block_1_30' title="bbox 2431 1486 3999 1557">
    <p class='ocr_par' dir='ltr' id='par_1_30' title="bbox 2431 1486 3999 1557">
     <span class='ocr_line' id='line_1_30' title="bbox 2431 1486 3999 1557; baseline 0.001 -20"><span class='ocrx_word' id='word_1_207' title='bbox 2431 1487 2607 1556; x_wconf 78' lang='grc' dir='ltr'>ἔργων</span> <span class='ocrx_word' id='word_1_208' title='bbox 2641 1486 2950 1556; x_wconf 79' lang='grc' dir='ltr'>είσπράξει,</span> <span class='ocrx_word' id='word_1_209' title='bbox 2980 1488 3120 1557; x_wconf 76' lang='grc' dir='ltr'><strong>καὶὴ</strong></span> <span class='ocrx_word' id='word_1_210' title='bbox 3149 1487 3289 1557; x_wconf 80' lang='grc' dir='ltr'>ὑπὲρ</span> <span class='ocrx_word' id='word_1_211' title='bbox 3329 1487 3555 1540; x_wconf 75' lang='grc' dir='ltr'>ἐκείνων</span> <span class='ocrx_word' id='word_1_212' title='bbox 3579 1486 3871 1557; x_wconf 84' lang='grc' dir='ltr'>προσέλθοι</span> <span class='ocrx_word' id='word_1_213' title='bbox 3898 1503 3999 1538; x_wconf 75' lang='grc' dir='ltr'>κα·</span> 
     </span>
    </p>
   </div>
   <div class='ocr_carea' id='block_1_31' title="bbox 2433 1576 4001 1649">
    <p class='ocr_par' dir='ltr' id='par_1_31' title="bbox 2433 1576 4001 1649">
     <span class='ocr_line' id='line_1_31' title="bbox 2433 1576 4001 1649; baseline 0 -20"><span class='ocrx_word' id='word_1_214' title='bbox 2433 1580 2680 1649; x_wconf 86' lang='grc' dir='ltr'>τάκρισις</span> <span class='ocrx_word' id='word_1_215' title='bbox 2715 1591 2730 1607; x_wconf 85' lang='grc'>⁶</span> <span class='ocrx_word' id='word_1_216' title='bbox 2770 1576 3016 1645; x_wconf 77' lang='grc' dir='ltr'>ἀξιοῦσα,</span> <span class='ocrx_word' id='word_1_217' title='bbox 3072 1580 3279 1643; x_wconf 79' lang='grc' dir='ltr'>πάντας</span> <span class='ocrx_word' id='word_1_218' title='bbox 3317 1578 3434 1647; x_wconf 72' lang='grc' dir='ltr'><strong>ἅμα</strong></span> <span class='ocrx_word' id='word_1_219' title='bbox 3478 1578 3753 1640; x_wconf 85' lang='grc' dir='ltr'>κακεῖθεν,</span> <span class='ocrx_word' id='word_1_220' title='bbox 3810 1576 4001 1647; x_wconf 76' lang='grc' dir='ltr'>ὥσπερ</span> 
     </span>
    </p>
   </div>
   <div class='ocr_carea' id='block_1_32' title="bbox 2434 1670 4000 1743">
    <p class='ocr_par' dir='ltr' id='par_1_32' title="bbox 2434 1670 4000 1743">
     <span class='ocr_line' id='line_1_32' title="bbox 2434 1670 4000 1743; baseline 0 -20"><span class='ocrx_word' id='word_1_221' title='bbox 2434 1675 2526 1724; x_wconf 80' lang='grc' dir='ltr'>καὶ</span> <span class='ocrx_word' id='word_1_222' title='bbox 2548 1672 2796 1726; x_wconf 81' lang='grc' dir='ltr'>ἐντεῦθεν</span> <span class='ocrx_word' id='word_1_223' title='bbox 2819 1672 3073 1742; x_wconf 85' lang='grc' dir='ltr'>ἀλήκτως</span> <span class='ocrx_word' id='word_1_224' title='bbox 3122 1673 3422 1743; x_wconf 73' lang='grc' dir='ltr'>ἑορτάζειν,</span> <span class='ocrx_word' id='word_1_225' title='bbox 3472 1674 3566 1724; x_wconf 77' lang='grc' dir='ltr'>καὶ</span> <span class='ocrx_word' id='word_1_226' title='bbox 3607 1670 4000 1742; x_wconf 76' lang='grc' dir='ltr'>συνευφραίνε-</span> 
     </span>
    </p>
   </div>
   <div class='ocr_carea' id='block_1_33' title="bbox 2438 1759 4005 1835">
    <p class='ocr_par' dir='ltr' id='par_1_33' title="bbox 2438 1759 4005 1835">
     <span class='ocr_line' id='line_1_33' title="bbox 2438 1759 4005 1835; baseline -0.002 -20"><span class='ocrx_word' id='word_1_227' title='bbox 2438 1762 2560 1816; x_wconf 77' lang='grc' dir='ltr'>σθαι</span> <span class='ocrx_word' id='word_1_228' title='bbox 2589 1765 2648 1815; x_wconf 84' lang='grc' dir='ltr'><strong>ἐν</strong></span> <span class='ocrx_word' id='word_1_229' title='bbox 2677 1766 2742 1835; x_wconf 84' lang='grc' dir='ltr'>τῇ</span> <span class='ocrx_word' id='word_1_230' title='bbox 2777 1765 3080 1835; x_wconf 82' lang='grc' dir='ltr'>πανηγύρει</span> <span class='ocrx_word' id='word_1_231' title='bbox 3112 1765 3221 1816; x_wconf 84' lang='grc' dir='ltr'><strong>τῶν</strong></span> <span class='ocrx_word' id='word_1_232' title='bbox 3253 1765 3631 1835; x_wconf 76' lang='grc' dir='ltr'>πρωτοτόκων.</span> <span class='ocrx_word' id='word_1_233' title='bbox 3660 1759 3752 1816; x_wconf 85' lang='grc' dir='ltr'>Ἐν</span> <span class='ocrx_word' id='word_1_234' title='bbox 3782 1762 4005 1833; x_wconf 81' lang='grc' dir='ltr'>Χριστῷ</span> 
     </span>
    </p>
   </div>
   <div class='ocr_carea' id='block_1_34' title="bbox 772 1814 2443 1930">
    <p class='ocr_par' dir='ltr' id='par_1_34' title="bbox 772 1814 2407 1930">
     <span class='ocr_line' id='line_1_34' title="bbox 772 1814 2407 1930; baseline 0.001 -26"><span class='ocrx_word' id='word_1_235' title='bbox 772 1850 1128 1905; x_wconf 88' lang='lat' dir='ltr'><strong>celebritate:</strong></span> <span class='ocrx_word' id='word_1_236' title='bbox 1163 1852 1215 1930; x_wconf 85' lang='lat' dir='ltr'><strong>in</strong></span> <span class='ocrx_word' id='word_1_237' title='bbox 1240 1852 1459 1906; x_wconf 83' lang='lat' dir='ltr'><strong>Christo</strong></span> <span class='ocrx_word' id='word_1_238' title='bbox 1485 1849 1613 1906; x_wconf 85' lang='lat' dir='ltr'><strong>Jesu</strong></span> <span class='ocrx_word' id='word_1_239' title='bbox 1651 1814 2141 1921; x_wconf 55' lang='lat' dir='ltr'><strong>primogenitoutuo</strong></span> <span class='ocrx_word' id='word_1_240' title='bbox 2194 1849 2333 1905; x_wconf 91' lang='lat' dir='ltr'><strong>Filio</strong></span> <span class='ocrx_word' id='word_1_241' title='bbox 2360 1814 2407 1873; x_wconf 77' lang='grc' dir='ltr'>Β</span> 
     </span>
    </p>
   </div>
   <div class='ocr_carea' id='block_1_35' title="bbox 2333 1814 4004 1930">
    <p class='ocr_par' dir='ltr' id='par_1_35' title="bbox 2360 1814 4004 1925">
     <span class='ocr_line' id='line_1_35' title="bbox 2360 1814 4004 1925; baseline 0.001 -19"><span class='ocrx_word' id='word_1_242' title='bbox 2360 1814 2407 1873; x_wconf 77' lang='grc' dir='ltr'>Β</span> <span class='ocrx_word' id='word_1_243' title='bbox 2448 1814 2851 1924; x_wconf 40' lang='lat' dir='ltr'><strong>nimi-.1533</strong></span> <span class='ocrx_word' id='word_1_244' title='bbox 2864 1814 3463 1925; x_wconf 40' lang='lat' dir='ltr'><strong>esseet-ega.</strong></span> <span class='ocrx_word' id='word_1_245' title='bbox 3479 1814 3882 1924; x_wconf 37' lang='lat' dir='ltr'><strong>genus;</strong></span> <span class='ocrx_word' id='word_1_246' title='bbox 3910 1815 4004 1922; x_wconf 65' lang='grc' dir='ltr'><strong>τῆξ</strong></span> 
     </span>
    </p>
   </div>
   <div class='ocr_carea' id='block_1_36' title="bbox 775 1942 2336 2014">
    <p class='ocr_par' dir='ltr' id='par_1_36' title="bbox 775 1942 2336 2014">
     <span class='ocr_line' id='line_1_36' title="bbox 775 1942 2336 2014; baseline 0.002 -21"><span class='ocrx_word' id='word_1_247' title='bbox 775 1957 837 1995; x_wconf 82' lang='lat' dir='ltr'><strong>ac</strong></span> <span class='ocrx_word' id='word_1_248' title='bbox 864 1942 1089 1995; x_wconf 85' lang='lat' dir='ltr'><strong>Domino</strong></span> <span class='ocrx_word' id='word_1_249' title='bbox 1106 1942 1284 1996; x_wconf 90' lang='lat' dir='ltr'><strong>omnis</strong></span> <span class='ocrx_word' id='word_1_250' title='bbox 1306 1952 1568 1997; x_wconf 67' lang='lat' dir='ltr'><strong>creatura:</strong></span> <span class='ocrx_word' id='word_1_251' title='bbox 1600 1961 1613 1995; x_wconf 92' lang='lat'><strong>:</strong></span> <span class='ocrx_word' id='word_1_252' title='bbox 1638 1958 1796 2013; x_wconf 89' lang='lat' dir='ltr'><strong>quem</strong></span> <span class='ocrx_word' id='word_1_253' title='bbox 1825 1944 1979 1997; x_wconf 88' lang='lat' dir='ltr'><strong>decet</strong></span> <span class='ocrx_word' id='word_1_254' title='bbox 2011 1944 2203 2013; x_wconf 85' lang='lat' dir='ltr'><strong>gloria,</strong></span> <span class='ocrx_word' id='word_1_255' title='bbox 2239 1958 2336 2014; x_wconf 85' lang='lat' dir='ltr'><strong>po-</strong></span> 
     </span>
    </p>
   </div>
   <div class='ocr_carea' id='block_1_37' title="bbox 770 2032 2334 2098">
    <p class='ocr_par' dir='ltr' id='par_1_37' title="bbox 770 2032 2334 2098">
     <span class='ocr_line' id='line_1_37' title="bbox 770 2032 2334 2098; baseline 0.003 -14"><span class='ocrx_word' id='word_1_256' title='bbox 770 2041 960 2098; x_wconf 84' lang='lat' dir='ltr'><strong>testas,</strong></span> <span class='ocrx_word' id='word_1_257' title='bbox 982 2032 1217 2087; x_wconf 82' lang='lat' dir='ltr'><strong>honoret</strong></span> <span class='ocrx_word' id='word_1_258' title='bbox 1238 2032 1482 2087; x_wconf 85' lang='lat' dir='ltr'><strong>adoratio</strong></span> <span class='ocrx_word' id='word_1_259' title='bbox 1500 2036 1552 2088; x_wconf 92' lang='lat' dir='ltr'><strong>in</strong></span> <span class='ocrx_word' id='word_1_260' title='bbox 1566 2036 1763 2090; x_wconf 63' lang='lat' dir='ltr'><strong>saecula</strong></span> <span class='ocrx_word' id='word_1_261' title='bbox 1782 2035 2127 2090; x_wconf 66' lang='lat' dir='ltr'><strong>saeculorum.</strong></span> <span class='ocrx_word' id='word_1_262' title='bbox 2146 2037 2334 2091; x_wconf 87' lang='lat' dir='ltr'><strong>Amen.</strong></span> 
     </span>
    </p>
   </div>
   <div class='ocr_carea' id='block_1_38' title="bbox 1349 2146 1758 2203">
    <p class='ocr_par' dir='ltr' id='par_1_38' title="bbox 1349 2146 1758 2203">
     <span class='ocr_line' id='line_1_38' title="bbox 1349 2146 1758 2203; baseline 0 0"><span class='ocrx_word' id='word_1_263' title='bbox 1349 2146 1606 2203; x_wconf 69' lang='lat' dir='ltr'><strong>ORATIO</strong></span> <span class='ocrx_word' id='word_1_264' title='bbox 1646 2148 1758 2203; x_wconf 72' lang='lat' dir='ltr'><strong>XV.</strong></span> 
     </span>
    </p>
   </div>
   <div class='ocr_carea' id='block_1_39' title="bbox 774 2262 2334 2331">
    <p class='ocr_par' dir='ltr' id='par_1_39' title="bbox 774 2262 2334 2331">
     <span class='ocr_line' id='line_1_39' title="bbox 774 2262 2334 2331; baseline -0.001 -14"><span class='ocrx_word' id='word_1_265' title='bbox 774 2262 1053 2318; x_wconf 84' lang='lat' dir='ltr'><strong>Dominica</strong></span> <span class='ocrx_word' id='word_1_266' title='bbox 1091 2274 1205 2331; x_wconf 88' lang='lat' dir='ltr'><strong>post</strong></span> <span class='ocrx_word' id='word_1_267' title='bbox 1238 2263 1599 2324; x_wconf 83' lang='lat' dir='ltr'><strong>Pentecosten,</strong></span> <span class='ocrx_word' id='word_1_268' title='bbox 1629 2265 1860 2331; x_wconf 77' lang='lat' dir='ltr'><strong>ejusdem</strong></span> <span class='ocrx_word' id='word_1_269' title='bbox 1891 2266 2014 2331; x_wconf 89' lang='lat' dir='ltr'><strong>imp.</strong></span> <span class='ocrx_word' id='word_1_270' title='bbox 2051 2264 2255 2325; x_wconf 82' lang='lat' dir='ltr'><strong>Oratio,</strong></span> <span class='ocrx_word' id='word_1_271' title='bbox 2282 2265 2334 2316; x_wconf 89' lang='lat' dir='ltr'><strong>in</strong></span> 
     </span>
    </p>
   </div>
   <div class='ocr_carea' id='block_1_40' title="bbox 843 2335 2335 2403">
    <p class='ocr_par' dir='ltr' id='par_1_40' title="bbox 843 2335 2335 2403">
     <span class='ocr_line' id='line_1_40' title="bbox 843 2335 2335 2403; baseline 0.001 -16"><span class='ocrx_word' id='word_1_272' title='bbox 843 2336 1101 2389; x_wconf 73' lang='lat' dir='ltr'><strong>universo:</strong></span> <span class='ocrx_word' id='word_1_273' title='bbox 1124 2345 1279 2387; x_wconf 75' lang='lat' dir='ltr'><strong>terra:</strong></span> <span class='ocrx_word' id='word_1_274' title='bbox 1310 2345 1522 2388; x_wconf 82' lang='lat' dir='ltr'><strong>sanctos</strong></span> <span class='ocrx_word' id='word_1_275' title='bbox 1548 2337 1836 2397; x_wconf 84' lang='lat' dir='ltr'><strong>universos,</strong></span> <span class='ocrx_word' id='word_1_276' title='bbox 1881 2335 2091 2403; x_wconf 87' lang='lat' dir='ltr'><strong>quando</strong></span> <span class='ocrx_word' id='word_1_277' title='bbox 2134 2336 2335 2403; x_wconf 80' lang='lat' dir='ltr'><strong>generis</strong></span> 
     </span>
    </p>
   </div>
   <div class='ocr_carea' id='block_1_41' title="bbox 845 2405 2338 2471">
    <p class='ocr_par' dir='ltr' id='par_1_41' title="bbox 845 2405 2338 2471">
     <span class='ocr_line' id='line_1_41' title="bbox 845 2405 2338 2471; baseline 0.001 -15"><span class='ocrx_word' id='word_1_278' title='bbox 845 2408 1013 2457; x_wconf 82' lang='lat' dir='ltr'><strong>nostri</strong></span> <span class='ocrx_word' id='word_1_279' title='bbox 1038 2405 1431 2467; x_wconf 80' lang='lat' dir='ltr'><strong>adversarium,</strong></span> <span class='ocrx_word' id='word_1_280' title='bbox 1456 2407 1563 2457; x_wconf 80' lang='lat' dir='ltr'><strong>suis</strong></span> <span class='ocrx_word' id='word_1_281' title='bbox 1596 2405 1648 2457; x_wconf 85' lang='lat' dir='ltr'><strong>in</strong></span> <span class='ocrx_word' id='word_1_282' title='bbox 1696 2406 2066 2457; x_wconf 81' lang='lat' dir='ltr'><strong>certaminibus</strong></span> <span class='ocrx_word' id='word_1_283' title='bbox 2100 2415 2338 2471; x_wconf 87' lang='lat' dir='ltr'><strong>prostra-</strong></span> 
     </span>
    </p>
   </div>
   <div class='ocr_carea' id='block_1_42' title="bbox 845 2474 2263 2542">
    <p class='ocr_par' dir='ltr' id='par_1_42' title="bbox 845 2474 2263 2542">
     <span class='ocr_line' id='line_1_42' title="bbox 845 2474 2263 2542; baseline -0.001 -14"><span class='ocrx_word' id='word_1_284' title='bbox 845 2485 1047 2542; x_wconf 77' lang='lat' dir='ltr'><strong>verunt,</strong></span> <span class='ocrx_word' id='word_1_285' title='bbox 1077 2485 1127 2529; x_wconf 88' lang='lat' dir='ltr'><strong>et</strong></span> <span class='ocrx_word' id='word_1_286' title='bbox 1148 2476 1457 2529; x_wconf 80' lang='lat' dir='ltr'><strong>universalis</strong></span> <span class='ocrx_word' id='word_1_287' title='bbox 1486 2474 1581 2529; x_wconf 84' lang='lat' dir='ltr'><strong>Dei</strong></span> <span class='ocrx_word' id='word_1_288' title='bbox 1612 2474 1853 2529; x_wconf 80' lang='lat' dir='ltr'><strong>Ecclesia</strong></span> <span class='ocrx_word' id='word_1_289' title='bbox 1873 2476 1993 2529; x_wconf 78' lang='lat' dir='ltr'><strong>illos</strong></span> <span class='ocrx_word' id='word_1_290' title='bbox 2023 2477 2263 2529; x_wconf 79' lang='lat' dir='ltr'><strong>honorat.</strong></span> 
     </span>
    </p>
   </div>
   <div class='ocr_carea' id='block_1_43' title="bbox 2435 1940 4006 2018">
    <p class='ocr_par' dir='ltr' id='par_1_43' title="bbox 2435 1940 4006 2018">
     <span class='ocr_line' id='line_1_43' title="bbox 2435 1940 4006 2018; baseline 0.001 -20"><span class='ocrx_word' id='word_1_291' title='bbox 2435 1947 2664 2009; x_wconf 80' lang='grc' dir='ltr'>κτίσεως</span> <span class='ocrx_word' id='word_1_292' title='bbox 2692 1963 2704 1975; x_wconf 93' lang='grc'><strong>·</strong></span> <span class='ocrx_word' id='word_1_293' title='bbox 2738 1940 2783 2010; x_wconf 85' lang='grc' dir='ltr'>ᾦ</span> <span class='ocrx_word' id='word_1_294' title='bbox 2820 1948 3022 2018; x_wconf 79' lang='grc' dir='ltr'>πρέπει</span> <span class='ocrx_word' id='word_1_295' title='bbox 3067 1948 3214 2012; x_wconf 78' lang='grc' dir='ltr'>δόξα,</span> <span class='ocrx_word' id='word_1_296' title='bbox 3258 1949 3481 2018; x_wconf 73' lang='grc' dir='ltr'>κράτος,</span> <span class='ocrx_word' id='word_1_297' title='bbox 3535 1948 3670 2016; x_wconf 83' lang='grc' dir='ltr'>τιμὴ</span> <span class='ocrx_word' id='word_1_298' title='bbox 3715 1946 3811 1999; x_wconf 73' lang='grc' dir='ltr'>καὶ</span> <span class='ocrx_word' id='word_1_299' title='bbox 3837 1963 4006 2016; x_wconf 84' lang='grc' dir='ltr'>προσ-</span> 
     </span>
    </p>
   </div>
   <div class='ocr_carea' id='block_1_44' title="bbox 2435 2038 3809 2110">
    <p class='ocr_par' dir='ltr' id='par_1_44' title="bbox 2435 2038 3809 2110">
     <span class='ocr_line' id='line_1_44' title="bbox 2435 2038 3809 2110; baseline 0.001 -18"><span class='ocrx_word' id='word_1_300' title='bbox 2435 2040 2658 2110; x_wconf 82' lang='grc' dir='ltr'>κύνησις</span> <span class='ocrx_word' id='word_1_301' title='bbox 2690 2042 2771 2103; x_wconf 84' lang='grc' dir='ltr'>εἰς</span> <span class='ocrx_word' id='word_1_302' title='bbox 2808 2044 2934 2105; x_wconf 84' lang='grc' dir='ltr'>τοὺς</span> <span class='ocrx_word' id='word_1_303' title='bbox 2958 2042 3160 2105; x_wconf 75' lang='grc' dir='ltr'>αἰῶνας</span> <span class='ocrx_word' id='word_1_304' title='bbox 3182 2042 3290 2094; x_wconf 89' lang='grc' dir='ltr'>τῶν</span> <span class='ocrx_word' id='word_1_305' title='bbox 3325 2039 3554 2093; x_wconf 84' lang='grc' dir='ltr'>αἰώνων.</span> <span class='ocrx_word' id='word_1_306' title='bbox 3610 2038 3809 2109; x_wconf 57' lang='grc' dir='ltr'>Ἀμήν.</span> 
     </span>
    </p>
   </div>
   <div class='ocr_carea' id='block_1_45' title="bbox 3048 2161 3390 2215">
    <p class='ocr_par' dir='ltr' id='par_1_45' title="bbox 3048 2161 3390 2215">
     <span class='ocr_line' id='line_1_45' title="bbox 3048 2161 3390 2215; baseline 0.006 -2"><span class='ocrx_word' id='word_1_307' title='bbox 3048 2161 3264 2214; x_wconf 80' lang='grc' dir='ltr'><strong>ΛΟΓΟΣ</strong></span> <span class='ocrx_word' id='word_1_308' title='bbox 3293 2164 3390 2215; x_wconf 83' lang='lat' dir='ltr'><strong>lE&#39;.</strong></span> 
     </span>
    </p>
   </div>
   <div class='ocr_carea' id='block_1_46' title="bbox 2434 2268 4007 2342">
    <p class='ocr_par' dir='ltr' id='par_1_46' title="bbox 2434 2268 4007 2342">
     <span class='ocr_line' id='line_1_46' title="bbox 2434 2268 4007 2342; baseline -0.004 -14"><span class='ocrx_word' id='word_1_309' title='bbox 2434 2273 2696 2342; x_wconf 81' lang='grc' dir='ltr'>Κυριακῇ</span> <span class='ocrx_word' id='word_1_310' title='bbox 2742 2276 2898 2341; x_wconf 83' lang='grc' dir='ltr'>μετὰ</span> <span class='ocrx_word' id='word_1_311' title='bbox 2953 2276 3067 2341; x_wconf 75' lang='grc' dir='ltr'><strong>τὴν</strong></span> <span class='ocrx_word' id='word_1_312' title='bbox 3134 2278 3579 2342; x_wconf 78' lang='grc' dir='ltr'>Πεντηκοστήν.</span> <span class='ocrx_word' id='word_1_313' title='bbox 3634 2274 3741 2329; x_wconf 86' lang='grc' dir='ltr'><strong>Τοῦ</strong></span> <span class='ocrx_word' id='word_1_314' title='bbox 3817 2268 4007 2325; x_wconf 77' lang='grc' dir='ltr'>αὑτοῦ</span> 
     </span>
    </p>
   </div>
   <div class='ocr_carea' id='block_1_47' title="bbox 2518 2343 4005 2414">
    <p class='ocr_par' dir='ltr' id='par_1_47' title="bbox 2518 2343 4005 2414">
     <span class='ocr_line' id='line_1_47' title="bbox 2518 2343 4005 2414; baseline -0.001 -18"><span class='ocrx_word' id='word_1_315' title='bbox 2518 2345 2683 2411; x_wconf 69' lang='grc' dir='ltr'>Ιόγος</span> <span class='ocrx_word' id='word_1_316' title='bbox 2702 2347 2789 2411; x_wconf 84' lang='grc' dir='ltr'><strong>είς</strong></span> <span class='ocrx_word' id='word_1_317' title='bbox 2816 2346 2958 2410; x_wconf 85' lang='grc' dir='ltr'>τοὺς</span> <span class='ocrx_word' id='word_1_318' title='bbox 2981 2346 3330 2413; x_wconf 76' lang='grc' dir='ltr'>ἁπανταχοῦ</span> <span class='ocrx_word' id='word_1_319' title='bbox 3358 2348 3461 2414; x_wconf 77' lang='grc' dir='ltr'><strong>τῆς</strong></span> <span class='ocrx_word' id='word_1_320' title='bbox 3499 2348 3705 2413; x_wconf 76' lang='grc' dir='ltr'>ἁγίους</span> <span class='ocrx_word' id='word_1_321' title='bbox 3732 2343 3966 2405; x_wconf 75' lang='grc' dir='ltr'>πάντας</span> <span class='ocrx_word' id='word_1_322' title='bbox 3992 2356 4005 2368; x_wconf 78' lang='grc'><strong><em>⁸</em></strong></span> 
     </span>
    </p>
   </div>
   <div class='ocr_carea' id='block_1_48' title="bbox 2508 2414 4012 2486">
    <p class='ocr_par' dir='ltr' id='par_1_48' title="bbox 2508 2414 4012 2486">
     <span class='ocr_line' id='line_1_48' title="bbox 2508 2414 4012 2486; baseline -0.001 -20"><span class='ocrx_word' id='word_1_323' title='bbox 2508 2414 2606 2467; x_wconf 83' lang='grc' dir='ltr'>ὅτε</span> <span class='ocrx_word' id='word_1_324' title='bbox 2638 2414 2751 2486; x_wconf 64' lang='grc' dir='ltr'><strong>τὸν</strong></span> <span class='ocrx_word' id='word_1_325' title='bbox 2801 2414 3109 2486; x_wconf 72' lang='grc' dir='ltr'>ἀλάστορα</span> <span class='ocrx_word' id='word_1_326' title='bbox 3157 2418 3263 2469; x_wconf 79' lang='grc' dir='ltr'><strong>τοῦ</strong></span> <span class='ocrx_word' id='word_1_327' title='bbox 3305 2417 3517 2486; x_wconf 75' lang='grc' dir='ltr'>γένους</span> <span class='ocrx_word' id='word_1_328' title='bbox 3543 2418 3777 2478; x_wconf 79' lang='grc' dir='ltr'>οἰκείοις</span> <span class='ocrx_word' id='word_1_329' title='bbox 3799 2414 4012 2486; x_wconf 71' lang='grc' dir='ltr'>ἄθλοις</span> 
     </span>
    </p>
   </div>
   <div class='ocr_carea' id='block_1_49' title="bbox 2510 2481 4007 2562">
    <p class='ocr_par' dir='ltr' id='par_1_49' title="bbox 2510 2481 4007 2562">
     <span class='ocr_line' id='line_1_49' title="bbox 2510 2481 4007 2562; baseline -0.002 -25"><span class='ocrx_word' id='word_1_330' title='bbox 2510 2482 2862 2562; x_wconf 71' lang='grc' dir='ltr'>κατέϐαλον,</span> <span class='ocrx_word' id='word_1_331' title='bbox 2894 2484 2991 2539; x_wconf 78' lang='grc' dir='ltr'>καὶ</span> <span class='ocrx_word' id='word_1_332' title='bbox 3031 2481 3073 2552; x_wconf 14' lang='grc' dir='ltr'><strong>κὴ</strong></span> <span class='ocrx_word' id='word_1_333' title='bbox 3106 2481 3847 2557; x_wconf 25' lang='grc' dir='ltr'>παγκόονμιοςίῈκκλησία</span> <span class='ocrx_word' id='word_1_334' title='bbox 3866 2481 4007 2534; x_wconf 83' lang='grc' dir='ltr'>τού-</span> 
     </span>
    </p>
   </div>
   <div class='ocr_carea' id='block_1_50' title="bbox 2505 2572 2829 2623">
    <p class='ocr_par' dir='ltr' id='par_1_50' title="bbox 2505 2572 2829 2623">
     <span class='ocr_line' id='line_1_50' title="bbox 2505 2572 2829 2623; baseline -0.003 -16"><span class='ocrx_word' id='word_1_335' title='bbox 2505 2572 2651 2620; x_wconf 84' lang='grc' dir='ltr'>τους</span> <span class='ocrx_word' id='word_1_336' title='bbox 2673 2572 2829 2623; x_wconf 81' lang='grc' dir='ltr'>τιμᾳ.</span> 
     </span>
    </p>
   </div>
   <div class='ocr_carea' id='block_1_51' title="bbox 1999 2661 2783 2733">
    <p class='ocr_par' dir='ltr' id='par_1_51' title="bbox 1999 2661 2783 2733">
     <span class='ocr_line' id='line_1_51' title="bbox 1999 2661 2783 2733; baseline 0.006 -18"><span class='ocrx_word' id='word_1_337' title='bbox 1999 2661 2313 2727; x_wconf 60' lang='lat' dir='ltr'><strong>(Causam,</strong></span> <span class='ocrx_word' id='word_1_338' title='bbox 2344 2671 2382 2717; x_wconf 88' lang='lat' dir='ltr'><strong>t.</strong></span> <span class='ocrx_word' id='word_1_339' title='bbox 2407 2662 2522 2727; x_wconf 82' lang='lat' dir='ltr'><strong>XV,</strong></span> <span class='ocrx_word' id='word_1_340' title='bbox 2555 2680 2607 2732; x_wconf 89' lang='lat' dir='ltr'><strong>p.</strong></span> <span class='ocrx_word' id='word_1_341' title='bbox 2635 2664 2783 2733; x_wconf 72' lang='lat'><strong>529.)</strong></span> 
     </span>
    </p>
   </div>
   <div class='ocr_carea' id='block_1_52' title="bbox 848 2755 2341 2828">
    <p class='ocr_par' dir='ltr' id='par_1_52' title="bbox 848 2755 2341 2828">
     <span class='ocr_line' id='line_1_52' title="bbox 848 2755 2341 2828; baseline -0.002 -15"><span class='ocrx_word' id='word_1_342' title='bbox 848 2761 1020 2815; x_wconf 81' lang='lat' dir='ltr'><strong>Antea</strong></span> <span class='ocrx_word' id='word_1_343' title='bbox 1056 2757 1292 2828; x_wconf 87' lang='lat' dir='ltr'><strong>Spiritus</strong></span> <span class='ocrx_word' id='word_1_344' title='bbox 1333 2756 1507 2811; x_wconf 90' lang='lat' dir='ltr'><strong>sancti</strong></span> <span class='ocrx_word' id='word_1_345' title='bbox 1540 2755 1606 2809; x_wconf 90' lang='lat' dir='ltr'><strong>ad</strong></span> <span class='ocrx_word' id='word_1_346' title='bbox 1644 2755 1890 2810; x_wconf 75' lang='lat' dir='ltr'><strong>homines</strong></span> <span class='ocrx_word' id='word_1_347' title='bbox 1930 2755 2221 2810; x_wconf 87' lang='lat' dir='ltr'><strong>adventum</strong></span> <span class='ocrx_word' id='word_1_348' title='bbox 2249 2770 2341 2810; x_wconf 90' lang='lat' dir='ltr'><strong>ce-</strong></span> 
     </span>
    </p>
   </div>
   <div class='ocr_carea' id='block_1_53' title="bbox 779 2848 2342 2919">
    <p class='ocr_par' dir='ltr' id='par_1_53' title="bbox 779 2848 2342 2919">
     <span class='ocr_line' id='line_1_53' title="bbox 779 2848 2342 2919; baseline -0.003 -13"><span class='ocrx_word' id='word_1_349' title='bbox 779 2852 1148 2915; x_wconf 89' lang='lat' dir='ltr'><strong>lebrabamus,</strong></span> <span class='ocrx_word' id='word_1_350' title='bbox 1181 2849 1357 2905; x_wconf 83' lang='lat' dir='ltr'><strong>Verbo</strong></span> <span class='ocrx_word' id='word_1_351' title='bbox 1385 2850 1493 2919; x_wconf 87' lang='lat' dir='ltr'><strong>jam</strong></span> <span class='ocrx_word' id='word_1_352' title='bbox 1527 2849 1590 2903; x_wconf 92' lang='lat' dir='ltr'><strong>ad</strong></span> <span class='ocrx_word' id='word_1_353' title='bbox 1621 2864 1847 2919; x_wconf 86' lang='lat' dir='ltr'><strong>superas</strong></span> <span class='ocrx_word' id='word_1_354' title='bbox 1883 2850 2041 2905; x_wconf 89' lang='lat' dir='ltr'><strong>sedes</strong></span> <span class='ocrx_word' id='word_1_355' title='bbox 2077 2848 2342 2917; x_wconf 76' lang='lat' dir='ltr'><strong>proiecto.</strong></span> 
     </span>
    </p>
   </div>
   <div class='ocr_carea' id='block_1_54' title="bbox 780 2941 2344 2998">
    <p class='ocr_par' dir='ltr' id='par_1_54' title="bbox 780 2941 2344 2998">
     <span class='ocr_line' id='line_1_54' title="bbox 780 2941 2344 2998; baseline -0.003 -1"><span class='ocrx_word' id='word_1_356' title='bbox 780 2942 939 2998; x_wconf 80' lang='lat' dir='ltr'><strong>Nunc</strong></span> <span class='ocrx_word' id='word_1_357' title='bbox 976 2943 1172 2998; x_wconf 82' lang='lat' dir='ltr'><strong>festum</strong></span> <span class='ocrx_word' id='word_1_358' title='bbox 1207 2942 1352 2997; x_wconf 89' lang='lat' dir='ltr'><strong>diem</strong></span> <span class='ocrx_word' id='word_1_359' title='bbox 1378 2942 1534 2996; x_wconf 82' lang='lat' dir='ltr'><strong>nobis</strong></span> <span class='ocrx_word' id='word_1_360' title='bbox 1567 2942 1911 2995; x_wconf 88' lang='lat' dir='ltr'><strong>constituunt</strong></span> <span class='ocrx_word' id='word_1_361' title='bbox 1941 2941 2177 2994; x_wconf 88' lang='lat' dir='ltr'><strong>ministri</strong></span> <span class='ocrx_word' id='word_1_362' title='bbox 2231 2956 2344 2993; x_wconf 87' lang='lat' dir='ltr'><strong>ser-</strong></span> 
     </span>
    </p>
   </div>
   <div class='ocr_carea' id='block_1_55' title="bbox 781 3032 2343 3102">
    <p class='ocr_par' dir='ltr' id='par_1_55' title="bbox 781 3032 2343 3102">
     <span class='ocr_line' id='line_1_55' title="bbox 781 3032 2343 3102; baseline -0.003 -15"><span class='ocrx_word' id='word_1_363' title='bbox 781 3033 981 3097; x_wconf 87' lang='lat' dir='ltr'><strong>monis,</strong></span> <span class='ocrx_word' id='word_1_364' title='bbox 1013 3034 1105 3102; x_wconf 91' lang='lat' dir='ltr'><strong>qui</strong></span> <span class='ocrx_word' id='word_1_365' title='bbox 1136 3034 1302 3086; x_wconf 82' lang='lat' dir='ltr'><strong>variis</strong></span> <span class='ocrx_word' id='word_1_366' title='bbox 1340 3033 1627 3087; x_wconf 83' lang='lat' dir='ltr'><strong>tormentis</strong></span> <span class='ocrx_word' id='word_1_367' title='bbox 1656 3047 1889 3102; x_wconf 85' lang='lat' dir='ltr'><strong>corpore</strong></span> <span class='ocrx_word' id='word_1_368' title='bbox 1918 3047 2018 3086; x_wconf 84' lang='lat' dir='ltr'><strong>suo</strong></span> <span class='ocrx_word' id='word_1_369' title='bbox 2044 3032 2343 3086; x_wconf 79' lang='lat' dir='ltr'><strong>excruciati</strong></span> 
     </span>
    </p>
   </div>
   <div class='ocr_carea' id='block_1_56' title="bbox 2512 2754 4015 2830">
    <p class='ocr_par' dir='ltr' id='par_1_56' title="bbox 2512 2754 4015 2830">
     <span class='ocr_line' id='line_1_56' title="bbox 2512 2754 4015 2830; baseline -0.004 -19"><span class='ocrx_word' id='word_1_370' title='bbox 2512 2758 2783 2830; x_wconf 83' lang='grc' dir='ltr'>Πρότερον</span> <span class='ocrx_word' id='word_1_371' title='bbox 2818 2760 2850 2827; x_wconf 85' lang='grc' dir='ltr'><strong>ἡ</strong></span> <span class='ocrx_word' id='word_1_372' title='bbox 2884 2758 2975 2811; x_wconf 86' lang='grc' dir='ltr'><strong>τοῦ</strong></span> <span class='ocrx_word' id='word_1_373' title='bbox 3013 2760 3277 2827; x_wconf 82' lang='grc' dir='ltr'>παναγίου</span> <span class='ocrx_word' id='word_1_374' title='bbox 3314 2758 3630 2828; x_wconf 85' lang='grc' dir='ltr'>Πνεῦματος</span> <span class='ocrx_word' id='word_1_375' title='bbox 3681 2754 4015 2825; x_wconf 77' lang='grc' dir='ltr'>ἐπανηγυρί-</span> 
     </span>
    </p>
   </div>
   <div class='ocr_carea' id='block_1_57' title="bbox 2442 2846 4016 2919">
    <p class='ocr_par' dir='ltr' id='par_1_57' title="bbox 2442 2846 4016 2919">
     <span class='ocr_line' id='line_1_57' title="bbox 2442 2846 4016 2919; baseline -0.004 -17"><span class='ocrx_word' id='word_1_376' title='bbox 2442 2848 2564 2911; x_wconf 77' lang='grc' dir='ltr'>ζετο</span> <span class='ocrx_word' id='word_1_377' title='bbox 2604 2851 2739 2919; x_wconf 86' lang='grc' dir='ltr'>πρὸς</span> <span class='ocrx_word' id='word_1_378' title='bbox 2766 2850 3086 2918; x_wconf 80' lang='grc' dir='ltr'>ἀνθρώπους</span> <span class='ocrx_word' id='word_1_379' title='bbox 3131 2850 3415 2919; x_wconf 75' lang='grc' dir='ltr'>ἐπιδημία,</span> <span class='ocrx_word' id='word_1_380' title='bbox 3467 2851 3569 2919; x_wconf 79' lang='grc' dir='ltr'>ἥδη</span> <span class='ocrx_word' id='word_1_381' title='bbox 3592 2847 3688 2901; x_wconf 90' lang='grc' dir='ltr'><strong>τοῦ</strong></span> <span class='ocrx_word' id='word_1_382' title='bbox 3716 2848 3893 2914; x_wconf 82' lang='grc' dir='ltr'>Λόγου</span> <span class='ocrx_word' id='word_1_383' title='bbox 3915 2846 4016 2914; x_wconf 79' lang='grc' dir='ltr'><strong>τὴν</strong></span> 
     </span>
    </p>
   </div>
   <div class='ocr_carea' id='block_1_58' title="bbox 2442 2941 4013 3012">
    <p class='ocr_par' dir='ltr' id='par_1_58' title="bbox 2442 2941 4013 3012">
     <span class='ocr_line' id='line_1_58' title="bbox 2442 2941 4013 3012; baseline -0.003 -19"><span class='ocrx_word' id='word_1_384' title='bbox 2442 2943 2522 3002; x_wconf 83' lang='grc' dir='ltr'>εἰς</span> <span class='ocrx_word' id='word_1_385' title='bbox 2552 2942 2811 3012; x_wconf 80' lang='grc' dir='ltr'>οὐρανοὺς</span> <span class='ocrx_word' id='word_1_386' title='bbox 2837 2942 3022 2997; x_wconf 85' lang='grc' dir='ltr'>ἄνοδον</span> <span class='ocrx_word' id='word_1_387' title='bbox 3053 2942 3440 3010; x_wconf 84' lang='grc' dir='ltr'>τελεσαμένου.</span> <span class='ocrx_word' id='word_1_388' title='bbox 3475 2941 3590 3010; x_wconf 70' lang='grc' dir='ltr'>Νῦν</span> <span class='ocrx_word' id='word_1_389' title='bbox 3613 2942 3745 3009; x_wconf 78' lang='grc' dir='ltr'>ἡμῖν</span> <span class='ocrx_word' id='word_1_390' title='bbox 3776 2954 4013 3007; x_wconf 83' lang='grc' dir='ltr'>συγκρο-</span> 
     </span>
    </p>
   </div>
   <div class='ocr_carea' id='block_1_59' title="bbox 2441 3020 4013 3105">
    <p class='ocr_par' dir='ltr' id='par_1_59' title="bbox 2441 3020 4013 3105">
     <span class='ocr_line' id='line_1_59' title="bbox 2441 3020 4013 3105; baseline -0.003 -21"><span class='ocrx_word' id='word_1_391' title='bbox 2441 3033 2595 3085; x_wconf 82' lang='grc' dir='ltr'>τοῦσι</span> <span class='ocrx_word' id='word_1_392' title='bbox 2622 3020 2723 3103; x_wconf 86' lang='grc' dir='ltr'><strong>τῆς</strong></span> <span class='ocrx_word' id='word_1_393' title='bbox 2772 3035 2968 3103; x_wconf 81' lang='grc' dir='ltr'>ἑορτῆς</span> <span class='ocrx_word' id='word_1_394' title='bbox 3023 3034 3122 3105; x_wconf 84' lang='grc' dir='ltr'><strong>τὴν</strong></span> <span class='ocrx_word' id='word_1_395' title='bbox 3179 3034 3438 3086; x_wconf 79' lang='grc' dir='ltr'>ὑπόθεσιν</span> <span class='ocrx_word' id='word_1_396' title='bbox 3481 3034 3529 3085; x_wconf 76' lang='lat' dir='ltr'><strong>oi</strong></span> <span class='ocrx_word' id='word_1_397' title='bbox 3584 3031 3859 3101; x_wconf 79' lang='grc' dir='ltr'>ὑπηρέται</span> <span class='ocrx_word' id='word_1_398' title='bbox 3918 3027 4013 3081; x_wconf 81' lang='grc' dir='ltr'><strong>τοῦ</strong></span> 
     </span>
    </p>
   </div>
   <div class='ocr_carea' id='block_1_60' title="bbox 783 3124 2454 3211">
    <p class='ocr_par' dir='ltr' id='par_1_60' title="bbox 783 3124 2454 3211">
     <span class='ocr_line' id='line_1_60' title="bbox 783 3124 2454 3211; baseline -0.001 -33"><span class='ocrx_word' id='word_1_399' title='bbox 783 3135 934 3185; x_wconf 90' lang='lat' dir='ltr'><strong>sunt,</strong></span> <span class='ocrx_word' id='word_1_400' title='bbox 967 3133 1026 3177; x_wconf 90' lang='lat' dir='ltr'><strong>ut</strong></span> <span class='ocrx_word' id='word_1_401' title='bbox 1048 3124 1243 3177; x_wconf 73' lang='lat' dir='ltr'><strong>animm</strong></span> <span class='ocrx_word' id='word_1_402' title='bbox 1287 3125 1481 3179; x_wconf 85' lang='lat' dir='ltr'><strong>stolam</strong></span> <span class='ocrx_word' id='word_1_403' title='bbox 1524 3125 1781 3178; x_wconf 87' lang='lat' dir='ltr'><strong>intactam</strong></span> <span class='ocrx_word' id='word_1_404' title='bbox 1810 3124 2175 3179; x_wconf 85' lang='lat' dir='ltr'><strong>custodirent.</strong></span> <span class='ocrx_word' id='word_1_405' title='bbox 2218 3124 2343 3177; x_wconf 87' lang='lat' dir='ltr'><strong>Heri</strong></span> <span class='ocrx_word' id='word_1_406' title='bbox 2373 3154 2417 3211; x_wconf 75' lang='lat' dir='ltr'><strong><em>C</em></strong></span> <span class='ocrx_word' id='word_1_407' title='bbox 2448 3124 2454 3176; x_wconf 75' lang='grc' dir='ltr'>ἰ</span> 
     </span>
    </p>
   </div>
   <div class='ocr_carea' id='block_1_61' title="bbox 2347 3124 4018 3211">
    <p class='ocr_par' dir='ltr' id='par_1_61' title="bbox 2373 3124 4018 3211">
     <span class='ocr_line' id='line_1_61' title="bbox 2373 3124 4018 3211; baseline -0.003 -35"><span class='ocrx_word' id='word_1_408' title='bbox 2373 3154 2417 3211; x_wconf 77' lang='lat' dir='ltr'><strong><em>C</em></strong></span> <span class='ocrx_word' id='word_1_409' title='bbox 2448 3124 2607 3191; x_wconf 79' lang='grc' dir='ltr'>λόγου</span> <span class='ocrx_word' id='word_1_410' title='bbox 2654 3125 2929 3189; x_wconf 81' lang='grc' dir='ltr'>ποικίλαις</span> <span class='ocrx_word' id='word_1_411' title='bbox 2972 3126 3222 3196; x_wconf 81' lang='grc' dir='ltr'>βασάνων</span> <span class='ocrx_word' id='word_1_412' title='bbox 3268 3125 3439 3188; x_wconf 78' lang='grc' dir='ltr'>ἰδέαις</span> <span class='ocrx_word' id='word_1_413' title='bbox 3463 3126 3553 3178; x_wconf 87' lang='grc' dir='ltr'><strong>τὸν</strong></span> <span class='ocrx_word' id='word_1_414' title='bbox 3576 3125 3903 3195; x_wconf 83' lang='grc' dir='ltr'>δερμάτινον</span> <span class='ocrx_word' id='word_1_415' title='bbox 3933 3139 4018 3188; x_wconf 82' lang='grc' dir='ltr'>χι-</span> 
     </span>
    </p>
   </div>
   <div class='ocr_carea' id='block_1_62' title="bbox 783 3214 2346 3287">
    <p class='ocr_par' dir='ltr' id='par_1_62' title="bbox 783 3214 2346 3287">
     <span class='ocr_line' id='line_1_62' title="bbox 783 3214 2346 3287; baseline 0.002 -19"><span class='ocrx_word' id='word_1_416' title='bbox 783 3230 1001 3268; x_wconf 88' lang='lat' dir='ltr'><strong>sacrum</strong></span> <span class='ocrx_word' id='word_1_417' title='bbox 1042 3216 1189 3269; x_wconf 89' lang='lat' dir='ltr'><strong>diem</strong></span> <span class='ocrx_word' id='word_1_418' title='bbox 1222 3216 1430 3285; x_wconf 83' lang='lat' dir='ltr'><strong>egimus</strong></span> <span class='ocrx_word' id='word_1_419' title='bbox 1470 3214 1773 3280; x_wconf 85' lang='lat' dir='ltr'><strong>Paraeleto,</strong></span> <span class='ocrx_word' id='word_1_420' title='bbox 1824 3216 1916 3284; x_wconf 86' lang='lat' dir='ltr'><strong>qui</strong></span> <span class='ocrx_word' id='word_1_421' title='bbox 1972 3216 2038 3270; x_wconf 89' lang='lat' dir='ltr'><strong>ad</strong></span> <span class='ocrx_word' id='word_1_422' title='bbox 2069 3217 2346 3287; x_wconf 85' lang='lat' dir='ltr'><strong>apostolos</strong></span> 
     </span>
    </p>
   </div>
   <div class='ocr_carea' id='block_1_63' title="bbox 784 3307 2346 3378">
    <p class='ocr_par' dir='ltr' id='par_1_63' title="bbox 784 3307 2346 3378">
     <span class='ocr_line' id='line_1_63' title="bbox 784 3307 2346 3378; baseline 0.001 -18"><span class='ocrx_word' id='word_1_423' title='bbox 784 3307 1087 3369; x_wconf 83' lang='lat' dir='ltr'><strong>descendit,</strong></span> <span class='ocrx_word' id='word_1_424' title='bbox 1120 3314 1173 3361; x_wconf 90' lang='lat' dir='ltr'><strong>et</strong></span> <span class='ocrx_word' id='word_1_425' title='bbox 1199 3322 1295 3375; x_wconf 88' lang='lat' dir='ltr'><strong>per</strong></span> <span class='ocrx_word' id='word_1_426' title='bbox 1322 3307 1467 3375; x_wconf 90' lang='lat' dir='ltr'><strong>ipsos</strong></span> <span class='ocrx_word' id='word_1_427' title='bbox 1502 3308 1645 3360; x_wconf 79' lang='lat' dir='ltr'><strong>velut</strong></span> <span class='ocrx_word' id='word_1_428' title='bbox 1671 3310 1999 3378; x_wconf 86' lang='lat' dir='ltr'><strong>perennibus</strong></span> <span class='ocrx_word' id='word_1_429' title='bbox 2023 3310 2346 3378; x_wconf 89' lang='lat' dir='ltr'><strong>quibusdam</strong></span> 
     </span>
    </p>
   </div>
   <div class='ocr_carea' id='block_1_64' title="bbox 782 3400 2349 3471">
    <p class='ocr_par' dir='ltr' id='par_1_64' title="bbox 782 3400 2349 3471">
     <span class='ocr_line' id='line_1_64' title="bbox 782 3400 2349 3471; baseline 0.002 -17"><span class='ocrx_word' id='word_1_430' title='bbox 782 3401 962 3455; x_wconf 80' lang='lat' dir='ltr'><strong>ﬂuviis</strong></span> <span class='ocrx_word' id='word_1_431' title='bbox 991 3408 1163 3455; x_wconf 86' lang='lat' dir='ltr'><strong>totum</strong></span> <span class='ocrx_word' id='word_1_432' title='bbox 1188 3409 1456 3454; x_wconf 90' lang='lat' dir='ltr'><strong>terrarum</strong></span> <span class='ocrx_word' id='word_1_433' title='bbox 1481 3401 1669 3454; x_wconf 87' lang='lat' dir='ltr'><strong>orbem</strong></span> <span class='ocrx_word' id='word_1_434' title='bbox 1706 3402 1973 3471; x_wconf 79' lang='lat' dir='ltr'><strong>irrigarit.</strong></span> <span class='ocrx_word' id='word_1_435' title='bbox 2007 3400 2175 3457; x_wconf 88' lang='lat' dir='ltr'><strong>llodie</strong></span> <span class='ocrx_word' id='word_1_436' title='bbox 2196 3416 2349 3457; x_wconf 82' lang='lat' dir='ltr'><strong>reco-</strong></span> 
     </span>
    </p>
   </div>
   <div class='ocr_carea' id='block_1_65' title="bbox 784 3492 2347 3563">
    <p class='ocr_par' dir='ltr' id='par_1_65' title="bbox 784 3492 2347 3563">
     <span class='ocr_line' id='line_1_65' title="bbox 784 3492 2347 3563; baseline -0.001 -16"><span class='ocrx_word' id='word_1_437' title='bbox 784 3495 949 3549; x_wconf 89' lang='lat' dir='ltr'><strong>limus</strong></span> <span class='ocrx_word' id='word_1_438' title='bbox 986 3494 1323 3548; x_wconf 79' lang='lat' dir='ltr'><strong>immortales</strong></span> <span class='ocrx_word' id='word_1_439' title='bbox 1341 3492 1461 3546; x_wconf 88' lang='lat' dir='ltr'><strong>illos</strong></span> <span class='ocrx_word' id='word_1_440' title='bbox 1492 3493 1767 3558; x_wconf 84' lang='lat' dir='ltr'><strong>ﬂosculos,</strong></span> <span class='ocrx_word' id='word_1_441' title='bbox 1794 3503 2077 3563; x_wconf 76' lang='lat' dir='ltr'><strong>martyres,</strong></span> <span class='ocrx_word' id='word_1_442' title='bbox 2105 3495 2347 3562; x_wconf 88' lang='lat' dir='ltr'><strong>inquam,</strong></span> 
     </span>
    </p>
   </div>
   <div class='ocr_carea' id='block_1_66' title="bbox 784 3584 2350 3654">
    <p class='ocr_par' dir='ltr' id='par_1_66' title="bbox 784 3584 2350 3654">
     <span class='ocr_line' id='line_1_66' title="bbox 784 3584 2350 3654; baseline 0.001 -16"><span class='ocrx_word' id='word_1_443' title='bbox 784 3600 922 3654; x_wconf 89' lang='lat' dir='ltr'><strong>quos</strong></span> <span class='ocrx_word' id='word_1_444' title='bbox 968 3597 1111 3639; x_wconf 88' lang='lat' dir='ltr'><strong>terra</strong></span> <span class='ocrx_word' id='word_1_445' title='bbox 1158 3584 1375 3652; x_wconf 87' lang='lat' dir='ltr'><strong>quidem</strong></span> <span class='ocrx_word' id='word_1_446' title='bbox 1425 3584 1698 3647; x_wconf 85' lang='lat' dir='ltr'><strong>submisit,</strong></span> <span class='ocrx_word' id='word_1_447' title='bbox 1735 3592 1789 3635; x_wconf 90' lang='lat' dir='ltr'><strong>at.</strong></span> <span class='ocrx_word' id='word_1_448' title='bbox 1822 3585 2019 3638; x_wconf 67' lang='lat' dir='ltr'><strong>omium</strong></span> <span class='ocrx_word' id='word_1_449' title='bbox 2053 3584 2162 3652; x_wconf 78' lang='lat' dir='ltr'><strong>jam</strong></span> <span class='ocrx_word' id='word_1_450' title='bbox 2198 3598 2350 3640; x_wconf 83' lang='lat' dir='ltr'><strong>rece-</strong></span> 
     </span>
    </p>
   </div>
   <div class='ocr_carea' id='block_1_67' title="bbox 785 3674 2349 3748">
    <p class='ocr_par' dir='ltr' id='par_1_67' title="bbox 785 3674 2349 3748">
     <span class='ocr_line' id='line_1_67' title="bbox 785 3674 2349 3748; baseline -0.001 -18"><span class='ocrx_word' id='word_1_451' title='bbox 785 3680 886 3748; x_wconf 85' lang='lat' dir='ltr'><strong>pit.</strong></span> <span class='ocrx_word' id='word_1_452' title='bbox 926 3677 1027 3732; x_wconf 89' lang='lat' dir='ltr'><strong>Sed</strong></span> <span class='ocrx_word' id='word_1_453' title='bbox 1061 3692 1184 3746; x_wconf 65' lang='lat' dir='ltr'><strong>quaa</strong></span> <span class='ocrx_word' id='word_1_454' title='bbox 1240 3676 1421 3745; x_wconf 78' lang='lat' dir='ltr'><strong>lingua</strong></span> <span class='ocrx_word' id='word_1_455' title='bbox 1456 3675 1539 3730; x_wconf 92' lang='lat' dir='ltr'><strong>his</strong></span> <span class='ocrx_word' id='word_1_456' title='bbox 1574 3675 1934 3730; x_wconf 81' lang='lat' dir='ltr'><strong>dccantandis</strong></span> <span class='ocrx_word' id='word_1_457' title='bbox 1975 3674 2108 3730; x_wconf 86' lang='lat' dir='ltr'><strong>satis</strong></span> <span class='ocrx_word' id='word_1_458' title='bbox 2137 3685 2221 3729; x_wconf 88' lang='lat' dir='ltr'><strong>est</strong></span> <span class='ocrx_word' id='word_1_459' title='bbox 2258 3691 2349 3729; x_wconf 84' lang='lat' dir='ltr'><strong>so—</strong></span> 
     </span>
    </p>
   </div>
   <div class='ocr_carea' id='block_1_68' title="bbox 787 3765 2350 3837">
    <p class='ocr_par' dir='ltr' id='par_1_68' title="bbox 787 3765 2350 3837">
     <span class='ocr_line' id='line_1_68' title="bbox 787 3765 2350 3837; baseline 0 -15"><span class='ocrx_word' id='word_1_460' title='bbox 787 3769 959 3823; x_wconf 90' lang='lat' dir='ltr'><strong>nora?</strong></span> <span class='ocrx_word' id='word_1_461' title='bbox 983 3785 1104 3837; x_wconf 79' lang='lat' dir='ltr'><strong>qua:</strong></span> <span class='ocrx_word' id='word_1_462' title='bbox 1144 3783 1299 3823; x_wconf 86' lang='lat' dir='ltr'><strong>mens</strong></span> <span class='ocrx_word' id='word_1_463' title='bbox 1327 3768 1462 3821; x_wconf 89' lang='lat' dir='ltr'><strong>satis</strong></span> <span class='ocrx_word' id='word_1_464' title='bbox 1492 3767 1721 3821; x_wconf 85' lang='lat' dir='ltr'><strong>idonea?</strong></span> <span class='ocrx_word' id='word_1_465' title='bbox 1749 3765 1901 3832; x_wconf 87' lang='lat' dir='ltr'><strong>Quod</strong></span> <span class='ocrx_word' id='word_1_466' title='bbox 1926 3766 1971 3820; x_wconf 91' lang='lat' dir='ltr'><strong>si</strong></span> <span class='ocrx_word' id='word_1_467' title='bbox 2003 3781 2107 3835; x_wconf 88' lang='lat' dir='ltr'><strong>qua</strong></span> <span class='ocrx_word' id='word_1_468' title='bbox 2142 3768 2350 3836; x_wconf 78' lang='lat' dir='ltr'><strong>angelis</strong></span> 
     </span>
    </p>
   </div>
   <div class='ocr_carea' id='block_1_69' title="bbox 786 3854 2349 3930">
    <p class='ocr_par' dir='ltr' id='par_1_69' title="bbox 786 3854 2349 3930">
     <span class='ocr_line' id='line_1_69' title="bbox 786 3854 2349 3930; baseline 0.002 -19"><span class='ocrx_word' id='word_1_469' title='bbox 786 3869 871 3914; x_wconf 82' lang='lat' dir='ltr'><strong>est</strong></span> <span class='ocrx_word' id='word_1_470' title='bbox 936 3861 1142 3930; x_wconf 83' lang='lat' dir='ltr'><strong>lingua,</strong></span> <span class='ocrx_word' id='word_1_471' title='bbox 1203 3875 1322 3913; x_wconf 80' lang='lat' dir='ltr'><strong>eam</strong></span> <span class='ocrx_word' id='word_1_472' title='bbox 1358 3854 1642 3927; x_wconf 76' lang='lat' dir='ltr'><strong>oportebat</strong></span> <span class='ocrx_word' id='word_1_473' title='bbox 1678 3859 1867 3910; x_wconf 92' lang='lat' dir='ltr'><strong>horum</strong></span> <span class='ocrx_word' id='word_1_474' title='bbox 1932 3857 2119 3912; x_wconf 86' lang='lat' dir='ltr'><strong>laudes</strong></span> <span class='ocrx_word' id='word_1_475' title='bbox 2149 3868 2349 3914; x_wconf 75' lang='lat' dir='ltr'><strong>texere.</strong></span> 
     </span>
    </p>
   </div>
   <div class='ocr_carea' id='block_1_70' title="bbox 788 3949 2351 4021">
    <p class='ocr_par' dir='ltr' id='par_1_70' title="bbox 788 3949 2351 4021">
     <span class='ocr_line' id='line_1_70' title="bbox 788 3949 2351 4021; baseline -0.004 -13"><span class='ocrx_word' id='word_1_476' title='bbox 788 3956 884 4009; x_wconf 88' lang='lat' dir='ltr'><strong>llis</strong></span> <span class='ocrx_word' id='word_1_477' title='bbox 921 3954 1065 4009; x_wconf 90' lang='lat' dir='ltr'><strong>enim</strong></span> <span class='ocrx_word' id='word_1_478' title='bbox 1119 3953 1211 4021; x_wconf 90' lang='lat' dir='ltr'><strong>qui</strong></span> <span class='ocrx_word' id='word_1_479' title='bbox 1260 3954 1459 4004; x_wconf 88' lang='lat' dir='ltr'><strong>lnctam</strong></span> <span class='ocrx_word' id='word_1_480' title='bbox 1501 3966 1665 4019; x_wconf 89' lang='lat' dir='ltr'><strong>supra</strong></span> <span class='ocrx_word' id='word_1_481' title='bbox 1720 3961 1928 4002; x_wconf 74' lang='lat' dir='ltr'><strong>natura:</strong></span> <span class='ocrx_word' id='word_1_482' title='bbox 1976 3951 2120 4004; x_wconf 80' lang='lat' dir='ltr'><strong>vires</strong></span> <span class='ocrx_word' id='word_1_483' title='bbox 2166 3949 2351 4002; x_wconf 87' lang='lat' dir='ltr'><strong>luctati</strong></span> 
     </span>
    </p>
   </div>
   <div class='ocr_carea' id='block_1_71' title="bbox 789 4042 2353 4113">
    <p class='ocr_par' dir='ltr' id='par_1_71' title="bbox 789 4042 2353 4113">
     <span class='ocr_line' id='line_1_71' title="bbox 789 4042 2353 4113; baseline -0.004 -14"><span class='ocrx_word' id='word_1_484' title='bbox 789 4054 941 4109; x_wconf 91' lang='lat' dir='ltr'><strong>sunt,</strong></span> <span class='ocrx_word' id='word_1_485' title='bbox 966 4044 1241 4113; x_wconf 90' lang='lat' dir='ltr'><strong>quomodo</strong></span> <span class='ocrx_word' id='word_1_486' title='bbox 1273 4058 1371 4111; x_wconf 91' lang='lat' dir='ltr'><strong>pro</strong></span> <span class='ocrx_word' id='word_1_487' title='bbox 1404 4042 1615 4096; x_wconf 88' lang='lat' dir='ltr'><strong>meritis</strong></span> <span class='ocrx_word' id='word_1_488' title='bbox 1655 4049 1708 4095; x_wconf 88' lang='lat' dir='ltr'><strong>ct</strong></span> <span class='ocrx_word' id='word_1_489' title='bbox 1742 4042 2009 4109; x_wconf 80' lang='lat' dir='ltr'><strong>dignitate</strong></span> <span class='ocrx_word' id='word_1_490' title='bbox 2064 4050 2353 4095; x_wconf 85' lang='lat' dir='ltr'><strong>censeatur</strong></span> 
     </span>
    </p>
   </div>
   <div class='ocr_carea' id='block_1_72' title="bbox 790 4130 2355 4203">
    <p class='ocr_par' dir='ltr' id='par_1_72' title="bbox 790 4130 2355 4203">
     <span class='ocr_line' id='line_1_72' title="bbox 790 4130 2355 4203; baseline -0.002 -13"><span class='ocrx_word' id='word_1_491' title='bbox 790 4138 878 4190; x_wconf 89' lang='lat' dir='ltr'><strong>illa</strong></span> <span class='ocrx_word' id='word_1_492' title='bbox 910 4136 1174 4196; x_wconf 80' lang='lat' dir='ltr'><strong>laudatio,</strong></span> <span class='ocrx_word' id='word_1_493' title='bbox 1203 4148 1365 4203; x_wconf 87' lang='lat' dir='ltr'><strong>quatn</strong></span> <span class='ocrx_word' id='word_1_494' title='bbox 1417 4144 1609 4185; x_wconf 84' lang='lat' dir='ltr'><strong>natura</strong></span> <span class='ocrx_word' id='word_1_495' title='bbox 1642 4132 1910 4186; x_wconf 80' lang='lat' dir='ltr'><strong>instituit?</strong></span> <span class='ocrx_word' id='word_1_496' title='bbox 1958 4130 2153 4187; x_wconf 83' lang='lat' dir='ltr'><strong>Verum</strong></span> <span class='ocrx_word' id='word_1_497' title='bbox 2197 4133 2355 4200; x_wconf 80' lang='lat' dir='ltr'><strong>plane</strong></span> 
     </span>
    </p>
   </div>
   <div class='ocr_carea' id='block_1_73' title="bbox 790 4224 2353 4289">
    <p class='ocr_par' dir='ltr' id='par_1_73' title="bbox 790 4224 2353 4289">
     <span class='ocr_line' id='line_1_73' title="bbox 790 4224 2353 4289; baseline -0.003 -6"><span class='ocrx_word' id='word_1_498' title='bbox 790 4228 1125 4283; x_wconf 86' lang='lat' dir='ltr'><strong>credendum</strong></span> <span class='ocrx_word' id='word_1_499' title='bbox 1184 4237 1283 4289; x_wconf 65' lang='lat' dir='ltr'><strong>est,</strong></span> <span class='ocrx_word' id='word_1_500' title='bbox 1317 4226 1544 4280; x_wconf 68' lang='lat' dir='ltr'><strong>eximios</strong></span> <span class='ocrx_word' id='word_1_501' title='bbox 1585 4226 1682 4278; x_wconf 89' lang='lat' dir='ltr'><strong>hos</strong></span> <span class='ocrx_word' id='word_1_502' title='bbox 1731 4224 1963 4279; x_wconf 85' lang='lat' dir='ltr'><strong>athletas</strong></span> <span class='ocrx_word' id='word_1_503' title='bbox 1992 4224 2254 4279; x_wconf 83' lang='lat' dir='ltr'><strong>celebrari</strong></span> <span class='ocrx_word' id='word_1_504' title='bbox 2286 4225 2353 4278; x_wconf 86' lang='lat' dir='ltr'><strong>ab</strong></span> 
     </span>
    </p>
   </div>
   <div class='ocr_carea' id='block_1_74' title="bbox 792 4315 2354 4387">
    <p class='ocr_par' dir='ltr' id='par_1_74' title="bbox 792 4315 2354 4387">
     <span class='ocr_line' id='line_1_74' title="bbox 792 4315 2354 4387; baseline -0.001 -16"><span class='ocrx_word' id='word_1_505' title='bbox 792 4319 1019 4387; x_wconf 81' lang='lat' dir='ltr'><strong>angelis,</strong></span> <span class='ocrx_word' id='word_1_506' title='bbox 1051 4333 1134 4382; x_wconf 86' lang='lat' dir='ltr'><strong>ea,</strong></span> <span class='ocrx_word' id='word_1_507' title='bbox 1164 4332 1328 4387; x_wconf 84' lang='lat' dir='ltr'><strong>quant</strong></span> <span class='ocrx_word' id='word_1_508' title='bbox 1358 4317 1459 4386; x_wconf 91' lang='lat' dir='ltr'><strong>ipsi</strong></span> <span class='ocrx_word' id='word_1_509' title='bbox 1509 4326 1698 4383; x_wconf 83' lang='lat' dir='ltr'><strong>agunt,</strong></span> <span class='ocrx_word' id='word_1_510' title='bbox 1731 4315 2110 4382; x_wconf 87' lang='lat' dir='ltr'><strong>solemnitate;</strong></span> <span class='ocrx_word' id='word_1_511' title='bbox 2161 4315 2255 4370; x_wconf 89' lang='lat' dir='ltr'><strong>sed</strong></span> <span class='ocrx_word' id='word_1_512' title='bbox 2285 4332 2354 4370; x_wconf 88' lang='lat' dir='ltr'><strong>an</strong></span> 
     </span>
    </p>
   </div>
   <div class='ocr_carea' id='block_1_75' title="bbox 794 4408 2353 4487">
    <p class='ocr_par' dir='ltr' id='par_1_75' title="bbox 794 4408 2353 4487">
     <span class='ocr_line' id='line_1_75' title="bbox 794 4408 2353 4487; baseline -0.001 -23"><span class='ocrx_word' id='word_1_513' title='bbox 794 4412 917 4464; x_wconf 70' lang='lat' dir='ltr'><strong>ideo</strong></span> <span class='ocrx_word' id='word_1_514' title='bbox 946 4426 1161 4487; x_wconf 69' lang='lat' dir='ltr'><strong>mquum</strong></span> <span class='ocrx_word' id='word_1_515' title='bbox 1187 4410 1313 4473; x_wconf 85' lang='lat' dir='ltr'><strong>erit,</strong></span> <span class='ocrx_word' id='word_1_516' title='bbox 1349 4417 1406 4461; x_wconf 82' lang='lat' dir='ltr'><strong>ut</strong></span> <span class='ocrx_word' id='word_1_517' title='bbox 1440 4425 1541 4463; x_wconf 86' lang='lat' dir='ltr'><strong>nos</strong></span> <span class='ocrx_word' id='word_1_518' title='bbox 1568 4409 1660 4476; x_wconf 89' lang='lat' dir='ltr'><strong>qui</strong></span> <span class='ocrx_word' id='word_1_519' title='bbox 1688 4409 1741 4461; x_wconf 87' lang='lat' dir='ltr'><strong>in</strong></span> <span class='ocrx_word' id='word_1_520' title='bbox 1766 4418 1908 4460; x_wconf 89' lang='lat' dir='ltr'><strong>terra</strong></span> <span class='ocrx_word' id='word_1_521' title='bbox 1937 4408 2207 4478; x_wconf 79' lang='lat' dir='ltr'><strong>degimus,</strong></span> <span class='ocrx_word' id='word_1_522' title='bbox 2228 4408 2353 4477; x_wconf 84' lang='lat' dir='ltr'><strong>quia</strong></span> 
     </span>
    </p>
   </div>
   <div class='ocr_carea' id='block_1_76' title="bbox 2447 3215 4021 3288">
    <p class='ocr_par' dir='ltr' id='par_1_76' title="bbox 2447 3215 4021 3288">
     <span class='ocr_line' id='line_1_76' title="bbox 2447 3215 4021 3288; baseline -0.001 -19"><span class='ocrx_word' id='word_1_523' title='bbox 2447 3219 2592 3272; x_wconf 86' lang='grc' dir='ltr'>τῶνα</span> <span class='ocrx_word' id='word_1_524' title='bbox 2648 3218 3043 3282; x_wconf 80' lang='grc' dir='ltr'>διαξανθέντες,</span> <span class='ocrx_word' id='word_1_525' title='bbox 3104 3221 3191 3273; x_wconf 84' lang='grc' dir='ltr'><strong>ἵνα</strong></span> <span class='ocrx_word' id='word_1_526' title='bbox 3233 3219 3294 3271; x_wconf 87' lang='grc' dir='ltr'><strong>τὸ</strong></span> <span class='ocrx_word' id='word_1_527' title='bbox 3319 3220 3580 3288; x_wconf 85' lang='grc' dir='ltr'>ἀκέραιον</span> <span class='ocrx_word' id='word_1_528' title='bbox 3603 3220 3668 3285; x_wconf 85' lang='grc' dir='ltr'>τῇ</span> <span class='ocrx_word' id='word_1_529' title='bbox 3712 3215 3872 3284; x_wconf 75' lang='grc' dir='ltr'>στολῇ</span> <span class='ocrx_word' id='word_1_530' title='bbox 3921 3217 4021 3281; x_wconf 79' lang='grc' dir='ltr'>τῆς</span> 
     </span>
    </p>
   </div>
   <div class='ocr_carea' id='block_1_77' title="bbox 2446 3306 4016 3381">
    <p class='ocr_par' dir='ltr' id='par_1_77' title="bbox 2446 3306 4016 3381">
     <span class='ocr_line' id='line_1_77' title="bbox 2446 3306 4016 3381; baseline -0.004 -18"><span class='ocrx_word' id='word_1_531' title='bbox 2446 3309 2623 3379; x_wconf 68' lang='grc' dir='ltr'>ψυχῆς</span> <span class='ocrx_word' id='word_1_532' title='bbox 2658 3311 3034 3380; x_wconf 84' lang='grc' dir='ltr'>συντηρήσωσι</span> <span class='ocrx_word' id='word_1_533' title='bbox 3062 3327 3076 3341; x_wconf 74' lang='grc' dir='ltr'><strong>ο</strong></span> <span class='ocrx_word' id='word_1_534' title='bbox 3142 3312 3268 3381; x_wconf 85' lang='grc' dir='ltr'>χθὲς</span> <span class='ocrx_word' id='word_1_535' title='bbox 3316 3311 3406 3363; x_wconf 81' lang='grc' dir='ltr'><strong>τὸν</strong></span> <span class='ocrx_word' id='word_1_536' title='bbox 3464 3310 3819 3381; x_wconf 85' lang='grc' dir='ltr'>Παράκλητον</span> <span class='ocrx_word' id='word_1_537' title='bbox 3844 3306 4016 3359; x_wconf 73' lang='grc' dir='ltr'>ἐθειά-</span> 
     </span>
    </p>
   </div>
   <div class='ocr_carea' id='block_1_78' title="bbox 2448 3397 4021 3471">
    <p class='ocr_par' dir='ltr' id='par_1_78' title="bbox 2448 3397 4021 3471">
     <span class='ocr_line' id='line_1_78' title="bbox 2448 3397 4021 3471; baseline -0.003 -18"><span class='ocrx_word' id='word_1_538' title='bbox 2448 3402 2633 3470; x_wconf 81' lang='grc' dir='ltr'>ζομεν,</span> <span class='ocrx_word' id='word_1_539' title='bbox 2663 3401 2998 3471; x_wconf 74' lang='grc' dir='ltr'>ἐνδημοῦντα</span> <span class='ocrx_word' id='word_1_540' title='bbox 3043 3406 3156 3465; x_wconf 81' lang='grc' dir='ltr'>τοῖς</span> <span class='ocrx_word' id='word_1_541' title='bbox 3201 3401 3539 3464; x_wconf 83' lang='grc' dir='ltr'>ἀποστόλοις,</span> <span class='ocrx_word' id='word_1_542' title='bbox 3570 3402 3665 3453; x_wconf 73' lang='grc' dir='ltr'><strong>καὶ</strong></span> <span class='ocrx_word' id='word_1_543' title='bbox 3691 3400 3756 3453; x_wconf 82' lang='grc' dir='ltr'>δι’</span> <span class='ocrx_word' id='word_1_544' title='bbox 3818 3397 4021 3457; x_wconf 75' lang='grc' dir='ltr'>αὐτῶν,</span> 
     </span>
    </p>
   </div>
   <div class='ocr_carea' id='block_1_79' title="bbox 2447 3487 4025 3563">
    <p class='ocr_par' dir='ltr' id='par_1_79' title="bbox 2447 3487 4025 3563">
     <span class='ocr_line' id='line_1_79' title="bbox 2447 3487 4025 3563; baseline -0.004 -18"><span class='ocrx_word' id='word_1_545' title='bbox 2447 3492 2635 3563; x_wconf 79' lang='grc' dir='ltr'>ὥσπερ</span> <span class='ocrx_word' id='word_1_546' title='bbox 2656 3493 2764 3545; x_wconf 72' lang='grc' dir='ltr'>τισὶ</span> <span class='ocrx_word' id='word_1_547' title='bbox 2797 3494 3062 3562; x_wconf 88' lang='grc' dir='ltr'>ποταμοῖς</span> <span class='ocrx_word' id='word_1_548' title='bbox 3093 3492 3308 3555; x_wconf 82' lang='grc' dir='ltr'>ἀενάοις</span> <span class='ocrx_word' id='word_1_549' title='bbox 3331 3491 3427 3560; x_wconf 82' lang='grc' dir='ltr'><strong>τὴν</strong></span> <span class='ocrx_word' id='word_1_550' title='bbox 3456 3492 3781 3560; x_wconf 75' lang='grc' dir='ltr'>οἰκουμένην</span> <span class='ocrx_word' id='word_1_551' title='bbox 3804 3487 4025 3559; x_wconf 81' lang='grc' dir='ltr'>ἀρδείας</span> 
     </span>
    </p>
   </div>
   <div class='ocr_carea' id='block_1_80' title="bbox 2451 3580 4027 3655">
    <p class='ocr_par' dir='ltr' id='par_1_80' title="bbox 2451 3580 4027 3655">
     <span class='ocr_line' id='line_1_80' title="bbox 2451 3580 4027 3655; baseline -0.004 -18"><span class='ocrx_word' id='word_1_552' title='bbox 2451 3584 2782 3655; x_wconf 81' lang='grc' dir='ltr'>πληροῦντα.</span> <span class='ocrx_word' id='word_1_553' title='bbox 2824 3584 3093 3654; x_wconf 85' lang='grc' dir='ltr'>Σήμερον,</span> <span class='ocrx_word' id='word_1_554' title='bbox 3123 3583 3192 3637; x_wconf 74' lang='grc' dir='ltr'>τὰ</span> <span class='ocrx_word' id='word_1_555' title='bbox 3227 3585 3516 3655; x_wconf 86' lang='grc' dir='ltr'>ἀμάραντα</span> <span class='ocrx_word' id='word_1_556' title='bbox 3572 3583 3728 3651; x_wconf 80' lang='grc' dir='ltr'>ἄνθη,</span> <span class='ocrx_word' id='word_1_557' title='bbox 3760 3581 3797 3634; x_wconf 82' lang='grc' dir='ltr'><strong>ἀ</strong></span> <span class='ocrx_word' id='word_1_558' title='bbox 3823 3580 3895 3648; x_wconf 81' lang='grc' dir='ltr'>γῆ</span> <span class='ocrx_word' id='word_1_559' title='bbox 3927 3581 4027 3648; x_wconf 72' lang='grc' dir='ltr'>μὲν</span> 
     </span>
    </p>
   </div>
   <div class='ocr_carea' id='block_1_81' title="bbox 2449 3674 4021 3746">
    <p class='ocr_par' dir='ltr' id='par_1_81' title="bbox 2449 3674 4021 3746">
     <span class='ocr_line' id='line_1_81' title="bbox 2449 3674 4021 3746; baseline -0.003 -17"><span class='ocrx_word' id='word_1_560' title='bbox 2449 3678 2807 3743; x_wconf 77' lang='grc' dir='ltr'>ἐξανέτειλεν,</span> <span class='ocrx_word' id='word_1_561' title='bbox 2839 3677 3135 3744; x_wconf 79' lang='grc' dir='ltr'>ὑπεδέξατο</span> <span class='ocrx_word' id='word_1_562' title='bbox 3160 3677 3218 3731; x_wconf 84' lang='grc' dir='ltr'><strong>δὲ</strong></span> <span class='ocrx_word' id='word_1_563' title='bbox 3248 3676 3495 3746; x_wconf 79' lang='grc' dir='ltr'>οὐρανὸς,</span> <span class='ocrx_word' id='word_1_564' title='bbox 3548 3676 3674 3737; x_wconf 72' lang='grc' dir='ltr'>τοὺς</span> <span class='ocrx_word' id='word_1_565' title='bbox 3716 3674 4021 3744; x_wconf 82' lang='grc' dir='ltr'>μάρτυρας.</span> 
     </span>
    </p>
   </div>
   <div class='ocr_carea' id='block_1_82' title="bbox 2464 3764 4026 3838">
    <p class='ocr_par' dir='ltr' id='par_1_82' title="bbox 2464 3764 4026 3838">
     <span class='ocr_line' id='line_1_82' title="bbox 2464 3764 4026 3838; baseline 0.004 -18"><span class='ocrx_word' id='word_1_566' title='bbox 2464 3769 2622 3822; x_wconf 77' lang='grc' dir='ltr'>Ἀλλὰ</span> <span class='ocrx_word' id='word_1_567' title='bbox 2654 3769 2736 3832; x_wconf 87' lang='grc' dir='ltr'><strong>τίς</strong></span> <span class='ocrx_word' id='word_1_568' title='bbox 2780 3769 2976 3838; x_wconf 80' lang='grc' dir='ltr'>εῦηχος</span> <span class='ocrx_word' id='word_1_569' title='bbox 3041 3770 3295 3837; x_wconf 86' lang='grc' dir='ltr'>γλῶσσα;</span> <span class='ocrx_word' id='word_1_570' title='bbox 3333 3768 3416 3829; x_wconf 87' lang='grc' dir='ltr'><strong>τίς</strong></span> <span class='ocrx_word' id='word_1_571' title='bbox 3436 3766 3664 3836; x_wconf 82' lang='grc' dir='ltr'>διαρκὴς</span> <span class='ocrx_word' id='word_1_572' title='bbox 3692 3765 3816 3829; x_wconf 87' lang='grc' dir='ltr'>νοῦς</span> <span class='ocrx_word' id='word_1_573' title='bbox 3888 3764 4026 3832; x_wconf 66' lang='grc' dir='ltr'>πρὸς</span> 
     </span>
    </p>
   </div>
   <div class='ocr_carea' id='block_1_83' title="bbox 2451 3856 4029 3931">
    <p class='ocr_par' dir='ltr' id='par_1_83' title="bbox 2451 3856 4029 3931">
     <span class='ocr_line' id='line_1_83' title="bbox 2451 3856 4029 3931; baseline -0.004 -20"><span class='ocrx_word' id='word_1_574' title='bbox 2451 3860 2753 3931; x_wconf 71' lang='grc' dir='ltr'>εὺςρημίαν;</span> <span class='ocrx_word' id='word_1_575' title='bbox 2782 3863 2833 3913; x_wconf 79' lang='grc' dir='ltr'><strong>εἴ</strong></span> <span class='ocrx_word' id='word_1_576' title='bbox 2859 3878 2941 3924; x_wconf 88' lang='grc' dir='ltr'><strong>τις</strong></span> <span class='ocrx_word' id='word_1_577' title='bbox 2974 3861 3081 3931; x_wconf 81' lang='grc' dir='ltr'>ἄρα</span> <span class='ocrx_word' id='word_1_578' title='bbox 3105 3860 3223 3913; x_wconf 76' lang='grc' dir='ltr'>ἐστὶ</span> <span class='ocrx_word' id='word_1_579' title='bbox 3268 3859 3488 3928; x_wconf 85' lang='grc' dir='ltr'>γλῶσσα</span> <span class='ocrx_word' id='word_1_580' title='bbox 3526 3858 3794 3925; x_wconf 85' lang='grc' dir='ltr'>ἀγγέλων,</span> <span class='ocrx_word' id='word_1_581' title='bbox 3820 3856 4029 3923; x_wconf 75' lang='grc' dir='ltr'>ταύτην</span> 
     </span>
    </p>
   </div>
   <div class='ocr_carea' id='block_1_84' title="bbox 2451 3945 4029 4024">
    <p class='ocr_par' dir='ltr' id='par_1_84' title="bbox 2451 3945 4029 4024">
     <span class='ocr_line' id='line_1_84' title="bbox 2451 3945 4029 4024; baseline -0.004 -19"><span class='ocrx_word' id='word_1_582' title='bbox 2451 3954 2616 4024; x_wconf 78' lang='grc' dir='ltr'>ἐχρῆν</span> <span class='ocrx_word' id='word_1_583' title='bbox 2642 3953 2953 4007; x_wconf 84' lang='grc' dir='ltr'>διαπλέκειν</span> <span class='ocrx_word' id='word_1_584' title='bbox 3002 3953 3101 4021; x_wconf 83' lang='grc' dir='ltr'><strong>τὴν</strong></span> <span class='ocrx_word' id='word_1_585' title='bbox 3152 3952 3451 4021; x_wconf 59' lang='grc' dir='ltr'>εὐφημίαν</span> <span class='ocrx_word' id='word_1_586' title='bbox 3504 3945 3583 4013; x_wconf 80' lang='grc' dir='ltr'>οἷς</span> <span class='ocrx_word' id='word_1_587' title='bbox 3605 3949 3715 4019; x_wconf 73' lang='grc' dir='ltr'><strong>γὰρ</strong></span> <span class='ocrx_word' id='word_1_588' title='bbox 3742 3948 3881 4017; x_wconf 79' lang='grc' dir='ltr'>ὑπὲρ</span> <span class='ocrx_word' id='word_1_589' title='bbox 3924 3947 4029 4015; x_wconf 77' lang='grc' dir='ltr'><strong>φύ-</strong></span> 
     </span>
    </p>
   </div>
   <div class='ocr_carea' id='block_1_85' title="bbox 2455 4040 4030 4115">
    <p class='ocr_par' dir='ltr' id='par_1_85' title="bbox 2455 4040 4030 4115">
     <span class='ocr_line' id='line_1_85' title="bbox 2455 4040 4030 4115; baseline -0.005 -16"><span class='ocrx_word' id='word_1_590' title='bbox 2455 4065 2558 4108; x_wconf 83' lang='grc' dir='ltr'>σιν,</span> <span class='ocrx_word' id='word_1_591' title='bbox 2610 4047 2643 4112; x_wconf 86' lang='grc' dir='ltr'>ἡ</span> <span class='ocrx_word' id='word_1_592' title='bbox 2699 4046 2866 4115; x_wconf 83' lang='grc' dir='ltr'>πάλη,</span> <span class='ocrx_word' id='word_1_593' title='bbox 2923 4046 3042 4109; x_wconf 87' lang='grc' dir='ltr'><strong>πῶς</strong></span> <span class='ocrx_word' id='word_1_594' title='bbox 3091 4044 3305 4107; x_wconf 81' lang='grc' dir='ltr'>τούτοις</span> <span class='ocrx_word' id='word_1_595' title='bbox 3353 4043 3612 4114; x_wconf 83' lang='grc' dir='ltr'>ἀποχρῶν</span> <span class='ocrx_word' id='word_1_596' title='bbox 3671 4042 3807 4111; x_wconf 79' lang='grc' dir='ltr'>πρὸς</span> <span class='ocrx_word' id='word_1_597' title='bbox 3861 4040 4030 4109; x_wconf 85' lang='grc' dir='ltr'>τιμὴν</span> 
     </span>
    </p>
   </div>
   <div class='ocr_carea' id='block_1_86' title="bbox 2453 4133 4033 4206">
    <p class='ocr_par' dir='ltr' id='par_1_86' title="bbox 2453 4133 4033 4206">
     <span class='ocr_line' id='line_1_86' title="bbox 2453 4133 4033 4206; baseline -0.004 -17"><span class='ocrx_word' id='word_1_598' title='bbox 2453 4137 2645 4206; x_wconf 79' lang='grc' dir='ltr'>ὀφθείη</span> <span class='ocrx_word' id='word_1_599' title='bbox 2678 4140 2706 4190; x_wconf 84' lang='grc' dir='ltr'>ὁ</span> <span class='ocrx_word' id='word_1_600' title='bbox 2726 4139 2789 4190; x_wconf 84' lang='grc' dir='ltr'><strong>ἐκ</strong></span> <span class='ocrx_word' id='word_1_601' title='bbox 2824 4137 2922 4206; x_wconf 85' lang='grc' dir='ltr'>τῆς</span> <span class='ocrx_word' id='word_1_602' title='bbox 2951 4138 3169 4205; x_wconf 85' lang='grc' dir='ltr'>φύσεως</span> <span class='ocrx_word' id='word_1_603' title='bbox 3198 4137 3452 4199; x_wconf 75' lang='grc' dir='ltr'>ἔπαινοςς</span> <span class='ocrx_word' id='word_1_604' title='bbox 3491 4134 3606 4187; x_wconf 89' lang='grc' dir='ltr'>ἀλλ’</span> <span class='ocrx_word' id='word_1_605' title='bbox 3658 4133 3881 4202; x_wconf 81' lang='grc' dir='ltr'>ἄγγελοι</span> <span class='ocrx_word' id='word_1_606' title='bbox 3896 4134 4033 4185; x_wconf 86' lang='grc' dir='ltr'>πάν-</span> 
     </span>
    </p>
   </div>
   <div class='ocr_carea' id='block_1_87' title="bbox 2454 4225 4031 4300">
    <p class='ocr_par' dir='ltr' id='par_1_87' title="bbox 2454 4225 4031 4300">
     <span class='ocr_line' id='line_1_87' title="bbox 2454 4225 4031 4300; baseline -0.007 -15"><span class='ocrx_word' id='word_1_607' title='bbox 2454 4248 2559 4294; x_wconf 87' lang='grc' dir='ltr'><strong>τως</strong></span> <span class='ocrx_word' id='word_1_608' title='bbox 2609 4233 2674 4300; x_wconf 83' lang='grc' dir='ltr'>τῇ</span> <span class='ocrx_word' id='word_1_609' title='bbox 2731 4230 2853 4283; x_wconf 81' lang='grc' dir='ltr'>καθ’</span> <span class='ocrx_word' id='word_1_610' title='bbox 2896 4229 3124 4290; x_wconf 77' lang='grc' dir='ltr'>ἐαυτοὺς</span> <span class='ocrx_word' id='word_1_611' title='bbox 3187 4227 3518 4299; x_wconf 79' lang='grc' dir='ltr'>πανηγύρει,</span> <span class='ocrx_word' id='word_1_612' title='bbox 3572 4226 3697 4287; x_wconf 83' lang='grc' dir='ltr'>τοὺς</span> <span class='ocrx_word' id='word_1_613' title='bbox 3725 4225 4031 4292; x_wconf 80' lang='grc' dir='ltr'>ὑπερφυεῖς</span> 
     </span>
    </p>
   </div>
   <div class='ocr_carea' id='block_1_88' title="bbox 2454 4317 4030 4392">
    <p class='ocr_par' dir='ltr' id='par_1_88' title="bbox 2454 4317 4030 4392">
     <span class='ocr_line' id='line_1_88' title="bbox 2454 4317 4030 4392; baseline -0.006 -16"><span class='ocrx_word' id='word_1_614' title='bbox 2454 4322 2654 4392; x_wconf 83' lang='grc' dir='ltr'>τιμῶσι</span> <span class='ocrx_word' id='word_1_615' title='bbox 2682 4322 2961 4390; x_wconf 83' lang='grc' dir='ltr'>γεννάδας.</span> <span class='ocrx_word' id='word_1_616' title='bbox 2998 4322 3087 4389; x_wconf 86' lang='grc' dir='ltr'><strong>Μή</strong></span> <span class='ocrx_word' id='word_1_617' title='bbox 3115 4336 3249 4373; x_wconf 88' lang='grc' dir='ltr'>ποτε</span> <span class='ocrx_word' id='word_1_618' title='bbox 3278 4319 3335 4371; x_wconf 79' lang='grc' dir='ltr'>δὲ</span> <span class='ocrx_word' id='word_1_619' title='bbox 3367 4319 3465 4388; x_wconf 81' lang='grc' dir='ltr'><strong>οὐχ</strong></span> <span class='ocrx_word' id='word_1_620' title='bbox 3513 4318 3681 4381; x_wconf 86' lang='grc' dir='ltr'>ὅσιον,</span> <span class='ocrx_word' id='word_1_621' title='bbox 3704 4318 3852 4385; x_wconf 81' lang='grc' dir='ltr'>ἡμᾶς</span> <span class='ocrx_word' id='word_1_622' title='bbox 3900 4317 4030 4377; x_wconf 70' lang='grc' dir='ltr'>τοὺς</span> 
     </span>
    </p>
   </div>
   <div class='ocr_carea' id='block_1_89' title="bbox 2455 4406 4029 4483">
    <p class='ocr_par' dir='ltr' id='par_1_89' title="bbox 2455 4406 4029 4483">
     <span class='ocr_line' id='line_1_89' title="bbox 2455 4406 4029 4483; baseline -0.006 -17"><span class='ocrx_word' id='word_1_623' title='bbox 2455 4415 2511 4467; x_wconf 81' lang='grc' dir='ltr'><strong>ἐν</strong></span> <span class='ocrx_word' id='word_1_624' title='bbox 2549 4416 2639 4483; x_wconf 78' lang='grc' dir='ltr'><strong>γῇ,</strong></span> <span class='ocrx_word' id='word_1_625' title='bbox 2670 4415 2750 4467; x_wconf 88' lang='grc' dir='ltr'>ὅτι</span> <span class='ocrx_word' id='word_1_626' title='bbox 2779 4413 2852 4483; x_wconf 81' lang='grc' dir='ltr'>μὴ</span> <span class='ocrx_word' id='word_1_627' title='bbox 2879 4413 2977 4481; x_wconf 81' lang='grc' dir='ltr'>τῆς</span> <span class='ocrx_word' id='word_1_628' title='bbox 3002 4411 3157 4478; x_wconf 82' lang='grc' dir='ltr'>ἀξίας</span> <span class='ocrx_word' id='word_1_629' title='bbox 3192 4409 3585 4479; x_wconf 85' lang='grc' dir='ltr'>ἐφικνούμεθα,</span> <span class='ocrx_word' id='word_1_630' title='bbox 3612 4409 3714 4479; x_wconf 77' lang='grc' dir='ltr'>ἥδη</span> <span class='ocrx_word' id='word_1_631' title='bbox 3745 4406 4029 4469; x_wconf 85' lang='grc' dir='ltr'>παντελῶς</span> 
     </span>
    </p>
   </div>
   <div class='ocr_carea' id='block_1_90' title="bbox 793 4498 2464 4575">
    <p class='ocr_par' dir='ltr' id='par_1_90' title="bbox 793 4498 2464 4568">
     <span class='ocr_line' id='line_1_90' title="bbox 793 4498 2464 4568; baseline -0.003 -11"><span class='ocrx_word' id='word_1_632' title='bbox 793 4503 1026 4557; x_wconf 87' lang='lat' dir='ltr'><strong>dicendo</strong></span> <span class='ocrx_word' id='word_1_633' title='bbox 1059 4511 1262 4554; x_wconf 89' lang='lat' dir='ltr'><strong>tantam</strong></span> <span class='ocrx_word' id='word_1_634' title='bbox 1295 4501 1671 4553; x_wconf 83' lang='lat' dir='ltr'><strong>excellentiam</strong></span> <span class='ocrx_word' id='word_1_635' title='bbox 1712 4514 1929 4567; x_wconf 63' lang='lat' dir='ltr'><strong>aequare</strong></span> <span class='ocrx_word' id='word_1_636' title='bbox 1953 4515 2061 4552; x_wconf 91' lang='lat' dir='ltr'><strong>non</strong></span> <span class='ocrx_word' id='word_1_637' title='bbox 2088 4499 2235 4563; x_wconf 90' lang='lat' dir='ltr'><strong>licet,</strong></span> <span class='ocrx_word' id='word_1_638' title='bbox 2262 4514 2355 4568; x_wconf 87' lang='lat' dir='ltr'><strong>pe—</strong></span> <span class='ocrx_word' id='word_1_639' title='bbox 2388 4498 2430 4552; x_wconf 70' lang='grc' dir='ltr'><strong>[ἱ</strong></span> <span class='ocrx_word' id='word_1_640' title='bbox 2462 4525 2464 4558; x_wconf 89' lang='grc'>;</span> 
     </span>
    </p>
   </div>
   <div class='ocr_carea' id='block_1_91' title="bbox 2359 4498 4030 4575">
    <p class='ocr_par' dir='ltr' id='par_1_91' title="bbox 2388 4498 4030 4575">
     <span class='ocr_line' id='line_1_91' title="bbox 2388 4498 4030 4575; baseline -0.006 -15"><span class='ocrx_word' id='word_1_641' title='bbox 2388 4498 2430 4552; x_wconf 66' lang='grc' dir='ltr'><strong>[δ</strong></span> <span class='ocrx_word' id='word_1_642' title='bbox 2462 4506 2846 4575; x_wconf 85' lang='grc' dir='ltr'>κατολιγωρείν</span> <span class='ocrx_word' id='word_1_643' title='bbox 2868 4504 2966 4571; x_wconf 82' lang='grc' dir='ltr'><strong>τῆς</strong></span> <span class='ocrx_word' id='word_1_644' title='bbox 2996 4502 3187 4572; x_wconf 83' lang='grc' dir='ltr'>τιμῆς,</span> <span class='ocrx_word' id='word_1_645' title='bbox 3233 4502 3431 4572; x_wconf 84' lang='grc' dir='ltr'>χρῆναι</span> <span class='ocrx_word' id='word_1_646' title='bbox 3463 4501 3520 4553; x_wconf 81' lang='grc' dir='ltr'>δὲ</span> <span class='ocrx_word' id='word_1_647' title='bbox 3568 4499 3765 4569; x_wconf 78' lang='grc' dir='ltr'>μᾶλλον</span> <span class='ocrx_word' id='word_1_648' title='bbox 3822 4515 4030 4551; x_wconf 83' lang='grc' dir='ltr'>συνεισ-</span> 
     </span>
    </p>
   </div>
   <div class='ocr_carea' id='block_1_92' title="bbox 794 4591 2355 4655">
    <p class='ocr_par' dir='ltr' id='par_1_92' title="bbox 794 4591 2355 4655">
     <span class='ocr_line' id='line_1_92' title="bbox 794 4591 2355 4655; baseline -0.003 -7"><span class='ocrx_word' id='word_1_649' title='bbox 794 4595 941 4649; x_wconf 91' lang='lat' dir='ltr'><strong>nitus</strong></span> <span class='ocrx_word' id='word_1_650' title='bbox 969 4594 1035 4647; x_wconf 90' lang='lat' dir='ltr'><strong>ab</strong></span> <span class='ocrx_word' id='word_1_651' title='bbox 1062 4594 1253 4646; x_wconf 87' lang='lat' dir='ltr'><strong>horum</strong></span> <span class='ocrx_word' id='word_1_652' title='bbox 1290 4597 1438 4646; x_wconf 91' lang='lat' dir='ltr'><strong>cultu</strong></span> <span class='ocrx_word' id='word_1_653' title='bbox 1470 4600 1523 4644; x_wconf 89' lang='lat' dir='ltr'><strong>et</strong></span> <span class='ocrx_word' id='word_1_654' title='bbox 1550 4593 1756 4645; x_wconf 90' lang='lat' dir='ltr'><strong>honore</strong></span> <span class='ocrx_word' id='word_1_655' title='bbox 1786 4591 2140 4655; x_wconf 88' lang='lat' dir='ltr'><strong>desistamus,</strong></span> <span class='ocrx_word' id='word_1_656' title='bbox 2168 4600 2221 4644; x_wconf 86' lang='lat' dir='ltr'><strong>et</strong></span> <span class='ocrx_word' id='word_1_657' title='bbox 2248 4605 2355 4644; x_wconf 92' lang='lat' dir='ltr'><strong>non</strong></span> 
     </span>
    </p>
   </div>
   <div class='ocr_carea' id='block_1_93' title="bbox 796 4684 2358 4759">
    <p class='ocr_par' dir='ltr' id='par_1_93' title="bbox 796 4684 2358 4759">
     <span class='ocr_line' id='line_1_93' title="bbox 796 4684 2358 4759; baseline -0.003 -16"><span class='ocrx_word' id='word_1_658' title='bbox 796 4691 997 4756; x_wconf 80' lang='lat' dir='ltr'><strong>potius,</strong></span> <span class='ocrx_word' id='word_1_659' title='bbox 1030 4687 1293 4759; x_wconf 90' lang='lat' dir='ltr'><strong>quidquid</strong></span> <span class='ocrx_word' id='word_1_660' title='bbox 1326 4688 1472 4741; x_wconf 73' lang='lat' dir='ltr'><strong>vires</strong></span> <span class='ocrx_word' id='word_1_661' title='bbox 1525 4686 1726 4747; x_wconf 82' lang='lat' dir='ltr'><strong>ferunt,</strong></span> <span class='ocrx_word' id='word_1_662' title='bbox 1767 4684 2017 4740; x_wconf 80' lang='lat' dir='ltr'><strong>conferre</strong></span> <span class='ocrx_word' id='word_1_663' title='bbox 2051 4690 2358 4739; x_wconf 81' lang='lat' dir='ltr'><strong>tentemus?</strong></span> 
     </span>
    </p>
   </div>
   <div class='ocr_carea' id='block_1_94' title="bbox 793 4776 2356 4848">
    <p class='ocr_par' dir='ltr' id='par_1_94' title="bbox 793 4776 2356 4848">
     <span class='ocr_line' id='line_1_94' title="bbox 793 4776 2356 4848; baseline -0.004 -12"><span class='ocrx_word' id='word_1_664' title='bbox 793 4781 963 4848; x_wconf 70' lang='lat' dir='ltr'><strong>Igitur</strong></span> <span class='ocrx_word' id='word_1_665' title='bbox 995 4779 1060 4831; x_wconf 85' lang='lat' dir='ltr'><strong>ad</strong></span> <span class='ocrx_word' id='word_1_666' title='bbox 1102 4779 1386 4833; x_wconf 81' lang='lat' dir='ltr'><strong>exordium</strong></span> <span class='ocrx_word' id='word_1_667' title='bbox 1415 4778 1665 4833; x_wconf 87' lang='lat' dir='ltr'><strong>oratione</strong></span> <span class='ocrx_word' id='word_1_668' title='bbox 1722 4789 1991 4841; x_wconf 82' lang='lat' dir='ltr'><strong>revocata,</strong></span> <span class='ocrx_word' id='word_1_669' title='bbox 2036 4791 2151 4831; x_wconf 86' lang='lat' dir='ltr'><strong>rem</strong></span> <span class='ocrx_word' id='word_1_670' title='bbox 2185 4776 2356 4843; x_wconf 85' lang='lat' dir='ltr'><strong>ipsam</strong></span> 
     </span>
    </p>
   </div>
   <div class='ocr_carea' id='block_1_95' title="bbox 796 4871 1196 4943">
    <p class='ocr_par' dir='ltr' id='par_1_95' title="bbox 796 4871 1196 4943">
     <span class='ocr_line' id='line_1_95' title="bbox 796 4871 1196 4943; baseline -0.01 -18"><span class='ocrx_word' id='word_1_671' title='bbox 796 4871 1196 4943; x_wconf 68' lang='lat' dir='ltr'><strong>aggrediamur.</strong></span> 
     </span>
    </p>
   </div>
   <div class='ocr_carea' id='block_1_96' title="bbox 868 4958 2357 5033">
    <p class='ocr_par' dir='ltr' id='par_1_96' title="bbox 868 4958 2357 5033">
     <span class='ocr_line' id='line_1_96' title="bbox 868 4958 2357 5033; baseline -0.005 -16"><span class='ocrx_word' id='word_1_672' title='bbox 868 4966 1058 5033; x_wconf 87' lang='lat' dir='ltr'><strong>Itaque</strong></span> <span class='ocrx_word' id='word_1_673' title='bbox 1081 4980 1204 5018; x_wconf 85' lang='lat' dir='ltr'><strong>eum</strong></span> <span class='ocrx_word' id='word_1_674' title='bbox 1233 4963 1346 5033; x_wconf 84' lang='lat' dir='ltr'><strong>jam</strong></span> <span class='ocrx_word' id='word_1_675' title='bbox 1374 4963 1558 5017; x_wconf 76' lang='lat' dir='ltr'><strong>divina</strong></span> <span class='ocrx_word' id='word_1_676' title='bbox 1593 4961 1834 5032; x_wconf 77' lang='lat' dir='ltr'><strong>cognitio</strong></span> <span class='ocrx_word' id='word_1_677' title='bbox 1857 4961 2063 5015; x_wconf 82' lang='lat' dir='ltr'><strong>animas</strong></span> <span class='ocrx_word' id='word_1_678' title='bbox 2090 4958 2357 5028; x_wconf 84' lang='lat' dir='ltr'><strong>irrigaret,</strong></span> 
     </span>
    </p>
   </div>
   <div class='ocr_carea' id='block_1_97' title="bbox 796 5052 2362 5126">
    <p class='ocr_par' dir='ltr' id='par_1_97' title="bbox 796 5052 2362 5126">
     <span class='ocr_line' id='line_1_97' title="bbox 796 5052 2362 5126; baseline -0.004 -15"><span class='ocrx_word' id='word_1_679' title='bbox 796 5057 1008 5111; x_wconf 85' lang='lat' dir='ltr'><strong>aridum</strong></span> <span class='ocrx_word' id='word_1_680' title='bbox 1036 5073 1256 5126; x_wconf 86' lang='lat' dir='ltr'><strong>prorsus</strong></span> <span class='ocrx_word' id='word_1_681' title='bbox 1280 5066 1340 5111; x_wconf 89' lang='lat' dir='ltr'><strong>et</strong></span> <span class='ocrx_word' id='word_1_682' title='bbox 1367 5058 1545 5112; x_wconf 90' lang='lat' dir='ltr'><strong>omnis</strong></span> <span class='ocrx_word' id='word_1_683' title='bbox 1574 5056 1820 5111; x_wconf 84' lang='lat' dir='ltr'><strong>humoris</strong></span> <span class='ocrx_word' id='word_1_684' title='bbox 1843 5069 2036 5123; x_wconf 77' lang='lat' dir='ltr'><strong>expers</strong></span> <span class='ocrx_word' id='word_1_685' title='bbox 2066 5052 2362 5107; x_wconf 87' lang='lat' dir='ltr'><strong>humanum</strong></span> 
     </span>
    </p>
   </div>
   <div class='ocr_carea' id='block_1_98' title="bbox 798 5145 2364 5219">
    <p class='ocr_par' dir='ltr' id='par_1_98' title="bbox 798 5145 2364 5219">
     <span class='ocr_line' id='line_1_98' title="bbox 798 5145 2364 5219; baseline -0.004 -15"><span class='ocrx_word' id='word_1_686' title='bbox 798 5165 971 5218; x_wconf 75' lang='lat' dir='ltr'><strong>genus</strong></span> <span class='ocrx_word' id='word_1_687' title='bbox 1000 5150 1236 5215; x_wconf 78' lang='lat' dir='ltr'><strong>vivebat,</strong></span> <span class='ocrx_word' id='word_1_688' title='bbox 1262 5151 1390 5219; x_wconf 90' lang='lat' dir='ltr'><strong>quin</strong></span> <span class='ocrx_word' id='word_1_689' title='bbox 1417 5158 1471 5205; x_wconf 91' lang='lat' dir='ltr'><strong>ct</strong></span> <span class='ocrx_word' id='word_1_690' title='bbox 1493 5150 1561 5204; x_wconf 90' lang='lat' dir='ltr'><strong>ab</strong></span> <span class='ocrx_word' id='word_1_691' title='bbox 1591 5149 1915 5205; x_wconf 68' lang='lat' dir='ltr'><strong>idololatria:</strong></span> <span class='ocrx_word' id='word_1_692' title='bbox 1939 5145 2364 5216; x_wconf 69' lang='lat' dir='ltr'><strong>cultusquejna-</strong></span> 
     </span>
    </p>
   </div>
   <div class='ocr_carea' id='block_1_99' title="bbox 800 5242 2361 5309">
    <p class='ocr_par' dir='ltr' id='par_1_99' title="bbox 800 5242 2361 5309">
     <span class='ocr_line' id='line_1_99' title="bbox 800 5242 2361 5309; baseline -0.003 -14"><span class='ocrx_word' id='word_1_693' title='bbox 800 5246 950 5297; x_wconf 92' lang='lat' dir='ltr'><strong>nium</strong></span> <span class='ocrx_word' id='word_1_694' title='bbox 982 5242 1209 5297; x_wconf 87' lang='lat' dir='ltr'><strong>deorum</strong></span> <span class='ocrx_word' id='word_1_695' title='bbox 1241 5245 1454 5297; x_wconf 87' lang='lat' dir='ltr'><strong>llannna</strong></span> <span class='ocrx_word' id='word_1_696' title='bbox 1480 5243 1890 5303; x_wconf 85' lang='lat' dir='ltr'><strong>absumebatur,</strong></span> <span class='ocrx_word' id='word_1_697' title='bbox 1933 5250 1988 5294; x_wconf 89' lang='lat' dir='ltr'><strong>et</strong></span> <span class='ocrx_word' id='word_1_698' title='bbox 2015 5255 2135 5309; x_wconf 74' lang='lat' dir='ltr'><strong>qua:</strong></span> <span class='ocrx_word' id='word_1_699' title='bbox 2166 5254 2195 5292; x_wconf 90' lang='lat' dir='ltr'><strong>a</strong></span> <span class='ocrx_word' id='word_1_700' title='bbox 2226 5253 2361 5292; x_wconf 87' lang='lat' dir='ltr'><strong>con-</strong></span> 
     </span>
    </p>
   </div>
   <div class='ocr_carea' id='block_1_100' title="bbox 798 5336 2364 5402">
    <p class='ocr_par' dir='ltr' id='par_1_100' title="bbox 798 5336 2364 5402">
     <span class='ocr_line' id='line_1_100' title="bbox 798 5336 2364 5402; baseline -0.003 -14"><span class='ocrx_word' id='word_1_701' title='bbox 798 5338 975 5393; x_wconf 81' lang='lat' dir='ltr'><strong>ditore</strong></span> <span class='ocrx_word' id='word_1_702' title='bbox 1011 5336 1181 5391; x_wconf 89' lang='lat' dir='ltr'><strong>indita</strong></span> <span class='ocrx_word' id='word_1_703' title='bbox 1222 5345 1377 5390; x_wconf 87' lang='lat' dir='ltr'><strong>erant</strong></span> <span class='ocrx_word' id='word_1_704' title='bbox 1427 5336 1662 5399; x_wconf 90' lang='lat' dir='ltr'><strong>semina,</strong></span> <span class='ocrx_word' id='word_1_705' title='bbox 1699 5350 1806 5389; x_wconf 92' lang='lat' dir='ltr'><strong>non</strong></span> <span class='ocrx_word' id='word_1_706' title='bbox 1858 5340 2112 5402; x_wconf 87' lang='lat' dir='ltr'><strong>poterant</strong></span> <span class='ocrx_word' id='word_1_707' title='bbox 2157 5340 2364 5384; x_wconf 69' lang='lat' dir='ltr'><strong>natura:</strong></span> 
     </span>
    </p>
   </div>
   <div class='ocr_carea' id='block_1_101' title="bbox 798 5423 2364 5497">
    <p class='ocr_par' dir='ltr' id='par_1_101' title="bbox 798 5423 2364 5497">
     <span class='ocr_line' id='line_1_101' title="bbox 798 5423 2364 5497; baseline -0.003 -16"><span class='ocrx_word' id='word_1_708' title='bbox 798 5440 1223 5492; x_wconf 78' lang='lat' dir='ltr'><strong>consentaneas,</strong></span> <span class='ocrx_word' id='word_1_709' title='bbox 1271 5437 1324 5482; x_wconf 87' lang='lat' dir='ltr'><strong>et</strong></span> <span class='ocrx_word' id='word_1_710' title='bbox 1372 5429 1564 5497; x_wconf 87' lang='lat' dir='ltr'><strong>quales</strong></span> <span class='ocrx_word' id='word_1_711' title='bbox 1590 5443 1654 5482; x_wconf 86' lang='lat' dir='ltr'><strong>ex</strong></span> <span class='ocrx_word' id='word_1_712' title='bbox 1705 5427 1876 5496; x_wconf 89' lang='lat' dir='ltr'><strong>probo</strong></span> <span class='ocrx_word' id='word_1_713' title='bbox 1912 5426 2121 5481; x_wconf 89' lang='lat' dir='ltr'><strong>semine</strong></span> <span class='ocrx_word' id='word_1_714' title='bbox 2146 5423 2364 5494; x_wconf 90' lang='lat' dir='ltr'><strong>prodire</strong></span> 
     </span>
    </p>
   </div>
   <div class='ocr_carea' id='block_1_102' title="bbox 797 5516 2361 5589">
    <p class='ocr_par' dir='ltr' id='par_1_102' title="bbox 797 5516 2361 5589">
     <span class='ocr_line' id='line_1_102' title="bbox 797 5516 2361 5589; baseline -0.002 -17"><span class='ocrx_word' id='word_1_715' title='bbox 797 5520 996 5583; x_wconf 86' lang='lat' dir='ltr'><strong>solent,</strong></span> <span class='ocrx_word' id='word_1_716' title='bbox 1031 5520 1243 5575; x_wconf 79' lang='lat' dir='ltr'><strong>fructus</strong></span> <span class='ocrx_word' id='word_1_717' title='bbox 1274 5518 1555 5589; x_wconf 75' lang='lat' dir='ltr'><strong>proferre;</strong></span> <span class='ocrx_word' id='word_1_718' title='bbox 1580 5518 1675 5574; x_wconf 91' lang='lat' dir='ltr'><strong>scd</strong></span> <span class='ocrx_word' id='word_1_719' title='bbox 1697 5516 1961 5588; x_wconf 85' lang='lat' dir='ltr'><strong>quidquid</strong></span> <span class='ocrx_word' id='word_1_720' title='bbox 1992 5522 2361 5580; x_wconf 86' lang='lat' dir='ltr'><strong>succrevcrat,</strong></span> 
     </span>
    </p>
   </div>
   <div class='ocr_carea' id='block_1_103' title="bbox 802 5609 2363 5682">
    <p class='ocr_par' dir='ltr' id='par_1_103' title="bbox 802 5609 2363 5682">
     <span class='ocr_line' id='line_1_103' title="bbox 802 5609 2363 5682; baseline 0 -18"><span class='ocrx_word' id='word_1_721' title='bbox 802 5612 854 5665; x_wconf 87' lang='lat' dir='ltr'><strong>id</strong></span> <span class='ocrx_word' id='word_1_722' title='bbox 883 5614 1225 5682; x_wconf 82' lang='lat' dir='ltr'><strong>peregrinum</strong></span> <span class='ocrx_word' id='word_1_723' title='bbox 1254 5623 1310 5666; x_wconf 88' lang='lat' dir='ltr'><strong>et</strong></span> <span class='ocrx_word' id='word_1_724' title='bbox 1357 5613 1589 5667; x_wconf 90' lang='lat' dir='ltr'><strong>alienum</strong></span> <span class='ocrx_word' id='word_1_725' title='bbox 1620 5623 1758 5678; x_wconf 84' lang='lat' dir='ltr'><strong>erat,</strong></span> <span class='ocrx_word' id='word_1_726' title='bbox 1792 5623 1846 5665; x_wconf 89' lang='lat' dir='ltr'><strong>ct</strong></span> <span class='ocrx_word' id='word_1_727' title='bbox 1878 5619 2032 5665; x_wconf 90' lang='lat' dir='ltr'><strong>ortus</strong></span> <span class='ocrx_word' id='word_1_728' title='bbox 2062 5610 2167 5663; x_wconf 64' lang='lat' dir='ltr'><strong>sui.</strong></span> <span class='ocrx_word' id='word_1_729' title='bbox 2190 5609 2363 5664; x_wconf 88' lang='lat' dir='ltr'><strong>mani-</strong></span> 
     </span>
    </p>
   </div>
   <div class='ocr_carea' id='block_1_104' title="bbox 802 5705 2362 5775">
    <p class='ocr_par' dir='ltr' id='par_1_104' title="bbox 802 5705 2362 5775">
     <span class='ocr_line' id='line_1_104' title="bbox 802 5705 2362 5775; baseline -0.001 -17"><span class='ocrx_word' id='word_1_730' title='bbox 802 5707 1023 5759; x_wconf 73' lang='lat' dir='ltr'><strong>iustiora</strong></span> <span class='ocrx_word' id='word_1_731' title='bbox 1044 5706 1205 5760; x_wconf 87' lang='lat' dir='ltr'><strong>dabat</strong></span> <span class='ocrx_word' id='word_1_732' title='bbox 1229 5707 1449 5769; x_wconf 87' lang='lat' dir='ltr'><strong>indicia,</strong></span> <span class='ocrx_word' id='word_1_733' title='bbox 1484 5722 1646 5775; x_wconf 85' lang='lat' dir='ltr'><strong>quam</strong></span> <span class='ocrx_word' id='word_1_734' title='bbox 1688 5705 1899 5760; x_wconf 83' lang='lat' dir='ltr'><strong>soleant</strong></span> <span class='ocrx_word' id='word_1_735' title='bbox 1937 5711 2179 5758; x_wconf 85' lang='lat' dir='ltr'><strong>monstra</strong></span> <span class='ocrx_word' id='word_1_736' title='bbox 2224 5718 2362 5772; x_wconf 78' lang='lat' dir='ltr'><strong>pra:-</strong></span> 
     </span>
    </p>
   </div>
   <div class='ocr_carea' id='block_1_105' title="bbox 799 5798 2359 5869">
    <p class='ocr_par' dir='ltr' id='par_1_105' title="bbox 799 5798 2359 5869">
     <span class='ocr_line' id='line_1_105' title="bbox 799 5798 2359 5869; baseline 0.001 -17"><span class='ocrx_word' id='word_1_737' title='bbox 799 5798 926 5853; x_wconf 77' lang='lat' dir='ltr'><strong>bcre</strong></span> <span class='ocrx_word' id='word_1_738' title='bbox 971 5801 1296 5857; x_wconf 80' lang='lat' dir='ltr'><strong>documenta</strong></span> <span class='ocrx_word' id='word_1_739' title='bbox 1327 5800 1501 5857; x_wconf 75' lang='lat' dir='ltr'><strong>morbi</strong></span> <span class='ocrx_word' id='word_1_740' title='bbox 1536 5816 1747 5868; x_wconf 86' lang='lat' dir='ltr'><strong>cetum,</strong></span> <span class='ocrx_word' id='word_1_741' title='bbox 1803 5817 1830 5853; x_wconf 85' lang='lat' dir='ltr'><strong>.‘t</strong></span> <span class='ocrx_word' id='word_1_742' title='bbox 1868 5799 2067 5869; x_wconf 77' lang='lat' dir='ltr'><strong>quibus</strong></span> <span class='ocrx_word' id='word_1_743' title='bbox 2101 5811 2359 5867; x_wconf 74' lang='lat' dir='ltr'><strong>progene-</strong></span> 
     </span>
    </p>
   </div>
   <div class='ocr_carea' id='block_1_106' title="bbox 2463 4587 4029 4664">
    <p class='ocr_par' dir='ltr' id='par_1_106' title="bbox 2463 4587 4029 4664">
     <span class='ocr_line' id='line_1_106' title="bbox 2463 4587 4029 4664; baseline -0.006 -15"><span class='ocrx_word' id='word_1_744' title='bbox 2463 4597 2726 4663; x_wconf 88' lang='grc' dir='ltr'>ενεγκείν,</span> <span class='ocrx_word' id='word_1_745' title='bbox 2760 4594 2881 4646; x_wconf 83' lang='grc' dir='ltr'>ὅσον</span> <span class='ocrx_word' id='word_1_746' title='bbox 2910 4587 3043 4664; x_wconf 77' lang='grc' dir='ltr'>ἧκεν</span> <span class='ocrx_word' id='word_1_747' title='bbox 3076 4595 3155 4655; x_wconf 88' lang='grc' dir='ltr'><strong>είς</strong></span> <span class='ocrx_word' id='word_1_748' title='bbox 3177 4592 3401 4662; x_wconf 88' lang='grc' dir='ltr'>δύναμιν</span> <span class='ocrx_word' id='word_1_749' title='bbox 3422 4608 3437 4656; x_wconf 84' lang='grc'><strong>;</strong></span> <span class='ocrx_word' id='word_1_750' title='bbox 3460 4588 3692 4654; x_wconf 80' lang='grc' dir='ltr'>Οὐκοῦν,</span> <span class='ocrx_word' id='word_1_751' title='bbox 3727 4588 3917 4659; x_wconf 80' lang='grc' dir='ltr'>ὥσπερ</span> <span class='ocrx_word' id='word_1_752' title='bbox 3952 4592 4029 4651; x_wconf 77' lang='grc' dir='ltr'>εἰς</span> 
     </span>
    </p>
   </div>
   <div class='ocr_carea' id='block_1_107' title="bbox 2463 4679 4030 4758">
    <p class='ocr_par' dir='ltr' id='par_1_107' title="bbox 2463 4679 4030 4758">
     <span class='ocr_line' id='line_1_107' title="bbox 2463 4679 4030 4758; baseline -0.007 -15"><span class='ocrx_word' id='word_1_753' title='bbox 2463 4689 2638 4758; x_wconf 82' lang='grc' dir='ltr'>ἀρχὴν</span> <span class='ocrx_word' id='word_1_754' title='bbox 2698 4702 2821 4738; x_wconf 86' lang='grc' dir='ltr'>τινα</span> <span class='ocrx_word' id='word_1_755' title='bbox 2885 4685 3322 4754; x_wconf 86' lang='grc' dir='ltr'>καταστήσαντες</span> <span class='ocrx_word' id='word_1_756' title='bbox 3362 4683 3451 4735; x_wconf 78' lang='grc' dir='ltr'><strong>τὸν</strong></span> <span class='ocrx_word' id='word_1_757' title='bbox 3506 4681 3681 4750; x_wconf 86' lang='grc' dir='ltr'>λόγον,</span> <span class='ocrx_word' id='word_1_758' title='bbox 3733 4679 3828 4733; x_wconf 85' lang='grc' dir='ltr'><strong>τοῦ</strong></span> <span class='ocrx_word' id='word_1_759' title='bbox 3869 4680 4030 4750; x_wconf 80' lang='grc' dir='ltr'>ἔργου</span> 
     </span>
    </p>
   </div>
   <div class='ocr_carea' id='block_1_108' title="bbox 2466 4776 2857 4847">
    <p class='ocr_par' dir='ltr' id='par_1_108' title="bbox 2466 4776 2857 4847">
     <span class='ocr_line' id='line_1_108' title="bbox 2466 4776 2857 4847; baseline -0.018 -14"><span class='ocrx_word' id='word_1_760' title='bbox 2466 4776 2857 4847; x_wconf 70' lang='grc' dir='ltr'>ἐπιληψόμεθα.</span> 
     </span>
    </p>
   </div>
   <div class='ocr_carea' id='block_1_109' title="bbox 2536 4956 4029 5034">
    <p class='ocr_par' dir='ltr' id='par_1_109' title="bbox 2536 4956 4029 5034">
     <span class='ocr_line' id='line_1_109' title="bbox 2536 4956 4029 5034; baseline -0.007 -17"><span class='ocrx_word' id='word_1_761' title='bbox 2536 4964 2670 5034; x_wconf 87' lang='grc' dir='ltr'><strong>Ἤδη</strong></span> <span class='ocrx_word' id='word_1_762' title='bbox 2700 4964 2795 5033; x_wconf 78' lang='grc' dir='ltr'><strong>μὲν</strong></span> <span class='ocrx_word' id='word_1_763' title='bbox 2822 4964 2913 5016; x_wconf 80' lang='grc' dir='ltr'><strong>οὖν</strong></span> <span class='ocrx_word' id='word_1_764' title='bbox 2947 4964 3043 5031; x_wconf 75' lang='grc' dir='ltr'>τῆς</span> <span class='ocrx_word' id='word_1_765' title='bbox 3074 4960 3411 5031; x_wconf 78' lang='grc' dir='ltr'>ἐπαρδούσης</span> <span class='ocrx_word' id='word_1_766' title='bbox 3472 4959 3621 5021; x_wconf 84' lang='grc' dir='ltr'>θείας</span> <span class='ocrx_word' id='word_1_767' title='bbox 3654 4957 3912 5025; x_wconf 81' lang='grc' dir='ltr'>γνώσεως</span> <span class='ocrx_word' id='word_1_768' title='bbox 3934 4956 4029 5017; x_wconf 75' lang='grc' dir='ltr'>τὰς</span> 
     </span>
    </p>
   </div>
   <div class='ocr_carea' id='block_1_110' title="bbox 2460 5049 4029 5125">
    <p class='ocr_par' dir='ltr' id='par_1_110' title="bbox 2460 5049 4029 5125">
     <span class='ocr_line' id='line_1_110' title="bbox 2460 5049 4029 5125; baseline -0.005 -18"><span class='ocrx_word' id='word_1_769' title='bbox 2460 5057 2656 5125; x_wconf 77' lang='grc' dir='ltr'>ψυχὰς,</span> <span class='ocrx_word' id='word_1_770' title='bbox 2707 5056 2933 5124; x_wconf 71' lang='grc' dir='ltr'>ἀνικμον</span> <span class='ocrx_word' id='word_1_771' title='bbox 2975 5051 3043 5124; x_wconf 76' lang='grc' dir='ltr'>ἦν</span> <span class='ocrx_word' id='word_1_772' title='bbox 3071 5053 3348 5115; x_wconf 80' lang='grc' dir='ltr'>παντελῶς</span> <span class='ocrx_word' id='word_1_773' title='bbox 3384 5052 3443 5104; x_wconf 82' lang='grc' dir='ltr'><strong>τὸ</strong></span> <span class='ocrx_word' id='word_1_774' title='bbox 3488 5049 3851 5120; x_wconf 78' lang='grc' dir='ltr'>ἀνθρώπινον,</span> <span class='ocrx_word' id='word_1_775' title='bbox 3886 5049 4029 5100; x_wconf 73' lang='grc' dir='ltr'>είδωο</span> 
     </span>
    </p>
   </div>
   <div class='ocr_carea' id='block_1_111' title="bbox 2462 5137 4028 5211">
    <p class='ocr_par' dir='ltr' id='par_1_111' title="bbox 2462 5137 4028 5211">
     <span class='ocr_line' id='line_1_111' title="bbox 2462 5137 4028 5211; baseline -0.005 -16"><span class='ocrx_word' id='word_1_776' title='bbox 2462 5142 2724 5211; x_wconf 89' lang='grc' dir='ltr'>λομανίας</span> <span class='ocrx_word' id='word_1_777' title='bbox 2756 5141 2812 5194; x_wconf 83' lang='grc' dir='ltr'><strong>δὲ</strong></span> <span class='ocrx_word' id='word_1_778' title='bbox 2859 5141 3123 5194; x_wconf 85' lang='grc' dir='ltr'>ἐκέκαυτο</span> <span class='ocrx_word' id='word_1_779' title='bbox 3159 5142 3311 5211; x_wconf 68' lang='grc' dir='ltr'>πυρὶ,</span> <span class='ocrx_word' id='word_1_780' title='bbox 3342 5139 3410 5192; x_wconf 83' lang='grc' dir='ltr'><strong>τὰ</strong></span> <span class='ocrx_word' id='word_1_781' title='bbox 3432 5138 3489 5191; x_wconf 81' lang='grc' dir='ltr'>δὲ</span> <span class='ocrx_word' id='word_1_782' title='bbox 3528 5137 3814 5191; x_wconf 86' lang='grc' dir='ltr'>ἐντεθέντα</span> <span class='ocrx_word' id='word_1_783' title='bbox 3880 5137 4028 5207; x_wconf 69' lang='grc' dir='ltr'>παρὰ</span> 
     </span>
    </p>
   </div>
   <div class='ocr_carea' id='block_1_112' title="bbox 2466 5224 4030 5304">
    <p class='ocr_par' dir='ltr' id='par_1_112' title="bbox 2466 5224 4030 5304">
     <span class='ocr_line' id='line_1_112' title="bbox 2466 5224 4030 5304; baseline -0.004 -17"><span class='ocrx_word' id='word_1_784' title='bbox 2466 5234 2559 5288; x_wconf 87' lang='grc' dir='ltr'><strong>τοῦ</strong></span> <span class='ocrx_word' id='word_1_785' title='bbox 2611 5234 2943 5304; x_wconf 81' lang='grc' dir='ltr'>δημιουργοῦ</span> <span class='ocrx_word' id='word_1_786' title='bbox 3006 5232 3278 5303; x_wconf 82' lang='grc' dir='ltr'>σωτηρίας</span> <span class='ocrx_word' id='word_1_787' title='bbox 3324 5232 3632 5300; x_wconf 73' lang='grc' dir='ltr'>σπέρματα,</span> <span class='ocrx_word' id='word_1_788' title='bbox 3679 5224 3875 5295; x_wconf 73' lang='grc' dir='ltr'>οὐδ’ἧν</span> <span class='ocrx_word' id='word_1_789' title='bbox 3906 5229 4030 5280; x_wconf 85' lang='grc' dir='ltr'>ἀνα-</span> 
     </span>
    </p>
   </div>
   <div class='ocr_carea' id='block_1_113' title="bbox 2469 5315 4031 5396">
    <p class='ocr_par' dir='ltr' id='par_1_113' title="bbox 2469 5315 4031 5396">
     <span class='ocr_line' id='line_1_113' title="bbox 2469 5315 4031 5396; baseline -0.006 -17"><span class='ocrx_word' id='word_1_790' title='bbox 2469 5328 2618 5396; x_wconf 85' lang='grc' dir='ltr'>σχεῖν</span> <span class='ocrx_word' id='word_1_791' title='bbox 2671 5325 2905 5396; x_wconf 85' lang='grc' dir='ltr'>βλάστην</span> <span class='ocrx_word' id='word_1_792' title='bbox 2946 5325 3176 5395; x_wconf 88' lang='grc' dir='ltr'>γνησίαν</span> <span class='ocrx_word' id='word_1_793' title='bbox 3211 5325 3311 5394; x_wconf 82' lang='grc' dir='ltr'>τῆς</span> <span class='ocrx_word' id='word_1_794' title='bbox 3364 5322 3603 5391; x_wconf 83' lang='grc' dir='ltr'>φύσεως,</span> <span class='ocrx_word' id='word_1_795' title='bbox 3649 5319 3756 5372; x_wconf 78' lang='grc' dir='ltr'>οὐδ’</span> <span class='ocrx_word' id='word_1_796' title='bbox 3788 5315 3877 5372; x_wconf 76' lang='grc' dir='ltr'>οἶα</span> <span class='ocrx_word' id='word_1_797' title='bbox 3898 5330 4031 5387; x_wconf 66' lang='grc' dir='ltr'>προο</span> 
     </span>
    </p>
   </div>
   <div class='ocr_carea' id='block_1_114' title="bbox 2468 5399 4034 5489">
    <p class='ocr_par' dir='ltr' id='par_1_114' title="bbox 2468 5399 4034 5489">
     <span class='ocr_line' id='line_1_114' title="bbox 2468 5399 4034 5489; baseline -0.007 -16"><span class='ocrx_word' id='word_1_798' title='bbox 2468 5421 2614 5474; x_wconf 77' lang='grc' dir='ltr'>ἑλθσι</span> <span class='ocrx_word' id='word_1_799' title='bbox 2648 5420 2715 5475; x_wconf 85' lang='grc' dir='ltr'>ἂν</span> <span class='ocrx_word' id='word_1_800' title='bbox 2749 5420 3059 5489; x_wconf 83' lang='grc' dir='ltr'>σπέρματος</span> <span class='ocrx_word' id='word_1_801' title='bbox 3119 5414 3347 5484; x_wconf 88' lang='grc' dir='ltr'>ἀγαθοῦ,</span> <span class='ocrx_word' id='word_1_802' title='bbox 3389 5415 3525 5469; x_wconf 82' lang='grc' dir='ltr'><strong>ἀλλά</strong></span> <span class='ocrx_word' id='word_1_803' title='bbox 3557 5416 3686 5479; x_wconf 81' lang='grc' dir='ltr'>πᾶν,</span> <span class='ocrx_word' id='word_1_804' title='bbox 3742 5399 3891 5480; x_wconf 79' lang='grc' dir='ltr'>ὅπερ</span> <span class='ocrx_word' id='word_1_805' title='bbox 3912 5412 4034 5463; x_wconf 80' lang='grc' dir='ltr'>ἐπε-</span> 
     </span>
    </p>
   </div>
   <div class='ocr_carea' id='block_1_115' title="bbox 2474 5503 4031 5583">
    <p class='ocr_par' dir='ltr' id='par_1_115' title="bbox 2474 5503 4031 5583">
     <span class='ocr_line' id='line_1_115' title="bbox 2474 5503 4031 5583; baseline -0.007 -16"><span class='ocrx_word' id='word_1_806' title='bbox 2474 5512 2636 5583; x_wconf 70' lang='grc' dir='ltr'>φύκει</span> <span class='ocrx_word' id='word_1_807' title='bbox 2683 5511 2983 5583; x_wconf 76' lang='grc' dir='ltr'>ἀλλότριον,</span> <span class='ocrx_word' id='word_1_808' title='bbox 3024 5510 3119 5563; x_wconf 80' lang='grc' dir='ltr'>καὶ</span> <span class='ocrx_word' id='word_1_809' title='bbox 3150 5510 3299 5574; x_wconf 82' lang='grc' dir='ltr'>ξένον</span> <span class='ocrx_word' id='word_1_810' title='bbox 3325 5503 3395 5580; x_wconf 78' lang='grc' dir='ltr'>ἦν</span> <span class='ocrx_word' id='word_1_811' title='bbox 3417 5506 3799 5577; x_wconf 88' lang='grc' dir='ltr'>γνωρίσματος</span> <span class='ocrx_word' id='word_1_812' title='bbox 3828 5503 4031 5557; x_wconf 80' lang='grc' dir='ltr'>οἰκείου</span> 
     </span>
    </p>
   </div>
   <div class='ocr_carea' id='block_1_116' title="bbox 2472 5597 4027 5676">
    <p class='ocr_par' dir='ltr' id='par_1_116' title="bbox 2472 5597 4027 5676">
     <span class='ocr_line' id='line_1_116' title="bbox 2472 5597 4027 5676; baseline -0.007 -17"><span class='ocrx_word' id='word_1_813' title='bbox 2472 5606 2654 5671; x_wconf 82' lang='grc' dir='ltr'>πλέον,</span> <span class='ocrx_word' id='word_1_814' title='bbox 2696 5606 2730 5676; x_wconf 89' lang='grc' dir='ltr'>ἢ</span> <span class='ocrx_word' id='word_1_815' title='bbox 2762 5605 2900 5673; x_wconf 85' lang='grc' dir='ltr'>νόσῳ</span> <span class='ocrx_word' id='word_1_816' title='bbox 2938 5601 3138 5674; x_wconf 70' lang='grc' dir='ltr'>[νόσον]</span> <span class='ocrx_word' id='word_1_817' title='bbox 3198 5600 3309 5653; x_wconf 84' lang='grc' dir='ltr'><strong>τῶν</strong></span> <span class='ocrx_word' id='word_1_818' title='bbox 3359 5597 3674 5667; x_wconf 85' lang='grc' dir='ltr'>γεννώντων</span> <span class='ocrx_word' id='word_1_819' title='bbox 3720 5598 3786 5649; x_wconf 83' lang='grc' dir='ltr'><strong>τά</strong></span> <span class='ocrx_word' id='word_1_820' title='bbox 3810 5597 4027 5666; x_wconf 82' lang='grc' dir='ltr'>τέρατα.</span> 
     </span>
    </p>
   </div>
   <div class='ocr_carea' id='block_1_117' title="bbox 2472 5686 4033 5767">
    <p class='ocr_par' dir='ltr' id='par_1_117' title="bbox 2472 5686 4033 5767">
     <span class='ocr_line' id='line_1_117' title="bbox 2472 5686 4033 5767; baseline -0.013 -18"><span class='ocrx_word' id='word_1_821' title='bbox 2472 5697 2770 5766; x_wconf 82' lang='grc' dir='ltr'>Δαιμονίων</span> <span class='ocrx_word' id='word_1_822' title='bbox 2819 5694 2924 5767; x_wconf 83' lang='grc' dir='ltr'><strong>γὰρ</strong></span> <span class='ocrx_word' id='word_1_823' title='bbox 2979 5693 3155 5745; x_wconf 73' lang='grc' dir='ltr'>ἔτικτε</span> <span class='ocrx_word' id='word_1_824' title='bbox 3216 5689 3577 5759; x_wconf 77' lang='grc' dir='ltr'>θεραπευτὰς,</span> <span class='ocrx_word' id='word_1_825' title='bbox 3613 5688 3705 5739; x_wconf 72' lang='grc' dir='ltr'>καὶ</span> <span class='ocrx_word' id='word_1_826' title='bbox 3732 5686 3792 5738; x_wconf 84' lang='grc' dir='ltr'><strong>ού</strong></span> <span class='ocrx_word' id='word_1_827' title='bbox 3809 5687 3908 5754; x_wconf 78' lang='grc' dir='ltr'>τῆς</span> <span class='ocrx_word' id='word_1_828' title='bbox 3944 5687 4033 5754; x_wconf 74' lang='grc' dir='ltr'>δη-</span> 
     </span>
    </p>
   </div>
   <div class='ocr_carea' id='block_1_118' title="bbox 2470 5778 4028 5863">
    <p class='ocr_par' dir='ltr' id='par_1_118' title="bbox 2470 5778 4028 5863">
     <span class='ocr_line' id='line_1_118' title="bbox 2470 5778 4028 5863; baseline -0.012 -15"><span class='ocrx_word' id='word_1_829' title='bbox 2470 5791 2732 5863; x_wconf 78' lang='grc' dir='ltr'>μιονργοῦ</span> <span class='ocrx_word' id='word_1_830' title='bbox 2787 5788 2891 5845; x_wconf 83' lang='grc' dir='ltr'><strong>τῶν</strong></span> <span class='ocrx_word' id='word_1_831' title='bbox 2943 5789 3076 5843; x_wconf 71' lang='grc' dir='ltr'>ὅλων</span> <span class='ocrx_word' id='word_1_832' title='bbox 3109 5786 3307 5850; x_wconf 77' lang='grc' dir='ltr'>αἰτίας,</span> <span class='ocrx_word' id='word_1_833' title='bbox 3370 5784 3621 5839; x_wconf 79' lang='grc' dir='ltr'>ἀπάντων</span> <span class='ocrx_word' id='word_1_834' title='bbox 3654 5778 4028 5834; x_wconf 67' lang='grc' dir='ltr'>καταλελοιπό-</span> 
     </span>
    </p>
   </div>
  </div>
