4232 6444
788 367 884 426 175

2029 371 2306 432 LEONIS
2337 373 2796 434 PHILOSOPIII

3915 373 4012 438 176

785 475 1127 530 dulcedinem
1163 478 1578 548 perpenderent,
1619 493 1793 551 neque
1825 481 2032 536 clausis
2079 481 2254 536 oculis
2278 482 2344 535 ad
2375 490 2421 546 Α
2451 505 2456 554 ;

2341 496 2344 535 l
2375 490 2421 546 Α
2451 487 2646 554 χωρεῖν
2677 485 2814 556 πρὸς
2852 486 2945 538 τὸν
2985 485 3232 540 θάνατον.
3264 485 3429 539 Ταῦθ’
3463 488 3496 557 ἡ
3557 482 3855 555 τυραννικὴ
3910 487 4012 534 κα-

786 569 1065 622 intcritom
1095 579 1336 624 ruerent.
1369 571 1493 627 Haec
1519 582 1876 642 tyrannorum
1910 574 2136 629 subdola
2160 583 2213 625 ct
2234 589 2349 627 ma-
2376 628 2378 631 .

787 661 969 715 litiosa
1000 663 1255 714 versutia.
1299 661 1394 717 His
1427 667 1726 730 puerilibus
1759 670 2085 720 commentis
2133 668 2349 735 tyranni

789 765 927 804 tene
956 751 1239 820 sapientiae
1268 763 1542 810 amatores
1566 757 1620 808 in
1655 754 1900 811 fraudem
1933 757 2205 827 impellere
2233 765 2350 812 stu-

786 843 1008 895 ciebant.
1040 843 1110 896 At
1138 859 1203 898 ex
1242 846 1456 900 illorum
1492 863 1721 902 numero
1768 851 1907 904 alius
1938 849 2083 903 aliud
2124 864 2352 919 respon-

788 947 906 985 sum
938 933 1122 989 dabat.
1151 935 1248 988 Hic
1279 936 1549 991 clamabat
1583 955 1596 992 :
1640 937 1784 993 Nihil
1835 954 2049 999 eorum,
2095 955 2218 1008 qua:
2249 941 2352 994 sub

788 1033 1070 1090 aspectum
1106 1025 1332 1090 eadunt,
1369 1044 1455 1082 me
1504 1028 1758 1095 delectat,
1813 1037 1924 1084 tota
1953 1032 2249 1099 cupiditate
2284 1028 2350 1082 ad

790 1119 912 1180 hoc,
947 1129 1006 1171 ut
1042 1133 1140 1187 pro
1193 1117 1414 1175 Christo
1452 1123 1647 1190 patiar,
1681 1121 1874 1177 eﬂ‘usa.
1914 1120 2008 1176 Ille
2031 1137 2160 1177 vero
2191 1137 2206 1174 :
2232 1119 2350 1174 Jam

787 1209 1006 1263 occasio
1035 1209 1212 1274 adest,
1245 1220 1306 1266 ut
1337 1212 1711 1267 fortitudinem
1735 1228 1912 1268 meam
1944 1214 2000 1267 in
2038 1211 2350 1268 certamini-

790 1301 892 1353 bus
921 1316 1020 1369 pro
1045 1317 1167 1374 rege
1198 1319 1316 1358 meo
1347 1304 1669 1370 subeundis,
1713 1305 2103 1360 demonstrem.
2150 1304 2305 1357 Alius
2335 1321 2349 1357 :

790 1387 943 1442 Nunc
973 1403 1074 1459 par
1107 1399 1294 1456 estut,
1328 1391 1454 1445 dum
1482 1391 1581 1446 llos
1614 1395 1714 1448 mvi
1746 1395 1911 1464 viget,
1937 1394 2131 1448 delicto
2157 1408 2241 1448 me
2273 1393 2350 1447 si-

790 1488 952 1546 stam,
986 1481 1300 1550 priusquam
1324 1483 1514 1549 (senio.
1547 1494 1850 1538 cxarescat.
1875 1485 2027 1538 Alius
2063 1484 2248 1538 animo
2288 1483 2354 1536 ad

791 1567 942 1636 plura
984 1569 1228 1633 diducto,
1264 1579 1319 1625 et
1355 1572 1606 1626 oratione
1638 1574 1914 1639 copiosior
1940 1574 2067 1628 talia
2105 1575 2351 1645 quadam

791 1657 1118 1726 loquebatur
1149 1679 1162 1714 :
1199 1661 1336 1716 Sunt
1364 1664 1581 1732 quidem
1619 1665 1866 1733 pulchra,
1890 1682 2011 1735 quae
2030 1681 2355 1721 commemo-

789 1749 947 1804 rasti.
988 1750 1227 1805 Pulchra
1256 1767 1397 1816 esse,
1434 1768 1610 1822 neque
1634 1770 1734 1809 nos
1757 1756 2081 1817 iniiciamur,
2117 1765 2222 1810 eta
2247 1753 2356 1808 Deo

790 1857 1088 1907 concessa;
1117 1845 1439 1912 acproinde
1470 1846 1673 1915 gratias
1704 1846 1878 1901 eidem
1933 1848 2128 1899 merito
2148 1845 2353 1913 persol-
2384 1828 2427 1882 Β

788 1931 987 1987 vimus.
1004 1932 1085 2012 [At
1119 1949 1227 2002 qua
1248 1936 1466 1989 ratione
1504 1937 1708 2004 gratias
1737 1951 2048 2006 ageremus,
2087 1937 2134 1991 si
2186 1937 2350 1990 nimia

789 2023 985 2078 horum
1014 2025 1312 2094 cupiditate
1349 2027 1416 2079 ab
1447 2027 1541 2080 illo
1580 2027 2032 2098 sejungeremur?
2069 2025 2354 2094 Quomodo

789 2129 945 2169 mens
977 2116 1066 2169 illa
1091 2131 1261 2186 gnara
1299 2117 1511 2186 pulchri
1543 2120 1724 2173 vocari
1765 2129 1962 2189 potest,
1999 2135 2119 2189 quae
2151 2120 2354 2173 donum

791 2206 1043 2271 honorat,
1071 2210 1366 2264 donantcm
1397 2213 1763 2279 aspernatur?
1789 2211 2022 2268 Pulchra
2054 2221 2180 2268 sunt
2211 2214 2354 2278 ista;

789 2298 886 2353 sed
917 2300 962 2354 si
1012 2301 1137 2370 quis
1169 2311 1337 2356 lotam
1401 2318 1555 2357 suam
1595 2304 1981 2372 cogitationem
2017 2304 2083 2356 ad
2129 2320 2192 2359 ea
2226 2319 2356 2358 con-

788 2394 971 2458 vertit,
1029 2402 1084 2446 et
1134 2403 1355 2464 propter
1392 2410 1581 2450 eorum
1625 2410 1890 2461 amorem,
1927 2397 2046 2465 ejus
2083 2399 2171 2467 qui
2231 2414 2357 2453 vere

788 2483 1015 2550 pulcher
1045 2491 1150 2548 est,
1188 2499 1426 2564 amorem
1473 2485 1809 2556 exstinguit,
1843 2487 1943 2541 iste
1995 2496 2050 2542 et
2085 2489 2356 2558 pessimus

788 2575 892 2628 sibi
941 2576 1041 2645 ipsi
1101 2576 1352 2643 eﬂicitur,
1384 2588 1438 2633 et
1494 2579 1661 2633 miser
1698 2579 1767 2632 ob
1799 2581 2151 2648 voluptatem,
2190 2597 2351 2649 quam

788 2664 917 2720 inde
940 2669 1104 2738 capit,
1136 2677 1190 2722 et
1220 2668 1377 2738 longe
1404 2668 1581 2722 adhuc
1615 2670 1871 2725 miserior
1895 2672 1964 2725 ob
1987 2685 2193 2740 poenas,
2217 2688 2352 2741 quas

788 2762 919 2815 dum
953 2763 1117 2817 rebus
1148 2763 1358 2818 modice
1389 2779 1610 2820 sensum
1638 2764 1987 2820 titillantibus
2029 2765 2222 2830 inhiat,
2255 2766 2354 2819 sibi

787 2853 1032 2908 asciscit.
1085 2851 1441 2924 Nequaquam
1502 2857 1669 2925 igitur
1724 2865 2028 2926 opportuna
2057 2865 2139 2911 est
2188 2856 2354 2910 animi

788 2946 956 2998 vestri
989 2945 1042 2999 in
1072 2961 1171 3001 nos
1201 2947 1602 3011 benevolentia,
1654 2963 1830 3017 neque
1872 2948 2017 3001 enim
2061 2947 2358 3018 quidquam

789 3036 1140 3091 emolumenti
1168 3037 1345 3092 affert.
1378 3039 1449 3092 At
1474 3038 1585 3092 haec
1619 3037 1800 3093 dulcia
1828 3048 1978 3103 sunt,
2013 3048 2359 3106 mentemque

2451 577 2785 646 κεντρέχεια.
2823 574 3042 637 Τούτοις
3073 579 3106 644 ἡ
3156 575 3526 646 παιδαριώδης
3577 575 3685 628 τῶν
3734 573 4014 643 τυράννων

2451 667 2683 732 ἐπίνοια,
2713 667 2814 736 τῆς
2847 666 3103 736 ἀληθινῆς
3165 665 3356 736 σοφίας
3399 669 3534 734 τοὺς,
3589 666 3824 736 ἐραστὰς
3865 666 4016 718 ἐπει-

2454 755 2582 823 ρᾶτο
2631 752 3110 824 παραλογίζεσθαι.
3153 753 3274 806 Τῶν
3315 753 3372 808 δὲ
3421 755 3578 818 ἄλλος
3637 753 3802 822 ἀλλην
3863 752 4017 820 ἱερὰν

2452 844 2600 914 ἠφίει
2629 846 2830 916 φωνήν.
2873 845 2934 899 '0
2969 847 3065 914 μὲν
3103 845 3211 917 γὰρ
3255 844 3464 914 ἔλεγεν·
3515 845 3679 899 Οὐδὲν
3708 844 3817 896 τῶν
3878 845 4017 912 ὁρωο

2457 936 2632 1004 μένων
2665 934 2788 1005 ἐμοὶ
2804 935 3058 1003 τερπνὸν,
3086 935 3214 1005 ὅλης
3247 935 3343 1004 τῆς
3368 935 3680 1004 ἐπιθυμίας,
3708 934 3787 996 εἰς
3820 932 3884 984 τὸ
3914 948 4018 985 πα-

2454 1025 2564 1076 θεῖν
2590 1024 2730 1095 ὑπὲρ
2751 1023 2987 1095 Χριστοῦ
3016 1025 3412 1095 κεκενωμένης.
3456 1023 3513 1076 '0
3541 1025 3597 1077 δὲ
3625 1065 3642 1089 ,
3668 1023 3780 1077 Νῦν
3823 1021 4015 1090 ἐπιτή-

2453 1117 2593 1169 δειον
2647 1116 2804 1186 ἣκειν
2853 1134 2943 1186 μοι
2989 1115 3082 1169 τὸν
3133 1117 3345 1186 καιρὸν,
3406 1115 3468 1168 τὸ
3502 1115 3745 1186 ἀνδρεῖον
3795 1114 3854 1166 έν
3903 1113 4016 1174 τοῖς

2455 1205 2594 1273 ὑπὲρ
2614 1203 2707 1256 τοῦ
2733 1205 2999 1274 ἡμετέρου
3064 1202 3326 1272 βασιλέως
3391 1203 3600 1272 ἀγῶσιν
3658 1200 4014 1268 ἐνδείξασθαι.

2455 1297 2566 1350 Kal.
2589 1297 2744 1360 ἄλλος
2765 1312 2778 1326 ·
2815 1297 2930 1350 Νῦν
2954 1297 3224 1368 προσῆκεν
3245 1299 3301 1350 ἐν
3329 1297 3486 1351 ἀνθει
3516 1297 3612 1367 τῆς
3643 1295 3889 1363 νεότητος
3918 1293 4017 1359 ὀφ-

2456 1387 2614 1456 θῆναι
2645 1388 2720 1459 τῷ
2751 1387 3085 1460 ποθουμένῳ,
3130 1387 3259 1459 πρὶν
3316 1388 3349 1458 ἢ
3401 1385 3889 1459 καταμαρανθῆναι
3938 1382 4018 1451 τῷ

2457 1481 2642 1548 γήρει.
2673 1480 2897 1550 Ἕτερος
2931 1481 2986 1533 δὲ
3003 1481 3258 1534 ὲπιπλέον
3281 1479 3598 1550 κινούμενος
3627 1479 3727 1547 τὴν
3752 1478 4016 1539 διάνοιαν,

2458 1572 2551 1623 καὶ
2574 1566 2687 1626 οἷον
2722 1571 2860 1642 ῥέων
2892 1571 2971 1642 τῷ
3015 1571 3181 1642 λόγῳ,
3229 1571 3453 1625 τοιαῦτά
3504 1588 3629 1625 τινα
3679 1570 4014 1639 ἐφθέγγετο·

2457 1657 2609 1716 Εἶναι
2644 1662 2744 1732 μὲν
2772 1662 2946 1716 ταῦτα
2984 1663 3145 1728 καλὰ,
3177 1661 3493 1733 ἀπερέφης,
3543 1659 3684 1714 καλὰ
3712 1658 3808 1713 καὶ
3860 1659 4021 1730 ἡμεῖς

2459 1752 2736 1822 σύνισμεν,
2785 1755 2878 1807 καὶ
2906 1755 3058 1826 παρά
3106 1752 3240 1806 Θεοῦ
3291 1752 3534 1806 δεδόσθαι
3580 1750 3785 1823 μέντοι,
3845 1749 3932 1819 ἐφ’
3977 1740 4023 1815 ᾧ

2459 1847 2617 1915 χάριν
2639 1845 2871 1899 εἰδέναιο
2905 1846 3022 1910 πῶς
3051 1846 3095 1899 δ’
3122 1845 3188 1900 ἂν
3214 1845 3486 1915 εἰδείημεν
3514 1845 3696 1915 χάριν,
3726 1844 3774 1895 εί
3810 1841 3893 1912 τῷ
3920 1841 4022 1894 πό-

2458 1931 2535 2002 θῳ
2557 1932 2762 1986 τούτων
2793 1934 3002 1988 ἐκείνου
3061 1931 3532 2004 διαζευγνύμεθας
3574 1933 3677 1986 ποῦ
3725 1933 3782 1985 δε
3824 1931 4023 2000 φρενὸς

2457 2024 2861 2091 εἰδυίαςκαλὺν,
2899 2025 2960 2079 τὸ
2989 2026 3085 2096 μὲν
3114 2025 3285 2096 δῶρον
3327 2026 3530 2078 ἐθέλειν
3572 2028 3760 2096 τιμᾷν,
3818 2023 3920 2092 τῆς
3965 2021 4024 2075 δὲ

2456 2116 2550 2167 τοῦ
2592 2117 2882 2180 δεδωκότος
2935 2118 3103 2188 τιμῆς
3145 2118 3566 2188 κατολιγωρεῖν;
3625 2117 3764 2170 καλά
3826 2114 4020 2168 ταῦτα.

2469 2207 2609 2260 Ἀλλ’
2637 2209 2771 2274 εῖτις
2800 2209 2920 2263 ὅλον
2968 2209 3059 2262 τὸν
3087 2209 3212 2262 νοῦν
3258 2211 3393 2280 πρὸς
3451 2208 3588 2262 αὐτὰ
3640 2208 3884 2278 στρέφοι.
3931 2206 4024 2260 καὶ

2455 2300 2660 2353 τούτων
2681 2301 2847 2371 ἔρωτι
2868 2302 2962 2355 τοῦ
3000 2301 3167 2365 ὅντως
3199 2301 3364 2354 καλοῦ
3413 2304 3505 2355 τὸν
3553 2299 3732 2372 ἔρωτα
3786 2298 4024 2353 ἀποσϐέ-

2461 2419 2566 2466 σοι,
2596 2389 2750 2458 οὗτος
2779 2395 3040 2458 κάκιστος
3073 2394 3172 2464 μὲν
3195 2394 3395 2464 ἐαυτῷ,
3428 2393 3611 2457 ἄθλιος
3639 2392 3695 2445 δὲ
3742 2391 3842 2462 τῆς
3887 2392 4024 2445 ἀπο-

2457 2493 2722 2554 λαύσεως,
2757 2485 3081 2556 ἀθλιώτερος
3110 2487 3166 2539 δὲ
3195 2485 3294 2555 τῆς
3328 2485 3552 2556 ζημίας,
3581 2485 3647 2556 ἢν
3703 2483 3797 2536 ἐπὶ
3838 2480 4015 2553 μικρὰ

2457 2582 2816 2646 δελεάζουσιν,
2851 2575 3168 2640 ἀντελέξατο
3199 2595 3212 2608 ·
3244 2577 3344 2628 ούκ
3404 2576 3498 2630 οῦν
3542 2578 3670 2646 ὑμῖν
3725 2577 3784 2628 ὲν
3839 2572 4020 2644 καιρῷ

2457 2673 2519 2725 τὸ
2551 2671 2649 2740 τῆς
2679 2666 2904 2738 γνώμης
2926 2665 3225 2735 κηδόμενον
3257 2667 3339 2735 (οὐ
3383 2667 3492 2737 γὰρ
3539 2666 3735 2735 κτῆσιν
3796 2662 4024 2731 ἀγαθῶν

2460 2761 2779 2832 εἰσηγεῖται)
2806 2759 2941 2828 ἔχειν
2962 2774 3014 2809 τι
3058 2756 3223 2810 ταῦτα
3272 2756 3610 2828 θελκτήριον,
3665 2756 3758 2810 καὶ
3802 2757 4027 2821 ὑπαγω-

2459 2854 2575 2920 γὸν,
2601 2851 2737 2906 ἀλλά
2763 2849 2821 2902 τὸ
2851 2847 3046 2909 κάλλος
3071 2847 3402 2918 ἀσύγκριτον
3431 2851 3532 2918 τῆς
3568 2849 3766 2919 ψυχῆς.
3814 2849 3889 2899 Οὐ
3925 2846 4025 2908 δεῖ,

2458 2945 2552 2997 τοῦ
2583 2944 2890 3014 κρείττονος
2938 2940 3272 3010 ἀφεμένους,
3294 2942 3422 3011 περὶ
3444 2942 3504 2994 τὸ
3539 2935 3700 3012 ἦττον
3731 2941 3831 3010 τὴν
3861 2957 4027 2993 σπου·

2459 3037 2552 3108 δὴν
2582 3034 2952 3106 ἐπιστρέφειν.
2989 3032 3198 3095 Γλυκὺς
3255 3034 3284 3086 ὁ
3318 3032 3505 3104 παρὼν
3538 3032 3674 3103 βίος,
3729 3032 3848 3086 ἀλλ’
3902 3031 4024 3084 οὐδὲ

790 3123 1132 3178 devinciendi
1163 3127 1270 3178 vim
1295 3127 1515 3183 habent.
1546 3126 1652 3182 Sed
1679 3127 2027 3196 pulchritudo
2057 3129 2249 3182 anima:
2268 3136 2358 3192 est
2386 3156 2428 3215 ρ

2354 3167 2358 3178 ,
2386 3156 2428 3215 C
2465 3128 2622 3181 σκιὰν
2643 3128 2741 3197 τῆς
2766 3129 2891 3197 ἡμῖν
2907 3126 3278 3198 ἀποκειμένης
3305 3124 3640 3194 γλυκύτητος
3698 3122 4025 3215 ἀναπληροῖ.

790 3216 1258 3284 incomparabilis.
1302 3217 1419 3272 Non
1475 3219 1655 3282 decet,
1713 3229 1771 3273 ut
1805 3221 1926 3286 quis
1981 3220 2359 3289 praestantiore

791 3308 1008 3374 relicto,
1069 3309 1219 3364 circa
1271 3310 1513 3366 deterius
1552 3311 1794 3366 studium
1827 3321 1881 3366 et
1923 3325 2142 3380 Operam
2172 3318 2354 3379 ponat.

792 3397 987 3451 Suavis
1018 3409 1103 3454 est
1130 3416 1371 3470 praesens
1405 3403 1516 3456 vita
1547 3420 1562 3467 ;
1595 3403 1689 3458 sed
1726 3420 1903 3473 neque
1927 3406 2173 3458 umbram
2203 3405 2355 3473 ejus,

791 3506 914 3557 qua:
945 3506 1046 3544 nos
1069 3501 1366 3560 exspectat,
1403 3494 1529 3548 vitae
1564 3497 1967 3564 complectitur.
2009 3495 2128 3549 Non
2157 3496 2360 3549 liniun-

792 3584 997 3631 turres
1055 3578 1684 3649 nostrze‘prtesemihus.
1737 3583 2032 3654 Exspectat
2095 3601 2195 3640 nos
2254 3587 2358 3640 alia

792 3669 925 3731 vita,
951 3670 1109 3738 cujus
1138 3671 1262 3727 ﬁnis
1299 3675 1500 3729 nullus.
1534 3675 1650 3731 Non
1685 3679 1798 3732 abit
1839 3681 1891 3732 in
1931 3680 2161 3733 nihilum
2191 3681 2354 3734 etiam

791 3760 985 3816 isthmc
1012 3771 1199 3818 nostra
1224 3779 1289 3818 ex
1311 3765 1426 3819 luto
1449 3769 1572 3820 iicta
1603 3768 1824 3839 eiligies,
1853 3770 2068 3826 etiamsi
2099 3781 2359 3839 perpetuo

795 3852 953 3920 quasi
1006 3854 1255 3918 radatur,
1290 3858 1572 3926 nmltoque
1614 3859 1796 3914 minus
1845 3861 2060 3925 anima;
2093 3861 2183 3914 sed
2221 3861 2360 3914 hanc

793 3943 1011 4009 quidem
1071 3945 1383 4000 insolubilis
1432 3955 1610 4002 status
1656 3957 1873 4012 manet;
1923 3948 2050 4006 huic
2099 3963 2228 4002 vero
2267 3963 2361 4016 por

792 4034 1233 4102 dissolutionem,
1266 4053 1388 4106 qua!
1431 4041 1698 4103 cernitur,
1729 4042 1994 4094 transitus
2034 4050 2256 4110 paratur
2291 4040 2357 4094 ad

791 4134 993 4181 statum
1027 4127 1485 4182 indissolubilem.
1517 4127 1582 4181 Et
1601 4129 1796 4182 anima:
1831 4129 2072 4197 quidem,
2103 4129 2148 4181 si
2179 4142 2211 4180 a
2235 4142 2358 4182 vera

791 4217 1106 4286 cognitione
1129 4232 1239 4272 non
1273 4219 1512 4282 aberret,
1545 4219 1599 4272 in
1629 4219 1912 4273 beatorum
1947 4219 2169 4273 sedibus
2207 4233 2360 4272 com-

791 4309 1151 4376 moratiojam
1186 4309 1407 4363 decreta
1445 4317 1555 4375 est;
1585 4316 1642 4362 at
1676 4308 1723 4364 si
1759 4307 1825 4362 ad
1857 4309 2199 4363 contrarium
2241 4321 2361 4362 ver—

791 4410 904 4472 gat,
941 4401 1120 4468 poenis
1170 4416 1293 4456 sese
1339 4401 1628 4454 obnoxiam
1683 4401 1859 4455 reddit
1896 4417 1910 4451 :
1958 4416 2159 4468 corpus
2184 4411 2359 4454 autem

2461 3219 2535 3271 Οὐ
2569 3218 2730 3288 μέχρι
2767 3218 2971 3271 τούτων
3021 3218 3220 3285 ’έστηκε
3274 3217 3343 3269 τὰ
3398 3215 3663 3285 ἡμέτερα.
3711 3213 4024 3281 Ἐκδέχεται

2460 3311 2608 3379 ἡμᾶς
2626 3309 2760 3379 ἄλλη
2788 3310 2922 3379 ζωὴ,
2954 3305 3022 3379 ἧς
3057 3309 3153 3377 οὐχ
3185 3309 3416 3360 ἅπτεται
3461 3304 3635 3366 λύσις.
3665 3304 3779 3356 Οὐκ
3817 3302 4026 3372 οἴχεται

2461 3401 2599 3472 πρδς
2628 3401 2688 3454 τὸ
2719 3402 2793 3471 μὴ
2825 3401 2903 3465 ὃν,
2939 3401 3052 3454 οὗθ’
3086 3393 3238 3462 οὗτος
3272 3399 3427 3468 ἡμῶν
3463 3400 3490 3451 ὀ
3515 3399 3738 3468 πήλινος
3781 3398 4023 3467 ἀνδριὰς,

2461 3495 2565 3546 κᾶν
2597 3494 2780 3562 ξέηται
2805 3493 3120 3556 διαπαντὸς,
3143 3491 3267 3545 οῦτε
3303 3491 3484 3559 πολλῷ
3511 3490 3778 3561 πρότερον
3795 3491 3829 3560 ὴ
3853 3489 4023 3559 ψυχὴ,

2461 3584 2597 3638 ἀλλὰ
2625 3587 2689 3653 τῇ
2721 3585 2819 3653 μὲν
2835 3584 3087 3652 ἄλυτοςή
3119 3582 3369 3652 διαμονὴ,
3400 3581 3478 3652 τῷ
3503 3581 3581 3647 δὲ,
3606 3583 3694 3634 διὰ
3733 3581 3831 3650 τῆς
3880 3582 4024 3649 ὁρω-

2465 3679 2636 3746 μένης
2663 3677 2891 3743 λύσεως,
2943 3677 3080 3746 πρὸς
3131 3676 3190 3728 τὸ
3231 3675 3425 3726 ἄλυτον
3469 3676 3503 3743 ἡ
3552 3673 3890 3744 μετάϐασις·
3929 3671 4026 3725 καὶ

2461 3772 2528 3839 τῇ
2567 3770 2664 3840 μὲν
2713 3770 2787 3839 μὴ
2847 3767 3215 3839 ἀπολισθούσῃ
3256 3767 3354 3836 τῆς
3407 3765 3577 3827 ὅντως
3615 3764 3891 3832 γνώσεως,
3967 3767 4029 3817 ὲν

2467 3859 2714 3930 μακαρίᾳ
2746 3857 3075 3928 μεταστάσει
3107 3859 3138 3924 ἡ
3174 3855 3437 3924 διαγωγὴ,
3475 3855 3780 3924 ὺπαχθείσῃ
3807 3853 3863 3906 δὲ
3887 3852 4027 3922 πρὸς

2461 3950 2794 4014 τούναντίον,
2827 3948 2982 4019 λῆξις
3011 3948 3229 4017 ἀπαντᾷ
3255 3946 3550 4017 τιμωρίαςο
3595 3946 3672 4016 τῷ
3708 3945 3765 3998 δὲ
3811 3945 4028 4013 ἀνάγκη

2463 4039 2874 4100 συναπολαύειν,
2903 4031 2977 4090 ὧν
3006 4037 3071 4090 ἂν
3095 4037 3278 4105 ὲκείνη
3307 4035 3516 4102 δεξιῶν,
3563 4036 3595 4106 ἢ
3641 4035 3862 4103 φαύλων
3925 4051 4026 4104 με·

2469 4132 2639 4200 τέχοι.
2676 4131 2739 4182 Εί
2773 4130 2870 4200 μὲν
2903 4125 2996 4183 οὖν
3031 4131 3088 4182 ὲν
3116 4128 3195 4198 τῷ
3223 4128 3449 4199 παρόντι
3472 4128 3532 4180 τὸ
3570 4127 3762 4189 κάλλος
3788 4127 4029 4196 τηρήσο-

2469 4239 2567 4291 μεν
2600 4221 2698 4290 τῆς
2736 4219 2914 4290 ψυχῆς
2941 4220 3180 4289 (τηροῖτο
3233 4219 3277 4270 δ’
3311 4218 3396 4282 ἂν,
3459 4218 3508 4270 εί
3570 4217 3645 4288 μὴ
3697 4217 4030 4287 προδοίημεν

2461 4316 2559 4384 τὴν
2593 4312 2917 4381 εὐσέϐειαν),
2945 4311 3096 4364 ἔσται
3122 4313 3274 4380 ἡμῖν,
3313 4310 3463 4362 ἔσται
3505 4311 3598 4363 καὶ
3639 4310 3812 4362 ταῦτα
3852 4309 3919 4380 δὴ
3959 4309 4032 4362 τὰ

2461 4403 2555 4457 τοῦ
2580 4403 2830 4472 σώματος
2853 4405 2912 4455 ὲν
2943 4401 3190 4470 ἀμείνονι
3216 4401 3608 4471 διαμειϐόμενα
3649 4402 3911 4471 σχήματι.
3963 4402 4031 4454 Εἰ

795 4493 1110 4546 necessario
1153 4502 1246 4547 attt
1287 4493 1446 4547 bonis
1474 4500 1568 4546 aut
1600 4493 1779 4556 malis,
1815 4492 2018 4562 quibus
2061 4485 2199 4558 ipsa,
2234 4505 2357 4559 per-
2393 4494 2466 4548 D4

2356 4525 2357 4528 π
2393 4494 2434 4548 D
2462 4496 2519 4548 δὲ
2545 4496 2609 4565 τῇ
2632 4493 2777 4564 ψυχῇ
2810 4493 3283 4564 παραχωρήσομεν
3300 4491 3398 4553 τὰς
3429 4491 3530 4560 τῆς
3553 4491 3806 4552 ἀσεϐείας
3827 4491 4027 4560 κῆρας,

797 4585 1090 4638 frueretur.
1109 4583 1167 4638 Si
1200 4584 1364 4655 igitur
1385 4585 1438 4639 in
1457 4583 1714 4654 praesenti
1745 4584 1855 4637 vita
1897 4581 2359 4653 pulchritudinem

795 4673 991 4729 anima:
1046 4689 1438 4730 conservemus
1464 4674 1932 4745 (conservabimus
1965 4681 2142 4727 autem
2170 4672 2214 4727 si
2245 4673 2361 4741 pie-

796 4775 961 4820 tatem
997 4782 1105 4820 non
1141 4767 1482 4837 prodamus),
1533 4767 1641 4822 hoc.
1663 4769 1782 4836 ipso
1813 4767 1974 4820 etiam
2004 4765 2218 4834 corpori
2250 4781 2363 4818 me-

791 4858 982 4913 liorem
1018 4857 1248 4913 formam
1275 4868 1328 4913 et
1350 4859 1716 4913 conditionem
1745 4859 2181 4913 conciliabimus.
2207 4856 2360 4922 Quod

793 4950 840 5006 si
865 4951 1138 5019 patiamur
1173 4952 1412 5005 animam
1440 4953 1494 5005 in
1527 4952 1859 5021 impietatem
1893 4951 2127 5020 prolabi,
2155 4958 2209 5004 ct
2237 4950 2362 5004 huic

792 5051 848 5096 et
887 5044 962 5097 illi
1021 5043 1254 5098 insidias
1313 5045 1618 5102 tetendisse
1666 5043 1790 5113 jure
1839 5045 2047 5112 optimo
2100 5043 2360 5098 feremur.

793 5134 934 5198 Quid
967 5134 1132 5203 igitur
1177 5135 1270 5188 illa
1329 5134 1489 5189 nobis
1545 5135 1772 5197 alTertis,
1827 5143 1950 5202 qua:
1983 5150 2157 5203 neque
2191 5136 2360 5188 altera

794 5235 946 5291 parte
1002 5226 1292 5292 pulchrum
1332 5226 1676 5294 respiciunt?
1713 5226 1867 5292 Quod
1920 5225 1964 5280 si
2009 5235 2063 5280 et
2092 5226 2247 5281 vobis
2299 5241 2361 5279 ea

793 5331 914 5381 quae
971 5315 1264 5378 delectant,
1323 5318 1476 5371 cordi
1531 5325 1681 5381 sunt,
1726 5317 1952 5387 quaerite
1975 5318 2116 5370 viam
2143 5334 2264 5387 qua:
2293 5318 2360 5372 ad

794 5419 923 5462 Vere
947 5404 1291 5460 delectabilia
1311 5405 1482 5461 ducit.
1505 5407 1604 5462 Sin
1633 5408 1832 5471 minus,
1870 5408 2028 5463 nobis
2055 5418 2232 5462 autem
2251 5418 2359 5463 tota

793 5495 1052 5566 cogitatio
1091 5506 1280 5553 nostra
1313 5499 1378 5551 ad
1406 5500 1495 5554 illa
1530 5500 1727 5566 tendit,
1763 5517 1828 5556 ne
1852 5502 2142 5570 praesentia
2166 5516 2364 5571 propo-

794 5590 910 5643 nite
940 5604 956 5641 :
995 5590 1129 5644 nihil
1158 5606 1261 5647 nos
1295 5591 1424 5646 inde
1459 5592 1782 5648 abstrahere
1835 5603 2038 5662 potest,
2070 5594 2185 5648 sive
2209 5594 2363 5648 volu-

797 5689 1024 5750 ptatem,
1047 5682 1164 5737 sive
1193 5683 1475 5738 tristitiam
1506 5685 1704 5753 pariat.
1738 5684 1878 5750 Quid
1927 5687 2155 5755 gloriam
2201 5686 2362 5741 nobis

795 5770 1153 5840 pollicemini,
1195 5773 1352 5846 cujus
1401 5774 1610 5838 domini
1669 5790 1781 5832 non
1819 5777 1994 5833 estis?
2023 5776 2163 5843 Quid
2193 5777 2356 5844 datis,

2463 4587 2829 4656 λυμήνασθαι,
2857 4584 3164 4655 καὶταύτῃ,
3196 4585 3435 4654 κάκείνῳ
3464 4583 3906 4646 ἐπιϐουλεύοντες
3961 4584 4030 4637 ἂν

2462 4678 2783 4748 ὀφθείημεν.
2813 4677 2878 4730 Τί
2911 4675 3001 4730 οῦν
3032 4679 3215 4730 ἐκεῖνα
3249 4677 3380 4746 ἡμῖν
3437 4674 3766 4743 εἰσηγεῖσθε,
3821 4674 3856 4728 ἂ
3905 4674 4032 4745 μηδ’

2461 4771 2634 4840 ἑτέρῳ
2667 4769 2822 4840 μέρει
2848 4768 2982 4837 πρὸς
3001 4767 3160 4820 καλὸν
3177 4769 3320 4838 ὁρᾷ;
3361 4768 3422 4821 El
3459 4766 3558 4836 μὲν
3579 4768 3670 4818 καὶ
3701 4767 3828 4834 ὑμῖν
3876 4765 4032 4837 μέλει

2461 4863 2569 4914 τῶν
2597 4862 2866 4930 τερπνῶν,
2899 4859 3172 4930 ζητήσατε
3189 4859 3285 4928 τὴν
3315 4859 3453 4924 ὁδὸν,
3483 4857 3844 4930 ἢδιαϐιϐἀζει
3893 4859 4030 4929 πρὸς

2461 4953 2531 5006 τά
2560 4953 2728 5013 ὄντως
2759 4951 2985 5023 τερπνά.
3050 4953 3113 5004 Εἰ
3159 4951 3215 5003 δὲ
3269 4950 3494 5022 μὴ,ἀλλ’
3525 4953 3654 5022 ἡμῖν
3698 4967 3761 5019 γε
3800 4952 3922 5003 ὅλον
3968 4952 4030 5003 τὸ

2464 5044 2717 5114 φρόνημα
2744 5042 2878 5114 πρὸς
2904 5044 3087 5095 ἐκεῖνα
3111 5041 3521 5112 μεταθεμένοις,
3554 5041 3630 5110 μὴ
3665 5043 3733 5094 τὰ
3785 5043 4031 5111 παρόντα

2463 5133 2793 5205 προτείνετε.
2821 5133 2988 5186 Οὐδὲν
3020 5134 3172 5204 ἡμᾶς
3208 5133 3414 5185 ἐκεῖθεν
3451 5133 3730 5202 μεθέλκειν
3779 5133 4027 5194 δύναται,

2467 5227 2564 5296 οὐχ
2597 5226 2696 5279 ὅσα
2725 5225 2881 5296 φέρει
2913 5225 3124 5296 τέρψιν,
3155 5227 3250 5293 οὐχ
3277 5226 3374 5278 ὅσα
3407 5225 3584 5278 λυπεῖ.
3611 5226 3674 5276 Τί
3708 5226 3866 5289 δόξαν
3896 5227 4030 5295 ἡμῖν

2463 5321 2830 5391 ὑπισχνεῖσθε,
2856 5315 2924 5392 ἦς
2973 5323 3070 5374 οὐκ
3103 5322 3225 5382 ἐστὲ
3253 5320 3462 5389 κύριοι;
3516 5319 3568 5372 τί
3615 5320 3806 5384 δίδοτε,
3848 5319 3886 5373 ἀ
3932 5323 4030 5373 καὶ

2463 5416 2606 5485 ὑμᾶς
2628 5414 2820 5467 θᾶττον
2853 5412 3168 5478 ἀπολείπεις
3205 5413 3257 5464 τί
3285 5413 3350 5474 δ’,
3385 5413 3459 5475 ὡς
3513 5413 3763 5482 φοϐερὸν,
3807 5411 3901 5464 τὸν
3933 5413 4029 5464 θά-

2462 5505 2932 5567 νατονάπειλείτε,
2985 5503 3044 5567 ὃς
3077 5503 3278 5574 μᾶλλον
3311 5505 3440 5573 ὑμῖν
3488 5504 3706 5573 ἀπαντᾷ
3762 5503 4024 5573 φοϐερός;

2463 5597 2521 5651 ἓν
2577 5598 2710 5667 ἡμῖν
2762 5594 3011 5666 τερπνὸν,
3067 5595 3127 5648 τὸ
3190 5594 3330 5665 μετά
3381 5594 3617 5664 Χριστοῦ
3670 5591 3831 5649 εἶναι.
3871 5594 3928 5647 ἓν
3972 5593 4028 5646 δὲ

2464 5686 2720 5757 φοϐερὸν,
2752 5686 2834 5749 τὸ,
2862 5684 3070 5739 ἐκείνου
3109 5682 3458 5754 χωρίζεσθαι.
3517 5683 3684 5737 Ταῦθ’
3729 5686 3758 5737 ὁ
3800 5683 3900 5754 μέν
3943 5700 4026 5746 τις

2463 5781 2571 5836 τῶν
2613 5777 2883 5840 ἀθλητῶν,
2938 5773 3049 5831 οἷον
3109 5777 3336 5842 νιφάδας
3407 5775 3586 5840 ἀφιεὶς
3639 5779 3714 5840 εἰς
3781 5775 4023 5834 ἀφωνίαν
