4232 6444
188 444 283 505 177

1155 446 1433 507 ORATIO
1459 448 1577 507 XV.
1610 471 1679 484 --
1717 448 1791 508 ΙΝ
1833 448 2088 512 OMNES
2126 453 2486 517 SANCTOS.

3307 465 3410 530 178

183 557 450 621 περιέστη
509 554 609 619 τάς
695 554 1025 624 συνηγόρους
1074 555 1172 625 τῆς
1215 555 1424 627 πλάνης
1469 556 1735 624 γλώσσας.
1768 577 1854 654 At

1768 597 1811 654 Α
1842 576 1961 654 quae
1991 564 2147 618 vobis
2171 564 2306 633 ipsis
2335 567 2475 621 [orte
2501 564 2743 621 desunt?
2772 566 2910 632 Quid
2940 579 3200 641 tanquam
3247 577 3409 629 terri-

184 647 411 717 Ἕτερος
432 646 512 710 δὲ,
538 646 608 699 τά
640 646 776 716 μέλη
805 645 1089 716 προῦτεινε
1136 646 1273 717 πρὸς
1329 647 1587 716 ἐκτομὴν,
1646 650 1739 703 καὶ

180 739 318 808 πρὸς
346 738 446 809 τὴν
472 741 688 807 σφαγὴν
728 739 820 792 τὸν
860 738 1062 807 αὐχένα
1099 738 1290 804 ἐδίδου,
1346 740 1441 793 καὶ
1482 740 1554 809 μὴ
1614 742 1742 812 μέλ-

180 836 293 881 λειν
322 831 459 899 πρὸς
483 830 581 899 τὴν
614 833 811 901 πεῖραν
838 829 946 882 τῶν
970 829 1217 899 βασάνων
1251 831 1666 901 παρεκελεύετο.

1847 650 2002 705 licam
2036 661 2267 707 mortem
2301 653 2604 719 minamini,
2654 670 2775 724 quae
2810 657 2962 713 vobis
3011 662 3184 730 magis
3223 659 3414 717 formi-

1846 742 2022 797 danda
2053 745 2235 799 venit?
2284 744 2462 799 Unum
2490 746 2644 801 nobis
2664 749 2966 816 jucundum
2993 764 3093 817 est,
3133 769 3256 810 esse
3286 769 3411 810 cum

1846 834 2085 889 Christo.
2149 835 2327 891 Unum
2368 836 2769 892 formidandum
2796 884 2810 907 ,
2856 844 3101 911 separari
3154 845 3221 899 ab
3264 847 3407 916 ipso.

181 922 305 978 Hac
331 939 477 979 unus
497 939 562 978 ex
588 924 911 979 athletarum:
942 939 1171 979 numero
1197 925 1536 993 prolocutus,
1578 924 1853 980 silentium
1882 928 2140 996 imposuit
2206 932 2408 985 erroris
2472 930 2771 985 advocatis.
2851 935 3004 990 Alius
3061 950 3189 990 vero
3238 951 3411 992 mem-

179 1023 275 1071 bra
305 1018 681 1088 protendebat,
712 1026 775 1071 ut
801 1026 1238 1088 amputarentur,
1269 1025 1324 1072 et
1352 1018 1644 1080 cervicem,
1678 1026 1737 1071 ut
1771 1019 2177 1086 praecideretur,
2202 1028 2635 1092 cunctantesque
2686 1022 2754 1077 ad
2804 1029 3071 1079 tormenta
3126 1026 3409 1081 inferenda

178 1111 476 1167 excitabat.

260 1202 462 1273 ’Δλλ’ἡ
496 1201 596 1272 μέν
628 1200 740 1255 τῶν
763 1201 1060 1273 προμάχων
1107 1202 1207 1271 τῆς
1243 1200 1521 1269 ἀληθείας,
1571 1202 1744 1265 οὕτως

180 1294 603 1362 ἀκατάπληκτος
639 1294 938 1365 παρρησία.
983 1293 1046 1346 'ﬂ
1092 1294 1150 1346 δὲ
1180 1293 1400 1363 ποικίλη
1446 1293 1555 1346 τῶν
1594 1293 1747 1346 δικα-

180 1387 325 1440 στῶν
356 1386 635 1440 κακόνοια.
661 1386 789 1446 Τοῖς
816 1386 913 1455 μὲν
946 1385 1148 1448 εὐθέως
1198 1386 1420 1455 ἐπηφίει
1466 1384 1535 1437 τὰ
1571 1384 1742 1448 δεινά,

182 1479 279 1531 καὶ
309 1477 399 1529 διὰ
457 1475 568 1528 τῶν
618 1475 1011 1546 παλαισμάτων
1053 1475 1327 1545 ἐλάμϐανε
1372 1474 1603 1543 δοκιμὴν
1648 1474 1754 1542 τῆς

178 1585 241 1620 τε
317 1569 591 1638 ἀηττήτου
658 1565 769 1621 τῶν
832 1567 1079 1636 ἀθλητῶν
1149 1568 1417 1637 ἀνδρείας,
1485 1569 1579 1619 καὶ
1646 1567 1747 1635 τῆς

184 1663 333 1730 σφῶν
385 1662 574 1731 ἥττης.
636 1660 700 1712 Οί
758 1661 813 1713 δὲ
862 1660 1037 1714 καίτοι
1110 1661 1245 1731 πρὸς
1318 1661 1512 1729 φόνους
1586 1660 1747 1727 τεθη-

180 1754 404 1823 γμένοι,
464 1755 559 1807 καὶ
612 1753 807 1822 ἥδιστα
855 1752 951 1805 τοῦ
1005 1753 1343 1823 μαρτυρικώ
1399 1753 1465 1807 ἂν
1515 1743 1746 1823 αἵματος

180 1846 487 1917 πιόντες,ἢ
542 1846 757 1911 ὓδατος,
814 1845 895 1898 ἔτι
946 1846 1008 1898 τὸ
1067 1846 1327 1915 μειλίχιον
1373 1846 1741 1912 ὑπεδείκνυον,

186 1939 283 1991 καὶ
308 1938 421 1992 τῶν
446 1939 696 2009 βασάνων
724 1940 936 2008 ἀνεῖχον
973 1938 1069 2009 τὴν
1091 1940 1301 2007 πεῖραν,
1331 1939 1423 1991 καὶ⁹
1481 1939 1614 2009 πρὸς
1645 1939 1741 1992 λα-

179 2036 282 2099 ϐάς
338 2036 535 2104 λόγων,
585 2038 775 2106 πράως
828 2036 1110 2097 δοκοῦντες
1159 2034 1319 2103 ἔχειν,
1367 2034 1445 2085 ἔτι
1479 2030 1740 2086 συνεπλέ-

182 2141 341 2176 κοντο
364 2166 380 2188 ,
418 2125 481 2176 Εἰ
508 2122 602 2176 καὶ
660 2124 791 2192 ὑμῖν
844 2121 1111 2189 λέγοντες,
1137 2124 1199 2175 οὐ
1248 2121 1588 2191 βουλομένοις
1615 2120 1744 2189 ὁρᾷν

176 2212 239 2265 τὸ
264 2212 567 2281 συμφέρον,
596 2209 1061 2279 περισπούδαστός
1096 2213 1244 2263 ἐστιν
1276 2210 1304 2260 ὁ
1362 2207 1505 2261 οὕτω
1550 2208 1743 2278 πικρὸς

178 2302 438 2365 θάνατος,
479 2303 594 2355 ἀλλ’
645 2303 793 2372 ἡμᾶς
834 2318 899 2369 γε
936 2298 1118 2363 οἶκτος
1167 2299 1495 2367 εἰσέρχεται,
1538 2300 1631 2350 καὶ
1680 2298 1741 2349 οὐ

179 2392 490 2461 βουλόμεθα
508 2392 694 2455 κακῶς
717 2393 862 2461 ὑμᾶς
892 2392 1169 2444 ὀλωλέναι.
1200 2391 1400 2460 Ἐχρῆν
1423 2389 1479 2443 δὲ
1522 2390 1740 2459 μᾶλλον,

177 2483 373 2553 ῶσπερ
403 2484 735 2555 διακαθᾶραι
776 2484 855 2553 τῷ
894 2485 959 2535 ἐκ
1006 2482 1182 2549 λόγων
1234 2484 1376 2550 φωτὶ
1428 2482 1528 2550 τὴν
1581 2498 1739 2551 περιι

180 2574 419 2642 σχοῦσαν
448 2575 594 2643 ὑμᾶς
630 2574 859 2642 πλάνην,
886 2574 962 2637 ὡς
994 2573 1061 2626 ἂν
1079 2573 1221 2626 οὓτω
1264 2574 1361 2642 τῆς
1405 2572 1741 2625 ἐπικινδύνου

175 2667 336 2734 δόξης
376 2667 734 2729 ἀποστάντες,
784 2664 940 2729 θεούς
989 2682 1047 2717 τε
1095 2665 1217 2735 μεθ’
1270 2664 1427 2735 ἡμῶν
1477 2662 1739 2733 τιμῲητε,

176 2757 396 2807 καὶτῶν
430 2755 693 2822 βασιλέως
725 2756 945 2824 ἀγαθῶν
978 2756 1356 2825 κοινωνοίητε.,
1392 2755 1597 2825 Ἰησοῦς
1644 2754 1739 2824 μέν

176 2845 287 2913 γὰρ
308 2847 537 2907 ἐκεῖνος,
567 2845 625 2897 ὃν
650 2847 861 2908 ἑαυτοῖς
927 2844 1152 2915 βασιλέα
1213 2846 1591 2915 χειροτονεῖτε,
1651 2842 1743 2895 τὸν

175 2937 285 2988 τῶν
328 2936 649 3006 κακούργων
683 2935 913 2989 θάνατον
964 2936 1226 2999 ὑποστάς,
1258 2936 1359 2989 οὐκ
1396 2935 1552 3005 ἔσχεν
1580 2933 1742 2987 αὐτὸν

177 3026 415 3097 βοηθεῖν.
472 3026 598 3089 Πῶς
649 3022 744 3080 οὖν
785 3028 916 3096 ὑμῖν
972 3028 1264 3097 ἐπαμύνει,
1297 3027 1355 3090 ὃς
1420 3027 1543 3097 μηδ’
1590 3023 1741 3094 αὑτῷ

177 3118 416 3187 ἡμυνενς
455 3118 487 3190 ἦ
526 3116 644 3181 πῶς
673 3118 781 3171 τῶν
812 3120 893 3180 είς
944 3120 1110 3188 τιμὴν
1145 3119 1383 3186 ἡκόντων
1412 3135 1465 3170 τι
1502 3117 1737 3187 μεταδῷ,

177 3208 208 3256 ὁ
237 3206 411 3269 οὕτως
441 3207 650 3275 ἀτίμως
699 3206 912 3273 οανὼν;
954 3206 1219 3274 ἐπίγνωτε
1278 3208 1405 3269 τοὺς
1444 3206 1740 3275 εὐεργέτας

1910 1200 2015 1256 Sed
2047 1199 2160 1255 haec
2188 1201 2409 1270 quidem
2449 1202 2693 1257 veritatis
2743 1210 3211 1274 propugnatorum
3264 1207 3401 1264 adeo

1844 1293 2210 1363 imperterrita
2244 1294 2497 1361 loquendi
2522 1293 2750 1349 libertas
2775 1304 2911 1349 erat.
2956 1298 3022 1349 At
3049 1296 3265 1366 judices
3304 1299 3407 1353 im-

1840 1386 1997 1458 probl
2029 1386 2126 1441 hos
2154 1386 2272 1440 sine
2303 1400 2454 1441 mora
2480 1387 2768 1441 tormentis
2815 1387 3136 1457 subdebant,
3165 1389 3410 1461 ipsisque

1840 1475 2239 1531 certaminibus
2276 1476 2706 1545 experimentum
2740 1479 3035 1533 sumebant
3076 1489 3133 1534 et
3180 1482 3247 1536 de
3274 1483 3412 1537 invi-

1841 1575 1932 1620 cto
1952 1567 2278 1621 athletarum
2315 1566 2532 1631 robore,
2566 1576 2621 1622 et
2653 1569 2720 1622 de
2760 1584 2859 1623 sua
2902 1570 3055 1625 clade
3086 1580 3139 1625 et
3171 1572 3413 1627 victoriae

1847 1659 2162 1713 amissione.
2193 1658 2297 1712 Alii
2338 1674 2471 1713 vero
2500 1661 2752 1729 quamvis
2785 1661 3015 1715 caedium
3054 1663 3256 1730 cupidi,
3294 1679 3411 1717 ma-

1842 1750 2033 1819 gisque
2073 1750 2357 1819 sanguinis
2388 1760 2713 1821 martyrum,
2763 1766 2926 1821 quam
2956 1767 3109 1822 aqua
3136 1754 3407 1820 sitientes,

1842 1841 2136 1896 blanditias
2158 1841 2335 1896 adhuc
2354 1841 2704 1908 adhibebant,
2731 1851 2784 1898 et
2814 1860 2842 1897 a
2878 1844 3218 1900 cruciatibus
3242 1847 3410 1901 absti-

1844 1934 2065 1998 nebant,
2107 1940 2161 1987 et
2190 1934 2255 1987 ad
2290 1933 2594 1989 tendiculas
2618 1935 2939 2000 verborum,
2969 1951 3078 2006 quo
3116 1938 3410 1991 clementes

1842 2039 1965 2079 esse
1990 2024 2342 2087 viderentur,
2398 2039 2517 2079 sese
2576 2027 2983 2080 convertebant.
3039 2027 3187 2082 Licet
3236 2027 3407 2094 vobis,

1843 2116 2080 2181 aiebant,
2132 2116 2441 2170 nolentibus
2500 2131 2724 2171 eernere
2767 2118 2819 2171 id
2851 2119 2995 2185 quod
3041 2118 3405 2183 conducibile,

1842 2220 2029 2260 amara
2060 2220 2207 2260 mors
2235 2205 2538 2275 expetenda
2580 2205 2849 2269 videatur,
2891 2215 2944 2260 at
2972 2221 3071 2261 nos
3098 2208 3409 2263 misericor~

1842 2297 1929 2351 dia
1965 2298 2128 2353 vestri
2160 2298 2329 2367 tangit
2358 2313 2373 2362 ;
2419 2312 2592 2366 neque
2622 2312 2719 2352 vos
2753 2298 2892 2352 male
2920 2299 3099 2368 perire
3131 2300 3404 2354 volumus.

1842 2388 2027 2445 Satius
2074 2397 2257 2444 autem
2288 2396 2427 2454 erat,
2461 2398 2520 2441 ut
2552 2390 2700 2444 velut
2735 2390 3003 2445 orationis
3032 2389 3234 2445 lumine
3261 2406 3406 2455 eam,

1842 2494 1963 2549 quae
1990 2480 2147 2535 vobis
2175 2480 2514 2534 circumfusa
2542 2490 2646 2547 est,
2680 2481 3050 2551 deceptionem
3079 2497 3408 2552 expurgare-

1841 2574 1932 2637 tis,
1962 2581 2022 2627 ut
2056 2573 2137 2628 sic
2162 2572 2380 2627 deserta
2406 2574 2714 2642 periculosa
2748 2575 3121 2642 persuasione,
3155 2574 3286 2630 deos
3318 2589 3409 2629 no-

1843 2665 2050 2719 biscum
2081 2665 2358 2730 coleretis,
2382 2670 2438 2718 et
2467 2664 2756 2730 bonorum,
2779 2680 2902 2733 qua:
2929 2665 3218 2735 imperator
3247 2665 3408 2735 largi-

1844 2766 1949 2820 tur,
1982 2756 2280 2825 participes
2312 2755 2534 2811 essetis.
2562 2755 2694 2811 Nam
2723 2754 2884 2811 Jesus
2914 2756 3025 2820 ille,
3069 2771 3228 2825 quem
3256 2756 3409 2812 vobis

1843 2862 2023 2915 regem
2057 2847 2254 2917 legitis,
2282 2846 2654 2901 maleﬁcorum
2702 2856 2876 2901 morte
2928 2847 3128 2912 subita,
3166 2847 3270 2901 sibi
3295 2847 3409 2917 ipse

1841 2954 1998 3007 opem
2026 2937 2168 2992 ferre
2198 2940 2407 3008 nequit.
2431 2938 2719 3003 Quomodo
2737 2938 2904 3008 igitur
2930 2938 3084 2993 vobis
3101 2948 3407 3005 succurret,

1841 3031 1931 3097 qui
1961 3029 2063 3085 sibi
2100 3045 2209 3084 non
2238 3028 2340 3084 fuit
2375 3029 2617 3085 auxilio?
2639 3029 2747 3083 Aut
2776 3029 3050 3099 quomodo
3076 3030 3143 3094 is,
3170 3030 3262 3099 qui
3294 3038 3407 3083 tam

1841 3119 2260 3188 ignominiosam
2292 3129 2522 3173 mortem
2550 3118 2799 3187 oppetiit,
2824 3119 3013 3188 gloriae
3051 3116 3257 3185 aliquid
3280 3131 3411 3170 con-

1844 3208 2016 3261 feret?
2047 3208 2339 3278 Agnoscite
2371 3207 2748 3263 benefactores
2793 3215 2849 3261 et
2897 3216 3205 3261 servatores
3232 3207 3405 3262 'deos.

177 3296 541 3364 καὶσωτῆρας
595 3295 771 3357 θεούς.
817 3297 930 3364 Οὐχ
969 3296 1153 3363 ὁρᾶτε,
1202 3296 1323 3347 ὅθεν
1369 3294 1436 3346 τὰ
1482 3293 1741 3346 κάλλιστα
1768 3300 1848 3390 C1

1740 3334 1741 3341 η
1768 3330 1811 3390 C
1844 3299 2032 3354 Nonne
2064 3301 2280 3366 videtis,
2344 3301 2488 3355 unde
2541 3302 2906 3370 pulcherrima
2940 3315 3171 3369 qumque
3208 3298 3411 3353 ﬂuant?

178 3388 547 3458 παραγίνεται
572 3406 586 3451 ;
616 3388 805 3448 Ἥλιος
827 3388 1011 3439 οὑτοσὶ
1039 3388 1107 3439 τά
1153 3387 1328 3438 πάντα
1374 3385 1573 3455 πληροῖ
1628 3402 1738 3452 φωρ

1845 3392 1937 3445 Sol
1993 3394 2096 3447 iste
2133 3394 2315 3447 omnia
2364 3394 2551 3462 implet
2587 3394 2814 3456 lumine,
2838 3395 3020 3447 omnia
3059 3392 3247 3461 implet
3277 3393 3405 3446 vita.

175 3482 289 3543 τὸς,
323 3478 499 3531 πάντα
527 3480 723 3548 πληροῖ
744 3479 910 3548 ζωῆς.
948 3479 1220 3546 Ἀγνοείτε
1257 3481 1446 3531 τούτου
1499 3479 1595 3546 τὴν
1645 3476 1737 3529 δύο
1837 3483 1846 3535 ]

1837 3482 1978 3537 Num
2013 3486 2120 3537 vim
2145 3483 2262 3552 ejus
2291 3484 2596 3551 ignoratis?
2628 3485 2709 3536 An
2741 3499 2848 3536 non
2889 3498 2993 3536 nox
3027 3483 3215 3538 etdies
3255 3482 3408 3538 inde-

176 3590 379 3641 ναμιν;
415 3572 489 3625 Οὐ
516 3571 634 3635 νὺξ,
668 3573 759 3624 καὶ
785 3572 966 3641 ἡμέρα
1004 3574 1115 3635 τοῖς
1172 3572 1383 3624 ἐκείνου
1438 3571 1740 3640 ἀκαμάτοις

177 3664 402 3732 δρόμοις
446 3662 758 3731 μερίζεταις
799 3663 874 3713 Οὐ
919 3660 1027 3713 τῶν
1081 3662 1399 3730 θαυμασίων
1454 3660 1631 3729 ὡρῶν,
1681 3659 1737 3712 αἳ

178 3754 371 3823 ῶσπερ
408 3753 600 3821 σεμναί
629 3769 770 3815 τινες
790 3754 946 3823 κόραι
964 3753 1221 3823 ἀλλήλαις
1271 3754 1737 3823 περιχορεύουσιν,

178 3842 337 3909 οὗτός
401 3846 547 3899 ἐστιν
598 3845 951 3911 αἰτιώτατοςς
997 3844 1125 3915 'Ap’
1174 3846 1355 3912 ὀλίγου
1418 3846 1559 3907 τινὸς
1616 3844 1741 3908 ἄξια

178 3940 376 4001 ταῦτα,
401 3940 495 3993 καὶ
520 3940 580 3991 οὐ
605 3940 756 4001 θείας
774 3938 975 4008 τιμῆς;
1014 3939 1146 3991 Οὐδὲ
1188 3940 1419 4008 σελήνην
1469 3939 1604 4001 ίστε,
1642 3938 1741 3989 ὅσα

181 4030 496 4101 ἀνθρώποις
526 4029 835 4100 χαρίζεταις
896 4032 996 4082 ὅσα
1034 4030 1400 4100 συμῦάλλεται
1437 4029 1516 4098 τῷ
1550 4030 1739 4093 παντί;

178 4123 519 4192 Προσφερειν
544 4122 637 4176 οὖν
671 4122 751 4175 δεῖ
782 4124 1065 4195 καὶταύτῃ
1112 4124 1173 4174 τὸ
1223 4122 1384 4184 σέϐας
1414 4138 1427 4150 ⁸
1490 4123 1579 4174 ναὶ
1636 4122 1741 4191 μὴν

180 4218 274 4269 καὶ
298 4219 413 4278 τοῖς
434 4214 616 4278 ἄλλοις
664 4216 999 4285 φωστῆρσιν,
1027 4209 1109 4268 ὧν
1148 4216 1181 4284 ἡ
1219 4214 1489 4282 ἐπιτροπὴ
1550 4213 1744 4266 διοικο-

177 4309 335 4375 νομεῖ
365 4306 435 4359 τά
462 4305 807 4374 ἀνθρώπινα⁸
841 4306 936 4358 ἐπὶ
984 4308 1117 4359 πᾶσι
1148 4306 1226 4372 δὲ,
1264 4305 1341 4376 τῷ
1389 4305 1524 4357 θεῶν
1554 4305 1743 4375 ὑπάτῳ

178 4398 353 4463 Ama;
376 4397 632 4451 ἀπάντων
662 4397 842 4468 είληχε
872 4399 970 4468 τὴν
998 4399 1193 4469 ἀρχήν.

243 4603 391 4673 Πρὸς
443 4602 616 4656 ταῦτα
666 4604 716 4655 οί
776 4604 875 4673 μὲν
905 4602 1012 4655 τῶν
1059 4603 1374 4673 μαρτύρων,
1422 4606 1598 4673 σιωπῇ
1643 4606 1741 4673 τὴν

1841 3578 2042 3633 sinenti
2075 3576 2196 3646 ejus
2224 3592 2391 3630 cursu
2421 3576 2823 3643 distinguitur?
2848 3575 2930 3629 An
2976 3590 3085 3629 non
3114 3575 3408 3630 admirabi-

1841 3668 1972 3721 lium
2003 3667 2283 3729 horarum,
2323 3680 2447 3735 ηοω
2493 3665 2639 3719 velut
2689 3664 2900 3717 decorae
2946 3663 3138 3732 puella:
3175 3665 3408 3719 choreas

1841 3760 1943 3813 sibi
1976 3765 2168 3811 mutuo
2196 3755 2555 3811 succedentes
2573 3754 2794 3824 agitant,
2824 3754 2928 3809 iste
2955 3753 3034 3806 vel
3069 3754 3304 3807 maxime
3324 3760 3410 3807 est

1840 3849 2107 3903 eﬂ'ector?
2138 3850 2221 3900 An
2255 3848 2369 3901 haec
2393 3848 2590 3916 exiguo
2615 3849 2843 3910 honore,
2874 3853 2929 3899 et
2956 3860 3063 3898 non
3107 3846 3295 3899 divino
3320 3844 3405 3897 di-

1841 3957 1945 4011 gna
1991 3942 2158 3996 sunt?
2202 3938 2313 3995 Nec
2348 3948 2553 4009 quanta
2612 3938 2737 3991 luna
2797 3937 3106 3990 hominibus
3164 3944 3403 4004 praestet,

1842 4033 2048 4087 nostis?
2074 4040 2279 4101 quanta
2303 4029 2588 4083 commoda
2635 4042 2816 4081 rerum
2846 4025 3187 4081 universitati
3232 4026 3407 4094 progi-

1842 4124 2004 4191 gnat?
2026 4123 2250 4192 Oportet
2277 4135 2434 4189 ergo,
2459 4129 2519 4173 ut
2557 4128 2611 4173 et
2630 4118 2746 4173 haec
2772 4118 2956 4172 debito
2992 4118 3140 4172 cultu
3169 4117 3405 4181 colatur,

1843 4221 1953 4273 imo
1978 4227 2033 4273 et
2061 4219 2184 4271 aliis
2225 4216 2611 4278 Iuminaribus,
2642 4230 2875 4283 quorum
2905 4228 3125 4268 munere
3169 4212 3405 4265 humana

1843 4309 2318 4372 administrantur,
2350 4307 2534 4360 cultus
2561 4315 2646 4360 est
2674 4306 3039 4360 exhibendus.
3078 4305 3197 4359 ΡΜ
3233 4305 3409 4359 omni-

1845 4400 1949 4455 bus
1979 4406 2180 4461 autem,
2210 4398 2395 4452 divum
2432 4411 2688 4466 supremo
2712 4394 2856 4463 Jovi,
2899 4397 2987 4451 cui
3034 4396 3319 4465 imperium
3350 4395 3406 4449 in

1844 4506 2034 4547 omnes
2062 4490 2433 4546 commissum.

1910 4602 2005 4658 His
2032 4603 2251 4669 auditis,
2284 4612 2580 4673 martyrum
2634 4602 2883 4657 nonnulli
2915 4602 3133 4656 silentio
3156 4616 3399 4656 errorem

174 4693 356 4745 αὐτῶν
372 4692 578 4761 πλάνην
636 4693 976 4746 κατέστενον.
1014 4696 1075 4746 Oi
1116 4694 1171 4746 δὲ
1212 4695 1306 4747 καὶ
1333 4694 1560 4763 δάκρυσι
1614 4712 1743 4748 κατ-
1774 4683 1817 4738 Ῑ)

1731 4724 1743 4734 -
1774 4683 2244 4766 l)deplorabant:
2304 4697 2427 4750 aliis
2482 4696 2716 4749 ubertim
2788 4696 3038 4766 lacryma:
3090 4695 3402 4758 manabant,

174 4783 468 4847 ελείὸοντο,
494 4783 651 4835 τοῦτο
701 4783 799 4852 μὲν
825 4784 919 4837 τοῦ
944 4785 1284 4855 Δημιουργοῦ
1328 4786 1426 4854 τὴν
1482 4785 1636 4856 ὕϐριν
1678 4786 1739 4839 οὐ

175 4878 434 4943 φέροντες
457 4875 739 4945 ἀδακρυτὶ,
770 4875 928 4929 τοῦτο
957 4878 1150 4945 δέ,1καὶ
1178 4880 1302 4941 τοὺς
1349 4878 1738 4947 πλανωμένους

169 4967 275 5035 τῆς
306 4967 565 5029 ἀπονοίας
586 4968 963 5035 οἰκτείροντες.
1015 4971 1206 5033 ’Λλλος
1253 4972 1310 5023 δέ
1370 4988 1452 5034 τις
1486 4972 1738 5038 γλῶσσαν

172 5054 558 5123 πολύφθογγον
585 5058 917 5126 ἀνακινήσας
951 5057 1026 5127 τῷ
1054 5060 1355 5127 Πνεύματι,
1408 5061 1514 5114 τῶν
1565 5061 1739 5128 λόγων

168 5144 233 5196 τὸ
255 5146 503 5213 μάταιον,
536 5145 710 5213 λόγοις
737 5149 1298 5220 άληθείαςὲρῤάπιζε.
1349 5152 1482 5219 Περὶ
1514 5151 1613 5220 μὲν
1642 5154 1741 5222 τῆς

170 5237 266 5289 τοῦ
299 5238 567 5307 ἡμετέρου
583 5238 844 5308 βασιλέως
863 5242 1141 5312 δυνάμεως
1173 5243 1365 5310 λέγων·
1388 5239 1457 5295 ΊΓΩ
1487 5244 1737 5309 δικαστά,

171 5329 229 5381 ιν
278 5330 417 5397 ἔφης
472 5331 561 5384 τὸν
606 5332 714 5385 τῶν
757 5336 1080 5404 κακούργων
1132 5336 1361 5390 θάνατον
1419 5338 1736 5407 ὑπομεῖναι;

168 5425 289 5490 εῖγε
314 5422 621 5495 βουλομένῳ
652 5429 787 5479 σοιὸ
829 5428 1088 5497 λογισμὸς
1122 5429 1257 5501 πρὸς
1300 5431 1360 5482 τὸ
1405 5430 1534 5498 ὕψος
1572 5428 1737 5483 αὐτοῦ

170 5517 273 5583 τῆς
322 5515 741 5584 μεγαλειότητος
769 5520 1118 5583 ἐνατενίζειν,
1166 5521 1338 5588 ἔγνως
1399 5521 1463 5574 ἂν
1515 5517 1625 5584 οἶός
1656 5523 1738 5585 τίς

176 5605 418 5675 ἐστιτήν
446 5605 699 5676 δύναμιν,
757 5611 850 5660 καὶ
896 5607 989 5663 τὸν
1029 5610 1275 5674 θάνατον,
1336 5611 1394 5663 ὃν
1434 5612 1733 5679 χλευάζεις,

171 5694 371 5765 ἡλίκην
432 5696 576 5767 ζωὴν
632 5700 1023 5768 προεξένησεν;
1093 5702 1231 5754 Ἀλλ’
1274 5703 1335 5755 οὐ
1405 5703 1557 5771 φίλον
1608 5705 1738 5773 ὑμῖν

170 5780 521 5851 ἀπηλλάχθαι
545 5784 645 5852 τῆς
675 5786 832 5855 φίλης
852 5788 1080 5857 πλάνης.
1114 5784 1211 5852 Οἷς
1240 5791 1295 5843 δὲ
1333 5793 1461 5861 περί
1491 5810 1549 5845 τε
1582 5792 1735 5862 ἡλίου

178 5870 408 5923 καὶτῶν
454 5871 627 5927 ἄλλων
660 5875 944 5943 συνείρεις.
980 5878 1078 5932 οὐκ
1137 5880 1438 5943 ἀγνοοῦμεν
1484 5883 1606 5944 τοὺς
1655 5882 1738 5935 λό-

1842 4790 2039 4859 partim
2065 4790 2193 4859 quia
2226 4796 2429 4843 tantam
2458 4791 2509 4843 in
2556 4790 2866 4843 Creatorem
2910 4786 3164 4856 injuriam
3201 4786 3405 4854 absque

1842 4881 2099 4951 lacrymis
2133 4880 2273 4935 ferre
2303 4897 2411 4934 non
2444 4890 2719 4950 poterant;
2754 4881 2968 4951 partim.
2990 4878 3116 4945 quia
3148 4877 3405 4947 deceptos

1842 4972 1976 5027 istos
2005 4974 2076 5027 ob
2105 4974 2395 5026 amentiam
2422 4974 2841 5027 miserabantur.
2867 4972 3021 5025 Alius
3053 4980 3232 5023 autem
3264 4984 3401 5023 rese-

1843 5076 1959 5118 rata
1990 5064 2193 5119 diserta
2218 5063 2401 5131 lingua
2453 5080 2549 5133 per
2577 5063 2862 5132 Spiritum,
2894 5062 3160 5116 orationis
3198 5064 3403 5113 vanita-

1844 5167 1972 5221 tem,
2025 5155 2239 5209 dicendi
2298 5157 2525 5209 veritate
2579 5154 2879 5225 eastigabat
2915 5154 2999 5207 his
3029 5161 3082 5206 et
3134 5152 3405 5206 similibus

1840 5246 2064 5301 verbis:
2111 5244 2186 5299 De
2242 5247 2413 5300 nostri
2451 5244 2614 5313 Regis
2664 5245 2925 5313 potentia.
2960 5242 3204 5310 ojudex,
3240 5257 3400 5309 quem

1842 5339 1921 5391 ais
1948 5336 2316 5390 ntalelicorum
2363 5352 2547 5390 necem
2598 5336 2853 5401 subiisse,
2886 5336 2932 5389 si
2978 5335 3070 5388 tibi
3104 5333 3405 5387 collibitum

1839 5434 1987 5480 esset
2020 5424 2181 5492 paulo
2205 5426 2461 5477 attentius
2495 5426 2754 5493 cogitare,
2786 5434 2840 5478 et
2888 5426 2942 5478 in
2975 5424 3404 5493 magnitudinem

1840 5516 1960 5583 ejus
1989 5518 2180 5570 oculos
2211 5516 2465 5587 deﬁgere,
2523 5517 2856 5586 intelligeres
2888 5517 3074 5583 utique
3112 5515 3232 5583 ejus
3275 5514 3382 5567 vim

1841 5611 2134 5679 simulque,
2164 5610 2379 5680 qualem
2414 5611 2605 5673 vitam,
2644 5625 2814 5674 mors,
2842 5625 3006 5678 quam
3040 5609 3207 5673 rides,
3244 5622 3393 5677 pepe-

1841 5698 1994 5752 rerit.
2022 5698 2090 5753 At
2117 5714 2223 5753 non
2253 5708 2466 5768 gratum
2507 5707 2590 5752 est
2622 5700 2800 5765 vobis,
2826 5710 2885 5753 ut
2924 5700 2992 5752 ab
3024 5714 3212 5752 errore
3250 5707 3404 5765 grato

1842 5790 2165 5845 liberemini.
2222 5791 2378 5855 Quod
2412 5806 2540 5845 vero
2591 5792 2659 5846 de
2712 5793 2825 5846 sole
2847 5800 2899 5845 et
2945 5790 3066 5845 aliis
3090 5789 3271 5851 affers,
3296 5805 3402 5843 non

1844 5883 2180 5946 ignoramus,
2216 5899 2354 5947 quos
2388 5883 2649 5939 terminos
2681 5899 2708 5937 a
2735 5882 2988 5938 Creatore
3022 5881 3274 5950 pra-ﬁxos
3310 5882 3387 5935 ba-
