4232 6444
811 401 912 464 179

801 620 832 658 a
874 605 1172 668 ministris,
1209 615 1462 660 creatura
1517 610 1615 660 hac
1665 605 1927 662 inferiore
1977 609 2372 676 superioribus,

805 700 943 752 bona
991 697 1331 766 proveniant.
1388 697 1525 750 Sunt
1583 699 1730 752 enim
1783 699 1940 754 nobis
1979 701 2124 755 oeuli
2157 700 2224 755 ad
2274 701 2378 758 hoc

806 788 1249 859 perspiciendum
1295 789 1432 844 satis
1455 791 1823 859 perspicaces.
1873 792 2145 858 Quocirca
2195 795 2378 850 existi-

805 883 1100 938 mationem
1125 897 1288 951 quam
1320 891 1600 938 merentur
1624 884 1690 938 de
1722 886 1830 939 illis
1863 885 2149 951 habemus,
2181 898 2234 942 et
2266 889 2378 956 pul-

803 973 937 1026 chra
1002 975 1115 1027 haec
1188 972 1459 1038 fatemur,
1534 991 1828 1045 rerumque
1882 978 2376 1047 pulcherrimarum

805 1079 1039 1129 causas;
1065 1065 1256 1134 quidni
1287 1067 1453 1131 enim,
1482 1083 1604 1120 cum
1646 1068 1760 1123 sint
1790 1071 1980 1139 optimi
2012 1070 2226 1139 opificis
2251 1071 2379 1127 effe-

805 1156 933 1209 cta?
957 1157 1024 1210 At
1054 1158 1193 1226 apud
1221 1171 1334 1221 vos,
1371 1164 1429 1210 ut
1463 1159 1638 1212 honor
1660 1160 1798 1230 ipse,
1826 1176 1986 1230 quem
2016 1161 2102 1217 his
2125 1162 2374 1226 defertis,

805 1258 998 1302 contra
1027 1264 1238 1303 omnem
1281 1258 1366 1306 est
1413 1253 1720 1318 rationem,
1774 1255 1848 1308 ita
1885 1262 1942 1307 et
1976 1270 2144 1310 causa
2201 1256 2377 1310 hono-

806 1340 986 1395 randi.
1025 1339 1160 1394 Nam
1193 1357 1333 1412 quas
1390 1346 1608 1400 tandem
1639 1346 1705 1400 de
1729 1345 1837 1400 illis
1857 1347 2148 1416 opiniones
2177 1364 2378 1404 conce-

805 1431 1005 1500 pistis?
1030 1430 1280 1486 Siderum
1305 1434 1448 1488 enim
1473 1434 1718 1503 qumdatn
1747 1451 1895 1491 nunc
1920 1437 2124 1505 Optima
2153 1453 2381 1509 quaeque

806 1524 1064 1578 elIiciunt.
1094 1524 1160 1577 Et
1195 1540 1342 1578 nunc
1380 1528 1602 1595 quidem
1663 1543 1786 1583 cum
1831 1529 1884 1583 in
1940 1529 2045 1582 hac
2077 1540 2232 1599 parte
2265 1533 2381 1586 vol-

805 1624 1044 1680 vuntur,
1100 1617 1467 1671 necessariam
1498 1619 1608 1672 vim
1659 1629 1714 1674 et
1739 1620 2033 1674 efﬁcaciam
2069 1622 2138 1674 ad
2192 1639 2278 1678 res
2308 1624 2382 1694 gi-

807 1707 1051 1777 gnendas
1097 1716 1396 1773 cxserunt;
1448 1716 1503 1763 at
1533 1725 1656 1764 cmn
1698 1710 1825 1764 inde
1856 1711 2180 1776 abscedunt,
2215 1713 2380 1769 simul

808 1802 972 1854 etiam
1008 1800 1090 1855 vis
1120 1810 1172 1856 et
1199 1801 1488 1856 etlicacitas
1515 1801 1867 1856 abscedit.At
1896 1816 1992 1869 par
2023 1818 2133 1856 non
2167 1815 2250 1859 est
2278 1805 2378 1857 hu-

804 1891 1049 1960 jusmodi
1076 1892 1142 1946 de
1169 1891 1278 1954 Deo
1303 1891 1691 1961 cogitationem
1720 1893 2018 1962 suscipere.
2057 1895 2160 1948 Sed
2197 1896 2378 1949 mitta-

807 1997 933 2036 mus
964 1982 1096 2035 hrcc.
1123 1981 1390 2035 Caeterum
1415 1981 1707 2046 afﬁrmare,
1739 1999 1824 2048 ea,
1855 2000 1975 2054 qum
2008 1985 2247 2039 animum
2276 1987 2381 2040 im-

809 2073 1040 2142 probum
1097 2071 1351 2134 reddunt,
1401 2089 1468 2127 ex
1521 2089 1710 2128 eorum
1748 2077 2138 2132 constitutione
2164 2076 2232 2131 ad
2265 2078 2384 2132 ani-

809 2179 957 2218 mum
981 2165 1266 2233 pervenire
1302 2162 1448 2218 fatali
1475 2165 1708 2235 quadam
1735 2168 2080 2231 necessitate,
2110 2171 2384 2237 quomodo

812 2275 922 2314 non
975 2267 1171 2329 prater
1224 2274 1492 2313 summam
1545 2260 1875 2328 impietatem
1935 2262 2224 2330 omnisque
2289 2263 2382 2319 Dei

811 2352 1246 2422 abnegationcm,
1278 2351 1518 2406 omnium
1550 2352 1882 2416 mortalium,
1915 2353 2008 2421 qui
2057 2353 2266 2421 legibus
2295 2371 2382 2412 re-

813 2454 1034 2514 guntur,
1083 2452 1137 2499 et
1171 2452 1353 2498 vestro
1403 2443 1569 2498 etiam
1618 2445 1806 2498 sensui
1844 2446 2057 2514 penitus
2086 2449 2386 2519 repugnat?

811 2537 930 2592 Non
962 2537 1104 2593 enim
1143 2537 1377 2590 arbitror
1405 2551 1470 2592 eo
1497 2538 1752 2606 nequitiae
1796 2553 2122 2608 quemquam
2166 2555 2385 2610 proces-

811 2629 970 2689 sisse,
1000 2626 1240 2681 utDeum
1273 2627 1472 2681 bonum
1491 2643 1614 2683 esse
1643 2630 1866 2683 abnuat.
1929 2631 2046 2696 Qua
2106 2632 2271 2701 igitur
2294 2647 2384 2688 ra-

813 2718 961 2771 tione
984 2732 1013 2768 ιι
1047 2716 1190 2771 bono
1228 2717 1368 2770 mala
1401 2719 1757 2786 provenient?
1789 2721 1883 2774 Sin
1938 2722 2150 2786 minus,
2185 2726 2386 2793 poteris

810 2818 866 2862 et
891 2809 1064 2878 ignem
1099 2823 1318 2863 causam
1345 2809 1545 2864 caloris
1598 2811 1905 2878 nominare,
1939 2822 1993 2868 et
2023 2815 2199 2870 lucem
2231 2825 2384 2872 tene-

812 2901 1058 2956 brarum.
1086 2901 1154 2954 At
1183 2916 1288 2954 non
1321 2900 1580 2956 fatebitur
1606 2903 1728 2964 hoc,
1757 2905 1844 2957 cui
1872 2921 2025 2960 mens
2071 2923 2227 2963 sana.
2268 2909 2385 2976 Qua

811 2990 879 3044 de
935 3005 1098 3044 causa
1155 2992 1298 3061 leges
1331 2990 1464 3055 fers,
1517 3008 1638 3061 quae
1693 2993 1956 3062 improbis
1981 3009 2169 3063 poenas
2198 3001 2387 3054 decer-

811 3081 994 3134 nunt?
1021 3081 1078 3134 Si
1128 3083 1272 3135 enim
1305 3083 1609 3145 istellarum
1639 3086 2154 3147 {constitutionibus
2197 3090 2388 3160 hujus-

2030 405 2219 466 LEON
2232 408 2298 467 fS
2354 404 2818 467 PHILOSOPIII

803 518 964 568 beant
987 553 1002 579 ,
1039 529 1209 583 neque
1239 513 1290 566 id
1320 528 1420 568 nos
1455 514 1612 584 fugit,
1643 522 1847 584 quanta
1878 515 1946 569 ab
1973 517 2082 580 his,
2103 525 2361 585 tanquam
2391 522 2474 578 Α·

1893 515 1946 569 tb
1973 517 2082 580 his,
2103 525 2361 585 tanquam
2391 522 2442 578 A
2465 533 2614 585 70u;,
2641 515 2732 580 οὒς
2757 517 2937 580 αὑτοῖς
2963 515 3114 569 ἔθετο
3142 515 3169 567 ὁ
3191 514 3526 584 Δημιουργὸς
3553 530 3564 542 ·

2477 612 2599 680 ηγεῖ
2637 609 2704 662 δι’
2758 609 2936 662 αὑτῶν
2963 650 2979 675 ,
3013 610 3089 672 ὼς
3132 610 3458 676 λειτουργοῖς
3518 606 3878 677 ἀναϐεϐηκόσι
3944 608 4047 673 τὴν

2479 700 2644 768 ἄλλην
2715 698 3120 769 ὑποϐεϐηκυῖαν
3181 699 3477 753 διατάττων
3560 699 3756 752 κτίσιν.

3945 405 4045 464 180

3620 515 3724 568 οὐδ’
3776 517 3874 567 ὅσα
3907 532 4044 585 χορ.

3834 700 4045 751 Ἔνεισι

2485 791 2682 864 μᾶλλον
2709 794 2839 863 ἡμῖν
2867 791 3132 862 ὀφθαλμοὶ
3161 791 3593 861 τηλαυγέστερον
3623 790 4033 852 διαϐλέποντες.

2504 887 2602 940 Διὰ
2623 885 2779 942 τοῦτο
2806 886 2899 942 καὶ
2929 887 3056 949 τοὺς
3077 887 3448 957 προσήκοντας
3481 886 3664 948 αὐτοῖς
3729 884 4046 956 ἀρμόζομεν

2491 980 2703 1046 λόγους,
2725 979 2820 1032 καὶ
2851 979 2987 1032 καλά
3022 979 3120 1049 μὲν
3158 978 3329 1032 ταῦτά
3355 995 3557 1048 φαμεν,
3612 977 3707 1030 καὶ
3751 977 3861 1029 τῶν
3899 978 4048 1028 καλ-

2481 1070 2679 1124 λίστων
2708 1071 2989 1140 παραίτια.
3040 1069 3162 1132 Πῶς
3213 1069 3319 1141 γὰρ
3350 1069 3450 1122 οὑκ
3475 1067 3665 1138 ἔμελλε
3711 1067 3805 1120 τοῦ
3831 1067 4045 1135 ἀγαθοῦ

2480 1160 2608 1214 ὄντα
2638 1159 3131 1231 δημιουργήματα;
3162 1161 3288 1232 ὑμῖν
3327 1161 3384 1214 δὲ
3414 1161 3602 1232 ὥσπερ
3646 1160 3958 1230 παράλογος
4010 1162 4042 1228 ἡ

2483 1253 2612 1322 περί
2637 1252 2809 1306 ταῦτα
2841 1254 2999 1322 τιμὴ,
3030 1252 3172 1306 οὕτω
3205 1254 3339 1308 πολὺ
3362 1253 3423 1306 τὸ
3449 1254 3758 1323 παράλογον
3789 1251 3904 1322 ἔχει
3954 1253 4048 1305 καὶ

2481 1344 2632 1413 ὁτῆς
2649 1344 2826 1407 αἰτίας
2871 1345 3046 1413 λόγος.
3092 1338 3194 1398 Οἷα
3237 1346 3346 1416 γὰρ
3392 1345 3486 1397 καὶ
3543 1345 3690 1398 δοκεῖ
3739 1344 3869 1414 ὑμῖν
3913 1345 4046 1409 περὶ

2483 1435 2720 1503 τούτων;
2754 1437 2846 1490 νῦν
2875 1437 2924 1490 οἱ
2957 1437 3057 1506 μὲν
3089 1437 3269 1490 αὑτῶν
3301 1437 3368 1490 τά
3395 1435 3534 1490 καλά
3565 1437 3823 1506 φέρουσιν
3875 1436 4007 1505 ὑμῖν
4030 1453 4044 1466 ·

2490 1526 2585 1579 νῦν
2609 1526 2665 1578 δὲ
2699 1531 2747 1581 oi
2780 1527 2934 1582 αὑτοὶ
2963 1527 3125 1580 πάλιν
3153 1527 3260 1580 τῶν
3285 1527 3565 1598 ιχειρόνων
3613 1527 3721 1580 εἰσὶ
3779 1526 4047 1596 δημιουρ-

2481 1618 2586 1685 γοί.
2624 1619 2737 1672 Καὶ
2790 1617 2884 1672 νῦν
2917 1619 3014 1690 μὲν
3059 1621 3118 1672 ὲν
3174 1619 3346 1690 τούτῳ
3397 1620 3552 1690 μέρει
3603 1619 4041 1679 ἐπιϐατεύοντες.

2480 1710 2686 1778 ἄμαχον
2724 1707 2903 1777 ἔχουσι
2958 1709 3071 1762 τόδε
3132 1727 3184 1764 τι
3235 1709 3487 1778 γενέσθαι
3563 1709 3778 1780 ροπήν,’
3838 1707 3938 1764 νῦν
3986 1708 4046 1761 δὲ

2482 1800 2688 1852 ἐκεῖθεν
2733 1800 3164 1870 ἀναχωροῦντες,
3230 1800 3616 1869 ἀναχωροῦσαν
3665 1801 3913 1870 ἔχουσινξ
3945 1799 4046 1870 τὴν

2482 1889 2727 1960 δύναμιν.
2751 1890 2826 1941 Ού
2848 1889 2957 1958 γὰρ
2977 1890 3144 1954 ἄξιον,
3177 1888 3432 1950 τοιαύτας
3470 1889 3601 1958 περὶ
3644 1888 3736 1941 τοῦ
3762 1887 3920 1940 Θείου
3952 1891 4047 1956 φέ-

2485 1999 2598 2053 ρειν
2640 1982 2738 2046 τὰς
2791 1981 3110 2051 ὑπολήψεις.
3154 1981 3316 2034 Ἀλλὰ
3362 1979 3605 2049 ἀφείσθω
3653 1978 3830 2032 τοῦτο.
3868 1978 3944 2030 Τὸ
3998 1977 4045 2031 δ’

2481 2073 2692 2127 ἐκεῖθεν
2724 2075 2972 2142 φάσκειν,
3005 2073 3041 2128 ἃ.
3083 2075 3182 2146 τὴν
3230 2072 3407 2146 ψυχὴν
3441 2072 3689 2140 κακύνει,
3725 2073 3813 2126 ἐπ’
3873 2073 4046 2141 αὐτὴν

2482 2164 2658 2234 ἥκειν,
2684 2164 2872 2239 ὥσπερ
2903 2167 3008 2221 τινὶ
3031 2165 3314 2235 ἀναγκαίῳ
3348 2166 3534 2237 κλήρῳ
3569 2165 3646 2236 τῷ
3701 2165 3880 2217 αὐτῶν
3911 2165 4044 2233 σχή-

2487 2275 2639 2327 ματι,
2677 2259 2794 2321 πῶς
2835 2260 2894 2312 οὑ
2944 2258 3280 2321 παντάπασι,
3337 2258 3475 2328 μετὰ
3530 2257 3622 2310 τοῦ
3658 2259 3833 2309 νοσεῖν
3879 2256 4039 2312 ἀθεό-

2483 2367 2640 2420 τητα,
2673 2351 2767 2403 καὶ
2810 2354 2932 2414 ταῖς
2976 2353 3229 2406 ἁπάντων
3291 2351 3616 2421 ἀνθρώπων,
3677 2351 3792 2403 ὅσοι
3856 2351 4044 2416 νὸμοις

2484 2443 2726 2512 ἄγονται,
2750 2443 2951 2508 δόξαις,
2982 2443 3078 2496 καὶ
3113 2446 3232 2506 ταῖς
3261 2442 3416 2512 ὑμῶν
3469 2443 3648 2496 αὐτῶν
3703 2440 4050 2510 πολεμιωτά-

2482 2551 2608 2598 τους
2639 2535 2966 2604 ἀποφαίνει;
3017 2533 3246 2604 ’Δγαθὸν
3276 2535 3380 2604 μὲν
3402 2529 3495 2588 οῦν
3540 2531 3680 2586 εἶναι
3745 2532 3838 2586 τὸν
3890 2531 4049 2599 Θεὸν,

2483 2626 2585 2678 οὑκ
2632 2624 2700 2678 ἂν
2756 2625 2848 2677 ἐπὶ
2887 2623 3143 2678 τοσοῦτον
3165 2624 3362 2685 κακίας
3411 2623 3594 2692 οῐομαί
3646 2639 3770 2675 τινα
3829 2622 4049 2686 ἐλάσαι,

2488 2715 2562 2788 μὴ
2587 2717 2879 2770 κατάθεσιν
2901 2715 3106 2770 δοῦναι.
3145 2715 3267 2778 Πῶς
3298 2710 3391 2769 οὖν
3441 2717 3506 2769 ἐκ
3542 2714 3634 2768 τοῦ
3680 2713 3888 2782 ἀγαθοῦ
3948 2715 4047 2783 γέ-

2485 2808 2613 2862 νοιτ’
2640 2807 2705 2862 ἂν
2729 2807 2796 2862 τὰ
2815 2808 2988 2872 κακά;
3011 2809 3074 2861 Ei
3103 2807 3179 2878 μὴ
3229 2807 3340 2878 ἄρα
3363 2807 3428 2860 σὺ
3457 2808 3550 2861 καὶ
3582 2807 3642 2860 τὸ
3668 2809 3780 2878 πῦρ
3839 2807 4049 2878 ψύχους

2486 2899 2655 2953 αἴτιον
2683 2901 2904 2970 φήσαις,
2937 2902 3028 2953 καὶ
3057 2900 3118 2952 τὸ
3161 2917 3275 2969 φως
3304 2901 3552 2963 σκότους.
3610 2899 3750 2952 Ἀλλ’
3794 2900 3893 2970 οὑχ
3923 2904 4056 2970 ὁμο-

2485 2990 2634 3058 λογεῖ
2663 2990 2816 3043 τοῦτο
2847 2991 3166 3059 ὑγιαίνουσα
3193 2990 3468 3059 αἴσθησις.
3500 2991 3565 3044 Τί
3593 2992 3649 3045 δὲ
3680 2993 3774 3046 καὶ
3817 2994 4053 3062 γράφεις

2488 3081 2652 3147 νόμον
2707 3080 2863 3144 δίκας
2901 3082 3013 3144 τοῖς
3046 3080 3272 3149 φαύλοις
3313 3082 3602 3152 ὁρίζοντα;
3641 3081 3703 3136 Ei
3768 3081 3878 3154 γὰρ
3939 3083 4053 3143 τοῖς

812 3173 958 3227 modi
999 3173 1298 3228 voluntatis
1357 3175 1698 3245 propositum
1723 3177 2110 3233 ascrihendum
2140 3188 2243 3246 est,
2289 3198 2389 3236 cur
2415 3198 2459 3260 ρ

2384 3198 2459 3260 με
2488 3173 2596 3224 τῶν
2649 3172 2896 3242 ἀστέρων
2957 3175 3358 3242 σχηματισμοῖς
3417 3173 3733 3241 ἀναγκαίως
3786 3175 3820 3243 ὴ
3874 3172 4055 3226 τοιάδε

810 3280 1002 3335 pmnas
1043 3267 1225 3335 poscis
1253 3267 1347 3336 qui
1377 3275 1434 3321 ut
1468 3269 1704 3324 maxime
1740 3270 2024 3334 voluisset,
2059 3271 2272 3327 facinus
2303 3283 2385 3327 ta-

812 3373 934 3411 men
982 3357 1110 3411 illttd
1147 3359 1322 3413 vitare
1360 3359 1729 3429 nequivisset?
1756 3359 1921 3417 Vides
1953 3363 2230 3431 quomodo
2278 3381 2386 3419 non

813 3458 1024 3505 tantum
1089 3450 1156 3504 de
1191 3450 1302 3506 Deo
1331 3450 1725 3506 convenienter
1772 3468 1878 3506 non
1907 3453 2176 3517 sentiatis,
2209 3455 2300 3510 sed
2333 3465 2388 3512 et

812 3548 988 3594 vestra
1037 3539 1288 3608 dogmata
1316 3539 1627 3606 Ljevertatis.
1677 3541 1745 3594 At
1777 3557 1879 3596 nos
1925 3545 2384 3611 quemadmodum

811 3631 948 3696 dixi,
995 3631 1363 3701 pulcherrima
1422 3630 1516 3686 Dei
1551 3645 1717 3701 opera
1764 3647 1885 3687 esse
1941 3633 2292 3703 profitemur;
2333 3645 2387 3692 et

811 3726 1177 3796 pulcherrima
1209 3742 1438 3796 qumque
1466 3727 1788 3797 producere,
1813 3729 1974 3798 idque
1997 3744 2063 3783 ex
2091 3732 2386 3788 commissa

811 3815 1093 3869 functione
1123 3831 1285 3884 quam
1309 3833 1338 3869 a
1369 3816 1545 3885 primo
1568 3826 1692 3870 ortu
1717 3831 1747 3870 a
1771 3831 1954 3871 rerum
1981 3819 2274 3873 Conditorc
2297 3835 2388 3873 ac-

811 3914 1093 3975 ceperunt.
1134 3905 1241 3962 Vos
1291 3922 1421 3962 vero
1461 3907 1605 3960 haud
1660 3908 1777 3962 scio
1805 3950 1820 3974 ,
1862 3924 2098 3977 quonam
2153 3911 2386 3965 consilio

813 3996 982 4061 ducti,
1003 3998 1054 4050 ei
1091 3996 1180 4051 cui
1203 3997 1380 4051 honor
1403 3995 1571 4051 adimi
1597 3997 1809 4066 nequit,
1837 3997 2099 4052 honorem
2125 3999 2388 4068 abrogare

811 4090 1053 4153 tentatis,
1088 4098 1141 4143 et
1174 4088 1307 4153 illis,
1344 4087 1542 4157 quibus
1570 4087 1738 4143 divini
1780 4089 2007 4145 honoris
2056 4091 2208 4144 nulla
2235 4103 2385 4145 eom-

811 4177 1028 4243 munio,
1058 4180 1214 4250 quasi
1267 4194 1335 4234 eo
1387 4179 1761 4248 dignissimis,
1792 4180 2041 4234 eumdem
2074 4182 2382 4250 impertitis.

813 4269 933 4335 Quo
954 4271 1267 4326 testimonio
1290 4272 1542 4338 permoti,
1570 4270 1772 4327 divinis
1803 4257 2104 4328 honoribus
2139 4270 2388 4329 allicitis?

812 4363 1040 4428 Qualem
1069 4378 1198 4419 vero
1229 4365 1338 4418 vim
1361 4373 1412 4419 et
1447 4354 1772 4434 potentiam,
1803 4379 1924 4434 qua:
1955 4365 2196 4420 divinam
2225 4377 2386 4420 natu.

812 4472 930 4510 ram
957 4462 1210 4519 testetur,
1235 4455 1288 4508 in
1309 4455 1444 4524 ipsis
1472 4455 1676 4521 intuiti,
1700 4455 1941 4510 divinam
1965 4458 2384 4527 appellationem

2488 3262 2808 3332 προαίρεσις
2846 3263 3172 3333 συνηνέχθη,
3218 3263 3272 3316 τί
3326 3263 3483 3333 δίκην
3524 3259 3679 3327 οὗτος
3722 3265 4051 3334 εἰσπράττε-

2485 3373 2598 3414 ται,
2637 3355 2777 3424 ὑπὲρ
2811 3347 2873 3408 οὗ
2920 3354 3015 3406 καὶ
3075 3355 3386 3424 βουληθέντι
3433 3357 3627 3424 φυγεῖν
3685 3355 3785 3424 τὴν
3829 3356 4052 3425 πρᾶξιν,

2487 3446 2586 3498 οὑκ
2610 3441 2677 3516 ἦν
2712 3445 2884 3507 ἄλλως
2915 3445 3207 3513 γενέσθαις
3242 3447 3427 3516 Ὁρᾷς,
3456 3446 3606 3508 ὅπως
3656 3445 3794 3515 μετά
3843 3446 3938 3498 τοῦ
3980 3448 4055 3515 μὴ

2490 3537 2684 3603 σώζειν
2717 3539 2815 3608 τὴν
2838 3536 2956 3608 Θεῷ
2987 3537 3303 3607 πρέπουσαν
3350 3537 3529 3604 δόξαν,
3559 3538 3654 3591 καὶ
3688 3539 3758 3591 τὰ
3788 3539 3919 3608 ὑμῖν
3969 3539 4056 3591 δοο

2487 3629 2710 3694 κοῦντα,
2739 3628 3071 3696 καταλύετε;
3113 3628 3275 3698 Ἡμῖν
3304 3628 3381 3690 δὲ,
3417 3627 3608 3698 ὥσπερ
3648 3630 3884 3699 εἴρηται,
3925 3629 4057 3682 κάλ-

2485 3721 2639 3774 λιστά
2667 3739 2724 3773 τε
2780 3722 3061 3791 νομίζεται
3099 3719 3235 3773 Θεοῦ
3286 3720 3770 3790 δημιουργήματα,
3833 3723 3930 3775 καὶ
3985 3723 4054 3773 τὶ

2486 3812 2745 3867 κάλλιστα
2791 3815 2964 3866 ποιεῖν
3008 3813 3108 3882 τὴν
3174 3813 3386 3866 οίκείαν
3439 3811 3758 3883 πληροῦντα
3808 3811 4053 3882 λειτουρ-

2487 3905 2632 3973 γίαν,
2653 3903 2722 3973 ἢν
2759 3901 2817 3968 ἐξ
2841 3905 3016 3974 ἀρχῆς
3047 3903 3288 3969 διέταξεν
3317 3905 3344 3956 ὁ
3373 3903 3819 3976 Δημιουργήσας.
3864 3905 4054 3971 Ὑμεῖς

2486 3997 2563 4058 δὲ,
2611 3998 2712 4050 οὑκ
2761 3993 2854 4050 οἷδ’
2903 3998 2932 4049 ὃ
2978 4014 3028 4049 τι
3091 3995 3304 4061 δοκοῦν,
3348 3989 3410 4050 οὗ
3440 3997 3568 4066 έμὲν
3609 3997 3975 4067 ἀναφαίρετος
4021 3999 4053 4065 ἡ

2486 4087 2638 4158 τιμὴ,
2667 4087 2854 4140 τοῦτον
2912 4087 3172 4158 πειρᾶσθε
3221 4088 3425 4159 ταύτης
3483 4088 3936 4158 ἀποχειροτονεῖν,
3974 4081 4056 4150 οἷς

2486 4180 2543 4232 δὲ
2563 4179 2673 4232 οὐδ’
2717 4178 2896 4231 ὁτιοῦν
2950 4180 3170 4248 μέτεστι
3226 4180 3452 4251 ταύτης,
3509 4181 3588 4244 ὡς
3636 4181 3826 4244 αὑτοῖς
3866 4180 4057 4248 διαφέ-

2488 4289 2684 4342 ρουσαν
2706 4270 3009 4324 ἀνατίθετε.
3045 4271 3110 4323 Τί
3142 4271 3234 4324 οὖν
3280 4273 3542 4342 ἐχέγγυον
3563 4273 3847 4339 λαϐόντες,
3902 4273 4053 4334 θείας

2485 4367 2623 4420 αὑτὰ
2636 4365 2800 4435 τιμῆς
2816 4364 3049 4431 ἀξιοῦτε;
3065 4365 3231 4417 Ποίαν
3243 4363 3298 4416 δὲ
3309 4364 3557 4434 δύναμιν,
3575 4364 3608 4435 ἢ
3625 4363 3746 4434 Θεῷ
3764 4380 4056 4435 προσμαρ-

2485 4459 2750 4527 τυρεῖται,
2765 4457 3198 4527 κατανοήσαντες
3223 4457 3282 4507 ὲν
3309 4457 3493 4518 αὐτοῖς
3517 4455 3895 4525 προσηγορίας
3921 4472 4056 4525 μετ-

810 4547 894 4602 cis
927 4543 1246 4600 tribuistis?
1295 4543 1624 4614 Splendidus
1681 4555 1765 4601 est
1815 4548 1898 4602 sol
1957 4548 2080 4610 iste,
2124 4549 2384 4619 vitalique
2416 4533 2459 4589 Ῐ)

2416 4533 2459 4589 Ῐ)
2489 4547 2633 4599 έδοτε
2663 4565 2679 4613 ;
2702 4547 2969 4617 Λαμπρὺς
3012 4539 3168 4609 οὗτος
3196 4548 3224 4599 ὁ
3248 4545 3417 4616 ἥλιος,
3447 4546 3542 4598 καί¹
3567 4544 3867 4614 ζωογόνους
3891 4547 4055 4607 ἐνιεὶς

812 4636 1028 4691 actione
1055 4635 1338 4706 prazditus.
1364 4636 1574 4690 Eximia
1600 4637 1714 4692 haec
1757 4650 1904 4704 sunt,
1941 4640 2278 4711 planumque
2303 4641 2383 4697 fa-

812 4727 985 4790 ciunt,
1027 4725 1197 4780 solem
1229 4725 1372 4780 inter
1394 4741 1480 4781 res
1506 4736 1719 4783 creatas
1749 4729 2008 4782 eximium
2030 4731 2208 4786 locum
2235 4734 2382 4788 obti-

811 4833 961 4873 nere.
996 4816 1101 4872 Sed
1146 4825 1299 4871 tanta
1347 4833 1456 4872 non
1484 4827 1633 4886 sunt,
1676 4829 1735 4874 ut
1773 4820 1840 4874 ad
1873 4821 2214 4878 divinitatem
2260 4841 2385 4882 eve-

810 4909 962 4961 hant.
992 4907 1074 4960 An
1108 4921 1217 4960 non
1247 4905 1473 4960 cernitis
1497 4946 1513 4971 ,
1551 4909 1772 4976 quantis
1818 4908 2101 4978 subjaccat
2135 4912 2382 4968 aﬂ‘ectio-

809 4997 1008 5051 nibus?
1041 4995 1159 5062 Quo
1201 4996 1326 5064 jure
1365 4997 1498 5052 tales
1532 4997 1758 5054 affectus
1787 5008 1840 5053 et
1884 5002 2213 5056 mutationes
2271 5004 2382 5059 Deo

811 5088 1158 5158 assignabis?
1191 5089 1275 5142 An
1333 5104 1444 5143 non
1499 5088 1718 5155 videtis,
1755 5091 2028 5159 quomodo
2075 5093 2216 5148 actio
2263 5094 2382 5163 ejus

809 5181 1208 5250 dispertiatur?
1239 5181 1310 5234 At
1335 5195 1456 5251 quae
1481 5195 1614 5236 sana
1647 5196 1803 5236 mens
1837 5182 2000 5236 ullam
2037 5185 2381 5252 partitionem

809 5271 865 5324 in
919 5271 1029 5326 Deo
1065 5272 1294 5325 statuit?
1349 5271 1650 5327 Diversitas
1677 5282 1855 5326 autem
1899 5276 2182 5344 temporis,
2218 5293 2381 5345 quam

811 5382 980 5423 cursu
1012 5383 1114 5422 suo
1143 5366 1330 5432 eﬂicit,
1373 5369 1647 5438 quomodo
1674 5382 1780 5422 non
1817 5378 1871 5421 et
1897 5370 2015 5438 ipsa
2044 5371 2380 5439 servitutem,

809 5476 975 5530 quam
1007 5461 1198 5525 servit,
1231 5461 1503 5515 testatur?
1538 5460 1680 5527 Quid
1711 5463 1858 5518 enim
1887 5465 1996 5518 Deo
2021 5478 2157 5532 Opus
2187 5472 2271 5520 est
2300 5465 2383 5518 lo-

809 5567 1000 5607 corum
1054 5553 1395 5617 diversitate,
1449 5559 1506 5606 ut
1540 5553 1662 5623 -jam
1711 5554 1840 5620 hoc,
1869 5554 1996 5625 ljatn
2048 5555 2192 5608 aliud
2223 5556 2381 5627 agat?

810 5646 952 5711 Quin
987 5653 1041 5701 ct
1078 5661 1171 5714 per
1196 5647 1307 5702 haec
1340 5647 1456 5716 ipsa
1497 5653 1707 5702 tantum
1737 5662 1844 5704 non
1895 5663 2079 5704 vocem
2109 5647 2256 5712 edit;
2287 5648 2382 5703 sed

813 5736 964 5792 surdi
999 5751 1120 5792 eam
1153 5753 1262 5792 non
1292 5736 1610 5793 exaudiunt.

882 5827 1056 5893 Quam
1109 5826 1489 5885 inenarrabilis
1527 5837 1613 5886 est
1645 5829 1810 5896 ratio,
1863 5846 1971 5901 qua
2021 5830 2202 5889 sidera
2253 5839 2382 5888 sunt

2489 4637 2792 4709 ἐνεργείας.
2842 4637 3125 4708 Ἐξαίρετα
3155 4638 3348 4702 ταῦτα,
3393 4638 3487 4689 καὶ
3521 4639 3790 4708 μαρτυρεῖ
3819 4639 4055 4707 κτισμά-

2487 4749 2596 4785 των
2623 4732 2782 4785 αὑτὸν
2829 4727 2970 4784 εἶναι
3016 4731 3318 4800 ἐξαίρετον.
3358 4729 3497 4782 Ἀλλ’
3550 4729 3650 4781 οὑκ
3689 4731 3770 4793 εἰς
3798 4728 4057 4800 θειότητά

2489 4823 2651 4878 ποθεν
2673 4822 3012 4886 ἀναϐιϐάζει.
3041 4823 3152 4891 Οὑχ
3165 4822 3349 4891 ὁρᾶτε,
3373 4815 3454 4883 οἷς
3482 4821 3780 4873 ὑποπίπτει
3811 4819 4052 4885 ardeam;

2494 4915 2604 4968 Ποῦ
2635 4914 2680 4968 δ’
2702 4915 2849 4968 ὅσιον
2876 4913 3048 4976 πάθος
3072 4913 3400 4984 προσνέμειν
3424 4911 3543 4982 Θεῷ
3569 4911 3718 4980 ςΟὑχ
3744 4911 3932 4980 ὁρᾶτε.
3963 4927 4056 4980 με.-

2492 5008 2780 5080 ριζομένην
2800 5007 2962 5060 αὑτοῦ
2981 5006 3076 5078 τὴν
3100 5007 3399 5078 ὲνέργειαν;
3424 5004 3532 5058 Ποῦ
3549 5003 3606 5057 δὲ
3629 5003 3824 5073 φρενὸς
3845 5002 4052 5069 ὑγιοῦς.

2492 5099 2749 5171 μεριστὸν
2780 5100 2837 5152 ὲν
2874 5098 2995 5171 θείᾳ
3027 5099 3186 5168 φύσει
3222 5100 3395 5162 νοεῖν;
3442 5094 3514 5150 To
3544 5095 3602 5149 δὲ
3661 5094 3920 5164 διάφορον
3947 5095 4055 5146 τῶν

2488 5191 2668 5262 ὡρῶν,
2696 5190 2762 5254 ἃς
2791 5190 2871 5264 τῷ
2916 5191 3158 5262 διαφόρῳ
3205 5190 3390 5260 δρόμῳ
3439 5189 3606 5251 ποιεῖ,
3637 5185 3755 5250 πῶς
3784 5186 3908 5256 οὐχὶ
3959 5188 4054 5239 καὶ

2487 5283 2644 5336 τοῦτο
2674 5283 2772 5354 τὴν
2816 5283 3058 5336 δουλείαν
3107 5281 3270 5336 αὑτοῦ
3307 5280 3544 5352 βεϐαιοῖ;
3583 5279 3649 5332 Τί
3675 5277 3784 5349 γὰρ
3829 5278 3910 5332 δεῖ
3938 5277 4056 5346 Θεῷ

2491 5375 2672 5427 τόπων
2725 5375 3009 5445 διαφορᾶς,
3051 5373 3142 5427 ἴνα
3181 5372 3274 5425 νῦν
3315 5371 3413 5442 μὲν
3443 5371 3624 5435 τοῦτο,
3648 5368 3744 5422 νῦν
3791 5368 3836 5421 δ’
3880 5369 4055 5421 ἐκεῖνο

2489 5467 2722 5535 ποιήσῃς
2774 5463 2946 5517 Ἀλλά
3000 5463 3093 5516 καὶ
3125 5461 3214 5515 διὰ
3268 5460 3475 5514 τούτων
3530 5456 3812 5530 μονονουχὶ
3870 5454 4054 5524 φωνὴν

2489 5557 2733 5628 ἀφίησιν·
2763 5555 2976 5608 ἐπαΐειν
2997 5553 3054 5608 δὲ
3077 5553 3184 5624 ἄρα
3212 5552 3272 5605 οὑ
3304 5551 3560 5606 δύνανται
3600 5550 3649 5603 οί
3682 5546 3880 5618 κωφοί.

2571 5835 2655 5897 Ὠς
2685 5832 2992 5902 ἀπόῤῥητος
3022 5831 3174 5899 λόγος
3201 5827 3557 5900 δημιουργίας
3583 5825 3786 5893 αὐτῶν,
3816 5828 3914 5888 τὰς
3939 5824 4052 5878 δια-
