4232 6444
196 434 297 492 181

1141 434 1419 496 ORATIO
1448 437 1568 496 XV-
1603 461 1672 473 -
1717 436 1798 496 IN
1827 438 2082 501 OMNES
2122 441 2467 504 SANCTOS.

3308 445 3410 510 182

188 541 389 608 φόρους
422 539 707 610 ἐπιτρέπει
744 541 1092 610 μεταϐάσεις,
1117 545 1195 605 είς
1220 544 1481 614 ἐργασίαν
1521 546 1621 615 τῆς
1642 546 1752 599 τῶν
1780 548 1827 603 Α
1854 563 1859 617 1

1748 565 1752 587 ν
1780 548 1827 603 Α
1854 558 2161 617 procreata.
2214 551 2388 607 Variis
2418 550 2835 606 transitionibus
2866 560 2918 607 et
2945 552 3337 610 mutationibus
3359 572 3419 612 ea

187 626 353 697 ὡρῶν
380 628 661 693 εὐταξίας.
704 630 1030 701 Θαυμαστόν
1077 650 1130 686 τι
1174 634 1269 686 καὶ
1315 636 1512 704 σελήνη
1545 637 1756 709 χρῆμα,

188 722 286 774 καὶ
316 720 554 791 χορηγὸς
582 720 889 793 ἀνθρώποις
921 723 1262 793 Θαυμασίων,
1296 726 1657 781 λευκαίνουσά
1698 747 1756 782 τε

187 814 250 866 τὸ
278 812 605 884 σκυθρωπὸν
634 815 733 884 τῆς
777 816 989 880 νυκτὸς,
1025 818 1119 870 καὶ
1148 818 1289 877 ἄλλα
1313 816 1449 873 ἄττα
1499 820 1756 874 διοικονο-

195 905 471 975 μουμένη,
511 906 628 960 ἀλλ’
658 908 912 976 ὁμολογεῖ
961 909 1055 962 καὶ
1077 910 1214 981 αὐτὴ
1241 912 1339 980 τὴν
1372 911 1633 976 δουλείαν,
1665 915 1758 967 καὶ

196 997 464 1052 σιωπῶσα
484 1001 583 1070 τὴν
613 1000 814 1055 ἔνδειαν
837 1002 1126 1071 κέκραγεν.
1161 999 1256 1067 Οἷς
1279 1004 1376 1077 μὲν
1413 1004 1759 1069 λαμϐάνουσα

198 1090 527 1157 μεταδίδωσι
558 1089 654 1143 τοῦ
702 1091 899 1159 φωτὸς,
927 1088 1007 1153 οἷς
1035 1092 1080 1143 δ’
1119 1094 1177 1145 οὐ
1236 1093 1608 1162 λαμϐάνουσα,
1660 1096 1760 1149 οὐκ

194 1182 334 1251 ἔχει,
396 1181 451 1234 τί
502 1182 737 1252 μεταδῷ.
789 1183 1175 1253 Συμπληροῦσί
1204 1201 1267 1251 γε
1317 1185 1423 1254 μὴν
1477 1184 1553 1254 τῷ
1599 1186 1761 1239 παντὶ

191 1274 389 1344 χρείαν
416 1276 513 1327 καὶ
538 1276 826 1346 φωστῆρες
854 1275 1025 1328 ἄλλοι.
1064 1277 1451 1347 Συμπληροῦσι
1492 1278 1535 1331 δ’
1568 1278 1666 1347 οὐχ
1694 1278 1761 1348 ἦν

194 1368 223 1418 ὁ
253 1366 489 1435 μάταιος
515 1368 713 1422 δίδωσι.
732 1368 911 1433 λόγος,
938 1368 1045 1422 οὐδ’
1075 1369 1142 1437 ἢν
1165 1367 1464 1438 ἀποκληροῖ
1489 1370 1700 1430 τούτοις
1727 1371 1760 1439 ή

195 1458 379 1525 πλάνη
412 1458 751 1524 δεσποτείαν,
788 1460 899 1513 ἀλλ’
931 1461 1272 1530 ὑπηρετικὴν
1299 1478 1418 1514 τινα
1465 1460 1620 1513 τοῦδε
1664 1460 1759 1513 τοῦ

195 1550 401 1613 παντὸς
427 1551 809 1621 διακόσμησιν.
856 1553 951 1623 Μὴ
995 1553 1093 1622 τὴν
1127 1552 1405 1621 εὐγένειαν
1443 1554 1761 1622 ἀφαιρεῖσθε

195 1641 450 1705 ἑαυτοὺς,
486 1644 553 1712 ῆν
574 1645 724 1712 χειρὶ
752 1644 885 1695 Θεοῦ
918 1642 1176 1707 πλασθεὶς
1212 1646 1501 1714 τετίμηται
1551 1644 1763 1715 ἀνθρω-

198 1751 320 1797 πος,
366 1734 461 1787 καὶ
497 1734 639 1788 οὕτω
664 1736 848 1798 κακῶς
876 1736 1070 1803 ἁγαθοὶ
1102 1737 1279 1790 δοῦλοι
1326 1739 1641 1807 κτισμάτων
1675 1738 1763 1805 γί-

194 1825 378 1889 νεσθε,
419 1826 494 1896 μὴ
537 1827 636 1895 τῆς
663 1826 1032 1896 προαιρέσεως
1084 1829 1144 1880 τὸ
1175 1828 1460 1899 ἐλεύθερον
1503 1830 1765 1882 καταδου-

193 1917 374 1971 λοῦτε.
400 1919 534 1972 Τίνα
550 1918 660 1988 γὰρ
690 1920 1002 1989 ἕχειλόγον,
1042 1921 1233 1990 ἄρχειν
1258 1922 1358 1991 τῆς
1391 1924 1449 1974 ὲν
1482 1924 1616 1993 ημῖν
1660 1922 1758 1974 αῦ-
1792 1906 1834 1962 Β

191 2010 478 2074 τεξουσίου
509 2011 709 2081 ὁρμῆς,
744 2012 779 2065 ἃ.
812 2014 1186 2084 προαιρέσεως
1234 2014 1486 2084 ἀμοιρεῖ;
1522 2014 1665 2067 Ἀλλ’
1691 2009 1759 2085 ἦν

192 2103 306 2171 ἄρα
358 2102 456 2156 καὶ
495 2102 652 2156 τοῦτο
684 2103 997 2169 ἀκόλουθον,
1050 2106 1469 2169 ἐκπεπτωκότας
1499 2106 1597 2173 τῆς
1624 2104 1758 2157 Θεοῦ

192 2194 552 2265 οἰκειότητος,
588 2196 681 2247 καὶ
721 2196 870 2264 σφῶν
888 2196 1066 2249 αὐτῶν
1090 2198 1360 2251 ἐκπεσεῖν.
1406 2195 1519 2248 ’Ίνα
1553 2196 1627 2266 μὴ
1663 2198 1759 2265 μό-

193 2303 284 2337 νον
319 2286 480 2350 Θεοῦ,
536 2286 672 2339 ἀλλά
707 2288 801 2339 καὶ
844 2287 1049 2342 ἑαυτῶν
1078 2288 1239 2351 ὄντας
1280 2288 1757 2356 ἀλλοτριωτάτους,

193 2378 550 2431 παντάπασιν
572 2378 909 2450 ἀϐοηθήτους
928 2379 1085 2442 ὄντας
1110 2382 1142 2449 ἡ
1164 2379 1338 2449 πλάνη
1365 2380 1757 2451 ἀνδραποδίζοι,

192 2468 337 2536 πρὸς
368 2470 639 2540 μηδεμίαν
670 2470 894 2540 ἔχοντας
927 2472 1263 2542 ἐπιστροφὴν
1287 2473 1615 2539 ἀνενεγκεῖν.
1649 2472 1762 2523 Οὐκ

192 2564 412 2632 ἀπέχρη
439 2562 508 2628 δ’,
541 2563 617 2625 ὡς
660 2563 828 2629 ἔοικε,
868 2564 929 2616 τὸ
958 2565 1015 2615 ὲν
1054 2564 1248 2634 ἀγνοίᾳ⁵
1290 2558 1430 2617 εἶναι
1479 2564 1638 2633 μόνον
1670 2562 1762 2615 τοῦ

192 2653 350 2713 (iv-ro;
376 2652 537 2717 Θεοῦ,
585 2653 699 2705 ἀλλ’
754 2654 804 2706 εί
834 2653 925 2705 καὶ
966 2653 1043 2723 μὴ
1071 2653 1251 2723 πλήθη
1283 2653 1418 2707 θεῶν
1470 2653 1761 2723 ὲξεύροιτε,

196 2744 355 2795 οὐδέν
377 2760 429 2796 τι
456 2743 598 2812 μέγα
625 2742 795 2814 ᾤεσθε
829 2743 1197 2814 διανοηθῆναι.
1255 2745 1349 2807 Ὠς
1397 2745 1489 2796 καὶ
1524 2745 1618 2796 νῦν
1641 2746 1762 2795 ἐπι-

193 2834 429 2886 τάσσετε
479 2833 637 2896 θεοὺς
690 2836 874 2904 τιμᾷν.
935 2838 1026 2889 Δεῖ
1067 2835 1200 2903 γὰρ,
1247 2833 1321 2896 ὡς
1360 2833 1523 2898 ἔοικε,
1584 2833 1762 2904 πλήθη

196 2926 341 2978 θεῶν
376 2926 685 2995 ὲφιστάνειν
728 2927 896 2998 ὑμᾶς,
931 2927 1019 2979 ἵνα
1043 2926 1116 2996 μὴ
1157 2925 1268 2979 τῶν
1302 2927 1764 2997 ἐπιτροπευόντων

196 3017 455 3089 ἀσθενείᾳ
483 3020 651 3089 κάμοι
678 3020 747 3072 τὰ
777 3020 1097 3090 πράγματα.
1142 3021 1299 3073 Ἀλλὰ
1331 3022 1512 3085 κακῶς
1545 3022 1641 3090 μὲν
1666 3024 1765 3091 τῆς

196 3108 439 3177 ἀληθοῦς
467 3109 723 3177 γνώσεως
750 3110 885 3163 Θεοῦ
909 3112 1311 3183 παρηνέχθητε,
1341 3113 1475 3165 πολὺ
1500 3113 1557 3165 δὲ
1585 3114 1767 3182 χεῖρον

1858 641 2140 707 instruxit,
2168 653 2226 696 ut
2247 646 2509 714 temporis
2532 643 2872 713 aptissimum
2895 643 3142 701 ordinem
3167 643 3421 700 eﬂiciant.

1859 732 2010 788 Luna
2052 734 2240 789 itidem
2285 750 2375 788 res
2426 736 2585 804 plane
2618 744 2702 790 est
2755 734 3092 802 admiranda,
3132 751 3427 808 rerumque

1859 831 2260 886 admirabilium
2310 832 2724 900 suppeditatrix,
2773 846 2894 901 qua:
2929 834 3104 888 noctis
3133 834 3423 903 caliginem

1860 924 2116 990 illustrat,
2144 931 2199 976 et
2253 923 2304 977 id
2353 940 2525 993 genus
2571 925 2679 977 alia
2723 926 2887 978 multa
2936 934 3177 995 praestat.
3223 925 3327 981 Sed
3372 935 3424 979 et

1866 1015 1983 1085 ipsa
2012 1014 2331 1070 servitutem
2365 1029 2517 1067 suam
2546 1013 2762 1079 fatetur,
2796 1026 2848 1068 et
2875 1016 3021 1069 clara
3049 1028 3185 1069 voce
3214 1027 3423 1084 egesta-

1860 1114 1969 1160 tem
2005 1122 2160 1162 suam
2196 1114 2560 1169 contestatur,
2610 1107 2739 1160 dum
2783 1106 2985 1161 lumen.
3021 1107 3164 1175 quod
3203 1108 3421 1176 accipit,

1860 1196 2248 1261 communicat,
2272 1206 2347 1260 et,
2377 1197 2421 1252 si
2452 1195 2587 1249 nihil
2620 1194 2841 1250 aliunde
2870 1202 3071 1257 sumat,
3102 1196 3237 1249 nihil
3270 1211 3423 1250 com-

1860 1286 2124 1339 municat.
2179 1286 2299 1337 Alia
2347 1299 2563 1353 quoque
2616 1285 2740 1338 caeli
2800 1285 2982 1339 sidera
3038 1287 3241 1340 mundo
3298 1288 3425 1340 huic

1861 1375 2225 1429 ministerium
2257 1390 2414 1428 suum
2438 1374 2694 1429 exhibent
2724 1392 2739 1437 ;
2768 1375 2909 1442 quod
2942 1381 3124 1429 tamen
3154 1389 3262 1429 non
3287 1391 3422 1429 con-

1863 1468 2006 1521 sistit
2032 1468 2084 1521 in
2116 1482 2181 1521 eo
2213 1466 2393 1531 modo,
2429 1482 2589 1536 quem
2620 1482 2757 1520 vana
2794 1468 2935 1522 ratio
2966 1468 3423 1522 comminiscitur.

1863 1574 2039 1628 neque
2076 1560 2129 1613 in
2165 1567 2457 1629 potestate,
2505 1574 2669 1628 quam
2718 1574 2875 1614 error
2908 1560 2987 1614 eis
3020 1559 3245 1614 ascribit
3278 1602 3293 1625 ,
3330 1561 3424 1613 sed

1862 1650 1916 1701 in
1947 1647 2200 1704 facultate
2224 1650 2455 1719 quadam
2485 1650 2612 1704 huic
2634 1664 2814 1704 rerum
2843 1651 3185 1705 universitati
3209 1653 3429 1705 subscr-

1862 1741 2067 1795 viendi.
2104 1740 2181 1794 Ne
2221 1743 2585 1810 vosmetipsos
2631 1742 2875 1810 spolietis
2920 1744 3079 1796 insita
3123 1743 3424 1804 nobilitate,

1863 1847 1968 1901 qua
1996 1831 2259 1886 Conditor
2284 1832 2557 1885 hominem
2585 1834 2890 1885 exornavit.
2921 1831 3001 1887 Ne
3037 1841 3145 1885 tam
3179 1833 3424 1902 improbe

1862 1924 1913 1977 in
1935 1932 2308 1979 creaturarum
2336 1924 2652 1979 servitutem
2676 1924 3011 1979 concedatis.
3041 1922 3227 1994 Neque
3256 1924 3424 1978 liber-

1860 2025 2025 2070 tatem
2054 2017 2267 2070 arbitrii
2301 2017 2355 2070 in
2384 2018 2699 2071 servitutem
2730 2018 2977 2086 redigite.
3010 2018 3127 2081 Qua
3160 2017 3304 2071 enim
3336 2032 3425 2070 ra-

1861 2108 2008 2160 tione
2040 2106 2210 2160 astrui
2244 2112 2444 2175 potest,
2478 2118 2539 2158 ea
2565 2120 2686 2173 qua:
2733 2105 2903 2159 libero
2940 2106 3167 2160 arbitrio
3215 2114 3425 2171 carent,

1857 2194 1948 2264 jus
1987 2204 2041 2249 et
2073 2203 2399 2265 potestatem
2451 2196 2505 2248 in
2562 2204 2810 2249 nostrum
2860 2195 3091 2250 liberum
3135 2196 3421 2251 arbitrium

1862 2288 2100 2342 habere?
2145 2290 2216 2341 At
2258 2301 2599 2356 consequens
2634 2296 2752 2342 erat
2791 2295 2874 2349 ut,
2915 2298 3205 2358 postquam
3253 2303 3284 2342 a
3336 2288 3423 2342 Dei

1860 2378 2228 2434 familiaritate
2248 2387 2300 2433 et
2321 2378 2712 2448 conjunctione
2744 2378 3084 2441 exciderant,
3112 2379 3426 2434 exciderent

1860 2486 2078 2541 quoque
2122 2487 2151 2526 a
2198 2473 2526 2540 semetipsis,
2574 2486 2631 2526 et
2670 2486 2780 2524 non
2830 2476 3007 2527 solum
3036 2486 3064 2525 a
3098 2471 3225 2535 Deo,
3258 2470 3350 2525 sed
3395 2486 3423 2522 τι

1861 2566 2055 2634 seipsis
2084 2565 2406 2620 alienissimi
2436 2565 2799 2629 edicerentur,
2834 2576 2893 2619 ut
2928 2565 3077 2619 omni
3117 2581 3217 2634 ope
3254 2565 3426 2619 desti-

1860 2665 2007 2747 tptos
2032 2672 2191 2711 error
2222 2658 2397 2727 magis
2440 2658 2494 2712 in
2542 2658 2913 2726 captivitatem
2952 2656 3245 2726 abriperet,
3278 2654 3425 2709 nullo

1862 2742 2102 2817 penitus,
2151 2762 2260 2816 quo
2309 2762 2369 2801 se
2420 2748 2744 2818 reciperent,
2780 2745 3031 2816 perfugio
3064 2746 3276 2800 relicto.
3310 2742 3425 2797 Non

1862 2839 2167 2895 suﬂiciebat
2191 2848 2367 2894 autem
2394 2840 2571 2903 vobis,
2590 2848 2650 2893 ιιι
2676 2837 2914 2901 videtur.
2937 2837 3244 2907 ignorantia
3265 2835 3429 2890 unius

1862 2941 1916 2988 et
1941 2932 2053 2985 veri
2082 2932 2196 2997 Dei,
2224 2934 2316 2987 sed
2342 2933 2444 2987 nisi
2474 2932 2747 3003 ingentem
2779 2932 3003 2986 deorum
3027 2930 3427 2985 multitudinem

1862 3023 2279 3089 excogitaretis,
2333 3024 2470 3076 nihil
2512 3023 2672 3078 laude
2739 3024 2963 3091 dignum
3016 3037 3115 3076 vos
3163 3023 3431 3091 reperisse

1864 3115 2279 3171 cxistimabatis.
2310 3114 2644 3181 (luosetiam
2674 3125 2735 3169 ut
2769 3117 3098 3170 honoremus
3130 3115 3429 3186 imperatis.

196 3200 259 3253 τὺ
296 3202 357 3253 ἒν
380 3201 479 3271 τῆς
506 3201 780 3272 θεότητος,
814 3204 893 3265 είς
920 3204 1123 3272 πλῆθος
1144 3203 1527 3274 ἀπομερίζετε.
1570 3203 1761 3271 Ἀφθο-
1789 3247 1833 3307 C
1865 3226 1867 3241 τ

1759 3235 1761 3243 ι
1789 3247 1833 3307 C
1865 3204 2095 3277 Oportet
2125 3207 2268 3261 enim
2294 3221 2411 3269 vos,
2440 3217 2497 3261 ut
2518 3214 2761 3276 apparet,
2799 3222 3050 3276 magnum
3076 3206 3298 3260 deorum
3324 3220 3430 3260 nu—

199 3293 323 3347 νίαν
354 3293 462 3365 γάρ
483 3292 621 3348 θεῶν
645 3295 1084 3365 ἀνευρίσκοντες,
1122 3297 1201 3357 είς
1228 3294 1289 3347 τὸ
1306 3294 1583 3359 παντελῶς
1606 3294 1762 3347 ἄθεον

200 3383 577 3455 περιίστασθε.
612 3385 780 3438 Παντὶ
807 3384 907 3454 μὲν
932 3379 1107 3455 οἶμαι,
1134 3383 1212 3454 τῷ
1244 3384 1377 3454 περὶ
1404 3382 1538 3436 Θεοῦ
1611 3384 1762 3436 ἀδια-

200 3475 443 3545 στρόφου
504 3476 716 3538 ἐννοίας
775 3474 1001 3539 σώζοντι
1035 3476 1233 3545 χρῆναι
1298 3474 1761 3546 ἀνομολογεῖσθαι,

198 3566 475 3636 ἀπροσδεῆ
508 3584 565 3619 τε
595 3561 733 3619 εἶναι
763 3567 853 3619 τὸν
883 3566 1034 3630 Θεὸν,
1072 3566 1166 3620 καὶ
1193 3568 1284 3619 ἐπὶ
1319 3568 1493 3619 πάντα
1519 3566 1617 3637 τὴν
1664 3567 1761 3617 αὐ-

198 3652 297 3705 τοῦ
338 3653 589 3721 ἐξαρκεῖν
611 3653 862 3724 δύναμιν,
890 3654 1083 3725 μηδενὶ
1112 3657 1305 3726 πέρατι
1337 3655 1679 3726 ὁριζομένην.
1703 3656 1765 3708 Εἰ

208 3745 313 3813 μὲν
344 3741 439 3797 οὗν
465 3744 689 3815 τοιαύτη
728 3763 810 3809 τις
838 3746 1016 3800 ἔννοια
1052 3748 1179 3817 ὑμῖν
1206 3749 1625 3819 ἐνέσπαρται,τί
1655 3765 1768 3801 κοι-

199 3838 405 3900 νωνοὺς
440 3836 591 3907 αύτῷ
638 3837 737 3907 τῆς
763 3837 1007 3905 ἐξουσίας
1061 3838 1394 3908 προσνέμετε
1425 3857 1441 3905 ;
1468 3840 1682 3893 Μᾶλλον
1710 3841 1767 3894 δὲ

201 3931 320 3992 πῶς
350 3929 412 3982 οὗ
466 3930 661 3997 γέλως,
703 3931 986 3985 κοινωνίαν
1033 3930 1281 3995 ἐξουσίας
1334 3931 1643 4000 δωρεῖσθαι,
1686 3929 1768 3995 οἷς

202 4021 327 4072 κατ’
349 4019 501 4072 οὐδὲν
530 4019 683 4072 ἔσται
726 4019 931 4090 ταύτης
986 4021 1253 4090 μετέχειν,
1287 4022 1539 4076 ἁπάντων
1562 4024 1666 4077 ὑπὸ
1690 4024 1768 4094 τῷ

201 4110 408 4182 πρώτῳ
458 4110 1005 4181 περιδεδραγμένων;
1062 4110 1126 4165 Εἰ
1168 4112 1208 4164 δ’
1251 4113 1278 4164 ὃ
1306 4113 1354 4164 τί
1392 4130 1521 4166 ποτε
1548 4113 1768 4186 πρώτην

201 4200 380 4271 ἀρχὴν
400 4199 600 4263 οἴεσθε,
622 4201 720 4253 εἷθ’
743 4203 770 4254 ό
798 4200 1000 4264 ῦπατος
1020 4203 1147 4273 ὑμῖν
1172 4205 1325 4271 Ζεὺς,
1354 4207 1461 4258 εἴτε
1488 4224 1570 4269 τις
1588 4206 1765 4272 ἄλλος,

202 4293 264 4345 οῦ
286 4293 521 4363 διαρκής
558 4294 673 4345 ἐστι
704 4293 825 4346 καθ’
861 4294 1043 4360 αὑτὸν,
1081 4295 1176 4348 καὶ
1213 4296 1300 4351 διά
1341 4297 1520 4362 τοῦτο,
1551 4299 1630 4351 δεῖ
1659 4316 1770 4352 κοι-

203 4384 408 4446 νωνοὺς
440 4382 625 4436 λαϐεῖν
670 4384 833 4437 αὑτὸν
887 4384 983 4453 τῆς
1022 4386 1217 4457 ἀρχῆς,
1259 4387 1375 4449 πῶς
1404 4388 1467 4441 ἂν
1496 4389 1580 4458 είη
1614 4389 1765 4453 Θεὸς,

202 4474 261 4536 ὃς
289 4472 688 4544 παραπλησίως
709 4472 1014 4543 ἀνθρώποις
1031 4475 1130 4528 οὐκ
1152 4476 1576 4548 ἀποκεχώρηκεν
1604 4480 1768 4532 ἀσθε-

1863 3314 2073 3354 merum
2107 3300 2267 3353 rebus
2296 3298 2591 3367 praeficere,
2627 3313 2695 3352 ne
2722 3306 3036 3352 curatorum
3063 3305 3117 3350 et
3138 3295 3429 3366 praesidum

1864 3389 2235 3444 imbecillitate
2277 3403 2364 3453 res
2388 3388 2529 3443 male
2565 3388 3039 3443 administrentur.
3063 3389 3236 3441 Porro
3269 3400 3433 3454 prave

1863 3483 2080 3551 quidem
2116 3496 2145 3534 a
2178 3496 2310 3536 vera
2341 3480 2433 3535 Dei
2464 3482 2775 3552 cognitione
2804 3481 3022 3535 abducti
3058 3480 3216 3535 estis.
3248 3479 3432 3551 Longe

1863 3589 1994 3628 vero
2035 3573 2191 3643 pejus
2229 3573 2490 3627 unitatem
2526 3572 2619 3627 Dei
2668 3572 2724 3626 in
2758 3572 2943 3640 plures
2975 3570 3251 3626 secuistis.
3296 3569 3429 3623 Nam

1865 3682 1962 3737 per
2012 3666 2374 3721 introductam
2429 3665 2658 3720 deorum
2708 3666 2921 3734 copiam
2978 3665 3033 3717 in
3103 3663 3426 3718 atheismum

1867 3759 2199 3815 incnrristis.
2243 3757 2492 3812 Arbitror
2540 3772 2777 3826 namque
2830 3771 3043 3811 omnem
3091 3756 3265 3819 illum,
3337 3756 3431 3824 qui

1865 3849 2330 3904 existimationem
2363 3848 2432 3903 de
2461 3847 2570 3902 Deo
2593 3854 2987 3917 competentem
3022 3847 3281 3910 custodit,
3300 3862 3433 3901 con-

1868 3941 2004 3995 ﬁteri
2037 3941 2253 4006 debere,
2283 3940 2451 3995 Deum
2482 3940 2684 3996 nullius
2710 3954 2831 3994 esse
2863 3938 3125 4009 indigum,
3150 3948 3201 3993 et
3239 3946 3433 4006 poten-

1868 4034 1993 4086 tiam
2018 4033 2138 4103 ejus
2185 4032 2353 4087 nullis
2377 4032 2623 4086 terminis
2646 4029 3138 4099 circumscriptam,
3163 4029 3228 4083 ad
3250 4029 3431 4083 omnia

1869 4124 2132 4180 sullicere.
2183 4123 2239 4178 Si
2282 4125 2445 4192 igitur
2470 4122 2782 4191 hujusmodi
2814 4122 2880 4177 de
2919 4121 3027 4176 Deo
3054 4121 3247 4175 notitia
3280 4136 3430 4174 men-

1868 4216 2013 4270 tibus
2057 4215 2253 4270 vestris
2296 4221 2381 4270 est
2429 4214 2594 4269 insita
2627 4254 2641 4279 ,
2684 4230 2783 4268 cur
2832 4213 3013 4269 socios
3059 4214 3341 4282 potestatis
3383 4214 3430 4267 ei

1869 4307 2202 4379 adjungitis?
2233 4305 2329 4362 Vel
2355 4307 2538 4377 potius
2560 4307 2835 4376 quomodo
2863 4306 3153 4360 ridiculum
3190 4320 3297 4358 non
3325 4314 3430 4369 cst,

1869 4399 2304 4453 communionem
2330 4400 2613 4468 potestatis
2636 4398 2818 4467 largiri
2848 4398 2953 4462 his,
2977 4398 3068 4467 qui
3094 4397 3256 4465 huius
3288 4396 3433 4449 nullo

1871 4487 2036 4542 modo
2073 4496 2302 4558 possunt
2325 4502 2449 4543 esse
2482 4488 2787 4557 participes,
2822 4488 3020 4557 quippe
3048 4486 3303 4541 omnibus
3332 4485 3433 4539 sub

201 4564 377 4629 νείας,
416 4565 531 4618 ἀλλ’
562 4567 641 4627 εἰς
664 4564 731 4616 τὰ
753 4564 1033 4632 δοκοῦντα,
1066 4566 1234 4619 δεῖται
1264 4568 1356 4620 τοῦ
1382 4570 1769 4641 ὲπικουρήσον-
1792 4582 1846 4642 D

1757 4602 1769 4612 -
1792 4582 1846 4642 D
1871 4581 2046 4649 primo
2088 4581 2182 4633 illo
2225 4595 2405 4636 rerum
2457 4588 2683 4649 parente
2723 4578 3172 4648 comprehensis?
3199 4576 3352 4642 Quod
3385 4577 3428 4629 si

198 4673 323 4721 τοςς
367 4655 399 4725 ἢ
426 4656 541 4718 πῶς
578 4655 863 4725 συνάρχειν
888 4658 1105 4727 ἑτέρους
1140 4659 1575 4725 ὲγκαθιστῶντες
1595 4663 1765 4735 αὐτῷ,

200 4749 302 4817 οὐχ
335 4749 454 4817 ἃμα
486 4764 542 4799 τε
572 4747 759 4800 τοῦτον
812 4748 909 4817 τῆς
957 4750 1129 4820 ἀρχῆς
1178 4751 1517 4823 ἀφαιρεῖσθε,
1554 4756 1648 4807 καὶ
1675 4756 1767 4819 οὓς

202 4838 496 4909 συνάρχειν
526 4837 893 4902 καθίστασθες
948 4841 1009 4893 Εἰ
1046 4840 1145 4907 μὲν
1195 4842 1303 4911 γὰρ
1334 4844 1531 4908 πάντες
1570 4846 1767 4914 ὁμοίως

197 4929 450 4999 ἄρξουσι,
484 4930 537 4982 τί
563 4928 751 4983 τούτου
780 4931 998 4999 μᾶλλον,
1024 4932 1055 5001 ἢ
1088 4934 1310 4987 ἐκείνων
1342 4937 1374 5004 ἡ
1412 4936 1582 5006 ἀρχὴς
1614 4936 1677 4989 Εἰ
1701 4937 1756 4989 δὲ

203 5022 281 5091 μὴ
316 5024 515 5085 πάντες
544 5024 767 5092 ὁμοίως,
820 5024 935 5087 πῶς
966 5027 1023 5077 ἐν
1052 5020 1096 5093 ᾧ
1131 5028 1550 5097 ὑποὸεῧήκασιν,
1586 5031 1681 5083 οῦκ
1709 5032 1767 5083 ἐν

198 5116 268 5181 τῇ
297 5111 410 5166 τῶν
440 5114 756 5183 ἀρχομένων
784 5114 893 5169 εἷεν
920 5118 1133 5187 μερίδι;
1164 5120 1229 5171 Ὃ
1252 5118 1306 5171 δὲ
1332 5121 1405 5189 μὴ
1444 5121 1619 5189 ἄρχει,
1653 5120 1768 5182 πῶς

198 5206 267 5259 ἂν
297 5207 385 5273 εἴη
415 5206 582 5270 Θεός;
613 5208 796 5271 Οὕτως
832 5211 957 5279 ὑμῖν
1000 5212 1060 5263 τὸ
1088 5210 1244 5264 ἄθεον
1272 5213 1349 5282 τῷ
1379 5212 1620 5283 πολυθέῳ
1645 5230 1769 5265 συν-

198 5299 426 5368 έρχεται
454 5313 466 5326 ’
516 5298 768 5369 οὐδαμῶς
787 5299 878 5353 οῦν
910 5302 1012 5372 χρὴ
1044 5303 1123 5365 εἰς
1148 5301 1347 5372 πλῆθος
1372 5307 1431 5357 τὸ
1457 5304 1610 5357 Θεῖον
1636 5306 1770 5358 ἀπο-

202 5388 474 5459 μερίζειν,
506 5391 626 5443 οὐδὲ
657 5393 714 5459 ἐξ
743 5387 803 5447 οῦ
834 5397 947 5456 τοῖς
976 5396 1157 5458 ἄλλοις
1198 5398 1231 5465 ἡ
1267 5398 1470 5466 μετοχὴ
1496 5397 1591 5449 τοῦ
1626 5398 1760 5461 ἐνὸς,

197 5480 415 5534 ἐκεῖθεν
453 5482 563 5552 γὰρ
598 5483 811 5537 κάτεισι
850 5485 909 5538 τὸ
940 5486 998 5537 ἓν
1026 5488 1084 5539 ἐν
1114 5489 1225 5551 τοῖς
1256 5489 1590 5552 σκεδαστοῖς,
1615 5490 1769 5542 τοῦτο

198 5576 553 5645 ἀποστερεῖν,
569 5575 597 5627 ὃ
617 5576 796 5629 δίδωσι
818 5580 928 5640 τοῖς
950 5578 1151 5642 ἄλλοις.
1174 5580 1265 5651 Μὴ
1284 5585 1474 5652 τομαῖς
1496 5582 1553 5634 τὸ
1572 5583 1770 5636 ὲνιαῖον

199 5666 301 5735 τῆς
338 5666 658 5737 κυριότητος
689 5668 1042 5724 ὑποϐάλλετε.
1070 5670 1244 5742 Μηδὲ,
1267 5672 1327 5725 τὸ
1361 5674 1460 5743 μέν
1486 5691 1537 5725 τι
1566 5674 1768 5744 ταύτης

202 5759 584 5831 ὑπερκεῖσθαι,
636 5763 696 5814 τὸ
746 5762 791 5815 δ’
841 5762 1238 5835 ὑποϐεϐηκέναι
1297 5767 1600 5836 νομίζοιτε;
1634 5768 1767 5839 μηδὲ

200 5849 524 5922 ἀφελόμενοι
552 5851 644 5906 τοῦ
674 5853 903 5909 Κτίστου
933 5855 1027 5925 τὴν
1082 5858 1469 5928 προσκύνησιν,
1520 5861 1625 5922 τοῖς
1652 5860 1763 5912 κτι-

1869 4672 2051 4741 aliquo
2083 4671 2299 4726 tandem
2331 4670 2493 4725 modo
2524 4673 2755 4739 primum
2787 4670 3137 4739 principium,
3162 4669 3275 4724 sive
3297 4669 3429 4723 illud

1869 4764 1942 4818 sit
1990 4778 2278 4833 supremus
2320 4761 2553 4832 Jupiter,
2586 4764 2702 4817 sive
2732 4763 2877 4817 aliud
2916 4762 3199 4831 quiddam,
3232 4763 3431 4817 virtute

1868 4854 2170 4909 suﬂiciente
2192 4869 2285 4922 per
2311 4870 2369 4907 sc
2395 4868 2504 4907 non
2532 4854 2717 4922 pollet,
2744 4863 2796 4908 et
2828 4854 2898 4909 ob
2936 4854 2987 4906 id
3022 4854 3232 4921 imperii
3267 4855 3431 4908 sociis

1867 4954 2011 5013 eget,
2058 4942 2328 5013 quomodo
2370 4943 2511 4997 Deus
2556 4944 2683 5008 erit,
2725 4944 2819 5012 qui
2869 4944 3044 4998 instar
3078 4943 3356 4997 hominum
3402 4957 3430 4995 τι

1869 5036 2153 5105 potestatis
2173 5043 2227 5088 et
2247 5034 2442 5088 virium
2475 5036 2850 5091 imbecillitate
2880 5051 2987 5089 non
3010 5044 3092 5090 est
3127 5043 3429 5104 exemptus,

1867 5127 1959 5181 sed
1998 5127 2062 5179 ad
2094 5141 2178 5189 ea,
2216 5140 2338 5194 qua:
2382 5127 2606 5195 exsequi
2650 5126 2859 5192 statuit,
2904 5126 3432 5195 adjutoribus’Opus

1868 5216 2073 5271 habet?
2101 5215 2163 5268 Et
2184 5215 2458 5285 quomodo
2481 5230 2601 5269 cum
2631 5214 2810 5269 socios
2830 5213 3040 5282 imperii
3068 5214 3117 5267 ei
3144 5212 3432 5269 constitui-

1868 5310 1960 5373 tis,
2007 5324 2113 5363 non
2146 5308 2311 5363 simul
2357 5316 2410 5363 et
2456 5310 2599 5361 hunc
2631 5307 2860 5376 imperio
2893 5306 3147 5375 privatis,
3186 5316 3239 5360 et
3284 5305 3429 5369 illos,

1868 5417 2007 5469 quos
2055 5401 2102 5455 ei
2151 5401 2506 5469 opitulatores
2550 5399 2901 5471 adjungitis?
2952 5397 3009 5453 Si
3054 5399 3199 5454 enim
3240 5414 3430 5453 omnes

1868 5493 2147 5563 aequaliter
2185 5492 2469 5561 imperent,
2500 5506 2599 5545 cur
2644 5491 2808 5558 hujus
2865 5505 3028 5560 quam
3073 5490 3220 5545 illius
3257 5490 3430 5558 magis

1869 5582 1940 5635 sit
1970 5582 2256 5651 imperium
2287 5582 2309 5634 ?
2338 5581 2407 5633 At
2446 5582 2492 5636 si
2536 5595 2725 5634 omnes
2771 5594 2880 5634 non
2918 5580 3192 5651 gaudeant
3234 5580 3429 5649 :equali

1870 5672 2119 5742 imperio,
2142 5671 2416 5741 quomodo
2436 5686 2498 5726 ea
2524 5671 2734 5725 ratione
2750 5687 2856 5740 qua
2884 5673 3296 5736 suntminores,
3317 5687 3425 5725 non

1872 5766 2240 5821 censebuntur
2272 5764 2325 5818 in
2362 5779 2547 5819 eorum
2579 5764 2673 5833 qui
2709 5764 2943 5819 subsunt
2977 5765 3251 5819 numero?
3282 5764 3426 5829 Quu-

1870 5859 2029 5914 modo
2048 5857 2187 5915 Deus
2214 5866 2317 5922 cst,
2348 5858 2439 5927 qui
2469 5871 2574 5912 non
2605 5866 2795 5925 [mecst
2822 5857 2843 5911 ?
2870 5856 2945 5912 Ita
2973 5858 3190 5916 tandem
3218 5856 3423 5911 athets-
