4182 6440
769 437 866 498 183

1989 427 2259 488 LEONIS
2286 427 2711 486 PHILOSOPH
2721 427 2744 483 Ι

3880 427 3982 491 184

764 561 912 602 ιιιυιη
957 545 1271 613 nullumque
1315 543 1482 596 Deum
1523 557 1647 597 cum
1699 541 1926 596 deorum
1971 539 2351 601 multitudine.

2452 555 2589 607 pact
2605 539 2807 608 ταύτην
2825 539 3013 593 δίδοτε.
3034 540 3413 610 Ἀναϐλέψατε,
3427 540 3718 611 ἅνθρωποι,
3737 541 3991 611 λογισμῷ

762 637 1030 694 miscetis.
1065 635 1244 700 Quare
1275 634 1426 689 nullo
1473 635 1635 688 modo
1665 631 2021 688 dividendum
2065 642 2149 688 est
2188 630 2328 684 diri-

764 745 893 783 num
924 727 1132 781 Numen
1165 726 1221 780 in
1252 726 1430 796 plura,
1467 739 1642 794 neque
1672 724 1746 790 id,
1772 724 1913 779 unde
1937 724 2058 778 aliis
2085 738 2329 778 commu-

763 821 854 873 nio
901 817 1132 871 unitatis
1162 826 1348 871 manat
1380 816 1527 884 (inde
1570 817 1714 871 enim
1752 817 1819 870 ad
1854 831 1966 882 res,
1999 832 2118 886 quae
2143 816 2329 884 plures

759 919 814 964 et
852 909 1114 978 dispersa:
1143 917 1290 973 sunt,
1326 910 1506 963 unitas
1531 909 1700 975 venit)
1739 923 1837 977 par
1867 916 1953 964 est
1988 910 2204 978 privare
2239 923 2326 976 eo,

760 1000 906 1070 quod
937 999 1164 1070 largitur
1187 998 1331 1054 aliis.
1364 997 1551 1068 Neque
1575 999 1966 1068 partitionibus
1993 1008 2046 1054 et
2067 999 2330 1054 sectioni-

764 1095 867 1148 bus
892 1093 1152 1147 unitatem
1184 1090 1576 1146 dominationis
1606 1090 1882 1160 subjicite,
1914 1105 2088 1160 neque
2118 1101 2328 1161 partem

770 1184 890 1252 ejus
917 1182 1276 1251 superiorem,
1313 1189 1519 1250 partem
1555 1195 1682 1234 vero
1731 1180 2041 1234 inferiorem
2069 1196 2189 1236 esse
2212 1182 2330 1236 exi-

765 1274 1006 1336 stimate,
1039 1287 1216 1342 neque
1244 1270 1489 1325 detracto
1521 1283 1552 1322 a
1583 1270 1843 1326 Creatorc
1881 1272 2066 1326 debito
2096 1272 2246 1328 cultu
2277 1282 2333 1329 et

767 1365 1108 1429 adoratione,
1162 1379 1280 1418 eam
1329 1367 1600 1420 creaturis
1650 1365 1895 1422 tribuite.
1951 1365 2248 1436 Respicite,
2300 1382 2334 1422 ο

767 1461 1045 1522 mortales,
1067 1458 1123 1511 in
1142 1457 1361 1511 caelum.
1388 1456 1611 1518 Discite,
1634 1459 1762 1525 quis
1783 1457 1982 1513 coelum
2008 1459 2332 1513 extenderit.

763 1547 899 1612 Quis
951 1548 1107 1616 quasi
1159 1545 1401 1600 siderum
1441 1545 1671 1602 floribus
1725 1548 1857 1602 illud
1908 1549 2152 1601 variarit.
2201 1548 2334 1613 Quis

766 1639 1066 1693 luminibus
1098 1638 1204 1692 illis
1232 1638 1482 1693 ordinem
1507 1639 1925 1708 prmscripserit.
1959 1638 2092 1703 Quis
2120 1640 2336 1692 univer-

764 1731 978 1784 sitatem
1051 1731 1192 1784 banc
1255 1731 1540 1784 ordinarit.
1597 1730 1733 1795 Quis
1801 1730 2166 1786 immensitate
2224 1745 2337 1786 suae

765 1820 1006 1876 scientia:
1047 1837 1136 1876 res
1167 1837 1357 1876 omnes
1394 1829 1502 1875 tam
1533 1823 1805 1876 concinne
1843 1820 2222 1890 disposuerit:
2264 1823 2335 1876 ita

766 1921 825 1964 ut
870 1928 966 1982 per
1001 1912 1120 1983 ejus
1169 1913 1629 1984 elegantissimam
1684 1913 2123 1983 dispositionem,
2173 1914 2330 1984 quasi

765 2019 861 2071 per
923 2005 1391 2059 ordinatissimum
1444 2006 1673 2060 chorum
1730 2008 1998 2074 sapientia
2054 2006 2332 2062 Creatoris

765 2093 1105 2160 deeantetur,
1147 2105 1203 2150 et
1237 2098 1685 2167 praestantissima
1727 2113 1955 2167 qumque
1988 2098 2130 2152 dona
2171 2099 2334 2154 homo

767 2187 1044 2256 percipiat.
1084 2187 1284 2244 Discite
1319 2190 1455 2255 haec,
1495 2197 1549 2244 et
1587 2191 1870 2259 repudiato
1908 2205 2086 2245 rerum
2119 2201 2334 2246 creata-

767 2295 883 2331 rum
930 2281 1100 2346 cultu,
1143 2279 1341 2337 discite
1376 2297 1632 2351 magnum
1663 2281 1861 2335 divinae
1911 2281 2336 2350 dispensationis

765 2369 908 2421 circa
929 2369 1175 2424 homines
1199 2371 1536 2441 mysterium.
1557 2371 1840 2437 Quomodo
1863 2379 2079 2441 propter
2096 2372 2328 2426 salutem

767 2461 1046 2515 hominum
1079 2463 1220 2519 Deus
1250 2464 1412 2516 homo
1438 2464 1616 2517 factus
1645 2465 1738 2518 sit.
1774 2463 1839 2516 Et
1862 2465 2134 2532 quomodo
2155 2480 2325 2532 mors,

2427 632 2507 694 είς
2532 630 2624 684 τὸν
2654 631 2883 701 οὐρανόν
2910 648 2923 661 °
2949 634 3316 702 καταμάθετε,
3345 635 3428 696 τίς
3452 634 3481 685 6
3509 634 3746 699 τανύσας
3776 635 3947 688 αὐτόν
3973 653 3987 664 ·

2426 722 2510 785 τίς
2541 723 2569 774 6
2591 723 2842 786 ποικίλας
2877 724 3041 778 αὐτὸν
3096 725 3174 795 τῷ
3213 725 3447 797 ἀστρῴῳ
3475 725 3658 794 ἄνθει,
3691 727 3773 790 τίς
3799 729 3829 781 6
3869 727 3991 780 δια-

2427 812 2592 879 τάξας
2619 813 2817 884 δρόμον
2867 819 3184 886 φωστῆρσι,
3235 816 3322 880 τίς
3371 818 3401 870 6
3461 815 3686 886 θέμενος
3729 815 3889 881 τάξιν
3913 815 3996 885 τῷ

2429 907 2628 972 παντὶ,
2657 909 2743 972 τίς
2767 911 2796 961 6
2828 908 3043 978 ἀπείρῳ
3076 909 3358 982 ἐπιστήμῃ
3387 909 3526 962 οὕτω
3551 911 3664 972 τοῖς
3696 911 3865 963 πᾶσιν
3895 909 3996 978 ἀρο

2432 999 2623 1068 μονίαν
2649 999 2896 1068 θέμενος,
2923 996 3075 1074 δι’ἦς
3103 1001 3291 1073 ὥσπερ
3319 1001 3651 1072 τεταγμένου
3673 1001 3836 1072 χοροῦ
3859 1002 3895 1070 ἦ
3928 1018 3993 1053 τε

2431 1091 2593 1160 σοφία
2617 1093 2712 1145 τοῦ
2733 1093 3062 1163 Ποιήσαντος
3090 1095 3476 1162 ἀναφωνεῖται,
3508 1095 3602 1148 καὶ
3629 1096 3697 1149 τὰ
3727 1095 3995 1149 κάλλιστα

2433 1184 2656 1236 πλουτεῖ
2681 1182 2987 1254 ἄνθρωπος.
3018 1183 3382 1253 Καταμάθετε
3409 1182 3600 1248 ταῦτα,
3650 1183 3744 1236 καὶ
3779 1180 3998 1243 τούτοις

2431 1272 2826 1338 ἀνανεύσαντες
2849 1274 2949 1344 τῆς
2978 1274 3086 1327 τῶν
3126 1274 3439 1344 κτισμάτων
3485 1272 3749 1335 δουλείας,
3788 1271 3993 1343 μάθετε

2431 1368 2493 1421 τὸ
2529 1367 2670 1438 μέγα
2691 1366 2791 1437 τῆς
2826 1367 2955 1435 περὶ
2984 1365 3306 1436 ἀνθρώπους
3329 1364 3643 1434 οἰκονομίας
3691 1364 3998 1434 μυστήριον

2431 1462 2526 1515 τοῦ
2554 1460 2689 1514 Θεοῦ
2716 1501 2731 1525 ,
2763 1458 2883 1522 πῶς
2928 1459 3026 1530 μὲν
3049 1459 3138 1514 διά
3170 1457 3442 1528 σωτηρίαν
3490 1455 3803 1526 ἀνθρώπου,
3857 1454 4000 1517 Θεὸς

2433 1551 2721 1621 ἄνθρωπος
2748 1550 2974 1619 γίνεται,
3008 1550 3123 1614 πῶς
3154 1550 3200 1603 δ’
3223 1553 3250 1602 6
3281 1549 3528 1611 θάνατος,
3557 1549 3616 1602 ὃν
3635 1547 3833 1617 χλεύην
3867 1563 3996 1598 ποι-

2435 1643 2600 1706 εῖσθε,
2637 1641 2782 1710 ζωῆς
2800 1639 3118 1703 αἰτιώτατος
3137 1642 3378 1710 γέγονεν,
3401 1639 3655 1694 ἀσθένεια
3676 1641 3804 1708 ύμῖν
3825 1638 3997 1701 εδοξε,

2435 1735 2516 1795 τὸ,
2543 1733 2929 1804 προσηλῶσθαι
2959 1732 3196 1804 σταυρῷ,
3219 1733 3314 1786 καὶ
3339 1732 3444 1803 μὴν
3475 1733 3684 1801 ἄμαχος
3711 1730 3807 1784 τοῦ
3835 1747 4002 1784 σταυ-

2441 1825 2533 1898 ροῦ
2564 1827 2596 1895 ἡ
2625 1825 2874 1895 δύναμις.
2913 1825 3066 1894 Ἀμα
3098 1841 3158 1877 τε
3181 1822 3288 1894 γάρ
3321 1822 3553 1892 σταυρὸς
3583 1822 3873 1890 ἐπεπήγει,
3904 1820 4002 1873 καὶ

2433 1915 2544 1968 τῶν
2566 1916 2696 1986 παρ’
2725 1915 2880 1986 ὐμῶν
2904 1914 3210 1984 σεϐομένων
3233 1913 3546 1982 δαιμονίων,
3570 1911 3628 1976 ἐξ
3657 1910 3866 1964 ἐκείνου
3897 1909 4000 1978 μέ-

2435 2025 2527 2079 χρι
2558 2008 2649 2061 καὶ
2672 2005 2786 2071 νῦν,
2807 2010 2841 2077 ἠ
2873 2007 3103 2076 δύναμις
3133 2005 3394 2074 ὐπολήγει
3417 2020 3432 2036 ·
3465 2005 3666 2066 ἐκεῖνος
3685 2004 3712 2056 ὁ
3743 2002 4000 2063 θάνατος.

2436 2101 2499 2154 τὸ
2535 2099 2730 2171 πικρὸν
2750 2099 2845 2152 τοῦ
2887 2099 3138 2165 θανάτου,
3161 2099 3242 2161 είς
3271 2096 3586 2168 γλυκύτητα
3617 2096 4001 2164 μετενήνοχεν,

2437 2193 2514 2254 ὡς
2539 2192 2634 2245 καὶ
2654 2190 2748 2244 νῦν
2772 2192 2906 2260 ἡμῖν
2949 2187 3062 2244 οἷόν
3087 2207 3141 2244 τι
3193 2189 3369 2258 γλυκύ
3416 2189 3567 2259 πόμα
3594 2187 3662 2240 δι’
3708 2185 4004 2256 ἐπιθυμίας

2440 2285 2577 2349 ἐστὶ,
2623 2284 2692 2337 δι’
2715 2281 2885 2339 αὐτοῦ
2919 2284 3057 2356 πρὸς
3098 2283 3242 2353 ζωὴν
3275 2283 3716 2352 μεταϐαίνουσιν,
3748 2279 3823 2342 ώς
3842 2279 4007 2347 εὐερ-

2436 2375 2601 2444 γέτην
2626 2376 3003 2444 προσμένομεν
3045 2373 3235 2429 αὐτὸν.
3267 2375 3349 2428 ὅτι
3370 2375 3465 2426 τοῦ
3490 2372 3716 2442 πηλίνου
3763 2368 4006 2441 μετοικί⁶

2437 2464 2544 2528 ζων
2578 2463 2832 2533 σκήνους,
2861 2467 2940 2527 εἰς
2963 2463 3062 2527 τὰς
3082 2465 3362 2534 οὐρανίους
3380 2462 3742 2531 ὲγκατοικίζει
3773 2458 4005 2527 σκηνάς.

768 2568 929 2621 quam
975 2572 1072 2610 vos
1120 2558 1302 2610 irrisui
1347 2565 1400 2609 et
1443 2554 1745 2626 despicatui
1797 2555 2031 2622 habetis,
2081 2557 2152 2613 sit
2202 2559 2327 2613 vita:
2354 2572 2543 2612 causa.
2576 2554 2910 2612 lnfirmitatis
2939 2556 3058 2611 loco
3087 2556 3344 2621 duxistis,
3402 2556 3546 2626 quod
3601 2553 3748 2608 cruci
3807 2551 4004 2608 afﬁxus

769 2657 872 2704 cst.
912 2651 1074 2718 Atqui
1129 2651 1513 2720 insuperabilis
1556 2659 1639 2706 est
1672 2651 1852 2707 erucis
1896 2653 2094 2708 virtus.
2147 2651 2323 2707 Simul
2354 2661 2519 2722 atque
2547 2652 2691 2706 enim
2723 2666 2858 2706 crux
2893 2651 2996 2705 fixa
3027 2658 3132 2714 est,
3157 2651 3225 2705 ab
3249 2666 3316 2706 eo
3380 2659 3658 2704 momento
3706 2663 3882 2719 usque
3936 2650 4006 2702 ad

769 2758 1008 2810 praesens
1046 2753 1258 2810 tempus
1307 2749 1548 2809 potestas
1597 2740 1927 2804 dwmonum,
1983 2743 2141 2811 quia
2181 2744 2336 2798 vobis
2365 2743 2703 2806 colebantur,
2735 2741 2920 2798 desiit.
2966 2742 3066 2795 Illa
3122 2755 3274 2796 mors
3327 2739 3744 2794 amaritudinem
3809 2740 4009 2792 mortis

772 2840 822 2891 in
849 2837 1191 2890 dulcedinem
1231 2837 1410 2899 vertit,
1436 2849 1559 2904 quae
1585 2844 1641 2889 et
1674 2851 1820 2890 nunc
1853 2843 2114 2906 tanquam
2169 2839 2426 2908 poculum
2477 2846 2699 2908 gustatu
2732 2837 2890 2892 valde
2926 2836 3253 2906 jucundum,
3313 2833 3474 2888 nobis
3520 2842 3607 2888 est
3659 2836 3712 2888 in
3776 2834 4006 2903 optatis,

771 2940 957 3003 utpote
986 2932 1143 3000 cujus
1174 2931 1484 2986 interventu
1521 2930 1587 2984 ad
1623 2930 1790 2984 vitam
1829 2931 2151 2996 transimus,
2183 2942 2238 2988 et
2281 2941 2340 2986 ut
2365 2933 2434 2987 de
2484 2933 2641 2988 nobis
2692 2931 2833 2986 bene
2876 2936 3174 2986 merentem
3247 2937 3652 2998 exspectamus,
3726 2927 3856 2998 quia
3941 2941 4010 2981 ex

772 3027 919 3080 luteo
961 3023 1309 3078 tabernaculo
1355 3023 1581 3079 eductos
1623 3022 1690 3076 ad
1732 3031 1966 3079 aeternas
1991 3023 2167 3092 [sedes
2217 3025 2468 3079 traducit.

845 3113 968 3170 Haec
989 3124 1286 3184 martyrum
1308 3116 1579 3184 quispiam
1611 3116 1927 3182 prolocutus
1952 3116 2158 3170 invicto
2175 3117 2340 3170 animi

2520 3111 2688 3171 Εἶπέν
2713 3133 2799 3180 τις
2827 3116 2997 3171 ταῦτα
3029 3115 3139 3169 τῶν
3167 3112 3484 3186 μακαρίων,
3521 3109 3754 3179 γενναίῳ
3782 3108 3881 3180 μὲν
3901 3127 4012 3162 πα-

775 3204 992 3268 robore,
1038 3204 1356 3272 disertaque
1395 3211 1448 3258 et
1481 3204 1642 3258 docta
1679 3203 1935 3258 facundia
1966 3207 2178 3276 tyranni
2203 3207 2338 3260 iram

2452 3210 2780 3280 ραστήματι,
2812 3207 3020 3278 εὐλάλῳ
3061 3207 3120 3260 δὲ
3143 3207 3233 3260 καὶ
3263 3207 3398 3274 σοφῇ
3433 3205 3497 3273 τῇ
3524 3203 3766 3272 γλώσσῃ,
3798 3199 4016 3253 καὶτοῦ

776 3296 1046 3360 accendit,
1081 3296 1284 3364 quibus
1315 3297 1458 3366 quod
1494 3297 1874 3364 responderet,
1918 3299 2054 3352 nihil
2084 3307 2341 3368 suppete-

2452 3303 2708 3369 τυράννου
2739 3297 2998 3362 ἐξέκαυσε
3055 3297 3148 3350 τὸν
3197 3295 3386 3364 θυμὸν,
3423 3289 3504 3355 οἷς
3557 3293 3836 3345 ἀντειπεῖν
3879 3291 4009 3358 ἠπό-

779 3388 888 3438 bat.
925 3387 990 3440 Et
1021 3386 1110 3439 ubi
1139 3397 1426 3448 tormenta,
1461 3387 1862 3442 vociferabatur
1890 3387 1913 3440 ?
1952 3388 2053 3444 Ubi
2084 3387 2292 3457 flagella
2324 3389 2347 3441 ?

778 3474 1087 3528 Alterantur
1133 3482 1287 3530 rotae.
1337 3475 1748 3532 lntlainmentur
1797 3476 2071 3533 fornaces.
2140 3477 2206 3531 Et
2261 3478 2348 3534 his

780 3561 1034 3637 tanquam
1061 3584 1274 3634 aurum,
1302 3585 1492 3624 aureas
1520 3586 1646 3626 vere
1670 3571 1890 3639 pietatis
1920 3573 2203 3641 imagines,
2230 3589 2350 3643 pro-

783 3659 1003 3712 babant.
1059 3660 1192 3724 Quis
1237 3675 1427 3714 eorum
1486 3663 1542 3716 in
1603 3663 1968 3733 perpetiendis
2010 3666 2348 3721 cruciatibus

781 3751 1151 3804 constantiam
1203 3761 1257 3806 ct
1301 3753 1650 3807 tolerantiam
1707 3755 1868 3824 digne
1930 3766 2279 3824 repraesentet
2329 3760 2352 3811 ?

785 3837 1092 3908 l‘rmparata
1126 3850 1276 3895 erant
1315 3843 1678 3898 instrumenta
1706 3845 1771 3898 ad
1796 3846 2075 3902 cruciatus
2107 3847 2348 3902 inferen-

783 3930 885 3984 ilos
935 3932 1206 3999 apposita.
1252 3931 1320 3985 Et
1352 3933 1475 3987 lazto
1507 3935 1683 3996 vultu,
1723 3937 1885 4004 quasi
1925 3937 2266 3992 medicamen
2298 3947 2351 3992 et

786 4019 1028 4075 levamen
1075 4022 1202 4077 inde
1245 4024 1550 4091 percepturi
1598 4034 1803 4088 essent,
1860 4026 2116 4080 lictorum
2158 4041 2350 4082 manus

788 4112 1162 4178 intuebantur,
1211 4115 1366 4182 quasi
1417 4130 1522 4168 non
1560 4125 1849 4183 tormenta,
1884 4117 1978 4172 sed
2015 4119 2351 4188 voluptatem

788 4205 859 4257 ab
893 4204 1027 4272 ipsis
1059 4215 1458 4274 exspectarent.
1491 4206 1557 4259 Et
1591 4207 1644 4261 hi
1685 4209 1900 4278 quidem
1934 4209 1999 4263 ad
2029 4224 2156 4265 ossa
2183 4226 2353 4280 usque

787 4310 882 4349 eos
914 4295 1200 4350 railcbant.
1231 4299 1298 4350 At
1324 4298 1424 4360 illi,
1455 4299 1599 4353 sicut
1626 4301 1824 4368 plantae
1855 4301 1906 4353 in
1934 4300 2206 4370 profundo
2235 4303 2355 4370 pin-

788 4386 1072 4456 guefaetae,
1112 4386 1444 4444 floridiurem
1486 4389 1645 4444 fidem
1683 4390 2063 4446 ostendebant.
2111 4391 2353 4447 Membra

790 4479 899 4531 illis
928 4480 1312 4547 amputabant;
1345 4488 1399 4534 at
1431 4492 1697 4551 martyres
1732 4482 1921 4537 laudes
1957 4482 2068 4537 Deo
2098 4484 2354 4538 decanta-

792 4569 941 4629 haut,
982 4579 1035 4622 ct
1083 4569 1210 4636 quia
1258 4569 1551 4638 impietatis
1601 4571 1831 4642 caligine
1866 4573 2186 4628 circumfusi
2243 4589 2352 4627 non

2454 3408 2556 3463 ρει.
2590 3391 2698 3443 Καὶ
2724 3389 2822 3442 ποῦ
2853 3391 2907 3442 αἱ
2945 3387 3326 3459 στρεϐλώσεως,
3359 3385 3521 3449 é66a;
3557 3382 3668 3438 Ποῦ
3708 3383 3765 3435 δὲ
3799 3382 3856 3435 αί
3907 3382 4014 3450 μά·

2455 3499 2671 3550 στιγες;
2713 3481 3058 3551 Ἀχθήτωσαν
3088 3479 3147 3532 δὲ
3200 3478 3250 3531 oi
3294 3476 3495 3548 τροχοὶ,
3518 3471 3936 3538 ὲξαπτέσθωσάν
3961 3488 4018 3524 τε

2454 3574 2548 3627 καὶ
2573 3575 2629 3626 αί
2670 3574 2912 3642 κάμινοι,
2951 3572 3046 3624 καὶ
3092 3569 3304 3632 τούτοις
3344 3567 3586 3637 ὡσπερεὶ⁹
3629 3565 3850 3637 χρυσὸν,
3891 3565 4017 3626 τοὺς

2454 3664 2686 3735 χρυσοῦς
2717 3664 2884 3727 ὅντως
2906 3663 3229 3734 ἀνδριάντας
3253 3663 3350 3731 τῆς
3374 3659 3652 3720 εὐσεϐείας
3675 3656 4018 3726 ἐδοκίμαζον.

2454 3756 2552 3818 Τίς
2578 3754 2675 3825 τὴν
2716 3755 2851 3825 πρὸς
2900 3755 2969 3807 τά
2998 3754 3144 3807 δεινά
3195 3751 3493 3823 καρτερίαν
3535 3749 3714 3804 αὐτῶν
3747 3748 4017 3817 παραστήν

2457 3862 2573 3910 σει;
2611 3846 2946 3913 Εὐτρέπιστο
2975 3845 3044 3897 τὰ
3081 3843 3479 3914 βασανιστήρια
3526 3839 3760 3911 ὄργανα,
3782 3839 3875 3890 καὶ
3901 3838 4015 3906 χαί-

2459 3955 2604 4007 ροντι
2636 3935 2937 4006 προσώπῳ,
2968 3936 3216 4007 καθάπερ
3246 3935 3384 4004 πρὸς
3419 3932 3717 4003 θεραπείαν
3766 3931 3868 3990 τὰς
3905 3928 4020 3980 τῶν

2455 4029 2663 4099 δημίων
2709 4029 2896 4098 χεῖρας
2938 4027 3266 4090 ἀπέϐλεπον,
3302 4025 3490 4096 ὥσπερ
3552 4024 3614 4076 οὐ
3669 4021 3852 4084 πόνου,
3903 4019 4022 4073 αλλ’

2456 4119 2650 4189 ἡδονῆς
2693 4115 2752 4182 ἐξ
2797 4117 2979 4170 αὐτῶν
3014 4115 3182 4186 οὐσης
3224 4114 3615 4186 προσδοκίμου.
3672 4111 3781 4164 Καὶ
3825 4110 3877 4162 oi
3923 4111 4023 4178 μὲν

2457 4211 2603 4274 ἔξεον
2636 4210 2827 4280 μέχρις
2849 4208 3070 4262 ὀστέων.
3104 4206 3168 4260 Οἱ
3199 4207 3276 4272 δὲ,
3305 4205 3492 4275 ὥσπερ
3520 4203 3665 4272 φυτά
3694 4200 3835 4254 κατὰ
3858 4199 4024 4269 βάθος

2458 4303 2804 4372 πιαινόμενα,
2868 4299 3263 4368 εὐανθεστέραν
3320 4296 3418 4368 τὴν
3485 4295 3670 4348 πίστιν
3723 4292 4024 4346 ἐδείκνυον.

2471 4393 2792 4461 Ἀπέκειρον
2817 4389 2886 4443 τά
2915 4389 3076 4460 μέλη.
3113 4389 3179 4440 Οἱ
3208 4386 3384 4458 δὲτὴν
3420 4386 3499 4449 είς
3525 4384 3657 4437 Θεὸν
3692 4381 4026 4449 δοξολογίαν,

2460 4485 2710 4554 καθάπερ
2763 4481 3006 4553 καρποὺς
3038 4479 3396 4548 ἀναφέροντες
3423 4520 3437 4543 ,
3483 4472 3564 4540 οἷς
3588 4477 3618 4528 6
3641 4476 3741 4543 τῆς
3770 4473 4029 4534 ἀσεϐείας

2461 4578 2559 4630 οὐκ
2597 4576 2880 4629 ἐπεσκότει
2911 4575 3130 4643 γνόφος,
3164 4571 3484 4642 ώραιότεροι
3511 4567 3882 4651 ἀνεφαίνοντο.
3925 4564 4031 4617 Καὶ

789 4668 968 4723 erant,
1013 4660 1377 4729 spcciosiores
1424 4671 1477 4714 et
1516 4662 1840 4732 fulgidiores
1889 4667 2239 4732 apparebant.
2273 4665 2351 4720 illi

2461 4671 2510 4722 οί
2556 4668 2653 4738 μὲν
2680 4666 3079 4736 διεσπάρασσον
3122 4662 3335 4725 ὄνυξιν·
3396 4662 3444 4712 οἱ
3479 4659 3523 4711 δ’
3559 4659 3767 4725 ἔλεγον,
3815 4658 4024 4710 Λεπτύο

791 4753 1009 4821 ungulis
1042 4753 1378 4808 lacerabant.
1404 4753 1495 4807 lsti
1519 4771 1647 4810 vero
1675 4756 1984 4810 clamabant
2015 4774 2028 4810 :
2059 4757 2359 4813 Extenuate

793 4844 976 4896 carnis
1011 4845 1232 4910 moletn,
1283 4854 1331 4898 et
1379 4847 1534 4914 quasi
1581 4847 1843 4911 tunicam,
1888 4863 2046 4914 quam
2078 4860 2356 4918 peceatum

793 4951 1036 4992 crassam
1060 4937 1260 4990 eﬂecit.
1282 4937 1590 4992 Abradatur
1615 4941 1700 4994 his
1726 4941 2104 4996 instrumentis
2131 4944 2357 5008 malitia,

794 5043 902 5095 qua
928 5028 1114 5082 divino
1144 5031 1295 5099 operi
1344 5031 1613 5101 malignus
1644 5034 1850 5087 nocuit.
1891 5033 2046 5088 Nunc
2078 5036 2206 5089 dum
2236 5051 2359 5090 ossa

797 5133 966 5172 carne
1014 5119 1312 5185 nudantur,
1355 5122 1538 5176 tunica
1580 5123 1696 5188 illa,
1736 5140 1843 5192 qua
1885 5126 1954 5178 ab
1993 5125 2151 5179 initio
2190 5128 2362 5182 induti

798 5227 1038 5274 eramus,
1073 5215 1230 5269 nobis
1276 5215 1462 5285 denuo
1500 5225 1859 5286 praeparetur.
1887 5218 2056 5273 Nunc
2089 5219 2245 5273 beata
2282 5220 2370 5274 illa

801 5305 1126 5360 constitutio
1192 5315 1246 5360 et
1308 5306 1598 5376 habitudo,
1657 5325 1820 5379 quam
1896 5327 1992 5380 per
2040 5313 2367 5382 voluptatem

803 5397 1102 5462 amisimus,
1141 5398 1195 5452 in
1231 5399 1354 5462 hac,
1384 5416 1505 5470 qua:
1529 5402 1685 5455 vobis
1715 5403 1947 5466 videtur,
1973 5414 2366 5459 tormentorum

806 5487 1104 5542 acerbitate
1135 5489 1294 5544 nobis
1329 5491 1658 5547 restituitur.
1688 5493 1832 5559 Quas
1871 5497 2050 5564 regias
2072 5497 2364 5566 dignitates

807 5585 863 5630 et
887 5579 1394 5647 opeslibentissime
1420 5598 1525 5637 non
1549 5585 1789 5640 insumat
1809 5587 1931 5656 quis
1958 5597 2012 5641 et
2049 5589 2362 5657 profundat,

808 5681 868 5723 ut
913 5670 1058 5726 hunc
1101 5680 1209 5727 tam
1253 5672 1466 5729 felicem
1508 5684 1708 5731 statum
1763 5687 2049 5746 recuperct
2086 5679 2108 5730 ?
2142 5683 2210 5734 At
2267 5681 2367 5734 hac

806 5762 1002 5832 exigua
1047 5767 1293 5836 corporis
1326 5769 1473 5824 velut
1501 5785 1760 5841 expensa,
1801 5779 1855 5824 et
1889 5771 2133 5842 impensa
2182 5773 2365 5826 divina

810 5855 899 5910 illa
923 5853 1159 5926 dignitas
1189 5858 1452 5915 redditur.
1486 5862 1627 5928 Quin
1655 5863 1834 5928 potius
1869 5877 2043 5927 neque
2072 5879 2364 5928 expensam

2463 4776 2590 4813 νατε
2623 4759 2716 4811 τὸν
2743 4758 2845 4826 τῆς
2879 4755 3080 4826 σαρκὸς
3121 4751 3342 4824 χιτῶνα,
3377 4751 3436 4803 ὃν
3475 4751 3508 4818 ἡ
3547 4747 3792 4818 ἁμαρτία
3817 4748 4030 4817 ἐπάχν-

2464 4869 2572 4904 νεν.
2617 4847 2947 4912 Ἀποξεέσθω
2979 4845 3069 4899 διὰ
3095 4843 3302 4897 τούτων
3331 4844 3521 4906 κακία,
3624 4844 3652 4894 6
3696 4839 3934 4910 πονηρὸς
3955 4837 4032 4907 τῷ

2464 4942 2593 5013 θείῳ
2614 4943 2893 5010 ὑφάσματι
2924 4938 3248 5008 ἐλυμήνατο.
3306 4935 3420 4988 Νῦν
3467 4936 3622 5003 ἡμῖν,
3656 4931 3724 4985 δι’
3770 4923 3848 4984 ὧν
3899 4931 4032 4983 ἀπο-

2463 5034 2792 5105 γυμνοῦνται
2829 5033 2930 5102 τῆς
2961 5030 3160 5100 σαρκὸς
3181 5029 3248 5082 τὰ
3278 5029 3433 5087 ὀστᾶ,
3463 5026 3626 5097 χιτὼν
3651 5027 3858 5088 ἐκεῖνος
3885 5025 3914 5076 6
3938 5025 4036 5076 ἀπ’

2467 5128 2642 5199 dmi;
2710 5123 3081 5196 ὲτοιίκιάξετίιιο
3132 5123 3246 5175 Νῦν
3311 5122 3443 5190 ἡμῖν
3496 5119 3558 5172 τὸ
3615 5118 3889 5188 μακάριον
3938 5117 4033 5184 τῆς

2467 5217 2699 5282 εὐεξίας,
2753 5215 2782 5267 6
2813 5215 2879 5266 δι’
2933 5213 3125 5281 ἡδονῆς
3170 5210 3555 5278 ἀπωλέσαμεν,
3595 5209 3653 5259 ὲν
3699 5210 3765 5276 τῇ
3801 5205 4034 5274 δοκούσῃ

2469 5311 2757 5380 πικρότητι
2790 5308 2898 5360 τῶν
2921 5307 3167 5376 βασάνων
3206 5301 3661 5356 ἀποκαθίσταται.
3692 5301 3842 5352 Πόσα
3867 5298 3936 5352 ἀν
3955 5316 4036 5360 τις,

2467 5401 2740 5472 βασιλείας
2766 5398 3039 5460 ἀπολέσας
3069 5395 3377 5464 ἀξιώματα,
3425 5392 3596 5462 ἡδέως
3632 5391 3912 5444 ἀνάλωσεν
3952 5391 4038 5452 ἂν,

2466 5494 2552 5546 ἵνα
2594 5493 2752 5545 τοῦτο
2799 5491 2960 5544 πάλιν
3008 5489 3378 5556 ἀνακτήσηται
3403 5504 3418 5550 ;
3446 5483 3560 5537 Νῦν
3596 5485 3729 5553 ἡμῖν
3773 5483 3835 5535 τὸ
3897 5482 4038 5534 θεῖοι

2472 5585 2688 5652 ἀξίωμα
2739 5585 2804 5652 τῇ
2839 5581 2996 5651 ὀλίγῃ
3053 5579 3225 5649 ταύτῃ
3288 5575 3555 5629 ἀναλώσει
3617 5573 3712 5625 τοῦ
3765 5571 4038 5638 σώματος,

2471 5675 2797 5739 ἀποδίδοται,
2838 5672 3035 5742 μᾶλλον
3083 5669 3140 5724 δὲ
3171 5669 3292 5722 οὐδὲ
3349 5666 3618 5727 ἀνάλωσις
3651 5663 3812 5716 τοῦτό
3865 5664 4035 5724 ἐστιν,

2473 5770 2586 5824 ἀλλ’
2637 5764 2748 5820 οἷον
2790 5765 2966 5835 σπορά
3006 5781 3112 5830 τις,
3167 5760 3553 5829 εὐανθέστερον
3585 5759 3718 5826 ἡμῖν
3768 5755 3832 5807 τὸ
3877 5753 4037 5821 σῶμα

2475 5860 2821 5927 προῖσχουσα.
2880 5855 2946 5909 Τί
2990 5854 3130 5924 μέγα
3180 5850 3466 5913 τοσαύταις
3519 5845 3825 5917 ἐνεργείαις
3865 5860 4033 5897 κατα⁸
