4232 6444
224 451 328 516 185

1145 459 1425 516 ORATIO
1456 459 1574 519 XV.
1612 483 1678 492 -
1736 460 1817 521 IN
1849 459 2105 520 OMNES
2142 457 2484 518 SANCTOS.

3357 456 3460 522 186

220 564 644 625 πλουτισθέντας
678 565 848 635 ἡμᾶς,
873 565 1035 633 ’ὀλίγα
1066 564 1206 636 ὑπὲρ
1235 559 1296 619 οὐ
1347 569 1407 620 τὸ
1433 571 1543 622 πᾶν
1587 571 1781 641 ἔχομεν
1808 584 1858 642 Α
1885 589 1891 623 l

1808 584 1858 642 Α
1885 571 2166 624 nominare
2191 568 2369 630 decet,
2398 580 2520 620 cum
2555 566 2627 618 sit
2663 563 2834 618 instar
2866 563 3149 628 sementis,
3178 578 3300 632 quae
3331 581 3457 619 eor-

219 653 553 720 ἀποθέσθαι;
588 656 680 726 Μὴ
725 658 834 726 γὰρ
863 657 1126 726 βασάνους
1156 658 1438 730 ἡγούμεθα
1483 661 1581 723 τὰς
1623 662 1788 731 βασά-

218 762 346 808 νους
397 746 570 815 ὑμῶν,
629 749 902 818 ἐμπορίαν
931 750 993 803 τὸ
1035 753 1267 822 πρᾶγμα
1308 753 1616 821 νομίζομεν.
1660 753 1786 806 Κεί-

221 852 347 901 ρετε
370 832 465 888 οὖν
496 838 749 906 ἀφειδῶς,
777 840 862 892 ἵνα
894 841 1025 910 ἡμῖν
1071 842 1454 915 ἀναϐλαστήσῃ
1494 843 1788 912 ἀκμαιότε-

221 944 339 996 ρον.
368 929 630 997 Αάμϐανε
666 931 741 1000 μὴ
775 932 894 984 καθ’
931 933 988 984 ἓν
1021 932 1329 992 διακόπτων
1365 935 1433 986 τὰ
1476 934 1632 1004 μέλη,
1670 935 1785 988 ἀλλ’

215 1019 356 1089 ὁμοῦ
388 1022 566 1075 πάντα
613 1025 800 1094 τέμνε,
833 1025 908 1089 ὼς
957 1027 1104 1096 ἡμᾶς
1125 1043 1188 1093 γε
1229 1027 1390 1080 πλέον
1445 1028 1787 1096 ἀποτέμνων,

216 1111 382 1165 πλέον
404 1115 727 1187 εὐφραίνῃς.
764 1118 874 1170 Καὶ
903 1120 953 1170 oi
986 1119 1090 1187 μὲν
1125 1120 1310 1186 ἔλεγον
1349 1118 1543 1172 ταῦτα.
1572 1121 1791 1190 Ἐτεροι

1894 677 1992 731 pus
2021 668 2268 715 nostrum
2303 657 2546 727 vcgetius
2580 665 2634 710 et
2677 655 2926 712 ﬂoridius
2968 656 3274 711 submittet.
3315 656 3458 721 Quid

1894 756 2112 816 mirum,
2133 751 2180 806 si
2200 750 2365 804 tantis
2382 749 2542 802 donis
2565 747 2903 818 locupletati,
2928 747 3159 815 paucula
3185 747 3454 816 quaedam,

1893 848 2091 913 quibus
2129 846 2310 900 omnia
2345 841 2720 910 adipiscimur,
2755 840 3094 908 deponamus
3125 840 3459 894 vicissim'ct

1893 937 2259 1006 elargiamur?
2298 934 2414 989 Non
2463 934 2608 987 enim
2653 941 2924 985 tormenta
2975 939 3156 984 vestra
3193 941 3459 984 tormenta

1893 1029 2274 1089 ducimus,sed
2302 1029 2470 1097 magis
2490 1027 2757 1080 bonorum
2782 1025 3022 1077 omnium
3045 1022 3454 1076 abundantiam.

1888 1120 2182 1174 Attondete
2230 1119 2396 1187 igitur
2426 1134 2525 1172 nos
2571 1127 2624 1170 et
2655 1116 2912 1170 demetite
2945 1117 3153 1184 absque
3186 1116 3366 1176 modo,
3403 1122 3460 1166 ut

214 1205 275 1258 δὲ
306 1204 403 1257 τοῦ
451 1207 766 1277 πνεύματος
798 1210 866 1262 τὰ
926 1209 1146 1281 ᾅσματα
1181 1211 1436 1282 ἔμελπον,
1480 1211 1666 1283 ὥσπερ
1694 1214 1795 1265 οὐκ

1786 1230 1795 1265 :
1888 1230 1953 1268 eo
1977 1213 2198 1267 uberius
2229 1211 2386 1264 nobis
2421 1224 2650 1279 corpora
2693 1209 3037 1278 repullulant.
3081 1206 3158 1259 Ne
3185 1206 3457 1274 sigillatim

216 1299 276 1348 έν
310 1298 565 1366 βασάνοις
617 1302 768 1366 ὄντες
790 1342 804 1365 ,
839 1303 953 1356 ἀλλ’
1004 1304 1390 1375 εὐωχούμενοι.
1430 1305 1611 1357 Ἀλλοι
1646 1305 1794 1357 διδα-

1785 1333 1794 1347 -
1893 1287 2139 1360 niembra
2188 1305 2505 1367 abscindas,
2545 1306 2636 1358 sed
2678 1304 2839 1358 simul
2887 1302 3071 1354 omnia
3113 1309 3358 1369 amputa,
3405 1307 3456 1352 ut

216 1394 448 1458 σκαλίας
479 1398 674 1464 ἥδιστα
703 1399 916 1470 νάματα
950 1399 1246 1470 ὧμϐριζον,
1277 1401 1488 1464 πολλοῖς
1537 1401 1634 1469 τῆς
1667 1402 1792 1452 δυσ-

213 1484 441 1550 σεϐείας
464 1489 556 1541 τὸν
582 1490 795 1560 αὐχμὸν
837 1491 1164 1554 διαλύοντες.
1215 1488 1381 1555 Εἶπες
1407 1493 1472 1544 ἂν
1511 1491 1654 1554 ίδὼν,
1687 1491 1785 1542 οὐκ

211 1577 438 1643 αὐτοὺς,
475 1580 591 1633 ἀλλ’
625 1582 849 1653 ἑτέρους
872 1585 985 1646 τοῖς
1008 1584 1202 1648 δεινοῖς
1230 1582 1574 1638 ὐποκεῖσθαι.

1891 1399 2141 1466 pluribus
2181 1397 2496 1467 amputatis,
2543 1397 2716 1464 magis
2760 1412 2861 1449 nos
2905 1394 3196 1448 exhilares.
3229 1393 3303 1446 Et
3349 1392 3460 1443 haec

1891 1491 2109 1558 quidem
2143 1489 2389 1542 nonnulli
2432 1503 2498 1542 ex
2548 1488 2641 1540 illo
2675 1503 2901 1540 numero
2950 1486 3215 1540 ferebant.
3267 1483 3329 1536 At
3369 1482 3458 1535 alii

1891 1579 2199 1650 spiritualia
2243 1581 2458 1634 cantica
2503 1579 2886 1642 concinebant,
2917 1581 3073 1649 quasi
3117 1593 3225 1632 non
3261 1579 3315 1632 in
3347 1586 3460 1628 tor-

212 1667 442 1730 mentis,
477 1670 571 1724 sed
605 1671 656 1724 in
687 1672 957 1726 conviviis
989 1680 1362 1727 versarentur.
1403 1671 1508 1726 Alii
1539 1671 1801 1726 doctrina:
1828 1670 2210 1738 pulcherrime
2252 1679 2306 1723 et
2333 1671 2710 1725 saluberrima:
2766 1672 2913 1724 velut
2955 1673 3183 1725 imbrem
3245 1669 3446 1722 emitte-

211 1755 370 1823 bant,
403 1761 698 1829 impietatis
732 1763 1034 1818 siccitatem
1061 1779 1156 1833 per
1182 1764 1350 1818 divini
1373 1763 1576 1833 eloquii
1604 1776 1786 1817 rorem
1817 1761 2215 1816 humectantes.
2245 1761 2514 1826 Dixisses,
2539 1764 2584 1816 si
2613 1778 2796 1817 coram
2869 1765 3217 1830 conspicatus
3273 1777 3448 1822 esses,

210 1869 322 1910 non
355 1872 468 1922 eos,
497 1857 590 1911 sed
619 1858 754 1912 alios
783 1859 1119 1914 cruciatibus
1140 1858 1538 1913 excarniﬁcari.

297 1946 631 2016 Ἐμιμούντο
649 1948 692 2000 δ’
718 1949 824 2017 ἄρα
859 1951 1050 2019 κωφὴν
1074 1949 1276 2002 ἀσπίδα
1304 1951 1354 2001 οί
1384 1948 1660 2019 τύραννοι,
1689 1947 1781 2001 ὐπ’
1816 1956 1854 2010 Β
1952 1946 1968 2000 ί

1816 1956 1854 2010 Β
1952 1946 2221 2000 Caeterum
2264 1945 2480 2015 tyranni
2528 1945 2884 1998 imitabantur
2930 1945 3149 1997 surdam
3195 1945 3458 2014 aSpidcm,

210 2036 429 2099 οὐδενὸς
482 2038 844 2109 ὲπᾳδόμενοι·
889 2041 1022 2093 ἀλλὰ
1076 2041 1214 2110 πρὸς
1262 2041 1389 2102 τοὺς
1428 2040 1791 2110 σπαραγμοὺς

210 2123 324 2176 τῶν
358 2125 606 2194 ἀθλητῶν
647 2127 994 2198 θηριούμενοι
1023 2146 1037 2160 ·
1069 2129 1204 2182 ἀλλὰ
1245 2130 1352 2200 γὰρ
1397 2132 1425 2183 ὁ
1479 2129 1578 2199 μέν
1609 2147 1694 2191 τις
1716 2129 1792 2190 ὡς

213 2216 466 2284 ἄμπελος
514 2218 859 2288 εὐκλήματος
896 2261 910 2286 ,
958 2221 1420 2289 ἀποτεμνόμενος,
1457 2218 1545 2272 οἷα
1582 2218 1646 2290 δὴ
1699 2219 1789 2289 βό-

211 2325 372 2377 τρυς,
408 2309 507 2378 τὴν
562 2312 641 2372 είς
671 2310 803 2363 Θεὸν
842 2311 1035 2380 ἔφερεν
1095 2312 1464 2383 εὐχαριστίαν.
1494 2312 1686 2373 Ἀλλος
1731 2312 1789 2364 δὲ

211 2401 346 2462 τοὺς
372 2401 686 2470 ὀφθαλμοὺς
715 2403 1103 2472 ὀρυσσόμενος,
1125 2403 1380 2472 τοιαύτην
1410 2403 1559 2471 ἀφίει
1584 2403 1784 2471 φωνήν·

213 2489 622 2560 Προσφερέσθω
674 2492 832 2545 θυσία
864 2493 1140 2561 ὀφθαλμὸς
1182 2492 1259 2561 τῷ
1303 2494 1461 2561 φωτί.
1483 2492 1680 2557 Καλὸν,
1710 2490 1789 2559 τῷ

212 2581 459 2652 ἀληθινῷ
499 2585 660 2651 φωτὶ,
692 2585 829 2655 ὅπερ
857 2587 914 2638 ὲν
943 2587 1076 2653 ἡμῖν
1099 2586 1278 2637 ἔκτισε
1315 2585 1450 2654 φῶς,
1475 2585 1788 2655 προσφορὰν

213 2673 498 2739 γενέσθαι.
528 2676 668 2728 Ἀλλ’
688 2675 1080 2746 εὐπρόσδεκτος
1102 2680 1186 2747 εἴη
1210 2677 1438 2729 ἐνώπιόν
1459 2694 1573 2742 σου,
1591 2677 1784 2746 Κύριε,

213 2764 250 2834 ἡ
278 2763 443 2818 θυσία
473 2767 505 2834 ή
517 2767 631 2834 μῶν
656 2783 668 2795 ·
705 2768 856 2821 οὐδὲν
884 2769 1131 2832 ἀπεικὸς,
1164 2769 1292 2837 παρ’
1317 2765 1378 2822 οὐ
1400 2770 1638 2838 τοσούτῳ
1659 2769 1787 2821 κάλ-

213 2857 300 2910 λει
342 2859 679 2930 διεστολίσθη
733 2861 1035 2930 ὀφθαλμός·
1090 2861 1231 2933 ὑπὲρ
1263 2862 1469 2914 ἐκείνου
1507 2861 1615 2914 τῶν
1644 2861 1786 2912 ἰδίων

215 2951 458 3018 ἐξελθεῖν
485 2953 761 3022 θαλάμων,
791 2953 884 3006 νῦν
904 2953 1233 3023 ώραιότερον
1257 2953 1641 3024 θαλαμεύεται.
1672 2951 1786 3004 Νὖν

219 3044 425 3112 μᾶλλον
471 3046 764 3115 πλουτήσει
821 3047 884 3099 τδ
932 3047 1066 3114 φῶς.
1113 3047 1227 3100 Νῦν
1277 3046 1700 3115 ἀποστίλψουσιν
1729 3045 1785 3098 αἱ

219 3137 379 3208 κόραι
411 3139 809 3208 λαμπρότερον,
845 3139 1060 3193 πάντων
1109 3137 1583 3207 ἐπιπροσθούντων
1613 3137 1785 3206 ἀπηλ-

216 3230 516 3299 λαγμέναι.
563 3231 674 3283 Kai.
713 3231 860 3285 ἄλλοι
908 3231 1132 3284 διέθλων
1165 3232 1264 3293 τὰς
1318 3228 1578 3298 κεφαλάς.
1615 3230 1675 3281 Οἱ
1705 3228 1780 3288 δὲ,

1893 2036 2291 2091 incantamenta
2323 2039 2416 2091 illa
2453 2037 2716 2091 salutaria
2748 2037 3119 2105 repudiantes,
3159 2038 3360 2106 quippe
3396 2038 3460 2090 ad

1892 2132 2038 2186 solos
2067 2131 2347 2184 cruciatus
2376 2132 2592 2184 invictis
2623 2131 2840 2183 athletis
2873 2130 3187 2184 inferendos
3224 2131 3456 2184 eﬂerati.

1893 2221 1998 2275 Sed
2039 2221 2185 2275 enim
2225 2219 2392 2281 alius,
2424 2227 2687 2288 tanquam
2723 2221 2850 2274 vitis
2892 2231 3090 2273 onusta
3125 2221 3455 2286 palmitibus,

1890 2314 2195 2375 mutilatos,
2244 2319 2298 2366 et
2351 2311 2495 2365 botri
2549 2312 2742 2370 instar,
2789 2326 3034 2379 pressus,
3083 2310 3194 2365 Deo
3246 2311 3459 2365 debitas

1889 2403 2080 2471 agebat
2128 2403 2356 2472 gratias.
2406 2403 2562 2456 Alius
2607 2403 2820 2457 eilossis
2850 2403 3050 2465 oculis,
3105 2402 3246 2456 tales
3296 2417 3460 2455 voces

1891 2495 2182 2548 mittebat:
2220 2493 2500 2548 Oﬂ'eratur
2521 2494 2575 2547 in
2605 2494 2938 2548 sacriﬁcium
2969 2495 3164 2548 oculus
3196 2495 3326 2548 luci.
3357 2495 3457 2547 De»

1889 2593 1995 2646 cet,
2023 2593 2082 2636 ut
2106 2600 2250 2638 verm
2277 2585 2386 2638 luci
2421 2585 2512 2637 lux
2543 2600 2708 2654 quam
2736 2587 2790 2638 in
2821 2586 2981 2640 nobis
3014 2586 3244 2648 ereavit,
3276 2585 3456 2640 hostia

1888 2677 1998 2730 liat.
2035 2676 2142 2730 Sed
2171 2685 2384 2746 gratum
2429 2678 2498 2731 sit
2532 2677 2586 2729 in
2615 2685 2914 2745 conspectu
2945 2686 3062 2743 tuo,
3098 2676 3346 2739 Domine,
3373 2692 3460 2730 sa-

1885 2769 2154 2823 criﬁcium
2185 2778 2456 2823 nostrum.
2485 2767 2880 2823 lneonveniens
2909 2784 3015 2822 non
3044 2776 3147 2832 est,
3182 2778 3242 2822 ut
3265 2769 3460 2823 oculus

1886 2875 1986 2930 pro
2019 2876 2108 2924 eo,
2141 2875 2170 2913 a
2205 2877 2314 2930 quo
2357 2871 2505 2914 tanta
2548 2862 2957 2930 pulchritudine
3001 2871 3305 2915 exornatus
3351 2872 3457 2918 esu

1886 2953 2103 3022 propria
2124 2953 2355 3006 statione
2380 2954 2626 3007 excedat.
2651 2953 2805 3006 Nunc
2829 2947 3164 3007 ornatiorem
3197 2953 3462 3008 sortietur

1889 3041 2087 3095 locum.
2111 3041 2265 3095 Nunc
2288 3043 2494 3096 lumine
2513 3044 2687 3112 magis
2714 3043 3036 3097 abundabit.
3057 3044 3214 3098 Nnnc
3241 3045 3460 3112 pupillae

1887 3135 2225 3202 splendidius
2257 3135 2560 3204 fulgebunt,
2590 3136 2658 3189 ah
2709 3137 2966 3190 omnibus
2989 3177 3004 3199 ,
3038 3152 3159 3205 qua:
3207 3137 3311 3189 luci
3343 3135 3454 3189 oili-

1887 3226 2058 3287 ciunt,
2093 3226 2374 3294 expeditae.
2409 3228 2547 3280 Aliis
2583 3228 3090 3281 comminuebantur
3118 3229 3314 3296 capita.
3364 3226 3444 3279 llli

227 3322 386 3374 Ἀντὶ
432 3321 542 3373 τῶν
572 3321 870 3374 καλλίστων
907 3325 1004 3390 τῆς
1047 3321 1282 3388 φύσεως,
1313 3321 1516 3387 ἔλεγον,
1549 3321 1583 3372 ἂ
1616 3321 1644 3371 ό
1684 3322 1783 3388 Δη-
1809 3304 1852 3364 C
1887 3333 1898 3358 η

1809 3304 1852 3364 C
1887 3332 2016 3371 vero
2046 3317 2297 3369 dicebant
2321 3335 2332 3368 :
2364 3317 2468 3369 Pro
2497 3317 2878 3386 pulcherrimis
2901 3327 3110 3371 natura:
3133 3317 3314 3382 donis,
3336 3333 3456 3386 qua:

220 3414 483 3483 μιουργδς
517 3417 580 3484 τῇ
615 3415 820 3484 κεφαλῇ
862 3413 1214 3483 ἐθησαύρισε,
1269 3414 1359 3465 τὸν
1386 3413 1655 3482 θησαυρὸν
1687 3414 1783 3480 τῆς

217 3505 460 3566 πίστεως
492 3506 820 3572 τηρήσωμεν
855 3502 1070 3556 ἄσυλον.
1104 3502 1193 3572 Μὴ
1228 3503 1354 3572 γὰρ,
1390 3502 1493 3555 κᾶν
1525 3502 1653 3570 δοκῇ
1673 3504 1782 3561 τοῖς

216 3598 526 3667 τυράννοις,
561 3598 906 3665 σκορπιεῖται
956 3596 1052 3664 τῆς
1099 3595 1340 3663 κεφαλῆς
1380 3595 1413 3663 ἡ
1467 3594 1784 3654 ὑπόστασις.

220 3687 526 3754 Συνάγεται
565 3687 662 3754 μὲν
688 3686 780 3738 οὐν
806 3685 1169 3756 πλαστουργῴ
1199 3686 1366 3755 δεξιᾷ,
1402 3685 1496 3738 καὶ
1545 3686 1653 3736 τῶν
1684 3702 1786 3752 μυ-

219 3781 358 3832 ελῶν
391 3782 424 3849 ἡ
451 3780 622 3848 τῆξις,
648 3779 722 3840 ὡς
744 3779 886 3848 ὀσμὴ
915 3779 1139 3840 εὐωδίας
1164 3778 1646 3847 σπουδασθήσεται.
1677 3775 1787 3828 Καὶ

216 3872 526 3934 ὀϐελίσκοις
587 3871 741 3932 ἄλλος
797 3873 1090 3940 ἐπερονᾶτο
1121 3873 1223 3938 τὴν
1282 3871 1481 3938 ἀκοὴν,
1529 3868 1665 3921 ἀλλὰ
1694 3869 1786 3921 νῦν

214 3963 548 4033 τρανότερον
613 3962 886 4027 ἀκούσειν,
933 3963 1136 4029 ἔλεγεν,
1170 3962 1270 4030 τῆς
1297 3961 1389 4013 τοῦ
1443 3961 1786 4031 δρακοντείου

215 4055 535 4126 πωρώσεως
565 4055 668 4119 ἰοῦ,
701 4058 812 4118 τοῖς
859 4055 1158 4117 ὀϐελίσκοις
1187 4055 1397 4117 τούτοις
1444 4054 1786 4124 διακαθαιρο-

218 4141 419 4211 μένης,
449 4141 544 4195 νῦν
580 4143 660 4204 είς
694 4141 960 4212 ὑποδοχὴν
985 4143 1395 4213 ἐπιτηδειοτάτη
1419 4143 1513 4195 τοῦ
1548 4144 1787 4213 ᾅσματος

214 4231 330 4284 τῶν
360 4231 606 4298 ἀγγέλων
636 4233 667 4301 ἡ
696 4231 834 4301 ἀκοὴ
861 4272 874 4294 ,
909 4232 996 4285 διὰ
1039 4233 1132 4284 τοῦ
1155 4233 1324 4301 πυρὸς
1347 4232 1533 4284 τούτου
1565 4237 1629 4303 τῇ
1665 4250 1789 4302 προ-

213 4320 382 4391 ῖούσῃ
419 4320 526 4372 τῶν
555 4314 835 4390 φλογερῶν
876 4321 1160 4390 στομάτων
1212 4322 1509 4391 ὐμνολογίᾳ
1565 4339 1787 4393 προσοι-

217 4412 539 4482 κειουμένη.
592 4412 771 4482 ’Λλλῳ
817 4414 1199 4482 ἀνασπώμενοι
1235 4414 1400 4484 ῥιζῶν
1439 4414 1667 4479 ὀδόντες,
1701 4416 1790 4467 εὐ-

218 4503 498 4574 φροσύνην
558 4503 1024 4568 ἀνέϐλυζον,Νὐν
1076 4504 1138 4573 δὴ
1181 4507 1524 4575 τραφήσομαι
1582 4506 1789 4572 λέγοντι

215 4595 429 4665 τροφὴν
459 4595 727 4663 ἀγγέλων,
758 4596 858 4648 καὶ
886 4598 1044 4666 μέχρι
1076 4596 1170 4648 τοῦ
1194 4597 1289 4666 τὴν
1321 4597 1381 4649 οὐ
1415 4598 1678 4666 μένουσαν
1708 4613 1788 4648 σι·-

214 4685 443 4756 τοῦμαι,
491 4688 616 4755 ἄρτι
646 4686 808 4739 δώσει
840 4687 1046 4757 τροφὴν
1074 4686 1102 4739 ό
1128 4687 1405 4755 Δεσπότης
1434 4688 1491 4738 οὐ
1527 4687 1788 4755 κενουμέ-

218 4796 345 4848 νην,
370 4779 476 4831 οὐδ¹
499 4779 730 4832 ὀδόντων
757 4779 1188 4847 προσδεομένην.
1230 4780 1320 4848 Μή
1353 4797 1441 4847 μοι
1474 4780 1536 4831 τὸ
1559 4781 1789 4849 πρᾶγμα

223 4870 462 4939 βάσανος
490 4869 752 4936 λεγέσθω,
784 4870 1107 4940 εὐεργεσίαν
1139 4869 1249 4938 ἐγὼ
1280 4871 1436 4923 τοῦτό
1482 4889 1644 4940 φημι.
1681 4874 1790 4925 Kal.

219 4961 400 5015 ἄλλων
443 4958 512 5014 τὰ
536 4961 701 5024 νῶτα,
727 4961 1008 5032 ἀμύθητον
1042 4961 1246 5032 πλῆθος
1270 4961 1434 5032 ἔφερε
1466 4963 1692 5033 πληγῶν
1727 4967 1790 5017 ἐκ

224 5055 555 5126 βουνεύρων,
589 5056 702 5109 ἀλλ’
752 5056 990 5126 ἔχαιρον,
1038 5057 1182 5109 Ἀντὶ
1214 5058 1312 5126 τῆς
1345 5056 1563 5128 πολλῆς,
1604 5059 1790 5124 λέγον-

219 5167 338 5212 τες,
366 5147 579 5218 ῥώμης,
615 5149 680 5218 ἢν
713 5149 864 5201 ἔθετο
892 5147 968 5218 τῷ
993 5147 1144 5217 νώτῳ
1175 5148 1204 5198 ὁ
1259 5149 1489 5213 πλάσας,
1518 5149 1791 5212 τοσούτοις

223 5241 548 5312 συνδέσμοις
570 5241 822 5306 συστίξας
841 5240 1023 5306 αὐτὸν,
1049 5241 1189 5311 ὑπὲρ
1205 5241 1302 5310 τῆς
1321 5242 1527 5294 ἐκείνου
1557 5241 1712 5312 δόξης
1733 5243 1792 5294 τὸ

226 5334 428 5404 μικρὸν
469 5333 579 5386 τῶν
626 5333 907 5402 μαστίγων
937 5333 1153 5401 φορτίον
1203 5334 1432 5401 φερέτω.
1485 5335 1695 5397 Ἀλλοις
1724 5336 1791 5388 τὰ

223 5429 510 5498 σπλάγχνα
526 5428 717 5497 μέχρις
729 5428 906 5480 αὐτῶν
920 5445 990 5495 μυ
998 5445 1094 5497 στη
1104 5428 1233 5496 ρίων
1245 5428 1352 5480 τῶν
1369 5430 1614 5494 ἐγκάτων
1627 5429 1794 5500 ὠρύσ-

224 5539 402 5584 σοντο,
427 5520 648 5572 atram
675 5520 870 5589 μᾶλλον
887 5520 987 5587 τῆς
1004 5520 1282 5583 εὐσεϐείας
1299 5521 1388 5573 τὸν
1409 5520 1654 5589 θεμέλιον
1675 5525 1788 5574 ἑνε-

223 5611 479 5665 ϐἀθυνον.
515 5612 739 5681 Ἕτερος
789 5611 888 5681 τὴν
927 5611 1170 5679 γλῶτταν
1191 5614 1543 5683 ἀπετέμνετο,
1577 5617 1793 5684 καὶτῆς

221 5705 532 5772 δοξολογίας
553 5705 653 5758 οὐκ
679 5705 891 5774 ἔληγεν,
908 5707 1023 5760 ἀλλ’
1046 5701 1134 5761 οἷα
1154 5708 1216 5779 δὴ
1239 5708 1408 5776 δῶρον
1425 5708 1485 5760 τὸ
1506 5709 1790 5762 κάλλιστον

225 5798 558 5868 προσφέρων
579 5797 718 5869 Θεῷ,
749 5800 1488 5871 ὲπευφήμεισεμνυνόμενος.
1521 5803 1630 5856 Καί
1650 5819 1790 5865 τινες

227 5890 318 5944 ἐπὶ
371 5889 532 5958 ξύλου
573 5892 878 5950 ἐτανύοντο.
921 5894 1061 5948 Ἀλλ’
1087 5889 1154 5964 ἦν
1183 5895 1369 5959 αὐτοῖς
1404 5896 1496 5950 καὶ
1532 5896 1638 5966 πρὸ
1685 5895 1791 5952 τῶν

1891 3425 2071 3462 rerum
2105 3409 2354 3462 omnium
2387 3408 2589 3460 Parens
2625 3408 2678 3460 in
2716 3410 2898 3476 capite
2931 3409 3193 3476 reposuit,
3228 3409 3453 3461 thesau-

1890 3517 2009 3554 rum
2040 3501 2159 3555 lidei
2197 3502 2459 3553 intactum
2495 3501 2886 3554 custodiemus.
2922 3498 3039 3553 Non
3073 3501 3216 3553 enim
3243 3501 3456 3568 disper-

1889 3604 2044 3660 getur
2067 3593 2262 3661 capitis
2283 3593 2612 3654 substantia,
2646 3593 2771 3645 licet
2803 3593 3049 3661 tyrannis
3079 3607 3240 3646 secus
3268 3591 3454 3646 videa-

1891 3693 1999 3737 tur.
2031 3683 2330 3752 Colligetur
2359 3684 2540 3737 denuo
2563 3683 2864 3736 conditoris
2885 3683 3128 3745 dextera,
3155 3697 3220 3735 ac
3244 3682 3457 3736 medul-

1889 3776 2062 3828 larum
2108 3776 2407 3844 corruptio,
2461 3787 2518 3828 ut
2562 3777 2699 3829 odor
2745 3776 3037 3830 suavitatis
3087 3775 3451 3844 reputabitur.

1886 3869 2040 3921 Alius
2077 3869 2314 3922 verubus
2363 3884 2458 3937 per
2499 3883 2658 3923 aures
2701 3870 3145 3936 trausligebatur.
3191 3868 3259 3920 At
3310 3883 3455 3921 nunc

1887 3961 2110 4023 clarius,
2143 3961 2342 4025 aiebat,
2380 3961 2622 4026 audiam,
2658 3971 2955 4030 expurgato
2991 3975 3089 4029 per
3120 3961 3235 4015 haec
3264 3972 3452 4015 veruta

1889 4069 2116 4117 veneno,
2155 4054 2299 4121 quod
2336 4057 2504 4107 draco
2533 4055 2913 4108 instillaverat.
2949 4053 3103 4108 Nunc
3134 4055 3454 4122 aptissimus

1888 4156 1972 4200 est
2017 4145 2238 4199 auditus
2286 4147 2351 4199 ad
2400 4146 2748 4214 excipiendos
2795 4155 2987 4200 cautus
3027 4148 3323 4217 angelicos,
3359 4163 3453 4216 per

1889 4241 2068 4308 ignem
2127 4240 2269 4294 hunc
2330 4239 2628 4292 laudatioui
2690 4254 2754 4293 ex
2804 4238 2960 4307 igneo
3011 4253 3106 4293 ore
3165 4240 3452 4306 prodeunti

1890 4330 2245 4384 assimilatus.
2273 4329 2378 4382 Alii
2421 4329 2687 4383 radicitus
2714 4330 2915 4382 evulsis
2943 4330 3222 4393 dentibus,
3266 4331 3452 4384 laetitia

1890 4422 2258 4476 exsultabant.
2283 4421 2455 4483 Nunc,
2475 4422 2715 4483 aiebant,
2736 4423 2950 4476 nutriar
2966 4423 3283 4492 angelorum
3307 4438 3449 4478 esea.

1892 4512 2162 4568 Hactenus
2189 4513 2583 4567 manducabam
2612 4514 2791 4567 cibum
2826 4529 2932 4567 non
2965 4523 3270 4570 manentem
3298 4533 3312 4580 ;
3339 4517 3453 4583 jam

1895 4604 2043 4658 dabit
2075 4604 2339 4660 Dominus
2369 4606 2572 4666 cibum,
2601 4606 2692 4674 qui
2721 4621 2826 4658 non
2855 4607 3012 4674 perit,
3040 4607 3245 4676 quique
3273 4608 3456 4662 denti-

1894 4697 1996 4752 bus
2017 4711 2122 4750 non
2156 4704 2298 4765 eget.
2334 4696 2411 4752 Ne
2443 4699 2722 4751 cruciatus
2752 4697 2865 4751 haae
2893 4714 2981 4753 res
3013 4707 3256 4754 vocetur.
3288 4701 3454 4755 Bene-

1894 4789 2074 4843 ﬁcium
2124 4789 2382 4844 arbitror.
2427 4790 2669 4844 Aliorum
2721 4792 2884 4845 dorsa
2934 4793 3237 4848 innumeris
3280 4796 3455 4863 plagis

1893 4882 2365 4950 concidebantur;
2410 4884 2505 4938 sed
2537 4885 2704 4938 Deum
2740 4885 3034 4939 laudabant
3066 4904 3080 4951 ;
3125 4887 3220 4941 sed
3257 4889 3457 4956 gaude-

1893 4973 2042 5027 bant.
2092 4971 2236 5027 Loco
2292 4974 2450 5027 multi
2499 4973 2743 5037 roboris,
2805 4973 3044 5038 aiebant,
3098 4989 3206 5043 quo
3231 4974 3455 5030 Creator

1894 5066 2115 5119 dorsum
2146 5065 2427 5131 instruxit,
2446 5074 2525 5120 tot
2542 5067 2773 5120 nexibus
2797 5073 2851 5118 et
2879 5065 3070 5120 vinclis
3103 5066 3156 5118 id
3191 5079 3454 5134 compun-

1895 5175 2050 5229 gens,
2101 5173 2202 5227 pro
2258 5159 2430 5229 gloria
2473 5159 2592 5227 ejus
2640 5158 2889 5226 exiguam
2933 5158 3069 5210 hanc
3114 5157 3454 5227 ﬂagellorum

1898 5256 2200 5310 molestiam
2220 5255 2380 5310 ferat.
2405 5255 2541 5309 Aliis
2561 5256 2770 5309 viscera
2790 5269 2964 5322 usque
2986 5253 3055 5306 ab
3077 5253 3457 5308 intestinorum

1899 5347 2268 5415 penetralibus
2307 5346 2676 5401 evellebantur
2714 5363 2727 5408 ;
2767 5343 2862 5398 sed
2892 5359 2958 5398 eo
2996 5345 3193 5397 altiora
3241 5347 3460 5413 pietatis

1900 5436 2255 5491 fundamenta
2296 5437 2588 5506 jaeiebant.
2636 5435 2740 5488 Alii
2788 5436 2970 5503 lingua
3016 5435 3458 5497 abscindebatur.

1901 5545 2002 5585 nec
2033 5544 2060 5582 a
2093 5529 2295 5584 divinis
2337 5528 2590 5582 laudibus
2638 5528 2995 5583 decantandis
3035 5529 3284 5582 cessabat
3315 5545 3330 5595 ;
3365 5529 3459 5582 sed

1901 5622 2058 5691 quasi
2088 5622 2510 5690 pulcherrimum
2537 5634 2732 5674 munus
2759 5621 2867 5674 Deo
2893 5619 3145 5680 oﬂerens,
3169 5634 3293 5673 eum
3325 5622 3448 5674 cele-

1898 5716 2058 5769 brare
2100 5715 2376 5783 pergebat.
2409 5714 2665 5768 Nonnulli
2715 5715 2768 5767 in
2817 5714 2962 5783 ligno
3008 5712 3459 5767 extendebantur.

1901 5806 2004 5860 Sed
2039 5822 2106 5860 ex
2151 5809 2252 5861 hoc
2283 5807 2402 5876 ipso
2441 5807 2606 5860 etiam
2658 5814 2782 5860 ante
2816 5809 3128 5873 perceptam
3177 5819 3458 5866 coronam,

1903 5896 2161 5967 majorem
2228 5898 2556 5966 voluptatem
2618 5895 3005 5966 percipiebant,
3061 5895 3205 5964 quod
3257 5895 3460 5950 similes
