4182 6440
778 462 873 522 187

1983 456 2254 516 LEONIS
2283 451 2740 513 PHILOSOPHI

3910 449 4015 510 188

770 570 1004 625 Domino
1035 583 1136 624 suo
1161 569 1435 624 cruciatus
1457 573 1796 638 paterentur.
1826 567 1927 618 Alii
1955 576 2110 618 meta:
2139 567 2333 626 instar,

2441 561 2718 626 στεφάνων
2754 561 2955 628 μείζων
2989 560 3022 628 ἡ
3047 557 3363 620 ἀπόλαυσις.
3395 557 3514 611 Ὀτι
3541 557 3621 627 τῷ
3643 557 3815 626 ὁμοίῳ
3843 559 4012 612 πάθει

769 663 1002 732 impuris
1023 661 1291 720 manibus,
1310 675 1406 730 per
1427 659 1731 714 castissima
1755 673 1985 727 corpora
2003 659 2127 712 telis
2153 666 2337 711 trans-

767 757 1120 836 figebantur;
1167 760 1222 808 et
1265 753 1585 807 vulneribus
1623 752 1747 806 inde
1777 751 2037 820 acceptis.
2075 759 2336 818 tanquam

772 847 1024 918 pretiosis
1041 845 1315 916 lapidibus
1331 845 1615 915 conspicui
1635 843 2055 898 decorabantur.
2072 841 2340 907 Quorum-

770 937 892 990 dam
932 937 1218 1006 suppliciis
1269 939 1487 1006 tyranni
1525 935 1732 1002 fatigati
1779 949 1875 1004 spe
1914 935 2062 987 omni
2101 933 2334 1001 abjecta,

769 1035 1074 1093 creaturas,
1105 1043 1242 1097 quas
1275 1028 1549 1088 colebant,
1584 1025 1650 1080 ad
1684 1039 1780 1079 eos
1816 1022 2121 1094 puniendos
2161 1037 2340 1076 arma-

773 1118 922 1183 bant,
967 1131 1022 1174 et
1068 1121 1206 1176 alios
1252 1120 1468 1191 quidem
1511 1119 1695 1184 undis,
1731 1120 1866 1173 alios
1909 1118 2162 1182 flammis,
2197 1117 2338 1173 alios

771 1210 950 1279 gelido
994 1209 1180 1280 frigori
1222 1210 1562 1263 tradiderunt
1607 1218 1661 1263 et
1700 1215 2090 1278 exposuerunt.
2139 1207 2335 1262 Verum

772 1304 886 1356 hmc
912 1302 1084 1372 magis
1112 1317 1208 1356 cos
1243 1313 1600 1370 agnoverunt,
1634 1317 1798 1369 quam
1825 1301 1925 1354 illi.
1955 1301 2340 1370 Agnoscebant

768 1395 911 1449 enim
935 1409 1052 1458 eos,
1075 1395 1167 1462 qui
1193 1395 1501 1448 Creatorem
1528 1393 1888 1457 honorabant,
1910 1400 1964 1446 et
1990 1393 2110 1462 plus
2135 1391 2338 1454 cultus,

769 1499 932 1553 quam
975 1485 1231 1539 molestia:
1273 1485 1595 1536 attulerunt.
1640 1481 1774 1536 Nam
1818 1482 1958 1553 ignis
2003 1481 2196 1535 crebro
2244 1495 2339 1535 eos

770 1576 862 1645 qui
917 1575 1347 1630 circumstabant
1410 1575 1726 1640 absumens,
1777 1575 2087 1628 veneranda
2145 1589 2337 1629 eorum

770 1659 998 1737 corpora
1029 1668 1232 1721 intacta
1259 1667 1623 1722 conservavit.
1647 1666 1804 1731 Quod
1834 1681 1964 1720 vero
1992 1667 2171 1719 anima
2207 1680 2337 1720 evo-

772 1759 930 1820 laret,
954 1758 1006 1812 id
1039 1773 1148 1811 non
1182 1759 1322 1827 ignis
1355 1757 1625 1826 supplicio
1654 1757 2040 1811 ascribendum
2068 1769 2211 1821 erat,
2240 1758 2337 1812 sed

769 1848 998 1916 majoris
1042 1850 1324 1917 cujusdam
1358 1847 1657 1902 voluntatis
1684 1857 1737 1902 et
1783 1850 2024 1914 virtutis,
2057 1865 2176 1917 quae
2217 1865 2335 1904 eam

768 1941 1099 2010 excipiebat.
1134 1938 1358 2008 Hocque
1391 1937 1739 1994 manifestum
1774 1948 1954 2001 est,et
1986 1939 2171 1994 videre
2200 1955 2338 1993 non-

770 2047 1046 2100 nunquam
1095 2041 1232 2095 crat,
1285 2041 1492 2085 vestem
1550 2031 1694 2084 illam
1750 2039 2048 2101 martyrum
2089 2032 2336 2096 illaesam,

768 2123 923 2191 quasi
976 2124 1030 2177 in
1079 2137 1205 2176 arca
1252 2122 1550 2184 conditam,
1579 2129 1633 2176 et
1676 2122 1837 2192 quasi
1884 2139 1992 2177 non
2038 2123 2236 2179 fuisset
2283 2127 2337 2179 in

767 2214 1008 2277 flamma,
1038 2215 1106 2267 ab
1134 2214 1279 2266 omni
1315 2213 1453 2280 ignis
1478 2213 1706 2283 vestigio
1733 2211 1891 2283 plane
1923 2215 2241 2269 immunem.
2269 2215 2342 2270 At

770 2319 896 2358 vero
939 2304 1158 2357 humida
1207 2320 1361 2374 aquae
1396 2311 1594 2358 natura
1627 2305 1819 2360 iisdem
1856 2306 2189 2376 martyribus
2235 2307 2342 2360 mi-

770 2397 1058 2451 nisterium
1113 2410 1272 2450 suum
1332 2411 1441 2451 non
1494 2396 1818 2466 denegabat.
1872 2396 2165 2454 Nonnullis
2193 2400 2337 2454 enim

768 2504 893 2542 cum
927 2489 1136 2542 beatam
1179 2487 1415 2540 animam
1453 2488 1564 2542 Deo
1607 2488 1981 2553 tradidissent,
2014 2498 2132 2543 erat
2183 2492 2338 2546 strati

768 2580 960 2644 instar,
983 2580 1035 2632 in
1059 2594 1166 2648 quo
1186 2582 1614 2648 requiescerent,
1637 2589 1690 2633 et
1719 2580 1786 2633 ab
1810 2579 2038 2634 infinitis
2063 2581 2339 2637 laboribus

768 2673 1121 2742 rcspirarent.
1138 2670 1273 2726 Aliis
1298 2679 1504 2734 autem,
1527 2674 1621 2739 qui
1645 2671 1811 2724 vitam
1836 2670 2016 2724 adhuc
2035 2675 2338 2740 agitabant,

771 2765 989 2834 planam
1010 2773 1064 2816 ct
1090 2763 1268 2817 omnis
1289 2762 1552 2817 molestiae
1574 2770 1852 2830 expertem
1880 2761 2021 2815 viam
2045 2763 2338 2832 prtebcbat.

770 2855 826 2909 In
856 2856 1002 2909 hunc
1025 2855 1245 2909 modum
1272 2853 1478 2916 omnia,
1507 2852 1756 2905 miranda
1783 2854 2106 2916 mutatione,
2136 2855 2340 2910 sanctis

769 2947 1196 3001 t'amulabantur.
1243 2946 1312 2998 At
1339 2945 1612 3013 quomodo
1653 2953 1922 3013 martyres
1953 2943 2020 2997 ad
2064 2945 2178 2998 haec
2219 2945 2338 3000 adi-

767 3039 898 3091 bant
925 3040 947 3090 ’ἰ
977 3037 1257 3102 Videlicet,
1286 3045 1344 3090 ιιι
1374 3038 1426 3090 in
1452 3037 1882 3104 incorruptionis
1911 3037 2212 3099 lavacrum,
2233 3039 2338 3092 lacti

2441 651 2808 720 ύπεϐέϐληντο
2842 651 2936 704 τοῦ
2983 651 3275 721 Δεσπότου.
3311 649 3548 719 Ἔτεροι,
3586 647 3834 718 καθάπερ
3879 666 4014 701 σκο-

2441 747 2541 808 πὸς
2590 746 2778 815 χερσὶν
2820 744 3093 812 ἀνάγνοις,
3135 743 3202 796 τὰ
3232 741 3501 810 ἁγνότατα
3549 740 3778 812 σώματα
3823 741 4014 812 βέλεσι

2437 837 2791 910 διεπείροντο,
2831 837 2926 890 καὶ
2966 840 3076 900 τοῖς
3125 836 3333 889 ἐκεῖθεν
3369 822 3698 906 ἶραύμασιν,
3724 837 3800 900 ὼς
3838 836 4015 900 λίθοις

2442 929 2756 999 πολυτίμοις
2805 928 3300 998 περιανθιζόμενοι,
3342 918 3818 998 ὡραϊζοντοΪΤοίς
3853 929 3912 981 δὲ
3959 930 4013 980 οἱ

2439 1021 2689 1092 τύραννοι
2719 1021 2854 1092 πρὸς
2882 1021 2979 1082 τὰς
3009 1020 3276 1089 βασάνους
3302 1019 3756 1088 ἀπαγορεύοντες,
3789 1019 3855 1087 ἢν
3886 1019 4014 1072 ἑλά-

2439 1129 2628 1179 τρευον
2654 1111 2830 1164 κτίσιν
2862 1110 2996 1178 πρὸς
3018 1111 3290 1179 τιμωρίαν
3313 1106 3626 1173 ὲξώπλιζον.
3649 1103 3762 1161 ’Καὶ
3790 1107 3887 1170 οὓς
3911 1109 4014 1176 μὲν

2443 1203 2614 1264 ῦδατι,
2645 1202 2740 1265 οὓς
2766 1203 2822 1254 δὲ
2851 1201 3005 1272 πυρὶ,
3062 1201 3158 1254 καὶ
3198 1201 3414 1271 ἐτέρους
3451 1199 3644 1269 αἰθρίῳ
3677 1199 3832 1271 κρύει
3868 1216 4015 1269 παρ-

2451 1294 2714 1347 εδίδοσαν.
2769 1292 2908 1345 Ἀλλ’
2935 1287 3004 1361 ἦν
3030 1291 3255 1344 ἐκείνων
3291 1291 3459 1344 ταῦτα
3493 1289 3689 1361 μᾶλλον
3715 1289 4013 1359 συναίσθη-

2443 1405 2525 1440 σιν
2585 1387 2794 1455 ἔχοντα.
2851 1385 3217 1454 Ἐπεγίνωσκε
3261 1385 3367 1455 γὰρ
3420 1385 3546 1447 τοῦς
3589 1384 3867 1452 τιμῶντας
3915 1386 4014 1436 τὸν

2447 1479 2705 1546 κτίστην,
2735 1478 2828 1530 καὶ
2852 1477 3012 1530 πλέον
3055 1476 3240 1546 ἐτίμα,
3279 1475 3313 1544 ἢ
3359 1476 3664 1545 κατετόλμα
3698 1476 3908 1530 λυπεῖν.
3935 1478 3980 1528 Τ
3984 1478 4015 1527 δ

2445 1569 2542 1638 μὲν
2592 1569 2698 1638 γὰρ
2738 1567 2848 1638 πῦρ
2897 1568 3155 1631 πολλάκις
3191 1569 3317 1630 τοὺς
3363 1566 3469 1631 ἔξω
3514 1567 4013 1636 καταϐοσκόμενον,

2440 1660 2618 1713 αὐτῶν
2649 1660 2714 1714 τά
2748 1659 3018 1730 σεϐάσμια
3055 1658 3283 1729 σώματα
3311 1659 3546 1728 ἀκέραια
3571 1659 3911 1728 διεφύλαττε.
3939 1661 4016 1711 Τὸ

2440 1752 2494 1805 δὲ
2527 1755 2790 1824 ἐκπτῆναι
2837 1752 2934 1822 τὴν
2966 1750 3164 1821 ψυχὴν,
3229 1752 3328 1804 οὐκ
3369 1746 3436 1822 ἦν
3469 1751 3566 1819 τῆς
3606 1751 3701 1803 τοῦ
3731 1751 3902 1821 πυρὸς
3927 1767 4014 1801 τι-

2445 1846 2674 1914 μωρίας,
2704 1845 2840 1898 ἀλλά
2880 1843 2979 1914 τῆς
3017 1843 3448 1911 ῦποδεδεγμένης
3495 1843 3664 1911 αὐτὴν
3691 1843 3786 1895 τοῦ
3829 1843 4016 1913 κρείτ-

2441 1953 2590 1999 τονος
2620 1938 2884 2000 εὐδοκίας.
2917 1936 3029 1990 Καὶ
3057 1930 3212 1988 τοῦτο
3263 1934 3420 2001 δῆλον
3458 1936 3549 2002 ἀφ’
3576 1928 3651 1988 ὧν
3696 1935 3864 1986 ὲνίοτε
3910 1934 4015 2003 τὴν

2443 2030 2784 2100 μαρτυρικὴν
2814 2031 3037 2101 ἐσθῆτα,
3055 2029 3244 2098 ῶσπερ
3271 2029 3328 2080 ὲν
3355 2028 3612 2097 κιϐωτίῳ,
3641 2027 3786 2080 σώαν
3809 2022 3878 2097 ἦν
3909 2045 4016 2080 κα-

2441 2122 2626 2192 θορᾷν,
2681 2120 2794 2175 ἀλλ’
2843 2123 2942 2173 οὐκ
2970 2123 3028 2173 ὲν
3071 2121 3230 2188 φλογὶ
3275 2119 3530 2190 καμίνου,
3583 2121 3781 2183 παντὸς
3832 2121 4015 2188 ίχνους

2441 2213 2611 2282 πυρὸς
2633 2211 2841 2282 ἀπαθῆ,
2875 2214 2908 2281 ἡ
2930 2212 2985 2263 δὲ
3023 2211 3164 2281 ὑγρὰ
3185 2211 3280 2263 τοῦ
3311 2211 3498 2274 ὓδατος
3527 2209 3706 2278 φύσις,
3743 2211 4015 2281 θεραπευο

2438 2305 2607 2363 τικῶς
2636 2304 2806 2357 ἐδίδου
2851 2303 2918 2355 τὰ
2947 2303 3112 2357 νῶτα.
3146 2303 3270 2364 Τοῖς
3321 2303 3420 2371 μὲν
3447 2302 3555 2370 γὰρ
3589 2301 3686 2370 τὴν
3735 2302 4015 2372 μακαρίαν

2437 2394 2614 2464 ψυχὴν
2644 2392 3041 2464 παραθεμένοις
3071 2389 3210 2460 Θεῷ,
3239 2391 3494 2460 στρωμνὴ
3513 2389 3859 2454 ἀπολαύσεως
3881 2390 4014 2457 εγέ-

2441 2503 2579 2552 νετο,
2607 2485 2716 2539 τῶν
2747 2486 2953 2557 μυρίων
2970 2484 3163 2545 αὐτοὺς
3177 2483 3435 2552 καμάτων
3454 2483 3693 2550 ὡσπερεὶ
3714 2481 4014 2535 διαναπαύο

2438 2595 2591 2631 ουσα.
2624 2578 2749 2640 Τοῖς
2778 2577 2834 2630 δὲ
2868 2576 2946 2629 ἔτι
2989 2575 3500 2645 διαπεραιουμένοις
3543 2577 3642 2644 τὴν
3677 2574 3842 2643 ζωὴν,
3891 2574 4014 2636 ὁδός

2438 2687 2522 2731 τις
2559 2668 2698 2732 λεία,
2736 2670 2829 2723 καὶ
2883 2668 3047 2738 μηδὲν
3081 2668 3336 2720 ἐπίπονον
3384 2667 3649 2737 φέρουσα.
3692 2666 3827 2718 Ἀλλ’
3864 2666 4014 2718 οῦτω

2442 2763 2540 2830 μὲν
2579 2760 2753 2814 ταῦτα
2797 2762 3136 2829 μετεποιεῖτο
3182 2760 3262 2821 εἰς
3314 2757 3609 2826 θεραπείαν
3657 2759 3764 2811 τῶν
3809 2758 4012 2823 ἁγίων.

2440 2852 2566 2914 Πῶς
2594 2853 2652 2904 δὲ
2690 2853 2738 2904 οἱ
2791 2851 3066 2921 μάρτυρες
3096 2851 3232 2918 πρὸς
3277 2849 3448 2902 ταῦτα
3495 2849 3774 2919 ὲχώρουν;
3817 2850 4012 2919 ῶσπερ

2438 2945 2517 3005 εἰς
2539 2941 2850 3013 ἀφθαρσίας
2895 2940 3138 3010 λουτρὸν,
3181 2939 3396 3009 φαιδροὶ
3440 2940 3576 3009 πρὸς
3611 2941 3672 2992 τὸ
3715 2939 3856 3009 ὓδωρ
3895 2942 4010 2991 εἰσι

2446 3038 2635 3108 ῄεσαν,
2660 3036 2734 3099 ὡς
2764 3037 2842 3100 είς
2861 3035 3158 3096 παστάδας,
3188 3034 3285 3095 τὰς
3316 3033 3576 3103 καμίνους
3599 3032 3891 3094 ἐνέϐαινον,
3914 3031 4012 3083 καὶ

769 3130 824 3182 in
876 3129 1048 3184 undas
1083 3128 1553 3198 ingrediebantur,
1593 3135 1648 3182 et
1699 3129 1752 3181 in
1787 3129 2062 3191 fornaces,
2088 3129 2246 3198 quasi
2282 3131 2336 3183 in

2437 3130 2517 3200 τῷ
2562 3129 2757 3200 αἰθρίῳ
2785 3129 2960 3196 κρύει,
3005 3127 3080 3190 ὼς
3142 3125 3311 3196 ἱλαρῷ
3347 3124 3764 3194 ὲπαυριζόμενοι
3806 3123 4010 3191 ἐγεγά-

769 3221 1035 3276 thalamos
1067 3237 1126 3276 se
1151 3220 1474 3284 inferebant,
1509 3230 1564 3275 et
1597 3221 1774 3292 rigido
1799 3222 1942 3292 gelu,
1966 3223 2111 3276 velut
2139 3222 2336 3292 jucun-

768 3312 997 3366 dissima
1031 3327 1164 3365 aura
1197 3313 1608 3366 recreabantur.

837 3402 986 3457 Talis
1023 3402 1348 3455 invictorum
1382 3402 1624 3470 pugilqu
1653 3413 1772 3455 erat
1809 3403 2044 3470 species.
2083 3401 2195 3456 Hac
2246 3419 2336 3457 ra-

766 3496 920 3550 tione
950 3495 1150 3558 omnia,
1181 3509 1300 3564 qua:
1349 3493 1586 3547 terrifica
1633 3493 1979 3558 videbantur,
2012 3494 2334 3550 irridebant.

767 3587 883 3641 Hoc
903 3585 1065 3640 modo
1083 3601 1346 3656 generose
1377 3585 1562 3655 fugato
1591 3599 1803 3649 errore,
1825 3587 2041 3653 pietatis
2069 3595 2334 3656 tropaeum

764 3689 1080 3735 erexerunt,
1136 3677 1366 3745 abjcctis
1419 3678 1675 3732 omnibus
1730 3678 1893 3745 hujus
1929 3676 2338 3734 vitae'ohiecta-

768 3773 988 3831 mentis,
1022 3778 1078 3824 et
1111 3782 1271 3824 exuta
1293 3771 1443 3823 omni
1469 3779 1674 3824 natura:
1699 3772 2046 3836 necessitate,
2078 3773 2134 3826 in
2164 3774 2335 3828 solam

766 3870 992 3917 mortem
1035 3877 1133 3931 pro
1161 3863 1383 3916 Christo
1427 3863 1727 3916 obeundam
1761 3863 1979 3917 intenti.
2027 3863 2336 3920 Mactaban-

766 3966 877 4016 tur,
911 3962 964 4008 ct
986 3954 1079 4021 qui
1109 3953 1438 4015 mactabant,
1473 3951 1761 4007 cadebant.
1811 3952 2166 4022 Ligahantur,
2213 3970 2336 4009 eos—

769 4061 875 4114 que
898 4044 988 4113 qui
1041 4043 1281 4112 ligabant
1325 4042 1472 4095 omni
1505 4040 1699 4110 agendi
1731 4038 2051 4095 emcacitate
2071 4041 2334 4096 destitue-

765 4137 916 4190 bant.
953 4134 1414 4206 Flagellabantur,
1462 4141 1517 4187 et
1575 4131 1733 4186 dolor
1776 4147 1869 4188 eos
1908 4133 2003 4202 qui
2033 4135 2333 4198 cadebant,

763 4227 1068 4282 cruciabat.
1103 4224 1420 4279 Tormentis
1474 4221 1847 4294 excogitandis
1885 4223 2208 4279 deficiebant
2238 4236 2322 4296 ty-

766 4319 941 4372 ranni.
982 4317 1441 4371 Emarcescebant
1471 4316 1730 4370 lictorum
1763 4330 1978 4380 manus,
2007 4326 2063 4370 et
2092 4319 2212 4385 ipso
2239 4335 2332 4372 su-

762 4411 894 4465 dore
912 4424 1013 4465 suo
1037 4408 1424 4478 speciosiorem
1453 4406 2040 4476 rcddideruntpietatis
2069 4409 2328 4478 speciem.

2435 3239 2602 3275 νωντο
2632 3221 2922 3291 πνεύματι.

2511 3403 2744 3472 Τοιαύτη
2780 3404 2812 3473 ἡ
2839 3403 2950 3455 τῶν
2981 3403 3264 3473 ἀηττήτων
3297 3402 3636 3471 παράστασις
3663 3399 4010 3467 ἀγωνιστῶν,

2435 3495 2606 3559 οῦτως
2651 3496 2910 3550 ἁπάντων
2951 3495 3198 3564 φοϐερῶν
3242 3494 3582 3560 κατεγέλων⁹
3634 3491 3778 3544 οῦτω
3831 3508 4011 3544 νεανι-

2436 3591 2548 3652 κῶς
2573 3589 2933 3660 τροπούμενοι
2965 3588 3062 3658 τὴν
3095 3587 3324 3657 πλάνην,
3354 3587 3414 3639 τὺ
3449 3587 3552 3654 τῆς
3605 3585 3883 3648 εὐσεϐείας
3915 3586 4012 3637 άν-

2443 3681 2606 3733 ίστων
2662 3680 2953 3751 τρόπαιον,
3015 3679 3229 3732 ᾶπαντα
3293 3679 3544 3748 ῥίψαντες
3601 3677 3715 3746 βίου
3764 3677 4012 3748 τερπνὰ,

2437 3774 2652 3826 ἃπασαν
2699 3773 2944 3840 ἀνάγκην
3013 3770 3228 3838 φύσεως
3286 3769 3641 3838 ἀποθέμενοι,
3693 3769 3787 3822 καὶ
3846 3767 4010 3836 μόνον

2435 3865 2528 3918 τοῦ
2596 3865 2736 3934 ὑπὲρ
2803 3863 3040 3934 Χριστοῦ
3102 3863 3282 3916 θανεῖν
3342 3861 4008 3931 ἀναιεεχόμενοιμἘσφάτ⁹

2435 3973 2605 4022 τοντο,
2647 3957 2740 4009 καὶ
2771 3956 3092 4024 σφάττοντες
3120 3955 3368 4008 ἔπιπτον.
3394 3953 3768 4022 Ἐδεσμοῦντο,
3793 3955 3886 4005 καὶ
3917 3954 4010 4004 dv-

2436 4050 2763 4118 ενεργήτους
2809 4047 3080 4100 ἐδείκνυον
3125 4048 3249 4109 τοὺς
3300 4045 3678 4114 δεσμεύοντας.
3749 4044 4009 4114 Ἐμαστιο

2436 4141 2647 4208 γοῦντο,
2680 4141 2773 4193 καὶ
2803 4140 2860 4194 αἱ
2881 4138 3063 4191 ὀδύναι
3092 4139 3219 4201 τοὺς
3252 4137 3649 4208 μαστιγοῦντας
3674 4136 4009 4203 ἐλάμϐανον.

2448 4229 2821 4300 Ἐξηπόρησαν
2852 4229 2986 4298 πρὸς
3013 4228 3112 4300 τὴν
3140 4227 3359 4298 εῦρεσιν
3390 4227 3501 4281 τῶν
3545 4226 3792 4296 βασάνων
3812 4227 3862 4279 οἱ
3909 4227 4009 4279 τύ-

2439 4339 2640 4392 ραννοι.
2688 4320 3112 4388 Ἐξενευρίζοντο
3159 4320 3256 4381 τὰς
3307 4320 3496 4388 χεῖρας
3536 4319 3586 4369 οἱ
3628 4317 3833 4387 δήμιοι.
3870 4317 4007 4369 Φαι-

2433 4412 2693 4483 δροτέραν
2726 4411 3052 4481 εἰργάσαντο
3095 4411 3210 4472 τοῖς
3257 4410 3478 4478 ἱδρῶσιν
3521 4409 3699 4462 αὐτῶν
3733 4409 3829 4479 τῆς
3852 4410 4006 4463 εύσεο

765 4498 1074 4555 Iltestitiam
1108 4498 1372 4566 impietati
1401 4498 1786 4552 conciliarent.
1811 4497 2090 4554 Daemones
2118 4499 2329 4568 cjulan-

2436 4504 2582 4568 ϐείας
2623 4505 2722 4572 τὴν
2747 4503 3055 4573 ὡραιότητα
3079 4517 3094 4533 ·
3124 4502 3185 4555 τὸ
3239 4502 3560 4571 σκυθρωπὸν
3599 4505 3663 4572 τῇ
3712 4502 4005 4572 δυσσεϐείᾳ

762 4609 844 4653 tes
874 4596 1226 4666 aufugerunt,
1259 4594 1584 4648 conculcato
1615 4607 1806 4648 eorum
1862 4593 1916 4647 in
1973 4609 2201 4663 corpore
2233 4610 2330 4650 su-

764 4688 1009 4759 percilio.
1048 4687 1108 4741 In
1160 4685 1436 4740 silentium
1487 4684 1861 4755 deccptionem
1897 4685 2127 4740 mutavit
2158 4686 2329 4739 mali-

761 4796 900 4851 gnus
930 4794 1181 4850 serpens,
1211 4794 1335 4833 cum
1368 4778 1600 4842 videret,
1641 4793 1830 4833 omnes
1866 4778 2190 4836 insidiarum
2214 4795 2326 4833 ma-

760 4874 951 4927 chinas
979 4873 1034 4926 in
1059 4886 1219 4926 suum
1241 4880 1404 4939 caput
1431 4869 1710 4924 recidisse.

828 4963 947 5018 Jam
978 4964 1124 5018 enim
1175 4972 1230 5017 et
1273 4963 1531 5017 mulieres
1587 4961 1839 5017 alacriter
1870 4962 1924 5017 in
1969 4977 2188 5017 arenam
2227 4962 2322 5018 de-

764 5055 1106 5120 scendentes,
1133 5053 1203 5108 ob
1235 5053 1461 5123 primam
1488 5063 1768 5124 parentem
1799 5053 2100 5124 deceptam,
2132 5070 2323 5125 pmnas

769 5148 831 5200 ab
867 5161 934 5200 eo
963 5145 1341 5215 reposcebant,
1373 5146 1548 5215 capite
1573 5145 1691 5214 ejus
1724 5154 1945 5200 strenue
1975 5147 2320 5209 conculcato,

671 5290 679 5298 ,
766 5241 879 5303 illo,
917 5239 1159 5306 inquam,
1205 5239 1403 5308 capite,
1443 5238 1584 5306 quod
1611 5238 1743 5292 illud
1802 5238 2068 5294 malorum
2130 5253 2322 5307 agmen

766 5325 1068 5395 progenuit.
1101 5324 1254 5380 Nunc
1293 5328 1658 5395 excogitatum
1708 5329 1776 5381 ab
1813 5329 1905 5381 illo
1937 5329 2273 5382 mendacium
2306 5345 2320 5382 :

769 5417 929 5470 Eritis
983 5417 1120 5470 sicut
1167 5417 1242 5470 dii
1303 5418 1365 5483 η,
1399 5428 1596 5487 praeter
1629 5431 1845 5473 omnem
1896 5434 2068 5486 spem,
2107 5416 2322 5473 veritati

770 5523 1090 5576 :onsonans,
1125 5509 1500 5564 acerbissimis
1552 5525 1675 5564 eum
1710 5511 2046 5566 cruciatibus
2082 5519 2319 5577 torquet.

769 5597 894 5652 .‘iam
923 5608 1189 5670 martyres
1216 5600 1433 5655 Christo
1461 5601 1517 5655 in
1551 5601 1899 5671 passionibus
1933 5603 2048 5657 suis
2077 5604 2321 5671 conligu-

766 5696 884 5760 rati,
915 5697 1075 5750 etiam
1102 5697 1302 5752 divina:
1321 5697 1506 5769 gloria:
1535 5697 1855 5769 configurati
1880 5709 2025 5754 sunt.
2063 5697 2217 5755 Nunc
2249 5699 2316 5753 ab

839 5877 875 5907 ’³
922 5875 1060 5930 Gen.
1096 5890 1173 5931 in.
1210 5875 1259 5931 5.

2428 4595 2868 4665 κατεπράξαντο,
2918 4594 3168 4664 δαίμονες
3223 4593 3470 4662 ἀπῄεσαν
3519 4593 3835 4662 ὀδυρόμενοι
3900 4595 4005 4662 τῆς

2427 4687 2627 4758 ὀφρύος
2659 4688 2837 4741 αὐτῶν
2861 4689 2918 4739 ὲν
2949 4685 3163 4756 σώματι
3194 4686 3562 4760 πατόυμένης,
3601 4686 3897 4756 μετέϐαλεν
3921 4689 4004 4750 εἰς

2429 4781 2586 4851 σιγὴν
2619 4781 2716 4850 τὴν
2757 4779 2971 4848 ἀπάτην
2995 4780 3024 4831 ὁ
3071 4777 3305 4848 πονηρὸς
3333 4779 3478 4845 ὖφις,
3509 4777 3570 4830 τὸ
3611 4779 3720 4830 πᾶν
3741 4778 3843 4848 τῆς
3880 4779 4004 4831 ἑπι-

2426 4874 2624 4940 6ουλῆς
2654 4871 2901 4937 καθορῶν
2925 4870 3388 4940 ἐπιστρεφόμενον
3411 4870 3549 4940 πρὸς
3573 4871 3760 4924 αὐτόν.

2503 4963 2638 5032 Ἤδη
2666 4964 2774 5032 γὰρ
2820 4963 2913 5014 καὶ⁵
2952 4963 3206 5028 γυναῖκες
3246 4961 3674 5031 ἀποδυσάμεναι,
3706 4963 3845 5035 πρὸς
3897 4981 4003 5018 πα-

2425 5051 2698 5124 λαίσματα
2727 5057 2826 5124 τῆς
2871 5054 3218 5123 προμήτορος
3241 5091 3257 5113 ,
3301 5053 3462 5106 αὑτὸν
3513 5054 3870 5124 εἰσέπραττον
3902 5059 4001 5125 τὴν

2426 5147 2663 5215 ἀπάτην,
2707 5147 2966 5208 νεανικῶς
3008 5147 3106 5216 τὴν
3135 5145 3375 5215 κεφαλὴν
3423 5143 3709 5210 πατοῦσαι,
3758 5149 4000 5219 κεφαλὴν

2427 5239 2662 5309 ἐκείνην,
2693 5239 2726 5307 ἢ
2752 5239 2843 5291 τὸν
2872 5238 3038 5306 ἐσμὸν
3063 5239 3162 5307 τῆς
3200 5238 3466 5308 πονηρίας
3497 5239 3752 5293 ἀπέτεκε.
3788 5240 3905 5293 Νῦν
3941 5243 4000 5294 τὸ

2432 5330 2888 5400 μεμηχανημένον
2915 5329 3062 5399 αὐτῷ
3103 5328 3316 5397 ψεῦδος,
3355 5329 3436 5395 τὸ,
3465 5330 3724 5386 Ἕσεσθε
3751 5332 3835 5397 ὡς
3855 5334 4000 5398 θεοί,

2427 5423 2578 5493 παρὰ
2610 5424 2789 5475 πᾶσαν
2837 5421 3028 5473 ἐλπίδα
3068 5419 3203 5491 πρὸς
3249 5421 3510 5491 ἀλήθειαν
3542 5421 3776 5488 ἐξελθὸν,
3808 5423 3997 5494 δριμυ-

2422 5515 2611 5576 τάταις
2638 5512 2922 5583 ἀλγηδόσιν
2948 5511 3110 5564 αὑτὸν
3142 5511 3470 5581 περιϐάλλει.
3498 5513 3557 5564 Oi
3583 5514 3691 5584 γάρ
3721 5514 3996 5583 μάρτυρες

2426 5603 2909 5676 συμμορφούμενοι
2943 5605 3000 5656 ἐν
3027 5606 3138 5666 τοῖς
3178 5602 3376 5658 πάθεσι
3415 5603 3494 5676 τῷ
3523 5605 3765 5676 Χριστῷ,
3807 5607 3904 5658 καὶ
3937 5609 3997 5675 τῇ

2425 5700 2545 5770 θείᾳ
2581 5699 2708 5770 δόξῃ
2739 5696 3257 5769 συνεμορφώθησαν,
3285 5696 3379 5752 νῦν
3412 5695 3492 5762 οἷς
3538 5699 3865 5770 διεϐάσκηνε
3901 5700 3996 5768 τῆς
