4182 6440
113 410 190 470 139
1022 404 1301 463 ORATlO
1340 403 1462 464 XV.
1494 427 1561 439 -ο
1608 403 1690 463 ΙΝ
1722 403 1973 464 OMNES
2004 405 2353 467 SANCTOS.

3194 414 3294 475 190

108 519 314 579 ἀπαθοῦς
366 519 787 589 μακαριότητος,
846 516 947 569 {mh
996 516 1202 569 τούτων
1258 514 1757 586 περιϐάλλεταιΛί

1665 517 1717 576 Λ
1742 516 1869 579 illis,
1922 519 2120 587 quibus
2154 526 2160 546 '
2192 519 2585 575 beatitudinem
2655 520 2949 585 invidebat,
3010 528 3295 580 tormentis

108 613 292 666 πάθεσι.
322 611 398 664 Οὐ
429 611 538 680 γὰρ
564 610 723 680 μόνον
751 608 816 661 δι’
845 601 939 672 ὧν,
973 607 1107 675 μετὰ
1140 607 1316 675 πάσης
1348 606 1510 659 αὐτοῦ
1541 607 1639 673 τῆς

109 703 333 775 στρατιᾶς
372 700 817 770 συμπλεκόμενος
866 698 1027 760 αὐτὸς
1072 697 1455 769 κατῃσχύνετο,
1502 699 1638 750 ἔπα-

108 811 229 864 σχεν,
262 794 375 847 ἀλλ’
412 788 500 846 οἷα
525 792 720 861 πάσχει
748 793 843 846 καὶ
867 790 984 855 νῦν,
1011 794 1150 853 ταῖς,
1173 793 1238 843 ὲκ
1263 790 1449 858 τάφων
1503 806 1638 861 προ-

106 889 282 950 ϊούσαις
307 886 591 957 δυνάμεσι.
612 885 727 939 Νῦν
757 884 865 937 τῶν
890 883 1198 937 πολυάθλων
1224 883 1397 936 ὀστῶν
1419 883 1641 937 ἐκείνων

109 976 252 1045 πυρὸς
272 976 473 1045 βολίδες
491 992 558 1028 πε
568 975 861 1046 μπόμεναι,
880 973 950 1027 τὰ
963 973 1165 1027 τούτων
1184 973 1639 1042 καταφλογίζουσι

106 1068 344 1136 πρόσωπα
368 1083 384 1098 ο
430 1068 642 1137 καὶτῆς
683 1066 883 1137 σαρκὸς
937 1067 1036 1136 τὴν
1080 1066 1248 1131 κόνιν,
1281 1067 1348 1134 ἣν
1379 1065 1639 1136 πολυτρό-

103 1174 198 1219 πως
221 1155 468 1223 διέξηναν
493 1156 900 1224 συσφίγγουσαν
928 1155 1101 1226 ψυχὰς
1128 1155 1380 1225 ὁρῶντες,
1408 1157 1500 1209 καὶ
1536 1154 1639 1209 σώ-

105 1264 243 1315 ματα,
274 1248 426 1299 αὐτοὶ
468 1246 741 1310 ἀλύοντες,
787 1248 882 1300 καὶ
931 1247 1252 1319 παρειμένοι
1292 1248 1635 1318 πορεύονται.

112 1337 248 1389 Ἀλλά
272 1335 382 1407 γὰρ
400 1336 541 1407 αῦτη
576 1336 685 1388 τῶν
722 1336 1035 1407 άοιδίμωνὴ
1081 1337 1229 1407 νίκη.
1266 1339 1519 1391 Τοιοῦτον
1539 1338 1636 1407 τῆς

103 1429 325 1499 ἀληθείας
352 1429 413 1482 τὸ
434 1429 711 1499 τρόπαιον.
739 1428 924 1492 Οὕτως
955 1429 1006 1481 οἱ
1032 1429 1130 1496 τῆς
1159 1430 1410 1493 ἀσεϐείας
1435 1430 1636 1499 ὑπηρέ-

99 1538 173 1573 ται
197 1520 287 1573 σῦν
323 1519 404 1589 τῷ
450 1519 601 1587 σφῶν
644 1520 884 1591 ἄρχοντι,
910 1522 1007 1573 καὶ
1038 1524 1467 1592 πρωταγωνιστῇ
1518 1522 1634 1575 δια-

100 1614 232 1681 6ολῳ,
263 1613 369 1664 ὑπὸ
405 1610 515 1665 τῶν
557 1612 855 1683 προμάχων
885 1612 984 1682 τῆς
1023 1613 1280 1685 ἀληθείας
1306 1614 1630 1684 ἡττήθησαν.

108 1704 411 1773 Ἑκρότησαν
443 1704 533 1757 ἐπὶ
557 1705 767 1767 τούτοις
792 1705 998 1760 ἄνωθεν
1039 1705 1280 1773 ἄγγελοι,
1313 1707 1634 1776 εὐφήμησαν

98 1794 487 1848 καταπεσόντων
514 1794 622 1847 τῶν
665 1794 996 1867 ἀλαστόρων,
1038 1796 1321 1867 ἐκπλήξει,
1354 1799 1449 1851 καὶ
1491 1800 1633 1871 χαρᾷ

98 1884 403 1953 ἐμερίζοντο.
437 1885 692 1955 Ἔχαιρον
727 1888 811 1955 ἐφ’
843 1882 922 1950 οἷς
967 1887 1061 1940 τοῦ
1094 1888 1354 1957 βασιλέως
1393 1891 1632 1960 ήπαρά-

96 1976 241 2040 ταξις,
268 1978 396 2040 τοὺς
432 1977 659 2049 ἐχθροὺς
697 1978 899 2048 ἔργοις,
924 1980 1018 2033 καὶ
1057 1981 1629 2053 λόγοιςηέτροπώσατο.

106 2066 501 2137 Ἐξεπλήττοντο
552 2069 842 2139 σαρκίνους
886 2070 1118 2140 ὁρῶντες
1165 2072 1272 2125 τῶν
1327 2071 1633 2141 ἀσωμάτων

97 2158 522 2227 περιγενομένους
546 2174 561 2189 ·
592 2160 621 2210 ό
665 2156 939 2227 βασιλεὺς,
970 2160 1109 2230 ὑπὲρ
1138 2154 1200 2213 οὗ
1253 2163 1297 2214 at
1336 2157 1508 2226 ἆθλοι,
1540 2162 1632 2213 καὶ

96 2249 149 2299 τὰ
188 2248 556 2318 παλαίσματα.
593 2247 663 2300 τὰ
702 2248 928 2319 βραδεῖα
951 2250 1290 2321 εὐτρέπιζεν.
1330 2250 1633 2318 Ἢνοίγοντο

99 2339 238 2391 πύλαι
283 2339 391 2391 τῶν
429 2339 699 2409 οὐρανῶν,
732 2341 1006 2410 ἀοιδίμους
1038 2321 1266 2411 θερμαῖς
1300 2340 1379 2393 ἔτι
1413 2344 1633 2409 σταγόσι

100 2430 291 2497 ῥέιντας
360 2430 720 2500 ὑπεδέχοντο,
784 2432 1190 2503 Παντοκράτορι
1258 2431 1632 2502 δεξιουμένους

96 2520 239 2589 δεξιᾷ.

160 2607 365 2675 Ἀλλ’,ὦ
383 2616 622 2681 γενναῖοι
650 2613 745 2668 τοῦ
766 2614 998 2686 Χριστοῦ
1024 2614 1369 2684 στρατιῶται,
1394 2616 1444 2667 τί
1467 2632 1632 2685 προσ-

94 2704 294 2773 εροῦμεν
329 2706 523 2774 ὐμᾶς;
590 2706 973 2774 ’Δνθρώπους;
1042 2705 1179 2758 Ἀλλ’
1215 2708 1247 2775 ή
1288 2707 1449 2774 φύσις
1494 2706 1631 2772 ἰλιγ-

93 2797 170 2863 γιᾷ
212 2794 545 2848 οἰκειοῦσθαι
585 2795 722 2865 πρὸς
771 2796 899 2857 τοῦς
946 2796 1166 2862 ἀγῶνας
1203 2796 1354 2866 ὐμῶν
1406 2797 1496 2848 καὶ
1536 2796 1633 2865 τὴν

92 2886 235 2954 αὐτῆς
253 2886 488 2957 δύναμιν
509 2887 923 2941 ἀποσκοποῦσα.
952 2888 1143 2956 Φωστῆ
1152 2905 1249 2958 ρας
1271 2905 1286 2953 ;
1337 2889 1496 2942 ’Λλλά
1516 2892 1634 2952 ταῖς

90 2977 353 3045 ὑμετέραις
391 2978 591 3044 αὐγαῖς
620 2978 683 3030 τὸ
721 2979 920 3045 φέγγος
974 2979 1151 3031 αὐτῶν
1196 2980 1629 3049 ἀποκρύπτεται.

99 3068 401 3135 Ἀγγέλο·.›ς;
455 3067 616 3121 Ἀλλὰ
664 3068 761 3139 τὴν
809 3071 1139 3140 καρτερίαν,
1193 3072 1285 3125 καὶ
1329 3071 1428 3141 τὴν
1478 3072 1632 3141 νίκην

1740 609 2051 679 subjicitur.
2091 609 2209 665 Non
2240 612 2382 666 enim
2414 611 2565 667 solus
2604 613 2850 669 devictus
2881 621 2935 668 et
2982 616 3297 672 confusione

1739 702 1976 769 repletus
2010 711 2115 769 cst,
2146 715 2267 756 cum
2291 716 2478 758 omnes
2509 716 2637 757 suas
2669 706 2856 772 capias
2885 706 2938 760 in
2967 706 3137 761 aciem
3171 723 3296 776 pro-

1739 794 1911 855 duxit,
1941 794 2034 847 sed
2088 802 2142 848 ct
2183 808 2327 847 nunc
2358 794 2407 847 vi
2434 795 2544 858 illa,
2580 796 2728 848 velut
2767 797 2940 863 igneis
2980 798 3200 867 jaculis,
3235 814 3298 853 cx

1738 884 1952 938 ossibus
2005 885 2132 950 illis,
2181 900 2303 954 qua.
2353 892 2433 938 tot
2459 888 2758 940 certamina
2810 889 3141 955 tolerarunt,
3171 906 3294 960 pro-

1737 976 1954 1040 deunte,
1979 977 2160 1034 vultus
2191 992 2381 1032 eorum
2416 978 2847 1041 inﬂammantur,
2904 993 3139 1050 cumque
3181 997 3296 1037 cor-

1736 1071 1883 1138 poris
1913 1070 2207 1140 pulverem,
2234 1086 2392 1141 quem
2424 1073 2523 1139 ipsi
2554 1073 2699 1125 varie
2727 1080 3073 1141 carpserunt,
3098 1081 3151 1127 et
3173 1075 3298 1127 ani-

1736 1177 1854 1216 mas
1881 1168 1937 1216 et
1986 1176 2213 1231 corpora
2247 1163 2715 1232 constringentem
2772 1164 3077 1228 intuentur,
3118 1165 3299 1220 triSIes

1737 1252 1836 1321 ipsi
1870 1261 1923 1305 et
1954 1251 2353 1321 desperabundi
2390 1253 2698 1321 aufugiunt.
2747 1251 2867 1305 llmc
2914 1254 3299 1322 przestantissi—

1734 1360 1948 1400 morum
1974 1346 2299 1399 athletarum
2330 1346 2576 1400 victoria.
2604 1344 2929 1413 llujusmodi
2950 1346 3197 1402 veritatis
3219 1357 3300 1401 est

1736 1443 2017 1504 tropaeum.
2058 1436 2214 1490 llunc
2238 1437 2291 1489 in
2324 1437 2541 1489 modum
2576 1436 2875 1506 impietatis
2906 1436 3143 1490 ministri
3174 1452 3297 1491 cum

1736 1542 1838 1582 suo
1867 1528 2005 1582 duce
2024 1536 2077 1582 et
2104 1529 2349 1598 principe
2376 1527 2594 1582 diabolo
2635 1542 2664 1581 a
2698 1529 2947 1583 veritatis
2992 1543 3299 1598 propugna-

1735 1620 1944 1675 toribus
1977 1620 2177 1674 devicti
2217 1630 2363 1675 sunt.
2400 1619 2655 1674 Plausum
2693 1620 2777 1676 his
2799 1621 3069 1675 dederunt
3099 1635 3130 1676 e
3159 1623 3299 1674 caelo

1736 1712 1934 1781 angeli,
1989 1713 2185 1768 faustis
2233 1712 2721 1767 acclamationibus
2779 1714 3298 1780 exsultarunt,ctnn

1742 1804 1913 1859 malos
1940 1804 2128 1874 genios
2155 1812 2456 1872 prostratos
2485 1810 2805 1869 cernerent;
2859 1804 3131 1871 simulque
3179 1811 3299 1857 stu-

1736 1910 1866 1964 pore
1899 1904 1953 1950 et
2000 1895 2196 1965 gaudio
2248 1895 2701 1964 percellebantur.
2761 1895 3080 1949 Gaudebant
3129 1896 3297 1958 enim,

1732 1986 1877 2055 quod
1911 1988 2055 2056 regis
2087 1987 2256 2049 acies,
2283 1993 2337 2040 et
2368 1985 2528 2040 factis
2553 1993 2607 2041 et
2651 1985 2834 2040 verbis
2867 1985 3075 2039 hostem
3118 1984 3301 2040 debel-

1733 2076 1922 2132 lasset.
1952 2076 2447 2146 Obstupcseebant,
2482 2091 2606 2130 cum
2644 2077 3121 2146 conspicarentur,
3137 2090 3299 2129 carne

1734 2169 1959 2222 vestitos
2006 2167 2315 2235 superiores
2368 2167 2543 2221 l‘actos
2574 2166 2640 2220 iis
2673 2167 2768 2235 qui
2808 2180 2974 2220 carne
3017 2167 3294 2219 carebant.

1733 2256 1847 2313 Rex
1876 2274 1974 2327 pro
2002 2273 2110 2327 quo
2145 2260 2479 2328 pugnabant,
2522 2258 2742 2327 praemia
2787 2258 3033 2326 parabat.
3074 2257 3293 2325 Aperie-

1732 2352 1932 2406 bantur
1983 2351 2246 2405 caelorum
2314 2358 2504 2418 portae,
2555 2358 2610 2403 et
2659 2350 2904 2404 illustres
2965 2348 3088 2402 illos
3121 2348 3295 2401 calido

1735 2444 1911 2497 adhuc
1942 2441 2193 2512 perfusos
2228 2441 2452 2496 'sudore
2475 2479 2491 2503 ,
2526 2440 2884 2508 recipiebant,
2923 2441 3294 2510 tltunipotenti

1725 2541 1993 2602 'exceptos
2016 2531 2261 2585 dextera.

1805 2619 1932 2684 Sed,
1959 2635 1992 2673 o
2018 2619 2204 2672 invicti
2236 2618 2436 2672 milites
2455 2618 2683 2681 Christi,
2709 2632 2814 2687 quo
2842 2617 3062 2671 nomine
3085 2632 3183 2671 vos
3205 2633 3298 2687 ap-

1733 2710 2096 2782 pellabimus?
2130 2711 2211 2761 An
2234 2709 2521 2761 homines?
2552 2708 2621 2761 At
2646 2718 2841 2761 natura
2873 2716 3062 2761 nostra
3113 2708 3300 2762 horret

1734 2804 1801 2857 ad
1838 2810 2017 2856 vestra
2056 2800 2376 2864 certamina,
2410 2813 2534 2852 cum
2558 2799 2747 2853 oculos
2774 2798 2837 2850 ad
2879 2797 2987 2851 vim
3028 2811 3179 2851 suam
3212 2810 3298 2848 re-

1733 2894 1923 2948 ﬂectit.
1955 2894 2035 2945 An
2062 2890 2279 2946 sidera?
2306 2890 2412 2944 Sed
2445 2899 2627 2944 vestro
2654 2888 2947 2958 splendore
2971 2889 3152 2942 lumen
3183 2888 3300 2941 illo-

1732 3003 1853 3044 rum
1887 2987 2210 3041 occultatur.
2236 2985 2319 3038 An
2356 2984 2620 3053 angelos?
2647 2984 2715 3035 At
2748 2982 3095 3036 tolerantiam
3137 2989 3191 3034 ct
3217 2980 3265 3032 vi

1732 3084 1957 3136 ctoriam
1988 3089 2223 3133 vestram
2247 3077 2424 3146 angeli
2456 3077 2876 3144 obstupuerunt.
2906 3072 2961 3126 In
3000 3087 3164 3143 quam
3198 3069 3300 3137 igi-

90 3156 351 3228 ὲξέετησαν
375 3159 623 3226 ἄγγελοι.
646 3160 737 3222 Εἰς
764 3160 917 3211 ποίαν
942 3155 1033 3213 οῦν
1056 3162 1221 3231 ἀλλην
1247 3161 1635 3231 μεταποιηθέν-
1660 3186 1701 3244 c
1735 3188 1741 3227 ι

1660 3186 1701 3244 c
1735 3187 1823 3228 tur
1858 3173 2018 3225 aliam
2054 3180 2300 3224 naturam
2336 3165 2703 3225 transmutati,
2752 3164 2889 3219 adeo
2916 3164 3100 3217 omnia
3139 3177 3299 3217 cxce-

88 3268 160 3305 τες
188 3252 357 3319 ςύσιν,
398 3252 546 3306 οὕτω
581 3254 755 3306 πάντα
801 3253 1240 3322 ὐπερεόάλεσθες
1282 3255 1396 3306 Οὐκ
1425 3255 1629 3323 ἐμάλα-

89 3340 165 3404 ξεν
211 3343 271 3394 τὰ
312 3343 637 3414 θελκτήρια,
689 3344 790 3396 οὐκ
839 3343 1139 3412 ἐκλάσθητε
1185 3347 1298 3406 τοῖς
1346 3345 1615 3414 φοϐεροῖς.

88 3432 207 3501 Bait?
242 3435 487 3503 τοσούτῳ
517 3434 657 3503 πυρὶ
701 3434 981 3504 δυνάμεως
1013 3434 1073 3486 τὸ
1117 3434 1226 3504 πῦρ
1264 3434 1371 3488 τῶν
1417 3436 1628 3507 πικρῶν

87 3521 305 3589 βασάνων
364 3524 675 3590 ὲσϐέσατε;
732 3525 929 3593 Δρόσος
982 3525 1109 3594 ὑμῖν
1166 3526 1385 3595 μᾶλλον,
1433 3525 1466 3596 ἢ
1518 3526 1627 3596 πῦρ

88 3614 343 3680 ἐλογίζετο,
379 3615 414 3685 ἢ
461 3614 641 3684 δῆλον,
680 3613 754 3676 ὡς
785 3614 862 3683 τῷ
898 3616 1029 3685 πυρὶ
1068 3616 1166 3684 τῆς
1218 3615 1367 3680 Θείας
1412 3617 1628 3686 ἀγάπης

88 3708 523 3776 πυρπολούμενοι,
552 3708 729 3758 ὲκείνο
756 3707 815 3757 τὸ
855 3707 964 3777 πῦρ
997 3709 1238 3776 ἐνεργεῖν
1267 3709 1335 3761 τά
1364 3710 1538 3761 οἰκεῖα
1566 3708 1625 3761 οὐ

90 3800 407 3868 ευηέηεχωρεῖτε
430 3815 445 3862 ;
471 3797 609 3849 ἀλλά
629 3797 747 3848 ἀντὶ
773 3796 869 3866 μὲν
885 3794 979 3849 τοῦ
1004 3798 1239 3868 φλέγειν,
1253 3798 1439 3868 δρόσος
1456 3801 1626 3866 ἐγνω-

90 3887 234 3953 ρὲζετο
252 3904 264 3916 ⁸
284 3886 393 3940 Τοῦ
424 3888 473 3939 δ’
508 3889 566 3939 ὲν
592 3887 720 3956 ὑμῖν
744 3885 887 3939 θείου
922 3891 1089 3958 πυρὸς
1114 3889 1441 3959 ὑπέκκαυμα
1472 3890 1625 3957 γενό-

88 3996 234 4044 μενον,
255 3978 654 4051 λαμπροτέραν
688 3979 892 4048 ἀνῆπτε
919 3981 1090 4050 φλόγα
1112 3986 1208 4054 τῆς
1233 3984 1467 4052 Χριστοῦ
1491 3985 1627 4052 ἁγα-

84 4072 289 4137 πήσεως,
328 4067 392 4125 οῦ
420 4070 523 4123 νῦν
565 4070 786 4139 ὡραίοις
814 4071 938 4124 ποσὶ
980 4072 1069 4125 τὸν
1097 4074 1317 4143 φαιδρὸν
1366 4073 1627 4144 νυμφῶνα

84 4165 531 4233 χοροστατοῦντες,
560 4163 913 4233 εὐφραίνεσθε
955 4165 1074 4218 ἀντὶ
1122 4165 1229 4219 τῶν
1286 4164 1627 4235 δριμυτάτων

83 4255 391 4323 ἀλγηδόνων,
449 4256 746 4326 ἡδυτάταις
808 4256 1177 4325 ἐντρυφῶντες
1238 4255 1622 4310 ἀπολαύσεσιν.

94 4345 210 4397 Ἀντί
255 4346 345 4399 τοῦ
399 4348 585 4416 πυρὸς
613 4385 628 4408 ,
687 4348 825 4416 μετὰ
875 4346 981 4399 τῶν
1044 4347 1323 4418 φλογερῶν
1373 4364 1626 4419 συμπαρ-

88 4435 267 4489 ἰεταοθε
298 4438 534 4502 τάξεων.
577 4438 779 4502 Ἤπου,
817 4438 911 4490 καὶ
949 4437 1152 4492 τούτων
1181 4440 1458 4509 ἐγγυτέρω
1486 4439 1627 4509 (τολ-

1733 3265 1898 3321 ditis?
1926 3265 2042 3319 Non
2069 3261 2419 3317 emollicrunt
2444 3274 2541 3313 vos
2568 3256 2973 3320 blandimenta;
3006 3269 3113 3307 non
3138 3252 3299 3307 fracti

1732 3359 1864 3412 estis
1899 3356 2220 3410 terroribus.
2248 3351 2493 3418 Quonam
2524 3359 2675 3403 tanto
2703 3350 2823 3418 igne
2856 3349 3034 3415 ignem
3058 3346 3301 3399 acerbis-

1733 3448 1995 3503 simorum
2022 3451 2415 3499 tormentorum
2443 3438 2823 3493 cxstinxistis?
2866 3438 3063 3490 [torem
3095 3434 3297 3504 potius,

1732 3553 1893 3610 quam
1917 3539 2093 3606 ignem
2124 3532 2479 3604 reputabatis.
2528 3531 2612 3584 An
2652 3531 2843 3599 liquet,
2878 3542 2977 3582 vos
3007 3528 3129 3596 igne
3164 3525 3297 3578 cha-

1732 3630 1911 3686 ritatis
1940 3628 2135 3683 divina:
2161 3626 2524 3680 iuﬂanunatos
2546 3637 2653 3676 non
2683 3620 3045 3683 concessisse,
3074 3625 3131 3671 ut
3160 3617 3298 3671 alter

1732 3723 1874 3791 ignis
1899 3735 1961 3774 ea
1983 3734 2103 3787 qua:
2136 3724 2264 3772 sunt
2296 3721 2507 3767 naturae
2540 3726 2653 3765 sua:
2682 3717 3050 3763 consentanea
3075 3705 3300 3774 ageret?

1731 3828 1833 3870 nec
1862 3812 2074 3872 urebat,
2118 3808 2210 3862 sed
2238 3805 2378 3859 roris
2413 3803 2589 3857 instar
2614 3800 2917 3854 recreabat.
2953 3796 3093 3863 Quin
3130 3806 3184 3850 et
3212 3796 3297 3850 di-

1730 3904 1919 3959 vinum
1969 3901 2147 3969 ignem
2213 3894 2598 3959 exsuscitans,
2658 3891 2814 3959 longe
2869 3886 3299 3959 splendidiorem

1731 3995 2003 4050 ﬂammam
2034 3988 2330 4044 dilectione
2364 3983 2566 4039 Christi
2617 3979 2887 4036 accendit.
2955 3978 3125 4046 Cujus
3156 3991 3301 4030 nunc

1732 4084 1997 4156 speciosis
2022 4080 2250 4151 pedibus
2274 4076 2572 4130 thalamum
2596 4072 3094 4130 circumsistentes,
3118 4069 3302 4123 exsul—

1732 4175 1883 4240 tatis,
1941 4176 2060 4229 loco
2099 4168 2617 4225 immanissitnorum
2669 4163 3008 4218 cruciatuum
3039 4160 3301 4215 suavissi-

1733 4268 1836 4322 mis
1858 4262 2227 4333 voluptatibus
2256 4256 2487 4328 perfusi.
2519 4256 2663 4309 l.oco
2691 4253 2830 4323 ignis
2868 4250 3130 4306 assistitis
3155 4264 3301 4303 nunc

1731 4372 1856 4414 cum
1890 4354 2153 4409 ﬂammeis
2198 4352 2310 4405 illis
2347 4348 2634 4404 ordinibus
2669 4361 2683 4398 :
2731 4345 2840 4399 imo
2870 4351 2924 4398 et
2962 4342 3047 4397 his
3076 4341 3300 4411 propius

1735 4448 1932 4518 (audeo
1956 4444 2161 4513 dicere)
2186 4452 2391 4512 quanto
2427 4438 2651 4509 propius
2681 4437 2846 4489 etiam
2893 4433 3198 4488 imitatione
3232 4435 3299 4484 ad

87 4528 217 4597 ρήσει
262 4530 370 4599 γάρ
407 4531 512 4583 καὶ
564 4528 727 4585 τοῦτο
770 4529 943 4580 εἰπεῖν
976 4530 1003 4580 ό
1029 4528 1228 4596 λόγος),
1278 4530 1402 4582 ὅσον
1436 4528 1529 4580 καὶ
1553 4530 1619 4598 τῇ
1653 4535 1697 4589 Ι)
1728 4556 1738 4608 1

1653 4535 1697 4589 Ι)
1728 4538 2037 4608 passionem
2068 4532 2279 4589 Christi
2310 4528 2652 4584 accessistis.
2701 4525 2845 4578 Loco
2879 4519 3297 4577 conﬂictationis

1464 4622 1490 4632 I-

84 4618 343 4691 ἐκμιμήεει
372 4622 488 4673 τῶν
541 4619 883 4690 παθημάτων
922 4620 1227 4691 ὲγγύτεροι,
1266 4621 1384 4674 ἀντὶ
1429 4622 1525 4689 τῆς
1567 4621 1625 4672 ὲν

84 4708 213 4780 λιμῷ,
243 4713 335 4765 καὶ
359 4713 513 4783 δίψει
537 4712 936 4782 ταλαιπωρίας,
977 4712 1013 4765 δι
1056 4712 1360 4781 ὀφθαλμὸς
1390 4714 1499 4765 οὐκ
1539 4709 1623 4765 οἷ-

84 4800 181 4865 der,
206 4802 296 4854 καὶ
321 4797 438 4866 οὖς
466 4802 584 4855 οὐκ
607 4801 856 4870 ἤκουσε,
888 4801 985 4854 καὶ
1011 4801 1107 4854 ἐπὶ
1134 4800 1383 4868 καρδίαν
1409 4800 1626 4868 ἀνθρώ-

85 4906 176 4944 :rnv
194 4895 296 4946 οὐκ
314 4895 533 4960 ἀνέϐη,
562 4892 876 4962 προτίθεται
897 4893 1143 4961 τράπεζα
1164 4892 1405 4962 φέρουσα
1426 4893 1625 4960 ἀγαθά.

94 4984 210 5037 Ἀντὶ
237 4987 331 5055 τῆς
361 4990 421 5040 ὲν
465 4984 776 5055 γυμνότητι
828 4984 1066 5054 πήξεως,
1122 4983 1401 5054 στολισμὸν
1452 4984 1627 5052 φωτὸς

85 5078 464 5147 περιὸἀλλεσθε.
532 5077 681 5129 Ἀντὶ
726 5074 819 5127 τοῦ
872 5075 1211 5145 σκορπισμοῦ
1266 5074 1374 5127 τῶν
1428 5075 1623 5145 μελῶν,

86 5168 161 5237 τὴν
205 5168 535 5239 ὁλοκληρίαν
584 5166 687 5235 τῆς
731 5166 963 5237 ἀρχαίας
1017 5165 1317 5220 ἀπελάϐετε
1359 5165 1629 5228 πλάσεως.

96 5260 213 5311 Ἀντί
259 5261 365 5313 τῶν
422 5259 780 5313 κενωθέντων
824 5260 1089 5327 αἱμάτων,
1140 5260 1238 5322 τὰς
1287 5258 1469 5327 πηγὰς
1498 5275 1630 5327 προ-

88 5355 202 5418 χεῖτε
227 5354 331 5406 τῶν
364 5351 645 5423 ἰαμάτων.
686 5349 877 5419 Χαίρει
911 5350 943 5419 ἡ
979 5349 1051 5417 γῆ
1081 5350 1192 5411 τοῖς
1238 5348 1393 5419 ήμῶν
1434 5349 1635 5416 ἀγωνί-

94 5460 276 5511 ςμασιν.
313 5443 691 5513 Εὐφραίνεται
718 5441 964 5510 οὐρανὸς,
1001 5441 1260 5503 τοιούτοις
1289 5441 1632 5510 στεφανίταις

95 5536 586 5606 χομπατούμενος.
626 5533 779 5587 Μετά
835 5534 1079 5601 ἀγγέλων
1120 5532 1495 5603 εὐφραίνεσθε,
1538 5534 1633 5586 καὶ

91 5626 218 5693 ἡμῶν
256 5630 315 5680 οὐ
366 5624 703 5699 χωρίζεσθε.
734 5624 795 5677 υἱ
835 5626 893 5677 ὲν
943 5628 1267 5696 πειρασμοῖς
1293 5624 1448 5696 ’πρὸς
1492 5626 1634 5695 ὑμᾶς

183 5809 219 5837 ’³
246 5807 342 5863 lsa.
383 5823 539 5870 Lstv,
580 5803 651 5869 4;
690 5801 857 5858 lCor.
890 5818 947 5865 tt,
983 5802 1035 5857 8.

1733 4646 1854 4687 cum
1880 4629 2023 4683 fame
2053 4636 2106 4683 et
2125 4626 2237 4691 siti,
2263 4623 2584 4694 proponitur
2618 4618 2775 4672 vobis
2808 4629 2997 4669 mensa
3026 4610 3300 4681 ejusmodi

1735 4722 1916 4777 ferens
1947 4720 2108 4781 bona,
2139 4729 2263 4784 qua:
2292 4728 2470 4782 neque
2498 4710 2689 4775 oculus,
2728 4706 2879 4768 vidit,
2905 4720 2995 4759 nec
3022 4704 3168 4756 auris
3199 4718 3299 4754 au-

1733 4811 1884 4875 divit,
1917 4824 2008 4861 nec
2036 4808 2090 4859 ιή
2111 4820 2200 4857 cor
2238 4801 2464 4855 hominis
2489 4798 2832 4852 ascenderunt
2858 4794 2926 4847 “.
2967 4792 3115 4845 Loco
3138 4789 3300 4844 nudi-

1734 4901 1884 4959 tatis,
1939 4897 2078 4951 stola
2127 4894 2267 4948 lucis
2323 4890 2503 4946 amicti
2532 4889 2687 4943 estis.
2728 4886 2874 4940 Loco
2926 4884 3300 4955 membrorum

1732 4993 2082 5060 disjectorum
2117 4987 2383 5056 integram
2414 4983 2561 5037 illam
2584 4981 2895 5051 primaevam
2930 4974 3297 5029 beereditatem

1733 5080 1912 5150 adepti
1947 5078 2102 5134 estis.
2134 5075 2280 5130 Loco
2305 5073 2462 5128 eﬂusi
2507 5069 2812 5139 sanguinis,
2853 5065 3029 5121 fontes
3056 5065 3300 5117 curatio-

1727 5190 1857 5229 num
1894 5171 2139 5226 funditis.
2186 5166 2399 5223 Gaudet
2449 5174 2592 5218 terra
2640 5160 2837 5216 vestris
2874 5155 3296 5211 certaminibus.

1727 5263 1965 5318 Laztatur
1983 5259 2203 5321 caelum,
2233 5271 2357 5311 cum
2396 5249 2707 5320 hujusmodi
2752 5246 3055 5299 victoribus
3093 5258 3297 5298 corona

1727 5352 1996 5408 redimitis
2023 5348 2281 5403 ambitur.
2314 5346 2447 5399 Cum
2478 5341 2688 5412 angelis
2710 5336 3027 5401 exsultatis,
3049 5341 3104 5389 et
3134 5350 3163 5385 a
3194 5347 3295 5385 no-

1731 5446 1818 5501 bis
1843 5459 1948 5498 non
1985 5438 2335 5512 separamini.
2366 5434 2470 5501 Qui
2498 5430 2885 5488 tentationibus
2909 5426 3081 5496 pressi
3106 5424 3174 5477 ad
3201 5438 3297 5477 vos

1732 5534 2077 5606 confugiunt,
2131 5538 2379 5601 paratum
2434 5524 2733 5581 remedium
2806 5520 3108 5575 inveniunt.
3194 5515 3299 5580 Qui

1739 5627 2155 5701 tranquillitatis
2212 5635 2453 5695 tempore
2502 5620 2555 5674 in
2594 5618 2751 5674 vobis
2801 5614 3071 5671 anchoras
3105 5608 3299 5680 ﬁgunt,
