4182 6440
836 395 932 466 191

2058 391 2331 451 LEONIS
2362 388 2815 451 PHILOSOPIH

3983 393 4097 448 10‘!

826 510 1068 585 jucunde
1092 511 1146 566 in
1177 510 1295 564 vitae
1328 508 1491 576 hujus
1514 507 1634 562 solo
1669 505 1999 560 consistunt.
2031 504 2133 568 Qui
2169 505 2222 556 in
2256 503 2397 556 bello

2515 502 2954 570 ιαταφεύγοντες,
2993 501 3218 570 ἑτοίμην
3256 501 3355 572 τὴν
3390 501 3546 553 λύσιν
3596 501 3990 574 εὑρίσκουσιν.
4033 508 4099 556 0!

828 618 929 660 vos
954 617 1054 674 pro
1080 597 1499 670 propugnaculis
1531 597 1754 659 habent,
1793 596 1833 650 ii
1861 605 2185 660 servantur;
2210 595 2304 663 qui
2343 594 2399 649 iu

829 711 986 768 pace,
1021 694 1096 748 illi
1124 701 1305 746 vestro
1337 690 1589 758 praesidio
1633 689 1791 751 bona,
1841 702 1962 756 quae
1995 702 2269 755 nunquam
2300 686 2401 738 im-

831 789 1174 845 minuuntur,
1204 784 1535 852 percipiunt.
1568 780 1902 833 Multitudini
1935 779 2238 832 libertatem
2265 793 2398 844 sup-

833 877 1118 948 peditatis;
1156 891 1280 929 nam
1305 889 1398 928 eos
1431 872 1524 942 qui
1551 872 1653 926 sub
1687 872 1892 940 peccati
1917 871 2050 940 jugo
2079 868 2277 940 captivi
2317 879 2398 922 tc-

833 979 1053 1034 uentur,
1093 967 1360 1028 liberatis,
1415 967 1617 1019 erectis
1673 964 1785 1032 jam
1819 964 1948 1016 olim
1994 973 2051 1016 et
2101 964 2399 1016 etianmmn

832 1060 1070 1130 tropaeis,
1133 1067 1185 1112 et
1223 1057 1538 1126 passionum
1587 1056 1897 1121 caliginem,
1949 1062 2074 1108 ortu
2122 1052 2264 1117 dici,
2294 1069 2403 1122 quo

835 1153 1092 1206 memoria
1131 1149 1294 1203 vestri
1345 1150 1625 1210 recolitnr,
1662 1146 1974 1214 dispellitis.
2013 1145 2269 1198 Ecclesia:
2298 1160 2403 1198 un-

833 1254 1092 1313 guentum
1112 1242 1267 1304 estis,
1293 1241 1449 1307 longe
1474 1240 1828 1306 fragrantius,
1848 1252 2007 1307 quam
2031 1235 2167 1304 quod
2193 1235 2405 1289 descen-

833 1337 912 1389 dit
937 1337 990 1387 in
1015 1334 1231 1387 barbam
1263 1332 1440 1384 Aaron
1469 1340 1517 1382 et
1545 1346 1692 1383 oram
1727 1327 2015 1382 vestimenti
2043 1329 2104 1379 '°.
2139 1325 2405 1380 Sacerdo-

835 1427 982 1482 tibus
1003 1426 1140 1480 estis
1174 1431 1553 1478 ornamentum
1581 1415 1766 1486 stolai,’
1789 1421 2010 1491 regibus
2059 1434 2262 1474 corona
2289 1423 2406 1489 glo-

834 1519 948 1581 riae,
982 1517 1077 1569 toti
1114 1525 1383 1569 terrarqu
1407 1513 1526 1567 orbi
1559 1525 1988 1567 conservatores.
2041 1510 2148 1564 Per
2174 1527 2270 1566 vos
2300 1509 2403 1563 mi-

833 1611 906 1665 sit
939 1609 1096 1663 Pater
1123 1609 1380 1662 dilectum
1425 1608 1646 1672 Filium,
1706 1606 1798 1675 qui
1835 1605 2152 1673 praeclarum
2188 1603 2319 1657 illud
2353 1613 2406 1657 ct

833 1700 1170 1757 salutiferam
1210 1711 1468 1768 tropmum
1517 1698 1728 1761 statuit,
1761 1706 2203 1765 creaturamque,
2234 1711 2398 1764 quam

2499 597 2557 647 ἐν
2593 592 2830 664 εὑθυμίᾳ
2856 592 2984 664 ὑμῖν
3011 594 3110 656 τὰς
3145 591 3395 660 ἀγκύρας
3425 593 3699 665 ῥίψαντες,
3749 595 3967 664 ἱλαρῶς
3998 595 4098 649 τὸν

2501 686 2613 756 βίον
2659 685 3111 740 ἀποσαλεύουσιν.
3150 689 3212 738 Οἱ
3252 687 3310 738 ἐν
3363 688 3620 756 πολέμοις
3669 689 3812 757 ὑμᾶς
3858 688 4099 756 ἔχοντες

2501 777 2765 845 πύργους,
2795 775 3166 841 διασώζονται.
3196 780 3258 830 Οἱ
3281 779 3337 830 ὲν
3363 779 3576 849 εἰρήνῃ,
3606 781 3726 841 ταῖς
3757 779 3922 850 ὑμῶν
3970 781 4101 831 ἐπι-

2504 868 2749 932 στασίαις
2777 870 3022 940 ἀμείωτα
3047 870 3286 939 τρυγῶσι
3316 870 3382 923 τὰ
3407 870 3606 938 ἀγαθά.
3633 869 3785 940 Ἔχει
3805 872 3882 926 τὰ
3900 872 4097 941 πλήθη

2502 963 2770 1032 χορηγοὺς
2796 961 3101 1029 ἐλευθερίας
3137 964 3301 1032 ὑμᾶς.
3326 963 3464 1024 Τοὺς
3488 963 3596 1034 γὰρ
3624 965 3728 1016 ὑπὸ
3754 964 3860 1032 τῆς
3883 965 4092 1033 ἁμαρ-

2502 1052 2621 1114 τίας
2647 1051 3022 1122 ’διωκομένους
3067 1051 3147 1104 ἔτι
3198 1054 3292 1105 καὶ
3339 1051 3433 1105 νῦν
3470 1053 3774 1122 ἐγείροντες
3810 1055 4094 1122 τρόπαια,

2502 1143 2601 1212 τῆς
2635 1143 3011 1212 αἰχμαλωσίας
3063 1142 3454 1214 ἁπολυτροῦτε,
3489 1145 3584 1196 καὶ
3633 1144 3740 1197 τῶν
3784 1145 3990 1198 παθῶν
4033 1149 4098 1196 τίν

2507 1234 2715 1297 σκότος,
2755 1238 2877 1298 ταῖς
2923 1235 3208 1298 ἀνατολαῖς
3245 1236 3354 1288 τῶν
3386 1236 3540 1306 ὑμῶν
3594 1237 3754 1307 ἱερῶν
3796 1238 4098 1308 μνημοσύ-

2511 1343 2617 1378 νων
2663 1325 3062 1392 διασκεδάζετε.
3097 1328 3317 1397 Ἔχουσι
3357 1328 3529 1400 μύρον
3558 1330 3704 1398 ὑμᾶς
3744 1331 3801 1382 αἱ
3840 1331 4095 1400 Ἐκκλη-

2508 1419 2642 1483 σίαι,
2689 1417 2781 1470 τοὺ
2827 1419 2927 1471 ἐπὶ
2962 1418 3072 1472 τὸν
3103 1419 3374 1486 “amara,
3413 1421 3508 1474 καί
3558 1421 3674 1489 τὴν
3699 1421 3822 1474 dior
3860 1423 4102 1492 Ἀαρὼν

2505 1507 2971 1572 καταϐαίνοντος
2998 1509 3377 1579 εὐωδέστερον,
3422 1507 3615 1579 στολῆς
3659 1509 4016 1581 εὐπρέπειαν
4048 1515 4100 1565 οἱ

2509 1597 2694 1667 ἱερεῖς,
2747 1599 2982 1668 διάδημα
3019 1598 3177 1669 δόξης
3216 1603 3264 1653 οί
3309 1599 3566 1670 βασιλεῖς,
3623 1604 3774 1656 πᾶσα
3826 1604 3861 1674 ἡ
3894 1605 4098 1656 οἰκου-

2509 1688 2643 1757 μένη
2679 1691 2955 1762 σωτῆρας.
2995 1691 3073 1743 Δι’
3100 1691 3254 1760 ὑμῶν
3281 1693 3388 1762 γὰρ
3430 1693 3813 1759 ἐξαπέστειλεν
3854 1696 4101 1764 ἀγαπη-

840 1792 1129 1864 tyrannidc
1163 1809 1259 1847 sua
1297 1791 1636 1859 opprimebat
1661 1790 1894 1852 daemon,
1939 1789 2114 1856 ejecto
2148 1788 2408 1842 adversa-

2515 1778 2603 1832 τὸν
2636 1779 2820 1832 nam
2876 1783 3086 1851 Πατὴρ,
3117 1781 3179 1833 τὸ
3235 1782 3376 1850 μέγα
3425 1783 3520 1835 καὶ
3569 1783 3835 1853 σωτήριον
3888 1786 4098 1856 ἤγειρε

838 1885 940 1949 rio,
973 1899 1168 1938 rursus
1201 1883 1435 1949 subjecit
1471 1882 1580 1936 Deo
1611 1890 1666 1935 ct
1716 1881 1860 1934 Patri
1911 1883 2002 1949 qui
2037 1888 2256 1948 propter
2287 1879 2405 1933 exi-

836 1980 998 2032 miam
1028 1975 1453 2038 confessionem,
1487 1990 1592 2043 qua
1631 1989 1752 2027 cum
1789 1972 2013 2041 confessi
2047 1973 2171 2044 estis
2221 1987 2402 2023 coram

834 2069 1126 2122 hominibus
1154 2067 1215 2129 ³⁷,
1251 2068 1302 2120 in
1353 2075 1649 2133 conspectu
1691 2063 1870 2118 Patris
1922 2073 2206 2118 consortes
2255 2064 2404 2134 regni

834 2176 930 2212 vos
989 2159 1276 2222 confitens,
1342 2173 1544 2210 corona
1605 2157 1792 2225 gloria:
1866 2156 2216 2221 eomlecorat,
2277 2157 2402 2224 quia

836 2253 981 2306 illius
1004 2263 1086 2306 est
1123 2267 1349 2321 regnum
1381 2259 1433 2304 et
1459 2250 1629 2319 gloria
1657 2251 1709 2302 in
1741 2250 1963 2303 s:ccula.
2001 2247 2194 2301 Amen.

1407 2583 1665 2641 ORATIO
1705 2583 1844 2638 XVI.

844 2703 1034 2762 Oratio
1063 2701 1114 2755 in
1139 2698 1537 2754 rlecollationem
1559 2698 1731 2750 sancti
1774 2707 1824 2750 et
1879 2696 2097 2765 gloriosi
2145 2695 2410 2765 propheta?

1082 2781 1131 2826 et
1167 2771 1519 2825 I’rtt'cursoris
1541 2780 1589 2822 et
1617 2768 1869 2835 Baptista:
1893 2765 2146 2821 Joannis.

2513 1872 2791 1940 τρόπαιον,
2848 1873 2942 1926 καὶ
2975 1869 3040 1946 ἦς
3069 1875 3346 1943 ἐτυράννει
3399 1877 3630 1938 κτίσεως
3669 1877 3758 1928 τὸν
3805 1876 4100 1947 ἀλάστορα

2513 1961 2775 2027 καθελὼν,
2813 1964 2991 2026 καλῶς
3016 1965 3184 2034 αὑτὴν
3233 1965 3392 2018 πάλιν
3421 1966 3652 2030 ὑπέταξε
3700 1965 3776 2038 τῷ
3808 1966 3958 2036 Θεῷ,
3994 1971 4100 2022 καὶ

2515 2056 2710 2125 Ιῐατρὶ,
2759 2056 2819 2118 ὃς
2853 2057 2973 2109 ἀντὶ
3001 2061 3099 2128 τῆς
3146 2057 3318 2127 καλῆς
3369 2059 3661 2126 ὁμολογίας
3707 2061 3773 2132 ἢν
3819 2060 4100 2114 ἐνώπιον

2512 2149 2835 2215 ἀνθρώπων
2853 2149 3297 2218 ὡμολογήσατε,
3325 2152 3554 2205 ἐνώπιον
3583 2152 3678 2206 τοὺ
3722 2153 3939 2223 Πατρός
3965 2172 4099 2207 κοι-

2513 2239 2712 2299 νωνοὺς
2764 2239 2862 2306 τῆς
2915 2237 3190 2306 βασιλείας
3222 2241 3518 2309 ὁμολογῶν,
3563 2241 3642 2313 τῷ
3680 2246 3933 2312 στεφάνῳ
3990 2246 4098 2312 τῆς

2506 2323 2662 2392 δόξης
2692 2328 3051 2396 κατακοσμεῖ,
3101 2328 3182 2380 ὃτι
3213 2329 3377 2381 αὑτοῦ
3427 2333 3574 2384 ἐστιν
3610 2333 3645 2402 ἡ
3691 2330 3958 2402 βασιλεία,
3996 2335 4101 2383 καὶ

2507 2418 2542 2486 ὴ
2571 2417 2697 2483 δόξα
2727 2419 2806 2482 είς
2835 2420 2960 2482 τοὺς
2989 2420 3212 2484 αἰῶνας.
3254 2419 3449 2493 Ἀμήν.

3102 2584 3319 2638 ΛΟΓΟΣ
3368 2582 3485 2652 ις’.

2521 2694 2632 2748 Τοῦ
2655 2694 2840 2767 αὐτοῦ
2882 2695 3124 2767 Ὀμιλίαᾼ
3155 2699 3243 2762 εις
3272 2696 3388 2763 τὴν
3429 2697 3740 2766 ἀποτομὴν
3766 2696 3878 2763 τῆς
3915 2699 4106 2767 ἁγίας

2587 2767 2686 2818 καὶ
2713 2763 2872 2834 ἱερᾶς
2904 2763 3173 2834 κεφαλῆς
3200 2767 3307 2820 τοῦ
3339 2768 3510 2834 ἁγίου
3537 2763 3633 2820 καὶ
3653 2767 3906 2831 ἐνδόξου
3941 2763 4104 2835 στρυ-

2581 2835 2795 2902 ςοήτου,
2829 2839 3170 2907 ιΙροδρόμου
3198 2838 3296 2894 καὶ
3326 2837 3667 2892 Βσπτιστοῦ
3718 2839 4025 2894 Ἰωάννου.

2050 2969 2378 3036 (GM-21558.,
2423 2978 2462 3024 t.
2491 2969 2608 3036 XV,
2645 2986 2699 3040 p.
2732 2970 2882 3041 322.)

911 3090 1046 3157 Quis
1090 3088 1242 3142 dabit
1293 3096 1349 3140 ut
1381 3085 1651 3156 propheta:
1707 3086 1911 3156 forcipe
1952 3102 2015 3142 os
2051 3101 2230 3142 meum
2264 3087 2401 3140 bene

2572 3085 2666 3148 Τίς
2699 3084 2859 3139 δώσει
2895 3084 3068 3139 λα6ίδι
3099 3088 3409 3158 προφητικῇ
3433 3086 3881 3158 διευπομῶσθαι,
3901 3090 4001 3144 καὶ
4027 3095 4114 3161 τῷ

842 3181 1239 3242 conformetur,
1269 3186 1323 3232 et
1349 3177 1588 3232 carbone
1619 3178 1710 3230 illo
1763 3177 1903 3232 labia
1935 3192 2053 3232 mea
2083 3193 2404 3250 expurgen—

843 3282 934 3327 tur
972 3272 1052 3325 ‘3?
1097 3271 1170 3326 lis
1206 3270 1352 3324 enim
1410 3285 1555 3322 nunc
1607 3285 1742 3338 Opus
1785 3270 2015 3324 maxime
2044 3270 2237 3336 habeo,
2283 3285 2408 3325 cum

843 3380 968 3422 eum
998 3365 1245 3418 oratione
1276 3360 1656 3430 depranliccm,
1713 3377 1873 3430 quem
1928 3361 2069 3416 inter
2121 3363 2411 3432 prophetas

846 3457 1083 3512 maxime
1111 3471 1350 3510 sonoros
1405 3464 1458 3507 et
1511 3453 1903 3522 grandiloquus
1929 3454 2234 3524 prrecinuit.
2278 3453 2413 3519 Quis

843 3549 994 3602 velut
1018 3563 1180 3616 supra
1210 3554 1447 3599 montem
1483 3544 1869 3613 cogitationum
1903 3545 2238 3599 sublimitate
2282 3545 2415 3600 sub-

847 3641 1006 3693 vehet
1070 3652 1216 3700 eum,
1272 3637 1364 3703 qui
1411 3650 1599 3688 vocem
1636 3633 1792 3688 Verbi
1843 3635 2127 3690 dilaudare
2159 3637 2415 3701 instituit,

847 3739 1264 3797 prmcouemquc
1292 3723 1469 3794 regis?
1495 3723 1662 3778 Adest
1682 3725 1831 3778 enim
1878 3727 2176 3780 etiamnum
2225 3740 2418 3796 magna

847 3816 940 3870 illa
969 3814 1301 3886 paenitentia:
1326 3813 1478 3877 tuba,
1523 3814 1704 3866 divina
1737 3815 1945 3869 monita
1998 3816 2278 3880 intonans,
2310 3831 2418 3870 non

843 3909 956 3980 jam
984 3923 1050 3963 ex
1081 3907 1251 3962 eremi
1286 3907 1600 3977 regionibus
1626 3944 1640 3967 ,
1685 3906 1778 3960 sed
1825 3921 1890 3960 ex
1925 3904 2184 3962 ﬂoriferis
2228 3907 2420 3962 Eccle-

847 4000 946 4056 sia:
966 3999 1201 4054 vallibus
1230 3996 1550 4068 procedens.
1579 3996 1767 4060 Adest,
1801 3997 2151 4067 minaturque
2184 3999 2419 4052 securim

850 4091 1210 4146 infructuosis
1259 4099 1315 4145 et
1340 4089 1614 4143 excidium
1645 4091 1712 4156 η,
1761 4098 1816 4144 et
1865 4091 2142 4161 palearum
2182 4093 2252 4145 ab
2301 4094 2423 4162 igne

849 4183 1215 4245 exustionem,
1251 4179 1622 4249 frumentique
1662 4180 1716 4234 in
1757 4181 1942 4235 divina
1992 4182 2184 4237 horrea
2217 4184 2422 4253 impor-

851 4274 1116 4328 tationem
1171 4271 1484 4325 annuntiat.
1519 4271 1631 4325 Nec
1669 4287 1774 4326 una
1805 4281 2072 4327 terrarum
2101 4284 2255 4344 parte
2286 4291 2422 4330 cou-

2515 3175 2780 3246 ᾶνθαρακι
2797 3175 2862 3229 τὰ
2893 3175 3043 3247 χείλη
3071 3177 3408 3248 καθῃρᾶσθαι
3424 3176 3488 3248 [Γ.
3509 3179 3869 3252 κεκαθᾶρθαι]
3893 3183 4111 3249 ;Ἐκεί-

2512 3282 2617 3318 νων
2646 3267 2752 3335 γάρ
2780 3284 2868 3335 μοι
2899 3267 2966 3319 τὰ
2997 3266 3091 3320 νῦν
3117 3269 3347 3338 μάλιστα
3379 3269 3459 3321 δεῖ
3471 3269 3548 3339 τῷ
3570 3268 3710 3337 λόγῳ
3723 3273 4110 3341 περιηχοῦντι,

2512 3357 2570 3410 ὃν
2590 3359 2618 3411 ὁ
2648 3360 3153 3428 μεγαλοφωνότατος
3174 3362 3546 3432 προανήχησεν
3573 3363 3629 3414 ἐν
3651 3364 3980 3434 προφήταις.
4005 3365 4108 3428 Τίς

2514 3446 2627 3501 οἷον
2661 3450 2748 3502 ἐπ’
2781 3449 2940 3520 ὅρους
2964 3451 3141 3521 ὑψηλῇ
3165 3451 3370 3522 διανοίᾳ
3397 3451 3739 3512 ἀναϐιϐάσει,
3763 3454 4114 3526 ὡρμημένον

2521 3541 2816 3611 κηρύσσειν
2857 3543 2956 3612 τὴν
2985 3544 3167 3613 φωνὴν
3199 3543 3292 3596 τοῦ
3329 3545 3526 3612 Λόγου,
3567 3545 3660 3598 τοῦ
3692 3547 3971 3610 Βασιλέως
4010 3548 4113 3600 τὸν

2520 3633 2776 3702 κήρυκα;
2804 3635 3041 3703 Πάρεστι
3075 3635 3185 3705 γὰρ
3223 3636 3317 3689 καὶ
3363 3635 3456 3690 νῦν
3485 3639 3519 3706 ἡ
3561 3639 3768 3706 μεγάλη
3794 3640 3894 3708 τῆς
3931 3658 4104 3708 μετα.

2522 3723 2667 3785 νοίας
2705 3725 2959 3792 σάλπιγξ,
2990 3726 3058 3777 τὰ
3105 3725 3224 3778 θεῖα
3255 3726 3589 3789 σαλπίξουσα
3638 3729 4106 3799 παραγγέλματα,

2520 3815 2620 3868 οὑκ
2659 3817 2940 3885 ἐρημικῶν
2980 3818 3316 3887 προῖσχουσα
3353 3819 3588 3889 χωρίων,
3625 3820 3759 3872 ἀλλὰ
3784 3821 3890 3873 τῶν
3929 3824 4104 3891 ἀνθη-

2523 3909 2703 3977 φόρων
2730 3909 2830 3977 τῆς
2869 3909 3194 3979 Ἐκκλησίας
3238 3911 3518 3966 κοιλάδων.
3551 3911 3818 3982 Πάρεστιν
3855 3915 4106 3968 ἀπειλῶν

2519 3999 2620 4068 τὴν
2657 3999 2868 4069 ἀξίνην,
2914 4000 3008 4053 καὶ
3039 4001 3137 4070 τὴν
3163 4002 3335 4073 τομὴν
3359 4005 3469 4065 τοῖς
3516 4003 3808 4074 ἀκάρποις,
3853 4007 3952 4058 καὶ
3999 4008 4106 4075 τὴν

2525 4090 2629 4143 ὑπὸ
2654 4090 2746 4142 τοὺ
2765 4091 2946 4161 ,πυρὸς
2964 4090 3057 4143 τοῦ
3094 4090 3296 4162 ἀχύρου
3333 4092 3549 4158 καῦσιν,
3582 4095 3676 4147 καὶ
3703 4095 3802 4164 τὴν
3821 4095 3917 4148 τοῦ
3951 4097 4108 4150 σίτου

2526 4184 2604 4244 είς
2635 4181 2704 4233 τὰ
2732 4181 2848 4234 θεῖα
2882 4185 3107 4251 ταμιεῖα
3141 4184 3499 4252 καταγγέλλει
3543 4185 3822 4238 ἀπόθεσιν.
3872 4188 4106 4259 Ὀρᾶται

2525 4273 2623 4344 οὑχ
2656 4274 2736 4327 ἐνὶ
2774 4275 2929 4344 μέρει
2959 4278 3056 4345 τῆς
3083 4276 3204 4345 γῆς,
3231 4277 3346 4330 ἀλλ’
3377 4280 3483 4331 ἀνὰ
3514 4280 3692 4332 πᾶσαν
3712 4281 3811 4350 τὴν
3839 4281 4104 4353 οἰκουμέ-

851 4363 1118 4432 spicitur;
1154 4361 1248 4416 sed
1285 4377 1391 4431 qua
1417 4363 1656 4418 mundus
1697 4371 1864 4432 patet,
1895 4365 2140 4418 cernitur
2167 4367 2410 4422 omnibus

2527 4385 2645 4438 νην,
2680 4363 2760 4432 οἷς
2805 4368 2925 4438 δψις
2955 4369 3048 4423 τοῦ
3098 4371 3342 4425 τοιούτου
3391 4371 3683 4442 θεάματος,
3728 4374 3821 4427 τοὺ
3865 4377 4049 4444 φωτὸς
4077 4381 4105 4428 ο

853 4455 983 4521 illis,
1003 4454 1095 4521 qui
1125 4455 1315 4507 oculos
1348 4455 1448 4508 hoc
1474 4454 1786 4525 spectaculo
1815 4456 2008 4526 dignos
2031 4457 2250 4523 habent,
2286 4460 2410 4516 luci:

2525 4425 2756 4530 16190;;
2775 4425 2876 4530 τῆς
2905 4425 3182 4533 σωτηρίας
3213 4425 3683 4545 προπέμπωνντὰς

853 4542 1073 4598 lucerna
1107 4541 1293 4597 radios
1329 4543 1526 4598 salutis
1552 4544 1830 4600 emittens.
1890 4543 2088 4601 Fundit
2119 4549 2420 4604 etiamnum

854 4634 1039 4704 lingua
1078 4633 1247 4698 illius,
1282 4633 1456 4690 instar
1479 4635 1598 4704 puri
1626 4633 1790 4691 fontis
1825 4635 2088 4693 doctrina:
2122 4638 2324 4695 ﬂuenta
2349 4642 2421 4697 ³⁸.

853 4723 1004 4778 Licet
1027 4723 1172 4778 enim
1199 4723 1310 4792 jam
1345 4724 1481 4780 olim
1515 4733 1806 4796 tyrannus,
1828 4730 1915 4782 vel
1953 4729 2135 4797 potius
2164 4731 2419 4788 adulterii

852 4815 1186 4886 mancipium
1223 4823 1386 4886 caput
1421 4815 1542 4884 ejus
1574 4825 1861 4888 amputare
1889 4835 1996 4875 non
2031 4822 2305 4878 horruerit
2332 4827 2415 4893 ²¹;

852 4914 910 4960 at
949 4921 1056 4960 una
1114 4921 1224 4960 non
1275 4906 1508 4962 abscidit
1551 4909 1896 4980 eloquentem
1950 4913 2098 4968 illam
2151 4915 2414 4985 linguam.

852 4995 1133 5051 Abstinuit
1166 4995 1380 5067 gladius
1435 4997 1505 5052 ab
1557 5000 1915 5068 abscissione,
1976 5018 2102 5058 cum
2135 5005 2418 5062 incidisset

853 5089 1092 5158 linguam
1128 5088 1276 5142 omni
1309 5091 1552 5145 sectione
1585 5095 2084 5161 peuetrabiliorem.
2134 5097 2416 5164 Quomodo

854 5178 1000 5231 enim
1033 5177 1147 5232 ﬁeri
1174 5187 1384 5248 poterat
1408 5187 1466 5233 ut
1496 5181 1700 5251 lingua,
1733 5200 1854 5253 qua:
1885 5195 2092 5242 naturae
2114 5191 2416 5244 necessita-

858 5275 962 5322 tem
994 5279 1299 5337 superarat,
1321 5273 1754 5339 superareturab
1774 5275 1881 5330 ictu
1909 5278 2108 5347 gladii?
2132 5278 2419 5345 Quomodo

854 5373 953 5428 par
981 5366 1120 5421 erat,
1147 5366 1204 5411 ut
1240 5359 1286 5414 is
1321 5362 1412 5430 qui
1443 5369 1694 5417 materno
1716 5365 1894 5421 adhuc
1943 5378 2097 5423 utero
2121 5371 2416 5426 conclusus

855 5463 918 5502 os
944 5448 998 5501 in
1023 5448 1188 5503 verba
1221 5449 1570 5517 formaverat,
1606 5457 1789 5510 carnis
1813 5457 1928 5528 jam
1977 5462 2208 5517 nexibus
2253 5479 2414 5518 exso-

857 5539 1026 5606 lutus,
1069 5553 1099 5594 a
1151 5543 1406 5612 loquendi
1475 5544 1730 5603 facultate
1775 5551 2200 5621 prohiberetur?
2249 5555 2419 5625 Igitur

856 5630 1041 5701 lingua
1097 5648 1204 5688 non
1265 5642 1350 5690 est
1379 5647 1619 5705 exsecta,
1653 5657 1753 5698 nec
1787 5658 1890 5698 vox
1923 5660 2238 5717 compressa
2271 5666 2284 5703 :
2319 5650 2414 5706 scd

2526 4554 2815 4624 Προχεῖται
2845 4555 2938 4607 καὶ
2961 4554 3056 4608 νῦν
3097 4559 3196 4623 τῆς
3225 4555 3432 4608 ἐκείνου
3478 4555 3725 4627 γλώσσης
3765 4557 3956 4628 ὥσπερ
3995 4578 4104 4629 πη-

2522 4644 2625 4713 γῆς
2673 4642 2920 4714 καθαρᾶς
2956 4644 3054 4714 τῆς
3097 4643 3445 4709 διδασκαλίας
3501 4647 3570 4700 τὰ
3602 4649 3838 4718 νάματα.
3884 4649 3951 4703 El
3993 4652 4104 4719 γὰρ

2523 4737 2616 4788 καὶ
2645 4735 2745 4806 τὴν
2790 4737 3030 4808 κεφαλὴν
3064 4737 3230 4790 πάλαι
3264 4739 3546 4808 τύραννος,
3598 4740 3797 4809 μᾶλλον
3833 4741 3888 4794 δέ
3924 4761 4103 4813 μοιχιο

2522 4826 2619 4880 κοῦ
2651 4826 2834 4891 δοῦλος
2859 4827 3047 4895 ἄγους,
3069 4831 3320 4897 ἐκτεμεῖν
3365 4829 3672 4898 ἐφρυάξατο
3693 4871 3709 4896 ,
3738 4831 3856 4885 ἀλλ’
3878 4833 3939 4885 οὐ
3974 4850 4102 4886 συν-

2527 4919 2769 4987 απέτεμε
2804 4919 2900 4988 τὴν
2933 4918 3162 4972 εὑλαλον
3185 4921 3452 4987 γλῶσσαν.
3501 4922 3772 4994 Ἐστράφη
3801 4925 3902 4996 τὴν
3925 4927 4104 4997 τομὴν

2525 5008 2584 5062 τὸ
2617 5008 2786 5077 ξίφος,
2812 5009 3042 5080 ὀξυτέρα
3067 5011 3434 5080 περιτυχοὺσα
3475 5014 3612 5082 τομῇ
3637 5013 3736 5083 τῆς
3764 5014 3860 5068 τοῦ
3893 5016 4102 5069 Barzi-

2525 5099 2649 5152 στοὺ
2681 5099 2949 5170 γλώσσης.
2985 5101 3094 5155 Ποῦ
3120 5103 3226 5173 γὰρ
3274 5098 3342 5174 ἦν
3379 5103 3599 5172 θεμιτὸν
3629 5105 3958 5174 διατεμόντα
4001 5113 4100 5163 πᾶ-

2526 5208 2624 5245 σαν
2676 5194 2921 5264 ἀνάγκην
2959 5195 3060 5265 τῆς
3119 5195 3352 5264 φύσεως,
3409 5197 3556 5265 ἦττω
3603 5199 3852 5264 γενέσθαι
3913 5198 4101 5268 ξίφους

2523 5285 2729 5354 τομῆς;
2764 5285 2872 5337 Ποῦ
2894 5285 2951 5339 δὲ
2978 5287 3123 5348 εἰκὸς
3152 5287 3242 5338 τὸν
3275 5289 3332 5338 ἐν
3361 5287 3694 5358 σπαργάνοις
3717 5289 3908 5357 νηδύος
3933 5293 4101 5359 φθεγ-

2522 5375 2769 5445 γόμενον,
2821 5377 3008 5430 τοῦτον
3053 5379 3280 5431 λυθέντα
3324 5379 3430 5432 τῶν
3482 5382 3754 5448 σαρκίνων
3810 5381 4101 5452 δεσμάτων

2521 5467 2836 5541 [ἀμμάτων]
2888 5471 2984 5541 τὴν
3061 5471 3302 5542 φθογγὴν
3358 5473 3702 5543 κωλυθῆναις
3741 5475 3956 5528 Οὑκοῦν
4000 5480 4101 5528 οὑκ

2523 5559 2732 5631 ἐτμήθη
2770 5562 2803 5631 ή
2851 5560 3092 5629 γλῶσσα,
3122 5562 3230 5615 οὐδ’
3261 5565 3294 5634 ἡ
3339 5565 3490 5634 φωνὴ
3527 5565 3817 5636 ἐπεσχέθη,
3866 5566 3984 5620 ἀλλ’
4018 5568 4098 5619 ἔτι

2523 5653 2618 5703 καὶ
2678 5650 2774 5705 νῦν
2826 5650 2924 5723 τὴν
2967 5651 3209 5723 Ἡρώδου
3269 5655 3515 5724 μοιχείαν
3561 5655 3729 5710 λαλεῖ.
3791 5657 3935 5710 Ἀλλ’
3984 5659 4097 5712 ἅνω

929 5809 1126 5870 “Psal.
1159 5828 1364 5886 cxxxu,
1387 5818 1439 5876 2.
1476 5819 1516 5854 "
1547 5818 1738 5878 Matth.
1767 5839 1816 5892 ι,
1840 5825 1928 5881 5'2.
1966 5827 2009 5859 ιδ
2034 5823 2136 5884 lsa.
2159 5844 2232 5897 vr,
2253 5829 2306 5888 ϐ.
2347 5830 2389 5864 ¹⁹
2416 5829 2604 5890 Matth.
2634 5833 2818 5900 "1,10;
2844 5833 2977 5893 Luc.
3001 5835 3153 5902 m,9.
3186 5837 3232 5870 '°
3253 5835 3586 5906 Joan.v,55.
3620 5839 3662 5872 ἰ
3695 5839 3875 5895 Marc.
3900 5841 4082 5903 v1.28.
