4182 6440
107 387 179 447 193
546 379 828 441 ORATIO
870 380 1021 440 XVI.
1068 380 1221 440 -IN
1265 376 1902 440 DECOLLATIONEM
1929 377 1987 436 S.
2026 376 2347 437 JOANNIS
2388 375 2785 436 BAPTISTFS.

3208 372 3313 436 194

102 502 205 568 πρός
231 498 313 559 τὰς
349 494 514 549 αὖτοῦ
548 494 710 561 γονὰς
741 491 906 546 ἀνιὼν
940 496 967 546 ὁ
1005 494 1181 561 λόγος,
1214 493 1336 545 ὅλον
1382 495 1513 563 ἡμῖν
1542 495 1632 544 τὸν
1662 494 1709 550 Α
1738 490 1748 541 |

1662 494 1709 550 Α
1738 488 1899 543 hodie
1924 490 2089 543 etiam
2124 487 2359 543 Herodis
2389 486 2715 540 adulterium
2766 488 2965 553 arguit.
2994 487 3061 537 At
3102 500 3313 542 revoce-

104 592 267 643 ἐκείνου
300 589 403 657 βίον
431 587 839 655 ἀπαγγειλάτω,
874 586 970 639 καὶ
1012 586 1108 654 ὅλη
1139 585 1235 653 τῆς
1265 586 1474 637 ἐκείνου
1509 584 1637 654 βιώ-

105 705 211 748 eam;
250 682 459 742 εὐωδία,
509 683 609 751 τὴν
653 680 874 750 λογικὴν
918 680 1169 749 αἴσθησιν
1223 677 1633 745 κατατερπέτω.

103 779 306 832 Μάλιστα
336 775 435 843 μὲν
468 774 579 844 γάρ
620 773 761 841 μέγα
788 772 977 841 κέρδος
1010 770 1071 822 τὸ
1117 770 1211 822 καὶ
1253 770 1452 839 μέρους
1495 767 1637 830 τινὸς

102 869 174 921 τοῦ
200 868 392 920 ἐκείνου
426 866 543 937 βίου
574 865 755 918 λαλεῖν
798 864 859 916 τὸ
885 863 1161 933 ὠφέλιμον
1186 844 1216 894 ·’
1236 864 1464 931 ἀπειρον
1491 860 1547 914 δέ
1584 878 1637 913 τι

103 964 148 1014 τὸ
172 960 442 1028 σύμπασαν
491 957 592 1028 τὴν
626 955 835 1008 ἐκείνου
880 954 1103 1008 ἐπιόντα
1153 950 1320 1025 ζωὴν,
1359 950 1638 1020 συλλέγειν

102 1053 155 1104 τὰ
185 1051 363 1120 ἀγαθά.

161 1315 278 1385 Ἤδη
331 1314 430 1385 μὲν
484 1308 577 1370 οὖν
632 1314 748 1378 τοῖς
797 1313 1006 1379 δούλοις
1044 1315 1072 1368 ό
1098 1311 1353 1385 βασιλεὺς
1394 1314 1451 1368 ὲν
1477 1312 1642 1383 ὁμοία

106 1411 254 1480 μορφῇ
310 1409 668 1480 προσομιλεῖν
711 1408 1011 1478 ὲκεκρίκει,
1068 1405 1293 1460 καὶτοῦ
1326 1406 1493 1476 ὕψους
1544 1406 1642 1477 τῆς

100 1504 255 1573 θεῖκῆς
275 1502 699 1570 συγκαταὸάντα
716 1501 872 1572 δόξης
901 1500 1206 1571 ἐνδημῆσαι
1238 1503 1303 1572 τῇ
1337 1498 1643 1571 ἀνθρώπων

102 1597 309 1665 ἐσχατιᾷ.
336 1596 485 1649 Ἔδει
513 1594 573 1648 δὲ
611 1594 723 1666 ἄρα
748 1593 849 1663 τῆς
883 1591 1024 1664 ὑπὲρ
1046 1594 1200 1662 λόγον
1232 1592 1438 1663 ταύτης
1460 1590 1645 1661 ἐπιδη-

103 1688 207 1756 μίας
259 1689 427 1759 μέγαν
480 1686 606 1741 τινὰ
670 1686 926 1756 γενέσθαι
1002 1686 1369 1759 προάγγελον.
1427 1684 1643 1739 Γίνεται

110 1781 347 1850 Ἰωάννης,
383 1772 446 1835 οὗ
477 1779 681 1852 μείζων
711 1780 887 1845 οὐδεὶς
919 1780 976 1833 ὲν
1009 1782 1289 1850 γεννητοῖς
1331 1778 1637 1846 γυναικῶν·

1738 598 1861 640 mus
1902 584 2204 636 orationem
2242 582 2309 635 ad
2358 581 2478 650 ejus
2512 590 2693 633 ortum
2724 586 2778 633 et
2829 578 3180 641 incunabula,
3239 592 3318 631 to-

1736 674 1955 744 tiusque
1978 675 2102 729 vita:
2131 675 2424 728 decursum
2473 672 2634 726 nobis
2656 672 2932 735 denarret,
2972 681 3025 725 et
3059 679 3169 723 tota
3201 672 3320 725 vitae

1738 765 1807 821 ab
1834 767 1925 820 illo
1964 772 2259 820 transacta:
2290 764 2586 835 fragrantia
2623 779 2847 817 sensum
2887 764 3120 818 rationis
3152 764 3323 832 parti~

1738 859 1911 928 cipem
1962 858 2220 912 oblectet.
2277 856 2331 909 Ir
2374 856 2611 911 maximo
2641 855 2788 909 enim
2824 854 2977 908 lucro
3010 857 3323 924 ponendum

1737 956 1844 1014 est,
1898 962 2356 1011 commemorare,
2406 962 2544 1015 quas
2588 948 2673 1001 vel
2707 961 2815 1001 una
2846 946 2969 999 vita:
3020 946 3167 1001 illius
3199 964 3325 1015 pars

1741 1041 2008 1097 utilitates
2038 1040 2459 1111 complectatur,
2496 1040 2743 1093 infinitos
2767 1047 2946 1093 autem
2990 1039 3205 1094 fructus
3234 1056 3326 1110 pa-

1741 1137 1834 1201 rit,
1871 1139 1916 1193 si
1967 1138 2090 1208 quis
2123 1138 2292 1192 totius
2331 1136 2455 1191 vita:
2505 1136 2651 1191 illius
2702 1135 2845 1191 bona
2880 1137 2933 1190 in
2966 1153 3139 1191 unum
3171 1138 3327 1193 colli-

1743 1244 1871 1299 gere
1903 1230 2278 1300 aggrediatur.

1816 1321 1962 1393 Ergo
1988 1322 2102 1391 jam
2160 1320 2274 1378 Rex
2307 1322 2554 1379 caelestis
2626 1336 2753 1376 cum
2795 1321 2973 1376 servis
3000 1323 3135 1389 suis,
3160 1320 3328 1377 simili

1745 1416 1981 1470 vestitus
2014 1413 2217 1477 forma,
2260 1415 2470 1469 versari
2514 1424 2567 1468 et
2615 1413 2888 1479 habitare,
2930 1422 2984 1467 et
3031 1429 3094 1467 ex
3132 1414 3325 1467 altitu-

1745 1503 1873 1557 dine
1917 1502 2116 1555 divinae
2150 1502 2337 1570 gloriae
2375 1502 2441 1554 ad
2498 1500 2599 1554 has
2645 1502 2783 1555 imas
2827 1501 3118 1554 hominum
3164 1499 3329 1555 sedes

1746 1592 2087 1648 descendere
2130 1591 2484 1656 decreverat;
2516 1592 2803 1661 oportebat
2850 1592 3021 1661 igitur
3078 1599 3135 1645 ut
3166 1590 3331 1659 hujus

1746 1686 2048 1741 descensus
2105 1694 2159 1740 et
2213 1685 2484 1740 adventus
2518 1686 3048 1738 omnemratiouem
3095 1698 3331 1753 exsupe-

1748 1780 1924 1835 rantis
1968 1778 2202 1849 insignis
2271 1777 2603 1848 deligeretur
2654 1777 3017 1847 praenuntius.
3074 1774 3330 1831 Nascitur

99 1872 175 1924 καὶ
201 1873 489 1942 προφθάνει
515 1872 674 1925 τόκον
711 1871 967 1943 ὑπερφυῆ
999 1873 1294 1942 παρθένου,
1322 1871 1479 1934 τόκος
1505 1886 1650 1922 στει-
1682 1858 1721 1914 Β

1682 1858 1721 1914 Β
1753 1870 2016 1937 Joannes,
2079 1885 2190 1941 quo
2225 1870 2404 1937 major
2455 1870 2595 1925 inter
2634 1879 2792 1924 natos
2844 1869 3133 1924 mulierum
3170 1881 3331 1923 nemo

101 1964 332 2033 ρενούσης
381 1964 721 2034 παράδοξος·
772 1965 867 2019 καὶ
914 1964 1177 2034 προανθεῖ
1212 1964 1442 2033 στάχυος
1478 1963 1647 2016 ἀσπό⁴

100 2072 194 2124 ρον,
225 2057 626 2127 μαραινομένης
670 2056 826 2128 ῥίζης
866 2054 1118 2125 βλαστὸς,
1170 2055 1265 2109 καὶ
1309 2054 1423 2107 λύει
1460 2054 1650 2124 ὥσπερ

99 2145 258 2212 νηδύος
294 2147 391 2218 τὴν
449 2148 760 2219 στείρωσιν,
819 2146 965 2200 οὓτω
1015 2147 1110 2201 καὶ
1160 2146 1417 2217 γλώσσης
1445 2144 1646 2214 δεσμά.

99 2237 210 2289 Οὐδὲ
234 2238 335 2309 γὰρ
366 2239 477 2293 ἔδει
498 2240 683 2309 φωνῆς
711 2238 1131 2309 ἀποτεχθείσης,
1157 2238 1250 2291 τὸν
1279 2238 1511 2291 τεκόντα
1536 2254 1650 2306 φω-

98 2330 175 2398 νῆς
198 2334 458 2402 ἀμοιρεῖν,
495 2331 607 2384 οὐδ’
642 2331 917 2400 ἄφθογγον
956 2328 1099 2385 εἷναι
1139 2331 1233 2384 τόν
1284 2331 1383 2401 τῆς
1419 2330 1652 2399 σάλπιγ-

96 2436 174 2484 γπ
193 2420 376 2476 αῖτιον.
415 2419 624 2473 Λύεται
653 2420 836 2473 τοίνυν
864 2421 962 2491 τῆς
992 2419 1149 2491 δίκης
1177 2420 1276 2491 τῆς
1308 2420 1518 2491 σιωπῆς
1549 2422 1654 2475 Ζα-

98 2510 283 2580 χαρίας,
306 2510 571 2575 λύσαντος
602 2511 701 2576 τάς
731 2511 923 2574 ὠδῖνας
944 2510 1037 2564 τοῦ
1070 2511 1300 2583 βρέφους
1322 2528 1335 2543 ·
1369 2514 1463 2567 καὶ
1488 2512 1655 2581 φθέγ-

98 2618 227 2667 γεται
279 2604 406 2657 νέαν
441 2604 650 2675 φωνὴν,
681 2605 779 2673 τῆς
817 2602 1041 2675 πρώτης
1068 2604 1279 2675 ἀμείνω
1324 2607 1418 2659 καὶ
1452 2605 1655 2659 θειοτέ-

100 2712 197 2760 ραν,
222 2697 315 2759 τήν
337 2714 399 2749 τε
430 2695 775 2767 Δεσποτικὴν
808 2697 1098 2767 ἐπίσκεψιν
1144 2697 1447 2765 ἀναφωνῶν
1486 2700 1544 2750 ὲν
1576 2698 1654 2769 τῷ

98 2783 363 2856 Πνεύματι,
409 2789 510 2841 καὶ
538 2789 638 2861 τὴν
662 2789 755 2843 τοῦ
793 2791 980 2856 παιδὸς
1009 2792 1269 2864 πορείαν,
1304 2792 1372 2862 ἢν
1414 2793 1521 2865 πρὸ
1560 2793 1655 2846 τοῦ

104 2876 330 2947 Ὑψίστου
362 2881 725 2953 πορεύσεται,
754 2883 1131 2953 ὑφηγούμενος
1150 2901 1163 2913 ⁸
1214 2886 1277 2938 οὐ
1320 2886 1475 2955 μόνον
1506 2886 1561 2939 δὲ
1590 2885 1655 2957 δὴ

99 2971 233 3041 μέχρι
250 2974 519 3044 Ζαχαρίου
546 2976 757 3028 ἵσταται
782 2976 851 3029 τά
881 2977 1206 3047 τελούμενα,
1235 2978 1371 3034 ἀλλά
1400 2980 1495 3033 καὶ
1532 2980 1656 3048 δογ-

101 3064 256 3129 μάτων
292 3067 595 3136 ὁρωμένων
621 3068 920 3140 βαθύτερον
942 3071 1000 3124 ὲν
1026 3070 1234 3134 τούτοις
1283 3074 1655 3144 καταθεωρεῖ-

99 3169 187 3209 ται.
228 3155 284 3211 '0
311 3159 424 3229 γάρ
452 3176 539 3211 τοι
572 3160 802 3223 παλαιὸς
829 3163 991 3231 νόμος
1041 3162 1140 3234 τὴν
1169 3181 1239 3234 γη
1251 3165 1406 3235 ραιάν
1432 3165 1542 3218 τῶν
1570 3168 1658 3218 ἑν-

99 3247 352 3317 ταλμάτων
410 3250 602 3322 φωνὴν
649 3253 730 3316 είς
783 3256 979 3325 καινὴν
1031 3261 1368 3324 μετεποιεῖτο
1408 3258 1485 3327 τῷ
1513 3258 1656 3312 κατά

100 3340 297 3410 Χριστὸν
325 3343 568 3415 δόγματι
594 3346 991 3418 καινιζόμενος.
1039 3349 1202 3401 Ἀλλά
1232 3351 1341 3421 γὰρ
1380 3350 1523 3405 οὕτω
1560 3352 1657 3420 μὲν

96 3434 381 3503 παραδόξως
406 3437 651 3504 γαστρὸς
675 3437 902 3491 ἀτέκνου
928 3438 1177 3507 πρόεισιν
1220 3440 1495 3509 Ἰωάννης,
1555 3440 1656 3511 ήδη

95 3524 170 3577 τοῦ
196 3528 381 3598 καιροῦ
412 3528 713 3593 καλοῦντος
746 3530 881 3602 πρὸς
923 3532 1207 3585 εὐτεκνίαν
1233 3532 1331 3602 τὴν
1358 3533 1656 3602 ἱερωτάτην

95 3617 170 3669 τοῦ
190 3621 525 3690 Μονογενοῦς
564 3622 805 3692 νύμφην.
834 3622 1291 3694 Παραδοξοτέρων
1337 3624 1382 3677 δ’
1414 3625 1657 3696 ἀπάρχε-

97 3728 186 3776 ut,
229 3714 524 3785 Θαυμαστὰ
581 3716 915 3787 θαυμαστοῖς
967 3719 1277 3781 συνάπτων,
1307 3718 1405 3772 καὶ
1436 3718 1657 3787 ὑψηλοῖς

100 3804 266 3873 ὑψηλά.
297 3807 372 3861 UO
394 3809 774 3878 γὰρκατάτὴν
796 3810 1193 3881 νενομισμένην
1213 3813 1279 3881 τῇ
1305 3810 1463 3879 φύσει
1484 3810 1655 3864 αἰῶνα

102 3895 307 3972 [ῂὼνιζε]
339 3901 515 3972 ζωὴν,
538 3902 663 3955 οὐδὲ
690 3904 800 3966 τοῖς
819 3903 968 3956 κάτω
986 3902 1256 3956 δουλεύειν
1281 3904 1541 3974 ὑπέμεινε
1567 3904 1653 3955 νό-

100 4006 215 4056 μοις,
241 3993 353 4046 ἀλλ’
380 3994 463 4047 ῶσ
475 4012 587 4066 περ
616 3995 723 4061 ἔξω
748 3997 929 4064 πάσης
960 3996 1223 4068 σαρκίνης
1257 3997 1500 4067 ἀνάγκης
1533 3998 1654 4066 μετ’

99 4084 313 4151 ἀγγέλων
338 4088 519 4150 ὲὸίου,
546 4089 642 4141 καὶ
669 4092 735 4161 τῇ
763 4090 987 4144 ἐκείνων
1029 4091 1364 4162 συνανήγετο
1388 4089 1651 4159 πολιτείᾳ.

99 4177 185 4231 Καὶ
205 4180 329 4247 γοῦν
381 4182 717 4235 καταλείπει
766 4183 867 4243 τὰς
913 4186 969 4235 ἐν
994 4182 1657 4254 ἅστειδιατριϐἀς,ούδα-

101 4269 192 4334 μῶς
241 4272 571 4341 ἀνθρώπους
621 4273 794 4343 μισῶν
848 4275 989 4345 (πῶς
1037 4275 1147 4345 γὰρ
1181 4277 1208 4327 ὁ
1272 4274 1655 4347 φιλανθρώπου

96 4362 332 4416 Δεσπότου
362 4364 575 4434 κήρυξ,
626 4366 723 4418 καὶ
754 4366 854 4435 τῆς
878 4367 988 4419 τῶν
1033 4366 1338 4437 ἀνθρώπων
1381 4369 1655 4438 σωτηρίας

96 4450 495 4524 εὐαγγελιστής;
523 4454 543 4525 )
567 4470 581 4484 ο
614 4455 731 4507 ἀλλ’
760 4457 947 4528 ἐχρῆν,
980 4458 1054 4521 ὡς
1106 4458 1272 4525 ἔοικε,
1309 4460 1398 4514 τὸν
1425 4460 1654 4530 δορυφό-

1754 1964 2019 2021 etstitit:
2062 1972 2395 2034 partumque
2440 1962 2689 2017 divinum
2726 1960 2968 2033 Virginis
3015 1960 3328 2025 antevertit,

1751 2067 1945 2128 partus
1976 2057 2293 2126 in0piuatus
2328 2055 2635 2111 infecundae
2659 2056 2877 2121 matris,
2908 2063 2965 2111 et
2990 2054 3148 2125 prius
3177 2053 3331 2108 emo-

1757 2149 1927 2204 rescit
1959 2161 2127 2218 quam
2165 2149 2319 2217 spica
2351 2161 2461 2201 non
2517 2158 2657 2212 sata,
2702 2148 2911 2201 arentis
2963 2146 3165 2200 radicis
3206 2160 3329 2216 ger-

1755 2254 1904 2294 men.
1939 2237 2007 2292 Et
2033 2247 2089 2292 ut
2113 2238 2325 2294 ventris
2355 2238 2701 2293 sterilitatem
2740 2279 2755 2303 ,
2799 2238 2870 2291 ita
2895 2246 2949 2291 et
2984 2239 3182 2307 linguaz
3214 2237 3329 2291 vin-

1754 2332 1878 2387 cula
1909 2332 2096 2388 solvit.
2129 2328 2246 2386 Non
2280 2333 2427 2388 enim
2460 2332 2712 2399 decebat,
2748 2340 2805 2386 ut
2827 2331 3003 2401 genita
3034 2345 3185 2394 voce,
3236 2346 3331 2397 ge-

1760 2424 1909 2479 nitor
1968 2438 2169 2495 expers
2222 2424 2375 2479 vocis
2436 2430 2722 2487 maneret;
2761 2430 3018 2476 mutusve
3047 2434 3193 2475 esset
3218 2421 3328 2483 ille,

1755 2519 1848 2587 qui
1885 2516 2029 2572 tubae
2052 2532 2220 2571 causa
2250 2516 2567 2572 exstiterat.
2596 2515 2910 2569 Absolvitur
2930 2515 3095 2584 igitur
3131 2513 3330 2567 Zacha-

1757 2612 1870 2667 rias
1896 2624 1926 2664 a
1960 2600 2187 2665 silentio
2225 2625 2336 2680 quo
2379 2610 2670 2664 damnatus
2708 2608 2905 2675 fuerat,
2942 2608 3149 2663 infante
3175 2607 3331 2662 dolo-

1757 2717 1847 2758 res
1877 2701 2254 2757 dissolvente:
2283 2716 2589 2771 vocemque
2652 2700 2833 2755 fundit
2898 2715 3115 2767 novam,
3150 2701 3331 2769 priore

1757 2795 1849 2851 illa
1879 2796 2041 2865 longe
2068 2794 2353 2850 meliorem
2380 2802 2434 2849 et
2455 2794 2800 2857 diviniorem,
2828 2794 2955 2848 dum
3010 2792 3224 2848 Domini
3254 2792 3330 2847 vi-

1757 2889 2074 2946 sitationem
2102 2889 2157 2943 in
2210 2888 2416 2958 Spiritu
2441 2888 2717 2952 decantat,
2748 2887 3015 2957 puerique
3036 2887 3199 2951 viam,
3225 2901 3332 2956 qua

1758 2990 1888 3036 ante
1919 2980 2119 3036 faciem
2157 2980 2427 3035 Altissimi
2461 2980 2643 3035 iturus
2692 2987 2835 3045 erat,
2866 2980 3115 3047 exponit.
3150 2979 3333 3048 Neque

1759 3072 2045 3127 miraculis
2077 3072 2227 3126 circa
2257 3070 2580 3127 Zachariam
2607 3072 2779 3142 gestis
2811 3086 2900 3126 res
2927 3072 3136 3125 ﬁnitur.
3190 3069 3332 3137 Quin

1760 3164 2174 3235 profundiorem
2199 3165 2499 3234 quamdam
2533 3164 2869 3227 doctrinam,
2898 3179 3062 3233 quam
3090 3164 3161 3218 sit
3218 3165 3334 3217 vul-

1765 3256 1935 3326 garis.
1967 3265 2023 3309 et
2055 3270 2179 3324 quae
2224 3256 2279 3308 in
2311 3255 2558 3309 omnium
2605 3265 2904 3324 conspectu
2938 3256 3133 3325 posita,
3169 3257 3221 3309 in
3250 3258 3335 3312 his

1761 3347 2119 3402 considerare
2163 3347 2313 3401 licet.
2370 3346 2510 3401 Nam
2573 3346 2660 3401 lex
2714 3358 2871 3402 vetus
2919 3358 3156 3402 veterem
3188 3349 3334 3402 illam

1761 3441 2140 3494 mamlatorum
2170 3454 2363 3494 vocem
2396 3440 2451 3493 in
2474 3456 2671 3495 novam
2702 3442 3076 3499 commutavit.
3111 3456 3206 3509 per
3241 3458 3335 3495 sa-

1760 3533 1995 3587 lutarem
2057 3532 2266 3586 Christi
2314 3533 2720 3587 institutionem
2771 3544 3053 3591 renovata.
3100 3536 3158 3590 1n
3190 3536 3336 3589 hunc

1761 3628 1983 3681 modum
2030 3641 2097 3680 ex
2158 3624 2461 3681 infecundo
2512 3634 2669 3680 utero
2690 3636 2885 3696 praeter
2919 3628 3232 3696 opinionem
3281 3636 3336 3682 et

1758 3720 2225 3790 exspectationem
2253 3718 2498 3774 Joannes
2526 3721 2902 3788 pronascitur,
2926 3720 3173 3788 eumjam
3197 3730 3337 3775 tem-

1758 3827 1862 3882 pus
1898 3811 2336 3867 sacratissimam
2367 3810 2674 3883 Virginem,
2711 3821 2765 3867 et
2818 3813 3093 3884 Unigeniti
3135 3830 3336 3884 paren-

1759 3913 1867 3959 tem
1895 3906 1961 3959 ad
1994 3904 2395 3961 fecunditatem
2433 3916 2675 3971 vocaret,
2713 3908 2996 3978 multoque
3018 3908 3199 3963 adhuc
3233 3909 3334 3961 ad-

1759 3996 2069 4052 mirabilius
2098 3998 2225 4052 vitae
2245 4013 2475 4055 cursum
2500 4000 2742 4063 inchoat,
2780 4000 3027 4055 miranda
3048 4002 3334 4066 mirandis,

1758 4095 1815 4143 et
1840 4088 2095 4143 sublimia
2126 4088 2457 4145 sublimibus
2489 4091 2869 4147 accumulans.
2897 4092 3013 4146 Non
3055 4094 3198 4163 enim
3253 4094 3337 4147 vi-

1760 4182 1869 4229 tam
1899 4176 2024 4231 aliis
2056 4178 2321 4233 usitatam
2351 4178 2606 4250 degebat,
2639 4197 2815 4251 neque
2843 4184 3075 4239 terrenis
3098 4183 3335 4239 decretis

1758 4271 1967 4326 servire
2010 4270 2268 4340 dignatus
2306 4278 2427 4338 est;
2453 4272 2548 4327 sed
2591 4274 2749 4343 quasi
2812 4277 2997 4330 carnis
3032 4277 3178 4331 mole
3215 4279 3331 4347 jam

1759 4369 1959 4417 exutus
1989 4376 2116 4416 cum
2142 4362 2354 4433 angelis
2386 4363 2733 4427 versabatur,
2782 4380 3084 4436 eorumque
3123 4368 3339 4422 vivendi

1760 4455 2032 4509 rationem
2076 4455 2416 4510 sectabatur.
2454 4456 2510 4508 ln
2559 4456 2696 4509 urbe
2742 4458 3073 4511 commorari
3131 4460 3336 4523 renuit,

98 4559 168 4610 ρον
184 4545 269 4598 τοῦ
296 4547 482 4618 πάσης
515 4548 779 4601 ἐπέκεινα
799 4550 956 4620 δόξης
974 4553 1068 4604 καὶ
1097 4551 1346 4618 εὐταξίας
1367 4553 1651 4623 βασιλέως,
1680 4557 1734 4617 D

1686 4557 1734 4617 ι)
1760 4562 1873 4602 non
1895 4547 2022 4603 odio
2061 4548 2348 4602 hominum
2378 4548 2677 4618 (quomodo
2709 4550 2854 4604 enim
2891 4565 3068 4620 praeco
3104 4552 3337 4615 Domini,

98 4636 343 4702 κρείττονα
382 4634 534 4693 εῖναι
567 4640 811 4694 ἀστικῶν
842 4643 1096 4714 ταραχῶν
1117 4684 1132 4708 ,
1181 4645 1277 4698 καὶ
1327 4648 1651 4719 ταπεινότη-

96 4744 184 4790 τος.
210 4730 355 4800 ’Δμα
404 4734 463 4787 δὲ
521 4734 624 4786 καὶ
668 4734 967 4805 μελλούσης
1009 4738 1131 4805 ἄρτι
1164 4741 1279 4802 τοῖς
1316 4739 1654 4794 δουλεύουσιν

99 4820 310 4898 ἁμαρτίᾳ
334 4825 423 4881 διὰ
449 4827 562 4897 τῆς
599 4827 659 4881 ὲν
692 4830 874 4899 χάριτι
898 4830 1173 4895 πολιτείας
1198 4833 1511 4906 ἐλευθερίας
1554 4854 1655 4905 μη·

98 4920 309 4984 νύεσθαι,
343 4923 656 4977 ἀκόλουθον
678 4919 747 4993 ἦν
770 4924 829 4988 ἐξ
871 4925 1109 4996 ἐρημίας
1140 4928 1201 4980 τὸ
1230 4930 1453 4999 μήνυμα
1479 4932 1654 5001 ἥκειν,

97 5009 256 5086 timur:
277 5017 341 5087 δὴ
364 5018 464 5071 καὶ
502 5014 591 5086 τῷ
626 5016 983 5087 πρεσϐυτέρῳ
1028 5019 1245 5091 Ἰσραὴλ
1276 5020 1374 5090 τῆς
1402 5022 1461 5074 ὲν
1488 5023 1660 5089 Αίγύ-

99 5122 194 5173 πτῳ
218 5107 456 5171 δουλείας
481 5106 551 5171 ἐξ
581 5108 743 5178 ὅρους
764 5103 865 5179 ἧκε
895 5110 1155 5179 Μωῦσῆς,
1179 5112 1541 5181 ἀπαγγέλλων
1562 5113 1660 5181 τὴν

98 5199 465 5272 ἀπολύτρωσιν.
485 5202 641 5264 Ἕως
670 5202 770 5271 μὲν
796 5202 888 5256 οἶὶν
916 5203 945 5255 ὁ
973 5203 1248 5273 βασιλεὺς,
1274 5206 1658 5269 ταπεινώσεως

100 5292 298 5364 πλούτῳ,
331 5296 433 5367 τῆς
478 5294 687 5349 ἑαυτοῦ
723 5294 882 5363 δόξης
906 5296 997 5349 τὸν
1042 5295 1274 5349 πλοῦτον
1308 5298 1655 5363 ὑπέστελλεν,

101 5381 295 5451 ἀτενέσι
320 5387 552 5458 χωρίοις
598 5388 695 5439 καὶ
729 5388 757 5439 ὁ
792 5388 1129 5459 στρατιώτης
1173 5390 1471 5460 ὲνδιῃτᾶτο.
1509 5392 1661 5444 Ἐπεὶ

99 5476 141 5527 δὲ
168 5480 191 5531 ό
219 5481 400 5549 καιρὸς
454 5481 786 5550 ἐφεστήκει.
824 5481 948 5533 καθ’
995 5481 1055 5535 ὃν
1106 5480 1232 5547 ἔδει,
1259 5483 1358 5535 ὅσα
1388 5483 1537 5552 παρά
1565 5483 1660 5536 τοῦ

103 5569 281 5641 Πατρός
305 5575 333 5626 6
386 5574 715 5643 Μονογενης
751 5574 974 5643 ἢκουσε,
1010 5576 1395 5646 χρηματίζειν,
1441 5579 1562 5630 τότε
1596 5577 1662 5648 δὴ

102 5669 175 5720 καὶ
194 5670 322 5737 τότε,
352 5672 448 5725 καὶ
478 5674 507 5725 ὁ
549 5670 654 5739 τῆς
681 5672 891 5741 ἐρήμου
918 5671 1207 5741 τρόφιμος,
1251 5671 1456 5726 ἀνωθεν
1481 5672 1662 5727 λαϐὼν

101 5761 147 5810 τὸ
188 5763 457 5834 ἐνδόσιμον
496 5761 605 5814 τοῦ
659 5761 1015 5831 κηρύγματος
1046 5805 1060 5827 ,
1094 5764 1323 5834 ἄρχεται
1379 5765 1661 5834 ὁμαλίζειν

102 5852 285 5921 τρίϐους
301 5874 327 5909 τ
337 5856 591 5927 ραχείας,
614 5853 735 5924 ἦτοι
762 5853 990 5924 καρδίας
1008 5855 1349 5927 ἀτεράμονας
1370 5859 1435 5928 τῇ
1459 5860 1661 5912 Δεσπο-

391 5956 676 6014 l‘A'mOL.
714 5950 829 6011 Gn.
870 5950 1054 6012 CVII.
1474 5944 1499 5953 ”

1762 4642 1859 4711 qui
1896 4640 2149 4695 homines
2183 4648 2467 4710 tantopere
2503 4642 2746 4707 amabat,
2786 4651 2841 4697 et
2866 4644 3062 4698 salutis
3092 4645 3342 4698 humana:

1763 4734 2130 4804 evangelista,
2162 4733 2412 4789 homines
2438 4736 2726 4805 odisset?),
2761 4736 2853 4791 sed
2888 4737 3015 4807 quia
3033 4740 3339 4807 oportebat,

1766 4838 1825 4883 ut
1858 4829 2123 4884 credibile
2174 4838 2284 4895 est,
2315 4829 2604 4884 satellitem
2638 4829 2825 4899 Regis,
2854 4831 2943 4900 qui
2982 4830 3129 4885 omni
3171 4831 3342 4900 gloria

1766 4933 1818 4980 et
1849 4923 2039 4978 ordine
2066 4922 2322 4992 superior
2342 4931 2450 4985 est,
2475 4923 2833 4978 excelsiorem
2862 4937 2985 4978 esse
3015 4923 3163 4976 omni
3193 4924 3365 4976 civili-

1766 5020 1927 5075 turba
1957 5026 2011 5073 et
2042 5017 2372 5086 abjectione.
2400 5017 2651 5081 Accedit,
2678 5016 2824 5087 quod
2855 5031 2982 5071 cum
3010 5015 3078 5071 iis
3103 5016 3195 5085 qui
3226 5032 3346 5086 pec-

1765 5122 1892 5168 cato
1928 5112 2265 5172 serviebant.
2297 5112 2529 5168 libertas
2554 5127 2651 5183 per
2676 5120 2878 5166 statum
2900 5112 3093 5183 gratiae
3130 5111 3341 5171 futura.

1767 5204 2145 5261 annuntianda
2179 5213 2349 5270 esset,
2388 5219 2740 5275 consequens
2770 5213 2912 5268 erat,
2958 5212 3017 5257 ut
3043 5219 3109 5258 ex
3147 5206 3348 5259 solitu-

1766 5300 1896 5355 dine
1918 5301 2147 5355 nuntius
2178 5299 2282 5355 iste
2314 5298 2581 5368 prodiret,
2618 5297 3082 5367 quemadmodum
3120 5297 3347 5367 antiquo

1769 5392 1961 5447 lsraeli
1992 5407 2058 5446 ex
2103 5398 2294 5446 monte
2324 5389 2546 5460 Moyses
2598 5391 2803 5445 missus
2850 5398 2958 5455 est,
3010 5391 3349 5444 annuntians

1767 5483 1972 5554 popqu
2009 5483 2443 5554 redemptionem
2462 5498 2533 5539 ex
2567 5482 2834 5538 servitute
2858 5481 3138 5551 Egyptia.
3168 5480 3351 5545 Quan-

1768 5576 1861 5630 diu
1917 5591 2046 5644 ergo
2084 5592 2178 5632 rex
2220 5576 2432 5631 divitiis
2471 5575 2833 5638 humilitatis,
2894 5574 3117 5629 divitias
3158 5573 3350 5642 gloria:

1768 5673 2005 5743 tegebat,
2042 5672 2232 5727 tandiu
2290 5673 2457 5728 etiam
2492 5672 2650 5727 miles
2680 5673 2829 5728 illius
2857 5682 2911 5727 et
2970 5679 3353 5741 propugnator

1770 5768 1989 5823 abditus
2035 5767 2090 5822 in
2132 5768 2268 5823 locis
2318 5767 2453 5823 solis
2495 5766 2834 5824 morabatur.
2880 5765 2950 5818 At
2982 5780 3107 5819 cum
3134 5770 3352 5833 tempus

1752 5860 2013 5941 advenit,
2058 5876 2168 5932 quo
2201 5860 2377 5917 Filius
2435 5861 2642 5928 omnia,
2683 5876 2805 5931 quae
2853 5874 2881 5913 a
2910 5858 3067 5915 Patre
3096 5857 3344 5913 audierat

2984 5952 3013 5969 Ρ

2992 5972 3008 6013 ί
