4182 6440
842 442 941 506 195

2058 444 2252 503 LEON
2262 444 2332 502 IS
2370 443 2829 505 PHILOSOPHI

3970 449 4061 510 1θῦ

837 556 1044 612 mundo
1070 554 1371 626 patefacere
1394 553 1649 618 debebat,
1691 562 1822 610 tunc
1849 565 1902 608 et
1937 556 2105 611 eremi
2139 556 2396 610 alumnus
2423 610 2424 614 η

2500 558 2623 627 τικῇ
2656 556 2749 607 καὶ
2779 556 2900 626 θείᾳ
2925 555 3263 626 διδασκαλίᾳ,
3293 555 3389 611 καὶ
3418 557 3623 628 ἀπηχεῖ
3647 557 3746 628 μὲν
3773 558 3873 628 τῆς
3906 576 4063 628 μετα-

836 659 1061 719 aecepto
1079 664 1109 703 e
1135 648 1290 701 caalis
1325 646 1731 715 prmilicationis
1755 647 2073 703 inchoanda:
2094 648 2270 718 signo,
2313 650 2397 704 iii-

840 742 975 811 cipit
1006 739 1122 794 vias
1151 738 1532 806 asperas“°",
1556 737 1769 792 animas
1799 738 2051 793 videlicet
2078 737 2399 795 inﬂexibiles

836 840 890 885 et
936 829 1123 890 duras,
1172 827 1358 882 divina
1402 826 1652 881 doctrina
1694 827 1940 898 planare,
2002 839 2056 883 et
2105 829 2400 898 mquabiles

835 917 1083 973 reddere.
1109 916 1175 972 Et
1200 918 1576 989 pcenitentiam
1619 919 1837 990 quidem
1865 920 2176 986 annuntiat,
2198 922 2401 994 quippe

836 1010 1097 1065 salutaris
1144 1009 1301 1064 Verbi
1333 1024 1459 1075 vox,
1494 1024 1701 1081 eosque
1735 1012 1826 1081 qui
1850 1012 2242 1069 emundatione
2268 1028 2399 1084 ege-

834 1102 985 1165 bant,
1009 1102 1235 1156 mundat
1262 1101 1429 1157 verbo
1457 1111 1512 1157 et
1543 1118 1704 1173 aqua,
1727 1113 1781 1159 et
1813 1118 1935 1158 eum
1964 1105 2080 1175 qui,
2100 1105 2145 1160 si
2185 1113 2401 1175 tempus

837 1202 1073 1262 spectes,
1108 1193 1389 1262 posterius
1416 1203 1664 1259 venerat,
1701 1194 1876 1263 major
1918 1202 2099 1250 autem
2134 1204 2252 1251 erat
2275 1196 2401 1249 infi-

838 1289 1009 1340 nitate
1038 1287 1312 1355 potentiae,
1365 1288 1536 1358 magis
1577 1302 1739 1356 quam
1774 1302 2010 1356 unquam
2040 1297 2197 1342 antea
2232 1301 2402 1356 appa-

838 1380 1015 1432 ruisse
1042 1378 1263 1443 clamat,
1312 1394 1469 1446 quem
1494 1385 1548 1431 et
1575 1378 1815 1445 perfecte
1842 1380 1896 1432 in
1930 1379 2126 1448 spiritu
2156 1379 2404 1447 baptiza-

836 1474 1018 1520 turum
1054 1474 1300 1529 testatur,
1334 1467 1548 1537 Agnum
1577 1467 1643 1533 ’°,
1676 1467 1768 1537 qui
1824 1476 2175 1538 apparuerat,
2208 1476 2400 1523 osten—

835 1558 940 1625 dit,
976 1560 1134 1629 cujus
1158 1559 1441 1629 sanguiuis
1471 1569 1658 1630 guttae,
1703 1576 1733 1615 a
1762 1560 1971 1631 peccati
1996 1560 2258 1617 sordibus
2304 1575 2391 1617 0r-

836 1650 957 1704 bem
987 1659 1256 1703 terrarum
1285 1658 1676 1721 expurgarunt,
1722 1667 1885 1720 quem
1914 1660 1967 1706 et
1999 1652 2055 1705 in
2098 1661 2255 1708 utero
2300 1654 2397 1706 ad-

836 1742 941 1794 huc
982 1743 1223 1804 abditus,
1259 1742 1524 1812 agnoscit,
1555 1750 1610 1795 et
1631 1738 1893 1798 Jordanis
1932 1757 2074 1812 aqua
2106 1743 2397 1798 Dominum

836 1833 1084 1887 εἱιιιίιὶιρι*
1137 1848 1201 1887 ac
1232 1848 1418 1888 servos
1450 1833 1646 1903 abluit,
1675 1834 2164 1904 testimoniumque
2186 1831 2326 1888 Filio
2363 1848 2393 1888 a
2424 1823 2469 1883 B

834 1923 996 1978 l’alre
1026 1924 1209 1976 datum
1238 1923 1481 1978 exaudit.

908 2012 1212 2082 Oportebat
1246 2028 1398 2079 vero,
1430 2020 1486 2066 ut
1553 2027 1660 2066 non
1695 2021 1908 2067 tantum
1958 2020 2206 2076 mortuos
2237 2013 2397 2078 inter,

840 2107 933 2162 sed
966 2117 1017 2161 et
1066 2108 1203 2160 inter
1240 2121 1358 2170 eos,
1381 2120 1520 2175 quos
1568 2106 1729 2160 inferi
1767 2107 2045 2172 tenebant,
2098 2120 2402 2177 praecursor

839 2204 1008 2260 esset,
1073 2195 1350 2264 ferretque
1404 2195 1601 2250 iisdem
1649 2196 1988 2251 lmtissimum
2030 2194 2097 2251 de
2152 2196 2403 2253 libertate

840 2290 1115 2353 nuntium,
1139 2289 1205 2343 de
1228 2288 1441 2343 Domini
1467 2289 1720 2344 videlicet
1743 2289 1975 2345 adventu
2008 2296 2061 2345 et
2087 2292 2400 2360 prmsentia.

834 2382 1101 2449 Quocirca
1132 2382 1345 2435 cultura
1368 2384 1633 2437 sermonis
1654 2388 1868 2452 pectora
1892 2382 2028 2436 dura
2057 2383 2312 2437 excoleris
2335 2383 2402 2439 ad

838 2491 960 2528 eum
1006 2490 1243 2545 quoque,
1281 2476 1374 2545 qui
1428 2488 1493 2528 eo
1527 2485 1769 2545 tempore
1800 2475 1942 2546 apud
1974 2474 2190 2532 Judaeos
2219 2492 2400 2531 rerum

838 2566 1166 2633 potiebatur,
1208 2563 1481 2635 pervenit,
1516 2564 1720 2620 sterilis
1776 2573 1831 2619 et
1859 2564 2185 2621 infructuosi
2235 2566 2399 2620 animi

838 2657 1162 2710 medicinam
1208 2657 1511 2726 explicans,
1545 2658 1629 2711 vel
1666 2658 1850 2728 potius
1887 2657 2145 2713 exitiales
2191 2658 2401 2728 peccati

839 2749 1053 2803 fructus
1105 2750 1381 2803 libertatis
1438 2750 1493 2802 in
1558 2748 2010 2818 reprehendendo
2047 2750 2205 2820 quasi
2268 2749 2404 2805 falce

838 2850 1155 2909 amputans.
1195 2838 1331 2894 Nam
1354 2842 1446 2910 qui
1482 2841 1723 2895 omnium
1757 2840 1996 2896 maxime
2028 2842 2175 2912 leges
2209 2849 2401 2896 custo-

836 2931 954 2986 dire
981 2932 1235 2991 debebat,
1286 2931 1575 3001 legumque
1619 2931 2010 2987 observatione
2048 2932 2306 2987 subditos
2336 2932 2401 2985 ad

844 3024 929 3077 sui
982 3022 1391 3076 observantiam
1433 3022 1703 3076 adducere
1755 3023 1959 3092 (solent
2007 3024 2152 3077 enim
2202 3022 2403 3077 subditi

838 3129 963 3168 cum
1026 3129 1237 3178 eorum,
1279 3114 1370 3182 qui
1401 3124 1663 3183 praesunt,
1694 3114 1990 3168 virtutibus
2039 3114 2122 3169 vel
2162 3115 2310 3169 vitiis
2342 3130 2400 3169 se

838 3206 1163 3277 plerumque
1186 3206 1582 3271 conformare),
1606 3207 1710 3261 iste
1734 3206 2036 3277 praeterjus
2065 3216 2118 3261 et
2150 3206 2232 3261 fas
2247 3206 2400 3261 adul-

838 3303 962 3357 terii
1000 3302 1205 3371 flagitio
1249 3316 1308 3355 se
1358 3302 1755 3364 contaminans,
1815 3300 1984 3370 legem
2036 3301 2240 3354 violare
2292 3317 2399 3354 non

837 3392 1240 3457 erubescebat;
1273 3406 1450 3460 neque
1476 3390 1649 3444 solum
1672 3390 1940 3446 adulterio
1974 3405 2094 3445 sese
2124 3391 2395 3459 inquinat.

840 3482 938 3537 sed
969 3490 1023 3536 et
1076 3481 1265 3535 fratris
1297 3490 1418 3534 toro
1466 3480 1724 3549 injuriam
1757 3481 1941 3545 infert,
1970 3495 2151 3550 quem,
2191 3481 2238 3535 si
2276 3482 2400 3551 quis

837 3574 982 3628 alius
1017 3574 1071 3627 in
1100 3588 1223 3627 cum
1251 3572 1553 3641 injuriosus
1582 3571 1903 3633 exstitisset,
1939 3571 2007 3626 ab
2028 3572 2175 3626 omni
2201 3580 2399 3626 contu-

837 3665 999 3719 melia
1030 3664 1376 3734 cognationis
1398 3663 1523 3732 jure
1547 3662 1829 3717 vindicare
1865 3662 2175 3730 Oportebat,
2211 3678 2401 3732 quem-

835 3773 941 3827 que
975 3766 1232 3826 tanquam
1263 3758 1540 3826 preprium
1562 3770 1760 3810 curare
1787 3754 2017 3810 debebat
2052 3755 2231 3809 :hunc
2257 3756 2399 3825 ipse-

837 3859 947 3904 met
980 3851 1306 3914 incestabat,
1332 3863 1509 3918 neque
1544 3848 1854 3919 sanguinis,
1898 3863 2073 3918 neque
2110 3847 2245 3917 legis
2290 3849 2398 3903 ulla

838 3945 1051 3998 ratione
1083 3943 1291 4006 habita,
1323 3951 1381 3996 ut
1413 3957 1443 3995 a
1477 3942 1695 4011 piaculo
1723 3941 2044 4007 desisteret;
2092 3940 2189 3998 sed
2227 3958 2398 4013 quan-

835 4046 947 4097 tus,
975 4044 1221 4103 quantus
1250 4044 1390 4096 erat,
1422 4032 1664 4087 libidinis
1694 4031 2025 4102 mancipium
2060 4041 2199 4098 erat,
2230 4041 2283 4087 et
2332 4033 2398 4087 ad

836 4126 1206 4196 improbitatis
1238 4124 1582 4188 barathrum,
1639 4124 1798 4193 quasi
1826 4123 2031 4177 clausis
2057 4124 2229 4178 oculis
2260 4123 2398 4179 fere-

832 4218 1015 4271 batur.
1074 4217 1192 4283 Quo
1241 4225 1487 4285 tempore
1524 4230 1716 4285 magna
1755 4215 1848 4269 illa
1896 4212 2058 4270 Verbi
2100 4230 2203 4270 vox
2238 4216 2401 4271 silere

837 4326 941 4364 non
987 4311 1164 4379 potuit
1205 4326 1218 4362 :
1262 4308 1359 4362 sed
1426 4308 1759 4378 objurgavit,
1789 4307 1975 4376 reique
2017 4308 2397 4361 enormitatem

834 4402 1053 4470 publice
1085 4399 1328 4454 traduxit
1357 4410 1410 4454 et
1444 4399 1743 4469 redarguit.
1772 4397 2040 4453 Caeterum
2072 4408 2125 4453 et
2151 4397 2256 4452 hoc
2292 4398 2396 4453 He-

2500 650 2645 712 νοίας
2670 649 2761 699 τὸν
2785 648 3041 717 φθόγγον,
3066 643 3152 701 οἷα
3177 649 3241 718 δὴ
3270 649 3364 702 τοῦ
3396 652 3664 720 σωτηρίου
3690 651 3848 720 λόγου
3894 652 4063 720 φωνὴ,

2498 742 2591 794 καὶ
2631 740 2757 802 τοὺς
2792 740 3078 811 δεομένους
3126 740 3445 810 καθάρσεως
3489 742 3741 813 καθαίρει
3782 744 3926 814 λόγῳ
3979 746 4066 796 καὶ

2500 833 2672 888 ὕδατι.
2715 834 3130 902 Ἀναφανεῖσθαι
3153 835 3197 888 δ’
3240 836 3365 889 ὅσον
3397 835 3551 889 οθπω
3600 838 4065 908 προκαταγγέλλει

2498 925 2591 979 τὸν
2615 926 2839 980 ὄπισθεν
2874 927 2973 997 μὲν
3002 930 3067 998 τῇ
3094 929 3160 982 δι’
3188 928 3336 998 ἡμᾶς
3364 929 3422 981 ἐν
3450 929 3625 999 χρόνῳ
3651 931 3923 1001 γεννήσει,
3961 932 4068 999 μεί-

2500 1017 2630 1082 ζονα
2658 1018 2715 1072 δὲ
2738 1018 2815 1090 τῷ
2866 1019 3282 1091 άπειροδυνάμῳ
3324 1020 3537 1091 κράτει,
3570 1020 3631 1074 ὃν
3658 1022 3753 1074 καὶ
3785 1020 4065 1092 βαπτίσειν

2503 1110 2839 1181 μαρτύρεται
2863 1110 3082 1175 τελείως
3112 1112 3170 1164 ἐν
3199 1109 3497 1181 Πνεύματι.
3539 1113 3649 1165 Καὶ
3674 1111 3802 1181 γοῦν
3833 1114 4067 1180 φανέντα

2501 1202 2592 1254 τὸν
2634 1203 2830 1272 Ἀμνδν
2880 1203 3248 1257 ύποδεικνύει·
3306 1198 3366 1258 οὗ
3418 1204 3632 1273 ῥανίδες
3680 1205 3929 1274 αἵματος,
3975 1203 4065 1255 τοῦ

2501 1294 2697 1365 λύθρου
2731 1295 2829 1366 τῆς
2884 1296 3156 1367 ἁμαρτίας
3188 1298 3284 1367 τὴν
3317 1296 3638 1367 οἰκουμένην
3661 1295 3942 1365 ἐκάθηραν
3965 1311 3979 1324 ·
4013 1296 4066 1347 ὃν

2503 1385 2595 1436 καὶ
2622 1384 2750 1455 περὶ
2782 1386 2849 1438 τά
2875 1385 3123 1438 σκοτεινὰ
3155 1383 3253 1454 τῆς
3285 1384 3519 1455 γαστρὸς
3558 1384 3636 1437 ἔτι
3670 1384 3844 1453 χωρία
3872 1383 4069 1451 γνωρί-

2501 1479 2584 1544 ζει
2611 1476 2940 1547 εἱλούμενος,
2965 1479 3059 1531 καὶ⁸
3088 1479 3200 1539 τοῖς
3231 1477 3492 1546 Ἰορδάνου
3516 1475 3752 1545 ῥείθροις
3777 1474 4069 1546 παραπλη-

2503 1571 2632 1633 σίως
2663 1570 2752 1623 τὸν
2785 1568 3063 1639 Δεσπότην
3084 1568 3231 1621 λούει
3264 1569 3374 1631 τοῖς
3394 1568 3620 1632 δούλοις,
3651 1567 3745 1621 κα)⁵
3772 1566 3879 1637 Δτὴν
3925 1583 4068 1635 μαρο

2500 1662 2691 1733 τυρίαν
2748 1662 2839 1714 ἐπὶ
2886 1660 2966 1731 τῷ
3019 1660 3176 1714 Παιδί
3214 1658 3569 1731 φωνουμένην
3615 1659 3709 1713 τοῦ
3740 1658 4069 1730 Γεννήτορος

2500 1754 2773 1825 ἐνηχεῖται
2783 1793 2795 1807 .

2579 2016 2725 2071 Ἔδει
2751 2018 2805 2070 δὲ
2830 2020 2937 2085 ἄρα
2960 2017 3020 2070 οὖ
3053 2018 3209 2087 μόνον
3234 2020 3291 2070 ἐν
3323 2016 3457 2081 ζῶσι
3482 2016 3790 2087 Πρόδρομος
3814 2016 4069 2084 ὀφθῆναι,

2503 2110 2637 2166 ἀλλὰ
2662 2111 2755 2163 καὶ
2785 2112 2896 2172 τοῖς
2924 2110 2981 2162 ἐν
3013 2109 3141 2180 ᾇδου
3176 2110 3423 2179 φθάνειν,
3464 2111 3559 2163 καὶ
3585 2110 3768 2178 φέρειν
3796 2109 4071 2170 κάκείνοις

2502 2205 2597 2274 τῆς
2620 2202 2929 2274 ἐλευθερίας
2953 2201 3019 2253 τὰ
3050 2201 3336 2270 εὐαγγέλια
3358 2242 3374 2266 ,
3414 2200 3513 2270 τὴν
3542 2200 3875 2269 Δεσποτικὴν
3907 2198 4071 2266 εὐαγ-

2503 2294 2848 2365 γελιζόμενον
2872 2292 3196 2361 παρουσίαν.
3236 2291 3536 2362 Τοιγαροῦν
3574 2294 3640 2363 τῇ
3691 2293 3943 2362 γεωργίᾳ
3979 2289 4071 2343 τοῦ

2503 2386 2662 2453 λόγου
2691 2383 2790 2447 τὰς
2828 2380 3246 2452 κεχερσωμένας
3269 2380 3531 2452 γεωργῶν
3569 2381 3817 2451 καρδίας,
3851 2381 4073 2450 ἔρχεται

2503 2476 2597 2530 καὶ
2641 2474 2833 2545 μέχρις
2870 2472 3035 2526 αὑτοῦ
3086 2472 3179 2525 τοῦ
3228 2472 3347 2525 κατ’
3380 2474 3554 2525 ἐκεῖνο
3579 2472 3833 2542 λαχόντος
3879 2470 4074 2541 καιροῦ

2501 2566 2596 2620 τοῦ
2634 2565 2900 2619 Ἰουδαίων
2953 2564 3138 2627 ἔθνους
3185 2564 3427 2633 κρατεῖν,
3478 2563 3577 2632 τὴν
3624 2563 3929 2632 θεραπείαν
3976 2563 4075 2631 τῆς

2504 2658 2755 2729 ἀκάρπου
2776 2655 2998 2725 καρδίας
3023 2654 3433 2724 εἰσηγούμενος,
3461 2655 3658 2725 μᾶλλον
3679 2654 3735 2708 δὲ
3758 2653 3851 2707 τὸν
3879 2654 4071 2723 φθορο-

2507 2750 2658 2804 ποιὸν
2700 2748 2975 2818 ἐκτέμνων
3006 2746 3103 2816 τῆς
3132 2746 3406 2817 ἁμαρτίας
3430 2747 3662 2817 καρπὸν,
3709 2746 3809 2815 τῆς
3852 2748 4075 2817 παρρη-

2507 2844 2625 2906 σίας
2662 2841 2769 2894 τῶν
2797 2839 3033 2909 ἐλέγχων
3064 2840 3224 2909 τομῇ.
3267 2837 3324 2892 Ὀ
3352 2839 3460 2908 γάρ
3489 2856 3566 2889 τοι
3592 2838 3808 2891 πάντων
3838 2837 4078 2908 μάλιστα

2502 2932 2895 3003 πμοφυλακείν
2920 2931 3170 2998 ὀφείλων,
3196 2932 3290 2984 καὶ
3312 2932 3378 3002 τῇ
3422 2929 3542 2984 καθ’
3572 2928 3765 2983 ἐαυτὸν
3798 2932 4078 3000 συπηρήο

2505 3041 2586 3077 σει
2612 3023 2707 3076 τοῦ
2741 3024 2907 3092 νόμου
2940 3025 3018 3087 είς
3053 3023 3217 3093 τιμὴν
3270 3022 3433 3075 αὐτοῦ
3471 3022 3531 3075 τὸ
3560 3022 3869 3093 ἀρχόμενον
3918 3037 4078 3090 προσ-

2506 3115 2783 3169 καλεῖσθαι
2798 3114 3031 3185 (πέφυκε
3044 3115 3151 3183 γάρ
3176 3130 3293 3178 πως
3308 3114 3369 3166 τὸ
3386 3113 3683 3184 ἀρχόμενον
3700 3116 3819 3175 ταῖς
3853 3114 4082 3183 ἀρεταῖς

2502 3203 2533 3272 ἦ
2584 3203 2799 3266 κακίαις
2854 3203 2929 3265 ὡς
2992 3203 3217 3256 ἐπιπολὺ
3274 3202 3383 3255 τῶν
3443 3203 3785 3273 κρατούντων
3858 3204 4078 3256 συνδια-

2499 3295 2789 3363 τίθεσθαι),
2836 3287 2993 3358 οὗτος
3031 3296 3094 3367 δὴ
3126 3296 3480 3366 παρανομῶν,
3533 3297 3625 3348 καὶ
3675 3297 3927 3366 μοιχείας
3957 3299 4079 3365 ἇγει

2500 3387 3031 3457 καταμολυνόμενος,
3058 3389 3137 3451 είς
3164 3388 3324 3440 αὐτὸν
3357 3387 3629 3458 παροινῶν
3654 3390 3754 3441 οὐκ
3784 3389 4078 3459 ᾐσχύνετο-

2501 3479 2594 3533 καὶ
2621 3480 2682 3532 οὺ
2714 3478 2872 3532 τοῦτο
2901 3480 3060 3550 μόνον
3090 3480 3355 3551 μοιχείας,
3403 3481 3539 3534 ἀλλὰ
3568 3482 3662 3534 καὶ
3701 3482 3941 3550 ἀδελφοῦ
3997 3483 4079 3534 ἐν-

2500 3571 2712 3642 υϐρίςει
2739 3572 2947 3641 κοίτην,
2974 3571 3042 3642 ἣν
3074 3571 3181 3625 ἔδει
3211 3571 3305 3625 καί
3332 3590 3472 3635 τινος
3496 3572 3775 3643 ἀλλοτρίου
3818 3573 4081 3641 ὑϐρίζον-

2500 3680 2609 3727 τος,
2639 3662 2981 3733 ἐπαμύνοντα
3023 3663 3101 3731 τῷ
3138 3662 3334 3733 δικαίῳ
3389 3667 3487 3733 τῆς
3528 3665 3844 3732 συγγενείας
3881 3667 4079 3719 ἀνεπιο

2501 3754 2789 3807 ϐούλευτον
2844 3754 3137 3824 πειρᾶσθαι
3181 3756 3487 3825 διατηρεῖν·
3534 3756 3603 3826 ῆν
3629 3755 3734 3809 ἔδει
3763 3759 4076 3827 περιέπειν,

2498 3846 2573 3910 ὡς
2603 3847 2829 3913 οἰκείαν,
2864 3846 3065 3919 ταύτην
3115 3847 3278 3909 αὐτὸς
3330 3846 3612 3919 άνώρυσσε
3664 3846 3732 3902 δι’
3764 3850 3941 3904 αὑτοῦ
3965 3867 3979 3880 ·
4007 3850 4081 3920 μὴ

2499 3944 2609 4004 τοῖς
2639 3941 2696 4007 ἐξ
2720 3941 2970 4011 αἵματος,
3008 3942 3082 4012 μὴ
3106 3943 3216 4004 τοῖς
3240 3943 3304 3995 ἐκ
3333 3941 3498 4010 νόμου
3522 3943 3659 4011 ἔχων
3696 3944 3789 3997 ἐπὶ
3811 3944 4081 4013 λογισμὸν

2498 4033 2810 4101 ἀναφέρειν,
2844 4032 3053 4084 καὶτοῦ
3101 4032 3410 4101 μιάσματος
3446 4034 3770 4103 ἀποστῆναι,
3808 4035 3932 4087 ἀλλ’
3959 4036 4082 4099 ὅλος

2500 4128 2598 4197 τῆς
2631 4124 2824 4195 ἡδονῆς
2872 4124 2947 4177 ὢν
2979 4125 3327 4196 ἀνδράποδον,
3378 4126 3473 4179 καὶ
3523 4126 3659 4196 πρὸς
3690 4127 3748 4180 τὸ
3796 4126 4081 4199 βάραθρον

2497 4218 2595 4287 τῆς
2620 4218 2957 4289 παρανομίας
2978 4216 3167 4289 ὥσπερ
3194 4218 3258 4288 δὴ
3286 4218 3436 4288 μύων
3480 4221 3927 4290 καταφερόμενος
3950 4240 3965 4253 ·
3995 4222 4082 4275 ὅτε

2498 4310 2582 4380 δὴ,
2612 4312 2700 4364 ὅτε
2743 4312 2776 4380 ἡ
2828 4310 3037 4381 μεγάλη
3071 4309 3164 4363 τοῦ
3217 4310 3392 4378 Λόγου
3424 4311 3575 4379 φωνὴ
3607 4312 3762 4382 σιγᾷν
3793 4312 3899 4365 οὐκ
3933 4314 4085 4381 ἠνείο

2498 4418 2643 4472 χετο,
2678 4401 2793 4455 ἀλλ’
2823 4400 3104 4472 ἐξήλεγχε,
3155 4401 3251 4454 καὶ
3298 4401 3397 4470 τῆς
3434 4402 3685 4473 πράξεως
3713 4402 3775 4455 τὸ
3802 4403 4083 4474 ἔκθεσμον

837 4496 990 4550 rodis
1032 4494 1249 4564 ingenio
1275 4493 1651 4558 conveniebat,
1681 4500 1742 4546 ut
1786 4507 1894 4545 non
1933 4492 2094 4546 modo
2138 4490 2393 4545 emenda-

2500 4492 2857 4563 ἐστηλίτευεν.
2916 4490 3025 4546 Ἦν
3073 4493 3131 4545 δὲ
3156 4493 3250 4546 καὶ
3287 4493 3443 4545 τοῦτο
3478 4493 3739 4564 Ἡρώδου,
3798 4495 3877 4566 μὴ
3916 4500 4082 4566 μόνον

837 4589 1003 4641 tionis
1034 4602 1189 4656 spem
1223 4586 1427 4639 nullam
1459 4585 1699 4653 przeberc
1722 4625 1736 4647 ,
1768 4583 1862 4637 sed
1910 4593 1963 4638 et
1997 4584 2397 4652 improbitatem

836 4680 1064 4745 majoris
1126 4677 1374 4730 criminis
1408 4674 1724 4729 accessione
1749 4682 1993 4744 augeret.
2029 4673 2204 4728 Probe
2252 4674 2395 4728 enim

838 4781 1117 4843 parentem
1178 4785 1337 4823 suum
1396 4769 1719 4822 homicidam
1765 4768 2106 4833 imitabatur,
2137 4775 2189 4821 et
2217 4783 2276 4822 se
2305 4784 2398 4838 ge-

838 4864 1077 4916 nuinum
1106 4860 1255 4915 illius
1278 4860 1446 4913 [ilium
1474 4874 1594 4914 esse
1637 4861 1813 4928 reipsa
1844 4860 2255 4929 comprobabat.
2310 4858 2400 4915 llle

835 4955 984 5008 enim
1016 4954 1253 5023 atquales
1284 4952 1506 5021 Antiqui
1534 4951 1766 5014 dierum,
1797 4953 1889 5021 qui
1912 4960 2132 5021 propter
2166 4968 2267 5008 nos
2320 4954 2402 5007 iii-

838 5047 1063 5100 fantiam
1092 5046 1284 5105 subiit.
1319 5054 1579 5115 tanquam
1610 5045 1792 5114 spicas
1817 5046 2161 5108 immaturas,
2190 5061 2255 5098 ex
2300 5045 2402 5098 hac

834 5140 948 5190 vita
975 5137 1198 5191 demetit
1229 5155 1241 5189 :
1278 5137 1367 5190 ille
1399 5151 1524 5189 vero
1557 5150 1882 5205 praeconem,
1925 5136 2014 5205 qui
2072 5136 2399 5191 medicinam

836 5227 1122 5290 afferebat,
1149 5224 1600 5294 putrediuemque
1626 5225 1817 5279 animm
1838 5226 2209 5289 exscindebat,
2230 5226 2399 5278 inter-

836 5318 971 5379 ficit,
1012 5327 1065 5370 et
1098 5317 1267 5369 miser
1305 5330 1427 5370 cum
1455 5316 1548 5384 qui
1590 5327 1648 5370 ut
1676 5316 1894 5370 vincula
1950 5318 2201 5381 solveret,
2236 5317 2397 5371 adve-

835 5411 1013 5467 nerat,
1041 5404 1091 5455 iu
1118 5402 1333 5455 vincula
1367 5401 1626 5470 conjicit;
1657 5403 1863 5471 quique
1907 5406 1976 5459 ab
2005 5405 2179 5459 oculis
2207 5406 2395 5473 caligi-

834 5509 956 5547 nem
994 5494 1291 5561 voluptatis
1328 5493 1696 5562 abstergebat,
1718 5494 1957 5549 Carceris
1987 5496 2227 5551 tenebris
2261 5509 2394 5549 con-

832 5584 1021 5636 cludit.
1060 5583 1260 5638 Deinde
1295 5584 1529 5638 natalem
1560 5585 1702 5637 diem
1737 5584 1998 5650 celebrat,
2030 5601 2189 5656 quem
2222 5588 2394 5641 satius

834 5675 1010 5729 luerat
1060 5676 1234 5731 lucem
1304 5677 1467 5745 hujus
1525 5677 1659 5730 solis
1715 5692 1995 5747 nunquam
2080 5681 2390 5745 aspexisse,

902 5855 1018 5885 ¹¹⁸¹υ
1043 5853 1172 5909 Luc.
1200 5871 1277 5920 Ill,
1312 5856 1372 5909 ὕ.
1452 5854 1668 5911 ἔ⁰.Ιυ;ιιι.
1701 5856 1845 5921 1,29.

2496 4586 2590 4638 καὶ
2619 4584 2975 4638 καθίστασθαι
3003 4584 3138 4653 πρὸς
3172 4582 3479 4654 διόρθωσιν,
3509 4584 3645 4638 ἀλλὰ
3679 4586 3773 4639 καὶ
3817 4588 3884 4639 τὸ
3909 4590 4083 4641 κακὸν

2497 4673 2769 4740 αὐξάνειν,
2802 4674 3046 4746 μείζονος
3072 4675 3358 4746 προσθήκῃ
3403 4675 3598 4743 κακοῦ.
3655 4676 3935 4745 Ἀκριϐὦς
3973 4683 4080 4749 γὰρ

2496 4771 2586 4824 τὸν
2611 4768 2875 4839 φονευτὴν
2903 4768 3151 4837 ἐμιμεῖτο
3184 4767 3417 4838 πατέρα,
3449 4768 3545 4821 καὶ
3584 4767 3658 4831 ὡς
3700 4768 3919 4823 ἐκείνου
3952 4788 4085 4841 γνη-

2501 4862 2591 4915 σία
2617 4860 2793 4930 σπορὰ
2816 4858 3087 4913 ἐόεὸαίου.
3129 4858 3186 4912 Ὀ
3216 4860 3314 4927 μὲν
3337 4859 3445 4929 γὰρ
3483 4860 3610 4923 τοὺς
3647 4859 3958 4929 ἡλικιώτας
3992 4864 4083 4916 sei

2498 4951 2737 5005 Παλαιοῦ
2768 4951 2876 5003 τῶν
2915 4950 3138 5020 ἡμερῶν
3178 4949 3244 5001 δι’
3279 4950 3426 5019 ἡμᾶς
3471 4952 3855 5021 νηπιάσαντος,
3898 4949 3997 5007 οἷα
4026 4955 4087 5022 δὴ

2501 5044 2699 5112 στάχυς
2725 5043 2936 5113 ἀώρους
2958 5044 3056 5110 τῆς
3083 5041 3228 5109 ζωῆς
3255 5041 3571 5111 ἀποκείρει·
3592 5044 3620 5094 ό
3649 5041 3706 5095 δὲ
3736 5042 3828 5095 τὸν
3855 5046 4086 5117 κήρυκα

2496 5136 2593 5207 τὴν
2619 5135 2917 5205 θεραπείαν
2961 5133 3373 5203 εἰσηγούμενον,
3418 5134 3513 5187 καὶ
3548 5133 3649 5204 τὴν
3677 5135 3962 5205 σηπεδόνα
3997 5142 4087 5191 τέ-

2503 5245 2698 5298 μνοντα
2724 5228 2823 5295 τῆς
2851 5226 3050 5296 ψυχῆς,
3086 5227 3444 5294 ἀποσφάττει.
3487 5228 3596 5281 Καὶ
3626 5228 3655 5279 ὁ
3702 5227 3951 5295 δείλαιος
3997 5232 4089 5284 τὸν

2495 5318 2677 5372 λύσειν
2702 5319 2863 5371 αὐτὸν
2891 5314 3104 5387 δεσμῶν
3142 5316 3555 5387 βεϐουλημένον,
3590 5316 3808 5385 δεσμοῖς
3835 5320 4088 5375 61:06:11-

2500 5411 2602 5464 λει·
2633 5414 2727 5463 καὶ
2758 5410 2849 5463 τὸν
2900 5408 3341 5479 άποκαθαίροντα
3373 5408 3482 5461 τῶν
3536 5408 3833 5479 ὀφθαλμῶν
3882 5413 3994 5482 τὴν
4033 5415 4089 5479 ἐξ

2500 5504 2691 5576 ἡδονῆς
2714 5502 2902 5571 ἀχλὺν,
2932 5501 3109 5571 σκότῳ
3130 5502 3373 5573 φρουρᾶς
3406 5501 3716 5555 άποκλείει’
3756 5498 3884 5556 εἶτα
3932 5524 4092 5572 γενε-

2504 5594 2634 5647 σίων
2687 5594 2879 5665 ἑορτὴν
2925 5597 3235 5664 συγκροτεῖ,
3288 5587 3333 5662 ᾧ
3362 5593 3584 5665 ἄμεινον
3613 5590 3703 5664 ἦν,
3764 5596 3901 5665 μηδ’
3952 5600 4092 5661 ὅλως

2502 5687 2637 5757 πρὸς
2661 5685 2832 5754 αὐγάς
2862 5686 3014 5757 ἡλίου
3042 5688 3234 5753 ἐλθεῖν,
3268 5690 3362 5742 καὶ
3393 5690 3555 5743 παῖδα
3592 5689 3691 5756 τῆς
3736 5691 4093 5765 συμφθειρο-
