4182 6440
121 423 199 484 197
594 421 880 484 ORATIO
916 418 1069 483 XVI.
1104 446 1175 457 -
1214 419 1296 481 IN
1330 416 1679 481 DECOLLA’

1777 410 1964 477 )NEM
2003 417 2061 476 S.
2103 416 2426 479 JOANNIS
2445 417 2848 521 ΒΑΡΤΙξΤᾸΞ.

3236 417 3339 481 198

120 537 256 604 μένης
272 533 355 596 είς
376 533 606 609 ὄρχησιν
632 533 1009 603 προύκαλεῖτο,
1034 532 1129 585 καὶ
1158 531 1254 585 ἐπὶ
1272 530 1492 593 θεαταῖς
1519 530 1670 599 ἐτέρ-

1778 529 2051 598 filiamque
2082 529 2342 585 adulterae
2370 532 2439 586 ad
2489 535 2838 588 saltationem
2883 531 3238 604 provocabat,
3284 541 3341 587 et

117 642 241 686 7:21;,
264 618 335 694 ἧς
371 624 481 676 εδει
520 625 617 678 καὶ
652 626 812 694 μόνον
834 623 1117 695 ἐρωμένης
1159 623 1526 690 ἀποστρέφειν
1574 621 1673 682 τὰς

114 714 257 780 idem,
277 712 357 775 ὡς
393 712 669 782 φερούσης
713 713 834 766 τινὰ
865 713 1203 784 ἐρυθρίασιν,
1233 713 1317 779 ἐφ’
1342 706 1423 773 οἷς
1452 712 1517 779 τῇ
1548 710 1675 762 ταύο

110 824 189 875 της
215 806 383 875 μητρὶ
437 806 899 877 συνησέλγαινεν·
947 807 976 859 ό
1023 806 1081 859 δέ
1131 806 1224 859 καὶ
1270 805 1351 867 είς
1414 801 1674 866 ἐπίδειξιν

110 900 230 964 ἀγει,
260 899 358 953 καὶ
406 898 605 962 θεατάς
650 899 791 968 ἔχων
832 898 934 968 τῆς
979 897 1282 967 παρανοίας
1327 894 1669 966 σεμνύνεται.

112 992 314 1059 Προςὲτι
348 994 444 1044 καὶ
469 992 634 1062 τιμῆς
660 990 880 1045 ὠνεῖται
914 991 1014 1060 τὴν
1043 990 1291 1062 ὄρχησιν,
1316 989 1411 1043 καὶ
1440 988 1541 1057 τὴν
1572 987 1669 1058 βατ

112 1082 288 1135 σιλείαν
320 1070 635 1153 μερίζεται,
667 1063 1009 1153 ἐρώτωνκαὶ
1033 1073 1211 1153 ¹μέθης
1256 1082 1348 1134 τὸν
1373 1079 1555 1133 ἄθλιον
1585 1080 1672 1131 λοο

109 1175 278 1242 γισμὺν
308 1174 771 1239 ταλαντευόντων,
810 1174 905 1227 καὶ
942 1173 1128 1227 δίδωσι
1163 1172 1428 1242 κεφαλὴν,
1474 1172 1671 1241 κειμή-

108 1268 200 1318 λιον
220 1266 309 1319 τοῦ
348 1268 693 1335 Πνεύματος,
748 1264 911 1320 ἆθλον
942 1267 1222 1337 ὀρχήσεως
1272 1265 1523 1333 ἐναγοῦς,
1551 1264 1672 1317 ἀντὶ

106 1360 181 1410 τοῦ
209 1359 300 1428 τῆς
332 1358 616 1429 βασιλείας
646 1360 881 1429 ἡμίσους
904 1374 920 1389 ⁸
954 1352 1021 1429 ἦς
1049 1359 1150 1411 οὐκ
1173 1354 1241 1429 ἦν
1274 1357 1393 1419 ὅλος
1413 1360 1441 1410 ὁ
1468 1359 1671 1427 κόσμος

108 1450 365 1514 ἀντάξιοςο
400 1453 499 1505 καὶ
530 1451 772 1505 δείκνυσι
806 1450 1037 1522 φοϐερὸν
1068 1453 1185 1520 ἀμα
1218 1452 1311 1503 καὶ
1346 1448 1671 1521 σκυθρωπὸν

107 1545 199 1604 toi;
226 1542 635 1613 εὐωχουμένοις
665 1542 865 1614 θέαμα.
898 1544 965 1597 Τί
993 1548 1190 1607 ποιεῖς,
1224 1538 1480 1615 ἄνθρωπε
1508 1560 1524 1609 ;
1554 1543 1668 1608 εἴγε

106 1635 171 1687 δεῖ
192 1635 371 1687 καλεῖν
390 1634 702 1706 ἄνθρωπον,
727 1634 818 1686 τὸν
848 1634 1027 1688 πάντα
1075 1634 1336 1705 λογισμὸν
1387 1632 1669 1706 ἀφῃρημέ-

105 1744 177 1777 νον
200 1724 563 1796 ἀνθρώπινον.
596 1724 924 1794 Καλεῖς,,ἐφ’
946 1716 993 1793 ᾧ
1016 1726 1338 1797 εὐφρανετς;
1367 1726 1667 1795 ἑορτάζεις,

1775 632 1883 671 una
1953 634 2078 672 eum
2132 622 2533 687 spectatoribus
2581 624 2974 687 delectabatur,
3026 637 3057 677 a
3098 637 3205 693 qua
3255 605 3385 676 vel.

1774 712 1951 779 Ρτίηιο
1989 722 2238 782 aspectui
2272 715 2463 771 oculos
2492 717 2768 773 'avertere
2814 717 3071 783 debebat,
3099 724 3163 771 ut
3221 729 3343 785 qua:

1774 802 2028 858 ruborem
2056 806 2348 871 incuteret,
2388 824 2453 863 eo
2473 808 2621 880 quod
2652 824 2775 864 cum
2803 820 2976 864 matre
3004 810 3153 865 illius
3174 807 3346 878 turpi-

1774 902 1856 948 ter
1902 906 2309 953 consuesceret.
2358 898 2430 953 At
2492 917 2622 956 vero
2677 902 2786 957 iste
2824 917 2945 957 eam
2972 904 3026 956 in
3062 902 3340 970 publicum

1774 986 2050 1053 producit,
2080 997 2134 1043 et
2164 1005 2283 1044 cum
2307 992 2544 1047 vesaniae
2576 1004 2915 1063 spectatores
2951 994 3195 1057 haberet,
3224 994 3341 1063 glo-

1774 1078 2044 1135 riabatur.
2101 1082 2299 1137 Adbzcc
2329 1084 2539 1140 honore
2564 1086 2725 1140 etiam
2756 1087 3097 1142 saltationem
3126 1102 3342 1141 merca-

1775 1176 1881 1234 tur,
1911 1180 1964 1224 ct
1998 1186 2223 1241 regnum
2267 1162 2522 1243 partitur,
2557 1191 2745 1231 amore
2776 1184 2831 1231 et
2858 1172 3120 1233 clirietate
3174 1177 3344 1233 mise-

1774 1274 1889 1315 rant
1920 1274 2148 1318 mentem
2169 1265 2273 1320 huc
2296 1252 2530 1337 illucque
2548 1268 2904 1332 distrahentc,
2929 1268 3128 1339 datque
3155 1276 3341 1340 caput,

1776 1350 2016 1421 Spiritus
2046 1358 2223 1410 sancti
2258 1344 3047 1420 thesaurum,rremunerandze
3068 1346 3343 1430 sacrilega;

1772 1445 2075 1507 saltationi,
2101 1448 2224 1501 loco
2257 1448 2470 1502 dimidii
2508 1450 2685 1519 regni,
2718 1442 2828 1519 quo
2848 1452 3026 1522 capite
3051 1466 3228 1522 neque
3261 1461 3343 1507 to-

1771 1542 1860 1589 tus
1892 1536 2125 1593 mundus
2155 1538 2446 1619 pretiosior
2476 1549 2614 1605 erat,
2638 1538 2908 1620 infertque
2941 1543 2995 1596 in
3028 1542 3341 1597 convivium

1771 1629 2075 1683 terriﬁcum
2107 1612 2273 1684 simul
2304 1643 2358 1685 et
2390 1633 2549 1687 triste
2580 1612 2974 1703 spectaculum.
3008 1635 3150 1702 Quid
3198 1623 3340 1706 agis,

1769 1734 1803 1775 ο
1831 1721 2031 1774 homo?
2056 1721 2103 1775 si
2134 1722 2296 1776 homo
2322 1723 2602 1780 vocandus
2630 1734 2733 1790 est,
2767 1727 2858 1796 qui
2892 1726 3042 1782 omni
3102 1728 3342 1782 humano

106 1815 178 1868 ἵνα
203 1815 541 1886 φαιδρότητα
572 1816 901 1885 ἐμποιήσῃς,
936 1816 1031 1869 καὶ⁵
1058 1814 1201 1869 οὕτω
1246 1816 1546 1884 κατηφείας
1577 1816 1670 1867 καὶ

1777 1826 1936 1867 sensu
1973 1807 2337 1870 est'orbatus.
2370 1813 2570 1881 Vocas,
2598 1825 2657 1870 ut
2692 1817 2923 1885 laeteris;
2970 1822 3206 1875 natalem
3254 1835 3345 1875 ce-

106 1878 546 1978 σκυθρωτύότητος
660 1878 963 1977 συμπόσιον
982 1909 1159 1972 ποιεῖς
1190 1878 1419 1977 μεστόνξ
1446 1878 1541 1969 Τίς
1561 1909 1667 1979 γὰρ

1777 1902 1974 1969 lebras,
2020 1915 2078 1958 ut
2127 1914 2356 1961 cunctos
2407 1908 2704 1972 exliilares,
2757 1919 2813 1965 et
2856 1919 3003 1965 tanta
3058 1912 3340 1977 n‘mstitia,

102 2001 186 2052 οὐκ
213 1999 273 2052 ἀν
321 2000 437 2052 τῶν
493 1998 779 2069 παρόντων
829 1998 953 2053 τότε
981 1998 1285 2069 κατηφείας
1317 1998 1653 2070 ἐνεπλήσθη;

104 2092 173 2153 τίς
196 2093 290 2143 οὐκ
318 2091 389 2145 ἂν
426 2090 637 2161 ἧλγησε
680 2090 780 2161 τὴν
824 2089 1026 2161 ψυχὴν,
1077 2090 1163 2159 ἐφ’
1195 2089 1340 2143 οὕτω
1383 2090 1541 2160 ξένῳ,
1568 2089 1663 2141 καὶ

103 2178 197 2237 οἷον
218 2186 315 2237 οὐκ
344 2182 460 2238 εἶδέ
490 2201 623 2237 ποτε
644 2183 914 2257 τράπεζα,
948 2183 1217 2255 θεάματι;
1257 2184 1451 2237 Ὀπότε
1477 2183 1541 2253 δὴ
1574 2180 1671 2235 καὶ

104 2279 157 2328 σύ
182 2292 239 2345 γε
266 2278 433 2339 αὐτὸς
465 2276 526 2329 οὐ
568 2279 737 2347 χωρὶς
767 2275 945 2347 λύπης
980 2275 1343 2364 διατεθεῖσθαι
1374 2277 1666 2364 προσποιῇ,

102 2369 170 2431 τίς
202 2368 421 2438 ἐκείνην
478 2368 703 2441 θεωρῶν
734 2368 834 2441 τὴν
859 2368 1124 2440 κεφαλὴν,
1152 2360 1253 2421 οὐκ
1275 2367 1342 2423 ἂν
1378 2360 1459 2432 οἷς
1491 2368 1669 2438 ἐκόμα

101 2464 302 2533 ἁγαθοξ
328 2463 533 2519 ἐννοιῖιν
561 2505 577 2530 ,
608 2464 808 2535 θάμόει
847 2481 908 2517 τε
938 2462 1266 2534 κατεσχέθη,
1300 2462 1395 2516 καὶ
1427 2462 1526 2533 τὴν
1569 2462 1669 2533 σὴν

100 2557 192 2610 τῶν
220 2557 487 2624 γενεσίων
509 2557 724 2628 ἡμέραν
753 2556 1103 2628 ἐπηράσατο;
1135 2552 1331 2617 Καλῶς
1376 2572 1439 2623 γε
1474 2554 1671 2624 σύοτῆς

103 2649 185 2717 σῆς
208 2649 425 2702 ἀνοσίου
453 2648 626 2718 γονῆς
651 2647 750 2719 τὴν
780 2647 995 2718 ἡμέραν
1016 2648 1181 2718 τιμᾷς
1204 2660 1218 2674 ·
1243 2649 1301 2700 ἐν
1330 2641 1364 2719 ᾖ
1393 2647 1559 2718 ἐχρῆν
1580 2647 1673 2700 καὶ

101 2743 174 2793 τὸν
202 2743 531 2796 αἰτιώτατον
554 2743 815 2796 ἀπολύειν
845 2743 1099 2806 Θανάτου,
1145 2744 1202 2794 ἐν
1225 2742 1400 2813 ταύτῃ
1428 2743 1521 2795 τὸν
1551 2742 1673 2811 μεί-

101 2834 212 2895 ζονα
241 2835 472 2888 πάντων
498 2834 793 2905 προφητῶν
829 2835 1055 2903 ὑπάγων
1090 2833 1307 2903 θανάτῳ
1326 2850 1338 2863 ·
1384 2834 1505 2887 καθ’
1529 2834 1597 2905 ἢν
1625 2834 1677 2887 εί

100 2942 142 2977 τι
189 2927 501 2992 κάλλιστον,
559 2929 657 2981 καὶ
698 2926 834 2997 πρὸς
886 2927 1169 2997 χαρμονὴν
1234 2927 1675 2997 ἐπιτηδειότατον

99 3017 248 3088 ἐχρῆν
279 3019 659 3089 προστιθέναι,
690 3020 748 3070 ἐν
773 3016 945 3088 ταύτῃ
972 3018 1218 3089 κεφαλὴν
1248 3018 1346 3071 τοῦ
1386 3018 1485 3086 τῆς
1535 3036 1674 3087 σφα-

100 3112 189 3179 γῆς
232 3112 655 3175 ἀποστάζουσαν
681 3112 914 3182 αἵματος
945 3112 1246 3184 προτιθείς.
1325 3112 1414 3175 Ὠς
1443 3112 1674 3177 δείλαιος

1770 1996 2192 2067 animorumque
2252 1988 2706 2055 consternatione
2767 1994 3347 2073 convivium'reples?

1769 2088 1905 2155 Quis
1934 2089 2079 2143 enim
2112 2093 2462 2159 praesentium
2518 2094 2671 2162 gravi
2707 2095 2928 2149 tristitia
2965 2103 3097 2150 tunc
3126 2105 3345 2153 nonest

1769 2180 2091 2235 sauciatus?
2117 2179 2253 2246 Quis
2283 2197 2391 2236 non
2421 2182 2603 2236 animo
2635 2183 2869 2238 indoluit
2903 2185 2973 2239 ob
3022 2193 3133 2239 tam
3184 2202 3345 2255 pere-

1769 2274 2010 2346 grinum,
2034 2284 2089 2330 et
2109 2277 2269 2345 quale
2290 2278 2377 2330 vix
2404 2278 2511 2331 ulla
2537 2293 2726 2333 mensa
2772 2278 2925 2342 vidit.
2948 2282 3345 2350 Spectaculum.

1771 2369 1994 2437 quando
2024 2376 2079 2421 et
2116 2375 2172 2422 tu
2206 2368 2321 2437 ipse
2356 2377 2410 2423 te
2441 2383 2678 2424 maerore
2705 2369 2955 2425 allectum
2984 2386 3108 2427 esse
3143 2387 3253 2442 pra:
3294 2381 3349 2429 te

1773 2456 1906 2510 fers.
1938 2454 2073 2522 Quis
2097 2464 2265 2526 caput
2293 2454 2424 2509 illud
2456 2456 2681 2511 intuens
2709 2467 2763 2511 et
2793 2458 2995 2526 quibus
3041 2457 3203 2515 bonis
3250 2459 3349 2517 ﬁo-

1771 2554 1938 2611 reret,
1971 2557 2153 2600 mente
2196 2554 2479 2614 reputans,
2538 2556 2769 2614 stupore
2815 2564 2923 2602 non
2972 2558 3056 2604 est
3109 2551 3347 2617 deﬁxus,

1773 2649 1881 2689 non
1911 2634 2029 2690 sine
2062 2635 2264 2691 natalis
2288 2636 2369 2689 tui
2391 2638 2811 2691 exsecratione?
2842 2636 3078 2695 Pulchre
3104 2642 3349 2712 profecto

1773 2726 2081 2781 detestandi
2116 2737 2272 2781 ortus
2303 2728 2379 2781 tui
2409 2727 2553 2782 diem
2594 2727 2865 2783 houoras!
2906 2726 2957 2785 in
3013 2748 3120 2802 qua
3148 2750 3352 2798 nocen-

1774 2818 2026 2874 tissimus
2049 2818 2285 2888 quisque
2321 2833 2349 2871 a
2378 2827 2553 2873 morte
2582 2820 2896 2877 liberandus
2918 2831 3059 2888 erat,
3098 2825 3202 2880 hac
3231 2840 3349 2879 ma-

1771 2907 1946 2979 jorem
1975 2910 2233 2963 omnibus
2262 2908 2545 2978 prophetis
2569 2912 2730 2964 morti
2769 2911 2961 2967 tradis.
2988 2912 3105 2980 Qua
3128 2915 3181 2969 id
3204 2916 3351 2985 quod

1774 3001 2036 3056 omnibus
2089 2999 2501 3071 pulchritudine
2530 3002 2850 3070 prastahat,
2884 3012 2939 3058 et
2989 3004 3055 3058 ad
3109 3005 3348 3061 laetitiam

1776 3090 2127 3145 excitandam
2183 3090 2418 3145 maxime
2466 3091 2701 3155 valebat,
2737 3095 3152 3164 proponendum
3208 3112 3347 3165 erat,

102 3204 186 3271 μὲν
205 3205 313 3257 τῶν
334 3206 572 3268 ὠδίνων,
602 3205 669 3267 ἃς
702 3205 794 3257 ἐπὶ
822 3204 903 3274 τῷ
928 3183 1130 3258 σαυτοῦ
1146 3204 1342 3268 ἔλυσας
1370 3206 1528 3275 κακῴ
1553 3209 1567 3259 l
1597 3206 1673 3269 ὡς

1777 3187 1881 3239 hac
1932 3193 1988 3237 tu
2043 3191 2206 3252 caput
2240 3183 2562 3253 sanguinem
2628 3200 2694 3239 ex
2754 3187 2956 3242 recenti
2991 3189 3138 3245 caede
3172 3192 3352 3248 adhuc

99 3293 311 3357 δείλαιος
340 3295 403 3347 δέ
427 3294 540 3347 τῶν
572 3294 901 3364 ἀκαθάρτων
927 3293 1163 3366 ἐρώτων,
1185 3289 1265 3357 οἷς
1299 3295 1525 3366 κάτοχος
1554 3296 1675 3359 ὅλος

96 3384 394 3453 γενόμενος,
429 3384 571 3454 πρὸς
596 3382 741 3438 οὕτω
768 3385 1047 3456 προήχθης
1072 3384 1300 3437 ἔκτοπον
1324 3384 1581 3455 τόλμημα
1602 3386 1615 3439 ί

156 3642 274 3703 Οἴον
303 3648 365 3702 δὲ
394 3648 499 3701 καὶ
524 3647 585 3701 τὸ
616 3648 806 3719 σχῆμα
838 3649 934 3703 τοῦ
980 3650 1055 3723 μὴ
1109 3650 1314 3705 ἐθέλειν
1362 3653 1679 3707 ἀνανεύσειν

98 3742 217 3807 πρὸς
240 3742 343 3811 τὴν
372 3740 621 3810 σφαγὴν,
648 3741 783 3811 μηδέ
807 3741 907 3796 τὴν
926 3744 1140 3812 αἴτησιν
1166 3744 1430 3812 ἀσελγοῦς
1454 3750 1677 3813 γυναίου

97 3827 553 3897 ὄιακρούσασθαις
588 3827 687 3880 Διά
720 3829 827 3899 γὰρ
853 3830 980 3892 τοὺς
1014 3831 1429 3901 ἀνακειμένους,
1465 3834 1560 3886 καὶ
1591 3834 1679 3887 ἵνα

98 3921 204 3983 τοὺς
254 3921 467 3990 ὅρκους
522 3916 1057 3991 ἐμπεδὼσηται,τὴν
1098 3923 1311 3993 σφαγὴν
1370 3925 1675 3993 ἐπιτρέπει,

98 4013 180 4063 καὶ
210 4014 317 4083 μὴν
345 4014 399 4065 εἰ
430 4012 527 4064 καὶ
548 4012 637 4065 διὰ
660 4011 826 4081 μηδὲν
846 4012 995 4075 ἄλλο,
1022 4014 1109 4067 διὰ
1131 4033 1194 4083 γε
1228 4016 1400 4069 ταῦτα
1424 4018 1590 4089 ἐχρῆν
1619 4019 1677 4071 τὸ

95 4102 303 4167 γύναιον
330 4103 773 4174 ἀποπέμπεσθαι
798 4144 814 4167 ,
844 4104 932 4157 ἵνα
961 4123 1021 4157 τε
1066 4106 1142 4176 μὴ
1182 4108 1473 4173 ἀνιαθεῖεν,
1506 4110 1677 4174 οὓτως

97 4193 478 4267 ἀπανθρώπως
529 4197 578 4249 οἱ
637 4196 988 4267 ἀνακείμενοι
1038 4199 1425 4269 εὐωχούμενοι,
1470 4202 1563 4253 καὶ
1592 4202 1677 4254 ἵνα

100 4288 164 4355 μὴ
189 4290 407 4357 γέλωτα
436 4288 635 4362 δφλῃς,
676 4289 794 4342 ἀντὶ
835 4288 928 4342 τοῦ
960 4290 1147 4361 δοκεῖν,
1166 4292 1433 4363 εὐορκεῖν·
1458 4294 1541 4357 τίς
1570 4294 1678 4365 γάρ

96 4380 233 4451 ὦςθη
273 4382 535 4435 τοιοῦτόν
587 4398 719 4434 ποτε
750 4381 922 4453 δῶρον
947 4382 1388 4455 ύπισχνημένος;
1451 4386 1593 4439 Ἀλλ’
1617 4388 1678 4439 οὐ

98 4476 242 4539 μόνον
264 4476 499 4527 ἀνίατον
527 4476 559 4541 ἡ
587 4473 773 4543 μανία,
809 4476 904 4527 καὶ
948 4475 1181 4545 μάλιστα
1219 4477 1317 4549 ὅση
1358 4478 1418 4543 ἐξ
1458 4477 1677 4550 ἐρώτων

96 4568 177 4616 καὶ
203 4566 407 4636 μέθης,
442 4566 584 4620 ἀλλά
602 4567 702 4656 καὶ
731 4567 953 4638 δόκησιν
997 4570 1220 4638 ἐμποιεῖ
1255 4572 1531 4637 τοιούτους
1570 4574 1683 4628 ἐτέ-
1712 4600 1756 4656 D

98 4673 207 4725 ρους
232 4660 523 4728 ἡγεῖσθαι,
571 4651 786 4729 οἷοίπερ
823 4658 980 4712 αὐτοὶ
1010 4662 1076 4731 τῇ
1130 4660 1359 4732 ἀληθείᾳ
1385 4663 1547 4719 είσίν.
1586 4665 1677 4730 Ὠς

95 4752 175 4801 καὶ
198 4749 292 4801 νῦν
328 4748 588 4819 Ἡρώδης
621 4748 714 4802 τοῦ
738 4750 1079 4820 προφητικοῦ
1103 4750 1271 4822 διψῶν
1298 4752 1547 4823 αἵματος,
1567 4774 1672 4809 πα-

99 4839 334 4907 ραπαίων
369 4842 457 4899 εὶς
478 4837 833 4907 ἐκπλήρωσιν
857 4838 957 4909 τῆς
986 4840 1283 4911 ἐπιθυμίας
1312 4840 1501 4908 αὐτοῦ,
1549 4842 1677 4905 τοὺς

99 4934 594 5003 συνανακειμένους
657 4931 1042 5002 προϐάλλεται,
1078 4934 1154 4997 ὡς
1208 4935 1310 4987 οὐκ
1347 4935 1412 4987 ἂν
1450 4933 1677 4987 ἐκείνων

96 5026 207 5079 οἴων
233 5044 295 5080 τε
325 5026 511 5079 ὄντων
536 5026 638 5097 τὴν
664 5025 889 5095 ἀνόητον
910 5026 1116 5097 ταύτην
1160 5027 1453 5095 διαγνῶναι
1501 5044 1673 5099 προσ-

98 5118 321 5189 ποίησιν.
363 5118 524 5189 Πλὴν
551 5119 581 5170 ό
611 5117 923 5189 Βαπτιστὴς
966 5120 1333 5189 ἀποτέμνεται
1381 5121 1481 5190 τὴν
1507 5137 1679 5188 κεφα-

100 5207 201 5278 λὴν,
256 5210 355 5263 καὶ
413 5206 722 5278 προθύεται
754 5207 848 5260 τοῦ
880 5211 1128 5278 αἴροντος
1165 5207 1363 5281 ’Δμνοῦ
1397 5211 1493 5273 τὰς
1518 5209 1679 5280 ἡμῶν

103 5303 385 5374 ἁμαρτίας,
437 5300 635 5370 ὥσπερ
670 5299 747 5370 τῷ
786 5303 931 5373 τόκῳ
960 5301 1202 5372 μετέχων
1225 5301 1319 5355 τοῦ
1349 5300 1495 5353 θείου
1517 5302 1679 5354 τόκου

98 5392 179 5444 τοῦ
212 5394 530 5463 θαύματος,
564 5392 633 5443 δι’
682 5385 755 5445 ὧν
796 5394 860 5445 ἐκ
902 5393 1287 5465 στειρευούσης
1319 5393 1556 5465 προῆλθε
1578 5410 1681 5462 γα-

104 5485 269 5555 στρὸς,
305 5484 461 5538 οὕτω
495 5485 594 5537 καὶ⁵
621 5487 687 5555 τῇ
712 5487 775 5538 ἐκ
799 5485 909 5538 τῶν
934 5484 1084 5537 κάτω
1122 5484 1252 5556 πρὸς
1282 5486 1351 5538 τά
1380 5484 1493 5537 ἀνω
1517 5501 1686 5555 μετα-

103 5580 331 5647 χωρήσει
355 5576 646 5629 κοινωνῶν
669 5580 736 5647 τῇ
768 5578 984 5649 πορείᾳ,
1018 5576 1085 5630 δι’
1110 5571 1186 5631 ὧν
1204 5578 1298 5630 τοῦ
1320 5576 1521 5630 ἀθύτου
1545 5594 1686 5645 σφα-

103 5670 209 5736 γίου
244 5669 760 5739 προσφαγιάξεται,
806 5672 901 5724 καὶ
954 5671 1164 5738 γίνεται
1211 5669 1402 5741 ὥσπερ
1431 5672 1495 5741 τῇ
1533 5669 1685 5723 λύσει

104 5763 201 5813 τῶν
242 5763 481 5829 ὠδίνων,
517 5761 661 5815 οὕτω
685 5764 778 5816 καὶ
816 5767 883 5836 τῇ
920 5765 999 5828 εἰς
1025 5762 1153 5834 ᾅδου
1181 5764 1427 5835 φοιτήσει
1459 5764 1551 5817 τοῦ
1586 5766 1684 5817 Δε-

173 5942 212 5971 ³¹
252 5939 425 5995 Marc.
464 5954 543 6003 Vl,
574 5937 666 5992 9.6.

1781 3276 2020 3341 stillans,
2044 3276 2323 3345 proponis.
2392 3273 2436 3331 Ο
2474 3275 2721 3332 infelices
2742 3286 2899 3334 ortus
2947 3281 3025 3335 tui
3052 3269 3350 3347 cruciatus,

1779 3366 1871 3435 qui
1900 3373 2056 3419 tanto
2076 3374 2170 3420 tuo
2203 3366 2347 3420 malo
2373 3374 2500 3421 sunt
2524 3368 2709 3422 soluti.
2743 3368 2915 3433 Quam
2961 3373 3130 3427 miser
3160 3390 3239 3439 es,
3281 3377 3353 3431 ob

1779 3460 2025 3529 impuros
2066 3474 2284 3515 amores
2307 3500 2322 3523 ,
2372 3473 2607 3530 quorum
2661 3459 2847 3517 furore
2878 3475 3071 3531 captus
3105 3478 3160 3521 et
3196 3468 3353 3525 abrc-
3408 3456 3411 3459 ’

1781 3564 1905 3621 ptus
1938 3552 1991 3604 in
2022 3561 2129 3605 tam
2163 3551 2457 3607 nefandum
2492 3551 2707 3608 facinus
2738 3556 3057 3625 prorupisti.

1851 3643 2039 3711 Qualis
2080 3658 2211 3699 vero
2242 3644 2333 3699 ille
2378 3632 2693 3715 praeteritus,
2728 3647 2871 3701 nolle
2906 3648 2960 3701 in
2988 3649 3191 3705 caulem
3221 3666 3354 3706 con-

1782 3737 2025 3803 sentire;
2058 3747 2114 3791 et
2151 3746 2332 3792 tamen
2366 3737 2582 3792 lascivae.
2612 3738 2857 3794 mulieris
2888 3740 3201 3809 petitionem
3244 3760 3353 3800 non

1782 3829 2114 3898 repudiare?
2175 3827 2311 3883 Nam
2344 3837 2568 3900 propter
2619 3831 2781 3885 simul
2827 3832 3255 3902 discumbentes,
3298 3846 3356 3893 et

1782 3932 1840 3976 ut
1892 3922 2287 3991 jusjurandum
2365 3921 2630 3986 ﬁrmaret.
2700 3924 2902 3979 caedem
2972 3929 3239 3995 permittit
3284 3932 3409 4003 ³⁸..

1779 4010 1942 4080 Atqui
1977 4014 2022 4066 si
2057 4026 2163 4063 non
2206 4011 2340 4065 alias
2374 4011 2446 4066 ob
2472 4025 2687 4077 causas,
2713 4026 2861 4067 certe
2882 4008 2955 4068 ob
2997 4014 3097 4069 has
3126 4017 3355 4071 mulier~

1780 4104 1903 4158 cnla
1953 4101 2299 4157 amandanda
2372 4113 2511 4166 erat,
2549 4118 2618 4159 ne
2650 4104 2742 4173 qui
2795 4105 2957 4158 simul
2989 4107 3357 4174 epulabantur

1782 4203 1895 4248 tam
1955 4193 2259 4248 inhumano
2290 4194 2610 4262 spectaculo
2644 4196 3136 4265 contristarentnr,
3174 4208 3230 4253 et
3284 4217 3355 4256 ne

1782 4286 2080 4342 ludibrium
2122 4286 2305 4352 ﬁeres,
2339 4287 2467 4341 dum
2501 4296 2691 4343 sancte
2720 4287 2942 4358 jurasse
2968 4290 3141 4346 videri
3175 4295 3353 4363 cupis.

1783 4377 1919 4445 Quis
1952 4377 2099 4432 enim
2150 4392 2392 4446 unquam
2440 4376 2547 4431 tale
2569 4378 2777 4431 donum
2808 4379 3086 4447 pollicitus
3117 4383 3241 4436 est?
3286 4387 3355 4439 At

1784 4487 1893 4526 non
1922 4472 2099 4527 solum
2133 4471 2357 4525 vesania
2387 4466 2945 4535 innnedicabilis‘est.
3007 4475 3353 4542 potissimum

1784 4565 1898 4628 illa,
1922 4579 2041 4634 qua:
2069 4578 2138 4618 ex
2166 4578 2352 4618 amore
2367 4570 2420 4617 et
2440 4562 2705 4619 ebrietate
2738 4566 3008 4631 nascitur,
3032 4569 3127 4621 sed
3151 4576 3206 4621 et
3235 4569 3356 4637 opi-

1782 4653 2001 4708 nionem
2058 4654 2366 4722 ingenerat,
2400 4642 2555 4721 quasi
2606 4662 2661 4706 et
2716 4654 2809 4707 alii
2841 4654 2952 4709 sint
2974 4657 3135 4721 tales,
3165 4658 3356 4726 quales

1784 4748 1908 4819 ipsi.
1940 4747 2016 4801 Ita
2077 4746 2130 4800 in
2165 4745 2417 4816 praesenti
2453 4743 2697 4799 Herodes
2725 4747 3047 4816 sanguinem
3081 4750 3358 4818 propheta:

1783 4840 2001 4903 sitiens,
2031 4837 2320 4908 cupiditati
2352 4851 2465 4893 suae
2493 4836 2775 4906 explendae
2802 4837 2967 4891 simul
3014 4838 3360 4895 discumben-

1782 4942 1864 4988 tes
1894 4932 2091 4987 stolide
2119 4930 2389 5002 praatexit,
2422 4944 2486 4985 ac
2511 4932 2553 4984 si
2597 4938 2811 4985 tantum
2839 4932 3076 4989 rationis
3103 4949 3209 4987 non
3258 4935 3356 4987 ha-

1782 5023 1972 5077 berent
1993 5063 2007 5087 ,
2039 5033 2097 5075 ut
2128 5032 2233 5074 tam
2272 5003 2475 5074 fatuam
2530 5020 2938 5077 simulationem
2966 5034 3355 5111 agnoscerent.

1778 5114 2046 5185 Caeterum
2081 5120 2244 5183 caput
2273 5112 2530 5182 Baptista:
2586 5120 2922 5183 amputatur,
2972 5125 3026 5169 et
3077 5116 3361 5171 sacriﬁca-
3434 5113 3442 5129 '

1780 5218 1870 5262 tur
1909 5206 2060 5277 prius
2121 5207 2215 5260 illo
2258 5206 2437 5275 Agno,
2485 5205 2579 5274 qui
2634 5206 2781 5261 tollit
2814 5218 3034 5275 peccata
3064 5207 3277 5273 mundi,
3304 5215 3362 5263 et

1781 5298 2243 5370 quemadmodum
2281 5298 2340 5353 in
2396 5306 2557 5367 partu
2616 5284 2871 5352 miraculi
2934 5297 3109 5352 divini
3163 5309 3361 5375 partus

1782 5395 2063 5464 particeps
2123 5392 2248 5455 fuit,
2284 5408 2350 5447 ex
2400 5389 2575 5445 sterili
2622 5400 2813 5445 ventre
2841 5400 3172 5461 prognatus;
3200 5392 3280 5447 sic
3307 5402 3363 5446 et

1784 5488 2019 5545 transitu
2081 5484 2151 5539 ab
2198 5484 2288 5538 his
2348 5483 2475 5539 imis
2510 5483 2577 5537 ad
2628 5498 2864 5552 superna
2911 5487 3359 5540 communionem

1784 5595 1910 5634 cum
1938 5578 2125 5633 eodem
2152 5576 2343 5631 habuit
2379 5577 2432 5629 in
2457 5591 2545 5639 eo,
2588 5574 2737 5645 quod
2776 5584 2903 5629 ante
2937 5575 3085 5629 illam
3116 5591 3225 5630 non
3255 5577 3361 5630 im-

1786 5671 2045 5724 molatam
2104 5668 2337 5722 hostiam
2403 5662 2742 5731 immolatur,
2809 5664 3002 5736 ﬁtque,
3044 5674 3106 5719 ut
3138 5675 3264 5719 ortu
3293 5683 3362 5741 es

1789 5773 1946 5817 utero
2003 5767 2272 5823 materno,
2331 5758 2404 5811 ita
2476 5767 2531 5813 et
2584 5757 2651 5812 ad
2685 5756 2895 5812 inferos
2938 5756 3090 5813 abitu
3139 5756 3364 5814 Domina
