4182 6440
838 479 934 544 199

2055 465 2329 526 LEONIS
2366 457 2826 524 PHHDSOPIII

3991 456 4106 518 200

828 583 1201 652 przeittmtius.
1263 585 1317 634 et
1368 576 1478 640 his,
1528 571 1624 644 qui
1690 572 1744 626 in
1781 568 2016 624 vinculis
2057 578 2112 623 et
2143 567 2404 622 aerumnis

2508 561 2706 613 σπότου
2742 559 3103 631 προάγγελος,
3137 562 3230 613 καὶ
3280 560 3392 623 τοῖς
3426 559 3484 612 ὲν
3512 559 3732 629 δεσμοῖς
3782 561 3879 614 καὶ
3907 578 4106 614 στενο-

833 677 1216 736 s-ersabantnr,
1253 667 1693 739 redemptionem
1727 661 2022 734 significat,
2076 668 2131 714 et
2157 659 2405 714 exsulta-

830 767 998 820 tionis
1014 763 1169 834 quasi
1197 760 1371 815 radiis
1399 766 1453 813 et
1481 754 1774 828 splendore
1817 751 1976 823 prius
1999 747 2282 821 perfundit
2311 762 2406 800 eos

830 861 924 927 qui
965 859 1020 910 in
1049 855 1245 910 umbra
1282 853 1482 908 mortis
1510 861 1566 907 et
1610 847 1844 919 caligine
1869 843 2198 900 calamitatis
2249 842 2406 897 sede-

830 953 978 1013 bant,
1013 957 1068 1002 et
1116 957 1382 1016 tanquam
1409 941 1608 999 lucifer
1634 939 1980 1011 praesentiam
2012 935 2146 990 solis
2175 934 2403 988 indicat.

829 1041 897 1094 At
954 1055 1076 1110 quae
1114 1039 1304 1093 inferis
1339 1037 1392 1091 in
1437 1034 1552 1089 oris
1583 1039 1738 1104 gesta
1775 1025 2234 1100 suntgmysterie,
2265 1037 2405 1095 pra:-

829 1133 1154 1187 cedentibus
1183 1118 1360 1200 magis
1426 1133 1557 1182 sunt
1605 1137 1811 1179 arcana
1847 1129 1903 1176 et
1949 1118 2255 1174 recondita.
2290 1113 2404 1195 Sed

827 1225 1014 1293 qualia
1049 1223 1161 1286 illa,
1213 1234 1337 1290 qum
1371 1217 1616 1273 Herodes
1646 1213 1864 1288 patrat?
1917 1210 2083 1266 Disco
2105 1208 2404 1280 imponitur

828 1321 1012 1381 caput,
1073 1310 1160 1363 cui
1210 1306 1526 1378 recipiendo
1559 1305 1694 1358 nihil
1727 1317 1847 1373 par,
1886 1300 2036 1354 illius
2071 1307 2256 1368 caput,
2306 1293 2402 1366 qui

829 1406 1096 1459 intactunt
1137 1411 1298 1471 caput
1325 1405 1597 1459 tenuerat,
1646 1394 1865 1464 fertque
1893 1391 2110 1462 abiecta
2161 1396 2216 1444 et
2243 1387 2403 1442 furiis

829 1497 1032 1565 agitata
1064 1495 1242 1566 puella
1283 1493 1428 1546 illam
1472 1504 1709 1552 comam,
1742 1502 1907 1558 quam
1968 1483 2146 1555 angeli
2188 1496 2405 1536 revere-

831 1588 1054 1652 bantur,
1114 1599 1342 1650 eamque
1404 1582 1656 1638 muneris
1704 1583 1826 1637 loco
1865 1579 2066 1650 accipit
2097 1577 2254 1634 malae
2281 1576 2402 1631 filiae

831 1678 983 1748 pejor
1015 1685 1207 1739 mater,
1252 1686 1372 1728 rata
1401 1690 1459 1728 se
1491 1674 1654 1743 hujus
1689 1672 2061 1742 amputatione
2090 1655 2402 1740 amputatu-

830 1786 946 1824 ram
982 1783 1200 1838 quoque
1224 1767 1704 1837 reprehensiones,
1735 1779 1857 1834 qua:
1879 1771 2068 1833 pectus
2106 1762 2226 1832 ejus
2247 1759 2402 1814 velli-

2509 653 2705 724 χωρία,
2753 655 2947 724 μηνύει
2991 654 3090 725 τὴν
3122 652 3522 723 ἀπολύτρωσιν,
3573 655 3664 706 καὶ
3697 655 4105 725 προανατέλλει

2505 747 2603 813 τῆς
2655 744 3030 813 ἀγαλλιάσεως
3060 744 3159 808 τὰς
3186 743 3361 813 αὐγὰς
3408 746 3520 807 τοῖς
3567 745 3627 796 ἐν
3674 746 3803 815 σκιᾷ
3830 745 4101 810 θανάτου,

2507 837 2602 888 καὶ
2629 837 2804 907 σκότῳ
2831 836 3065 904 θλίψεως
3099 835 3508 912 καθημένοις,δ
3554 835 3831 904 ἐωσφόρος
3863 836 4102 907 μηνύων

2504 927 2598 981 τοῦ
2624 929 2774 1005 ήλίου
2801 927 2898 999 τὴν
2921 928 3246 1000 παρουσίαν.
3279 929 3358 982 Τὰ
3390 927 3490 998 μὲν
3513 927 3578 998 δή
3605 927 3755 980 κάτω
3781 929 4102 995 τελούμενα

2504 1021 2732 1075 τοιαῦτα
2761 1021 2856 1075 ἐπὶ
2886 1021 3223 1092 προλαϐοῦσι
3249 1021 3592 1090 μυστηρίοις,
3627 1024 3903 1092 μυστήρια
3930 1022 4104 1090 dmp-

2507 1112 2799 1186 ρητότερα.
2833 1115 2902 1167 ‘A
2958 1113 3016 1167 δέ
3065 1113 3314 1186 Ἡρώδης
3363 1115 3476 1168 ἀνω
3506 1113 3832 1183 διατίθησιν,
3889 1116 4100 1178 ὁποῖος

2505 1207 2764 1261 Πινάκιον
2795 1208 3029 1278 δέχεται,
3081 1201 3151 1278 ἦς
3178 1207 3331 1261 οὐδὲν
3363 1205 3567 1276 δοχεῖον
3621 1205 3866 1269 ἐπάξιον,
3917 1222 4103 1272 aega-

2505 1301 2624 1372 λήν,
2653 1301 2897 1371 κεφαλὴν
2927 1301 3138 1354 ἐκείνου
3167 1299 3261 1354 τοῦ
3294 1301 3666 1370 κρατήσαντος
3687 1300 3784 1370 τήν
3813 1299 4105 1368 ἄψαυστον

2505 1394 2769 1465 κεφαλήν,
2802 1395 2898 1448 καὶ
2929 1395 3088 1465 φέρει
3121 1395 3266 1463 κόμη
3297 1395 3465 1462 κόρης
3497 1393 3868 1464 σεσοϐημένης
3887 1393 4102 1460 κόμην,

2503 1487 2572 1557 ἢν
2600 1487 2822 1556 ἄγγελοι
2848 1485 3260 1556 κατῃδέσθησαν
3279 1502 3294 1516 ο
3331 1486 3427 1540 καὶ
3453 1485 3721 1554 λαμϐάνει
3750 1487 3959 1552 ταύτην
3988 1486 4102 1538 δὼ-

2507 1597 2599 1651 ρον
2633 1579 2870 1651 πονηροῦ
2925 1579 3120 1633 τέκνου
3181 1580 3360 1650 μήτηρ
3423 1578 3784 1650 πονηροτέρα,
3839 1579 4102 1648 οἰηθεῖσι

2515 1671 2615 1740 μὲν
2645 1674 2710 1743 τῇ
2741 1672 2946 1742 ταύτης
2977 1675 3116 1742 τομῇ
3145 1671 3420 1741 διακόψειν
3441 1671 3570 1733 τούς
3607 1671 3881 1740 ἐλέγχους.
3913 1670 3966 1724 οἳ
3997 1671 4103 1739 τὴν

2502 1765 2674 1834 αὐτῆς
2716 1765 2944 1836 καρδίαν
2991 1766 3315 1836 συνέτρεφον
3365 1763 3806 1837 [συνέστρεφονΓ
3845 1763 4103 1834 ἐλελήθει

829 1861 1048 1914 cabant.
1100 1861 1170 1912 At
1207 1858 1378 1912 inscia
1402 1857 1454 1910 in
1489 1856 1726 1925 majores
1753 1865 1807 1910 ct
1834 1854 2008 1925 magis
2059 1850 2403 1908 inevitabiles

2508 1859 2562 1912 δέ
2591 1859 2794 1928 μᾶλλον
2815 1859 2999 1921 αὐτοῖς
3023 1859 3409 1928 ἀφυκτοτέροις
3449 1859 3870 1928 περιπίπτουσα.
3921 1859 4102 1926 Πονη-

829 1952 1047 2006 incidit.
1087 1949 1336 2004 Pessima
1368 1948 1577 2002 bestia!
1609 1945 1884 2016 quomodo
1916 1947 2019 1998 hoc
2047 1942 2144 1996 tibi
2177 1943 2230 1996 in
2255 1955 2406 1994 men-

830 2055 938 2097 tem
993 2041 1177 2095 venit?
1235 2038 1464 2094 Voluisti
1528 2037 1865 2108 impuritatis
1909 2043 2018 2090 ture
2082 2041 2303 2096 testem,
2351 2038 2406 2086 et

830 2153 932 2207 qna
943 2136 985 2189 si
1006 2135 1316 2189 columnam
1338 2144 1601 2193 sternere,
1618 2129 1840 2184 immota
1859 2141 2122 2200 quassare
2138 2138 2358 2198 agressa
2387 2139 2403 2190 ;

830 2243 953 2279 nam
989 2239 1159 2295 supra
1185 2221 1417 2298 gradus
1458 2222 1793 2300 illustriores
1824 2217 2138 2285 collocasti,
2189 2215 2403 2286 adjecto

829 2319 894 2372 ad
951 2317 1280 2370 adulterium
1335 2321 1489 2368 tuum
1552 2312 1885 2379 homicidio;
1949 2321 2003 2366 et
2063 2311 2261 2365 insano
2313 2315 2407 2362 tuo

829 2426 1020 2465 amore
1043 2410 1205 2476 quasi
1242 2408 1295 2460 in
1331 2406 1586 2459 columna
1641 2405 1706 2457 ad
1743 2404 2132 2472 sempiternam
2172 2398 2408 2472 ignomi-

830 2504 976 2556 niam
1015 2499 1299 2568 inscripto.
1350 2495 1715 2567 Exstinguere
1748 2494 1946 2549 niteris
1973 2495 2253 2547 lucernam
2285 2505 2406 2560 quae

831 2608 924 2648 tua
956 2608 1119 2663 opt-ra
1152 2590 1500 2644 tenebrarum
1531 2588 1810 2659 arguebat.
1849 2589 1917 2640 At
1959 2585 2134 2654 magis
2152 2583 2407 2638 accendis

843 2685 1176 2754 lampadem,
1207 2697 1324 2749 qua:
1354 2679 1590 2734 nefanda
1617 2689 1708 2732 tua
1743 2678 1948 2748 ﬂagitia
1983 2677 2201 2748 prodat.
2225 2674 2406 2730 Verti-

833 2778 959 2846 gitte
987 2775 1135 2827 velut
1170 2773 1491 2841 corriperis,
1527 2771 1596 2824 ob
1628 2771 1735 2824 vim
1769 2779 1824 2826 et
1855 2770 2260 2824 vehementiam
2284 2783 2408 2836 pro-

831 2867 1062 2938 phetica:
1120 2866 1342 2936 lingua),
1379 2880 1485 2934 qua
1521 2863 1755 2934 putredo
1815 2861 2231 2916 incontinentia:
2297 2868 2406 2914 tua:

831 2959 1220 3028 disrumpitur.
1260 2957 1329 3008 At
1365 2968 1513 3011 nunc
1535 2952 1851 3009 acerbiores
1900 2953 2189 3007 cruciatus
2235 2951 2406 3007 susti-

832 3065 952 3105 lit‘S.

903 3141 1080 3212 Caput
1122 3139 1448 3210 ampulasti,
1480 3137 1755 3201 llerodes,
1821 3135 2232 3206 objurgationes
2277 3149 2409 3187 vero

2511 1951 2601 2020 ρὸν
2661 1948 2873 2021 θηρίον,
2931 1948 3049 2012 πῶς
3100 1948 3258 2002 τοῦτο
3294 1949 3666 2018 διανενόησαι;
3710 1949 4102 2019 Καθαιρήσειν

2509 2041 2808 2110 ἐϐουλήθης
2855 2041 2954 2113 τῆς
2981 2044 3080 2114 σῆς
3109 2041 3399 2110 ἀσελγείας
3427 2042 3527 2112 τὴν
3572 2042 3798 2112 στήλην.
3826 2042 3943 2096 ἀλλ’
3969 2043 4102 2094 ἀκί-

2509 2153 2643 2204 νητα
2667 2133 2915 2187 σαλεύειν
2941 2135 3326 2205 ἐπεχείρησας.
3354 2135 3593 2203 Ἕστηκε
3615 2135 3722 2204 γὰρ
3749 2133 3951 2204 μᾶλλον
3979 2128 4100 2186 οἷον

2509 2228 2601 2280 ἐπὶ
2629 2227 2833 2296 βάθρας
2855 2228 3340 2298 περιφανεστέρας,
3371 2221 3451 2290 oi;
3467 2229 3530 2298 τῇ
3558 2228 3774 2298 μοιχείᾳ⁵
3812 2228 3904 2280 τὸν
3931 2228 4102 2296 φόνον

2509 2315 2898 2385 προστέθεικας
2945 2315 3038 2370 τὸν
3074 2314 3165 2368 σὺν
3213 2313 3428 2386 οἶστρον
3485 2315 3895 2387 στηλιτεύουσα.
3927 2316 4100 2368 Σϐεν-

2507 2410 2653 2461 νύειν
2684 2409 2980 2478 ἐπιχειρεῖς
3006 2407 3095 2460 τὸν
3113 2407 3324 2478 λύχνον,
3355 2407 3424 2460 τὰ
3447 2406 3514 2460 σά
3561 2406 3655 2460 τοῦ
3688 2408 3913 2471 σκότους
3951 2409 4100 2479 ἔργα

2509 2501 2820 2570 ἐλέγχοντα*
2860 2500 2977 2554 ἀλλ’
3007 2499 3332 2568 ἀναφλέγεις
3359 2499 3520 2553 πλέον
3549 2500 3647 2570 τήν
3669 2500 3952 2571 λαμπάδα,
3992 2502 4100 2570 τὴν

2511 2592 2609 2663 σήν
2651 2591 3046 2664 ἀρρητοποιίαν
3089 2592 3459 2648 δεικνύουσαν.
3515 2591 3771 2664 ’ἰλιγγιᾷς
3824 2592 3964 2663 πρὸς
3993 2593 4099 2664 τήν

2508 2687 2693 2755 ἀκμὴν
2723 2686 2824 2755 τῆς
2850 2685 3200 2756 προφητικῆς
3225 2685 3496 2757 γλώσσης,
3531 2680 3613 2751 οἷς
3641 2689 3676 2759 ή
3707 2685 3957 2758 σηπεδὼν
3993 2690 4100 2755 τῆς

2513 2777 2612 2844 σῆς
2649 2776 2942 2840 ἀκολασίας
2981 2776 3443 2848 διασπαράττεται
3465 2795 3480 2810 ⁸
3514 2778 3653 2833 ἀλλὰ
3694 2779 3788 2834 νῦν
3832 2779 4098 2851 δριμυτὲ-

2512 2885 2621 2939 ρων
2650 2867 2883 2941 αἰσθάνῃ
2903 2867 3011 2924 τῶν
3039 2868 3260 2926 ὀδυνῶν.

2585 3138 2838 3207 Ἐτεμες,
2892 3135 3127 3208 Ἤρὼδη,
3161 3137 3261 3205 τὴν
3312 3136 3575 3208 κεφαλήν,
3606 3136 3720 3190 ἀλλ’
3754 3137 3817 3191 οὐ
3877 3153 4097 3191 συναπ-

833 3251 943 3290 non
989 3232 1309 3302 amputasti.
1363 3230 1605 3284 Auditur
1651 3231 1949 3301 etiamnum
1994 3246 2098 3284 vox
2139 3232 2226 3284 illa
2259 3232 2405 3284 clare

2512 3228 2707 3298 έτεμες
2756 3227 2865 3282 τῶν
2898 3228 3136 3300 ἐλέγχων
3170 3230 3269 3299 τὴν
3321 3231 3541 3298 φωνήν·
3579 3229 3835 3284 ἀκούεται
3868 3233 3967 3283 καὶ
3996 3231 4098 3283 νῦν

831 3328 1128 3379 insonans:
1157 3320 1281 3375 Non
1311 3323 1430 3375 licet
1456 3321 1551 3375 tibi
1578 3321 1768 3376 habere
1789 3338 2004 3377 uxorem
2023 3323 2209 3391 fratris
2241 3323 2316 3374 tui
2337 3324 2404 3382 υ,

831 3433 953 3488 quae
1000 3416 1426 3485 increpationes,
1483 3430 1622 3485 quas
1678 3415 1857 3470 celare
1919 3415 2164 3471 tentasti.
2214 3423 2270 3469 et
2315 3413 2404 3467 fn-

831 3520 990 3563 nesm
1023 3515 1113 3562 tua
1149 3505 1352 3577 ﬂagitia
1377 3513 1493 3559 toto
1523 3514 1796 3560 terrarum
1829 3505 1964 3560 orbe
1995 3505 2272 3559 decantat.
2306 3503 2408 3557 Ve-

829 3615 954 3654 rum
1005 3599 1287 3652 mittamus
1338 3598 1475 3651 istos
1503 3610 1627 3650 Cum
1667 3595 1908 3650 infandis
1941 3595 2054 3651 suis
2081 3595 2404 3650 sceleribus.

831 3690 913 3744 Ad
944 3689 1243 3760 Baptistam
1271 3696 1580 3744 revertatur
1610 3689 1810 3750 oratio,
1840 3699 1893 3744 et
1919 3688 2080 3741 hodie
2110 3703 2174 3741 ex
2230 3699 2407 3740 terre-

833 3784 934 3839 stri
961 3785 1320 3837 tabernaculo
1347 3781 1712 3852 egredientem
1740 3779 2049 3841 comitetur,
2069 3787 2123 3834 et
2153 3778 2217 3832 ad
2251 3777 2407 3833 sedes

833 3880 1078 3930 materne
1118 3885 1394 3946 expertes,
1444 3889 1580 3944 quas
1626 3873 1790 3927 etiam
1840 3872 1894 3926 in
1950 3886 2180 3940 corpore
2229 3871 2407 3924 adhuc

833 3981 1003 4034 agens
1043 3965 1338 4024 incolebat,
1393 3966 1717 4027 abeuntem,
1749 3969 2017 4031 quantum
2051 3960 2168 4014 fieri
2203 3971 2404 4030 petest,

831 4058 1001 4112 otlicii
1049 4072 1216 4111 causa
1261 4057 1519 4110 deducat.
1576 4053 1689 4108 Etsi
1712 4055 1856 4109 enim
1885 4053 2116 4124 dignitas
2139 4052 2262 4122 ejus
2293 4066 2410 4106 ma-

829 4153 1007 4221 jorem
1031 4151 1469 4220 praedicationem
1503 4148 1804 4214 desiderat,
1836 4162 2000 4218 quam
2038 4147 2092 4200 in
2126 4146 2404 4200 hominem

832 4246 1029 4310 cadat;
1082 4252 1323 4296 attamen
1382 4241 1686 4312 periculum
1741 4254 1847 4294 non
1881 4246 1965 4293 est
2004 4237 2122 4292 fore
2179 4245 2239 4290 ut
2264 4237 2408 4291 hanc

832 4336 1052 4393 dicendi
1109 4337 1450 4390 voluntatem
1506 4333 1781 4402 repudiet,
1817 4347 1941 4388 cum
2000 4341 2226 4403 propter
2276 4329 2404 4394 alia,

841 4441 957 4482 tnnt
1007 4427 1138 4497 quia
1196 4426 1442 4482 omnium
1499 4426 1786 4482 vilissimis
1833 4435 1886 4480 et
1917 4423 2406 4495 contemptissimis

831 4531 1129 4577 contentus
1187 4535 1309 4575 esse
1334 4518 1646 4575 consuevit.
1682 4517 1789 4573 Sed
1816 4519 2000 4588 qualia
2032 4519 2211 4572 oratio
2243 4532 2407 4572 enco-

831 4616 939 4669 mia
972 4611 1253 4668 adducet?
1283 4611 1460 4676 Quam
1499 4610 1874 4665 laudationem
1909 4610 2158 4666 instituet
2200 4609 2272 4675 ei,
2303 4625 2404 4664 cu-

826 4709 919 4776 jus
942 4706 1135 4761 laudes
1165 4705 1284 4774 ipsa
1317 4702 1411 4756 Dei
1445 4702 1714 4772 sapientia
1738 4702 2062 4757 contexuit?
2087 4701 2224 4768 Quis
2273 4715 2404 4756 vero

831 4807 885 4853 te
906 4794 1248 4866 compellans
1277 4794 1516 4864 reperiat
1538 4793 1986 4863 appellationem,
2007 4809 2130 4864 qua:
2146 4795 2401 4864 exiguum

829 4889 1095 4944 honorem
1155 4885 1249 4940 libi
1293 4885 1485 4940 creet?
1538 4887 1620 4940 An
1650 4886 1786 4939 nihil
1818 4886 2120 4956 proprium,
2154 4887 2404 4957 nihilque

798 4980 1030 5037 'novum
1091 4979 1556 5049 excogitandum;
1611 4977 1707 5032 sed
1767 4993 1830 5032 ea
1886 4978 2062 5050 splutn
2104 4979 2402 5048 promenda

829 5083 980 5141 sunt,
1030 5089 1154 5145 qua:
1206 5088 1399 5128 omnes
1455 5072 1554 5127 tibi
1596 5073 1864 5136 tribuunt,
1916 5081 2102 5127 vetera
2143 5073 2402 5127 nimirum

829 5170 946 5234 illa,
985 5182 1110 5239 quae
1138 5166 1322 5221 divina
1361 5166 1582 5220 oracula
1636 5164 1705 5221 de
1767 5176 1817 5221 te
1860 5167 2303 5236 prrecinuewnt?
2328 5166 2404 5222 Te

827 5266 975 5321 enim
1024 5264 1381 5319 nominarunt
1410 5279 1599 5318 vocem
1630 5246 1956 5319 clamantem
2002 5263 2057 5317 in
2085 5264 2302 5318 deserto
2335 5263 2412 5327 ¹³;›

828 5359 1158 5414 clamantem
1214 5356 1434 5427 quidem
1465 5356 1518 5409 in
1546 5355 1765 5409 deserto
1790 5392 1807 5419 ,
1865 5335 1958 5409 sed
1985 5356 2200 5410 cunctis
2228 5366 2402 5410 terra-

830 5464 948 5504 rum
983 5447 1186 5502 finibus
1211 5458 1581 5512 resonantem,
1610 5454 1792 5501 rectas
1848 5445 2156 5502 facientem'
2181 5453 2407 5501 semitas

831 5540 1070 5605 Domini,
1128 5553 1323 5609 aspera
1375 5541 1429 5593 in
1480 5538 1689 5594 directa
1737 5538 2063 5603 flectentem,
2097 5555 2404 5610 praeconem

840 5631 1030 5690 salutis
1077 5628 1271 5695 Israel,
1307 5628 1646 5685 exaltantcm
1678 5643 1869 5684 vocem
1914 5644 2071 5685 suam
2117 5630 2171 5684 in
2203 5631 2406 5685 virtute

828 5721 985 5779 btun.
1055 5721 1371 5777 Afferantur
1401 5719 1566 5776 etiam
1617 5723 1864 5792 parentis
1895 5720 1973 5776 tui
2030 5721 2238 5790 laudes,
2269 5737 2407 5794 quas

898 5902 942 5934 ”
967 5899 1133 5958 Marc.
1162 5918 1237 5969 vr,
1277 5904 1362 5959 18.
1477 5905 1525 5937 ’³
1546 5904 1652 5960 lsa.
1688 5920 1774 5974 XL,
1799 5908 1854 5964 5.

2436 4561 2484 4620 D

2509 3317 2832 3388 διαπρύσιον
2874 3319 3173 3387 ἐμϐοῶσα*
3232 3322 3354 3374 Οὐκ
3407 3320 3615 3386 ἔξεστί
3651 3337 3750 3374 σοι
3773 3322 3940 3390 ἔχειν
3976 3323 4099 3388 τὴν

2509 3411 2768 3480 γυναῖκα
2812 3410 2922 3465 τοῦ
2968 3409 3237 3480 ἀδελφοῦ
3287 3429 3426 3468 σου.
3478 3413 3594 3468 Νῦν
3644 3412 3738 3477 οὓς
3785 3415 4093 3486 ἐπειράθης

2509 3505 2768 3575 ἐλέγχους
2795 3504 3190 3574 ἀποκρύπτειν,
3233 3506 3547 3575 ἁπανταχοῦ
3574 3506 3677 3576 γῆς
3705 3508 3804 3577 τήν
3827 3507 3925 3576 σήν
3955 3509 4091 3562 ἀθε-

2512 3595 2834 3667 μιτοοργίαν
2892 3596 3254 3668 περιηχοῢσα.
3320 3597 3461 3650 Ἀλλ’
3492 3593 3637 3652 οὗτοι
3686 3599 3788 3668 μὲν
3821 3601 3964 3670 μετὰ
3989 3602 4095 3671 τῆς

2508 3687 2690 3740 αὐτῶν
2712 3687 3105 3758 ἀρρητοποιίας
3125 3686 3474 3756 ἀφιέσθωσαν
3497 3703 3511 3718 ⁸
3545 3689 3637 3740 ἐπὶ
3664 3688 3720 3741 δέ
3761 3688 3852 3740 τὸν
3881 3688 4096 3741 Βαπτιο

2509 3779 2640 3851 στήν
2661 3782 2690 3832 ὁ
2712 3779 2866 3849 λόγος
2897 3781 3266 3851 ἀναχωρείτω,
3299 3781 3493 3848 ἐξιόντι
3520 3783 3761 3852 σήμερον
3780 3781 3873 3835 τοῦ
3898 3785 4096 3853 γηῖνου

2511 3870 2870 3942 σκηνώματος
2903 3872 3334 3938 συνακολουθῶν,
3368 3874 3462 3926 καὶ
3486 3875 3622 3945 πρὸς
3645 3875 3744 3936 τὰς
3768 3875 3969 3937 ἀύλους
4000 3893 4095 3945 μο-

2509 3965 2605 4026 νὰς
2629 3964 2881 4028 ἀπιόντα,
2929 3959 3016 4028 αἷς
3065 3965 3318 4035 συνῴκει,
3360 3969 3452 4019 καὶ
3491 3968 3628 4036 μετά
3663 3965 3934 4035 σώματος,
3968 3969 4098 4020 ὅσον

2509 4051 2619 4110 οἷόν
2648 4073 2708 4109 τε
2746 4055 2921 4126 τιμῶν
2951 4055 3047 4110 καὶ
3077 4057 3502 4127 προπομπεύων.
3539 4057 3601 4109 Ei
3639 4062 3749 4129 γὰρ
3783 4059 3876 4111 καὶ
3908 4058 4098 4127 μείζο-

2508 4165 2598 4212 νος
2630 4148 2663 4219 ἢ
2698 4149 2841 4202 κατά
2871 4149 3122 4216 γλῶσσαν
3158 4149 3506 4220 ἀνθρωπίνην
3553 4150 3633 4202 δεῖ
3673 4151 3770 4221 τῆς
3811 4151 4095 4222 εὐφημίας

2509 4240 2680 4312 αὐτῷ,
2710 4241 2826 4294 ἀλλ’
2840 4240 2933 4294 οὖν
2965 4241 3066 4294 οὐκ
3087 4241 3202 4293 ἔστι
3238 4241 3355 4304 δέος
3384 4241 3718 4306 ἀπαξιῶσειν
3742 4243 3844 4315 τήν
3871 4244 3970 4298 τοῦ.
4003 4245 4092 4296 λό-

2510 4352 2608 4405 γου
2640 4335 2961 4406 προαίρεσιν
2983 4335 3074 4389 διά
3094 4352 3154 4388 τε
3182 4335 3250 4388 τά
3279 4335 3435 4400 ἄλλα,
3470 4333 3567 4388 καὶ
3607 4337 3690 4389 ὅτι
3727 4337 3841 4398 τοῖς
3869 4337 4095 4389 πάντων

2511 4430 2915 4493 εὐτελεστάτοις
2945 4427 3348 4500 ἐξαρκούμενος
3394 4428 3634 4499 ἔχαιρεν.
3681 4428 3842 4482 Ἀλλά
3868 4430 4036 4482 τίνων
4065 4431 4094 4482 ὁ

2509 4522 2666 4590 λόγος
2707 4521 2999 4590 ἐγκωμίων
3044 4520 3276 4590 adverto;
3319 4519 3438 4574 τίνα
3469 4521 3746 4591 εὐφημίαν
3783 4521 4093 4591 προσοίσει,

2511 4607 2556 4683 ᾧ
2585 4615 2709 4676 τοὺς
2744 4613 2999 4676 ἐπαίνους
3039 4613 3073 4683 ή
3103 4611 3198 4665 τοῦ
3227 4611 3361 4665 Θεοῦ
3421 4613 3582 4680 σοφία
3613 4611 3894 4678 διέπλεξες
3931 4615 4016 4676 τίς
4039 4615 4095 4666 δέ

2513 4721 2574 4758 σε
2629 4702 2944 4776 προσειπὼν
3005 4703 3232 4774 μετρίαν
3291 4703 3371 4766 είς
3400 4702 3564 4772 τιμήν
3607 4702 3848 4772 ἥκουσαν
3878 4701 4093 4774 ἐξεύροι

2511 4796 2917 4870 προσηγορίαν;
2954 4797 3023 4849 Ἢ
3046 4797 3198 4849 οὐδὲν
3217 4796 3314 4867 μὲν
3345 4796 3496 4860 ίδιον,
3531 4796 3653 4850 οὐδὲ
3689 4795 3810 4850 νέον
3849 4795 4091 4869 εὕρημα,

2511 4889 2627 4944 ἀλλ’
2666 4890 2807 4944 αὐτά
2832 4885 3026 4954 ταῦτα,
3052 4889 3153 4942 ὃσα
3180 4890 3326 4942 πᾶσα
3353 4887 3577 4958 γλῶσσα
3599 4887 3920 4956 φθέγγεται,
3965 4894 4095 4958 περὶ

2512 4981 2607 5035 σοῦ
2637 4981 2706 5034 τὰ
2737 4980 2944 5034 παλαιά
2978 4982 3186 5045 ἐκεῖνα,
3219 4981 3255 5034 ἆ
3283 4997 3344 5032 σε
3389 4979 3532 5033 θεῖοι
3584 4979 3824 5051 χρησμοὶ
3885 4997 4096 5050 προαν-

2513 5075 2797 5148 ύμνησαν;
2824 5077 2946 5130 τίνα
2973 5075 3156 5146 φωνήν
3187 5074 3401 5145 βοῶσαν
3429 5075 3487 5127 ἐν
3533 5077 3599 5144 τῇ
3633 5075 3848 5146 ἐρήμῳ,
3881 5075 4095 5146 βοῶσαν

2513 5170 2616 5240 μὲν
2642 5169 2700 5223 ἐν
2743 5171 2957 5241 ἐρήμῳ,
3013 5169 3148 5221 πᾶσι
3182 5167 3237 5220 δὲ
3266 5170 3499 5240 πέρασιν
3542 5168 3956 5240 ἀπηχουμένην,
4000 5170 4094 5219 εύ-

2510 5259 2837 5330 τρεπίζοντα
2870 5258 3092 5330 τρίϐους
3132 5257 3231 5322 τὰς
3270 5259 3485 5320 εὐθείας
3519 5257 3748 5329 Κυρίου,
3795 5257 3868 5310 τά
3904 5258 4096 5311 σκολιὰ

2510 5350 2941 5416 κατευθύνοντα,
2982 5349 3377 5421 εὐαγγελιστήν
3425 5349 3697 5418 σωτηρίας
3728 5349 3807 5419 τῷ
3852 5350 3956 5421 Ίσε
3975 5352 4091 5421 αὴ),

2509 5442 2747 5513 ὑψοῦντα
2797 5441 2897 5513 τήν
2954 5441 3138 5511 φωνήν
3197 5444 3255 5494 ἐν
3293 5442 3437 5512 ἰσχύϊ
3465 5444 3532 5512 τῇ
3567 5440 3743 5505 Σιώνς
3774 5443 4000 5509 Λεγέτω
4033 5443 4093 5512 δή

2510 5538 2604 5588 καὶ
2632 5534 2726 5588 τοῦ
2752 5537 3077 5605 γεννήτορος
3105 5534 3231 5597 τοὺς
3261 5534 3565 5598 ἐπιτσκίους
3601 5535 3881 5597 ἐπαίνους,
3919 5533 4089 5605 βραχύ

2508 5644 2566 5680 τε
2598 5627 2974 5698 μεταποιήσας
3002 5626 3198 5689 αὐτοὺς
3225 5625 3360 5697 πρὸς
3383 5626 3442 5678 τὸ
3467 5626 3543 5696 τῷ
3567 5625 3747 5697 καιρῷ
3771 5627 4094 5700 προσφορά⁹

2508 5739 2682 5794 τερον.
2724 5720 2836 5792 Πρὸ
2877 5719 2971 5774 τοῦ
3008 5720 3265 5790 Ὑψίστου
3296 5721 3760 5792 προπεπόρευσαι,
3804 5723 4092 5795 προφήτης
