4182 6440
150 443 226 505 2'01
648 443 931 504 ORATIO
953 444 1107 506 XVI.
1136 468 1205 481 --
1235 444 1320 508 IN
1346 444 1978 507 DECOLLATIONEM
2012 446 2071 506 S.
2116 444 2441 507 JOANNIS
2468 445 2872 507 BAPTISTAE.

3262 448 3368 513 202

149 551 469 623 χρηματίζων
496 550 556 603 ἐν
582 552 764 622 νηπίῳ
803 551 880 623 τῷ
920 553 1173 621 γάλακτι,
1215 554 1308 607 καὶ
1346 554 1546 623 γνῶσιν
1575 572 1683 608 σω-

1788 554 2087 623 subipsum
2136 562 2289 608 tnuut
2323 560 2503 606 ortum
2531 552 2769 619 cecinit;
2808 559 3030 607 mutata
3056 553 3364 623 paululum,

146 646 307 713 τηρέας
330 643 410 713 τῷ
458 641 574 714 λαῷ
620 643 885 714 κηρύξας,
915 645 978 697 ού
1018 644 1177 715 μόνον
1205 645 1264 697 ὲν
1291 643 1526 713 σώματι,
1557 645 1693 700 ἀλλά

145 742 218 792 καὶ
243 738 408 806 δεσμά
436 738 539 806 τῆς
570 738 772 808 σαρκὸς
819 736 1177 807 ἀποθέμενος.
1221 738 1555 808 Προσθῶμεν
1584 738 1693 792 ῶσ-

144 848 227 899 περ
251 830 365 881 τινα
386 829 656 899 κορυφὴν,
689 828 785 881 καὶ
805 826 842 881 ἃ.
861 827 959 897 τῆς
989 829 1173 897 πηγῆς
1201 829 1301 896 τῆς
1332 829 1528 897 σοφίας
1549 828 1691 899 ἔχεις

145 922 496 992 προσρήματα.
532 920 751 985 Μείζων
781 921 839 973 ἐν
868 923 1150 991 γεννητοῖς
1200 921 1479 990 γυναικῶν
1516 922 1692 986 οὐδεὶς

142 1014 268 1084 ὤφθη
290 1031 378 1065 σου
414 1013 854 1084 ὲξεγηγερμένος
876 1029 894 1045 ο
927 1012 1227 1083 προφητῶν
1268 1013 1527 1067 ἁπάντων
1557 1014 1693 1068 άπο-

145 1107 256 1176 ;an
284 1107 339 1159 τὸ
365 1105 779 1177 περισσότερον,
810 1107 994 1159 ικεῖνα
1016 1106 1322 1177 θεωρήσας,
1368 1106 1553 1159 ἐκεῖνα
1587 1121 1694 1175 μη⁴

142 1199 298 1259 νύσας,
331 1197 546 1260 τούτοις
575 1196 991 1268 λειτουργήσας,
1023 1196 1060 1251 ἃ
1089 1198 1179 1252 διὰ
1201 1196 1484 1267 ωμὸόλων
1508 1197 1693 1259 αὐτοῖς

138 1291 387 1343 ὼπτάνετο
406 1307 421 1322 ο
456 1290 663 1344 τούτων
688 1290 1005 1353 ἀπολαύσας
1025 1328 1043 1354 ,
1082 1283 1159 1345 ὧν
1206 1290 1563 1361 ἐπεθύμησαν
1592 1290 1693 1359 μὲν

138 1381 362 1445 ἅπαντες,
380 1382 541 1451 ἔτυχε
562 1381 619 1436 δὲ
634 1381 831 1446 οὐδείς.
862 1383 1020 1450 Ἀρτι
1044 1398 1147 1448 σοι,
1174 1382 1475 1448 Βαπτιστά,
1499 1383 1560 1436 τὸ
1588 1382 1688 1453 βά-

138 1490 317 1540 πτισμα
339 1475 723 1544 παραγίνεται,
744 1475 773 1529 ὃ
797 1475 965 1531 πάλαι
983 1475 1084 1546 τῆς
1109 1476 1446 1544 Δεσποτικῆς
1480 1475 1693 1546 ἐζήτεις

136 1564 385 1634 παὶάμης,
420 1568 484 1620 ού
536 1568 744 1637 νάμασι
799 1566 1110 1639 ποταμίοις,
1155 1568 1291 1623 ἀλλὰ
1326 1568 1563 1639 ῥείθροις
1596 1566 1690 1622 τοῦ

136 1655 212 1707 σοῦ
246 1656 527 1728 λουόμενος
563 1659 815 1729 αἵματος.
846 1658 1016 1730 [Πλὴν
1057 1660 1154 1715 καὶ
1179 1660 1324 1714 οὕτω
1351 1661 1488 1732 πρὸς
1512 1661 1570 1714 σὲ
1598 1660 1691 1731 ἐρ-

136 1766 284 1815 χεται,
315 1743 357 1816 ᾧ
387 1751 559 1804 πάλαι
600 1752 663 1804 τὸ
692 1752 829 1806 πολὺ
862 1753 963 1824 τῆς
990 1753 1455 1822 συγκατασάσεως
1498 1754 1688 1808 ἐνεκά-

1799 653 1857 701 υι
1896 646 2008 701 sint
2044 643 2521 700 eonvenientiores
2550 644 2807 713 tempori.
2839 644 2977 699 Ante
3018 644 3367 703 Altissimum

1796 735 2076 808 prmivisti,
2129 735 2391 805 propheta
2447 736 2759 790 nominatus
2793 733 2861 800 “,
2914 751 3037 790 eum
3067 738 3250 793 adhuc
3284 740 3356 793 ah

1798 835 1966 889 ubere
1996 831 2194 889 matris
2215 832 2504 902 penderes,
2537 839 2591 884 et
2616 830 2814 900 populo
2855 830 3144 887 scientiam
3170 815 3368 891 salutis

1794 926 2158 993 annuntiasti,
2190 940 2299 979 non
2325 925 2501 979 solum
2537 923 2594 979 in
2626 938 2878 993 corpore,
2912 922 3009 979 sed
3040 925 3203 980 etiam
3238 944 3368 981 cor-

1794 1020 1945 1089 poris
1999 1020 2232 1075 nexibus
2285 1018 2589 1072 exsolutus.
2650 1015 2930 1073 Addamus
2988 1016 3195 1088 fastigii
3247 1020 3368 1075 loco

1794 1112 1908 1177 illa,
1944 1125 2066 1179 qua:
2092 1111 2158 1166 ah
2182 1110 2303 1179 ipso
2347 1107 2629 1178 sapientia:
2657 1106 2812 1163 fonte
2839 1115 3155 1163 manarunt.
3194 1105 3367 1177 Major

1797 1211 1849 1258 te
1903 1203 2047 1257 inter
2081 1210 2243 1257 natos
2290 1200 2583 1254 mulierum
2617 1215 2727 1255 non
2779 1201 3027 1270 apparuit
3056 1202 3126 1266 ’⁵,
3171 1214 3369 1255 omnes

1795 1295 2093 1364 prophetas
2117 1303 2173 1346 tu
2201 1291 2507 1356 antecedis,
2534 1290 2623 1345 illa
2664 1291 3068 1361 contemplans,
3097 1292 3188 1346 illa
3218 1307 3365 1346 nun-

1798 1386 1971 1450 tians,
1994 1393 2049 1439 et
2078 1384 2192 1440 illis
2238 1382 2616 1444 subserviens,
2651 1397 2775 1453 qua:
2804 1382 2972 1452 prisci
3006 1397 3104 1453 per
3129 1386 3366 1438 obseura

1793 1478 2059 1532 duntaxat
2091 1476 2339 1548 symbola
2363 1482 2731 1545 aspexerunt;
2764 1475 2833 1530 iis
2882 1476 3079 1531 fruitus
3114 1491 3197 1540 es,
3248 1490 3369 1545 qua:

1793 1583 1985 1624 omnes
2014 1569 2234 1639 quidem
2268 1567 2678 1634 desiderarunt,
2709 1574 2766 1621 at
2794 1582 2953 1623 nemo
2998 1567 3227 1639 adeptus
3262 1576 3367 1623 est.

1792 1658 1972 1722 Nune,
2002 1674 2034 1712 ο
2069 1658 2335 1730 Baptista,
2361 1658 2517 1713 adest
2544 1658 2849 1727 baptisma,
2881 1656 3027 1726 quod
3059 1673 3089 1711 ιι
3154 1656 3369 1712 Domini

1793 1764 1960 1804 manu
1982 1748 2113 1803 olim
2145 1748 2484 1820 postulabas,
2511 1762 2621 1802 non
2645 1747 2802 1802 ﬂuvii
2837 1747 3028 1812 undis,
3064 1748 3158 1802 sed
3197 1747 3370 1802 ﬂuen-

134 1844 244 1904 ).e:;.
274 1842 507 1912 Φθέγξαι
533 1845 712 1907 κάκεῖ,
739 1846 874 1898 ὅπου
907 1844 1000 1899 νῦν
1022 1846 1174 1911 ἄπει,
1196 1845 1291 1899 τοῦ
1314 1846 1461 1899 θείου
1488 1844 1683 1917 ’Λμνοῦ

1794 1843 1866 1898 tis
1895 1843 1971 1898 tui
2012 1843 2297 1915 sanguinis
2323 1843 2566 1898 ablutus.
2594 1840 2865 1897 Caeterum
2898 1850 2951 1895 et
2976 1841 3085 1895 hoc
3118 1839 3278 1894 modo
3303 1840 3371 1893 ad

132 1937 213 2003 τήν
243 1936 538 2006 ἐνέργειαν,
569 1938 669 2009 τὴν
699 1939 766 1991 δι’
801 1941 1013 1993 ἐκεῖνον
1052 1939 1163 1993 τῶν
1193 1941 1479 2010 ἁμαρτιῶν
1508 1940 1683 2011 ἄρσιν,

1793 1945 1846 1991 te
1878 1936 2028 1990 venit
2062 1936 2176 2000 ille,
2214 1936 2285 1990 de
2318 1936 2477 2005 cujus
2512 1933 2684 1989 nimia
2706 1932 3041 1989 demissione
3070 1933 3201 1986 olim
3230 1946 3365 2001 que-

132 2032 209 2080 καὶ
236 2029 631 2100 ἀπολύτρωσιν.
664 2031 881 2085 Μᾶλλον
918 2032 963 2085 δ’
991 2032 1085 2086 ἐπὶ
1129 2032 1306 2103 τούτῳ
1336 2033 1686 2104 προφθάνεις,

133 2120 202 2170 ἵνα
246 2122 335 2173 καὶ
363 2122 580 2185 τούτοις
623 2122 685 2176 τό
716 2123 807 2176 σὺν
861 2124 1043 2195 ἠχήσῃ
1076 2124 1359 2194 κήρυγμα,
1405 2122 1689 2194 ἐλεύθερον

133 2212 351 2280 ἀπειλῆς.
384 2216 463 2267 Οὐ
495 2216 602 2285 γὰρ
629 2215 812 2285 δεήσει
852 2220 915 2288 τῇ
943 2216 1101 2288 ἀξίνῃ
1132 2218 1227 2270 καὶ
1275 2220 1340 2288 τῇ
1386 2219 1528 2288 τομῇ
1562 2218 1687 2282 τοὺς

133 2303 228 2354 ἐκεῖ
252 2305 805 2377 ταλαιπωρουμένους
852 2307 1059 2375 φοϐεῖν,
1109 2308 1231 2362 οὐδὲ
1264 2308 1326 2361 τὸ
1366 2307 1478 2379 πῦρ
1508 2310 1597 2361 καὶ⁹
1627 2309 1687 2362 τὸ

130 2394 304 2461 ἄχυρον
328 2397 773 2466 προσεπιλέγειν,
805 2398 940 2451 ἀλλὰ
971 2397 1178 2469 φθέγξῃ
1219 2398 1406 2469 φωνὴν
1430 2398 1686 2469 ψυχαγω-

130 2484 232 2547 γίας
255 2486 480 2557 μεστὴν,
509 2488 685 2558 χαρὰν
727 2487 1141 2553 ἀποστάζουσαν
1162 2506 1177 2519 ο
1209 2490 1425 2560 ὀφθήσῃ
1447 2492 1559 2553 τοῖς
1590 2490 1690 2543 ἀπ’

128 2577 294 2638 αἰῶνος
325 2580 382 2631 ἐν
412 2578 544 2649 ᾅδου
575 2579 834 2649 δεσμίοις,
861 2580 1042 2650 θέαμα
1061 2581 1331 2647 ποθεινὸν,
1356 2584 1684 2653 προφήταις,

128 2669 496 2739 πατριάρχαις,
579 2671 831 2734 δικαίοις,
908 2671 1260 2736 Ἀναϐιώσεις
1318 2672 1514 2736 αὐτοὺς
1574 2674 1686 2733 τοῖς

126 2759 441 2826 εὐαγγελίοις
466 2802 483 2828 ,
540 2765 636 2816 καὶ
683 2764 790 2833 πρὸ
849 2763 952 2834 τῆς
1007 2764 1123 2817 ἐκεῖ
1176 2763 1533 2827 καταϐάσεως
1584 2763 1686 2832 τῆς

126 2850 275 2920 Ζωὴς,

1791 2027 2295 2082 rebaris.Pr.'edica
2348 2035 2403 2081 et
2451 2025 2636 2091 isthic,
2687 2039 2799 2095 quo
2830 2038 2980 2080 nunc
3030 2024 3173 2090 abis,
3200 2022 3367 2077 divini

1792 2119 1927 2187 Λαιιὶ
1958 2119 2063 2173 vint
2091 2127 2144 2171 et
2176 2117 2468 2181 actionem,
2500 2131 2774 2186 Operaque
2803 2116 2971 2179 illius,
2989 2123 3212 2185 peccata
3235 2116 3367 2169 sub-

1791 2212 1999 2274 latum,
2049 2220 2104 2266 et
2148 2210 2579 2280 redemptionem
2610 2209 2874 2264 donatum
2940 2210 3030 2263 iri.
3081 2207 3224 2274 Quin
3264 2208 3368 2263 hoc

1789 2306 2035 2361 consilio
2068 2320 2135 2360 eo
2189 2306 2339 2376 prior
2363 2314 2415 2360 te
2447 2304 2672 2373 recipis,
2705 2310 2766 2357 ut
2795 2312 2849 2357 et
2902 2302 3023 2357 istis
3052 2302 3369 2372 praedicatio

1794 2406 1886 2450 tua
1916 2398 2247 2461 innotescat,
2284 2394 2354 2449 ab
2385 2394 2643 2448 omnibus
2692 2392 2805 2462 jam
2832 2391 3001 2446 libera
3022 2392 3217 2456 minis;
3246 2406 3356 2444 non

1788 2489 1931 2541 enim
1963 2486 2076 2557 jam
2125 2486 2309 2542 securi
2352 2492 2407 2539 et
2433 2483 2719 2539 excisiune
2775 2497 2913 2553 opus
2942 2483 3048 2537 erit
3086 2491 3363 2552 perterre-

1787 2577 1965 2634 facere
2013 2579 2158 2643 illos,
2193 2578 2284 2647 qui
2339 2576 2439 2630 tibi
2468 2590 2593 2629 cum
2652 2574 2913 2629 arumnis
2958 2573 3366 2636 conﬂictantur,

1790 2687 1968 2741 neque
2002 2671 2183 2741 ignem
2219 2680 2274 2723 et
2299 2668 2485 2738 paleas
2508 2680 2973 2730 commemorare;
3029 2667 3125 2721 sed
3176 2681 3365 2719 vocem

1789 2761 2194 2817 consolationis
2243 2757 2623 2828 plenissimam
2659 2756 2928 2825 proferes,
2987 2769 3175 2811 vocem
3234 2771 3367 2826 gau-

1790 2854 1938 2909 dium
1968 2854 2286 2910 stillantem.
2323 2849 2517 2905 Venies
2558 2850 2761 2904 vinctis
2790 2864 2822 2902 a
2859 2848 3062 2904 szeculo
3091 2846 3235 2916 apud
3282 2848 3367 2899 in-

126 2942 265 3006 feros,
288 2954 517 3015 aspectu
539 2947 1001 3016 jucundissimus,
1024 2948 1325 3020 prophetis,
1356 2945 1912 3019 patriarehis,justis.
1948 2943 2327 3025 Resuscitabis
2367 2956 2463 2998 eos
2503 2940 2570 2995 ad
2597 2941 2759 2996 vitam
2797 2945 2877 2998 his
2907 2950 3016 2994 tam
3060 2942 3196 2995 lastis
3222 2955 3370 2997 nun-

124 3038 217 3103 tiis,
244 3042 405 3094 etiam
440 3052 740 3112 antequam
762 3040 883 3097 Vita
914 3057 982 3098 eo
1008 3042 1329 3098 descendat.

188 3222 542 3293 Ἡσθήσονται
571 3223 811 3295 Μωῦσῆς
839 3226 934 3278 καὶ
963 3225 1175 3297 Ἀαρὼν
1205 3225 1406 3290 ἰδόντες
1434 3226 1525 3280 τὸν
1550 3242 1679 3294 συγ-

1852 3224 2213 3280 Laztahuntur'
2264 3224 2480 3295 Moyses
2524 3233 2580 3281 et
2609 3224 2797 3282 Aaron
2862 3223 2981 3281 viso
3020 3235 3255 3296 cognato
3295 3243 3364 3284 ex

120 3316 231 3385 γενῆ
262 3316 350 3369 τὸν
386 3318 454 3369 ὲκ
510 3316 610 3386 τῆς
673 3318 1074 3386 ’Λαρωνίτιδος.
1119 3319 1438 3373 Ἀκούσεται
1494 3320 1550 3373 δὲ
1587 3322 1678 3373 καὶ

127 3406 333 3470 Ἡσαΐας
357 3408 651 3479 φωνούσης
680 3408 749 3462 τὰ
769 3408 888 3463 θεῖα
913 3411 1207 3481 μυστήρια,
1228 3406 1296 3484 ἦς
1320 3410 1679 3471 πά).αι;Πνεύ-

123 3517 265 3567 ματος
309 3500 408 3553 diti
439 3501 575 3572 θείῳ
614 3502 799 3572 φωνῆς
850 3502 1174 3573 ἐπήκουσεν.
1224 3503 1451 3575 ’ᾼσεται
1490 3504 1546 3558 δὲ
1585 3505 1679 3559 καὶ

120 3592 260 3644 Δαδὶδ
307 3595 334 3645 ό
370 3594 667 3664 προφήτης
718 3594 817 3648 καὶ
874 3593 1150 3665 βασιλεὺς,
1183 3597 1279 3650 καὶ
1315 3596 1539 3667 κρούσει
1582 3598 1679 3670 τὴν

118 3683 282 3754 λύραν.
333 3686 706 3757 Σκιρτήσουσι
765 3687 964 3751 πάντες
1010 3689 1061 3741 oi
1100 3688 1322 3755 δίκαιοι,
1383 3690 1480 3743 καὶ
1536 3691 1678 3759 φίλοι

119 3779 253 3844 Θεοῦ,
282 3782 374 3835 τὸν
405 3782 747 3853 Βαπτιστὴν,
798 3785 891 3838 καὶ
920 3782 1092 3851 φίλον,
1130 3786 1226 3837 καὶ
1254 3785 1462 3839 δίκαιον
1509 3805 1679 3857 προσ-

119 3871 388 3940 εληλυθότα
410 3874 705 3944 θεώμενοι.
745 3874 886 3927 Ἀλλ’
905 3870 951 3930 ὦ
976 3876 1294 3947 παραδόξως
1320 3878 1418 3949 μὲν
1445 3880 1675 3949 τεχθεὶς,

120 3966 538 4038 παραδοξοτέραν
572 3967 630 4020 δὲ
657 3967 914 4034 διανύσας
939 3968 1107 4040 ζωὴν,
1126 3971 1223 4025 καὶ
1256 3972 1345 4027 διά
1379 3974 1679 4043 μαρτυρίου

118 4058 235 4122 πρὸς
275 4059 373 4127 τὴν
432 4059 709 4113 ἀθάνατον
740 4060 885 4131 ζωὴν
918 4064 1334 4134 μεταχωρήσας,
1380 4065 1541 4135 δέχου
1583 4066 1681 4135 μὲν

116 4144 252 4214 ἡμῶν
292 4148 451 4216 ἰλεως
472 4149 576 4221 τὴν
606 4151 836 4225 μετρίαν
870 4154 1077 4227 ταύτην
1121 4154 1216 4211 τοῦ
1248 4155 1407 4228 λόγου
1450 4158 1681 4231 προσέντ·

118 4239 231 4305 εξιν,
253 4244 401 4315 πόθῳ
426 4244 854 4317 τεθαρρηκότων
883 4249 1120 4326 ἅψασθαι
1158 4251 1265 4305 τῶν
1283 4252 1391 4305 σῶν
1421 4253 1679 4320 ἐπαίνων,

119 4330 254 4386 ἵλεων
273 4334 329 4387 δὲ
362 4336 685 4407 άπέργασαι
712 4339 805 4393 τὸν
839 4341 1138 4411 Δεσπότην,
1192 4343 1286 4397 καὶ⁵
1313 4345 1446 4415 ἡμῖν
1478 4346 1575 4415 μὲν
1603 4340 1683 4410 οἷς

117 4425 165 4474 τὸ
191 4426 347 4478 αὑτοῦ
375 4429 637 4497 ποίμνιον
664 4429 731 4483 δι’
757 4432 963 4501 ἄφατον
986 4434 1321 4505 ἐνεχείρισας
1347 4436 1680 4508 ἀγαθότητα,

117 4517 195 4569 καὶ
246 4519 322 4589 τῷ
352 4521 600 4591 ποιμνίῳ
628 4523 706 4584 δὲ,
742 4523 809 4576 δι’
860 4525 955 4590 οὓς
986 4527 1047 4580 τὸ
1079 4527 1379 4601 καθάρσιον
1404 4526 1543 4601 αἷμα
1570 4534 1679 4586 ἐκέ-

115 4625 261 4663 νωσε·
285 4616 379 4665 καὶ
402 4613 506 4667 νῦν
529 4614 631 4683 μὲν
652 4615 793 4670 δίδου
827 4619 974 4688 ἡμᾶς
1006 4619 1163 4689 ἄγειν
1188 4638 1250 4675 τε
1277 4623 1371 4677 καὶ
1406 4624 1680 4679 ἰθύνεσθαι

115 4702 206 4754 τῶν
238 4704 464 4774 θηρίων,
504 4708 622 4759 ὅσοι
651 4725 710 4760 τε
740 4709 1008 4779 ὁρώμενοι
1061 4713 1390 4780 ἐπιπηδῶσι,
1428 4717 1523 4769 καὶ
1566 4718 1683 4770 ὅσοι

114 4796 313 4863 ἀῖτίνῶς
343 4799 750 4870 ἐνεδρεύουσιν,
781 4804 1155 4873 ἀπημάντους,
1178 4807 1273 4859 καὶ
1293 4808 1683 4864 ἀνεπιϐουλεύ-

112 4903 238 4953 τους.
274 4892 432 4945 Ἔστι
464 4910 554 4946 σοι
604 4893 665 4947 τὺ
711 4894 930 4967 θαρῤεἶν
968 4898 1044 4962 ὡς
1082 4900 1221 4971 φίλῳ
1246 4902 1339 4954 καὶ
1380 4902 1679 4976 Βαπτιστῇ.

114 4978 165 5031 Εἰ
189 4982 241 5033 δὲ
272 4986 366 5037 καὶ
390 4984 499 5055 τῆς
529 4984 784 5039 ἐντεῦθεν
812 4986 960 5057 ζωῆς
990 4993 1440 5063 μεταχωροίημεν
1462 5034 1475 5055 ,
1533 4994 1688 5047 ἀνεύ-

113 5068 250 5123 θυνον
283 5075 435 5145 αύτῷ
458 5076 803 5146 παραδοῦναι
829 5079 918 5132 τὸν
947 5079 1105 5147 λόγον
1132 5084 1229 5151 τῆς
1274 5083 1568 5153 βασιλείας,
1618 5080 1685 5157 ἦς

112 5160 479 5233 ἐπιτροπεύειν
503 5166 831 5238 κατέστησε,
851 5169 947 5222 καὶ
974 5170 1073 5240 τῆς
1100 5170 1381 5243 άδιαδόχου
1403 5174 1560 5245 δόξης
1585 5177 1684 5247 τῆς

110 5253 255 5305 αὐτοῦ
288 5256 583 5326 βασιλείας
602 5258 922 5331 ἀξιωθῆναι,
941 5256 1023 5326 οἷς
1050 5263 1249 5329 πάντες
1273 5268 1687 5342 ἀπολαύσαιμεν

110 5347 187 5399 καὶ
204 5348 356 5415 ἐλέει,
382 5351 485 5404 καὶ
511 5349 896 5426 φιλανθρωπίᾳ
924 5356 1086 5410 αὑτοῦ
1115 5356 1209 5411 τοῦ
1236 5362 1678 5433 πτωχεύσαντος,

114 5440 194 5490 καὶ
219 5441 331 5494 υἱοῦ
361 5442 663 5513 ἀνθρώπου
686 5446 1123 5517 χρηματίσαντος
1151 5450 1218 5505 δι’
1242 5453 1410 5525 ἡμᾶς,
1443 5454 1509 5509 ἵν’
1535 5458 1681 5528 ἡμᾶς

116 5531 356 5608 πλουτίσῃ
388 5536 491 5589 καὶ
522 5537 677 5599 υἱοὺς
703 5536 840 5591 Θεοῦ
872 5541 1275 5613 ἀπεργάσηται,
1298 5539 1343 5613 ᾧ
1373 5548 1406 5617 ή
1436 5547 1562 5613 δόξα
1588 5552 1685 5605 καὶ

111 5621 163 5674 τὸ
181 5627 373 5696 κράτος
396 5627 499 5682 νῦν
527 5628 629 5681 καὶ
656 5630 764 5694 ἀεὶ,
797 5632 889 5685 καὶ
916 5632 997 5696 εἰς
1025 5634 1153 5698 τοὺς
1184 5636 1386 5703 αίῶνας
1412 5638 1520 5696 τῶν
1549 5643 1680 5699 alth-

116 5733 219 5773 νων.
258 5719 453 5793 Ἀμήν.

174 5899 212 5927 ⁸⁵
246 5898 374 5956 Luc.
411 5918 450 5968 t,
482 5902 581 5959 7G.
659 5905 705 5938 ³⁵
730 5902 919 5965 Matth.
942 5925 1019 5974 ιι,
1058 5909 1114 5965 ll
1145 5928 1159 5980 ;
1186 5908 1321 5972 Luc.
1346 5930 1442 5985 vn,
1463 5913 1557 5973 28.

1784 3316 2022 3373 Aaronis
2047 3316 2180 3371 tilia.
2210 3316 2411 3373 Audiet
2443 3324 2498 3372 et
2524 3315 2697 3372 Isaias
2720 3331 2910 3371 vocem
2947 3319 3211 3388 mysteria
3237 3333 3371 3390 pan-

1778 3404 2017 3473 dentem,
2054 3423 2217 3477 quam
2270 3408 2398 3463 olim
2427 3407 2541 3477 jam
2594 3408 2779 3464 divina
2821 3405 3057 3479 Spiritus
3094 3424 3227 3466 voce
3273 3426 3374 3468 au-

1781 3500 1980 3556 dierat.
2047 3502 2219 3556 Canet
2258 3517 2478 3571 quoque
2529 3500 2703 3557 David
2744 3502 3011 3573 propheta
3060 3512 3115 3558 et
3164 3519 3283 3567 rex.
3317 3516 3375 3561 et

1780 3591 1956 3661 lyram
1990 3589 2252 3659 pulsabit.
2278 3589 2548 3645 Exsilient
2574 3604 2767 3645 omnes
2803 3590 2939 3660 justi
2964 3599 3020 3646 et
3054 3592 3220 3647 amici
3277 3594 3373 3651 Dei

1782 3694 1907 3733 eum
1953 3679 2195 3734 viderint
2226 3678 2529 3750 Baptistam
2560 3690 2613 3736 et
2657 3682 2917 3748 amicum,
2948 3690 3004 3738 et
3025 3684 3237 3752 justum
3273 3684 3375 3740 ad-

1781 3778 2049 3825 ventasse.
2065 3770 2156 3837 At,
2178 3785 2211 3824 ο
2229 3771 2321 3840 qui
2355 3782 2549 3841 praeter
2571 3773 2881 3842 opinionem
2912 3784 3073 3830 natus
3097 3789 3179 3843 es,
3198 3783 3249 3831 et
3274 3777 3375 3830 ad-

1783 3860 1889 3916 huc
1912 3863 2081 3932 magis
2102 3872 2301 3933 praeter
2328 3864 2641 3934 opinionem
2671 3878 2894 3920 cursum
2910 3866 3034 3921 vita:
3058 3865 3372 3933 confecisti,

1780 3949 1873 4021 qui
1902 3964 1997 4018 per
2026 3951 2346 4022 martyrium
2376 3951 2444 4005 ad
2478 3951 2841 4021 immortalem
2872 3954 3049 4010 vitam
3071 3956 3367 4020 transiisti,

1784 4045 1969 4113 accipe
2015 4045 2287 4113 prepitius
2354 4044 2458 4099 huc
2505 4044 2786 4100 levidense
2843 4045 3111 4101 orationis
3168 4056 3372 4102 nostrae

1784 4138 2188 4206 munusculum,
2221 4138 2366 4211 quod
2388 4140 2658 4196 desiderio
2679 4139 3015 4198 laudestuas
3054 4140 3369 4199 celebrandi

1783 4228 1972 4292 olfero,
2047 4229 2454 4299 propitiumque
2521 4228 2686 4283 redde
2736 4229 3050 4296 Dominum,
3105 4240 3161 4286 et
3189 4234 3371 4300 nobis,

1785 4319 1985 4389 quibus
2011 4319 2192 4391 gregis
2217 4319 2364 4374 illius
2398 4334 2493 4389 per
2512 4319 2837 4375 immensam
2865 4329 3015 4375 tuam
3049 4322 3370 4385 bonitatem,

1786 4425 1975 4466 curam
2004 4412 2352 4476 commisisti,
2398 4418 2453 4465 et
2480 4412 2592 4481 ipsi
2626 4412 2797 4483 gregi,
2829 4412 2991 4483 cujus
3037 4414 3371 4469 emundandi

1787 4502 1962 4571 gratia
2000 4502 2319 4572 sanguinem
2358 4502 2514 4557 fudit.
2542 4500 2608 4553 Et
2638 4518 2784 4557 nunc
2821 4504 3085 4569 concede,
3128 4515 3187 4560 nt
3216 4521 3372 4576 rega-

1714 4575 1755 4630 Ῑ)
1791 4607 1915 4646 mus
1972 4599 2026 4646 et
2082 4605 2362 4661 regamur,
2407 4605 2440 4646 a
2492 4590 2711 4656 bestiis,
2767 4598 2879 4647 tam
2922 4609 3044 4663 quae
3092 4575 3369 4659 videntur,

1785 4696 1953 4751 quam
2017 4697 2139 4751 qua:
2169 4682 2389 4736 occulte
2446 4682 2679 4738 insidias
2716 4684 2974 4749 tendunt,
3007 4686 3282 4742 immunes
3314 4697 3369 4742 et

1784 4771 1963 4826 illaesi.
1987 4770 2211 4827 Fiducia
2235 4772 2330 4827 tibi
2360 4774 2600 4843 suppetit
2644 4783 2903 4845 tanquam
2955 4778 3137 4832 amico
3182 4790 3237 4833 et
3266 4779 3371 4833 Ba-

1786 4862 1987 4932 ptistte.
2054 4860 2212 4929 Quod
2256 4864 2303 4918 si
2356 4863 2483 4918 hinc
2518 4865 2877 4932 excedamus,
2923 4868 3097 4932 ellice,
3130 4870 3371 4923 utinno-

1786 4956 1932 5009 xiam
1962 4963 2015 5011 et
2036 4956 2283 5011 criminis
2309 4964 2589 5028 expertem
2623 4958 2893 5013 rationem
2919 4959 3219 5015 reddamus
3264 4962 3370 5015 inr-

1783 5048 1920 5119 perii
1946 5048 2340 5112 administrati,
2366 5049 2452 5104 eui
2483 5065 2585 5105 nos
2620 5050 2896 5120 praefecit;
2918 5060 2974 5108 et
3006 5060 3067 5108 ut
3099 5062 3369 5124 perpetua

1783 5142 1934 5210 regni
1964 5139 2206 5196 eteleslis
2237 5142 2411 5209 gloria
2459 5141 2609 5212 digni
2652 5142 2975 5209 habeamur,
2998 5160 3107 5214 qua
3152 5146 3365 5202 utinam

1782 5247 1973 5288 omnes
2017 5230 2269 5288 fruamur
2300 5232 2680 5289 misericordia
2745 5243 2799 5290 et
2830 5235 3175 5293 humanitate
3222 5237 3365 5309 ejus,

1787 5323 1881 5393 qui
1934 5338 2031 5393 pro
2062 5323 2222 5379 nobis
2278 5338 2483 5393 egenus
2510 5322 2711 5392 factus,
2740 5333 2794 5380 et
2819 5325 2963 5382 filius
2994 5325 3236 5382 hominis
3263 5342 3367 5399 ap-

1788 5416 1979 5487 pellari
2028 5414 2282 5485 dignatus
2331 5422 2434 5479 est,
2496 5424 2558 5470 ut
2613 5432 2715 5474 nos
2767 5418 2967 5476 divites
3006 5428 3061 5476 et
3090 5422 3237 5478 filios
3269 5420 3363 5479 Dei

1789 5506 2043 5571 ediceret,
2077 5506 2165 5561 cui
2194 5506 2365 5578 gloria
2395 5514 2446 5560 et
2469 5510 2707 5578 potentia
2773 5525 2920 5565 nunc
2955 5519 3009 5566 et
3034 5525 3266 5582 semper,
3310 5520 3367 5567 et

1793 5597 1847 5654 i-n
1887 5597 2086 5654 szecula
2106 5599 2452 5655 saeculorum.
2478 5598 2672 5655 Amen.
