4182 6440
756 391 866 461 203

1319 517 1578 573 ORATIO
1605 517 1771 573 XVII.

758 612 973 679 Leonis,
1001 611 1207 665 Christi
1230 610 1385 681 Regis
1423 614 1609 666 a'terui
1645 615 1845 682 gratia,
1878 614 2234 681 imperatoris.
2274 615 2328 668 in

829 684 1223 739 celeberrimum
1252 683 1702 746 arcliiprn'sulem,
1740 684 1989 739 Ecclesia:
2019 684 2338 752 splendidis-

832 758 1026 811 simum
1051 754 1318 809 luminare
1358 756 1643 824 mirificum
1672 770 1921 824 magnum
1960 756 2266 810 Nicolaum.

1987 406 2264 465 LEONIS
2294 406 2387 464 ΡΗ
2402 406 2419 462 l
2434 406 2751 467 LOSOPHI

3914 409 4020 473 204

3049 525 3265 578 ΛΟΓοΣ
3305 526 3404 582 lZ'.

2435 612 2693 672 Δέον-το(-
2734 613 2834 683 (1).
2883 615 2951 666 ἐν
2982 613 3214 679 Χριστῷ
3256 616 3515 679 ,βασιλεῖ
3569 617 3785 683 αίωνίῳ
3836 616 4025 679 ,ϐασι-

2513 685 2687 749 λέως,
2712 689 2800 755 είς
2836 687 2943 738 τὸν
2975 687 3043 737 ἐν
3083 686 3425 754 ἀρχιερεῦσι
3453 688 3600 741 Θεοῦ
3644 689 4019 755 περιϐόητον,

2512 756 2613 807 καὶ
2660 754 2769 822 τῆς
2820 756 3184 828 Ἐκκλησιάς
3258 759 3654 825 φαεινότατον
3696 756 4025 828 λαμπτῆρα

2513 827 2967 895 θαυματουρτὸν
2988 828 3181 895 μέγαν
3195 829 3526 884 Νικόλαον.

1204 918 1388 982 (Edidit
1412 919 1589 969 Petrus
1611 920 1858 979 Possntos,
1882 919 2147 971 Societatis
2169 922 2288 971 Jesu
2318 919 2605 985 presbyter,
2636 919 2829 970 Tolosa;
2865 921 3161 981 MDCXLIV,
3187 923 3317 985 in-t,
3342 923 3400 973 Π
3427 923 3567 986 pag.)

827 1003 1281 1074 Quandoquidem
1306 1004 1609 1059 delectatur
1633 1004 1777 1058 Deus
1794 1020 2076 1059 servorum
2102 1022 2329 1061 suorum

758 1096 1061 1151 honoribus
1088 1112 1103 1162 ;
1134 1109 1238 1147 non
1269 1094 1416 1166 quod
1444 1110 1701 1164 magnum
1733 1103 1889 1165 putet
1921 1097 2179 1151 honorari
2210 1097 2335 1153 illos

758 1204 900 1259 quos
926 1188 1042 1258 ipse
1066 1186 1208 1257 apud
1241 1202 1302 1242 se
1328 1188 1622 1256 occupavit
1648 1188 1857 1243 honore
1881 1188 2163 1245 cumulare
2192 1206 2207 1256 ;
2237 1189 2333 1245 sed

758 1280 903 1351 quod
932 1281 985 1334 in
1013 1279 1132 1348 ejus
1165 1278 1340 1332 laudis
1370 1286 1627 1333 auctores
1658 1278 1929 1347 praecipua
1964 1296 2030 1335 ex
2068 1294 2132 1334 ea
2178 1294 2335 1335 com-

757 1372 919 1426 moda
960 1372 1289 1435 redundent,
1342 1378 1531 1441 utpote
1577 1382 1731 1426 tanto
1775 1372 2061 1426 illustriori
2087 1372 2333 1429 vicissim

755 1466 944 1537 gratia:
971 1466 1147 1521 reditu
1178 1466 1613 1521 remunerandos
1641 1474 1851 1535 quanto
1879 1473 1934 1521 et
1966 1466 2333 1523 abundantius

758 1558 958 1612 habent
981 1558 1125 1612 unde
1149 1557 1434 1627 magniﬁce
1463 1556 1765 1627 largiantur
1791 1557 1825 1610 ii
1850 1558 1941 1626 qui
1966 1557 2330 1623 honorantur,

755 1659 810 1705 et
841 1651 907 1704 ad
936 1651 1074 1721 grati
1106 1651 1271 1704 animi
1309 1649 1570 1703 tuendum
1602 1649 1839 1703 officium
1874 1649 2151 1707 civiliores
2181 1659 2331 1716 sunt,

756 1760 855 1813 age
895 1752 1209 1798 nostrarum
1261 1757 1446 1797 rerum
1486 1742 1731 1796 omnium
1783 1743 2023 1797 maxima
2073 1758 2333 1814 magnum

755 1837 811 1890 in
861 1834 1210 1905 pontiﬁcibus
1260 1832 1353 1889 Dei
1405 1834 1712 1904 pontiﬁcem
1773 1834 2129 1891 honoremus.
2190 1834 2331 1901 Quid

2522 1006 2855 1077 Ἐπειδήπερ
2910 1005 3089 1077 χαίρει
3140 1006 3274 1069 Θεὸς
3321 1009 3445 1069 ταῖς
3464 1007 3575 1059 τῶν
3606 1005 3823 1061 οἰκείων
3852 1007 4024 1079 θερα-

2440 1097 2653 1151 πόντων
2691 1100 2880 1168 τιμαῖς
2904 1113 2919 1129 ⁸
2948 1099 3009 1150 οὐ
3047 1098 3131 1157 ,δι’
3193 1090 3268 1152 ὧν
3318 1099 3587 1167 τιμῶνται
3622 1098 3717 1162 οὓς
3746 1100 3857 1167 ἔχει
3887 1099 4026 1170 παρ’

2441 1191 2589 1261 αὐτῷ
2616 1193 2877 1262 τιμήσας,
2907 1191 3023 1245 ἀλλ’
3052 1192 3135 1244 δτι
3181 1191 3275 1245 καὶ
3313 1192 3428 1253 τοῖς
3458 1192 3718 1261 ἐργάταις
3748 1191 3843 1245 τοῦ
3876 1193 4025 1263 πρά-

2441 1301 2651 1353 γματος
2695 1284 2765 1336 τὰ
2812 1285 2877 1337 ὲκ
2921 1283 3116 1337 τούτου
3172 1283 3341 1355 κέρδη
3382 1282 3717 1353 ἀσύγκριτα,
3753 1285 4026 1349 ,τοσοῦτον

2444 1373 2793 1444 ἐντιμοτέρας
2836 1375 3071 1445 ἀμοιϐῆς
3157 1374 3345 1438 αὐτοῖς
3402 1376 3976 1446 ἀντιπαραγινομένης
4008 1417 4024 1441 ,

2440 1467 2565 1520 ὅσον
2593 1466 2672 1529 είς
2700 1482 2759 1518 τε
2805 1468 2867 1519 τὸ
2895 1470 3199 1538 παρασχεῖν
3247 1468 3685 1537 μεγαλοπρεπῶς
3722 1468 3940 1537 ἔχουσιν
3972 1471 4023 1522 el

2438 1556 2763 1627 τιμώμενοι,
2814 1558 2909 1611 καὶ
2961 1560 3137 1629 μέτρα
3194 1562 3382 1630 τηρεῖν
3442 1561 3866 1631 εὐγνωμοσύνης
3918 1563 4026 1615 είσὶ

2437 1647 2768 1718 δεξιώτεροι.
2803 1649 2939 1719 Φέρε
2970 1650 3034 1720 δὴ
3058 1650 3137 1717 τῷ
3167 1652 3409 1722 μεγίστῳ
3440 1652 3549 1705 τῶν
3580 1652 3710 1722 παρ’
3740 1655 3897 1723 ἡμῖν,
3929 1654 4025 1706 τὸν

2438 1741 2615 1810 μέγαν
2653 1742 2710 1793 ὲν
2731 1740 3049 1811 ἀρχιερεῦσι
3103 1741 3239 1795 Θεοῦ
3273 1742 3523 1813 τιμῶμεν
3559 1744 3845 1814 ἀρχιερέα.
3877 1745 4023 1798 Τίδὲ

2434 1828 2700 1892 τοιοῦτον,
2728 1824 2843 1883 οἷον
2873 1830 3052 1898 λόγος,
3084 1826 3129 1899 ᾦ
3153 1833 3300 1902 μόνῳ
3321 1832 3429 1883 τῶν
3461 1831 3634 1886 ἄλλων
3679 1832 4019 1903 κρατοῦμεν,

756 1939 936 1984 autem
974 1929 1110 1982 tanti
1157 1914 1242 1982 est
1268 1931 1457 1999 quanti
1489 1929 1685 1992 oratio,
1717 1944 1822 1998 qua
1848 1943 1955 1983 una
1984 1927 2197 1984 ceteris
2230 1941 2329 1981 ex-

2439 1925 2533 1976 καὶ
2565 1916 2609 1991 ᾧ
2637 1922 2698 1975 τὸ
2720 1922 2950 1986 θεοειδὲς
2971 1924 3069 1993 τῆς
3098 1922 3334 1991 γεώδους
3362 1924 3506 1986 ἰλύος
3528 1925 4019 1995 ἀνακαθαίροντες,

756 2023 1005 2075 cellimus
1049 2022 1316 2088 cujusque
1360 2020 1625 2074 beneﬁcio
1671 2019 1998 2075 Deiformem
2042 2032 2246 2090 partem
2297 2034 2329 2074 a

2438 2016 2545 2069 ὅσοι
2570 2032 2633 2083 γε
2661 2014 2721 2067 οὐ
2748 2014 3006 2086 ῥᾳθύμως
3026 2015 3119 2069 τοῦ
3154 2016 3355 2069 οἰκείου
3390 2017 3619 2079 κάλλους
3662 2018 4024 2071 ὲπαισθάνον-

756 2112 1003 2165 terrestri
1053 2111 1404 2165 concretione
1449 2119 1807 2180 repurgantes
1850 2111 2167 2180 quicunque
2220 2126 2329 2164 non

2438 2125 2541 2173 ται,
2568 2106 2646 2178 τῷ
2668 2106 2961 2179 ἀρχετύπῳ
2978 2109 3075 2176 τὴν
3097 2109 3281 2161 είκόνα
3302 2110 3698 2177 ὲξευγενίζουσι
3719 2126 3733 2173 ς
3751 2110 3931 2179 τούτῳ
3952 2112 4021 2183 δὴ

755 2204 980 2258 hebetes
1005 2205 1070 2257 ad
1120 2203 1511 2257 conscientiam
1543 2203 1859 2274 originariae
1904 2204 2330 2273 pulchritudinis

756 2310 952 2351 sensus
985 2296 1184 2349 mentis
1211 2295 1433 2356 habent,
1467 2296 1747 2365 archetypi
1780 2296 2138 2350 similitudine
2168 2310 2330 2351 revo-

757 2388 955 2446 canda,
978 2387 1245 2440 nobilitati
1272 2387 1519 2456 pristina:
1545 2387 1839 2441 restituunt
1860 2387 2149 2457 imaginem
2172 2407 2183 2442 :
2204 2388 2330 2454 hac,

760 2479 1007 2547 inquam,
1040 2493 1167 2531 vere
1191 2477 1430 2532 hominis
1458 2478 1676 2547 propria
1709 2494 1766 2532 re
1788 2480 2334 2547 magnushonoretur

757 2568 1030 2623 Nicolaus.
1068 2568 1208 2634 Quid
1240 2579 1353 2622 tum
1378 2570 1521 2625 enim
1550 2569 1652 2624 etsi
1685 2569 1753 2625 ad
1789 2570 2176 2625 sublimitatem
2210 2571 2331 2640 ejus

757 2660 1176 2731 magnificentiae
1225 2659 1407 2715 minus
1451 2660 1679 2713 accedat
1725 2661 1951 2723 donum,
1985 2670 2039 2714 at
2084 2660 2327 2715 animum

756 2760 904 2805 certe
956 2765 1065 2804 non
1110 2751 1516 2819 aspernabitur.
1565 2749 1663 2805 Est
1710 2750 1959 2820 profecto
1995 2752 2205 2808 sanctis
2235 2749 2330 2821 qui

758 2846 896 2914 apud
951 2845 1117 2900 Deum
1166 2860 1341 2899 aevum
1388 2844 1617 2914 degunt,
1650 2852 1735 2899 est
1768 2844 1973 2899 aﬁ‘atim
2020 2845 2111 2901 illa
2159 2844 2335 2917 gloria

759 2954 863 3007 qua
892 2938 945 2991 in
986 2939 1145 2991 crelis
1174 2938 1384 3007 fulgent
1414 2955 1427 2991 :
1457 2938 1788 3006 minimeque
1814 2937 1883 2992 iis
1913 2952 2049 3007 opus
2072 2947 2157 2993 est
2187 2937 2334 3007 peri-

760 3033 899 3087 turis
922 3030 1173 3084 laudibus
1198 3030 1395 3100 linguae
1420 3030 1688 3089 mortalis.
1716 3031 1914 3083 Amant
1948 3038 2128 3084 tamen
2160 3045 2333 3100 genus

760 3122 904 3176 unde
936 3124 1038 3175 orti
1086 3131 1215 3176 sunt
1244 3137 1260 3186 ;
1296 3136 1360 3176 ac
1395 3122 1534 3176 lanis
1563 3121 1743 3175 oculis
1786 3120 2062 3190 aspiciunt
2102 3137 2221 3190 qua:
2250 3120 2335 3175 of-

760 3215 1013 3269 feruntur
1041 3229 1070 3266 a
1108 3213 1303 3267 nobis:
1338 3228 1447 3266 non
1494 3213 1560 3265 ad
1595 3212 1848 3267 meritum
1889 3212 2175 3282 dignitatis
2204 3228 2333 3283 pro-

762 3308 892 3377 priae
922 3322 1123 3361 munus
1153 3306 1468 3374 exigentes:
1502 3321 1690 3359 verum
1723 3321 1944 3360 emenso
1972 3305 2097 3360 licet
2126 3314 2337 3360 tantum

762 3402 1045 3473 proposito
1074 3400 1314 3455 liberalis
1343 3400 1511 3453 animi
1539 3398 1763 3468 perfecti
1788 3399 1948 3453 cilicii
1987 3399 2203 3455 laudem
2236 3401 2341 3455 im-

763 3500 1040 3564 putantes.
1081 3492 1261 3560 Atque
1320 3491 1451 3545 hinc
1496 3507 1656 3546 nemo
1700 3493 1955 3561 privatim
2000 3491 2341 3547 deterrentur

762 3597 1024 3653 tanquam
1057 3586 1127 3639 ab
1158 3586 1375 3654 incepto
1400 3585 1693 3639 temerario
1720 3600 1785 3638 ac
1828 3584 2139 3641 facultatem
2177 3602 2341 3657 supe-

762 3688 937 3732 rante.
975 3677 1276 3731 Commune
1304 3675 1406 3730 hoc
1433 3676 1633 3747 quippe
1666 3677 1911 3730 omnium
1949 3696 1963 3732 :
1999 3679 2184 3746 utique
2212 3692 2339 3732 cum

762 3766 1045 3823 subsidere
1080 3765 1218 3820 infra
1252 3765 1511 3821 verticem
1556 3766 1765 3824 merita:
1811 3767 2141 3823 laudationis
2172 3769 2339 3823 etiam

765 3873 992 3914 summa:
1014 3858 1340 3927 eloquentia:
1362 3872 1587 3913 necesse
1609 3859 1681 3912 sit
1705 3857 1990 3913 Nicolaum
2014 3860 2338 3916 celebranti.

765 3950 968 4005 Verum
1006 3961 1064 4003 ut
1099 3950 1425 4019 parentibus
1460 3950 1516 4003 in
1552 3950 1775 4020 copiosa
1810 3965 1869 4005 re
1906 3950 2164 4007 familiari
2193 3954 2343 4009 nullo

767 4045 1058 4098 admodum
1087 4043 1373 4114 egentibus
1418 4044 1464 4097 si
1495 4044 1624 4113 quid
1658 4043 1999 4113 gratiﬁcandi
2032 4060 2197 4101 causa
2224 4046 2341 4101 col-

766 4137 937 4190 latum
971 4136 1043 4191 sit
1084 4152 1113 4189 a
1155 4135 1277 4189 ﬁliis
1310 4149 1652 4205 nequaquam
1680 4136 1730 4188 id
1761 4136 2169 4205 opportunitate
2204 4152 2340 4192 usu-

767 4243 875 4297 que
896 4230 979 4281 sni
1006 4227 1333 4293 voluptatem
1368 4225 1765 4294 accipientibus
1799 4226 2076 4291 admovet,
2109 4227 2202 4281 sed
2233 4242 2339 4281 una

769 4318 985 4387 pietatis
1017 4317 1249 4385 imagine
1282 4331 1348 4369 ac
1384 4316 1563 4371 ﬁlialis
1602 4316 1806 4371 amoris
1837 4327 2234 4373 monumento:
2263 4321 2344 4375 sic

769 4426 1089 4464 communes
1113 4409 1356 4462 omnium
1386 4407 1597 4471 Patres,
1621 4409 1821 4478 quibus
1849 4425 1957 4463 non
1979 4424 2045 4463 ex
2062 4412 2343 4467 voluntate

770 4503 953 4556 carnis
987 4502 1079 4555 sed
1109 4517 1172 4555 ex
1209 4500 1319 4555 Deo
1352 4502 1520 4568 geniti
1556 4516 1771 4563 sumus,
1812 4517 1939 4571 erga
1977 4503 2215 4559 honores
2249 4506 2340 4575 qui

2428 2199 2507 2269 τῷ
2532 2199 2606 2262 ὡς
2638 2199 2853 2268 ἀληθῶς
2877 2198 3165 2268 ἀνθρώπου
3198 2201 3385 2270 οἰκείῳ
3408 2202 3649 2270 χρήματι
3676 2202 3705 2254 ὁ
3733 2203 3906 2271 μέγας
3930 2220 4017 2255 τις

2434 2291 2626 2360 μάσθω
2677 2290 2966 2353 Νικόλαος.
2989 2289 3054 2344 Τί
3083 2291 3213 2361 γὰρ.
3260 2292 3308 2343 εί
3343 2292 3436 2343 καὶ
3471 2291 3545 2363 μὴ
3592 2294 3728 2362 πρὸς
3755 2292 3889 2363 ὕψος
3914 2294 4021 2363 τῆς

2431 2382 2643 2435 ἐκείνου
2702 2381 3180 2452 μεγαλοπρεπείας
3232 2383 3295 2435 τὸ
3330 2382 3540 2455 δῶρον;
3604 2383 3743 2438 ἀλλὰ
3798 2388 3900 2455 τήν
3953 2404 4021 2455 γε

2431 2474 2751 2545 προαίρεσιν
2806 2474 2908 2528 οὐκ
2963 2474 3243 2543 ἀτιμάσει.
3281 2475 3437 2544 Ἔχει
3480 2477 3577 2544 μὲν
3608 2476 3717 2547 γὰρ
3740 2477 3867 2547 ήδη,
3903 2478 4023 2549 ἔχει

2430 2569 2546 2630 τοῖς
2576 2567 2729 2635 παρὰ
2778 2566 2899 2635 Θεῷ
2947 2564 3114 2630 ζῶσιν
3164 2568 3199 2637 ὴ
3246 2568 3306 2620 έν
3350 2568 3600 2638 οὐρανοῖς
3647 2568 4021 2639 ἀποχρώντως

2432 2660 2588 2729 τιμὴ,
2615 2661 2709 2713 καὶ
2735 2660 2935 2729 ἥκιστα
2957 2659 3180 2731 προσδεῖ
3224 2660 3443 2725 τούτοις
3469 2662 3720 2733 γλώσσης
3748 2664 4020 2732 ὲπικήρου

2434 2750 2714 2821 λυομένων
2748 2750 3007 2804 ἐπαίνων.
3055 2749 3338 2817 ’Δγαπῶσι
3385 2750 3431 2803 δ’
3455 2751 3605 2819 ὅμως
3634 2752 3731 2804 καὶ
3767 2751 3826 2803 τὸ
3858 2753 4024 2818 γένος

2434 2842 2558 2897 ὅθεν
2593 2842 2841 2912 ἀνέσχον,
2872 2841 2969 2895 καὶ
2996 2840 3169 2911 ἡδέως
3218 2841 3388 2914 ὁρῶσι
3430 2843 3521 2895 καὶ
3553 2844 3664 2904 τοῖς
3695 2842 3831 2913 πρὸς
3854 2844 4022 2912 ἡμῶν

2433 2934 2756 3007 φερομένοις
2782 2950 2799 2967 ⁶
2842 2936 2903 2989 ού
2954 2934 3095 3005 πρὸς
3140 2935 3240 3005 τὴν
3285 2934 3496 2988 οἰκείαν
3523 2934 3725 3005 ἀρετὴν
3754 2935 3815 2987 τὸ
3841 2935 4023 3005 δῶρον

2436 3025 2839 3098 σταθμώμενοι,
2888 3028 2956 3097 τῇ
2991 3026 3048 3079 δὲ
3077 3026 3398 3097 προαιρέσει
3438 3026 3501 3080 τὸ
3530 3027 3639 3081 πᾶν
3677 3027 3908 3096 ἀπέχειν
3940 3027 4022 3096 (9.)

2435 3120 2751 3192 ἡγούμενοι.
2785 3119 2895 3173 Καὶ
2924 3120 3043 3182 δέος
3063 3119 3297 3174 ἐνταῦθα
3322 3119 3583 3190 παρέστω
3627 3119 3878 3187 οὐδαμῶς
3908 3119 4023 3188 ίδίᾳ

2438 3214 2568 3278 τινὶ,
2625 3212 2701 3275 ὡς
2753 3211 3036 3276 ἀδυνάτοις
3089 3210 3421 3265 ὲπιὸαλόντι.
3461 3210 3671 3271 Κοινῶς
3708 3209 3817 3280 γὰρ
3845 3208 4023 3264 ἅπασι

2446 3305 2663 3377 μέτεστι
2685 3304 2901 3369 τούτου,
2935 3304 3239 3374 ὑστερίζειν
3290 3303 3394 3356 τῶν
3446 3302 3833 3373 προσηκόντων
3856 3304 4025 3355 ἐπαί-

2441 3414 2570 3462 νων,
2593 3396 2659 3450 ἂν
2677 3395 2913 3467 μάλιστά
2937 3412 3023 3459 τις
3038 3397 3129 3449 ἐπὶ
3152 3396 3324 3464 λόγων
3350 3396 3583 3466 δυνάμει
3613 3398 3850 3466 προήκῃ.
3877 3394 4023 3448 Ἀλλ’

2440 3489 2631 3561 ῶσπερ
2655 3490 2914 3553 ἐπιεικῶς
2934 3488 3158 3560 ἔχοντας
3185 3488 3420 3543 πλούτου
3463 3491 3708 3560 πατέρας
3744 3491 3777 3559 ἡ
3801 3491 3867 3541 ὲκ
3889 3488 4025 3541 παί-

2438 3582 2546 3637 δων
2573 3580 2898 3653 χαρίζεσθαι
2923 3582 3299 3650 διεγνωκότων
3336 3581 3636 3652 γιγνομένη
3663 3581 4025 3652 συνεισφορά,

2439 3674 2501 3732 οὐ
2522 3677 2590 3746 τῇ
2620 3674 2781 3746 χρείᾳ
2807 3674 2942 3746 πρὸς
2967 3673 3159 3745 ἡδονὴν
3208 3674 3304 3729 καὶ
3337 3674 3610 3747 ἀποδοχὴν
3643 3676 3911 3742 ἀνακινεῖ,
3940 3675 4024 3748 τῷ

2439 3768 2499 3825 δὲ
2548 3770 2678 3839 περὶ
2737 3768 2938 3831 αὐτοὺς
2972 3768 3120 3839 μόνῳ
3141 3768 3383 3839 φίλτρῳ·
3418 3767 3592 3831 οὔτως
3627 3769 3725 3823 καὶ
3755 3771 3881 3831 τοὺς
3904 3786 4024 3822 zac-

2443 3860 2570 3924 νοὺς
2604 3860 2862 3914 ἁπάντων
2901 3858 3167 3930 πατέρας,
3210 3854 3291 3923 οἷς
3325 3859 3426 3912 ούκ
3446 3858 3527 3912 ’ἐκ
3558 3858 3864 3929 θελήματος
3889 3876 4025 3929 σαρ-

2443 3952 2558 4018 κὸς,
2602 3950 2722 4005 ἀλλ’
2761 3952 2827 4003 ὲκ
2884 3950 3019 4004 Θεοῦ
3076 3950 3471 4021 ἐγεννήθημεν,
3522 3950 3830 4005 διακεῖσθαι
3881 3952 4025 4021 πρὸς

2440 4046 2540 4109 τὰς
2570 4043 2630 4108 ἐξ
2649 4043 2953 4113 ἀνθρώπιον
2972 4044 3141 4114 τιμὰς
3195 4044 3404 4097 οῐεσθαι
3446 4044 3575 4113 χρὴ.
3600 4043 3819 4097 Μᾶλλον
3851 4043 3908 4095 δὲ
3935 4043 4024 4112 (οὐ

2440 4136 2550 4206 γὰρ
2579 4136 2660 4199 είς
2683 4135 2975 4204 ἀκρίϐειαν
3007 4136 3040 4205 ἠ
3068 4133 3232 4187 εἰκὼν
3256 4134 3394 4204 αὕτη
3428 4132 3589 4197 σώζει
3622 4136 3721 4197 τὴν
3736 4133 4023 4204 μίμησιν),

2441 4229 2631 4301 ὥσπερ
2653 4228 2715 4282 τὸ
2740 4230 2987 4298 κρεῖττον
3028 4226 3244 4290 οὐδενὸς
3296 4229 3395 4295 μὲν
3451 4228 3559 4280 τῶν
3610 4228 3897 4296 ἡμετέρων
3943 4230 4024 4288 είς

2441 4321 2633 4393 χρείαν
2688 4322 3031 4388 καθίσταται,
3099 4323 3259 4393 μόνου
3290 4321 3335 4373 δ’
3365 4321 3552 4373 ἕνεκεν
3606 4319 3700 4373 τοῦ
3735 4320 3837 4388 τῆς
3885 4320 4027 4389 παρ’

2442 4413 2607 4475 αὐτοῦ
2640 4415 2964 4484 μεταδοῦναι
3002 4415 3245 4485 χάριτος,
3278 4418 3349 4467 τὰ
3393 4414 3453 4481 ἐξ
3483 4413 3788 4483 ἀνθρώπων
3809 4412 4026 4481 λαμὸἀ-

2442 4523 2544 4560 νει.
2578 4506 2690 4575 Οὐχ
2711 4505 2787 4569 ὠς
2818 4506 2879 4559 ού
2906 4509 3112 4576 προῖκα
3134 4504 3478 4577 δωρούμενος
3512 4505 3712 4574 (πάντα
3742 4506 3849 4573 γὰρ
3875 4503 4027 4557 οὓτω

770 4593 907 4661 ipsis
955 4594 1023 4647 ab
1064 4592 1377 4646 hominibus
1406 4592 1754 4655 adhibentur,
1789 4592 1878 4645 tali
1917 4595 2150 4663 quodam
2180 4597 2335 4651 modo

2446 4598 2558 4669 ῥέει
2620 4596 2721 4666 τῆς
2779 4594 3054 4653 ἁκενώτου
3102 4596 3326 4666 πηγῆς),
3353 4596 3467 4649 ἀλλ’
3512 4596 3588 4655 ώς
3626 4596 3818 4663 ἐκείνῳ
3845 4596 4026 4667 ταύτῃ

768 4685 989 4739 allectos
1021 4685 1335 4739 existimare
1356 4692 1590 4752 oportet.
1628 4685 1733 4737 Aut
1764 4686 1945 4753 potius
1971 4686 2168 4756 (neque
2192 4690 2335 4742 enim

769 4779 903 4833 satis
932 4778 997 4831 ad
1030 4792 1215 4831 verum
1246 4791 1306 4831 ea
1354 4778 1653 4831 similitudo
1697 4791 1810 4831 rem
1843 4776 2120 4846 exprimit)
2151 4793 2339 4847 quem-

2447 4686 2918 4759 προσεγγιζόντων
2965 4687 3141 4756 ήμῶν,
3191 4684 3335 4739 οὕτω
3380 4702 3440 4737 τε
3479 4684 3680 4753 μᾶλλον
3724 4684 3835 4737 τῶν
3883 4690 4023 4756 παρ’

2446 4779 2610 4833 αὑτοῦ
2647 4778 2783 4850 πρὸς
2838 4780 2984 4849 ἡμᾶς
3033 4777 3435 4832 διαὸαινόντων.
3473 4778 3681 4848 Ὠσπερ
3709 4777 3773 4847 δὴ
3808 4780 3913 4831 κάν
3941 4778 4023 4848 τῷ

2301 4869 2535 4927 NOTAE.

842 4964 919 5033 (l)
944 4963 1019 5017 Ex
1080 4962 1810 5033 bibliotheca}llustrissimi
1845 4962 2023 5017 Caroli
2056 4963 2122 5017 de
2152 4962 2332 5018 Mont-

771 5032 912 5098 chal,
964 5034 1359 5104 archiepiscopi
1410 5032 1688 5087 Tolosani.
1721 5064 1790 5073 —
1831 5032 2028 5089 Leonis
2078 5035 2333 5104 Augusti,

774 5115 1133 5171 roguomento
1189 5103 1530 5174 Philosophi,
1564 5120 1653 5174 res
1684 5114 2055 5174 exsequuntur
2092 5103 2335 5173 Curopa-

772 5177 930 5235 lates.
966 5174 1265 5237 (ledrenus,
1302 5173 1564 5238 Zonaras,
1594 5173 1811 5242 Glycas.
1836 5173 1907 5228 trix
1940 5177 2138 5244 quibus
2169 5175 2335 5229 Baro-

774 5248 899 5299 nius
928 5245 1165 5314 collegit,
1185 5255 1239 5299 et
1267 5245 1516 5311 digessit.
1550 5245 1891 5311 Scriptorum
1932 5246 2137 5299 indices
2174 5246 2333 5299 exhi-

774 5317 901 5370 bent
932 5315 1226 5377 Gesnerns.
1254 5316 1520 5371 Simlerus
1558 5326 1614 5369 et
1650 5314 2001 5371 Possevinus.
2026 5318 2148 5382 Qui,
2186 5316 2334 5385 quod

773 5386 937 5452 hujus
982 5388 1247 5440 orationis
1278 5402 1385 5439 non
1418 5386 1785 5440 meminerunt
1827 5387 1871 5440 si
1907 5387 2032 5455 quis
2076 5388 2129 5440 in
2173 5401 2342 5455 argu-

777 5468 1020 5511 mentum
1050 5457 1264 5510 trahere
1294 5456 1450 5509 tellet
1482 5456 1766 5509 dubitandi
1804 5458 1868 5510 de
1921 5468 2167 5519 auctore,
2203 5460 2342 5510 sciat

773 5541 991 5581 exstare
1013 5527 1063 5579 in
1092 5524 1357 5579 Vaticana
1387 5527 1713 5581 bibliotheca
1744 5542 1894 5579 num.
1916 5527 2043 5591 805,
2084 5536 2139 5579 ut
2172 5526 2339 5581 Baro-

776 5597 901 5651 nius
938 5607 1190 5662 testatur,
1244 5598 1483 5665 codicem
1525 5613 1635 5665 quo
1674 5597 2023 5651 continentur
2063 5598 2343 5653 orationes

776 5679 887 5739 tres
912 5676 965 5721 et
1000 5668 1233 5739 triginta,
1272 5668 1434 5735 hujus
1462 5664 1683 5739 Leonis,
1737 5682 1967 5735 quarum
2007 5684 2126 5733 quae
2152 5670 2343 5723 ordine

774 5738 953 5807 prima
983 5746 1036 5807 et
1075 5738 1329 5789 vicesima
1348 5747 1450 5799 est,
1498 5738 1909 5803 inscriptionem
1956 5739 2116 5791 habet
2141 5739 2334 5806 hujus-

778 5806 925 5861 molli
959 5823 972 5858 :
1018 5806 1074 5858 In
1097 5808 1535 5875 fulgentissimum
1563 5807 1807 5861 Ecclesia?
1834 5810 2003 5861 lmncn
2020 5808 2322 5861 Nicolaum.

778 5877 950 5940 Quam
1002 5879 1243 5934 eamdem
1288 5880 1414 5934 huic
1463 5895 1677 5945 quoque
1730 5880 2001 5939 prmtixam
2050 5882 2215 5939 lcais.
2268 5892 2325 5937 ut

2440 4964 2689 5021 dubitare.
2718 4981 2828 5020 non
2864 4965 3063 5020 debeas
3090 4964 3220 5031 quin
3256 4966 3373 5020 hmc
3399 4966 3514 5034 ipsa
3546 4965 3800 5029 sitquam
3835 4962 4018 5018 eidem

2440 5040 2686 5106 Augusto
2739 5036 3067 5104 Philosophe
3109 5038 3460 5090 vindicabant
3506 5036 3559 5089 in
3599 5036 3789 5106 codice
3833 5044 4022 5088 vetere

2442 5105 2587 5161 unde
2610 5109 2873 5175 exscripsi
2910 5109 3118 5176 aliquot
3146 5107 3365 5160 iambici
3404 5120 3595 5161 versus
3639 5105 3825 5176 nescio
3855 5106 4019 5173 cujus

2439 5177 2611 5232 Graeci
2638 5174 3016 5247 grammatici,
3056 5192 3398 5247 nequaquam
3457 5179 3593 5232 satis
3642 5174 3924 5244 elegantes
3957 5186 4017 5228 ut

2438 5250 2676 5303 editione
2697 5247 2845 5319 digni
2868 5250 2977 5302 sint
3006 5249 3127 5302 visi.

2510 5319 2585 5388 (Ξ)
2623 5316 2875 5388 Ἀπέχειν
2926 5333 3032 5371 non
3067 5318 3210 5372 valet
3266 5317 3355 5372 hic
3391 5317 3695 5383 διίσταμαι,
3737 5316 3832 5371 sed
3876 5318 4020 5371 ἁπο-

2439 5387 2721 5457 λαμϐάνω.
2761 5387 2893 5453 Quo
2925 5405 3085 5443 sensu
3124 5390 3384 5442 dicuntur
3427 5389 3462 5441 ii
3513 5389 3713 5457 quibus
3740 5403 3803 5440 ex
3832 5389 4018 5443 debito

2441 5456 2768 5523 satisdatur,
2808 5460 3033 5528 ἀπέχειν
3063 5459 3124 5512 τὸ
3156 5458 3495 5526 γιγνόμενον.
3526 5456 3587 5509 Et
3620 5457 3859 5528 operarii
3892 5462 4016 5527 qui-

2443 5530 2545 5585 bus
2574 5540 2658 5586 est
2686 5526 2969 5599 persoluta
2991 5544 3221 5590 merces,
3264 5530 3490 5597 ἀπέχειν
3520 5529 3613 5599 τον
3646 5526 3859 5599 μισθόν.
3897 5526 4013 5583 lino

2441 5603 2587 5670 quod
2616 5597 2786 5669 magis
2820 5600 2927 5653 huc
2948 5597 3099 5664 facit,
3126 5600 3352 5670 ἀπέχειν
3377 5600 3535 5669 χάριν
3560 5598 3827 5667 Synesius
3849 5600 4013 5665 dixit,

2442 5669 2610 5727 Sensu
2636 5670 2933 5733 consimili,
2966 5672 3110 5739 quod
3159 5669 3368 5724 Latinis
3400 5670 3653 5736 accipere,
3681 5678 3875 5731 tenere,
3907 5672 4011 5722 im-

2442 5752 2627 5808 putare
2658 5743 2865 5809 gratim,
2914 5751 3020 5792 etc.
3057 5740 3285 5795 Conﬁdo
3337 5757 3421 5797 me
3456 5739 3559 5794 loci
3592 5740 3920 5794 sententiam
3955 5741 4012 5795 in

2444 5812 2897 5883 interpretatione
2930 5813 3189 5867 tenuis-sc.
