4182 6440
117 430 212 492 205

889 420 1173 491 ORATIO
1211 418 1400 479 XVII.
1428 441 1495 453 -
1527 415 1607 475 ΙΝ
1637 415 1695 474 S.
1727 412 2125 475 NICOLAUM
2153 415 2592 477 MYRENSEM.

3261 416 3366 480 206

120 537 430 611 πλησιάζειν
459 535 596 608 ήλίῳ
629 533 1034 603 πλουσιωτέρου
1067 532 1142 603 (5)
1186 532 1363 601 φωτὸς
1400 529 1684 600 μεταλαμ-

1796 528 2082 583 admodum
2110 529 2320 583 Numen
2343 530 2814 600 praestantissime
2837 533 3037 589 mentis
3068 534 3218 587 nulla
3247 536 3368 604 qui-

118 638 326 691 ϐάνοῡσι
354 634 474 695 τοῖς
506 630 812 699 ἐγγίζουσι.
861 628 1066 696 Κοινῆς
1102 627 1147 680 δ’
1178 626 1381 679 ἅπασιν
1430 624 1544 676 ὅσοι
1574 623 1686 685 τοῖς

116 728 215 781 ἀνω
250 723 549 795 βασιλείοις
566 720 883 783 αὐλίζονται
927 717 1134 787 ταύτης
1182 714 1349 783 οὔσης
1369 714 1469 785 τῆς
1493 730 1679 784 προαι-

118 820 329 889 ρέσεως.
360 815 510 886 φημὶ
554 812 620 884 δὴ
659 811 757 865 τοῦ
794 809 1082 882 βούλεσθαι
1132 808 1247 875 τοῖς
1283 806 1434 860 κάτω
1461 805 1686 876 χαρίζε-

122 912 252 975 σθαι,
284 910 386 963 οὐκ
410 909 561 961 ἐστιν
617 908 801 976 εὑρεῖν
828 906 1012 959 ὅντινα
1053 901 1253 974 μᾶλλον
1283 899 1491 970 ταύτης
1529 900 1688 970 ἴσμεν

116 1006 203 1074 τῆς
227 1003 607 1075 προαιρέσεως
636 993 700 1054 οὖ
725 998 830 1056 νῦν,
852 999 950 1070 τὴν
974 995 1252 1067 εὐφημίαν
1282 996 1362 1058 είς
1386 993 1549 1065 ἔργον
1577 992 1688 1046 θεῖ-

116 1114 195 1149 ναι
234 1093 729 1166 προτεθυμήμεθα.
762 1092 929 1144 Ὥστε
973 1090 1069 1144 καὶ
1102 1087 1261 1142 τοῦτο
1300 1088 1525 1159 ἀφορμὴ
1553 1086 1690 1157 πρὸς

116 1192 196 1243 τὸν
237 1189 463 1241 ἔπαινον
507 1189 574 1257 τῇ
631 1183 925 1257 περιουσίᾳ
974 1182 1075 1252 τῆς
1107 1183 1203 1235 τοῦ
1239 1180 1433 1252 ἀνδρὸς
1466 1180 1603 1251 πρὸς
1629 1178 1690 1233 τὸ

117 1282 168 1335 εὖ
199 1285 373 1335 ποιεῖν
405 1280 739 1351 προθυμίας,
767 1279 922 1349 ἡμῖν,
954 1275 1351 1347 ἐλαττουμένου
1376 1274 1470 1328 τοῦ
1498 1273 1687 1343 φόϐου.

119 1376 263 1428 Ποῖον
288 1374 403 1443 γάρ
432 1371 710 1442 θαλάσσης
742 1371 981 1439 πέλαγος
1032 1369 1301 1440 ἀμέτοχον
1343 1369 1454 1423 τῶν
1479 1368 1689 1421 ἐκείνου

118 1463 285 1519 καλῶν
310 1465 433 1535 (4);
484 1464 644 1517 Ποῖαι
682 1463 738 1516 δέ
798 1463 905 1532 γῆς
950 1462 1202 1532 ἐσχατιαὶ
1252 1461 1314 1514 οὐ
1352 1459 1454 1523 τὰς
1480 1459 1689 1514 ἐκείνου

117 1555 434 1627 γνωρίζουσι
466 1554 743 1626 χάριτας;
801 1552 1071 1608 Τοσοῦτον
1120 1551 1268 1624 αὒτῷ
1298 1551 1362 1605 τὸ
1421 1551 1692 1622 ἐπίσημον

116 1650 184 1721 τῷ
208 1649 457 1719 περιόντι
497 1648 607 1702 τῶν
630 1646 850 1719 δωρεῶν
902 1645 1037 1700 ὥσθ’
1066 1646 1204 1717 ὅπερ
1251 1645 1390 1715 πρὸς
1415 1644 1567 1716 ἥλιον
1594 1642 1690 1697 ἀν-

119 1744 314 1811 θρωποι
350 1742 430 1812 (5)
466 1741 607 1813 μετά
637 1740 955 1813 χειμερινὴν
986 1739 1137 1811 ὥραν
1182 1738 1508 1805 πεπόνθασι,
1544 1736 1687 1791 πάν-

121 1855 211 1901 τας
238 1836 339 1890 ἐπὶ
365 1837 581 1909 τρυφὴν
608 1836 721 1890 τῶν
751 1835 986 1889 ἀκτίνων
1023 1832 1337 1897 καλοῦντες,
1368 1831 1529 1885 τοῦτο
1586 1831 1691 1885 κάν

116 1933 176 2001 τῇ
206 1932 396 2002 μνήμῃ
446 1932 524 2001 (6)
578 1928 677 1984 τοῦ
703 1928 847 1983 θείου
874 1927 1067 1998 ἀνδρὸς
1106 1926 1390 1997 γινόμενον
1419 1924 1533 1978 ἐστι
1556 1926 1689 1979 καθ-

119 2024 258 2092 ορᾷν,
295 2022 503 2092 μᾶλλον
532 2021 589 2074 δὲ
618 2020 754 2074 πολὺ
782 2019 948 2073 πλέον
1012 2017 1251 2074 ἐνταῦθα
1277 2017 1510 2086 γίνεται.
1545 2018 1692 2070 Ἐκεῖ

123 2116 214 2184 μὲν
249 2112 361 2183 γὰρ
411 2114 551 2167 εἰσιν
590 2112 642 2165 οἳ
695 2111 799 2164 ὑπὸ
856 2110 958 2181 τῆς
999 2109 1415 2179 καταλαϐούσης
1436 2108 1690 2179 ἀσχολίας

119 2199 220 2258 οἷον
250 2203 627 2273 πεπεδημένοι
659 2202 901 2272 μένουσι,
951 2200 1164 2272 χαίρειν
1220 2201 1465 2263 είπόντες
1492 2202 1557 2271 τῇ
1583 2200 1691 2252 τῶν

122 2296 342 2349 ἀκτίνων
400 2296 607 2365 τρυφῇ,
663 2290 900 2345 ἐνταῦθα
956 2291 1037 2355 δὲ,
1096 2291 1328 2361 οὐδεμία
1365 2289 1507 2344 οὕτω
1539 2290 1693 2361 βιαία

121 2386 455 2455 πραγμάτων
480 2381 708 2453 ἀσχολία
749 2381 784 2453 ἥ
829 2380 1033 2435 δύναιτ’
1069 2380 1136 2434 ἂν
1190 2381 1479 2450 ἀπείργειν
1501 2381 1600 2451 τῆς
1628 2382 1692 2433 ἐκ

120 2478 214 2530 τῶν
248 2476 413 2546 ίερῶν
455 2472 816 2545 μνημοσύνων
862 2470 959 2525 τοῦ
1000 2471 1236 2541 μεγάλου
1283 2473 1524 2543 κήρυκος
1558 2471 1693 2523 ἀπο-

121 2568 371 2631 λαύσεως.
406 2568 507 2630 Τίς
528 2565 673 2619 οὕτω
697 2563 932 2634 σάλπιγξ
959 2563 1021 2617 τὸ
1074 2564 1320 2618 ἐνυάλιον
1354 2564 1694 2634 ἀπηχήσασα

121 2661 448 2730 παρατάξεις
470 2660 746 2728 ἀνέρωσεν
772 2658 848 2721 ὡς
867 2652 1022 2720 οὗτος
1050 2657 1138 2712 διὰ
1162 2657 1263 2726 τῆς
1320 2658 1540 2727 μνήμης
1562 2656 1692 2710 σαλ-

121 2754 270 2815 πίσας
302 2755 505 2821 ἤγειρε
554 2750 653 2813 τὰς
697 2750 876 2820 ψυχάς
904 2767 919 2816 ;
950 2750 1062 2803 τῶν
1100 2748 1399 2820 προθύμων
1433 2747 1611 2813 αὔξων
1634 2749 1695 2802 τὸ

122 2845 417 2913 πρόθυμον,
444 2842 553 2895 τῶν
576 2842 753 2895 ἀναπε
765 2841 1055 2893 πτωκότων
1075 2839 1309 2894 διαλύων
1330 2840 1392 2893 τὸ
1416 2840 1656 2910 ῥᾴθυμον
1675 2856 1690 2905 ;

130 2934 231 2987 Ἀεὶ
261 2936 361 3004 μὲν
387 2933 418 2986 ό
439 2930 537 2985 τοῦ
568 2932 762 3000 γένους
791 2929 1086 2994 ἀντίπαλος
1119 2930 1212 2983 ἐπὶ
1239 2931 1361 2993 ταῖς
1386 2930 1496 2982 τῶν
1522 2930 1695 2998 ἁγίων

118 3026 291 3094 τιμαῖς
321 3024 552 3093 καιρίας
580 3021 799 3091 δέχεται
844 3021 944 3085 τὰς
992 3021 1229 3092 πληγὰς,
1257 3019 1693 3090 σκυθρωπάζων,

121 3120 205 3171 καὶ
255 3117 554 3189 συμφορὰν
617 3115 755 3171 ἰδίαν
805 3115 903 3184 τὴν
927 3114 1037 3169 τῶν
1102 3114 1310 3169 πιστῶν
1352 3114 1695 3185 εὐφροσύνην

1789 618 1911 675 dem
1962 637 2147 675 rerum
2197 630 2511 676 nostrarum
2556 639 2697 693 Opus
2746 624 2944 691 habet;
2994 634 3184 681 nostra
3236 640 3368 681 vero

1789 713 1904 767 sola
1944 727 2131 775 causa,
2163 728 2275 783 quo
2310 714 2569 768 nimirum
2610 716 2955 771 occasionem
3008 718 3208 773 habeat
3253 719 3369 773 suis

1790 817 1893 858 nos
1918 804 2114 873 Opibus
2147 804 2517 873 impertiendi,
2552 821 2778 861 munera
2812 806 3089 861 hominum
3115 809 3368 878 suscipit.

1790 896 1909 951 Non
1931 905 2189 966 tanquam
2212 897 2298 951 vel
2320 896 2371 951 id
2404 896 2580 966 ipsum
2606 898 2749 967 quod
2775 910 2842 953 eo
2867 898 3092 952 nomine
3115 900 3370 953 retribuit

1789 1002 1897 1041 non
1935 987 2104 1057 gratis
2139 988 2303 1043 donet
2332 988 2526 1059 (gratis
2558 989 2702 1042 enim
2741 998 2892 1043 certe
2920 1003 2987 1044 ex
3042 988 3369 1045 inexhausta

1790 1080 1884 1135 illo
1915 1079 2066 1135 fonte
2093 1079 2232 1133 bona
2258 1079 2486 1135 ellluuut
2512 1080 2739 1150 omnia).
2773 1080 2867 1135 sed
2891 1080 3041 1151 quod
3071 1095 3135 1136 ea
3150 1082 3371 1150 religio.

1790 1188 1859 1228 ne
1905 1172 2019 1228 Deo
2060 1185 2163 1227 nos
2191 1171 2627 1237 admoveamus;
2670 1170 2902 1241 indeque
2956 1171 3177 1227 facilius
3225 1173 3368 1228 bona

1789 1281 1909 1335 quae
1936 1265 2005 1321 ab
2027 1279 2093 1321 eo
2119 1271 2341 1318 manant
2361 1272 2731 1335 propagentur
2758 1263 2826 1317 ad
2850 1279 2970 1319 nos.
2999 1264 3369 1331 Quemadmo-

1790 1358 1920 1413 dum
1948 1358 2041 1428 qui
2074 1356 2139 1412 ad
2172 1355 2346 1412 solem
2377 1356 2649 1411 accedunt
2693 1356 2945 1426 propius,
2978 1372 3044 1412 eo
3081 1357 3370 1413 abundau-

1790 1453 1901 1506 tius
1938 1452 2267 1521 participant
2310 1450 2514 1503 lumen.
2557 1449 2737 1520 Atque
2764 1452 2871 1505 hoc
2900 1450 3073 1504 animi
3110 1451 3367 1522 proposi-

1790 1550 1927 1607 tum,
1952 1542 2196 1597 studium
2214 1540 2338 1596 dico
2360 1541 2500 1596 bene
2520 1541 2765 1595 merendi
2780 1541 2848 1597 de
2869 1542 3216 1608 mortalibus,
3241 1557 3369 1598 cum

1791 1648 2084 1689 commune
2098 1633 2171 1688 sit
2195 1634 2439 1688 omnium
2464 1632 2557 1704 qui
2586 1632 2642 1689 in
2669 1634 2880 1689 cmlesti
2907 1635 3054 1707 regia
3079 1635 3368 1692 diversan-

1792 1736 1903 1793 tur,
1933 1727 2144 1781 nullum
2171 1735 2353 1782 tamen
2400 1729 2645 1797 reperire
2665 1735 2750 1783 est
2772 1742 2936 1798 quem
2967 1730 3361 1787 illusuioribus

1793 1827 2008 1876 constet
2065 1818 2417 1875 documentis
2476 1820 2533 1873 in
2563 1820 2658 1875 tali
2682 1835 2811 1891 erga
2844 1822 3095 1877 homines
3125 1837 3247 1878 esse
3272 1838 3368 1877 vo-

1794 1912 2025 1976 luntate,
2052 1925 2220 1982 quam
2258 1926 2386 1967 eum
2420 1910 2581 1981 cujus
2620 1911 2675 1966 in
2706 1912 3027 1968 adornanda
3058 1914 3370 1971 laudatione

1792 2020 1939 2061 nunc
1968 2005 2206 2061 maxime
2234 2020 2448 2061 sumus.
2471 2004 2617 2072 Quin
2649 2004 2766 2060 hate
2794 2006 2930 2062 adeo
2962 2005 3158 2063 ﬁducia
3191 2008 3368 2078 impe-

1792 2108 1908 2154 tum
1939 2100 2101 2154 nobis
2132 2098 2352 2169 expedit
2376 2099 2444 2154 ad
2483 2098 2769 2153 audaciam
2807 2098 3011 2169 incepti
3044 2100 3203 2167 tanti,
3229 2115 3366 2170 pro-

1793 2192 2063 2247 lixissima
2127 2192 2462 2248 liberalitate
2494 2192 2595 2247 viri
2628 2191 2696 2247 ad
2750 2191 3115 2248 condonanda
3158 2194 3369 2260 omnia,

1793 2285 2006 2339 veniam
2031 2297 2255 2353 quoque
2280 2284 2421 2338 male
2445 2284 2748 2354 perfuncta:
2777 2285 3111 2341 laudationis
3138 2301 3365 2356 sperare

1798 2375 1961 2432 nobis
2022 2375 2327 2441 suadente;
2384 2390 2789 2444 successusque
2833 2391 3028 2447 parum
3090 2376 3218 2433 boni
3266 2378 3371 2432 mi-

1793 2477 1997 2525 nuente
2063 2477 2289 2524 metum.
2340 2468 2499 2535 Quod
2555 2470 2702 2526 enim
2763 2470 2933 2527 maris
2991 2469 3212 2537 fretum,
3248 2487 3371 2541 qua:

1793 2562 1970 2633 pelagi
2029 2564 2305 2629 vastitas,
2384 2577 2495 2616 non
2572 2562 2694 2632 ejus
2757 2562 3039 2618 miraculis
3105 2564 3371 2635 insignita

1793 2653 1918 2709 est?
1971 2652 2075 2719 Qui
2126 2668 2259 2708 vero
2311 2653 2487 2708 saltus
2540 2667 2605 2708 ac
2653 2653 2982 2711 solitudines
3043 2663 3204 2711 terra:
3256 2670 3370 2712 non

1793 2745 1914 2813 ejus
1987 2744 2194 2814 gratias
2272 2745 2651 2815 experimento
2713 2747 2967 2816 cognitas
3037 2745 3368 2802 habuerunt.

1795 2836 1928 2902 Quae
1948 2844 2057 2889 tam
2080 2845 2342 2892 constans
2385 2837 2791 2905 magniﬁcentia
2834 2836 3106 2893 donorum
3154 2844 3265 2892 tam
3290 2839 3374 2893 in-

1796 2930 2005 3001 signem
2031 2944 2157 2983 eum
2178 2930 2340 2999 vulgo
2370 2928 2641 2997 reddidit;
2679 2939 2757 2996 ut,
2802 2929 2949 3000 quod
2984 2931 3162 2986 solent
3191 2929 3369 2983 homi-

1795 3035 1894 3076 nes
1922 3022 1970 3077 si
2006 3020 2149 3076 forte
2202 3028 2329 3089 post
2376 3020 2630 3074 brumam
2678 3021 2926 3076 serenior
2955 3021 3233 3076 elucescat
3265 3018 3371 3084 sol,

1797 3123 1911 3168 tum
1941 3114 2141 3184 gestire
2166 3113 2221 3167 in
2255 3113 2446 3183 aprico
2488 3112 2617 3183 ipsi,
2653 3122 2771 3169 tum
2800 3116 2938 3170 alios
2968 3115 3034 3170 ad
3064 3115 3371 3185 jucundum

121 3211 459 3280 ποιούμενος.
512 3207 629 3263 Νῦν
698 3208 757 3261 δέ
798 3207 1021 3261 τοσοῦτο
1077 3206 1239 3260 πλέον
1287 3207 1562 3277 κερδαίνει
1595 3209 1695 3277 τῆς

1800 3220 2041 3281 teporem
2090 3212 2369 3265 radiorum
2425 3209 2689 3265 solarium
2740 3221 3045 3263 convocare
3090 3205 3373 3277 perfruen-

121 3305 424 3374 συμφορᾶς,
460 3303 587 3355 ὅσον
626 3302 707 3363 είς
734 3300 952 3354 ἅπαντα
984 3298 1200 3369 πέρατα
1237 3298 1298 3352 τὸ
1323 3298 1424 3369 τῆς
1451 3300 1698 3370 πανηγύ-

122 3412 246 3465 ρεως
302 3394 629 3465 ἀγαλλίαμα
672 3393 957 3447 διαϐαίνει.
1006 3391 1147 3445 Ἀλλ’
1173 3390 1363 3463 ὥσπερ
1412 3392 1491 3454 είς
1521 3384 1697 3462 ἀρχὴν

119 3488 384 3551 καταστὰς
442 3488 473 3540 ό
506 3486 664 3554 λόγος
713 3483 979 3554 πρότερον
1019 3483 1548 3554 διαμνημονευσάτω
1588 3483 1697 3537 τῶν

119 3582 338 3651 ἐντίμων
363 3580 603 3639 ὠδίνων,
657 3578 713 3633 αἳ
758 3578 851 3631 τὸν
897 3576 1071 3648 ἄνδρα
1124 3576 1203 3647 τῷ
1238 3577 1339 3647 βίῳ
1383 3578 1693 3648 παρέσχον

122 3675 251 3731 οὕτω
289 3694 349 3729 τε
378 3673 511 3728 καθ’
543 3672 660 3727 ὁδὸν
691 3671 785 3725 ἐπὶ
839 3672 910 3725 τὰ
961 3669 1199 3740 πρόσθεν
1238 3669 1503 3741 χωρείτω.
1527 3669 1698 3722 Τοῦτο

121 3768 171 3821 δέ
232 3764 634 3839 προθυμείσθω
683 3762 743 3816 οὐ
776 3763 942 3833 νόμον
973 3762 1264 3831 ἐγκωμίων
1322 3764 1451 3832 περὶ
1502 3762 1695 3815 πολλοῦ

122 3860 467 3929 ποιούμενος,
492 3856 553 3920 ὃς
580 3854 899 3926 βουλόμενος
926 3853 1181 3925 ἀφορμὴν
1204 3854 1317 3916 τοῖς
1346 3854 1585 3916 ἐπαίνοις
1618 3856 1698 3919 είς

121 3952 334 4021 αὔξησιν
360 3950 697 4021 παρασχεῖν,
730 3948 941 4001 ἐκεῖθεν
968 3945 1248 3999 ἐπιτάττει
1266 3945 1491 4011 τούτους
1524 3963 1695 4017 παρα-

121 4046 343 4109 κροτεῖν.
370 4041 515 4095 osse
546 4039 657 4110 γάρ
686 4040 737 4091 εί
787 4038 882 4092 καὶ
909 4038 980 4091 τὰ
1035 4037 1273 4107 μάλιστα
1319 4038 1623 4106 θαυμαστοὶ
1648 4039 1699 4091 oi

124 4135 465 4206 γεννήτορες,
497 4131 598 4200 τῆς
622 4131 846 4185 ἐκείνων
873 4130 1034 4197 δόξης
1070 4132 1104 4200 ἠ
1130 4128 1223 4183 τοῦ
1249 4128 1439 4191 παιδὸς
1453 4130 1700 4199 εὐφημία

121 4230 463 4299 προσδεῖται·
491 4224 683 4295 ὥσπερ
736 4223 843 4277 οὐδ’
871 4224 1113 4293 ἔμφυτον
1144 4222 1342 4287 κάλλος
1377 4224 1474 4293 τῆς
1508 4225 1567 4288 ἐξ
1602 4224 1700 4277 ἀλ-

121 4319 337 4390 λοτρίων
362 4315 581 4372 ἀνθέων
602 4316 826 4387 χάριτος
866 4316 960 4368 καὶ
985 4316 1349 4385 κομμωτικῆς
1393 4315 1695 4387 περινοίας.

123 4413 233 4465 Οὐδ’
252 4412 443 4483 ἡμέρα
472 4410 609 4481 ἡλίῳ
642 4409 1175 4480 καταπυρσευομένη
1222 4408 1540 4480 προσθήκην
1574 4411 1699 4463 ἑπι-

124 4505 265 4572 ςητεί
293 4504 692 4575 φαιδρότητος,
734 4500 824 4555 ἵνα
869 4501 1071 4571 μᾶλλον
1133 4502 1393 4573 ροδοειδές
1428 4503 1586 4574 φέροι
1639 4504 1700 4558 τὸ

1797 3304 1927 3359 dum
1961 3317 1974 3355 :
2005 3301 2145 3357 idem
2176 3302 2242 3356 ad
2279 3300 2597 3356 memoriam
2635 3314 2855 3369 quoque
2888 3297 3057 3353 divini
3087 3297 3250 3366 hujus
3272 3297 3374 3353 viri

1798 3396 1913 3449 ﬁeri
1966 3396 2153 3450 videre
2204 3394 2385 3459 liceat,
2427 3394 2535 3448 imo
2590 3393 2752 3463 longe
2798 3392 2921 3462 plus
2962 3391 3127 3461 hujus
3152 3390 3374 3462 quidem

1799 3488 1902 3541 hac
1937 3487 1992 3541 in
2021 3493 2175 3553 parte
2206 3485 2285 3538 lit.
2313 3483 2387 3539 lhi
2419 3486 2564 3538 enim
2594 3492 2725 3539 sunt
2755 3484 2847 3553 qui
2872 3484 3125 3553 occupati
3159 3483 3376 3555 negotio

1797 3583 1945 3636 velut
1974 3577 2255 3650 praepediti
2306 3586 2557 3643 manent;
2600 3578 2917 3633 amoenitate
2968 3578 3249 3632 radiorum
3278 3592 3374 3631 va-

1798 3674 1911 3729 lere
1934 3672 2109 3741 jussa,
2143 3670 2230 3723 hic
2257 3678 2437 3723 autem
2470 3669 2618 3722 nulla
2652 3676 2761 3721 tam
2788 3669 2994 3723 intenta
3022 3667 3374 3724 fueritoccu-

1798 3770 1945 3841 patio
1996 3783 2118 3837 quae
2178 3766 2465 3835 prohibere
2519 3775 2683 3835 queat
2720 3766 2973 3823 homines
3017 3782 3087 3823 ne
3112 3783 3231 3823 eam
3256 3783 3377 3839 quae

1797 3875 1864 3915 ex
1890 3873 2049 3913 sacro
2080 3856 2259 3926 magni
2295 3856 2460 3924 hujus
2488 3855 2820 3912 confessoris
2853 3866 3211 3912 monumento
3241 3874 3373 3929 per-

1799 3946 2210 4018 cipiturgratiaa
2244 3946 2457 4015 c0piam
2488 3948 2871 4018 participatum
2905 3956 3050 4003 eant.
3087 3947 3218 4015 Quae
3249 3951 3377 4006 tuba

1800 4040 2090 4095 classicum
2126 4038 2383 4099 intonans
2411 4039 2727 4109 procinctos
2773 4040 2839 4094 ad
2884 4055 3119 4109 pugnam
3152 4040 3379 4097 ordines

1801 4129 1880 4183 sic
1899 4127 2159 4182 animavit
2188 4135 2250 4180 ut
2278 4125 2364 4180 hic
2395 4141 2488 4195 per
2522 4127 2604 4181 sui
2638 4128 2974 4183 mentionem
3022 4130 3190 4183 veluti
3226 4130 3379 4184 clan-

1800 4237 1934 4292 gens
1949 4221 2190 4276 concivit
2205 4218 2441 4283 animas,
2483 4221 2808 4276 devotorum
2844 4222 3115 4277 fervorem
3146 4239 3374 4294 augens,

1802 4312 2049 4370 desidum
2099 4319 2378 4382 torporem
2452 4314 2781 4369 excutiens?
2843 4314 3072 4384 Semper
3155 4316 3375 4385 quidem

1804 4408 2027 4463 humani
2058 4405 2276 4476 generis
2305 4404 2655 4461 adversarius
2706 4405 3007 4461 honoribus
3056 4419 3376 4463 sanctorum

1803 4499 2033 4556 lethalcs
2065 4496 2267 4567 accipit
2291 4497 2498 4566 plagas,
2532 4496 2757 4564 ringens
2810 4504 2864 4548 et
2903 4511 3057 4550 suam
3091 4496 3380 4549 calamita-

124 4598 427 4667 πρόσωπον.
466 4596 613 4651 Ἀλλ’
635 4598 757 4649 ὅσον
782 4594 1043 4659 ἐπιδεῖξαι
1068 4595 1258 4667 ὅτιπερ
1289 4591 1377 4650 οἶα
1401 4597 1601 4669 κλῆρον
1634 4599 1697 4651 ἐκ

1805 4602 1913 4649 tem
1969 4591 2209 4647 ﬁdelium
2274 4589 2518 4644 laztitiam
2548 4596 2828 4659 reputans.
2861 4586 3019 4643 Nunc
3072 4599 3252 4645 autem
3313 4606 3381 4646 eo

125 4692 364 4762 πατέρων
412 4690 518 4761 τὴν
592 4689 793 4761 ἀρετὴν
845 4688 1178 4759 παραλαϐὼν
1208 4730 1224 4755 ,
1294 4690 1393 4743 οὐκ
1449 4692 1700 4761 ἐνέμεινε

124 4784 193 4854 τῷ
221 4782 657 4857 παρασχεθέντι.
698 4782 832 4836 usas
860 4785 973 4847 τοῖς
992 4784 1216 4837 ἐκείνων
1244 4783 1490 4855 ἠρκέσθη
1518 4784 1700 4839 ὡσπε-

129 4877 202 4948 ρεὶ
230 4877 681 4948 παραδείγμασιν
707 4875 1072 4946 ἀκολουθῆσαι
1102 4876 1302 4946 (καίτοι
1329 4895 1393 4946 γε
1420 4878 1581 4948 ἡλίκα
1608 4873 1696 4932 οἷα

124 4964 185 5038 ἦν
200 4970 236 5038 ί)
268 4970 409 5023 ἀλλὰ
428 4968 689 5022 τοσοῦτον
717 4965 1019 5039 ἀμεινόνων
1042 4967 1212 5039 ἐπέϐη
1235 4968 1698 5039 κατορθωμάτων,

125 5060 237 5114 ὅσον
262 5062 413 5125 είκὺς
447 5060 544 5112 τὸν
570 5060 649 5123 είς
686 5058 917 5131 οὐρανὸν
938 5059 1066 5130 ὅλην
1096 5061 1195 5123 τὴν
1216 5059 1361 5132 ζωὴν
1390 5061 1701 5132 μεταθέμε-

1804 4684 2191 4745 abundantiori
2244 4682 2436 4737 dolore
2492 4682 2811 4735 cumulatur
2841 4696 2951 4750 quo
2983 4684 3095 4751 jam
3125 4683 3181 4737 in
3241 4682 3379 4739 lines

1805 4780 1913 4834 late
1945 4790 2108 4832 omne
2141 4772 2433 4845 pauegyris
2486 4771 2650 4840 hujus
2696 4771 2989 4827 celebritas
3025 4784 3377 4845 pr0pagatur.

1806 4869 1915 4928 Sed
1966 4868 2114 4924 velut
2176 4866 2232 4920 in
2289 4864 2582 4935 principiis
2634 4863 2814 4919 adhuc
2875 4863 3142 4921 insistens
3202 4870 3378 4923 oratio

1805 4964 1959 5037 prius
1999 4968 2209 5033 repetat
2241 4959 2564 5015 memoriam
2618 4956 2918 5012 illustrium
2968 4968 3255 5029 parentum
3285 4962 3379 5031 qui

1811 5063 1957 5117 hunc
1989 5060 2165 5115 virun't
2227 5058 2436 5111 mundo
2472 5062 2817 5126 genuerunt;
2877 5056 2950 5109 ita
3015 5056 3235 5111 demum
3294 5073 3379 5114 se-

125 5170 224 5209 νον.
267 5150 583 5223 Ἐπιτιμῴη
614 5151 659 5205 δ’
680 5152 781 5205 οὐκ
842 5154 906 5208 ἀν
935 5170 1020 5217 τις
1042 5151 1121 5223 τῷ
1158 5152 1301 5221 λόγῳ
1343 5153 1573 5209 κατόπιν
1602 5156 1701 5225 τῆς

1809 5155 1988 5209 cunda
2041 5152 2300 5221 deinceps
2351 5151 2439 5205 via
2491 5152 2547 5206 in
2608 5150 2907 5205 anterioria
2967 5159 3176 5221 pergat.
3224 5151 3379 5219 Quod

1636 5248 1773 5305 NOT
1781 5248 1871 5303 1E.
2959 5265 2963 5268 '

190 5340 264 5411 (5)
316 5339 641 5407 Quamlibet
663 5340 893 5410 {copiam
939 5338 1206 5405 ’πλούσιος
1250 5340 1454 5396 Graecis
1491 5353 1692 5396 sonat:

130 5412 257 5466 adeo
285 5422 347 5467 ut
384 5412 582 5466 nescio
610 5414 735 5481 quis
767 5412 908 5480 apud
940 5412 1251 5481 Euripidem
1278 5426 1539 5481 queratur
1578 5414 1697 5465 δαί-

134 5499 260 5550 μονα
310 5482 419 5538 sibi
448 5497 577 5537 esse
619 5485 876 5535 πλούσιον
909 5482 1125 5543 κακῶν,
1173 5493 1232 5536 ιιι
1264 5484 1443 5536 minus
1480 5484 1697 5539 mireris

133 5553 447 5608 thesaurum
483 5554 579 5606 irae
603 5554 670 5606 ad
700 5552 859 5607 Rom.
896 5569 957 5616 ιι,
993 5553 1059 5617 5;
1088 5552 1275 5608 Jacobi
1313 5571 1363 5615 ν,
1393 5555 1445 5606 ’5.

196 5624 270 5694 (4)
295 5624 367 5679 De
391 5623 682 5679 miraculis
714 5640 743 5677 a
776 5631 967 5678 sancto
990 5622 1214 5679 Nicolao
1246 5624 1297 5677 in
1330 5627 1561 5679 salutem
1600 5642 1697 5678 im-

132 5693 424 5763 vigantium
474 5694 715 5749 maximo
765 5708 994 5749 numero
1023 5694 1183 5749 lactis
1217 5696 1553 5751 cunsulenda
1581 5698 1700 5763 ejus

134 5767 260 5821 Acta
289 5774 348 5835 et
371 5764 624 5835 historiae
643 5773 852 5820 veteres
883 5764 1036 5835 juxta
1072 5777 1447 5835 recentesque.

202 5834 275 5905 t5)
304 5832 625 5890 Videndum
673 5851 742 5891 an
782 5832 895 5890 non
935 5834 1098 5890 fuerit
1140 5832 1481 5891 consuetudo
1516 5838 1697 5905 aliqua

143 5906 470 5965 convocandi
499 5906 567 5962 ad
601 5908 770 5964 solem
820 5917 938 5976 post
985 5908 1252 5963 brumam.
1284 5908 1475 5973 Qualia
1522 5913 1693 5965 multa

1802 5340 2128 5399 Plutarchus
2168 5340 2222 5393 in
2260 5339 2671 5405 Qumslionihus
2717 5337 2981 5394 Romanis
3016 5348 3070 5393 ct
3117 5339 3206 5393 alii
3244 5354 3375 5394 nar-

1803 5423 1946 5468 rant.
1980 5413 2139 5466 Tales
2170 5412 2248 5465 illi
2280 5412 2637 5481 εὐφημισμοὶ,
2686 5408 2803 5475 φῶς
2855 5408 3080 5478 ἀγαθόν,
3118 5424 3243 5463 cum
3288 5410 3381 5467 lux

1801 5484 2206 5539 accendebatur
2235 5482 2409 5552 prima
2451 5484 2588 5536 lace.

1875 5555 1950 5619 (t3)
1986 5550 2365 5607 Ecclesiaslica
2397 5552 2799 5606 consuetudine
2830 5550 3090 5607 memoria
3117 5551 3381 5619 martyris

1803 5625 2067 5694 templum
2116 5624 2371 5693 martyris
2402 5633 2486 5677 est
2532 5630 2625 5675 aut
2664 5632 3101 5694 monumentum.
3136 5620 3248 5675 Nec
3277 5622 3380 5694 du-

1810 5692 1958 5749 bium
2005 5695 2136 5761 quin
2181 5692 2267 5747 ad
2299 5693 2647 5748 confessores
2680 5692 2903 5747 extendi
2946 5694 3142 5762 possit.
3178 5694 3262 5746 An
3294 5692 3381 5748 hic

1811 5767 2088 5822 istanotio
2120 5768 2270 5836 vocis
2314 5764 2477 5836 hujus
2528 5766 2622 5825 sit.
2672 5765 2936 5836 judicium
2988 5766 3259 5836 intcgrqu
3293 5777 3382 5818 rc-

1808 5839 1993 5907 linquo
2026 5835 2236 5893 lectori.
