4182 6440
800 417 906 478 207
1972 415 2242 476 LEONIS
2281 415 2727 477 PHILOSOPHI
3935 414 4053 475 208

800 529 980 597 ipsum
1014 544 1080 585 ne
1112 543 1174 583 ea
1202 537 1383 582 tamen
1410 527 1673 599 religione
1700 537 1857 584 curet
1886 532 2043 600 quasi
2073 535 2357 585 encomio-
2392 540 2433 589 A

2400 540 2433 589 Α
2462 533 2553 584 τοῦ
2588 532 2777 595 παιδὸς
2802 531 2955 596 ἀξίας
2990 530 3191 584 τιθέντι
3217 531 3345 594 τοὺς
3387 528 3601 600 γονέας.
3628 528 4051 599 Κεχαρισμένον

801 637 924 675 rum
955 621 1122 690 legem
1155 636 1273 674 eam
1310 621 1491 691 magni
1530 620 1756 683 faciens,
1813 638 1937 692 quae
1995 624 2047 677 id
2101 640 2268 692 agens
2302 635 2360 678 ut

2466 625 2572 692 γὰρ
2602 624 2663 691 δή
2698 640 2799 675 που
2832 624 2925 676 καὶ
2955 624 3136 686 αὐτοῖς
3186 623 3343 676 τοῦτο
3386 624 3601 684 πάντως
3647 622 3741 673 καὶ
3788 620 4052 674 τοσοῦτον

800 712 1029 779 augendi
1065 719 1208 763 recte
1243 709 1387 764 facta
1438 710 1818 766 laudatoribus
1846 714 2189 765 occasionem
2225 730 2362 781 prm-

2466 715 2693 777 ἐκείνοις
2716 714 2879 782 φέρον
2910 714 3177 783 ἐπιθήκην
3224 716 3304 775 εἰς
3360 714 3585 782 κόσμον,
3628 713 3756 765 ὅσον
3786 712 4053 780 ἀφαιρεῖν

802 802 925 857 beat
978 799 1104 854 inde
1160 814 1256 853 e'os
1315 800 1585 868 auspicari
1621 801 1795 867 jubet.
1853 796 2094 856 Uteuim
2130 804 2366 857 maxime

2468 806 2609 869 ἔδοξε
2641 808 2736 873 τῆς
2769 807 3038 875 ἰσοτιμίας
3068 807 3160 858 τοῦ
3200 808 3257 872 ἐξ
3311 806 3491 859 αὐτῶν
3525 804 3851 874 πεφυκότος.
3879 803 4054 857 Ὥστε

803 894 1086 948 mirabiles
1124 901 1376 961 parentes
1443 892 1604 960 hujus
1657 895 1883 954 fuerint.
1934 909 2121 947 eorum
2182 903 2364 947 tamen

2469 896 2701 949 ἐνταῦθα
2734 896 2933 965 μᾶλλον
2961 896 3161 967 ζημίαν
3189 898 3221 968 ἦ
3262 897 3451 966 κέρδος
3475 894 3779 965 προξενεῖή
3810 894 4052 964 ἀφαίρε-

801 992 1244 1053 ηιιειιιιιεουηᾳυθ
1273 984 1689 1053 participatione
1724 986 1910 1053 gloriae
1942 985 2033 1037 lilii
2079 1002 2186 1039 non
2220 986 2363 1038 iudi-

2469 1004 2572 1050 σις,
2610 986 2797 1058 ὥσπερ
2844 989 3128 1057 ποταμίων
3189 988 3560 1058 ρευμάτωνὲν
3588 984 3771 1053 κύκλῳ
3810 983 4054 1049 ῥεόντων

801 1084 889 1144 get
960 1075 1224 1129 memoria
1287 1090 1397 1128 non
1456 1076 1633 1144 magis
1694 1091 1855 1145 quam
1930 1077 2150 1130 nativus
2202 1076 2368 1129 decor

2476 1081 2571 1135 καὶ
2603 1082 3054 1152 περιχωρούντων
3111 1086 3189 1146 είς
3239 1083 3464 1151 ἄλληλα,
3510 1083 3570 1136 τὸ
3610 1084 3740 1153 παρ’
3774 1082 4050 1149 ἑκατέρου

803 1168 985 1220 alieno
1016 1166 1140 1221 fuco
1180 1181 1243 1220 ac
1277 1168 1621 1221 emendicato
1677 1167 1810 1221 ﬂore
1864 1169 2054 1236 gratize
2086 1167 2372 1223 medicatae

2474 1172 2877 1242 ἀφαιρούμενον
2944 1173 3103 1226 πάλιν
3160 1173 3446 1243 προσθήκη
3508 1173 3718 1240 γίνεται
3762 1168 3840 1242 τῷ
3877 1168 4053 1223 δεδω-

800 1258 1033 1311 artificio
1056 1259 1402 1327 mangonico.
1424 1259 1606 1327 Neque
1625 1273 1753 1311 vero
1779 1259 1938 1327 pleno
1958 1260 2073 1314 sole
2090 1260 2378 1314 collustra-
2481 1266 2621 1319 κότι.

801 1359 854 1403 ta
891 1351 1006 1405 dies
1038 1352 1351 1406 serenitatis
1380 1352 1750 1406 accessionem
1771 1352 1966 1421 quaerit
2024 1361 2082 1406 ut
2138 1352 2312 1423 magis
2383 1369 2539 1411 rosea
2574 1357 2743 1410 niteat
2797 1355 2955 1411 facie.
2996 1355 3198 1412 Verum
3238 1355 3343 1411 hoc
3389 1366 3613 1411 eatenus
3700 1361 4039 1408 memoretur

799 1443 973 1495 solum
1027 1453 1087 1497 ut
1148 1445 1571 1507 demonstretur,
1621 1454 1865 1499 nostrum
1901 1445 2066 1508 hunc,
2109 1444 2203 1514 qui
2256 1453 2515 1517 tanquam
2573 1448 2969 1504 baereditariam
3028 1463 3058 1503 a
3123 1448 3440 1518 parentibus
3509 1447 3762 1501 virtutem
3799 1442 4056 1513 accepis-

800 1544 904 1597 set,
945 1549 1283 1603 nequaquam
1320 1549 1385 1589 eo
1444 1536 1592 1590 velut
1634 1536 1957 1607 patrimonio
2003 1548 2342 1603 contentum,
2419 1542 2472 1595 in
2536 1544 2889 1613 expressione
2946 1541 3370 1597 domesticorum
3442 1540 3809 1610 exemplorum
3866 1536 4054 1591 laudis

802 1626 1253 1695 acquiescendum
1293 1627 1396 1682 sibi
1440 1630 1694 1684 Statuisse
1739 1633 2072 1700 (quanquam
2117 1640 2321 1703 quanta
2360 1634 2449 1689 illa
2483 1637 2777 1707 qualiaque
2838 1636 3070 1705 erantl),
3107 1650 3292 1690 verum
3360 1633 3428 1689 ad
3457 1643 3608 1689 tanto
3666 1630 4055 1703 praestantiora

802 1719 1044 1774 facinora
1072 1722 1416 1791 suscipienda
1442 1737 1764 1803 generosum
1844 1724 2008 1778 animi
2073 1725 2411 1796 propositum
2450 1730 2729 1794 excitavit,
2796 1730 2976 1800 qualia
3026 1729 3283 1784 nimirum
3335 1736 3757 1784 consentaneum
3782 1733 3899 1780 erat
3926 1738 4053 1778 rno-

802 1813 889 1865 liri
922 1828 1045 1867 eum
1082 1814 1175 1883 qui
1228 1829 1285 1868 se
1321 1814 1596 1870 ccelestem
1628 1830 1856 1885 prorsus
1890 1820 1958 1875 ad
1995 1819 2120 1875 vitae
2167 1830 2372 1877 sectam
2412 1838 2475 1877 ac
2531 1824 2796 1878 rationem
2848 1822 3239 1877 transtulisset.
3302 1819 3473 1877 Nemo
3542 1834 3705 1891 porro
3749 1816 4054 1889 reprelien-

802 1905 1033 1957 dendam
1072 1906 1371 1959 orationem
1404 1921 1577 1961 meam
1614 1918 1763 1976 putet
1783 1910 1928 1978 quod
1962 1925 2025 1965 ea
2078 1906 2380 1967 secundum
2421 1928 2449 1966 a
2484 1912 2593 1967 ﬂlio
2644 1912 2922 1984 dignitatis
2982 1913 3159 1967 locum
3213 1913 3526 1983 parentibus
3589 1911 3870 1966 attribuat.
3938 1907 4056 1961 Vo-

804 1999 1043 2054 lcntibus
1090 2014 1222 2055 sane
1272 2001 1404 2069 ipsis
1460 2016 1524 2055 ac
1574 2003 1885 2061 lubentibus
1946 2005 2209 2062 acciderit
2256 2006 2359 2062 hoc
2394 1988 2615 2076 quidem
2679 2024 2693 2062 :
2736 2008 2940 2079 quippe
2982 2007 3111 2062 binc
3163 2015 3315 2062 tanto
3355 2006 3605 2063 uberiore
3640 2007 3698 2061 in
3728 2021 3823 2061 eos
3856 2010 3870 2054 τ
3905 2019 4056 2060 vera:

804 2092 988 2159 gloriae
1016 2095 1333 2149 accessione
1367 2094 1731 2149 redundatura
1763 2106 2029 2167 quantum
2082 2100 2199 2171 ipsa
2265 2102 2603 2169 comparatio
2660 2100 2941 2171 dignitatis
3019 2100 3291 2156 ademisse
3342 2099 3660 2169 postpositis
3739 2097 4051 2153 videbatur.

802 2182 936 2238 Nam
974 2184 1062 2238 hic
1101 2185 1317 2254 quidem
1350 2187 1492 2254 quod
1536 2187 1779 2242 aufertur
1813 2204 1922 2245 non
1980 2191 2188 2247 damno
2221 2193 2390 2263 magis
2425 2192 2793 2263 deputandum
2840 2207 3003 2263 quam
3066 2192 3219 2247 lucro
3271 2200 3375 2256 est,
3408 2199 3466 2245 ut
3501 2189 3682 2246 ﬂuviis
3710 2190 3763 2245 in
3827 2206 3887 2246 se
3951 2205 4055 2260 per

802 2275 987 2329 orbem
1015 2276 1384 2343 reﬂuentibus,
1442 2293 1669 2350 seseque
1714 2283 2111 2353 excipientibus
2149 2294 2339 2341 mutuo
2409 2302 2504 2357 per
2565 2288 2733 2354 vices,
2780 2286 2925 2357 quod
2997 2285 3258 2340 adimitur
3309 2286 3571 2341 continuo
3630 2282 3938 2339 refunditur
3995 2286 4051 2340 ei

805 2369 897 2437 qui
924 2369 1169 2423 dederat.

876 2458 1019 2526 Ergo
1073 2458 1165 2527 qui
1220 2460 1350 2513 huic
1404 2468 1592 2517 nostro
1626 2462 1776 2519 fuere
1800 2473 2055 2533 parentes
2086 2467 2141 2521 in
2176 2467 2369 2537 primis
2406 2474 2444 2528 Β

2406 2474 2444 2528 Β
2552 2466 2713 2520 Ἀλλά
2746 2465 2855 2534 γάρ
2887 2464 3095 2517 ἐκείνου
3117 2462 3435 2534 γεννήτορες
3453 2460 3637 2531 ἄκρως
3666 2460 3877 2529 ἔχοντες
3896 2477 4052 2530 περι-

804 2548 1067 2610 illustres,
1104 2556 1215 2601 tum
1250 2550 1317 2604 iis
1350 2554 1690 2609 ornamentis
1733 2572 1855 2626 qua:
1885 2556 2080 2613 decent
2112 2575 2365 2629 corpora,

2472 2557 2715 2626 φανείας,
2781 2557 2879 2626 ὅση
2934 2572 2992 2608 τε
3036 2556 3303 2620 σωμάτων
3337 2554 3428 2606 καὶ
3486 2553 3623 2622 μετά
3666 2553 3765 2621 τῆς
3814 2552 4048 2604 ἐκείνων

804 2655 1040 2707 cumque
1071 2643 1396 2709 corporibus
1425 2658 1848 2714 consumuntur,
1884 2658 2000 2705 tum
2036 2644 2371 2723 iis-quoque

2474 2654 2833 2723 συναπολήγει
2869 2651 3096 2713 λύσεως,
3135 2652 3230 2703 καὶ
3274 2650 3376 2718 ὅση
3420 2647 3497 2719 τῷ
3530 2650 3741 2719 μένοντι
3774 2647 3872 2717 βίῳ
3902 2663 4050 2715 συμ-

804 2746 926 2798 qua:
981 2733 1329 2800 sempiternre
1400 2738 1523 2792 vitae
1584 2738 1874 2797 duratione
1912 2746 2141 2814 aequalia
2185 2756 2314 2801 sunt
2353 2766 2364 2801 :

2473 2743 2893 2814 παρατείνεται·
3026 2743 3121 2794 καὶ
3177 2740 3375 2811 μᾶλλον
3426 2741 3837 2809 σεμνυνόμενοι,
3886 2738 4047 2807 παρά

805 2836 917 2889 quo
979 2826 1268 2890 posteriori
1326 2844 1527 2895 genere
1578 2832 1922 2900 potissimum
1955 2837 2189 2891 nitentes
2220 2838 2372 2907 prius

2474 2838 2675 2906 φαῦλον
2714 2835 2811 2905 τὴν
2840 2835 3033 2905 ἑτέραν
3056 2833 3311 2887 ἐτίθεντο.
3333 2833 3430 2887 Διά
3452 2832 3609 2885 τοῦτο
3634 2832 3726 2885 καὶ
3752 2831 4051 2884 πολιτικῶν

802 2911 937 2967 illud
975 2918 1420 2975 contemnebant.
1456 2922 1636 2986 Quare
1667 2926 1855 2992 procul
1904 2942 1934 2981 a
1988 2929 2243 2986 civilibus
2274 2947 2371 2985 cu-

2471 2926 2758 2996 διατριϐὦν
2788 2925 2975 2997 ὣσπερ
2997 2924 3263 2988 κλύδωνος
3296 2924 3398 2990 ἔξω
3413 2924 3739 2985 διαῦιοῦντες
3755 2923 3942 2993 ἀπραγ
3952 2939 4052 2991 μο-

803 3003 883 3057 ris
916 3009 1173 3072 tanquam
1209 3021 1237 3058 a
1266 3010 1569 3075 procelloso
1624 3014 1762 3067 mari
1814 3015 2089 3085 subducti,
2127 3019 2180 3071 in
2210 3028 2371 3088 portu

2474 3016 2607 3085 σύνῃ
2646 3015 2737 3067 τὸν
2770 3013 2883 3083 βίον
2929 3014 3206 3067 ἐσάλευον.
3255 3014 3515 3067 Βούλεσθεί
3560 3030 3684 3067 τινα
3716 3012 4050 3081 προσθῶμεν

802 3093 951 3149 beati
994 3098 1089 3152 otii
1116 3100 1421 3168 tranquilla:
1448 3104 1572 3157 vitae
1603 3118 1822 3159 cursum
1856 3111 2205 3177 peragebant.
2244 3110 2372 3166 Vul-

2471 3109 2569 3177 τῆς
2590 3107 2815 3160 ἐκείνων
2847 3106 3051 3177 ἀρετῆς
3070 3107 3458 3177 γνωρίσματα;
3496 3106 3563 3158 Ἢ
3582 3105 3633 3157 τί
3659 3123 3724 3174 με
3748 3105 3826 3157 δεῖ
3855 3104 4049 3176 ὥσπερ

800 3187 874 3239 tis
903 3186 992 3240 hic
1031 3201 1367 3256 apponamus
1397 3189 1580 3262 aliqua
1624 3196 1848 3250 virtutis
1875 3212 2065 3253 eorum
2095 3208 2245 3256 certa
2271 3201 2372 3257 do-

2473 3198 2732 3267 ὲνοχλεῖν,
2768 3198 2954 3271 ῥᾳδίου
2980 3199 3132 3261 δντος
3162 3196 3410 3251 ἐντεῦθεν
3446 3196 3537 3250 τὸν
3567 3197 3788 3248 ἐκείνων
3820 3197 4045 3266 τρόπον,

802 3280 1097 3333 cumenla?
1124 3280 1265 3346 Quid
1300 3299 1428 3338 vero
1458 3302 1543 3339 me
1576 3302 1715 3356 opus
1747 3297 1833 3343 est
1883 3290 1952 3344 iis
1993 3307 2189 3347 vexare
2219 3294 2375 3348 colli-

2472 3296 2653 3360 όποίός
2670 3313 2753 3359 τις
2779 3291 2848 3367 ἦν
2864 3296 2965 3349 κάν
2982 3297 3094 3358 τοῖς
3118 3293 3316 3358 ἀλλοις,
3340 3292 3418 3363 τῷ
3433 3310 3695 3364 προαιρου
3704 3293 3849 3361 μένῳ
3862 3309 4041 3347 κατα-

800 3371 1014 3441 gendis,
1060 3386 1185 3426 cum
1227 3373 1464 3429 istorum
1500 3392 1679 3433 mores
1710 3378 1767 3432 in
1800 3379 1963 3435 rebus
2011 3397 2230 3452 quoque
2263 3399 2371 3438 ca:-

2477 3390 2803 3459 μανθάνειν;
2842 3390 2971 3455 Οἷγε
3018 3388 3305 3457 δυνάμενοι
3356 3388 3411 3439 ὲν
3453 3385 3672 3456 μεγάλῳ
3707 3386 3863 3455 μέρει
3899 3385 4049 3454 βασι-

801 3465 934 3518 teris
965 3466 1155 3534 quales
1189 3466 1392 3521 fuerint
1443 3483 1509 3523 ex
1550 3471 1698 3524 ultro
1735 3471 1950 3527 delecto
1984 3473 2109 3529 vitae
2175 3491 2374 3546 genere

2474 3482 2618 3535 λείου
2654 3481 2812 3551 δόξης
2839 3478 3223 3550 γνωρίζεσθαι,
3268 3478 3589 3548 πράγματος
3628 3480 3762 3530 πᾶσι
3802 3494 4046 3546 περιμα-

803 3553 966 3611 facile
1013 3558 1083 3611 sit
1125 3559 1447 3630 intelligere.
1484 3558 1695 3615 Etenim
1729 3576 1853 3617 cum
1885 3566 2207 3633 spectabiles
2239 3568 2372 3621 emi-

2474 3574 2661 3643 χήτου,
2704 3576 2750 3625 οί
2785 3572 2841 3625 δὲ
2868 3571 3054 3641 ὥσπερ
3080 3586 3133 3623 τι
3162 3571 3271 3623 τῶν
3292 3569 3499 3639 ἀτίμων
3524 3567 3665 3620 οὕτω
3692 3568 4045 3638 παρέδραμον

801 3663 933 3703 nere
962 3650 1175 3717 possint
1211 3666 1277 3706 ex
1315 3651 1597 3708 iunctione
1642 3654 1827 3725 aliqua
1864 3654 2059 3711 illustri
2092 3658 2371 3729 principa-

2474 3662 2626 3728 αὐτὸ,
2672 3664 2783 3724 τοῖς
2828 3659 3095 3730 παροῦσιν
3148 3657 3496 3728 ἀρκούμενοι,
3552 3658 3613 3709 οὑ
3667 3657 3801 3725 πρὸς
3848 3656 4044 3724 ἡδονὴν

802 3738 872 3794 lis
901 3742 1323 3809 procurationis,
1354 3745 1431 3797 rei
1460 3745 1635 3813 dignae
1664 3746 1823 3815 vulgo
1852 3747 2072 3803 credita:
2109 3764 2207 3818 pro
2260 3766 2367 3819 qua
2418 3822 2425 3823 ί

2418 3822 2425 3823 7
2476 3753 2855 3823 ἀποχρώμενοι
2882 3754 2948 3821 τῇ
2980 3749 3288 3820 περιουσίᾳ,
3319 3748 3438 3801 οὐδὲ
3478 3749 3597 3810 ταῖς
3636 3746 3842 3799 ἐκεῖθεν
3875 3764 4046 3815 προσ-

801 3830 1012 3885 laboris
1044 3834 1175 3886 nihil
1210 3836 1583 3890 contentionis
1615 3849 1922 3904 recusetur,
1980 3840 2032 3893 id
2078 3842 2154 3895 illi
2189 3850 2368 3897 tamen
2398 3822 2440 3878 (ἶ

2398 3822 2440 3878 C
2473 3822 2743 3914 ανειμένοι
2774 3840 3157 3894 ἀπολαύσεσιν.
3202 3838 3362 3892 Ἀλλά
3380 3837 3583 3908 ταύτην
3614 3838 3782 3907 μόνην
3810 3833 3869 3890 εὖ
3905 3838 4046 3889 είδός

801 3924 1164 3991 przescntibus
1213 3926 1479 3987 contenti,
1531 3928 1828 3984 ambitione
1884 3930 2109 3999 insuper
2162 3932 2367 3997 habita,

2470 3953 2561 3999 τες
2585 3933 2903 3998 ἀπόλαυσιν,
2942 3932 2993 3985 εί
3018 3949 3102 3993 τις
3157 3931 3309 3983 ἀπίοι
3334 3933 3429 3999 τῆς
3462 3930 3603 3999 ζωῆς
3651 3928 3829 3983 λαϐὼν
3863 3926 4044 3998 παρα-

802 4028 1031 4083 prorsus
1083 4026 1142 4069 ut
1198 4031 1311 4069 rem
1374 4017 1529 4072 niliili
1581 4021 1957 4090 neglexerunt.
1999 4023 2188 4093 Neque
2240 4040 2370 4081 vero

2474 4028 2685 4097 μύθιον,
2720 4026 3055 4097 σπείροντες,
3091 4023 3119 4076 ὃ
3170 4023 3233 4093 δὴ
3268 4023 3503 4090 λέγεται,
3535 4022 3679 4093 χειρὶ
3716 4024 3955 4092 ἑκατέρα
3988 4023 4045 4073 ἐν

800 4106 917 4160 suis
970 4108 1143 4177 copiis
1203 4109 1269 4163 ad
1344 4113 1677 4182 voluptatem
1736 4115 2142 4182 abutebantur;
2195 4134 2371 4189 neque

2469 4122 2579 4182 τοῖς
2641 4119 2751 4171 τῶν
2785 4117 3005 4187 ἀπόρων
3062 4116 3309 4183 ὲγκάτοις
3340 4115 3429 4167 τὸν
3470 4114 3722 4175 πλοῦτον,
3768 4114 3854 4166 διὰ
3886 4114 4045 4166 τοῦτο

802 4200 1013 4253 deliciis
1079 4217 1310 4270 quarum
1377 4206 1502 4259 inde
1569 4205 1860 4261 afﬂuebant
1909 4208 2370 4277 opportunitates,

2474 4209 2613 4279 μετά
2640 4210 2741 4279 τῆς
2773 4208 2938 4278 ἄλλης
2967 4208 3209 4271 εὐδοξίας
3266 4208 3359 4259 καὶ
3386 4204 3543 4258 τοῦτο
3576 4204 3758 4257 θεόθεν
3781 4205 4046 4274 ἀντιλοιμο

802 4292 1243 4347 resolicbautur.
1335 4296 1440 4351 Sed
1518 4300 1776 4367 praclare
1848 4300 2099 4370 persuasi
2192 4301 2369 4356 solum

2471 4301 2713 4365 6ἁνουσι,
2761 4300 2947 4363 παιδὸς
2997 4298 3335 4369 χρηματίσαι
3373 4297 3607 4366 πατέρες
3661 4296 3970 4365 κρείττονος
4010 4296 4043 4366 ἦ

801 4382 943 4434 hunc
973 4400 1093 4438 esse
1169 4385 1403 4441 habendi
1470 4388 1707 4445 fructum
1768 4390 1815 4448 si
1861 4391 1988 4461 quis
2034 4394 2107 4446 ita
2138 4409 2251 4449 rem
2287 4396 2370 4449 vi-

2471 4394 2611 4446 κατά
2646 4390 2843 4461 θνητὴν
2892 4389 3055 4458 φύσιν
3106 4388 3335 4459 ὀφθῆναι
3386 4388 3688 4457 μέλλοντος.
3724 4386 3906 4440 Ἄλλοι
3942 4387 4044 4455 μὲν

800 4472 976 4525 vendo
1038 4472 1381 4544 dispensaret
1428 4487 1487 4531 ut
1530 4494 1595 4533 ea
1644 4480 1845 4536 deinde
1902 4484 2237 4539 conscientia
2282 4500 2371 4541 so-

2470 4483 2563 4537 οῦν
2594 4483 2735 4552 μέγα
2785 4481 2951 4551 μέρος
2984 4479 3279 4549 εὖκληρίας
3332 4477 3768 4547 ὑπολαμϐάνουσι
3819 4478 4044 4547 συχναῖς

802 4563 933 4615 latio
994 4579 1115 4619 esse
1146 4567 1396 4621 morienti
1448 4579 1649 4637 posset,
1708 4574 2071 4641 seminabant,
2120 4583 2178 4629 ut
2231 4576 2370 4631 dici-

2470 4576 2799 4645 λειτουργεῖν
2820 4572 2995 4637 ὠδῖσι,
3057 4571 3386 4640 πολυπαιδίᾳ
3421 4571 3720 4639 χαίροντες,
3766 4568 3955 4638 ὥσπερ
3988 4570 4044 4621 ἐν

800 4663 907 4715 tur.
942 4664 1168 4725 utraque
1205 4673 1367 4712 manu
1420 4676 1516 4730 per
1573 4663 1730 4719 sinus
1778 4679 2080 4735 pauperum
2125 4666 2367 4734 divitias,

2469 4668 2580 4728 τοῖς
2608 4664 2808 4729 ἄλλοις,
2840 4663 2985 4716 οὕτω
3028 4660 3307 4717 κάνταῦθα
3360 4663 3668 4730 τερπούσης
3711 4660 3909 4721 αὐτοὺς
3943 4659 4043 4729 τῆς

799 4746 944 4818 quod
980 4747 1048 4801 ob
1079 4750 1329 4803 meritum
1366 4762 1561 4818 praeter
1592 4763 1845 4810 caateram
1881 4757 2186 4814 claritatem
2222 4758 2370 4813 illam

2471 4760 2802 4826 πλεονεξίας.
2830 4759 3013 4829 Ἦμην
3036 4758 3078 4810 δ’
3100 4759 3167 4811 ἂν
3193 4755 3351 4824 κάγὼ
3380 4757 3485 4810 τῶν
3517 4754 3816 4825 τιθεμένων
3840 4753 4041 4826 ταύτῃ,

800 4840 965 4892 etiam
1026 4855 1056 4895 a
1122 4855 1509 4901 remunerante
1567 4845 1678 4902 Deo
1735 4850 1910 4904 tulere
1966 4851 2272 4905 mercedem
2314 4859 2372 4906 ut

2470 4853 2518 4903 εί
2552 4850 2737 4918 ὥσπερ
2792 4851 2919 4920 μιᾶς
2966 4849 3276 4916 πεφυκότας
3330 4848 3486 4921 ῥίζης
3539 4849 3635 4901 καὶ
3677 4846 3785 4899 τῶν
3835 4845 4043 4899 ὠδίνων

802 4930 995 4983 ﬁerent
1059 4941 1317 5000 parentes
1368 4934 1462 4990 filii
1516 4938 1760 4994 mortalis
1804 4947 2015 4994 natura:
2054 4942 2273 4996 modum
2306 4958 2371 4997 ac

2470 4939 2936 5011 κληρονομοῦντας
2982 4937 3169 5008 ἐώρων
3226 4936 3324 5006 (7).
3381 4936 3494 4989 Νῦν
3554 4937 3609 4988 δὲ
3643 4934 3788 4988 πολὺ
3840 4935 4042 5003 μᾶλλον

802 5029 1021 5087 Captum
1055 5023 1253 5079 virtute
1305 5033 1360 5080 et
1415 5028 1841 5102 admirabilitate
1883 5034 2218 5102 superaturi.
2262 5036 2367 5089 Alii

2470 5031 2665 5092 ἀνίσως
2702 5028 2980 5099 ἔχονταςῆ
3015 5028 3140 5091 τοὺς
3170 5028 3461 5090 δακτύλους
3506 5027 3740 5096 ὁρῶμεν,
3774 5026 3871 5078 καὶ
3902 5043 4041 5094 συμ-

801 5114 1020 5180 quidem
1048 5115 1100 5167 in
1132 5130 1325 5184 magna
1358 5095 1633 5175 felicitatis
1678 5134 1830 5192 parte
1876 5095 2162 5179 numerare
2193 5126 2371 5181 solent
2402 5165 2444 5219 ο

2402 5165 2444 5219 D
2472 5118 2645 5172 σαίνει
2667 5095 2869 5187 τῷ-μέν
2914 5095 2978 5171 τι-
3008 5118 3261 5183 παρεῖναι
3290 5117 3397 5169 τῶν
3438 5095 3695 5186 χρηστῶν
3736 5114 3813 5183 τῷ
3842 5114 3901 5167 δὲ
3933 5115 4041 5166 τῶν

799 5203 1024 5255 crebros
1056 5214 1263 5270 partus,
1297 5222 1694 5278 munerosaque
1722 5213 1956 5281 gaudere
1978 5215 2184 5275 sobole,
2213 5216 2364 5269 velut
2403 5203 2442 5219 ν

2403 5203 2442 5219 υ
2472 5211 2690 5281 φαύλων
2710 5228 2721 5240 ·
2758 5210 2897 5262 ὥστε
2925 5212 2985 5263 ού
3022 5211 3219 5280 μᾶλλον
3249 5211 3339 5262 ἐπὶ
3366 5211 3476 5271 τοῖς
3508 5208 3773 5276 παροῦσιν
3814 5206 4041 5272 ἀγαθοῖς

802 5295 867 5346 ad
904 5294 1018 5347 haec
1049 5312 1264 5366 quoque
1294 5300 1435 5353 bona
1466 5316 1585 5357 sese
1614 5306 1940 5365 extendente
1969 5307 2220 5371 avaritia,
2241 5308 2363 5361 nul-

2466 5304 2543 5373 τῷ
2579 5303 2725 5355 παιδὶ
2774 5304 3046 5373 χαιρήσει,
3103 5303 3136 5372 ἥ
3184 5302 3275 5354 ἐπὶ
3330 5304 3439 5363 τοῖς
3488 5300 3723 5369 χείροσιν
3773 5300 3801 5350 ό
3848 5298 4041 5365 γονεὺς

803 5387 1018 5456 lumque
1059 5404 1126 5442 ne
1173 5390 1258 5443 hic
1288 5392 1503 5463 quidem
1549 5396 1831 5463 cupiditati
1864 5398 2023 5451 linem
2062 5407 2359 5453 statuente.

2466 5398 2765 5449 ἀνιάσεται.
2796 5398 2905 5451 Καὶ
2927 5397 3135 5464 γίνεται
3191 5396 3570 5465 παραπλήσιον
3626 5386 3739 5445 οἷον
3770 5391 3824 5443 εί
3853 5408 3939 5454 τις
3968 5393 4034 5462 τῇ

803 5478 1043 5541 Quorum
1075 5480 1129 5533 in
1160 5485 1483 5536 sententiam
1517 5485 1649 5540 irem
1675 5502 1773 5556 ego
1799 5503 2018 5557 quoque
2047 5488 2275 5558 pedibus
2314 5488 2361 5541 si

2472 5488 2570 5558 μὲν
2626 5491 2810 5557 στέφοι
2870 5492 3034 5559 χειρὶ,
3090 5492 3157 5559 τῇ
3193 5489 3250 5540 δὲ
3282 5487 3524 5557 ῥαπίζοι,
3574 5488 3631 5538 ὲν
3662 5485 3741 5555 τῷ
3778 5484 4040 5537 λυποῦντι

2296 5601 2533 5658 NOTAE.

870 5694 946 5761 (7)
981 5695 1274 5763 Perplexus
1320 5695 1474 5748 locus
1503 5704 1557 5750 et
1582 5696 1721 5749 haud
1757 5696 1869 5749 seio
1904 5713 1968 5749 an
2001 5713 2107 5751 non
2138 5698 2367 5752 mendo-
2474 5706 2559 5753 est
2600 5696 2761 5759 huius
2796 5696 2963 5749 nostri
2996 5704 3049 5747 et
3097 5692 3318 5747 Graeciae
3364 5691 3682 5763 citeriorum
3729 5700 4038 5758 temporim

806 5761 1457 5837 sus.interpretationem
1482 5768 1731 5834 expedivi
1763 5776 1819 5818 ut
1860 5770 2030 5835 potui.
2062 5767 2361 5821 Succurre-
2469 5772 2684 5837 propria
2705 5767 2936 5819 dialerto
2960 5765 3153 5825 ὠδῖνας
3173 5773 3420 5837 ﬂammis
3443 5761 3740 5837 dici-0|!‘ij'
3770 5763 4041 5837 ﬁalisjﬂ'

808 5816 895 5889 Lai
926 5816 1387 5907 fertéicgcnnunr
1414 5816 1744 5908 gaesaque
1768 5816 2009 5892 “eam:
2020 5816 2167 5896 Nisi
2178 5816 2360 5895 alia.
2468 5816 2914 5906 iriiteIStcappa-ret
2944 5852 3007 5891 cx
3038 5816 3158 5906 p.32
3175 5816 3262 5888 τη
3285 5835 3570 5904 superiori.
3598 5816 3743 5904 ἶιλυι.
3771 5816 3885 5886 €206
3908 5832 3994 5901 υ.)
