4182 6440
139 409 228 475 209
914 406 1198 469 ORATIO
1220 405 1406 468 XVII.
1432 430 1502 444 -
1525 405 1608 467 ΙΝ
1635 407 1695 468 S.
1726 405 2124 470 NICOLAUM
2151 410 2594 474 MYRENSEM.

3280 419 3388 484 210

134 516 534 589 ἀναχωροῦντος
566 515 661 571 τοῦ
709 516 1023 588 τέρποντος.
1076 517 1163 570 Διό
1204 532 1296 587 μοι
1345 515 1711 585 φαίνεταικαὶ

1820 526 1879 569 ιιι
1939 532 2009 570 ex
2070 533 2178 572 una
2234 520 2404 588 stirpe
2452 528 2779 590 procreato.
2810 520 3031 590 fratres,
3067 525 3143 581 ita
3170 526 3394 587 virtutis

134 611 261 667 atati
288 612 455 665 τοῦτο
481 612 541 664 τὸ
570 612 756 683 μέρος,
786 610 932 681 φημὶ
963 610 1027 678 δὴ
1053 611 1155 680 τῆς
1206 608 1568 673 παιδοποιίας,
1595 611 1707 673 τοῖς

133 705 363 775 πατράσι
391 704 487 757 τοῦ
509 703 605 757 νῦν
625 702 938 773 τιμωμένου
968 703 1068 771 τὴν
1098 702 1238 754 κατὰ
1273 700 1381 753 τῶν
1403 698 1580 753 ἄλλων
1604 715 1709 752 πα-

133 800 292 867 τέρων
320 798 609 868 προσεῖναι
643 795 937 865 ὑπεροχήν.
968 793 1164 856 Ὀντος
1196 791 1304 863 γὰρ
1348 791 1409 845 οὑ
1437 790 1622 862 ῥᾳδίου
1652 791 1710 843 έν

134 895 270 962 πασῃ
298 890 507 963 αρετῆς
535 891 655 961 ἰδέᾳ.
689 890 891 959 ὁμοίως
941 887 1272 956 εὐδοκιμεῖν,
1308 884 1423 938 ἀλλ’
1448 885 1506 936 ἐν
1536 882 1708 953 ταύτῃ

1817 615 1983 678 atque
2045 609 2250 666 indolis
2308 622 2598 681 parentum
2632 615 2784 670 velut
2816 616 3195 675 barreditatem
3228 624 3397 692 parti-

1816 701 2069 771 cipantes
2090 719 2158 756 ex
2184 719 2341 773 aequo
2368 705 2629 759 viderem.
2653 706 2809 761 Nunc
2848 711 3022 767 multo
3051 711 3232 783 major
3253 715 3400 769 inter

1815 807 1911 847 eos
1942 808 2105 861 quam
2139 796 2284 852 inter
2315 796 2520 868 digitos
2558 799 2904 870 inaequalitas
2937 807 3221 870 cernitur;
3256 824 3394 863 con-

1816 886 2088 956 tingitque
2128 887 2239 943 fere
2278 890 2348 943 ab
2397 901 2522 947 ortu
2574 894 2695 964 ipso
2747 899 2838 949 uni
2884 897 3155 953 laudabile
3215 901 3397 958 inesse

141 983 228 1051 μέν
252 999 377 1033 τινα
407 982 587 1034 δοκεῖν
628 978 828 1041 ἱκανῶς
867 977 1035 1048 ἔχειν,
1077 978 1136 1029 ὲν
1178 974 1354 1046 ταύτῃ
1405 974 1463 1027 δὲ
1506 973 1711 1043 ἀποδη-

1816 978 2290 1048 quidpiam,alteri
2319 997 2450 1037 vero
2470 986 2757 1052 vitiosum;
2793 998 2851 1040 ut
2880 991 3099 1059 genitor
3133 1007 3239 1045 non
3284 1010 3399 1047 ma-

136 1077 243 1144 μεῖν
273 1075 376 1143 (8),
427 1076 541 1136 τοῖς
584 1073 683 1141 μὲν
735 1071 915 1133 ἄλλοις
957 1070 1105 1131 ὅσοις
1132 1067 1342 1138 ὑπῆρξε
1372 1066 1710 1137 χρηματίσαι

1816 1068 1985 1139 iorem
2013 1085 2043 1124 a
2073 1072 2233 1128 bonis
2270 1073 2486 1130 laetandi
2509 1092 2731 1133 causam
2761 1094 2923 1149 quam
2943 1080 3160 1135 dolendi
3197 1082 3394 1137 habeat

133 1167 367 1235 γονεῦσι,
388 1165 485 1219 τοῦ
525 1165 625 1235 μὲν
647 1164 755 1217 τῶν
790 1163 997 1216 παίδων
1021 1163 1223 1233 ταύτην
1241 1160 1582 1231 κεκτημένου
1611 1158 1711 1227 τὴν

1816 1176 1846 1217 a
1878 1162 2376 1221 maliszconsimile
2392 1169 2519 1237 quid
2539 1171 2752 1238 patiens
2777 1180 2945 1241 atque
2978 1173 3024 1227 si
3059 1172 3185 1243 quis
3223 1176 3394 1229 altera

133 1262 346 1330 ἀρετὴν,
402 1261 483 1330 τῷ
525 1260 582 1313 δὲ
616 1256 929 1329 προσούσης
966 1257 1158 1327 ἑτέρας
1192 1254 1281 1322 (τὰ
1303 1256 1411 1324 γὰρ
1434 1254 1604 1323 χείρω
1636 1269 1711 1304 σι-

1818 1253 2045 1322 quidem
2078 1254 2258 1323 ipsum
2317 1273 2480 1312 manu
2517 1270 2825 1324 coronaret,
2874 1264 3044 1318 altera
3099 1268 3393 1336 colaphum

132 1354 359 1421 γασθω),
392 1352 684 1421 συμϐαίνει
715 1351 903 1421 ὥσπερ
925 1350 985 1414 ἐξ
1012 1350 1210 1419 ἐράνου
1235 1348 1325 1400 τὸν
1356 1348 1560 1417 κόσμον
1590 1344 1711 1397 συλ-

1816 1346 2177 1416 impingeret;
2231 1349 2430 1420 inquo
2488 1366 2617 1407 casu
2672 1356 2900 1412 honoris
2960 1357 3171 1413 fructus
3223 1360 3393 1429 plaga:

133 1448 402 1514 λέγεσθαι,
432 1448 591 1517 εἴπερ
621 1446 791 1515 ἀρετὴ
816 1445 1026 1497 παίδων
1053 1442 1259 1512 κόσμον
1287 1442 1440 1510 φέρει
1471 1441 1586 1499 τοῖς
1615 1456 1711 1508 γε’

1816 1440 2147 1494 contumelia
2178 1442 2528 1499 obrueretur.
2566 1445 2749 1512 Quare
2784 1450 2915 1503 mihi
2950 1450 3207 1505 videntur
3227 1453 3394 1506 etiam

134 1541 473 1609 γεννηκόσιν.
520 1537 786 1591 Ἐνταῦθα
806 1537 864 1589 δὲ
911 1536 1029 1599 ἑνὸς
1058 1534 1210 1597 ὄντος
1243 1533 1343 1586 τοῦ
1379 1533 1561 1587 πάντα
1588 1531 1711 1584 συλ-

1816 1529 1870 1583 in
1897 1528 1999 1584 hac
2028 1539 2202 1600 parte,
2234 1532 2593 1601 fecunditate,
2627 1538 2873 1605 inquam,
2904 1554 2967 1593 ac
3002 1538 3265 1594 felicitate
3298 1557 3394 1608 geo

134 1633 380 1695 λαϐόντος
412 1636 479 1687 τὰ
506 1633 790 1697 κάλλιστα,
815 1631 1021 1697 ἔξεστιν
1047 1628 1289 1693 εἰκάζειν
1301 1627 1379 1699 τῷ
1402 1626 1711 1697 βουλομένῳ

1816 1623 2070 1687 nerandi,
2109 1636 2363 1693 parentes
2394 1628 2512 1696 ejus
2543 1644 2705 1698 quem
2733 1646 2882 1684 nunc
2910 1632 3273 1695 celebramus,
3304 1648 3395 1687 su-

134 1729 187 1780 τὸ
227 1727 572 1795 ὑπερϐάλλον
622 1724 719 1777 τοῦ
776 1724 1122 1793 πράγματος.
1162 1721 1300 1774 Ἀλλ’
1351 1720 1570 1791 εἰρηται
1613 1718 1711 1788 μὲν

1816 1729 1913 1785 pra
1943 1724 2175 1772 caeteros
2208 1718 2441 1773 aliorum
2496 1722 2776 1790 genitores
2809 1722 3096 1793 dignitatis
3143 1726 3393 1780 obtinere

134 1823 253 1890 περὶ
284 1820 397 1872 τῶν
422 1818 766 1889 γεννητόρων
785 1819 909 1879 ὅσον
936 1815 1022 1869 ἐπ’
1050 1814 1231 1883 ὀλίγον
1260 1814 1361 1882 τῆς
1388 1811 1569 1866 αὐτῶν
1592 1812 1714 1882 ἀρε-

1817 1808 2207 1879 principatum.
2249 1810 2386 1866 Cum
2414 1813 2559 1866 enim
2592 1814 2752 1870 facile
2782 1831 2889 1871 non
2919 1817 2991 1871 sit
3017 1820 3071 1871 in
3111 1819 3261 1872 omni
3295 1834 3393 1888 ge-

133 1887 225 1980 τῆς
269 1887 596 1983 ὠσφράνθαι
626 1887 830 1982 βραχέα
861 1909 939 1979 τῷ
988 1908 1149 1977 λόγῳ.
1202 1907 1298 1976 Εῖη
1333 1906 1379 1959 δ’
1420 1905 1488 1960 ἂν
1528 1906 1625 1960 καὶ
1647 1904 1710 1957 τὸ

1816 1916 1947 1958 nere
1978 1904 2199 1959 virtutis
2232 1920 2295 1959 ex
2326 1919 2486 1975 aequo
2535 1904 2753 1971 ﬂorere,
2789 1909 2883 1962 sed
2946 1908 3059 1963 fere
3109 1887 3395 1966 videamus

132 2004 219 2056 νύν
244 2004 541 2073 εἰρημένον
574 2001 893 2071 μαρτύριον,
925 2000 1001 2062 ὡς
1026 1999 1087 2051 τὸ
1108 1997 1257 2061 ἅπαξ
1284 1998 1384 2068 τὴν
1413 1996 1707 2065 καλλίστην

133 2097 343 2164 ἐκείνην
367 2095 536 2151 ὠδῖνα
570 2094 751 2155 λῦσαι,
797 2091 1053 2161 ἀμείνους
1096 2092 1293 2153 αὐτοὺς
1322 2092 1446 2158 ἄγει
1474 2087 1584 2141 τῶν
1614 2087 1708 2141 ἐπὶ

134 2190 348 2256 συχναῖς
379 2185 762 2255 ἐγνωσμένων.
795 2186 871 2237 Τὸ
913 2183 957 2237 δ’
1014 2182 1266 2237 ἐντεῦθεν
1313 2181 1592 2253 πειράσθω
1620 2179 1711 2233 τὸν

133 2277 291 2329 παῖδα
322 2276 701 2347 ἐκδιηγεῖσθαι
750 2276 843 2328 καὶ
898 2274 1092 2340 δεῖξαι,
1127 2274 1193 2328 ἂν
1222 2275 1332 2344 ἄρα
1351 2273 1447 2326 καὶ
1482 2272 1710 2343 δύνηται

133 2370 379 2423 τοσοῦτον
409 2371 571 2441 ἔργον
600 2370 922 2440 ὑποστῆναι,
952 2368 1075 2431 ὅσος
1118 2367 1213 2421 καὶ
1239 2367 1426 2439 ἡλίκος
1460 2364 1708 2437 ἐχρημά-

134 2476 299 2515 τισεν.

1817 1995 1909 2064 qui
1948 1995 2005 2050 in
2041 1996 2274 2066 quadam
2336 1997 2494 2053 laude
2542 1999 2907 2070 aliquousque
2936 2017 3265 2072 progressus
3296 2004 3393 2071 sit,

1815 2087 2064 2143 eumdem
2097 2088 2168 2142 ab
2216 2089 2322 2143 alia
2362 2091 2579 2160 longius
2652 2092 2872 2157 abesse,
2928 2095 3142 2149 caeteris
3192 2095 3395 2164 quibus

1815 2178 2053 2250 contigit
2083 2179 2201 2235 fieri
2227 2183 2478 2250 patribus
2521 2184 2760 2253 plurium
2796 2186 3098 2241 liberorum
3129 2189 3393 2243 collatitio

1817 2270 2055 2341 quodam
2080 2274 2259 2343 gaudii
2282 2289 2483 2344 genere
2503 2276 2794 2331 laetandum
2818 2288 2920 2333 est.
2948 2277 3086 2333 Dum
3133 2296 3245 2334 uno
3268 2282 3393 2350 qui-

1817 2363 1943 2419 dem
1983 2363 2221 2421 ﬁliorum
2262 2381 2428 2422 unam
2480 2366 2750 2423 duntaxat
2768 2370 3024 2425 virtutem
3053 2372 3391 2441 possidente,

1814 2456 1922 2513 alio
1965 2462 2110 2525 vero:
2130 2475 2327 2516 rursus
2367 2461 2531 2516 aliam
2567 2462 2717 2533 (nam
2750 2464 3023 2518 deteriora
3073 2464 3390 2534 sileantur),

134 2555 456 2610 collectione
483 2553 617 2625 ipsis
649 2560 814 2624 atque
841 2565 1041 2607 acervo
1079 2550 1421 2607 emendicata
1449 2548 1635 2605 multis
1662 2563 1730 2604 ex
1771 2548 1909 2604 locis
1934 2550 2235 2619 gratulatio
2264 2553 2569 2623 completur
2604 2555 2670 2609 ad
2706 2555 2943 2621 aliquem
2979 2556 3199 2610 deruunt
3237 2571 3401 2609 orna-

134 2660 215 2707 tus
265 2650 519 2714 modum,
554 2650 602 2704 si
660 2649 784 2718 quis
837 2662 867 2701 a
924 2648 1129 2701 virtute
1184 2645 1424 2700 filiorum
1470 2644 1709 2700 conferri
1782 2659 1949 2699 verus
2001 2654 2234 2703 ornatus
2283 2647 2339 2702 in
2412 2656 2669 2718 parentes
2712 2656 2909 2719 potest.
2953 2648 3053 2703 llic
3108 2664 3239 2704 vero
3267 2663 3392 2703 cum

134 2743 184 2795 in
231 2758 347 2795 uno
404 2742 586 2810 capite
636 2742 865 2797 collecta
900 2741 1088 2796 omnia
1142 2740 1340 2795 decora
1392 2748 1705 2802 teneantur,
1747 2736 2066 2805 conjectura
2094 2739 2220 2795 licet
2252 2743 2473 2810 assequi
2516 2750 2726 2812 quanto
2799 2757 3031 2798 excessu
3107 2744 3389 2812 vulgarem

134 2846 416 2905 parentum
451 2833 729 2889 fortunam
764 2833 961 2889 horum
1001 2834 1241 2889 conditio
1283 2834 1575 2903 peculiaris
1643 2832 1957 2887 antecellat.
1998 2830 2178 2901 Atque
2208 2832 2321 2888 hare
2363 2834 2579 2905 quidem
2631 2835 2700 2889 de
2740 2832 2943 2889 Nicolai
2986 2838 3165 2905 magni
3232 2838 3387 2906 geni-

134 2929 339 2983 toribus
374 2926 458 2981 sic
490 2925 636 2981 dicta
666 2937 871 2992 sunto;
907 2942 970 2981 ea
1004 2926 1270 2980 duntaxat
1291 2934 1452 2981 tenus
1479 2926 1702 2981 ntvelut
1740 2925 1967 2979 odorata
2018 2924 2199 2979 obiter
2261 2925 2520 2980 virtutem
2617 2940 2809 2981 eorum
2848 2927 3007 2997 quasi
3070 2928 3389 2998 praeteriens

131 3022 297 3075 oratio
336 3019 618 3076 videatur.
671 3019 815 3076 Sane
870 3036 991 3091 quae
1046 3020 1287 3075 diximus
1326 3019 1544 3074 abunde
1586 3030 1711 3074 sunt
1751 3018 1817 3073 ad
1863 3018 2205 3087 probandum
2269 3018 2395 3074 illos
2450 3018 2617 3074 unico
2661 3019 2761 3075 hoc
2790 3022 3008 3089 quidem
3084 3031 3138 3075 at
3200 3022 3391 3076 eodem

133 3115 586 3181 ptmstantissinio
636 3122 794 3182 partu
846 3112 1137 3167 defunctos
1186 3112 1345 3181 longe
1383 3112 1705 3181 apparuisse
1744 3110 2010 3166 clariores
2058 3110 2128 3165 iis
2159 3109 2293 3180 ipsis
2322 3112 2664 3180 quinutnero
2702 3112 2907 3168 sobolis
2930 3112 3081 3169 fuere
3156 3116 3388 3171 nobiles.

134 3208 396 3276 Deinceps
452 3208 507 3262 in
554 3208 665 3262 lilio
713 3207 892 3277 qualis
942 3222 1008 3261 ac
1059 3216 1303 3277 quantus
1391 3207 1496 3261 fuit
1574 3205 2008 3263 demonstrando
2068 3206 2497 3276 exornandoque
2578 3217 2808 3264 conatus
2853 3210 3121 3266 orationis
3152 3210 3381 3265 desudat

133 3314 346 3355 nostra}.
403 3299 461 3356 Si
518 3312 701 3355 tamen
743 3302 961 3372 ingenio
1011 3310 1177 3370 atque
1232 3301 1504 3357 industria
1539 3303 1817 3357 sustinere
1848 3302 2154 3356 valebimus
2177 3316 2317 3373 opus
2341 3311 2578 3357 tantum.

195 3391 370 3457 οὗτος
433 3394 534 3464 μὲν
574 3390 668 3447 οὖν
687 3396 1028 3463 πρωτότοκος
1085 3394 1201 3463 ἅμα
1255 3395 1347 3447 καὶ
1394 3394 1703 3458 τελευταῖος

1875 3394 2055 3449 Prima
2084 3394 2250 3449 fuitis
2277 3404 2662 3466 postremaque
2696 3397 2854 3452 matri
2877 3398 3058 3467 proles
3094 3413 3227 3453 sum.
3258 3400 3392 3454 Nam

130 3487 375 3541 τίκτεται
433 3489 499 3555 τῇ
554 3486 741 3557 μητρί.
777 3486 984 3540 Αὐτίκα
1030 3489 1139 3555 γὰρ
1187 3489 1243 3539 αἱ
1292 3489 1418 3549 τοὺς
1461 3486 1712 3555 λογικοὺς

134 3583 326 3649 στάχυς
379 3577 641 3632 ἁνθοῦσαι
696 3578 944 3645 λαγόνες,
992 3578 1352 3647 ἐπιλιπούσης
1416 3578 1586 3642 αὑτὰς
1618 3578 1716 3649 τῆς

134 3671 438 3740 ἐνεργεεας,
474 3668 716 3736 ἀγωνίαν
737 3670 1037 3736 ὴλάσσοντο
1064 3669 1214 3735 ’ἐμοὶ
1239 3669 1385 3721 δοκεῖ
1409 3668 1715 3732 δεικνύντος

134 3765 217 3816 τοῦ
242 3765 583 3834 κρείττονος.
610 3762 686 3823 ὡς
711 3762 877 3832 ἄλλης
912 3762 1056 3824 τινὸς
1088 3761 1368 3832 θειοτέρας
1396 3761 1427 3831 ἢ
1456 3761 1596 3815 κατὰ
1611 3762 1717 3831 τὴν

136 3858 331 3924 ωνὴθη
364 3857 470 3925 τῆς
491 3857 755 3922 γενέσεως
786 3853 967 3907 αἰτίαν
1013 3856 1097 3926 εῖη
1136 3853 1163 3904 ὁ
1189 3852 1471 3923 πεφυκὼς,
1510 3849 1599 3906 οἷα
1622 3854 1715 3907 ἐπὶ

134 3948 233 3999 τῶν
261 3948 445 4002 ἄλλων
474 3948 583 3999 τῶν
628 3947 771 3999 κατὰ
792 3947 883 3999 τὸν
945 3946 1057 4015 βίον
1112 3946 1320 4013 γίνεται
1373 3946 1712 4014 παραδόξων,

131 4039 165 4093 ἃ
212 4042 270 4092 έν
328 4041 577 4108 μακραῖς
616 4037 827 4107 καιρῶν
875 4037 1148 4106 περιόδοις
1204 4037 1461 4106 ἐπιδημεῖ
1507 4038 1606 4105 (9).
1651 4039 1715 4091 Ἡ

137 4134 226 4200 μὲν
260 4133 359 4186 οὖν
391 4132 589 4203 πρώτη
631 4132 742 4202 (poi;
791 4129 935 4185 οὕτω
966 4131 1256 4201 θαυμαστὴ
1281 4135 1374 4185 καὶ
1400 4131 1509 4185 τῶν
1538 4132 1713 4186 ἄλλων

132 4228 185 4277 τὸ
210 4226 477 4294 διάφορον
506 4223 725 4292 ἔχουσα.
762 4220 828 4275 Τί
852 4222 945 4287 δέ;
976 4222 1132 4275 κοινά
1166 4223 1234 4274 τὰ
1261 4223 1408 4293 ἑξῆς,
1440 4218 1530 4276 οἷα
1558 4225 1615 4276 ὲν
1644 4225 1708 4295 τῇ

131 4318 231 4370 τῶν
263 4316 491 4387 βρεφῶν
518 4316 747 4368 εἴθισται
778 4316 966 4384 ἀγωγῇ
990 4332 1004 4379 ;
1025 4314 1323 4384 Οὖμενουν,
1346 4315 1602 4379 enasci;
1614 4334 1709 4386 μα,

134 4412 279 4479 φασὶ,
315 4409 565 4477 θαύματι
594 4408 806 4463 ἕπεται.
848 4408 1101 4477 Σαμουὴλ
1134 4409 1340 4460 ἐκεῖνον
1377 4406 1489 4477 (10)
1521 4407 1578 4472 ὃς
1612 4409 1713 4461 δῶ-

135 4517 222 4566 ρον
250 4499 428 4570 εὐχῆς
456 4498 688 4568 ὑπῆρξε,
749 4497 844 4551 καὶ
886 4497 1081 4559 ἄλλους
1107 4498 1170 4568 δή
1206 4516 1355 4561 τινας
1389 4500 1514 4570 ἄρτι
1542 4499 1712 4569 θηλῆς

131 4592 549 4663 κεκαυμένους,
574 4592 677 4644 ὑπὸ
702 4591 811 4645 τῶν
850 4592 1190 4663 γεννητόρων
1227 4592 1495 4663 ἀκούομεν
1526 4594 1714 4648 καθιε-

1810 3485 1902 3555 qui
1932 3485 2035 3541 ista
2067 3485 2326 3539 rationali
2350 3488 2504 3556 spica
2533 3484 2847 3540 emeruerat
2892 3496 3102 3551 uterus,
3127 3489 3393 3541 exhausta

1812 3592 1936 3632 mox
1969 3576 2305 3635 fecunditate
2365 3586 2610 3633 mutatur
2664 3578 2719 3633 in
2789 3579 3057 3634 sterilem.
3128 3578 3259 3642 Deo,
3333 3587 3394 3633 ut

1814 3671 1945 3724 mihi
1984 3671 2223 3736 videtur,
2249 3670 2661 3727 demonstrante
2691 3671 3018 3726 diviniorem
3053 3671 3293 3741 aliquam
3324 3672 3392 3725 ad

1812 3763 2104 3834 originem,
2148 3779 2259 3818 non
2288 3762 2493 3819 ‘autem
2530 3764 2598 3818 ad
2631 3773 2926 3821 consuetas
2956 3764 3219 3820 nascendi
3259 3779 3393 3819 cau-

1813 3870 1905 3911 sas
1932 3864 2112 3911 ortum
2163 3855 2329 3925 hujus
2359 3857 2514 3927 pueri
2570 3858 2937 3928 pertinuisse;
2983 3858 3166 3929 qualia
3224 3859 3392 3914 certis

1813 3947 2045 4002 orbibus
2073 3946 2363 4002 redeuntia
2394 3955 2733 4017 temporum,
2780 3949 3061 4019 inopinata
3115 3949 3169 4002 in
3225 3950 3393 4005 rebus

1812 4040 2071 4094 humanis
2124 4040 2388 4094 miracula
2438 4049 2676 4095 exstant.
2724 4040 2948 4097 Primus
2994 4041 3083 4095 hic
3110 4041 3275 4111 igitur
3309 4042 3392 4096 in-

1812 4146 2036 4201 gressus
2060 4132 2114 4186 in
2145 4132 2311 4186 vitam
2344 4132 2418 4186 ita
2446 4132 2714 4186 mirabilis
2749 4142 2913 4203 atque
2970 4133 3106 4187 adeo
3167 4135 3394 4203 praecel-

1817 4224 1937 4279 lens
1960 4239 2124 4294 supra
2160 4233 2389 4281 caeteros
2419 4223 2539 4279 fuit.
2589 4224 2731 4290 Quid
2767 4226 2985 4281 autem?
3032 4227 3114 4279 An
3146 4227 3391 4297 vulgaria

1818 4331 1942 4387 qua:
1970 4315 2167 4372 deinde
2212 4326 2423 4381 secuta,
2478 4325 2532 4373 et
2567 4334 2597 4373 a
2634 4327 2829 4372 caetera
2875 4319 3275 4374 consuetudine
3308 4320 3394 4374 in-

1820 4405 2022 4462 fantilis
2048 4406 2225 4462 artatis
2256 4405 2792 4462 nihilabborrentia?
2820 4407 3073 4473 Minime;
3110 4410 3226 4475 sed,
3246 4411 3390 4477 quoii

1820 4499 1995 4565 aiunt,
2015 4499 2339 4554 miraculum
2369 4499 2637 4555 miraculo
2671 4514 2875 4555 comes.
2906 4499 3212 4554 Saniuelem
3239 4499 3391 4553 illum

1819 4594 1911 4662 qui
1945 4590 2232 4661 praemium
2263 4590 2533 4647 orationis
2582 4590 2687 4647 fuit.
2741 4591 2988 4662 aliosque
3018 4593 3285 4661 quosdam
3318 4590 3394 4645 si-

1666 4746 1900 4804 ΝΟΤᾹΞ.
2490 4786 2493 4787 ν

1666 4749 1711 4802 Ν

197 4841 277 4911 (8)
311 4841 663 4915 Suggerebat
682 4842 905 4915 animus
930 4841 1233 4896 rescribere
1264 4836 1622 4915 ἀποδοκιμεϊν
1649 4850 1711 4895 ut

1816 4749 1900 4804 ΑΞ.
2490 4786 2493 4787 ν

1886 4843 2059 4913 Πλὴν
2094 4846 2134 4915 ἢ
2156 4844 2444 4914 βλέποιμι
2474 4844 2627 4913 πρὸς
2661 4845 2852 4899 πόθον
2876 4841 3243 4898 δεδωκότων.

131 4922 450 4982 opponatur
506 4912 583 4982 τῷ
630 4913 937 4981 εὐδοκιμεῖν
983 4914 1143 4981 paulo
1196 4914 1451 4981 superius
1509 4915 1709 4982 posito.

133 4980 272 5065 Sane
327 4980 687 5065 peregrinum
722 4984 789 5036 ab
806 4980 825 5065 ς
843 4984 945 5065 hoc
986 4980 1112 5065 loco
1141 4980 1465 5065 videtur-Arb
1505 4980 1715 5065 _&r:06q-

136 5058 254 5125 μεῖν
287 5056 400 5107 nisi
438 5068 503 5106 se
549 5054 677 5121 jure
714 5056 1047 5123 metaphora:
1086 5061 1325 5109 tueatur.
1362 5054 1517 5120 Quod
1556 5054 1713 5125 equi-

131 5124 248 5177 dem
288 5126 576 5179 reveritus
598 5140 816 5178 manum
853 5125 1114 5178 abstinui.

198 5214 275 5279 (9)
307 5214 660 5269 Censorinus
690 5214 783 5266 lib.
822 5213 897 5267 De
923 5214 1007 5267 die
1036 5215 1228 5277 natali,
1264 5230 1382 5284 cap.
1415 5216 1505 5281 l7,
1545 5215 1711 5272 refert

131 5299 191 5356 ex
224 5285 594 5339 Etruscorum
642 5285 833 5338 libris:
883 5303 902 5336 ι
942 5284 1097 5339 Initia
1148 5288 1473 5341 seculorum
1511 5287 1715 5356 alioqui

134 5354 459 5409 lt0ininibus
519 5356 852 5422 incomperta
906 5356 1111 5421 futura,
1163 5356 1429 5411 divinitus
1484 5354 1713 5411 indicari

133 5429 309 5498 solere
340 5426 695 5495 apparitione
722 5426 1120 5496 prodigiorum.
1154 5445 1175 5479 ι
1214 5426 1291 5482 Eo
1324 5428 1599 5498 rcSpicere
1636 5429 1706 5481 vi-

132 5495 289 5550 detur
316 5498 411 5551 hic
441 5499 620 5550 locus.

201 5588 316 5657 (10)
340 5589 647 5658 Gregorius
670 5588 981 5660 Thcologus
1020 5588 1088 5643 de
1122 5590 1227 5644 vita
1265 5608 1401 5646 sua:

202 5684 948 5751 .......τῷγὰρΘεῷ

199 5753 539 5821 Παρίσταμ’
570 5754 651 5818 ὼς
668 5754 858 5822 ἁμνός
896 5772 986 5820 τις
1016 5752 1052 5821 ἢ
1076 5755 1312 5823 μόσχος
1336 5756 1516 5823 φίλος

208 5824 352 5892 (θῦμ’
373 5826 622 5894 εὐγενές
669 5842 727 5877 τε
763 5826 861 5877 καὶ
885 5828 1045 5892 λόγῳ
1075 5826 1423 5894 τιμώμενον.

222 5893 413 5948 Ὀκνῶ
449 5897 557 5965 γὰρ
596 5895 787 5950 εἰπεῖν
814 5896 892 5962 ὡς
927 5899 1211 5966 Σαμουὴλ
1240 5915 1320 5962 τις
1355 5898 1507 5966 νέος,

1819 4934 1951 5002 Quae
1976 4936 2058 4992 sic
2088 4938 2249 4991 vertit
2276 4936 2545 5007 interpres
2569 4955 2583 4991 :

1892 5069 1907 5083 .
1945 5067 1960 5081 .
1998 5069 2014 5084 .
2056 5070 2071 5084 .
2108 5067 2124 5083 .
2160 5067 2175 5082 .
2212 5070 2227 5084 .
2269 5028 2417 5082 Nam
2447 5029 2555 5083 Deo
2586 5030 2747 5083 sister
2775 5028 2915 5083 velut

1902 5099 2109 5153 Vitulus
2136 5099 2212 5153 vel
2242 5116 2430 5167 agnus,
2464 5103 2675 5155 victima
2701 5112 2747 5152 et
2778 5099 3063 5167 pernobilis

1891 5168 2115 5224 Ratione
2136 5169 2361 5238 pollens.
2402 5172 2523 5225 Non
2553 5172 2689 5225 enim
2722 5172 2830 5238 fari
2862 5170 3027 5223 audeo

1891 5242 2155 5293 Samuelis
2184 5244 2375 5304 instar,
2405 5254 2523 5295 vota
2552 5242 2603 5293 ni
2633 5254 2858 5309 spectem
2890 5252 2938 5293 et
2968 5243 3113 5305 pium

1892 5309 2140 5365 Studium
2163 5327 2390 5379 superno
2412 5312 2653 5365 dantium
2683 5328 2762 5365 me
2790 5312 3017 5365 numini.

1821 5404 1983 5474 Atqui
2028 5403 2104 5473 τῷ
2136 5404 2281 5473 λόγῳ
2326 5402 2634 5472 τιμώμενον
2669 5421 2775 5457 non
2804 5413 2911 5464 est,
2943 5404 3150 5457 ratione
3170 5402 3391 5469 pollens,

1820 5480 1913 5528 sed
1945 5474 2050 5528 Deo
2092 5473 2253 5527 Verbo
2281 5486 2665 5528 consecratum.
2714 5474 2767 5527 lil
2808 5476 2954 5527 enim
3014 5484 3065 5527 et
3097 5474 3393 5541 Gregorius

1824 5546 1989 5599 isthic
2017 5544 2083 5598 de
2111 5562 2169 5599 se
2198 5558 2251 5597 et
2288 5546 2354 5599 de
2379 5544 2606 5598 Nicolao
2637 5554 2823 5599 noster
2859 5548 2959 5598 hoc
2998 5547 3114 5597 loco
3148 5545 3392 5598 indicare

1824 5617 2159 5669 voluerunt:
2194 5616 2360 5670 fuisse
2406 5626 2698 5685 utrumque
2746 5625 2979 5679 mature,
3013 5616 3161 5668 illum
3224 5629 3251 5667 a
3303 5630 3391 5685 pa-

1827 5685 2097 5747 rentibus,
2134 5686 2280 5740 hunc
2336 5700 2366 5738 a
2406 5684 2687 5755 seipso’ad
2746 5686 2963 5739 modum
2998 5686 3269 5755 Samuelis
3297 5684 3392 5737 ob-

1822 5757 1962 5810 latos
2005 5756 2246 5811 Christo.
2302 5755 2438 5809 Nam
2471 5754 2675 5826 alioqui
2702 5756 2977 5826 quomodo
3003 5772 3063 5811 se
3094 5754 3392 5823 Gregorius

1820 5829 2031 5880 ratione
2068 5829 2355 5896 pollentem
2384 5827 2590 5881 diceret
2615 5830 2726 5895 jam
2750 5837 2863 5879 tum
2888 5842 3011 5879 cum
3042 5827 3278 5894 primum
3309 5833 3388 5879 est

1819 5908 2000 5966 natus,
2034 5914 2161 5954 nam
2192 5916 2256 5956 eo
2288 5908 2534 5965 temporc
2568 5915 2627 5955 se
2659 5899 2903 5955 oblatum
2934 5896 3086 5953 dicit.
