4182 6440
732 384 829 452 211

1964 383 2239 445 LEONIS
2256 385 2557 446 .PHILOS
2568 385 2751 446 OPIII

3908 376 4013 442 212

730 496 843 550 tuul
901 502 1068 565 atque
1095 492 1311 565 depulsi
1361 508 1393 548 a
1441 493 1583 550 lacte
1614 493 1857 560 fuerant,
1923 498 2242 566 accepimus
2282 511 2312 549 a

2444 498 2629 552 iGmOat
2656 500 2798 571 Θεῷ.
2816 492 2986 564 Οὗτος
3015 498 3072 552 δὲ
3094 496 3196 552 οὐκ
3224 496 3527 565 ἀναμείνας
3566 496 3667 567 τὴν
3688 496 3798 551 τῶν
3825 498 4017 550 τεκόν-

732 590 1056 658 parentibus
1086 587 1199 643 Deo
1222 587 1455 643 dicatos.
1500 586 1603 643 llic
1631 595 1813 641 autem
1856 587 2178 657 religionem
2222 604 2318 658 pa-

734 698 953 741 rentum
991 697 1340 753 nequaquam
1391 690 1723 752 exspectans
1768 681 1978 736 lactens
2016 682 2317 738 etiamnum

735 796 858 835 sese
919 778 1029 832 Deo
1083 783 1394 831 consecrat.
1426 774 1563 828 Cum
1593 773 1740 828 enim
1771 773 1940 827 vitam
1998 773 2064 828 ad
2096 789 2319 830 sacrum

740 884 1013 925 eanonem
1055 868 1167 938 jam
1212 878 1324 921 tum
1365 866 1649 935 exigeret,
1710 865 1815 918 hoc
1860 865 1981 935 ipso
2019 880 2321 920 consecra~

738 962 902 1018 tionis
960 961 1109 1016 illius
1166 958 1325 1012 ﬁdem
1415 957 1671 1013 faciebat.
1733 956 1867 1011 Nam
1926 956 2051 1013 aliis
2102 956 2321 1025 quidem

738 1049 936 1105 diebus
994 1057 1241 1103 tnaterna
1300 1047 1457 1101 illum
1521 1046 1765 1101 mamilla
1826 1048 2093 1116 pascebat
2145 1048 2326 1103 nutri-

741 1143 915 1198 meuti
962 1144 1175 1196 ratione
1230 1140 1377 1195 :etati
1436 1153 1719 1210 congrua;
1773 1137 1883 1193 illis
1939 1154 2074 1194 vero
2126 1139 2325 1195 diebus

741 1251 975 1306 quarum
1044 1249 1152 1289 uua
1208 1234 1430 1304 quidem
1488 1233 1543 1287 in
1616 1230 2041 1301 Redemptorem
2116 1232 2326 1289 nefaria

742 1329 983 1383 coitione
1056 1327 1453 1385 sceleratorum
1523 1325 1821 1381 concilium
1888 1333 2325 1396 congregatum,

744 1422 847 1475 alia
909 1435 1040 1477 vero
1100 1418 1210 1474 Deo
1284 1420 1339 1472 in
1392 1433 1561 1474 carne
1617 1433 1743 1473 cum
1802 1426 1978 1473 morte
2029 1432 2328 1491 congresso

745 1514 1016 1569 exstincta
1052 1527 1199 1567 mors
1234 1519 1341 1576 est,
1375 1512 1545 1566 semel
1602 1520 1823 1580 sumpto
1852 1512 1991 1567 lacte
2018 1525 2329 1581 persevera-

747 1607 841 1661 bat
864 1606 1061 1661 deinde
1084 1604 1335 1675 jejunus.
1370 1603 1461 1659 Sic
1489 1610 1643 1660 tanto
1684 1616 1813 1660 ante
1842 1612 2059 1659 aetatem
2084 1604 2327 1659 adultam

744 1699 859 1769 jam
900 1713 1058 1753 sacer
1122 1705 1178 1754 et
1226 1698 1369 1752 sacri
1422 1698 1563 1753 ritus
1595 1704 1716 1752 erat
1738 1713 1803 1753 ac
1832 1699 2085 1768 praecepti
2119 1700 2329 1770 peritus
2361 1727 2402 1782 Β

748 1808 860 1863 quo
893 1793 1018 1849 talis
1069 1790 1385 1847 observatio
1429 1791 1770 1861 prazscripta.
1796 1789 1946 1847 Talis
1998 1791 2088 1846 hic
2118 1792 2330 1861 primus

752 1887 1013 1941 surculus
1058 1883 1401 1952 assurgentis
1456 1884 1603 1947 vita},
1665 1884 1946 1954 talemque
1984 1884 2054 1937 ad
2106 1883 2330 1938 modum

752 1979 900 2035 velut
928 1993 958 2031 a
986 1977 1666 2046 topiarioautarboratore
1695 1982 2061 2046 temperantia
2090 1976 2329 2043 exculta,

756 2084 1002 2143 puroque
1050 2070 1181 2123 hinc
1209 2068 1463 2124 allluente
1514 2069 1730 2139 liquore
1778 2070 1973 2140 rigata.
2031 2069 2330 2139 Postquam

756 2169 938 2211 autem
978 2166 1097 2212 erat
1158 2173 1507 2227 consequens
1550 2159 1788 2229 plantam
1827 2160 1894 2215 ad
1934 2160 2079 2216 hunc
2110 2161 2333 2216 modum

756 2251 903 2306 bono
952 2250 1188 2319 primum
1242 2260 1363 2305 satu
1398 2251 1624 2319 editam,
1652 2251 1987 2309 felicissimis
2017 2254 2215 2310 deinde
2247 2255 2330 2310 in-

757 2344 1051 2399 crementis
1064 2351 1305 2407 auctam,
1327 2352 1593 2415 proventu
1611 2346 1848 2417 denique
1864 2346 2139 2403 fructuum
2161 2349 2336 2403 abun-

758 2435 910 2489 dare.
968 2434 1196 2505 Jamque
1248 2436 1589 2505 praeterierat
1639 2437 1885 2506 pueritia:
1932 2436 2070 2493 rude
2097 2448 2333 2508 tempus,

759 2534 1031 2596 auctoque
1067 2525 1399 2595 corpusculo
1432 2524 1880 2582 adolescentulus
1910 2541 2037 2583 esse
2068 2535 2334 2598 caperet,

2418 609 2529 645 των
2554 592 2896 663 προαίρεσιν,
2925 594 3006 645 ἔτι
3052 590 3148 645 τοῦ
3194 591 3468 659 γάλακτος
3514 588 3861 655 ύποκλύζων,
3907 590 4018 643 δω-

2423 686 2599 755 ρεῖται
2628 683 2820 737 ἑαυτὸν
2853 684 2931 753 τῷ
2960 684 3101 755 Θεῷ.
3138 683 3217 736 Δι’
3264 677 3341 736 ὧν
3381 682 3493 752 γὰρ
3540 680 3683 735 κατά
3734 681 4019 752 θέσπισμα

2418 776 2480 829 τὸ
2512 778 2657 847 ἱερὸν
2684 776 2795 849 (ll)
2826 776 2995 839 ἐΰξου,
3056 775 3151 829 καὶ
3195 774 3486 829 ὲπιστοῦτο
3514 775 3615 846 τὴν
3638 773 4001 845 καθιέρωσιν,

2421 866 2534 925 οἷον
2563 870 2620 923 δὲ
2653 870 2714 924 τὸ
2742 870 2840 941 τῆς
2862 868 3249 941 καθιερώσεως
3283 868 3596 939 γνώρισμα;
3642 867 3735 922 Ἐν
3773 868 3875 938 μὲν
3921 867 4020 920 οὖν

2422 963 2545 1020 ταῖς
2573 961 2762 1025 ἄλλαις
2825 960 2934 1014 τῶν
2991 959 3218 1032 ἡμερῶν
3260 961 3295 1031 ἡ
3362 958 3593 1030 μητρῴα
3621 958 3784 1013 αὐτὸν
3818 957 4010 1012 είστία

2425 1052 2588 1124 θηλὴ,
2644 1053 2787 1108 κατά
2814 1053 2916 1123 τὴν
2967 1054 3353 1123 προσήκουσαν
3409 1055 3477 1124 τῇ
3518 1051 3709 1123 ἡλικίᾳ
3760 1053 4019 1121 τροφήν·

2425 1145 2487 1198 ὲν
2540 1146 2778 1210 ἐκείναις
2834 1144 2891 1199 δὲ
2940 1138 3017 1199 ὧν
3063 1148 3129 1215 τῇ
3166 1145 3451 1214 prima
3479 1143 3573 1197 τοῦ
3634 1140 4024 1213 Λυτρωτοῦτὺ

2428 1240 2746 1311 παράνομον
2769 1239 3007 1309 συνήχθη
3041 1237 3345 1308 συνέδριον·
3374 1239 3440 1307 τῇ
3471 1235 3530 1289 δὲ
3557 1236 3585 1289 ὁ
3628 1236 3858 1299 θάνατος
3909 1236 4023 1288 ἀπ-

2427 1332 2597 1385 ώλετο
2627 1332 2740 1401 (ιτ)
2812 1330 2973 1403 σαρκὶ
3019 1330 3233 1399 θανάτῳ
3258 1328 3394 1382 Θεοῦ
3450 1328 3828 1399 ὁμιλήσαντος,
3869 1325 4024 1391 ἅπαξ

2431 1423 2869 1495 μεταλαμϐάνων
2926 1422 3023 1475 τοῦ
3070 1422 3365 1492 γάλακτος,
3405 1419 3467 1474 τὸ
3519 1422 3645 1492 ἑξῆς
3672 1421 3770 1488 τῆς
3799 1420 4021 1489 ἡμέρας

2429 1517 2741 1588 ἀπηγόρευε
2792 1515 2892 1587 τὴν
2936 1515 3169 1585 τροφήν.
3216 1511 3373 1567 Οὕτω
3406 1513 3599 1585 πόρρω
3628 1513 3740 1583 (15)
3772 1512 3873 1581 τῆς
3903 1512 4023 1583 ἡλι-

2431 1608 2555 1671 κίας
2578 1609 2720 1678 ἱερός
2754 1623 2811 1659 τε
2846 1602 2914 1678 ἦν
2948 1607 3042 1659 καὶ
3073 1603 3170 1658 τοῦ
3223 1604 3371 1677 ἱεροῦ
3416 1604 3573 1674 συνίη
3619 1603 4015 1672 διατάγματος,

2429 1697 2459 1753 ὃ
2487 1700 2656 1769 ταύτῃ
2708 1699 2808 1769 ζῇν
2859 1696 3169 1767 ἐπιτρέπει.
3206 1696 3271 1749 Ἢ
3319 1695 3419 1766 μὲν
3451 1694 3544 1748 οὖν
3583 1693 3774 1764 πρώτη
3807 1694 4017 1764 βλάστη

2431 1792 2679 1861 τοιαύτη,
2715 1790 2811 1844 καὶ
2833 1788 3008 1853 οὕτως
3066 1783 3177 1843 οἷον
3222 1788 3327 1842 ὑπὸ
3371 1789 3674 1857 φυτηκόμῳ
3706 1787 3924 1858 τεχνίτῃ
3950 1790 4022 1857 τῇ

2433 1883 2731 1954 ἐγκρατείᾳ
2782 1880 3093 1952 τηρουμένη
3164 1880 3260 1934 καὶ
3328 1879 3408 1950 τῷ
3464 1878 3672 1932 ἐκεῖθεν
3743 1878 4021 1949 ἀρδομένη

2433 1975 2661 2047 καθαρῷ
2690 1976 2897 2047 νάματι
2926 1992 2940 2006 ⁸
2966 1975 3089 2027 ἐπεὶ
3129 1973 3176 2027 δ’
3206 1968 3277 2045 ἦν
3302 1973 3569 2043 ἑπόμενον
3614 1972 3715 2040 τὴν
3750 1971 3895 2025 οὕτω
3921 1971 4021 2040 μὲν

2435 2069 2495 2124 εὖ
2520 2067 2866 2139 ἀνασχοῦσαν
2924 2067 3086 2137 φυὴν,
3118 2065 3261 2119 οὕτω
3305 2065 3364 2117 δὲ
3410 2064 3677 2118 κάλλιστα
3714 2061 4025 2133 αὐξομένην

2436 2163 2736 2234 εύφορῆσαι
2779 2162 2873 2215 καὶ
2898 2163 3010 2225 τοῖς
3044 2162 3299 2232 καρποῖς,
3334 2158 3429 2213 καὶ
3466 2159 3565 2230 ἤδη
3592 2159 3840 2229 παρῆκεν
3866 2160 3896 2211 ὀ
3925 2176 4026 2227 νη-

2435 2260 2647 2325 πιάζων
2692 2257 2906 2329 καιρὸς,
2939 2257 3036 2311 καὶ
3085 2256 3369 2328 μειράκιον
3418 2251 3529 2326 ἦν,
3583 2254 3783 2317 εὐθέως
3823 2271 4027 2307 παντο-

2434 2354 2580 2425 δαπή
2610 2370 2694 2417 τις
2725 2350 3079 2423 προύκυπτεν
3115 2350 3226 2403 ἰδέα
3258 2348 3459 2402 καλῶν.
3493 2347 3569 2401 Ού
3596 2347 3705 2417 γὰρ
3739 2348 3903 2417 μόνον
3923 2346 4027 2399 ούκ

2437 2443 2697 2515 ἐγνώριζε
2729 2443 2871 2497 κατὰ
2897 2442 3061 2497 παῖδα
3088 2441 3149 2495 τὸ
3170 2437 3323 2514 ἦθος,
3359 2440 3495 2495 ἀλλά
3525 2442 3621 2494 καὶ
3647 2437 4027 2511 πρεσδυτικὴν

2436 2536 2516 2608 τῷ
2542 2536 2792 2590 εύσταθεῖ
2810 2536 2908 2600 τῆς
2936 2534 3161 2605 γνώμης
3192 2532 3511 2604 ἀπέκρυπτε
3529 2531 3765 2585 σύνεσιν.
3782 2529 3898 2583 Ἀεὶ
3926 2531 4029 2600 μὲν

760 2630 885 2670 cum
916 2616 1062 2669 varia
1093 2630 1223 2671 ecce
1260 2616 1508 2685 quaedam
1564 2617 1817 2687 protinus
1865 2619 2051 2672 arrisit
2080 2618 2335 2674 decorum

2444 2626 2535 2685 οὖν
2564 2630 2659 2683 ἐπὶ.
2681 2629 2792 2682 τῶν
2822 2628 2997 2681 ἀλλων
3026 2627 3142 2680 ὅσοι
3172 2628 3237 2679 ὲκ
3278 2625 3486 2679 παίδων
3503 2626 3582 2688 είς
3607 2623 3799 2686 κάλλος
3829 2620 4028 2691 ὤφθη-

761 2709 997 2777 species.
1054 2708 1207 2762 Adeo
1249 2708 1520 2778 siquidem
1556 2709 1819 2778 puerilem
1862 2725 1971 2764 nou
2001 2710 2249 2765 ostendit
2282 2710 2339 2764 in

2444 2739 2546 2777 σαν
2570 2720 2834 2792 βιοῦντες,
2874 2719 2996 2783 έθος
3042 2720 3161 2772 ἐστὶ
3210 2718 3391 2785 λέγειν
3420 2719 3532 2781 τοῖς
3576 2715 3915 2777 ἐπαινέταις,
3949 2713 4030 2776 ὡς

761 2802 1010 2857 moribus
1068 2800 1368 2866 levitatem,
1421 2807 1480 2853 ut
1532 2802 1845 2856 constantia
1894 2802 2074 2869 potius
2140 2802 2342 2858 mentis

2444 2814 2585 2868 κατά
2612 2813 2794 2883 πῆχυν
2849 2812 3034 2875 αὐτοῖς
3080 2809 3392 2866 συνέϐαινεν
3428 2808 3723 2874 αὕξεσθαι’
3767 2806 3931 2860 τοῦτο
3972 2805 4033 2857 δὲ

763 2902 928 2962 atque
987 2892 1275 2947 sententia:
1337 2892 1565 2947 senilem
1620 2893 1971 2962 prudentiam
2036 2893 2338 2950 exhiberet.

2449 2908 2592 2978 μέγα
2629 2908 2797 2979 μέρος
2822 2905 2883 2960 ὃν
2913 2904 3228 2974 ἐγκωμίων,
3266 2904 3360 2957 ἐπὶ
3393 2903 3539 2973 μόνῳ
3571 2899 3649 2971 τῷ
3682 2897 3777 2953 νῦν
3807 2898 4035 2967 θαυμα-

764 2985 945 3051 Quare
1008 2999 1129 3054 quae
1160 2990 1425 3038 consueta
1458 2984 1635 3039 oratio
1682 2991 1768 3039 est
1797 2983 2143 3039 laudationes
2211 2998 2341 3053 per-

2446 3001 2657 3072 ζομένῳ
2686 3000 2806 3053 οὐδὲ
2830 3000 2890 3053 τὸ
2926 2997 3262 3070 βραχύτατον
3293 2994 3689 3067 ἀναπληρῶσαι
3712 2992 3918 3058 δόξειεν
3939 2990 4034 3044 ἄν.

763 3077 1042 3133 orantium
1076 3076 1129 3130 in
1160 3091 1255 3132 eos
1285 3075 1377 3146 qui
1404 3075 1568 3129 vitam
1610 3076 1886 3147 eleganter
1926 3076 1995 3131 ab
2026 3077 2143 3147 ipsa
2169 3077 2343 3148 prima

2448 3094 2522 3146 Οὐ
2558 3093 2669 3163 γὰρ
2710 3091 2888 3156 ἔξεστι
2944 3090 3088 3144 κατὰ
3145 3090 3326 3159 πῆχυν
3380 3087 3533 3159 αύτῷ
3586 3086 4038 3158 προσμαρτυρεῖν

763 3171 869 3225 visi
932 3178 1061 3224 sunt
1112 3170 1350 3241 pueritia
1404 3168 2097 3240 traduxissemontigisse
2153 3185 2343 3240 nempe

2447 3179 2719 3251 ηὐξῆσθαι
2743 3180 2843 3250 τὴν
2898 3178 3121 3251 ἀρετὴν,
3153 3178 3267 3232 ἀλλ’
3321 3177 3436 3247 είγε
3482 3176 3663 3247 μέλλοι
3699 3194 3782 3240 τις
3808 3175 4039 3247 άληθῶς

765 3263 902 3333 ipsis
958 3272 1019 3317 ut
1072 3262 1410 3317 cubitalibus
1455 3262 1767 3332 augmentis
1820 3271 2156 3325 crescerent,
2201 3262 2343 3328 talis,

2448 3271 2612 3325 αὐτὸν
2634 3269 3047 3334 ἐπαινέσεσθαι,
3077 3270 3250 3339 αὐτὴν
3280 3269 3410 3339 ὅλην
3453 3268 3590 3339 φαίη
3616 3270 3675 3321 ὲν
3700 3268 4039 3338 ἀνθρωπείῳ

766 3358 1015 3428 inquam,
1051 3356 1227 3411 oratio
1255 3370 1378 3426 quae
1402 3355 1455 3410 in
1499 3355 1733 3408 aliorum
1764 3355 2031 3410 encomiis
2061 3370 2254 3427 magna
2289 3356 2343 3410 in

2452 3366 2691 3434 σχήματι
2723 3364 2791 3417 δι’
2846 3362 3057 3417 ἐκείνου
3113 3362 3347 3433 ὀφθῆναι
3375 3362 3455 3433 τῷ
3493 3361 3614 3431 βίῳ.
3644 3359 3832 3422 Οὕτως
3878 3361 4041 3429 αύτῷ

765 3450 948 3507 laudis
970 3457 1123 3520 parte
1150 3456 1496 3515 numeratur,
1523 3463 1636 3504 uno
1667 3448 1722 3503 in
1753 3448 1861 3505 isto
1888 3464 2049 3519 quem
2074 3465 2223 3505 nunc
2250 3449 2343 3506 ad-

2451 3459 2635 3527 παρῆν
2698 3456 2758 3520 ἐξ
2821 3456 2996 3527 ἀρχῆς
3044 3455 3153 3508 τῶν
3192 3455 3637 3526 κατορθωμάτων
3672 3455 3736 3509 τὸ
3779 3454 3989 3507 τέλειον
4019 3469 4037 3482 ο

768 3544 1035 3598 miramur
1065 3540 1224 3611 quasi
1259 3539 1400 3595 exile
1459 3539 1720 3610 quiddam
1773 3539 2006 3593 nimium
2035 3548 2088 3595 et
2119 3555 2343 3610 prorsus

2450 3548 2835 3619 ἀπαγορεύσας
2882 3547 2947 3618 δὴ
3002 3549 3171 3601 πᾶσιν
3205 3548 3295 3617 ὑφ’
3326 3541 3401 3601 ὧν
3437 3550 3466 3602 ὁ
3506 3546 3629 3611 νοῦς
3655 3546 3842 3617 ὥσπερ
3870 3545 4043 3615 βιαίῳ

769 3635 945 3703 impar
978 3634 1157 3687 locum
1190 3632 1394 3687 habere
1427 3647 1537 3687 non
1567 3632 1784 3687 videtur
1815 3647 2000 3701 posse.
2043 3630 2164 3687 Non
2196 3633 2343 3687 enim

2452 3638 2783 3708 πνευμάτων
2807 3636 3156 3709 ὀχλούμενος,
3190 3639 3454 3704 πολλάκις
3488 3639 3586 3710 μὲν
3626 3639 3755 3708 ὃλην
3784 3637 4041 3691 ἀπώλεσε

770 3728 900 3784 licet
950 3728 1222 3783 aﬂirmare
1270 3726 1493 3783 cubitali
1552 3725 1906 3797 proportione
1948 3732 2165 3779 auctam
2201 3724 2343 3781 illius

2447 3731 2549 3798 τὴν
2594 3728 2869 3799 λαμπάδα,
2910 3729 3053 3801 μέγα
3095 3730 3143 3783 δ’
3196 3732 3246 3783 εἰ
3309 3733 3406 3785 καὶ
3457 3731 3682 3800 στυγνὸν
3738 3729 4043 3799 φαίνουσαν

770 3836 897 3876 esse
939 3822 1200 3875 virtutem
1239 3818 1376 3875 :sed
1411 3820 1457 3874 si
1491 3833 1676 3874 veram
1728 3816 1924 3873 afferre
1974 3816 2343 3873 laudationem

2450 3822 2799 3892 περισώσειε,
2835 3822 3019 3892 μόνοις
3042 3822 3272 3887 ἐκείνοις
3302 3823 3543 3894 προσῄει
3562 3820 3645 3887 οἷς
3676 3822 3847 3893 ἀρετὴ
3876 3821 4038 3890 φίλη,

771 3914 892 3984 ejus
922 3915 1157 3968 voluerit
1194 3914 1467 3985 quispiam
1496 3951 1512 3976 ,
1550 3913 1802 3967 dicturus
1848 3912 2039 3981 utique
2071 3912 2143 3966 sit
2173 3919 2343 3965 totam

2456 3913 2552 3968 καὶ
2587 3906 2663 3967 ὧν
2685 3912 2898 3984 ἔμελλε,
2930 3914 3109 3983 φωτὸς
3147 3915 3262 3978 υἱὸς
3311 3915 3666 3984 χρηματίζων
3710 3912 4044 3984 προσθήκην

774 4005 947 4075 ipsum
977 4004 1029 4056 in
1063 4019 1127 4057 eo
1154 4012 1361 4073 quanta
1411 4011 1496 4057 est
1528 4001 1767 4056 humano
1829 4000 2120 4055 formatam
2155 4000 2343 4056 habitu

2456 4004 2634 4074 φωτὸς
2659 4004 2979 4075 λαμϐάνειν,
3009 4006 3175 4076 ἱεροῖς
3206 4006 3441 4076 μάλιστα
3482 4006 3764 4076 μαθήμασι
3790 4004 4042 4075 προσιὼν

774 4096 921 4150 inter
955 4095 1206 4149 homines
1255 4096 1429 4149 visam
1480 4109 1544 4149 ac
1590 4103 1863 4147 versatam
1907 4104 2030 4147 esse
2064 4092 2343 4147 virtutem.

2458 4095 2555 4149 καὶ
2581 4094 2701 4165 Θεῷ
2725 4094 2791 4147 δι’
2812 4094 3111 4149 ἀπαύστων
3143 4096 3463 4167 προσευχῶν
3503 4095 3707 4165 ὁμιλῶν
3742 4112 3800 4147 τε
3830 4097 3925 4148 καὶ
3960 4097 4045 4147 οἱ·

775 4186 926 4243 Adco
972 4185 1366 4257 perfectionem
1400 4186 1702 4241 omciorum
1736 4184 1985 4238 omnium
2033 4198 2251 4255 semper
2292 4184 2343 4239 in

2456 4188 2797 4260 κειούμενος.
2845 4189 2993 4244 Ἔδει
3032 4190 3091 4243 δὲ
3124 4190 3235 4262 ἄρα
3284 4190 3387 4261 τῆς
3428 4190 3744 4261 σωματικῆς
3776 4190 4047 4261 arrepti;-

2285 4322 2521 4383 NOTAE.

851 4440 961 4523 (ll)
993 4440 1180 4495 lnnuit
1245 4455 1510 4523 annonem
1543 4440 1624 4523 .62?
1672 4441 2043 4521 apostolorum
2081 4455 2243 4523 quem
2294 4452 2350 4523 et
2376 4517 2417 4523 _
2457 4446 2823 4523 pet-negarim,
2870 4446 3041 4523 ἱερὸς-
3080 4446 3170 4523 hic
3195 4445 3591 4523 Christianum
3645 4450 3824 4508 sonet,
3851 4441 4047 4523 habita

780 4514 976 4637 Eagina
1033 4513 1281 4580 sequenti
1339 4511 1483 4581 ἱερὸν
1538 4510 1820 4579 διάταγμα
1866 4510 2130 4566 nominat.
2178 4510 2227 4563 Is
2269 4512 2428 4576 sicD
2457 4510 2669 4573 ratione
2714 4510 3134 4571 consuetudinis
3195 4518 3411 4571 illorum
3480 4526 3786 4583 temporum
3835 4515 4045 4581 quibus

822 4586 945 4637 abet
976 4601 988 4636 :
1023 4584 1090 4636 Εἴ
1112 4600 1194 4637 τις
1236 4583 1550 4637 ἐπίσκοπος.
1604 4582 1637 4637 ἢ
1675 4581 2067 4637 πρεσδύτερος.
2098 4581 2130 4637 ἢ
2168 4582 2351 4635 διάκο-
2459 4589 2761 4637 bantismus
2794 4603 2901 4637 non
2933 4588 3044 4637 fere
3082 4588 3189 4637 nisi
3241 4587 3441 4637 adultis
3466 4587 3877 4637 conferebatur.

822 4586 947 4656 abet
976 4601 988 4636 :
1023 4584 1090 4636 Ei’
1112 4600 1194 4656 τις
1236 4582 1637 4656 ἐπίσκοπος-ἢ
1675 4581 2130 4656 πρεσὸύτερος,-ἢ
2168 4582 2343 4635 διάκο-

2458 4589 2761 4656 baptismus
2794 4603 2901 4641 non
2933 4588 3044 4642 fere
3082 4588 3189 4642 nisi
3241 4587 3441 4641 adultis
3466 4581 3877 4641 conferebatur.

782 4672 892 4718 vo;,
923 4654 955 4722 ἢ
987 4655 1360 4721 ἁναγνώστης,
1413 4651 1444 4721 ἢ
1482 4651 1720 4723 ψάλτης,
1750 4654 1850 4722 τὴν
1875 4653 2036 4717 ἀγίαν
2071 4653 2352 4723 Τεσσαραξ-

783 4725 981 4794 κοστὴν
1037 4724 1133 4776 τοῦ
1185 4724 1420 4794 Πάσχα,
1464 4722 1495 4793 ἢ
1532 4724 1785 4792 τετράδα,
1825 4724 1856 4791 ἢ
1899 4722 2257 4794 Παρασκευὴν
2290 4722 2350 4775 οὐ

784 4791 1054 4865 νηστεύοι,
1111 4791 1494 4865 καθαιρείσθω
1538 4791 1714 4865 ἐκτὸς,
1761 4795 1818 4865 Δεἰ
1854 4791 1929 4863 μὴ
1962 4793 2352 4865 δι’ἀσθένειαν

786 4862 1107 4935 σωματικὴν
1148 4862 1512 4935 ἐμποδίζοιτο.
1561 4867 1619 4916 Εἰ
1654 4863 1711 4915 δὲ
1761 4862 1947 4924 λαῖκὸς
2000 4864 2118 4935 εἴη,
2160 4865 2355 4935 dupopo

786 4933 989 5000 ζέάθυν
1021 4937 1121 4989 hoc
1141 4933 1225 4991 est
1264 4954 1276 4988 :
1303 4934 1361 4989 Si
1387 4936 1502 5003 quis
1525 4936 1820 5002 episcopus.
1858 4935 1933 4986 vel
1968 4933 2256 5001 presbyter,
2279 4933 2355 4986 vel

785 5008 1064 5069 diaconus,
1098 5006 1172 5060 vel
1233 5007 1433 5071 lector,
1474 5007 1551 5059 vel
1594 5015 1801 5069 cantor,
1844 5003 2067 5058 Pascha:
2104 5005 2357 5066 Quadra-

785 5079 1038 5147 gesimam
1066 5094 1170 5131 non
1201 5077 1421 5145 iejunat,
1457 5078 1535 5130 vel
1573 5088 1823 5144 quartum
1857 5075 2018 5147 diem,
2076 5078 2153 5128 vel
2184 5074 2357 5128 Para-

788 5146 989 5211 sceven,
1042 5159 1390 5217 prwtcrquam
1422 5148 1469 5199 si
1506 5146 2133 5217 propleninﬁrmitatem
2169 5161 2359 5213 corpo-

787 5218 955 5270 ralem
988 5215 1327 5286 impediatur,
1358 5218 1673 5284 deponatur.
1719 5215 1778 5271 Si
1807 5219 1874 5269 sit
1932 5226 2108 5268 autem
2166 5218 2355 5279 laicus,

788 5300 1102 5359 segregatim
1158 5290 1459 5343 Coiumuno
1504 5290 1722 5357 quidem
1778 5297 1907 5359 erat
1969 5287 2238 5349 omnium,
2303 5295 2361 5339 ut

790 5374 915 5413 mox
938 5357 1268 5422 videbimus,
1301 5359 1739 5412 Christianorum
1769 5357 2039 5425 jejunium
2071 5368 2279 5424 quarta:
2308 5364 2362 5409 et

793 5439 961 5485 sexta:
992 5430 1159 5485 feriat.
1187 5429 1390 5483 Tamen
1412 5429 1542 5498 quia
1581 5429 1630 5482 id
1664 5429 1880 5483 clericis
1915 5428 2174 5495 peculiari
2202 5426 2363 5481 modo

795 5501 1100 5569 injunctum
1128 5510 1265 5564 erat,
1302 5502 1452 5555 visus
1487 5510 1571 5555 est
1606 5499 1862 5552 Nicolaus
1894 5499 2002 5567 jam
2038 5508 2148 5550 tmn
2179 5500 2230 5550 in
2266 5514 2364 5551 cu-

795 5574 883 5643 nis
937 5574 1093 5643 quasi
1122 5582 1451 5643 spontescse
1492 5572 1547 5643 in
1568 5572 1893 5643 clericorum
1919 5569 2163 5643 ordinem
2200 5569 2365 5643 obtu-

799 5640 971 5697 lissei
1007 5643 1097 5710 qui
1125 5640 1184 5699 se
1217 5644 1320 5697 ista
1339 5642 1603 5711 peculiari
1625 5641 1949 5711 clericorum
1983 5640 2367 5711 observatione

798 5708 1153 5785 constrictum
1207 5708 1363 5785 quasi
1429 5713 1798 5785 proﬁteretur.
1868 5708 2179 5785 Notandum
2235 5709 2366 5785 hoc

797 5783 901 5838 fuit
937 5794 994 5838 ut
1048 5779 1444 5854 intelligeretur
1487 5781 1637 5854 quod
1674 5797 1798 5854 mox
1829 5781 2113 5854 sequitur,
2179 5779 2367 5854 πόρρω

796 5854 903 5926 πρὸ
931 5855 1027 5927 τῆς
1049 5848 1263 5927 ήλικίοῖς
1307 5855 1451 5926 ἱερός
1495 5848 1555 5907 τε
1603 5848 1691 5924 ἦν.
1727 5852 1841 5910 Nisi
1878 5848 2038 5919 lut'tc,
2069 5851 2213 5921 quod
2254 5848 2367 5905 non

2532 4653 2647 4726 (l2)
2682 4657 2838 4713 llunc
2874 4659 3050 4712 locum
3080 4666 3301 4711 enarret
3351 4659 3688 4728 Augustinus
3712 4656 3871 4728 epist.
4024 4672 4038 4705 :

2459 4724 2569 4782 Cur
2592 4724 2788 4792 autem,
2816 4730 3012 4797 inquit,
3033 4738 3227 4794 quarta
3243 4738 3291 4782 et
3310 4724 3459 4782 sexta
3491 4728 3626 4796 feria
3650 4726 3881 4779 maxime
3894 4724 4047 4792 jeju-

2462 4811 2545 4853 net
2562 4798 2822 4863 Ecclesia,
2838 4796 2933 4853 illa
2948 4801 3086 4852 ratio
3109 4798 3256 4853 reddi
3283 4800 3506 4861 videtur,
3524 4797 3686 4866 quod,
3708 4796 4047 4850 considerato

2465 4870 2776 4939 Evangelia,
2813 4873 2925 4939 ipsa
2947 4881 3142 4939 quarta
3174 4868 3417 4931 Sabbati,
3436 4886 3594 4938 quam
3612 4872 3763 4935 vulgo
3792 4876 4046 4939 quartam

2464 4938 2654 5010 feriant
2684 4938 3193 5001 vocant,concitium
3228 4943 3560 5006 reperiuntur
3597 4939 3663 5010 ad
3683 4938 4041 5010 occidendum

2469 5007 2750 5065 Dominum
2774 5012 2960 5080 fecisse
2986 5010 3184 5064 Judaei.
3229 5013 3294 5064 Et
3336 5012 3499 5080 paulo
3537 5007 4047 5080 inferius:_P_a_ssns

2464 5092 2541 5137 est
2610 5077 2865 5135 Dominus
2909 5082 3068 5150 (quod
3103 5082 3282 5134 nullus
3335 5077 3759 5150 ambigit)se:rta
3792 5077 4045 5150 Saboati,

2465 5164 2779 5223 quapropter
2802 5162 2849 5207 et
2872 5148 2983 5223 ipsa
3004 5162 3153 5205 sexta
3180 5162 3315 5206 recte
3328 5148 3536 5223 jejunio
3564 5148 4044 5223 'deputaturzllaec

2469 5218 2618 5278 sanet
2633 5218 2920 5278 tisiloctor.
2948 5221 3023 5275 Ex
3038 5224 3239 5291 quibus
3260 5218 3402 5292 patet
3419 5221 3856 5289 antiquissimam
3878 5218 4050 5292 fuisse

2469 5296 2628 5348 istam
2658 5287 3094 5349 observationem
3124 5287 3314 5362 jejunii
3334 5287 3847 5362 quartm’sextmque
3872 5287 4045 5362 feria-

2469 5381 2611 5419 rum.
2648 5365 2819 5434 Cujus
2846 5376 3038 5434 praeter
3066 5358 3397 5418 Clementem
3422 5362 3753 5434 Romanum,
3780 5358 4045 5434 lgnatius,

2470 5430 2885 5498 Tertullianusi,
2946 5436 3200 5490 Clemens
3286 5432 3720 5495 Alexandrinus,
3780 5430 4048 5499 Origenes

2472 5506 2673 5575 aliique
2731 5506 3151 5575 meminerunt,
3184 5519 3447 5575 quorum.
3481 5501 3795 5575 testimonia
3854 5501 4048 5554 recitat

2473 5573 2740 5630 Baronius
2774 5578 2841 5630 ad
2882 5591 3083 5629 annum
3115 5574 3323 5629 Christi
3353 5573 3422 5627 54
3451 5582 3503 5629 et
3532 5573 3619 5627 57.

2544 5648 2655 5716 (l5)
2678 5647 2823 5702 Inter
2849 5662 3031 5716 voces,
3057 5646 3250 5716 τιόρρω
3278 5653 3334 5700 et
3370 5644 3493 5713 τῆς,
3515 5642 3886 5716 inlindendam
3915 5650 4049 5716 puto

2474 5712 2799 5788 particulam
2856 5718 2984 5787 πρό.
3013 5712 3184 5771 Paulo
3242 5724 3389 5788 post,
3430 5712 3473 5766 ίὸ
3506 5712 3789 5788 νητξιάξων
3833 5713 4045 5788 “596$-

2476 5782 2721 5862 pucritiae
2756 5782 2995 5861 tempus,
3028 5788 3175 5860 quod
3202 5782 3397 5843 stultos
3427 5787 3538 5842 dies
3562 5782 3839 5843 ’Tibullus
3889 5782 4045 5839 dixit.
