4182 6440
125 419 207 482 213
877 421 1169 481 ORATIO
1196 420 1381 482 XVII.
1416 446 1487 460 -
1516 420 1597 480 IN
1638 421 1699 481 S.
1727 416 2118 477 NICOLAUM
2158 416 2603 478 MYRENSEM.
3234 410 3345 476 214

122 532 289 601 enim:
316 529 625 599 αὐξήσεως,
663 529 757 582 καὶ
785 529 847 583 τὸ
872 530 968 598 τῆς
992 530 1171 599 ψυχῆς
1194 528 1399 583 τέλειον
1420 529 1670 598 ἐπίδηλον
1702 537 1743 589 Α

1702 525 1891 589 Λευίς
1944 525 2188 580 moribus
2251 524 2321 578 ab
2388 524 2511 592 ipso
2579 523 2851 594 principio
2922 526 3350 593 repraesentarit.

121 623 433 693 γεγενῆσθαι,
461 623 557 676 καὶ
589 623 672 685 είς
705 622 883 675 κοινὸν
908 622 1122 689 ὄφελος,
1168 623 1294 675 ὅτου
1340 620 1665 689 πράγματος

1772 616 2038 669 Omnibus
2066 616 2174 671 illis
2206 615 2531 670 renuntians
2582 629 2612 667 a
2666 615 2867 684 quibus
2896 628 3055 670 mens
3087 621 3353 685 tanquam

121 715 259 783 μετῆν
288 712 512 775 ἱκανῶς,
544 712 902 781 καταστῆναι.
949 710 1103 763 Ἐπεὶ
1132 712 1229 764 καὶ
1272 710 1507 781 Χριστὸς
1528 708 1666 763 ὁτοῦ

1772 706 2120 762 vehementia
2167 715 2458 762 ventorum
2508 705 2784 776 exagitata
2813 721 2955 776 saepe
2997 706 3222 776 quidem
3264 705 3352 761 ln-

118 810 292 877 κόσμου
338 804 533 875 Σωτὴρ
597 805 721 857 τότε
771 802 1080 874 ἀνθρώποις
1116 802 1444 872 γνωρίζεται
1478 794 1555 856 ὧν
1581 802 1667 873 εῐη

1774 808 1984 873 tegram
2040 801 2462 857 exstinctionem
2544 802 2720 858 totius
2786 799 3058 871 lampadis
3126 785 3352 871 patitur,

119 900 348 967 ἐργάτης,
379 898 471 949 ὅτε
504 894 568 948 τὸ
613 895 812 966 μέτρον
858 894 1009 964 αὐτῷ
1046 894 1146 946 οὐκ
1173 893 1247 947 ἐτ’
1280 892 1388 946 ἔδει
1410 892 1510 960 τῆς
1545 892 1669 962 ἠλι-

1777 910 2149 966 πιαιηυωίιιιθ
2211 893 2261 950 si
2316 895 2402 948 vel
2460 895 2693 951 luridam
2758 901 2814 949 et
2876 902 3130 948 maestam
3182 894 3348 948 semi-

121 994 241 1051 χίας.
280 991 471 1051 Ὀντος
501 985 595 1042 οὖν
631 988 898 1059 ἑπομένου
934 986 1028 1039 τὸν
1070 985 1367 1055 ὑπερφυῶς
1389 986 1485 1038 καὶ
1512 1000 1672 1053 γεγο-

1776 996 2012 1043 mortuae
2046 988 2185 1044 facis
2214 990 2517 1045 servaverit
2552 988 2883 1042 ﬂammulam
2915 1024 2933 1050 ,
2964 1000 3088 1042 cum
3120 986 3189 1041 iis
3219 986 3353 1042 solis

120 1083 222 1134 νότα
240 1085 327 1134 καὶ
370 1080 698 1151 βεϐιωκότα,
749 1080 1035 1149 οἰκονόμον
1087 1077 1322 1149 ὀφθῆναι
1364 1076 1473 1129 τῶν
1500 1077 1668 1147 ὑπερ-

118 1176 262 1245 φυῶν,
290 1176 434 1229 οὕτω
480 1175 577 1230 καὶ
630 1175 864 1242 γίνεται.
910 1173 1027 1228 Ἰνα
1070 1174 1127 1228 δὲ
1246 1172 1445 1243 ἀμιγὲς
1469 1170 1672 1242 θνητῆς

118 1264 419 1334 ἐπικρίσεως
444 1266 536 1318 καὶ
564 1264 819 1335 καθαρῶς
848 1263 990 1317 Θείον
1019 1263 1080 1317 τὺ
1107 1264 1409 1334 γινόμενον,
1434 1263 1533 1315 οὐκ
1574 1263 1672 1314 ἀν·-

118 1357 319 1424 Θρὼπων
350 1357 416 1409 ἐκ
446 1356 549 1425 γῆς
572 1355 672 1425 τὴν
698 1354 879 1425 ψῆφον
910 1353 1246 1416 πιστεύεται,
1275 1352 1394 1406 ἀλλ’
1419 1352 1671 1423 οὐράνιος

117 1449 330 1518 χρησμὸς
377 1449 475 1501 ἐπὶ
520 1447 612 1501 τὸν
641 1448 1022 1519 ἀρχιερατικὸν
1042 1445 1204 1501 αὐτὸν
1252 1445 1421 1516 ἱδρύει
1458 1444 1669 1515 θρόνον.

1770 1084 2095 1137 versabatur
2144 1082 2349 1152 quibus
2398 1081 2565 1136 chara
2618 1084 2831 1148 virtus;
2886 1094 2954 1135 ex
3005 1092 3353 1148 quorumque

1773 1174 2180 1230 consuetudine
2237 1174 2383 1229 ﬁlius
2439 1174 2559 1244 ipse
2621 1173 2763 1227 lucis
2822 1170 3109 1227 adventitii
3192 1170 3359 1224 lumi-

1770 1268 1864 1323 nis
1921 1274 2219 1337 angtnento
2271 1266 2555 1336 proprium
2621 1280 2781 1320 suum
2844 1264 3191 1326 cumularet,
3269 1277 3356 1317 sa-

1779 1357 1892 1413 cris
1917 1357 2158 1412 maxime
2213 1356 2531 1428 disciplinis
2570 1370 2776 1410 vacans
2820 1364 2875 1410 et
2918 1368 3043 1408 cum
3067 1353 3177 1408 Deo
3211 1367 3355 1405 nun-

1779 1464 1946 1519 quam
2000 1450 2338 1506 intermissis
2402 1450 2814 1519 precationibus
2865 1460 3053 1515 agens,
3085 1459 3253 1515 seque
3276 1443 3355 1498 illi

118 1543 299 1611 Μικρὸν
326 1542 383 1595 δὲ
415 1541 624 1595 ἄνωθεν
677 1539 963 1596 ἀναλαϐὼν
999 1540 1030 1593 ὁ
1074 1538 1232 1609 λόγος
1272 1537 1581 1607 ἀπαγγελεῖ
1608 1538 1671 1591 τὸ

1781 1542 2097 1599 admovens.
2155 1542 2456 1614 Oportebat
2501 1556 2667 1611 porro
2704 1542 2814 1607 jam
2845 1538 2911 1593 ad
2956 1536 3355 1608 plenitudinem

116 1632 350 1702 διήγημα·
1781 1633 1962 1688 aetatis
1991 1634 2178 1689 adulto
2219 1649 2485 1702 corpore,
2534 1634 2732 1686 animae
2777 1646 2995 1701 quoque
3047 1628 3355 1699 perlectum

116 1733 288 1781 statum
330 1739 601 1795 apparere
638 1723 947 1787 manifesto,
1000 1733 1164 1795 atque
1219 1722 1276 1777 in
1321 1736 1671 1779 communem
1709 1725 1939 1793 produci
1976 1726 2262 1779 utilitatem
2296 1726 2350 1779 id
2384 1742 2495 1795 quo
2536 1726 2628 1779 ille
2673 1723 2907 1775 valebat.
2974 1720 3245 1787 Quoniam
3301 1725 3357 1775 et

117 1817 280 1870 mundi
312 1816 567 1870 Salvator
594 1816 851 1873 Christus
894 1825 1009 1871 tum
1054 1817 1275 1871 demum
1318 1831 1476 1872 suam
1515 1818 1665 1870 illam
1742 1818 2054 1874 hominibus
2114 1819 2399 1873 miriﬁcam
2425 1822 2531 1872 vim
2554 1818 2793 1873 ostendit
2827 1816 3046 1886 quando
3078 1814 3193 1884 jam
3216 1821 3355 1867 mta—

115 1913 170 1964 tis
218 1908 313 1977 ipsi
368 1923 632 1964 mensura
688 1924 795 1963 non
848 1907 1058 1963 deerat.
1096 1907 1453 1977 Consequens
1504 1908 1671 1978 igitur
1704 1922 1830 1962 cum
1866 1920 2012 1966 esset
2038 1926 2165 1965 eum
2207 1910 2300 1980 qui
2333 1925 2497 1981 supra
2572 1920 2825 1963 naturam
2877 1916 2932 1961 et
2982 1916 3145 1963 natus
3204 1914 3354 1961 esset

113 2006 157 2052 et
190 2000 403 2055 vixisset
445 2005 500 2055 in
553 1999 1056 2068 supernaturalium
1098 1997 1538 2069 dispensatorem
1576 2014 1758 2053 rerum
1792 2012 1955 2070 atque
2006 2000 2393 2055 administrum
2468 1998 2690 2054 tandem
2754 1998 3009 2061 evadere,
3041 1999 3123 2053 sic
3189 2000 3356 2067 plane

113 2093 331 2161 contigit.
380 2093 455 2145 At
501 2098 560 2144 ut
625 2092 774 2145 nullo
826 2090 1081 2145 mortalis
1118 2091 1286 2145 ullius
1334 2088 1658 2161 praeiudicio
1696 2092 1883 2157 mista,
1914 2090 2009 2146 sed
2039 2108 2185 2147 mere
2205 2091 2390 2147 divina
2417 2107 2482 2146 ea
2511 2108 2598 2147 res
2640 2099 2810 2156 esset,
2863 2106 2976 2146 non
3067 2090 3118 2145 is
3183 2091 3357 2145 homi-

114 2201 222 2239 num
269 2182 619 2237 terrestrium
672 2180 907 2247 calculo,
952 2180 1050 2235 sed
1106 2180 1321 2235 caelesti
1355 2179 1581 2235 oraculo
1639 2180 1694 2235 in
1771 2181 2071 2251 pontiﬁcali
2118 2181 2420 2237 collocatus
2464 2189 2549 2235 est
2576 2181 2774 2234 throno
2821 2181 2992 2249 Cujus
3041 2182 3120 2238 rei
3153 2198 3355 2235 narra-

114 2280 290 2333 tionem
319 2276 489 2345 paulo
517 2274 686 2329 altius
715 2273 938 2328 ductam
973 2273 1291 2343 subjiciam.

180 2371 231 2425 '0
250 2373 373 2441 πρὶν
407 2367 590 2438 λαχὼν
617 2366 822 2421 διέπειν
844 2366 1138 2437 ἀρχιερεὺς
1168 2366 1271 2436 τὴν
1301 2364 1441 2435 μετά
1463 2363 1675 2437 ἀνθρὼ-
1706 2370 1749 2426 Β

1707 2370 1749 2426 Β
1849 2359 1953 2427 Qui
1981 2370 2107 2416 ante
2140 2360 2287 2416 hunc
2312 2360 2836 2430 archiepiscopalem
2859 2367 2976 2415 erat
3007 2360 3358 2415 administra-

114 2480 211 2516 πων
257 2462 403 2533 ζωὴν
450 2460 625 2533 ᾤχετο
669 2457 957 2522 λελοιπώς.
1015 2457 1413 2531 Ἐπιζητούσης
1454 2458 1512 2511 δὲ
1569 2457 1669 2527 τῆς

1772 2452 1982 2509 tion'em
2010 2454 2252 2508 sortitus
2281 2453 2500 2506 mortali
2531 2452 2828 2507 defunctus
2854 2454 2965 2506 vita
2999 2468 3066 2507 ex
3099 2453 3357 2514 humanis

115 2557 360 2625 πανάγνου
395 2554 671 2615 παστάδος
720 2553 812 2606 τὸν
844 2552 960 2607 ἀντ’
990 2551 1203 2607 ἐκείνου
1252 2550 1509 2622 νυμφίον,
1547 2550 1672 2603 σύλ-

1776 2546 2008 2602 abierat.
2040 2544 2179 2601 Cum
2208 2545 2487 2616 virgineus
2526 2560 2691 2615 porro
2725 2544 2998 2600 thalamus
3030 2543 3199 2598 alium
3231 2545 3357 2613 ejus

116 2646 245 2713 λογος
276 2646 444 2715 ίερδς,
471 2645 596 2707 ὅσος
626 2642 723 2697 καὶ
751 2645 811 2695 ὲν
832 2641 1148 2714 ἀρχιερεῦσι
1176 2640 1272 2694 καὶ
1297 2638 1504 2711 ἱερεῦσι
1536 2637 1671 2692 Θεοῦ

1772 2637 1895 2692 loco
1922 2652 2188 2708 sponsum
2217 2637 2580 2703 desideraret,
2611 2645 2915 2693 conventus
2945 2652 3103 2693 sacer
3128 2652 3194 2691 ex
3221 2654 3360 2708 pun-

118 2737 497 2811 συνεληλυθὼς,
530 2735 725 2808 βουλὴν
752 2735 875 2804 ἥτις
904 2734 1103 2805 ἀρίστη
1130 2732 1395 2787 διαθεῖναι
1416 2732 1547 2803 περὶ
1573 2731 1672 2801 τῆς

1774 2727 2019 2784 tilicibus
2046 2736 2101 2784 et
2125 2730 2506 2787 sacerdotibus
2556 2730 2650 2785 Dei
2703 2730 2969 2785 collectus
2994 2730 3231 2786 consilio
3251 2746 3352 2785 ex-

116 2833 244 2901 ὶερᾶς
271 2829 578 2901 μνηστείας
611 2826 851 2897 σπουδὴν
868 2827 1125 2880 ἐποιεῖτο.
1154 2823 1335 2895 Οὔσης
1362 2824 1420 2878 δὲ
1447 2823 1669 2893 πολλῆς,

112 2923 174 2985 ὡς
197 2922 356 2986 εἰκὸς,
388 2918 634 2989 ἀγωνίας
651 2918 836 2979 αὐτοῖς
870 2916 1172 2987 (μεγίστων
1194 2915 1303 2987 γὰρ
1352 2912 1579 2983 ἀγώνων
1604 2913 1673 2966 τά

115 3013 301 3083 μεγάλα
327 3011 439 3065 τῶν
494 3010 838 3079 πραγμάτων
864 3007 1144 3079 ἢρτηται),
1188 3007 1282 3061 καὶ
1311 3005 1531 3059 τοσοῦτο
1552 3004 1673 3077 μεί-

1769 2821 1958 2893 pedire
1993 2836 2155 2893 quam
2215 2832 2398 2893 posset
2458 2825 2667 2895 optimo
2712 2838 2901 2879 sacras
2958 2823 3079 2880 illas
3132 2825 3358 2894 nuptias

1782 2912 2093 2986 satagebat.
2120 2912 2256 2970 Cum
2277 2931 2407 2971 vero
2424 2918 2613 2983 multa,
2630 2925 2689 2971 ut
2710 2917 2764 2970 in
2785 2915 3169 2972 deliberatione
3186 2925 3360 2984 tanta,

1776 3007 2118 3077 perplexitas
2142 3017 2289 3063 esset
2325 3008 2606 3079 (maximis
2640 3007 2785 3063 enim
2826 3022 2892 3062 ex
2938 3008 3359 3064 discriminibus

113 3105 242 3169 ζονος
271 3105 384 3176 (IL)
436 3104 566 3157 ὅσον
626 3100 857 3155 καὶτῶν
906 3099 1168 3154 κινδύνων
1210 3098 1274 3152 τὸ
1319 3097 1569 3168 μέγεθος,
1595 3096 1672 3166 μὴ

112 3197 458 3268 ἀρμοσθείσης
506 3193 610 3264 τῆς
659 3192 971 3263 οἰκονομίας
1007 3190 1086 3262 τῷ
1125 3191 1433 3262 πράγματι,
1468 3188 1666 3260 βουλὴν

114 3289 435 3359 βουλεύονται
462 3287 681 3357 ἀληθῶς
742 3284 1055 3356 ίερώσυνον.
1085 3284 1182 3349 Τίς
1206 3282 1383 3352 αὖτη;
1421 3283 1671 3349 Ἀνενεγ-

114 3386 211 3435 κεῖν
234 3382 292 3434 τὸ
325 3381 439 3433 πᾶν
468 3380 547 3441 εἰς
576 3376 729 3431 Θεόν.
767 3376 1009 3429 Ἐκεῖθέν
1045 3392 1105 3427 τε
1153 3373 1490 3440 παραμένειν
1520 3372 1671 3442 ἥξειν

1783 3116 2109 3173 magnorum
2163 3103 2511 3171 negotiorum
2542 3103 2723 3159 exitus
2776 3102 3061 3172 pendent),
3102 3115 3168 3154 ac
3206 3110 3362 3156 tanto

1772 3193 2043 3251 dihicilior
2078 3196 2333 3265 expeditu
2366 3204 2517 3250 esset
2561 3195 2756 3249 electio
2786 3202 2995 3264 quanto
3024 3193 3234 3261 majora
3262 3209 3359 3262 pe-

1772 3288 1952 3345 ricula
1980 3304 2047 3342 ex
2072 3303 2259 3343 errore
2291 3288 2337 3342 si
2367 3289 2495 3358 quis
2552 3288 2604 3341 in
2640 3301 2703 3343 ea
2730 3286 3170 3341 committeretur
3208 3301 3346 3340 con-

1773 3390 2032 3436 secutura
2054 3379 2503 3451 providebantur,
2534 3379 2827 3433 consilium
2858 3381 3083 3448 capiunt
3104 3392 3230 3433 vere
3261 3394 3347 3432 sa-

113 3473 163 3525 τὺ
202 3473 292 3541 τῆς
342 3469 674 3539 διοικήσεως
704 3464 815 3535 (15)
849 3463 1111 3533 ἀσφαλές.
1140 3464 1343 3533 Εὑχαῖς
1367 3461 1546 3515 τοίνυν
1577 3462 1673 3513 καὶ

1773 3471 2071 3528 cerdotale.
2097 3470 2385 3536 Quodnam
2421 3485 2551 3524 vero
2580 3469 2748 3524 illud?
2776 3467 2911 3523 Rem
2942 3484 3162 3523 omnem
3213 3468 3352 3523 refe-

112 3566 365 3635 νηστείαις
385 3562 646 3629 καθάπερ
676 3558 980 3620 ὠκυτάτοις
1028 3558 1244 3628 πτεροῖς
1275 3555 1355 3618 εἰς
1381 3552 1608 3626 οὐρανὸν
1638 3554 1670 3623 ἡ

1775 3561 2003 3618 rendam
2056 3562 2125 3617 ad
2189 3560 2380 3617 Deum.
2456 3560 2901 3632 Exspectandum
2961 3559 3089 3615 inde
3157 3569 3356 3614 ventu-

114 3657 291 3729 σπουδὴ
325 3657 519 3717 αὐτοῖς
569 3650 827 3716 ἀνιοῦσα,
873 3649 968 3702 τοῦ
1019 3648 1352 3719 ζητουμένου
1390 3647 1667 3716 τυγχάνει.
1704 3723 1736 3729 Α

1704 3723 1736 3729 _
1776 3669 1891 3709 ram
1924 3654 2224 3711 salutarem
2250 3653 2642 3709 resolutionem
2689 3651 3091 3718 intricalissimi
3123 3650 3352 3719 negotii.

112 3748 189 3815 Εἷς
212 3723 311 3821 γάρ
338 3768 424 3815 τις
466 3750 568 3817 τῆς
603 3745 752 3815 ἱερᾶς
777 3743 991 3813 ἐκείνης
1022 3741 1246 3810 λογάδος
1282 3739 1411 3811 Θείῳ
1436 3738 1669 3811 χρησμῷ
1694 3723 1738 3781 C

1709 3723 1738 3781 Β
1772 3748 1916 3818 Ergo
1948 3762 2074 3803 cum
2151 3745 2500 3802 orationibus
2565 3754 2621 3799 et
2659 3743 2885 3812 jejuniis
2945 3752 3201 3813 tanquam
3258 3742 3360 3799 alis

114 3845 199 3897 τῶν
218 3840 496 3913 λογισμῶν
539 3836 865 3891 ύπεκλύοντι
911 3835 1013 3903 τὴν
1064 3832 1335 3903 ἀπορίαν,
1385 3847 1675 3902 μυσταγω-

1768 3837 2140 3895 velocissimis
2180 3837 2455 3892 evolasset
2504 3836 2558 3890 in
2591 3836 2794 3890 cmlum
2826 3834 3070 3904 ipsorum
3115 3834 3360 3899 devotio,

111 3942 264 4005 γεῖται
290 3937 390 4007 τήν
423 3950 485 3985 τε
520 3927 918 4001 προσηγορίαν,
966 3926 1059 3979 καὶ
1101 3925 1225 3978 ὅποι
1259 3923 1353 3976 τὸν
1386 3922 1558 3994 ἄνδρα
1587 3922 1678 3975 eb-

1771 3939 1935 3987 nacta
1993 3930 2066 3985 ibi
2127 3927 2273 3999 quod
2337 3928 2615 3998 quaerebat
2670 3936 2777 3982 est.
2837 3924 2993 3981 Unus
3038 3926 3183 3981 enini
3241 3923 3360 3995 qui-

111 4027 287 4098 ρῆτθιι
336 4027 549 4095 δεήσει.
600 4017 1000 4091 Παραφυλάξας
1033 4014 1091 4069 δὲ
1137 4014 1229 4067 τὸν
1258 4014 1469 4066 τόπονὸ
1501 4029 1676 4083 μεμυ-

1774 4025 1900 4079 dam
1958 4037 2027 4079 ex
2080 4035 2242 4077 sacro
2319 4020 2415 4078 illo
2471 4030 2660 4083 coetu,
2732 4018 2961 4073 oraculo
3027 4017 3215 4072 divino
3274 4031 3364 4070 ra-

114 4118 523 4190 σταγωγημένος
582 4109 671 4184 (ἦν
725 4112 769 4165 δ’
824 4111 933 4182 ἄρα
972 4107 1069 4162 τοῦ
1131 4107 1263 4162 ναοῦ
1307 4124 1361 4160 τι
1415 4107 1579 4177 μέρος
1618 4098 1680 4158 οὗ

1778 4114 1952 4171 tionis
2000 4114 2256 4169 humana:
2311 4112 2711 4167 dubitationem
2758 4109 3101 4181 expediente,
3156 4116 3211 4163 et
3258 4107 3364 4162 viri

112 4212 438 4283 προσομιλεῖν
495 4210 525 4261 ό
576 4206 750 4278 μέγας
800 4201 1040 4256 εἶσθιστο
1084 4199 1350 4262 Νικόλαος
1395 4198 1473 4268 τῷ
1509 4196 1673 4268 Θεῷ),

1782 4222 1981 4262 nomen
2043 4204 2307 4261 educetur
2335 4216 2389 4260 et
2422 4205 2602 4258 locum
2631 4203 2722 4258 ubi
2755 4202 3107 4272 reperiendus
3148 4199 3195 4255 is
3223 4208 3360 4253 erat.

115 4307 393 4358 ἐπιστάντα
428 4304 659 4371 κατέχει
694 4297 831 4368 (16),
874 4296 965 4348 καὶ
995 4297 1107 4357 τοῖς
1135 4293 1343 4345 ἐκείνου
1372 4293 1579 4363 ῥήμασι
1606 4290 1676 4343 τὰ

1782 4298 1906 4366 Quo
1956 4298 2285 4362 observato,
2353 4296 2445 4351 ille
2508 4296 2595 4351 cui
2651 4294 2914 4350 revelatio
2995 4292 3141 4347 facta
3191 4289 3367 4344 fuerat

110 4396 164 4447 ἰκ
181 4399 271 4465 τῆς
290 4395 472 4464 ὅψεως
492 4409 561 4444 συ
570 4390 811 4461 μόαλὼν,
834 4386 926 4439 τὸν
940 4384 1108 4456 ἄνδρα
1123 4382 1492 4451 διαγινώσκει.
1521 4380 1676 4435 Οὕτω

1783 4391 1925 4459 (erat
1949 4396 2133 4441 autem
2168 4387 2216 4441 is
2247 4387 2405 4442 locus
2457 4400 2589 4456 pars
2639 4382 2887 4455 quaedam
2948 4382 3085 4437 aedis
3131 4380 3222 4435 ubi
3261 4377 3368 4433 frui

110 4503 159 4538 τε
186 4488 275 4539 σὺν
298 4489 367 4557 τῇ
398 4482 662 4555 παρούσῃ
701 4480 821 4551 ἱερᾷ
850 4476 1051 4547 πληθύῐ
1081 4477 1149 4546 τῇ
1168 4473 1467 4544 Ἐκκλησία
1496 4490 1677 4542 νυμφ-

1784 4479 1881 4535 Dei
1908 4478 2204 4549 colloquiis
2232 4490 2468 4549 magnus
2494 4484 2860 4531 consueverat
2890 4472 3173 4544 Nicolaus)
3214 4480 3366 4527 stan-

111 4580 313 4646 αγωγεῖ.
1782 4580 1893 4625 tem
1930 4570 2001 4625 ibi
2029 4568 2391 4640 deprehendit
2423 4568 2607 4623 divina
2631 4568 2736 4623 sibi
2779 4567 2992 4622 visione
3018 4565 3365 4619 demonstra-

113 4676 209 4720 tum
252 4670 455 4721 virum.
514 4663 673 4716 llunc
701 4662 844 4715 enim
871 4673 996 4713 eum
1047 4670 1169 4711 esse
1220 4653 1339 4723 ejus
1377 4668 1446 4709 ex
1489 4653 1673 4711 verbis
1712 4655 1888 4726 ipsius
1935 4657 2097 4715 facile
2139 4658 2385 4729 agnovit,
2441 4657 2632 4727 sicque
2673 4656 2827 4711 illum
2907 4668 3032 4709 cum
3106 4649 3391 4723 praesenti!

114 4775 251 4813 sacra
272 4757 633 4814 multitudine
653 4768 911 4823 sponsum
941 4750 1199 4805 Ecclesiae
1227 4748 1530 4819 conjungit.

174 4858 343 4930 Μέχρι
362 4857 467 4928 μὲν
492 4853 652 4907 τοῦδε
684 4850 872 4924 ὥσπερ
891 4849 1071 4919 ἁπλῆν
1099 4864 1222 4901 τινα
1244 4846 1428 4919 τρίϐον
1463 4846 1680 4920 παριὼν
1709 4866 1765 4925 D

1718 4866 1765 4925 D
1869 4844 2148 4901 Ilactenus
2216 4854 2368 4899 recto
2421 4842 2659 4913 quodam
2701 4840 2895 4894 itinere
2919 4838 3075 4909 quasi
3107 4836 3369 4892 inoffense

116 4929 312 5021 ὀλόγος
336 4953 398 5004 οὐ
427 4945 689 5021 χαλεπῶς
718 4944 991 5015 διήνεγκε.
1021 4940 1097 4995 Τὸ
1124 4940 1170 4993 δ’
1198 4938 1447 4993 ἐντεῦθεν
1480 4940 1681 5011 μυρίας

1792 4940 2063 5010 processit
2092 4939 2289 4993 oratio.
2314 4939 2384 4990 At
2413 4934 2672 5005 deinceps
2693 4944 2819 4988 cum
2844 4949 2954 4988 non
2989 4931 3191 4991 solum,
3220 4929 3367 4998 quod

116 5045 428 5115 ἀπαντώσης
449 5039 783 5112 διαδρομῆς
811 5038 905 5091 καὶ
929 5035 1004 5089 οὐ
1029 5033 1279 5105 καθάπερ
1298 5033 1391 5085 ἐπὶ
1412 5035 1525 5095 τοῖς
1544 5034 1681 5087 ἀπό-

1791 5033 1848 5087 in
1878 5030 2154 5103 perplexis
2204 5029 2431 5092 dicitur,
2485 5032 2741 5082 occurrat
2794 5024 3045 5090 trivium,
3087 5038 3271 5078 verum
3314 5022 3367 5076 in

119 5152 218 5207 pst;
243 5112 467 5206 λέγεται
512 5134 728 5206 τρίοδον
766 5127 1159 5200 ἀπηντηκέναι,
1207 5126 1261 5179 τί
1293 5126 1401 5197 χρὴ
1446 5125 1681 5198 δράσαις

1791 5126 2079 5181 innumera
2151 5121 2401 5194 quaedam
2442 5119 2673 5175 divortia
2725 5116 2942 5174 scindat
2993 5132 3053 5171 se
3087 5117 3196 5178 via,
3239 5112 3370 5183 quid

120 5206 301 5293 μᾶλλον
341 5226 401 5279 δὲ
449 5222 509 5278 τί
569 5220 794 5286 παθεῖν;
840 5218 1110 5288 Ἀπείρων
1156 5216 1265 5287 γὰρ
1293 5215 1463 5269 ὄντων
1497 5217 1689 5288 ἐκείνῳ

1796 5216 1978 5273 facere
2002 5230 2141 5287 opus
2180 5214 2404 5271 estlvel
2427 5214 2632 5284 potius,
2650 5211 2780 5283 quid
2805 5209 2917 5282 pati
2942 5206 3208 5264 necesse?
3235 5206 3370 5260 Cum

1611 5348 1846 5407 NOTAE.

182 5450 286 5523 (l4)
317 5445 769 5523 Nondissimulo
801 5438 860 5499 in
880 5442 1175 5523 exemplari
1212 5457 1299 5499 me
1326 5442 1529 5523 legisse
1563 5460 1681 5523 μει-
1791 5444 2051 5523 dimcesis
2082 5444 2381 5523 vogabatur
2412 5440 2711 5523 veteribus,
2728 5445 2792 5523 et
2822 5436 2877 5523 in
2903 5448 3197 5518 commune
3236 5447 3368 5486 con-

121 5505 294 5586 ζόνωηί,
318 5505 469 5593 quod
502 5534 629 5593 cum
663 5521 797 5573 satis
822 5505 1103 5593 cohaere
1159 5529 1269 5593 non
1307 5505 1601 5579 videretur,
1628 5516 1682 5567 iu
1802 5518 2098 5593 sultabant.
2146 5508 2494 5593 Tota_tamen
2526 5507 2818 5592 ἀκολουθία
2865 5507 2969 5588 Ιοςί
3020 5521 3105 5559 me
3150 5505 3206 5557 in
3250 5520 3369 5585 eam

123 5549 294 5586 5'IMV,
318 5549 469 5593 quuu
502 5549 629 5599 nutu
663 5549 797 5573 uasta
828 5549 1103 5600 uit-auc";
1159 5549 1269 5599 ulu:
1309 5549 1601 5579 vum-uiua,
1629 5549 1682 5567 ιιι
1802 5549 2098 5594 auus-uua“.
2159 5549 2494 5594 ιυιιι.,αιιιυιι
2526 5549 2818 5592 aur-Vw-"-
2865 5549 2969 5588 avt;-
3020 5549 3105 5559 ...ν
3150 5549 3206 5557 -.-
3252 5549 3405 5601 -..τ-,ἱ

123 5593 351 5662 μείζονος
384 5602 622 5651 multh
657 5597 715 5662 1η
742 5588 835 5662 ,δά
872 5584 1109 5662 αγῳνιας
1140 5585 1440 5662 referatur._
1546 5651 1619 5662 Α..
1792 5596 2115 5662 sententiam
2142 5591 2327 5662 _traxut
2357 5598 2533 5662 quam
2598 5586 3359 5662 interpretationeqexpressn,

184 5647 286 5733 (l5)
310 5647 429 5718 Non
466 5647 619 5733 puto
652 5647 1189 5733 bnoixnaw'hic-csse
1218 5651 1684 5733 digecesimﬂlim
1791 5658 1949 5733 cujus
2000 5656 2045 5710 si
2083 5654 2266 5710 minus
2318 5647 2590 5710 videbitur
2628 5647 2798 5718 felix,
2840 5647 3094 5718 equidem
3135 5661 3242 5701 non
3278 5661 3372 5703 cro

122 5723 559 5787 eni‘m'aliter'id
604 5723 1234 5797 nomen'usurpabatur.
1275 5725 1612 5798 Quanquam
1637 5723 1685 5777 si
1795 5723 2139 5798 pertinax.”
2206 5794 2258 5798 __
2517 5792 2529 5798 _
2608 5793 2630 5798 _
2718 5792 2728 5798 _
2850 5758 2856 5764 -

124 5784 570 5871 plivrasis‘ﬁCrmca
621 5810 916 5871 pateretur,
948 5784 1057 5871 non
1112 5807 1257 5871 esset
1296 5784 1685 5871 incommodus

1493 5793 1685 5847 nimius
1796 5784 1812 5798 ’
1865 5798 1974 5867 (16)
2003 5794 2142 5864 Quid
2173 5795 2217 5851 si
2247 5794 2490 5866 legamus
2513 5792 2630 5845 ἐκεῖ
2662 5792 2838 5844 πάντα
2869 5784 3089 5857 κατέχει
3115 5785 3137 5840 ?

132 5867 331 5931 sensus.
350 5867 742 5931 Conveneiaut
771 5870 1011 5940 episcopi
1040 5868 1202 5924 unius
1230 5867 1543 5938 provittciw,
1566 5882 1685 5936 qua:
