4182 6440
783 414 892 478 215

2008 413 2286 476 LEONIS
2328 411 2792 474 PHILOSOPIII

3940 411 4055 479 216

785 526 929 580 enim
964 523 1176 580 Infinita
1210 522 1338 578 huic
1375 531 1566 580 nostro
1597 524 1792 580 decora
1831 525 2025 590 insint,
2058 528 2364 596 propriam-

2467 525 2672 589 καλῶν,
2709 527 2802 579 καὶ
2827 526 3037 580 τούτων
3059 525 3291 580 ἑκάστου
3325 525 3463 580 ίδίαν
3479 525 3840 590 ἀπαιτοῦντος
3869 527 4052 594 λόγων

785 632 892 685 que
918 616 1022 672 sibi
1070 616 1496 686 unumquodque
1524 615 1893 672 laudationem
1936 619 2192 687 postulet,
2225 633 2363 686 quo-

788 709 1084 778 mmloqua’:
1105 708 1214 764 dici
1247 717 1522 778 nequeant
1539 709 1752 778 singula
1780 724 1887 763 una
1931 712 2182 765 oratione
2209 726 2364 764 com-

791 802 1088 869 prehendat
1121 804 1388 873 quispiam
1416 803 1439 855 ?
1465 812 1560 856 aut
1616 804 1893 872 quomodo
1920 805 1985 858 de
2023 803 2363 872 argumentis

791 890 866 944 ita
917 893 1153 962 magnis,
1214 909 1326 947 non
1365 893 1583 962 quidem
1643 906 1768 946 cum
1814 893 2058 963 ipsorum
2100 892 2365 962 dignitate

790 984 1242 1051 comparandum,
1287 985 1380 1039 sed
1412 985 1492 1038 vel
1529 983 1812 1038 tolerabile
1856 997 1920 1038 ac
1950 983 2229 1038 mediocre
2262 984 2366 1038 ali-

789 1073 920 1143 quid
959 1075 1130 1142 possit
1157 1075 1388 1130 aﬂerre?
1433 1074 1636 1129 Tamen
1661 1091 1725 1131 ex
1755 1075 1874 1144 ejus
1907 1077 2173 1145 praeclare
2206 1074 2365 1132 factis

789 1165 1080 1221 delibauda
1113 1177 1241 1222 sunt
1268 1183 1462 1238 pauca.
1493 1169 1572 1222 Ad
1609 1169 1984 1238 persequenda
2010 1172 2153 1224 enim
2179 1169 2364 1224 omnia

791 1274 971 1328 neque
1008 1261 1052 1315 si
1081 1259 1206 1329 quis
1247 1261 1564 1330 prolixitate
1594 1264 1718 1314 vita:
1754 1261 1905 1330 paria
1939 1263 2105 1317 faciat
2130 1277 2256 1316 cum
2296 1277 2364 1317 eo

788 1353 880 1421 qui
912 1352 1222 1408 diutissime
1275 1355 1520 1408 omnium
1583 1356 1860 1411 mansisse
1902 1355 1955 1408 in
1991 1356 2100 1408 vita
2140 1355 2361 1421 dicitur,

791 1444 1148 1500 suffecturam
1197 1447 1487 1501 habiturus
1530 1447 1771 1518 linguam
1821 1454 1988 1502 esset.
2024 1445 2161 1513 Quis
2192 1447 2268 1502 ita
2304 1465 2364 1504 se

791 1537 1077 1592 iunctione
1127 1539 1420 1593 sacerdotii
1468 1548 1522 1593 et
1583 1554 1782 1608 magno
1826 1537 2098 1595 sacrificio
2137 1539 2362 1610 dignum

788 1631 1074 1685 exhibuit?
1097 1640 1191 1686 aut
1223 1633 1405 1701 potius
1435 1633 1560 1701 quis
1589 1640 1648 1685 ut
1700 1633 1790 1686 ille
1821 1633 1880 1696 in
1909 1632 2133 1688 odorem
2177 1633 2362 1689 suavi-

788 1726 919 1777 tatis
944 1723 1318 1779 holocaustum
1353 1725 1570 1778 oblatus
1615 1731 1701 1779 est
1743 1724 1894 1778 Deo?
1925 1725 2060 1790 Quis
2087 1725 2159 1778 ita
2187 1725 2363 1778 subli-

789 1815 895 1870 mis
931 1816 982 1869 iu
1019 1815 1206 1871 habitu
1249 1817 1570 1872 submisso?
1606 1817 1745 1884 Quis
1794 1833 2012 1872 rursum
2044 1817 2097 1871 in
2125 1818 2361 1873 submis-

789 1909 945 1962 sione
974 1909 1148 1978 magis
1197 1909 1553 1965 inaccessus?
1595 1909 1727 1963 Illud
1775 1911 1994 1980 quidem
2030 1909 2104 1964 ob
2153 1919 2361 1965 natura
2391 1889 2435 1946 Β

791 2017 1113 2070 morumque
1160 2003 1570 2072 benignitatem.
1637 2004 1739 2056 hoc
1769 2011 1993 2073 propter
2028 2003 2365 2058 inimitabili-

791 2102 956 2147 tatem
1013 2095 1305 2148 virtutum.
1347 2096 1483 2160 Quis
1528 2095 1607 2149 sic
1643 2094 1709 2148 ad
1757 2110 1943 2150 verum
1991 2097 2269 2166 expressit
2309 2095 2362 2150 in

790 2186 972 2254 seipso
1006 2197 1284 2256 pastorem
1309 2204 1520 2252 verum,
1569 2196 1621 2244 et
1652 2205 1718 2244 ne
1743 2188 2045 2259 periculum
2070 2204 2202 2244 oves
2243 2198 2364 2243 tan-

789 2288 924 2347 gat,
975 2287 1237 2346 tanquatn
1286 2281 1353 2335 ad
1397 2281 1703 2349 jucundum
1750 2280 1958 2350 aliquid
2010 2279 2077 2334 ad
2128 2291 2360 2337 mortem

791 2371 1066 2424 accessit?
1109 2371 1242 2438 Quis
1281 2374 1453 2442 magis
1483 2388 1702 2441 gravem
1751 2373 1957 2442 injuste
1991 2375 2360 2442 grassantium

790 2465 1049 2517 contrivit
1103 2466 1367 2519 manum?
1411 2465 1546 2532 Quis
1608 2465 1661 2520 in
1698 2473 1944 2536 tempore
1999 2467 2360 2538 opportunius

789 2558 1027 2628 protexit
1065 2562 1528 2629 oppressos?Aut
1573 2563 1758 2633 potius
1803 2564 1930 2632 quis
1957 2580 2103 2618 unus
2143 2565 2362 2635 utrique

789 2652 972 2718 generi
1003 2653 1283 2708 consuluit
1330 2655 1562 2710 melius?
1587 2655 1764 2710 Priori
1798 2655 2024 2726 quidem
2052 2673 2118 2712 eo
2149 2658 2360 2713 studiu-

790 2742 930 2806 sius,
966 2759 1078 2812 quo
1106 2745 1238 2797 illud
1284 2746 1531 2801 atrocius
1559 2748 1860 2816 periculum
1888 2751 2028 2804 malo
2079 2766 2251 2820 usque
2294 2751 2361 2805 ad

789 2835 1029 2890 animam
1063 2836 1395 2906 pertinente.
1432 2837 1540 2893 Sed
1565 2838 1674 2906 jam
1707 2839 1762 2892 in
1797 2856 1978 2894 arcem
2015 2841 2359 2896 invadamus.

789 2927 927 2994 Quis
962 2937 1116 2983 tanto
1143 2929 1327 2984 animo
1355 2929 1604 2984 militiam
1650 2931 2055 3002 praedicationis
2082 2933 2232 2986 verbi
2274 2941 2360 2985 to-

791 3023 1025 3078 leravit?
1073 3021 1212 3077 llinc
1240 3024 1637 3079 dazmoniorum
1677 3025 1823 3080 acies
1867 3025 2098 3081 fundens
2133 3025 2360 3095 fugans-

788 3131 920 3184 que,
954 3115 1261 3184 borumque
1295 3115 1420 3169 fana
1466 3131 1799 3186 expurgans,
1851 3115 2195 3184 miserosque
2221 3131 2360 3187 quos

791 3209 1122 3278 deceperant
1156 3216 1216 3262 ut
1247 3207 1420 3278 spolia
1453 3207 1634 3277 opima
1667 3206 1775 3263 Deo
1823 3208 2044 3264 sistens.
2076 3207 2206 3263 Inde
2231 3223 2360 3264 vero
2389 3236 2430 3292 ρ

788 3311 1014 3356 strenue
1041 3316 1154 3354 rem
1190 3316 1391 3371 gerens
1441 3299 1708 3356 adversus
1765 3301 1947 3356 hostes
1989 3300 2192 3368 furiosa
2226 3315 2362 3355 con-

789 3392 1027 3446 tumacia
1073 3392 1164 3446 ubi
1210 3393 1392 3446 minus
1436 3391 1660 3446 decebat
1710 3402 1974 3459 armatos,
2009 3393 2102 3463 qui
2132 3401 2363 3447 exacuta

791 3483 857 3537 ad
889 3484 1285 3554 blasphemiam
1339 3485 1522 3552 lingua
1563 3501 1726 3539 unam
1767 3495 2020 3540 naturam
2072 3487 2123 3540 in
2151 3497 2366 3540 creatu-

790 3591 908 3630 ram
939 3585 993 3631 et
1022 3576 1338 3632 Creatorem
1366 3576 1614 3631 dividere
1647 3577 2014 3632 conabantur.
2047 3577 2198 3631 Pauli
2245 3578 2367 3647 qui-

789 3667 913 3722 dem
973 3669 1197 3724 definiat
1255 3684 1478 3725 cursum
1540 3667 1938 3740 Hierosolymis
1993 3669 2057 3723 ad
2089 3670 2362 3742 Illyricum

791 3760 1068 3828 pertinens
1101 3762 1486 3830 peregrinatio.
1527 3760 1674 3816 lluic
1709 3776 1840 3816 vero
1867 3769 2060 3815 nostro
2082 3778 2192 3817 non
2237 3762 2362 3834 qui-

789 3852 913 3906 dem
947 3853 1015 3906 ab
1048 3853 1440 3924 Hierosolymis
1475 3854 1795 3924 praedicatio
1849 3855 2158 3924 processit,
2189 3869 2366 3926 neque

793 3941 846 3996 in
881 3943 1023 3996 illam
1051 3944 1210 3996 aliam
1244 3953 1402 3998 terra:
1436 3953 1647 4015 partem
1693 3954 1987 4017 propagata
2017 3954 2124 4002 est.
2161 3945 2360 4002 Videa-

793 4048 915 4086 mus
964 4044 1144 4088 tamen
1189 4049 1259 4088 an
1303 4036 1424 4090 ideo
1476 4037 1660 4093 minus
1699 4035 1996 4108 Evangelio
2047 4039 2363 4096 contulerit.

793 4125 885 4179 Ille
931 4141 1056 4180 sero
1108 4127 1324 4183 taudeui
1369 4129 1486 4184 zelo
1537 4145 1804 4186 converso
1861 4139 2108 4186 maturos
2155 4131 2368 4188 fructus

795 4219 1166 4288 praedicatioui
1203 4221 1383 4285 dedit;
1441 4223 1529 4278 hic
1573 4236 1703 4277 vero
1750 4237 1890 4294 pene
1916 4240 1982 4279 ex
2027 4224 2147 4296 ipso
2181 4225 2369 4283 limine

793 4312 938 4368 vitae.
981 4314 1197 4366 tametsi
1225 4312 1275 4367 id
1299 4315 1492 4369 deinde
1540 4314 1884 4371 manifestius
1919 4318 2193 4386 apparuit.
2225 4316 2370 4374 Rur-

795 4418 893 4456 sus
926 4403 1016 4458 ille
1057 4420 1164 4459 non
1211 4405 1303 4460 diu
1350 4416 1592 4462 moratus
1646 4406 1878 4462 absolvit
1912 4424 2175 4477 cursum;
2205 4411 2370 4481 hujus

794 4510 926 4550 vero
961 4513 1134 4566 usque
1167 4499 1232 4552 ad
1267 4499 1388 4554 vitae
1418 4499 1750 4570 longissima:
1779 4509 1952 4556 metas
1989 4501 2212 4558 ultimas
2244 4518 2371 4557 cur-

2468 618 2742 683 ὑπόθεσιν,
2780 619 2896 683 πῶς
2919 620 2985 673 ἀν
3029 637 3114 684 τις
3141 621 3220 682 είς
3253 619 3311 672 ἓν
3348 620 3631 692 συναγάγῃ
3650 620 3718 673 τά
3751 621 3824 690 μὴ
3869 620 4050 689 pigri;

2465 711 2647 780 ἧπῶς
2687 714 2815 783 περὶ
2851 712 2962 765 τῶν
3015 712 3160 766 οῦτω
3193 711 3466 782 μεγάλων,
3523 713 3621 782 οὐχ
3668 713 3814 775 ὅπως
3878 713 4054 775 ἀξίως

2464 804 2759 868 διαλαϐεῖν,
2789 806 2928 859 ἀλλά
2947 807 3036 860 καὶ
3068 807 3302 876 μετρίως
3327 807 3501 859 εἰπεῖν
3521 822 3577 858 τι
3618 802 3770 875 σχοίη
3802 823 3816 872 ;
3854 806 4050 875 Ὅμως

2465 897 2620 964 ὀλίγα
2649 897 2758 949 τῶν
2783 898 2977 968 ἐκείνῳ
3014 897 3446 968 κατορθωμένων
3466 895 3854 961 ἀπολαϐοῦσιν,
3888 897 4047 966 εἰρή-

2468 989 2598 1042 σθω·
2629 989 2765 1060 πρὸς
2788 988 2898 1058 γὰρ
2928 989 3104 1043 πάντα
3126 987 3234 1041 οὐδ’
3284 988 3337 1041 εῐ
3384 1005 3465 1052 τις
3505 987 3625 1040 κατ’
3666 990 3873 1040 ἐκεῖνον
3907 985 4046 1056 βιῲη

2465 1080 2522 1145 ὃς
2550 1081 2767 1135 πάντων
2793 1079 3098 1151 ἀνθρώπων
3142 1079 3504 1150 ἐπιμήκιστον
3551 1079 3629 1150 τῷ
3683 1079 3783 1148 βίῳ
3821 1077 4045 1145 λέγεται

2466 1177 2826 1244 παραμεῖναι,
2854 1173 3237 1243 διικνουμένην
3273 1173 3385 1239 ἕξει
3408 1171 3507 1242 τὴν
3540 1171 3806 1240 γλῶτταν.
3824 1171 3917 1232 Τίς
3953 1169 4052 1222 οῦ-

2464 1284 2543 1320 τω
2570 1267 2915 1338 παρέστησεν
2947 1266 3138 1319 ἐαυτὸν
3161 1265 3473 1338 ἱερουργίας
3499 1264 3646 1329 ἄξιον
3671 1263 3766 1316 τοῦ
3803 1261 4045 1333 μεγάλου

2466 1357 2748 1428 θύματος;
2812 1357 3014 1426 μᾶλλον
3053 1356 3109 1410 δὲ
3166 1356 3248 1419 τίς
3299 1356 3418 1408 κατ’
3473 1358 3680 1408 ἐκεῖνον
3735 1357 3814 1418 εἰς
3865 1353 4046 1423 ὀσμὴν

2465 1449 2693 1514 εὐωδίας
2734 1449 3108 1519 ὁλοκάρπωμα
3155 1448 3501 1518 προσηνέχθη
3543 1447 3721 1518 ηθεῷς
3770 1447 3866 1511 Τίς
3899 1447 4046 1498 οὕτω

2466 1541 2668 1612 ὑψηλὸς
2698 1541 2754 1594 ἐν
2782 1543 3020 1614 σχήματι
3047 1540 3274 1612 μετρίῳ,
3305 1545 3362 1594 ἐν
3394 1540 3450 1593 δὲ
3484 1539 3560 1610 τῷ
3599 1539 3803 1610 μετρίῳ
3867 1540 4047 1608 ἀπρό-

2467 1651 2649 1700 σιτος,
2681 1637 2742 1687 τὸ
2800 1635 2900 1705 μὲν
2935 1633 3107 1688 διὰτὸ
3139 1635 3238 1704 τῆς
3288 1633 3515 1703 γνώμης
3563 1633 3824 1696 ἐπιεικὲς,
3875 1633 3937 1684 τὸ
3991 1632 4047 1683 δὲ

2463 1727 2554 1780 διὰ
2575 1727 2636 1780 τὸ
2664 1727 2769 1780 τῶν
2796 1726 3241 1798 κατορθωμάτων
3267 1727 3576 1797 ἀμίμητονς
3609 1727 3706 1786 Τίς
3733 1726 3876 1778 οὓτω
3907 1725 4046 1793 πρὸς

2465 1818 2757 1890 ἀκρίϐειαν
2783 1818 3039 1884 είκονίζει
3059 1819 3150 1871 τὸν
3187 1818 3360 1890 ἀληθῆ
3384 1819 3614 1889 ποιμένα
3631 1818 3689 1869 ἐν
3721 1817 3920 1886 ἐαυτῷ,
3952 1819 4047 1870 καὶ

2464 1913 2550 1967 ἵνα
2579 1913 2688 1966 τῶν
2710 1913 3002 1984 προϐάτων
3037 1913 3111 1982 μὴ
3142 1911 3267 1982 θίγῃ
3291 1911 3554 1975 κίνδυνος,
3605 1910 3768 1970 αὐτὸς
3790 1911 4046 1980 καθάπερ

2465 2006 2545 2069 εἷς
2573 2004 2750 2059 τιτῶν
2770 2003 2966 2074 ἡδονὴν
2998 2005 3274 2075 φερόντων
3297 2005 3468 2074 χωρεῖ
3495 2003 3634 2074 πρὸς
3659 2001 3908 2056 θάνατον.
3947 2003 4044 2064 Τίς

2466 2098 2668 2168 μᾶλλον
2721 2096 2818 2166 τὴν
2872 2095 3097 2166 βαρεῖαν
3139 2094 3248 2148 τῶν
3306 2093 3636 2147 ἀδικούντων
3666 2093 3904 2163 ἔθραυσε
3924 2096 4044 2162 χεῖ·

2464 2207 2533 2262 ρα
2571 2189 2682 2259 (l7)
2711 2205 2727 2254 ;
2753 2187 2849 2252 Τίς
2875 2187 2919 2240 δ’
2948 2189 3005 2241 ἐν
3024 2187 3201 2258 καιρῷ
3224 2188 3334 2250 τοῖς
3357 2187 3732 2256 ἀδικουμένοις
3755 2187 4003 2254 ἐπήμυνε
4025 2204 4041 2252 ;

2466 2282 2668 2354 μᾶλλον
2688 2281 2734 2334 δ’
2773 2280 3022 2351 ἐκατέρῳ
3054 2281 3210 2351 μέρει
3249 2279 3386 2350 (l8).
3433 2280 3546 2333 Καὶ
3597 2279 3836 2349 τοσούτῳ
3879 2279 4045 2331 πλέον

2464 2376 2698 2445 θατέρῳ,
2729 2376 2838 2446 ὅσῳ
2882 2375 2978 2427 καὶ
3024 2373 3407 2444 χαλεπώτερος
3460 2372 3688 2436 ἐκείνοις
3723 2374 3750 2425 ὁ
3799 2372 4045 2435 κίνδυνος

2464 2469 2543 2529 είς
2593 2466 2769 2538 ψυχὴν
2812 2465 2907 2520 τοῦ
2967 2465 3137 2520 κακοῦ
3186 2465 3575 2527 διαϐαίνοντος.
3619 2465 3759 2518 Ἀλλ’
3800 2464 4044 2533 ἀνίωμεν

2462 2562 2564 2632 ἤδη
2605 2562 2744 2632 πρὸς
2767 2560 2866 2632 τὴν
2899 2559 3232 2631 ἀκρώρειαν.
3261 2560 3418 2620 Heio;
3462 2557 3636 2621 οὕτως
3667 2556 3744 2627 τῷ
3764 2557 3913 2627 λόγῳ
3947 2557 4042 2609 τοῦ

2462 2655 2814 2724 κηρύγματος
2841 2653 3248 2724 συνεμάχησεν;
3268 2650 3518 2704 ἐντεῦθεν
3548 2651 3838 2720 δαιμονίων
3859 2667 4041 2720 παρα-

2463 2748 2643 2812 τάξεις
2678 2745 2940 2811 ἐλαύνων,
2973 2746 3070 2800 καὶ
3101 2743 3382 2818 καθαιρῶν
3412 2744 3619 2798 τούτων
3668 2743 3896 2814 τεμένη,
3951 2745 4043 2795 καὶ

2463 2840 2752 2908 προσάγων
2773 2840 2850 2903 ὡς
2880 2840 3097 2908 λάφυρα
3121 2837 3240 2909 Θεῷ
3261 2837 3388 2901 τοὺς
3435 2838 3531 2890 ὐπ’
3581 2837 3763 2890 αὐτῶν
3825 2838 4044 2890 πλανω-

2465 2933 2658 3002 μένους
2688 2931 2800 2996 (l9)
2827 2947 2841 2961 ·
2875 2930 3084 2984 ἐκεῖθεν
3110 2929 3412 3000 ἀριστεύων
3441 2928 3583 2983 κατὰ
3624 2929 3735 2982 τῶν
3771 2932 4044 3001 μεμηνότι

2462 3021 2706 3092 λογισμῷ
2749 3015 2809 3076 οὗ
2855 3021 3059 3092 ἥκιστα
3106 3022 3272 3092 ἐχρῆν
3318 3020 3433 3093 (20)
3469 3021 3882 3093 ὁπλιζομένων,
3950 3026 4044 3078 καὶ

2461 3113 2680 3186 γλώσσῃ
2715 3115 2848 3184 πρὸς
2875 3115 3224 3184 βλασφημίαν
3246 3115 3414 3185 ὴκονη
3426 3114 3563 3187 μένῃ
3596 3116 3676 3180 είς
3707 3115 3914 3185 κτίσμα
3954 3116 4046 3169 καὶ

2462 3206 2801 3277 Δημιουργὸν
2825 3206 3057 3275 διαιρεῖν
3085 3206 3504 3276 ἐπιχειρούντων
3532 3205 3632 3276 τὴν
3682 3205 3815 3276 μίαν
3859 3205 4040 3276 φύσιν.

2463 3299 2677 3351 Παύλου
2720 3299 2818 3367 μὲν
2842 3297 3070 3368 ὁριζὲτω
3096 3297 3188 3350 τὸν
3237 3297 3438 3368 δρόμον
3491 3299 3522 3367 ἡ
3569 3298 3630 3362 ἐξ
3685 3298 4048 3370 Ἰερουσαλὴμ

2467 3390 2628 3461 μέχρι
2651 3390 2950 3461 Ἰλλυρικοῦ
2977 3389 3172 3460 πορεία
3208 3405 3223 3421 ο
3270 3389 3447 3461 τούτῳ
3488 3389 3532 3442 δ’
3574 3389 3634 3454 ἐξ
3686 3389 4050 3461 Ἰερουσαλὴμ

2463 3485 2562 3537 οὐκ
2589 3479 2792 3555 ἦρκται
2811 3483 2872 3536 τὸ
2897 3484 3182 3553 κήρυγμα,
3211 3481 3319 3534 οὐδ’
3349 3482 3427 3545 είς
3457 3484 3632 3535 ἐκεῖνο
3652 3486 3758 3554 γῆς
3790 3482 3944 3552 διέϐη
3988 3483 4051 3536 τὸ

2467 3579 2652 3646 μέρος.
2689 3574 2988 3645 Σκοπῶμεν
3013 3575 3070 3628 δέ
3101 3577 3149 3628 εί
3189 3575 3276 3628 διὰ
3301 3574 3460 3628 τοῦτο
3488 3575 3707 3627 ἔλαττον
3739 3576 3819 3644 τῷ
3862 3575 4050 3643 Εὐαγ-

2464 3665 2630 3736 γελίῳ
2675 3666 3134 3737 συνεισενήνοχεν.
3184 3665 3244 3720 ’0
3299 3666 3396 3736 μὲν
3421 3663 3513 3720 οὖν
3551 3665 3651 3736 ὀψὲ
3697 3665 3790 3719 τοῦ
3845 3667 4050 3738 καιροῦ

2462 3758 2554 3812 τὸν
2608 3757 2772 3829 ζῆλον
2833 3757 3150 3828 μεταϐαλὼν
3205 3757 3333 3822 τοὺς
3379 3757 3616 3828 ὡραίους
3664 3759 3914 3828 καρποὺς
3966 3759 4052 3829 τῷ

2468 3852 2786 3925 κηρύγματι
2839 3850 3105 3917 δέδωκεν,
3155 3851 3184 3904 ὁ
3234 3851 3291 3904 δὲ
3360 3850 3557 3920 μικροῦ
3623 3850 3684 3918 ἐξ
3727 3851 3898 3921 αὐτῆς
3950 3851 4048 3904 τοῦ

2468 3945 2588 4016 βίου
2613 3943 2934 4015 ἀφετηρίας,
2995 3945 3045 3998 εί
3105 3943 3202 3998 καὶ
3245 3943 3472 4014 ὕστερον
3519 3943 3762 4013 ἐγεγόνει
3797 3943 4051 4015 ἐπιδηλό-

2465 4055 2640 4109 τερος.
2679 4036 2790 4091 Καὶ
2833 4038 2862 4090 ὁ
2897 4036 2996 4108 μέν
3024 4037 3084 4089 οὐ
3130 4035 3264 4090 πολῦ
3335 4034 3612 4106 βραδύνων
3641 4033 3898 4089 καταλύει
3925 4035 4051 4087 -τδν

2466 4133 2685 4203 δρόμον,
2733 4130 2812 4201 τῷ
2829 4131 2887 4184 δέ
2921 4130 3081 4200 μέχρι
3110 4131 3205 4183 καὶ
3239 4128 3594 4198 μακροτάτων
3618 4127 3762 4197 ζωῆς
3790 4128 4048 4197 περάτων

2468 4222 2793 4277 ἐκτείνεται.
2826 4221 2993 4274 Ὥστε
3020 4221 3088 4275 τὰ
3127 4219 3362 4273 ἐνταῦθα
3391 4219 3728 4292 ἑκατέρωθεν
3755 4221 3924 4292 ἄκρα,
3954 4219 4046 4272 οῦ-

2467 4313 2558 4366 δέν
2615 4313 2777 4368 πλέον
2832 4313 2976 4384 ἔχειν
3025 4312 3217 4383 ἐκείνῳ
3255 4314 3578 4382 παραχωρεῖ
3643 4311 3742 4382 τὴν
3794 4313 4046 4382 πορείαν.

2469 4405 2678 4460 Οὐκοῦν
2707 4405 2847 4458 ἔστω
2874 4406 2987 4468 ίσος
3015 4407 3043 4458 ὁ
3074 4405 3248 4473 ἀγὼν,
3283 4405 3406 4458 ἐπεὶ
3435 4406 3529 4458 καὶ
3572 4404 3931 4477 παραπλησία
3959 4406 4047 4458 ἐπ’

2471 4497 2794 4568 ἀμφοτέρων
2823 4498 2857 4568 ἡ
2889 4495 3102 4567 γνώμη.
3140 4496 3300 4550 Ἀλλά
3327 4497 3434 4566 γάρ
3461 4497 3543 4558 τίς
3565 4497 3706 4550 οὕτω
3736 4497 4047 4569 προύνοήθη

796 4603 892 4643 sus
922 4590 1250 4644 extenditur.
1284 4589 1474 4662 Itaque
1505 4593 1620 4647 hzec
1650 4600 1836 4648 nostra
1871 4595 2129 4664 utrinque
2154 4612 2366 4652 summa

2471 4592 2580 4644 τῶν
2607 4591 2699 4644 ὑπ’
2729 4591 2916 4654 αὐτὸν,
2967 4590 3044 4652 ώς
3087 4583 3241 4653 οὗτος
3300 4591 3556 4644 ἁπάντων
3597 4591 3743 4654 ὅσοις
3788 4592 4048 4660 προνοίας

795 4697 906 4737 non
957 4685 1146 4738 sinunt
1190 4685 1339 4738 illum
1393 4685 1845 4756 peregrinationis
1889 4689 2108 4744 nomine
2158 4689 2366 4760 primas

795 4769 958 4828 ferre.
988 4771 1094 4827 Par
1117 4772 1280 4844 igitur
1312 4783 1585 4830 certamen
1613 4786 1732 4831 esto
1754 4776 1971 4847 quando
1995 4786 2051 4833 et
2077 4779 2365 4851 utriusque

795 4865 973 4920 simile
1001 4865 1267 4920 studium.
1311 4865 1506 4922 Verum
1549 4868 1674 4938 quis
1703 4885 1940 4940 unquam
1969 4871 2040 4925 ita
2090 4871 2368 4928 consuluit

796 4958 897 5014 sibi
922 4959 1209 5030 subjectis.
1257 4971 1315 5016 ut
1366 4963 1456 5018 ille
1482 4964 1727 5018 omnium
1755 4965 1850 5036 qui
1884 4980 2014 5020 cura
2048 4965 2368 5040 indigebant

2467 4685 2693 4754 έδέησε;
2731 4682 2826 4746 Τίς
2877 4681 3000 4734 κατ’
3061 4683 3267 4735 ἐκεῖνον
3316 4681 3393 4752 τῷ
3433 4680 3701 4753 ἀπλάστῳ
3730 4683 3966 4752 ἐκέρασε
3988 4684 4048 4735 τὸ

2467 4779 2834 4852 ἀγχίστροφον
2876 4780 3009 4852 (2|),
3044 4777 3120 4842 ώς
3161 4779 3300 4850 μήτε
3351 4780 3468 4840 τοῖς
3512 4776 3900 4847 ἁπλουστέροις
3930 4776 4048 4839 δέος

2468 4875 2718 4945 ἐμποιεῖν
2767 4873 2828 4926 τὸ
2876 4872 3158 4944 ἐμϐριθὲς,
3211 4872 3348 4941 μήτε
3382 4872 3493 4933 τοῖς
3519 4869 3840 4939 δεινοτέροις
3873 4886 4048 4921 κατα-

2469 4967 2780 5039 φρονήσεως
2816 4965 3071 5019 ύπόθεσιν
3099 4960 3238 5016 εἶναι
3263 4962 3324 5015 τὸ
3355 4960 3560 5016 ἁπλοῦν
3583 4977 3600 5028 ;
3627 4959 3724 5026 Τίς
3744 4960 3889 5014 οῦτω
3921 4961 4048 5030 φιλ-

2290 5079 2524 5138 NOTAE.

869 5169 978 5238 (l7)
1023 5169 1209 5249 Simile
1254 5173 1512 5249 quiddam
1543 5173 1810 5249 estquod
1844 5175 2052 5233 Gallice
2101 5177 2362 5249 dicimus,

792 5241 995 5315 don"?
1025 5259 1118 5315 sur
1159 5241 1229 5296 les
1259 5244 1429 5313 doigls
1452 5246 1484 5296 ὰ
1519 5241 1822 5315 quelqu’un.

864 5313 977 5386 (l8)_
1021 5311 1231 5368 Sensus
1262 5311 1364 5369 esti
1382 5311 1632 5370 sanctum
1653 5311 1948 5372 Nicolaum
1983 5317 2240 5386 iniuriam
2281 5321 2364 5376 fa-

791 5381 1066 5438 cientibus
1110 5393 1164 5435 ct
1193 5386 1520 5450 patientibus
1547 5390 1918 5449 consuluisse,
1949 5381 2252 5446 studiosnus
2283 5402 2364 5447 ta-

794 5467 943 5533 me_n_
967 5455 1244 5533 prioribus
1276 5471 1527 5533 quorum
1558 5458 1933 5533 miserabilior
1967 5475 2109 5533 sors,
2163 5464 2365 5533 quippe

793 5526 887 5598 qui
912 5523 1040 5578 dum
1069 5527 1302 5580 aliorum
1328 5525 1562 5598 fortunis
1587 5540 1679 5583 aut
1702 5531 2028 5598 t'Ot'pttrtbuS
2055 5523 2363 5587 incommo-

793 5593 952 5718 ﬂant,
999 5611 1129 5653 suas
1164 5598 1270 5668 ipsi
1298 5597 1511 5654 animas
1539 5593 1834 5656 lethalibus
1864 5601 2036 5672 plagis
2083 5612 2362 5661 transver-

833 5677 1007 5718 erant.

833 5677 1007 5719 erant.

867 5735 982 5802 (l9)
1037 5735 1190 5792 Haud
1244 5737 1408 5793 dubie
1455 5738 1690 5797 Ariauos
1743 5743 2041 5800 αἰνίττεται
2094 5747 2360 5803 adversus

795 5820 939 5882 quos
966 5806 1302 5882 et_Nicolaus
1329 5809 1671 5882 ὴρίστευσεν,
1717 5823 1905 5882 utpote
1949 5833 2090 5874 unus
2147 5834 2209 5874 cx
2247 5829 2357 5875 trc-

796 5875 973 5934 ceutis
1011 5878 1199 5935 decem
1233 5888 1287 5937 et
1314 5875 1442 5939 octo
1461 5881 1698 5940 Sicanis
1730 5875 2005 5942 Patribus.

2540 5176 2654 5246 (ΞΟ)
2685 5174 3047 5236 Alexandriae.
3071 5188 3194 5243 quae
3235 5171 3475 5246 Ecclesia
3507 5187 3632 5246 cum
3663 5179 3717 5246 e_t
3749 5171 4046 5246 sanctitate

2470 5242 2683 5303 morum
2713 5255 2769 5302 et
2797 5246 3062 5300 doctrinae
3093 5242 3239 5298 Sana:
3263 5243 3422 5312 copia
3455 5244 3509 5297 in
3541 5243 3730 5312 primis
3754 5242 3906 5296 orbis
3933 5254 4046 5298 ter-

2468 5335 2654 5374 rarum
2711 5332 2741 5370 a
2792 5317 3128 5386 temporibus
3160 5313 3482 5386 apostolicis
3499 5313 3798 5386 ﬂoruisset,
3833 5312 4043 5386 mil-an-

2469 5391 2598 5443 dum
2626 5399 2679 5442 et
2701 5383 3072 5441 miserandum
3102 5383 3205 5440 fuit
3233 5394 3343 5438 tam
3380 5383 3578 5440 {tedam
3607 5385 3857 5437 heresim
3893 5384 3951 5438 in
3981 5398 4044 5440 ea

2471 5459 2827 5529 potissimum
2860 5458 3128 5529 exsistere
3157 5495 3173 5520 ,
3202 5455 3443 5529 indeque
3477 5453 3546 5509 ad
3591 5452 3851 5508 Ecclesiae
3904 5469 4047 5525 pene

2473 5526 2643 5584 totius
2678 5527 2974 5598 perniciem
3007 5526 3337 5598 redundare.

2545 5593 2914 5669 (2|)'Simile
2975 5607 3060 5653 est
3115 5597 3250 5669 illud
3313 5593 3610 5669 Cle_mentis
3681 5593 4044 5669 Alexandrini

2473 5662 2566 5725 lib.
2603 5662 2674 5723 vit
2731 5667 3103 5722 Stromatum:
3158 5667 3319 5736 μίξας
3363 5662 3458 5721 οὖν
3500 5669 3569 5738 τῇ
3605 5667 3910 5736 περιστερᾷ
3944 5667 4047 5738 τὸν

2469 5741 2613 5809 ὅφιν,
2639 5749 2933 5807 serpentem
2953 5739 3194 5792 columba
3221 5739 3469 5803 miscens,
3507 5737 3611 5809 hoc
3649 5745 3761 5809 est!
3791 5737 4047 5791 astutiam

2471 5806 2645 5872 illius,
2673 5806 2738 5866 ex
2770 5819 3045 5882 praecepto
3081 5809 3310 5880 Christi,
3338 5809 3505 5882 hujus
3531 5806 3885 5878 simplicitate
3916 5815 4051 5864 tein-

2471 5897 2708 5953 perans.
