4182 6440
110 426 201 483 ΗΠ

877 416 1161 477 ORATIO
1198 415 1386 475 XVII.
1420 439 1489 451 --
1529 414 1615 475 ΙΝ
1650 414 1713 473 S.
1748 412 2145 474 NICOLAUM
2184 412 2625 474 MYRENSEM.

3254 413 3363 477 218

104 529 387 599 ανθρωπίᾳ
444 528 582 580 Θεὸν
641 527 992 597 ἐμιμήσατο,
1046 527 1143 580 καὶ
1188 527 1346 596 χεῖρα
1397 526 1694 590 στάζουσαν

1801 540 1991 580 curam
2042 525 2253 594 gessit?
2286 524 2420 590 Quis
2455 537 2514 577 ιιι
2546 525 2638 579 ille
2664 523 3066 594 simplicitatem
3095 536 3368 594 expertem

112 622 383 689 δεομένοις
423 618 573 669 ἔλεον
596 616 712 685 (22)
757 615 1065 687 προῦτεινε;
1101 616 1303 685 μᾶλλον
1335 615 1392 667 δὲ
1421 616 1540 668 οὐδὲ
1571 632 1695 668 συν-

114 714 260 764 ιεῖσιν
284 709 410 762 ὅθεν
437 707 680 777 πηγάζει
705 708 766 760 τὸ
818 707 1011 777 δῶρον,
1038 708 1072 778 ή
1119 707 1412 778 εὐεργεσία
1449 706 1692 779 ἐπέρρει.

124 805 255 857 Ἀλλ’
277 797 393 856 οἷον
429 800 628 872 μικροῦ
660 798 1029 871 ζημιούμενος
1051 804 1080 854 ὁ
1098 800 1259 868 λόγος
1279 801 1349 854 ἂν
1372 801 1693 855 ὲπεπόνθειί

110 896 196 949 νῦν
219 892 312 950 οὖν
346 898 429 959 εἰς
458 893 653 965 καιρὸν
676 888 834 965 ἧκον,
864 894 967 947 οὒκ
996 893 1065 947 ἂν
1099 893 1385 964 παρέλθοι.

1797 618 1911 671 fuci
1964 616 2302 671 ﬂexibilitate
2334 632 2394 670 se
2427 615 2877 670 accommodandi
2923 620 3282 685 temperavit;
3314 629 3370 672 nt

1795 723 1974 779 neque
2026 707 2456 777 simplicioribus
2509 713 2717 759 metum
2767 705 3033 773 otijicerct
3084 709 3367 777 gravitas;

1794 816 1972 871 neque
1996 798 2386 855 audacioribus
2409 800 2634 856 occasio
2661 807 3011 869 contemptus
3037 801 3368 871 simplicitas

1794 903 1962 950 esset.
2033 893 2169 959 Quis
2223 895 2303 948 sic
2354 894 2605 949 aznandis
2643 892 2958 947 hominibus
3013 893 3253 947 imitatus
3287 904 3370 948 est

109 991 269 1045 Deum
338 997 396 1043 et
466 987 764 1043 stillantem
832 1000 1056 1044 manum
1116 986 1552 1043 misericordiam
1620 988 2044 1061 implorantibus
2100 985 2418 1057 protendit?
2466 987 2577 1041 imo
2630 1001 2697 1040 ne
2739 984 3105 1041 sentientibus
3149 987 3366 1053 quidem

109 1080 379 1137 interdum
438 1079 588 1133 unde
621 1077 915 1133 seaturiret
959 1077 1205 1141 domum,
1240 1077 1563 1133 beneficium
1604 1078 1883 1134 afﬂuebat.
1925 1080 1995 1133 At
2025 1090 2244 1149 quantae
2305 1077 2385 1132 rei
2416 1093 2555 1148 pene
2619 1078 2892 1149 jacturatn
2966 1080 3172 1135 fecerat
3238 1094 3368 1132 ora-

107 1178 206 1231 tio!
250 1189 403 1229 nunc
428 1171 651 1242 quando
680 1170 823 1225 redit
854 1156 1076 1224 Occasio
1104 1184 1214 1224 non
1239 1169 1668 1223 committam'ut
1696 1171 1965 1228 elabatur.

174 1272 337 1339 ’Δρτι
381 1265 493 1319 τῶν
541 1264 803 1335 ἀοιδίμων
839 1259 1400 1339 μετακεχωρηκότων,
1456 1262 1552 1315 καὶ
1590 1264 1690 1316 ὅσα

107 1364 196 1417 τοῦ
248 1338 490 1415 πλούτου
523 1359 626 1429 τῆς
679 1360 904 1413 ἐκείνων
954 1360 1057 1413 οὐκ
1082 1338 1299 1428 Ϊφθασε
1348 1360 1557 1429 σπορᾶς
1596 1356 1691 1428 ερ-

108 1477 193 1525 γον
218 1456 334 1525 (25)
378 1452 733 1522 γεγενῆσθαι,
788 1451 868 1521 τῷ
897 1451 1119 1524 τεχνίτῃ
1150 1451 1347 1519 σπορεῖ
1385 1449 1494 1502 τῶν
1514 1447 1689 1502 τοιού-

108 1566 207 1602 των
257 1544 762 1602 καταλελοιπότων.
787 1542 955 1598 Οῦπω
988 1543 1035 1596 δ’
1079 1543 1329 1613 ἥρμοστο
1362 1545 1427 1612 τῇ
1471 1542 1690 1612 ἀσπίλῳ

110 1644 308 1713 νύμφῃ,
342 1639 452 1693 οὐδ’
487 1639 581 1691 ἐπὶ
613 1640 714 1710 τὴν
760 1637 981 1707 λυχνίαν
1007 1638 1036 1689 ὁ
1059 1636 1252 1707 λύχνος
1302 1636 1560 1690 ἐτὲθειτο.
1587 1629 1690 1690 Οἷα
1717 1650 1720 1654 ‘

107 1732 155 1785 δὲ
186 1733 362 1785 πολλὰ
385 1730 494 1782 τῶν
523 1729 799 1782 σπιλάδων
818 1726 915 1781 τοῦ
944 1727 1083 1795 βίου,
1133 1728 1367 1799 ἀπορίας
1389 1729 1685 1796 ναυαγίων,

110 1823 289 1893 μεῖξον
328 1823 364 1893 ἦ
399 1822 846 1893 παρακληθῆναι,
882 1820 993 1874 τῶν
1034 1823 1093 1874 ἐν
1137 1821 1359 1891 ἀφθόνῳ
1398 1821 1687 1892 περιουσία

108 1917 219 1969 τινὰ
246 1916 345 1967 τὸν
384 1916 483 1986 τῆς
509 1915 661 1985 ζωῆς
684 1914 851 1969 πλοῦν
867 1914 1218 1978 διανυόντων,
1244 1913 1681 1983 καταλαμὸάνει,

110 2006 194 2057 καὶ
215 2001 286 2075 ἦν
317 2006 381 2057 τὸ
404 2007 642 2077 πρᾶγμα
664 2003 989 2058 ἀνύποιστον
1013 2019 1029 2033 ⁸
1087 2004 1217 2073 περὶ
1255 2004 1425 2074 αὐτῆς
1454 2004 1562 2074 γὰρ
1588 2005 1687 2074 τῆς

110 2098 244 2168 ζωῆς
269 2096 496 2167 ἠπείλει
519 2097 610 2150 τὸν
632 2096 897 2151 κίνδυνον.
918 2096 1020 2149 Διά
1051 2095 1210 2149 τοῦτο
1227 2097 1332 2150 ὑπὸ
1345 2096 1439 2150 τοῦ
1454 2096 1686 2167 φοϐεροῦ

110 2189 547 2259 ὲκκυμανθείσης
599 2188 752 2259 αύτῷ
800 2190 900 2257 τῆς
940 2188 1191 2261 γνώμης,
1242 2191 1362 2244 οὐδὲ
1390 2190 1689 2260 δυνάμενος

111 2281 237 2351 πρὸς
264 2282 362 2335 τὸν
416 2284 601 2352 πάσης
660 2280 906 2353 ἀνάγκης
946 2283 1159 2354 ἀμείνω
1206 2282 1321 2353 βίον
1370 2285 1687 2351 ἀνενεγκεῖν

110 2378 223 2436 τοὺς
244 2373 569 2444 λογισμοὺς,
632 2372 701 2428 τὰ
740 2375 958 2428 πάντων
1011 2373 1190 2445 ἑαυτῷ
1238 2374 1564 2446 τιμιώτατα,
1621 2376 1687 2430 ἶν’

111 2467 201 2537 ἔχῃ
222 2467 441 2535 βιῶναι,
474 2470 557 2531 εἰς
586 2466 715 2539 ᾅδου
744 2467 1017 2539 πέταυρον
1046 2466 1208 2520 ώθει·
1241 2461 1319 2522 ὧν
1339 2469 1507 2540 ἐχρῆν
1532 2470 1709 2523 ἀντι--

114 2561 538 2631 λαμβανόμενον,
605 2562 699 2615 καὶ
763 2561 907 2615 κατά
935 2554 1180 2634 κέντρων
1228 2562 1411 2616 αὐτῶν
1450 2564 1687 2634 ὑπεράλ-

112 2650 284 2706 λεσθαι
343 2651 445 2704 τοῦ
497 2651 752 2706 θανάτου.
785 2653 1002 2706 Παίδων
1027 2655 1136 2724 γάρ
1160 2653 1332 2708 ὄντων
1365 2655 1515 2725 αὐτῷ
1542 2656 1685 2708 ὲκεί-

114 2760 200 2811 νης
226 2745 327 2812 τῆς
362 2744 590 2814 μερίδος
635 2746 669 2814 ἢ
697 2743 939 2816 πλευρᾶς
964 2746 1065 2815 τὴν
1092 2744 1328 2815 ὓπαρξιν
1356 2746 1515 2800 ἔλαϐε
1545 2747 1684 2819 (24),

114 2835 365 2907 προδοσίᾳ.
384 2839 488 2907 τῆς
515 2836 722 2891 τούτων
780 2837 1159 2910 σωφροσύνης,
1194 2838 1421 2910 γνώμης
1467 2836 1537 2911 ἦν
1572 2840 1684 2911 (25)

119 2930 432 2999 συγκροτεῖν
482 2925 733 2992 ιλεεινῶς
762 2929 862 3001 τὴν
912 2931 1079 3001 ζωὴν,
1108 2931 1310 3001 μᾶλλον
1338 2933 1396 2985 δὲ
1440 2932 1520 3004 τῷ
1543 2932 1687 2986 ἐκεί-

117 3037 210 3073 νων
232 3020 453 3091 Θανάτῳ
482 3022 578 3074 καὶ
596 3021 755 3085 αὐτὸς
775 3022 868 3076 τὸν
895 3023 1094 3075 οἰκεῖον
1119 3023 1498 3093 ἐνεπορεύετο.
1544 3023 1684 3079 Ἀλλ’

115 3114 140 3164 ὁ
167 3113 258 3184 μὲν
282 3113 465 3177 οὕτως
488 3116 761 3182 ἀπογνοὺς
808 3118 956 3170 κατά
994 3117 1241 3189 κρημνοῦ
1276 3119 1559 3189 ἠπείγετο,
1595 3119 1684 3184 ζόα

117 3224 205 3274 σου
228 3206 425 3274 βαθέος
446 3207 559 3260 τῶν
588 3207 863 3278 λογισμῶν
890 3210 1417 3273 κατασκεδασθέντος
1456 3212 1561 3264 ὑπὸ
1588 3212 1683 3264 τοῦ

116 3297 275 3350 δεινοῦ
305 3299 407 3352 τὸν
463 3297 661 3369 βόθρον
702 3299 1017 3369 ἀνορύττειν
1037 3300 1142 3370 τῆς
1187 3302 1481 3371 ἁμαρτίας.
1517 3303 1597 3356 Τά
1626 3303 1682 3359 δὲ
1708 3335 1753 3397 C

118 3388 197 3440 τοῦ
231 3390 477 3458 μεγάλου
509 3388 859 3460 θεράποντος,
899 3392 1103 3456 ὀποῖα;
1144 3392 1297 3445 Ἐπεὶ
1324 3393 1432 3463 γάρ
1460 3394 1520 3445 τὸ
1551 3394 1687 3449 ἀπό-

118 3494 281 3547 φημον
344 3482 533 3532 ὲκείνο
591 3481 756 3551 μέχρι
791 3481 1016 3535 καὶτῶν
1048 3484 1212 3537 ὁσίων
1239 3484 1419 3537 ἀκοῶν
1448 3503 1685 3556 περιηγ-

120 3572 257 3641 γέλη,
290 3573 441 3644 ἀωρὶ
470 3573 579 3627 τῶν
596 3573 830 3638 νυκτῶν,
851 3575 1057 3646 χρυσοῦ
1089 3594 1142 3630 τι
1169 3579 1272 3648 χρῆ
1283 3596 1355 3648 μα
1384 3578 1562 3632 λαϐὼν
1591 3581 1687 3633 καὶ

120 3662 421 3732 διαθέμενος
491 3662 550 3716 εὖ
596 3664 692 3722 καὶ
743 3665 925 3728 καλῶς
982 3669 1050 3737 τῇ
1105 3669 1303 3737 πράξει
1340 3670 1401 3721 τὸ
1455 3671 1683 3739 ἀφανὲς,

123 3757 283 3825 ῥίπτει
308 3758 393 3827 τῷ
420 3756 685 3826 δωματίῳ
717 3758 966 3821 ἐπιστάς.
1006 3760 1115 3812 Καὶ
1145 3761 1330 3833 ἡμέρα
1348 3763 1530 3834 παρῆν
1562 3763 1686 3835 ἤδη,

123 3849 205 3900 καὶ
226 3844 333 3917 ᾧγε
362 3849 427 3902 τὸ
456 3848 716 3920 λαμπρὸν
759 3848 930 3919 αὐτῆς
962 3849 1210 3922 ἀμαυρὸν
1238 3853 1412 3906 ἐποίει
1440 3856 1630 3917 σκότος
1652 3856 1686 3925 ή

122 3938 399 4009 συμφορὰ,
466 3936 781 4007 περιτυχὼν
822 3938 907 4008 τῷ
976 3937 1162 4008 δεσμῷ
1208 3938 1423 4007 ἀληθῶς
1473 3941 1687 4011 ἡμέραν

122 4030 253 4099 ἑώρα
280 4047 295 4063 ο
352 4032 455 4083 καὶ
491 4031 607 4099 ἅμα
628 4029 721 4082 τὸν
767 4028 935 4082 ὕπνον
982 4028 1079 4083 καὶ
1119 4029 1210 4084 τὸν
1234 4029 1295 4094 ἐξ
1328 4031 1689 4100 ἀπογνώσεως

120 4122 398 4176 ἀπετίθετο
434 4122 627 4193 κάρον,
655 4120 752 4174 καὶ
782 4122 846 4192 τῇ
877 4120 980 4193 μιᾷ
998 4120 1105 4174 τῶν
1130 4119 1337 4176 παίδων
1367 4121 1478 4191 (9.6)
1506 4122 1689 4193 ίστησι

1864 1264 2033 1318 Paulo
2063 1274 2249 1333 postea
2276 1279 2441 1335 quam
2472 1262 2799 1318 nobilissimi
2856 1271 3107 1331 parentes
3142 1264 3369 1331 hujusce

1792 1360 1965 1411 nostri
2023 1359 2238 1411 mortali
2287 1367 2449 1413 erant
2480 1360 2589 1412 vita
2643 1356 2909 1421 defuncti,
2968 1371 3033 1410 ac
3080 1360 3366 1425 pecuniam

1791 1464 2131 1518 quaecunque
2196 1449 2333 1517 ipsis
2394 1463 2491 1517 per
2543 1449 2980 1504 misericordiam
3052 1449 3367 1519 largissime

1792 1542 2177 1611 spargentibus
2212 1541 2578 1611 superfuerat,
2620 1543 2747 1599 huic
2780 1547 2976 1601 artifici
3010 1547 3198 1600 talium
3235 1561 3367 1609 one-

1793 1647 1913 1685 rum
1947 1639 2003 1686 et
2030 1631 2299 1699 ejusmodi
2352 1634 2624 1689 seminum
2653 1636 2823 1688 satori
2872 1652 3089 1691 summo
3124 1636 3366 1704 relique-

1790 1733 1937 1780 rant.
2001 1725 2242 1780 Necdum
2273 1726 2318 1781 is
2355 1724 2717 1781 immaculata:
2742 1727 3071 1796 conjunctus
3107 1744 3361 1797 sponszc;

1789 1819 2030 1875 nondum
2078 1819 2335 1888 imposita
2364 1817 2699 1873 candelabro
2734 1820 2957 1874 lucerna
2990 1821 3190 1875 fuerat.
3225 1821 3361 1875 Cum

1788 1926 1940 1977 ecce,
1971 1920 2029 1965 ιιι
2071 1912 2230 1965 multi
2261 1920 2389 1966 sunt
2418 1913 2542 1965 vita:
2570 1912 2803 1981 scopuli,
2838 1913 3129 1982 quemdam
3173 1914 3226 1966 in
3267 1929 3363 1967 eo-

1720 1988 1759 2043 Β
1790 2005 1944 2074 piosa
1974 2019 2034 2057 re
2062 2006 2308 2059 secundo
2357 2004 2723 2074 aliquonsque
2762 2020 2927 2058 cursu
2960 2005 3082 2058 vita:
3136 2007 3361 2075 pelagus

1787 2107 2070 2149 emensum
2102 2096 2443 2163 paupertatis
2474 2094 2827 2164 naufragium
2862 2097 3144 2165 opprimit.
3176 2096 3363 2165 Neque

1787 2200 1919 2242 vero
1966 2186 2254 2242 tolerabile
2286 2188 2695 2243 incommodum
2727 2195 2867 2251 erat,
2910 2203 3034 2242 cum
3084 2190 3186 2258 ipsi
3222 2207 3361 2259 quo-

1788 2293 1897 2349 que
1935 2280 2062 2334 vita:
2104 2279 2409 2350 periculum
2446 2280 2804 2349 impenderet.
2852 2279 3033 2348 Quare
3065 2297 3190 2336 cum
3222 2291 3361 2337 tem-

1788 2380 2000 2443 pestate
2028 2371 2262 2442 quadam
2290 2370 2782 2426 turbulentissime
2814 2372 3130 2427 formidinis
3160 2374 3360 2429 obruta

1790 2463 1894 2534 ipsi
1931 2479 1995 2518 ac
2022 2462 2273 2519 demersa
2303 2479 2463 2520 mens
2485 2474 2667 2528 esset;
2704 2480 2881 2535 neque
2908 2466 2973 2519 ad
3010 2467 3176 2518 vitam
3207 2468 3357 2521 omni

1786 2555 2118 2611 necessitate
2163 2556 2502 2623 superiorem
2551 2553 2806 2610 conferre
2851 2556 3093 2609 rationes
3134 2571 3265 2609 snas
3302 2566 3360 2612 et

1787 2645 2250 2701 eonsiderationis
2277 2646 2468 2699 oculos
2503 2656 2689 2715 posset
2741 2646 3009 2701 attollere.
3042 2646 3173 2710 Quae
3203 2649 3363 2717 longe

1787 2735 2035 2789 omnium
2066 2735 2468 2805 pretiosissima
2504 2736 2740 2790 habebat
2778 2753 2878 2805 pro
2904 2738 3233 2792 necessariis
3261 2740 3362 2792 ali-

1787 2826 1988 2882 mentis
2025 2827 2227 2896 pacisci
2254 2835 2418 2897 atque
2462 2828 2517 2881 in
2550 2828 2666 2881 orci
2705 2827 2959 2897 laqueum
2992 2830 3213 2885 trudere
3252 2844 3362 2885 nou

1786 2920 2095 2986 recusavit;
2125 2934 2247 2989 quae
2282 2928 2342 2973 ut
2372 2919 2524 2975 salva
2556 2920 2933 2975 obtinerentur
2954 2928 3118 2989 atque
3146 2923 3357 2992 integra

1784 3026 1856 3068 ne
1917 3026 2015 3083 per
2062 3012 2260 3069 infesta
2311 3013 2533 3084 quidem
2585 3014 2800 3084 spicula
2849 3014 3211 3069 recusandum
3245 3019 3366 3068 erat

1784 3104 2089 3175 quamlibet
2132 3106 2430 3175 periculosi
2464 3108 2640 3163 saltus
2684 3108 2857 3162 aleam
2885 3106 3091 3176 jacere.
3131 3106 3363 3161 Liberos

1784 3196 1930 3250 enim
1958 3211 2084 3251 cum
2116 3196 2345 3252 haberet
2392 3197 2515 3267 ejus
2548 3212 2715 3253 sexus
2746 3198 2839 3268 qui
2886 3213 2917 3251 a
2949 3204 3099 3252 costa
3128 3196 3366 3267 sumpsit

1785 3288 2052 3358 originem
2078 3330 2093 3354 ,
2135 3290 2535 3345 nundinatione
2582 3289 2859 3360 pudicitiae
2902 3291 3120 3345 illarum
3174 3289 3363 3344 miseri

1785 3380 1891 3435 sibi
1912 3381 2090 3435 victus
2119 3380 2411 3438 infeliciter
2431 3384 2787 3452 comparandi
2809 3383 3096 3438 consilium
3118 3391 3361 3451 ceperat,

1786 3482 1900 3539 aut,
1932 3484 1992 3528 ut
2021 3476 2207 3531 verius
2238 3476 2442 3540 dicam,
2484 3477 2856 3546 negotiatione
2887 3476 3361 3531 inconsultissima

1786 3567 1963 3636 pretio
1992 3566 2189 3623 mortis
2229 3568 2449 3623 illarunt
2497 3572 2773 3639 propriam
2823 3569 3063 3623 emendi.
3118 3569 3175 3622 In
3218 3570 3365 3624 hunc

1787 3660 2011 3714 modum
2051 3662 2143 3716 ille
2177 3660 2481 3732 desperans
2525 3664 2578 3718 in
2613 3665 2974 3733 praecipitium
3007 3666 3202 3720 ruebat
3238 3681 3368 3734 pro-

1791 3750 1957 3808 funda
1986 3754 2222 3824 caligine
2254 3756 2455 3810 mentis
2486 3758 2742 3812 sensibus
2774 3758 2948 3811 offusa
2977 3760 3045 3811 ab
3078 3774 3143 3811 eo
3172 3761 3264 3828 qui
3297 3756 3365 3811 ad

1789 3844 2100 3900 fodiendam
2136 3847 2344 3916 peccati
2398 3846 2607 3902 foveam
2652 3849 2958 3905 acerrimus
2984 3861 3067 3903 est
3106 3860 3160 3904 et
3189 3851 3367 3905 solt-r-

1788 3940 2060 3997 tissimus.
2113 3942 2256 4007 Quid
2294 3943 2382 3997 hic
2425 3950 2606 3996 autem
2668 3957 2901 4010 magnus
2951 3942 3043 3997 Dei
3089 3941 3370 3997 famulus?

1792 4032 1966 4087 Simul
2009 4034 2439 4089 abominandum
2478 4034 2612 4089 illud
2638 4048 2814 4105 usque
2869 4034 2935 4088 ad
2983 4042 3204 4089 sanctas
3250 4035 3370 4103 ejus

1795 4127 2066 4196 perlatum
2096 4134 2185 4183 est
2230 4142 2415 4194 aures,
2446 4128 2775 4198 intempesta
2818 4136 2979 4183 nocte
3022 4135 3240 4196 sumpta
3279 4143 3371 4183 se-

1613 4216 1840 4274 ΝΟΤᾸΕ.

126 4382 150 4398 υ
182 4310 288 4398 (ἰᾷ)
327 4308 544 4398 alludit
571 4310 636 4364 ad
663 4308 884 4398 ganticii.
893 4309 1241 4398 canticorum
1271 4311 1452 4398 locum
1481 4326 1601 4381 cap.
1632 4328 1687 4398 ν,

122 4379 278 4445 5,ὐι
308 4383 479 4453 simul
523 4382 738 4453 occulte
779 4379 910 4453 ludit
944 4382 998 4434 in
1034 4383 1411 4453 παρονομασία
1459 4379 1579 4451 (μιώ
1612 4394 1693 4437 est
1742 4400 1748 4405 ‘

1721 4520 1772 4579 D

122 4456 247 4507 inter
278 4452 451 4513 ἔλεον,
515 4451 967 4514 misericordiam,
1010 4462 1064 4505 et
1094 4452 1292 4515 ἔλαιον,
1328 4451 1541 4549 roleum,
1581 4454 1691 4519 cui,

127 4534 296 4549 ..ι-ιη...
353 4523 556 4549 Ιὲηιιηυῖ
613 4523 903 4549 nan-um}-..
929 4531 1101 4549 ..Α-Α...
1131 4526 1187 4549 -λ
1223 4525 1318 4549 --.ι
1359 4541 1436 4549 -.μ

127 4534 297 4593 utpote
352 4525 581 4592 liquori.
611 4525 903 4576 convenire
929 4531 1105 4593 potest
1131 4526 1189 4575 τὸ
1221 4525 1457 4587 στάζειν.

188 4596 292 4663 (23)
322 4591 489 4657 Quod
524 4593 813 4645 occasione
873 4593 1054 4661 aliqua
1095 4606 1187 4646 aut
1215 4611 1315 4647 usu
1364 4593 1694 4664 impenditur

127 4666 199 4717 vel
231 4666 566 4733 absumitur,
626 4664 961 4733 ἔργονίιιὶιιε
1014 4665 1128 4718 fieri
1177 4663 1452 4733 eleganter
1488 4663 1693 4719 Graecis

125 4736 332 4787 dicitur.
368 4732 514 4786 llinc
563 4735 616 4787 in
664 4732 1024 4788 commerciis
1076 4749 1140 4786 ac
1170 4736 1690 4789 commutationibus

129 4807 258 4873 quod
291 4820 391 4875 pro
428 4819 489 4856 re
520 4806 701 4872 aliqua
759 4806 989 4875 pretium
1036 4804 1219 4867 datur,
1240 4808 1378 4875 (quia
1422 4805 1690 4874 impendi-

130 4886 204 4927 tur
229 4874 544 4930 et’dontiuo
572 4878 733 4943 perit,
760 4874 920 4943 ἔργον
953 4874 1176 4928 dicitur.
1208 4874 1432 4929 Nonnus
1453 4877 1520 4929 ad
1552 4892 1607 4932 ν.
1637 4878 1690 4939 3,

131 4962 237 5026 cap.
294 4958 428 5026 xviii
468 4942 1028 5026 J08lllll8,ntlt3'ullltla,'
1071 4947 1191 5026 'O;_
1227 4964 1319 5015 μιν
1371 4945 1692 5026 (ρειιὶςιιιιη)

128 5012 912 5087 ἀφαυροτάτοιοᾘμινυνθαδίου
965 5015 1126 5085 χάριν
1167 5012 1352 5087 ἔργου.
1379 5012 1512 5068 ”Υἷα
1559 5012 1697 5069 Θεοῦ

130 5088 452 5154 παρέδωκεν.
519 5084 622 5140 Ubi
671 5084 832 5154 ἔργον
884 5094 968 5140 est
1024 5084 1257 5155 pretium
1310 5088 1509 5141 Christi
1567 5104 1697 5141 ven-

130 5158 238 5210 diti.
268 5156 365 5210 (lui
404 5158 531 5210 loco
560 5156 749 5227 facere
777 5169 883 5209 non
909 5171 1129 5227 possunt
1177 5158 1307 5227 quin
1345 5160 1577 5213 similem
1609 5160 1698 5211 ad-

129 5226 572 5298 jungautilsidori
603 5225 785 5279 Pelus.
815 5241 905 5298 ep.
932 5226 1038 5279 425
1059 5268 1073 5291 ,
1116 5225 1318 5290 Ἰούδας
1356 5230 1447 5281 τὸν
1486 5229 1694 5298 Κύριον

131 5297 417 5366 πεπρακὼς
464 5298 576 5348 τῶν
620 5296 1141 5370 πραγμάτωνηιιιή
1195 5300 1429 5370 πρᾶγμα
1486 5296 1699 5354 videtur

134 5377 439 5436 usurpatum
505 5376 796 5439 quatenus
842 5370 960 5421 voci
1007 5366 1168 5437 ἔργον
1211 5366 1522 5439 summa.
1570 5370 1698 5425 inde

134 5441 400 5510 etiatuiest
424 5436 887 5510 msepydcfceat,
916 5436 1192 5505 con/icere,
1220 5436 1510 5495 destruere.
1541 5441 1698 5510 Apud

137 5505 476 5581 lleliodorum
507 5505 602 5581 liti.
631 5523 670 5570 t,
690 5505 1002 5581 Theogenes
1027 5510 1365 5581 Charicleam
1391 5505 1696 5581 alloquens,

140 5578 201 5629 ἰι
246 5578 500 5651 γέγονας,
566 5579 764 5651 inquit,
810 5580 914 5651 ,καὶ
960 5579 1100 5650 αὐτὴ
1140 5581 1236 5651 τοῦ
1283 5578 1698 5651 πολέμου-πάρ-

136 5663 298 5715 εργον.
336 5650 499 5722 Quod
528 5650 674 5722 enim
708 5650 903 5722 mulier
936 5652 1095 5718 quasi
1130 5650 1295 5722 digna
1335 5654 1559 5706 materia
1591 5650 1698 5707 non

136 5726 264 5795 esset
290 5719 605 5795 quambelli
626 5720 791 5776 ardor
831 5719 1212 5789 consumeret,
1240 5739 1348 5779 non
1372 5723 1559 5795 ἔργον,
1602 5724 1699 5780 sed

138 5789 396 5856 πάρεργον
418 5790 574 5842 dicit.
1065 5853 1070 5859 ,

201 5859 304 5929 (24)
328 5859 761 5919 Circumloctttt'o
802 5860 1049 5921 feminini
1079 5879 1263 5923 sexus.
1291 5864 1501 5941 Gemini
1541 5867 1697 5922 multi

1792 4320 1924 4367 sunt
1970 4314 2080 4368 loci
2130 4315 2271 4385 apud
2335 4313 2659 4381 Gregorium
2717 4312 3156 4376 Nazicnzennm,
3210 4316 3373 4368 Κατὰ

1794 4385 2095 4454 rint-amtor
2155 4385 2727 4454 καλλωπιζομένων.
2792 4388 2895 4440 sub
2960 4386 3153 4450 finem,
3203 4396 3256 4438 et
3318 4401 3373 4438 tu

1808 4457 2067 4522 Ἐπαινῳ
2105 4459 2456 4523 παρθενίης,
2490 4471 2650 4509 versu
2684 4456 2782 4511 107
2815 4464 2868 4510 et
2896 4454 3002 4510 ἓιὸ

1870 4526 1985 4592 (25)
2019 4526 2245 4590 Gallice,
2275 4526 2314 4579 t'l
2342 4528 2475 4579 était
2501 4526 2689 4577 d’avis.

1871 4595 1983 4665 (26)
2018 4598 2130 4649 Μία
2150 4598 2236 4649 hic
2266 4605 2351 4651 est
2378 4597 2591 4666 πρώτη.
2614 4596 2804 4649 Notavi
2837 4596 2973 4649 alias
3005 4596 3070 4648 ad
3108 4593 3370 4651 Nicetam.

1802 4665 2080 4736 Sequitur,
2117 4668 2297 4737 ἵστησι
2323 4665 2569 4721 παστάδα
2603 4668 2894 4736 γαμήλιον.
2943 4666 3032 4718 Sic.
3059 4667 3198 4733 apud
3252 4669 3369 4721 (Lic.

1799 4753 1900 4805 pro
1920 4738 2169 4790 Cluentio
2201 4746 2374 4807 tuatet‘
2431 4738 2701 4807 genialem
2742 4748 2923 4789 torum
2982 4737 3105 4789 lilia:
3146 4737 3373 4807 dicitur

1799 4820 2062 4878 sternere.
2124 4806 2308 4872 Addit,
2368 4806 2449 4878 τῇ
2480 4808 2578 4876 μὲν
2626 4807 2739 4875 βίον
2782 4808 3117 4878 εὐσχήμονα.
3145 4806 3374 4875 Nuptias

1799 4858 2069 4946 piovdicit
2108 4858 2636 4931 exhveteri't'iotioné
2669 4858 2915 4930 nominis
2941 4858 3072 4946 ⁸βίος
3105 4858 3373 4944 ου]υέιῷ

1798 4948 2113 5002 stimoniunt
2161 4948 2555 5017 ἀναντίρρητον
2622 4948 2761 5001 libro
2821 4963 2995 5014 nuper
3048 4954 3253 5017 scripto
3308 4952 3373 5002 de

1788 5019 2656 5088 distinctione(presbyterorum
2733 5027 2786 5071 et
2870 5020 3254 5086 episcoporum
3305 5034 3371 5072 ex

1797 5090 2021 5143 scholiis
2052 5087 2289 5142 nendum
2318 5090 2478 5144 editis
2531 5088 2986 5152 Aphorisntorum
3024 5088 3372 5156 Hippocratis

1797 5160 2025 5229 protulit
2049 5158 2111 5211 Β.
2153 5158 2212 5213 P.
2258 5159 2531 5212 Petavius.
2582 5158 2688 5229 lsto
2730 5162 2877 5211 enim
2930 5158 3070 5229 libro
3098 5158 3373 5229 ανεκᾶότῳ

1799 5228 1996 5285 veteris
2019 5231 2358 5299 granunatici
2385 5229 2451 5283 ad
2478 5228 2607 5281 illud
2644 5228 2939 5296 aphorisnii
2976 5230 3157 5294 primi,
3175 5228 3233 5295 ὐ
3259 5230 3372 5296 βίος

1800 5300 2026 5372 βραχύς,
2053 5303 2193 5354 inter
2223 5302 2356 5353 alias
2420 5300 2619 5372 inultas
2668 5300 3101 5372 signiﬁcationes
3131 5300 3369 5352 nominis

1802 5367 1990 5441 βίοέδι
2015 5374 2113 5425 ista
2137 5379 2471 5428 recenselur.
2494 5370 2526 5438 ἡ
2550 5367 3019 5439 γάμουήσυνουσία.
3045 5367 3366 5441 Quanquam

1801 5440 1855 5496 et
1891 5444 1979 5497 hic
2006 5443 2186 5495 habita
2240 5443 2451 5494 ratione
2477 5454 2666 5495 eorum
2712 5454 2833 5503 qua:
2874 5454 3001 5491 mox
3026 5440 3370 5508 subjungun-

1802 5521 1910 5578 tur,
1941 5511 2117 5581 ἑαυτῷ
2148 5512 2203 5564 δὲ
2234 5513 2546 5580 φάρμακον,
2598 5512 2819 5581 qttznsita
2860 5508 3032 5581 videri
3069 5512 3240 5581 possit
3270 5525 3370 5561 an-

1801 5577 2017 5637 tithesis
2046 5577 2152 5635 non
2207 5577 2505 5651 inelegans.
2534 5577 2676 5649 quod
2730 5580 2873 5633 enim
2921 5579 3177 5651 pudicitia
3212 5577 3368 5630 fanne

1801 5667 1964 5724 atque
2001 5654 2270 5707 honestati
2307 5646 2707 5724 ni'ttliebri'vitre
2732 5722 2741 5724 _
2765 5646 2935 5724 instar
2962 5646 3265 5724 ests-Unde
3284 5660 3368 5724 est

1802 5718 1931 5779 illud
1959 5727 2194 5792 Apostoli
2224 5726 2289 5777 de
2314 5723 2659 5796 ‘t'idualevi,
2708 5722 2837 5786 Qua:
2865 5720 2915 5770 in
2938 5718 3140 5796 deliciis
3172 5731 3247 5772 est
3360 5747 3371 5757 -

1804 5812 1922 5849 rens
1946 5789 2156 5848 merlua
2182 5806 2278 5855 cst,
2314 5793 2326 5845 I
2364 5791 2808 5847 ad"Titnotheutn
2844 5806 2894 5851 ν,
2934 5793 2985 5841 ϋ.
3020 5789 3123 5854 Qui
3167 5789 3368 5856 prosti-

1803 5876 1955 5923 tuere
1992 5866 2154 5922 ftliam
2194 5866 2545 5931 decrevisset,
2578 5863 2721 5917 illam
2755 5861 2906 5932 quasi
2930 5860 3040 5928 jam
3069 5861 3361 5922 occidi-rat,
