4182 6440
786 465 895 530 219

2041 446 2319 512 LEONIS
2337 438 2798 508 PIIILOSOPHI

3956 429 4067 492 220

787 591 916 631 cum
949 572 1067 627 auri
1112 582 1324 627 summa
1374 572 1701 635 captataqne
1728 560 2000 631 sapienter
2038 560 2397 630 Opportunih

2503 551 2717 606 παστάδα
2742 548 3013 620 γαμήλιον
3039 561 3055 578 ⁶
3095 548 3166 618 τῇ
3210 545 3309 617 μὲν
3348 544 3463 615 βίον
3512 543 3849 615 εὐσχήμονα,
3881 544 4069 617 ἑαυτῷ

786 680 898 725 tate
946 665 1149 722 latendi
1198 664 1329 717 dum
1380 658 1750 718 benefaceret,
1811 660 1869 710 in
1905 654 2095 709 miseri
2139 654 2370 707 domum

788 763 931 817 clam
968 757 1234 813 accedens
1268 753 1466 824 injicit.
1502 750 1704 803 Aderat
1750 762 1879 802 ecce
1925 747 2037 814 jam
2068 744 2187 799 dies
2212 742 2373 810 cujus

788 854 967 907 lucem
1002 846 1230 921 infelici
1290 843 1431 915 patri
1478 840 1681 895 densas
1712 838 1767 892 in
1798 836 2055 891 tenebras
2091 833 2377 888 calamitas

787 939 1203 1004 commutabat;
1238 936 1413 992 donec
1444 931 1690 987 incidens
1717 929 1772 983 in
1805 927 2092 983 sacculum
2130 935 2247 978 tum
2273 922 2370 977 de-

789 1050 939 1090 mum
965 1049 1094 1087 vere
1122 1032 1267 1086 diem
1294 1027 1431 1083 vidit
1491 1036 1857 1091 somnumque
1887 1019 2049 1075 simul
2099 1027 2153 1072 et
2180 1016 2379 1086 despe-

792 1128 1025 1182 rationis
1055 1122 1376 1193 vertiginem
1413 1135 1479 1173 ac
1535 1127 1823 1172 veternum
1875 1111 2144 1178 excussit,
2177 1110 2382 1178 unique

791 1236 820 1275 e
852 1219 1071 1273 ﬁliabus
1104 1217 1305 1269 lectum
1359 1212 1627 1283 genialem
1683 1206 1883 1279 sternit
1910 1248 1925 1269 ,
1977 1204 2263 1257 honestam
2306 1199 2379 1253 illi

790 1312 957 1363 vitam
985 1308 1093 1364 sibi
1125 1304 1431 1361 remedium
1486 1301 1613 1355 mali
1649 1299 2017 1353 constituens.
2045 1296 2117 1348 At
2144 1306 2381 1362 magnus

792 1402 1073 1465 Nicolaus,
1128 1397 1441 1468 intelligens
1499 1408 1664 1463 quam
1713 1391 1994 1459 sapienter
2046 1387 2232 1441 oblato
2275 1384 2380 1439 sibi

795 1496 943 1549 bono
967 1508 1101 1547 usus
1125 1499 1269 1545 esset
1303 1503 1511 1559 egenus
1541 1496 1713 1556 pater,
1750 1495 2097 1553 nequaquam
2130 1494 2197 1532 eo
2236 1476 2381 1548 quod

796 1588 907 1656 jam
933 1585 1157 1640 dederat
1211 1581 1594 1637 liberalitatem
1639 1577 1869 1632 delinire
1903 1588 2060 1629 suam
2090 1572 2286 1635 voluit,
2328 1578 2383 1624 et

798 1680 1003 1731 fontem
1032 1676 1293 1729 obturare
1344 1670 1737 1727 misericordia:
1786 1675 1908 1737 post
1966 1667 2203 1735 primum
2231 1663 2386 1718 elllu-

800 1784 949 1831 xum,
998 1781 1177 1835 neque
1205 1764 1561 1819 committere
1589 1802 1604 1827 ,
1644 1768 1706 1813 ut
1739 1742 1806 1814 ad
1839 1757 2218 1828 imperfectum
2249 1756 2389 1811 dun-

801 1867 952 1913 taxat
975 1857 1231 1910 solatium
1280 1852 1517 1907 miserim
1565 1865 1785 1905 manum
1821 1848 2137 1919 porrexisse
2168 1846 2383 1900 videre-

2477 646 2535 699 δὲ
2568 645 2868 713 φάρμακον
2899 640 3359 710 περιποιούμενος
3388 635 3485 690 τοῦ
3520 635 3716 691 κακοῦ.
3747 635 3939 700 Οὕτως
3970 636 4069 691 οὖν

2478 734 2750 796 εὐϐούλως
2803 731 2896 787 τὸν
2941 731 3112 801 ἄνδρα
3165 728 3508 801 διῳκηκότα,
3562 728 3751 798 μαθὼν
3792 730 3823 783 ὁ
3887 730 4069 799 μέγας

2479 827 2765 889 Νικόλαος,
2817 825 2920 895 οὐχ
2972 823 3147 895 ὁρίζει
3200 822 3281 893 τῷ
3330 815 3614 892 φθάσαντι
3642 821 3742 892 τὴν
3771 821 3869 875 τοῦ
3908 822 4069 874 ἐλέου

2481 920 2685 990 πηγὴν,
2712 916 2821 970 οὐδ’
2858 917 2954 971 ἐπὶ
2986 916 3211 971 τοσοῦτο
3239 916 3601 987 παραμυθίας
3630 916 3897 969 ἐκτείνειν
3927 916 4073 986 ᾤετο

2480 1013 2661 1082 χεῖρα.
2713 1009 2831 1064 ἀλλ’
2866 1008 3055 1079 ὁμοίου
3118 1006 3310 1075 καιροῦ
3356 1008 3495 1079 πρὸς
3521 1010 3621 1078 τὴν
3659 1008 3925 1078 ἐργασίαν
3953 1010 4072 1077 (27)

2483 1103 2798 1167 καλοῦντος,
2857 1102 3002 1172 χειρὶ
3052 1100 3415 1171 μεγαλυδώρῳ
3443 1100 3523 1170 τῷ
3566 1100 3822 1171 δωματίῳ
3853 1102 4072 1170 σπείρει

2481 1198 2582 1265 τὴν
2610 1195 2929 1266 εὐεργεσίαν
2957 1191 3156 1247 λαθών.
3193 1193 3429 1263 Ἐπέστη
3458 1192 3823 1263 φαιδροτάτην
3858 1194 4070 1263 ἑαυτὴν

2481 1290 2516 1358 ὴ
2573 1288 2761 1358 ἡμέρα
2814 1285 3155 1340 δεικνύουσα.
3185 1287 3295 1339 Καὶ
3324 1288 3400 1349 ὡς
3431 1281 3540 1339 εἶδε
3584 1286 3891 1356 παράδοξον
3916 1289 4076 1359 αὐτῴ

2484 1380 2868 1450 καρποφορίαν
2909 1379 3000 1432 τὸν
3052 1376 3296 1431 οἰκίσκον
3341 1378 3726 1449 βλαστάνοντα,
3770 1380 3853 1442 είς
3892 1380 4077 1449 χαράν

2484 1471 2662 1541 διῄρει
2696 1474 2789 1524 καὶ
2831 1471 3044 1541 δάκρυα
3084 1470 3183 1542 τὴν
3209 1469 3412 1540 ψυχὴν,
3437 1470 3524 1538 ἐφ’
3552 1464 3634 1533 οἷς
3653 1472 3754 1524 οὐκ
3784 1466 3898 1541 εἶχε
3944 1489 4077 1523 συν-

2468 1564 2628 1617 ,ιέναι
2651 1563 2742 1615 τὸν
2776 1563 3098 1633 εὐεργέτην,
3120 1562 3214 1616 τοῦ
3244 1561 3504 1625 άνιῶντος
3537 1563 4075 1629 καταλαμϐάνοντος.

2490 1656 2680 1723 ’Ὀμως
2702 1653 2782 1716 δὲ,
2804 1651 3136 1723 καιθατὲρᾳ
3167 1652 3274 1705 τῶν
3300 1651 3506 1705 παίδων
3552 1654 3723 1722 (τρεῖς
3751 1651 3798 1705 δ’
3841 1648 3987 1722 ἦσαν
4018 1653 4077 1703 αἱ

2499 1747 2673 1798 πᾶσαι
2701 1744 2896 1813 αὐτῷ),
2961 1744 3019 1796 σί
3064 1743 3429 1812 νυμφοστόλοι
3468 1741 3733 1813 μέριμναι
3761 1742 4075 1812 διηκόνουν.

2505 1838 2666 1891 Ἀλλά
2695 1836 2803 1907 γὰρ
2831 1836 2930 1889 οὐκ
2962 1836 3041 1889 ἔτι
3062 1835 3174 1889 δεῖν
3217 1833 3602 1903 ὑπελάμϐανεν
3624 1828 3773 1905 ᾗπερ
3805 1834 3903 1886 καὶ
3940 1833 4081 1901 πρό-

800 1959 912 2003 tur.
948 1946 1147 2001 Verum
1181 1945 1349 2000 simili
1383 1944 1495 2012 jam
1546 1951 1792 2010 tempore
1837 1938 1905 1992 ad
1948 1937 2129 1992 simile
2173 1936 2379 1990 iterum

2503 1947 2669 2002 τερον,
2806 1929 3102 1999 δαμάζοντι
3155 1927 3307 1994 ῦπνῳ
3346 1925 3475 1988 τοὺς
3505 1925 3823 1995 ὀφθαλμοὺς
3846 1924 4080 1993 ἐπιτρέ-

803 2055 947 2111 opus
978 2046 1234 2101 vocante,
1288 2036 1553 2089 munifica
1602 2048 1801 2089 rursus
1845 2046 2011 2085 manu
2061 2029 2383 2083 beneﬁcium

804 2134 947 2187 intra
1005 2129 1397 2185 domunculam
1458 2126 1713 2181 occultus
1773 2122 2003 2193 spargit.
2058 2118 2388 2191 Supervenit

803 2225 1139 2281 sereniorem
1167 2222 1333 2277 solito
1367 2236 1425 2276 se
1450 2220 1568 2275 dies
1595 2219 1887 2275 exhibens.
1916 2216 1996 2271 Ad
2029 2216 2188 2287 cujus
2212 2214 2387 2268 lucem

805 2326 865 2372 ut
896 2317 1045 2371 videt
1070 2314 1310 2369 mirabili
1340 2314 1443 2368 sibi
1471 2314 1672 2367 adorea
1701 2310 1935 2365 fertilem
1969 2308 2216 2375 domum,
2261 2307 2384 2362 ani-

806 2424 949 2463 mam
994 2408 1049 2460 in
1094 2406 1353 2475 gaudium
1387 2398 1574 2458 divisit
1602 2409 1657 2456 et
1704 2402 1999 2474 lacrymas,
2026 2400 2172 2471 quod
2202 2410 2393 2454 aucto-

814 2515 929 2553 rem
964 2496 1212 2552 benelicii
1247 2509 1411 2550 nosse
1457 2489 1565 2548 non
1598 2502 1784 2563 posset
1813 2493 2038 2548 mmrori
2071 2507 2132 2547 se
2163 2491 2390 2547 dedens.

810 2591 1016 2645 Tamen
1064 2588 1220 2641 alteri
1268 2587 1500 2640 ﬁliarum
1536 2590 1672 2656 (tres
1718 2595 1899 2639 autem
1950 2584 2178 2638 omnino
2212 2584 2392 2649 erant)

807 2682 1127 2751 cunjugium
1164 2679 1548 2749 nuptialesque
1576 2685 1808 2730 ornatus
1832 2676 2258 2730 accurabantur.
2285 2674 2393 2727 Sed

806 2776 920 2845 jam
964 2772 1274 2828 faciendum
1305 2770 1410 2825 sibi
1443 2770 1682 2839 amplius
1717 2785 1826 2823 non
1876 2771 2091 2838 putavit
2120 2767 2394 2837 quemad-

813 2868 1032 2922 modum
1091 2874 1250 2917 antea
1318 2870 1379 2915 ut
1442 2860 1752 2915 domandos
1802 2874 1998 2915 somno
2051 2859 2397 2928 permitteret

811 2961 1036 3023 oculos;
1112 2972 1302 3012 verum
1375 2955 1635 3009 excubias
1694 2952 1931 3023 agendas
1961 2950 2399 3005 observandum-

813 3066 921 3121 que
989 3061 1204 3119 tempus
1272 3061 1384 3115 quo
1456 3047 1615 3101 dotes
1661 3044 1880 3100 filiabus
1942 3045 2398 3099 numerabantur.

814 3143 952 3199 Nam
1044 3143 1169 3195 liEite
1239 3155 1460 3210 quoque
1548 3139 1625 3192 illi
1716 3139 1811 3192 nni
1870 3138 2095 3207 reliquae
2170 3146 2403 3191 ventura

2488 2038 2634 2085 πειν,
2684 2022 2979 2091 φυλάττειν
3003 2020 3061 2073 δὲ
3090 2020 3187 2073 καὶ
3215 2018 3378 2071 αὐτὸν
3411 2017 3706 2086 ἀντέχοντα
3734 2016 3829 2068 τὸν
3860 2016 4082 2086 καιρὸν,

2493 2116 2551 2179 ὃς
2590 2117 2711 2179 ταῖς
2782 2114 3088 2186 θυγατράσι
3139 2113 3519 2183 προικοφορεῖ.
3605 2108 3921 2163 Ἐπεποίθει
3974 2108 4086 2179 γάρ

2488 2207 2642 2277 ἥξειν
2672 2206 2740 2259 τά
2766 2205 2887 2257 ἕδνα
2931 2204 3009 2274 τῷ
3037 2203 3339 2273 θυγατρίῳ,
3379 2205 3510 2272 περὶ
3538 2200 3649 2253 τῶν
3682 2197 3839 2253 οὔπω
3878 2201 4087 2269 παρόν-

2490 2317 2601 2353 των
2633 2298 2956 2369 συμϐάλλων
2980 2300 3046 2351 ὲκ
3074 2297 3181 2350 τῶν
3203 2296 3549 2365 φθασάντων.
3572 2293 3684 2347 Καὶ
3706 2293 3810 2345 οὐκ
3833 2292 4085 2362 ἐψεύσθη

2492 2408 2557 2459 γε
2593 2391 2704 2443 τῶν
2726 2390 2980 2444 ἐλπίδων.
3016 2390 3188 2443 Πάλιν
3218 2389 3413 2452 νύκτες
3445 2388 3541 2440 καὶ
3572 2388 3773 2459 άωρία,
3803 2386 3906 2440 καὶ
3939 2386 4085 2456 πρὸς

2493 2480 2801 2551 καταϐολὴν
2827 2481 2856 2532 ὁ
2888 2481 3129 2550 ἐργάτης
3150 2478 3261 2532 τῶν
3290 2479 3561 2550 οὐρανίων
3609 2478 3775 2549 ἀπῄει
3828 2477 4091 2548 σπερμά-

2492 2594 2623 2628 των.
2670 2572 2810 2626 Ἀλλ’
2844 2574 2945 2626 οὐκ
2968 2568 3037 2643 ἦν
3058 2570 3293 2643 εὖπορον
3332 2572 3416 2625 ἐτι
3469 2571 3653 2624 λαθεῖν
3678 2571 3772 2623 τὸν
3798 2570 4090 2639 εὐγνωμο-

2498 2668 2634 2741 σύνῃ
2654 2666 2899 2737 λοχῶντα
2928 2682 2943 2695 ο
2987 2665 3062 2728 ὼς
3120 2665 3241 2736 γὰρ’
3267 2664 3328 2717 τὸ
3342 2664 3561 2734 χρυσίον
3599 2663 3846 2734 ἔρριπτο,
3869 2663 3949 2727 ὡς
3977 2660 4090 2733 εἶχε

2496 2763 2695 2830 τάχους
2748 2760 3107 2829 ἀναπηδήσας
3157 2762 3185 2810 ὁ
3230 2758 3369 2829 ἀνὴρ
3412 2756 3605 2825 φθάνει
3659 2756 3752 2808 τὸν
3794 2758 3852 2807 ἐν
3903 2758 4091 2825 κρυφῇ

2500 2852 2843 2907 ὑπατεύοντα
2884 2852 3021 2922 (28),
3051 2852 3145 2903 καὶ
3195 2851 3380 2921 ῥίπτει
3428 2851 3525 2921 μὲν
3554 2852 3634 2913 εἰς
3659 2848 3927 2915 τοῦδαφος
3964 2851 4094 2901 ἑαυ-

2500 2948 2614 3008 τὸν,
2665 2947 2897 3018 δάκρυσι
2922 2946 2979 2998 δὲ
3035 2946 3226 2999 πλύνει
3270 2946 3399 3007 τοὺς
3444 2946 3629 3009 πόδας,
3670 2946 3737 2997 δι’
3772 2937 3848 2997 ὧν
3879 2946 4093 3005 ἐκεῖνος

2506 3038 2705 3109 μικροῦ
2736 3038 3065 3092 καταπεσὼν
3094 3039 3173 3101 είς
3208 3037 3482 3108 βάραθρον
3500 3036 3773 3098 ἀπωλείας
3803 3036 3899 3087 ἐπὶ
3926 3035 4095 3095 πόδας

2504 3130 2636 3201 ἔστη
2661 3131 2763 3201 τῆς
2796 3130 3091 3201 σωτηρίας.
3139 3131 3199 3182 '0
3219 3131 3275 3183 δὲ
3306 3130 3547 3201 ⁴ινιρυθρία
3574 3128 3762 3198 ὥσπερ
3784 3128 3877 3179 ἐπί
3905 3145 3961 3180 τι
3984 3128 4099 3178 τῶν

814 3234 1089 3306 sponsalia
1149 3234 1202 3287 in
1249 3248 1400 3302 spem
1451 3238 1717 3286 venerat:
1752 3231 1820 3284 de
1876 3230 2062 3284 futuro
2135 3244 2198 3285 ex
2262 3245 2397 3299 pree-

2504 3224 2762 3278 τοιούτων
2787 3224 3196 3293 καταληφθεὶς,
3230 3223 3326 3276 καὶ
3383 3224 3635 3292 κατέχειν
3686 3223 3744 3274 ἐν
3792 3222 4098 3292 ἀπορρήτῳ

810 3329 998 3401 teritis
1036 3325 1416 3395 conjecturam
1479 3338 1725 3379 sumens.
1783 3322 1971 3392 Neque
2024 3338 2121 3392 spe
2173 3337 2274 3377 sua
2320 3332 2405 3377 est

819 3420 1109 3489 deceptus.
1173 3418 1296 3471 Alta
1369 3431 1561 3472 rursus
1632 3416 2069 3485 intempestaque
2134 3431 2282 3477 nox,
2350 3423 2405 3468 et

832 3511 900 3565 ad
991 3519 1287 3564 sementem
1360 3507 1667 3561 faciendam
1744 3506 2048 3561 caelestium
2128 3506 2400 3561 seminum

822 3600 1063 3671 agricola
1093 3608 1460 3667 processerat.
1487 3597 1597 3651 Nec
1635 3598 1796 3653 facile
1834 3597 1938 3651 fuit
1964 3598 2134 3651 latere
2161 3598 2399 3665 amplius

822 3696 978 3763 pium
1046 3694 1451 3747 insidiatorem.
1513 3690 1583 3745 Ut
1610 3692 1753 3746 enim
1802 3692 2125 3763 jactumcst
2185 3706 2404 3753 aurum,

823 3802 990 3856 quam
1019 3787 1316 3864 celerrime
1334 3788 1515 3857 potuit
1543 3787 1802 3841 exsiliens
1870 3787 1951 3840 vir
2004 3786 2399 3840 clancularium

822 3887 1059 3945 occupat
1098 3878 1413 3947 largitorem
1448 3893 1512 3930 ac
1568 3878 1808 3947 seipsum
1854 3876 2075 3946 quidem
2121 3877 2177 3929 in
2223 3878 2402 3931 solum

826 3971 1037 4039 abjicit,
1073 3970 1441 4039 lacrymisque
1470 3970 1635 4039 pedes
1678 3970 1855 4024 abluit
1898 3985 1996 4025 eos
2026 3984 2056 4023 a
2087 3970 2288 4039 quibus
2318 3968 2407 4023 ille

2507 3320 2700 3383 ἐδεῖτο,
2760 3318 2878 3388 μηδ’
2904 3318 2983 3380 είς
3013 3317 3235 3386 ἑτέρους
3282 3316 3345 3368 τὸ
3388 3315 3781 3385 πεπραγμένον
3811 3315 4095 3382 ἐκφέρειν.

2507 3406 2633 3480 Ἆρ’
2666 3406 2759 3462 οὐν
2793 3409 2972 3477 ὀλίγον
2994 3408 3415 3479 τεκμηριῶσαι;
3445 3408 3478 3478 ἢ
3513 3408 3663 3461 ἐστιν
3695 3401 3804 3476 ᾧγε
3834 3412 4101 3477 παρεῖται

2509 3503 2646 3572 πρὸς
2681 3502 2847 3554 αὐτὸν
2908 3501 3274 3571 άμιλλᾶσθαι;
3329 3499 3525 3553 οὔκουν
3563 3501 3669 3554 οὐδ’
3706 3500 3894 3569 ἐγγύς.
3936 3501 4101 3552 Ἀλλά

2508 3594 2667 3647 τοῦτο
2693 3594 2792 3663 μὲν
2820 3592 2879 3645 ἓν
2904 3596 2969 3645 ὲκ
3004 3592 3217 3645 πολλῶν
3241 3590 3351 3645 τῶν
3381 3592 3592 3644 ἐκείνου
3630 3591 3738 3661 πρὸ
3774 3590 3870 3643 τοῦ
3901 3595 4099 3660 ἀρχιε-

2515 3689 2651 3757 ρέως
2672 3687 2875 3739 κείσθω
2936 3686 3317 3755 διηγημάτων,
3370 3686 3437 3738 ἶν’
3484 3685 3717 3755 εἰδῶμεν
3748 3684 3826 3748 ὡς
3857 3686 3959 3736 καὶ
3992 3684 4102 3751 πρὸ

2514 3782 2879 3852 ποιμαντικῆς
2908 3781 3233 3843 ἐπιστασίας
3280 3783 3313 3850 ἡ
3341 3779 3567 3849 ποιμέσι
3603 3780 3939 3849 διαφέρουσα
3967 3780 4101 3832 τοῦ·

2511 3896 2605 3933 τον
2638 3875 2753 3949 εἶχε
2783 3879 3046 3950 μέριμνα.
3076 3876 3142 3931 Εἰ
3165 3895 3228 3946 γε
3257 3878 3535 3947 ποιμένων
3566 3876 3728 3947 ἔργον
3759 3876 3984 3939 σώζειν,
4005 3878 4103 3928 καὶ

2521 3974 2595 4044 μὴ
2617 3975 2743 4037 τοὺς
2769 3973 2929 4026 τοῦτο
2970 3972 3164 4026 παθεῖν
3194 3971 3601 4034 κινδυνεύοντας
3632 3970 3891 4022 ὀλωλέναι
3940 3988 4102 4041 περι-

2342 4067 2580 4125 ΝΟΤᾹΣ.

829 4164 935 4219 sibi
995 4177 1128 4215 vero
1175 4178 1339 4233 grave
1394 4162 1624 4222 scilicet.
1666 4162 1868 4214 vulnus
1906 4161 2197 4233 inflixerat,
2231 4162 2405 4217 donec

827 4236 983 4303 quasi
1012 4234 1148 4288 deus
1211 4249 1275 4286 ex
1318 4235 1573 4286 machina
1633 4232 2186 4303 lilieralitasNicolai
2215 4235 2408 4303 puella.-

830 4302 1146 4359 restitueret
1178 4306 1367 4366 vitam,
1402 4304 1542 4371 patri
1576 4303 1902 4357 medicinam
1938 4302 2160 4358 faceret.

902 4376 1014 4439 (27)
1058 4375 1320 4444 Ἑργασία
1355 4383 1443 4427 est
1497 4375 1582 4427 hic
1613 4375 1977 4444 eleemosyna.
2015 4374 2405 4429 Ecclesiastice

832 4446 1046 4499 scilicet
1100 4442 1283 4514 potius
1334 4459 1498 4513 quam
1529 4444 1727 4498 Attice.
1785 4442 2114 4513 Cyprianus,
2164 4454 2221 4498 nt
2273 4447 2411 4501 alios

834 4524 1070 4576 taceam,
1100 4516 1305 4585 passim
1332 4530 1458 4569 cum
1489 4515 1673 4584 largiri
1702 4514 2090 4569 misericordiae
2112 4532 2279 4571 causa
2331 4518 2408 4570 si-

2512 4163 2789 4220 scribeudi
2848 4161 3133 4225 defuisse;
3167 4160 3425 4214 nimirum
3479 4160 3683 4213 homini
3742 4168 3853 4213 tota
3887 4161 4006 4213 vita
4051 4162 4100 4213 id

2512 4252 2675 4303 agere
2730 4243 3016 4303 comperto
3045 4243 3103 4285 ut
3134 4231 3563 4303 splendidissimi
3626 4232 3803 4283 lumen
3862 4232 4099 4299 ingenii.

2512 4302 2798 4362 modestia:
2851 4302 3191 4373 (evangelice
3247 4302 3316 4356 de
3373 4303 3493 4355 viro
3538 4303 3841 4373 apostolico
3886 4303 4102 4371 dicam)

2510 4379 2697 4433 modio
2729 4372 3043 4446 premeret.’
3081 4374 3259 4442 Opera
3285 4388 3415 4440 ergo
3447 4373 3647 4446 quibus
3674 4372 3864 4427 urbem
3900 4374 4103 4436 imple-

2510 4452 2587 4503 vit
2608 4445 2965 4516 eleemosynaz
2996 4454 3148 4516 stitit.
3173 4458 3311 4512 quas
3336 4445 3751 4516 copiosissimas
3778 4454 4101 4516 noutsolum

2511 4536 2607 4589 per
2640 4512 2909 4585 Europam
2945 4515 3228 4589 αὐτοχειρὶ
3260 4516 3518 4589 profusas
3547 4532 3592 4589 Διι
3614 4513 3853 4589 Paulino
3885 4512 4091 4589 fuisse.

834 4585 1095 4655 gniﬁcare
1126 4586 1500 4669 vultz‘operari
1559 4586 1712 4647 dicit,
1753 4593 1828 4669 et.
1860 4587 2236 4665 operationem
2296 4587 2405 4640 ele-
2435 4615 2479 4669 υ
2513 4585 2612 4645 sed
2635 4590 2799 4669 etiam
2830 4602 2927 4666 per
2950 4594 3133 4667 certos
3178 4587 3429 4669 homines
3453 4586 3720 4669 in_Asiam
3757 4594 3924 4665 atque
3950 4588 4100 4637 Alri-

836 4654 1171 4727 emusynam.
1241 4657 1312 4709 Ex
1362 4658 1555 4726 pagina
1620 4654 1945 4727 praecedenti
1978 4696 1995 4719 ,
2044 4666 2099 4711 et
2153 4674 2220 4711 cx
2278 4673 2403 4711 mox

838 4738 1093 4780 secutura
1155 4728 1385 4796 intelligi
1446 4735 1627 4796 potest
1686 4726 1831 4781 unde
1904 4736 2183 4797 repetatur
2237 4737 2409 4783 meta-

841 4798 1346 4868 phorazniniirum
1385 4812 1459 4868 ex
1514 4798 1728 4865 jactura
1781 4800 2062 4863 sementis,
2119 4813 2283 4868 quam
2348 4806 2409 4851 ut

840 4868 1077 4937 agricola
1134 4867 1314 4922 libens
1371 4867 1504 4922 facit
1536 4868 1848 4924 blandiente
1874 4867 2161 4929 verisimili
2190 4884 2285 4938 spe
2321 4885 2411 4924 re-

841 4938 1106 5009 cipiendae
1135 4939 1304 5009 sortis
1334 4954 1457 4992 eum
1502 4940 1723 4993 cumulo
1770 4940 2125 5009 centuplicati
2155 4941 2361 4994 fenoris
2393 4957 2407 4993 :

844 5006 915 5061 ita
944 5007 1117 5081 ﬁdelis
1142 5006 1248 5081 ‘Dei
1283 5008 1571 5077 promissis
1602 5024 1898 5080 persuasus
1927 5006 2139 5080 prolixe
2178 5012 2411 5081 largitur

842 5078 1153 5147 egentibus,
1182 5080 1316 5134 nihil
1349 5078 1764 5149 dubitans—quin
1799 5083 1867 5136 ab
1928 5078 2123 5138 eorum
2160 5078 2415 5137 curatore

845 5152 1051 5225 centies
1070 5151 1239 5225 plura
1270 5159 1592 5225 recepturus
1625 5154 1715 5206 sit.
1747 5150 2020 5225 Itaquein
2049 5152 2157 5225 isto
2189 5168 2289 5206 usu
2319 5167 2415 5207 ec-

844 5220 1155 5274 clesiastico
1187 5224 1647 5290 verbi,.operari,
1717 5239 1795 5276 ll't)
1827 5220 2130 5293 largiendo,
2195 5225 2416 5278 schema

844 5290 1041 5346 duplex
1070 5293 1475 5346 agnoscendum
1528 5303 1632 5346 est.
1692 5240 1935 5346 primum
1985 5295 2129 5346 enim
2188 5296 2415 5346 verbum

844 5290 1041 5357 duplex
1070 5293 1475 5360 agnoscendum
1528 5303 1632 5348 est.
1692 5290 1935 5347 Primum
1985 5295 2129 5349 enim
2188 5296 2415 5347 verbum

844 5374 1135 5415 commune
1160 5364 1413 5442 omnibus
1431 5364 1527 5442 τῆς
1555 5365 1829 5442 γεωργίας
1853 5366 2139 5442 speciebus
2160 5365 2227 5442 ad
2252 5379 2418 5419 unam

846 5446 964 5511 eam
995 5448 1163 5511 quam
1198 5432 1307 5511 dixi
1357 5432 1709 5511 restringitur
1738 5432 2417 5511 sementissparsionem;

847 5504 1041 5583 deinde
1074 5504 1177 5557 ista
1218 5504 1335 5572 ipsa
1382 5506 1445 5583 ad
1478 5507 1882 5583 elcemosynam
1912 5504 2319 5583 designandam
2341 5506 2422 5557 al-

851 5574 1085 5646 legorice
1114 5578 1583 5646 accommodatur.
1607 5574 1790 5645 Neque
1820 5591 1949 5630 vero
1975 5574 2220 5646 operatio
2243 5577 2421 5631 solum

850 5644 1218 5718 elecmosyna,
1256 5645 1540 5718 sedgetiam
1581 5644 1718 5718 opus
1751 5648 1973 5703 dicitur.
2006 5644 2313 5702 Eucherius
2354 5646 2421 5699 ad

860 5712 1205 5793 Valerianum
1239 5716 1305 5793 de
1340 5716 1567 5793 Paulino
1618 5712 1699 5793 ait
1725 5736 1850 5793 eum
1890 5720 2205 5793 tresorbis
2241 5731 2422 5788 partes

857 5788 1243 5864 suisoperibus
1275 5789 1604 5857 implevisse.
1658 5789 1778 5864 Non
1810 5791 1875 5864 de
1913 5791 2065 5845 libris
2097 5789 2256 5864 dixit,
2297 5804 2422 5842 cum

860 5855 1088 5937 lfaulino
1122 5860 1253 5913 satis
1289 5855 1504 5937 constet
1547 5876 1655 5913 non
1717 5862 2031 5937 facultatem
2070 5862 2289 5931 quidem
2332 5869 2427 5937 aut

864 5926 1193 5993 doctrinam,
1227 5930 1318 5985 sed
1356 5932 1594 5986 studium
1625 5942 1774 5987 certe
1801 5946 1863 5986 ac
1894 5926 2229 5988 voluntatem
2256 5932 2424 5985 multa

2515 4677 2635 4715 cam
2661 4653 2970 4725 largissime
2998 4657 3197 4709 missas
3229 4653 3469 4709 Urauius
3496 4656 3760 4708 Actorum
3793 4654 3915 4725 ejus
3948 4660 4097 4710 scri-

2513 4739 2639 4802 ptor
2670 4730 3177 4802 diserte‘testatur.

2586 4801 2696 4871 (28)
2732 4799 2849 4854 Mos
2880 4797 2985 4871 fuit
3028 4812 3203 4871 usque
3237 4797 3304 4851 ab
3337 4802 3523 4871 aureis
3553 4797 3815 4852 Romanae
3848 4800 4101 4867 magniﬁ-

2513 4869 2707 4927 centia:
2736 4869 3073 4938 temporibus
3093 4869 3255 4922 etiam
3288 4871 3353 4921 ad
3390 4870 3492 4923 ista
3528 4870 3718 4922 ultima
3751 4873 4101 4923 senescentis

2514 4944 2729 5011 imperii
2788 4939 3267 5007 Constantiimpoli
3324 4954 3549 5009 quoque
3599 4940 3962 5011 continuatus
4042 4950 4099 4992 ut

2514 5009 2763 5069 Caesares
2792 5022 2887 5064 aut
2914 5012 3269 5079 magistratus
3318 5012 3618 5079 praesertim
3667 5009 3930 5064 consules
3960 5026 4103 5079 quos

2518 5086 2760 5144 ὑπάτους
2811 5081 2989 5135 Grarci
3018 5081 3227 5144 dicunt,
3285 5096 3562 5145 nummos,
3622 5081 3896 5134 interdum
3931 5092 4101 5135 etiam

2517 5171 2764 5227 gemmas
2794 5163 2870 5227 et,
2903 5160 2963 5205 ut
3011 5150 3290 5227 Martialis
3312 5153 3476 5207 habet
3505 5152 3705 5227 Epigra
3732 5152 3821 5215 78,
3847 5152 3946 5227 lib.
3981 5169 4100 5211 viil.

2522 5222 2696 5280 lineas
2758 5226 2979 5285 divites,
3036 5236 3099 5295 ac
3150 5224 3360 5295 similes
3391 5224 3642 5295 Arapinas
3694 5224 3751 5275 in
3785 5222 4100 5295 confertam

2520 5298 2930 5351 multitudinem
2960 5294 3128 5347 certis
3166 5294 3363 5347 diebus
3390 5293 3643 5349 ludorum
3675 5302 3771 5347 aut
3800 5294 3981 5347 initiis
4016 5299 4106 5346 liu-

2522 5384 2718 5423 norum
2750 5376 3100 5436 spargerent.
3149 5356 3281 5430 Qua:
3314 5365 3545 5420 missilia
3590 5363 4105 5436 ConstantinOpoli-

2524 5440 2669 5494 tanis
2688 5434 3053 5506 scriptoribus
3078 5438 3281 5504 passim
3312 5436 3514 5490 ὐπάτια
3551 5436 3833 5497 dicuntur,
3852 5434 4105 5488 Cedreno

2524 5505 3009 5563 ὑπατεῖαιζυιιᾱε
3060 5515 3146 5560 est
3205 5509 3292 5560 hic
3338 5510 3560 5562 verbum
3604 5506 3919 5569 ὑπατεύειν,
3963 5508 4105 5559 dona

2525 5595 2783 5650 spargere
2811 5577 3098 5633 consulum
3148 5592 3320 5650 more.
3356 5578 3512 5644 Quod
3550 5588 3729 5631 autem
3758 5577 3811 5650 id
3842 5582 4105 5650 consules

2527 5648 2584 5706 in
2624 5648 2855 5703 theatris
2880 5659 2933 5702 et
2966 5651 3223 5718 panegyri
3259 5649 3503 5704 facerent
3534 5649 3719 5702 statim
3759 5648 3847 5702 hic
3878 5648 4105 5701 additur

2530 5722 2598 5775 ad
2630 5721 2995 5774 differentiam
3022 5720 3081 5770 ὲν
3118 5723 3326 5790 κρυφῇ.
3364 5719 3481 5775 Non
3511 5722 3655 5773 enim
3680 5720 3747 5772 ad
3777 5722 4103 5772 ostentatio-

2528 5808 2652 5847 nem
2685 5795 2803 5844 luce
2840 5791 3038 5859 palam,
3068 5790 3163 5845 sed
3197 5797 3433 5860 captatis
3460 5792 3525 5845 ad
3563 5790 3965 5844 misericordia:
4003 5798 4101 5843 ob-

2530 5874 2737 5918 tentum
2767 5862 3011 5915 noetium
3044 5862 3292 5916 tenebris
3326 5863 3588 5919 Nicolaus
3618 5861 3987 5933 largiebatur,
4013 5861 4102 5915 Dei

2530 5935 2703 5990 solius
2727 5934 2957 5988 arbitrio
2978 5943 3293 5991 contentus.
