4182 6440
84 437 174 497 221
856 431 1142 493 ORATIO
1175 431 1361 494 XVII.
1404 456 1472 469 -
1512 431 1593 493 IN
1622 432 1680 493 S.
1711 430 2109 493 NICOLAUM
2143 431 2581 493 MYRENSEM.
3232 428 3344 493 222

81 548 223 619 ορᾷν.
252 547 325 601 Ἦ
361 546 475 616 γὰρ
524 545 712 615 ὀλίγης
747 545 893 610 τινος
940 544 1218 609 ἀπωλείας
1262 544 1358 607 οὓς
1406 544 1473 616 δὴ
1526 545 1663 615 ἔφην

1777 546 1823 599 in
1873 544 2203 615 perditionis
2252 542 2567 598 barathrum
2600 557 2738 614 pene
2768 541 2881 612 jam
2933 540 3120 612 lapsus
3143 539 3201 597 in
3232 552 3349 597 sta-

79 642 193 709 ἇρτι
216 638 523 703 ὲξὲσωσενς
557 639 591 708 ἢ
647 639 741 690 τὸν
786 638 1019 708 τυχόντα
1049 636 1451 707 ὲπῃωρημένον
1479 636 1663 699 αὐτοῖς

1777 651 1879 691 tum
1908 636 2103 693 salutis
2124 643 2343 691 erectus
2373 633 2574 691 fuerat.
2604 634 2805 692 Noster
2836 643 3019 689 autem
3043 634 3348 689 erubesce-

80 731 312 784 κίνδυνον
358 729 687 784 καταλαϐὼν
715 730 945 800 ἀνέσχε;
971 730 1064 783 καὶ
1080 729 1162 792 τίς
1181 728 1248 783 ἂν
1276 728 1434 791 ἄλλος
1461 728 1663 799 μείζων

1777 730 1860 783 hat
1898 734 2162 797 tanquam
2192 728 2251 782 in
2284 725 2544 796 pudendo
2570 724 2815 782 facinore
2836 725 3250 794 deprehensus:
3283 738 3350 777 ac

78 824 256 895 ὀφθείη
285 843 300 891 ;
348 827 447 879 Ἐκ
474 826 540 898 δὴ
572 826 668 879 τοῦ
702 827 797 880 νῦν
844 824 1161 895 εἰρημένου,
1193 824 1243 876 εί
1274 823 1369 876 καὶ
1406 824 1662 893 παρῆκα-

1777 831 1877 871 rem
1909 816 2317 871 obstestabatur
2348 826 2409 869 ut
2449 813 2671 869 silentio
2709 822 2950 885 tegeret;
2983 828 3157 883 neque
3194 810 3345 884 quod

80 932 171 983 μεν
214 918 286 969 τὰ
316 916 508 983 λοιπὰ,
538 917 808 987 πάρεστιν
836 914 1079 987 ὡσπερεὶ
1115 913 1312 980 τύπου,
1345 911 1661 981 λογίζεσθαι

1777 918 1976 979 gestum
1996 916 2115 962 erat
2138 907 2205 963 ad
2230 908 2466 963 aliorum
2485 907 2879 962 conscientiam
2914 904 3122 960 sineret
3154 920 3345 976 serpe-

79 1008 164 1059 καὶ
196 1004 233 1060 ἃ.
260 1010 549 1077 παρεῖται.

1777 1015 1846 1055 re.
1867 998 2249 1067 Nunquidnam
2284 1000 2389 1054 hoc
2421 998 2698 1053 mediocre
2726 999 3003 1068 specimen
3022 997 3236 1053 virtutis
3263 1004 3351 1053 est

76 1103 134 1157 ad
154 1104 530 1174 conjecturam
556 1103 626 1159 de
648 1113 844 1160 caetera
860 1105 966 1159 viri
998 1104 1158 1157 laude
1191 1098 1497 1156 faciendam
1517 1096 1637 1151 ?An
1677 1108 1809 1149 vero
1822 1093 2007 1150 estcui
2029 1092 2195 1147 libeat
2230 1093 2284 1146 in
2308 1091 2598 1162 dignitatis
2644 1092 3051 1146 contentionem
3091 1089 3349 1157 eumipso

75 1196 290 1253 venire?
316 1198 433 1254 imo
459 1213 527 1254 ne
553 1212 721 1269 prope
739 1198 958 1268 quidem
991 1195 1268 1252 accedere.
1289 1192 1357 1246 Et
1386 1193 1500 1247 hac
1526 1189 1747 1260 quidem
1784 1201 1890 1242 una
1959 1185 2027 1242 de
2103 1184 2295 1240 multis
2343 1200 2468 1254 quae
2518 1194 2646 1240 ante
2719 1183 3099 1254 pontiﬁcatum
3169 1184 3352 1237 conti-

75 1306 190 1362 gere
209 1293 466 1349 historiis
500 1292 591 1348 hic
615 1305 734 1349 esto
760 1293 1059 1363 descripta,
1105 1302 1166 1347 ut
1206 1290 1449 1346 sciamus
1478 1289 1632 1344 illum
1671 1285 1835 1341 etiam
1860 1293 1986 1338 ante
2033 1281 2366 1351 pastoralem
2388 1278 2764 1349 praefecturam
2821 1294 3012 1334 curam
3066 1289 3349 1349 pastorum

76 1386 345 1458 propriam
403 1386 747 1455 concepisse.
814 1385 1097 1456 Siquidem
1164 1393 1444 1456 pastorum
1505 1393 1651 1452 opus
1727 1386 1812 1432 est
1874 1390 2133 1431 servare:
2165 1388 2342 1443 neque
2387 1372 2566 1426 etioso
2604 1373 2865 1442 despectu
2902 1377 2969 1428 de
2991 1374 3161 1428 exitio
3209 1373 3354 1443 peri-

76 1479 323 1533 ditantes
348 1479 571 1533 intueri.
607 1478 692 1533 An
724 1478 871 1534 enim
920 1493 950 1531 a
983 1477 1251 1533 mediocri
1284 1474 1527 1547 pernicie
1558 1485 1654 1526 eos
1693 1484 1832 1539 quos
1881 1468 2046 1522 modo
2104 1468 2220 1520 dixi
2268 1464 2563 1519 liberavit?
2613 1474 2708 1517 aut
2753 1465 2975 1535 vulgare
3040 1466 3175 1533 ipsis
3248 1466 3351 1520 itit-

77 1578 312 1646 pendens
381 1577 679 1647 occupavit
724 1583 972 1632 avertere
1043 1573 1387 1647 perieulum?
1457 1569 1810 1642 Ecquodnam
1867 1581 2000 1621 vero
2046 1567 2263 1621 tandem
2313 1563 2485 1620 videri
2535 1561 2717 1630 majus
2766 1559 2970 1631 queat?
3035 1558 3213 1628 Atque
3284 1575 3349 1615 ex

76 1675 169 1728 hoc
195 1673 361 1728 modo
382 1679 608 1726 narrato
626 1670 892 1736 facinore,
936 1679 998 1725 ut
1046 1678 1435 1740 praetereamus
1461 1676 1682 1731 caetera,
1726 1663 1853 1718 licet
1891 1672 2151 1731 tanquam
2210 1658 2463 1730 exemplo
2502 1665 2664 1728 capto
2716 1654 2784 1710 ad
2844 1653 3228 1711 aestimationis
3267 1654 3349 1709 in-

77 1766 456 1821 formationem
487 1762 554 1818 de
585 1762 710 1817 aliis
737 1778 859 1832 quae
908 1762 1214 1817 omittimus
1265 1756 1648 1815 ratiocinando
1690 1750 1985 1823 suspicari.

150 1853 322 1911 Ἀλλά
384 1850 480 1905 τὸν
530 1850 793 1905 τοσοῦτον
848 1851 957 1923 πρὸ
1012 1851 1112 1921 τῆς
1137 1849 1406 1912 διπλοΐδος
1434 1847 1655 1901 καὶτοῦ

1827 1840 2096 1897 Caeterum
2128 1854 2252 1895 eum
2280 1838 2376 1910 qui
2415 1847 2598 1894 tantus
2638 1837 2739 1892 fuit
2763 1845 2896 1891 ante
2942 1834 3345 1891 sacerdotalem

78 1949 400 2018 χρίσματος,
435 1942 560 1997 τίνα
616 1943 766 2006 εἰκὸς
820 1943 965 2012 μετὰ
1011 1942 1074 1996 τὸ
1104 1941 1316 2013 χρίσμα
1340 1938 1659 2009 ὑπολαμϐά-

1777 1943 1815 1991 ιι
1844 1944 2049 1991 vestem
2078 1943 2133 1989 et
2165 1934 2504 1998 unctionem,
2537 1932 2755 2001 qualem
2798 1944 2863 1983 ac.
2891 1939 3159 1999 quantum
3195 1937 3352 1999 post-

79 2056 212 2105 νειν;
241 2039 317 2091 Ἦ
349 2034 512 2089 τοῦτο
539 2035 651 2097 πᾶς
694 2050 778 2096 τις
809 2034 1051 2104 συνίησι,
1083 2033 1180 2085 καὶ
1210 2032 1295 2103 εἴη
1324 2032 1391 2086 ἂν
1426 2030 1662 2085 ἐνταῦθα

78 2129 173 2195 ἔξω
202 2125 406 2197 καιροῦ
462 2126 524 2178 τὸ
580 2126 646 2178 ὲκ
686 2124 862 2193 λόγων
920 2124 1245 2196 μαρτύριον.
1314 2122 1661 2177 Ἐπιποθεῖτε

78 2223 169 2274 κάν
200 2222 269 2291 τῇ
299 2216 571 2288 προεδρΞᾳ
590 2214 822 2269 τοιαῦτά
843 2232 969 2269 τινα
983 2215 1397 2287 φιλανθρωπίας
1424 2212 1661 2268 ἀκοῦσαι

78 2313 416 2381 διηγήματα.
479 2306 642 2360 Ἀλλὰ
685 2304 899 2360 δέδοικα
974 2306 1049 2376 μὴ
1108 2306 1388 2360 θάλασσαν
1448 2305 1661 2360 ἀντλεῖν

81 2398 521 2471 προθυμώμεθα.
555 2397 653 2461 Τίς
710 2399 818 2470 γὰρ
875 2400 909 2469 ἢ
948 2400 1079 2453 ποία
1118 2399 1338 2468 γλῶσσα
1370 2399 1451 2462 είς
1487 2398 1665 2452 έκεῖνο

80 2496 133 2547 τὸ
162 2494 409 2561 πέλαγος
433 2490 771 2546 ἐπιϐαλοῦσα
795 2492 897 2545 οὐκ
922 2492 1079 2562 ὀκνῇ,
1125 2491 1354 2545 παλαιὸν
1391 2490 1522 2554 ἔπος
1550 2491 1665 2546 δια.-

83 2586 511 2655 μνημονεύσασα
543 2584 571 2637 ὃ
602 2583 798 2655 πλήθει
847 2584 957 2636 τινὶ
1008 2583 1143 2638 δέκα
1189 2583 1474 2653 στομάτων
1513 2583 1665 2652 ἔλεγε

79 2675 182 2728 δεῖν
218 2674 338 2745 (29)
366 2690 382 2741 ;
423 2672 564 2726 Ἀλλ’
597 2672 707 2725 οὐδ’
760 2672 811 2725 εί
839 2671 1102 2735 πολλάκις
1154 2672 1389 2727 τοσαῦτα
1421 2672 1667 2726 συνέλθοι

82 2769 192 2820 οὐδὲ
222 2764 535 2819 πολλοστοῦ
569 2763 770 2835 μέρους
801 2762 1006 2817 δύναιτ’
1041 2763 1109 2818 ἂν
1162 2762 1536 2835 μνημονεῦσαι
1569 2765 1670 2833 τῆς

80 2858 311 2911 ἐνταῦθα
347 2856 614 2928 πληθύος.
644 2856 815 2910 Τοῦτο
847 2855 946 2927 μὲν
973 2856 1038 2928 δὴ
1060 2857 1122 2911 τὸ
1143 2855 1308 2927 μέρος
1326 2857 1588 2923 τοιοῦτον,
1620 2855 1671 2909 τί

80 2952 223 3005 δὲτὰ
257 2950 427 3016 ἄλλα,
456 2950 559 3004 ὅσα
590 2950 689 3003 σὺν
716 2948 955 3018 ἀσκήσει
988 2947 1183 3020 βαθείᾳ
1211 2948 1312 3018 ὀψὲ
1338 2947 1437 3017 τῆς
1454 2946 1672 3019 ἡλικίας

85 3042 231 3109 μόλις
272 3039 588 3111 ἐκτήσαντο
615 3054 784 3100 τινες,
823 3031 905 3100 οἷς
956 3037 1169 3100 Παῦλος
1198 3037 1387 3106 ὥσπερ
1418 3035 1671 3107 χρώμασι

82 3135 372 3206 ζωγραφεῖ
387 3134 483 3186 τὸν
502 3130 803 3202 ἀρχιερέας
822 3129 984 3183 Ἀλλὰ
1016 3132 1194 3184 ταῦτα
1217 3132 1395 3185 πάντα
1420 3129 1673 3200 καθάπερ

1762 2044 1927 2099 quam
1960 2042 2120 2083 sacro
2152 2037 2207 2081 et
2230 2025 2353 2079 oleo
2387 2024 2743 2095 consignatus
2776 2022 3021 2090 cogitare
3060 2031 3354 2076 consenta-

1765 2136 1925 2176 neum
1948 2128 2032 2175 est
2059 2117 2268 2173 fuisse?
2319 2116 2515 2183 Quivis
2575 2115 2679 2170 hoc
2720 2130 2817 2184 per
2867 2129 2928 2170 se
2963 2114 3179 2169 scilicet
3214 2114 3352 2170 satis

1767 2210 2058 2279 intelliget,
2093 2216 2155 2263 ut
2181 2221 2653 2277 supervacaneum
2705 2207 2810 2260 hoc
2858 2206 2983 2260 loco
3007 2207 3349 2275 etimportu-

1764 2317 1897 2357 num
1922 2300 2192 2356 orationis
2207 2299 2576 2355 distinctioris
2595 2298 2970 2353 testimonium
2992 2297 3065 2353 sit
3083 2298 3351 2353 futurum.

1766 2393 1908 2461 Quid
1936 2392 2084 2448 enim
2128 2392 2299 2448 vultis
2352 2407 2421 2449 ne
2471 2394 2633 2446 etiam
2673 2407 2740 2446 ex
2791 2390 2901 2446 vita
2941 2391 3062 2461 ejus
3106 2406 3269 2462 quam
3297 2391 3355 2447 in

1766 2486 2147 2542 ecclesiastico
2203 2486 2529 2556 magistratu
2561 2485 2717 2540 duxit
2769 2484 3045 2554 ejusmodi
3102 2486 3355 2556 quazdam

1767 2578 2122 2649 benignitatis
2168 2578 2362 2632 audire
2389 2578 2661 2648 exempla.
2702 2578 2774 2631 At
2821 2592 3020 2634 vereor
3071 2594 3140 2635 ne
3171 2581 3218 2635 si
3249 2580 3357 2635 hoc

1769 2668 2181 2737 susceperimus
2230 2668 2388 2735 quasi
2437 2666 2734 2721 exhaurire
2765 2681 3033 2721 oceanum
3071 2668 3357 2740 aggredia-

1775 2772 1918 2812 mur.
1956 2756 2089 2823 Qure
2117 2757 2261 2811 enim
2293 2766 2388 2811 ant
2417 2756 2596 2828 qualis
2639 2757 2858 2813 demum
2895 2758 3083 2830 lingua
3112 2760 3260 2816 istud
3302 2760 3359 2815 iu

1774 2850 2002 2921 pelagus
2028 2849 2195 2913 itura,
2222 2864 2331 2904 non
2355 2864 2466 2920 pra:
2494 2857 2642 2905 metu
2670 2849 2724 2903 in
2750 2850 2870 2919 ipso
2893 2849 3103 2920 impetu
3131 2860 3360 2908 cuncte-

1777 2950 1884 3003 tur.
1919 2949 2079 2998 vetus
2137 2941 2363 2996 verbum
2410 2950 2680 3012 reputans
2727 2956 2840 3011 quo
2892 2942 3080 2998 nescio
3111 2943 3237 3012 quis
3290 2944 3359 2998 ad

1775 3033 2070 3100 quamdam
2112 3032 2527 3088 multitudinem
2568 3032 3003 3103 percensendam
3028 3035 3218 3089 decem
3249 3019 3361 3090 sibi

1781 3139 1879 3178 ora
1905 3125 2224 3181 necessaria
2250 3140 2375 3181 esse
2393 3124 2845 3181 dicebat.Verum
2869 3142 3050 3197 neque
3071 3127 3119 3182 si
3151 3128 3361 3199 saepius

83 3229 192 3296 ἅμα
224 3230 353 3290 ταῖς
396 3226 695 3296 μητρικαῖς
731 3223 882 3293 αὑτῷ
928 3222 1474 3293 συνεγκυμονηθέντα
1505 3222 1667 3290 λαγό-

1777 3215 1999 3271 totidem
2051 3216 2409 3271 convenirent
2438 3216 2520 3271 vel
2585 3218 2691 3272 iste
2721 3218 2838 3287 ipse
2867 3220 3120 3288 quamvis
3163 3235 3360 3288 magna

85 3338 180 3385 σιν,
206 3321 361 3373 οὕτω
384 3319 695 3382 συνείπετο,
741 3320 835 3371 καὶ
864 3318 1029 3371 πλέον
1065 3316 1358 3387 συμπαρῆν
1390 3316 1425 3385 ἢ
1469 3314 1548 3385 es}
1578 3314 1669 3367 εὐ-

81 3413 227 3464 ωδεῖν
258 3414 385 3474 τοῖς
442 3409 588 3462 οὓτω
637 3411 941 3477 πεφυκόσιν
995 3408 1235 3461 ἅνθεσιν.
1270 3408 1433 3459 Ὥστε
1476 3406 1565 3476 εἴη
1605 3406 1672 3459 ἂν

82 3505 331 3576 ἀκαιρία,
402 3504 500 3557 καὶ
558 3502 593 3572 ὴ
642 3502 773 3571 περὶ
815 3500 990 3554 ταῦτα
1030 3499 1308 3571 διατριϐή.
1354 3496 1592 3552 Τοσοῦτο
1615 3499 1672 3551 δὲ

83 3597 344 3668 εἰρήσθω,
387 3597 476 3649 ὅτι
537 3595 698 3664 μόνος
738 3596 945 3656 ἐκεῖνος
998 3594 1108 3648 τῶν
1142 3593 1385 3655 πάντων,
1430 3590 1526 3645 καὶ
1567 3589 1674 3660 πρὸ

83 3691 172 3759 τῆς
201 3689 506 3749 διπλοῖδος,
531 3685 866 3757 εὐπρέπειαν
909 3683 1215 3755 ἱερωσύνης
1247 3682 1548 3745 ὲστόλιστο,
1577 3682 1676 3736 καὶ

85 3788 125 3835 εἰ
149 3779 259 3835 οἷον
296 3799 366 3835 τε
387 3782 591 3844 εἰπεῖν,
623 3778 732 3848 πρὸ
750 3778 844 3830 τοῦ
875 3778 1176 3848 χρίσματος
1203 3775 1420 3846 ἐϐοήθει
1449 3773 1529 3846 τῷ
1548 3774 1670 3845 χρί-

86 3888 267 3941 σματι.
300 3871 422 3925 Καὶ
446 3868 627 3939 τούτῳ
688 3868 887 3937 μᾶλλον
921 3868 1017 3922 καὶ
1074 3868 1181 3938 πρὸ
1211 3866 1321 3920 τῶν
1346 3866 1675 3920 τελεστικῶν

83 3967 260 4017 τύπων
282 3967 319 4033 ἡ
346 3963 453 4032 τῆς
484 3961 903 4032 ἀρχιερωσύνης
950 3960 1136 4025 εἰκὼν,
1163 3959 1196 4029 ἢ
1234 3960 1347 4023 τοῖς
1375 3959 1550 4031 ταύτῃ
1576 3975 1675 4029 με-

1776 3308 2236 3379 multiplicatione
2289 3317 2488 3365 auctus
2526 3309 2781 3365 sullicere
2827 3318 3008 3367 tamen
3066 3321 3254 3382 posset
3292 3314 3361 3366 ad

1774 3399 1917 3454 hanc
1947 3400 2326 3470 explicandam
2368 3401 2582 3471 copiam
2621 3417 2906 3458 numerus.
2934 3402 3090 3469 Quod
3141 3405 3190 3459 si
3244 3404 3362 3462 haec

1775 3492 1996 3546 virtutis
2016 3492 2138 3561 ejus
2171 3507 2300 3561 pars
2329 3502 2385 3547 et
2420 3492 2644 3547 laudum
2670 3494 2887 3563 species
2914 3502 3025 3549 tam
3072 3505 3226 3553 vasta
3252 3507 3361 3561 est,

1775 3582 1907 3653 quid
1944 3583 2034 3637 illa
2056 3590 2137 3638 tot
2160 3582 2371 3653 reliqua
2399 3592 2604 3651 quanta
2628 3584 2901 3654 profunda
2928 3587 3283 3644 meditatione
3302 3601 3359 3645 et

1780 3675 2134 3731 contentione
2186 3676 2431 3747 improba
2486 3684 2735 3733 extrema
2784 3677 3005 3734 demum
3059 3690 3221 3737 aetate
3270 3682 3367 3738 vix

1776 3768 1998 3838 quidam
2060 3774 2321 3837 poterunt
2377 3768 2639 3838 assequi,
2706 3770 2909 3841 quibus
2972 3770 3175 3827 Paulus
3238 3787 3366 3828 tan-

1777 3876 1940 3929 quam
1995 3862 2279 3919 eolorihus
2321 3861 2497 3934 pingit
2542 3878 2829 3919 sacrorum
2872 3865 3219 3935 principem?
3256 3866 3365 3923 Sed

1775 3970 1841 4011 ea
1873 3956 2057 4010 omnia
2103 3964 2365 4025 tanquam
2421 3954 2612 4011 eadem
2656 3970 2783 4009 cum
2844 3971 2910 4012 eo
2978 3958 3170 4013 matris
3233 3959 3365 4016 alvo

88 4053 482 4122 μορφωμένοις
507 4051 757 4121 ὑπῆρχεν
813 4051 1129 4119 ὁμοιοτέρα.
1172 4048 1380 4100 Ἐκεῖνο
1414 4046 1471 4099 δὲ
1504 4049 1553 4099 εί
1583 4047 1678 4101 καὶ

1778 4058 2043 4116 concepta
2105 4048 2418 4116 etlttctaque
2487 4049 2568 4103 sic
2634 4063 2760 4103 eum
2818 4050 3192 4118 sequebantur
3251 4066 3370 4105 ma-

88 4142 166 4195 δια
187 4140 399 4203 παντὸς
441 4138 794 4211 περιχορεύει
822 4141 1111 4208 στὸματος,
1150 4138 1246 4191 καὶ
1273 4138 1471 4209 μέχρις
1507 4137 1573 4191 ἂν
1606 4137 1677 4206 γῆ

1780 4140 1972 4211 gisque
2025 4140 2379 4209 inseparabili
2436 4155 2561 4195 cum
2643 4157 2710 4196 eo
2789 4156 2932 4195 nexu
2998 4142 3369 4207 cohaerebant,

89 4232 174 4283 καὶ
228 4229 474 4301 οὐρανὸς
600 4228 661 4280 οὐ
698 4227 847 4298 λήξει
900 4228 1146 4300 χορεῦον,
1181 4228 1528 4298 προσκείσθω
1565 4229 1679 4292 τοῖς

1779 4248 1945 4303 quam
2003 4232 2250 4303 fragrare
2306 4248 2534 4289 suavem
2596 4234 2822 4289 odorem
2880 4233 3107 4290 ﬂoribus
3168 4250 3372 4290 conve-

84 4320 417 4390 εἰρημένοις.
444 4316 520 4369 Τὸ
550 4318 731 4381 ποῖονς
758 4319 822 4369 Ὅ
843 4320 952 4380 τοῖς
981 4319 1060 4380 εἰς
1086 4316 1213 4387 ᾇδου
1244 4317 1498 4387 λαχοῦσιν
1523 4318 1679 4372 ἀπιέ-

1782 4327 1897 4379 niat
1934 4325 2031 4395 qui
2077 4324 2356 4380 odorifera
2411 4336 2610 4380 natura
2667 4333 2822 4383 sunt.
2866 4324 3233 4391 Quamobrem
3271 4326 3373 4379 im—

85 4427 163 4460 ναι
196 4409 399 4477 κλήρῳ
436 4405 612 4475 ἀδίκῳ
642 4406 741 4475 τὴν
763 4408 880 4459 ἐκεῖ
911 4408 1189 4462 ἀνέστειλε
1219 4408 1466 4461 κάθοδον.
1496 4409 1577 4461 Δι’
1603 4402 1679 4463 ὧν

1782 4428 2017 4488 portuna
2072 4416 2148 4471 sit
2197 4418 2387 4487 utique
2427 4418 2485 4471 in
2533 4418 2644 4472 illis
2696 4432 2871 4472 mora.
2932 4418 3158 4472 Summa
3207 4432 3374 4488 porro

83 4499 183 4565 ὀξεῖ
214 4502 346 4553 ποδὶ
372 4499 706 4571 προφθάσας
748 4498 777 4551 ὁ
827 4501 1034 4570 ποιμὴν
1062 4503 1090 4553 ὀ
1117 4500 1301 4567 καλὸς,
1332 4503 1361 4555 ὁ
1403 4501 1676 4573 ἀληθινὸς,

84 4596 175 4663 τὴν
225 4592 423 4660 ὀξεῖαν
475 4591 721 4664 ἡμϐλυνε
773 4592 1053 4664 τελευτήν.
1101 4594 1197 4655 Τίς
1230 4595 1340 4646 τῶν
1378 4594 1473 4647 νῦν
1510 4594 1678 4664 ἣτῶν

85 4688 326 4753 πώποτε,
355 4688 609 4741 τοιοῦτον
642 4685 1063 4759 ἐξειργασμένος
1085 4686 1264 4759 ὣφθη;
1282 4688 1365 4752 τίς
1394 4688 1440 4741 δ’
1463 4696 1687 4742 επικου-

90 4782 245 4851 ρῆσαι
264 4778 528 4844 τοσοῦτο,
553 4779 652 4832 καὶ
665 4780 924 4848 διακόψαι
943 4779 1044 4850 μὲν
1064 4780 1236 4849 ἄρκυς
1253 4781 1510 4847 θανάτου,
1539 4782 1683 4853 ζωὴν

90 4874 128 4924 δ’
152 4872 499 4943 ἐπιστρέψαι
523 4870 701 4941 δημίῳ
733 4869 874 4939 ξίφει
905 4870 1101 4941 μικροῦ
1125 4868 1549 4944 ἁπιοῦσαν;⁷Λρ’
1570 4874 1683 4944 ἔχει

89 4984 165 5028 τις
186 4967 219 5036 ἢ
248 4966 369 5019 τῶν
403 4965 524 5019 ἄνω
544 4964 577 5035 ἢ
594 4963 703 5016 τῶν
723 4966 873 5017 κάτω
889 4963 984 5017 τοῦ
1009 4965 1203 5034 χρόνου
1222 4971 1567 5034 παραγαγεῖν
1586 4966 1682 5019 τοῦ

90 5064 425 5129 πράγματος
448 5054 918 5125 ὁμοιότητα;ἀλλ’
959 5057 1060 5108 οὐκ
1077 5055 1189 5125 ἐγὼ
1231 5051 1406 5127 οἶμαι.
1441 5059 1588 5128 Πλὴν
1633 5059 1682 5112 εί

91 5154 158 5224 μὴ
181 5152 319 5222 φαίη
358 5167 451 5212 τις
478 5149 571 5201 τὸν
584 5148 799 5219 πρῶτον
818 5149 1209 5220 ἀρχιερέα,τὸν
1236 5150 1368 5220 ἐμὸν
1395 5150 1623 5218 Ἰησοῦν,
1641 5142 1687 5219 ᾧ

91 5248 203 5297 κατ’
243 5248 399 5316 ἴχνος
435 5238 597 5307 οὗτος
619 5243 887 5313 ἑπόμενος
910 5244 990 5306 εἰς
1030 5242 1336 5314 ἀκρίϐειαν,
1368 5244 1535 5308 ὀξέως
1577 5248 1691 5309 τοῖς

92 5339 435 5392 ἀπολωλόσιν
465 5337 552 5400 ἂν,
589 5337 638 5388 εί
675 5337 747 5406 μὴ
802 5336 1031 5407 ἐπέστη,
1086 5338 1365 5408 σωτηρίαν
1406 5338 1689 5410 ἐκόμισεν,

92 5434 234 5503 ἣδιον
256 5428 426 5494 οὗτος
460 5432 867 5501 προσχωρήσας
887 5430 965 5500 τῷ
988 5430 1219 5502 κινδύνῳ
1248 5431 1280 5501 ἣ
1303 5434 1422 5496 ταῖς
1445 5434 1693 5487 ἁνέσεσιν

1783 4510 2059 4566 dictorum
2088 4510 2203 4566 haec
2231 4519 2372 4566 esto.
2407 4508 2595 4565 Solum
2628 4510 2772 4564 hunc
2816 4525 2883 4565 ex
2915 4511 3174 4565 omnibus
3203 4511 3372 4566 etiam

1785 4612 1913 4659 ante
1939 4603 2237 4673 diploidem
2286 4603 2579 4659 sacerdotii
2613 4604 2893 4672 propriam
2952 4616 3159 4658 vestem
3204 4619 3374 4658 orna-

1787 4708 1900 4751 tum
1934 4697 2053 4767 ejus
2086 4695 2373 4768 dignitatis
2414 4710 2636 4750 omnem
2678 4695 2949 4760 induisse,
3002 4707 3076 4759 et,
3135 4696 3182 4752 si
3241 4696 3374 4751 licet

1786 4790 1994 4856 dicere,
2038 4799 2167 4844 ante
2199 4788 2440 4845 chrisma
2471 4788 2757 4844 chrismati
2792 4789 3166 4845 succurrisse.
3192 4790 3374 4861 Atque

1786 4884 1914 4938 inde
1946 4884 2179 4949 maxime
2209 4882 2377 4936 etiam
2431 4889 2561 4935 ante
2602 4880 2833 4952 mystica
2868 4880 3024 4950 signa
3043 4880 3243 4934 summi
3281 4894 3373 4934 sa-

1787 4975 2023 5032 cerdotii
2075 4974 2234 5045 quasi
2292 4974 2476 5045 imago
2504 4974 2562 5029 in
2615 4989 2682 5030 eo
2727 4973 2947 5028 refulsit
2977 4974 3295 5043 expressior
3320 4980 3378 5027 et

1787 5069 2038 5139 exemplo
2063 5067 2297 5125 similior
2317 5082 2482 5138 quam
2501 5067 2557 5122 in
2588 5066 2695 5121 illis
2721 5066 3044 5136 plerumque
3075 5066 3252 5121 soleat
3280 5065 3376 5133 qui

1789 5162 2073 5218 consuetis
2126 5159 2387 5217 Ecclesiae
2437 5159 2781 5215 caeremoniis
2828 5173 2892 5215 ea
2940 5166 3072 5213 sunt
3108 5157 3376 5227 insigniti.

1791 5254 1931 5310 Illud
1963 5270 2096 5310 vero
2123 5269 2440 5324 quanquam
2476 5267 2573 5324 per
2622 5252 2871 5308 omnium
2908 5258 3139 5321 vagatur
3164 5265 3287 5315 ora,
3324 5258 3379 5304 et

1796 5348 1976 5403 donec
2012 5349 2116 5402 erit
2159 5347 2360 5402 cmlum
2402 5354 2456 5402 et
2482 5353 2629 5399 terra
2668 5343 2851 5415 vagari
2886 5357 2996 5397 non
3031 5342 3266 5407 desinet,
3294 5352 3378 5395 ta-

1799 5456 1924 5496 men
1952 5440 2038 5495 hic
2088 5453 2309 5509 quoque
2348 5438 2461 5509 jam
2493 5437 2658 5494 dictis
2702 5436 2951 5493 accedat.
2996 5435 3167 5503 Quale
3196 5443 3378 5493 autem

1642 5554 1876 5615 NOTAE.

161 5648 273 5723 (29)
302 5644 529 5723 Πλῆθρς
558 5646 723 5723 ,ἰδιυά
765 5653 848 5723 est
879 5660 1141 5723 numerus
1179 5649 1403 5723 navium
1452 5660 1505 5704 et
1532 5651 1735 5707 dueum
1776 5668 1841 5708 ac
1878 5653 2186 5716 cohortium
2219 5651 2535 5707 Graecarum
2586 5650 2741 5708 lliutn
2778 5647 3103 5723 petentium.
3144 5644 3380 5707 Παλαιὸν

96 5714 220 5774 vero
246 5719 385 5781 ἔπος
418 5714 526 5771 hic
558 5714 781 5771 Homeri
814 5732 1009 5772 versus
1039 5715 1212 5771 Iliad.
1239 5717 1278 5769 Β
1310 5736 1325 5773 :

841 5809 1048 5864 Οὑδέτ
1073 5826 1174 5877 μοι
1204 5810 1351 5864 δέκα
1389 5815 1506 5881 μὲν
1557 5815 1852 5882 γλῶσσαι,
1894 5817 2040 5875 δέκα
2066 5818 2135 5874 δὲ
2171 5821 2417 5892 στόματ’
2456 5816 2599 5877 εἶεν.

162 5904 271 5963 Nec
321 5905 625 5964 dissimulo
656 5905 825 5963 videri
856 5920 951 5976 pro
980 5904 1171 5977 πλήθη
1222 5907 1593 5977 reponendum
1638 5914 1854 5978 ποιητῆ.
