4182 6440
797 401 901 462 223

2031 392 2313 454 LEONIS
2346 391 2446 451 PH
2460 389 2810 451 [LOSOPHI

3970 390 4079 451 Ξῖὲὶί

803 526 896 578 id?
929 525 1083 590 Quod
1128 524 1387 578 nimirum
1444 523 1652 593 injusto
1690 532 1743 578 et
1776 518 2042 592 praecipiti
2078 518 2290 570 calculo
2320 515 2386 568 ad

2507 512 2690 582 ἱτεροι.
2736 511 2896 566 Ἀλλὰ
2934 513 2987 565 τί
3015 513 3203 579 πάθως
3252 512 3432 583 Ὅπερ
3451 513 3561 583 γὰρ
3602 513 3715 574 τοῖς
3758 510 4080 572 ἐπαινέταις

801 638 991 673 oreuni
1017 621 1127 689 jam
1182 619 1369 674 missis
1400 619 1635 673 reditum
1682 619 1810 673 inde
1855 613 2156 684 expedierit
2182 611 2390 665 saluta-

805 730 941 775 rem,
977 712 1177 781 quibus
1208 722 1390 767 autem
1418 712 1632 767 viribus
1671 719 1826 765 tanta
1866 707 2063 777 pedum
2099 704 2393 759 velocitate

806 816 990 877 pastor
1034 805 1127 859 hic
1187 806 1365 859 bonus
1400 804 1573 858 valuit
1625 812 1684 859 ut
1720 802 1957 871 tempori
1984 799 2202 853 adesset
2245 796 2393 849 velut

804 897 868 949 ad
929 895 1289 949 liebetandam
1324 895 1502 950 cladis
1530 895 1779 965 jugulum
1811 893 1919 962 iam
1946 890 2169 945 libantis
2196 887 2391 953 aciem,

804 997 857 1041 et
893 987 1261 1059 projectorum
1300 986 1528 1057 jamque
1578 985 2036 1057 prrecipitantium
2071 988 2394 1036 servaturus

804 1094 994 1134 casum
1030 1086 1350 1147 occuparet.
1397 1079 1533 1145 Quis
1585 1086 1679 1131 aut
1730 1092 1922 1132 eorum
1970 1074 2062 1145 qui
2090 1086 2236 1127 nunc
2268 1079 2397 1127 sunt

806 1181 899 1225 aut
946 1173 1039 1241 qui
1084 1172 1213 1225 olim
1269 1171 1493 1226 fuerunt
1526 1170 1691 1224 fando
1733 1184 1972 1238 unquam
2025 1166 2248 1220 auditus
2288 1164 2397 1219 tale

805 1273 1155 1334 perpetrasse
1207 1263 1535 1333 quidpiam?
1595 1262 1730 1328 Quis
1766 1270 1980 1315 tantum
2037 1258 2300 1327 adjuvare
2340 1258 2397 1311 et

807 1357 1073 1411 diﬂ‘ractis
1109 1366 1331 1428 repente
1366 1356 1561 1411 mortis
1586 1357 1823 1425 praedam
1863 1354 1975 1424 jam
2008 1352 2273 1423 amplexae
2308 1364 2397 1403 re-

808 1453 958 1505 tibus
986 1452 1149 1504 vitam
1186 1463 1444 1503 revocare
1498 1448 1749 1503 carniﬁci
1796 1447 1979 1517 gladio
2038 1454 2251 1499 tantum
2289 1458 2395 1496 non

806 1547 915 1611 jam
953 1544 1234 1611 expulsam
1270 1541 1578 1621 valtiitiAn
1611 1549 1696 1593 est
1724 1539 1924 1608 aliquis
1951 1546 2047 1590 aut
2078 1539 2131 1591 in
2164 1544 2393 1605 praster-

811 1638 868 1690 iti
897 1636 1157 1690 memoria
1200 1643 1293 1687 aut
1333 1634 1385 1687 in
1451 1632 1619 1685 futuri
1653 1646 1747 1698 spe
1787 1646 1852 1685 ac
1885 1630 2029 1685 serie
2054 1629 2148 1697 qui
2185 1627 2398 1680 facinus

813 1731 984 1783 ullum
1018 1743 1177 1782 suum
1238 1724 1304 1779 ad
1350 1724 1514 1793 hujus
1554 1722 1754 1778 olIerrc
1782 1724 2256 1792 comparationem
2297 1733 2398 1770 au-

2494 606 2550 655 ἐν
2572 606 2684 666 τοῖς
2710 604 2916 668 λοιποῖς
2944 605 3483 674 συνεπιλαμϐάνεται
3510 620 3522 633 °
3562 606 3654 657 καὶ
3684 595 3793 657 οἷον
3819 604 4081 671 ἀνίστησι

2495 697 2719 767 προσιὸν
2738 699 2838 768 τὴν
2866 697 3114 768 γνώμην,
3143 700 3235 750 καὶ
3258 697 3442 767 βοηθεῖ
3464 699 3542 767 τῷ
3565 699 3728 765 λόγῳ,
3766 714 3837 765 φη
3850 699 3910 765 μὶ
3958 698 4025 763 δὴ
4056 699 4083 748 ὁ

2494 789 2603 842 τῶν
2632 791 3140 862 ἐγκωμιαζομένων
3172 792 3641 861 περιφανέστερος
3672 790 3764 843 τοῦ
3789 790 3907 859 βίον
3950 791 4083 857 χρό-

2496 900 2607 947 νος,
2636 880 2798 935 τοῦτο
2821 883 2951 952 ἐμοὶ
2982 882 3357 936 καταπαλαῖον
3385 885 3484 951 τὴν
3517 882 3742 951 γνώμην
3774 883 3934 951 σιγᾷν
3964 884 4090 933 ἐπι-

2496 976 2709 1046 τρέπει.
2735 975 2809 1029 Οὐ
2856 976 2966 1044 γὰρ
3010 976 3242 1038 ἐκείνοις
3283 976 3486 1044 ὁμοίως
3522 977 3577 1027 ἐν
3599 976 3678 1043 τῷ
3706 974 3937 1044 παρόντι
3960 976 4086 1035 ταῖς

2498 1066 2801 1137 εὐφημίαις
2824 1066 3129 1137 αἰπράξεις
3159 1068 3502 1137 ἐπαίρονται.
3542 1066 3865 1119 Τούναντίον
3886 1066 3967 1127 δὲ,
4005 1066 4086 1133 μὴ

2498 1160 2796 1230 ἀρκοῦντος
2825 1159 2920 1213 τοῦ
2951 1160 3137 1228 λόγου,
3174 1162 3202 1213 ό
3224 1160 3334 1215 τῶν
3384 1161 3639 1231 πράξεων
3677 1160 3837 1227 ὄγκος
3882 1160 4088 1224 ἐκείνῳ

2499 1254 2950 1322 συγκαταϐαίνει.
2987 1255 3135 1307 Ἐκεῖ
3171 1255 3271 1325 μὲν
3296 1255 3405 1323 γὰρ
3425 1254 3459 1323 ἡ
3484 1253 3595 1304 τῶν
3623 1252 3795 1320 λόγων
3823 1252 4087 1320 δύναμις,

2499 1346 2561 1399 οὐ
2593 1346 2846 1416 χαλεπῶς
2870 1346 3089 1415 ἐπαίρει
3121 1347 3191 1401 τὰ
3219 1346 3359 1417 ἔργα
3381 1358 3397 1373 ·
3438 1344 3673 1398 ἐνταῦθα
3688 1344 3764 1408 δὲ,
3805 1345 3955 1412 λόγοι
3988 1345 4087 1411 ἐρ-

2494 1454 2611 1505 γων
2636 1440 2932 1509 ἡττῶνται.
2956 1440 3069 1493 Καὶ
3118 1440 3217 1509 οὐχ
3262 1441 3412 1502 ὅπως
3455 1437 3773 1508 προσθήκην
3813 1441 3893 1498 είς
3923 1439 4091 1500 δόξαν

2497 1531 2587 1585 διὰ
2635 1531 2745 1585 τῶν
2797 1533 3039 1587 ἐπαίνων
3068 1532 3138 1585 τὰ
3171 1532 3309 1602 ἔργα
3332 1530 3622 1601 λαμϐάνει,
3652 1530 3786 1584 ἀλλὰ
3807 1532 3900 1584 καὶ
3927 1532 4090 1582 πλεία

2503 1642 2639 1694 στην
2667 1628 2799 1697 ὅσην
2825 1626 3087 1695 ὑπομένει
3132 1626 3356 1696 ζημίαν.
3418 1626 3576 1687 Heio;
3606 1625 3715 1695 γὰρ
3759 1624 3861 1676 οὐκ
3889 1624 3960 1676 ἂν
3998 1624 4093 1692 ζηο

2504 1719 2760 1787 μιώσειεν
2790 1718 3010 1782 ἔπαινος
3038 1718 3193 1771 ταῦθ’
3236 1720 3428 1788 ὑμνεῖν
3455 1718 3914 1787 προαιρούμενος,
3950 1719 3989 1771 ἃ
4011 1719 4093 1786 τῷ

810 1821 981 1876 deat?
1036 1820 1145 1889 Ego
1174 1819 1395 1888 quidem
1429 1826 1578 1871 certe
1631 1831 1741 1869 non
1774 1826 1930 1884 puto.
1960 1813 2074 1867 Nisi
2119 1813 2251 1866 citet
2300 1811 2399 1864 ali-

2507 1812 2622 1863 κατ’
2644 1812 2821 1863 ἐκεῖνο
2845 1810 3038 1882 καιροῦ
3068 1811 3137 1863 τὰ
3164 1811 3422 1881 σκῆπτρα
3441 1812 3677 1864 διέποντι
3703 1829 3919 1880 παρεγγ
3932 1813 4089 1882 5ησε,

812 1915 937 1985 quis
992 1908 1229 1983 primum
1288 1926 1353 1964 ac
1412 1924 1690 1964 summum
1751 1921 2040 1961 sacrorum
2094 1904 2396 1959 antistitem

2507 1901 2717 1972 θανάτῳ
2758 1904 3005 1973 μέλλοντι
3036 1903 3377 1975 παραδοῦναι
3407 1904 3529 1957 καθ’
3558 1898 3632 1957 ὧν
3659 1904 3809 1956 οὐδὲν
3829 1901 3900 1974 ν
3930 1907 4092 1956 suo-

812 2022 993 2060 meum
1025 2004 1237 2065 Jesuin,
1274 2003 1435 2071 cujus
1492 2000 1728 2071 vestigia
1786 2000 1873 2053 hic
1931 2007 2241 2052 assectatus
2270 2010 2401 2050 exa-

813 2097 1078 2157 ctissime,
1115 2096 1219 2147 sub
1244 2094 1366 2163 ipso
1398 2092 1553 2147 necis
1589 2092 1702 2145 ictu
1735 2092 1931 2161 positis
1960 2098 2016 2145 et
2049 2089 2257 2157 absque
2282 2087 2401 2156 ejus

815 2188 1050 2241 adventu
1086 2193 1232 2241 esset
1279 2185 1507 2239 omnino
1546 2184 1807 2254 perituris
1852 2183 2087 2237 salutem
2121 2189 2401 2235 momento

815 2280 1033 2341 attulit;
1068 2277 1380 2347 promptius
1414 2277 1505 2331 liic
1531 2277 1946 2346 jucundiusque
2000 2274 2066 2328 ad
2096 2274 2400 2344 periculum

817 2373 1087 2429 accedens
1140 2386 1302 2440 quam
1361 2370 1426 2423 ad
1471 2370 1826 2423 remissiones
1875 2368 2080 2422 caeteri.
2125 2366 2229 2421 Sed
2272 2365 2402 2436 quid

816 2463 1033 2533 patior?
1065 2460 1221 2525 Quod
1248 2460 1395 2514 enim
1435 2461 1754 2515 laudatores
1784 2468 2017 2513 cmteros
2045 2458 2239 2528 juvare
2261 2457 2404 2512 solet

816 2566 869 2610 et
901 2554 1141 2609 excitare
1176 2553 1335 2620 quasi
1379 2551 1647 2605 accedens
1678 2566 1741 2604 ac
1774 2550 2033 2619 expedire
2066 2549 2401 2604 sententiam

820 2644 1208 2711 ingeniumque
1285 2640 1558 2705 dicentis,
1611 2642 1963 2709 oratiouique
2036 2654 2403 2703 succurrere,

822 2737 1082 2789 nimirum
1151 2744 1339 2789 eorum
1420 2735 1513 2805 qui
1596 2734 1894 2787 laudantur
1968 2734 2405 2788 illustrissimum

823 2831 948 2882 vitae
1014 2838 1267 2896 tempus,
1340 2828 1443 2882 hoc
1504 2843 1690 2880 meum
1757 2843 2027 2896 prensans
2096 2828 2408 2896 sistensque

824 2936 1133 2975 sermonem
1199 2921 1363 2974 silere
1426 2920 1642 2974 suadet.
1692 2918 1810 2972 Non
1865 2920 2009 2972 enim
2071 2926 2131 2971 ut
2183 2918 2236 2971 in
2300 2918 2408 2971 illis

827 3014 1197 3084 punegyribus
1262 3013 1337 3066 ita
1414 3012 1505 3067 hic
1560 3026 1779 3081 quoque
1843 3012 2137 3080 exquisitis
2188 3010 2406 3065 dicendi

829 3107 1021 3159 formis
1091 3121 1158 3158 ex
1224 3118 1420 3175 magna
1494 3103 1822 3173 eloquentia:
1887 3105 1939 3156 vi
1994 3103 2255 3172 profectis
2325 3101 2406 3155 fa-

826 3199 1015 3251 cinora
1084 3196 1341 3265 prmelara
1385 3195 1676 3249 tolluntur.
1741 3194 1848 3248 Sed
1895 3194 1985 3249 hic
2041 3210 2072 3249 e
2129 3192 2411 3248 contrario

827 3289 1119 3357 eloquendi
1180 3288 1430 3343 facultati
1461 3303 1556 3357 per
1595 3303 1653 3343 se
1686 3287 1884 3356 impari
1916 3295 1970 3341 et
2000 3287 2279 3341 exhaustae
2310 3287 2412 3341 im-

829 3393 1082 3430 mensum
1141 3376 1211 3430 de
1258 3391 1400 3431 novo
1436 3391 1617 3430 rerum
1666 3376 2049 3431 excellentium
2099 3376 2314 3446 pondus
2337 3378 2417 3431 in-

831 3471 1063 3524 cumbit.
1094 3470 1211 3523 Illic
1241 3473 1387 3522 enim
1424 3468 1659 3522 facultas
1684 3469 1901 3523 dicendi
1937 3471 2239 3540 praevalens
2276 3467 2416 3523 haud

2498 2010 2595 2062 γον
2638 1993 2870 2059 θάνατος
2922 1996 3267 2066 κεκτημένος
3292 2012 3307 2061 ;
3337 1997 3752 2050 Κωνσταντῖνον
3786 1996 3845 2048 δὲ
3878 1999 3905 2049 ὁ
3930 1998 4095 2063 λόγος

2500 2085 2819 2150 αἰνίττεται,
2869 2086 2928 2149 ὃς
2978 2088 3196 2159 πρῶτος
3225 2088 3509 2151 εὐσεϐείας
3538 2091 3854 2160 μαργάροις
3884 2093 4097 2157 κοσμεῖ

2501 2177 2563 2229 τὸ
2598 2176 2859 2245 διάδημα.
2894 2178 3054 2230 Καὶό
3086 2179 3185 2247 μὲν
3227 2178 3459 2249 γηραιὸς
3479 2180 3671 2250 χρόνος
3708 2181 3916 2243 πολλὰς
3963 2180 4098 2250 ὑμῖν

2503 2270 2781 2339 ἐξηγεῖται
2800 2270 2954 2340 παρὰ
2979 2270 3116 2323 Θεοῦ
3144 2271 3496 2343 θεραπόντων
3526 2272 3878 2336 ἐπιστασίας,
3906 2290 4099 2341 παρα-

2502 2362 2739 2431 πλησίαν
2773 2363 2831 2415 δὲ
2884 2362 3145 2433 οὐδεμίαν
3195 2364 3311 2430 ἐξει
3359 2365 3721 2433 ἀπαγγελεῖν.
3780 2367 3927 2435 Ἤδη
3986 2367 4100 2434 γάρ

2502 2471 2651 2517 τινες
2675 2456 2963 2526 ἀφειμένοι
2993 2456 3092 2525 τῆς
3120 2456 3461 2528 βαρυνούσης
3505 2457 3836 2528 παχύτητος,
3866 2460 3965 2511 καὶ
3988 2459 4100 2510 τῶν

2503 2548 2843 2618 ὀστρακίνων
2885 2548 3121 2616 ἐξιόντες
3174 2549 3419 2621 ἐλύτρων
3448 2590 3465 2616 ,
3494 2552 3589 2604 καὶ
3650 2551 3757 2604 τῶν
3810 2552 4102 2620 ἐσόπτρων

2505 2638 2947 2709 ὑπερκύψαντες,
2997 2642 3233 2705 καὶτοῖς
3260 2642 3448 2705 ἁΰλοις
3480 2642 3751 2706 συνόντες,
3791 2643 3892 2695 καὶ
3933 2643 4105 2710 μηδὲν

2511 2734 2782 2802 ἑπόμενον
2806 2735 2903 2804 τῆς
2934 2734 3068 2805 ὕλης
3110 2735 3362 2806 ἐμποδὼν
3391 2737 3627 2807 ἔχοντες,
3663 2740 3776 2799 τοῖς
3806 2738 4104 2809 πὸῤῥωθεν

2510 2827 2770 2881 καλοῦσιν
2800 2828 3138 2897 ἐπέστησαν,
3174 2830 3454 2901 πληρωταὶ
3492 2831 3781 2899 γεγονότες
3825 2826 3906 2883 ὧν
3936 2834 4104 2902 ἔχρῃ-

2512 2916 2604 2978 ζον
2636 2918 2690 2967 ἐν
2725 2916 2923 2988 καιρῷ.
2981 2919 3121 2986 Πρὶν
3168 2919 3225 2971 δὲ
3260 2920 3386 2983 τοὺς
3444 2921 3736 2989 σαρκίνους
3782 2923 4105 2990 ἀπορρῆξαι

2511 3008 2767 3077 δεσμοὺς,
2828 3011 2953 3063 ὅσον
2984 3010 3199 3081 ὑπῆρξε
3232 3011 3431 3082 μακρῷ
3481 3012 3855 3079 διαγεγονέναι
3881 3013 3963 3082 τῷ
3992 3014 4107 3064 δια-

2514 3101 2777 3171 στήματι,
2834 3103 3093 3155 τοσοῦτον
3140 3105 3235 3156 καὶ
3274 3102 3483 3156 τούτων
3517 3102 3833 3157 καλούντων
3868 3104 4108 3156 ἀκοῦσαι

2517 3193 2616 3246 καὶ
2673 3196 2981 3265 παρασχεῖν
3016 3194 3114 3266 τὴν
3150 3196 3475 3266 ἐπικουρίαν
3525 3195 3903 3269 πορρώτερον,
3941 3196 4021 3265 τῷ
4056 3199 4110 3249 δὲ

2518 3284 2598 3337 ἔτι
2625 3286 2839 3339 συνόντι
2868 3290 2988 3350 ταῖς
3021 3290 3362 3358 σωματικαῖς
3381 3288 3588 3351 πέδαις.
3619 3288 3685 3340 Et
3712 3305 3773 3355 γε
3802 3290 3914 3357 χρὴ
3942 3291 4112 3354 φάναι

2517 3378 2733 3447 σώματι
2764 3381 3044 3445 παρεῖναι,
3092 3373 3154 3433 οῦ
3180 3381 3214 3450 ἡ
3244 3379 3469 3451 βοήθεια
3496 3382 3609 3443 τοῖς
3656 3380 3840 3443 ἁῦλοις
3872 3382 4113 3451 ἐφάμιλο

2518 3469 2608 3532 λος
2658 3471 3032 3541 συμϐέϐηκεν,
3074 3472 3151 3536 ὡς
3177 3474 3277 3543 τῆς
3319 3474 3529 3527 ἐκεῖθεν
3556 3473 3969 3544 ἀπηλλαγμένῳ
4006 3492 4114 3526 xm-

832 3562 1107 3617 laboriose
1161 3562 1365 3615 attollit
1417 3576 1584 3632 opera
1615 3560 1937 3625 laudabilia,
1965 3562 2053 3615 hic
2092 3570 2277 3615 autem
2305 3561 2407 3615 elo-

2520 3564 2700 3634 λύμης
2742 3565 2879 3634 ὁμοῦ
2902 3583 2961 3618 τε
2994 3566 3241 3631 ἀπεῖναι,
3266 3568 3364 3621 καὶ
3391 3569 3501 3621 τῶν
3533 3569 3844 3623 καλούντων
3868 3569 4113 3639 ἀκηκοέ-

831 3656 1054 3723 quentia
1116 3655 1296 3707 omnis
1351 3653 1519 3709 rebus
1561 3652 1822 3707 vincitur.
1888 3652 1965 3707 Ac
2019 3660 2230 3706 tantum
2270 3654 2407 3709 abest

2523 3673 2634 3719 ναι,
2668 3656 2763 3710 καὶ
2790 3658 2883 3710 ἐπὶ
2920 3657 3085 3729 ξυροῦ
3116 3659 3351 3713 ἐστῶσιν
3379 3660 3563 3723 αὐτοῖς
3614 3664 3872 3731 παρεῖναι
3904 3664 4111 3731 σωτήρ.

832 3759 893 3801 ιιι
922 3755 1274 3814 augmentum
1288 3745 1475 3815 gloriae
1504 3761 1567 3800 cx
1595 3744 2071 3799 commendatione
2092 3743 2366 3799 laudantis
2401 3761 2567 3815 opera
2595 3748 2889 3817 accipiant,
2924 3756 2983 3802 ut
3006 3748 3171 3803 etiam
3191 3750 3468 3817 jacturam
3491 3752 3767 3820 patiantur
3788 3753 4113 3810 maximam.

832 3844 963 3907 Quae
1007 3842 1153 3894 enim
1189 3841 1404 3895 tandem
1432 3839 1678 3893 laudatio
1729 3853 1842 3893 non
1878 3852 1941 3890 ea
1994 3836 2177 3907 potius
2232 3837 2506 3908 deprimat
2541 3854 2705 3909 quam
2743 3840 2983 3895 celebret
3006 3843 3052 3895 si
3074 3848 3317 3899 tractare
3363 3843 3713 3914 aggrediatur
3750 3859 3872 3913 qua:
3898 3860 4001 3914 per
4033 3847 4120 3899 illa

839 3946 1083 4000 tempora
1116 3938 1334 3999 sceptra
1368 3929 1675 3984 moderanti
1715 3927 2021 3991 mandavit,
2066 3927 2233 3983 morti
2320 3926 2580 3983 addicere
2633 3932 2847 3997 paranti
2894 3931 3162 4000 quosdam
3214 3934 3269 3988 in
3326 3937 3526 4005 quibus
3605 3946 3792 4006 utpote
3868 3938 4121 3993 innoxiis

836 4026 969 4080 nihil
1001 4038 1163 4076 suum
1196 4037 1347 4076 mors
1384 4022 1644 4076 habebat.
1690 4020 2113 4075 Constantinum
2160 4018 2413 4089 designat
2452 4020 2630 4074 oratio
2659 4021 2756 4091 qui
2791 4023 3003 4091 primus
3024 4024 3303 4097 religionis
3334 4029 3645 4097 margaritis
3710 4031 3934 4083 ornavit
4007 4032 4121 4085 dia-

833 4118 1011 4171 dema.
1041 4116 1119 4169 Ac
1152 4124 1308 4170 vetus
1337 4129 1469 4169 sane
1490 4114 1753 4169 memoria
1788 4112 1957 4182 prisci
1980 4113 2243 4181 temporis
2274 4112 2474 4165 multas
2499 4112 2660 4167 nobis
2729 4124 2919 4167 narrat
2980 4114 3076 4170 Dei
3143 4132 3425 4172 servorum
3471 4118 3843 4189 apparitiones
3907 4122 4123 4175 subitas

833 4221 885 4267 et
915 4210 1237 4281 praesentias
1280 4225 1347 4264 ex
1374 4208 1671 4279 longinquo
1706 4215 1986 4262 momento
2050 4207 2339 4269 adductas,
2373 4207 2610 4261 similem
2684 4222 2818 4262 vero
2869 4208 3036 4278 hujus
3089 4211 3293 4264 nullam
3341 4214 3543 4282 poterit
3616 4213 3832 4269 afferre.
3880 4212 3946 4269 In
4020 4216 4124 4269 illis

834 4309 977 4362 enim
1038 4305 1289 4377 deposita
1338 4311 1713 4375 pregravante
1766 4303 1951 4358 carnis
2007 4302 2172 4367 mole,
2262 4304 2455 4356 testeis
2527 4315 2824 4371 corporum
2880 4304 3183 4361 lnvolucris
3241 4308 3450 4377 egressi
3504 4321 3570 4362 ac
3631 4322 3796 4377 supra
3866 4311 4124 4379 specula,

833 4417 1069 4471 quorum
1131 4399 1223 4453 hic
1279 4398 1334 4451 in
1370 4395 1683 4451 simulacris
1713 4403 1767 4450 et
1817 4395 2154 4450 obscuritate
2184 4395 2413 4458 VIVillll‘,
2486 4394 2689 4448 intuitu
2733 4395 2921 4450 liberae
2969 4399 3170 4453 mentis
3241 4400 3523 4469 expedito,
3574 4400 3928 4456 familiariter
4008 4419 4126 4457 Ver-

836 4506 1022 4551 santcs
1050 4507 1176 4547 cum
1233 4489 1535 4560 segregatis
1586 4504 1616 4541 a
1656 4488 1889 4542 materia
1934 4488 2233 4552 mentibus,
2270 4488 2418 4541 nulla
2453 4487 2566 4556 jam
2634 4504 2826 4542 earum
2894 4505 3079 4544 rerum
3108 4506 3230 4560 qua:
3264 4496 3550 4547 materiam
3584 4508 3891 4563 sequuntur
3952 4496 4125 4564 impe-

840 4592 1141 4647 dimentum
1174 4593 1269 4639 aut
1307 4597 1518 4638 moram
1551 4582 1687 4651 ipsis
1715 4581 2030 4650 objiciente,
2091 4580 2418 4650 quibusdam
2462 4582 2614 4649 ipsos
2663 4580 2733 4635 ad
2782 4595 2841 4635 se
2872 4582 3062 4651 procul
3098 4584 3423 4638 vocantibus
3500 4594 3724 4653 repente
3793 4586 4120 4650 adfuerunt,

837 4695 1206 4757 opportunum
1264 4678 1529 4734 auxilium
1590 4676 1954 4747 praesentibus
2021 4691 2212 4730 eorum
2282 4676 2708 4731 necessitatibus
2767 4675 2954 4730 laturi.
3006 4677 3077 4730 At
3116 4677 3219 4731 hoc
3288 4678 3429 4732 idem
3475 4676 3658 4735 facere
3700 4689 3826 4734 ante
3884 4683 4120 4753 abrupta

838 4783 1026 4837 carnis
1056 4776 1301 4841 vincula,
1345 4784 1455 4829 tam
1512 4772 1699 4841 longo,
1730 4774 1977 4841 inquam,
2013 4786 2080 4826 ex
2117 4771 2426 4837 intervallo,
2469 4774 2760 4827 mortalem
2791 4772 2972 4827 adhuc
3028 4780 3082 4827 et
3107 4784 3366 4829 vocantes
3411 4775 3688 4831 audivisse
3730 4785 3784 4830 et
3852 4780 4123 4832 auxilium

839 4868 1285 4945 periclitantibus
1312 4874 1762 4936 reprmsentasse,
1798 4864 1851 4917 id
1891 4879 2028 4919 vero
2094 4873 2247 4918 tanto
2332 4866 2625 4919 intervallo
2678 4867 2939 4934 praecedit
3006 4875 3196 4935 atque.
3231 4869 3508 4922 antecellit
3567 4869 3657 4922 illa
3711 4884 3833 4939 qua:
3882 4872 4126 4925 diximus

842 4967 1109 5022 miracula
1141 4970 1349 5033 quanta
1396 4961 1502 5015 fuit
1535 4959 1799 5015 distantia
1835 4959 2083 5013 locorum
2112 4959 2165 5013 in
2198 4974 2433 5029 quorum
2477 4960 2595 5029 ipse
2630 4960 2825 5025 altero,
2857 4962 2911 5015 in
2945 4960 3121 5015 altero
3150 4960 3355 5025 Caesar,
3383 4971 3496 5016 tum
3530 4972 3707 5018 erant.
3764 4964 3901 5029 Quae
3982 4972 4122 5019 nmi-

843 5062 941 5114 fica
969 5059 1251 5115 celeritate
1294 5055 1599 5125 pervolavit
1638 5067 1958 5123 corporeus,
2009 5054 2210 5123 quibus
2251 5054 2431 5109 adhuc
2465 5063 2585 5109 erat
2613 5054 2939 5125 implicitus,
2996 5056 3245 5125 laqueos,
3282 5066 3431 5109 tanta
3468 5060 3516 5111 vi
3549 5059 3819 5113 eluctatus
3883 5072 3950 5115 ut
4029 5074 4126 5114 tatu

843 5156 1035 5226 procul
1062 5168 1267 5221 corpus
1320 5164 1481 5204 suum
1545 5154 1823 5201 momento
1855 5146 2095 5201 sisteret.
2154 5146 2210 5201 Si
2245 5156 2425 5203 tamen
2472 5148 2655 5204 dicere
2682 5164 2820 5219 opus
2838 5162 2922 5204 est
2953 5166 3183 5220 corpore
3212 5162 3535 5219 praesentem
3567 5152 3675 5206 illic
3746 5153 3922 5211 fuisse
3981 5158 4130 5221 cujus

842 5261 1111 5303 accursus
1155 5241 1649 5301 etsuccursusille
1702 5238 1940 5293 actionis
1990 5239 2437 5309 incorporearum
2513 5244 2781 5296 mentium
2827 5243 3061 5299 mmulus
3115 5244 3273 5314 quasi
3332 5255 3385 5299 et
3438 5244 3558 5315 ipse
3634 5250 3782 5300 omni
3839 5252 4123 5318 expeditus

843 5342 1088 5399 materiae
1145 5344 1287 5397 mole
1344 5342 1648 5399 absentiam
1698 5361 1854 5399 suam
1906 5360 2030 5398 cum
2086 5345 2439 5400 exaudilione
2480 5344 2792 5415 rogantium
2859 5348 3011 5403 visus
3073 5354 3158 5403 est
3211 5349 3614 5419 conjunxisse:
3678 5365 3827 5414 uno,
3882 5352 4128 5423 inquam,

847 5443 1129 5492 momento
1163 5436 1320 5506 longe
1343 5438 1585 5494 abfuisse
1619 5447 1672 5494 et
1724 5438 1778 5493 in
1815 5439 1932 5493 acie
1964 5440 2245 5493 novaculae
2282 5440 2477 5509 positis
2510 5442 2765 5511 praesenti
2802 5442 3008 5496 auxilio
3036 5442 3283 5499 adfuisse
3311 5444 3505 5498 salutis
3548 5452 3857 5499 auctorem.

919 5549 1113 5605 Utrum
1175 5549 1344 5619 igitur
1394 5567 1504 5605 non
1550 5564 1934 5607 consentanea:
1974 5553 2245 5621 dicebam,
2294 5554 2436 5609 unde
2472 5573 2515 5627 ο

849 5638 973 5693 aliis
1025 5639 1261 5694 facultas
1318 5642 1581 5697 orationis
1641 5641 1849 5709 aﬂluit,
1896 5643 2133 5698 indidem
2194 5644 2435 5714 inopiam

851 5732 982 5786 mibi
1025 5733 1295 5788 sermonis
1344 5735 1645 5789 exsistere?
1692 5732 1809 5788 Jam
1854 5736 1997 5789 enim
2040 5738 2093 5790 in
2150 5736 2435 5790 illustriori

848 5825 974 5881 vita:
1005 5824 1126 5881 loco
1164 5826 1502 5885 constitutus
1527 5828 1647 5899 ejus
1683 5844 1841 5899 quem
1875 5829 2041 5885 laudo
2074 5831 2200 5897 viri,
2237 5830 2437 5901 quibus

2614 5551 2742 5626 Ἆρ’
2776 5552 2870 5609 οὖν
2904 5556 3214 5621 ἀπεικότως
3246 5557 3487 5627 ἐφάμην,
3521 5558 3597 5621 ὠς
3638 5558 3764 5610 ὅθεν
3806 5560 3926 5621 τοῖς
3959 5559 4128 5617 ἄλλοις

2546 5645 2641 5699 τοῦ
2690 5647 2872 5717 λέγειν
2902 5651 2934 5719 ἡ
2966 5649 3218 5721 εὐπορία,
3272 5649 3484 5703 ἐκεῖθεν
3517 5650 3641 5720 ἐμοὶ
3671 5650 4045 5720 παραγίνεται
4101 5652 4127 5716 η

2547 5740 2777 5809 ἀπορία.
2815 5740 2956 5813 Ἤδη
2992 5742 3103 5811 γὰρ
3158 5741 3216 5793 ἐν
3252 5741 3700 5811 περιφανεστὲρῳ
3751 5740 3848 5793 τοῦ
3889 5740 4009 5810 βίου
4046 5740 4127 5791 v.3

2550 5830 2645 5886 νῦν
2674 5834 2952 5899 καταστὰς
2981 5833 3435 5906 εὐφημουμένου,
3469 5834 3569 5887 οὐκ
3598 5834 3703 5903 ἔχω
3727 5833 3781 5887 τί
3813 5840 4125 5905 χρῂσωμαι,
