  <div class='ocr_page' id='page_1' title='image "/cluster/home/n/w/nwhite01/storage/ocr_20150623/107/nnc1.0046980040/174.png"; bbox 0 0 4182 6440; ppageno 0'>
   <div class='ocr_carea' id='block_1_1' title="bbox 124 407 213 470">
    <p class='ocr_par' dir='ltr' id='par_1_1' title="bbox 124 407 213 470">
     <span class='ocr_line' id='line_1_1' title="bbox 124 407 213 470; baseline 0 0"><span class='ocrx_word' id='word_1_1' title='bbox 124 407 213 470; x_wconf 70' lang='grc' dir='ltr'><strong>ἳῖ5</strong></span> 
     </span>
    </p>
   </div>
   <div class='ocr_carea' id='block_1_2' title="bbox 840 401 2586 464">
    <p class='ocr_par' dir='ltr' id='par_1_2' title="bbox 840 401 2586 464">
     <span class='ocr_line' id='line_1_2' title="bbox 840 401 2586 464; baseline 0.003 -6"><span class='ocrx_word' id='word_1_2' title='bbox 840 403 1120 462; x_wconf 73' lang='lat' dir='ltr'><strong>UltATIO</strong></span> <span class='ocrx_word' id='word_1_3' title='bbox 1168 404 1353 464; x_wconf 69' lang='lat' dir='ltr'><strong>XVII.</strong></span> <span class='ocrx_word' id='word_1_4' title='bbox 1392 428 1454 437; x_wconf 87' lang='lat'><strong>—</strong></span> <span class='ocrx_word' id='word_1_5' title='bbox 1500 404 1577 462; x_wconf 70' lang='lat' dir='ltr'><strong>IN</strong></span> <span class='ocrx_word' id='word_1_6' title='bbox 1623 405 1681 462; x_wconf 87' lang='lat' dir='ltr'><strong>S.</strong></span> <span class='ocrx_word' id='word_1_7' title='bbox 1728 401 2121 462; x_wconf 75' lang='lat' dir='ltr'><strong>NICOLAUM</strong></span> <span class='ocrx_word' id='word_1_8' title='bbox 2156 402 2586 463; x_wconf 73' lang='lat' dir='ltr'><strong>MYRENSEM.</strong></span> 
     </span>
    </p>
   </div>
   <div class='ocr_carea' id='block_1_3' title="bbox 3244 408 3347 469">
    <p class='ocr_par' dir='ltr' id='par_1_3' title="bbox 3244 408 3347 469">
     <span class='ocr_line' id='line_1_3' title="bbox 3244 408 3347 469; baseline -0.019 0"><span class='ocrx_word' id='word_1_9' title='bbox 3244 408 3347 469; x_wconf 72' lang='lat'><strong>226</strong></span> 
     </span>
    </p>
   </div>
   <div class='ocr_carea' id='block_1_4' title="bbox 122 514 1689 586">
    <p class='ocr_par' dir='ltr' id='par_1_4' title="bbox 122 514 1675 586">
     <span class='ocr_line' id='line_1_4' title="bbox 122 514 1675 586; baseline -0.003 -16"><span class='ocrx_word' id='word_1_10' title='bbox 122 520 191 570; x_wconf 73' lang='grc' dir='ltr'><strong>διὰ</strong></span> <span class='ocrx_word' id='word_1_11' title='bbox 217 516 311 570; x_wconf 86' lang='grc' dir='ltr'><strong>δύο</strong></span> <span class='ocrx_word' id='word_1_12' title='bbox 332 516 505 569; x_wconf 79' lang='grc' dir='ltr'>ταῦτα</span> <span class='ocrx_word' id='word_1_13' title='bbox 527 530 538 543; x_wconf 87' lang='grc'>·</span> <span class='ocrx_word' id='word_1_14' title='bbox 568 514 691 567; x_wconf 77' lang='grc' dir='ltr'>οὔτε</span> <span class='ocrx_word' id='word_1_15' title='bbox 720 515 829 582; x_wconf 69' lang='grc' dir='ltr'><strong>γὰρ</strong></span> <span class='ocrx_word' id='word_1_16' title='bbox 854 514 1017 579; x_wconf 77' lang='grc' dir='ltr'>ἀξίως</span> <span class='ocrx_word' id='word_1_17' title='bbox 1049 516 1222 566; x_wconf 72' lang='grc' dir='ltr'>εἰπεῖν</span> <span class='ocrx_word' id='word_1_18' title='bbox 1253 533 1304 567; x_wconf 89' lang='grc' dir='ltr'><strong>τι</strong></span> <span class='ocrx_word' id='word_1_19' title='bbox 1333 516 1516 586; x_wconf 72' lang='grc' dir='ltr'>ῥᾴδιον</span> <span class='ocrx_word' id='word_1_20' title='bbox 1547 514 1675 585; x_wconf 76' lang='grc' dir='ltr'>περὶ</span> 
     </span>
    </p>
   </div>
   <div class='ocr_carea' id='block_1_5' title="bbox 1789 514 3352 586">
    <p class='ocr_par' dir='ltr' id='par_1_5' title="bbox 1789 514 3352 585">
     <span class='ocr_line' id='line_1_5' title="bbox 1789 514 3352 585; baseline 0.008 -21"><span class='ocrx_word' id='word_1_21' title='bbox 1789 515 1958 566; x_wconf 80' lang='lat' dir='ltr'><strong>verbis</strong></span> <span class='ocrx_word' id='word_1_22' title='bbox 1983 514 2250 581; x_wconf 70' lang='lat' dir='ltr'><strong>defungar</strong></span> <span class='ocrx_word' id='word_1_23' title='bbox 2275 530 2383 567; x_wconf 90' lang='lat' dir='ltr'><strong>non</strong></span> <span class='ocrx_word' id='word_1_24' title='bbox 2422 515 2617 578; x_wconf 87' lang='lat' dir='ltr'><strong>habeo,</strong></span> <span class='ocrx_word' id='word_1_25' title='bbox 2661 529 2879 585; x_wconf 79' lang='lat' dir='ltr'><strong>promer</strong></span> <span class='ocrx_word' id='word_1_26' title='bbox 2914 519 3025 573; x_wconf 65' lang='lat' dir='ltr'><strong>haec</strong></span> <span class='ocrx_word' id='word_1_27' title='bbox 3078 520 3187 572; x_wconf 88' lang='lat' dir='ltr'><strong>duo</strong></span> <span class='ocrx_word' id='word_1_28' title='bbox 3216 540 3226 574; x_wconf 90' lang='lat'><strong>:</strong></span> <span class='ocrx_word' id='word_1_29' title='bbox 3256 538 3352 576; x_wconf 32' lang='lat' dir='ltr'><strong>ne;</strong></span> 
     </span>
    </p>
   </div>
   <div class='ocr_carea' id='block_1_6' title="bbox 123 601 1672 676">
    <p class='ocr_par' dir='ltr' id='par_1_6' title="bbox 123 601 1672 676">
     <span class='ocr_line' id='line_1_6' title="bbox 123 601 1672 676; baseline -0.002 -16"><span class='ocrx_word' id='word_1_30' title='bbox 123 610 305 669; x_wconf 69' lang='grc' dir='ltr'>αὐτῶν,</span> <span class='ocrx_word' id='word_1_31' title='bbox 359 606 474 658; x_wconf 74' lang='grc' dir='ltr'><strong>οὔθ’</strong></span> <span class='ocrx_word' id='word_1_32' title='bbox 505 606 579 666; x_wconf 81' lang='grc' dir='ltr'>ὡς</span> <span class='ocrx_word' id='word_1_33' title='bbox 608 601 717 657; x_wconf 77' lang='grc' dir='ltr'>οἷόν</span> <span class='ocrx_word' id='word_1_34' title='bbox 746 607 801 657; x_wconf 79' lang='grc' dir='ltr'>τέ</span> <span class='ocrx_word' id='word_1_35' title='bbox 829 607 976 658; x_wconf 75' lang='grc' dir='ltr'>ἐστιν</span> <span class='ocrx_word' id='word_1_36' title='bbox 1003 605 1441 676; x_wconf 73' lang='grc' dir='ltr'><strong>ἐξειργασμένων</strong></span> <span class='ocrx_word' id='word_1_37' title='bbox 1471 606 1672 667; x_wconf 78' lang='grc' dir='ltr'>αὐτῶν,</span> 
     </span>
    </p>
   </div>
   <div class='ocr_carea' id='block_1_7' title="bbox 122 696 1677 767">
    <p class='ocr_par' dir='ltr' id='par_1_7' title="bbox 122 696 1677 767">
     <span class='ocr_line' id='line_1_7' title="bbox 122 696 1677 767; baseline -0.001 -17"><span class='ocrx_word' id='word_1_38' title='bbox 122 698 423 751; x_wconf 75' lang='grc' dir='ltr'><strong>τελευταίαν</strong></span> <span class='ocrx_word' id='word_1_39' title='bbox 452 698 634 767; x_wconf 81' lang='grc' dir='ltr'>εὑρεῖν</span> <span class='ocrx_word' id='word_1_40' title='bbox 676 696 918 767; x_wconf 79' lang='grc' dir='ltr'>κορυφὴν</span> <span class='ocrx_word' id='word_1_41' title='bbox 962 696 1029 764; x_wconf 83' lang='grc' dir='ltr'><strong>ἢν</strong></span> <span class='ocrx_word' id='word_1_42' title='bbox 1075 696 1342 765; x_wconf 70' lang='grc' dir='ltr'>ἐπιθήσω.</span> <span class='ocrx_word' id='word_1_43' title='bbox 1392 696 1537 750; x_wconf 86' lang='grc' dir='ltr'>Ἐκεῖ</span> <span class='ocrx_word' id='word_1_44' title='bbox 1568 698 1677 764; x_wconf 70' lang='grc' dir='ltr'><strong>γὰρ</strong></span> 
     </span>
    </p>
   </div>
   <div class='ocr_carea' id='block_1_8' title="bbox 124 785 1675 855">
    <p class='ocr_par' dir='ltr' id='par_1_8' title="bbox 124 785 1675 855">
     <span class='ocr_line' id='line_1_8' title="bbox 124 785 1675 855; baseline 0.001 -17"><span class='ocrx_word' id='word_1_45' title='bbox 124 789 185 848; x_wconf 77' lang='grc' dir='ltr'>είς</span> <span class='ocrx_word' id='word_1_46' title='bbox 214 787 281 838; x_wconf 68' lang='grc' dir='ltr'>τὰ</span> <span class='ocrx_word' id='word_1_47' title='bbox 309 786 613 854; x_wconf 76' lang='grc' dir='ltr'>τιμιώτερα</span> <span class='ocrx_word' id='word_1_48' title='bbox 640 785 747 837; x_wconf 86' lang='grc' dir='ltr'><strong>τῶν</strong></span> <span class='ocrx_word' id='word_1_49' title='bbox 779 786 993 854; x_wconf 79' lang='grc' dir='ltr'><strong>ἑκάστῳ</strong></span> <span class='ocrx_word' id='word_1_50' title='bbox 1019 785 1491 855; x_wconf 82' lang='grc' dir='ltr'><strong>πεπολιτευμένων</strong></span> <span class='ocrx_word' id='word_1_51' title='bbox 1523 788 1675 855; x_wconf 80' lang='grc' dir='ltr'>γενό-</span> 
     </span>
    </p>
   </div>
   <div class='ocr_carea' id='block_1_9' title="bbox 125 855 1678 947">
    <p class='ocr_par' dir='ltr' id='par_1_9' title="bbox 125 872 1678 947">
     <span class='ocr_line' id='line_1_9' title="bbox 125 872 1678 947; baseline -0.001 -19"><span class='ocrx_word' id='word_1_52' title='bbox 125 895 277 945; x_wconf 84' lang='grc' dir='ltr'>μενοι,</span> <span class='ocrx_word' id='word_1_53' title='bbox 334 872 454 929; x_wconf 79' lang='grc' dir='ltr'>εἶτα</span> <span class='ocrx_word' id='word_1_54' title='bbox 508 877 573 929; x_wconf 81' lang='grc' dir='ltr'>ὲκ</span> <span class='ocrx_word' id='word_1_55' title='bbox 623 877 829 929; x_wconf 85' lang='grc' dir='ltr'>τούτων</span> <span class='ocrx_word' id='word_1_56' title='bbox 866 876 943 940; x_wconf 80' lang='grc' dir='ltr'>είς</span> <span class='ocrx_word' id='word_1_57' title='bbox 980 876 1113 945; x_wconf 66' lang='grc' dir='ltr'>ὕψος</span> <span class='ocrx_word' id='word_1_58' title='bbox 1155 877 1386 947; x_wconf 79' lang='grc' dir='ltr'><strong>ἄραντες</strong></span> <span class='ocrx_word' id='word_1_59' title='bbox 1424 877 1521 945; x_wconf 79' lang='grc' dir='ltr'><strong>τὴν</strong></span> <span class='ocrx_word' id='word_1_60' title='bbox 1571 878 1678 930; x_wconf 86' lang='grc' dir='ltr'><strong>τῶν</strong></span> 
     </span>
    </p>
   </div>
   <div class='ocr_carea' id='block_1_10' title="bbox 123 962 1677 1039">
    <p class='ocr_par' dir='ltr' id='par_1_10' title="bbox 123 962 1677 1039">
     <span class='ocr_line' id='line_1_10' title="bbox 123 962 1677 1039; baseline -0.002 -16"><span class='ocrx_word' id='word_1_61' title='bbox 123 971 345 1023; x_wconf 75' lang='grc' dir='ltr'>ἐπαίνων</span> <span class='ocrx_word' id='word_1_62' title='bbox 375 962 687 1039; x_wconf 78' lang='grc' dir='ltr'>οἰκοδομὴν,</span> <span class='ocrx_word' id='word_1_63' title='bbox 724 968 1009 1023; x_wconf 87' lang='grc' dir='ltr'>τελευταῖα</span> <span class='ocrx_word' id='word_1_64' title='bbox 1038 970 1104 1037; x_wconf 77' lang='grc' dir='ltr'>δὴ</span> <span class='ocrx_word' id='word_1_65' title='bbox 1138 971 1308 1024; x_wconf 81' lang='grc' dir='ltr'>ταῦτα</span> <span class='ocrx_word' id='word_1_66' title='bbox 1333 968 1524 1038; x_wconf 88' lang='grc' dir='ltr'>ῶσπερ</span> <span class='ocrx_word' id='word_1_67' title='bbox 1552 970 1677 1038; x_wconf 79' lang='grc' dir='ltr'>ὀρο-</span> 
     </span>
    </p>
   </div>
   <div class='ocr_carea' id='block_1_11' title="bbox 124 1057 1724 1131">
    <p class='ocr_par' dir='ltr' id='par_1_11' title="bbox 124 1057 1724 1131">
     <span class='ocr_line' id='line_1_11' title="bbox 124 1057 1724 1131; baseline -0.003 -17"><span class='ocrx_word' id='word_1_68' title='bbox 124 1066 212 1131; x_wconf 75' lang='grc' dir='ltr'><strong>φὴν</strong></span> <span class='ocrx_word' id='word_1_69' title='bbox 236 1062 545 1115; x_wconf 81' lang='grc' dir='ltr'><strong>ἐπιτιθέασι</strong></span> <span class='ocrx_word' id='word_1_70' title='bbox 569 1062 813 1131; x_wconf 80' lang='grc' dir='ltr'>ῥήματα.</span> <span class='ocrx_word' id='word_1_71' title='bbox 836 1062 970 1113; x_wconf 79' lang='grc' dir='ltr'>Ποῖα</span> <span class='ocrx_word' id='word_1_72' title='bbox 991 1062 1150 1125; x_wconf 78' lang='grc' dir='ltr'><em>ςΝῡν</em></span> <span class='ocrx_word' id='word_1_73' title='bbox 1173 1062 1434 1129; x_wconf 78' lang='grc' dir='ltr'>ἀμείνων</span> <span class='ocrx_word' id='word_1_74' title='bbox 1455 1057 1512 1114; x_wconf 86' lang='grc' dir='ltr'><strong>εἷ</strong></span> <span class='ocrx_word' id='word_1_75' title='bbox 1531 1060 1678 1128; x_wconf 75' lang='grc' dir='ltr'>ζωῆς</span> <span class='ocrx_word' id='word_1_76' title='bbox 1718 1090 1724 1097; x_wconf 89' lang='lat'><strong>-</strong></span> 
     </span>
    </p>
   </div>
   <div class='ocr_carea' id='block_1_12' title="bbox 120 1151 1681 1221">
    <p class='ocr_par' dir='ltr' id='par_1_12' title="bbox 120 1151 1681 1221">
     <span class='ocr_line' id='line_1_12' title="bbox 120 1151 1681 1221; baseline -0.001 -15"><span class='ocrx_word' id='word_1_77' title='bbox 120 1153 415 1221; x_wconf 73' lang='grc' dir='ltr'>ἐπικήρου.</span> <span class='ocrx_word' id='word_1_78' title='bbox 466 1152 595 1205; x_wconf 82' lang='grc' dir='ltr'><em>Νῦν</em></span> <span class='ocrx_word' id='word_1_79' title='bbox 629 1152 669 1205; x_wconf 77' lang='grc' dir='ltr'><em>ἆ</em></span> <span class='ocrx_word' id='word_1_80' title='bbox 706 1151 830 1217; x_wconf 84' lang='grc' dir='ltr'>τοῖς</span> <span class='ocrx_word' id='word_1_81' title='bbox 865 1152 1074 1216; x_wconf 77' lang='grc' dir='ltr'>ἀῢλοις</span> <span class='ocrx_word' id='word_1_82' title='bbox 1097 1152 1361 1221; x_wconf 67' lang='grc' dir='ltr'>διαφέρει</span> <span class='ocrx_word' id='word_1_83' title='bbox 1391 1155 1681 1220; x_wconf 75' lang='grc' dir='ltr'>κληρονοο</span> 
     </span>
    </p>
   </div>
   <div class='ocr_carea' id='block_1_13' title="bbox 118 1238 1679 1313">
    <p class='ocr_par' dir='ltr' id='par_1_13' title="bbox 118 1238 1679 1313">
     <span class='ocr_line' id='line_1_13' title="bbox 118 1238 1679 1313; baseline -0.002 -17"><span class='ocrx_word' id='word_1_84' title='bbox 118 1245 250 1313; x_wconf 82' lang='grc' dir='ltr'><strong>μεῖς.</strong></span> <span class='ocrx_word' id='word_1_85' title='bbox 277 1243 409 1297; x_wconf 77' lang='grc' dir='ltr'><em>Νῦν</em></span> <span class='ocrx_word' id='word_1_86' title='bbox 434 1243 542 1310; x_wconf 82' lang='grc' dir='ltr'>τῆς</span> <span class='ocrx_word' id='word_1_87' title='bbox 570 1243 818 1295; x_wconf 69' lang='grc' dir='ltr'>ἐκείνων</span> <span class='ocrx_word' id='word_1_88' title='bbox 837 1238 893 1295; x_wconf 79' lang='grc' dir='ltr'><strong>εἶ</strong></span> <span class='ocrx_word' id='word_1_89' title='bbox 905 1241 1079 1309; x_wconf 79' lang='grc' dir='ltr'>μερὶς</span> <span class='ocrx_word' id='word_1_90' title='bbox 1111 1242 1438 1305; x_wconf 74' lang='grc' dir='ltr'><strong>πολιτείας.</strong></span> <span class='ocrx_word' id='word_1_91' title='bbox 1462 1242 1570 1294; x_wconf 80' lang='grc' dir='ltr'>Καὶ</span> <span class='ocrx_word' id='word_1_92' title='bbox 1596 1240 1679 1293; x_wconf 87' lang='grc' dir='ltr'><strong>λε-</strong></span> 
     </span>
    </p>
   </div>
   <div class='ocr_carea' id='block_1_14' title="bbox 121 1332 1678 1403">
    <p class='ocr_par' dir='ltr' id='par_1_14' title="bbox 121 1332 1678 1403">
     <span class='ocr_line' id='line_1_14' title="bbox 121 1332 1678 1403; baseline -0.001 -18"><span class='ocrx_word' id='word_1_93' title='bbox 121 1338 312 1403; x_wconf 78' lang='grc' dir='ltr'>γόμενα</span> <span class='ocrx_word' id='word_1_94' title='bbox 338 1334 491 1386; x_wconf 78' lang='grc' dir='ltr'>ταῦθ’</span> <span class='ocrx_word' id='word_1_95' title='bbox 524 1333 697 1395; x_wconf 75' lang='grc' dir='ltr'>οὕτως</span> <span class='ocrx_word' id='word_1_96' title='bbox 725 1333 785 1385; x_wconf 87' lang='grc' dir='ltr'><strong>ού</strong></span> <span class='ocrx_word' id='word_1_97' title='bbox 821 1333 982 1399; x_wconf 85' lang='grc' dir='ltr'>μόνον</span> <span class='ocrx_word' id='word_1_98' title='bbox 1027 1333 1331 1403; x_wconf 85' lang='grc' dir='ltr'>ἀποκληροῖ</span> <span class='ocrx_word' id='word_1_99' title='bbox 1357 1332 1464 1384; x_wconf 88' lang='grc' dir='ltr'><strong>τῶν</strong></span> <span class='ocrx_word' id='word_1_100' title='bbox 1501 1333 1678 1399; x_wconf 80' lang='grc' dir='ltr'>ἐγκω-</span> 
     </span>
    </p>
   </div>
   <div class='ocr_carea' id='block_1_15' title="bbox 121 1418 1681 1493">
    <p class='ocr_par' dir='ltr' id='par_1_15' title="bbox 121 1418 1681 1493">
     <span class='ocr_line' id='line_1_15' title="bbox 121 1418 1681 1493; baseline -0.001 -18"><span class='ocrx_word' id='word_1_101' title='bbox 121 1427 243 1493; x_wconf 72' lang='grc' dir='ltr'>μίων</span> <span class='ocrx_word' id='word_1_102' title='bbox 272 1425 374 1492; x_wconf 79' lang='grc' dir='ltr'><strong>τὴν</strong></span> <span class='ocrx_word' id='word_1_103' title='bbox 407 1422 739 1493; x_wconf 75' lang='grc' dir='ltr'>προἾυμίαν,</span> <span class='ocrx_word' id='word_1_104' title='bbox 774 1422 908 1475; x_wconf 77' lang='grc' dir='ltr'>ἀλλὰ</span> <span class='ocrx_word' id='word_1_105' title='bbox 941 1424 1034 1476; x_wconf 76' lang='grc' dir='ltr'><strong>καὶ</strong></span> <span class='ocrx_word' id='word_1_106' title='bbox 1065 1418 1176 1476; x_wconf 76' lang='grc' dir='ltr'>οἷον</span> <span class='ocrx_word' id='word_1_107' title='bbox 1204 1421 1339 1490; x_wconf 81' lang='grc' dir='ltr'>ἀνθη</span> <span class='ocrx_word' id='word_1_108' title='bbox 1373 1423 1493 1475; x_wconf 80' lang='grc' dir='ltr'>τινὰ</span> <span class='ocrx_word' id='word_1_109' title='bbox 1523 1421 1681 1474; x_wconf 81' lang='grc' dir='ltr'>ἀπει-</span> 
     </span>
    </p>
   </div>
   <div class='ocr_carea' id='block_1_16' title="bbox 122 1512 1681 1584">
    <p class='ocr_par' dir='ltr' id='par_1_16' title="bbox 122 1512 1681 1584">
     <span class='ocr_line' id='line_1_16' title="bbox 122 1512 1681 1584; baseline -0.002 -17"><span class='ocrx_word' id='word_1_110' title='bbox 122 1534 200 1584; x_wconf 84' lang='grc' dir='ltr'><strong>ρον</strong></span> <span class='ocrx_word' id='word_1_111' title='bbox 228 1514 380 1583; x_wconf 77' lang='grc' dir='ltr'>αὐτῷ</span> <span class='ocrx_word' id='word_1_112' title='bbox 410 1514 591 1567; x_wconf 84' lang='grc' dir='ltr'>δίδωσι</span> <span class='ocrx_word' id='word_1_113' title='bbox 636 1512 734 1584; x_wconf 80' lang='grc' dir='ltr'><strong>τὴν</strong></span> <span class='ocrx_word' id='word_1_114' title='bbox 767 1513 1144 1584; x_wconf 76' lang='grc' dir='ltr'><strong>λαμπρότητα.</strong></span> <span class='ocrx_word' id='word_1_115' title='bbox 1202 1513 1291 1565; x_wconf 83' lang='grc' dir='ltr'><strong>Ἐν</strong></span> <span class='ocrx_word' id='word_1_116' title='bbox 1336 1512 1412 1583; x_wconf 83' lang='grc' dir='ltr'>τῷ</span> <span class='ocrx_word' id='word_1_117' title='bbox 1452 1512 1681 1583; x_wconf 83' lang='grc' dir='ltr'><strong>παρόντι</strong></span> 
     </span>
    </p>
   </div>
   <div class='ocr_carea' id='block_1_17' title="bbox 116 1600 1685 1677">
    <p class='ocr_par' dir='ltr' id='par_1_17' title="bbox 116 1600 1685 1677">
     <span class='ocr_line' id='line_1_17' title="bbox 116 1600 1685 1677; baseline -0.003 -18"><span class='ocrx_word' id='word_1_118' title='bbox 116 1608 185 1667; x_wconf 79' lang='grc' dir='ltr'><strong>δὲ,</strong></span> <span class='ocrx_word' id='word_1_119' title='bbox 214 1610 282 1659; x_wconf 81' lang='grc' dir='ltr'><strong>τὰ</strong></span> <span class='ocrx_word' id='word_1_120' title='bbox 322 1607 424 1675; x_wconf 76' lang='grc' dir='ltr'>μὲν</span> <span class='ocrx_word' id='word_1_121' title='bbox 455 1606 724 1677; x_wconf 77' lang='grc' dir='ltr'><strong>εἰρημένα</strong></span> <span class='ocrx_word' id='word_1_122' title='bbox 768 1606 873 1675; x_wconf 85' lang='grc' dir='ltr'><strong>χρὴ</strong></span> <span class='ocrx_word' id='word_1_123' title='bbox 918 1600 1027 1658; x_wconf 75' lang='grc' dir='ltr'>οἷόν</span> <span class='ocrx_word' id='word_1_124' title='bbox 1058 1623 1162 1658; x_wconf 87' lang='grc' dir='ltr'>τινι</span> <span class='ocrx_word' id='word_1_125' title='bbox 1196 1602 1422 1676; x_wconf 78' lang='grc' dir='ltr'>θαλάμῳ</span> <span class='ocrx_word' id='word_1_126' title='bbox 1452 1605 1685 1673; x_wconf 82' lang='grc' dir='ltr'><strong>εὐτειχεῖ</strong></span> 
     </span>
    </p>
   </div>
   <div class='ocr_carea' id='block_1_18' title="bbox 121 1694 1685 1766">
    <p class='ocr_par' dir='ltr' id='par_1_18' title="bbox 121 1694 1685 1766">
     <span class='ocr_line' id='line_1_18' title="bbox 121 1694 1685 1766; baseline -0.002 -17"><span class='ocrx_word' id='word_1_127' title='bbox 121 1699 293 1759; x_wconf 76' lang='grc' dir='ltr'>κίονας</span> <span class='ocrx_word' id='word_1_128' title='bbox 329 1697 657 1764; x_wconf 73' lang='grc' dir='ltr'>ὑποστῆσαι,</span> <span class='ocrx_word' id='word_1_129' title='bbox 701 1697 730 1747; x_wconf 86' lang='grc' dir='ltr'>ὅ</span> <span class='ocrx_word' id='word_1_130' title='bbox 753 1712 916 1765; x_wconf 77' lang='grc' dir='ltr'>φησιν</span> <span class='ocrx_word' id='word_1_131' title='bbox 946 1698 978 1766; x_wconf 79' lang='grc' dir='ltr'><strong>ἡ</strong></span> <span class='ocrx_word' id='word_1_132' title='bbox 1010 1694 1222 1765; x_wconf 80' lang='grc' dir='ltr'>Θηὸαία</span> <span class='ocrx_word' id='word_1_133' title='bbox 1245 1695 1381 1763; x_wconf 83' lang='grc' dir='ltr'>λύρα</span> <span class='ocrx_word' id='word_1_134' title='bbox 1409 1696 1545 1763; x_wconf 76' lang='grc'><strong>(50).</strong></span> <span class='ocrx_word' id='word_1_135' title='bbox 1580 1694 1685 1761; x_wconf 82' lang='grc' dir='ltr'><strong>Ζη-</strong></span> 
     </span>
    </p>
   </div>
   <div class='ocr_carea' id='block_1_19' title="bbox 118 1786 1683 1859">
    <p class='ocr_par' dir='ltr' id='par_1_19' title="bbox 118 1786 1683 1859">
     <span class='ocr_line' id='line_1_19' title="bbox 118 1786 1683 1859; baseline -0.004 -15"><span class='ocrx_word' id='word_1_136' title='bbox 118 1793 221 1844; x_wconf 84' lang='grc' dir='ltr'>τείν</span> <span class='ocrx_word' id='word_1_137' title='bbox 273 1790 321 1842; x_wconf 80' lang='grc' dir='ltr'>δ’</span> <span class='ocrx_word' id='word_1_138' title='bbox 355 1789 504 1855; x_wconf 76' lang='grc' dir='ltr'>ἀξιον</span> <span class='ocrx_word' id='word_1_139' title='bbox 563 1787 904 1859; x_wconf 72' lang='grc' dir='ltr'>ὑψηλοτέραν</span> <span class='ocrx_word' id='word_1_140' title='bbox 940 1805 1001 1839; x_wconf 85' lang='grc' dir='ltr'>τε</span> <span class='ocrx_word' id='word_1_141' title='bbox 1055 1789 1147 1843; x_wconf 70' lang='grc' dir='ltr'><strong>καὶ</strong></span> <span class='ocrx_word' id='word_1_142' title='bbox 1215 1787 1514 1858; x_wconf 82' lang='grc' dir='ltr'>θειοτέραν,</span> <span class='ocrx_word' id='word_1_143' title='bbox 1563 1786 1683 1855; x_wconf 74' lang='grc' dir='ltr'>ἥτις</span> 
     </span>
    </p>
   </div>
   <div class='ocr_carea' id='block_1_20' title="bbox 1780 604 3354 680">
    <p class='ocr_par' dir='ltr' id='par_1_20' title="bbox 1780 604 3354 680">
     <span class='ocr_line' id='line_1_20' title="bbox 1780 604 3354 680; baseline 0.006 -26"><span class='ocrx_word' id='word_1_144' title='bbox 1780 619 1886 673; x_wconf 90' lang='lat' dir='ltr'><strong>que</strong></span> <span class='ocrx_word' id='word_1_145' title='bbox 1912 604 2055 657; x_wconf 89' lang='lat' dir='ltr'><strong>enim</strong></span> <span class='ocrx_word' id='word_1_146' title='bbox 2080 614 2175 659; x_wconf 88' lang='lat' dir='ltr'><strong>aut</strong></span> <span class='ocrx_word' id='word_1_147' title='bbox 2208 605 2365 659; x_wconf 74' lang='lat' dir='ltr'><strong>facile</strong></span> <span class='ocrx_word' id='word_1_148' title='bbox 2410 616 2493 659; x_wconf 88' lang='lat' dir='ltr'><strong>est</strong></span> <span class='ocrx_word' id='word_1_149' title='bbox 2543 606 2746 675; x_wconf 88' lang='lat' dir='ltr'><strong>aliquid</strong></span> <span class='ocrx_word' id='word_1_150' title='bbox 2788 609 2855 664; x_wconf 88' lang='lat' dir='ltr'><strong>de</strong></span> <span class='ocrx_word' id='word_1_151' title='bbox 2887 611 2971 664; x_wconf 85' lang='lat' dir='ltr'><strong>his</strong></span> <span class='ocrx_word' id='word_1_152' title='bbox 2996 612 3162 665; x_wconf 84' lang='lat' dir='ltr'><strong>rebus</strong></span> <span class='ocrx_word' id='word_1_153' title='bbox 3192 627 3354 680; x_wconf 75' lang='lat' dir='ltr'><strong>argn-</strong></span> 
     </span>
    </p>
   </div>
   <div class='ocr_carea' id='block_1_21' title="bbox 1783 693 3353 771">
    <p class='ocr_par' dir='ltr' id='par_1_21' title="bbox 1783 693 3353 771">
     <span class='ocr_line' id='line_1_21' title="bbox 1783 693 3353 771; baseline 0.006 -26"><span class='ocrx_word' id='word_1_154' title='bbox 1783 701 1970 747; x_wconf 90' lang='lat' dir='ltr'><strong>mento</strong></span> <span class='ocrx_word' id='word_1_155' title='bbox 2000 693 2222 761; x_wconf 79' lang='lat' dir='ltr'><strong>dignum</strong></span> <span class='ocrx_word' id='word_1_156' title='bbox 2254 696 2458 757; x_wconf 90' lang='lat' dir='ltr'><strong>dicere,</strong></span> <span class='ocrx_word' id='word_1_157' title='bbox 2488 704 2583 749; x_wconf 91' lang='lat' dir='ltr'><strong>aut</strong></span> <span class='ocrx_word' id='word_1_158' title='bbox 2618 698 2671 748; x_wconf 94' lang='lat' dir='ltr'><strong>in</strong></span> <span class='ocrx_word' id='word_1_159' title='bbox 2698 701 3027 755; x_wconf 81' lang='lat' dir='ltr'><strong>exornandis</strong></span> <span class='ocrx_word' id='word_1_160' title='bbox 3074 701 3205 769; x_wconf 77' lang='lat' dir='ltr'><strong>ipsis</strong></span> <span class='ocrx_word' id='word_1_161' title='bbox 3256 717 3353 771; x_wconf 86' lang='lat' dir='ltr'><strong>pro</strong></span> 
     </span>
    </p>
   </div>
   <div class='ocr_carea' id='block_1_22' title="bbox 1782 784 3353 862">
    <p class='ocr_par' dir='ltr' id='par_1_22' title="bbox 1782 784 3353 862">
     <span class='ocr_line' id='line_1_22' title="bbox 1782 784 3353 862; baseline 0.007 -27"><span class='ocrx_word' id='word_1_162' title='bbox 1782 785 2001 838; x_wconf 98' lang='lat' dir='ltr'><strong>modulo</strong></span> <span class='ocrx_word' id='word_1_163' title='bbox 2037 784 2313 841; x_wconf 70' lang='lat' dir='ltr'><strong>facultatis</strong></span> <span class='ocrx_word' id='word_1_164' title='bbox 2343 797 2547 841; x_wconf 73' lang='lat' dir='ltr'><strong>nostra:</strong></span> <span class='ocrx_word' id='word_1_165' title='bbox 2570 788 2731 842; x_wconf 76' lang='lat' dir='ltr'><strong>linem</strong></span> <span class='ocrx_word' id='word_1_166' title='bbox 2764 788 3008 846; x_wconf 88' lang='lat' dir='ltr'><strong>invenire</strong></span> <span class='ocrx_word' id='word_1_167' title='bbox 3032 809 3195 862; x_wconf 82' lang='lat' dir='ltr'><strong>quem</strong></span> <span class='ocrx_word' id='word_1_168' title='bbox 3223 809 3353 847; x_wconf 84' lang='lat' dir='ltr'><strong>ora-</strong></span> 
     </span>
    </p>
   </div>
   <div class='ocr_carea' id='block_1_23' title="bbox 1781 875 3353 944">
    <p class='ocr_par' dir='ltr' id='par_1_23' title="bbox 1781 875 3353 944">
     <span class='ocr_line' id='line_1_23' title="bbox 1781 875 3353 944; baseline 0.007 -16"><span class='ocrx_word' id='word_1_169' title='bbox 1781 875 1913 929; x_wconf 89' lang='lat' dir='ltr'><strong>tioni</strong></span> <span class='ocrx_word' id='word_1_170' title='bbox 1949 875 2187 944; x_wconf 87' lang='lat' dir='ltr'><strong>denique</strong></span> <span class='ocrx_word' id='word_1_171' title='bbox 2217 875 2513 944; x_wconf 80' lang='lat' dir='ltr'><strong>imponam.</strong></span> <span class='ocrx_word' id='word_1_172' title='bbox 2550 878 2693 932; x_wconf 81' lang='lat' dir='ltr'><strong>Sane</strong></span> <span class='ocrx_word' id='word_1_173' title='bbox 2728 880 2781 933; x_wconf 90' lang='lat' dir='ltr'><strong>in</strong></span> <span class='ocrx_word' id='word_1_174' title='bbox 2815 879 3218 936; x_wconf 83' lang='lat' dir='ltr'><strong>laudationibus</strong></span> <span class='ocrx_word' id='word_1_175' title='bbox 3243 885 3353 939; x_wconf 83' lang='lat' dir='ltr'><strong>illis</strong></span> 
     </span>
    </p>
   </div>
   <div class='ocr_carea' id='block_1_24' title="bbox 1784 964 3353 1042">
    <p class='ocr_par' dir='ltr' id='par_1_24' title="bbox 1784 964 3353 1042">
     <span class='ocr_line' id='line_1_24' title="bbox 1784 964 3353 1042; baseline 0.006 -24"><span class='ocrx_word' id='word_1_176' title='bbox 1784 966 1872 1019; x_wconf 89' lang='lat' dir='ltr'><strong>ubi</strong></span> <span class='ocrx_word' id='word_1_177' title='bbox 1912 964 1977 1018; x_wconf 90' lang='lat' dir='ltr'><strong>ad</strong></span> <span class='ocrx_word' id='word_1_178' title='bbox 2008 967 2453 1033; x_wconf 87' lang='lat' dir='ltr'><strong>splendidissima</strong></span> <span class='ocrx_word' id='word_1_179' title='bbox 2502 979 2720 1024; x_wconf 88' lang='lat' dir='ltr'><strong>ventum</strong></span> <span class='ocrx_word' id='word_1_180' title='bbox 2764 980 2849 1027; x_wconf 89' lang='lat' dir='ltr'><strong>est</strong></span> <span class='ocrx_word' id='word_1_181' title='bbox 2899 988 3090 1026; x_wconf 87' lang='lat' dir='ltr'><strong>eorum</strong></span> <span class='ocrx_word' id='word_1_182' title='bbox 3135 990 3255 1042; x_wconf 69' lang='lat' dir='ltr'><strong>qua:</strong></span> <span class='ocrx_word' id='word_1_183' title='bbox 3307 977 3353 1027; x_wconf 83' lang='lat' dir='ltr'><strong>is</strong></span> 
     </span>
    </p>
   </div>
   <div class='ocr_carea' id='block_1_25' title="bbox 1780 1055 3354 1131">
    <p class='ocr_par' dir='ltr' id='par_1_25' title="bbox 1780 1055 3354 1131">
     <span class='ocr_line' id='line_1_25' title="bbox 1780 1055 3354 1131; baseline 0.006 -25"><span class='ocrx_word' id='word_1_184' title='bbox 1780 1057 1872 1124; x_wconf 88' lang='lat' dir='ltr'><strong>qui</strong></span> <span class='ocrx_word' id='word_1_185' title='bbox 1925 1055 2234 1109; x_wconf 73' lang='lat' dir='ltr'><strong>celebratur</strong></span> <span class='ocrx_word' id='word_1_186' title='bbox 2277 1058 2327 1109; x_wconf 92' lang='lat' dir='ltr'><strong>in</strong></span> <span class='ocrx_word' id='word_1_187' title='bbox 2384 1057 2492 1109; x_wconf 88' lang='lat' dir='ltr'><strong>vita</strong></span> <span class='ocrx_word' id='word_1_188' title='bbox 2541 1059 2729 1127; x_wconf 69' lang='lat' dir='ltr'><strong>gessit,</strong></span> <span class='ocrx_word' id='word_1_189' title='bbox 2789 1061 2915 1115; x_wconf 90' lang='lat' dir='ltr'><strong>hinc</strong></span> <span class='ocrx_word' id='word_1_190' title='bbox 2956 1061 3070 1130; x_wconf 85' lang='lat' dir='ltr'><strong>jam</strong></span> <span class='ocrx_word' id='word_1_191' title='bbox 3106 1064 3262 1131; x_wconf 86' lang='lat' dir='ltr'><strong>quasi</strong></span> <span class='ocrx_word' id='word_1_192' title='bbox 3298 1063 3354 1116; x_wconf 90' lang='lat' dir='ltr'><strong>in</strong></span> 
     </span>
    </p>
   </div>
   <div class='ocr_carea' id='block_1_26' title="bbox 1782 1148 3357 1213">
    <p class='ocr_par' dir='ltr' id='par_1_26' title="bbox 1782 1148 3357 1213">
     <span class='ocr_line' id='line_1_26' title="bbox 1782 1148 3357 1213; baseline 0.004 -15"><span class='ocrx_word' id='word_1_193' title='bbox 1782 1150 1951 1198; x_wconf 90' lang='lat' dir='ltr'><strong>altum</strong></span> <span class='ocrx_word' id='word_1_194' title='bbox 1985 1148 2300 1201; x_wconf 86' lang='lat' dir='ltr'><strong>attollentes</strong></span> <span class='ocrx_word' id='word_1_195' title='bbox 2336 1148 2558 1201; x_wconf 91' lang='lat' dir='ltr'><strong>laudum</strong></span> <span class='ocrx_word' id='word_1_196' title='bbox 2600 1150 3084 1213; x_wconf 76' lang='lat' dir='ltr'><strong>substructionem.</strong></span> <span class='ocrx_word' id='word_1_197' title='bbox 3109 1161 3357 1206; x_wconf 74' lang='lat' dir='ltr'><strong>extrema</strong></span> 
     </span>
    </p>
   </div>
   <div class='ocr_carea' id='block_1_27' title="bbox 1783 1237 3360 1310">
    <p class='ocr_par' dir='ltr' id='par_1_27' title="bbox 1783 1237 3360 1310">
     <span class='ocr_line' id='line_1_27' title="bbox 1783 1237 3360 1310; baseline 0.006 -21"><span class='ocrx_word' id='word_1_198' title='bbox 1783 1238 1988 1290; x_wconf 74' lang='lat' dir='ltr'><strong>scilicet</strong></span> <span class='ocrx_word' id='word_1_199' title='bbox 2024 1237 2114 1289; x_wconf 83' lang='lat' dir='ltr'><strong>illa</strong></span> <span class='ocrx_word' id='word_1_200' title='bbox 2142 1240 2285 1290; x_wconf 82' lang='lat' dir='ltr'><strong>velut</strong></span> <span class='ocrx_word' id='word_1_201' title='bbox 2316 1242 2631 1293; x_wconf 79' lang='lat' dir='ltr'><strong>eoronidem</strong></span> <span class='ocrx_word' id='word_1_202' title='bbox 2662 1241 2949 1310; x_wconf 88' lang='lat' dir='ltr'><strong>imponttnt</strong></span> <span class='ocrx_word' id='word_1_203' title='bbox 2990 1243 3176 1297; x_wconf 86' lang='lat' dir='ltr'><strong>verba.</strong></span> <span class='ocrx_word' id='word_1_204' title='bbox 3204 1243 3360 1309; x_wconf 71' lang='lat' dir='ltr'><strong>Qua:-</strong></span> 
     </span>
    </p>
   </div>
   <div class='ocr_carea' id='block_1_28' title="bbox 1785 1326 3358 1392">
    <p class='ocr_par' dir='ltr' id='par_1_28' title="bbox 1785 1326 3358 1392">
     <span class='ocr_line' id='line_1_28' title="bbox 1785 1326 3358 1392; baseline 0.004 -14"><span class='ocrx_word' id='word_1_205' title='bbox 1785 1330 1947 1379; x_wconf 82' lang='lat' dir='ltr'><strong>natn?</strong></span> <span class='ocrx_word' id='word_1_206' title='bbox 1986 1326 2144 1379; x_wconf 64' lang='lat' dir='ltr'><strong>Nunc</strong></span> <span class='ocrx_word' id='word_1_207' title='bbox 2174 1344 2216 1379; x_wconf 75' lang='grc' dir='ltr'>δι</span> <span class='ocrx_word' id='word_1_208' title='bbox 2241 1330 2415 1392; x_wconf 76' lang='lat' dir='ltr'><strong>perior</strong></span> <span class='ocrx_word' id='word_1_209' title='bbox 2450 1346 2501 1382; x_wconf 81' lang='lat' dir='ltr'><strong>es</strong></span> <span class='ocrx_word' id='word_1_210' title='bbox 2538 1332 2646 1384; x_wconf 83' lang='lat' dir='ltr'><strong>vita</strong></span> <span class='ocrx_word' id='word_1_211' title='bbox 2677 1331 2913 1383; x_wconf 79' lang='lat' dir='ltr'><strong>mortali.</strong></span> <span class='ocrx_word' id='word_1_212' title='bbox 2959 1331 3114 1384; x_wconf 84' lang='lat' dir='ltr'><strong>Nunc</strong></span> <span class='ocrx_word' id='word_1_213' title='bbox 3169 1351 3358 1388; x_wconf 84' lang='lat' dir='ltr'><strong>earum</strong></span> 
     </span>
    </p>
   </div>
   <div class='ocr_carea' id='block_1_29' title="bbox 1782 1418 3357 1485">
    <p class='ocr_par' dir='ltr' id='par_1_29' title="bbox 1782 1418 3357 1485">
     <span class='ocr_line' id='line_1_29' title="bbox 1782 1418 3357 1485; baseline 0.005 -18"><span class='ocrx_word' id='word_1_214' title='bbox 1782 1432 1896 1484; x_wconf 71' lang='lat' dir='ltr'><strong>qua:</strong></span> <span class='ocrx_word' id='word_1_215' title='bbox 1928 1418 2187 1471; x_wconf 82' lang='lat' dir='ltr'><strong>mentibus</strong></span> <span class='ocrx_word' id='word_1_216' title='bbox 2221 1418 2545 1485; x_wconf 71' lang='lat' dir='ltr'><strong>incorporei:</strong></span> <span class='ocrx_word' id='word_1_217' title='bbox 2564 1425 2873 1475; x_wconf 80' lang='lat' dir='ltr'><strong>conveniunt</strong></span> <span class='ocrx_word' id='word_1_218' title='bbox 2902 1422 3107 1474; x_wconf 81' lang='lat' dir='ltr'><strong>dolium</strong></span> <span class='ocrx_word' id='word_1_219' title='bbox 3134 1422 3357 1477; x_wconf 65' lang='lat' dir='ltr'><strong>Ita&#39;redi-</strong></span> 
     </span>
    </p>
   </div>
   <div class='ocr_carea' id='block_1_30' title="bbox 1784 1507 3354 1578">
    <p class='ocr_par' dir='ltr' id='par_1_30' title="bbox 1784 1507 3354 1578">
     <span class='ocr_line' id='line_1_30' title="bbox 1784 1507 3354 1578; baseline 0.005 -20"><span class='ocrx_word' id='word_1_220' title='bbox 1784 1518 1943 1559; x_wconf 81' lang='lat' dir='ltr'><strong>tatem</strong></span> <span class='ocrx_word' id='word_1_221' title='bbox 1967 1508 2157 1562; x_wconf 82' lang='lat' dir='ltr'><strong>cernis.</strong></span> <span class='ocrx_word' id='word_1_222' title='bbox 2190 1507 2345 1562; x_wconf 79' lang='lat' dir='ltr'><strong>Nunc</strong></span> <span class='ocrx_word' id='word_1_223' title='bbox 2369 1526 2549 1563; x_wconf 81' lang='lat' dir='ltr'><strong>cortun</strong></span> <span class='ocrx_word' id='word_1_224' title='bbox 2569 1512 2867 1578; x_wconf 80' lang='lat' dir='ltr'><strong>reipublij</strong></span> <span class='ocrx_word' id='word_1_225' title='bbox 2883 1530 3004 1566; x_wconf 77' lang='lat' dir='ltr'><strong>vara</strong></span> <span class='ocrx_word' id='word_1_226' title='bbox 3031 1530 3093 1565; x_wconf 85' lang='lat' dir='ltr'><strong>ac</strong></span> <span class='ocrx_word' id='word_1_227' title='bbox 3124 1515 3250 1567; x_wconf 81' lang='lat' dir='ltr'><strong>civis</strong></span> <span class='ocrx_word' id='word_1_228' title='bbox 3279 1531 3354 1567; x_wconf 77' lang='lat' dir='ltr'><strong>es.</strong></span> 
     </span>
    </p>
   </div>
   <div class='ocr_carea' id='block_1_31' title="bbox 1784 1597 3357 1665">
    <p class='ocr_par' dir='ltr' id='par_1_31' title="bbox 1784 1597 3357 1665">
     <span class='ocr_line' id='line_1_31' title="bbox 1784 1597 3357 1665; baseline 0.006 -16"><span class='ocrx_word' id='word_1_229' title='bbox 1784 1597 1916 1664; x_wconf 80' lang='lat' dir='ltr'><strong>Qua:</strong></span> <span class='ocrx_word' id='word_1_230' title='bbox 1966 1614 2088 1651; x_wconf 89' lang='lat' dir='ltr'><strong>cum</strong></span> <span class='ocrx_word' id='word_1_231' title='bbox 2149 1603 2229 1652; x_wconf 88' lang='lat' dir='ltr'><strong>sic</strong></span> <span class='ocrx_word' id='word_1_232' title='bbox 2260 1601 2546 1665; x_wconf 90' lang='lat' dir='ltr'><strong>dicuntur,</strong></span> <span class='ocrx_word' id='word_1_233' title='bbox 2600 1616 2706 1654; x_wconf 90' lang='lat' dir='ltr'><strong>non</strong></span> <span class='ocrx_word' id='word_1_234' title='bbox 2766 1602 2927 1654; x_wconf 89' lang='lat' dir='ltr'><strong>modo</strong></span> <span class='ocrx_word' id='word_1_235' title='bbox 2981 1601 3357 1657; x_wconf 88' lang='lat' dir='ltr'><strong>laudationum</strong></span> 
     </span>
    </p>
   </div>
   <div class='ocr_carea' id='block_1_32' title="bbox 1784 1690 3353 1763">
    <p class='ocr_par' dir='ltr' id='par_1_32' title="bbox 1784 1690 3353 1763">
     <span class='ocr_line' id='line_1_32' title="bbox 1784 1690 3353 1763; baseline 0.002 -19"><span class='ocrx_word' id='word_1_236' title='bbox 1784 1690 2250 1759; x_wconf 83' lang='lat' dir='ltr'><strong>exspectationem</strong></span> <span class='ocrx_word' id='word_1_237' title='bbox 2282 1691 2529 1759; x_wconf 88' lang='lat' dir='ltr'><strong>implent,</strong></span> <span class='ocrx_word' id='word_1_238' title='bbox 2564 1692 2657 1747; x_wconf 89' lang='lat' dir='ltr'><strong>sed</strong></span> <span class='ocrx_word' id='word_1_239' title='bbox 2687 1693 2851 1747; x_wconf 88' lang='lat' dir='ltr'><strong>etiam</strong></span> <span class='ocrx_word' id='word_1_240' title='bbox 2884 1692 3026 1748; x_wconf 89' lang='lat' dir='ltr'><strong>velut</strong></span> <span class='ocrx_word' id='word_1_241' title='bbox 3050 1692 3212 1749; x_wconf 80' lang='lat' dir='ltr'><strong>ﬂores</strong></span> <span class='ocrx_word' id='word_1_242' title='bbox 3235 1696 3353 1763; x_wconf 48' lang='lat' dir='ltr'><strong>qui.</strong></span> 
     </span>
    </p>
   </div>
   <div class='ocr_carea' id='block_1_33' title="bbox 1788 1779 3362 1852">
    <p class='ocr_par' dir='ltr' id='par_1_33' title="bbox 1788 1779 3362 1852">
     <span class='ocr_line' id='line_1_33' title="bbox 1788 1779 3362 1852; baseline 0.003 -17"><span class='ocrx_word' id='word_1_243' title='bbox 1788 1781 1911 1835; x_wconf 89' lang='lat' dir='ltr'><strong>dam</strong></span> <span class='ocrx_word' id='word_1_244' title='bbox 1962 1779 2291 1835; x_wconf 88' lang='lat' dir='ltr'><strong>immensum</strong></span> <span class='ocrx_word' id='word_1_245' title='bbox 2342 1783 2477 1852; x_wconf 84' lang='lat' dir='ltr'><strong>ipsis</strong></span> <span class='ocrx_word' id='word_1_246' title='bbox 2526 1785 2870 1852; x_wconf 78' lang='lat' dir='ltr'><strong>splendorem</strong></span> <span class='ocrx_word' id='word_1_247' title='bbox 2920 1784 3236 1839; x_wconf 84' lang='lat' dir='ltr'><strong>conferunt.</strong></span> <span class='ocrx_word' id='word_1_248' title='bbox 3306 1784 3362 1839; x_wconf 92' lang='lat' dir='ltr'><strong>In</strong></span> 
     </span>
    </p>
   </div>
   <div class='ocr_carea' id='block_1_34' title="bbox 120 1849 1689 1949">
    <p class='ocr_par' dir='ltr' id='par_1_34' title="bbox 120 1849 1685 1949">
     <span class='ocr_line' id='line_1_34' title="bbox 120 1849 1685 1949; baseline -0.004 -15"><span class='ocrx_word' id='word_1_249' title='bbox 120 1849 453 1934; x_wconf 76' lang='grc' dir='ltr'>ὲπιιιείσετάι</span> <span class='ocrx_word' id='word_1_250' title='bbox 480 1849 676 1949; x_wconf 43' lang='lat' dir='ltr'><strong>opem-1&#39;]:</strong></span> <span class='ocrx_word' id='word_1_251' title='bbox 708 1874 779 1948; x_wconf 79' lang='grc' dir='ltr'>ᾯ</span> <span class='ocrx_word' id='word_1_252' title='bbox 804 1849 920 1949; x_wconf 50' lang='grc' dir='ltr'><strong>’γὰρ</strong></span> <span class='ocrx_word' id='word_1_253' title='bbox 949 1878 1029 1930; x_wconf 79' lang='grc' dir='ltr'>ἔτι</span> <span class='ocrx_word' id='word_1_254' title='bbox 1063 1878 1229 1947; x_wconf 73' lang='grc' dir='ltr'>σαρκὶ</span> <span class='ocrx_word' id='word_1_255' title='bbox 1266 1849 1500 1947; x_wconf 79' lang='grc' dir='ltr'>παρόντι</span> <span class='ocrx_word' id='word_1_256' title='bbox 1532 1849 1685 1928; x_wconf 76' lang='grc' dir='ltr'>ταῦθ’</span> 
     </span>
    </p>
   </div>
   <div class='ocr_carea' id='block_1_35' title="bbox 1789 1849 3362 1949">
    <p class='ocr_par' dir='ltr' id='par_1_35' title="bbox 1791 1849 3362 1947">
     <span class='ocr_line' id='line_1_35' title="bbox 1791 1849 3362 1947; baseline 0.004 -23"><span class='ocrx_word' id='word_1_257' title='bbox 1791 1872 2041 1943; x_wconf 67' lang='lat' dir='ltr'><strong>praesenti</strong></span> <span class='ocrx_word' id='word_1_258' title='bbox 2080 1888 2207 1927; x_wconf 91' lang='lat' dir='ltr'><strong>vero</strong></span> <span class='ocrx_word' id='word_1_259' title='bbox 2237 1849 2454 1942; x_wconf 71' lang='lat' dir='ltr'><strong>oportet</strong></span> <span class='ocrx_word' id='word_1_260' title='bbox 2485 1849 2702 1943; x_wconf 28' lang='lat' dir='ltr'><strong>eaiqnte</strong></span> <span class='ocrx_word' id='word_1_261' title='bbox 2751 1876 2897 1929; x_wconf 83' lang='lat' dir='ltr'><strong>dicta</strong></span> <span class='ocrx_word' id='word_1_262' title='bbox 2931 1885 3059 1931; x_wconf 91' lang='lat' dir='ltr'><strong>sunt</strong></span> <span class='ocrx_word' id='word_1_263' title='bbox 3101 1888 3362 1947; x_wconf 87' lang='lat' dir='ltr'><strong>tanquam</strong></span> 
     </span>
    </p>
   </div>
   <div class='ocr_carea' id='block_1_36' title="bbox 117 1964 1687 2037">
    <p class='ocr_par' dir='ltr' id='par_1_36' title="bbox 117 1964 1687 2037">
     <span class='ocr_line' id='line_1_36' title="bbox 117 1964 1687 2037; baseline 0.001 -21"><span class='ocrx_word' id='word_1_264' title='bbox 117 1968 317 2036; x_wconf 63' lang='grc' dir='ltr'>ἥρμοσε</span> <span class='ocrx_word' id='word_1_265' title='bbox 332 1965 590 2034; x_wconf 83' lang='grc' dir='ltr'>λέγεσθαι</span> <span class='ocrx_word' id='word_1_266' title='bbox 634 1965 771 2035; x_wconf 90' lang='grc' dir='ltr'>(πῶς</span> <span class='ocrx_word' id='word_1_267' title='bbox 788 1966 896 2035; x_wconf 84' lang='grc' dir='ltr'>γὰρ</span> <span class='ocrx_word' id='word_1_268' title='bbox 911 1967 1011 2019; x_wconf 86' lang='grc' dir='ltr'><strong>οὐκ</strong></span> <span class='ocrx_word' id='word_1_269' title='bbox 1027 1964 1246 2032; x_wconf 71' lang='grc' dir='ltr'>εὔλογον</span> <span class='ocrx_word' id='word_1_270' title='bbox 1260 1965 1296 2021; x_wconf 77' lang='grc' dir='ltr'><strong>ἀ</strong></span> <span class='ocrx_word' id='word_1_271' title='bbox 1310 1965 1541 2037; x_wconf 80' lang='grc' dir='ltr'>κρείττω</span> <span class='ocrx_word' id='word_1_272' title='bbox 1558 1964 1687 2034; x_wconf 80' lang='grc' dir='ltr'>ὖλης</span> 
     </span>
    </p>
   </div>
   <div class='ocr_carea' id='block_1_37' title="bbox 118 2057 1687 2129">
    <p class='ocr_par' dir='ltr' id='par_1_37' title="bbox 118 2057 1687 2129">
     <span class='ocr_line' id='line_1_37' title="bbox 118 2057 1687 2129; baseline -0.001 -18"><span class='ocrx_word' id='word_1_273' title='bbox 118 2058 599 2129; x_wconf 62' lang='grc' dir='ltr'>προσειρῆσθαιτδν</span> <span class='ocrx_word' id='word_1_274' title='bbox 611 2059 795 2121; x_wconf 84' lang='grc' dir='ltr'>ἀΰλοις</span> <span class='ocrx_word' id='word_1_275' title='bbox 810 2057 1190 2128; x_wconf 81' lang='grc' dir='ltr'>παραπλήσιον</span> <span class='ocrx_word' id='word_1_276' title='bbox 1204 2057 1687 2127; x_wconf 74' lang='grc' dir='ltr'>ὲπιφαινόμενονς),</span> 
     </span>
    </p>
   </div>
   <div class='ocr_carea' id='block_1_38' title="bbox 118 2147 1688 2218">
    <p class='ocr_par' dir='ltr' id='par_1_38' title="bbox 118 2147 1688 2218">
     <span class='ocr_line' id='line_1_38' title="bbox 118 2147 1688 2218; baseline -0.001 -17"><span class='ocrx_word' id='word_1_277' title='bbox 118 2149 190 2211; x_wconf 82' lang='grc' dir='ltr'><strong>τίς</strong></span> <span class='ocrx_word' id='word_1_278' title='bbox 224 2150 286 2201; x_wconf 81' lang='grc' dir='ltr'><strong>ἂν</strong></span> <span class='ocrx_word' id='word_1_279' title='bbox 337 2149 533 2216; x_wconf 80' lang='grc' dir='ltr'>ἐκείνῳ</span> <span class='ocrx_word' id='word_1_280' title='bbox 594 2148 942 2218; x_wconf 77' lang='grc' dir='ltr'><strong>προσηγορία</strong></span> <span class='ocrx_word' id='word_1_281' title='bbox 982 2148 1390 2217; x_wconf 80' lang='grc' dir='ltr'>ἀποτεθειμένῳ</span> <span class='ocrx_word' id='word_1_282' title='bbox 1439 2147 1531 2205; x_wconf 81' lang='grc' dir='ltr'><strong>τὸν</strong></span> <span class='ocrx_word' id='word_1_283' title='bbox 1561 2147 1688 2216; x_wconf 80' lang='grc' dir='ltr'>χοῦν</span> 
     </span>
    </p>
   </div>
   <div class='ocr_carea' id='block_1_39' title="bbox 121 2234 1690 2307">
    <p class='ocr_par' dir='ltr' id='par_1_39' title="bbox 121 2234 1690 2307">
     <span class='ocr_line' id='line_1_39' title="bbox 121 2234 1690 2307; baseline -0.001 -15"><span class='ocrx_word' id='word_1_284' title='bbox 121 2240 339 2307; x_wconf 84' lang='grc' dir='ltr'>ἁρμόσοι</span> <span class='ocrx_word' id='word_1_285' title='bbox 364 2234 525 2305; x_wconf 80' lang='grc' dir='ltr'>;Οἷδα</span> <span class='ocrx_word' id='word_1_286' title='bbox 560 2239 692 2303; x_wconf 83' lang='grc' dir='ltr'>γοῦν</span> <span class='ocrx_word' id='word_1_287' title='bbox 722 2237 798 2302; x_wconf 82' lang='grc' dir='ltr'>ὡς</span> <span class='ocrx_word' id='word_1_288' title='bbox 830 2238 1009 2301; x_wconf 66' lang='grc' dir='ltr'>ἐνίους</span> <span class='ocrx_word' id='word_1_289' title='bbox 1030 2238 1307 2306; x_wconf 75' lang='grc' dir='ltr'><strong>Δἀγγέλους</strong></span> <span class='ocrx_word' id='word_1_290' title='bbox 1336 2239 1690 2307; x_wconf 78' lang='grc' dir='ltr'>προσωνομά-</span> 
     </span>
    </p>
   </div>
   <div class='ocr_carea' id='block_1_40' title="bbox 120 2327 1686 2399">
    <p class='ocr_par' dir='ltr' id='par_1_40' title="bbox 120 2327 1686 2399">
     <span class='ocr_line' id='line_1_40' title="bbox 120 2327 1686 2399; baseline -0.002 -16"><span class='ocrx_word' id='word_1_291' title='bbox 120 2347 266 2383; x_wconf 75' lang='grc' dir='ltr'>ιιασιν</span> <span class='ocrx_word' id='word_1_292' title='bbox 301 2330 605 2397; x_wconf 71' lang='grc' dir='ltr'><strong>ἐπιγείους.</strong></span> <span class='ocrx_word' id='word_1_293' title='bbox 646 2327 789 2396; x_wconf 82' lang='grc' dir='ltr'><strong>Ἐγὼ</strong></span> <span class='ocrx_word' id='word_1_294' title='bbox 821 2329 877 2381; x_wconf 72' lang='grc' dir='ltr'>δὲ</span> <span class='ocrx_word' id='word_1_295' title='bbox 911 2328 1011 2381; x_wconf 72' lang='grc' dir='ltr'>εἴτ’</span> <span class='ocrx_word' id='word_1_296' title='bbox 1049 2329 1287 2383; x_wconf 73' lang='grc' dir='ltr'>ἐπαίνων</span> <span class='ocrx_word' id='word_1_297' title='bbox 1320 2331 1439 2383; x_wconf 76' lang='grc' dir='ltr'>ἐστὶ</span> <span class='ocrx_word' id='word_1_298' title='bbox 1484 2327 1686 2399; x_wconf 73' lang='grc' dir='ltr'>τρυφὴ,</span> 
     </span>
    </p>
   </div>
   <div class='ocr_carea' id='block_1_41' title="bbox 119 2419 1691 2493">
    <p class='ocr_par' dir='ltr' id='par_1_41' title="bbox 119 2419 1691 2493">
     <span class='ocr_line' id='line_1_41' title="bbox 119 2419 1691 2493; baseline -0.002 -19"><span class='ocrx_word' id='word_1_299' title='bbox 119 2424 215 2475; x_wconf 76' lang='grc' dir='ltr'>εἴτε</span> <span class='ocrx_word' id='word_1_300' title='bbox 248 2423 327 2492; x_wconf 83' lang='grc' dir='ltr'>τῷ</span> <span class='ocrx_word' id='word_1_301' title='bbox 361 2421 651 2493; x_wconf 78' lang='grc' dir='ltr'>πράγματι</span> <span class='ocrx_word' id='word_1_302' title='bbox 707 2419 1030 2489; x_wconf 79' lang='grc' dir='ltr'>συμϐαῖνον,</span> <span class='ocrx_word' id='word_1_303' title='bbox 1092 2420 1459 2491; x_wconf 78' lang='grc' dir='ltr'>παραχωρῶν,</span> <span class='ocrx_word' id='word_1_304' title='bbox 1514 2420 1691 2471; x_wconf 72' lang='grc' dir='ltr'>ἐκεῖνο</span> 
     </span>
    </p>
   </div>
   <div class='ocr_carea' id='block_1_42' title="bbox 118 2510 1685 2584">
    <p class='ocr_par' dir='ltr' id='par_1_42' title="bbox 118 2510 1685 2584">
     <span class='ocr_line' id='line_1_42' title="bbox 118 2510 1685 2584; baseline -0.004 -17"><span class='ocrx_word' id='word_1_305' title='bbox 118 2514 166 2567; x_wconf 75' lang='grc' dir='ltr'>δέ</span> <span class='ocrx_word' id='word_1_306' title='bbox 211 2532 379 2584; x_wconf 82' lang='grc' dir='ltr'>φημι,</span> <span class='ocrx_word' id='word_1_307' title='bbox 432 2512 508 2576; x_wconf 79' lang='grc' dir='ltr'>ὡς</span> <span class='ocrx_word' id='word_1_308' title='bbox 556 2514 617 2565; x_wconf 77' lang='grc' dir='ltr'><strong>Εἰ</strong></span> <span class='ocrx_word' id='word_1_309' title='bbox 662 2514 789 2575; x_wconf 77' lang='grc' dir='ltr'>τοὺς</span> <span class='ocrx_word' id='word_1_310' title='bbox 838 2511 1031 2575; x_wconf 83' lang='grc' dir='ltr'>ἀλλους</span> <span class='ocrx_word' id='word_1_311' title='bbox 1079 2512 1221 2565; x_wconf 80' lang='grc' dir='ltr'>οὓτω</span> <span class='ocrx_word' id='word_1_312' title='bbox 1274 2510 1685 2582; x_wconf 83' lang='grc' dir='ltr'><strong>προσεροῦμεν,</strong></span> 
     </span>
    </p>
   </div>
   <div class='ocr_carea' id='block_1_43' title="bbox 123 2602 1685 2676">
    <p class='ocr_par' dir='ltr' id='par_1_43' title="bbox 123 2602 1685 2676">
     <span class='ocr_line' id='line_1_43' title="bbox 123 2602 1685 2676; baseline -0.003 -19"><span class='ocrx_word' id='word_1_313' title='bbox 123 2607 169 2658; x_wconf 78' lang='grc' dir='ltr'><strong>τί</strong></span> <span class='ocrx_word' id='word_1_314' title='bbox 202 2607 393 2676; x_wconf 74' lang='grc' dir='ltr'>φῶμεν</span> <span class='ocrx_word' id='word_1_315' title='bbox 424 2605 515 2658; x_wconf 82' lang='grc' dir='ltr'>τὸν</span> <span class='ocrx_word' id='word_1_316' title='bbox 584 2604 760 2671; x_wconf 80' lang='grc' dir='ltr'>μέγαν</span> <span class='ocrx_word' id='word_1_317' title='bbox 825 2604 917 2656; x_wconf 74' lang='grc' dir='ltr'><strong>καὶ</strong></span> <span class='ocrx_word' id='word_1_318' title='bbox 975 2603 1116 2655; x_wconf 83' lang='grc' dir='ltr'>θεῖον</span> <span class='ocrx_word' id='word_1_319' title='bbox 1175 2604 1344 2664; x_wconf 73' lang='grc' dir='ltr'>ὅντως</span> <span class='ocrx_word' id='word_1_320' title='bbox 1395 2602 1685 2666; x_wconf 85' lang='grc' dir='ltr'>Νικόλαον;</span> 
     </span>
    </p>
   </div>
   <div class='ocr_carea' id='block_1_44' title="bbox 119 2692 1690 2766">
    <p class='ocr_par' dir='ltr' id='par_1_44' title="bbox 119 2692 1690 2766">
     <span class='ocr_line' id='line_1_44' title="bbox 119 2692 1690 2766; baseline -0.004 -17"><span class='ocrx_word' id='word_1_321' title='bbox 119 2697 251 2766; x_wconf 75' lang='grc' dir='ltr'>Πλὴν</span> <span class='ocrx_word' id='word_1_322' title='bbox 299 2700 353 2749; x_wconf 81' lang='grc' dir='ltr'>εί</span> <span class='ocrx_word' id='word_1_323' title='bbox 424 2695 501 2763; x_wconf 79' lang='grc' dir='ltr'>μὴ</span> <span class='ocrx_word' id='word_1_324' title='bbox 558 2694 707 2760; x_wconf 72' lang='grc' dir='ltr'>λέγοι</span> <span class='ocrx_word' id='word_1_325' title='bbox 746 2710 852 2755; x_wconf 83' lang='grc' dir='ltr'>τις.</span> <span class='ocrx_word' id='word_1_326' title='bbox 910 2692 984 2756; x_wconf 80' lang='grc' dir='ltr'>ὡς</span> <span class='ocrx_word' id='word_1_327' title='bbox 1034 2693 1181 2762; x_wconf 83' lang='grc' dir='ltr'>μόνῳ</span> <span class='ocrx_word' id='word_1_328' title='bbox 1248 2692 1512 2761; x_wconf 86' lang='grc' dir='ltr'>προσήκει</span> <span class='ocrx_word' id='word_1_329' title='bbox 1569 2694 1690 2743; x_wconf 80' lang='grc' dir='ltr'>ἐπι-</span> 
     </span>
    </p>
   </div>
   <div class='ocr_carea' id='block_1_45' title="bbox 119 2782 1689 2856">
    <p class='ocr_par' dir='ltr' id='par_1_45' title="bbox 119 2782 1689 2856">
     <span class='ocr_line' id='line_1_45' title="bbox 119 2782 1689 2856; baseline -0.003 -17"><span class='ocrx_word' id='word_1_330' title='bbox 119 2790 239 2856; x_wconf 78' lang='grc' dir='ltr'>γείῳ</span> <span class='ocrx_word' id='word_1_331' title='bbox 299 2788 400 2839; x_wconf 80' lang='grc' dir='ltr'>καὶ</span> <span class='ocrx_word' id='word_1_332' title='bbox 436 2785 676 2856; x_wconf 81' lang='grc' dir='ltr'>οὐρανίῳ</span> <span class='ocrx_word' id='word_1_333' title='bbox 733 2785 1222 2855; x_wconf 78' lang='grc' dir='ltr'>προσωνομᾶσυαι,</span> <span class='ocrx_word' id='word_1_334' title='bbox 1287 2782 1689 2853; x_wconf 74' lang='grc' dir='ltr'>συμϐαινούσης</span> 
     </span>
    </p>
   </div>
   <div class='ocr_carea' id='block_1_46' title="bbox 120 2875 1691 2947">
    <p class='ocr_par' dir='ltr' id='par_1_46' title="bbox 120 2875 1691 2947">
     <span class='ocr_line' id='line_1_46' title="bbox 120 2875 1691 2947; baseline -0.003 -19"><span class='ocrx_word' id='word_1_335' title='bbox 120 2879 211 2945; x_wconf 80' lang='grc' dir='ltr'>μὲν</span> <span class='ocrx_word' id='word_1_336' title='bbox 240 2879 342 2945; x_wconf 83' lang='grc' dir='ltr'>τῆς</span> <span class='ocrx_word' id='word_1_337' title='bbox 374 2878 749 2947; x_wconf 84' lang='grc' dir='ltr'>προσηγορίας</span> <span class='ocrx_word' id='word_1_338' title='bbox 778 2876 872 2928; x_wconf 76' lang='grc' dir='ltr'>καὶ</span> <span class='ocrx_word' id='word_1_339' title='bbox 919 2876 1027 2937; x_wconf 85' lang='grc' dir='ltr'>τοῖς</span> <span class='ocrx_word' id='word_1_340' title='bbox 1073 2875 1223 2928; x_wconf 87' lang='grc' dir='ltr'>κάτω</span> <span class='ocrx_word' id='word_1_341' title='bbox 1254 2875 1502 2944; x_wconf 82' lang='grc' dir='ltr'>παρόντι,</span> <span class='ocrx_word' id='word_1_342' title='bbox 1550 2890 1691 2942; x_wconf 77' lang='grc' dir='ltr'>συμ-</span> 
     </span>
    </p>
   </div>
   <div class='ocr_carea' id='block_1_47' title="bbox 119 2959 1691 3038">
    <p class='ocr_par' dir='ltr' id='par_1_47' title="bbox 119 2959 1691 3038">
     <span class='ocr_line' id='line_1_47' title="bbox 119 2959 1691 3038; baseline -0.002 -18"><span class='ocrx_word' id='word_1_343' title='bbox 119 2969 403 3038; x_wconf 78' lang='grc' dir='ltr'>6αινούσης</span> <span class='ocrx_word' id='word_1_344' title='bbox 432 2968 488 3021; x_wconf 80' lang='grc' dir='ltr'>δὲ</span> <span class='ocrx_word' id='word_1_345' title='bbox 516 2968 613 3021; x_wconf 78' lang='grc' dir='ltr'><strong>καὶ</strong></span> <span class='ocrx_word' id='word_1_346' title='bbox 662 2968 798 3036; x_wconf 75' lang='grc' dir='ltr'>πρὸς</span> <span class='ocrx_word' id='word_1_347' title='bbox 840 2968 963 3030; x_wconf 77' lang='grc' dir='ltr'>τοὺς</span> <span class='ocrx_word' id='word_1_348' title='bbox 987 2967 1099 3021; x_wconf 83' lang='grc' dir='ltr'><strong>ἀνω</strong></span> <span class='ocrx_word' id='word_1_349' title='bbox 1128 2967 1424 3037; x_wconf 82' lang='grc' dir='ltr'><strong>γενομένῳ.</strong></span> <span class='ocrx_word' id='word_1_350' title='bbox 1472 2965 1613 3018; x_wconf 82' lang='grc' dir='ltr'>Ἀλλ’</span> <span class='ocrx_word' id='word_1_351' title='bbox 1646 2959 1691 3018; x_wconf 80' lang='grc' dir='ltr'><strong>ὧ</strong></span> 
     </span>
    </p>
   </div>
   <div class='ocr_carea' id='block_1_48' title="bbox 119 3056 1688 3130">
    <p class='ocr_par' dir='ltr' id='par_1_48' title="bbox 119 3056 1688 3130">
     <span class='ocr_line' id='line_1_48' title="bbox 119 3056 1688 3130; baseline -0.003 -19"><span class='ocrx_word' id='word_1_352' title='bbox 119 3062 245 3128; x_wconf 80' lang='grc' dir='ltr'><strong>μετά</strong></span> <span class='ocrx_word' id='word_1_353' title='bbox 266 3060 485 3130; x_wconf 87' lang='grc' dir='ltr'>Θνητῶν</span> <span class='ocrx_word' id='word_1_354' title='bbox 511 3057 794 3121; x_wconf 81' lang='grc' dir='ltr'>ἀθανάτως</span> <span class='ocrx_word' id='word_1_355' title='bbox 849 3056 1084 3126; x_wconf 82' lang='grc' dir='ltr'>βιώσαςὶ</span> <span class='ocrx_word' id='word_1_356' title='bbox 1128 3056 1173 3109; x_wconf 83' lang='grc' dir='ltr'>ὦ</span> <span class='ocrx_word' id='word_1_357' title='bbox 1211 3056 1369 3126; x_wconf 78' lang='grc' dir='ltr'>δόξης</span> <span class='ocrx_word' id='word_1_358' title='bbox 1411 3056 1688 3126; x_wconf 79' lang='grc' dir='ltr'>ἀκηράτου</span> 
     </span>
    </p>
   </div>
   <div class='ocr_carea' id='block_1_49' title="bbox 1792 1964 3360 2038">
    <p class='ocr_par' dir='ltr' id='par_1_49' title="bbox 1792 1964 3360 2038">
     <span class='ocr_line' id='line_1_49' title="bbox 1792 1964 3360 2038; baseline 0.002 -21"><span class='ocrx_word' id='word_1_359' title='bbox 1792 1964 1927 2017; x_wconf 85' lang='lat' dir='ltr'><strong>bene</strong></span> <span class='ocrx_word' id='word_1_360' title='bbox 1951 1972 2171 2018; x_wconf 72' lang='lat' dir='ltr'><strong>structae</strong></span> <span class='ocrx_word' id='word_1_361' title='bbox 2199 1964 2397 2020; x_wconf 89' lang='lat' dir='ltr'><strong>domus</strong></span> <span class='ocrx_word' id='word_1_362' title='bbox 2422 1967 2698 2038; x_wconf 67' lang='lat' dir='ltr'><strong>propylaeo</strong></span> <span class='ocrx_word' id='word_1_363' title='bbox 2724 1967 3008 2021; x_wconf 87' lang='lat' dir='ltr'><strong>columnas</strong></span> <span class='ocrx_word' id='word_1_364' title='bbox 3028 1982 3360 2037; x_wconf 78' lang='lat' dir='ltr'><strong>supponere,</strong></span> 
     </span>
    </p>
   </div>
   <div class='ocr_carea' id='block_1_50' title="bbox 1791 2056 3363 2128">
    <p class='ocr_par' dir='ltr' id='par_1_50' title="bbox 1791 2056 3363 2128">
     <span class='ocr_line' id='line_1_50' title="bbox 1791 2056 3363 2128; baseline 0.003 -21"><span class='ocrx_word' id='word_1_365' title='bbox 1791 2056 1937 2125; x_wconf 90' lang='lat' dir='ltr'><strong>quod</strong></span> <span class='ocrx_word' id='word_1_366' title='bbox 1985 2056 2059 2109; x_wconf 91' lang='lat' dir='ltr'><strong>ait</strong></span> <span class='ocrx_word' id='word_1_367' title='bbox 2128 2056 2385 2112; x_wconf 90' lang='lat' dir='ltr'><strong>Thebana</strong></span> <span class='ocrx_word' id='word_1_368' title='bbox 2440 2060 2575 2128; x_wconf 76' lang='lat' dir='ltr'><strong>lyra.</strong></span> <span class='ocrx_word' id='word_1_369' title='bbox 2639 2060 3001 2124; x_wconf 81' lang='lat' dir='ltr'><strong>Qtuerendum</strong></span> <span class='ocrx_word' id='word_1_370' title='bbox 3035 2076 3164 2115; x_wconf 86' lang='lat' dir='ltr'><strong>vero</strong></span> <span class='ocrx_word' id='word_1_371' title='bbox 3192 2067 3363 2115; x_wconf 79' lang='lat' dir='ltr'><strong>restat</strong></span> 
     </span>
    </p>
   </div>
   <div class='ocr_carea' id='block_1_51' title="bbox 1791 2148 3362 2222">
    <p class='ocr_par' dir='ltr' id='par_1_51' title="bbox 1791 2148 3362 2222">
     <span class='ocr_line' id='line_1_51' title="bbox 1791 2148 3362 2222; baseline 0.004 -21"><span class='ocrx_word' id='word_1_372' title='bbox 1791 2148 2063 2204; x_wconf 76' lang='lat' dir='ltr'><strong>excelsius</strong></span> <span class='ocrx_word' id='word_1_373' title='bbox 2090 2149 2239 2203; x_wconf 82' lang='lat' dir='ltr'><strong>aliud</strong></span> <span class='ocrx_word' id='word_1_374' title='bbox 2280 2149 2628 2221; x_wconf 87' lang='lat' dir='ltr'><strong>diviniusque</strong></span> <span class='ocrx_word' id='word_1_375' title='bbox 2679 2152 2955 2221; x_wconf 75' lang='lat' dir='ltr'><strong>tastigium</strong></span> <span class='ocrx_word' id='word_1_376' title='bbox 3000 2152 3147 2222; x_wconf 91' lang='lat' dir='ltr'><strong>quod</strong></span> <span class='ocrx_word' id='word_1_377' title='bbox 3178 2153 3362 2207; x_wconf 37' lang='lat' dir='ltr'><strong>[iactes</strong></span> 
     </span>
    </p>
   </div>
   <div class='ocr_carea' id='block_1_52' title="bbox 1792 2242 3363 2309">
    <p class='ocr_par' dir='ltr' id='par_1_52' title="bbox 1792 2242 3363 2309">
     <span class='ocr_line' id='line_1_52' title="bbox 1792 2242 3363 2309; baseline 0.004 -18"><span class='ocrx_word' id='word_1_378' title='bbox 1792 2257 1895 2293; x_wconf 79' lang='lat' dir='ltr'><strong>nus</strong></span> <span class='ocrx_word' id='word_1_379' title='bbox 1917 2243 2169 2295; x_wconf 84' lang='lat' dir='ltr'><strong>eductam</strong></span> <span class='ocrx_word' id='word_1_380' title='bbox 2208 2242 2405 2294; x_wconf 89' lang='lat' dir='ltr'><strong>molem</strong></span> <span class='ocrx_word' id='word_1_381' title='bbox 2447 2244 2943 2309; x_wconf 72' lang='lat' dir='ltr'><strong>superincumbens</strong></span> <span class='ocrx_word' id='word_1_382' title='bbox 2974 2254 3221 2298; x_wconf 87' lang='lat' dir='ltr'><strong>coronet.</strong></span> <span class='ocrx_word' id='word_1_383' title='bbox 3260 2242 3363 2299; x_wconf 83' lang='lat' dir='ltr'><strong>Cui</strong></span> 
     </span>
    </p>
   </div>
   <div class='ocr_carea' id='block_1_53' title="bbox 1790 2331 3365 2403">
    <p class='ocr_par' dir='ltr' id='par_1_53' title="bbox 1790 2331 3365 2403">
     <span class='ocr_line' id='line_1_53' title="bbox 1790 2331 3365 2403; baseline 0.005 -21"><span class='ocrx_word' id='word_1_384' title='bbox 1790 2333 1933 2383; x_wconf 91' lang='lat' dir='ltr'><strong>enim</strong></span> <span class='ocrx_word' id='word_1_385' title='bbox 1976 2331 2155 2385; x_wconf 90' lang='lat' dir='ltr'><strong>adhuc</strong></span> <span class='ocrx_word' id='word_1_386' title='bbox 2204 2337 2256 2385; x_wconf 90' lang='lat' dir='ltr'><strong>in</strong></span> <span class='ocrx_word' id='word_1_387' title='bbox 2306 2347 2473 2388; x_wconf 86' lang='lat' dir='ltr'><strong>carne</strong></span> <span class='ocrx_word' id='word_1_388' title='bbox 2510 2333 2764 2402; x_wconf 61' lang='lat' dir='ltr'><strong>pra‘senti</strong></span> <span class='ocrx_word' id='word_1_389' title='bbox 2815 2335 2946 2387; x_wconf 88' lang='lat' dir='ltr'><strong>talia</strong></span> <span class='ocrx_word' id='word_1_390' title='bbox 2977 2343 3100 2402; x_wconf 88' lang='lat' dir='ltr'><strong>apte</strong></span> <span class='ocrx_word' id='word_1_391' title='bbox 3130 2350 3365 2403; x_wconf 84' lang='lat' dir='ltr'><strong>vereque</strong></span> 
     </span>
    </p>
   </div>
   <div class='ocr_carea' id='block_1_54' title="bbox 1790 2420 3364 2497">
    <p class='ocr_par' dir='ltr' id='par_1_54' title="bbox 1790 2420 3364 2497">
     <span class='ocr_line' id='line_1_54' title="bbox 1790 2420 3364 2497; baseline 0.003 -26"><span class='ocrx_word' id='word_1_392' title='bbox 1790 2420 1895 2474; x_wconf 91' lang='lat' dir='ltr'><strong>dici</strong></span> <span class='ocrx_word' id='word_1_393' title='bbox 1934 2429 2207 2491; x_wconf 84' lang='lat' dir='ltr'><strong>poterant,</strong></span> <span class='ocrx_word' id='word_1_394' title='bbox 2231 2423 2319 2491; x_wconf 86' lang='lat' dir='ltr'><strong>(an</strong></span> <span class='ocrx_word' id='word_1_395' title='bbox 2366 2439 2476 2477; x_wconf 86' lang='lat' dir='ltr'><strong>non</strong></span> <span class='ocrx_word' id='word_1_396' title='bbox 2514 2424 2661 2477; x_wconf 90' lang='lat' dir='ltr'><strong>enim</strong></span> <span class='ocrx_word' id='word_1_397' title='bbox 2709 2425 2926 2479; x_wconf 88' lang='lat' dir='ltr'><strong>mortali</strong></span> <span class='ocrx_word' id='word_1_398' title='bbox 2963 2434 3159 2478; x_wconf 83' lang='lat' dir='ltr'><strong>natura</strong></span> <span class='ocrx_word' id='word_1_399' title='bbox 3200 2441 3364 2497; x_wconf 82' lang='lat' dir='ltr'><strong>supe-</strong></span> 
     </span>
    </p>
   </div>
   <div class='ocr_carea' id='block_1_55' title="bbox 1791 2510 3363 2581">
    <p class='ocr_par' dir='ltr' id='par_1_55' title="bbox 1791 2510 3363 2581">
     <span class='ocr_line' id='line_1_55' title="bbox 1791 2510 3363 2581; baseline 0.003 -19"><span class='ocrx_word' id='word_1_400' title='bbox 1791 2510 1905 2563; x_wconf 92' lang='lat' dir='ltr'><strong>rior</strong></span> <span class='ocrx_word' id='word_1_401' title='bbox 1937 2518 2050 2563; x_wconf 88' lang='lat' dir='ltr'><strong>tum</strong></span> <span class='ocrx_word' id='word_1_402' title='bbox 2091 2510 2198 2563; x_wconf 91' lang='lat' dir='ltr'><strong>dici</strong></span> <span class='ocrx_word' id='word_1_403' title='bbox 2235 2526 2359 2564; x_wconf 89' lang='lat' dir='ltr'><strong>vere</strong></span> <span class='ocrx_word' id='word_1_404' title='bbox 2404 2512 2584 2580; x_wconf 89' lang='lat' dir='ltr'><strong>potuit</strong></span> <span class='ocrx_word' id='word_1_405' title='bbox 2623 2511 2716 2581; x_wconf 88' lang='lat' dir='ltr'><strong>qui</strong></span> <span class='ocrx_word' id='word_1_406' title='bbox 2765 2512 3045 2568; x_wconf 87' lang='lat' dir='ltr'><strong>mentibus</strong></span> <span class='ocrx_word' id='word_1_407' title='bbox 3077 2528 3105 2567; x_wconf 93' lang='lat' dir='ltr'><strong>a</strong></span> <span class='ocrx_word' id='word_1_408' title='bbox 3139 2515 3363 2568; x_wconf 89' lang='lat' dir='ltr'><strong>materia</strong></span> 
     </span>
    </p>
   </div>
   <div class='ocr_carea' id='block_1_56' title="bbox 1792 2602 3362 2675">
    <p class='ocr_par' dir='ltr' id='par_1_56' title="bbox 1792 2602 3362 2675">
     <span class='ocr_line' id='line_1_56' title="bbox 1792 2602 3362 2675; baseline 0.004 -22"><span class='ocrx_word' id='word_1_409' title='bbox 1792 2602 2057 2669; x_wconf 71' lang='lat' dir='ltr'><strong>seiunctis</strong></span> <span class='ocrx_word' id='word_1_410' title='bbox 2093 2602 2291 2656; x_wconf 88' lang='lat' dir='ltr'><strong>similia</strong></span> <span class='ocrx_word' id='word_1_411' title='bbox 2340 2604 2602 2671; x_wconf 81' lang='lat' dir='ltr'><strong>perlicere</strong></span> <span class='ocrx_word' id='word_1_412' title='bbox 2636 2605 2788 2659; x_wconf 87' lang='lat' dir='ltr'><strong>visus</strong></span> <span class='ocrx_word' id='word_1_413' title='bbox 2811 2605 2959 2674; x_wconf 86' lang='lat' dir='ltr'><strong>est?)</strong></span> <span class='ocrx_word' id='word_1_414' title='bbox 2996 2621 3118 2674; x_wconf 66' lang='lat' dir='ltr'><strong>qua:</strong></span> <span class='ocrx_word' id='word_1_415' title='bbox 3144 2606 3256 2675; x_wconf 80' lang='lat' dir='ltr'><strong>jam</strong></span> <span class='ocrx_word' id='word_1_416' title='bbox 3285 2607 3362 2659; x_wconf 89' lang='lat' dir='ltr'><strong>illi</strong></span> 
     </span>
    </p>
   </div>
   <div class='ocr_carea' id='block_1_57' title="bbox 1791 2693 3366 2761">
    <p class='ocr_par' dir='ltr' id='par_1_57' title="bbox 1791 2693 3366 2761">
     <span class='ocr_line' id='line_1_57' title="bbox 1791 2693 3366 2761; baseline 0.005 -18"><span class='ocrx_word' id='word_1_417' title='bbox 1791 2693 2138 2761; x_wconf 77' lang='lat' dir='ltr'><strong>compellatio</strong></span> <span class='ocrx_word' id='word_1_418' title='bbox 2193 2694 2817 2761; x_wconf 83' lang='lat' dir='ltr'><strong>postquammortalem</strong></span> <span class='ocrx_word' id='word_1_419' title='bbox 2868 2698 3055 2751; x_wconf 85' lang='lat' dir='ltr'><strong>carnis</strong></span> <span class='ocrx_word' id='word_1_420' title='bbox 3087 2698 3366 2752; x_wconf 84' lang='lat' dir='ltr'><strong>sarcinam</strong></span> 
     </span>
    </p>
   </div>
   <div class='ocr_carea' id='block_1_58' title="bbox 1791 2785 3367 2858">
    <p class='ocr_par' dir='ltr' id='par_1_58' title="bbox 1791 2785 3367 2858">
     <span class='ocr_line' id='line_1_58' title="bbox 1791 2785 3367 2858; baseline 0.004 -21"><span class='ocrx_word' id='word_1_421' title='bbox 1791 2785 2067 2854; x_wconf 81' lang='lat' dir='ltr'><strong>deposuit,</strong></span> <span class='ocrx_word' id='word_1_422' title='bbox 2101 2786 2423 2840; x_wconf 84' lang='lat' dir='ltr'><strong>conveniet?</strong></span> <span class='ocrx_word' id='word_1_423' title='bbox 2450 2785 2583 2841; x_wconf 79' lang='lat' dir='ltr'><strong>Novi</strong></span> <span class='ocrx_word' id='word_1_424' title='bbox 2615 2803 2748 2843; x_wconf 84' lang='lat' dir='ltr'><strong>sane</strong></span> <span class='ocrx_word' id='word_1_425' title='bbox 2770 2791 3035 2858; x_wconf 85' lang='lat' dir='ltr'><strong>quosdam</strong></span> <span class='ocrx_word' id='word_1_426' title='bbox 3069 2790 3144 2845; x_wconf 90' lang='lat' dir='ltr'><strong>ita</strong></span> <span class='ocrx_word' id='word_1_427' title='bbox 3176 2791 3367 2845; x_wconf 81' lang='lat' dir='ltr'><strong>lauda-</strong></span> 
     </span>
    </p>
   </div>
   <div class='ocr_carea' id='block_1_59' title="bbox 1794 2878 3367 2951">
    <p class='ocr_par' dir='ltr' id='par_1_59' title="bbox 1794 2878 3367 2951">
     <span class='ocr_line' id='line_1_59' title="bbox 1794 2878 3367 2951; baseline 0.006 -24"><span class='ocrx_word' id='word_1_428' title='bbox 1794 2884 1879 2929; x_wconf 86' lang='lat' dir='ltr'><strong>tos</strong></span> <span class='ocrx_word' id='word_1_429' title='bbox 1934 2886 1990 2928; x_wconf 95' lang='lat' dir='ltr'><strong>ut</strong></span> <span class='ocrx_word' id='word_1_430' title='bbox 2048 2878 2223 2947; x_wconf 74' lang='lat' dir='ltr'><strong>angeli</strong></span> <span class='ocrx_word' id='word_1_431' title='bbox 2275 2886 2564 2933; x_wconf 86' lang='lat' dir='ltr'><strong>terrestres</strong></span> <span class='ocrx_word' id='word_1_432' title='bbox 2626 2880 3058 2947; x_wconf 86' lang='lat' dir='ltr'><strong>appellarentur.</strong></span> <span class='ocrx_word' id='word_1_433' title='bbox 3094 2880 3206 2951; x_wconf 71' lang='lat' dir='ltr'><strong>Ego</strong></span> <span class='ocrx_word' id='word_1_434' title='bbox 3235 2896 3367 2936; x_wconf 84' lang='lat' dir='ltr'><strong>vero</strong></span> 
     </span>
    </p>
   </div>
   <div class='ocr_carea' id='block_1_60' title="bbox 1795 2964 3364 3034">
    <p class='ocr_par' dir='ltr' id='par_1_60' title="bbox 1795 2964 3364 3034">
     <span class='ocr_line' id='line_1_60' title="bbox 1795 2964 3364 3034; baseline 0.006 -18"><span class='ocrx_word' id='word_1_435' title='bbox 1795 2964 1930 3018; x_wconf 85' lang='lat' dir='ltr'><strong>nihil</strong></span> <span class='ocrx_word' id='word_1_436' title='bbox 1964 2964 2035 3019; x_wconf 87' lang='lat' dir='ltr'><strong>de</strong></span> <span class='ocrx_word' id='word_1_437' title='bbox 2061 2980 2127 3020; x_wconf 88' lang='lat' dir='ltr'><strong>eo</strong></span> <span class='ocrx_word' id='word_1_438' title='bbox 2152 2966 2544 3034; x_wconf 70' lang='lat' dir='ltr'><strong>prmjudicans,</strong></span> <span class='ocrx_word' id='word_1_439' title='bbox 2576 2976 2630 3020; x_wconf 91' lang='lat' dir='ltr'><strong>et</strong></span> <span class='ocrx_word' id='word_1_440' title='bbox 2664 2981 2734 3021; x_wconf 87' lang='lat' dir='ltr'><strong>an</strong></span> <span class='ocrx_word' id='word_1_441' title='bbox 2766 2970 3100 3026; x_wconf 83' lang='lat' dir='ltr'><strong>laudationis</strong></span> <span class='ocrx_word' id='word_1_442' title='bbox 3140 2971 3364 3025; x_wconf 89' lang='lat' dir='ltr'><strong>modum</strong></span> 
     </span>
    </p>
   </div>
   <div class='ocr_carea' id='block_1_61' title="bbox 1797 3056 3364 3128">
    <p class='ocr_par' dir='ltr' id='par_1_61' title="bbox 1797 3056 3364 3128">
     <span class='ocr_line' id='line_1_61' title="bbox 1797 3056 3364 3128; baseline 0.004 -20"><span class='ocrx_word' id='word_1_443' title='bbox 1797 3057 1898 3111; x_wconf 90' lang='lat' dir='ltr'><strong>hoc</strong></span> <span class='ocrx_word' id='word_1_444' title='bbox 1949 3056 2178 3110; x_wconf 81' lang='lat' dir='ltr'><strong>verbum</strong></span> <span class='ocrx_word' id='word_1_445' title='bbox 2227 3057 2502 3120; x_wconf 76' lang='lat' dir='ltr'><strong>excedat,</strong></span> <span class='ocrx_word' id='word_1_446' title='bbox 2553 3074 2621 3111; x_wconf 86' lang='lat' dir='ltr'><strong>an</strong></span> <span class='ocrx_word' id='word_1_447' title='bbox 2673 3068 2866 3113; x_wconf 86' lang='lat' dir='ltr'><strong>contra</strong></span> <span class='ocrx_word' id='word_1_448' title='bbox 2922 3062 2996 3114; x_wconf 89' lang='lat' dir='ltr'><strong>rei</strong></span> <span class='ocrx_word' id='word_1_449' title='bbox 3048 3062 3364 3128; x_wconf 77' lang='lat' dir='ltr'><strong>conveniat,</strong></span> 
     </span>
    </p>
   </div>
   <div class='ocr_carea' id='block_1_62' title="bbox 116 3140 1689 3230">
    <p class='ocr_par' dir='ltr' id='par_1_62' title="bbox 116 3140 1689 3218">
     <span class='ocr_line' id='line_1_62' title="bbox 116 3140 1689 3218; baseline -0.004 -14"><span class='ocrx_word' id='word_1_450' title='bbox 116 3153 165 3204; x_wconf 78' lang='grc' dir='ltr'><strong>εἰ</strong></span> <span class='ocrx_word' id='word_1_451' title='bbox 190 3170 268 3215; x_wconf 86' lang='grc' dir='ltr'><strong>τις</strong></span> <span class='ocrx_word' id='word_1_452' title='bbox 298 3152 484 3213; x_wconf 75' lang='grc' dir='ltr'>ἄλλος,</span> <span class='ocrx_word' id='word_1_453' title='bbox 540 3148 641 3204; x_wconf 78' lang='grc' dir='ltr'><strong>κᾶν</strong></span> <span class='ocrx_word' id='word_1_454' title='bbox 686 3152 798 3212; x_wconf 87' lang='grc' dir='ltr'>τοῖς</span> <span class='ocrx_word' id='word_1_455' title='bbox 842 3148 1131 3218; x_wconf 68' lang='grc' dir='ltr'>ιπικήροις</span> <span class='ocrx_word' id='word_1_456' title='bbox 1169 3148 1615 3217; x_wconf 76' lang='grc' dir='ltr'>κληρονομήσαςι</span> <span class='ocrx_word' id='word_1_457' title='bbox 1648 3140 1689 3197; x_wconf 84' lang='grc' dir='ltr'>ὧ</span> 
     </span>
    </p>
   </div>
   <div class='ocr_carea' id='block_1_63' title="bbox 1789 3140 3366 3230">
    <p class='ocr_par' dir='ltr' id='par_1_63' title="bbox 1794 3146 3366 3210">
     <span class='ocr_line' id='line_1_63' title="bbox 1794 3146 3366 3210; baseline 0.005 -13"><span class='ocrx_word' id='word_1_458' title='bbox 1794 3146 2021 3199; x_wconf 88' lang='lat' dir='ltr'><strong>delinire</strong></span> <span class='ocrx_word' id='word_1_459' title='bbox 2048 3146 2326 3210; x_wconf 88' lang='lat' dir='ltr'><strong>omittens,</strong></span> <span class='ocrx_word' id='word_1_460' title='bbox 2364 3146 2495 3200; x_wconf 89' lang='lat' dir='ltr'><strong>illud</strong></span> <span class='ocrx_word' id='word_1_461' title='bbox 2530 3148 2655 3200; x_wconf 89' lang='lat' dir='ltr'><strong>aio:</strong></span> <span class='ocrx_word' id='word_1_462' title='bbox 2720 3146 2774 3199; x_wconf 91' lang='lat' dir='ltr'><strong>Si</strong></span> <span class='ocrx_word' id='word_1_463' title='bbox 2832 3158 3060 3204; x_wconf 71' lang='lat' dir='ltr'><strong>caeteros</strong></span> <span class='ocrx_word' id='word_1_464' title='bbox 3101 3152 3173 3203; x_wconf 87' lang='lat' dir='ltr'><strong>ita</strong></span> <span class='ocrx_word' id='word_1_465' title='bbox 3213 3165 3366 3204; x_wconf 64' lang='lat' dir='ltr'><strong>como</strong></span> 
     </span>
    </p>
   </div>
   <div class='ocr_carea' id='block_1_64' title="bbox 117 3235 1690 3306">
    <p class='ocr_par' dir='ltr' id='par_1_64' title="bbox 117 3235 1690 3306">
     <span class='ocr_line' id='line_1_64' title="bbox 117 3235 1690 3306; baseline -0.005 -11"><span class='ocrx_word' id='word_1_466' title='bbox 117 3242 202 3295; x_wconf 75' lang='grc' dir='ltr'>νῦν</span> <span class='ocrx_word' id='word_1_467' title='bbox 246 3243 467 3295; x_wconf 79' lang='grc' dir='ltr'>ἐκείνου</span> <span class='ocrx_word' id='word_1_468' title='bbox 527 3239 819 3293; x_wconf 79' lang='grc' dir='ltr'>ἀπολαύων</span> <span class='ocrx_word' id='word_1_469' title='bbox 872 3235 934 3292; x_wconf 74' lang='grc' dir='ltr'>οὗ</span> <span class='ocrx_word' id='word_1_470' title='bbox 991 3239 1087 3292; x_wconf 68' lang='grc' dir='ltr'><strong>καὶ</strong></span> <span class='ocrx_word' id='word_1_471' title='bbox 1146 3238 1397 3306; x_wconf 78' lang='grc' dir='ltr'><strong>ἀγγέλοις</strong></span> <span class='ocrx_word' id='word_1_472' title='bbox 1447 3236 1690 3289; x_wconf 78' lang='grc' dir='ltr'>ποθεινὸν</span> 
     </span>
    </p>
   </div>
   <div class='ocr_carea' id='block_1_65' title="bbox 118 3319 1688 3397">
    <p class='ocr_par' dir='ltr' id='par_1_65' title="bbox 118 3319 1688 3397">
     <span class='ocr_line' id='line_1_65' title="bbox 118 3319 1688 3397; baseline -0.002 -18"><span class='ocrx_word' id='word_1_473' title='bbox 118 3328 521 3397; x_wconf 78' lang='grc' dir='ltr'>παρακύπτειν,</span> <span class='ocrx_word' id='word_1_474' title='bbox 550 3328 642 3380; x_wconf 79' lang='grc' dir='ltr'>καὶ</span> <span class='ocrx_word' id='word_1_475' title='bbox 681 3319 757 3378; x_wconf 83' lang='grc' dir='ltr'>ὧν</span> <span class='ocrx_word' id='word_1_476' title='bbox 786 3327 863 3389; x_wconf 87' lang='grc' dir='ltr'><strong>εἰς</strong></span> <span class='ocrx_word' id='word_1_477' title='bbox 890 3327 979 3379; x_wconf 82' lang='grc' dir='ltr'><strong>τὸν</strong></span> <span class='ocrx_word' id='word_1_478' title='bbox 1008 3326 1160 3396; x_wconf 88' lang='grc' dir='ltr'>λόχον</span> <span class='ocrx_word' id='word_1_479' title='bbox 1181 3325 1267 3378; x_wconf 78' lang='grc' dir='ltr'>διὰ</span> <span class='ocrx_word' id='word_1_480' title='bbox 1285 3324 1378 3379; x_wconf 82' lang='grc' dir='ltr'>τοῦ</span> <span class='ocrx_word' id='word_1_481' title='bbox 1410 3325 1688 3395; x_wconf 68' lang='grc' dir='ltr'>προσλῆμ-</span> 
     </span>
    </p>
   </div>
   <div class='ocr_carea' id='block_1_66' title="bbox 120 3416 1690 3488">
    <p class='ocr_par' dir='ltr' id='par_1_66' title="bbox 120 3416 1690 3488">
     <span class='ocr_line' id='line_1_66' title="bbox 120 3416 1690 3488; baseline -0.001 -19"><span class='ocrx_word' id='word_1_482' title='bbox 120 3434 276 3485; x_wconf 82' lang='grc' dir='ltr'>ματος</span> <span class='ocrx_word' id='word_1_483' title='bbox 312 3416 532 3488; x_wconf 76' lang='grc' dir='ltr'>καὶτῆς</span> <span class='ocrx_word' id='word_1_484' title='bbox 562 3416 810 3487; x_wconf 76' lang='grc' dir='ltr'>καθαρᾶς</span> <span class='ocrx_word' id='word_1_485' title='bbox 861 3416 1136 3479; x_wconf 80' lang='grc' dir='ltr'>πολιτείας</span> <span class='ocrx_word' id='word_1_486' title='bbox 1177 3418 1446 3488; x_wconf 81' lang='grc' dir='ltr'>συνάπτῃ,</span> <span class='ocrx_word' id='word_1_487' title='bbox 1485 3416 1690 3470; x_wconf 88' lang='grc' dir='ltr'>τούτων</span> 
     </span>
    </p>
   </div>
   <div class='ocr_carea' id='block_1_67' title="bbox 115 3502 1691 3577">
    <p class='ocr_par' dir='ltr' id='par_1_67' title="bbox 115 3502 1691 3577">
     <span class='ocr_line' id='line_1_67' title="bbox 115 3502 1691 3577; baseline -0.002 -16"><span class='ocrx_word' id='word_1_488' title='bbox 115 3509 203 3562; x_wconf 78' lang='grc' dir='ltr'>καὶ</span> <span class='ocrx_word' id='word_1_489' title='bbox 232 3511 331 3576; x_wconf 80' lang='grc' dir='ltr'><strong>τῆς</strong></span> <span class='ocrx_word' id='word_1_490' title='bbox 384 3508 542 3577; x_wconf 79' lang='grc' dir='ltr'>δόξης</span> <span class='ocrx_word' id='word_1_491' title='bbox 609 3507 882 3576; x_wconf 73' lang='grc' dir='ltr'>μετέχωνί</span> <span class='ocrx_word' id='word_1_492' title='bbox 914 3502 959 3559; x_wconf 78' lang='grc' dir='ltr'>ὦ</span> <span class='ocrx_word' id='word_1_493' title='bbox 1000 3508 1327 3575; x_wconf 77' lang='grc' dir='ltr'>ἐτοιμοτάτη</span> <span class='ocrx_word' id='word_1_494' title='bbox 1358 3508 1524 3560; x_wconf 78' lang='grc' dir='ltr'>πᾶσιν</span> <span class='ocrx_word' id='word_1_495' title='bbox 1557 3508 1691 3559; x_wconf 79' lang='grc' dir='ltr'>ἀποο</span> 
     </span>
    </p>
   </div>
   <div class='ocr_carea' id='block_1_68' title="bbox 115 3590 1693 3668">
    <p class='ocr_par' dir='ltr' id='par_1_68' title="bbox 115 3590 1693 3668">
     <span class='ocr_line' id='line_1_68' title="bbox 115 3590 1693 3668; baseline -0.002 -16"><span class='ocrx_word' id='word_1_496' title='bbox 115 3600 290 3668; x_wconf 74' lang='grc' dir='ltr'>χρῶσα</span> <span class='ocrx_word' id='word_1_497' title='bbox 330 3599 587 3667; x_wconf 76' lang='grc' dir='ltr'>βοήθειαί</span> <span class='ocrx_word' id='word_1_498' title='bbox 622 3590 788 3660; x_wconf 79' lang='grc' dir='ltr'>Οὗτός</span> <span class='ocrx_word' id='word_1_499' title='bbox 813 3615 895 3651; x_wconf 90' lang='grc' dir='ltr'><strong>σοι</strong></span> <span class='ocrx_word' id='word_1_500' title='bbox 918 3598 1046 3668; x_wconf 89' lang='grc' dir='ltr'>παρ’</span> <span class='ocrx_word' id='word_1_501' title='bbox 1077 3598 1232 3668; x_wconf 77' lang='grc' dir='ltr'>ἡμῶν</span> <span class='ocrx_word' id='word_1_502' title='bbox 1256 3599 1496 3665; x_wconf 80' lang='grc' dir='ltr'>δ’λόγος,</span> <span class='ocrx_word' id='word_1_503' title='bbox 1524 3598 1693 3650; x_wconf 81' lang='grc' dir='ltr'>Νικό-</span> 
     </span>
    </p>
   </div>
   <div class='ocr_carea' id='block_1_69' title="bbox 116 3688 1689 3761">
    <p class='ocr_par' dir='ltr' id='par_1_69' title="bbox 116 3688 1689 3761">
     <span class='ocr_line' id='line_1_69' title="bbox 116 3688 1689 3761; baseline -0.001 -19"><span class='ocrx_word' id='word_1_504' title='bbox 116 3688 221 3754; x_wconf 86' lang='grc' dir='ltr'>λαε,</span> <span class='ocrx_word' id='word_1_505' title='bbox 248 3690 567 3761; x_wconf 78' lang='grc' dir='ltr'>εἴργασται,</span> <span class='ocrx_word' id='word_1_506' title='bbox 599 3688 755 3740; x_wconf 83' lang='grc' dir='ltr'>νόσου</span> <span class='ocrx_word' id='word_1_507' title='bbox 790 3690 992 3758; x_wconf 79' lang='grc' dir='ltr'>πικρᾶς</span> <span class='ocrx_word' id='word_1_508' title='bbox 1019 3688 1497 3759; x_wconf 75' lang='grc' dir='ltr'>κατεργαζομένης</span> <span class='ocrx_word' id='word_1_509' title='bbox 1520 3690 1689 3758; x_wconf 75' lang='grc' dir='ltr'>ἡμᾶς,</span> 
     </span>
    </p>
   </div>
   <div class='ocr_carea' id='block_1_70' title="bbox 116 3777 1692 3848">
    <p class='ocr_par' dir='ltr' id='par_1_70' title="bbox 116 3777 1692 3848">
     <span class='ocr_line' id='line_1_70' title="bbox 116 3777 1692 3848; baseline 0.001 -18"><span class='ocrx_word' id='word_1_510' title='bbox 116 3780 202 3832; x_wconf 74' lang='grc' dir='ltr'>καὶ</span> <span class='ocrx_word' id='word_1_511' title='bbox 251 3778 733 3848; x_wconf 83' lang='grc' dir='ltr'>ταλαντευομένης</span> <span class='ocrx_word' id='word_1_512' title='bbox 773 3778 871 3847; x_wconf 81' lang='grc' dir='ltr'>τῆς</span> <span class='ocrx_word' id='word_1_513' title='bbox 916 3778 1141 3847; x_wconf 82' lang='grc' dir='ltr'>γνώμης</span> <span class='ocrx_word' id='word_1_514' title='bbox 1185 3778 1335 3843; x_wconf 86' lang='grc' dir='ltr'>πόοῳ</span> <span class='ocrx_word' id='word_1_515' title='bbox 1381 3795 1438 3830; x_wconf 82' lang='grc' dir='ltr'>τε</span> <span class='ocrx_word' id='word_1_516' title='bbox 1473 3777 1551 3847; x_wconf 84' lang='grc' dir='ltr'>σῷ</span> <span class='ocrx_word' id='word_1_517' title='bbox 1598 3779 1692 3831; x_wconf 81' lang='grc' dir='ltr'>καὶ</span> 
     </span>
    </p>
   </div>
   <div class='ocr_carea' id='block_1_71' title="bbox 116 3866 1690 3939">
    <p class='ocr_par' dir='ltr' id='par_1_71' title="bbox 116 3866 1690 3939">
     <span class='ocr_line' id='line_1_71' title="bbox 116 3866 1690 3939; baseline 0.001 -20"><span class='ocrx_word' id='word_1_518' title='bbox 116 3870 220 3931; x_wconf 82' lang='grc' dir='ltr'>τοῖς</span> <span class='ocrx_word' id='word_1_519' title='bbox 247 3869 307 3933; x_wconf 73' lang='grc' dir='ltr'><strong>ἐξ</strong></span> <span class='ocrx_word' id='word_1_520' title='bbox 348 3867 672 3939; x_wconf 72' lang='grc' dir='ltr'>ἀρρωστίας</span> <span class='ocrx_word' id='word_1_521' title='bbox 728 3866 1002 3937; x_wconf 81' lang='grc' dir='ltr'>χαλεποῖς,</span> <span class='ocrx_word' id='word_1_522' title='bbox 1056 3870 1151 3920; x_wconf 63' lang='grc' dir='ltr'><strong>καὶ⁵</strong></span> <span class='ocrx_word' id='word_1_523' title='bbox 1192 3868 1289 3936; x_wconf 83' lang='grc' dir='ltr'>τῆς</span> <span class='ocrx_word' id='word_1_524' title='bbox 1327 3867 1425 3937; x_wconf 74' lang='grc' dir='ltr'><strong>μὲν</strong></span> <span class='ocrx_word' id='word_1_525' title='bbox 1452 3868 1690 3922; x_wconf 76' lang='grc' dir='ltr'>καταδα-</span> 
     </span>
    </p>
   </div>
   <div class='ocr_carea' id='block_1_72' title="bbox 116 3958 1689 4027">
    <p class='ocr_par' dir='ltr' id='par_1_72' title="bbox 116 3958 1689 4027">
     <span class='ocr_line' id='line_1_72' title="bbox 116 3958 1689 4027; baseline 0.001 -17"><span class='ocrx_word' id='word_1_526' title='bbox 116 3960 319 4022; x_wconf 75' lang='grc' dir='ltr'>πτίζειν</span> <span class='ocrx_word' id='word_1_527' title='bbox 352 3958 771 4027; x_wconf 79' lang='grc' dir='ltr'>φιλονεικούσης</span> <span class='ocrx_word' id='word_1_528' title='bbox 823 3958 1073 4027; x_wconf 83' lang='grc' dir='ltr'>καθάπερ</span> <span class='ocrx_word' id='word_1_529' title='bbox 1103 3958 1370 4021; x_wconf 79' lang='grc' dir='ltr'>κλύδωνος</span> <span class='ocrx_word' id='word_1_530' title='bbox 1418 3960 1509 4011; x_wconf 78' lang='grc' dir='ltr'><strong>τὸν</strong></span> <span class='ocrx_word' id='word_1_531' title='bbox 1540 3960 1689 4026; x_wconf 83' lang='grc' dir='ltr'>λογι-</span> 
     </span>
    </p>
   </div>
   <div class='ocr_carea' id='block_1_73' title="bbox 116 4047 1687 4119">
    <p class='ocr_par' dir='ltr' id='par_1_73' title="bbox 116 4047 1687 4119">
     <span class='ocr_line' id='line_1_73' title="bbox 116 4047 1687 4119; baseline 0.001 -18"><span class='ocrx_word' id='word_1_532' title='bbox 116 4049 263 4119; x_wconf 70' lang='grc' dir='ltr'>σμὸν,</span> <span class='ocrx_word' id='word_1_533' title='bbox 295 4050 396 4103; x_wconf 69' lang='grc' dir='ltr'>τοῦ</span> <span class='ocrx_word' id='word_1_534' title='bbox 437 4047 497 4102; x_wconf 69' lang='grc' dir='ltr'>δὲ</span> <span class='ocrx_word' id='word_1_535' title='bbox 552 4048 795 4118; x_wconf 55' lang='grc' dir='ltr'><strong>ὡσπερεὶ⁸</strong></span> <span class='ocrx_word' id='word_1_536' title='bbox 830 4047 1351 4112; x_wconf 81' lang='grc' dir='ltr'>συνθαλαττεύοντος</span> <span class='ocrx_word' id='word_1_537' title='bbox 1378 4051 1473 4101; x_wconf 74' lang='grc' dir='ltr'>καὶ</span> <span class='ocrx_word' id='word_1_538' title='bbox 1504 4067 1687 4119; x_wconf 82' lang='grc' dir='ltr'>παρα-</span> 
     </span>
    </p>
   </div>
   <div class='ocr_carea' id='block_1_74' title="bbox 114 4139 1685 4212">
    <p class='ocr_par' dir='ltr' id='par_1_74' title="bbox 114 4139 1685 4212">
     <span class='ocr_line' id='line_1_74' title="bbox 114 4139 1685 4212; baseline 0 -19"><span class='ocrx_word' id='word_1_539' title='bbox 114 4141 500 4212; x_wconf 59' lang='grc' dir='ltr'>θαρρύνοντος,</span> <span class='ocrx_word' id='word_1_540' title='bbox 529 4140 625 4192; x_wconf 79' lang='grc' dir='ltr'>καὶ</span> <span class='ocrx_word' id='word_1_541' title='bbox 651 4140 761 4191; x_wconf 87' lang='grc' dir='ltr'><strong>τῶν</strong></span> <span class='ocrx_word' id='word_1_542' title='bbox 791 4139 998 4192; x_wconf 71' lang='grc' dir='ltr'><strong>ἐκεῖθεν</strong></span> <span class='ocrx_word' id='word_1_543' title='bbox 1031 4140 1278 4209; x_wconf 82' lang='grc' dir='ltr'>ὀχληρῶν</span> <span class='ocrx_word' id='word_1_544' title='bbox 1308 4140 1685 4211; x_wconf 84' lang='grc' dir='ltr'>διεγείροντος.</span> 
     </span>
    </p>
   </div>
   <div class='ocr_carea' id='block_1_75' title="bbox 123 4230 1692 4302">
    <p class='ocr_par' dir='ltr' id='par_1_75' title="bbox 123 4230 1692 4302">
     <span class='ocr_line' id='line_1_75' title="bbox 123 4230 1692 4302; baseline -0.001 -17"><span class='ocrx_word' id='word_1_545' title='bbox 123 4232 257 4285; x_wconf 66' lang='grc' dir='ltr'>Ἀλλ’</span> <span class='ocrx_word' id='word_1_546' title='bbox 280 4232 562 4302; x_wconf 78' lang='grc' dir='ltr'>ὑπερέσχε</span> <span class='ocrx_word' id='word_1_547' title='bbox 591 4230 692 4301; x_wconf 71' lang='grc' dir='ltr'>μὶν</span> <span class='ocrx_word' id='word_1_548' title='bbox 726 4230 849 4300; x_wconf 74' lang='grc' dir='ltr'>εὖγε</span> <span class='ocrx_word' id='word_1_549' title='bbox 883 4234 948 4301; x_wconf 83' lang='grc' dir='ltr'>τῇ</span> <span class='ocrx_word' id='word_1_550' title='bbox 987 4231 1079 4283; x_wconf 78' lang='grc' dir='ltr'>τοῦ</span> <span class='ocrx_word' id='word_1_551' title='bbox 1105 4230 1197 4283; x_wconf 83' lang='grc' dir='ltr'><strong>σοῦ</strong></span> <span class='ocrx_word' id='word_1_552' title='bbox 1245 4231 1465 4300; x_wconf 77' lang='grc' dir='ltr'>φίλτρου</span> <span class='ocrx_word' id='word_1_553' title='bbox 1489 4233 1692 4283; x_wconf 76' lang='grc' dir='ltr'>οἰκονο-</span> 
     </span>
    </p>
   </div>
   <div class='ocr_carea' id='block_1_76' title="bbox 116 4320 1690 4394">
    <p class='ocr_par' dir='ltr' id='par_1_76' title="bbox 116 4320 1690 4394">
     <span class='ocr_line' id='line_1_76' title="bbox 116 4320 1690 4394; baseline -0.002 -19"><span class='ocrx_word' id='word_1_554' title='bbox 116 4324 206 4394; x_wconf 78' lang='grc' dir='ltr'><strong>μίᾳ</strong></span> <span class='ocrx_word' id='word_1_555' title='bbox 245 4326 273 4377; x_wconf 86' lang='grc' dir='ltr'><strong>δ</strong></span> <span class='ocrx_word' id='word_1_556' title='bbox 304 4325 497 4390; x_wconf 81' lang='grc' dir='ltr'>λόγος,</span> <span class='ocrx_word' id='word_1_557' title='bbox 539 4324 632 4374; x_wconf 72' lang='grc' dir='ltr'><strong>καὶ</strong></span> <span class='ocrx_word' id='word_1_558' title='bbox 660 4322 760 4392; x_wconf 71' lang='grc' dir='ltr'>ήδη</span> <span class='ocrx_word' id='word_1_559' title='bbox 776 4322 874 4391; x_wconf 81' lang='grc' dir='ltr'>τῆς</span> <span class='ocrx_word' id='word_1_560' title='bbox 897 4320 1291 4389; x_wconf 74' lang='grc' dir='ltr'>ἐπιϐαλλούσης</span> <span class='ocrx_word' id='word_1_561' title='bbox 1316 4321 1492 4391; x_wconf 86' lang='grc' dir='ltr'>τυχὼν</span> <span class='ocrx_word' id='word_1_562' title='bbox 1508 4321 1690 4374; x_wconf 83' lang='grc' dir='ltr'>τελευ-</span> 
     </span>
    </p>
   </div>
   <div class='ocr_carea' id='block_1_77' title="bbox 112 4412 1690 4484">
    <p class='ocr_par' dir='ltr' id='par_1_77' title="bbox 112 4412 1690 4484">
     <span class='ocr_line' id='line_1_77' title="bbox 112 4412 1690 4484; baseline -0.001 -20"><span class='ocrx_word' id='word_1_563' title='bbox 112 4415 219 4483; x_wconf 72' lang='grc' dir='ltr'>τῆς,</span> <span class='ocrx_word' id='word_1_564' title='bbox 250 4415 436 4484; x_wconf 85' lang='grc' dir='ltr'>δῶρον</span> <span class='ocrx_word' id='word_1_565' title='bbox 486 4414 535 4465; x_wconf 85' lang='grc' dir='ltr'>εί</span> <span class='ocrx_word' id='word_1_566' title='bbox 587 4413 681 4465; x_wconf 77' lang='grc' dir='ltr'>καὶ</span> <span class='ocrx_word' id='word_1_567' title='bbox 737 4412 953 4475; x_wconf 76' lang='grc' dir='ltr'>ἀνάξιόν</span> <span class='ocrx_word' id='word_1_568' title='bbox 985 4430 1065 4464; x_wconf 90' lang='grc' dir='ltr'><strong>σοι</strong></span> <span class='ocrx_word' id='word_1_569' title='bbox 1103 4414 1457 4484; x_wconf 84' lang='grc' dir='ltr'>προσάγεται.</span> <span class='ocrx_word' id='word_1_570' title='bbox 1493 4414 1690 4482; x_wconf 78' lang='grc' dir='ltr'>’Υπερ-</span> 
     </span>
    </p>
   </div>
   <div class='ocr_carea' id='block_1_78' title="bbox 1795 3238 3371 3308">
    <p class='ocr_par' dir='ltr' id='par_1_78' title="bbox 1795 3238 3371 3308">
     <span class='ocr_line' id='line_1_78' title="bbox 1795 3238 3371 3308; baseline 0.005 -18"><span class='ocrx_word' id='word_1_571' title='bbox 1795 3238 2085 3306; x_wconf 88' lang='lat' dir='ltr'><strong>pellamus,</strong></span> <span class='ocrx_word' id='word_1_572' title='bbox 2143 3239 2271 3306; x_wconf 91' lang='lat' dir='ltr'><strong>quid</strong></span> <span class='ocrx_word' id='word_1_573' title='bbox 2320 3254 2519 3308; x_wconf 72' lang='lat' dir='ltr'><strong>magno</strong></span> <span class='ocrx_word' id='word_1_574' title='bbox 2569 3249 2623 3293; x_wconf 92' lang='lat' dir='ltr'><strong>et</strong></span> <span class='ocrx_word' id='word_1_575' title='bbox 2668 3240 2855 3293; x_wconf 92' lang='lat' dir='ltr'><strong>divino</strong></span> <span class='ocrx_word' id='word_1_576' title='bbox 2917 3242 3163 3296; x_wconf 89' lang='lat' dir='ltr'><strong>dicemus</strong></span> <span class='ocrx_word' id='word_1_577' title='bbox 3205 3243 3371 3298; x_wconf 78' lang='lat' dir='ltr'><strong>Nico-</strong></span> 
     </span>
    </p>
   </div>
   <div class='ocr_carea' id='block_1_79' title="bbox 1795 3326 3367 3397">
    <p class='ocr_par' dir='ltr' id='par_1_79' title="bbox 1795 3326 3367 3397">
     <span class='ocr_line' id='line_1_79' title="bbox 1795 3326 3367 3397; baseline 0.006 -19"><span class='ocrx_word' id='word_1_578' title='bbox 1795 3327 1925 3379; x_wconf 83' lang='lat' dir='ltr'><strong>lao?</strong></span> <span class='ocrx_word' id='word_1_579' title='bbox 1990 3326 2103 3380; x_wconf 66' lang='lat' dir='ltr'><strong>Nisi</strong></span> <span class='ocrx_word' id='word_1_580' title='bbox 2164 3327 2303 3381; x_wconf 81' lang='lat' dir='ltr'><strong>forte</strong></span> <span class='ocrx_word' id='word_1_581' title='bbox 2353 3329 2501 3382; x_wconf 81' lang='lat' dir='ltr'><strong>dicat</strong></span> <span class='ocrx_word' id='word_1_582' title='bbox 2546 3329 2743 3397; x_wconf 78' lang='lat' dir='ltr'><strong>aliquis</strong></span> <span class='ocrx_word' id='word_1_583' title='bbox 2795 3331 2887 3382; x_wconf 91' lang='lat' dir='ltr'><strong>uni</strong></span> <span class='ocrx_word' id='word_1_584' title='bbox 2935 3332 3229 3387; x_wconf 87' lang='lat' dir='ltr'><strong>convenire</strong></span> <span class='ocrx_word' id='word_1_585' title='bbox 3288 3334 3367 3387; x_wconf 90' lang='lat' dir='ltr'><strong>illi</strong></span> 
     </span>
    </p>
   </div>
   <div class='ocr_carea' id='block_1_80' title="bbox 1794 3416 3365 3489">
    <p class='ocr_par' dir='ltr' id='par_1_80' title="bbox 1794 3416 3365 3489">
     <span class='ocr_line' id='line_1_80' title="bbox 1794 3416 3365 3489; baseline 0.005 -21"><span class='ocrx_word' id='word_1_586' title='bbox 1794 3424 1851 3468; x_wconf 92' lang='lat' dir='ltr'><strong>ut</strong></span> <span class='ocrx_word' id='word_1_587' title='bbox 1888 3416 2166 3471; x_wconf 88' lang='lat' dir='ltr'><strong>terrestris</strong></span> <span class='ocrx_word' id='word_1_588' title='bbox 2194 3424 2249 3470; x_wconf 89' lang='lat' dir='ltr'><strong>et</strong></span> <span class='ocrx_word' id='word_1_589' title='bbox 2289 3417 2529 3472; x_wconf 74' lang='lat' dir='ltr'><strong>cwlestis</strong></span> <span class='ocrx_word' id='word_1_590' title='bbox 2561 3421 2790 3489; x_wconf 72' lang='lat' dir='ltr'><strong>angelus</strong></span> <span class='ocrx_word' id='word_1_591' title='bbox 2842 3422 3193 3487; x_wconf 87' lang='lat' dir='ltr'><strong>nominetur,</strong></span> <span class='ocrx_word' id='word_1_592' title='bbox 3231 3438 3365 3478; x_wconf 89' lang='lat' dir='ltr'><strong>con-</strong></span> 
     </span>
    </p>
   </div>
   <div class='ocr_carea' id='block_1_81' title="bbox 1792 3504 3365 3576">
    <p class='ocr_par' dir='ltr' id='par_1_81' title="bbox 1792 3504 3365 3576">
     <span class='ocr_line' id='line_1_81' title="bbox 1792 3504 3365 3576; baseline 0.007 -22"><span class='ocrx_word' id='word_1_593' title='bbox 1792 3504 2046 3558; x_wconf 85' lang='lat' dir='ltr'><strong>veniente</strong></span> <span class='ocrx_word' id='word_1_594' title='bbox 2105 3504 2474 3574; x_wconf 86' lang='lat' dir='ltr'><strong>appellatione</strong></span> <span class='ocrx_word' id='word_1_595' title='bbox 2537 3509 2630 3576; x_wconf 88' lang='lat' dir='ltr'><strong>qui</strong></span> <span class='ocrx_word' id='word_1_596' title='bbox 2700 3516 2753 3562; x_wconf 90' lang='lat' dir='ltr'><strong>et</strong></span> <span class='ocrx_word' id='word_1_597' title='bbox 2833 3510 2991 3564; x_wconf 86' lang='lat' dir='ltr'><strong>nobis</strong></span> <span class='ocrx_word' id='word_1_598' title='bbox 3052 3510 3365 3565; x_wconf 80' lang='lat' dir='ltr'><strong>inferiorem</strong></span> 
     </span>
    </p>
   </div>
   <div class='ocr_carea' id='block_1_82' title="bbox 1792 3593 3369 3670">
    <p class='ocr_par' dir='ltr' id='par_1_82' title="bbox 1792 3593 3369 3670">
     <span class='ocr_line' id='line_1_82' title="bbox 1792 3593 3369 3670; baseline 0.006 -24"><span class='ocrx_word' id='word_1_599' title='bbox 1792 3593 1937 3646; x_wconf 91' lang='lat' dir='ltr'><strong>hunc</strong></span> <span class='ocrx_word' id='word_1_600' title='bbox 1959 3593 2143 3646; x_wconf 89' lang='lat' dir='ltr'><strong>orbem</strong></span> <span class='ocrx_word' id='word_1_601' title='bbox 2172 3593 2541 3651; x_wconf 87' lang='lat' dir='ltr'><strong>incolentibus</strong></span> <span class='ocrx_word' id='word_1_602' title='bbox 2572 3598 2735 3651; x_wconf 90' lang='lat' dir='ltr'><strong>etiam</strong></span> <span class='ocrx_word' id='word_1_603' title='bbox 2782 3613 2928 3653; x_wconf 91' lang='lat' dir='ltr'><strong>nunc</strong></span> <span class='ocrx_word' id='word_1_604' title='bbox 2959 3614 3082 3653; x_wconf 82' lang='lat' dir='ltr'><strong>cum</strong></span> <span class='ocrx_word' id='word_1_605' title='bbox 3107 3601 3172 3652; x_wconf 91' lang='lat' dir='ltr'><strong>ad</strong></span> <span class='ocrx_word' id='word_1_606' title='bbox 3199 3617 3369 3670; x_wconf 85' lang='lat' dir='ltr'><strong>supc-</strong></span> 
     </span>
    </p>
   </div>
   <div class='ocr_carea' id='block_1_83' title="bbox 1791 3686 3370 3759">
    <p class='ocr_par' dir='ltr' id='par_1_83' title="bbox 1791 3686 3370 3759">
     <span class='ocr_line' id='line_1_83' title="bbox 1791 3686 3370 3759; baseline 0.006 -21"><span class='ocrx_word' id='word_1_607' title='bbox 1791 3698 1883 3739; x_wconf 85' lang='lat' dir='ltr'><strong>ros</strong></span> <span class='ocrx_word' id='word_1_608' title='bbox 1914 3686 2098 3739; x_wconf 87' lang='lat' dir='ltr'><strong>evasio</strong></span> <span class='ocrx_word' id='word_1_609' title='bbox 2117 3687 2424 3754; x_wconf 77' lang='lat' dir='ltr'><strong>patrocinio</strong></span> <span class='ocrx_word' id='word_1_610' title='bbox 2468 3702 2569 3741; x_wconf 87' lang='lat' dir='ltr'><strong>suo</strong></span> <span class='ocrx_word' id='word_1_611' title='bbox 2602 3703 2845 3757; x_wconf 61' lang='lat' dir='ltr'><strong>praesens</strong></span> <span class='ocrx_word' id='word_1_612' title='bbox 2877 3697 2981 3752; x_wconf 84' lang='lat' dir='ltr'><strong>est,</strong></span> <span class='ocrx_word' id='word_1_613' title='bbox 3015 3692 3370 3759; x_wconf 86' lang='lat' dir='ltr'><strong>quemadmo-</strong></span> 
     </span>
    </p>
   </div>
   <div class='ocr_carea' id='block_1_84' title="bbox 1790 3773 3366 3843">
    <p class='ocr_par' dir='ltr' id='par_1_84' title="bbox 1790 3773 3366 3843">
     <span class='ocr_line' id='line_1_84' title="bbox 1790 3773 3366 3843; baseline 0.006 -16"><span class='ocrx_word' id='word_1_614' title='bbox 1790 3773 1920 3827; x_wconf 92' lang='lat' dir='ltr'><strong>dum</strong></span> <span class='ocrx_word' id='word_1_615' title='bbox 1954 3788 2077 3827; x_wconf 91' lang='lat' dir='ltr'><strong>cum</strong></span> <span class='ocrx_word' id='word_1_616' title='bbox 2107 3774 2250 3843; x_wconf 88' lang='lat' dir='ltr'><strong>apud</strong></span> <span class='ocrx_word' id='word_1_617' title='bbox 2287 3791 2385 3829; x_wconf 86' lang='lat' dir='ltr'><strong>nos</strong></span> <span class='ocrx_word' id='word_1_618' title='bbox 2419 3777 2624 3829; x_wconf 87' lang='lat' dir='ltr'><strong>viveret</strong></span> <span class='ocrx_word' id='word_1_619' title='bbox 2666 3793 2791 3831; x_wconf 89' lang='lat' dir='ltr'><strong>cum</strong></span> <span class='ocrx_word' id='word_1_620' title='bbox 2832 3778 3153 3834; x_wconf 72' lang='lat' dir='ltr'><strong>crelesti-bus</strong></span> <span class='ocrx_word' id='word_1_621' title='bbox 3183 3788 3366 3836; x_wconf 88' lang='lat' dir='ltr'><strong>tamen</strong></span> 
     </span>
    </p>
   </div>
   <div class='ocr_carea' id='block_1_85' title="bbox 1790 3865 3367 3934">
    <p class='ocr_par' dir='ltr' id='par_1_85' title="bbox 1790 3865 3367 3934">
     <span class='ocr_line' id='line_1_85' title="bbox 1790 3865 3367 3934; baseline 0.008 -21"><span class='ocrx_word' id='word_1_622' title='bbox 1790 3866 2239 3919; x_wconf 84' lang='lat' dir='ltr'><strong>eonversabatur.</strong></span> <span class='ocrx_word' id='word_1_623' title='bbox 2270 3865 2359 3929; x_wconf 82' lang='lat' dir='ltr'><strong>At,</strong></span> <span class='ocrx_word' id='word_1_624' title='bbox 2414 3881 2447 3918; x_wconf 88' lang='grc' dir='ltr'><strong>ο</strong></span> <span class='ocrx_word' id='word_1_625' title='bbox 2504 3867 2596 3934; x_wconf 79' lang='lat' dir='ltr'><strong>qui</strong></span> <span class='ocrx_word' id='word_1_626' title='bbox 2662 3869 2859 3922; x_wconf 89' lang='lat' dir='ltr'><strong>tnistus</strong></span> <span class='ocrx_word' id='word_1_627' title='bbox 2896 3871 3222 3927; x_wconf 83' lang='lat' dir='ltr'><strong>mortalibus</strong></span> <span class='ocrx_word' id='word_1_628' title='bbox 3260 3871 3367 3925; x_wconf 78' lang='lat' dir='ltr'><strong>ini-</strong></span> 
     </span>
    </p>
   </div>
   <div class='ocr_carea' id='block_1_86' title="bbox 1791 3956 3366 4027">
    <p class='ocr_par' dir='ltr' id='par_1_86' title="bbox 1791 3956 3366 4027">
     <span class='ocr_line' id='line_1_86' title="bbox 1791 3956 3366 4027; baseline 0.004 -17"><span class='ocrx_word' id='word_1_629' title='bbox 1791 3957 2105 4010; x_wconf 86' lang='lat' dir='ltr'><strong>mortalium</strong></span> <span class='ocrx_word' id='word_1_630' title='bbox 2130 3956 2395 4011; x_wconf 90' lang='lat' dir='ltr'><strong>similium</strong></span> <span class='ocrx_word' id='word_1_631' title='bbox 2416 3957 2595 4012; x_wconf 76' lang='lat' dir='ltr'><strong>vixisti</strong></span> <span class='ocrx_word' id='word_1_632' title='bbox 2617 3960 2807 4011; x_wconf 84' lang='lat' dir='ltr'><strong>vitaml</strong></span> <span class='ocrx_word' id='word_1_633' title='bbox 2839 3973 2871 4011; x_wconf 92' lang='lat' dir='ltr'><strong>o</strong></span> <span class='ocrx_word' id='word_1_634' title='bbox 2892 3959 3078 4027; x_wconf 67' lang='lat' dir='ltr'><strong>gloriae</strong></span> <span class='ocrx_word' id='word_1_635' title='bbox 3102 3970 3366 4016; x_wconf 71' lang='lat' dir='ltr'><strong>aeternum</strong></span> 
     </span>
    </p>
   </div>
   <div class='ocr_carea' id='block_1_87' title="bbox 1792 4046 3366 4116">
    <p class='ocr_par' dir='ltr' id='par_1_87' title="bbox 1792 4046 3366 4116">
     <span class='ocr_line' id='line_1_87' title="bbox 1792 4046 3366 4116; baseline 0.002 -13"><span class='ocrx_word' id='word_1_636' title='bbox 1792 4046 2008 4103; x_wconf 86' lang='lat' dir='ltr'><strong>stabilis</strong></span> <span class='ocrx_word' id='word_1_637' title='bbox 2036 4046 2081 4099; x_wconf 91' lang='lat' dir='ltr'><strong>si</strong></span> <span class='ocrx_word' id='word_1_638' title='bbox 2116 4047 2241 4116; x_wconf 90' lang='lat' dir='ltr'><strong>quis</strong></span> <span class='ocrx_word' id='word_1_639' title='bbox 2272 4046 2435 4111; x_wconf 85' lang='lat' dir='ltr'><strong>alius,</strong></span> <span class='ocrx_word' id='word_1_640' title='bbox 2492 4049 2655 4100; x_wconf 89' lang='lat' dir='ltr'><strong>etiam</strong></span> <span class='ocrx_word' id='word_1_641' title='bbox 2711 4048 2853 4101; x_wconf 90' lang='lat' dir='ltr'><strong>inter</strong></span> <span class='ocrx_word' id='word_1_642' title='bbox 2885 4050 2982 4101; x_wconf 88' lang='lat' dir='ltr'><strong>has</strong></span> <span class='ocrx_word' id='word_1_643' title='bbox 3019 4048 3192 4103; x_wconf 75' lang='lat' dir='ltr'><strong>ﬂuxas</strong></span> <span class='ocrx_word' id='word_1_644' title='bbox 3217 4053 3366 4106; x_wconf 88' lang='lat' dir='ltr'><strong>vices</strong></span> 
     </span>
    </p>
   </div>
   <div class='ocr_carea' id='block_1_88' title="bbox 1795 4138 3367 4211">
    <p class='ocr_par' dir='ltr' id='par_1_88' title="bbox 1795 4138 3367 4211">
     <span class='ocr_line' id='line_1_88' title="bbox 1795 4138 3367 4211; baseline 0.002 -20"><span class='ocrx_word' id='word_1_645' title='bbox 1795 4154 1979 4191; x_wconf 90' lang='lat' dir='ltr'><strong>rerum</strong></span> <span class='ocrx_word' id='word_1_646' title='bbox 2026 4138 2361 4193; x_wconf 85' lang='lat' dir='ltr'><strong>caducaruin</strong></span> <span class='ocrx_word' id='word_1_647' title='bbox 2431 4138 2810 4192; x_wconf 63' lang='lat' dir='ltr'><strong>haereditatem</strong></span> <span class='ocrx_word' id='word_1_648' title='bbox 2861 4140 3084 4194; x_wconf 81' lang='lat' dir='ltr'><strong>sortite!</strong></span> <span class='ocrx_word' id='word_1_649' title='bbox 3127 4154 3160 4193; x_wconf 92' lang='grc' dir='ltr'><strong>ο</strong></span> <span class='ocrx_word' id='word_1_650' title='bbox 3204 4141 3367 4211; x_wconf 73' lang='lat' dir='ltr'><strong>digne</strong></span> 
     </span>
    </p>
   </div>
   <div class='ocr_carea' id='block_1_89' title="bbox 1792 4229 3366 4300">
    <p class='ocr_par' dir='ltr' id='par_1_89' title="bbox 1792 4229 3366 4300">
     <span class='ocr_line' id='line_1_89' title="bbox 1792 4229 3366 4300; baseline 0.003 -17"><span class='ocrx_word' id='word_1_651' title='bbox 1792 4246 1989 4300; x_wconf 76' lang='lat' dir='ltr'><strong>magno</strong></span> <span class='ocrx_word' id='word_1_652' title='bbox 2020 4231 2296 4285; x_wconf 74' lang='lat' dir='ltr'><strong>sacrificio</strong></span> <span class='ocrx_word' id='word_1_653' title='bbox 2342 4230 2505 4283; x_wconf 89' lang='lat' dir='ltr'><strong>simul</strong></span> <span class='ocrx_word' id='word_1_654' title='bbox 2549 4239 2603 4283; x_wconf 89' lang='lat' dir='ltr'><strong>et</strong></span> <span class='ocrx_word' id='word_1_655' title='bbox 2646 4229 2900 4297; x_wconf 71' lang='lat' dir='ltr'><strong>pontifice</strong></span> <span class='ocrx_word' id='word_1_656' title='bbox 2928 4230 3151 4285; x_wconf 77' lang='lat' dir='ltr'><strong>Christo</strong></span> <span class='ocrx_word' id='word_1_657' title='bbox 3181 4247 3366 4288; x_wconf 83' lang='lat' dir='ltr'><strong>sacer-</strong></span> 
     </span>
    </p>
   </div>
   <div class='ocr_carea' id='block_1_90' title="bbox 1792 4322 3363 4397">
    <p class='ocr_par' dir='ltr' id='par_1_90' title="bbox 1792 4322 3363 4397">
     <span class='ocr_line' id='line_1_90' title="bbox 1792 4322 3363 4397; baseline 0.004 -22"><span class='ocrx_word' id='word_1_658' title='bbox 1792 4322 1961 4376; x_wconf 90' lang='lat' dir='ltr'><strong>dotali</strong></span> <span class='ocrx_word' id='word_1_659' title='bbox 1987 4324 2293 4377; x_wconf 86' lang='lat' dir='ltr'><strong>ministerio</strong></span> <span class='ocrx_word' id='word_1_660' title='bbox 2315 4322 2530 4376; x_wconf 73' lang='lat' dir='ltr'><strong>iuncte!</strong></span> <span class='ocrx_word' id='word_1_661' title='bbox 2561 4339 2594 4375; x_wconf 92' lang='grc' dir='ltr'><strong>ο</strong></span> <span class='ocrx_word' id='word_1_662' title='bbox 2615 4338 2760 4376; x_wconf 91' lang='lat' dir='ltr'><strong>nunc</strong></span> <span class='ocrx_word' id='word_1_663' title='bbox 2788 4325 2877 4376; x_wconf 91' lang='lat' dir='ltr'><strong>illo</strong></span> <span class='ocrx_word' id='word_1_664' title='bbox 2899 4323 3088 4379; x_wconf 79' lang='lat' dir='ltr'><strong>fruens</strong></span> <span class='ocrx_word' id='word_1_665' title='bbox 3123 4326 3176 4380; x_wconf 91' lang='lat' dir='ltr'><strong>in</strong></span> <span class='ocrx_word' id='word_1_666' title='bbox 3198 4342 3363 4397; x_wconf 89' lang='lat' dir='ltr'><strong>quem</strong></span> 
     </span>
    </p>
   </div>
   <div class='ocr_carea' id='block_1_91' title="bbox 1790 4414 3357 4484">
    <p class='ocr_par' dir='ltr' id='par_1_91' title="bbox 1790 4414 3357 4484">
     <span class='ocr_line' id='line_1_91' title="bbox 1790 4414 3357 4484; baseline 0.003 -17"><span class='ocrx_word' id='word_1_667' title='bbox 1790 4414 2102 4469; x_wconf 81' lang='lat' dir='ltr'><strong>desiderant</strong></span> <span class='ocrx_word' id='word_1_668' title='bbox 2157 4416 2334 4484; x_wconf 77' lang='lat' dir='ltr'><strong>angeli</strong></span> <span class='ocrx_word' id='word_1_669' title='bbox 2375 4416 2676 4484; x_wconf 81' lang='lat' dir='ltr'><strong>suspicere,</strong></span> <span class='ocrx_word' id='word_1_670' title='bbox 2722 4431 2786 4468; x_wconf 86' lang='lat' dir='ltr'><strong>ac</strong></span> <span class='ocrx_word' id='word_1_671' title='bbox 2821 4417 3022 4483; x_wconf 87' lang='lat' dir='ltr'><strong>quibus</strong></span> <span class='ocrx_word' id='word_1_672' title='bbox 3047 4419 3099 4470; x_wconf 90' lang='lat' dir='ltr'><strong>in</strong></span> <span class='ocrx_word' id='word_1_673' title='bbox 3130 4422 3357 4473; x_wconf 87' lang='lat' dir='ltr'><strong>societa-</strong></span> 
     </span>
    </p>
   </div>
   <div class='ocr_carea' id='block_1_92' title="bbox 110 4498 1689 4576">
    <p class='ocr_par' dir='ltr' id='par_1_92' title="bbox 110 4501 1686 4573">
     <span class='ocr_line' id='line_1_92' title="bbox 110 4501 1686 4573; baseline -0.002 -18"><span class='ocrx_word' id='word_1_674' title='bbox 110 4506 337 4573; x_wconf 65' lang='grc' dir='ltr'>ἔσχομεν</span> <span class='ocrx_word' id='word_1_675' title='bbox 389 4504 451 4556; x_wconf 77' lang='grc' dir='ltr'>δὲ</span> <span class='ocrx_word' id='word_1_676' title='bbox 495 4503 603 4555; x_wconf 91' lang='grc' dir='ltr'><strong>τῶν</strong></span> <span class='ocrx_word' id='word_1_677' title='bbox 663 4502 927 4569; x_wconf 82' lang='grc' dir='ltr'>ἀλγεινῶν</span> <span class='ocrx_word' id='word_1_678' title='bbox 964 4504 1056 4555; x_wconf 68' lang='grc' dir='ltr'><strong>καὶ</strong></span> <span class='ocrx_word' id='word_1_679' title='bbox 1100 4504 1294 4573; x_wconf 77' lang='grc' dir='ltr'>ἡμεῖς,</span> <span class='ocrx_word' id='word_1_680' title='bbox 1340 4502 1433 4555; x_wconf 82' lang='grc' dir='ltr'>σοῦ</span> <span class='ocrx_word' id='word_1_681' title='bbox 1489 4519 1546 4555; x_wconf 85' lang='grc' dir='ltr'>τε</span> <span class='ocrx_word' id='word_1_682' title='bbox 1594 4501 1686 4553; x_wconf 75' lang='grc' dir='ltr'>καὶ</span> 
     </span>
    </p>
   </div>
   <div class='ocr_carea' id='block_1_93' title="bbox 1789 4498 3363 4576">
    <p class='ocr_par' dir='ltr' id='par_1_93' title="bbox 1795 4506 3363 4576">
     <span class='ocr_line' id='line_1_93' title="bbox 1795 4506 3363 4576; baseline 0.002 -18"><span class='ocrx_word' id='word_1_683' title='bbox 1795 4514 1900 4559; x_wconf 90' lang='lat' dir='ltr'><strong>tem</strong></span> <span class='ocrx_word' id='word_1_684' title='bbox 1935 4506 2096 4560; x_wconf 88' lang='lat' dir='ltr'><strong>unius</strong></span> <span class='ocrx_word' id='word_1_685' title='bbox 2130 4506 2374 4560; x_wconf 85' lang='lat' dir='ltr'><strong>cohortis</strong></span> <span class='ocrx_word' id='word_1_686' title='bbox 2401 4514 2452 4559; x_wconf 92' lang='lat' dir='ltr'><strong>et</strong></span> <span class='ocrx_word' id='word_1_687' title='bbox 2478 4506 2635 4574; x_wconf 83' lang='lat' dir='ltr'><strong>quasi</strong></span> <span class='ocrx_word' id='word_1_688' title='bbox 2670 4507 3090 4561; x_wconf 84' lang='lat' dir='ltr'><strong>contubernium</strong></span> <span class='ocrx_word' id='word_1_689' title='bbox 3119 4508 3363 4576; x_wconf 75' lang='lat' dir='ltr'><strong>ejusdem</strong></span> 
     </span>
    </p>
   </div>
   <div class='ocr_carea' id='block_1_94' title="bbox 110 4592 1683 4664">
    <p class='ocr_par' dir='ltr' id='par_1_94' title="bbox 110 4592 1683 4664">
     <span class='ocr_line' id='line_1_94' title="bbox 110 4592 1683 4664; baseline 0.001 -19"><span class='ocrx_word' id='word_1_690' title='bbox 110 4593 245 4647; x_wconf 78' lang='grc' dir='ltr'>θείου</span> <span class='ocrx_word' id='word_1_691' title='bbox 284 4595 576 4663; x_wconf 86' lang='grc' dir='ltr'>μάρτυρος</span> <span class='ocrx_word' id='word_1_692' title='bbox 603 4592 712 4663; x_wconf 81' lang='grc'><strong>(51)</strong></span> <span class='ocrx_word' id='word_1_693' title='bbox 748 4593 1116 4664; x_wconf 62' lang='grc' dir='ltr'>θεραπείᾳ.Τί</span> <span class='ocrx_word' id='word_1_694' title='bbox 1137 4594 1245 4663; x_wconf 85' lang='grc' dir='ltr'><strong>γὰρ</strong></span> <span class='ocrx_word' id='word_1_695' title='bbox 1284 4594 1333 4646; x_wconf 83' lang='grc' dir='ltr'>εἰ</span> <span class='ocrx_word' id='word_1_696' title='bbox 1368 4596 1551 4663; x_wconf 83' lang='grc' dir='ltr'>κοινὴν</span> <span class='ocrx_word' id='word_1_697' title='bbox 1585 4594 1683 4663; x_wconf 83' lang='grc' dir='ltr'><strong>τὴν</strong></span> 
     </span>
    </p>
   </div>
   <div class='ocr_carea' id='block_1_95' title="bbox 109 4678 1687 4756">
    <p class='ocr_par' dir='ltr' id='par_1_95' title="bbox 109 4678 1687 4756">
     <span class='ocr_line' id='line_1_95' title="bbox 109 4678 1687 4756; baseline 0 -19"><span class='ocrx_word' id='word_1_698' title='bbox 109 4686 257 4756; x_wconf 76' lang='grc' dir='ltr'>χάριν</span> <span class='ocrx_word' id='word_1_699' title='bbox 313 4685 757 4756; x_wconf 78' lang='grc' dir='ltr'>ὁμολογήσομεν.</span> <span class='ocrx_word' id='word_1_700' title='bbox 804 4678 878 4738; x_wconf 84' lang='grc' dir='ltr'>ὧν</span> <span class='ocrx_word' id='word_1_701' title='bbox 920 4684 1070 4754; x_wconf 77' lang='grc' dir='ltr'>κοινὴ</span> <span class='ocrx_word' id='word_1_702' title='bbox 1107 4688 1141 4754; x_wconf 81' lang='grc' dir='ltr'>ὴ</span> <span class='ocrx_word' id='word_1_703' title='bbox 1175 4686 1309 4755; x_wconf 86' lang='grc' dir='ltr'>πρὸς</span> <span class='ocrx_word' id='word_1_704' title='bbox 1348 4686 1409 4737; x_wconf 71' lang='grc' dir='ltr'>τὸ</span> <span class='ocrx_word' id='word_1_705' title='bbox 1442 4689 1687 4755; x_wconf 83' lang='grc' dir='ltr'>κρεῖττον</span> 
     </span>
    </p>
   </div>
   <div class='ocr_carea' id='block_1_96' title="bbox 1792 4597 3362 4666">
    <p class='ocr_par' dir='ltr' id='par_1_96' title="bbox 1792 4597 3362 4666">
     <span class='ocr_line' id='line_1_96' title="bbox 1792 4597 3362 4666; baseline 0.001 -15"><span class='ocrx_word' id='word_1_706' title='bbox 1792 4598 2001 4652; x_wconf 73' lang='lat' dir='ltr'><strong>militia:</strong></span> <span class='ocrx_word' id='word_1_707' title='bbox 2054 4598 2380 4666; x_wconf 84' lang='lat' dir='ltr'><strong>conjunclus</strong></span> <span class='ocrx_word' id='word_1_708' title='bbox 2435 4598 2565 4651; x_wconf 88' lang='lat' dir='ltr'><strong>dtnn</strong></span> <span class='ocrx_word' id='word_1_709' title='bbox 2642 4598 2851 4651; x_wconf 85' lang='lat' dir='ltr'><strong>viveres</strong></span> <span class='ocrx_word' id='word_1_710' title='bbox 2914 4597 3119 4663; x_wconf 80' lang='lat' dir='ltr'><strong>fueras,</strong></span> <span class='ocrx_word' id='word_1_711' title='bbox 3173 4615 3362 4653; x_wconf 88' lang='lat' dir='ltr'><strong>eorum</strong></span> 
     </span>
    </p>
   </div>
   <div class='ocr_carea' id='block_1_97' title="bbox 1796 4686 3365 4759">
    <p class='ocr_par' dir='ltr' id='par_1_97' title="bbox 1796 4686 3365 4759">
     <span class='ocr_line' id='line_1_97' title="bbox 1796 4686 3365 4759; baseline -0.001 -19"><span class='ocrx_word' id='word_1_712' title='bbox 1796 4689 1995 4759; x_wconf 81' lang='lat' dir='ltr'><strong>alioqui</strong></span> <span class='ocrx_word' id='word_1_713' title='bbox 2028 4698 2080 4741; x_wconf 83' lang='lat' dir='ltr'><strong>et</strong></span> <span class='ocrx_word' id='word_1_714' title='bbox 2109 4690 2479 4756; x_wconf 86' lang='lat' dir='ltr'><strong>assumptione</strong></span> <span class='ocrx_word' id='word_1_715' title='bbox 2520 4688 2573 4741; x_wconf 93' lang='lat' dir='ltr'><strong>in</strong></span> <span class='ocrx_word' id='word_1_716' title='bbox 2630 4686 3036 4742; x_wconf 80' lang='lat' dir='ltr'><strong>hierarchicum</strong></span> <span class='ocrx_word' id='word_1_717' title='bbox 3074 4690 3365 4758; x_wconf 69' lang='lat' dir='ltr'><strong>magistra-</strong></span> 
     </span>
    </p>
   </div>
   <div class='ocr_carea' id='block_1_98' title="bbox 1614 4776 1843 4835">
    <p class='ocr_par' dir='ltr' id='par_1_98' title="bbox 1614 4776 1843 4835">
     <span class='ocr_line' id='line_1_98' title="bbox 1614 4776 1843 4835; baseline 0.017 -4"><span class='ocrx_word' id='word_1_718' title='bbox 1614 4776 1843 4835; x_wconf 64' lang='grc' dir='ltr'><strong>ΝΟΤᾸέ.</strong></span> 
     </span>
    </p>
   </div>
   <div class='ocr_carea' id='block_1_99' title="bbox 172 4886 1691 4970">
    <p class='ocr_par' dir='ltr' id='par_1_99' title="bbox 172 4886 1691 4970">
     <span class='ocr_line' id='line_1_99' title="bbox 172 4886 1691 4970; baseline -0.002 -24"><span class='ocrx_word' id='word_1_719' title='bbox 172 4891 285 4959; x_wconf 80' lang='lat'><strong>(30)</strong></span> <span class='ocrx_word' id='word_1_720' title='bbox 315 4889 484 4970; x_wconf 74' lang='lat' dir='ltr'><strong>Jacet</strong></span> <span class='ocrx_word' id='word_1_721' title='bbox 513 4887 603 4969; x_wconf 81' lang='lat' dir='ltr'><strong>hic</strong></span> <span class='ocrx_word' id='word_1_722' title='bbox 624 4886 849 4970; x_wconf 79' lang='lat' dir='ltr'><strong>Pindari</strong></span> <span class='ocrx_word' id='word_1_723' title='bbox 883 4886 1034 4942; x_wconf 89' lang='lat' dir='ltr'><strong>locus</strong></span> <span class='ocrx_word' id='word_1_724' title='bbox 1067 4886 1171 4941; x_wconf 89' lang='lat' dir='ltr'><strong>ode</strong></span> <span class='ocrx_word' id='word_1_725' title='bbox 1199 4897 1351 4942; x_wconf 76' lang='lat' dir='ltr'><strong>sexta</strong></span> <span class='ocrx_word' id='word_1_726' title='bbox 1382 4887 1691 4957; x_wconf 76' lang='lat' dir='ltr'><strong>Olympicu-</strong></span> 
     </span>
    </p>
   </div>
   <div class='ocr_carea' id='block_1_100' title="bbox 109 4968 751 5030">
    <p class='ocr_par' dir='ltr' id='par_1_100' title="bbox 109 4968 751 5030">
     <span class='ocr_line' id='line_1_100' title="bbox 109 4968 751 5030; baseline -0.005 -18"><span class='ocrx_word' id='word_1_727' title='bbox 109 4978 216 5014; x_wconf 81' lang='lat' dir='ltr'><strong>rttm</strong></span> <span class='ocrx_word' id='word_1_728' title='bbox 241 4975 371 5030; x_wconf 68' lang='lat' dir='ltr'><strong>qua:</strong></span> <span class='ocrx_word' id='word_1_729' title='bbox 402 4968 488 5013; x_wconf 74' lang='lat' dir='ltr'><strong>sic</strong></span> <span class='ocrx_word' id='word_1_730' title='bbox 518 4968 711 5026; x_wconf 78' lang='lat' dir='ltr'><strong>iuetptt</strong></span> <span class='ocrx_word' id='word_1_731' title='bbox 738 4974 751 5010; x_wconf 88' lang='lat'><strong>:</strong></span> 
     </span>
    </p>
   </div>
   <div class='ocr_carea' id='block_1_101' title="bbox 238 5067 1153 5139">
    <p class='ocr_par' dir='ltr' id='par_1_101' title="bbox 238 5067 1153 5139">
     <span class='ocr_line' id='line_1_101' title="bbox 238 5067 1153 5139; baseline -0.004 -12"><span class='ocrx_word' id='word_1_732' title='bbox 238 5070 532 5139; x_wconf 79' lang='grc' dir='ltr'>Χρυσέας</span> <span class='ocrx_word' id='word_1_733' title='bbox 566 5067 1027 5133; x_wconf 73' lang='grc' dir='ltr'>ὑποστάσαντες</span> <span class='ocrx_word' id='word_1_734' title='bbox 1052 5071 1153 5123; x_wconf 80' lang='grc' dir='ltr'><strong>εὑ-</strong></span> 
     </span>
    </p>
   </div>
   <div class='ocr_carea' id='block_1_102' title="bbox 239 5140 1289 5210">
    <p class='ocr_par' dir='ltr' id='par_1_102' title="bbox 239 5140 1289 5210">
     <span class='ocr_line' id='line_1_102' title="bbox 239 5140 1289 5210; baseline -0.002 -15"><span class='ocrx_word' id='word_1_735' title='bbox 239 5141 335 5195; x_wconf 79' lang='grc' dir='ltr'><strong>Τει</strong></span> <span class='ocrx_word' id='word_1_736' title='bbox 343 5140 453 5210; x_wconf 81' lang='grc' dir='ltr'>χεῖ</span> <span class='ocrx_word' id='word_1_737' title='bbox 467 5140 746 5205; x_wconf 76' lang='grc' dir='ltr'>προθύρῳ</span> <span class='ocrx_word' id='word_1_738' title='bbox 762 5140 1032 5207; x_wconf 76' lang='grc' dir='ltr'>θαλάμου</span> <span class='ocrx_word' id='word_1_739' title='bbox 1061 5140 1289 5206; x_wconf 77' lang='grc' dir='ltr'>κίονας.</span> 
     </span>
    </p>
   </div>
   <div class='ocr_carea' id='block_1_103' title="bbox 108 5230 1690 5302">
    <p class='ocr_par' dir='ltr' id='par_1_103' title="bbox 108 5230 1690 5302">
     <span class='ocr_line' id='line_1_103' title="bbox 108 5230 1690 5302; baseline -0.002 -14"><span class='ocrx_word' id='word_1_740' title='bbox 108 5233 203 5289; x_wconf 85' lang='lat' dir='ltr'><strong>Ubi</strong></span> <span class='ocrx_word' id='word_1_741' title='bbox 262 5243 434 5302; x_wconf 79' lang='lat' dir='ltr'><strong>poeta</strong></span> <span class='ocrx_word' id='word_1_742' title='bbox 479 5247 641 5302; x_wconf 88' lang='lat' dir='ltr'><strong>suum</strong></span> <span class='ocrx_word' id='word_1_743' title='bbox 696 5231 870 5302; x_wconf 76' lang='lat' dir='ltr'><strong>illum,</strong></span> <span class='ocrx_word' id='word_1_744' title='bbox 901 5233 986 5284; x_wconf 89' lang='lat' dir='ltr'><strong>eui</strong></span> <span class='ocrx_word' id='word_1_745' title='bbox 1032 5232 1316 5285; x_wconf 86' lang='lat' dir='ltr'><strong>victoriam</strong></span> <span class='ocrx_word' id='word_1_746' title='bbox 1352 5230 1690 5302; x_wconf 79' lang='lat' dir='ltr'><strong>Olytnpit‘atll</strong></span> 
     </span>
    </p>
   </div>
   <div class='ocr_carea' id='block_1_104' title="bbox 107 5299 1688 5374">
    <p class='ocr_par' dir='ltr' id='par_1_104' title="bbox 107 5299 1688 5374">
     <span class='ocr_line' id='line_1_104' title="bbox 107 5299 1688 5374; baseline -0.001 -19"><span class='ocrx_word' id='word_1_747' title='bbox 107 5299 439 5374; x_wconf 62' lang='lat' dir='ltr'><strong>gratulatur,</strong></span> <span class='ocrx_word' id='word_1_748' title='bbox 486 5301 738 5374; x_wconf 79' lang='lat' dir='ltr'><strong>Agesiam</strong></span> <span class='ocrx_word' id='word_1_749' title='bbox 801 5299 1229 5374; x_wconf 82' lang='lat' dir='ltr'><strong>Syracusanum,</strong></span> <span class='ocrx_word' id='word_1_750' title='bbox 1271 5302 1367 5363; x_wconf 84' lang='lat' dir='ltr'><strong>ait,</strong></span> <span class='ocrx_word' id='word_1_751' title='bbox 1408 5299 1526 5374; x_wconf 71' lang='lat' dir='ltr'><strong>sibi</strong></span> <span class='ocrx_word' id='word_1_752' title='bbox 1563 5320 1688 5354; x_wconf 84' lang='lat' dir='ltr'><strong>car-</strong></span> 
     </span>
    </p>
   </div>
   <div class='ocr_carea' id='block_1_105' title="bbox 108 5371 1689 5438">
    <p class='ocr_par' dir='ltr' id='par_1_105' title="bbox 108 5371 1689 5438">
     <span class='ocr_line' id='line_1_105' title="bbox 108 5371 1689 5438; baseline -0.001 -11"><span class='ocrx_word' id='word_1_753' title='bbox 108 5371 263 5428; x_wconf 76' lang='lat' dir='ltr'><strong>minis</strong></span> <span class='ocrx_word' id='word_1_754' title='bbox 287 5374 464 5428; x_wconf 80' lang='lat' dir='ltr'><strong>istius</strong></span> <span class='ocrx_word' id='word_1_755' title='bbox 493 5371 791 5423; x_wconf 79' lang='lat' dir='ltr'><strong>architecto</strong></span> <span class='ocrx_word' id='word_1_756' title='bbox 813 5379 1018 5422; x_wconf 80' lang='lat' dir='ltr'><strong>tantam</strong></span> <span class='ocrx_word' id='word_1_757' title='bbox 1050 5372 1260 5435; x_wconf 89' lang='lat' dir='ltr'><strong>copiam</strong></span> <span class='ocrx_word' id='word_1_758' title='bbox 1285 5372 1689 5438; x_wconf 69' lang='lat' dir='ltr'><strong>pretiosissima:</strong></span> 
     </span>
    </p>
   </div>
   <div class='ocr_carea' id='block_1_106' title="bbox 112 5440 1686 5511">
    <p class='ocr_par' dir='ltr' id='par_1_106' title="bbox 112 5440 1686 5511">
     <span class='ocr_line' id='line_1_106' title="bbox 112 5440 1686 5511; baseline 0.001 -19"><span class='ocrx_word' id='word_1_759' title='bbox 112 5449 351 5497; x_wconf 70' lang='lat' dir='ltr'><strong>materiae</strong></span> <span class='ocrx_word' id='word_1_760' title='bbox 390 5440 803 5511; x_wconf 80' lang='lat' dir='ltr'><strong>suppeditasse.</strong></span> <span class='ocrx_word' id='word_1_761' title='bbox 861 5450 919 5491; x_wconf 91' lang='lat' dir='ltr'><strong>ut</strong></span> <span class='ocrx_word' id='word_1_762' title='bbox 969 5442 1225 5511; x_wconf 77' lang='lat' dir='ltr'><strong>quamvis</strong></span> <span class='ocrx_word' id='word_1_763' title='bbox 1264 5456 1457 5495; x_wconf 80' lang='lat' dir='ltr'><strong>aurum</strong></span> <span class='ocrx_word' id='word_1_764' title='bbox 1508 5443 1686 5511; x_wconf 84' lang='lat' dir='ltr'><strong>ipsum</strong></span> 
     </span>
    </p>
   </div>
   <div class='ocr_carea' id='block_1_107' title="bbox 111 5508 1685 5583">
    <p class='ocr_par' dir='ltr' id='par_1_107' title="bbox 111 5508 1685 5583">
     <span class='ocr_line' id='line_1_107' title="bbox 111 5508 1685 5583; baseline 0 -18"><span class='ocrx_word' id='word_1_765' title='bbox 111 5512 156 5565; x_wconf 83' lang='lat' dir='ltr'><strong>i.i</strong></span> <span class='ocrx_word' id='word_1_766' title='bbox 222 5508 519 5583; x_wconf 76' lang='lat' dir='ltr'><strong>propyla-i</strong></span> <span class='ocrx_word' id='word_1_767' title='bbox 555 5510 841 5583; x_wconf 83' lang='lat' dir='ltr'><strong>columnas</strong></span> <span class='ocrx_word' id='word_1_768' title='bbox 898 5508 1167 5583; x_wconf 80' lang='lat' dir='ltr'><strong>proﬂiget.</strong></span> <span class='ocrx_word' id='word_1_769' title='bbox 1224 5512 1458 5583; x_wconf 84' lang='lat' dir='ltr'><strong>supersit</strong></span> <span class='ocrx_word' id='word_1_770' title='bbox 1507 5508 1685 5583; x_wconf 77' lang='lat' dir='ltr'><strong>tamen</strong></span> 
     </span>
    </p>
   </div>
   <div class='ocr_carea' id='block_1_108' title="bbox 106 5580 1689 5650">
    <p class='ocr_par' dir='ltr' id='par_1_108' title="bbox 106 5580 1689 5650">
     <span class='ocr_line' id='line_1_108' title="bbox 106 5580 1689 5650; baseline 0.001 -17"><span class='ocrx_word' id='word_1_771' title='bbox 106 5580 511 5637; x_wconf 26' lang='lat' dir='ltr'><strong>aliunde’nnde</strong></span> <span class='ocrx_word' id='word_1_772' title='bbox 567 5580 831 5649; x_wconf 85' lang='lat' dir='ltr'><strong>palatium</strong></span> <span class='ocrx_word' id='word_1_773' title='bbox 861 5580 1129 5650; x_wconf 85' lang='lat' dir='ltr'><strong>reliquum</strong></span> <span class='ocrx_word' id='word_1_774' title='bbox 1167 5596 1338 5650; x_wconf 85' lang='lat' dir='ltr'><strong>usque</strong></span> <span class='ocrx_word' id='word_1_775' title='bbox 1375 5581 1439 5633; x_wconf 88' lang='lat' dir='ltr'><strong>ad</strong></span> <span class='ocrx_word' id='word_1_776' title='bbox 1474 5582 1689 5635; x_wconf 89' lang='lat' dir='ltr'><strong>coroni-</strong></span> 
     </span>
    </p>
   </div>
   <div class='ocr_carea' id='block_1_109' title="bbox 106 5648 1691 5720">
    <p class='ocr_par' dir='ltr' id='par_1_109' title="bbox 106 5648 1691 5720">
     <span class='ocr_line' id='line_1_109' title="bbox 106 5648 1691 5720; baseline 0 -16"><span class='ocrx_word' id='word_1_777' title='bbox 106 5656 218 5705; x_wconf 82' lang='lat' dir='ltr'><strong>dem</strong></span> <span class='ocrx_word' id='word_1_778' title='bbox 254 5657 522 5707; x_wconf 76' lang='lat' dir='ltr'><strong>exstruat</strong></span> <span class='ocrx_word' id='word_1_779' title='bbox 567 5648 953 5720; x_wconf 80' lang='lat' dir='ltr'><strong>instruatque:</strong></span> <span class='ocrx_word' id='word_1_780' title='bbox 1002 5648 1133 5701; x_wconf 86' lang='lat' dir='ltr'><strong>nihil</strong></span> <span class='ocrx_word' id='word_1_781' title='bbox 1169 5648 1429 5704; x_wconf 75' lang='lat' dir='ltr'><strong>aberranti</strong></span> <span class='ocrx_word' id='word_1_782' title='bbox 1473 5666 1501 5702; x_wconf 87' lang='lat' dir='ltr'><strong>a</strong></span> <span class='ocrx_word' id='word_1_783' title='bbox 1559 5667 1691 5720; x_wconf 70' lang='lat' dir='ltr'><strong>pras-</strong></span> 
     </span>
    </p>
   </div>
   <div class='ocr_carea' id='block_1_110' title="bbox 108 5718 1691 5789">
    <p class='ocr_par' dir='ltr' id='par_1_110' title="bbox 108 5718 1691 5789">
     <span class='ocr_line' id='line_1_110' title="bbox 108 5718 1691 5789; baseline 0.001 -14"><span class='ocrx_word' id='word_1_784' title='bbox 108 5734 261 5789; x_wconf 85' lang='lat' dir='ltr'><strong>cepto</strong></span> <span class='ocrx_word' id='word_1_785' title='bbox 310 5724 483 5783; x_wconf 81' lang='lat' dir='ltr'><strong>artis,</strong></span> <span class='ocrx_word' id='word_1_786' title='bbox 523 5735 643 5787; x_wconf 67' lang='lat' dir='ltr'><strong>quae</strong></span> <span class='ocrx_word' id='word_1_787' title='bbox 694 5718 1129 5789; x_wconf 69' lang='lat' dir='ltr'><strong>proportionenr</strong></span> <span class='ocrx_word' id='word_1_788' title='bbox 1156 5731 1364 5773; x_wconf 75' lang='lat' dir='ltr'><strong>certant</strong></span> <span class='ocrx_word' id='word_1_789' title='bbox 1405 5718 1691 5777; x_wconf 80' lang='lat' dir='ltr'><strong>observari</strong></span> 
     </span>
    </p>
   </div>
   <div class='ocr_carea' id='block_1_111' title="bbox 104 5787 1688 5858">
    <p class='ocr_par' dir='ltr' id='par_1_111' title="bbox 104 5787 1688 5858">
     <span class='ocr_line' id='line_1_111' title="bbox 104 5787 1688 5858; baseline 0.004 -19"><span class='ocrx_word' id='word_1_790' title='bbox 104 5787 254 5858; x_wconf 64' lang='grc' dir='ltr'>ῇιὼοιι</span> <span class='ocrx_word' id='word_1_791' title='bbox 289 5808 396 5845; x_wconf 88' lang='lat' dir='ltr'><strong>nec</strong></span> <span class='ocrx_word' id='word_1_792' title='bbox 450 5792 586 5843; x_wconf 84' lang='lat' dir='ltr'><strong>sinit</strong></span> <span class='ocrx_word' id='word_1_793' title='bbox 641 5803 703 5842; x_wconf 86' lang='lat' dir='ltr'><strong>ea</strong></span> <span class='ocrx_word' id='word_1_794' title='bbox 757 5804 878 5856; x_wconf 67' lang='lat' dir='ltr'><strong>quae</strong></span> <span class='ocrx_word' id='word_1_795' title='bbox 917 5787 1219 5842; x_wconf 72' lang='lat' dir='ltr'><strong>dt-licatiori</strong></span> <span class='ocrx_word' id='word_1_796' title='bbox 1277 5792 1688 5847; x_wconf 77' lang='lat' dir='ltr'><strong>cmnaculorum</strong></span> 
     </span>
    </p>
   </div>
   <div class='ocr_carea' id='block_1_112' title="bbox 110 5859 1686 5927">
    <p class='ocr_par' dir='ltr' id='par_1_112' title="bbox 110 5859 1686 5927">
     <span class='ocr_line' id='line_1_112' title="bbox 110 5859 1686 5927; baseline -0.001 -11"><span class='ocrx_word' id='word_1_797' title='bbox 110 5864 318 5917; x_wconf 76' lang='lat' dir='ltr'><strong>ornatui</strong></span> <span class='ocrx_word' id='word_1_798' title='bbox 352 5871 455 5915; x_wconf 86' lang='lat' dir='ltr'><strong>aut</strong></span> <span class='ocrx_word' id='word_1_799' title='bbox 501 5859 706 5927; x_wconf 79' lang='lat' dir='ltr'><strong>fastigii</strong></span> <span class='ocrx_word' id='word_1_800' title='bbox 766 5859 1182 5927; x_wconf 73' lang='lat' dir='ltr'><strong>magniﬁcentia:</strong></span> <span class='ocrx_word' id='word_1_801' title='bbox 1230 5860 1494 5915; x_wconf 78' lang='lat' dir='ltr'><strong>servanda</strong></span> <span class='ocrx_word' id='word_1_802' title='bbox 1538 5873 1686 5926; x_wconf 87' lang='lat' dir='ltr'><strong>sunt,</strong></span> 
     </span>
    </p>
   </div>
   <div class='ocr_carea' id='block_1_113' title="bbox 438 5952 1109 6015">
    <p class='ocr_par' dir='ltr' id='par_1_113' title="bbox 438 5952 1109 6015">
     <span class='ocr_line' id='line_1_113' title="bbox 438 5952 1109 6015; baseline -0.003 0"><span class='ocrx_word' id='word_1_803' title='bbox 438 5956 718 6015; x_wconf 77' lang='lat' dir='ltr'><strong>PATROL.</strong></span> <span class='ocrx_word' id='word_1_804' title='bbox 764 5953 879 6012; x_wconf 77' lang='lat' dir='ltr'><strong>Gn.</strong></span> <span class='ocrx_word' id='word_1_805' title='bbox 924 5952 1109 6015; x_wconf 83' lang='lat' dir='ltr'><strong>CVII.</strong></span> 
     </span>
    </p>
   </div>
   <div class='ocr_carea' id='block_1_114' title="bbox 1794 4890 3361 4959">
    <p class='ocr_par' dir='ltr' id='par_1_114' title="bbox 1794 4890 3361 4959">
     <span class='ocr_line' id='line_1_114' title="bbox 1794 4890 3361 4959; baseline 0.001 -14"><span class='ocrx_word' id='word_1_806' title='bbox 1794 4894 1848 4945; x_wconf 91' lang='lat' dir='ltr'><strong>in</strong></span> <span class='ocrx_word' id='word_1_807' title='bbox 1886 4892 2212 4945; x_wconf 87' lang='lat' dir='ltr'><strong>vestibulum</strong></span> <span class='ocrx_word' id='word_1_808' title='bbox 2242 4890 2503 4958; x_wconf 83' lang='lat' dir='ltr'><strong>impendi.</strong></span> <span class='ocrx_word' id='word_1_809' title='bbox 2534 4890 2654 4956; x_wconf 84' lang='lat' dir='ltr'><strong>Quo</strong></span> <span class='ocrx_word' id='word_1_810' title='bbox 2679 4891 3069 4959; x_wconf 81' lang='lat' dir='ltr'><strong>suspicandum</strong></span> <span class='ocrx_word' id='word_1_811' title='bbox 3108 4893 3198 4945; x_wconf 84' lang='lat' dir='ltr'><strong>dat</strong></span> <span class='ocrx_word' id='word_1_812' title='bbox 3233 4908 3361 4947; x_wconf 89' lang='lat' dir='ltr'><strong>cum</strong></span> 
     </span>
    </p>
   </div>
   <div class='ocr_carea' id='block_1_115' title="bbox 1790 4961 3361 5030">
    <p class='ocr_par' dir='ltr' id='par_1_115' title="bbox 1790 4961 3361 5030">
     <span class='ocr_line' id='line_1_115' title="bbox 1790 4961 3361 5030; baseline 0.001 -17"><span class='ocrx_word' id='word_1_813' title='bbox 1790 4977 1984 5014; x_wconf 85' lang='lat' dir='ltr'><strong>aurum</strong></span> <span class='ocrx_word' id='word_1_814' title='bbox 2017 4964 2071 5015; x_wconf 88' lang='lat' dir='ltr'><strong>in</strong></span> <span class='ocrx_word' id='word_1_815' title='bbox 2092 4961 2361 5030; x_wconf 79' lang='grc' dir='ltr'>πρόθυρον</span> <span class='ocrx_word' id='word_1_816' title='bbox 2408 4961 2699 5026; x_wconf 87' lang='lat' dir='ltr'><strong>redundet,</strong></span> <span class='ocrx_word' id='word_1_817' title='bbox 2747 4977 2909 5030; x_wconf 87' lang='lat' dir='ltr'><strong>quam</strong></span> <span class='ocrx_word' id='word_1_818' title='bbox 2967 4962 3250 5029; x_wconf 70' lang='lat' dir='ltr'><strong>exquisitae.</strong></span> <span class='ocrx_word' id='word_1_819' title='bbox 3280 4966 3361 5015; x_wconf 85' lang='lat' dir='ltr'><strong>la-</strong></span> 
     </span>
    </p>
   </div>
   <div class='ocr_carea' id='block_1_116' title="bbox 1790 5031 3360 5101">
    <p class='ocr_par' dir='ltr' id='par_1_116' title="bbox 1790 5031 3360 5101">
     <span class='ocr_line' id='line_1_116' title="bbox 1790 5031 3360 5101; baseline 0.001 -18"><span class='ocrx_word' id='word_1_820' title='bbox 1790 5031 1953 5084; x_wconf 76' lang='lat' dir='ltr'><strong>mina:</strong></span> <span class='ocrx_word' id='word_1_821' title='bbox 1992 5046 2054 5085; x_wconf 90' lang='lat' dir='ltr'><strong>ae</strong></span> <span class='ocrx_word' id='word_1_822' title='bbox 2086 5045 2312 5101; x_wconf 77' lang='lat' dir='ltr'><strong>gemmae</strong></span> <span class='ocrx_word' id='word_1_823' title='bbox 2364 5032 2588 5101; x_wconf 80' lang='lat' dir='ltr'><strong>auliset</strong></span> <span class='ocrx_word' id='word_1_824' title='bbox 2621 5032 2972 5085; x_wconf 86' lang='lat' dir='ltr'><strong>conclavibus</strong></span> <span class='ocrx_word' id='word_1_825' title='bbox 3027 5031 3236 5086; x_wconf 83' lang='lat' dir='ltr'><strong>intimis</strong></span> <span class='ocrx_word' id='word_1_826' title='bbox 3274 5048 3360 5085; x_wconf 85' lang='lat' dir='ltr'><strong>re-</strong></span> 
     </span>
    </p>
   </div>
   <div class='ocr_carea' id='block_1_117' title="bbox 1791 5099 3361 5170">
    <p class='ocr_par' dir='ltr' id='par_1_117' title="bbox 1791 5099 3361 5170">
     <span class='ocr_line' id='line_1_117' title="bbox 1791 5099 3361 5170; baseline -0.002 -16"><span class='ocrx_word' id='word_1_827' title='bbox 1791 5099 2104 5154; x_wconf 56' lang='lat' dir='ltr'><strong>serventur.</strong></span> <span class='ocrx_word' id='word_1_828' title='bbox 2132 5100 2256 5153; x_wconf 70' lang='lat' dir='ltr'><strong>Haec</strong></span> <span class='ocrx_word' id='word_1_829' title='bbox 2288 5101 2389 5161; x_wconf 87' lang='lat' dir='ltr'><strong>vis,</strong></span> <span class='ocrx_word' id='word_1_830' title='bbox 2427 5101 2481 5152; x_wconf 91' lang='lat' dir='ltr'><strong>ni</strong></span> <span class='ocrx_word' id='word_1_831' title='bbox 2512 5099 2691 5163; x_wconf 82' lang='lat' dir='ltr'><strong>fallor,</strong></span> <span class='ocrx_word' id='word_1_832' title='bbox 2730 5102 2917 5154; x_wconf 90' lang='lat' dir='ltr'><strong>subest</strong></span> <span class='ocrx_word' id='word_1_833' title='bbox 2944 5101 3059 5154; x_wconf 87' lang='lat' dir='ltr'><strong>voci</strong></span> <span class='ocrx_word' id='word_1_834' title='bbox 3103 5102 3361 5170; x_wconf 75' lang='grc' dir='ltr'>εὐτειχεῖ,</span> 
     </span>
    </p>
   </div>
   <div class='ocr_carea' id='block_1_118' title="bbox 1790 5170 3360 5239">
    <p class='ocr_par' dir='ltr' id='par_1_118' title="bbox 1790 5170 3360 5239">
     <span class='ocr_line' id='line_1_118' title="bbox 1790 5170 3360 5239; baseline 0.003 -18"><span class='ocrx_word' id='word_1_835' title='bbox 1790 5171 2053 5239; x_wconf 84' lang='grc' dir='ltr'>τεχνικῶς</span> <span class='ocrx_word' id='word_1_836' title='bbox 2072 5172 2165 5224; x_wconf 77' lang='grc' dir='ltr'><strong>καὶ</strong></span> <span class='ocrx_word' id='word_1_837' title='bbox 2200 5170 2655 5239; x_wconf 82' lang='grc' dir='ltr'>ἀρχιτεκτονικῶς</span> <span class='ocrx_word' id='word_1_838' title='bbox 2690 5172 3014 5224; x_wconf 66' lang='lat' dir='ltr'><strong>aediﬁcatum</strong></span> <span class='ocrx_word' id='word_1_839' title='bbox 3056 5172 3182 5224; x_wconf 89' lang='lat' dir='ltr'><strong>velit</strong></span> <span class='ocrx_word' id='word_1_840' title='bbox 3214 5173 3360 5225; x_wconf 87' lang='lat' dir='ltr'><strong>istud</strong></span> 
     </span>
    </p>
   </div>
   <div class='ocr_carea' id='block_1_119' title="bbox 1789 5240 3358 5361">
    <p class='ocr_par' dir='ltr' id='par_1_119' title="bbox 1789 5240 3358 5361">
     <span class='ocr_line' id='line_1_119' title="bbox 1789 5240 3358 5361; baseline 0.001 -68"><span class='ocrx_word' id='word_1_841' title='bbox 1789 5242 2093 5361; x_wconf 60' lang='lat' dir='ltr'><strong>palatium,</strong></span> <span class='ocrx_word' id='word_1_842' title='bbox 2140 5240 2509 5309; x_wconf 82' lang='lat' dir='ltr'><strong>preportiouis</strong></span> <span class='ocrx_word' id='word_1_843' title='bbox 2579 5241 2793 5294; x_wconf 88' lang='lat' dir='ltr'><strong>scilicet</strong></span> <span class='ocrx_word' id='word_1_844' title='bbox 2867 5240 3049 5293; x_wconf 87' lang='lat' dir='ltr'><strong>habita</strong></span> <span class='ocrx_word' id='word_1_845' title='bbox 3126 5243 3358 5295; x_wconf 85' lang='lat' dir='ltr'><strong>ratione.</strong></span> 
     </span>
     <span class='ocr_line' id='line_1_120' title="bbox 1832 5308 3358 5361; baseline 0 0"><span class='ocrx_word' id='word_1_846' title='bbox 1832 5325 1960 5361; x_wconf 87' lang='lat' dir='ltr'><strong>orro</strong></span> <span class='ocrx_word' id='word_1_847' title='bbox 1991 5312 2271 5361; x_wconf 86' lang='lat' dir='ltr'><strong>recitando</strong></span> <span class='ocrx_word' id='word_1_848' title='bbox 2289 5310 2392 5361; x_wconf 91' lang='lat' dir='ltr'><strong>hoc</strong></span> <span class='ocrx_word' id='word_1_849' title='bbox 2416 5310 2729 5361; x_wconf 90' lang='lat' dir='ltr'><strong>testimonio</strong></span> <span class='ocrx_word' id='word_1_850' title='bbox 2767 5308 2989 5361; x_wconf 88' lang='lat' dir='ltr'><strong>Pindari</strong></span> <span class='ocrx_word' id='word_1_851' title='bbox 3012 5313 3358 5361; x_wconf 65' lang='lat' dir='ltr'><strong>praetermisit</strong></span> 
     </span>
    </p>
   </div>
   <div class='ocr_carea' id='block_1_120' title="bbox 1832 5308 3359 5377">
    <p class='ocr_par' dir='ltr' id='par_1_120' title="bbox 1832 5308 3359 5377">
     <span class='ocr_line' id='line_1_121' title="bbox 1832 5308 3359 5377; baseline 0 -14"><span class='ocrx_word' id='word_1_852' title='bbox 1832 5325 1960 5364; x_wconf 89' lang='lat' dir='ltr'><strong>orro</strong></span> <span class='ocrx_word' id='word_1_853' title='bbox 1991 5308 2271 5363; x_wconf 84' lang='lat' dir='ltr'><strong>recitando</strong></span> <span class='ocrx_word' id='word_1_854' title='bbox 2289 5310 2392 5363; x_wconf 90' lang='lat' dir='ltr'><strong>hoc</strong></span> <span class='ocrx_word' id='word_1_855' title='bbox 2416 5310 2729 5365; x_wconf 90' lang='lat' dir='ltr'><strong>testimonio</strong></span> <span class='ocrx_word' id='word_1_856' title='bbox 2767 5308 2989 5362; x_wconf 88' lang='lat' dir='ltr'><strong>Pindari</strong></span> <span class='ocrx_word' id='word_1_857' title='bbox 3012 5313 3359 5377; x_wconf 71' lang='lat' dir='ltr'><strong>pranermisit</strong></span> 
     </span>
    </p>
   </div>
   <div class='ocr_carea' id='block_1_121' title="bbox 1787 5376 3355 5448">
    <p class='ocr_par' dir='ltr' id='par_1_121' title="bbox 1787 5376 3355 5448">
     <span class='ocr_line' id='line_1_122' title="bbox 1787 5376 3355 5448; baseline -0.003 -15"><span class='ocrx_word' id='word_1_858' title='bbox 1787 5376 1897 5433; x_wconf 86' lang='lat' dir='ltr'><strong>Leo</strong></span> <span class='ocrx_word' id='word_1_859' title='bbox 1927 5391 2110 5434; x_wconf 87' lang='lat' dir='ltr'><strong>noster</strong></span> <span class='ocrx_word' id='word_1_860' title='bbox 2161 5380 2242 5432; x_wconf 83' lang='lat' dir='ltr'><strong>vel</strong></span> <span class='ocrx_word' id='word_1_861' title='bbox 2295 5380 2477 5447; x_wconf 88' lang='lat' dir='ltr'><strong>potius</strong></span> <span class='ocrx_word' id='word_1_862' title='bbox 2527 5379 2782 5433; x_wconf 85' lang='lat' dir='ltr'><strong>librarius</strong></span> <span class='ocrx_word' id='word_1_863' title='bbox 2832 5376 3021 5433; x_wconf 87' lang='lat' dir='ltr'><strong>vocem</strong></span> <span class='ocrx_word' id='word_1_864' title='bbox 3077 5378 3355 5448; x_wconf 80' lang='grc' dir='ltr'>προθύρῳ,</span> 
     </span>
    </p>
   </div>
   <div class='ocr_carea' id='block_1_122' title="bbox 1790 5449 3359 5516">
    <p class='ocr_par' dir='ltr' id='par_1_122' title="bbox 1790 5449 3359 5516">
     <span class='ocr_line' id='line_1_123' title="bbox 1790 5449 3359 5516; baseline -0.001 -14"><span class='ocrx_word' id='word_1_865' title='bbox 1790 5452 2163 5504; x_wconf 84' lang='lat' dir='ltr'><strong>necessariam</strong></span> <span class='ocrx_word' id='word_1_866' title='bbox 2225 5458 2405 5502; x_wconf 87' lang='lat' dir='ltr'><strong>tamen</strong></span> <span class='ocrx_word' id='word_1_867' title='bbox 2462 5450 2526 5502; x_wconf 89' lang='lat' dir='ltr'><strong>ad</strong></span> <span class='ocrx_word' id='word_1_868' title='bbox 2584 5450 2931 5507; x_wconf 70' lang='lat' dir='ltr'><strong>sententiam,</strong></span> <span class='ocrx_word' id='word_1_869' title='bbox 2958 5463 3119 5516; x_wconf 81' lang='lat' dir='ltr'><strong>quam</strong></span> <span class='ocrx_word' id='word_1_870' title='bbox 3154 5449 3276 5501; x_wconf 85' lang='lat' dir='ltr'><strong>ideo</strong></span> <span class='ocrx_word' id='word_1_871' title='bbox 3306 5458 3359 5501; x_wconf 85' lang='lat' dir='ltr'><strong>in</strong></span> 
     </span>
    </p>
   </div>
   <div class='ocr_carea' id='block_1_123' title="bbox 1789 5518 3360 5587">
    <p class='ocr_par' dir='ltr' id='par_1_123' title="bbox 1789 5518 3360 5587">
     <span class='ocr_line' id='line_1_124' title="bbox 1789 5518 3360 5587; baseline -0.001 -15"><span class='ocrx_word' id='word_1_872' title='bbox 1789 5520 2238 5587; x_wconf 79' lang='lat' dir='ltr'><strong>interpretatione</strong></span> <span class='ocrx_word' id='word_1_873' title='bbox 2269 5519 2521 5586; x_wconf 87' lang='lat' dir='ltr'><strong>supplere</strong></span> <span class='ocrx_word' id='word_1_874' title='bbox 2571 5520 2836 5587; x_wconf 86' lang='lat' dir='ltr'><strong>oportuit,</strong></span> <span class='ocrx_word' id='word_1_875' title='bbox 2874 5520 2959 5571; x_wconf 91' lang='lat' dir='ltr'><strong>ubi</strong></span> <span class='ocrx_word' id='word_1_876' title='bbox 3003 5518 3146 5585; x_wconf 79' lang='lat' dir='ltr'><strong>quod</strong></span> <span class='ocrx_word' id='word_1_877' title='bbox 3194 5519 3360 5571; x_wconf 77' lang='grc' dir='ltr'>θάλα-</span> 
     </span>
    </p>
   </div>
   <div class='ocr_carea' id='block_1_124' title="bbox 1797 5589 3362 5658">
    <p class='ocr_par' dir='ltr' id='par_1_124' title="bbox 1797 5589 3362 5658">
     <span class='ocr_line' id='line_1_125' title="bbox 1797 5589 3362 5658; baseline -0.001 -18"><span class='ocrx_word' id='word_1_878' title='bbox 1797 5606 1895 5658; x_wconf 88' lang='grc' dir='ltr'><strong>μον</strong></span> <span class='ocrx_word' id='word_1_879' title='bbox 1912 5591 2125 5641; x_wconf 83' lang='lat' dir='ltr'><strong>domum</strong></span> <span class='ocrx_word' id='word_1_880' title='bbox 2145 5589 2304 5652; x_wconf 89' lang='lat' dir='ltr'><strong>verti,</strong></span> <span class='ocrx_word' id='word_1_881' title='bbox 2333 5599 2555 5643; x_wconf 86' lang='lat' dir='ltr'><strong>secutus</strong></span> <span class='ocrx_word' id='word_1_882' title='bbox 2580 5604 2700 5642; x_wconf 90' lang='lat' dir='ltr'><strong>sum</strong></span> <span class='ocrx_word' id='word_1_883' title='bbox 2736 5591 3164 5642; x_wconf 88' lang='lat' dir='ltr'><strong>admonitionem</strong></span> <span class='ocrx_word' id='word_1_884' title='bbox 3199 5595 3362 5641; x_wconf 84' lang='lat' dir='ltr'><strong>scho-</strong></span> 
     </span>
    </p>
   </div>
   <div class='ocr_carea' id='block_1_125' title="bbox 1794 5658 3362 5726">
    <p class='ocr_par' dir='ltr' id='par_1_125' title="bbox 1794 5658 3362 5726">
     <span class='ocr_line' id='line_1_126' title="bbox 1794 5658 3362 5726; baseline -0.003 -15"><span class='ocrx_word' id='word_1_885' title='bbox 1794 5660 1966 5712; x_wconf 66' lang='lat' dir='ltr'><strong>Iiastaz</strong></span> <span class='ocrx_word' id='word_1_886' title='bbox 1994 5663 2189 5713; x_wconf 84' lang='lat' dir='ltr'><strong>veteris</strong></span> <span class='ocrx_word' id='word_1_887' title='bbox 2244 5659 2337 5726; x_wconf 81' lang='lat' dir='ltr'><strong>qui</strong></span> <span class='ocrx_word' id='word_1_888' title='bbox 2391 5659 2455 5711; x_wconf 86' lang='lat' dir='ltr'><strong>ad</strong></span> <span class='ocrx_word' id='word_1_889' title='bbox 2509 5663 2686 5711; x_wconf 88' lang='lat' dir='ltr'><strong>locum</strong></span> <span class='ocrx_word' id='word_1_890' title='bbox 2731 5661 2961 5711; x_wconf 84' lang='lat' dir='ltr'><strong>similem</strong></span> <span class='ocrx_word' id='word_1_891' title='bbox 3007 5658 3362 5726; x_wconf 65' lang='lat' dir='ltr'><strong>praecedentis</strong></span> 
     </span>
    </p>
   </div>
   <div class='ocr_carea' id='block_1_126' title="bbox 1793 5727 3365 5797">
    <p class='ocr_par' dir='ltr' id='par_1_126' title="bbox 1793 5727 3365 5797">
     <span class='ocr_line' id='line_1_127' title="bbox 1793 5727 3365 5797; baseline -0.002 -16"><span class='ocrx_word' id='word_1_892' title='bbox 1793 5729 1908 5781; x_wconf 69' lang='lat' dir='ltr'><strong>eda!</strong></span> <span class='ocrx_word' id='word_1_893' title='bbox 1958 5730 2117 5797; x_wconf 85' lang='lat' dir='ltr'><strong>paulo</strong></span> <span class='ocrx_word' id='word_1_894' title='bbox 2167 5738 2292 5781; x_wconf 88' lang='lat' dir='ltr'><strong>ante</strong></span> <span class='ocrx_word' id='word_1_895' title='bbox 2351 5736 2634 5781; x_wconf 83' lang='lat' dir='ltr'><strong>notaverat</strong></span> <span class='ocrx_word' id='word_1_896' title='bbox 2686 5728 2770 5780; x_wconf 87' lang='grc' dir='ltr'>ὃτι</span> <span class='ocrx_word' id='word_1_897' title='bbox 2828 5727 3280 5797; x_wconf 76' lang='grc' dir='ltr'>καταχρηστικῶς</span> <span class='ocrx_word' id='word_1_898' title='bbox 3334 5732 3365 5778; x_wconf 81' lang='grc' dir='ltr'>ὁ</span> 
     </span>
    </p>
   </div>
   <div class='ocr_carea' id='block_1_127' title="bbox 1793 5798 3080 5869">
    <p class='ocr_par' dir='ltr' id='par_1_127' title="bbox 1793 5798 3080 5869">
     <span class='ocr_line' id='line_1_128' title="bbox 1793 5798 3080 5869; baseline -0.002 -18"><span class='ocrx_word' id='word_1_899' title='bbox 1793 5799 2055 5869; x_wconf 87' lang='grc' dir='ltr'>Πίνδαρος</span> <span class='ocrx_word' id='word_1_900' title='bbox 2088 5798 2337 5861; x_wconf 76' lang='grc' dir='ltr'>ὅλας-τὰς</span> <span class='ocrx_word' id='word_1_901' title='bbox 2364 5798 2566 5861; x_wconf 78' lang='grc' dir='ltr'>οἰκείας</span> <span class='ocrx_word' id='word_1_902' title='bbox 2609 5798 2883 5868; x_wconf 69' lang='grc' dir='ltr'>θαλάμους</span> <span class='ocrx_word' id='word_1_903' title='bbox 2918 5799 3080 5864; x_wconf 77' lang='grc' dir='ltr'>λέγει.</span> 
     </span>
    </p>
   </div>
   <div class='ocr_carea' id='block_1_128' title="bbox 2997 5964 3029 6026">
    <p class='ocr_par' dir='ltr' id='par_1_128' title="bbox 2997 5964 3029 6026">
     <span class='ocr_line' id='line_1_129' title="bbox 2997 5964 3029 6026; baseline 0 0"><span class='ocrx_word' id='word_1_904' title='bbox 2997 5964 3029 6026; x_wconf 88' lang='grc'>8</span> 
     </span>
    </p>
   </div>
  </div>
