  <div class='ocr_page' id='page_1' title='image "/cluster/home/n/w/nwhite01/storage/ocr_20150623/107/nnc1.0046980040/175.png"; bbox 0 0 4182 6440; ppageno 0'>
   <div class='ocr_carea' id='block_1_1' title="bbox 771 397 4035 478">
    <p class='ocr_par' dir='ltr' id='par_1_1' title="bbox 771 397 4035 478">
     <span class='ocr_line' id='line_1_1' title="bbox 771 397 4035 478; baseline 0.008 -25"><span class='ocrx_word' id='word_1_1' title='bbox 771 399 875 466; x_wconf 73' lang='grc'><strong>227</strong></span> <span class='ocrx_word' id='word_1_2' title='bbox 1995 397 2265 462; x_wconf 84' lang='lat' dir='ltr'><strong>LEONIS</strong></span> <span class='ocrx_word' id='word_1_3' title='bbox 2304 400 2758 464; x_wconf 83' lang='lat' dir='ltr'><strong>PHILOSOPHI</strong></span> <span class='ocrx_word' id='word_1_4' title='bbox 3923 413 4035 478; x_wconf 67' lang='lat'><strong>238</strong></span> 
     </span>
    </p>
   </div>
   <div class='ocr_carea' id='block_1_2' title="bbox 770 514 2336 605">
    <p class='ocr_par' dir='ltr' id='par_1_2' title="bbox 770 514 2336 586">
     <span class='ocr_line' id='line_1_2' title="bbox 770 514 2336 586; baseline -0.002 -15"><span class='ocrx_word' id='word_1_5' title='bbox 770 528 883 573; x_wconf 88' lang='lat' dir='ltr'><strong>tum</strong></span> <span class='ocrx_word' id='word_1_6' title='bbox 938 525 993 572; x_wconf 90' lang='lat' dir='ltr'><strong>et</strong></span> <span class='ocrx_word' id='word_1_7' title='bbox 1041 517 1251 571; x_wconf 71' lang='lat' dir='ltr'><strong>caelesti</strong></span> <span class='ocrx_word' id='word_1_8' title='bbox 1316 517 1554 586; x_wconf 86' lang='lat' dir='ltr'><strong>puritate</strong></span> <span class='ocrx_word' id='word_1_9' title='bbox 1599 514 2061 580; x_wconf 72' lang='lat' dir='ltr'><strong>conversationis,</strong></span> <span class='ocrx_word' id='word_1_10' title='bbox 2114 514 2336 580; x_wconf 82' lang='lat' dir='ltr'><strong>similis;</strong></span> 
     </span>
    </p>
   </div>
   <div class='ocr_carea' id='block_1_3' title="bbox 2438 514 4035 605">
    <p class='ocr_par' dir='ltr' id='par_1_3' title="bbox 2449 517 4035 605">
     <span class='ocr_line' id='line_1_3' title="bbox 2449 517 4035 605; baseline 0.013 -37"><span class='ocrx_word' id='word_1_11' title='bbox 2449 517 2744 585; x_wconf 69' lang='grc' dir='ltr'>οἰκείωσις,</span> <span class='ocrx_word' id='word_1_12' title='bbox 2780 520 2902 588; x_wconf 80' lang='grc' dir='ltr'>μεθ’</span> <span class='ocrx_word' id='word_1_13' title='bbox 2930 517 2991 574; x_wconf 84' lang='grc' dir='ltr'><strong>οῦ</strong></span> <span class='ocrx_word' id='word_1_14' title='bbox 3038 522 3242 589; x_wconf 71' lang='grc' dir='ltr'>ἔξιλέου</span> <span class='ocrx_word' id='word_1_15' title='bbox 3270 529 3361 581; x_wconf 71' lang='grc' dir='ltr'><strong>τὸν</strong></span> <span class='ocrx_word' id='word_1_16' title='bbox 3390 528 3447 593; x_wconf 75' lang='grc' dir='ltr'>ὃς</span> <span class='ocrx_word' id='word_1_17' title='bbox 3480 529 3570 583; x_wconf 70' lang='grc' dir='ltr'><strong>ἐπὶ</strong></span> <span class='ocrx_word' id='word_1_18' title='bbox 3600 532 3705 586; x_wconf 78' lang='grc' dir='ltr'><strong>τῶν</strong></span> <span class='ocrx_word' id='word_1_19' title='bbox 3732 534 3827 605; x_wconf 86' lang='grc' dir='ltr'><strong>τῆς</strong></span> <span class='ocrx_word' id='word_1_20' title='bbox 3856 535 4035 588; x_wconf 69' lang='grc' dir='ltr'>οἰκου-</span> 
     </span>
    </p>
   </div>
   <div class='ocr_carea' id='block_1_4' title="bbox 768 605 2336 695">
    <p class='ocr_par' dir='ltr' id='par_1_4' title="bbox 768 605 2336 675">
     <span class='ocr_line' id='line_1_4' title="bbox 768 605 2336 675; baseline -0.001 -14"><span class='ocrx_word' id='word_1_21' title='bbox 768 623 914 663; x_wconf 91' lang='lat' dir='ltr'><strong>nunc</strong></span> <span class='ocrx_word' id='word_1_22' title='bbox 973 621 1268 662; x_wconf 72' lang='lat' dir='ltr'><strong>consessus</strong></span> <span class='ocrx_word' id='word_1_23' title='bbox 1335 608 1650 662; x_wconf 91' lang='lat' dir='ltr'><strong>eorumdem</strong></span> <span class='ocrx_word' id='word_1_24' title='bbox 1718 617 1771 659; x_wconf 91' lang='lat' dir='ltr'><strong>et</strong></span> <span class='ocrx_word' id='word_1_25' title='bbox 1825 605 2011 674; x_wconf 74' lang='lat' dir='ltr'><strong>gloria:</strong></span> <span class='ocrx_word' id='word_1_26' title='bbox 2070 605 2336 675; x_wconf 84' lang='lat' dir='ltr'><strong>particeps</strong></span> 
     </span>
    </p>
   </div>
   <div class='ocr_carea' id='block_1_5' title="bbox 2438 605 4031 695">
    <p class='ocr_par' dir='ltr' id='par_1_5' title="bbox 2452 608 4031 695">
     <span class='ocr_line' id='line_1_5' title="bbox 2452 608 4031 695; baseline 0.015 -37"><span class='ocrx_word' id='word_1_27' title='bbox 2452 608 2621 678; x_wconf 84' lang='grc' dir='ltr'>μένης</span> <span class='ocrx_word' id='word_1_28' title='bbox 2664 610 2918 665; x_wconf 77' lang='grc' dir='ltr'><strong>ἐκάθισεν</strong></span> <span class='ocrx_word' id='word_1_29' title='bbox 2982 616 3125 684; x_wconf 77' lang='grc' dir='ltr'>ἡμᾶς</span> <span class='ocrx_word' id='word_1_30' title='bbox 3168 618 3392 683; x_wconf 80' lang='grc' dir='ltr'>οἰάκων,</span> <span class='ocrx_word' id='word_1_31' title='bbox 3449 622 3611 690; x_wconf 42' lang='grc' dir='ltr'>σορὸν</span> <span class='ocrx_word' id='word_1_32' title='bbox 3662 625 4031 695; x_wconf 69' lang='grc' dir='ltr'>κυϐερνήτην,</span> 
     </span>
    </p>
   </div>
   <div class='ocr_carea' id='block_1_6' title="bbox 770 693 2336 785">
    <p class='ocr_par' dir='ltr' id='par_1_6' title="bbox 770 693 2336 763">
     <span class='ocr_line' id='line_1_6' title="bbox 770 693 2336 763; baseline 0.003 -17"><span class='ocrx_word' id='word_1_33' title='bbox 770 694 950 748; x_wconf 81' lang='lat' dir='ltr'><strong>facte!</strong></span> <span class='ocrx_word' id='word_1_34' title='bbox 986 693 1029 748; x_wconf 92' lang='lat' dir='ltr'><strong>O</strong></span> <span class='ocrx_word' id='word_1_35' title='bbox 1065 694 1481 763; x_wconf 88' lang='lat' dir='ltr'><strong>paratissimum</strong></span> <span class='ocrx_word' id='word_1_36' title='bbox 1523 703 1578 749; x_wconf 88' lang='lat' dir='ltr'><strong>et</strong></span> <span class='ocrx_word' id='word_1_37' title='bbox 1608 694 1675 749; x_wconf 87' lang='lat' dir='ltr'><strong>ad</strong></span> <span class='ocrx_word' id='word_1_38' title='bbox 1711 693 1957 748; x_wconf 88' lang='lat' dir='ltr'><strong>omnium</strong></span> <span class='ocrx_word' id='word_1_39' title='bbox 1983 693 2336 751; x_wconf 75' lang='lat' dir='ltr'><strong>necessitates</strong></span> 
     </span>
    </p>
   </div>
   <div class='ocr_carea' id='block_1_7' title="bbox 2438 693 4034 785">
    <p class='ocr_par' dir='ltr' id='par_1_7' title="bbox 2449 693 4034 785">
     <span class='ocr_line' id='line_1_7' title="bbox 2449 693 4034 785; baseline 0.012 -35"><span class='ocrx_word' id='word_1_40' title='bbox 2449 698 2803 773; x_wconf 79' lang='grc' dir='ltr'>εὐδοκιμῆσαι</span> <span class='ocrx_word' id='word_1_41' title='bbox 2850 703 2947 772; x_wconf 76' lang='grc' dir='ltr'>μὲν</span> <span class='ocrx_word' id='word_1_42' title='bbox 2975 705 3067 757; x_wconf 82' lang='grc' dir='ltr'>τὸν</span> <span class='ocrx_word' id='word_1_43' title='bbox 3115 707 3282 761; x_wconf 80' lang='grc' dir='ltr'>πλοῦν</span> <span class='ocrx_word' id='word_1_44' title='bbox 3312 712 3369 762; x_wconf 73' lang='grc' dir='ltr'>ὲν</span> <span class='ocrx_word' id='word_1_45' title='bbox 3413 713 3621 785; x_wconf 78' lang='grc' dir='ltr'>γαλήνῃ</span> <span class='ocrx_word' id='word_1_46' title='bbox 3674 693 3989 784; x_wconf 70' lang='grc' dir='ltr'>διηνῦκέναι</span> <span class='ocrx_word' id='word_1_47' title='bbox 4017 754 4034 781; x_wconf 82' lang='grc'><strong>,</strong></span> 
     </span>
    </p>
   </div>
   <div class='ocr_carea' id='block_1_8' title="bbox 767 784 2336 873">
    <p class='ocr_par' dir='ltr' id='par_1_8' title="bbox 767 784 2336 850">
     <span class='ocr_line' id='line_1_8' title="bbox 767 784 2336 850; baseline 0.003 -13"><span class='ocrx_word' id='word_1_48' title='bbox 767 800 935 838; x_wconf 88' lang='grc' dir='ltr'>ιιηιιηι</span> <span class='ocrx_word' id='word_1_49' title='bbox 981 785 1257 843; x_wconf 87' lang='lat' dir='ltr'><strong>sullleiens</strong></span> <span class='ocrx_word' id='word_1_50' title='bbox 1310 786 1604 841; x_wconf 79' lang='lat' dir='ltr'><strong>auxilium!</strong></span> <span class='ocrx_word' id='word_1_51' title='bbox 1671 784 1796 841; x_wconf 67' lang='lat' dir='ltr'><strong>Ilaec</strong></span> <span class='ocrx_word' id='word_1_52' title='bbox 1828 786 1926 841; x_wconf 88' lang='lat' dir='ltr'><strong>tibi</strong></span> <span class='ocrx_word' id='word_1_53' title='bbox 1977 801 2005 839; x_wconf 90' lang='lat' dir='ltr'><strong>a</strong></span> <span class='ocrx_word' id='word_1_54' title='bbox 2036 785 2213 850; x_wconf 89' lang='lat' dir='ltr'><strong>nobis,</strong></span> <span class='ocrx_word' id='word_1_55' title='bbox 2247 784 2336 841; x_wconf 83' lang='lat' dir='ltr'><strong>Ni-</strong></span> 
     </span>
    </p>
   </div>
   <div class='ocr_carea' id='block_1_9' title="bbox 2438 784 4031 873">
    <p class='ocr_par' dir='ltr' id='par_1_9' title="bbox 2452 784 4031 873">
     <span class='ocr_line' id='line_1_9' title="bbox 2452 784 4031 873; baseline 0.013 -32"><span class='ocrx_word' id='word_1_56' title='bbox 2452 789 2738 862; x_wconf 82' lang='grc' dir='ltr'>εὑδοκῆσαι</span> <span class='ocrx_word' id='word_1_57' title='bbox 2801 793 2857 847; x_wconf 67' lang='grc' dir='ltr'>δὲ</span> <span class='ocrx_word' id='word_1_58' title='bbox 2908 798 3003 850; x_wconf 80' lang='grc' dir='ltr'>καὶ</span> <span class='ocrx_word' id='word_1_59' title='bbox 3056 799 3196 869; x_wconf 80' lang='grc' dir='ltr'>πρὸς</span> <span class='ocrx_word' id='word_1_60' title='bbox 3250 801 3339 853; x_wconf 85' lang='grc' dir='ltr'>τὸν</span> <span class='ocrx_word' id='word_1_61' title='bbox 3388 784 3702 873; x_wconf 81' lang='grc' dir='ltr'>ἀκύμαντον</span> <span class='ocrx_word' id='word_1_62' title='bbox 3747 808 4031 861; x_wconf 72' lang='grc' dir='ltr'><strong>εἰσελάσαι</strong></span> 
     </span>
    </p>
   </div>
   <div class='ocr_carea' id='block_1_10' title="bbox 766 877 2336 969">
    <p class='ocr_par' dir='ltr' id='par_1_10' title="bbox 766 877 2336 951">
     <span class='ocr_line' id='line_1_10' title="bbox 766 877 2336 951; baseline 0.003 -21"><span class='ocrx_word' id='word_1_63' title='bbox 766 877 942 944; x_wconf 87' lang='lat' dir='ltr'><strong>colae,</strong></span> <span class='ocrx_word' id='word_1_64' title='bbox 976 879 1217 950; x_wconf 81' lang='lat' dir='ltr'><strong>perfecta</strong></span> <span class='ocrx_word' id='word_1_65' title='bbox 1264 886 1347 934; x_wconf 89' lang='lat' dir='ltr'><strong>est</strong></span> <span class='ocrx_word' id='word_1_66' title='bbox 1403 879 1601 943; x_wconf 91' lang='lat' dir='ltr'><strong>oratio,</strong></span> <span class='ocrx_word' id='word_1_67' title='bbox 1654 881 1805 951; x_wconf 93' lang='lat' dir='ltr'><strong>gravi</strong></span> <span class='ocrx_word' id='word_1_68' title='bbox 1856 896 1957 934; x_wconf 89' lang='lat' dir='ltr'><strong>nos</strong></span> <span class='ocrx_word' id='word_1_69' title='bbox 1997 877 2186 933; x_wconf 89' lang='lat' dir='ltr'><strong>morbo</strong></span> <span class='ocrx_word' id='word_1_70' title='bbox 2220 892 2336 935; x_wconf 85' lang='lat' dir='ltr'><strong>con-</strong></span> 
     </span>
    </p>
   </div>
   <div class='ocr_carea' id='block_1_11' title="bbox 2438 877 3925 969">
    <p class='ocr_par' dir='ltr' id='par_1_11' title="bbox 2451 881 3925 969">
     <span class='ocr_line' id='line_1_11' title="bbox 2451 881 3925 969; baseline 0.012 -35"><span class='ocrx_word' id='word_1_71' title='bbox 2451 881 2647 950; x_wconf 66' lang='grc' dir='ltr'>λιμένα</span> <span class='ocrx_word' id='word_1_72' title='bbox 2677 888 2882 951; x_wconf 78' lang='grc' dir='ltr'><strong>πάντας</strong></span> <span class='ocrx_word' id='word_1_73' title='bbox 2904 886 3042 957; x_wconf 68' lang='grc' dir='ltr'>ἅμα,</span> <span class='ocrx_word' id='word_1_74' title='bbox 3070 890 3164 945; x_wconf 76' lang='grc' dir='ltr'>καὶ</span> <span class='ocrx_word' id='word_1_75' title='bbox 3210 891 3410 946; x_wconf 79' lang='grc' dir='ltr'>ὁλκάδα</span> <span class='ocrx_word' id='word_1_76' title='bbox 3436 895 3529 948; x_wconf 76' lang='grc' dir='ltr'>καὶ</span> <span class='ocrx_word' id='word_1_77' title='bbox 3559 897 3925 969; x_wconf 72' lang='grc' dir='ltr'>κυεερνήτην.</span> 
     </span>
    </p>
   </div>
   <div class='ocr_carea' id='block_1_12' title="bbox 762 969 4033 1061">
    <p class='ocr_par' dir='ltr' id='par_1_12' title="bbox 762 969 4033 1061">
     <span class='ocr_line' id='line_1_12' title="bbox 762 969 4033 1061; baseline 0.005 -35"><span class='ocrx_word' id='word_1_78' title='bbox 762 971 1345 1044; x_wconf 81' lang='lat' dir='ltr'><strong>Iicientementemque</strong></span> <span class='ocrx_word' id='word_1_79' title='bbox 1407 969 1462 1029; x_wconf 86' lang='lat' dir='ltr'><strong>in</strong></span> <span class='ocrx_word' id='word_1_80' title='bbox 1524 976 1742 1029; x_wconf 85' lang='lat' dir='ltr'><strong>diversa</strong></span> <span class='ocrx_word' id='word_1_81' title='bbox 1796 971 2161 1037; x_wconf 74' lang='lat' dir='ltr'><strong>trahentibus,</strong></span> <span class='ocrx_word' id='word_1_82' title='bbox 2214 972 2341 1028; x_wconf 93' lang='lat' dir='ltr'><strong>hinc</strong></span> <span class='ocrx_word' id='word_1_83' title='bbox 2381 990 2567 1031; x_wconf 90' lang='lat' dir='ltr'><strong>amore</strong></span> <span class='ocrx_word' id='word_1_84' title='bbox 2595 978 2697 1042; x_wconf 92' lang='lat' dir='ltr'><strong>tui,</strong></span> <span class='ocrx_word' id='word_1_85' title='bbox 2728 979 2885 1034; x_wconf 91' lang='lat' dir='ltr'><strong>illinc</strong></span> <span class='ocrx_word' id='word_1_86' title='bbox 2918 983 3250 1039; x_wconf 89' lang='lat' dir='ltr'><strong>valetudinis</strong></span> <span class='ocrx_word' id='word_1_87' title='bbox 3306 988 3588 1048; x_wconf 72' lang='lat' dir='ltr'><strong>aerumnis.</strong></span> <span class='ocrx_word' id='word_1_88' title='bbox 3649 998 3701 1043; x_wconf 88' lang='lat' dir='ltr'><strong>et</strong></span> <span class='ocrx_word' id='word_1_89' title='bbox 3762 990 4033 1061; x_wconf 79' lang='lat' dir='ltr'><strong>languore</strong></span> 
     </span>
    </p>
   </div>
   <div class='ocr_carea' id='block_1_13' title="bbox 760 1064 4030 1141">
    <p class='ocr_par' dir='ltr' id='par_1_13' title="bbox 760 1064 4030 1141">
     <span class='ocr_line' id='line_1_13' title="bbox 760 1064 4030 1141; baseline 0.004 -20"><span class='ocrx_word' id='word_1_90' title='bbox 760 1067 981 1135; x_wconf 82' lang='lat' dir='ltr'><strong>quidem</strong></span> <span class='ocrx_word' id='word_1_91' title='bbox 1045 1075 1308 1140; x_wconf 75' lang='lat' dir='ltr'><strong>tanquam</strong></span> <span class='ocrx_word' id='word_1_92' title='bbox 1362 1069 1604 1138; x_wconf 82' lang='lat' dir='ltr'><strong>procella</strong></span> <span class='ocrx_word' id='word_1_93' title='bbox 1674 1068 1907 1138; x_wconf 87' lang='lat' dir='ltr'><strong>quadam</strong></span> <span class='ocrx_word' id='word_1_94' title='bbox 1964 1069 2123 1137; x_wconf 89' lang='lat' dir='ltr'><strong>quasi</strong></span> <span class='ocrx_word' id='word_1_95' title='bbox 2208 1064 2557 1138; x_wconf 75' lang='lat' dir='ltr'><strong>submergere</strong></span> <span class='ocrx_word' id='word_1_96' title='bbox 2610 1072 2973 1129; x_wconf 79' lang='lat' dir='ltr'><strong>contendente</strong></span> <span class='ocrx_word' id='word_1_97' title='bbox 3037 1078 3322 1141; x_wconf 86' lang='lat' dir='ltr'><strong>rationem,</strong></span> <span class='ocrx_word' id='word_1_98' title='bbox 3376 1094 3561 1134; x_wconf 87' lang='lat' dir='ltr'><strong>amore</strong></span> <span class='ocrx_word' id='word_1_99' title='bbox 3622 1090 3799 1135; x_wconf 88' lang='lat' dir='ltr'><strong>autem</strong></span> <span class='ocrx_word' id='word_1_100' title='bbox 3863 1080 4030 1137; x_wconf 85' lang='lat' dir='ltr'><strong>velu.i</strong></span> 
     </span>
    </p>
   </div>
   <div class='ocr_carea' id='block_1_14' title="bbox 759 1156 4033 1245">
    <p class='ocr_par' dir='ltr' id='par_1_14' title="bbox 759 1156 4033 1245">
     <span class='ocr_line' id='line_1_14' title="bbox 759 1156 4033 1245; baseline 0.005 -35"><span class='ocrx_word' id='word_1_101' title='bbox 759 1156 1063 1226; x_wconf 91' lang='lat' dir='ltr'><strong>remigante</strong></span> <span class='ocrx_word' id='word_1_102' title='bbox 1084 1170 1296 1211; x_wconf 90' lang='lat' dir='ltr'><strong>mecum</strong></span> <span class='ocrx_word' id='word_1_103' title='bbox 1332 1166 1386 1211; x_wconf 89' lang='lat' dir='ltr'><strong>et</strong></span> <span class='ocrx_word' id='word_1_104' title='bbox 1416 1159 1626 1213; x_wconf 88' lang='lat' dir='ltr'><strong>animos</strong></span> <span class='ocrx_word' id='word_1_105' title='bbox 1658 1157 1891 1211; x_wconf 81' lang='lat' dir='ltr'><strong>faciente</strong></span> <span class='ocrx_word' id='word_1_106' title='bbox 1936 1165 2099 1227; x_wconf 91' lang='lat' dir='ltr'><strong>atque</strong></span> <span class='ocrx_word' id='word_1_107' title='bbox 2154 1173 2219 1213; x_wconf 91' lang='lat' dir='ltr'><strong>ex</strong></span> <span class='ocrx_word' id='word_1_108' title='bbox 2282 1161 2791 1229; x_wconf 90' lang='lat' dir='ltr'><strong>perturbationibus</strong></span> <span class='ocrx_word' id='word_1_109' title='bbox 2866 1162 2994 1220; x_wconf 89' lang='lat' dir='ltr'><strong>inde</strong></span> <span class='ocrx_word' id='word_1_110' title='bbox 3075 1168 3212 1221; x_wconf 86' lang='lat' dir='ltr'><strong>ortis</strong></span> <span class='ocrx_word' id='word_1_111' title='bbox 3276 1170 3571 1226; x_wconf 89' lang='lat' dir='ltr'><strong>excitante.</strong></span> <span class='ocrx_word' id='word_1_112' title='bbox 3638 1170 3836 1227; x_wconf 75' lang='lat' dir='ltr'><strong>Verum</strong></span> <span class='ocrx_word' id='word_1_113' title='bbox 3892 1192 4033 1245; x_wconf 85' lang='lat' dir='ltr'><strong>euge</strong></span> 
     </span>
    </p>
   </div>
   <div class='ocr_carea' id='block_1_15' title="bbox 759 1248 4028 1328">
    <p class='ocr_par' dir='ltr' id='par_1_15' title="bbox 759 1248 4028 1328">
     <span class='ocr_line' id='line_1_15' title="bbox 759 1248 4028 1328; baseline 0.003 -22"><span class='ocrx_word' id='word_1_114' title='bbox 759 1251 987 1306; x_wconf 77' lang='lat' dir='ltr'><strong>emersit</strong></span> <span class='ocrx_word' id='word_1_115' title='bbox 1014 1248 1229 1304; x_wconf 88' lang='lat' dir='ltr'><strong>tandem</strong></span> <span class='ocrx_word' id='word_1_116' title='bbox 1283 1260 1447 1319; x_wconf 88' lang='lat' dir='ltr'><strong>atque</strong></span> <span class='ocrx_word' id='word_1_117' title='bbox 1488 1249 1701 1303; x_wconf 87' lang='lat' dir='ltr'><strong>exstitit</strong></span> <span class='ocrx_word' id='word_1_118' title='bbox 1748 1250 2002 1319; x_wconf 83' lang='lat' dir='ltr'><strong>superior</strong></span> <span class='ocrx_word' id='word_1_119' title='bbox 2029 1250 2233 1304; x_wconf 90' lang='lat' dir='ltr'><strong>auxilio</strong></span> <span class='ocrx_word' id='word_1_120' title='bbox 2263 1250 2341 1304; x_wconf 95' lang='lat' dir='ltr'><strong>tui</strong></span> <span class='ocrx_word' id='word_1_121' title='bbox 2382 1253 2585 1307; x_wconf 88' lang='lat' dir='ltr'><strong>amoris</strong></span> <span class='ocrx_word' id='word_1_122' title='bbox 2616 1255 2817 1317; x_wconf 86' lang='lat' dir='ltr'><strong>oratio,</strong></span> <span class='ocrx_word' id='word_1_123' title='bbox 2865 1254 3089 1325; x_wconf 82' lang='lat' dir='ltr'><strong>jamque</strong></span> <span class='ocrx_word' id='word_1_124' title='bbox 3134 1267 3292 1313; x_wconf 90' lang='lat' dir='ltr'><strong>nacta</strong></span> <span class='ocrx_word' id='word_1_125' title='bbox 3337 1276 3497 1315; x_wconf 90' lang='lat' dir='ltr'><strong>suum</strong></span> <span class='ocrx_word' id='word_1_126' title='bbox 3575 1262 3757 1328; x_wconf 81' lang='lat' dir='ltr'><strong>linem,</strong></span> <span class='ocrx_word' id='word_1_127' title='bbox 3821 1265 4028 1320; x_wconf 86' lang='lat' dir='ltr'><strong>donum</strong></span> 
     </span>
    </p>
   </div>
   <div class='ocr_carea' id='block_1_16' title="bbox 760 1338 4028 1430">
    <p class='ocr_par' dir='ltr' id='par_1_16' title="bbox 760 1338 4028 1430">
     <span class='ocr_line' id='line_1_16' title="bbox 760 1338 4028 1430; baseline 0.005 -35"><span class='ocrx_word' id='word_1_128' title='bbox 760 1356 1071 1412; x_wconf 76' lang='lat' dir='ltr'><strong>quanquam</strong></span> <span class='ocrx_word' id='word_1_129' title='bbox 1134 1339 1417 1410; x_wconf 87' lang='lat' dir='ltr'><strong>imlignum</strong></span> <span class='ocrx_word' id='word_1_130' title='bbox 1474 1339 1570 1393; x_wconf 85' lang='lat' dir='ltr'><strong>tibi</strong></span> <span class='ocrx_word' id='word_1_131' title='bbox 1602 1339 1848 1395; x_wconf 81' lang='lat' dir='ltr'><strong>olTertur.</strong></span> <span class='ocrx_word' id='word_1_132' title='bbox 1883 1338 2206 1410; x_wconf 88' lang='lat' dir='ltr'><strong>Superiores</strong></span> <span class='ocrx_word' id='word_1_133' title='bbox 2238 1357 2337 1399; x_wconf 87' lang='lat' dir='ltr'><strong>nos</strong></span> <span class='ocrx_word' id='word_1_134' title='bbox 2381 1359 2598 1416; x_wconf 90' lang='lat' dir='ltr'><strong>quoque</strong></span> <span class='ocrx_word' id='word_1_135' title='bbox 2623 1344 2904 1401; x_wconf 87' lang='lat' dir='ltr'><strong>doloribus</strong></span> <span class='ocrx_word' id='word_1_136' title='bbox 2930 1350 3207 1406; x_wconf 80' lang='lat' dir='ltr'><strong>evasimus</strong></span> <span class='ocrx_word' id='word_1_137' title='bbox 3232 1359 3287 1407; x_wconf 87' lang='lat' dir='ltr'><strong>et</strong></span> <span class='ocrx_word' id='word_1_138' title='bbox 3324 1360 3417 1407; x_wconf 89' lang='lat' dir='ltr'><strong>tua</strong></span> <span class='ocrx_word' id='word_1_139' title='bbox 3450 1362 3506 1409; x_wconf 90' lang='lat' dir='ltr'><strong>et</strong></span> <span class='ocrx_word' id='word_1_140' title='bbox 3572 1354 3754 1410; x_wconf 84' lang='lat' dir='ltr'><strong>divina</strong></span> <span class='ocrx_word' id='word_1_141' title='bbox 3823 1371 4028 1430; x_wconf 67' lang='lat' dir='ltr'><strong>marty-</strong></span> 
     </span>
    </p>
   </div>
   <div class='ocr_carea' id='block_1_17' title="bbox 760 1433 4029 1516">
    <p class='ocr_par' dir='ltr' id='par_1_17' title="bbox 760 1433 4029 1516">
     <span class='ocr_line' id='line_1_17' title="bbox 760 1433 4029 1516; baseline 0.005 -26"><span class='ocrx_word' id='word_1_142' title='bbox 760 1441 837 1491; x_wconf 85' lang='lat' dir='ltr'><strong>ris</strong></span> <span class='ocrx_word' id='word_1_143' title='bbox 891 1434 1194 1490; x_wconf 84' lang='lat' dir='ltr'><strong>curatione.</strong></span> <span class='ocrx_word' id='word_1_144' title='bbox 1256 1433 1456 1500; x_wconf 87' lang='lat' dir='ltr'><strong>Quidni</strong></span> <span class='ocrx_word' id='word_1_145' title='bbox 1510 1436 1654 1488; x_wconf 88' lang='lat' dir='ltr'><strong>enim</strong></span> <span class='ocrx_word' id='word_1_146' title='bbox 1714 1434 2012 1503; x_wconf 70' lang='lat' dir='ltr'><strong>gratiarum</strong></span> <span class='ocrx_word' id='word_1_147' title='bbox 2065 1434 2340 1490; x_wconf 85' lang='lat' dir='ltr'><strong>actionem</strong></span> <span class='ocrx_word' id='word_1_148' title='bbox 2383 1440 2743 1507; x_wconf 87' lang='lat' dir='ltr'><strong>rependamus</strong></span> <span class='ocrx_word' id='word_1_149' title='bbox 2835 1457 3179 1498; x_wconf 90' lang='lat' dir='ltr'><strong>communem</strong></span> <span class='ocrx_word' id='word_1_150' title='bbox 3222 1446 3411 1516; x_wconf 69' lang='lat' dir='ltr'><strong>gratia:</strong></span> <span class='ocrx_word' id='word_1_151' title='bbox 3459 1448 3623 1503; x_wconf 89' lang='lat' dir='ltr'><strong>unius</strong></span> <span class='ocrx_word' id='word_1_152' title='bbox 3710 1452 4029 1507; x_wconf 52' lang='lat' dir='ltr'><strong>auctoribus</strong></span> 
     </span>
    </p>
   </div>
   <div class='ocr_carea' id='block_1_18' title="bbox 761 1523 4032 1612">
    <p class='ocr_par' dir='ltr' id='par_1_18' title="bbox 761 1523 4032 1612">
     <span class='ocr_line' id='line_1_18' title="bbox 761 1523 4032 1612; baseline 0.004 -30"><span class='ocrx_word' id='word_1_153' title='bbox 761 1527 976 1582; x_wconf 88' lang='lat' dir='ltr'><strong>duobus</strong></span> <span class='ocrx_word' id='word_1_154' title='bbox 1028 1524 1226 1595; x_wconf 82' lang='lat' dir='ltr'><strong>quibus</strong></span> <span class='ocrx_word' id='word_1_155' title='bbox 1290 1539 1414 1578; x_wconf 92' lang='lat' dir='ltr'><strong>eum</strong></span> <span class='ocrx_word' id='word_1_156' title='bbox 1465 1524 1654 1578; x_wconf 84' lang='lat' dir='ltr'><strong>divino</strong></span> <span class='ocrx_word' id='word_1_157' title='bbox 1710 1525 1931 1578; x_wconf 89' lang='lat' dir='ltr'><strong>numine</strong></span> <span class='ocrx_word' id='word_1_158' title='bbox 1988 1523 2339 1581; x_wconf 79' lang='lat' dir='ltr'><strong>familiaritas</strong></span> <span class='ocrx_word' id='word_1_159' title='bbox 2410 1528 2521 1597; x_wconf 88' lang='lat' dir='ltr'><strong>jam</strong></span> <span class='ocrx_word' id='word_1_160' title='bbox 2584 1529 2727 1585; x_wconf 89' lang='lat' dir='ltr'><strong>inest</strong></span> <span class='ocrx_word' id='word_1_161' title='bbox 2782 1532 3206 1605; x_wconf 84' lang='lat' dir='ltr'><strong>conjunctioque</strong></span> <span class='ocrx_word' id='word_1_162' title='bbox 3265 1540 3620 1594; x_wconf 77' lang='lat' dir='ltr'><strong>communis?</strong></span> <span class='ocrx_word' id='word_1_163' title='bbox 3684 1540 3820 1595; x_wconf 78' lang='lat' dir='ltr'><strong>Cum</strong></span> <span class='ocrx_word' id='word_1_164' title='bbox 3918 1557 4032 1612; x_wconf 83' lang='lat' dir='ltr'><strong>quo</strong></span> 
     </span>
    </p>
   </div>
   <div class='ocr_carea' id='block_1_19' title="bbox 757 1614 4028 1701">
    <p class='ocr_par' dir='ltr' id='par_1_19' title="bbox 757 1614 4028 1701">
     <span class='ocr_line' id='line_1_19' title="bbox 757 1614 4028 1701; baseline 0.006 -32"><span class='ocrx_word' id='word_1_165' title='bbox 757 1619 898 1673; x_wconf 76' lang='lat' dir='ltr'><strong>votis</strong></span> <span class='ocrx_word' id='word_1_166' title='bbox 934 1625 987 1673; x_wconf 90' lang='lat' dir='ltr'><strong>et</strong></span> <span class='ocrx_word' id='word_1_167' title='bbox 1014 1615 1535 1687; x_wconf 82' lang='lat' dir='ltr'><strong>sull‘ragiisjunetus</strong></span> <span class='ocrx_word' id='word_1_168' title='bbox 1598 1616 1773 1685; x_wconf 87' lang='lat' dir='ltr'><strong>placa,</strong></span> <span class='ocrx_word' id='word_1_169' title='bbox 1842 1614 2110 1680; x_wconf 87' lang='lat' dir='ltr'><strong>obsecro,</strong></span> <span class='ocrx_word' id='word_1_170' title='bbox 2178 1618 2337 1673; x_wconf 88' lang='lat' dir='ltr'><strong>nobis</strong></span> <span class='ocrx_word' id='word_1_171' title='bbox 2430 1630 2593 1692; x_wconf 88' lang='lat' dir='ltr'><strong>atque</strong></span> <span class='ocrx_word' id='word_1_172' title='bbox 2664 1625 2897 1681; x_wconf 88' lang='lat' dir='ltr'><strong>concilia</strong></span> <span class='ocrx_word' id='word_1_173' title='bbox 2968 1642 3090 1682; x_wconf 89' lang='lat' dir='ltr'><strong>cum</strong></span> <span class='ocrx_word' id='word_1_174' title='bbox 3148 1632 3243 1701; x_wconf 93' lang='lat' dir='ltr'><strong>qui</strong></span> <span class='ocrx_word' id='word_1_175' title='bbox 3319 1630 3385 1686; x_wconf 90' lang='lat' dir='ltr'><strong>ad</strong></span> <span class='ocrx_word' id='word_1_176' title='bbox 3458 1633 3822 1701; x_wconf 83' lang='lat' dir='ltr'><strong>gubernacula</strong></span> <span class='ocrx_word' id='word_1_177' title='bbox 3907 1636 4028 1693; x_wconf 81' lang='lat' dir='ltr'><strong>orli</strong></span> 
     </span>
    </p>
   </div>
   <div class='ocr_carea' id='block_1_20' title="bbox 756 1707 2361 1777">
    <p class='ocr_par' dir='ltr' id='par_1_20' title="bbox 756 1707 2361 1777">
     <span class='ocr_line' id='line_1_20' title="bbox 756 1707 2361 1777; baseline 0.001 -14"><span class='ocrx_word' id='word_1_178' title='bbox 756 1719 1030 1765; x_wconf 81' lang='lat' dir='ltr'><strong>terrarum</strong></span> <span class='ocrx_word' id='word_1_179' title='bbox 1060 1722 1160 1762; x_wconf 92' lang='lat' dir='ltr'><strong>nos</strong></span> <span class='ocrx_word' id='word_1_180' title='bbox 1190 1707 1501 1772; x_wconf 88' lang='lat' dir='ltr'><strong>constituit,</strong></span> <span class='ocrx_word' id='word_1_181' title='bbox 1532 1708 1837 1777; x_wconf 86' lang='lat' dir='ltr'><strong>sapientem</strong></span> <span class='ocrx_word' id='word_1_182' title='bbox 1913 1708 2361 1777; x_wconf 75' lang='lat' dir='ltr'><strong>gubernatorem.</strong></span> 
     </span>
    </p>
   </div>
   <div class='ocr_carea' id='block_1_21' title="bbox 2443 1711 4017 1795">
    <p class='ocr_par' dir='ltr' id='par_1_21' title="bbox 2443 1711 4017 1795">
     <span class='ocr_line' id='line_1_21' title="bbox 2443 1711 4017 1795; baseline 0.009 -29"><span class='ocrx_word' id='word_1_183' title='bbox 2443 1711 2546 1768; x_wconf 81' lang='lat' dir='ltr'><strong>Per</strong></span> <span class='ocrx_word' id='word_1_184' title='bbox 2595 1713 2714 1783; x_wconf 88' lang='lat' dir='ltr'><strong>ejus</strong></span> <span class='ocrx_word' id='word_1_185' title='bbox 2772 1723 2831 1772; x_wconf 87' lang='lat' dir='ltr'><strong>ut</strong></span> <span class='ocrx_word' id='word_1_186' title='bbox 2908 1719 3065 1774; x_wconf 89' lang='lat' dir='ltr'><strong>nobis</strong></span> <span class='ocrx_word' id='word_1_187' title='bbox 3124 1736 3309 1790; x_wconf 87' lang='lat' dir='ltr'><strong>pacem</strong></span> <span class='ocrx_word' id='word_1_188' title='bbox 3368 1724 3692 1793; x_wconf 81' lang='lat' dir='ltr'><strong>veniamque</strong></span> <span class='ocrx_word' id='word_1_189' title='bbox 3737 1728 4017 1795; x_wconf 85' lang='lat' dir='ltr'><strong>contingat</strong></span> 
     </span>
    </p>
   </div>
   <div class='ocr_carea' id='block_1_22' title="bbox 755 1798 4024 1888">
    <p class='ocr_par' dir='ltr' id='par_1_22' title="bbox 755 1798 4024 1888">
     <span class='ocr_line' id='line_1_22' title="bbox 755 1798 4024 1888; baseline 0.006 -33"><span class='ocrx_word' id='word_1_190' title='bbox 755 1813 978 1856; x_wconf 88' lang='lat' dir='ltr'><strong>cursum</strong></span> <span class='ocrx_word' id='word_1_191' title='bbox 1016 1800 1070 1852; x_wconf 93' lang='lat' dir='ltr'><strong>in</strong></span> <span class='ocrx_word' id='word_1_192' title='bbox 1117 1798 1515 1868; x_wconf 88' lang='lat' dir='ltr'><strong>tranquillitate</strong></span> <span class='ocrx_word' id='word_1_193' title='bbox 1586 1799 1800 1853; x_wconf 83' lang='lat' dir='ltr'><strong>felicem</strong></span> <span class='ocrx_word' id='word_1_194' title='bbox 1826 1812 2085 1869; x_wconf 85' lang='lat' dir='ltr'><strong>peragere</strong></span> <span class='ocrx_word' id='word_1_195' title='bbox 2114 1813 2177 1853; x_wconf 86' lang='lat' dir='ltr'><strong>ac</strong></span> <span class='ocrx_word' id='word_1_196' title='bbox 2222 1800 2442 1856; x_wconf 79' lang='lat' dir='ltr'><strong>tandem</strong></span> <span class='ocrx_word' id='word_1_197' title='bbox 2474 1804 2648 1873; x_wconf 87' lang='lat' dir='ltr'><strong>plenis</strong></span> <span class='ocrx_word' id='word_1_198' title='bbox 2691 1809 2823 1865; x_wconf 85' lang='lat' dir='ltr'><strong>velis</strong></span> <span class='ocrx_word' id='word_1_199' title='bbox 2854 1810 2908 1864; x_wconf 94' lang='lat' dir='ltr'><strong>in</strong></span> <span class='ocrx_word' id='word_1_200' title='bbox 2973 1810 3236 1868; x_wconf 81' lang='lat' dir='ltr'><strong>ﬂuctuum</strong></span> <span class='ocrx_word' id='word_1_201' title='bbox 3308 1824 3584 1874; x_wconf 76' lang='lat' dir='ltr'><strong>expertem</strong></span> <span class='ocrx_word' id='word_1_202' title='bbox 3647 1830 3711 1872; x_wconf 89' lang='lat' dir='ltr'><strong>ac</strong></span> <span class='ocrx_word' id='word_1_203' title='bbox 3776 1818 4024 1888; x_wconf 86' lang='lat' dir='ltr'><strong>quietum</strong></span> 
     </span>
    </p>
   </div>
   <div class='ocr_carea' id='block_1_23' title="bbox 758 1890 2825 1963">
    <p class='ocr_par' dir='ltr' id='par_1_23' title="bbox 758 1890 2825 1963">
     <span class='ocr_line' id='line_1_23' title="bbox 758 1890 2825 1963; baseline 0.005 -17"><span class='ocrx_word' id='word_1_204' title='bbox 758 1893 908 1946; x_wconf 89' lang='lat' dir='ltr'><strong>illum</strong></span> <span class='ocrx_word' id='word_1_205' title='bbox 942 1901 1156 1962; x_wconf 90' lang='lat' dir='ltr'><strong>portum</strong></span> <span class='ocrx_word' id='word_1_206' title='bbox 1183 1890 1408 1960; x_wconf 88' lang='lat' dir='ltr'><strong>pervehi</strong></span> <span class='ocrx_word' id='word_1_207' title='bbox 1443 1891 1605 1945; x_wconf 85' lang='lat' dir='ltr'><strong>simul</strong></span> <span class='ocrx_word' id='word_1_208' title='bbox 1636 1907 1850 1955; x_wconf 84' lang='lat' dir='ltr'><strong>omnes,</strong></span> <span class='ocrx_word' id='word_1_209' title='bbox 1881 1906 2073 1946; x_wconf 89' lang='lat' dir='ltr'><strong>navem</strong></span> <span class='ocrx_word' id='word_1_210' title='bbox 2100 1892 2322 1963; x_wconf 89' lang='lat' dir='ltr'><strong>inquam</strong></span> <span class='ocrx_word' id='word_1_211' title='bbox 2358 1902 2415 1950; x_wconf 84' lang='lat' dir='ltr'><strong>et</strong></span> <span class='ocrx_word' id='word_1_212' title='bbox 2446 1900 2784 1955; x_wconf 87' lang='lat' dir='ltr'><strong>navarchum</strong></span> <span class='ocrx_word' id='word_1_213' title='bbox 2812 1903 2825 1956; x_wconf 79' lang='grc' dir='ltr'><strong>ί</strong></span> 
     </span>
    </p>
   </div>
   <div class='ocr_carea' id='block_1_24' title="bbox 1310 2001 1807 2059">
    <p class='ocr_par' dir='ltr' id='par_1_24' title="bbox 1310 2001 1807 2059">
     <span class='ocr_line' id='line_1_24' title="bbox 1310 2001 1807 2059; baseline 0 0"><span class='ocrx_word' id='word_1_214' title='bbox 1310 2001 1573 2059; x_wconf 80' lang='lat' dir='ltr'><strong>ORATIO</strong></span> <span class='ocrx_word' id='word_1_215' title='bbox 1617 2004 1807 2059; x_wconf 79' lang='lat' dir='ltr'>XVIII.</span> 
     </span>
    </p>
   </div>
   <div class='ocr_carea' id='block_1_25' title="bbox 760 2112 2342 2183">
    <p class='ocr_par' dir='ltr' id='par_1_25' title="bbox 760 2112 2342 2183">
     <span class='ocr_line' id='line_1_25' title="bbox 760 2112 2342 2183; baseline -0.001 -15"><span class='ocrx_word' id='word_1_216' title='bbox 760 2112 948 2169; x_wconf 77' lang='lat' dir='ltr'><strong>Leonis</strong></span> <span class='ocrx_word' id='word_1_217' title='bbox 984 2116 1035 2168; x_wconf 85' lang='lat' dir='ltr'><strong>in</strong></span> <span class='ocrx_word' id='word_1_218' title='bbox 1076 2114 1179 2169; x_wconf 82' lang='lat' dir='ltr'><strong>Deo</strong></span> <span class='ocrx_word' id='word_1_219' title='bbox 1215 2123 1411 2169; x_wconf 75' lang='lat' dir='ltr'><strong>wterno</strong></span> <span class='ocrx_word' id='word_1_220' title='bbox 1454 2130 1574 2183; x_wconf 83' lang='lat' dir='ltr'><strong>rege</strong></span> <span class='ocrx_word' id='word_1_221' title='bbox 1617 2114 1987 2182; x_wconf 84' lang='lat' dir='ltr'><strong>imperatoris.</strong></span> <span class='ocrx_word' id='word_1_222' title='bbox 2027 2114 2205 2169; x_wconf 83' lang='lat' dir='ltr'><strong>oratio</strong></span> <span class='ocrx_word' id='word_1_223' title='bbox 2249 2130 2342 2169; x_wconf 82' lang='lat' dir='ltr'><strong>en-</strong></span> 
     </span>
    </p>
   </div>
   <div class='ocr_carea' id='block_1_26' title="bbox 826 2183 2341 2254">
    <p class='ocr_par' dir='ltr' id='par_1_26' title="bbox 826 2183 2341 2254">
     <span class='ocr_line' id='line_1_26' title="bbox 826 2183 2341 2254; baseline -0.001 -16"><span class='ocrx_word' id='word_1_224' title='bbox 826 2185 1136 2238; x_wconf 83' lang='lat' dir='ltr'><strong>comiasticn</strong></span> <span class='ocrx_word' id='word_1_225' title='bbox 1183 2184 1247 2237; x_wconf 84' lang='lat' dir='ltr'><strong>de</strong></span> <span class='ocrx_word' id='word_1_226' title='bbox 1292 2199 1481 2254; x_wconf 79' lang='lat' dir='ltr'><strong>ntagno</strong></span> <span class='ocrx_word' id='word_1_227' title='bbox 1531 2183 1626 2237; x_wconf 87' lang='lat' dir='ltr'><strong>Dei</strong></span> <span class='ocrx_word' id='word_1_228' title='bbox 1663 2186 1945 2254; x_wconf 81' lang='lat' dir='ltr'><strong>pontiﬁce,</strong></span> <span class='ocrx_word' id='word_1_229' title='bbox 1977 2195 2025 2237; x_wconf 75' lang='lat' dir='ltr'><strong>ct</strong></span> <span class='ocrx_word' id='word_1_230' title='bbox 2074 2184 2341 2238; x_wconf 84' lang='lat' dir='ltr'><strong>communi</strong></span> 
     </span>
    </p>
   </div>
   <div class='ocr_carea' id='block_1_27' title="bbox 829 2252 2038 2323">
    <p class='ocr_par' dir='ltr' id='par_1_27' title="bbox 829 2252 2038 2323">
     <span class='ocr_line' id='line_1_27' title="bbox 829 2252 2038 2323; baseline -0.002 -14"><span class='ocrx_word' id='word_1_231' title='bbox 829 2256 973 2309; x_wconf 83' lang='lat' dir='ltr'><strong>orbis</strong></span> <span class='ocrx_word' id='word_1_232' title='bbox 1005 2264 1159 2309; x_wconf 66' lang='lat' dir='ltr'><strong>terra:</strong></span> <span class='ocrx_word' id='word_1_233' title='bbox 1184 2252 1599 2321; x_wconf 57' lang='lat' dir='ltr'><strong>portuﬂoanne</strong></span> <span class='ocrx_word' id='word_1_234' title='bbox 1639 2252 2038 2323; x_wconf 80' lang='lat' dir='ltr'><strong>Chrysostomo.</strong></span> 
     </span>
    </p>
   </div>
   <div class='ocr_carea' id='block_1_28' title="bbox 828 2434 2338 2506">
    <p class='ocr_par' dir='ltr' id='par_1_28' title="bbox 828 2434 2338 2506">
     <span class='ocr_line' id='line_1_28' title="bbox 828 2434 2338 2506; baseline -0.003 -12"><span class='ocrx_word' id='word_1_235' title='bbox 828 2440 881 2494; x_wconf 81' lang='lat' dir='ltr'><strong>I.</strong></span> <span class='ocrx_word' id='word_1_236' title='bbox 913 2437 1030 2495; x_wconf 73' lang='lat' dir='ltr'><strong>Viri</strong></span> <span class='ocrx_word' id='word_1_237' title='bbox 1075 2437 1331 2492; x_wconf 83' lang='lat' dir='ltr'><strong>virtutem</strong></span> <span class='ocrx_word' id='word_1_238' title='bbox 1378 2435 1605 2492; x_wconf 88' lang='lat' dir='ltr'><strong>laudare</strong></span> <span class='ocrx_word' id='word_1_239' title='bbox 1647 2435 1876 2506; x_wconf 82' lang='lat' dir='ltr'><strong>jussus,</strong></span> <span class='ocrx_word' id='word_1_240' title='bbox 1920 2436 2044 2499; x_wconf 90' lang='lat' dir='ltr'><strong>viri,</strong></span> <span class='ocrx_word' id='word_1_241' title='bbox 2094 2434 2338 2506; x_wconf 88' lang='lat' dir='ltr'><strong>inquam,</strong></span> 
     </span>
    </p>
   </div>
   <div class='ocr_carea' id='block_1_29' title="bbox 756 2529 2343 2601">
    <p class='ocr_par' dir='ltr' id='par_1_29' title="bbox 756 2529 2343 2601">
     <span class='ocr_line' id='line_1_29' title="bbox 756 2529 2343 2601; baseline -0.003 -14"><span class='ocrx_word' id='word_1_242' title='bbox 756 2530 846 2587; x_wconf 88' lang='lat' dir='ltr'><strong>cui</strong></span> <span class='ocrx_word' id='word_1_243' title='bbox 884 2542 1185 2601; x_wconf 88' lang='lat' dir='ltr'><strong>cognomen</strong></span> <span class='ocrx_word' id='word_1_244' title='bbox 1234 2535 1318 2583; x_wconf 89' lang='lat' dir='ltr'><strong>est</strong></span> <span class='ocrx_word' id='word_1_245' title='bbox 1351 2541 1414 2584; x_wconf 87' lang='lat' dir='ltr'><strong>os</strong></span> <span class='ocrx_word' id='word_1_246' title='bbox 1446 2541 1694 2595; x_wconf 89' lang='lat' dir='ltr'><strong>aureum,</strong></span> <span class='ocrx_word' id='word_1_247' title='bbox 1728 2535 1859 2598; x_wconf 90' lang='lat' dir='ltr'><strong>puto</strong></span> <span class='ocrx_word' id='word_1_248' title='bbox 1890 2543 1933 2580; x_wconf 55' lang='lat' dir='ltr'><strong>av</strong></span> <span class='ocrx_word' id='word_1_249' title='bbox 1958 2544 2047 2582; x_wconf 90' lang='lat' dir='ltr'><strong>me</strong></span> <span class='ocrx_word' id='word_1_250' title='bbox 2084 2529 2251 2598; x_wconf 83' lang='lat' dir='ltr'><strong>exigi,</strong></span> <span class='ocrx_word' id='word_1_251' title='bbox 2284 2536 2343 2583; x_wconf 86' lang='lat' dir='ltr'><strong>ut</strong></span> 
     </span>
    </p>
   </div>
   <div class='ocr_carea' id='block_1_30' title="bbox 755 2618 2342 2680">
    <p class='ocr_par' dir='ltr' id='par_1_30' title="bbox 755 2618 2342 2680">
     <span class='ocr_line' id='line_1_30' title="bbox 755 2618 2342 2680; baseline -0.003 -4"><span class='ocrx_word' id='word_1_252' title='bbox 755 2622 1037 2677; x_wconf 83' lang='lat' dir='ltr'><strong>ﬂammeos</strong></span> <span class='ocrx_word' id='word_1_253' title='bbox 1089 2633 1285 2675; x_wconf 88' lang='lat' dir='ltr'><strong>currus</strong></span> <span class='ocrx_word' id='word_1_254' title='bbox 1332 2618 1667 2680; x_wconf 86' lang='lat' dir='ltr'><strong>ascendam.</strong></span> <span class='ocrx_word' id='word_1_255' title='bbox 1711 2628 1806 2672; x_wconf 90' lang='lat' dir='ltr'><strong>aut</strong></span> <span class='ocrx_word' id='word_1_256' title='bbox 1854 2619 2117 2673; x_wconf 88' lang='lat' dir='ltr'><strong>miracula</strong></span> <span class='ocrx_word' id='word_1_257' title='bbox 2158 2627 2342 2674; x_wconf 89' lang='lat' dir='ltr'><strong>osten-</strong></span> 
     </span>
    </p>
   </div>
   <div class='ocr_carea' id='block_1_31' title="bbox 756 2706 2339 2779">
    <p class='ocr_par' dir='ltr' id='par_1_31' title="bbox 756 2706 2339 2779">
     <span class='ocr_line' id='line_1_31' title="bbox 756 2706 2339 2779; baseline -0.002 -12"><span class='ocrx_word' id='word_1_258' title='bbox 756 2722 864 2768; x_wconf 92' lang='lat' dir='ltr'><strong>tem</strong></span> <span class='ocrx_word' id='word_1_259' title='bbox 909 2709 1167 2765; x_wconf 70' lang='lat' dir='ltr'><strong>Mosaica.</strong></span> <span class='ocrx_word' id='word_1_260' title='bbox 1201 2706 1436 2763; x_wconf 88' lang='lat' dir='ltr'><strong>Perinde</strong></span> <span class='ocrx_word' id='word_1_261' title='bbox 1468 2718 1552 2763; x_wconf 88' lang='lat' dir='ltr'><strong>cst</strong></span> <span class='ocrx_word' id='word_1_262' title='bbox 1580 2707 1750 2769; x_wconf 86' lang='lat' dir='ltr'><strong>enim,</strong></span> <span class='ocrx_word' id='word_1_263' title='bbox 1785 2716 1843 2762; x_wconf 93' lang='lat' dir='ltr'><strong>ut</strong></span> <span class='ocrx_word' id='word_1_264' title='bbox 1878 2724 1982 2779; x_wconf 88' lang='lat' dir='ltr'><strong>ego</strong></span> <span class='ocrx_word' id='word_1_265' title='bbox 2017 2709 2216 2774; x_wconf 89' lang='lat' dir='ltr'><strong>sentio,</strong></span> <span class='ocrx_word' id='word_1_266' title='bbox 2248 2709 2339 2764; x_wconf 84' lang='lat' dir='ltr'><strong>illa</strong></span> 
     </span>
    </p>
   </div>
   <div class='ocr_carea' id='block_1_32' title="bbox 753 2799 2336 2875">
    <p class='ocr_par' dir='ltr' id='par_1_32' title="bbox 753 2799 2336 2875">
     <span class='ocr_line' id='line_1_32' title="bbox 753 2799 2336 2875; baseline -0.002 -16"><span class='ocrx_word' id='word_1_267' title='bbox 753 2801 1067 2875; x_wconf 87' lang='lat' dir='ltr'><strong>quempiam</strong></span> <span class='ocrx_word' id='word_1_268' title='bbox 1109 2799 1316 2855; x_wconf 85' lang='lat' dir='ltr'><strong>audere</strong></span> <span class='ocrx_word' id='word_1_269' title='bbox 1372 2799 1623 2869; x_wconf 86' lang='lat' dir='ltr'><strong>aggredi,</strong></span> <span class='ocrx_word' id='word_1_270' title='bbox 1668 2809 1721 2855; x_wconf 90' lang='lat' dir='ltr'><strong>et</strong></span> <span class='ocrx_word' id='word_1_271' title='bbox 1750 2801 1933 2871; x_wconf 84' lang='lat' dir='ltr'><strong>lingua</strong></span> <span class='ocrx_word' id='word_1_272' title='bbox 1977 2800 2201 2855; x_wconf 89' lang='lat' dir='ltr'><strong>laudare</strong></span> <span class='ocrx_word' id='word_1_273' title='bbox 2232 2801 2336 2856; x_wconf 82' lang='lat' dir='ltr'><strong>lin-</strong></span> 
     </span>
    </p>
   </div>
   <div class='ocr_carea' id='block_1_33' title="bbox 755 2891 2339 2965">
    <p class='ocr_par' dir='ltr' id='par_1_33' title="bbox 755 2891 2339 2965">
     <span class='ocr_line' id='line_1_33' title="bbox 755 2891 2339 2965; baseline -0.001 -17"><span class='ocrx_word' id='word_1_274' title='bbox 755 2909 917 2965; x_wconf 83' lang='lat' dir='ltr'><strong>guam</strong></span> <span class='ocrx_word' id='word_1_275' title='bbox 954 2892 1103 2947; x_wconf 91' lang='lat' dir='ltr'><strong>illam</strong></span> <span class='ocrx_word' id='word_1_276' title='bbox 1140 2905 1267 2946; x_wconf 88' lang='lat' dir='ltr'><strong>vere</strong></span> <span class='ocrx_word' id='word_1_277' title='bbox 1303 2905 1564 2953; x_wconf 87' lang='lat' dir='ltr'><strong>auream,</strong></span> <span class='ocrx_word' id='word_1_278' title='bbox 1597 2897 1650 2945; x_wconf 90' lang='lat' dir='ltr'><strong>et</strong></span> <span class='ocrx_word' id='word_1_279' title='bbox 1677 2906 1796 2959; x_wconf 70' lang='grc' dir='ltr'><strong>σιιιιιξ</strong></span> <span class='ocrx_word' id='word_1_280' title='bbox 1832 2891 2091 2945; x_wconf 87' lang='lat' dir='ltr'><strong>universo</strong></span> <span class='ocrx_word' id='word_1_281' title='bbox 2135 2891 2339 2946; x_wconf 91' lang='lat' dir='ltr'><strong>mundo</strong></span> 
     </span>
    </p>
   </div>
   <div class='ocr_carea' id='block_1_34' title="bbox 756 2976 2336 3050">
    <p class='ocr_par' dir='ltr' id='par_1_34' title="bbox 756 2976 2336 3050">
     <span class='ocr_line' id='line_1_34' title="bbox 756 2976 2336 3050; baseline -0.002 -15"><span class='ocrx_word' id='word_1_282' title='bbox 756 2981 995 3050; x_wconf 87' lang='lat' dir='ltr'><strong>scipsam</strong></span> <span class='ocrx_word' id='word_1_283' title='bbox 1029 2976 1262 3048; x_wconf 59' lang='lat' dir='ltr'><strong>praebuit</strong></span> <span class='ocrx_word' id='word_1_284' title='bbox 1292 2976 1529 3045; x_wconf 90' lang='lat' dir='ltr'><strong>pretium</strong></span> <span class='ocrx_word' id='word_1_285' title='bbox 1581 2977 1998 3045; x_wconf 87' lang='lat' dir='ltr'><strong>redemptionis.</strong></span> <span class='ocrx_word' id='word_1_286' title='bbox 2034 2979 2126 3032; x_wconf 74' lang='lat' dir='ltr'><strong>Sic</strong></span> <span class='ocrx_word' id='word_1_287' title='bbox 2155 2987 2336 3032; x_wconf 89' lang='lat' dir='ltr'><strong>autem</strong></span> 
     </span>
    </p>
   </div>
   <div class='ocr_carea' id='block_1_35' title="bbox 756 3066 2339 3139">
    <p class='ocr_par' dir='ltr' id='par_1_35' title="bbox 756 3066 2339 3139">
     <span class='ocr_line' id='line_1_35' title="bbox 756 3066 2339 3139; baseline -0.003 -14"><span class='ocrx_word' id='word_1_288' title='bbox 756 3070 888 3126; x_wconf 89' lang='lat' dir='ltr'><strong>mihi</strong></span> <span class='ocrx_word' id='word_1_289' title='bbox 928 3070 1091 3139; x_wconf 70' lang='lat' dir='ltr'><strong>empti</strong></span> <span class='ocrx_word' id='word_1_290' title='bbox 1133 3067 1417 3121; x_wconf 79' lang='lat' dir='ltr'><strong>audaciam</strong></span> <span class='ocrx_word' id='word_1_291' title='bbox 1470 3066 1766 3136; x_wconf 87' lang='lat' dir='ltr'><strong>cogitanti,</strong></span> <span class='ocrx_word' id='word_1_292' title='bbox 1793 3081 1917 3120; x_wconf 90' lang='lat' dir='ltr'><strong>cum</strong></span> <span class='ocrx_word' id='word_1_293' title='bbox 1954 3082 2042 3122; x_wconf 88' lang='lat' dir='ltr'><strong>res</strong></span> <span class='ocrx_word' id='word_1_294' title='bbox 2087 3068 2339 3123; x_wconf 78' lang='lat' dir='ltr'><strong>videatur</strong></span> 
     </span>
    </p>
   </div>
   <div class='ocr_carea' id='block_1_36' title="bbox 754 3155 2336 3230">
    <p class='ocr_par' dir='ltr' id='par_1_36' title="bbox 754 3155 2336 3230">
     <span class='ocr_line' id='line_1_36' title="bbox 754 3155 2336 3230; baseline -0.003 -15"><span class='ocrx_word' id='word_1_295' title='bbox 754 3157 1052 3230; x_wconf 80' lang='lat' dir='ltr'><strong>ejusmodi.</strong></span> <span class='ocrx_word' id='word_1_296' title='bbox 1109 3155 1386 3227; x_wconf 80' lang='lat' dir='ltr'><strong>prohibita</strong></span> <span class='ocrx_word' id='word_1_297' title='bbox 1433 3163 1515 3210; x_wconf 79' lang='lat' dir='ltr'><strong>est</strong></span> <span class='ocrx_word' id='word_1_298' title='bbox 1559 3157 1785 3211; x_wconf 89' lang='lat' dir='ltr'><strong>omnino</strong></span> <span class='ocrx_word' id='word_1_299' title='bbox 1820 3155 2156 3219; x_wconf 75' lang='lat' dir='ltr'><strong>olndientia,</strong></span> <span class='ocrx_word' id='word_1_300' title='bbox 2188 3157 2336 3210; x_wconf 81' lang='lat' dir='ltr'><strong>arhi-</strong></span> 
     </span>
    </p>
   </div>
   <div class='ocr_carea' id='block_1_37' title="bbox 3044 2021 3421 2076">
    <p class='ocr_par' dir='ltr' id='par_1_37' title="bbox 3044 2021 3421 2076">
     <span class='ocr_line' id='line_1_37' title="bbox 3044 2021 3421 2076; baseline 0.003 -2"><span class='ocrx_word' id='word_1_301' title='bbox 3044 2021 3261 2076; x_wconf 84' lang='grc' dir='ltr'><strong>ΛΟΓΟΣ</strong></span> <span class='ocrx_word' id='word_1_302' title='bbox 3313 2023 3421 2075; x_wconf 80' lang='lat' dir='ltr'><strong>IH&#39;.</strong></span> 
     </span>
    </p>
   </div>
   <div class='ocr_carea' id='block_1_38' title="bbox 2444 2125 4023 2201">
    <p class='ocr_par' dir='ltr' id='par_1_38' title="bbox 2444 2125 4023 2201">
     <span class='ocr_line' id='line_1_38' title="bbox 2444 2125 4023 2201; baseline 0.006 -22"><span class='ocrx_word' id='word_1_303' title='bbox 2444 2125 2703 2201; x_wconf 75' lang='grc' dir='ltr'>Λέοντος</span> <span class='ocrx_word' id='word_1_304' title='bbox 2730 2128 2798 2181; x_wconf 77' lang='grc' dir='ltr'>ἐν</span> <span class='ocrx_word' id='word_1_305' title='bbox 2822 2127 2902 2193; x_wconf 81' lang='grc' dir='ltr'><strong>τῷ</strong></span> <span class='ocrx_word' id='word_1_306' title='bbox 2928 2129 3049 2194; x_wconf 79' lang='grc' dir='ltr'><strong>Θεῷ</strong></span> <span class='ocrx_word' id='word_1_307' title='bbox 3073 2131 3330 2194; x_wconf 76' lang='grc' dir='ltr'>βασιλεῖ</span> <span class='ocrx_word' id='word_1_308' title='bbox 3354 2132 3568 2199; x_wconf 75' lang='grc' dir='ltr'>αίωνίῳ</span> <span class='ocrx_word' id='word_1_309' title='bbox 3588 2132 3895 2201; x_wconf 65' lang='grc' dir='ltr'>,βασιλέως</span> <span class='ocrx_word' id='word_1_310' title='bbox 3921 2137 4023 2189; x_wconf 69' lang='grc' dir='ltr'>,τό-</span> 
     </span>
    </p>
   </div>
   <div class='ocr_carea' id='block_1_39' title="bbox 2514 2199 4022 2280">
    <p class='ocr_par' dir='ltr' id='par_1_39' title="bbox 2514 2199 4022 2280">
     <span class='ocr_line' id='line_1_39' title="bbox 2514 2199 4022 2280; baseline 0.007 -31"><span class='ocrx_word' id='word_1_311' title='bbox 2514 2214 2621 2280; x_wconf 56' lang='grc' dir='ltr'><strong>πος</strong></span> <span class='ocrx_word' id='word_1_312' title='bbox 2671 2199 3147 2280; x_wconf 46' lang='lat' dir='ltr'><strong>drawn/agnach</strong></span> <span class='ocrx_word' id='word_1_313' title='bbox 3189 2202 3446 2280; x_wconf 53' lang='lat' dir='ltr'><strong>el¢_tdif</strong></span> <span class='ocrx_word' id='word_1_314' title='bbox 3483 2203 3674 2280; x_wconf 65' lang='grc' dir='ltr'>μέγαν</span> <span class='ocrx_word' id='word_1_315' title='bbox 3729 2205 3834 2280; x_wconf 65' lang='grc' dir='ltr'><strong>τοῦ</strong></span> <span class='ocrx_word' id='word_1_316' title='bbox 3872 2199 4022 2280; x_wconf 60' lang='grc' dir='ltr'><strong>ῥεοῦ</strong></span> 
     </span>
    </p>
   </div>
   <div class='ocr_carea' id='block_1_40' title="bbox 2514 2266 4021 2408">
    <p class='ocr_par' dir='ltr' id='par_1_40' title="bbox 2514 2266 4021 2408">
     <span class='ocr_line' id='line_1_40' title="bbox 2514 2266 4021 2343; baseline 0.007 -26"><span class='ocrx_word' id='word_1_317' title='bbox 2514 2266 2945 2335; x_wconf 59' lang='grc' dir='ltr'>ἀρχιερέωκαὶ</span> <span class='ocrx_word' id='word_1_318' title='bbox 2990 2270 3198 2322; x_wconf 84' lang='grc' dir='ltr'>κοινὸν</span> <span class='ocrx_word' id='word_1_319' title='bbox 3249 2266 3360 2336; x_wconf 75' lang='grc' dir='ltr'><strong>τῆς</strong></span> <span class='ocrx_word' id='word_1_320' title='bbox 3393 2266 3747 2341; x_wconf 61' lang='grc' dir='ltr'>οἰκουμένης</span> <span class='ocrx_word' id='word_1_321' title='bbox 3777 2276 4021 2343; x_wconf 70' lang='grc' dir='ltr'>λιμένα,</span> 
     </span>
     <span class='ocr_line' id='line_1_41' title="bbox 2525 2334 3430 2408; baseline 0.007 -21"><span class='ocrx_word' id='word_1_322' title='bbox 2525 2334 2812 2404; x_wconf 76' lang='grc' dir='ltr'><strong>Ἰωάννην</strong></span> <span class='ocrx_word' id='word_1_323' title='bbox 2839 2338 2947 2390; x_wconf 82' lang='grc' dir='ltr'><strong>τὸν</strong></span> <span class='ocrx_word' id='word_1_324' title='bbox 2976 2340 3430 2408; x_wconf 81' lang='grc' dir='ltr'>Χρυσόστομον.</span> 
     </span>
    </p>
   </div>
   <div class='ocr_carea' id='block_1_41' title="bbox 2513 2424 4020 2504">
    <p class='ocr_par' dir='ltr' id='par_1_41' title="bbox 2513 2424 4020 2504">
     <span class='ocr_line' id='line_1_42' title="bbox 2513 2424 4020 2504; baseline 0.006 -26"><span class='ocrx_word' id='word_1_325' title='bbox 2513 2424 2581 2479; x_wconf 85' lang='grc' dir='ltr'><strong>α’.</strong></span> <span class='ocrx_word' id='word_1_326' title='bbox 2630 2426 2853 2497; x_wconf 76' lang='grc' dir='ltr'>Ἀρετὴν</span> <span class='ocrx_word' id='word_1_327' title='bbox 2879 2426 3070 2498; x_wconf 76' lang='grc' dir='ltr'>ἀνδρὸς</span> <span class='ocrx_word' id='word_1_328' title='bbox 3106 2432 3347 2483; x_wconf 70' lang='grc' dir='ltr'>ἐπαινεῖν</span> <span class='ocrx_word' id='word_1_329' title='bbox 3384 2431 3767 2501; x_wconf 75' lang='grc' dir='ltr'><strong>κελευόμενος,</strong></span> <span class='ocrx_word' id='word_1_330' title='bbox 3805 2433 4020 2504; x_wconf 75' lang='grc' dir='ltr'>ἀνδρὸς,</span> 
     </span>
    </p>
   </div>
   <div class='ocr_carea' id='block_1_42' title="bbox 2440 2503 4024 2595">
    <p class='ocr_par' dir='ltr' id='par_1_42' title="bbox 2440 2503 4024 2595">
     <span class='ocr_line' id='line_1_43' title="bbox 2440 2503 4024 2595; baseline 0.009 -33"><span class='ocrx_word' id='word_1_331' title='bbox 2440 2503 2484 2577; x_wconf 83' lang='grc' dir='ltr'>ᾧ</span> <span class='ocrx_word' id='word_1_332' title='bbox 2514 2512 2577 2563; x_wconf 81' lang='grc' dir='ltr'>τὸ</span> <span class='ocrx_word' id='word_1_333' title='bbox 2610 2513 2845 2584; x_wconf 81' lang='grc' dir='ltr'><strong>χρυσοῦν</strong></span> <span class='ocrx_word' id='word_1_334' title='bbox 2878 2514 3167 2586; x_wconf 67' lang='grc' dir='ltr'>ἐπώνυμον</span> <span class='ocrx_word' id='word_1_335' title='bbox 3208 2520 3402 2587; x_wconf 86' lang='grc' dir='ltr'>στόμα,</span> <span class='ocrx_word' id='word_1_336' title='bbox 3438 2518 3579 2572; x_wconf 84' lang='grc' dir='ltr'>δοκῶ</span> <span class='ocrx_word' id='word_1_337' title='bbox 3617 2538 3705 2590; x_wconf 88' lang='grc' dir='ltr'><strong>μοι</strong></span> <span class='ocrx_word' id='word_1_338' title='bbox 3735 2503 4024 2595; x_wconf 62' lang='grc' dir='ltr'>φλογεριῖμν</span> 
     </span>
    </p>
   </div>
   <div class='ocr_carea' id='block_1_43' title="bbox 2443 2603 4027 2682">
    <p class='ocr_par' dir='ltr' id='par_1_43' title="bbox 2443 2603 4027 2682">
     <span class='ocr_line' id='line_1_44' title="bbox 2443 2603 4027 2682; baseline 0.006 -27"><span class='ocrx_word' id='word_1_339' title='bbox 2443 2603 2705 2672; x_wconf 74' lang='grc' dir='ltr'>ἁρμάτων</span> <span class='ocrx_word' id='word_1_340' title='bbox 2754 2606 3042 2672; x_wconf 73' lang='grc' dir='ltr'>ἐπίϐασιν,</span> <span class='ocrx_word' id='word_1_341' title='bbox 3086 2608 3118 2678; x_wconf 77' lang='grc' dir='ltr'>ἢ</span> <span class='ocrx_word' id='word_1_342' title='bbox 3170 2608 3516 2663; x_wconf 80' lang='grc' dir='ltr'>Μωῦσαῖκὼν</span> <span class='ocrx_word' id='word_1_343' title='bbox 3562 2610 3856 2682; x_wconf 81' lang='grc' dir='ltr'>Θαυμὰτων</span> <span class='ocrx_word' id='word_1_344' title='bbox 3904 2614 4027 2666; x_wconf 67' lang='grc' dir='ltr'>επί-</span> 
     </span>
    </p>
   </div>
   <div class='ocr_carea' id='block_1_44' title="bbox 2442 2694 4024 2773">
    <p class='ocr_par' dir='ltr' id='par_1_44' title="bbox 2442 2694 4024 2773">
     <span class='ocr_line' id='line_1_45' title="bbox 2442 2694 4024 2773; baseline 0.006 -26"><span class='ocrx_word' id='word_1_345' title='bbox 2442 2694 2605 2761; x_wconf 76' lang='grc' dir='ltr'>δειξιν</span> <span class='ocrx_word' id='word_1_346' title='bbox 2655 2697 2924 2751; x_wconf 79' lang='grc' dir='ltr'>ἀπαιτοῦν</span> <span class='ocrx_word' id='word_1_347' title='bbox 2982 2698 3301 2769; x_wconf 74' lang='grc' dir='ltr'><strong>παρέστηκε</strong></span> <span class='ocrx_word' id='word_1_348' title='bbox 3349 2700 3411 2753; x_wconf 79' lang='grc' dir='ltr'>τὸ</span> <span class='ocrx_word' id='word_1_349' title='bbox 3461 2701 3759 2773; x_wconf 73' lang='grc' dir='ltr'>ἐπίταγμα.</span> <span class='ocrx_word' id='word_1_350' title='bbox 3807 2704 4024 2757; x_wconf 78' lang='grc' dir='ltr'>Ταυτδν</span> 
     </span>
    </p>
   </div>
   <div class='ocr_carea' id='block_1_45' title="bbox 2440 2786 4024 2864">
    <p class='ocr_par' dir='ltr' id='par_1_45' title="bbox 2440 2786 4024 2864">
     <span class='ocr_line' id='line_1_46' title="bbox 2440 2786 4024 2864; baseline 0.007 -27"><span class='ocrx_word' id='word_1_351' title='bbox 2440 2786 2570 2855; x_wconf 78' lang='grc' dir='ltr'>γὰρ,</span> <span class='ocrx_word' id='word_1_352' title='bbox 2613 2786 2687 2850; x_wconf 81' lang='grc' dir='ltr'><strong>ὡς</strong></span> <span class='ocrx_word' id='word_1_353' title='bbox 2726 2788 2755 2840; x_wconf 84' lang='grc' dir='ltr'><strong>ό</strong></span> <span class='ocrx_word' id='word_1_354' title='bbox 2788 2787 2919 2857; x_wconf 69' lang='grc' dir='ltr'>δμὸς</span> <span class='ocrx_word' id='word_1_355' title='bbox 2960 2786 3136 2857; x_wconf 82' lang='grc' dir='ltr'><strong>λόγος,</strong></span> <span class='ocrx_word' id='word_1_356' title='bbox 3176 2787 3436 2855; x_wconf 83' lang='grc' dir='ltr'>τοιούτοις</span> <span class='ocrx_word' id='word_1_357' title='bbox 3478 2792 3600 2845; x_wconf 70' lang='grc' dir='ltr'>τινὰ</span> <span class='ocrx_word' id='word_1_358' title='bbox 3642 2794 3847 2864; x_wconf 66' lang='grc' dir='ltr'>τολμᾷν</span> <span class='ocrx_word' id='word_1_359' title='bbox 3899 2797 4024 2848; x_wconf 75' lang='grc' dir='ltr'>επι-</span> 
     </span>
    </p>
   </div>
   <div class='ocr_carea' id='block_1_46' title="bbox 2441 2875 4024 2955">
    <p class='ocr_par' dir='ltr' id='par_1_46' title="bbox 2441 2875 4024 2955">
     <span class='ocr_line' id='line_1_47' title="bbox 2441 2875 4024 2955; baseline 0.007 -29"><span class='ocrx_word' id='word_1_360' title='bbox 2441 2875 2685 2941; x_wconf 80' lang='grc' dir='ltr'>ϐαίνειν,</span> <span class='ocrx_word' id='word_1_361' title='bbox 2741 2880 2991 2932; x_wconf 77' lang='grc' dir='ltr'>κάκεῖνον</span> <span class='ocrx_word' id='word_1_362' title='bbox 3043 2877 3131 2931; x_wconf 81' lang='grc' dir='ltr'><strong>διὰ</strong></span> <span class='ocrx_word' id='word_1_363' title='bbox 3169 2878 3414 2951; x_wconf 77' lang='grc' dir='ltr'><strong>γλώττης</strong></span> <span class='ocrx_word' id='word_1_364' title='bbox 3465 2881 3873 2951; x_wconf 66' lang='grc' dir='ltr'>ἐγκωμιάζειν,</span> <span class='ocrx_word' id='word_1_365' title='bbox 3922 2885 4024 2955; x_wconf 78' lang='grc' dir='ltr'>τὴν</span> 
     </span>
    </p>
   </div>
   <div class='ocr_carea' id='block_1_47' title="bbox 2440 2965 4023 3046">
    <p class='ocr_par' dir='ltr' id='par_1_47' title="bbox 2440 2965 4023 3046">
     <span class='ocr_line' id='line_1_48' title="bbox 2440 2965 4023 3046; baseline 0.007 -30"><span class='ocrx_word' id='word_1_366' title='bbox 2440 2965 2647 3035; x_wconf 82' lang='grc' dir='ltr'>χρυσῆν</span> <span class='ocrx_word' id='word_1_367' title='bbox 2691 2966 2858 3029; x_wconf 82' lang='grc' dir='ltr'>δντως</span> <span class='ocrx_word' id='word_1_368' title='bbox 2896 2966 3182 3035; x_wconf 81' lang='grc' dir='ltr'>γλῶσσαν,</span> <span class='ocrx_word' id='word_1_369' title='bbox 3230 2970 3325 3021; x_wconf 78' lang='grc' dir='ltr'>καὶ</span> <span class='ocrx_word' id='word_1_370' title='bbox 3374 2971 3569 3041; x_wconf 84' lang='grc' dir='ltr'>κόσμῳ</span> <span class='ocrx_word' id='word_1_371' title='bbox 3610 2974 3773 3025; x_wconf 75' lang='grc' dir='ltr'>παντὶ</span> <span class='ocrx_word' id='word_1_372' title='bbox 3819 2972 4023 3046; x_wconf 81' lang='grc' dir='ltr'>λύτρον</span> 
     </span>
    </p>
   </div>
   <div class='ocr_carea' id='block_1_48' title="bbox 2439 3057 4022 3134">
    <p class='ocr_par' dir='ltr' id='par_1_48' title="bbox 2439 3057 4022 3134">
     <span class='ocr_line' id='line_1_49' title="bbox 2439 3057 4022 3134; baseline 0.006 -26"><span class='ocrx_word' id='word_1_373' title='bbox 2439 3057 2640 3126; x_wconf 69' lang='grc' dir='ltr'>ἑαυτὴν</span> <span class='ocrx_word' id='word_1_374' title='bbox 2666 3057 3075 3114; x_wconf 78' lang='grc' dir='ltr'>ὑπατεύσασαν.</span> <span class='ocrx_word' id='word_1_375' title='bbox 3102 3058 3258 3114; x_wconf 81' lang='grc' dir='ltr'>Οὑτω</span> <span class='ocrx_word' id='word_1_376' title='bbox 3290 3060 3346 3114; x_wconf 70' lang='grc' dir='ltr'>δέ</span> <span class='ocrx_word' id='word_1_377' title='bbox 3386 3077 3477 3131; x_wconf 88' lang='grc' dir='ltr'><strong>μοι</strong></span> <span class='ocrx_word' id='word_1_378' title='bbox 3506 3062 3605 3133; x_wconf 72' lang='grc' dir='ltr'>τὴν</span> <span class='ocrx_word' id='word_1_379' title='bbox 3633 3064 3841 3134; x_wconf 85' lang='grc' dir='ltr'>τόλμαν</span> <span class='ocrx_word' id='word_1_380' title='bbox 3867 3069 4022 3119; x_wconf 69' lang='grc' dir='ltr'>ἐννο-</span> 
     </span>
    </p>
   </div>
   <div class='ocr_carea' id='block_1_49' title="bbox 2438 3136 4019 3225">
    <p class='ocr_par' dir='ltr' id='par_1_49' title="bbox 2438 3136 4019 3225">
     <span class='ocr_line' id='line_1_50' title="bbox 2438 3136 4019 3225; baseline 0.006 -25"><span class='ocrx_word' id='word_1_381' title='bbox 2438 3146 2587 3200; x_wconf 88' lang='grc' dir='ltr'>οῦντι</span> <span class='ocrx_word' id='word_1_382' title='bbox 2632 3149 2726 3201; x_wconf 83' lang='grc' dir='ltr'><strong>τοῦ</strong></span> <span class='ocrx_word' id='word_1_383' title='bbox 2768 3136 3189 3221; x_wconf 67' lang='grc' dir='ltr'>ἐγχειρήματος,</span> <span class='ocrx_word' id='word_1_384' title='bbox 3220 3150 3505 3215; x_wconf 77' lang='grc' dir='ltr'>δοκοῦντος</span> <span class='ocrx_word' id='word_1_385' title='bbox 3539 3152 3635 3206; x_wconf 90' lang='grc' dir='ltr'><strong>τοῦ</strong></span> <span class='ocrx_word' id='word_1_386' title='bbox 3668 3155 4019 3225; x_wconf 79' lang='grc' dir='ltr'>πράγματος,</span> 
     </span>
    </p>
   </div>
   <div class='ocr_carea' id='block_1_50' title="bbox 755 3238 2336 3317">
    <p class='ocr_par' dir='ltr' id='par_1_50' title="bbox 755 3248 2333 3317">
     <span class='ocr_line' id='line_1_51' title="bbox 755 3248 2333 3317; baseline -0.005 -10"><span class='ocrx_word' id='word_1_387' title='bbox 755 3251 922 3307; x_wconf 76' lang='lat' dir='ltr'><strong>tranti</strong></span> <span class='ocrx_word' id='word_1_388' title='bbox 975 3248 1150 3304; x_wconf 88' lang='lat' dir='ltr'><strong>tutius</strong></span> <span class='ocrx_word' id='word_1_389' title='bbox 1195 3262 1319 3303; x_wconf 89' lang='lat' dir='ltr'><strong>esse</strong></span> <span class='ocrx_word' id='word_1_390' title='bbox 1364 3261 1685 3317; x_wconf 62' lang='lat' dir='ltr'><strong>praeponere</strong></span> <span class='ocrx_word' id='word_1_391' title='bbox 1730 3248 2179 3311; x_wconf 81' lang='lat' dir='ltr'><strong>inobedientiam,</strong></span> <span class='ocrx_word' id='word_1_392' title='bbox 2212 3263 2333 3301; x_wconf 88' lang='lat' dir='ltr'><strong>cum</strong></span> 
     </span>
    </p>
   </div>
   <div class='ocr_carea' id='block_1_51' title="bbox 2438 3238 4021 3317">
    <p class='ocr_par' dir='ltr' id='par_1_51' title="bbox 2441 3238 4021 3316">
     <span class='ocr_line' id='line_1_52' title="bbox 2441 3238 4021 3316; baseline 0.006 -27"><span class='ocrx_word' id='word_1_393' title='bbox 2441 3239 2617 3293; x_wconf 80' lang='grc' dir='ltr'>πάντα</span> <span class='ocrx_word' id='word_1_394' title='bbox 2650 3238 2719 3292; x_wconf 76' lang='grc' dir='ltr'><strong>τὰ</strong></span> <span class='ocrx_word' id='word_1_395' title='bbox 2748 3239 2849 3310; x_wconf 87' lang='grc' dir='ltr'><strong>τῆς</strong></span> <span class='ocrx_word' id='word_1_396' title='bbox 2880 3242 3127 3312; x_wconf 77' lang='grc' dir='ltr'><strong>ὑπακοῆς</strong></span> <span class='ocrx_word' id='word_1_397' title='bbox 3153 3243 3529 3314; x_wconf 75' lang='grc' dir='ltr'><strong>ἀπηγόρευται</strong></span> <span class='ocrx_word' id='word_1_398' title='bbox 3556 3244 3808 3307; x_wconf 70' lang='grc' dir='ltr'>ενταῦθα,</span> <span class='ocrx_word' id='word_1_399' title='bbox 3834 3263 4021 3316; x_wconf 79' lang='grc' dir='ltr'>παρα·</span> 
     </span>
    </p>
   </div>
   <div class='ocr_carea' id='block_1_52' title="bbox 752 3318 2336 3406">
    <p class='ocr_par' dir='ltr' id='par_1_52' title="bbox 752 3333 2333 3406">
     <span class='ocr_line' id='line_1_53' title="bbox 752 3333 2333 3406; baseline -0.005 -10"><span class='ocrx_word' id='word_1_400' title='bbox 752 3337 1116 3400; x_wconf 78' lang='lat' dir='ltr'><strong>formidabilis</strong></span> <span class='ocrx_word' id='word_1_401' title='bbox 1150 3336 1221 3392; x_wconf 81' lang='lat' dir='ltr'><strong>sit</strong></span> <span class='ocrx_word' id='word_1_402' title='bbox 1270 3333 1600 3401; x_wconf 89' lang='lat' dir='ltr'><strong>obedientia,</strong></span> <span class='ocrx_word' id='word_1_403' title='bbox 1639 3337 2051 3405; x_wconf 88' lang='lat' dir='ltr'><strong>periculosaque</strong></span> <span class='ocrx_word' id='word_1_404' title='bbox 2084 3347 2137 3391; x_wconf 89' lang='lat' dir='ltr'><strong>et</strong></span> <span class='ocrx_word' id='word_1_405' title='bbox 2168 3351 2333 3406; x_wconf 86' lang='lat' dir='ltr'><strong>supra</strong></span> 
     </span>
    </p>
   </div>
   <div class='ocr_carea' id='block_1_53' title="bbox 2438 3318 4020 3406">
    <p class='ocr_par' dir='ltr' id='par_1_53' title="bbox 2440 3326 4020 3406">
     <span class='ocr_line' id='line_1_54' title="bbox 2440 3326 4020 3406; baseline 0.008 -29"><span class='ocrx_word' id='word_1_406' title='bbox 2440 3326 2571 3396; x_wconf 80' lang='grc' dir='ltr'>κοὴν</span> <span class='ocrx_word' id='word_1_407' title='bbox 2636 3327 2928 3397; x_wconf 79' lang='grc' dir='ltr'><strong>ἡγουμένῳ</strong></span> <span class='ocrx_word' id='word_1_408' title='bbox 2983 3331 3258 3400; x_wconf 79' lang='grc' dir='ltr'>προτιμᾷν</span> <span class='ocrx_word' id='word_1_409' title='bbox 3305 3331 3713 3403; x_wconf 73' lang='grc' dir='ltr'>ἀσφαλέστερον</span> <span class='ocrx_word' id='word_1_410' title='bbox 3766 3334 4020 3406; x_wconf 78' lang='grc' dir='ltr'><strong>ὑπακοῆς</strong></span> 
     </span>
    </p>
   </div>
   <div class='ocr_carea' id='block_1_54' title="bbox 756 3417 2334 3498">
    <p class='ocr_par' dir='ltr' id='par_1_54' title="bbox 756 3417 2334 3498">
     <span class='ocr_line' id='line_1_55' title="bbox 756 3417 2334 3498; baseline -0.003 -11"><span class='ocrx_word' id='word_1_411' title='bbox 756 3432 926 3487; x_wconf 85' lang='lat' dir='ltr'><strong>vires.</strong></span> <span class='ocrx_word' id='word_1_412' title='bbox 966 3427 1109 3496; x_wconf 87' lang='lat' dir='ltr'><strong>Quid</strong></span> <span class='ocrx_word' id='word_1_413' title='bbox 1156 3417 1627 3492; x_wconf 82' lang='lat' dir='ltr'><strong>vero‘lQuoniam</strong></span> <span class='ocrx_word' id='word_1_414' title='bbox 1665 3436 1746 3482; x_wconf 90' lang='lat' dir='ltr'><strong>est</strong></span> <span class='ocrx_word' id='word_1_415' title='bbox 1792 3428 2187 3498; x_wconf 85' lang='lat' dir='ltr'><strong>periculosum,</strong></span> <span class='ocrx_word' id='word_1_416' title='bbox 2236 3444 2334 3482; x_wconf 87' lang='lat' dir='ltr'><strong>an-</strong></span> 
     </span>
    </p>
   </div>
   <div class='ocr_carea' id='block_1_55' title="bbox 760 3516 2331 3596">
    <p class='ocr_par' dir='ltr' id='par_1_55' title="bbox 760 3516 2331 3596">
     <span class='ocr_line' id='line_1_56' title="bbox 760 3516 2331 3596; baseline -0.002 -20"><span class='ocrx_word' id='word_1_417' title='bbox 760 3536 829 3576; x_wconf 88' lang='lat' dir='ltr'><strong>ne</strong></span> <span class='ocrx_word' id='word_1_418' title='bbox 853 3532 1097 3596; x_wconf 87' lang='lat' dir='ltr'><strong>eousque</strong></span> <span class='ocrx_word' id='word_1_419' title='bbox 1123 3516 1346 3587; x_wconf 89' lang='lat' dir='ltr'><strong>quidem</strong></span> <span class='ocrx_word' id='word_1_420' title='bbox 1391 3516 1681 3569; x_wconf 81' lang='lat' dir='ltr'><strong>taeendunl</strong></span> <span class='ocrx_word' id='word_1_421' title='bbox 1712 3524 1815 3581; x_wconf 88' lang='lat' dir='ltr'><strong>est,</strong></span> <span class='ocrx_word' id='word_1_422' title='bbox 1848 3529 1899 3570; x_wconf 90' lang='grc' dir='ltr'>ιιι</span> <span class='ocrx_word' id='word_1_423' title='bbox 1936 3534 2041 3571; x_wconf 84' lang='lat' dir='ltr'><strong>non</strong></span> <span class='ocrx_word' id='word_1_424' title='bbox 2088 3518 2331 3573; x_wconf 86' lang='lat' dir='ltr'><strong>dicamus</strong></span> 
     </span>
    </p>
   </div>
   <div class='ocr_carea' id='block_1_56' title="bbox 755 3608 2328 3680">
    <p class='ocr_par' dir='ltr' id='par_1_56' title="bbox 755 3608 2328 3680">
     <span class='ocr_line' id='line_1_57' title="bbox 755 3608 2328 3680; baseline 0 -16"><span class='ocrx_word' id='word_1_425' title='bbox 755 3625 922 3680; x_wconf 89' lang='lat' dir='ltr'><strong>quam</strong></span> <span class='ocrx_word' id='word_1_426' title='bbox 976 3608 1272 3663; x_wconf 90' lang='lat' dir='ltr'><strong>multorum</strong></span> <span class='ocrx_word' id='word_1_427' title='bbox 1326 3620 1493 3661; x_wconf 87' lang='lat' dir='ltr'><strong>causa</strong></span> <span class='ocrx_word' id='word_1_428' title='bbox 1538 3616 1799 3661; x_wconf 87' lang='lat' dir='ltr'><strong>cernatur</strong></span> <span class='ocrx_word' id='word_1_429' title='bbox 1842 3608 2196 3662; x_wconf 81' lang='lat' dir='ltr'><strong>ubedicntia?</strong></span> <span class='ocrx_word' id='word_1_430' title='bbox 2248 3611 2328 3665; x_wconf 84' lang='lat' dir='ltr'><strong>An</strong></span> 
     </span>
    </p>
   </div>
   <div class='ocr_carea' id='block_1_57' title="bbox 754 3691 2333 3767">
    <p class='ocr_par' dir='ltr' id='par_1_57' title="bbox 754 3691 2333 3767">
     <span class='ocr_line' id='line_1_58' title="bbox 754 3691 2333 3767; baseline 0 -16"><span class='ocrx_word' id='word_1_431' title='bbox 754 3695 1073 3767; x_wconf 64' lang='lat' dir='ltr'><strong>iuveniliter</strong></span> <span class='ocrx_word' id='word_1_432' title='bbox 1116 3693 1365 3748; x_wconf 90' lang='lat' dir='ltr'><strong>abluitio</strong></span> <span class='ocrx_word' id='word_1_433' title='bbox 1420 3691 1821 3762; x_wconf 84' lang='lat' dir='ltr'><strong>aggredientem</strong></span> <span class='ocrx_word' id='word_1_434' title='bbox 1874 3695 2076 3759; x_wconf 71' lang='lat' dir='ltr'><strong>dicere,</strong></span> <span class='ocrx_word' id='word_1_435' title='bbox 2115 3708 2333 3766; x_wconf 89' lang='lat' dir='ltr'><strong>propter</strong></span> 
     </span>
    </p>
   </div>
   <div class='ocr_carea' id='block_1_58' title="bbox 758 3780 2327 3853">
    <p class='ocr_par' dir='ltr' id='par_1_58' title="bbox 758 3780 2327 3853">
     <span class='ocr_line' id='line_1_59' title="bbox 758 3780 2327 3853; baseline -0.003 -12"><span class='ocrx_word' id='word_1_436' title='bbox 758 3785 884 3841; x_wconf 83' lang='lat' dir='ltr'><strong>Ildei</strong></span> <span class='ocrx_word' id='word_1_437' title='bbox 916 3785 1205 3846; x_wconf 81' lang='lat' dir='ltr'><strong>ardorem,</strong></span> <span class='ocrx_word' id='word_1_438' title='bbox 1259 3790 1354 3836; x_wconf 90' lang='lat' dir='ltr'><strong>aut</strong></span> <span class='ocrx_word' id='word_1_439' title='bbox 1396 3781 1545 3835; x_wconf 87' lang='lat' dir='ltr'><strong>illius</strong></span> <span class='ocrx_word' id='word_1_440' title='bbox 1578 3780 1850 3836; x_wconf 88' lang='lat' dir='ltr'><strong>viscerum</strong></span> <span class='ocrx_word' id='word_1_441' title='bbox 1912 3784 2327 3853; x_wconf 87' lang='lat' dir='ltr'><strong>benignitatem,</strong></span> 
     </span>
    </p>
   </div>
   <div class='ocr_carea' id='block_1_59' title="bbox 759 3873 2333 3944">
    <p class='ocr_par' dir='ltr' id='par_1_59' title="bbox 759 3873 2333 3944">
     <span class='ocr_line' id='line_1_60' title="bbox 759 3873 2333 3944; baseline -0.003 -12"><span class='ocrx_word' id='word_1_442' title='bbox 759 3877 1054 3932; x_wconf 88' lang='lat' dir='ltr'><strong>immittere</strong></span> <span class='ocrx_word' id='word_1_443' title='bbox 1082 3888 1141 3930; x_wconf 87' lang='lat' dir='ltr'><strong>se</strong></span> <span class='ocrx_word' id='word_1_444' title='bbox 1168 3873 1456 3943; x_wconf 88' lang='lat' dir='ltr'><strong>oportetin</strong></span> <span class='ocrx_word' id='word_1_445' title='bbox 1486 3887 1635 3926; x_wconf 82' lang='lat' dir='ltr'><strong>mare</strong></span> <span class='ocrx_word' id='word_1_446' title='bbox 1663 3873 2077 3927; x_wconf 84' lang='lat' dir='ltr'><strong>encomiorum?</strong></span> <span class='ocrx_word' id='word_1_447' title='bbox 2101 3874 2161 3927; x_wconf 83' lang='lat' dir='ltr'><strong>Et</strong></span> <span class='ocrx_word' id='word_1_448' title='bbox 2182 3875 2333 3944; x_wconf 82' lang='lat' dir='ltr'><strong>quis-</strong></span> 
     </span>
    </p>
   </div>
   <div class='ocr_carea' id='block_1_60' title="bbox 757 3962 2328 4035">
    <p class='ocr_par' dir='ltr' id='par_1_60' title="bbox 757 3962 2328 4035">
     <span class='ocr_line' id='line_1_61' title="bbox 757 3962 2328 4035; baseline -0.001 -13"><span class='ocrx_word' id='word_1_449' title='bbox 757 3982 883 4022; x_wconf 90' lang='lat' dir='ltr'><strong>nam</strong></span> <span class='ocrx_word' id='word_1_450' title='bbox 911 3965 1156 4021; x_wconf 90' lang='lat' dir='ltr'><strong>cernitnr</strong></span> <span class='ocrx_word' id='word_1_451' title='bbox 1190 3963 1371 4018; x_wconf 87' lang='lat' dir='ltr'><strong>virum</strong></span> <span class='ocrx_word' id='word_1_452' title='bbox 1410 3962 1561 4017; x_wconf 89' lang='lat' dir='ltr'><strong>illum</strong></span> <span class='ocrx_word' id='word_1_453' title='bbox 1614 3962 1749 4018; x_wconf 86' lang='lat' dir='ltr'><strong>adeo</strong></span> <span class='ocrx_word' id='word_1_454' title='bbox 1776 3963 2051 4031; x_wconf 90' lang='lat' dir='ltr'><strong>ignorare,</strong></span> <span class='ocrx_word' id='word_1_455' title='bbox 2086 3964 2176 4035; x_wconf 91' lang='lat' dir='ltr'><strong>qui</strong></span> <span class='ocrx_word' id='word_1_456' title='bbox 2220 3981 2328 4020; x_wconf 94' lang='lat' dir='ltr'><strong>non</strong></span> 
     </span>
    </p>
   </div>
   <div class='ocr_carea' id='block_1_61' title="bbox 758 4053 2327 4124">
    <p class='ocr_par' dir='ltr' id='par_1_61' title="bbox 758 4053 2327 4124">
     <span class='ocr_line' id='line_1_62' title="bbox 758 4053 2327 4124; baseline 0 -12"><span class='ocrx_word' id='word_1_457' title='bbox 758 4057 937 4113; x_wconf 90' lang='lat' dir='ltr'><strong>solum</strong></span> <span class='ocrx_word' id='word_1_458' title='bbox 970 4067 1029 4110; x_wconf 92' lang='lat' dir='ltr'><strong>ut</strong></span> <span class='ocrx_word' id='word_1_459' title='bbox 1069 4063 1255 4109; x_wconf 84' lang='lat' dir='ltr'><strong>mutus</strong></span> <span class='ocrx_word' id='word_1_460' title='bbox 1297 4060 1351 4109; x_wconf 87' lang='lat' dir='ltr'><strong>et</strong></span> <span class='ocrx_word' id='word_1_461' title='bbox 1382 4054 1587 4109; x_wconf 89' lang='lat' dir='ltr'><strong>surdus</strong></span> <span class='ocrx_word' id='word_1_462' title='bbox 1619 4055 1690 4108; x_wconf 92' lang='lat' dir='ltr'><strong>sit</strong></span> <span class='ocrx_word' id='word_1_463' title='bbox 1734 4053 2179 4124; x_wconf 78' lang='lat' dir='ltr'><strong>loquacissimus,</strong></span> <span class='ocrx_word' id='word_1_464' title='bbox 2233 4057 2327 4112; x_wconf 91' lang='lat' dir='ltr'><strong>sed</strong></span> 
     </span>
    </p>
   </div>
   <div class='ocr_carea' id='block_1_62' title="bbox 754 4144 2329 4218">
    <p class='ocr_par' dir='ltr' id='par_1_62' title="bbox 754 4144 2329 4218">
     <span class='ocr_line' id='line_1_63' title="bbox 754 4144 2329 4218; baseline -0.001 -12"><span class='ocrx_word' id='word_1_465' title='bbox 754 4151 919 4206; x_wconf 87' lang='lat' dir='ltr'><strong>etiam</strong></span> <span class='ocrx_word' id='word_1_466' title='bbox 955 4156 1015 4203; x_wconf 91' lang='lat' dir='ltr'><strong>ut</strong></span> <span class='ocrx_word' id='word_1_467' title='bbox 1040 4146 1246 4216; x_wconf 87' lang='lat' dir='ltr'><strong>lapides</strong></span> <span class='ocrx_word' id='word_1_468' title='bbox 1280 4144 1573 4199; x_wconf 87' lang='lat' dir='ltr'><strong>clamorem</strong></span> <span class='ocrx_word' id='word_1_469' title='bbox 1604 4144 1875 4205; x_wconf 88' lang='lat' dir='ltr'><strong>emittant.</strong></span> <span class='ocrx_word' id='word_1_470' title='bbox 1904 4147 2144 4201; x_wconf 88' lang='lat' dir='ltr'><strong>creditur</strong></span> <span class='ocrx_word' id='word_1_471' title='bbox 2171 4162 2329 4218; x_wconf 85' lang='lat' dir='ltr'><strong>posse</strong></span> 
     </span>
    </p>
   </div>
   <div class='ocr_carea' id='block_1_63' title="bbox 757 4236 2331 4305">
    <p class='ocr_par' dir='ltr' id='par_1_63' title="bbox 757 4236 2331 4305">
     <span class='ocr_line' id='line_1_64' title="bbox 757 4236 2331 4305; baseline -0.001 -9"><span class='ocrx_word' id='word_1_472' title='bbox 757 4240 1001 4297; x_wconf 82' lang='lat' dir='ltr'><strong>cllicere?</strong></span> <span class='ocrx_word' id='word_1_473' title='bbox 1035 4236 1240 4293; x_wconf 84' lang='lat' dir='ltr'><strong>Horum</strong></span> <span class='ocrx_word' id='word_1_474' title='bbox 1272 4236 1416 4291; x_wconf 88' lang='lat' dir='ltr'><strong>enim</strong></span> <span class='ocrx_word' id='word_1_475' title='bbox 1440 4237 1595 4291; x_wconf 86' lang='lat' dir='ltr'><strong>Iidem</strong></span> <span class='ocrx_word' id='word_1_476' title='bbox 1626 4236 1836 4305; x_wconf 75' lang='lat' dir='ltr'><strong>iaciunt</strong></span> <span class='ocrx_word' id='word_1_477' title='bbox 1863 4236 2091 4293; x_wconf 78' lang='lat' dir='ltr'><strong>llamnue</strong></span> <span class='ocrx_word' id='word_1_478' title='bbox 2125 4238 2331 4295; x_wconf 89' lang='lat' dir='ltr'><strong>deside-</strong></span> 
     </span>
    </p>
   </div>
   <div class='ocr_carea' id='block_1_64' title="bbox 757 4327 2329 4401">
    <p class='ocr_par' dir='ltr' id='par_1_64' title="bbox 757 4327 2329 4401">
     <span class='ocr_line' id='line_1_65' title="bbox 757 4327 2329 4401; baseline 0.004 -22"><span class='ocrx_word' id='word_1_479' title='bbox 757 4333 847 4398; x_wconf 70' lang='lat' dir='ltr'><strong>rii,</strong></span> <span class='ocrx_word' id='word_1_480' title='bbox 880 4345 1018 4401; x_wconf 89' lang='lat' dir='ltr'><strong>quas</strong></span> <span class='ocrx_word' id='word_1_481' title='bbox 1044 4342 1173 4399; x_wconf 90' lang='lat' dir='ltr'><strong>spes</strong></span> <span class='ocrx_word' id='word_1_482' title='bbox 1201 4328 1255 4381; x_wconf 90' lang='lat' dir='ltr'><strong>in</strong></span> <span class='ocrx_word' id='word_1_483' title='bbox 1302 4327 1471 4381; x_wconf 92' lang='lat' dir='ltr'><strong>altum</strong></span> <span class='ocrx_word' id='word_1_484' title='bbox 1505 4328 1717 4382; x_wconf 90' lang='lat' dir='ltr'><strong>sublata</strong></span> <span class='ocrx_word' id='word_1_485' title='bbox 1747 4329 2032 4391; x_wconf 90' lang='lat' dir='ltr'><strong>conciliat;</strong></span> <span class='ocrx_word' id='word_1_486' title='bbox 2056 4331 2329 4397; x_wconf 92' lang='lat' dir='ltr'><strong>quomodo</strong></span> 
     </span>
    </p>
   </div>
   <div class='ocr_carea' id='block_1_65' title="bbox 759 4419 2327 4490">
    <p class='ocr_par' dir='ltr' id='par_1_65' title="bbox 759 4419 2327 4490">
     <span class='ocr_line' id='line_1_66' title="bbox 759 4419 2327 4490; baseline -0.002 -12"><span class='ocrx_word' id='word_1_487' title='bbox 759 4424 923 4478; x_wconf 87' lang='lat' dir='ltr'><strong>etiam</strong></span> <span class='ocrx_word' id='word_1_488' title='bbox 950 4435 1177 4490; x_wconf 88' lang='lat' dir='ltr'><strong>magnus</strong></span> <span class='ocrx_word' id='word_1_489' title='bbox 1196 4419 1477 4489; x_wconf 89' lang='lat' dir='ltr'><strong>apostolus</strong></span> <span class='ocrx_word' id='word_1_490' title='bbox 1496 4420 1762 4488; x_wconf 57' lang='lat' dir='ltr'><strong>praecipit,</strong></span> <span class='ocrx_word' id='word_1_491' title='bbox 1788 4420 2035 4473; x_wconf 85' lang='lat' dir='ltr'><strong>scribens</strong></span> <span class='ocrx_word' id='word_1_492' title='bbox 2061 4436 2075 4473; x_wconf 90' lang='lat'><strong>:</strong></span> <span class='ocrx_word' id='word_1_493' title='bbox 2100 4421 2327 4475; x_wconf 78' lang='lat' dir='ltr'><strong>Mulmm</strong></span> 
     </span>
    </p>
   </div>
   <div class='ocr_carea' id='block_1_66' title="bbox 757 4508 2327 4580">
    <p class='ocr_par' dir='ltr' id='par_1_66' title="bbox 757 4508 2327 4580">
     <span class='ocr_line' id='line_1_67' title="bbox 757 4508 2327 4580; baseline 0 -14"><span class='ocrx_word' id='word_1_494' title='bbox 757 4514 894 4567; x_wconf 71' lang='lat' dir='ltr'><strong>calet</strong></span> <span class='ocrx_word' id='word_1_495' title='bbox 938 4510 1111 4565; x_wconf 83' lang='lat' dir='ltr'><strong>oratio</strong></span> <span class='ocrx_word' id='word_1_496' title='bbox 1134 4508 1272 4578; x_wconf 84' lang='lat' dir='ltr'><strong>justi</strong></span> <span class='ocrx_word' id='word_1_497' title='bbox 1301 4523 1520 4576; x_wconf 79' lang='lat' dir='ltr'><strong>operam</strong></span> <span class='ocrx_word' id='word_1_498' title='bbox 1544 4511 1558 4540; x_wconf 86' lang='grc'>¹</span> <span class='ocrx_word' id='word_1_499' title='bbox 1586 4527 1597 4562; x_wconf 93' lang='lat'><strong>:</strong></span> <span class='ocrx_word' id='word_1_500' title='bbox 1626 4508 1729 4563; x_wconf 91' lang='lat' dir='ltr'><strong>hoc</strong></span> <span class='ocrx_word' id='word_1_501' title='bbox 1762 4513 1867 4570; x_wconf 82' lang='lat' dir='ltr'><strong>es‘t.</strong></span> <span class='ocrx_word' id='word_1_502' title='bbox 1906 4526 2026 4579; x_wconf 77' lang='lat' dir='ltr'><strong>qua:</strong></span> <span class='ocrx_word' id='word_1_503' title='bbox 2053 4514 2327 4580; x_wconf 87' lang='lat' dir='ltr'><strong>operatio-</strong></span> 
     </span>
    </p>
   </div>
   <div class='ocr_carea' id='block_1_67' title="bbox 757 4598 2325 4672">
    <p class='ocr_par' dir='ltr' id='par_1_67' title="bbox 757 4598 2325 4672">
     <span class='ocr_line' id='line_1_68' title="bbox 757 4598 2325 4672; baseline 0 -15"><span class='ocrx_word' id='word_1_504' title='bbox 757 4617 879 4658; x_wconf 88' lang='lat' dir='ltr'><strong>nem</strong></span> <span class='ocrx_word' id='word_1_505' title='bbox 913 4601 1272 4671; x_wconf 86' lang='lat' dir='ltr'><strong>consequitur</strong></span> <span class='ocrx_word' id='word_1_506' title='bbox 1301 4614 1365 4654; x_wconf 89' lang='lat' dir='ltr'><strong>ex</strong></span> <span class='ocrx_word' id='word_1_507' title='bbox 1392 4614 1479 4663; x_wconf 91' lang='lat' dir='ltr'><strong>eo,</strong></span> <span class='ocrx_word' id='word_1_508' title='bbox 1506 4598 1652 4668; x_wconf 91' lang='lat' dir='ltr'><strong>quod</strong></span> <span class='ocrx_word' id='word_1_509' title='bbox 1689 4615 1797 4654; x_wconf 91' lang='lat' dir='ltr'><strong>non</strong></span> <span class='ocrx_word' id='word_1_510' title='bbox 1832 4599 2085 4655; x_wconf 88' lang='lat' dir='ltr'><strong>dubitant</strong></span> <span class='ocrx_word' id='word_1_511' title='bbox 2111 4602 2201 4672; x_wconf 89' lang='lat' dir='ltr'><strong>qui</strong></span> <span class='ocrx_word' id='word_1_512' title='bbox 2232 4619 2325 4658; x_wconf 83' lang='lat' dir='ltr'><strong>ac-</strong></span> 
     </span>
    </p>
   </div>
   <div class='ocr_carea' id='block_1_68' title="bbox 755 4664 2405 4761">
    <p class='ocr_par' dir='ltr' id='par_1_68' title="bbox 755 4664 2405 4761">
     <span class='ocr_line' id='line_1_69' title="bbox 755 4664 2405 4761; baseline 0.001 -15"><span class='ocrx_word' id='word_1_513' title='bbox 755 4690 978 4747; x_wconf 85' lang='lat' dir='ltr'><strong>cedunt.</strong></span> <span class='ocrx_word' id='word_1_514' title='bbox 1003 4664 1365 4756; x_wconf 74' lang='lat' dir='ltr'><strong>Quamobrem</strong></span> <span class='ocrx_word' id='word_1_515' title='bbox 1394 4664 1653 4743; x_wconf 81' lang='lat' dir='ltr'><strong>mittenda</strong></span> <span class='ocrx_word' id='word_1_516' title='bbox 1679 4688 1897 4761; x_wconf 83' lang='lat' dir='ltr'><strong>quidam</strong></span> <span class='ocrx_word' id='word_1_517' title='bbox 1917 4701 1997 4745; x_wconf 88' lang='lat' dir='ltr'><strong>est</strong></span> <span class='ocrx_word' id='word_1_518' title='bbox 2022 4664 2327 4761; x_wconf 77' lang='lat' dir='ltr'><strong>periculosa</strong></span> <span class='ocrx_word' id='word_1_519' title='bbox 2360 4664 2405 4719; x_wconf 67' lang='grc' dir='ltr'><strong>ι)</strong></span> 
     </span>
    </p>
   </div>
   <div class='ocr_carea' id='block_1_69' title="bbox 756 4779 2328 4854">
    <p class='ocr_par' dir='ltr' id='par_1_69' title="bbox 756 4779 2328 4854">
     <span class='ocr_line' id='line_1_70' title="bbox 756 4779 2328 4854; baseline -0.007 -15"><span class='ocrx_word' id='word_1_520' title='bbox 756 4781 1108 4844; x_wconf 80' lang='lat' dir='ltr'><strong>existimatio,</strong></span> <span class='ocrx_word' id='word_1_521' title='bbox 1132 4787 1417 4851; x_wconf 87' lang='lat' dir='ltr'><strong>paternum</strong></span> <span class='ocrx_word' id='word_1_522' title='bbox 1452 4788 1631 4834; x_wconf 87' lang='lat' dir='ltr'><strong>autem</strong></span> <span class='ocrx_word' id='word_1_523' title='bbox 1678 4779 1895 4849; x_wconf 79' lang='lat' dir='ltr'><strong>jitssum</strong></span> <span class='ocrx_word' id='word_1_524' title='bbox 1945 4796 2141 4839; x_wconf 87' lang='lat' dir='ltr'><strong>curare</strong></span> <span class='ocrx_word' id='word_1_525' title='bbox 2166 4798 2328 4854; x_wconf 82' lang='lat' dir='ltr'><strong>opor.</strong></span> 
     </span>
    </p>
   </div>
   <div class='ocr_carea' id='block_1_70' title="bbox 757 4870 2323 4942">
    <p class='ocr_par' dir='ltr' id='par_1_70' title="bbox 757 4870 2323 4942">
     <span class='ocr_line' id='line_1_71' title="bbox 757 4870 2323 4942; baseline 0 -15"><span class='ocrx_word' id='word_1_526' title='bbox 757 4881 855 4937; x_wconf 87' lang='lat' dir='ltr'><strong>tet.</strong></span> <span class='ocrx_word' id='word_1_527' title='bbox 887 4873 935 4928; x_wconf 90' lang='lat' dir='ltr'><strong>el</strong></span> <span class='ocrx_word' id='word_1_528' title='bbox 968 4870 1059 4941; x_wconf 92' lang='lat' dir='ltr'><strong>qui</strong></span> <span class='ocrx_word' id='word_1_529' title='bbox 1088 4884 1214 4926; x_wconf 90' lang='lat' dir='ltr'><strong>ante</strong></span> <span class='ocrx_word' id='word_1_530' title='bbox 1243 4870 1423 4925; x_wconf 90' lang='lat' dir='ltr'><strong>omnia</strong></span> <span class='ocrx_word' id='word_1_531' title='bbox 1453 4870 1699 4923; x_wconf 90' lang='lat' dir='ltr'><strong>omnium</strong></span> <span class='ocrx_word' id='word_1_532' title='bbox 1733 4881 1817 4925; x_wconf 90' lang='lat' dir='ltr'><strong>est</strong></span> <span class='ocrx_word' id='word_1_533' title='bbox 1846 4872 2112 4927; x_wconf 84' lang='lat' dir='ltr'><strong>honorum</strong></span> <span class='ocrx_word' id='word_1_534' title='bbox 2133 4888 2323 4942; x_wconf 89' lang='lat' dir='ltr'><strong>causa,</strong></span> 
     </span>
    </p>
   </div>
   <div class='ocr_carea' id='block_1_71' title="bbox 756 4960 2321 5027">
    <p class='ocr_par' dir='ltr' id='par_1_71' title="bbox 756 4960 2321 5027">
     <span class='ocr_line' id='line_1_72' title="bbox 756 4960 2321 5027; baseline 0 -10"><span class='ocrx_word' id='word_1_535' title='bbox 756 4961 905 5018; x_wconf 82' lang='lat' dir='ltr'><strong>Patri</strong></span> <span class='ocrx_word' id='word_1_536' title='bbox 944 4962 1235 5025; x_wconf 87' lang='lat' dir='ltr'><strong>luminum,</strong></span> <span class='ocrx_word' id='word_1_537' title='bbox 1269 4974 1333 5014; x_wconf 79' lang='lat' dir='ltr'><strong>ea:</strong></span> <span class='ocrx_word' id='word_1_538' title='bbox 1365 4975 1468 5027; x_wconf 84' lang='lat' dir='ltr'><strong>quo</strong></span> <span class='ocrx_word' id='word_1_539' title='bbox 1505 4960 1675 5013; x_wconf 86' lang='lat' dir='ltr'><strong>omnis</strong></span> <span class='ocrx_word' id='word_1_540' title='bbox 1723 4962 1870 5015; x_wconf 78' lang='lat' dir='ltr'><strong>datio</strong></span> <span class='ocrx_word' id='word_1_541' title='bbox 1910 4963 2044 5016; x_wconf 81' lang='lat' dir='ltr'><strong>bona</strong></span> <span class='ocrx_word' id='word_1_542' title='bbox 2091 4964 2321 5018; x_wconf 84' lang='lat' dir='ltr'><strong>homini-</strong></span> 
     </span>
    </p>
   </div>
   <div class='ocr_carea' id='block_1_72' title="bbox 760 5049 2326 5121">
    <p class='ocr_par' dir='ltr' id='par_1_72' title="bbox 760 5049 2326 5121">
     <span class='ocr_line' id='line_1_73' title="bbox 760 5049 2326 5121; baseline 0.001 -14"><span class='ocrx_word' id='word_1_543' title='bbox 760 5054 913 5121; x_wconf 82' lang='lat' dir='ltr'><strong>bus’,</strong></span> <span class='ocrx_word' id='word_1_544' title='bbox 951 5062 1010 5107; x_wconf 89' lang='lat' dir='ltr'><strong>ut</strong></span> <span class='ocrx_word' id='word_1_545' title='bbox 1042 5051 1212 5106; x_wconf 88' lang='lat' dir='ltr'><strong>sacris</strong></span> <span class='ocrx_word' id='word_1_546' title='bbox 1242 5050 1501 5106; x_wconf 86' lang='lat' dir='ltr'><strong>scribitur</strong></span> <span class='ocrx_word' id='word_1_547' title='bbox 1548 5049 1791 5114; x_wconf 83' lang='lat' dir='ltr'><strong>Litteris,</strong></span> <span class='ocrx_word' id='word_1_548' title='bbox 1828 5063 1880 5107; x_wconf 89' lang='lat' dir='ltr'><strong>et</strong></span> <span class='ocrx_word' id='word_1_549' title='bbox 1926 5067 2084 5108; x_wconf 91' lang='lat' dir='ltr'><strong>onme</strong></span> <span class='ocrx_word' id='word_1_550' title='bbox 2122 5055 2326 5111; x_wconf 82' lang='lat' dir='ltr'><strong>donum</strong></span> 
     </span>
    </p>
   </div>
   <div class='ocr_carea' id='block_1_73' title="bbox 759 5142 2254 5215">
    <p class='ocr_par' dir='ltr' id='par_1_73' title="bbox 759 5142 2254 5215">
     <span class='ocr_line' id='line_1_74' title="bbox 759 5142 2254 5215; baseline 0.003 -17"><span class='ocrx_word' id='word_1_551' title='bbox 759 5146 1079 5214; x_wconf 80' lang='lat' dir='ltr'><strong>perfectum,</strong></span> <span class='ocrx_word' id='word_1_552' title='bbox 1110 5150 1344 5198; x_wconf 87' lang='lat' dir='ltr'><strong>mentem</strong></span> <span class='ocrx_word' id='word_1_553' title='bbox 1372 5142 1701 5207; x_wconf 85' lang='lat' dir='ltr'><strong>dedicando,</strong></span> <span class='ocrx_word' id='word_1_554' title='bbox 1737 5152 1791 5198; x_wconf 90' lang='lat' dir='ltr'><strong>et</strong></span> <span class='ocrx_word' id='word_1_555' title='bbox 1817 5146 1897 5199; x_wconf 83' lang='lat' dir='ltr'><strong>sic</strong></span> <span class='ocrx_word' id='word_1_556' title='bbox 1927 5145 2254 5215; x_wconf 87' lang='lat' dir='ltr'><strong>incipiendo.</strong></span> 
     </span>
    </p>
   </div>
   <div class='ocr_carea' id='block_1_74' title="bbox 825 5234 2323 5305">
    <p class='ocr_par' dir='ltr' id='par_1_74' title="bbox 825 5234 2323 5305">
     <span class='ocr_line' id='line_1_75' title="bbox 825 5234 2323 5305; baseline 0.002 -15"><span class='ocrx_word' id='word_1_557' title='bbox 825 5238 880 5290; x_wconf 71' lang='grc'><strong>9.</strong></span> <span class='ocrx_word' id='word_1_558' title='bbox 915 5237 1091 5304; x_wconf 81' lang='lat' dir='ltr'><strong>Atque</strong></span> <span class='ocrx_word' id='word_1_559' title='bbox 1125 5235 1170 5290; x_wconf 91' lang='lat' dir='ltr'><strong>si</strong></span> <span class='ocrx_word' id='word_1_560' title='bbox 1207 5248 1404 5305; x_wconf 88' lang='lat' dir='ltr'><strong>magno</strong></span> <span class='ocrx_word' id='word_1_561' title='bbox 1434 5235 1651 5303; x_wconf 87' lang='lat' dir='ltr'><strong>quidem</strong></span> <span class='ocrx_word' id='word_1_562' title='bbox 1677 5234 2072 5305; x_wconf 83' lang='lat' dir='ltr'><strong>Chrysostomo</strong></span> <span class='ocrx_word' id='word_1_563' title='bbox 2110 5238 2323 5293; x_wconf 85' lang='lat' dir='ltr'><strong>videre-</strong></span> 
     </span>
    </p>
   </div>
   <div class='ocr_carea' id='block_1_75' title="bbox 762 5326 2321 5399">
    <p class='ocr_par' dir='ltr' id='par_1_75' title="bbox 762 5326 2321 5399">
     <span class='ocr_line' id='line_1_76' title="bbox 762 5326 2321 5399; baseline 0.003 -16"><span class='ocrx_word' id='word_1_564' title='bbox 762 5342 850 5383; x_wconf 90' lang='lat' dir='ltr'><strong>tur</strong></span> <span class='ocrx_word' id='word_1_565' title='bbox 904 5328 1096 5385; x_wconf 85' lang='lat' dir='ltr'><strong>deesse</strong></span> <span class='ocrx_word' id='word_1_566' title='bbox 1132 5329 1254 5383; x_wconf 80' lang='lat' dir='ltr'><strong>vita:</strong></span> <span class='ocrx_word' id='word_1_567' title='bbox 1317 5326 1595 5397; x_wconf 86' lang='lat' dir='ltr'><strong>splendor,</strong></span> <span class='ocrx_word' id='word_1_568' title='bbox 1644 5328 1955 5399; x_wconf 79' lang='lat' dir='ltr'><strong>dOgmatum</strong></span> <span class='ocrx_word' id='word_1_569' title='bbox 2016 5332 2321 5387; x_wconf 66' lang='lat' dir='ltr'><strong>caelestium</strong></span> 
     </span>
    </p>
   </div>
   <div class='ocr_carea' id='block_1_76' title="bbox 762 5416 2320 5492">
    <p class='ocr_par' dir='ltr' id='par_1_76' title="bbox 762 5416 2320 5492">
     <span class='ocr_line' id='line_1_77' title="bbox 762 5416 2320 5492; baseline 0.003 -18"><span class='ocrx_word' id='word_1_570' title='bbox 762 5422 989 5486; x_wconf 83' lang='lat' dir='ltr'><strong>tonitru,</strong></span> <span class='ocrx_word' id='word_1_571' title='bbox 1042 5418 1428 5473; x_wconf 90' lang='lat' dir='ltr'><strong>miraculorum</strong></span> <span class='ocrx_word' id='word_1_572' title='bbox 1483 5416 1808 5473; x_wconf 88' lang='lat' dir='ltr'><strong>terribiliqu</strong></span> <span class='ocrx_word' id='word_1_573' title='bbox 1849 5420 2051 5492; x_wconf 82' lang='lat' dir='ltr'><strong>fulgur,</strong></span> <span class='ocrx_word' id='word_1_574' title='bbox 2104 5432 2157 5478; x_wconf 89' lang='lat' dir='ltr'><strong>et</strong></span> <span class='ocrx_word' id='word_1_575' title='bbox 2214 5423 2320 5477; x_wconf 86' lang='lat' dir='ltr'><strong>alia</strong></span> 
     </span>
    </p>
   </div>
   <div class='ocr_carea' id='block_1_77' title="bbox 828 5512 1649 5581">
    <p class='ocr_par' dir='ltr' id='par_1_77' title="bbox 828 5512 1649 5581">
     <span class='ocr_line' id='line_1_78' title="bbox 828 5512 1649 5581; baseline -0.007 -10"><span class='ocrx_word' id='word_1_576' title='bbox 828 5520 845 5550; x_wconf 77' lang='grc'><strong>⁸</strong></span> <span class='ocrx_word' id='word_1_577' title='bbox 878 5515 994 5573; x_wconf 81' lang='lat' dir='ltr'><strong>Jac.</strong></span> <span class='ocrx_word' id='word_1_578' title='bbox 1037 5514 1211 5581; x_wconf 73' lang='lat' dir='ltr'><strong>v.16.</strong></span> <span class='ocrx_word' id='word_1_579' title='bbox 1286 5518 1305 5547; x_wconf 82' lang='grc'>¹</span> <span class='ocrx_word' id='word_1_580' title='bbox 1336 5513 1451 5571; x_wconf 80' lang='lat' dir='ltr'><strong>Jac.</strong></span> <span class='ocrx_word' id='word_1_581' title='bbox 1491 5529 1527 5580; x_wconf 85' lang='lat' dir='ltr'><strong>I,</strong></span> <span class='ocrx_word' id='word_1_582' title='bbox 1567 5512 1649 5567; x_wconf 79' lang='grc' dir='ltr'><strong>Π.</strong></span> 
     </span>
    </p>
   </div>
   <div class='ocr_carea' id='block_1_78' title="bbox 2442 3415 4015 3495">
    <p class='ocr_par' dir='ltr' id='par_1_78' title="bbox 2442 3415 4015 3495">
     <span class='ocr_line' id='line_1_79' title="bbox 2442 3415 4015 3495; baseline 0.008 -29"><span class='ocrx_word' id='word_1_583' title='bbox 2442 3415 2677 3486; x_wconf 84' lang='grc' dir='ltr'>φρικτῆς</span> <span class='ocrx_word' id='word_1_584' title='bbox 2704 3417 2798 3471; x_wconf 73' lang='grc' dir='ltr'>καὶ</span> <span class='ocrx_word' id='word_1_585' title='bbox 2838 3417 3195 3483; x_wconf 79' lang='grc' dir='ltr'>κινδυνώδους</span> <span class='ocrx_word' id='word_1_586' title='bbox 3227 3422 3321 3474; x_wconf 73' lang='grc' dir='ltr'>καὶ</span> <span class='ocrx_word' id='word_1_587' title='bbox 3360 3423 3499 3495; x_wconf 77' lang='grc' dir='ltr'>ὑπὲρ</span> <span class='ocrx_word' id='word_1_588' title='bbox 3532 3423 3782 3495; x_wconf 87' lang='grc' dir='ltr'>δύναμιν.</span> <span class='ocrx_word' id='word_1_589' title='bbox 3819 3426 3885 3479; x_wconf 85' lang='grc' dir='ltr'>Τί</span> <span class='ocrx_word' id='word_1_590' title='bbox 3921 3427 4015 3491; x_wconf 77' lang='grc' dir='ltr'><strong>δές</strong></span> 
     </span>
    </p>
   </div>
   <div class='ocr_carea' id='block_1_79' title="bbox 2440 3505 4018 3586">
    <p class='ocr_par' dir='ltr' id='par_1_79' title="bbox 2440 3505 4018 3586">
     <span class='ocr_line' id='line_1_80' title="bbox 2440 3505 4018 3586; baseline 0.008 -28"><span class='ocrx_word' id='word_1_591' title='bbox 2440 3506 2521 3559; x_wconf 84' lang='grc' dir='ltr'><strong>δτι</strong></span> <span class='ocrx_word' id='word_1_592' title='bbox 2551 3505 2833 3573; x_wconf 59' lang='grc' dir='ltr'>κινδύνων,</span> <span class='ocrx_word' id='word_1_593' title='bbox 2867 3508 2927 3561; x_wconf 90' lang='grc' dir='ltr'><strong>οὑ</strong></span> <span class='ocrx_word' id='word_1_594' title='bbox 2967 3508 3067 3577; x_wconf 75' lang='grc' dir='ltr'>μὲν</span> <span class='ocrx_word' id='word_1_595' title='bbox 3096 3510 3189 3563; x_wconf 84' lang='grc' dir='ltr'><strong>οῦν</strong></span> <span class='ocrx_word' id='word_1_596' title='bbox 3223 3511 3330 3564; x_wconf 73' lang='grc' dir='ltr'>οὐδ’</span> <span class='ocrx_word' id='word_1_597' title='bbox 3368 3514 3544 3565; x_wconf 87' lang='grc' dir='ltr'>ειπεῖν</span> <span class='ocrx_word' id='word_1_598' title='bbox 3574 3514 3713 3568; x_wconf 82' lang='grc' dir='ltr'>ὅσων</span> <span class='ocrx_word' id='word_1_599' title='bbox 3745 3518 4018 3586; x_wconf 84' lang='grc' dir='ltr'>παραίτια</span> 
     </span>
    </p>
   </div>
   <div class='ocr_carea' id='block_1_80' title="bbox 2440 3597 4019 3677">
    <p class='ocr_par' dir='ltr' id='par_1_80' title="bbox 2440 3597 4019 3677">
     <span class='ocr_line' id='line_1_81' title="bbox 2440 3597 4019 3677; baseline 0.008 -28"><span class='ocrx_word' id='word_1_600' title='bbox 2440 3598 2506 3650; x_wconf 74' lang='grc' dir='ltr'><strong>τὰ</strong></span> <span class='ocrx_word' id='word_1_601' title='bbox 2541 3597 2641 3667; x_wconf 85' lang='grc' dir='ltr'><strong>τῆς</strong></span> <span class='ocrx_word' id='word_1_602' title='bbox 2673 3599 2920 3669; x_wconf 76' lang='grc' dir='ltr'>ὑπακοῆς</span> <span class='ocrx_word' id='word_1_603' title='bbox 2962 3602 3176 3670; x_wconf 74' lang='grc' dir='ltr'>ὁρᾶται,</span> <span class='ocrx_word' id='word_1_604' title='bbox 3226 3604 3621 3676; x_wconf 74' lang='grc' dir='ltr'>σιωπητέον;ῆ</span> <span class='ocrx_word' id='word_1_605' title='bbox 3668 3607 4019 3677; x_wconf 76' lang='grc' dir='ltr'>τολμήσαντα</span> 
     </span>
    </p>
   </div>
   <div class='ocr_carea' id='block_1_81' title="bbox 2438 3690 4017 3770">
    <p class='ocr_par' dir='ltr' id='par_1_81' title="bbox 2438 3690 4017 3770">
     <span class='ocr_line' id='line_1_82' title="bbox 2438 3690 4017 3770; baseline 0.009 -30"><span class='ocrx_word' id='word_1_606' title='bbox 2438 3705 2490 3741; x_wconf 84' lang='grc' dir='ltr'>τι</span> <span class='ocrx_word' id='word_1_607' title='bbox 2530 3690 2797 3754; x_wconf 81' lang='grc' dir='ltr'>νεανικὸν,</span> <span class='ocrx_word' id='word_1_608' title='bbox 2846 3692 2937 3745; x_wconf 77' lang='grc' dir='ltr'>τὸν</span> <span class='ocrx_word' id='word_1_609' title='bbox 2982 3691 3141 3759; x_wconf 89' lang='grc' dir='ltr'>λόγον</span> <span class='ocrx_word' id='word_1_610' title='bbox 3194 3694 3257 3746; x_wconf 70' lang='grc' dir='ltr'>ἐκ</span> <span class='ocrx_word' id='word_1_611' title='bbox 3301 3694 3605 3765; x_wconf 80' lang='grc' dir='ltr'>προοιμίων</span> <span class='ocrx_word' id='word_1_612' title='bbox 3645 3696 3719 3767; x_wconf 82' lang='grc' dir='ltr'><strong>τῷ</strong></span> <span class='ocrx_word' id='word_1_613' title='bbox 3761 3696 4017 3770; x_wconf 81' lang='grc' dir='ltr'>διαπύρῳ</span> 
     </span>
    </p>
   </div>
   <div class='ocr_carea' id='block_1_82' title="bbox 2436 3780 4019 3859">
    <p class='ocr_par' dir='ltr' id='par_1_82' title="bbox 2436 3780 4019 3859">
     <span class='ocr_line' id='line_1_83' title="bbox 2436 3780 4019 3859; baseline 0.006 -26"><span class='ocrx_word' id='word_1_614' title='bbox 2436 3780 2538 3849; x_wconf 89' lang='grc' dir='ltr'><strong>τῆς</strong></span> <span class='ocrx_word' id='word_1_615' title='bbox 2576 3784 2834 3847; x_wconf 74' lang='grc' dir='ltr'>πίστεως,</span> <span class='ocrx_word' id='word_1_616' title='bbox 2865 3782 2897 3852; x_wconf 73' lang='grc' dir='ltr'>ἢ</span> <span class='ocrx_word' id='word_1_617' title='bbox 2929 3783 3008 3853; x_wconf 82' lang='grc' dir='ltr'>τῷ</span> <span class='ocrx_word' id='word_1_618' title='bbox 3046 3800 3109 3851; x_wconf 91' lang='grc' dir='ltr'><strong>γε</strong></span> <span class='ocrx_word' id='word_1_619' title='bbox 3150 3783 3373 3855; x_wconf 81' lang='grc' dir='ltr'>χρηστῷ</span> <span class='ocrx_word' id='word_1_620' title='bbox 3422 3784 3531 3839; x_wconf 85' lang='grc' dir='ltr'><strong>τῶν</strong></span> <span class='ocrx_word' id='word_1_621' title='bbox 3564 3788 3775 3841; x_wconf 63' lang='grc' dir='ltr'>ἑκείνου</span> <span class='ocrx_word' id='word_1_622' title='bbox 3808 3789 4019 3859; x_wconf 74' lang='grc' dir='ltr'>σπλάγο</span> 
     </span>
    </p>
   </div>
   <div class='ocr_carea' id='block_1_83' title="bbox 2439 3873 4013 3971">
    <p class='ocr_par' dir='ltr' id='par_1_83' title="bbox 2439 3873 4013 3971">
     <span class='ocr_line' id='line_1_84' title="bbox 2439 3873 4013 3971; baseline 0.008 -50"><span class='ocrx_word' id='word_1_623' title='bbox 2439 3890 2577 3941; x_wconf 86' lang='grc' dir='ltr'>χνων</span> <span class='ocrx_word' id='word_1_624' title='bbox 2608 3873 2797 3926; x_wconf 66' lang='grc' dir='ltr'>ἑαυτὸν</span> <span class='ocrx_word' id='word_1_625' title='bbox 2845 3875 3135 3943; x_wconf 70' lang='grc' dir='ltr'>ἐπαφεῖναι</span> <span class='ocrx_word' id='word_1_626' title='bbox 3164 3874 3241 3944; x_wconf 85' lang='grc' dir='ltr'>τῷ</span> <span class='ocrx_word' id='word_1_627' title='bbox 3280 3875 3506 3945; x_wconf 81' lang='grc' dir='ltr'>πελάγει</span> <span class='ocrx_word' id='word_1_628' title='bbox 3526 3876 3646 3971; x_wconf 44' lang='grc' dir='ltr'>ἑτῶν</span> <span class='ocrx_word' id='word_1_629' title='bbox 3677 3878 4013 3949; x_wconf 71' lang='grc' dir='ltr'>ἑγκωμίωνς</span> 
     </span>
    </p>
   </div>
   <div class='ocr_carea' id='block_1_84' title="bbox 2440 3964 4018 4041">
    <p class='ocr_par' dir='ltr' id='par_1_84' title="bbox 2440 3964 4018 4041">
     <span class='ocr_line' id='line_1_85' title="bbox 2440 3964 4018 4041; baseline 0.005 -25"><span class='ocrx_word' id='word_1_630' title='bbox 2440 3965 2531 4017; x_wconf 79' lang='grc' dir='ltr'>καὶ</span> <span class='ocrx_word' id='word_1_631' title='bbox 2554 3964 2637 4028; x_wconf 89' lang='grc' dir='ltr'><strong>τίς</strong></span> <span class='ocrx_word' id='word_1_632' title='bbox 2669 3965 2881 4033; x_wconf 82' lang='grc' dir='ltr'>ἀγνοῶν</span> <span class='ocrx_word' id='word_1_633' title='bbox 2916 3966 3008 4018; x_wconf 70' lang='grc' dir='ltr'><strong>ἐπὶ</strong></span> <span class='ocrx_word' id='word_1_634' title='bbox 3055 3965 3311 4019; x_wconf 83' lang='grc' dir='ltr'>τοσοῦτον</span> <span class='ocrx_word' id='word_1_635' title='bbox 3351 3964 3546 4039; x_wconf 72' lang='grc' dir='ltr'>ὁρᾶται</span> <span class='ocrx_word' id='word_1_636' title='bbox 3580 3968 3671 4021; x_wconf 76' lang='grc' dir='ltr'>τὸν</span> <span class='ocrx_word' id='word_1_637' title='bbox 3709 3969 3900 4040; x_wconf 74' lang='grc' dir='ltr'>ἄνδρα,</span> <span class='ocrx_word' id='word_1_638' title='bbox 3940 3971 4018 4041; x_wconf 76' lang='grc' dir='ltr'>μὴ</span> 
     </span>
    </p>
   </div>
   <div class='ocr_carea' id='block_1_85' title="bbox 2436 4056 4016 4131">
    <p class='ocr_par' dir='ltr' id='par_1_85' title="bbox 2436 4056 4016 4131">
     <span class='ocr_line' id='line_1_86' title="bbox 2436 4056 4016 4131; baseline 0.004 -22"><span class='ocrx_word' id='word_1_639' title='bbox 2436 4056 2519 4109; x_wconf 85' lang='grc' dir='ltr'><strong>δτι</strong></span> <span class='ocrx_word' id='word_1_640' title='bbox 2550 4056 2767 4125; x_wconf 73' lang='grc' dir='ltr'>κωφὸν,</span> <span class='ocrx_word' id='word_1_641' title='bbox 2803 4056 2837 4127; x_wconf 75' lang='grc' dir='ltr'>ἢ</span> <span class='ocrx_word' id='word_1_642' title='bbox 2888 4056 3171 4125; x_wconf 77' lang='grc' dir='ltr'>δύσκωφον</span> <span class='ocrx_word' id='word_1_643' title='bbox 3217 4056 3538 4113; x_wconf 78' lang='grc' dir='ltr'>λαλίστατον</span> <span class='ocrx_word' id='word_1_644' title='bbox 3580 4060 4016 4131; x_wconf 77' lang='grc' dir='ltr'>ἀπεργάζεσθαι,</span> 
     </span>
    </p>
   </div>
   <div class='ocr_carea' id='block_1_86' title="bbox 2437 4146 4017 4220">
    <p class='ocr_par' dir='ltr' id='par_1_86' title="bbox 2437 4146 4017 4220">
     <span class='ocr_line' id='line_1_87' title="bbox 2437 4146 4017 4220; baseline 0.003 -19"><span class='ocrx_word' id='word_1_645' title='bbox 2437 4146 2574 4201; x_wconf 69' lang='grc' dir='ltr'>ἀλλὰ</span> <span class='ocrx_word' id='word_1_646' title='bbox 2618 4148 2711 4201; x_wconf 75' lang='grc' dir='ltr'>καὶ</span> <span class='ocrx_word' id='word_1_647' title='bbox 2751 4147 2919 4211; x_wconf 80' lang='grc' dir='ltr'>λίθοις</span> <span class='ocrx_word' id='word_1_648' title='bbox 2958 4149 3248 4217; x_wconf 73' lang='grc' dir='ltr'>ιπαφεῖναι</span> <span class='ocrx_word' id='word_1_649' title='bbox 3280 4148 3547 4220; x_wconf 74' lang='grc' dir='ltr'>κραυγὴν“</span> <span class='ocrx_word' id='word_1_650' title='bbox 3564 4151 3879 4206; x_wconf 87' lang='grc' dir='ltr'>πιστεύεται</span> <span class='ocrx_word' id='word_1_651' title='bbox 3916 4152 4017 4205; x_wconf 79' lang='grc' dir='ltr'>δυ-</span> 
     </span>
    </p>
   </div>
   <div class='ocr_carea' id='block_1_87' title="bbox 2437 4237 4019 4309">
    <p class='ocr_par' dir='ltr' id='par_1_87' title="bbox 2437 4237 4019 4309">
     <span class='ocr_line' id='line_1_88' title="bbox 2437 4237 4019 4309; baseline 0.002 -18"><span class='ocrx_word' id='word_1_652' title='bbox 2437 4238 2595 4300; x_wconf 78' lang='grc' dir='ltr'>νατὸς</span> <span class='ocrx_word' id='word_1_653' title='bbox 2627 4238 2735 4303; x_wconf 69' lang='lat' dir='ltr'><strong>(Iw;</strong></span> <span class='ocrx_word' id='word_1_654' title='bbox 2771 4237 2975 4291; x_wconf 88' lang='grc' dir='ltr'>τούτων</span> <span class='ocrx_word' id='word_1_655' title='bbox 3006 4239 3115 4309; x_wconf 79' lang='grc' dir='ltr'><strong>γὰρ</strong></span> <span class='ocrx_word' id='word_1_656' title='bbox 3153 4239 3337 4302; x_wconf 78' lang='grc' dir='ltr'>πίστις</span> <span class='ocrx_word' id='word_1_657' title='bbox 3361 4240 3457 4292; x_wconf 78' lang='grc' dir='ltr'>καὶ</span> <span class='ocrx_word' id='word_1_658' title='bbox 3491 4239 3660 4293; x_wconf 84' lang='grc' dir='ltr'>πόθου</span> <span class='ocrx_word' id='word_1_659' title='bbox 3690 4240 3886 4309; x_wconf 83' lang='grc' dir='ltr'>φλόγες</span> <span class='ocrx_word' id='word_1_660' title='bbox 3928 4241 4019 4294; x_wconf 69' lang='grc' dir='ltr'><strong>ιλ-</strong></span> 
     </span>
    </p>
   </div>
   <div class='ocr_carea' id='block_1_88' title="bbox 2436 4327 4019 4400">
    <p class='ocr_par' dir='ltr' id='par_1_88' title="bbox 2436 4327 4019 4400">
     <span class='ocr_line' id='line_1_89' title="bbox 2436 4327 4019 4400; baseline 0.003 -19"><span class='ocrx_word' id='word_1_661' title='bbox 2436 4329 2589 4381; x_wconf 85' lang='grc' dir='ltr'>πίσιν</span> <span class='ocrx_word' id='word_1_662' title='bbox 2618 4328 2906 4399; x_wconf 77' lang='grc' dir='ltr'>αἰρόμεναι</span> <span class='ocrx_word' id='word_1_663' title='bbox 2934 4328 3184 4399; x_wconf 80' lang='grc' dir='ltr'>πρόξενοι</span> <span class='ocrx_word' id='word_1_664' title='bbox 3206 4343 3219 4359; x_wconf 74' lang='grc' dir='ltr'><strong>ο</strong></span> <span class='ocrx_word' id='word_1_665' title='bbox 3255 4327 3397 4382; x_wconf 78' lang='grc' dir='ltr'>καθὰ</span> <span class='ocrx_word' id='word_1_666' title='bbox 3420 4328 3485 4399; x_wconf 80' lang='grc' dir='ltr'>δὴ</span> <span class='ocrx_word' id='word_1_667' title='bbox 3508 4329 3601 4382; x_wconf 75' lang='grc' dir='ltr'>καὶ</span> <span class='ocrx_word' id='word_1_668' title='bbox 3619 4332 3647 4383; x_wconf 82' lang='grc' dir='ltr'>ὀ</span> <span class='ocrx_word' id='word_1_669' title='bbox 3675 4330 3848 4400; x_wconf 67' lang='grc' dir='ltr'>μιγας</span> <span class='ocrx_word' id='word_1_670' title='bbox 3875 4332 4019 4385; x_wconf 78' lang='grc' dir='ltr'>ἁπό-</span> 
     </span>
    </p>
   </div>
   <div class='ocr_carea' id='block_1_89' title="bbox 2437 4418 4016 4493">
    <p class='ocr_par' dir='ltr' id='par_1_89' title="bbox 2437 4418 4016 4493">
     <span class='ocr_line' id='line_1_90' title="bbox 2437 4418 4016 4493; baseline 0.004 -22"><span class='ocrx_word' id='word_1_671' title='bbox 2437 4419 2622 4482; x_wconf 89' lang='grc' dir='ltr'>στολος</span> <span class='ocrx_word' id='word_1_672' title='bbox 2645 4419 2891 4489; x_wconf 79' lang='grc' dir='ltr'>γράφων,</span> <span class='ocrx_word' id='word_1_673' title='bbox 2919 4419 3085 4473; x_wconf 76' lang='grc' dir='ltr'>Πολὺ</span> <span class='ocrx_word' id='word_1_674' title='bbox 3113 4420 3311 4487; x_wconf 70' lang='grc' dir='ltr'>ἰσχύει</span> <span class='ocrx_word' id='word_1_675' title='bbox 3340 4418 3551 4488; x_wconf 79' lang='grc' dir='ltr'>δέησις</span> <span class='ocrx_word' id='word_1_676' title='bbox 3580 4421 3817 4475; x_wconf 77' lang='grc' dir='ltr'>δικαίου</span> <span class='ocrx_word' id='word_1_677' title='bbox 3845 4422 4016 4493; x_wconf 66' lang='grc' dir='ltr'>ἔνερ-</span> 
     </span>
    </p>
   </div>
   <div class='ocr_carea' id='block_1_90' title="bbox 2437 4509 4017 4582">
    <p class='ocr_par' dir='ltr' id='par_1_90' title="bbox 2437 4509 4017 4582">
     <span class='ocr_line' id='line_1_91' title="bbox 2437 4509 4017 4582; baseline 0.001 -19"><span class='ocrx_word' id='word_1_678' title='bbox 2437 4510 2726 4579; x_wconf 63' lang='grc' dir='ltr'>γουμέδνη,</span> <span class='ocrx_word' id='word_1_679' title='bbox 2768 4510 3079 4581; x_wconf 73' lang='grc' dir='ltr'>παρεγγυᾷ,</span> <span class='ocrx_word' id='word_1_680' title='bbox 3126 4512 3409 4572; x_wconf 85' lang='grc' dir='ltr'>τουτέστι,</span> <span class='ocrx_word' id='word_1_681' title='bbox 3452 4509 3533 4580; x_wconf 83' lang='grc' dir='ltr'>τῷ</span> <span class='ocrx_word' id='word_1_682' title='bbox 3578 4511 3854 4582; x_wconf 76' lang='grc' dir='ltr'>ἀδικάστῳ</span> <span class='ocrx_word' id='word_1_683' title='bbox 3901 4514 4017 4567; x_wconf 78' lang='grc' dir='ltr'><strong>τῶν</strong></span> 
     </span>
    </p>
   </div>
   <div class='ocr_carea' id='block_1_91' title="bbox 2437 4597 4016 4671">
    <p class='ocr_par' dir='ltr' id='par_1_91' title="bbox 2437 4597 4016 4671">
     <span class='ocr_line' id='line_1_92' title="bbox 2437 4597 4016 4671; baseline 0.001 -18"><span class='ocrx_word' id='word_1_684' title='bbox 2437 4601 2769 4671; x_wconf 82' lang='grc' dir='ltr'>προσιόντων</span> <span class='ocrx_word' id='word_1_685' title='bbox 2796 4599 2893 4670; x_wconf 77' lang='grc' dir='ltr'>τὴν</span> <span class='ocrx_word' id='word_1_686' title='bbox 2914 4600 2999 4652; x_wconf 67' lang='lat' dir='ltr'><strong>lvi</strong></span> <span class='ocrx_word' id='word_1_687' title='bbox 3011 4616 3193 4668; x_wconf 87' lang='grc' dir='ltr'>ργειαν</span> <span class='ocrx_word' id='word_1_688' title='bbox 3222 4597 3704 4670; x_wconf 66' lang='grc' dir='ltr'>ἁποκληρουμίνη.</span> <span class='ocrx_word' id='word_1_689' title='bbox 3725 4600 3819 4653; x_wconf 72' lang='grc' dir='ltr'><strong>Διὸ</strong></span> <span class='ocrx_word' id='word_1_690' title='bbox 3846 4600 3913 4667; x_wconf 73' lang='grc' dir='ltr'>δὴ</span> <span class='ocrx_word' id='word_1_691' title='bbox 3945 4605 4016 4655; x_wconf 67' lang='grc' dir='ltr'><strong>τὰ</strong></span> 
     </span>
    </p>
   </div>
   <div class='ocr_carea' id='block_1_92' title="bbox 2435 4688 4016 4773">
    <p class='ocr_par' dir='ltr' id='par_1_92' title="bbox 2435 4688 4016 4773">
     <span class='ocr_line' id='line_1_93' title="bbox 2435 4688 4016 4773; baseline 0.001 -30"><span class='ocrx_word' id='word_1_692' title='bbox 2435 4692 2534 4762; x_wconf 86' lang='grc' dir='ltr'><strong>τῆς</strong></span> <span class='ocrx_word' id='word_1_693' title='bbox 2560 4690 2917 4773; x_wconf 71' lang='grc' dir='ltr'>κινδυνώδρυς</span> <span class='ocrx_word' id='word_1_694' title='bbox 2946 4689 3045 4759; x_wconf 68' lang='grc' dir='ltr'>μὶν</span> <span class='ocrx_word' id='word_1_695' title='bbox 3071 4688 3394 4773; x_wconf 73' lang='grc' dir='ltr'>ὑπολήψεως</span> <span class='ocrx_word' id='word_1_696' title='bbox 3424 4689 3646 4755; x_wconf 66' lang='grc' dir='ltr'>ἐατέον,</span> <span class='ocrx_word' id='word_1_697' title='bbox 3686 4690 3787 4759; x_wconf 87' lang='grc' dir='ltr'><strong>τῆς</strong></span> <span class='ocrx_word' id='word_1_698' title='bbox 3816 4690 3870 4743; x_wconf 70' lang='grc' dir='ltr'><strong>δι</strong></span> <span class='ocrx_word' id='word_1_699' title='bbox 3907 4708 4016 4745; x_wconf 78' lang='grc' dir='ltr'>πα-</span> 
     </span>
    </p>
   </div>
   <div class='ocr_carea' id='block_1_93' title="bbox 2434 4768 4015 4852">
    <p class='ocr_par' dir='ltr' id='par_1_93' title="bbox 2434 4768 4015 4852">
     <span class='ocr_line' id='line_1_94' title="bbox 2434 4768 4015 4852; baseline -0.001 -17"><span class='ocrx_word' id='word_1_700' title='bbox 2434 4781 2613 4852; x_wconf 80' lang='grc' dir='ltr'>τρῴας</span> <span class='ocrx_word' id='word_1_701' title='bbox 2642 4768 2947 4843; x_wconf 79' lang='grc' dir='ltr'>κελεύσεως</span> <span class='ocrx_word' id='word_1_702' title='bbox 2970 4768 3341 4850; x_wconf 66' lang='grc' dir='ltr'>φροντιστέον,</span> <span class='ocrx_word' id='word_1_703' title='bbox 3371 4778 3518 4848; x_wconf 84' lang='grc' dir='ltr'><strong>αὑτῷ</strong></span> <span class='ocrx_word' id='word_1_704' title='bbox 3555 4779 3663 4850; x_wconf 78' lang='grc' dir='ltr'>πρὸ</span> <span class='ocrx_word' id='word_1_705' title='bbox 3689 4780 3908 4833; x_wconf 79' lang='grc' dir='ltr'>πάντων</span> <span class='ocrx_word' id='word_1_706' title='bbox 3932 4781 4015 4851; x_wconf 81' lang='grc' dir='ltr'><strong>τῷ</strong></span> 
     </span>
    </p>
   </div>
   <div class='ocr_carea' id='block_1_94' title="bbox 2436 4868 4014 4942">
    <p class='ocr_par' dir='ltr' id='par_1_94' title="bbox 2436 4868 4014 4942">
     <span class='ocr_line' id='line_1_95' title="bbox 2436 4868 4014 4942; baseline 0.001 -17"><span class='ocrx_word' id='word_1_707' title='bbox 2436 4875 2654 4927; x_wconf 80' lang='grc' dir='ltr'>πάντων</span> <span class='ocrx_word' id='word_1_708' title='bbox 2681 4872 2839 4942; x_wconf 75' lang='grc' dir='ltr'>αἰτίῳ</span> <span class='ocrx_word' id='word_1_709' title='bbox 2871 4870 2981 4925; x_wconf 84' lang='grc' dir='ltr'><strong>τῶν</strong></span> <span class='ocrx_word' id='word_1_710' title='bbox 3019 4869 3199 4925; x_wconf 83' lang='grc' dir='ltr'>καλῶν</span> <span class='ocrx_word' id='word_1_711' title='bbox 3224 4868 3302 4937; x_wconf 79' lang='grc' dir='ltr'>τῷ</span> <span class='ocrx_word' id='word_1_712' title='bbox 3336 4869 3509 4938; x_wconf 72' lang='grc' dir='ltr'>Πατρὶ</span> <span class='ocrx_word' id='word_1_713' title='bbox 3542 4868 3652 4922; x_wconf 82' lang='grc' dir='ltr'><strong>τῶν</strong></span> <span class='ocrx_word' id='word_1_714' title='bbox 3683 4870 3903 4940; x_wconf 71' lang='grc' dir='ltr'>φώτων,</span> <span class='ocrx_word' id='word_1_715' title='bbox 3938 4872 4014 4936; x_wconf 64' lang='grc' dir='ltr'><strong><em>ἐξ</em></strong></span> 
     </span>
    </p>
   </div>
   <div class='ocr_carea' id='block_1_95' title="bbox 2434 4958 4012 5033">
    <p class='ocr_par' dir='ltr' id='par_1_95' title="bbox 2434 4958 4012 5033">
     <span class='ocr_line' id='line_1_96' title="bbox 2434 4958 4012 5033; baseline -0.008 -18"><span class='ocrx_word' id='word_1_716' title='bbox 2434 4958 2505 5018; x_wconf 84' lang='grc' dir='ltr'>οὗ</span> <span class='ocrx_word' id='word_1_717' title='bbox 2547 4960 2715 5015; x_wconf 81' lang='grc' dir='ltr'>πᾶσα</span> <span class='ocrx_word' id='word_1_718' title='bbox 2749 4960 2921 5027; x_wconf 77' lang='grc' dir='ltr'>δόσις</span> <span class='ocrx_word' id='word_1_719' title='bbox 2976 4958 3305 5028; x_wconf 80' lang='grc' dir='ltr'>ἀνθρώποις</span> <span class='ocrx_word' id='word_1_720' title='bbox 3350 4958 3567 5026; x_wconf 76' lang='grc' dir='ltr'>ἀγαθὴ,</span> <span class='ocrx_word' id='word_1_721' title='bbox 3603 4959 3663 5013; x_wconf 77' lang='grc' dir='ltr'>τὸ</span> <span class='ocrx_word' id='word_1_722' title='bbox 3702 4960 4012 5033; x_wconf 63' lang='grc' dir='ltr'>ῖερολοτος.</span> 
     </span>
    </p>
   </div>
   <div class='ocr_carea' id='block_1_96' title="bbox 2441 5049 4011 5122">
    <p class='ocr_par' dir='ltr' id='par_1_96' title="bbox 2441 5049 4011 5122">
     <span class='ocr_line' id='line_1_97' title="bbox 2441 5049 4011 5122; baseline -0.001 -16"><span class='ocrx_word' id='word_1_723' title='bbox 2441 5069 2619 5122; x_wconf 83' lang='grc' dir='ltr'>μενον,</span> <span class='ocrx_word' id='word_1_724' title='bbox 2661 5054 2755 5106; x_wconf 84' lang='grc' dir='ltr'>καὶ</span> <span class='ocrx_word' id='word_1_725' title='bbox 2804 5053 2910 5104; x_wconf 73' lang='grc' dir='ltr'><strong>πᾶν</strong></span> <span class='ocrx_word' id='word_1_726' title='bbox 2944 5049 3178 5121; x_wconf 83' lang='grc' dir='ltr'>δώρημα</span> <span class='ocrx_word' id='word_1_727' title='bbox 3210 5050 3437 5112; x_wconf 71' lang='grc' dir='ltr'>τέλειον,</span> <span class='ocrx_word' id='word_1_728' title='bbox 3469 5049 3560 5103; x_wconf 75' lang='grc' dir='ltr'>τὸν</span> <span class='ocrx_word' id='word_1_729' title='bbox 3602 5050 3728 5104; x_wconf 90' lang='grc' dir='ltr'>νοῦν</span> <span class='ocrx_word' id='word_1_730' title='bbox 3760 5050 4011 5118; x_wconf 68' lang='grc' dir='ltr'>ἀναθεὶς,</span> 
     </span>
    </p>
   </div>
   <div class='ocr_carea' id='block_1_97' title="bbox 2438 5144 3091 5214">
    <p class='ocr_par' dir='ltr' id='par_1_97' title="bbox 2438 5144 3091 5214">
     <span class='ocr_line' id='line_1_98' title="bbox 2438 5144 3091 5214; baseline 0 -16"><span class='ocrx_word' id='word_1_731' title='bbox 2438 5147 2530 5199; x_wconf 74' lang='grc' dir='ltr'>καὶ</span> <span class='ocrx_word' id='word_1_732' title='bbox 2568 5144 2628 5197; x_wconf 79' lang='grc' dir='ltr'><strong>οῦ</strong></span> <span class='ocrx_word' id='word_1_733' title='bbox 2638 5161 2739 5207; x_wconf 85' lang='grc' dir='ltr'><strong>τως</strong></span> <span class='ocrx_word' id='word_1_734' title='bbox 2770 5146 3091 5214; x_wconf 75' lang='grc' dir='ltr'>ἀρχόμενος.</span> 
     </span>
    </p>
   </div>
   <div class='ocr_carea' id='block_1_98' title="bbox 2507 5233 4014 5307">
    <p class='ocr_par' dir='ltr' id='par_1_98' title="bbox 2507 5233 4014 5307">
     <span class='ocr_line' id='line_1_99' title="bbox 2507 5233 4014 5307; baseline -0.001 -17"><span class='ocrx_word' id='word_1_735' title='bbox 2507 5237 2575 5306; x_wconf 82' lang='grc' dir='ltr'><strong>β’.</strong></span> <span class='ocrx_word' id='word_1_736' title='bbox 2609 5237 2670 5290; x_wconf 81' lang='lat' dir='ltr'><strong>Ei</strong></span> <span class='ocrx_word' id='word_1_737' title='bbox 2707 5237 2805 5307; x_wconf 71' lang='grc' dir='ltr'>μὲν</span> <span class='ocrx_word' id='word_1_738' title='bbox 2826 5233 2917 5289; x_wconf 78' lang='grc' dir='ltr'><strong>οῦν</strong></span> <span class='ocrx_word' id='word_1_739' title='bbox 2952 5238 2980 5289; x_wconf 87' lang='grc' dir='ltr'>ὁ</span> <span class='ocrx_word' id='word_1_740' title='bbox 3014 5236 3186 5307; x_wconf 80' lang='grc' dir='ltr'>μέγας</span> <span class='ocrx_word' id='word_1_741' title='bbox 3223 5234 3417 5299; x_wconf 66' lang='grc' dir='ltr'>ἐνδεῶς</span> <span class='ocrx_word' id='word_1_742' title='bbox 3448 5234 3589 5305; x_wconf 74' lang='grc' dir='ltr'>ιχων</span> <span class='ocrx_word' id='word_1_743' title='bbox 3620 5235 3829 5303; x_wconf 70' lang='grc' dir='ltr'>ἑωρᾶτο</span> <span class='ocrx_word' id='word_1_744' title='bbox 3858 5236 4014 5305; x_wconf 80' lang='grc' dir='ltr'>Χρυ-</span> 
     </span>
    </p>
   </div>
   <div class='ocr_carea' id='block_1_99' title="bbox 2436 5325 4014 5399">
    <p class='ocr_par' dir='ltr' id='par_1_99' title="bbox 2436 5325 4014 5399">
     <span class='ocr_line' id='line_1_100' title="bbox 2436 5325 4014 5399; baseline -0.001 -18"><span class='ocrx_word' id='word_1_745' title='bbox 2436 5329 2697 5399; x_wconf 82' lang='grc' dir='ltr'>σόστομος</span> <span class='ocrx_word' id='word_1_746' title='bbox 2748 5327 2866 5399; x_wconf 80' lang='grc' dir='ltr'>βίον</span> <span class='ocrx_word' id='word_1_747' title='bbox 2919 5328 3344 5399; x_wconf 80' lang='grc' dir='ltr'>λαμπρότητος,</span> <span class='ocrx_word' id='word_1_748' title='bbox 3398 5325 3687 5397; x_wconf 79' lang='grc' dir='ltr'>δογμάτων</span> <span class='ocrx_word' id='word_1_749' title='bbox 3739 5328 4014 5396; x_wconf 75' lang='grc' dir='ltr'>οὐρανίων</span> 
     </span>
    </p>
   </div>
   <div class='ocr_carea' id='block_1_100' title="bbox 2433 5421 4014 5495">
    <p class='ocr_par' dir='ltr' id='par_1_100' title="bbox 2433 5421 4014 5495">
     <span class='ocr_line' id='line_1_101' title="bbox 2433 5421 4014 5495; baseline 0.001 -20"><span class='ocrx_word' id='word_1_750' title='bbox 2433 5423 2681 5494; x_wconf 86' lang='grc' dir='ltr'>βροντῆς,</span> <span class='ocrx_word' id='word_1_751' title='bbox 2707 5422 3001 5495; x_wconf 79' lang='grc' dir='ltr'>οαυμάτων</span> <span class='ocrx_word' id='word_1_752' title='bbox 3047 5422 3335 5495; x_wconf 79' lang='grc' dir='ltr'>ἀστραπῆς</span> <span class='ocrx_word' id='word_1_753' title='bbox 3370 5421 3639 5491; x_wconf 77' lang='grc' dir='ltr'>φοϐερῶν,</span> <span class='ocrx_word' id='word_1_754' title='bbox 3681 5422 3791 5474; x_wconf 88' lang='grc' dir='ltr'><strong>τῶν</strong></span> <span class='ocrx_word' id='word_1_755' title='bbox 3832 5422 4014 5477; x_wconf 70' lang='grc' dir='ltr'>ἄλλων</span> 
     </span>
    </p>
   </div>
   <div class='ocr_carea' id='block_1_101' title="bbox 2294 5602 2524 5662">
    <p class='ocr_par' dir='ltr' id='par_1_101' title="bbox 2294 5602 2524 5662">
     <span class='ocr_line' id='line_1_102' title="bbox 2294 5602 2524 5662; baseline 0.004 -3"><span class='ocrx_word' id='word_1_756' title='bbox 2294 5602 2524 5662; x_wconf 64' lang='grc' dir='ltr'><strong>ΝΟΤΕ.</strong></span> 
     </span>
    </p>
   </div>
   <div class='ocr_carea' id='block_1_102' title="bbox 832 5700 2326 5782">
    <p class='ocr_par' dir='ltr' id='par_1_102' title="bbox 832 5700 2326 5782">
     <span class='ocr_line' id='line_1_103' title="bbox 832 5700 2326 5782; baseline -0.001 -25"><span class='ocrx_word' id='word_1_757' title='bbox 832 5704 944 5782; x_wconf 51' lang='grc' dir='ltr'><strong>(τι)</strong></span> <span class='ocrx_word' id='word_1_758' title='bbox 965 5703 1226 5782; x_wconf 59' lang='lat' dir='ltr'><strong>Fortasse</strong></span> <span class='ocrx_word' id='word_1_759' title='bbox 1259 5711 1507 5782; x_wconf 81' lang='lat' dir='ltr'><strong>sanctum</strong></span> <span class='ocrx_word' id='word_1_760' title='bbox 1530 5700 1893 5782; x_wconf 71' lang='lat' dir='ltr'><strong>Stephanum</strong></span> <span class='ocrx_word' id='word_1_761' title='bbox 1916 5700 2189 5782; x_wconf 64' lang='lat' dir='ltr'><strong>intelligit,</strong></span> <span class='ocrx_word' id='word_1_762' title='bbox 2219 5715 2326 5782; x_wconf 76' lang='lat' dir='ltr'><strong>cu-</strong></span> 
     </span>
    </p>
   </div>
   <div class='ocr_carea' id='block_1_103' title="bbox 763 5771 2318 5846">
    <p class='ocr_par' dir='ltr' id='par_1_103' title="bbox 763 5771 2318 5846">
     <span class='ocr_line' id='line_1_104' title="bbox 763 5771 2318 5846; baseline -0.004 -17"><span class='ocrx_word' id='word_1_763' title='bbox 763 5771 853 5846; x_wconf 64' lang='lat' dir='ltr'><strong>ius</strong></span> <span class='ocrx_word' id='word_1_764' title='bbox 879 5771 936 5827; x_wconf 83' lang='lat' dir='ltr'><strong>in</strong></span> <span class='ocrx_word' id='word_1_765' title='bbox 965 5774 1175 5846; x_wconf 76' lang='lat' dir='ltr'><strong>laudem</strong></span> <span class='ocrx_word' id='word_1_766' title='bbox 1209 5773 1510 5846; x_wconf 86' lang='lat' dir='ltr'><strong>orationem</strong></span> <span class='ocrx_word' id='word_1_767' title='bbox 1542 5787 1761 5846; x_wconf 67' lang='lat' dir='ltr'><strong>quoque</strong></span> <span class='ocrx_word' id='word_1_768' title='bbox 1791 5774 2008 5846; x_wconf 77' lang='lat' dir='ltr'><strong>scripsit</strong></span> <span class='ocrx_word' id='word_1_769' title='bbox 2047 5772 2133 5823; x_wconf 88' lang='lat' dir='ltr'><strong>hic</strong></span> <span class='ocrx_word' id='word_1_770' title='bbox 2180 5771 2318 5846; x_wconf 84' lang='lat' dir='ltr'><strong>idem</strong></span> 
     </span>
    </p>
   </div>
   <div class='ocr_carea' id='block_1_104' title="bbox 764 5839 2320 5916">
    <p class='ocr_par' dir='ltr' id='par_1_104' title="bbox 764 5839 2320 5916">
     <span class='ocr_line' id='line_1_105' title="bbox 764 5839 2320 5916; baseline -0.004 -15"><span class='ocrx_word' id='word_1_771' title='bbox 764 5839 1041 5916; x_wconf 50' lang='lat' dir='ltr'><strong>Augustus</strong></span> <span class='ocrx_word' id='word_1_772' title='bbox 1090 5841 1219 5907; x_wconf 81' lang='lat' dir='ltr'><strong>Leo,</strong></span> <span class='ocrx_word' id='word_1_773' title='bbox 1250 5857 1369 5913; x_wconf 82' lang='lat' dir='ltr'><strong>qua:</strong></span> <span class='ocrx_word' id='word_1_774' title='bbox 1401 5844 1453 5895; x_wconf 91' lang='lat' dir='ltr'><strong>in</strong></span> <span class='ocrx_word' id='word_1_775' title='bbox 1512 5839 1699 5897; x_wconf 78' lang='lat' dir='ltr'><strong>cudice</strong></span> <span class='ocrx_word' id='word_1_776' title='bbox 1726 5839 1987 5896; x_wconf 77' lang='lat' dir='ltr'><strong>Vaticano</strong></span> <span class='ocrx_word' id='word_1_777' title='bbox 2011 5858 2173 5911; x_wconf 72' lang='lat' dir='ltr'><strong>supra</strong></span> <span class='ocrx_word' id='word_1_778' title='bbox 2206 5842 2320 5894; x_wconf 86' lang='lat' dir='ltr'><strong>lau-</strong></span> 
     </span>
    </p>
   </div>
   <div class='ocr_carea' id='block_1_105' title="bbox 2430 5702 4010 5778">
    <p class='ocr_par' dir='ltr' id='par_1_105' title="bbox 2430 5702 4010 5778">
     <span class='ocr_line' id='line_1_106' title="bbox 2430 5702 4010 5778; baseline 0.002 -21"><span class='ocrx_word' id='word_1_779' title='bbox 2430 5702 2558 5758; x_wconf 87' lang='lat' dir='ltr'><strong>dato</strong></span> <span class='ocrx_word' id='word_1_780' title='bbox 2597 5704 2820 5773; x_wconf 86' lang='lat' dir='ltr'><strong>triginta</strong></span> <span class='ocrx_word' id='word_1_781' title='bbox 2843 5704 3015 5778; x_wconf 76' lang='lat' dir='ltr'><strong>trium</strong></span> <span class='ocrx_word' id='word_1_782' title='bbox 3040 5704 3351 5778; x_wconf 88' lang='lat' dir='ltr'><strong>orationum</strong></span> <span class='ocrx_word' id='word_1_783' title='bbox 3390 5705 3529 5760; x_wconf 88' lang='lat' dir='ltr'><strong>hanc</strong></span> <span class='ocrx_word' id='word_1_784' title='bbox 3553 5708 3728 5778; x_wconf 85' lang='lat' dir='ltr'><strong>ipsam</strong></span> <span class='ocrx_word' id='word_1_785' title='bbox 3761 5715 4010 5763; x_wconf 88' lang='lat' dir='ltr'><strong>nostram</strong></span> 
     </span>
    </p>
   </div>
   <div class='ocr_carea' id='block_1_106' title="bbox 2431 5775 3565 5846">
    <p class='ocr_par' dir='ltr' id='par_1_106' title="bbox 2431 5775 3565 5846">
     <span class='ocr_line' id='line_1_107' title="bbox 2431 5775 3565 5846; baseline 0.002 -19"><span class='ocrx_word' id='word_1_786' title='bbox 2431 5790 2536 5828; x_wconf 87' lang='lat' dir='ltr'><strong>una</strong></span> <span class='ocrx_word' id='word_1_787' title='bbox 2572 5782 2780 5829; x_wconf 88' lang='lat' dir='ltr'><strong>tantum</strong></span> <span class='ocrx_word' id='word_1_788' title='bbox 2806 5775 2910 5828; x_wconf 88' lang='lat' dir='ltr'><strong>alia</strong></span> <span class='ocrx_word' id='word_1_789' title='bbox 2940 5776 3263 5846; x_wconf 88' lang='lat' dir='ltr'><strong>interposita</strong></span> <span class='ocrx_word' id='word_1_790' title='bbox 3297 5779 3565 5846; x_wconf 87' lang='lat' dir='ltr'><strong>sequitur.</strong></span> 
     </span>
    </p>
   </div>
  </div>
