4182 6440
130 442 222 502 2‘29
763 439 1042 499 ORA'IIO
1079 439 1302 501 XVIII.

1371 467 1378 471 ·
1440 439 1821 500 LAUDATIO
1863 440 1930 499 ὃ.
1966 436 2238 499 JOANNI
2325 439 2723 498 CIIRlSObT.

3265 445 3371 508 230

132 555 355 606 πάντων.
393 541 475 612 οἷς
503 551 532 601 ό
561 549 706 610 θεῖος
738 550 795 600 ἐν
823 551 915 619 γῇ,
951 551 1046 602 καὶ
1089 553 1223 621 πρὶν
1275 550 1530 604 ὲντεζθεν
1569 567 1668 620 μετ

1811 550 2016 613 omnia,
2049 551 2244 618 quibus
2284 552 2368 602 \‘ir
2397 549 2616 603 divinus
2664 553 2717 604 in
2754 561 2937 614 terra,
2973 553 3136 607 etiam
3186 557 3368 623 prius-

126 645 346 712 αναστῇ,
379 642 853 712 χαρακτηρίζεται
899 643 1212 713 ἅνθρωπος·
1245 644 1416 696 ἐδεῖτο
1443 642 1517 711 τῷ
1544 643 1691 710 νόμῳ

128 734 223 786 τῶν
265 731 566 800 ἐγκωμίων
599 732 697 800 τῆς
751 732 982 802 κηρίνης
1023 735 1402 801 περιφανείας,
1454 733 1686 785 πλούτου

135 827 287 893 λέγω,
324 826 423 876 καὶ
451 825 628 892 δόξης,
659 823 754 876 καὶ
783 825 1062 894 πατρίδος,
1085 824 1176 876 καὶ
1207 825 1313 878 τῶν
1339 824 1514 879 ἄλλων
1541 824 1688 876 ευδο-

129 919 371 986 κίμησιν,
396 911 480 977 οἷς
509 915 559 967 oi
585 916 781 983 φύντες
810 916 948 968 κατὰ
966 916 1061 987 τὴν
1084 919 1356 988 Ἀντιόχου
1378 917 1476 987 τῆς
1507 917 1690 983 κοίλης

127 1007 316 1078 Συρίας
339 1024 646 1077 κομωντες,
676 1008 945 1061 πλουσίων
975 1011 1102 1071 τοὺς
1130 1009 1250 1062 κατ’
1290 1011 1465 1062 ὲκεινο
1495 1008 1687 1077 καιροῦ

127 1100 325 1161 πάντας
363 1097 657 1167 δευτέρους
683 1098 972 1164 άτέδ.ιξαν
1038 1099 1192 1151 Ἐπεὶ
1232 1098 1285 1152 δὲ
1328 1101 1395 1152 τά
1429 1099 1690 1168 μεγαλεῖα

124 1206 219 1241 των
247 1189 448 1258 ἐκείνῳ
487 1189 800 1258 προσόντων
845 1188 1029 1241 καλων
1071 1189 1369 1243 καλύπτειν
1416 1186 1524 1241 οἶδε
1582 1188 1689 1240 τῶν

126 1296 271 1348 σωμα
315 1278 595 1346 ικωτέρων
617 1278 707 1330 τὸν
734 1279 918 1343 ὀγκον,
943 1280 1040 1347 ούχ
1066 1274 1283 1351 ἦττονῆ
1312 1297 1420 1330 των
1446 1277 1686 1350 ἡλιακῶν

123 1370 348 1423 ἀκτίνων
363 1371 398 1436 ἡ
413 1369 651 1438 προὸολὴ
665 1367 772 1420 τῶν
786 1369 1210 1439 ἀστραίκτων(α)
1226 1370 1578 1440 ὼραιοτήτων
1590 1369 1686 1432 τὰς

124 1462 465 1528 ἀνταυγείας,
495 1460 821 1528 εύλαδητέον
861 1459 937 1528 τῷ
969 1461 1271 1530 ἀδοξοτέρῳ
1303 1461 1395 1513 τοῦ
1428 1464 1688 1532 πράγμα-

121 1570 222 1615 τος,
248 1554 372 1613 ταῖς
398 1552 677 1612 τοιαύταις
696 1550 804 1602 τῶν
829 1551 1000 1618 λόγων
1021 1552 1351 1621 ἀπασχολείν
1378 1555 1685 1615 ὑποθέσεσι,

122 1645 204 1694 καὶ
235 1643 378 1694 ἰτέον
409 1641 494 1709 ἐφ’
534 1635 635 1704 οἷς,
665 1641 896 1694 καθόσον
923 1638 1035 1695 οἷόν
1069 1643 1129 1694 τέ
1162 1660 1271 1712 μοι,
1301 1646 1394 1697 καὶ
1420 1645 1683 1714 προτεού-

122 1750 316 1802 μημαι.
354 1732 463 1785 Καί
500 1747 589 1800 μοι
623 1733 722 1801 τὴν
758 1733 854 1785 ἀπ’
883 1733 1060 1804 ἀρχῆς
1099 1735 1157 1784 ὲν
1199 1733 1392 1802 ἁπαλῷ
1437 1735 1536 1802 τῆς
1572 1734 1686 1806 ήλι·

120 1826 231 1886 κίας
267 1826 366 1876 τοῦ
411 1824 574 1894 ἠθους
621 1823 940 1876 εὐστάθειαν
990 1823 1081 1876 τοῦ
1118 1826 1354 1894 μεγάλου
1403 1829 1684 1896 φωστῆρος

1799 656 1960 708 quam
1991 642 2117 694 hinc
2146 643 2361 710 migret,
2392 641 2727 696 describitur
2757 653 2812 696 et
2840 643 3188 713 exprimitur,
3231 662 3370 715 opus

1802 732 2046 791 haberet,
2076 731 2466 784 convenienter
2509 730 2609 800 legi
2639 732 3035 796 encomiorum,
3066 750 3226 788 cerea
3258 738 3370 806 cla-

1800 823 1979 884 ritate,
2003 820 2233 882 divitiis,
2273 822 2515 888 inquam,
2543 830 2598 874 et
2637 823 2812 890 patria
2841 831 2893 875 et
2922 824 3121 890 gloria,
3158 834 3213 879 et
3244 826 3367 879 aliis

1798 909 2077 969 omnibus,
2102 925 2221 978 qum
2253 910 2305 963 in
2337 911 2530 962 Lnnam
2558 910 2836 965 adducunt
2888 913 3366 974 existimationem.

1797 1001 1996 1070 quibus
2023 1002 2141 1070 ejus
2168 1009 2420 1070 parentes
2454 1003 2506 1054 iu
2537 1002 2821 1057 Antiochia
2863 1003 3180 1073 leesyriae
3229 1008 3366 1061 insi-

1798 1107 1951 1160 gues,
1976 1106 2165 1145 omnes
2193 1092 2284 1144 illo
2316 1101 2559 1154 tempore
2580 1104 2926 1160 superarunt.
2959 1094 3230 1160 Quoniam
3265 1114 3364 1151 au-

1799 1193 1906 1239 tcm
1955 1185 2269 1253 magnitudo
2321 1200 2534 1248 eorum,
2569 1201 2692 1255 qua:
2731 1185 2806 1238 illi
2837 1187 3042 1248 insunt.
3076 1189 3362 1250 bonorum,

1799 1294 1908 1332 non
1939 1276 2122 1330 minus
2143 1275 2278 1345 tegit
2300 1290 2361 1329 ea
2393 1291 2512 1345 qua:
2544 1285 2672 1329 sunt
2699 1277 2967 1345 corporis,
3007 1293 3168 1346 quam
3195 1281 3364 1333 emis-

1799 1369 1882 1422 sio
1917 1367 2194 1420 radiorum
2229 1367 2488 1421 solarium
2515 1366 2779 1434 fulgorem
2814 1376 3088 1422 astrorum
3122 1370 3364 1438 pulchri-

1797 1458 2023 1522 tudinis,
2075 1459 2377 1512 cavendum
2421 1470 2503 1512 est
2544 1475 2608 1512 ne
2641 1468 2860 1528 propter
2899 1459 2973 1512 rei
3003 1459 3363 1513 humilitatem

1793 1556 1847 1605 et
1884 1549 2245 1617 abjectionem
2272 1589 2285 1612 ,
2320 1548 2374 1601 in
2419 1547 2691 1616 ejusmodi
2739 1551 3080 1617 argumentis
3118 1559 3367 1604 versetur

1793 1641 1974 1695 oratio
2003 1657 2015 1693 :
2047 1650 2102 1694 et
2131 1642 2196 1693 ad
2228 1656 2289 1694 ea
2313 1643 2547 1695 eundum
2596 1651 2680 1695 est
2717 1641 2782 1693 ad
2807 1656 2927 1708 quae
2951 1642 3113 1708 cupio
3150 1657 3247 1709 pro
3283 1643 3366 1694 vi-

1793 1731 1970 1784 ribus.
2004 1729 2109 1781 Par
2138 1738 2222 1784 est
2253 1741 2435 1784 autem
2495 1731 2625 1785 mihi
2675 1732 2919 1784 animum
2956 1731 3238 1795 adhibere,
3279 1733 3365 1785 «Ιὶ-

1794 1822 1937 1876 centi
1966 1823 2092 1892 ejus
2118 1822 2378 1877 honestos
2413 1835 2466 1875 et
2499 1824 2834 1892 compositos
2873 1839 3055 1878 mores
3087 1823 3140 1877 in
3177 1832 3364 1878 tenera

120 1915 403 1986 προσέχειν
460 1915 606 1977 ἄξιον
659 1915 901 1979 λέγοντι,
965 1915 1150 1984 μεῖζον
1216 1917 1436 1985 ἀπάσης
1491 1917 1674 1983 ὲφετῆς

1791 1924 1970 1979 aetate,
2027 1915 2094 1968 de
2154 1915 2239 1969 his
2290 1915 2482 1969 audire
2520 1916 2695 1983 majus
2725 1931 2846 1969 esse
2888 1925 3166 1982 putantes,
3199 1933 3364 1985 quam

117 2009 378 2076 ἐργασίας
403 2006 501 2076 τὴν
521 2007 650 2074 περὶ
675 2006 1008 2075 τηλικούτων
1027 2009 1366 2075 ἡγουμένους
1387 2008 1651 2076 ἀκρόασιν
1669 2023 1681 2036 ο

118 2096 294 2164 ἐπειδὴ
324 2097 426 2146 καὶ
455 2095 613 2147 τοῦτό
649 2097 796 2148 ἐστιν
820 2095 1063 2166 ὀρεκτὸν,
1097 2096 1191 2148 τοῦ
1214 2097 1419 2164 γνῶναι
1447 2095 1540 2149 τοῦ
1574 2114 1686 2149 κοι-

117 2185 200 2238 νοῦ
242 2187 572 2256 λαμπτῆρος
617 2185 714 2256 τὴν
761 2186 995 2255 κίνησιν.
1032 2181 1198 2247 Οὗτος
1251 2187 1567 2256 Ἀντιοχέων
1608 2189 1685 2240 ἔτι

117 2277 493 2348 παιδοτρίϐαις
539 2295 761 2344 φοιτων,
808 2276 1124 2340 διδάσκαλος
1153 2278 1378 2345 ἀρετῆς,
1421 2279 1481 2330 ού
1528 2279 1684 2346 μόνον

115 2366 295 2436 ἡλιξιν,
315 2365 458 2416 άλλά
475 2371 568 2417 καί
591 2366 772 2426 αὐτοῖς
791 2363 1156 2428 διδασκάλοις,
1177 2368 1271 2418 καὶ
1307 2367 1555 2436 ἀνδράσι,
1593 2369 1685 2420 καὶ

116 2456 372 2525 πατράσι,
404 2457 501 2506 καὶ
530 2453 767 2515 οἰκέταις
797 2453 1107 2517 καθίστατο,
1139 2457 1199 2505 τὸ
1225 2451 1356 2524 ἦθος
1382 2455 1681 2525 ἀμίμητος,

113 2548 201 2613 τὴν
238 2545 537 2598 συνουσίαν
577 2543 1035 2611 κατεσταλμένος,
1079 2543 1324 2614 ὑψοποιῷ
1357 2545 1684 2596 ταπεινώσει

113 2639 610 2707 καλλωπιζόμενος,
632 2638 852 2690 παιδιὰν
877 2638 1046 2698 ὅντως
1072 2638 1169 2702 τὰς
1188 2641 1296 2690 τῶν
1325 2639 1528 2708 ἡλίκων
1554 2655 1686 2688 παι-

110 2729 216 2791 se;
244 2730 338 2781 καὶ
383 2729 497 2779 τῶν
538 2727 713 2780 ἄλλων
741 2728 1142 2796 ρυπασμάτων,
1183 2729 1278 2782 καὶ
1307 2729 1413 2793 πρὸ
1459 2727 1557 2795 τῆς
1589 2726 1682 2779 τοῦ

111 2820 244 2872 θείου
265 2819 501 2888 λουτροῦ
528 2817 849 2885 καθάρσεως
872 2820 1326 2888 ἀποφαινόμενος.
1359 2819 1512 2872 Μετά
1537 2820 1591 2871 δὲ
1621 2819 1681 2871 τὸ

110 2906 240 2959 θεῖον
273 2905 530 2976 λουτρὸν,
558 2905 587 2956 ὃ
637 2907 922 2970 Μελέτιος,
945 2908 973 2958 ὁ
1015 2909 1186 2976 μέγας
1222 2907 1539 2977 Ἀντιοχέων
1579 2909 1677 2978 ἁρ-

110 2998 350 3066 χιερεὺς,
389 2997 613 3064 πρῶτον
662 2995 763 3064 μὲν
808 2995 886 3064 τῷ
932 2998 1152 3066 μεγάλῳ
1183 2999 1394 3050 δίδωσιν
1439 2999 1676 3069 Ἰωάννῃ,

109 3086 324 3156 ὕστερον
356 3087 415 3138 δὲ
464 3088 558 3138 καὶ
597 3088 709 3147 τοῖς
738 3086 928 3139 τούτου
964 3089 1314 3156 γεννήτορσιν
1355 3087 1544 3158 (οὔπω
1571 3088 1680 3156 γάρ

106 3171 166 3246 ἦν
192 3177 514 3246 ὲπιλάμψαν
535 3176 724 3238 αὐτοῖς
753 3176 812 3228 τὸ
842 3177 987 3228 θετον
1023 3180 1199 3230 ἐκεῖνο
1232 3179 1365 3246 φῶς,
1398 3179 1680 3248 πατρικῶν

106 3268 191 3318 ἅτε
213 3267 600 3338 παραδόσεων.
632 3266 771 3319 καθά
799 3269 888 3318 τὸν
930 3267 1102 3336 μέγαν
1145 3269 1356 3322 Παῦλον
1384 3269 1676 3337 ἀκούομεν,

107 3357 404 3430 ὑπάρχουσι
447 3357 742 3427 ζηλωταῖς)
786 3357 918 3426 πρὸς
956 3357 1053 3426 τὴν
1099 3360 1474 3428 στερεωτέραν
1522 3359 1680 3427 μετά-

106 3447 254 3518 ληψιν
283 3449 404 3502 τῶν
437 3450 502 3500 ὲκ
525 3446 621 3499 τοῦ
653 3447 810 3514 λόγου
845 3450 1058 3518 τροφῶν
1081 3452 1107 3502 ό
1149 3451 1401 3520 Ἰωάννης
1443 3451 1676 3521 προάγε-

104 3556 202 3605 ται,
249 3541 492 3601 ἐκείνοις
539 3537 731 3590 ἑαυτὸν
765 3539 1066 3607 στοιχειῶν,
1111 3539 1190 3606 τῷ
1236 3539 1543 3610 δεξιωτάτῳ
1577 3542 1676 3610 τῆς

104 3631 330 3695 φύσεως,
385 3625 474 3692 οἷς
524 3629 552 3680 ὁ
602 3629 742 3689 θεῖος
774 3628 938 3695 φόϐος
989 3630 1402 3698 ἐπιγινόμενος,
1447 3633 1673 3683 ἐντολῶν

104 3724 344 3791 τήρησιν,
382 3719 592 3788 σαρκὸς
641 3719 932 3786 κάθαρσιν,
963 3719 1112 3772 θείαν
1142 3721 1427 3791 ἑλλαμψιν,
1462 3723 1520 3774 τὸ
1554 3724 1672 3774 οεο-

103 3811 426 3880 λογούμενον
481 3811 646 3864 πόθου
709 3811 858 3874 τέλος
903 3807 1010 3864 οἶδε
1063 3812 1400 3882 χαρίζεσθαι.
1462 3815 1573 3885 Πρὸ
1615 3815 1671 3867 δὲ

104 3906 308 3956 πάντων
354 3903 460 3972 τὴν
520 3903 696 3972 ⁹ιησοῦ
743 3903 1070 3958 ταπείνωσιν
1113 3905 1555 3974 ἐκμιμούμενος,
1605 3901 1671 3976 ἧς

101 3992 262 4063 βραχύ
332 4013 388 4047 τι
439 3994 686 4064 διήγημα
743 3992 820 4063 τῷ
877 3993 1024 4065 λόγῳ
1085 3995 1306 4048 διδόσθω
1360 3997 1668 4067 γνώρισμα.

110 4085 357 4140 Ἀκούετε
384 4088 502 4139 τῶν
527 4085 733 4138 παίδων
755 4086 936 4156 ὑμείς,
970 4089 1129 4152 ὅσους
1156 4091 1455 4158 κομπάζειν
1493 4093 1668 4142 ἔνεστι

97 4178 356 4231 τεκόντων
383 4178 540 4247 δόξῃ,
563 4177 658 4229 καλ⁸
683 4175 919 4246 πλούτῳ,
951 4181 1039 4230 καὶ
1064 4181 1420 4248 γαυριάματι,
1458 4182 1547 4233 καὶ
1581 4198 1670 4249 μι-

100 4270 360 4337 μήσασθε.
390 4271 595 4332 Ἵππος
628 4271 797 4340 αύτῷ,
828 4272 917 4323 καὶ
948 4271 1155 4335 παῖδες,
1193 4273 1286 4324 καὶ
1311 4271 1481 4340 πολλὴ
1514 4273 1670 4343 δορυο

98 4359 248 4431 ςορία
293 4360 461 4430 παρὰ
514 4361 623 4412 τῶν
676 4362 943 4414 τεκόντων
985 4362 1329 4433 ἐπεμελεῖτο,
1384 4365 1519 4434 πρὸς
1572 4365 1669 4435 τὴν

97 4452 324 4520 μάθησιν
353 4451 602 4506 ἀπιόντι.
643 4453 699 4505 '0
730 4452 787 4504 δὲ
813 4456 1135 4528 κατεφρόνει
1176 4455 1410 4510 πάντων.
1445 4457 1667 4509 Ἐπειοε

95 4545 290 4608 πάντας
344 4544 455 4613 τὴν
524 4543 702 4612 Ἰησοῦ
772 4547 1055 4615 μιμεῖσθαι
1114 4547 1484 4608 ταπείνωσιν,
1541 4548 1665 4610 τοὺς
1700 4571 1742 4624 D

95 4637 319 4703 ὡραίους
353 4637 533 4697 πόδας
569 4638 1043 4708 προκαταρτίζων,
1081 4641 1173 4692 καὶ
1201 4639 1399 4707 κοῦφος
1428 4641 1666 4711 δραμού-

98 4745 243 4795 μενος
276 4729 378 4779 ἐπὶ
419 4726 489 4778 τὸ
538 4727 892 4796 Εὑαγγέλιον,
922 4729 1013 4780 τὸν
1048 4729 1264 4800 Δανιὴλ,
1292 4733 1418 4792 τοὺς
1447 4733 1665 4798 παῖδας,

92 4821 171 4870 τὸν
190 4820 359 4871 Δασὶδ
387 4817 474 4888 τῷ
502 4817 650 4886 λόγῳ
669 4817 840 4880 τιθεὶς
870 4820 950 4882 εἰς
978 4821 1329 4891 παράδειγμα
1349 4839 1363 4853 ο
1392 4824 1516 4886 τοὺς
1545 4825 1664 4892 μὲν,

89 4910 154 4970 ὡς
180 4913 243 4962 δι’
268 4909 454 4976 αὐτῆς
493 4908 830 4978 κατωρθώθη
855 4909 922 4962 τὰ
947 4911 1087 4980 ὑπὲρ
1116 4912 1403 4983 ἄνθρωπον
1423 4932 1434 4944 ο
1469 4915 1560 4966 τὸν
1588 4917 1663 4982 δὲ,

92 4997 164 5050 ὃτι
192 4999 334 5068 μετά
360 5015 433 5065 γε
459 4999 572 5049 τῶν
597 4997 794 5059 ἄλλων,
817 5001 910 5051 καὶ
935 5001 1045 5052 τῶν
1070 5003 1163 5053 τοῦ
1192 5002 1326 5055 Θεοῦ
1357 5002 1664 5075 δικαιωμά-

91 5106 184 5142 των
228 5092 263 5160 ἠ
303 5091 576 5160 μάθησις,
618 5091 678 5141 ὲν
721 5090 797 5159 τῷ
847 5091 1048 5157 λέγειν,
1119 5093 1359 5160 Ἀγαθόν
1405 5114 1528 5164 μοι,
1579 5097 1667 5150 ὅτι

87 5176 504 5242 ἐεαπείνωσάς
545 5194 642 5246 με,
676 5179 835 5244 ὅπως
865 5180 939 5232 ἂν
980 5180 1148 5249 μάθω
1194 5183 1264 5235 τὰ
1303 5182 1665 5254 δικαιώματά

89 5287 215 5325 σου.

152 5371 216 5429 γ’.
262 5364 355 5416 Ἐν
395 5361 618 5425 τούτοις
647 5361 814 5414 αὐτοῦ
836 5363 1253 5434 διαλάμποντος,
1295 5368 1482 5436 χρόνος
1513 5370 1661 5439 ἕρῤει

92 5453 304 5523 βραχὺς,
333 5454 436 5507 καὶ
472 5453 670 5519 φθάνει
705 5454 994 5507 Σεκοῦνδον
1032 5457 1208 5524 (τοῦτο
1228 5459 1334 5528 γάρ
1368 5459 1538 5528 ὄνομα
1568 5461 1661 5513 τοῦ

91 5546 305 5616 πατρὸς)
331 5545 434 5597 τοῦ
470 5544 593 5612 βίου
626 5543 686 5596 τὸ
725 5544 893 5607 τέλος.
929 5545 993 5596 Τί
1023 5547 1136 5617 δὲή
1169 5549 1390 5619 μήτηρ;
1425 5551 1663 5603 ἀνθοῦσι

91 5636 177 5703 τὴν
211 5637 463 5706 ἠλικίαν,
516 5634 778 5687 Ἀνθοῦσα
817 5636 913 5706 τὴν
947 5635 1140 5705 κλῆσιν
1181 5638 1342 5708 (οὕτω
1387 5640 1494 5711 γὰρ
1530 5643 1660 5694 ἐκα-

91 5726 266 5797 λεῖτο),
290 5723 674 5780 συνεπανθοῦν
703 5725 796 5778 καὶ
812 5728 1200 5780 συνανατῦλον
1219 5724 1330 5800 εἶχε
1354 5730 1460 5784 τῶν
1485 5733 1660 5785 ἀπάν-

156 5819 174 5846 ³
197 5817 376 5871 Galat.
415 5833 457 5879 ι,
499 5815 586 5868 Η.
665 5815 684 5844 ³
716 5817 857 5870 Ρεοι.
891 5831 1080 5884 cxvm,
1111 5817 1195 5871 7i.

159 5913 230 5976 (ο)
266 5911 422 5966 Fort.
457 5908 765 5962 ἀστέκτων.

1791 2007 1966 2059 cuivis
2007 2007 2122 2069 alii,
2172 2021 2293 2075 qua:
2347 2007 2653 2074 expetitur,
2698 2021 2756 2061 se
2807 2007 3005 2060 dedere
3038 2008 3364 2075 Operationi.

1789 2096 1924 2150 Nam
1957 2099 2059 2150 hoc
2120 2113 2337 2166 quoque
2371 2107 2453 2152 est
2484 2099 2853 2167 expetendum
2883 2137 2897 2160 ,
2927 2113 3091 2152 nosse
3155 2107 3362 2152 motuin

1788 2189 2095 2242 communis
2153 2188 2459 2242 Iuminaris.
2502 2189 2552 2242 ls
2596 2204 2718 2241 cum
2770 2189 2951 2242 adhuc
2975 2190 3262 2243 ventitaret
3295 2191 3362 2244 ad

1788 2293 1883 2332 eos
1907 2278 2000 2346 qui
2029 2277 2331 2330 Antiochia!
2356 2293 2553 2345 pueros
2585 2277 2930 2342 erudiebant,
2961 2287 3080 2332 erat
3107 2280 3365 2349 magister

1789 2368 2026 2430 virtutis,
2067 2382 2174 2420 non
2202 2367 2375 2420 solum
2405 2367 2728 2434 aequalibus,
2762 2366 2855 2420 sed
2889 2368 3052 2420 etiam
3091 2369 3224 2434 ipsis
3251 2383 3365 2420 ma-

1788 2458 1993 2526 gistris,
2020 2465 2072 2512 et
2106 2458 2238 2512 viris
2261 2463 2313 2509 et
2335 2460 2581 2526 patrihus
2610 2465 2665 2510 et
2702 2457 2900 2517 servis.
2949 2459 3199 2510 moribus
3252 2459 3362 2512 iiii-

1789 2548 2077 2609 mitabilis,
2110 2549 2162 2601 in
2195 2549 2601 2602 consuetudine
2630 2549 2945 2601 moderatus
2967 2588 2981 2611 ,
3014 2563 3136 2617 quae
3179 2550 3362 2603 excel-

1786 2655 1905 2692 sum
1929 2639 2105 2692 reddit
2130 2640 2444 2693 humilitate
2475 2648 2725 2701 ornatus,
2745 2638 2900 2692 ludos
2934 2654 3155 2693 suorum
3179 2657 3364 2710 :equa-

1787 2728 1917 2781 lium
1955 2728 2141 2781 ludum
2180 2728 2339 2795 plane
2381 2727 2728 2789 existimans,
2757 2735 2810 2780 et
2843 2725 2909 2779 ab
2944 2725 3066 2779 aliis
3105 2726 3363 2780 sordibus

1783 2830 2123 2887 expurgatus
2152 2817 2318 2870 etiam
2355 2825 2482 2871 ante
2515 2817 2683 2871 divini
2718 2816 2931 2894 lavacri.
2966 2817 3359 2885 expiationem.

1787 2910 1917 2962 I’ost
1948 2908 2190 2961 divinum
2236 2919 2418 2962 autem
2463 2910 2762 2972 lavacrum,
2792 2908 2937 2978 quod
2967 2907 3213 2963 Meletius
3247 2925 3356 2962 ma-

1784 3015 1924 3070 gnus
1969 2999 2214 3067 pontifex
2260 2999 2663 3063 Antiochenus,
2709 3001 2944 3068 primum
2995 2999 3217 3068 quidem
3269 3001 3364 3055 dat

1784 3105 1982 3159 magno
2007 3089 2228 3151 Juanni,
2249 3099 2435 3160 postea
2465 3105 2593 3143 vero
2627 3089 2748 3158 ejus
2786 3105 3006 3158 quoque
3035 3090 3363 3159 parentibus

1785 3180 2047 3250 (nonduin
2085 3182 2227 3234 enim
2259 3180 2338 3235 eis
2371 3181 2626 3233 illuxerat
2653 3180 2741 3232 lux
2786 3180 2995 3242 divina,
3035 3188 3094 3232 ut
3133 3181 3225 3249 qui
3262 3197 3362 3250 pa-

1783 3280 2061 3324 ternarum
2098 3271 2477 3335 traditionuin,
2521 3271 2798 3339 quomodo
2835 3285 3090 3338 magnum
3141 3287 3363 3340 quoque

1782 3360 2010 3415 Paulum
2035 3363 2306 3423 audimus,
2339 3368 2527 3416 essent
2550 3362 2897 3414 mmulatores
2929 3360 2994 3428 ³),
3019 3362 3086 3413 ad
3123 3361 3355 3414 solidio-

1780 3469 1899 3507 rum
1929 3468 2143 3518 eorum,
2174 3468 2296 3522 quae
2323 3460 2451 3507 sunt
2478 3467 2544 3506 ex
2572 3452 2759 3514 verbo,
2807 3451 3194 3505 alimentorum
3233 3468 3360 3522 par-

1779 3548 2148 3614 ticipationem
2183 3544 2424 3599 Joannes
2455 3543 2766 3606 adducitur,
2802 3541 3005 3611 ingenii
3035 3541 3358 3597 dexteritate

1777 3653 1836 3691 se
1879 3638 1986 3690 illis
2038 3636 2372 3690 conformem
2422 3635 2692 3698 reddens,
2741 3634 2944 3702 quibus
2985 3633 3206 3687 divinus
3264 3635 3356 3701 qui

1775 3729 1920 3782 inest
1954 3727 2115 3780 timor
2136 3727 2242 3782 scit
2263 3727 2448 3796 largiri
2480 3726 3354 3796 praeceptorumobservationem,

1774 3820 1959 3874 carnis
2003 3821 2400 3890 purgationem,
2457 3819 2696 3872 divinam
2754 3818 3208 3872 illuminationem
3239 3859 3251 3879 .
3300 3829 3357 3872 et

1775 3927 1935 3981 quem
1979 3911 2180 3965 divinae
2214 3911 2403 3965 dicunt
2445 3910 2664 3964 Litterae
2697 3911 2858 3963 finem
2891 3909 3174 3963 desiderii.
3213 3911 3352 3962 Ante

1773 4002 1956 4055 omnia
1985 4001 2400 4055 autemimitaus
2421 4000 2550 4055 Jesu
2584 4000 3146 4065 humilitatem,cujus
3173 4000 3352 4051 brevis

1773 4094 2022 4157 quasdam
2050 4093 2208 4145 detur
2228 4092 2473 4145 narratio
2498 4090 2564 4145 ad
2596 4090 2668 4155 id,
2714 4089 2858 4160 quod
2889 4089 3111 4152 dicitur,
3147 4085 3350 4158 cogno—

1773 4180 2061 4236 scendum.
2093 4180 2288 4235 Audite
2335 4195 2429 4235 vos
2453 4221 2467 4246 ,
2502 4183 2675 4250 pueri,
2714 4179 2807 4250 qui
2848 4195 2942 4233 vos
2969 4179 3192 4246 jactatis
3259 4195 3346 4246 pa'

1775 4281 1989 4326 rentum
2022 4273 2215 4341 gloria,
2258 4273 2400 4326 fastu
2431 4283 2483 4328 et
2508 4273 2735 4336 divitiis,
2760 4281 2815 4325 et
2841 4271 3151 4324 imitemini.
3187 4271 3348 4325 Curae

1771 4370 1890 4416 erat
1910 4361 2254 4430 parentibus,
2275 4372 2331 4414 ut
2349 4364 2396 4415 ei
2420 4369 2567 4415 esset
2587 4375 2785 4430 equus.
2802 4358 3017 4421 famuli,
3037 4367 3090 4412 et
3115 4374 3345 4426 magnus

1771 4452 2061 4505 comitatus
2090 4451 2240 4504 eunti
2271 4451 2337 4504 ad
2366 4451 2740 4519 disciplinam.
2781 4447 2874 4502 llle
2915 4457 3097 4502 autem
3157 4449 3342 4501 omnia

1770 4543 2175 4597 contemnebat.
2210 4541 2579 4597 Persuadebat
2608 4540 2864 4594 omnibus
2903 4547 2961 4592 ut
3001 4539 3346 4592 imitarentur

1767 4635 1896 4692 Jesu
1945 4636 2304 4690 humilitatem
2335 4652 2350 4700 ;
2404 4635 2686 4702 speciosos
2711 4632 2872 4701 pedes
2912 4644 3247 4699 praeparans,
3283 4639 3340 4680 ut

1767 4729 1960 4784 leviter
1989 4735 2274 4782 currerent
2295 4725 2362 4778 ad
2390 4723 2764 4792 Evangelium,
2794 4721 3093 4782 Danielem,
3112 4735 3335 4787 pueros,

1770 4821 2027 4877 Davidem
2054 4820 2241 4874 verbis
2263 4818 2568 4886 exemplum
2595 4829 2926 4886 proponens.
2946 4811 3072 4866 Illos
3094 4812 3337 4880 quidem,

1766 4915 1911 4983 quod
1948 4929 2044 4982 per
2073 4914 2246 4982 ipsam
2281 4911 2348 4965 ab
2365 4912 2447 4965 eis
2478 4925 2539 4964 ea
2575 4911 2835 4978 praeclare
2858 4915 3008 4975 gesta
3041 4912 3189 4968 sunt,
3222 4921 3342 4972 qua:
3372 4961 3383 4968 δ

1765 5015 1893 5060 sunt
1945 5021 2106 5075 supra
2150 5004 2421 5059 hominem
2456 5021 2468 5067 ;
2505 5003 2649 5055 hunc
2687 5016 2837 5060 vero,
2883 4998 3026 5067 quod
3060 5012 3183 5049 cum
3215 4997 3337 5075 aliis

1763 5107 1850 5152 est
1905 5100 2066 5152 etiam
2097 5099 2146 5151 ei
2179 5094 2469 5164 disciplina
2515 5093 2608 5146 Dei
2659 5091 3112 5160 justificationum
3143 5129 3157 5150 ,
3210 5088 3336 5139 dum

1763 5189 1939 5244 dicit:
2000 5188 2204 5241 Bonum
2237 5186 2363 5238 mihi
2394 5185 2520 5254 quia
2561 5183 2857 5237 humilium
2897 5197 2996 5242 me,
3041 5188 3096 5230 ut
3135 5179 3337 5229 discam

1755 5281 2167 5350 justiﬁcationes
2196 5288 2313 5331 tuas
2339 5277 2383 5332 ⁸.

1837 5370 1890 5422 5.
1919 5369 2057 5423 Cum
2104 5369 2219 5436 ipse
2259 5367 2311 5420 in
2350 5365 2435 5420 liis
2476 5362 2871 5433 resplenderet,
2921 5360 3087 5413 breve
3132 5357 3339 5411 ellluxit

1772 5470 2003 5528 tempus,
2041 5467 2098 5512 et
2118 5455 2371 5510 Secundo
2425 5456 2549 5524 (hoc
2575 5453 2719 5506 enim
2764 5458 2883 5504 erat
2913 5463 3108 5501 nomen
3145 5445 3335 5513 patris)

1769 5553 1999 5622 contigit
2038 5551 2158 5605 vita:
2190 5551 2393 5604 exitus.
2425 5545 2566 5612 Quid
2611 5560 2741 5600 vero
2773 5541 2988 5596 mater?
3035 5549 3193 5594 aetate
3239 5538 3334 5590 lle-

1771 5657 1898 5696 rcns
1928 5649 1976 5695 et
2009 5640 2231 5694 nomine
2267 5638 2536 5707 (Authusa
2571 5633 2715 5690 enim
2745 5631 3049 5694 dicebatur,
3079 5627 3222 5696 quod
3249 5633 3336 5677 est

1770 5733 2038 5802 ﬂorens);
2098 5732 2259 5786 simul
2306 5730 2529 5794 florens,
2567 5736 2621 5781 et
2660 5725 2819 5780 simul
2857 5722 3061 5786 oriens,
3102 5719 3338 5776 habebat.
