4182 6440
811 463 909 526 931

2073 439 2344 511 LEONIS
2384 444 2839 514 PHILOSOPIII

3958 455 4069 520 $32

815 582 928 641 ipsa
954 569 1003 622 id
1025 565 1170 636 quod
1192 571 1307 618 erat
1333 575 1578 615 omnium
1601 560 1868 615 lionoriiin
1902 558 2380 628 speciosissimum.

2498 578 2605 613 των
2636 562 2816 613 καλῶν
2848 563 2907 614 τὸ
2936 563 3158 631 ὡραῖον.
3197 564 3343 631 Αὐτὴ
3384 561 3475 613 τοῦ
3528 561 3665 625 υίοῦ,
3709 562 3805 632 τῆς
3839 566 3972 634 προς
4004 570 4066 614 τὰ

812 663 935 731 Ipsa
974 676 1098 714 ciiiii
1132 657 1255 710 aliis
1304 651 1795 713 sollicitudinibus,
1836 666 1956 720 qua:
2000 659 2129 702 sunt
2182 651 2385 711 multat,

815 754 1115 817 viduitatis,
1160 763 1359 819 magno
1408 760 1592 799 amore
1623 758 1811 796 curam
1861 743 2103 813 gerebat,
2142 750 2199 795 ut
2245 743 2387 795 filius

813 853 1210 901 incrementum
1265 842 1563 907 acciperet,
1600 844 1659 888 ut
1706 850 1828 903 quae
1877 850 2001 917 ve're
2049 843 2195 890 esset
2240 835 2388 888 illius

814 944 1007 1000 mater,
1051 935 1169 1001 ipsa
1201 945 1419 1000 quoque
1451 928 1531 982 illi
1553 942 1749 984 rursus
1780 941 1839 981 se
1867 924 2098 978 formam
2141 924 2388 995 praebens

809 1038 863 1080 et
918 1024 1290 1095 resplendens.
1321 1022 1437 1087 Qua
1485 1020 1700 1075 ratione
1742 1019 1993 1088 speciose
2025 1031 2241 1095 quoque
2283 1014 2419 1070 fruo'

809 1132 931 1173 etus
977 1092 1214 1187 praebent
1252 1112 1652 1181 conjiciendam
1685 1114 1976 1164 causarum
2007 1092 2387 1162 'iiobilitatem.

806 1212 941 1262 tium
977 1215 1153 1260 autem
1186 1213 1460 1260 teneretur
1490 1214 1671 1257 amore
1694 1200 2066 1271 philosophiae,
2094 1206 2147 1252 et
2175 1197 2387 1253 dicendi

811 1299 1105 1360 facultatis,
1143 1298 1373 1351 ventilat
1409 1294 1477 1348 ad
1537 1294 1742 1362 primos
1789 1292 2045 1346 doctores
2080 1306 2145 1345 ex
2198 1290 2264 1343 iis
2296 1290 2387 1358 qui
2439 1357 2449 1370 ’

807 1399 964 1442 erant
1017 1386 1318 1442 Antiochiae
1372 1382 1658 1452 (Libanius
1720 1390 1901 1436 autem
1954 1389 2085 1434 tunc
2162 1388 2280 1432 erat
2336 1386 2391 1430 et

808 1478 1261 1549 Aiidi-agathius).
1289 1474 1392 1540 Qui
1421 1474 1745 1528 brevissimo
1770 1485 2013 1543 tempore
2036 1487 2098 1525 ea
2122 1468 2385 1551 percepit,

808 1587 929 1641 quae
961 1571 1140 1639 longis
1178 1583 1445 1623 annorum
1479 1578 1531 1622 et
1563 1568 1808 1621 noctium
1851 1564 2145 1620 curriculis
2177 1563 2269 1616 alii
2298 1561 2385 1615 vix

808 1662 1026 1716 tandem
1082 1660 1413 1729 percipiunt,
1467 1660 1664 1713 sedens
1706 1658 1947 1725 optimus
1979 1656 2144 1726 judex
2197 1667 2384 1708 eorum

807 1771 928 1821 quin
957 1753 1342 1822 percipiuntur
1374 1749 1731 1818 intelligentia
1759 1767 1773 1815 ;
1810 1756 1864 1801 et
1899 1762 1959 1801 ea
1995 1747 2235 1816 quidem,
2267 1758 2385 1812 qua:

807 1852 964 1894 erant
1010 1841 1184 1903 utilia,
1220 1853 1315 1894 sua
1353 1838 1689 1893 conﬁrmans
1714 1838 1989 1892 sententia
2018 1855 2032 1899 ;
2061 1850 2180 1905 qua:
2205 1846 2384 1888 auten:

2494 653 2726 722 κρείττω
2769 653 2906 721 μετὰ
2952 652 3057 703 τῶν
3104 652 3280 705 ἄλλων
3327 653 3623 722 φροντίδων
3664 655 3976 716 ἐπιδόσεως,
4014 660 4065 706 αἶ

2494 742 2688 794 πολλαὶ
2714 742 2811 811 τῆς
2841 742 3065 813 χηρείας
3091 744 3213 795 ὅσαι
3239 744 3466 812 ἡμέραι,
3498 744 3583 795 δια
3617 744 3817 813 mihi;
3847 746 4070 813 ἀγάπης

2496 835 2857 905 ἐπεμελεῖτο,
2917 836 3100 904 μήτηρ
3142 835 3348 887 ἐκείνου
3401 834 3479 903 τῷ
3530 835 3642 887 δντι
3691 838 4070 903 τυγχάνουσα.

2496 926 2732 995 κάκείνῳ
2767 925 2926 978 πάλιν
2969 924 3109 994 αὕτη
3160 923 3680 996 χαρακτηριζομένη
3712 928 3807 979 καὶ
3836 927 4071 996 διαλάμ-

2498 1032 2675 1069 πουσα
2698 1034 2710 1047 ·
2821 1018 2914 1069 καὶ
2947 1017 3052 1071 τῶν
3078 1017 3300 1087 καρπῶν
3332 1018 3381 1068 οί
3412 1018 3605 1087 ὡραῖοι
3628 1017 3689 1095 τὸ
3717 1019 3933 1085 εὐγενὲς
3966 1020 4073 1071 τῶν

2496 1106 2685 1158 αἰτίων
2735 1106 3234 1177 διατεκμαίρονται.
3271 1107 3474 1177 Ἔρωτι
3510 1107 3567 1167 δὲ
3618 1107 3937 1175 φιλοσοφίας
3980 1111 4073 1159 καὶ

2496 1197 2724 1261 κάλλους
2773 1199 3063 1271 ῥητορείας
3105 1199 3386 1269 ἐχόμενος,
3420 1201 3533 1262 τοῖς
3573 1198 3809 1269 πρώτοις
3855 1188 3967 1251 τῶν
4014 1201 4072 1250 ὲν

2510 1289 2809 1361 Ἀντιοχείᾳ
2869 1291 3174 1360 προσφοιτᾷ
3236 1289 3544 1351 παιδευταῖς
3600 1289 3873 1359 (Λιϐάνιος
3919 1289 3967 1341 δ’
4001 1285 4074 1357 ἦν

2496 1380 2614 1433 τότε
2656 1381 2750 1433 καὶ⁵
2805 1379 3236 1451 Ἀνδραγάθιος),
3277 1382 3460 1433 ἐκεῖνα
3520 1361 3845 1449 βραχυτάτῳ
3890 1381 4076 1448 χρόνῳ

2498 1471 2841 1540 συνειλοχὼς,
2872 1472 2908 1526 ά
2951 1473 3190 1543 μακραῖς
3239 1471 3375 1523 ἑτῶν
3411 1472 3502 1524 καί
3536 1471 3749 1522 νυκτῶν
3803 1470 4076 1539 περιόδοις

2499 1564 2656 1630 μόγις
2688 1563 2895 1632 ἑτέροις
2927 1563 3293 1631 συλλέγονται,
3318 1563 3508 1632 κριτὴς
3532 1561 3752 1631 ἀριστος
3779 1563 3888 1615 τῶν
3922 1579 4077 1615 vosu-

2497 1654 2671 1723 μένων
2711 1654 3044 1724 καθήμενος·
3078 1655 3173 1708 καὶ
3221 1656 3334 1715 τοῖς
3386 1654 3507 1720 μὲν,
3541 1654 3640 1707 ὅσα
3678 1651 3935 1723 χρειώδη.
3971 1654 4077 1721 τὴν

2492 1743 2672 1813 ψῆφον
2706 1746 3002 1815 ὲπικυρῶν,
3035 1748 3148 1807 τοῖς
3181 1746 3261 1801 δὲ.
3293 1746 3391 1798 ὅσα
3423 1744 3731 1815 ληρούντων
3771 1746 3803 1815 ἢ
3836 1761 4077 1813 χασμω-

2499 1831 2677 1900 μένων
2707 1833 3136 1904 μεμυθολόγητο,
3168 1834 3355 1904 μακρά
3392 1834 3973 1904 ἀποδιαπεμπόμενος.

811 1969 837 2005 ε,
893 1917 1222 2004 iurgantibus
1277 1940 1371 1985 aut
1422 1932 1785 1986 oscitantilius
1836 1930 2084 1982 fabulose
2157 1925 2389 1979 conficta
2421 1919 2661 1987 fuerant,
2695 1926 2894 1993 jtibens
2930 1931 3155 1981 multum
3190 1927 3386 1982 valere.

878 2029 931 2080 4.
968 2027 1092 2078 Post
1123 2038 1238 2085 eos,
1276 2021 1530 2089 quoniam
1557 2020 1861 2073 satietatem
1889 2033 1997 2071 rion
2034 2023 2243 2085 poterat
2289 2028 2380 2068 ca~

2556 2013 2615 2069 δ’.
2641 2017 2794 2069 Μετα
2824 2019 3065 2084 τούτους,
3093 2018 3278 2088 ἐπειδὴ
3306 2018 3465 2087 κόρον
3489 2020 3585 2073 ούκ
3618 2015 3758 2072 οἶδεν
3787 2019 3932 2087 ἔχειν
3966 2021 4079 2087 φύ-

812 2135 936 2187 pere
975 2117 1250 2185 ingenium
1282 2151 1295 2174 ,
1329 2112 1474 2181 quod
1510 2112 1797 2165 tenebatur
1829 2125 2014 2164 amore
2042 2105 2377 2175 contempla-

809 2209 971 2261 tionis
1007 2204 1327 2264 meliurum,
1371 2201 1569 2271 migrat
1610 2201 1675 2254 ad
1730 2201 2041 2269 magistros,
2093 2197 2187 2266 qui
2224 2203 2377 2252 erant

804 2298 1037 2353 Athenis
1082 2304 1257 2348 matre
1303 2292 1586 2347 doctrinae.
1642 2290 1761 2355 Quo
1796 2292 1958 2343 etiam
1992 2292 2044 2342 in
2084 2287 2226 2352 loco,
2255 2300 2376 2341 cum

807 2405 928 2459 qua:
948 2395 1074 2441 sunt
1113 2384 1319 2454 optima
1350 2381 1715 2451 capacissime
1749 2378 1986 2447 ingenio.
2026 2377 2187 2431 citius
2216 2391 2377 2446 quam

804 2482 1028 2549 spongia
1056 2479 1362 2537 humorem,
1405 2472 1700 2535 hausisset,
1738 2477 1855 2525 erat
1885 2484 2093 2539 magna:
2119 2468 2377 2521 omnibus

805 2565 1175 2625 admirationi.
1234 2559 1372 2617 [line
1420 2561 1688 2615 adversus
1734 2576 1855 2613 eum
1921 2560 2100 2614 locum
2147 2568 2377 2627 occupat

802 2661 1008 2717 invidia
1036 2700 1051 2724 ,
1081 2657 1316 2713 excitata
1356 2654 1473 2724 ejus
1504 2653 1664 2706 bonis
1697 2651 2113 2706 excellentibus.
2158 2650 2375 2705 Modum

804 2763 985 2809 autem
1020 2748 1291 2819 significet
1318 2747 1515 2809 oratio,
1551 2744 1763 2799 etiamsi
1816 2745 2051 2798 maxime
2083 2744 2256 2798 vitare
2283 2757 2373 2796 sa-

804 2846 1049 2899 tietatem
1084 2845 1259 2892 curet.
1294 2835 1618 2890 Anthemius
1635 2834 1895 2890 sacerdos
1926 2834 2145 2903 quidam
2174 2833 2373 2887 Miner-

802 2951 905 3001 vae,
948 2944 1077 2987 tunc
1124 2928 1352 2983 Athenis
1380 2928 1432 2980 in
1467 2933 1617 2980 tanta
1651 2925 1950 2979 habebatur
1990 2924 2371 2988 admiratione,

803 3027 1046 3083 utetiam
1079 3023 1126 3078 ei
1176 3020 1406 3075 fecerint
1430 3028 1690 3082 statuam,
1722 3032 1842 3086 qua:
1888 3031 2080 3071 omnes
2124 3016 2374 3070 trahebat

746 3112 751 3115 ’
803 3119 871 3172 ad
905 3115 1347 3172 admirationem.
1374 3108 1480 3164 Sed
1517 3109 1562 3164 is
1596 3107 1815 3177 quidem
1850 3108 2159 3162 celebratus
2191 3106 2373 3161 evadit

758 3266 763 3273 ,
802 3208 1112 3280 arrogantia
1141 3224 1155 3271 ;
1183 3203 1423 3260 Joannes
1452 3208 1634 3255 autem
1694 3196 2113 3253 mansuetudine
2169 3207 2223 3254 et
2269 3199 2373 3252 liu-

756 3284 1035 3355 'militate
1089 3304 1143 3352 et
1206 3291 1579 3348 moderatione
1651 3290 1898 3360 spiritus.
1956 3288 2193 3344 Veniunt
2260 3290 2371 3344 hinc

2489 2122 2590 2169 σις,
2622 2105 2850 2178 θεωρίας
2904 2109 3087 2179 ὁρῶσα
3116 2108 3223 2162 τῶν
3256 2110 3575 2177 ἀμεινόνων,
3630 2111 3717 2162 ἐπὶ
3747 2110 3873 2171 τοὺς
3900 2112 3963 2160 ὲν
4000 2114 4073 2177 τῇ

2488 2199 2655 2271 μητρὶ
2683 2199 2791 2252 τῶν
2841 2199 3014 2269 λόγων
3061 2204 3180 2265 ταῖς
3228 2201 3481 2270 Ἀθήναις
3535 2202 3893 2263 διδασκάλους
3935 2219 4075 2270 μετ-

2485 2290 2798 2344 αναστεύει·
2834 2292 3113 2347 κάνταῦθα
3144 2295 3213 2346 τὰ
3261 2294 3537 2355 κάλλιστα,
3584 2294 3661 2364 τῷ
3684 2295 4079 2363 δεκτικωτάτῳ

2484 2381 2579 2450 τῆς
2608 2381 2841 2449 φύσεως,
2872 2385 3062 2438 θᾶττον
3108 2385 3140 2455 ἧ
3165 2387 3402 2454 σπόγγος
3444 2385 3682 2455 ῥανίδας,
3711 2386 4039 2454 ἀνιμησάμε
4064 2416 4075 2424 -

2482 2488 2591 2537 νος,
2620 2472 2707 2525 διὰ
2733 2473 2932 2527 πολλοῦ
2960 2475 3053 2529 τοῦ
3087 2475 3362 2546 θαύματος,
3416 2476 3588 2529 ἅπασι
3648 2476 3885 2543 ἐγένετο.
3955 2477 4078 2529 Ἐν-

2482 2562 2672 2616 τεῦθεν
2728 2566 2911 2637 χώραν
2962 2569 2990 2619 ό
3036 2566 3227 2634 φθόνος
3288 2567 3408 2619 κατ’
3454 2565 3619 2620 αὑτοῦ
3659 2567 3958 2636 λαμϐάνει,
3996 2570 4077 2637 τςζι

2485 2656 2583 2708 ὑπε
2595 2658 2871 2726 ρΰάλλοντι
2892 2658 2999 2709 τῶν
3018 2657 3196 2712 καλῶν
3218 2657 3311 2710 τοῦ
3338 2658 3529 2728 ἀνδρὸς
3543 2658 4072 2729 ἀναῤῥιπιζόμευως.

2482 2748 2731 2813 Δηλούτω
2759 2748 2814 2801 δὲ
2836 2749 2923 2801 τὸν
2944 2750 3142 2818 τρόπον
3167 2750 3195 2800 ό
3220 2749 3399 2816 λόγος,
3422 2750 3469 2801 εί
3505 2748 3707 2801 καὶτὸν
3740 2750 3905 2818 κόρον
3938 2752 4078 2815 φεύ-

2484 2855 2599 2906 γειν
2627 2838 3077 2909 διαπεφρόντικεν
3105 2840 3185 2893 ὅτι
3244 2841 3496 2908 μάλιστα.
3548 2838 3829 2907 Ἀνθέμιός
3865 2855 3953 2901 τις
4001 2842 4073 2890 is-

2486 2928 2610 2997 ρεὺς
2634 2923 2700 2998 ἦν
2746 2927 2994 2996 Ἀθηνᾶς,
3026 2928 3083 2991 ὃς
3123 2929 3380 3000 Ἀθήνῃσι
3403 2929 3524 2980 τότε
3557 2930 3811 2981 τοσοῦτον
3840 2929 3941 2979 ἐπὶ
3981 2945 4074 2981 σο-

2484 3021 2583 3089 φίᾳ
2644 3019 2998 3090 θαυμάζεται,
3056 3020 3195 3073 ὥστε
3235 3022 3330 3073 καὶ
3373 3020 3570 3089 στήλην
3620 3018 3767 3088 αὐτῷ
3824 3020 4074 3080 ποιοῦσι,

2481 3112 2688 3175 πάντας
2714 3114 2793 3174 είς
2829 3112 3012 3182 θαῦμα
3043 3110 3430 3164 συνέλκουσαν.
3470 3109 3609 3162 Ἀλλ’
3626 3103 3779 3171 οὗτος
3798 3110 3903 3178 μὲν
3932 3112 4071 3164 ἀλα-

2482 3200 2660 3273 ζονείᾳ
2676 3203 2937 3273 λαμϐάνει
2968 3206 3028 3256 τὸ
3061 3202 3669 3274 περιόότλτον”1ωάννης
3696 3201 3774 3263 δὲ,
3792 3201 3873 3271 τῷ
3904 3204 4075 3271 πράῳ

2482 3293 2576 3345 καὶ
2602 3295 2839 3366 ταπεινῷ
2863 3297 2954 3347 καὶ
2977 3296 3180 3365 μετρίῳ
3206 3293 3298 3346 τοῦ
3322 3297 3648 3363 πνεύματος.
3666 3294 3863 3347 Φθάνει
3892 3294 4075 3347 ταῦτα

802 3395 869 3449 ait
926 3404 1086 3445 aures
1145 3383 1547 3448 Demosthenis,
1606 3381 1699 3452 qui
1755 3389 1873 3435 erat
1940 3383 2229 3449 praefectus
2284 3398 2375 3436 ur—

2483 3385 2599 3446 ταῖς
2631 3360 2823 3448 ἀκοαῖς
2872 3360 3244 3453 Δημοσθένους
3280 3384 3372 3437 τοῦ
3405 3360 3652 3455 ὑπάρχου
3684 3385 3782 3452 τῆς
3818 3384 4070 3447 πόλεως·

803 3484 921 3545 bis;
957 3488 1029 3541 et,
1063 3486 1120 3532 ut
1146 3476 1203 3531 fit
1234 3476 1289 3529 in
1322 3473 1487 3529 rebus
1508 3470 1801 3542 ejusmodi,
1836 3472 2051 3539 capitur
2080 3469 2375 3540 praefectus

803 3589 989 3627 amore
1017 3567 1249 3625 faciendi
1286 3566 1745 3635 experimentum,
1788 3570 1845 3615 ut
1870 3568 2223 3629 cognosceret
2253 3574 2375 3613 eum

800 3666 895 3736 qui
949 3661 1166 3718 excellit
1222 3658 1441 3712 virtute.
1508 3654 1813 3725 Cougregat
1866 3668 2092 3717 omnes,
2150 3652 2378 3705 arcessit

800 3755 1106 3818 Joannem;
1147 3765 1311 3805 curru
1347 3763 1470 3803 eum
1519 3746 1799 3801 honoratis
1835 3744 1991 3814 jubet
2044 3744 2247 3799 venire.
2287 3743 2379 3797 llle

804 3863 932 3901 vero
971 3845 1074 3898 hoc
1099 3841 1316 3912 quidem
1344 3848 1581 3899 recusat,
1613 3837 1759 3892 venit
1783 3847 1963 3892 autem
1988 3837 2103 3891 suis
2129 3836 2375 3905 pedibus.

807 3936 922 3989 lloc
955 3932 1139 3994 ellicit,
1173 3940 1229 3984 ut
1266 3928 1464 3984 Joanni
1503 3928 1721 3997 quidem
1755 3935 2029 3981 cresceret
2056 3926 2231 3979 honor
2253 3940 2377 3978 cuin

805 4024 1194 4083 admiratione.
1240 4030 1294 4076 et
1344 4022 1396 4073 in
1448 4018 1616 4090 gradu
1660 4025 1710 4070 ct
1762 4024 1812 4069 ll‘
1850 4020 2053 4071 honore
2086 4014 2376 4078 cathedra},

805 4114 1078 4169 Anthemii
1126 4121 1305 4165 autem
1354 4111 1679 4179 aperiretur,
1721 4122 1840 4174 quae
1888 4106 2105 4169 latebat,
2151 4105 2372 4159 invidia.

806 4209 938 4260 Nam
961 4221 1081 4260 cum
1113 4205 1227 4272 ipse
1257 4200 1481 4256 vidisset
1504 4201 1785 4259 honorem,
1816 4214 1974 4268 quem
2008 4197 2234 4265 adeptus
2262 4206 2376 4250 erat

803 4297 1064 4358 Joannes,
1094 4295 1310 4363 etquod
1344 4293 1395 4346 in
1425 4292 1687 4347 cathedra
1712 4300 1857 4346 esset
1882 4291 1931 4345 ei
1958 4284 2225 4360 superior,
2249 4305 2373 4343 eum
2412 4307 2428 4322 κ

805 4404 863 4442 se
886 4402 994 4441 non
1024 4394 1205 4449 posset
1237 4383 1469 4453 amplius
1497 4382 1800 4456 continere.
1828 4382 1939 4434 haec
1962 4380 2182 4450 quidem
2204 4380 2370 4434 dixit:

803 4476 1056 4531 Civitatis
1088 4488 1266 4528 mores
1297 4481 1445 4536 sunt,
1480 4479 1538 4543 ut
1570 4471 1748 4533 video,
1788 4469 2029 4543 iiinovati
2070 4485 2083 4532 ;
2119 4484 2269 4543 nova:
2297 4468 2373 4521 le-

803 4582 898 4635 ges
933 4572 1063 4621 sunt
1101 4563 1394 4634 propositze
1426 4582 1439 4625 ;
1491 4542 1620 4635 quae,
1660 4571 1788 4614 sunt
1841 4542 2215 4629 antiquorum,
2251 4574 2371 4627 quae

2481 3476 2594 3538 καὶ,
2626 3471 2712 3528 οἷα
2741 3476 2883 3544 φιλεῖ
2916 3479 2972 3529 ὲν
3018 3479 3127 3539 τοῖς
3160 3475 3445 3540 τοιούτοις,
3495 3477 3633 3546 ἔρως
3684 3478 3920 3531 ἀνάπτει
3978 3479 4075 3530 τὸν

2480 3567 2724 3637 ὕπαρχον
2746 3571 2910 3641 πείρᾳ
2950 3570 3151 3638 γνῶναι
3180 3571 3270 3623 τὸν
3321 3571 3749 3642 ὑπερϐάλλοντα.
3783 3570 4075 3640 Ἀθροίξει

2481 3662 2707 3725 πάντας,
2755 3663 3107 3732 προκαλεῖται
3144 3664 3235 3716 τὸν
3270 3664 3543 3734 Ἰωάννην,
3576 3664 3811 3735 ὀχήματι
3843 3666 4074 3720 κελεύει

2478 3754 2584 3805 τινὶ
2614 3754 2927 3821 ἀφικέσθαι.
2967 3755 3026 3807 '0
3049 3754 3103 3807 δὲ
3134 3754 3291 3808 τοῦτο
3342 3760 3692 3826 παραιτεῖται
3729 3758 3851 3827 μὲν,
3881 3776 4076 3830 παρα-

2478 3844 2685 3911 γίνεται
2723 3844 2778 3897 δὲ
2809 3845 2962 3897 ποσὶν
2986 3845 3155 3903 ἰδίοις.
3183 3844 3355 3899 Τοῦτο
3375 3845 3451 3916 τῷ
3474 3846 3572 3916 μὲν
3601 3846 3821 3918 Ἰωάννῃ
3850 3850 3957 3919 τὴν
3992 3868 4079 3901 τι-

2483 3935 2586 4004 μὴν
2614 3934 2751 4003 μετὰ
2806 3934 3081 4003 θαύματος
3116 3937 3254 3990 κατά
3287 3954 3345 3989 τε
3376 3936 3581 4006 βαθμὸν
3614 3941 3707 3991 καὶ
3741 3938 3901 4002 τάξιν
3933 3941 4069 3993 καθ-

2479 4028 2638 4096 έδρας
2678 4026 3027 4093 αὐξάνεσθαι,
3099 4028 3365 4098 Ἀνθεμίῳ
3425 4028 3481 4081 δὲ
3530 4030 3622 4082 τὸν
3666 4031 4080 4099 ὲμφωλεύοντα

2479 4114 2671 4184 φθόνον
2698 4115 3037 4184 γυμνοῦσθαι
3085 4117 3511 4187 παρασκευάζει.
3550 4119 3695 4172 Ἰδὼν
3740 4120 3850 4191 γάρ
3902 4123 4081 4183 αὐτὸς

2477 4205 2568 4257 τὸν
2598 4205 2849 4277 Ἰωάννην
2872 4209 3104 4277 λαχόντα
3128 4210 3293 4279 τιμὴν
3322 4211 3412 4262 καὶ
3454 4208 3514 4261 τὸ
3545 4210 3932 4280 ὑπερσάθμιον
3964 4213 4076 4278 τῆς

2440 4368 2443 4371 ἢ
2478 4298 2762 4367 καθέδρας,
2792 4301 2885 4352 καὶ
2921 4299 3118 4369 μηκέτι
3140 4300 3352 4367 στέγειν
3384 4294 3493 4363 οἷός
3520 4318 3576 4353 τε
3606 4301 3704 4366 ῶν,
3744 4303 3929 4355 τοιάδε
3970 4304 4082 4372 μὲν

2477 4391 2601 4460 ἔφη’
2636 4393 3100 4463 Κεκαινοτόμηται
3128 4394 3195 4446 τὰ
3250 4394 3347 4463 ἔθη
3393 4395 3535 4463 ὁρῶ·
3576 4395 3681 4447 νέοι
3718 4398 3874 4465 νόμοι
3933 4414 4085 4461 προ-

2475 4483 2776 4536 τὲθεινταιο
2806 4485 2874 4535 τά
2904 4486 3012 4536 τῶν
3043 4486 3306 4555 ἀρχαίων,
3331 4485 3439 4538 τῶν
3470 4486 3671 4556 σοφῶν,
3716 4488 3822 4539 τῶν
3855 4488 4083 4541 ὲθάδων

2481 4576 2764 4643 προνόμια,
2801 4573 2989 4638 ξένοις,
3023 4575 3275 4640 ὲπήλισιν
3305 4574 3672 4628 ἀποδέδονται.
3698 4575 3983 4627 Λανθάνει
4020 4577 4082 4628 δὲ

804 4632 1133 4727 sapientum,
1181 4644 1300 4723 quae
1348 4632 1696 4706 familiarium
1730 4650 2034 4720 privilegia,
2078 4666 2138 4704 ea
2172 4650 2369 4703 tradita
2400 4687 2453 4746 Β
2478 4632 2563 4715 δίά
2598 4632 3258 4734 τέύτῷννπροσξημιίδσας
3289 4666 3481 4719 ἑαυτὸν
3528 4665 3619 4717 καὶ
3646 4667 3743 4733 τῆς
3774 4666 3951 4719 πάλαι
3988 4686 4081 4719 τι..

804 4757 932 4806 sunt
960 4747 1263 4816 hospitibus
1291 4753 1343 4799 et
1370 4743 1614 4799 advenis.
1639 4740 1756 4796 Non
1784 4742 2167 4795 animadvertit
2193 4750 2370 4793 autem

805 4857 863 4896 se
890 4856 981 4909 per
1016 4840 1128 4893 ha'c
1160 4839 1400 4908 seipsum
1435 4837 1602 4891 veteri
1632 4837 1837 4889 honore
1866 4834 2102 4904 privare,
2136 4849 2259 4887 cuni
2287 4850 2374 4888 ve-

804 4935 975 4989 nisset
1006 4932 1263 4986 omnibus
1306 4931 1360 4983 in
1407 4929 1793 4999 suspicionem,
1828 4929 1971 4997 quod
2022 4929 2134 4982 haec
2178 4928 2374 4981 dixerit

805 5030 1026 5091 propter
1060 5019 1336 5074 invidiam.
1370 5017 1477 5073 llas
1499 5019 1623 5086 jure
1657 5032 1848 5086 pinnas
1884 5016 1951 5071 de
1987 5031 2050 5070 eo
2088 5018 2251 5071 sumit
2295 5017 2375 5071 in-

800 5112 1107 5183 jiistissima
1158 5110 1381 5175 invidia,
1423 5110 1567 5179 quod
1600 5124 1716 5163 eain
1751 5109 2019 5179 genuerit,
2057 5109 2104 5164 ei
2141 5109 2374 5163 reddens

803 5204 1138 5256 alimentum.
1169 5199 1303 5253 Vide
1360 5210 1538 5255 autem
1593 5205 1712 5269 quae
1771 5209 2201 5269 consequuntur.
2259 5197 2374 5252 Non

802 5288 1087 5357 oportebat
1118 5297 1187 5345 te.
1223 5287 1400 5356 inquit
1430 5286 1737 5356 praefectus,
1764 5288 1854 5358 qui
1886 5287 2133 5357 tejactas
2162 5290 2226 5343 de
2254 5289 2375 5357 phi-

804 5376 1077 5445 losophia,
1140 5385 1397 5445 tanquam
1454 5393 1620 5430 unum
1667 5393 1731 5431 ex
1787 5379 1949 5449 vulgo
1998 5387 2090 5431 aut
2128 5394 2192 5433 ex
2243 5394 2373 5447 agro

803 5469 947 5524 feras
984 5477 1290 5531 venantem,
1325 5481 1418 5523 aut
1453 5471 1688 5542 aliquem
1718 5487 1783 5526 ex
1822 5472 1888 5527 iis
1916 5474 2005 5542 qui
2038 5474 2375 5528 latrocinan-

801 5572 906 5626 tur,
949 5565 1023 5615 ita
1078 5563 1315 5617 clamare
1354 5572 1406 5618 et
1443 5566 1786 5619 tumultuari.
1823 5564 1955 5619 Nam
2004 5568 2175 5622 multa
2226 5579 2373 5633 sunt,

801 5664 1025 5725 propter
1070 5672 1192 5725 qua:
1240 5654 1479 5713 Joannes
1522 5657 1721 5729 dignus
1765 5668 1846 5713 est
1892 5665 1984 5729 qui
2023 5661 2322 5715 honoretur
2361 5680 2373 5725 ;

796 5760 990 5815 nempe
1014 5748 1157 5817 quod
1188 5757 1259 5803 Sit
1298 5748 1436 5803 illius
1493 5747 1751 5813 Secundi,
1776 5752 1955 5821 magni
1988 5751 2145 5807 ducis
2170 5756 2377 5807 exerci-

797 5846 908 5901 tus,
937 5847 989 5892 c‘t
1017 5839 1162 5907 quod
1181 5855 1349 5893 canos
1378 5841 1627 5897 homines
1656 5847 1995 5912 Superaverit
2024 5845 2327 5915 disciplinis
2352 5866 2366 5913 ;

800 5928 932 5998 quin
978 5932 1142 5987 etiam
1197 5936 1340 6002 quod
1385 5950 1415 5990 a
1462 5938 1618 5992 nobis
1652 5948 1879 5992 coactus
1922 5941 2191 6009 acceperit
2234 5940 2375 5996 hunc

2481 4754 2608 4824 μῆς,
2640 4754 3000 4816 ὑποπτευθεὶς
3052 4756 3201 4824 παρὰ
3234 4756 3453 4808 πάντων
3502 4755 3590 4808 διά
3650 4755 3842 4824 φθόνον
3890 4758 4084 4811 ταῦτα

2478 4848 2663 4900 εἰπεῖν.
2702 4846 2884 4900 Ταῦτα
2945 4847 3096 4917 παρὰ
3144 4847 3237 4900 τοῦ
3278 4848 3611 4901 ἀδικωτάτου
3662 4848 3896 4911 δικαίως
3955 4854 4080 4904 εῖτ-

2479 4938 2774 5008 πράττεται
2825 4938 3041 5006 φθόνου,
3074 4940 3170 5007 τῆς
3198 4940 3403 5004 οἰκείας
3446 4941 3607 5010 γονῆς
3648 4940 4113 5005 ἀπολαμεάδιον’

2478 5028 2535 5080 τὸ
2565 5028 2948 5098 γηροτρόφιον.
2988 5027 3175 5097 Ἀθρει
3213 5029 3275 5097 δὴ
3313 5030 3404 5081 καὶ
3432 5029 3497 5082 τά
3532 5029 3625 5082 ἐπὶ
3672 5029 3915 5094 τούτοιςο
3955 5036 4086 5086 Οὐκ

2480 5120 2581 5173 ἔδει
2618 5138 2696 5185 σε,
2724 5120 2883 5189 φησὶν
2910 5121 2936 5172 ὀ
2960 5118 3222 5189 ὕπαρχος,
3254 5116 3297 5172 ὦ
3338 5120 3607 5183 Ἀνθέμιε,
3644 5120 3946 5193 φιλοσοφίᾳ.
3982 5144 4087 5194 με-

2480 5210 2940 5279 γαλαυχεύμενον,
2963 5209 3151 5277 ὥσπερ
3181 5211 3274 5261 ἕνα
3305 5210 3412 5262 τῶν
3430 5211 3491 5263 ὲκ
3520 5211 3613 5263 τοῦ
3645 5213 3845 5281 δήμου,
3887 5214 3919 5281 ἢ
3961 5216 4086 5267 τῶν

2480 5305 2534 5353 ἐν
2556 5302 2709 5373 ἀγρῷ
2735 5303 2859 5364 τοὺς
2879 5302 3050 5371 θῆρας
3081 5302 3341 5371 ὲ).όντα,ἦ
3371 5302 3475 5353 τῶν
3496 5302 3939 5373 λῃστευομένων,
3977 5312 4087 5360 ού-

2480 5395 2611 5446 τωσὶ
2642 5393 2734 5463 βοῇ
2766 5397 2858 5444 καὶ
2877 5391 3088 5462 θορύϐῳ
3126 5392 3503 5446 διακυκᾶσθαι.
3540 5395 3715 5447 Πολλὰ
3746 5396 3880 5465 γάρ,
3914 5394 4012 5463 οἷς
4060 5405 4088 5452 ὁ

2494 5484 2741 5552 Ἰωάννης
2782 5484 3041 5553 τιμᾶσθαι
3088 5484 3422 5551 καθέστηκεν
3445 5483 3611 5550 ἄξιος,
3649 5487 3729 5538 ὅτι
3760 5486 4087 5543 Σεκούνδου

2478 5574 2570 5628 τοῦ
2640 5575 2876 5643 μεγάλου
2927 5574 3299 5645 στρατηλάτου
3358 5576 3491 5640 υἱὸς,
3545 5577 3625 5628 ὅτι
3663 5577 3794 5641 τοὺς
3837 5580 4089 5645 πολιοὺς

2482 5666 2871 5736 ὑπερηκόντισε
2928 5668 3039 5728 τοῖς
3094 5666 3430 5736 μαθήμασιν,
3474 5667 3588 5721 ἀλλ’
3638 5668 3717 5720 ὅτι
3776 5669 3877 5722 καὶ
3924 5673 4089 5741 ἠμε-

2478 5760 2663 5830 τέραις
2685 5761 2946 5826 ἀνάγκαις
2964 5760 3027 5813 τὰ
3052 5760 3148 5829 τῆς
3168 5761 3332 5829 τιμῆς
3358 5758 3711 5825 κατεδέξατοο
3742 5764 3839 5815 καὶ
3866 5770 3991 5835 πρό
4024 5787 4089 5835 γε

2480 5854 2695 5905 πάντων
2744 5850 3273 5921 ἡταπειιοφροσύνη
3331 5851 3535 5904 τούτων
3580 5852 3728 5921 αὐτῷ
3759 5855 3919 5907 αἰτία
3985 5862 4089 5910 καὶ

2482 5944 2758 6015 πρόξενος.
2792 5942 2955 5996 Ἀλλὰ
2986 5942 3155 5997 ταῦτα
3184 5943 3279 6013 μὲν
3307 5944 3334 5996 ὁ
3361 5942 3624 6015 ὕπαρχος.
3648 5945 3711 5997 Τί
3739 5946 3792 5997 δὲ
3814 5946 3846 5997 ὁ
3883 5948 4091 6001 Ἰωάν-
