4182 6440
131 417 223 482 9.33

129 618 619 689 ὑπεραπολογεῖται,
655 609 734 677 οἷς
780 615 1060 682 Ἀνθέμιος
1088 615 1423 683 ἐπετίμησεν
1446 632 1458 645 ·
1492 616 1683 669 ἔπειτα

128 716 209 779 τῆς
233 708 403 779 Ἰησοῦ
435 706 757 777 μαθητείας,
786 707 880 760 καὶ
904 699 985 767 οἷς
1010 705 1191 774 εκείνη
1224 706 1684 775 παρρησιάζεται,

128 804 200 856 διὰ
229 799 471 870 βραχέων
505 800 667 851 αὐτὸν
697 798 816 849 ὅλον
839 791 978 848 εἶναι
1007 794 1353 864 παραδηλῶν,
1372 798 1680 866 ἐπικροτεί-

130 913 202 947 ται
230 894 373 962 παρά
402 891 641 945 πάντων.
668 889 777 943 Καὶ
805 883 874 959 ἦν
906 888 1029 941 ἰδεῖν
1063 886 1140 956 τῷ
1175 885 1299 956 ὕψει
1349 887 1459 940 τῶν
1514 888 1688 955 λόγων

140 983 389 1042 Ἰωάννου,
416 986 481 1051 τῇ
506 980 803 1049 ἐπιλάμψει
825 980 919 1032 τοῦ
961 979 1118 1046 ἁγίου
1148 978 1689 1046 συνεξαστράπτοντα

132 1074 426 1143 Ηνεύματος
451 1090 463 1103 ⁸
497 1072 640 1125 ὥστε
675 1072 848 1124 εἰπεῖν
879 1069 1091 1139 ὁρῶντα
1110 1070 1199 1123 τὸν
1221 1068 1491 1139 ὕπαρχον,
1534 1069 1691 1139 Ἀλη-

132 1168 222 1229 θῶς
248 1166 341 1233 τῆς
372 1164 643 1234 Ἐλλήνων
670 1164 918 1223 παιδείας
942 1162 975 1229 ἠ
1006 1159 1347 1230 Χριστιανῶν
1370 1159 1687 1212 διδασκαλία

132 1258 288 1311 πάντα
316 1257 667 1325 ἀσύμφωνος,
705 1254 811 1307 τῶν
866 1252 965 1323 μὲν
1008 1250 1465 1321 δοξομανούντων,
1498 1250 1606 1304 τῶν
1632 1251 1688 1304 δὲ

130 1354 211 1423 τὴν
226 1352 474 1406 ἐναντίαν
510 1350 734 1404 ἐκείνων
764 1348 1162 1421 πορευομένων.
1214 1344 1691 1416 Συνεπιλαμϐάνε-

129 1460 207 1497 ται
226 1443 434 1507 τούτοις
463 1446 491 1497 6
532 1443 804 1511 Ἰιιιάννης,
840 1442 930 1495 καὶ
963 1442 1040 1513 τῷ
1080 1441 1252 1505 ζέοντι
1282 1440 1375 1494 τοῦ
1414 1437 1691 1502 κινοῦντος

135 1535 456 1604 Πνεύματος,
500 1534 737 1604 δημοσίᾳ
786 1532 1218 1605 παρρησιάζεται
1249 1533 1347 1603 τὴν
1388 1530 1691 1598 εὐσέϐειαν,

136 1627 423 1696 στηλιτεύει
461 1626 529 1679 τὰ
586 1626 877 1695 Ἑλλήνων,
931 1624 1184 1687 καὶτοὺς
1230 1623 1408 1676 αὐτῶν
1457 1622 1612 1685 θεούς
1635 1640 1693 1675 τε

132 1722 213 1772 καὶ
243 1720 523 1785 δαίμονας,
548 1718 763 1788 Κρόνῳ,
796 1716 891 1770 καὶ
921 1716 1135 1782 Achaici.
1166 1714 1363 1784 Ἀθηνᾷ
1389 1716 1483 1767 καὶ
1512 1714 1695 1766 ’Λπόλ-

132 1811 263 1876 λωνι,
302 1813 397 1866 καὶ
432 1812 509 1881 τῷ
546 1811 721 1881 λοιπῷ
770 1811 879 1863 τῶν
918 1810 1189 1878 Ἑλλήνων
1258 1807 1394 1859 θεῶν
1442 1807 1694 1878 ὁρμαθῷ,

132 1903 360 1972 ἑρπετῶν
393 1922 452 1956 τε
484 1904 578 1955 καὶ
636 1902 839 1971 θηρῶν,
899 1904 991 1955 καὶ
1019 1901 1124 1953 τῶν
1155 1899 1330 1952 ἄλλων
1386 1899 1694 1961 κνωδάλων,

130 1996 216 2063 τὴν
242 1996 445 2063 στήλην
468 1995 625 2060 ἀξίαν
664 1995 769 2046 τῶν
818 1995 1129 2063 σεϐομένων
1174 1993 1694 2063 παραστησάμενος,

130 2080 194 2140 ὧν
222 2088 310 2138 καὶ
339 2088 390 2137 οἱ
424 2086 573 2155 λόγοι
610 2087 827 2153 (λέγων)
877 2086 969 2137 τὸν
1010 2085 1202 2155 αἰθέρα
1240 2084 1552 2153 μολύνουσι.
1634 2085 1697 2137 Τί

130 2179 236 2239 tu;
292 2178 352 2230 τδ
415 2178 666 2247 ἑληθινὸν
723 2177 836 2243 φῶς
884 2176 1206 2245 προστίθησι
1266 2174 1549 2243 κηρύττων
1602 2177 1697 2245 τῆς

132 2270 277 2337 ἁγίας
298 2270 558 2340 Τριάδος,
584 2270 683 2338 τῆς
710 2271 765 2323 ὲν
796 2270 969 2341 Πατρὶ
987 2270 1079 2322 καὶ
1104 2267 1218 2336 Υἱῴ
1240 2269 1333 2320 καὶ
1362 2269 1498 2339 ἁγίῳ
1526 2270 1697 2322 Ilvati-

134 2380 269 2432 ματι,
303 2366 369 2432 τῇ
416 2364 516 2432 μιᾷ
571 2362 786 2431 θεότητι
838 2360 1282 2431 τρισυποστάτως
1311 2362 1405 2412 καὶ
1448 2361 1700 2428 άνάρχως

132 2453 214 2503 καὶ
244 2451 429 2513 άῖδίως
452 2451 837 2520 θεωρουμένης
864 2452 975 2512 τοῖς
988 2450 1032 2501 Χ
1042 2451 1355 2519 ριστιανοῖς,
1406 2450 1501 2502 καὶ
1528 2465 1698 2518 προσ-

132 2544 477 2614 κυνουμένης.
537 2543 722 2595 Ταῦτα
792 2542 892 2611 μὲν
960 2544 987 2594 6
1048 2541 1312 2611 Ἰωάννης.
1392 2541 1699 2611 Ἐχάρησαν

131 2631 229 2698 οὖν,
266 2637 390 2699 ὅσος
423 2636 525 2704 τῆς
557 2636 666 2687 τῶν
702 2634 1040 2704 Χριστιανῶν
1082 2632 1281 2702 μοίρας
1313 2632 1500 2702 ὅμιλος
1525 2650 1538 2663 ⁸
1577 2634 1700 2694 ὅσος

131 2728 180 2779 δὲ
204 2730 230 2780 6
251 2728 358 2779 τῶν
393 2728 685 2795 Ἑλλήνων,
732 2727 909 2795 ἀηδῶς
936 2726 1115 2822 ξσχον,
1147 2724 1520 2795 ὠργίσθησαν.
1554 2726 1699 2794 Βρα-

130 2818 215 2886 χὺς
242 2819 269 2870 6
305 2817 491 2883 λόγος,
540 2818 629 2869 καὶ
662 2818 691 2870 6
714 2814 958 2886 ὕπαρχος
994 2814 1364 2882 συναπάγεται
1385 2855 1399 2879 ,
1432 2815 1701 2868 παύεσθαι

131 2907 225 2959 τῶν
244 2907 381 2961 θεῶν
407 2907 703 2976 κωμῳδίας
726 2906 802 2975 τῷ
819 2907 1039 2975 Ἰωάννῃ
1060 2906 1503 2975 ἐγκελευόμενος.
1534 2908 1701 2976 Χώρα

130 2998 213 3050 τοῦ
250 2998 433 3066 λέγειν
496 2998 763 3067 Ἀνθεμίῳ
818 2997 1001 3049 πάλιν.
1045 2998 1153 3050 Καὶ
1207 2997 1399 3067 πρῶτα
1434 2998 1531 3067 μὲν
1579 3000 1701 3060 τοὺς

133 3087 305 3151 θῶπας
360 3088 476 3141 τῶν
507 3088 679 3154 λόγων
740 3088 968 3155 καταχεῖ
1005 3087 1080 3155 τῷ
1112 3088 1340 3156 ὑπάρχῳ
1368 3104 1381 3119 ⁶
1427 3088 1701 3157 ἀδολεσχεί

780 407 1065 468 ORATIO
1103 409 1324 469 XVIII.
1355 430 1425 447 -·
1452 410 1835 471 LAUDATIO
1867 412 1926 472 S.
1954 412 2140 473 JOAN
2149 414 2195 472 N
2204 415 2274 473 IS
2303 416 2706 478 CHRYSOS’I‘.

129 551 181 599 νη
226 547 239 594 ς
267 525 356 594 Τῷ
384 524 544 594 πράῳ
576 524 636 575 τδ
680 523 886 575 δίκαιον
912 522 1307 591 κερασάμενος,
1341 521 1554 590 πρῶτον
1585 524 1681 593 μὲν
1708 521 1761 580 Α
1788 526 2046 581 honorem
2095 546 2108 591 ;

3261 416 3367 483 234

2158 536 2211 582 et
2251 535 2380 582 ante
2421 542 2627 590 omnia,
2658 528 2939 583 humilitas
2966 537 3050 583 est
3080 529 3128 583 ei
3174 530 3366 585 horum

1785 630 1949 672 causa
1982 625 2035 669 et
2074 619 2439 672 conciliatrix.
2496 615 2601 671 Sed
2649 619 2761 672 hinc
2795 622 3013 688 quidem
3055 620 3364 689 praeiectus.

1787 705 1926 771 Quid
1956 723 2083 760 vero
2130 706 2414 762 Joannes?
2459 708 2881 764 Mansuetudiue
2923 719 3236 779 temperans
3273 711 3367 779 ju-

1789 797 2017 860 stitiam,
2073 798 2308 866 primum
2355 800 2575 864 quidem
2639 800 2935 869 reSponilet
2984 802 3071 865 iis,
3147 816 3267 869 quae
3318 803 3367 856 ei

1787 888 1987 957 objecit
2006 891 2330 945 Anthemius
2361 908 2374 955 ;
2410 889 2605 945 deinde
2635 908 2692 946 se
2736 892 2862 948 Jesu
2898 892 3266 961 disciplinaeet
3301 894 3368 947 iis

1791 996 1910 1049 quae
1956 981 2045 1034 illa
2095 981 2260 1035 libere
2305 983 2613 1051 profitetur,
2649 998 2709 1037 se
2751 992 2923 1037 totum
2968 999 3092 1039 esse
3122 983 3367 1039 deditmn

1793 1071 1981 1139 paucis
2017 1069 2332 1134 ostendens,
2359 1073 2604 1125 omnium
2633 1073 2825 1141 plausu
2857 1074 3178 1143 suscipitur.
3215 1073 3369 1131 Lice-

1793 1164 1996 1229 batque
2042 1160 2225 1217 videre
2248 1163 2446 1228 oculis,
2483 1165 2787 1219 orationem
2834 1162 3062 1219 Joannis
3090 1166 3371 1221 refulsisse

1794 1252 2191 1307 illuminatione
2229 1256 2402 1310 sancti
2446 1253 2707 1325 Spiritus,
2761 1257 2897 1311 adeo
2940 1266 2996 1311 ut
3029 1257 3234 1313 diceret
3268 1260 3370 1314 hoc

1798 1346 1986 1401 videns
2011 1346 2164 1401 urbis
2192 1340 2478 1415 praefectus
2507 1363 2518 1398 :
2552 1346 2760 1402 Revera
2788 1347 3103 1403 Griecorum
3126 1348 3371 1418 discipli-

1795 1453 1877 1495 na:
1906 1452 2029 1492 cum
2073 1435 2320 1490 doctrina
2348 1436 2781 1492 Christianorum
2812 1440 2953 1493 nihil
2990 1440 3213 1493 omnino
3240 1454 3371 1493 con-

1795 1531 1994 1593 venit;
2047 1544 2172 1583 cum
2227 1530 2302 1583 illi
2362 1530 2582 1598 quidem
2638 1530 2884 1585 laborent
2933 1532 3126 1585 insana
3188 1531 3371 1599 gloria:

1797 1621 2119 1690 cupiditate,
2147 1622 2197 1676 hi
2226 1632 2410 1677 autem
2441 1623 2814 1703 ingrediantur
2834 1625 2917 1676 via
2939 1624 3046 1679 illis
3071 1626 3369 1678 contraria.

1800 1716 1929 1769 Post
1963 1715 2074 1769 haec
2100 1716 2351 1784 sequitur
2372 1713 2633 1778 Joannes,
2664 1724 2715 1769 et
2737 1717 2931 1792 ardore
2955 1714 3224 1770 moventis
3249 1730 3373 1769 eum

1802 1807 2057 1877 Spiritus,
2093 1808 2309 1876 publice
2338 1806 2504 1861 libere
2532 1810 2815 1875 prolitetur
2839 1809 3122 1875 pietatem;
3163 1808 3215 1860 in
3239 1820 3376 1876 gen-

1802 1910 1881 1955 tes
1915 1884 2225 1962 invehitur,
2256 1913 2558 1966 eorumque
2590 1896 2722 1952 deus
2767 1908 2818 1952 et
2864 1898 3158 1959 (laniones,
3187 1896 3377 1949 Satur-

1802 2008 1949 2057 num,
2011 1999 2064 2045 et
2114 1988 2318 2051 Jovem,
2367 1998 2421 2043 et
2466 1989 2801 2054 Minervam,
2868 1999 2920 2044 et
2961 1989 3287 2058 Apollinem,
3321 1994 3375 2041 et

1801 2084 2064 2151 reliquam
2083 2082 2308 2135 deorum
2333 2081 2616 2150 gentilium
2647 2082 2871 2143 seriem,
2898 2088 3292 2149 serpentesque
3323 2088 3375 2132 et

1801 2175 2031 2239 bestias,
2064 2189 2183 2243 qme
2218 2174 2285 2227 ab
2320 2176 2402 2228 eis
2429 2162 2708 2235 coluntur,
2743 2174 2832 2242 qui
2879 2174 2958 2227 eis
2994 2172 3245 2235 debetur,
3280 2171 3379 2225 ho-

1802 2281 1933 2333 nore
1988 2264 2276 2320 alliciens:
2337 2263 2404 2317 de
2455 2264 2653 2332 quibus
2705 2264 2739 2317 ii
2779 2265 2939 2317 etiam
2981 2264 3072 2333 qui
3106 2262 3378 2315 habentur

1802 2374 2104 2420 sermones,
2134 2357 2336 2420 aiebat,
2370 2357 2572 2410 aethera
2603 2356 2868 2409 inliciunt.
2905 2355 3049 2420 Quid
3073 2353 3377 2424 praeterea?

1804 2448 1997 2505 Veram
2024 2450 2188 2504 etiam
2222 2450 2393 2502 lucem
2425 2448 2603 2516 pergit
2640 2447 2934 2517 praedicare
2962 2455 3162 2500 sanctae
3192 2444 3377 2498 Trini—

1804 2546 1955 2605 tatis,
1984 2555 2103 2609 qua:
2140 2542 2189 2593 in
2210 2538 2367 2594 Patre
2391 2537 2602 2593 etFilio
2634 2550 2688 2592 et
2722 2549 2913 2593 sancto
2944 2538 3149 2607 Spiritu
3183 2539 3237 2590 in
3272 2553 3376 2589 una

1804 2631 2089 2686 divinitate
2109 2640 2163 2684 et
2196 2629 2373 2684 tribus
2402 2628 2678 2698 personis,
2709 2630 2828 2682 sine
2854 2628 3119 2697 principio
3144 2638 3198 2680 et
3233 2642 3377 2681 sem-

1807 2723 2035 2791 piterne,
2084 2737 2112 2773 a
2143 2721 2473 2787 Christianis
2527 2719 2991 2787 contemplatione
3041 2719 3284 2771 cernitur
3324 2730 3379 2770 et

1807 2814 2082 2867 adoratur.
2118 2810 2239 2865 Hmc
2278 2812 2494 2881 quidem
2540 2809 2801 2865 Joannes.
2839 2809 3039 2863 L-l-tata
3070 2816 3154 2864 est
3199 2817 3378 2865 autem

1809 2907 2059 2959 universa
2103 2905 2283 2966 turba,
2327 2918 2447 2972 qua:
2499 2902 2829 2971 sequebatur
2882 2908 3066 2970 partes
3112 2900 3317 2956 Christi
3364 2917 3379 2964 ;

1807 2998 1995 3051 dolore
2022 3008 2200 3050 autem
2227 2995 2402 3049 affecti
2432 2995 2683 3063 gentiles,
2716 2994 2795 3047 ira
2824 2992 3043 3047 fuerunt
3068 2992 3280 3061 perciti.
3317 2991 3384 3046 L't

1809 3090 1996 3160 paucis
2048 3090 2324 3142 absolvam
2354 3128 2369 3150 ,
2414 3102 2521 3140 una
2570 3100 2695 3139 cum
2748 3086 2827 3140 eis
2874 3094 3120 3138 movetur
3167 3099 3383 3153 quoque

131 3178 199 3240 δὲ,
232 3167 421 3247 μακρά
458 3194 579 3229 τινα
604 3176 744 3229 κατά
770 3192 827 3228 τε
873 3176 1121 3229 Ἰωάννου
1163 3175 1259 3229 καὶ
1305 3176 1405 3244 τῆς
1439 3177 1575 3246 ὑπὲρ
1607 3178 1701 3228 αὑ-

1809 3182 2117 3252 praefeetus,
2149 3181 2346 3248 jubens
2369 3178 2634 3233 Joannem
2659 3191 2877 3231 cessare
2911 3176 3042 3229 deos
3092 3175 3380 3229 ludiﬁcari.

133 3269 216 3322 τοῦ
245 3270 545 3340 θρησκείας
580 3271 759 3321 ἐκεῖνα
789 3268 1270 3337 λεσχηνευόμενος,
1319 3270 1419 3320 ὅσα
1442 3269 1518 3336 τῷ
1568 3268 1702 3336 θρη-

136 3364 319 3431 σκευτῇ
341 3361 461 3414 τῶν
488 3360 742 3414 τοιούτων
766 3360 932 3423 εἰκὸς,
962 3359 1135 3424 οὕτως
1160 3358 1340 3414 εἶπεν.
1369 3361 1510 3412 Ἀλλ’
1529 3364 1575 3413 οἱ
1603 3361 1700 3429 βα-

134 3451 454 3513 σιλεύοντες,
485 3452 690 3519 ἀντέφη
730 3453 757 3503 6
793 3450 1057 3521 ὕπαρχος,
1087 3451 1178 3518 ἀφ’
1210 3444 1272 3505 οὗ
1326 3453 1548 3521 Χριστῷ
1580 3467 1703 3502 συν-

133 3544 396 3609 ετάξαντο,
416 3543 611 3612 ὑψώοη
640 3542 711 3595 τὰ
738 3542 835 3610 τῆς
863 3542 1139 3611 βασιλείας
1172 3543 1368 3605 αὐτῶν,
1387 3542 1701 3610 ⁸ἅπανταχοῦ

134 3636 230 3686 τῶν
262 3634 617 3705 Χριστιανῶν
678 3634 971 3687 ἐπιδόντων
1026 3636 1105 3696 είς
1151 3635 1383 3696 πλάτος⁸
1436 3631 1516 3695 οἷς
1550 3634 1705 3701 κάγὼ

135 3722 506 3790 κεκοινώνηκα
534 3722 629 3773 καὶ
652 3714 731 3783 είς
760 3724 819 3773 τὸ
854 3722 1073 3791 δεῖγμα.
1112 3723 1277 3775 Πάλιν
1308 3723 1399 3775 οὖν
1443 3724 1707 3793 Ἀνθεμίῳ

135 3812 324 3864 τούτων
360 3812 662 3865 ἀκούσαντι
692 3812 867 3881 κημὸς
902 3814 997 3865 καὶ
1028 3815 1319 3880 κατήφεια.
1353 3814 1463 3866 Καὶ
1496 3813 1705 3881 δέχεται

134 3906 216 3954 τὸν
241 3905 400 3970 λόγον
422 3906 450 3957 6
483 3905 757 3971 Ἰωάννης,
788 3903 1066 3956 καὶταῦτα
1099 3904 1470 3973 πριστίθησιν·
1512 3904 1704 3973 ’Λςκευ-

135 3994 238 4063 δὴς,
273 3995 476 4062 λέγων,
511 3989 557 4047 ὧ
591 3994 803 4064 ἄνδρες,
837 3997 864 4048 6
894 3995 1159 4065 ὕπαρχος.
1217 3996 1291 4048 Οὐ
1326 3996 1433 4064 γάρ
1462 3998 1545 4057 τίς
1593 4001 1706 4049 ἐστι

134 4087 282 4148 τόπος
315 4087 416 4138 ἀπ’
444 4087 634 4156 ἄκρων
672 4086 775 4149 ἓως
797 4088 967 4157 ἄκρου
997 4090 1095 4156 τῆς
1122 4088 1465 4155 οἰκουμένης,
1492 4082 1551 4140 οὗ
1576 4090 1707 4157 Χρι-

139 4179 249 4241 στὸς
279 4180 339 4232 οὐ
379 4181 614 4247 τιμᾶται
648 4179 741 4231 καὶ
782 4179 1018 4232 σέϐεται.
1054 4181 1165 4232 Καὶ
1193 4179 1245 4230 εἴ
1275 4196 1358 4241 τις
1407 4179 1711 4247 φιλοπονὼν

138 4268 295 4321 ἐθέλοι
328 4270 549 4337 μαθεῖν,
577 4268 710 4321 ἴστω
739 4268 805 4320 τὰ
830 4270 1083 4338 περὶτῶν
1115 4272 1170 4322 ὲν
1201 4268 1553 4339 Ἰερουσαλὴμ
1581 4272 1710 4323 ἁπο-

139 4362 545 4431 σκιρτησάντων
583 4361 873 4425 Ἰουδαίων,
904 4364 1048 4424 ὅπως
1092 4361 1228 4429 μετὰ
1267 4360 1460 4431 τῆν’ὲκ
1505 4361 1712 4430 νεκρῶν

138 4452 363 4521 Χριστοῦ
426 4451 751 4516 ἀναϐίωσιν,
788 4452 867 4522 τῷ
930 4452 1217 4520 Ῥωμαίων
1268 4451 1711 4521 πολιορκούμενοι

138 4544 327 4613 δόρατι,
355 4548 439 4608 εἰς
469 4543 725 4596 τοσοῦτον
750 4543 1061 4605 στενώσεως
1090 4538 1274 4611 ἦλθον,
1325 4541 1463 4594 ὥστε
1493 4543 1591 4604 τὰς
1608 4542 1714 4593 τῶν
1750 4533 1789 4587 D

144 4636 272 4689 ἰδίων
293 4637 513 4706 νηπίων
544 4634 752 4703 σάρκας
776 4636 895 4687 ἀντί
911 4634 1015 4685 τῶν
1035 4634 1214 4705 ἄρτων
1233 4637 1443 4701 φαγεῖν.
1462 4635 1524 4687 Oi
1538 4634 1717 4687 τοίνυν

139 4729 250 4795 ἐμοὶ
299 4727 646 4794 πειθόμενοι,
680 4726 787 4778 ἰδοὺ
813 4728 840 4777 ό
862 4724 1181 4787 ἐπίσκοπος,
1219 4723 1545 4794 προσέλθετε
1580 4727 1717 4794 πρὸς

140 4819 307 4885 αὐτὴν,
329 4819 431 4870 καὶ
461 4815 822 4884 βαπτίσθητε.
861 4815 1080 4886 Ἐπειδὴ
1109 4817 1165 4868 δέ
1190 4833 1274 4883 τις
1305 4816 1379 4885 τῷ
1415 4817 1544 4886 θείῳ
1568 4819 1716 4887 ζήλῳ

143 4909 225 4959 καὶ
245 4907 411 4975 φῦϐος
439 4905 673 4958 ἔπεσθαι
705 4904 931 4971 πέφυκε,
970 4904 1125 4973 φοϐεῖ
1157 4907 1249 4957 κα)⁵
1281 4905 1503 4966 τούτους
1553 4908 1715 4967 αὐτὸς

141 5001 164 5052 ὁ
204 5000 480 5068 Ἰωάννης.
522 4994 617 5057 Οἷς
644 4999 748 5066 γάρ
783 4998 841 5050 τὸ
876 4997 1214 5066 ρᾳστωνεῦον
1249 4999 1345 5065 τῆς
1380 4998 1606 5066 γνώμης
1640 4998 1717 5067 τῷ

146 5094 313 5161 χαύνῳ
341 5092 725 5159 πολιορκεῖται
756 5091 1088 5158 φρονήματι,
1123 5090 1284 5143 καλὸν
1325 5092 1414 5142 καὶ
1446 5090 1721 5159 ὠφέλιμον

145 5187 173 5253 ἠ
202 5187 292 5238 τοῦ
326 5185 507 5254 φόϐου
552 5183 895 5253 παρέστηκεν
932 5183 1308 5253 άνθυποφορά.
1351 5183 1511 5235 Φοϐεἰ
1540 5184 1720 5236 τοίνυν

145 5279 327 5340 αιτοίδς
359 5281 387 5330 ὁ
420 5276 677 5345 ζηλωτὴς
717 5278 929 5338 ἐκεῖνος
975 5274 1185 5337 Ἠλίας.
1216 5276 1265 5327 τί
1296 5275 1507 5343 λέγωνς
1544 5277 1604 5328 Εἰ
1648 5275 1721 5345 μὴ

149 5369 392 5423 πείθεσθὲ
454 5386 549 5436 μοι
595 5368 663 5419 τὰ
699 5367 876 5431 ζῶντα
917 5368 1373 5437 συμϐουλεύοντι.
1431 5370 1539 5421 ἰδοὺ
1592 5370 1721 5421 ἀνα-

146 5458 286 5525 ρὲρω
326 5460 443 5520 τοῖς
486 5455 789 5526 βασιλεῦσι,
832 5458 921 5509 καὶ
976 5458 1286 5529 παραυτίκα
1342 5458 1721 5511 ἀποθανεῖσθε.

146 5550 421 5621 Κρείσσων
482 5548 596 5618 γάρ
651 5548 874 5611 θάνατος
928 5548 1076 5619 ζωῆς
1143 5551 1573 5621 βλασφημούσης
1634 5552 1723 5603 τὸν

147 5643 425 5715 ζωοδότην,
473 5642 928 5712 ἀναισθητότερόν
970 5661 1027 5695 τε
1065 5644 1365 5696 διακεῖσθαι
1409 5641 1585 5695 κυνῶν
1630 5643 1723 5694 καὶ

152 5736 405 5788 πετεινῶν
450 5735 552 5787 καὶ
586 5734 809 5802 θηρίων,
844 5734 877 5787 ἃ
925 5739 1032 5796 τοῖς
1089 5736 1351 5805 ἡμεροῦσι
1404 5735 1504 5788 καῖ
1539 5736 1722 5787 τιθασ-

152 5827 387 5880 σεύουσιν
426 5826 733 5881 ὑπείκοντα
784 5826 1040 5878 τέθεικεν.
1088 5826 1173 5877 Ἐν
1220 5825 1423 5887 τούτοις
1473 5824 1717 5878 Ἰωάννου

154 5916 690 5989 παρρησιαζομένου,
729 5916 1003 5988 ’Λνθὲμιος
1030 5916 1408 5972 ἀντανίσταται
1443 5917 1540 5988 μὲν
1574 5920 1710 5970 κατὰ

1809 3271 2099 3325 Anthemio
2136 3283 2328 3323 rursus
2377 3267 2537 3320 datus
2584 3272 2669 3319 est
2707 3263 2922 3319 dicendi
2970 3263 3144 3316 locus.
3181 3260 3243 3315 Et
3271 3262 3383 3329 pri-

1814 3377 1958 3415 mum
1987 3361 2204 3427 quidem
2237 3374 2293 3413 se
2347 3344 2561 3411 blandis
2592 3355 2773 3410 verbis
2810 3355 3053 3409 insinuat
3086 3351 3339 3421 praefecto
3368 3367 3382 3414 ;

1813 3452 1968 3508 valde
2003 3461 2181 3505 autem
2207 3458 2263 3503 et
2293 3449 2501 3517 prolixe
2536 3458 2772 3515 nugatur
2798 3446 2850 3499 in
2891 3444 3155 3499 Joannem
3184 3451 3238 3497 et
3263 3444 3384 3511 ejus

1814 3543 2149 3610 religionem,
2183 3540 2271 3593 illa
2305 3541 2578 3594 blateratis
2608 3552 2729 3607 quae
2765 3538 2952 3590 talium
2987 3536 3255 3589 cultorem
3291 3534 3387 3587 de-

1813 3642 1958 3694 cent,
1990 3632 2063 3685 ita
2098 3632 2254 3684 dixit.
2286 3629 2414 3693 Sed,
2462 3644 2525 3683 ex
2560 3643 2667 3697 quo
2704 3628 3079 3697 imperatores,
3113 3630 3386 3678 contesta-

1816 3737 1900 3781 tus
1947 3734 2030 3780 est
2075 3724 2383 3794 praefectus,
2446 3723 2669 3777 Christo
2731 3735 2926 3774 nomen
2981 3718 3284 3780 dederunt,
3333 3717 3385 3767 in

1814 3822 1982 3873 altum
2026 3818 2300 3871 sublatum
2340 3824 2641 3869 esteorum
2676 3808 2986 3880 imperium,
3028 3823 3154 3861 eum
3189 3807 3388 3872 ubique

1814 3911 2112 3965 Christiani
2141 3911 2296 3976 longe
2321 3908 2535 3974 lateque
2567 3905 2890 3963 crevissent,
2922 3916 3045 3955 cum
3082 3899 3281 3968 quibus
3312 3897 3386 3949 fui

1816 4020 1913 4071 ego
1944 4003 2204 4057 societate
2233 4000 2581 4067 conjunctus,
2607 4004 2660 4052 et
2687 3996 2737 4048 in
2762 3995 2906 4047 hunc
2934 3993 3113 4046 locum
3149 4005 3268 4044 sum
3297 3991 3389 4042 de-

1818 4098 2033 4150 ductus.
2074 4092 2285 4146 Rursus
2314 4106 2443 4159 ergo
2477 4086 2771 4141 Anthemio
2806 4085 3039 4153 injectus
3067 4090 3153 4135 est
3186 4091 3391 4133 maeror

1819 4197 1871 4241 et
1898 4185 2139 4239 tristitia.
2167 4182 2295 4251 Ejus
2322 4189 2501 4234 autem
2531 4180 2835 4233 orationem
2868 4170 3322 4242 excipitJoannes
3338 4176 3391 4222 ct

1822 4280 1933 4330 haec
1977 4276 2179 4343 adjicit,
2215 4273 2405 4325 dicens
2437 4290 2447 4323 :
2488 4270 2623 4322 Vera
2674 4268 2806 4320 dicit
2859 4264 3166 4336 praefectus,
3201 4278 3233 4317 0
3265 4262 3389 4315 viri.

1820 4367 2010 4420 Nullus
2038 4373 2118 4418 est
2156 4362 2298 4416 enim
2342 4360 2491 4413 loeus
2526 4360 2593 4410 ah
2630 4357 2891 4411 extremis
2923 4370 3094 4423 usque
3120 4352 3185 4406 ad
3212 4364 3392 4407 extre-

1822 4474 1909 4509 ma
1958 4455 2106 4509 orbis
2142 4463 2433 4513 terrarum,
2466 4450 2554 4503 ubi
2591 4447 2842 4501 Christus
2874 4461 2978 4499 non
3006 4446 3303 4497 honoratur
3340 4450 3393 4494 et

1820 4549 2056 4606 colitur;
2098 4554 2152 4597 et
2200 4544 2243 4596 si
2286 4542 2406 4610 quis
2460 4540 2763 4594 studiosius
2817 4538 2929 4588 hch
2983 4537 3109 4588 velit
3157 4535 3391 4589 disrcre,

1819 4642 1960 4693 sciat
2002 4639 2068 4691 de
2103 4635 2304 4689 Judwis
2341 4633 2434 4701 qui
2464 4632 2718 4685 exierunt
2755 4630 2822 4680 ab
2870 4626 3171 4680 Jerusalem
3195 4664 3207 4683 ,
3247 4623 3390 4692 quod

1821 4740 2106 4798 postquam
2151 4724 2403 4777 Christus
2441 4719 2831 4775 resurrexisset
2863 4732 2891 4770 a
2937 4716 3187 4777 uinrtuis,
3224 4730 3253 4766 a
3284 4714 3394 4766 lio-

1822 4819 2000 4873 tnanis
2050 4815 2188 4869 bello
2221 4813 2456 4875 obsessi,
2488 4814 2554 4863 ad
2590 4822 2767 4862 tantas
2815 4808 3023 4862 redacti
3052 4815 3180 4860 sunt
3221 4821 3391 4874 angu-

1822 4913 1978 4974 stias,
2013 4918 2068 4963 ut
2102 4923 2326 4960 suorum
2362 4902 2650 4957 infantium
2692 4917 2886 4955 carnes
2923 4915 3018 4967 pro
3048 4913 3185 4967 pane
3209 4911 3395 4950 come-

1823 5005 2021 5060 derint.
2058 5001 2305 5068 Quiergo
2332 4997 2461 5049 mihi
2493 4995 2739 5056 creditis,
2768 5008 2897 5047 ecce
2924 4993 3218 5060 episcopus
3250 5007 3265 5055 ;
3301 5006 3396 5041 ae-

1824 5095 1997 5149 cetlite
2031 5092 2095 5145 ad
2116 5096 2309 5146 cumet
2335 5085 2709 5155 liaptizemiui.
2756 5083 3024 5147 Quoniam
3050 5088 3229 5141 autem
3259 5080 3395 5133 divi-

1826 5200 1949 5239 num
1988 5183 2160 5237 zelum
2217 5180 2354 5233 solet
2398 5180 2560 5231 etiam
2607 5184 2785 5228 metus
2836 5174 3056 5243 quidam
3106 5174 3393 5237 consequi,

1826 5278 1949 5330 illos
1982 5282 2147 5328 terret
2177 5274 2290 5341 ipse
2320 5269 2577 5325 Joannes.
2598 5267 2806 5331 Quibus
2831 5265 2974 5319 enim
3008 5264 3175 5316 animi
3212 5276 3398 5315 socor-

1828 5368 1916 5422 dia
1969 5365 2250 5420 obsidetur
2283 5377 2312 5415 a
2369 5361 2514 5414 molli
2558 5367 2613 5411 et
2652 5365 2913 5412 enervato
2946 5354 3165 5421 spiritu,
3195 5352 3400 5405 utiliter

1829 5458 1910 5513 eis
1969 5464 2144 5510 metus
2178 5452 2458 5522 objicitur.
2508 5447 2614 5501 Eos
2648 5462 2778 5516 ergo
2812 5454 2977 5497 terret
3008 5445 3125 5495 zelo
3162 5441 3401 5507 percitus

1827 5552 1918 5605 ille
1955 5549 2098 5603 Elias
2138 5562 2150 5609 ;
2186 5545 2315 5615 quid
2344 5545 2532 5599 dicens
2562 5541 2583 5593 ’ἶ
2615 5539 2730 5595 Nisi
2780 5538 2910 5591 mihi
2945 5534 3236 5606 parueritis
3268 5549 3400 5586 eon-

1831 5642 2028 5698 sulenti
2083 5654 2202 5709 qua:
2246 5638 2377 5691 dant
2435 5635 2708 5697 salutem;
2742 5647 2871 5686 ecce
2916 5644 3013 5683 vos
3060 5628 3299 5681 deferam
3334 5624 3399 5676 ad

1832 5736 2209 5803 imperatores,
2247 5741 2300 5784 et
2343 5728 2521 5781 statim
2559 5724 2888 5777 moriemini.
2943 5722 3037 5775 Est
3078 5720 3222 5773 enim
3253 5733 3403 5770 mors

1835 5823 2023 5877 melior
2056 5837 2217 5889 quam
2259 5820 2388 5878 vita,
2433 5830 2554 5883 qua:
2599 5811 2946 5879 blasphemiis
2990 5819 3044 5862 et
3098 5806 3403 5860 maledictis

1824 5916 2053 5970 incessit
2088 5914 2206 5967 \ita-
2232 5912 2499 5975 datorem,
2526 5914 2577 5962 et
2599 5905 2777 5959 minus
2815 5903 2975 5958 habet
3026 5916 3219 5957 sensus
3244 5911 3403 5965 quam
