4182 6440
743 442 852 507 235

2014 435 2288 496 LEONIS
2319 435 2779 496 PHILOSOPHI

3892 435 4001 497 23‘}

744 568 914 610 canes
950 560 1003 607 et
1045 549 1295 605 volucres
1319 558 1373 605 et
1428 547 1554 604 fera:
1592 562 1712 617 quae
1749 549 1818 604 iis
1864 549 2067 602 cedunt
2103 550 2195 616 qui
2227 562 2321 604 eas

2459 547 2664 618 ἱριστοῦ
2693 545 2969 618 χαλεπῶς,
2994 549 3183 602 πίπτει
3211 549 3267 601 δὲ
3292 547 3689 618 χαλεπώτερον.
3729 547 3869 616 Ἤδη
3896 550 4009 616 γάρ

747 648 909 702 mites
961 645 1168 700 faciunt
1212 653 1265 700 et
1303 646 1540 699 cicures.
1586 642 1723 698 Cum
1775 643 1887 694 lnec
1917 641 2086 695 libere
2119 641 2326 694 diceret

745 737 1011 800 Joannes,
1051 737 1379 791 Anthemius
1423 736 1667 806 graviter
1705 733 1927 803 quidem
1973 732 2206 799 insurgit
2233 732 2328 786 ad-

747 841 939 883 versus
957 824 1259 887 Christum,
1289 823 1434 878 cadit
1461 832 1642 878 autem
1671 823 1914 892 gravius.
1940 819 2060 873 Jam
2090 819 2235 874 enim
2266 834 2329 875 os

748 919 1075 974 sceleratum
1116 917 1358 972 nondum
1404 924 1645 972 cesserat
1692 913 1974 967 Christum
2023 909 2331 967 maledictis

749 1012 1064 1077 incessere;
1108 1021 1160 1065 ct
1182 1010 1433 1078 protinus
1457 1023 1485 1061 a
1520 1008 1714 1077 spiritu
1739 1005 2024 1059 immundo
2047 1012 2330 1070 correptus

751 1103 1096 1166 Anthemius,
1139 1103 1473 1157 afﬁciebatur
1496 1102 1637 1153 sicut
1663 1096 2005 1161 diemoniaci,
2042 1096 2330 1149 horrorem

749 1204 805 1248 et
825 1194 1010 1266 fugam
1035 1195 1335 1248 immittcns
1361 1192 1428 1246 iis
1455 1191 1548 1261 qui
1573 1191 1932 1260 aspiciebant.
1954 1186 2154 1241 Deinde
2171 1184 2337 1254 quid?

750 1285 1127 1341 Misericordia
1167 1292 1422 1339 movetur
1454 1283 1714 1343 Joannes,
1749 1289 1803 1334 et
1833 1277 2205 1340 Anthemium,
2232 1277 2336 1330 etsi

753 1377 900 1432 malo
922 1376 1102 1431 adhuc
1141 1385 1453 1438 vexaretur,
1499 1373 1709 1441 magnis
1737 1369 2076 1425 clamoribus
2114 1365 2334 1422 confes—

753 1485 898 1534 sum,
950 1485 1058 1524 non
1101 1485 1223 1524 esse
1259 1468 1424 1522 alium
1468 1463 1638 1520 Deum
1672 1466 1774 1519 nisi
1811 1447 2276 1525 Christianorum,
2305 1471 2334 1515 a

757 1563 900 1617 malo
952 1563 1168 1617 liberat.
1197 1562 1449 1632 Cumque
1480 1569 1626 1617 esset
1670 1559 1924 1613 redactus
1956 1558 2009 1611 in
2053 1557 2336 1622 cxstasim,

755 1669 946 1709 omnes
970 1653 1194 1722 quidem
1231 1653 1398 1708 allicit
1425 1653 1811 1716 admiratione,
1840 1659 2066 1721 propter
2103 1646 2340 1718 repenti-

755 1760 879 1798 nam
920 1748 1321 1812 mutationem;
1375 1756 1597 1816 repente
1637 1753 1818 1800 autem
1865 1743 2174 1814 baptizatur
2213 1753 2336 1795 cum

757 1845 871 1890 tota
897 1836 1064 1891 domo
1095 1853 1110 1902 ;
1144 1843 1198 1891 et
1221 1837 1299 1889 sic
1319 1835 1642 1890 confirmata
1674 1836 1987 1904 baptlzatur
2024 1831 2337 1885 multitudo.

2427 641 2490 692 τὸ
2524 639 2715 708 μιαρὸν
2735 637 2889 692 οὔπω
2920 638 3092 707 στόμα
3116 639 3215 708 τῆς
3238 641 3382 692 κατά
3398 637 3635 710 Χριστοῦ
3663 637 4012 708 βλασφημίας

2429 729 2724 792 ἐπαύσατο,
2754 731 2848 782 καὶ
2874 728 3151 799 παρευθὺς
3180 729 3450 798 πνεύματι
3479 729 3772 799 ἀκαθάρτῳ
3791 729 4013 798 βληθεὶς

2427 821 2457 873 6
2496 822 2794 889 Ἀνθὲμιος,
2833 823 2901 875 τά
2968 821 3075 874 τῶν
3102 823 3484 892 δαιμονώντων
3545 823 3768 891 πάσχει,
3801 821 4011 890 φρίκην

2429 911 2525 963 καὶ
2557 910 2733 981 φυγὴν
2751 912 2776 962 ὲ
2783 912 2996 980 μποιῶν
3021 914 3132 974 τοῖς
3152 912 3372 981 ὁρῶσιν.
3393 909 3526 963 Είτα
3546 910 3597 962 τί
3619 927 3632 972 ;
3659 909 4011 961 Δυσωπεῖται

2429 1004 2459 1055 6
2492 1003 2766 1072 Ἰωάννης,
2792 1004 2884 1055 καὶ
2904 1003 2995 1057 τὸν
3031 1003 3311 1074 Ἀνθέμιον
3337 1004 3440 1056 κάν
3471 1003 3547 1071 τῷ
3566 1001 3726 1055 πάθει
3754 1000 3832 1051 ἔτι
3857 1001 4015 1059 ὄντα,

2432 1093 2526 1146 καὶ
2547 1096 2816 1162 κραυγαῖς
2865 1094 3119 1164 ὑψηλαῖς,
3174 1095 3251 1165 μὴ
3289 1095 3422 1147 Θεὸν
3468 1094 3628 1148 ἄλλον
3698 1088 3836 1145 εἶναι
3875 1091 4018 1159 πλὴν

2431 1183 2526 1236 τοῦ
2575 1185 2713 1238 Θεοῦ
2747 1185 2855 1238 τῶν
2884 1186 3248 1254 Χριστιανῶν,
3279 1185 3689 1256 διομιλήσαντα,
3725 1181 4019 1250 ἐλεύθερον

2433 1273 2528 1326 τοῦ
2555 1274 2759 1337 πάθους
2791 1275 3103 1343 ἐργάζεται.
3134 1279 3242 1331 Καὶ
3273 1275 3568 1347 γενόμενος
3634 1276 3692 1327 ὲν
3735 1274 4018 1337 ἐκστάσει,

2437 1365 2640 1436 θαμδεϊ
2668 1366 2766 1436 μὲν
2813 1367 3059 1434 ἅπαντας
3083 1369 3160 1440 τῷ
3211 1369 3392 1444 ἀθρόῳ
3422 1369 3520 1441 τῆς
3550 1366 3847 1442 μεταϐολῆς
3869 1387 3883 1400 ·
3921 1363 4020 1438 βα-

2438 1458 2688 1525 πτίζεται
2713 1461 2806 1512 καὶ
2830 1463 3169 1533 παραχρῆμα
3212 1463 3533 1533 πανοικεσίᾳ
3554 1481 3565 1494 ·
3609 1463 3703 1515 καὶ
3730 1462 3873 1515 οὕτω
3898 1476 4022 1513 στε-

2441 1554 2712 1623 ρεωθέντα
2744 1555 2836 1608 καὶ
2879 1555 2947 1608 τά
3003 1555 3182 1628 πλήθη
3232 1555 3584 1626 βαπτίζεται·
3644 1557 3704 1607 οὗ
3743 1555 3905 1624 μόνον
3936 1552 4022 1615 δὲ,

2438 1646 2574 1698 ἀλλὰ
2606 1649 2696 1699 καὶ
2726 1649 2832 1700 τῶν
2862 1649 3207 1702 ἀκουσάντων
3241 1649 3508 1712 ἅπαντες,
3540 1648 3648 1701 υίολ
3680 1646 3856 1715 φωτὸς
3884 1648 4023 1699 ἀνα-

2441 1737 2734 1805 γεννῶνται
2771 1738 2848 1807 τῷ
2879 1738 3008 1810 θείῳ
3045 1739 3402 1810 βαπτίσματι.
3439 1739 3608 1808 Κοινὴ
3645 1741 3810 1791 πᾶσιν
3840 1737 4028 1790 ὲντεῦα

2443 1827 2536 1881 θεν
2589 1830 2929 1901 εὐφροσύνης
2967 1832 3062 1884 καὶ
3105 1833 3281 1902 χαρᾶς
3331 1831 3684 1900 ἀγαλλίασιςο
3723 1830 3796 1893 ὡς
3841 1831 4028 1898 ἔργοις

757 1926 868 1982 Nec
906 1928 1008 1982 hoc
1058 1928 1235 1981 solum
1270 1945 1285 1994 ;
1321 1927 1413 1982 sed
1451 1929 1615 1982 etiam
1671 1942 1737 1980 ex
1779 1927 1844 1979 iis
1882 1923 1975 1994 qui
2025 1921 2339 1983 audierunt,

2459 1921 2619 1983 ιὺτοῖς
2651 1922 2775 1990 ἐνῆν
2807 1925 3044 1994 καθορᾷν
3070 1924 3130 1976 τὸ
3163 1924 3422 1995 ᾀδόμενον
3444 1941 3459 1954 ο
3509 1923 3605 1988 Ὠς
3638 1919 4032 1989 εὐφραινομέ-

757 2033 950 2072 omnes
992 2017 1085 2071 ﬁlii
1130 2018 1269 2072 lucis
1325 2026 1720 2086 regenerantur
1759 2015 1948 2068 divino
1987 2012 2334 2081 baptismate.

759 2107 1082 2164 Communis
1126 2109 1255 2162 hinc
1287 2110 1546 2162 oumibus
1579 2107 1763 2178 gaudii
1800 2116 1853 2160 ct
1876 2105 2073 2159 la‘titiaa
2100 2102 2344 2156 exsulta-

760 2198 880 2262 tio;
933 2197 1068 2252 adeo
1105 2207 1163 2252 ut
1197 2213 1254 2253 re
1294 2199 1410 2267 ipsa
1453 2197 1638 2252 liceret
1667 2197 1866 2250 intueri
1898 2195 2044 2264 quod
2087 2191 2338 2245 canitur:

762 2291 1085 2344 La'trmtium
1118 2293 1352 2345 omnium
1380 2290 1636 2343 habitatio
1661 2299 1737 2342 est
1768 2290 1822 2341 in
1853 2298 1902 2340 te
1934 2288 1976 2337 '.
2005 2285 2178 2353 llujus
2208 2282 2342 2335 laeti-

764 2381 852 2435 tia:
876 2396 1097 2436 causam
1124 2382 1410 2451 ignorabat
1457 2380 1687 2432 antistes
1722 2378 2082 2430 Athenarum.
2129 2371 2338 2424 Deinde

2444 2029 2566 2065 νων
2604 2012 2845 2066 πάντων
2891 2016 2929 2081 ὴ
2983 2017 3257 2069 κατοικία
3299 2015 3368 2066 ἐν
3392 2015 3514 2067 σοί.
3543 2014 3758 2082 Ταύτης
3802 2012 3904 2078 τῆς
3938 2009 4033 2062 εύ-

2446 2100 2721 2170 φροσύνης
2737 2105 2764 2155 6
2787 2103 3050 2173 πρόεδρος
3083 2104 3323 2173 Ἀθηνῶν
3345 2103 3529 2172 ἠγνόει
3547 2101 3636 2153 τὸν
3668 2104 3841 2153 αίτιον
3865 2115 3884 2129 ⁸
3908 2095 4032 2151 εἶτα

2449 2191 2656 2262 μαθὼν,
2683 2194 2774 2245 ἐπὶ
2801 2194 2899 2264 τὴν
2934 2195 3271 2264 χειροτονίαν
3301 2195 3490 2246 τοῦτον
3532 2192 3760 2261 γνώμην
3789 2192 4032 2243 ποιεῖται

2449 2287 2842 2352 προσαγαγεῖν.
2878 2287 2986 2338 Καὶ
3021 2285 3184 2353 γνοὺς
3213 2287 3241 2338 6
3268 2286 3544 2353 Ἰωάννης,
3595 2281 3773 2354 λάθρα
3798 2279 4032 2350 διαφεύ-

2446 2388 2558 2439 γει,
2589 2373 2685 2425 καὶ
2706 2375 2770 2443 τῇ
2803 2374 3024 2443 πατρίδι
3054 2373 3245 2427 ἑαυτὸν
3284 2374 3629 2427 ἀποδίδωσιν.

763 2488 888 2527 cuin
922 2473 1308 2538 intellexisset,
1343 2487 1464 2525 eum
1493 2471 1689 2524 statuit
1722 2467 1995 2523 adducere
2025 2461 2091 2517 ad
2131 2461 2557 2517 ordinationem.
2600 2462 2759 2528 Quod
2791 2478 2917 2518 cum
2987 2465 3299 2519 rescivisset
3357 2461 3620 2529 Joannes,
3687 2461 3827 2516 clam
3907 2472 4009 2512 au-

765 2565 933 2634 fugit,
962 2573 1016 2618 et
1049 2579 1106 2617 se
1129 2563 1309 2617 reddit
1345 2562 1554 2632 pati-ire.

837 2656 890 2711 5.
918 2654 1059 2708 llinc
1085 2655 1289 2722 ubique
1318 2663 1595 2707 terrarum
1657 2652 1800 2706 fama
1849 2661 1901 2707 et
1931 2668 2185 2708 sermone
2219 2655 2338 2703 erat

765 2750 1076 2804 celebratus
1106 2745 1370 2810 Joannes,
1400 2761 1524 2798 eum
1559 2743 1624 2798 ad
1655 2745 1786 2798 illud
1824 2753 2037 2814 tempus
2071 2745 2335 2808 venisset,

767 2856 879 2911 quo
911 2841 1114 2909 lanugo
1148 2840 1291 2893 solet
1315 2853 1485 2908 genas
1518 2837 1745 2900 vestire,
1789 2847 1849 2892 ut
1879 2839 1972 2907 qui
2010 2853 2182 2892 annos
2211 2853 2342 2907 age-

769 2939 852 2986 ret
887 2931 1073 2984 decem
1121 2937 1174 2982 et
1220 2937 1367 2982 octo.
1428 2927 1550 2994 Quo
1607 2937 1855 2998 tempore
1916 2943 2043 2982 cum
2080 2927 2350 2999 insignem

769 3038 896 3077 esse
947 3020 1220 3074 Joannem
1276 3035 1506 3088 magnus
1547 3019 2040 3074 animadvertisset
2076 3018 2348 3082 Mcletius,

769 3115 1069 3185 persuadet
1096 3120 1152 3167 ut
1184 3113 1250 3167 ad
1289 3127 1350 3167 sc
1400 3111 1588 3166 veniat
1651 3109 2020 3180 frequentius.
2057 3109 2177 3176 Quo
2209 3121 2352 3165 tem-

775 3222 904 3274 pore
927 3205 1134 3260 dicitur
1169 3205 1286 3259 suis
1316 3203 1737 3273 condiscipulis,
1771 3201 2088 3265 Theodoro,
2123 3201 2218 3272 qui
2251 3201 2355 3254 fuit

2508 2649 2568 2695 ε’.
2595 2643 2683 2703 Ὠς
2709 2643 3032 2706 ἐξάκουστος
3059 2641 3214 2695 ἐνθεν
3249 2642 3502 2710 Ἰωάννης
3533 2637 3852 2706 ἁπανταχοῦ
3885 2639 4022 2707 γῆς,

2451 2736 2630 2786 ἐκεῖνο
2663 2733 2756 2785 τοῦ
2783 2733 2979 2802 χρόνου
3007 2733 3242 2800 φθάσας,
3268 2734 3297 2784 6
3327 2731 3427 2800 τὴν
3455 2731 3672 2800 ὑπήνην
3697 2727 3882 2782 ἀνθεῖν
3906 2728 4037 2795 ἄρτι

2452 2827 2842 2898 προϐάλλεται,
2871 2825 3016 2881 όκτὼ
3044 2827 3182 2897 πρὸς
3209 2828 3321 2890 τοῖς
3353 2825 3490 2879 δέκα
3515 2823 3614 2892 τὴν
3645 2821 3868 2893 ήλικίαν
3899 2821 4037 2889 άγό-

2457 2936 2613 2989 μενος
2647 2917 2848 2980 ἐτεσιν,
2885 2919 2942 2970 ἐν
2971 2912 3051 2980 οἷς
3091 2915 3469 2986 διαπρέποντα
3505 2914 3597 2966 τὸν
3632 2913 3888 2980 Ἰωάννην
3920 2913 4042 2964 Με-

2456 3009 2634 3072 λέτιος
2683 3010 2712 3062 6
2765 3009 2938 3077 μέγας
2999 3005 3277 3078 προσχὼν,
3325 3005 3504 3057 πείθει
3551 3004 3652 3073 τὴν
3686 3001 3824 3071 πρὸς
3870 3000 4045 3054 αὑτὸν

2458 3101 2734 3154 ποιεῖσθαι
2767 3100 3092 3169 συχνότερον
3119 3099 3322 3168 ἄφιξιν.
3362 3095 3534 3150 Ἔνθα
3557 3094 3622 3164 δὴ
3655 3093 3879 3162 λέγεται
3903 3093 4038 3155 τοὺς

2463 3192 2865 3261 συμφοιτητάς,
2900 3191 3203 3259 Θεόδωρον,
3248 3188 3340 3241 τὸν
3373 3186 3602 3257 ὕστερον
3633 3183 4045 3252 Μοψουεστίας,

773 3308 962 3366 postea
994 3298 1290 3367 cpisconus
1331 3296 1696 3364 Mepsuestiw,
1719 3303 1771 3349 et
1802 3293 2040 3348 Maximo
2072 3293 2350 3358 Seleucia‘,

2463 3286 2558 3337 καὶ
2608 3283 2862 3351 Μάξιμον
2891 3280 3236 3343 Σελευκείας,
3271 3281 3458 3332 πεῖσαι
3496 3276 3558 3330 τὸ
3605 3273 4050 3347 χρηματιστικὸν

777 3389 1128 3454 persuasisse
1161 3396 1221 3442 ut
1248 3388 1436 3442 relicta
1468 3387 1580 3441 vita
1602 3387 1862 3456 augendae
1880 3385 2124 3455 pecuniae
2147 3385 2350 3450 dedita,

775 3485 942 3536 vitam
975 3483 1240 3552 eligerent
1289 3488 1508 3534 tenuem
1564 3488 1619 3533 et
1652 3479 1987 3532 solitariam.
2047 3474 2186 3530 llinc
2225 3491 2350 3529 cum

779 3588 976 3641 magno
1010 3572 1232 3636 Basilio,
1259 3571 1351 3640 qui
1379 3571 1447 3624 ab
1479 3571 1596 3640 ipso
1637 3569 1853 3624 Meletio
1875 3569 2144 3622 diaconus
2175 3567 2354 3622 fuerat

778 3663 1092 3729 ordinatus,
1143 3678 1340 3732 magna
1390 3663 1646 3732 jungitur
1690 3662 1957 3726 amicitia,
1995 3669 2049 3713 et
2089 3669 2265 3724 tanta,
2295 3669 2354 3714 ut

778 3765 971 3810 mutuo
1001 3769 1188 3810 amore
1227 3756 1415 3810 nullus
1445 3755 1493 3810 ei
1518 3763 1661 3808 esset
1710 3754 1938 3825 aequalis
1968 3769 2031 3810 ex
2075 3755 2162 3812 iis.
2203 3753 2294 3822 qui
2323 3768 2352 3807 a

783 3849 1055 3918 principio
1089 3848 1306 3902 fuerant
1343 3848 1392 3901 ei
1425 3848 1745 3903 familiares.
1777 3847 2068 3912 Quomodo
2111 3846 2255 3900 enim
2289 3847 2357 3901 ab

780 3939 1087 3994 artificibus
1141 3939 1557 4006 coniunguntur
1589 3940 1924 4007 harmoniae;
1971 3946 2067 3992 aut
2097 3953 2220 3992 cum
2264 3937 2355 4000 iis,

781 4047 900 4100 quae
935 4033 986 4084 in
1025 4033 1165 4086 ccelo
1191 4032 1389 4100 aequali
1431 4032 1718 4085 celeritate
1744 4041 2036 4084 moventur
2063 4030 2357 4084 luminari-

782 4127 909 4188 hus,
946 4125 1270 4179 inconfusus
1301 4123 1438 4178 ordo
1480 4123 1834 4195 conjungitur
1861 4123 2207 4187 coitionum;
2241 4131 2357 4187 aut,

786 4225 844 4270 nt
877 4217 1071 4269 melius
1099 4213 1303 4275 dicam,
1330 4213 1606 4282 quomodo
1642 4214 1734 4267 lux
1767 4213 1936 4279 visui,
1977 4222 2030 4267 et
2066 4213 2218 4266 visus
2251 4212 2357 4265 luci

785 4307 1127 4376 conjunctim
1157 4306 1363 4374 praebet
1383 4316 1441 4359 ut
1462 4305 1710 4359 videatur
1735 4323 1749 4369 ;
1785 4315 1878 4359 aut
1904 4305 2181 4374 quomodo
2208 4321 2360 4358 men-

787 4400 860 4454 tis
887 4414 1012 4453 cum
1045 4399 1252 4464 anima,
1286 4406 1334 4452 et
1366 4397 1562 4450 anitum
1597 4411 1726 4450 cum
1767 4404 1952 4451 mente
1988 4405 2114 4450 nota
2149 4405 2232 4450 est
2267 4411 2361 4449 co-

787 4492 1010 4560 gnatio;
1069 4497 1185 4555 aut,
1246 4497 1304 4543 ut
1354 4489 1533 4544 dicam
1591 4487 2037 4548 convenientius.
2086 4487 2362 4556 quomodo

2462 3371 2950 3434 καταλελοιπότας,
2979 3371 3067 3422 τὸν
3103 3368 3249 3422 λιτὸν
3278 3367 3375 3421 καὶ
3411 3366 3742 3434 μονότροπον
3774 3361 3890 3430 βίον
3921 3361 4048 3414 ἐλέ-

2465 3467 2612 3521 σθαι.
2665 3463 2946 3517 Ἐντεῦθεν
2977 3463 3055 3532 τῷ
3089 3460 3310 3531 μεγάλῳ
3339 3457 3630 3527 Βασιλείῳ,
3658 3456 3716 3517 ὃς
3749 3454 3839 3506 ὑπ’
3871 3454 4049 3506 αὑτοῦ

2465 3557 2733 3612 Μελετίου
2765 3556 3008 3617 διάκονος
3037 3552 3486 3622 κεχειροτόνητο,
3523 3548 3716 3618 φιλίως
3744 3548 3886 3613 ἄγαν
3911 3563 4051 3598 συν·

2465 3651 2715 3713 ἅπτεται,
2779 3649 2875 3700 καὶ
2939 3645 3213 3706 τοσοῦτον,
3263 3641 3404 3695 ῶστε
3451 3640 3526 3710 τῷ
3578 3639 3714 3709 πρὸς
3774 3637 4053 3707 ἀλλήλους

2464 3741 2675 3811 γνησίῳ
2725 3741 2819 3792 τοῦ
2875 3738 3100 3808 φίλτρου
3154 3736 3227 3806 μὴ
3269 3734 3336 3787 ἂν
3375 3732 3502 3786 ἄλλο
3545 3748 3598 3784 τι
3641 3730 3748 3783 τῶν
3800 3727 4052 3798 ἀρχῆθεν

2467 3833 2676 3888 ιθάδων
2728 3827 3181 3900 παρεξισοῦσθαι.
3211 3826 3425 3892 Ὥσπερ
3467 3824 3576 3891 γάρ
3622 3823 3736 3883 τοῖς
3769 3820 4053 3888 τεχνίταις

2467 3931 2524 3982 αἱ
2552 3925 2812 3996 ἁρμονίαι
2847 3923 3210 3973 συνάπτονται
3230 3931 3244 3946 ’
3271 3916 3304 3985 ἢ
3331 3917 3446 3977 τοῖς
3469 3915 3526 3966 ὲν
3555 3911 3769 3982 οὐρανῷ
3791 3911 4052 3979 φωστῆρ-

2469 4038 2554 4074 σιν
2599 4015 2861 4085 ἰσοταχῶς
2905 4011 3243 4080 κινουμένοις
3278 4011 3311 4077 ἡ
3357 4006 3705 4059 συνάπτουσα
3750 4002 3903 4067 τάξις
3938 3999 4055 4052 τῶν

2472 4111 2704 4165 συνόδων
2735 4107 3042 4174 ἀσύγχυτος
3063 4101 3130 4170 -ἢ
3166 4101 3369 4170 μᾶλλον
3391 4100 3587 4158 εἰπεῖν,
3622 4094 3811 4162 ὥσπερ
3839 4091 3964 4158 δψει
3990 4090 4056 4142 τὸ

2471 4204 2608 4274 φῶς,
2639 4201 2734 4254 καὶ
2770 4197 2911 4267 φωτὶ
2936 4196 2995 4248 τδ
3028 4194 3259 4264 ὁρᾶσθαι
3287 4190 3454 4262 (δψις)
3498 4180 3860 4255 συνημμένως
3894 4185 4059 4274 ἀντι-

2472 4270 2808 4364 παρέχεται·
2838 4289 2870 4358 ἢ
2903 4287 2994 4341 νοῦ
3022 4285 3157 4356 πρὸς
3189 4283 3389 4353 ψυχὴν,
3431 4281 3524 4334 καὶ.
3550 4277 3730 4348 ψυχῆς
3753 4275 3891 4343 πρὸς
3925 4270 4060 4323 νοῦν

2474 4383 2506 4452 ή
2559 4363 2849 4448 συγγένεια
2893 4375 3206 4445 γνώριμοςο
3257 4373 3316 4440 ἢ,
3368 4371 3456 4423 ἵνα
3508 4367 3838 4432 οίκειότερον
3886 4363 4058 4424 εἴπω,

2476 4451 2729 4542 καθάπερ
2777 4470 2838 4522 τὸ
2886 4465 3106 4534 πνεῦμα
3161 4463 3332 4532 πυρὸς
3387 4464 3444 4514 ὲν
3477 4459 3606 4512 είδει
3641 4453 3907 4525 γλωσσῶν
3937 4451 4058 4515 τοῖς

789 4581 1020 4651 spiritus
1055 4582 1196 4648 ignis
1238 4582 1290 4635 in
1354 4581 1536 4651 specie
1585 4581 1915 4650 linguarum,
1964 4579 2039 4633 ita
2087 4579 2252 4634 etiam
2309 4580 2350 4632 ir

2480 4565 2749 4636 μαθηταῖς
2781 4559 2873 4613 τοῦ
2910 4559 3068 4625 λόγου
3094 4554 3362 4623 γνωρίζον
3391 4553 3718 4604 συνάπτεται
3738 4562 3752 4575 °
3782 4545 3929 4597 οὕτω
3950 4545 4060 4596 κάν

791 4673 896 4727 his.
928 4671 1188 4728 Homines
1220 4672 1367 4727 enim
1403 4672 1654 4742 spiritus,
1683 4683 1873 4728 sancto
1897 4670 2105 4741 Spiritu
2131 4670 2364 4738 conjun-

788 4764 889 4828 cti,
920 4779 1084 4818 unam
1125 4764 1177 4818 in
1216 4763 1440 4818 Christo
1470 4763 1760 4818 charitalis
1807 4761 2102 4833 perfectam
2156 4761 2363 4816 elficie-

790 4857 924 4911 bant
965 4856 1454 4926 conspirationem.
1487 4854 1776 4922 Quodnam
1805 4857 1986 4910 autem
2025 4864 2174 4909 esset
2210 4869 2362 4906 amo-

792 4950 872 5004 ris
927 4950 1068 5004 inter
1118 4964 1213 5004 eos
1265 4949 1567 5014 vinculum,
1627 4959 1684 5003 ut
1740 4949 1814 5002 ita
1870 4949 1976 5002 dici
2040 4957 2238 5018 potest,
2289 4947 2368 5000 sic

794 5039 1038 5094 ostendit
1067 5040 1276 5096 oratio.
1319 5039 1576 5106 Basilius,
1609 5041 1701 5110 qui
1739 5040 1852 5110 jam
1898 5041 2064 5094 vitam
2111 5053 2368 5107 suscepe-

797 5136 881 5182 rat
917 5127 1302 5192 monasticam,
1337 5144 1524 5183 secum
1558 5129 1874 5183 attrahebat
1900 5127 2168 5184 Joannem
2197 5145 2212 5194 ;
2242 5143 2366 5182 eum

799 5227 980 5272 autem
1026 5227 1223 5272 contra
1256 5219 1571 5274 attrahebat
1635 5221 1869 5273 materni
1913 5235 2106 5275 rursus
2160 5220 2368 5274 amoris

795 5309 956 5378 plena
987 5309 1245 5379 lacrymis
1273 5309 1472 5363 oratio.
1507 5309 1644 5363 Cum
1677 5324 1809 5363 vero
1853 5309 2142 5363 clementis
2179 5316 2234 5362 et
2267 5309 2371 5361 mi-

800 5398 1100 5455 sericordis
1132 5397 1360 5455 Joannis
1429 5414 1539 5453 non
1567 5407 1714 5455 esset
1749 5399 1946 5452 animae
1985 5409 2040 5453 et
2067 5399 2369 5468 sapientiae,

799 5501 911 5547 tam
940 5493 1143 5547 multas
1178 5493 1370 5548 matris
1402 5491 1675 5564 lacrymas
1728 5493 2111 5563 prolixamque
2163 5493 2372 5547 oratio-

799 5599 924 5638 nem
966 5597 1018 5640 et
1052 5586 1373 5640 viduitatem
1401 5586 1711 5655 despicere,
1761 5591 1896 5640 tune
1938 5585 2259 5647 retrahitur,
2313 5592 2368 5638 et

801 5677 957 5729 matri
993 5693 1052 5732 se
1109 5679 1339 5732 invitum
1376 5677 1626 5742 tradidit,
1658 5693 1960 5747 persuasus
1996 5693 2106 5731 non
2159 5676 2374 5730 tonderi

801 5782 927 5824 ante
952 5770 1072 5838 ejus
1105 5771 1333 5824 exitum.
1365 5771 1501 5825 Cum
1527 5782 1773 5824 materna
1812 5786 1946 5838 ergo
1983 5771 2183 5839 pietate
2236 5769 2374 5822 insi-

802 5862 924 5932 gnis
957 5873 1101 5918 esset
1151 5862 1413 5927 Joannes,
1466 5863 1615 5919 Zeno
1663 5864 1960 5934 cpiscopus
2002 5860 2249 5918 ascendit
2308 5876 2372 5914 ex

879 5958 900 5989 "
926 5955 1070 6012 l‘sal.
1105 5974 1323 6024 Lauri,
1367 5959 1414 6011 7.

2474 4657 2707 4716 τούτοις.
2744 4653 2808 4705 Οἱ
2859 4654 2966 4719 γάρ
3000 4647 3095 4701 τοῦ
3131 4644 3442 4712 πνεύματος
3471 4639 3742 4708 πνεύματι
3775 4650 4060 4703 συναρμο-

2474 4743 3017 4816 νολογούμενοι.μίαν
3036 4742 3092 4790 ἐν
3113 4735 3332 4807 Χριστῷ
3352 4733 3575 4801 ἀγάπης
3591 4725 4063 4797 ἀπηκριϐῶσαντο

2478 4841 2802 4910 σύμπνοιαν.
2864 4831 3026 4888 Ἀλλά
3077 4831 3173 4900 τῆς
3221 4827 3359 4898 πρδς
3388 4823 3651 4893 ἀλλήλους
3701 4816 4061 4888 ἀγάπηςκτὺν

2479 4933 2801 5001 σύνδεσμον,
2831 4921 2941 4989 οἷός
2971 4942 3056 4987 τις
3088 4925 3283 4985 εἰπεῖν,
3313 4923 3341 4973 6
3372 4919 3530 4985 λόγος
3559 4910 3662 4968 ὧδε
3712 4912 4059 4980 παρέστησε.

2476 5024 2757 5084 Βασίλειος
2782 5020 2840 5072 δὲ
2875 5019 2966 5071 τὸν
3001 5015 3206 5086 μονάδα
3233 5011 3336 5081 ήδη
3371 5005 3719 5080 προειληφὼς
3753 5004 3888 5074 βίον,
3926 5019 4061 5054 σάν-

2477 5118 2625 5171 εἷλκε
2673 5115 2765 5167 τὸν
2803 5112 3095 5178 Ἰωάννηνο
3150 5103 3402 5158 ἀνθεῖλκε
3456 5101 3512 5152 δὲ
3541 5098 3731 5151 τοῦτον
3791 5094 4060 5164 μητρῴου

2476 5211 2644 5264 πόθου
2673 5207 2836 5260 πάλιν
2867 5204 3024 5269 λόγος
3055 5198 3420 5267 πολύδακρυς.
3462 5193 3617 5247 Ἐπεὶ
3669 5189 3726 5242 δὲ
3775 5188 3879 5257 τῆς
3916 5204 4064 5257 συμ-

2481 5301 2688 5363 παθοῦς
2722 5298 2818 5351 καὶ
2851 5296 3094 5366 ἀλήπτου
3125 5291 3304 5360 ψυχῆς
3327 5289 3420 5342 καὶ
3452 5285 3644 5353 σοφίας
3673 5283 3773 5336 οὐκ
3797 5277 3888 5351 ἦν,
3929 5297 4063 5333 τοσ-

2480 5395 2638 5449 οῦτον
2671 5391 2832 5462 ἔργον
2863 5387 3113 5454 δακρύων
3138 5382 3347 5436 πολλῶν
3371 5379 3466 5434 καὶ
3493 5377 3668 5446 λόγων
3707 5372 3940 5446 μακρῶν
3959 5371 4064 5440 τῆς

2488 5484 2714 5559 μητρὸς,
2749 5482 2843 5535 καὶ
2870 5478 3098 5549 χηρείας
3133 5474 3379 5542 ἀνάγκην
3414 5469 3732 5537 ὑπεριδεῖν..
3761 5467 3900 5528 τέως
3931 5465 4065 5518 ἀνθ·

2483 5557 2718 5638 ἕλκεται,
2746 5577 2840 5628 καὶ
2879 5575 2945 5643 τῇ
2988 5569 3154 5640 μητρὶ
3180 5567 3276 5620 καὶ
3305 5565 3457 5619 ἄκων
3486 5562 3681 5615 ἑαυτὸν
3707 5557 4064 5630 ἐμπεριέχει,

2483 5670 2727 5731 πεισθεὶς
2755 5665 2861 5737 πρὸ
2909 5665 3007 5733 τῆς
3035 5660 3238 5728 ταύτης
3281 5657 3462 5723 ἐξόδου
3512 5656 3589 5724 μὴ
3633 5648 4064 5720 ἀποκείρασθαι.

2484 5763 2783 5834 Μητρῴαις
2838 5757 3019 5810 τοίνυν
3067 5749 3402 5819 οἰκονομίαις
3431 5744 3832 5814 διαπρέποντος
3879 5737 4066 5791 Ἰωάν-

2487 5879 2599 5920 νου,
2651 5857 2837 5925 Ζήνων
2883 5849 3183 5906 ἐπίσκοπος
3234 5842 3290 5908 ἐξ
3331 5839 3721 5912 Ἰεροσοὶύμων
3762 5835 4066 5897 ἐπάνεισιν,
