4182 6440
140 404 227 464 231
780 403 1063 463 ORATIO
1097 402 1319 464 XVIII.
1356 428 1424 441 --
1452 407 1603 467 LAU
1621 405 1850 467 DATIO
1887 409 1946 468 S.
1987 408 2307 471 JOANNIQ
2338 412 2742 474 CHRYSOST.
3257 414 3365 476 238

142 514 473 584 ἀναγνώστην
508 530 568 567 τε
598 513 676 584 τῷ
702 512 818 581 λαῷ
842 515 943 582 τῆς
985 514 1313 582 Ἐκκλησίας
1341 515 1449 569 τῶν
1483 518 1691 571 Ἀντιο-
1719 520 1747 577 Δ

1808 503 2216 589 Hierosolymis,
2236 530 2286 599 et
2317 521 2523 591 populo
2542 521 2899 575 Antiochense
2920 520 3183 576 Ecclesia:
3197 519 3367 574 Joan-

140 609 259 676 χέων
296 606 386 657 τὸν
428 605 683 676 Ἰωάννην
737 605 1050 681 καθίστησι.
1084 605 1218 658 Τότε
1266 606 1328 676 δή
1383 624 1515 674 φασι
1563 610 1690 671 τοὺς

1808 625 1915 663 rem
1951 611 2241 665 constituit
2289 610 2574 667 lectorem.
2613 611 2768 665 Tunc
2798 620 2981 666 autem
3019 612 3210 667 dicunt
3237 628 3362 667 eum

142 699 263 751 κατά
300 695 569 750 Ἰουδαίων
604 697 767 750 αὑτὸν
802 695 862 760 ἓξ
912 696 1275 762 συντάξασθαι
1328 698 1539 765 λογους,
1596 701 1690 752 τὸν

1808 714 2179 772 :omposuisse
2238 716 2335 756 sex
2396 702 2566 757 libros
2598 701 2859 758 adversus
2894 701 3134 770 Judzeos,
3171 720 3365 775 perpe-

139 788 271 841 τόνον
315 787 417 856 τῆς
469 787 677 850 οίκείας
734 787 1027 857 εύδρομίας
1080 786 1360 852 ἀνένδοτον
1422 788 1557 857 πρὸς
1621 790 1690 841 τά

1808 808 1946 846 ,uum
1980 794 2067 848 sui
2104 793 2171 849 ad
2197 793 2425 848 meliora
2461 792 2595 848 recti
2625 808 2825 849 cursus
2865 805 3107 850 tenorem
3152 797 3263 850 vita
3308 805 3365 853 et

140 883 351 948 κρείττω
380 879 480 951 βίῳ
518 881 612 935 καὶ
652 879 797 949 λόγῳ
825 880 1275 947 διαφυλάττοντα.
1307 882 1463 935 Μετά
1496 882 1687 947 ταῦτα,

1808 883 2038 939 ιτιιιὶοιιε
2060 891 2500 939 conservantem.
2538 882 2667 939 Post
2690 885 2804 941 haec
2824 900 2949 941 cum
2972 898 3150 942 mater
3181 890 3235 943 in
3268 889 3363 944 Dei

141 975 304 1043 χερσὶν
328 974 361 1043 ἠ
396 976 578 1043 μήτηρ
605 973 740 1028 Θεοῦ
770 974 1081 1042 παραϐᾶσα
1109 973 1170 1024 τὸ
1191 974 1430 1045 πνεῦμα,
1455 974 1532 1044 τῷ
1557 973 1688 1045 ίερῷ

1809 988 1988 1027 nanus
2029 990 2189 1029 suum
2220 975 2538 1029 tradidisset
2560 977 2833 1045 spiritum,
2864 986 3217 1032 sacrosancto
3251 979 3362 1032 ﬁlio

143 1064 271 1116 παιδὶ
305 1062 405 1131 τὴν
448 1061 766 1132 ἐλευθερίαν
814 1062 1126 1133 χαρίζεται.
1170 1062 1229 1115 '0
1269 1063 1373 1133 μὲν
1415 1062 1479 1132 δὴ
1517 1064 1690 1132 μέγας

1808 1066 2047 1120 :oncedit
2087 1064 2416 1121 libertatem.
2458 1067 2639 1135 Atque
2667 1083 2898 1138 magnus
2927 1068 3151 1137 quidem
3192 1067 3362 1122 David

140 1154 281 1207 Διόὶδ
305 1152 363 1204 τὸ
382 1154 592 1207 δίκαιον
614 1156 717 1207 κάν
740 1153 950 1215 τούτοις
978 1153 1428 1223 χαρακτηρίζων,
1445 1154 1686 1221 Ἐσκόρ-

1815 1172 1846 1209 ιι
1878 1156 1965 1210 his
2002 1154 2179 1208 virum
2213 1155 2423 1224 justum
2457 1157 2803 1227 exprimens,
2856 1158 2992 1212 dicit
3026 1176 3042 1214 :
3075 1158 3361 1225 Dispersit,

140 1262 319 1311 πισεν,
342 1246 531 1300 ἔδωκε
577 1244 700 1310 τοῖς
743 1245 984 1309 πένησι.
1016 1243 1180 1312 φησίν
1262 1244 1300 1309 ἡ
1330 1242 1687 1311 δικαιοσύνη

1808 1244 1933 1315 (edit
1960 1232 2538 1312 pauperibua,justitia
2568 1246 2682 1315 ejus
2701 1257 2875 1300 manet
2906 1247 2960 1303 in
2985 1251 3236 1303 saxulum
3257 1242 3363 1303 εἱε-

140 1339 303 1394 (ιύτοῦ
351 1338 524 1409 μένει
552 1340 641 1404 εἰς
677 1337 785 1390 τόν
830 1335 1018 1389 αίῶνα
1073 1334 1181 1389 τοῦ
1238 1334 1476 1400 αἰῶνος.
1523 1336 1583 1390 Ὀ
1632 1335 1689 1388 δὲ

1808 1334 1898 1387 :uli
1929 1334 1948 1364 ⁸
1996 1331 2236 1389 Joannes
2266 1342 2448 1388 autem
2474 1350 2598 1389 cun
2633 1336 2815 1389 matri.
2851 1338 2912 1390 ut
2940 1337 3187 1413 decebat,
3212 1338 3363 1408 justa

149 1431 380 1499 Ἰωάννης
410 1432 479 1497 τῇ
512 1426 684 1497 μητρὶ
710 1426 937 1488 δέοντως
969 1425 1202 1487 ἀποδους
1244 1424 1341 1493 τὴν
1367 1424 1577 1487 ουσίαν,
1626 1422 1688 1476 οὐ

1808 1423 2033 1488 ὀειεεθι,
2072 1440 2180 1479 non
2215 1424 2403 1479 solum‘
2429 1440 2618 1480 omnes
2643 1426 2883 1492 divitias,
2918 1427 3113 1496 partim
3140 1429 3360 1498 quidem

142 1515 275 1582 μόνῳ.
318 1515 389 1567 ῖὺ,
429 1513 647 1567 ἅπαντα
676 1511 1001 1578 πλοῦτον,δν
1040 1513 1137 1582 μὲν
1170 1511 1454 1583 σκορπίζει
1484 1511 1687 1578 καλῶς,

1808 1514 2019 1581 iulclire
2050 1516 2335 1586 dispergit,
2369 1524 2571 1585 partim
2605 1531 2783 1570 αυτ-ιιι
2836 1517 2945 1573 Deo
2996 1519 3364 1589 pulcherrime

137 1603 187 1655 ὃν
229 1602 282 1657 δὲ
321 1604 644 1672 ἀφοσιοῦται
688 1601 950 1656 κάλλιστα
980 1600 1057 1672 τῷ
1102 1600 1221 1672 Θεῷ
1303 1603 1439 1657 ἀλλά
1470 1603 1563 1657 καὶ
1597 1603 1688 1656 τὸν

1808 1615 2113 1672 :onsecrat;
2144 1608 2236 1661 sed
2271 1616 2439 1662 etiam
2471 1623 2631 1663 suum
2670 1611 2725 1663 in
2758 1618 2920 1664 notos
2965 1618 3019 1665 et
3045 1612 3275 1676 amicos,
3308 1620 3364 1667 ct

137 1696 256 1764 πρὸς
282 1698 409 1759 τοὺς
445 1694 719 1763 γνωστοὺς
743 1696 835 1747 καὶ
874 1694 1064 1763 φίλους
1088 1694 1181 1747 καὶ
1205 1694 1299 1748 τοὺ
1314 1714 1330 1757 ;
1358 1695 1534 1759 άλλως
1560 1714 1687 1751 συν-

1808 1699 1993 1768 ilioqu':
2038 1698 2337 1752 familiares
2390 1714 2633 1755 amorem
2663 1712 3031 1771 postponens,
3072 1716 3103 1757 a
3149 1718 3279 1758 vero
3310 1714 3365 1760 et

136 1788 265 1857 ήθεις
294 1788 459 1841 πόθον
498 1788 556 1842 ἐν
600 1788 829 1859 δευτέρα
860 1787 1025 1860 μοίρᾳ
1048 1788 1302 1856 θέμενος,
1327 1788 1421 1841 τοῦ
1452 1789 1687 1860 ἀληθοῦς
1718 1849 1747 1862 _

1808 1792 1884 1861 [ui
1916 1805 2195 1861 nunquam
2222 1792 2390 1844 diluit
2415 1793 2601 1845 arnore
2638 1794 2878 1862 pendet;
2908 1802 2961 1849 ct
3005 1809 3134 1849 cum
3184 1798 3359 1850 vitam

136 1849 403 1950 ἐξήρτηται
470 1880 565 1933 καὶ
606 1849 772 1950 μόνου
805 1849 898 1950 ’μῖὴ
946 1849 1292 1950 διαρρέοντος
1321 1849 1557 1949 ἔρωτοςί
1590 1849 1685 1933 καί
1717 1849 1747 1910 Ε

1808 1884 2131 1953 suscepisset
2168 1886 2555 1945 monasticam,
2594 1885 2686 1952 qui
2722 1886 2885 1939 etiam
2929 1893 3079 1949 ante,
3126 1886 3173 1941 si
3216 1886 3361 1942 ullus

136 1974 209 2023 τὸν
246 1972 443 2039 μονάδα
472 1972 605 2042 βίον,
628 1973 657 2024 ὁ
687 1974 779 2025 καὶ
805 1972 912 2043 πρὸ
934 1972 1126 2024 τούτου
1155 1972 1505 2043 μονότροπος,
1527 1974 1685 2043 είπερ

1808 1971 2089 2035 ilius,erat
2113 1972 2416 2036 solitarius,
2442 1980 2699 2042 tauquam
2735 1983 2867 2029 tunc
2898 1973 3167 2044 incipiens
3183 1976 3276 2031 dat
3307 1992 3373 2033 se

136 2081 204 2125 τις
230 2063 403 2130 ἀλλος,
441 2066 905 2135 ἐπενδυσάμενος,
941 2064 1016 2126 ὼς
1047 2064 1171 2134 ἀρτι
1199 2064 1320 2117 τότε
1352 2066 1683 2135 ἀρξάμενος,

1808 2063 2157 2127 uonasteriis,
2191 2063 2434 2131 quotidie
2452 2062 2519 2117 ad
2545 2065 2843 2130 anteriora,
2877 2068 3028 2120 sicut
3048 2066 3258 2123 Paulus
3281 2068 3365 2122 lo-

136 2154 552 2224 ςροντιστηρίοις
580 2154 773 2206 ἑαυτὸν
800 2153 1135 2220 ἐπιδίδωσιν,
1163 2156 1287 2208 ὅσαι
1312 2155 1685 2225 ἡμέραι,τοῖς

1808 2154 1981 2225 [uitur
2012 2154 2129 2219 ’,δε
2147 2153 2471 2208 extendens.
2499 2155 2633 2208 Cum
2663 2156 2787 2210 talis
2810 2167 2991 2211 autem
3021 2156 3367 2225 cerneretur,

134 2245 472 2312 ἔμπροσθεν,
491 2245 633 2299 κατὰ
650 2244 883 2310 Παῦλον,
901 2245 1425 2315 ἐπεκτεινόμενος.
1441 2246 1587 2316 ὐρώ
1594 2266 1686 2317 με-

1808 2253 2016 2314 rogatur
2037 2242 2257 2313 quidem
2274 2254 2329 2297 ut
2352 2242 2585 2298 fratrum
2614 2246 2885 2315 suscipiat
2914 2246 3310 2315 praefecturam
3351 2268 3364 2302 :

137 2353 210 2398 νος
234 2334 286 2388 δέ
315 2336 582 2403 τοιοῦτος,
615 2335 714 2407 τὴν
732 2337 1077 2405 προστασίαν
1094 2336 1203 2389 τῶν
1232 2337 1473 2407 ἀδελφῶν
1502 2355 1686 2408 παρα·

1808 2332 1888 2386 sed
1902 2332 1951 2384 id
1970 2332 2190 2386 minime
2206 2332 2460 2389 sustinet.
2484 2332 2705 2387 Decreta
2723 2341 2901 2389 autem
2921 2343 2974 2390 et
2990 2335 3236 2391 ordinem
3253 2351 3373 2391 oru-

139 2426 353 2481 καλεῖται
373 2427 481 2497 μὲν
500 2428 885 2496 ἀναδέξασθαι,
905 2428 965 2480 οὺ
989 2427 1171 2497 μέντοι
1194 2428 1468 2498 ἀνέχεται.
1485 2431 1685 2499 Ὄρους

1808 2420 1883 2476 nis
1917 2421 2075 2475 bona:
2106 2421 2427 2475 monasticae
2458 2423 2865 2477 exercitationis
2897 2424 3118 2480 divinus
3153 2425 3243 2480 hic
3283 2441 3372 2482 ze-

136 2522 183 2573 δὲ
207 2523 292 2575 καὶ
319 2522 509 2589 τάξεις
536 2522 719 2593 πάσης
748 2522 1119 2593 ἀγαθοεργίας
1166 2525 1193 2576 ό
1241 2522 1384 2586 θεῖος
1438 2522 1685 2594 ζηλωτὴς

1815 2522 1934 2569 otes
1951 2512 2261 2582 conscripta
2283 2514 2362 2567 eis
2383 2513 2568 2567 tradit.
2594 2512 2701 2569 Sed
2725 2514 2858 2585 quid
2884 2515 3021 2581 haec,
3044 2516 3149 2572 etsi
3174 2532 3371 2589 magna

136 2603 271 2675 οὗτος
332 2613 672 2680 ἀσκητικοὺς
725 2612 1220 2683 συγγραψάμενος,
1293 2613 1678 2682 παραδίδωσιν.

1808 2608 1924 2668 sint,
1956 2607 2002 2659 si
2022 2605 2377 2660 conferantur
2399 2620 2523 2659 cum
2559 2604 2808 2661 futuris?
2848 2606 2981 2672 Quae
3025 2606 3093 2661 de
3130 2623 3198 2665 eo
3244 2610 3373 2679 qui-

148 2703 283 2755 ’Δλλά
318 2703 379 2767 τί
411 2704 605 2768 ταῦτα,
635 2704 837 2773 καίπερ
878 2703 1088 2774 μεγάλα
1131 2701 1494 2772 τυγχτὶνρντα,
1546 2704 1687 2772 πρὸς

1808 2700 1916 2753 iem
1956 2698 2325 2767 spargebatur
2359 2695 2525 2761 fama,
2557 2697 2789 2767 cogebat
2811 2713 3005 2755 omnes
3027 2699 3278 2755 lubenter
3303 2698 3373 2754 ad

1794 2803 1917 2844 eum
1944 2786 2242 2842 conﬂuere.
2280 2788 2402 2857 Ipse
2439 2796 2624 2843 autem
2667 2795 2931 2858 tanquam
2974 2789 3098 2846 fons
3145 2791 3371 2860 quidam

1797 2878 2091 2949 perennis,
2148 2877 2637 2932 discernendarutn
2703 2879 3122 2949 Scripturarum
3173 2894 3371 2951 aquam

1794 2970 2080 3027 effundens
2110 2969 2337 3024 minime
2362 2970 2758 3037 perturbatam,
2783 2985 2904 3026 eam
2935 2970 3137 3025 aﬂ‘atim
3171 2986 3373 3043 suppe-

139 3064 189 3116 τὺ
219 3063 354 3135 ὕδωρ
394 3065 609 3135 βλύζων
669 3065 1085 3131 ἀνεπιθόλωτον,
1115 3066 1229 3128 τοῖς
1284 3065 1451 3118 πᾶσιν
1500 3066 1685 3135 ἐδαψί-

1808 3064 2012 3119 ditabat
2050 3061 2332 3117 omnibus.
2373 3060 2716 3131 Licebatque
2765 3063 2953 3118 videre
3002 3077 3217 3129 omnes,
3276 3063 3371 3132 qui

140 3152 293 3208 λενσε.
324 3152 529 3235 Καὶαῆν
559 3157 693 3227 όρᾷν
728 3156 976 3220 ἅπαντας
1003 3156 1152 3219 τοὺς,
1188 3156 1405 3225 ὅσοιτῷ
1437 3157 1689 3229 φλογμῷ,
1719 3198 1747 3257 ί

1808 3163 1937 3210 astu
1970 3163 2022 3209 et
2050 3162 2295 3224 egestate
2324 3163 2379 3208 et.
2406 3152 2501 3208 siti
2522 3154 2857 3209 divinorum
2905 3154 3251 3225 eloquiorum
3272 3170 3375 3209 ex-

139 3248 197 3315 τῇ
221 3246 388 3317 ἐνδείά
426 3248 522 3300 καὶ
551 3247 693 3316 δίψει
719 3247 827 3299 τῶν
850 3247 1010 3301 θείων
1035 3246 1233 3315 λογίων
1265 3247 1691 3319 διεξηραίνοντο,
1723 3243 1747 3257 “

1808 3245 2170 3308 siccabantur,
2204 3260 2269 3300 ex
2292 3243 2413 3313 ejus
2438 3244 2620 3310 libris,
2658 3252 2919 3315 tanquam
2954 3261 3022 3300 ex
3048 3246 3220 3310 vasis,
3251 3245 3374 3315 ejus

139 3335 304 3408 ὥσπερ
332 3321 538 3405 ἄγγεσι
566 3340 687 3400 ταῖς
744 3336 946 3406 βίϐλοις
990 3338 1088 3400 τὰς
1127 3338 1317 3391 τούτου
1374 3341 1564 3407 σαφεῖς
1600 3340 1694 3393 καὶ

1808 3337 1979 3390 claras
2005 3342 2057 3389 et
2078 3336 2402 3404 perspicuas
2429 3334 2752 3392 haurientes
2780 3335 3289 3406 interpretationes,
3317 3344 3374 3392 et

139 3430 330 3493 διειδείς
360 3433 667 3501 ἑρμηνείας
689 3431 1044 3502 ἀρυομένους,
1073 3432 1168 3485 καὶ
1190 3432 1327 3501 πρὸς
1350 3430 1447 3495 τὰς
1466 3432 1693 3499 ἐνεγκαο

1808 3434 1945 3481 actos
1986 3434 2324 3481 revertentes
2353 3424 2407 3478 in
2440 3425 2698 3495 patriam.

142 3516 287 3586 μένας
308 3518 601 3589 χαίροντας
626 3519 1086 3589 ὑποστρέφοντας.

200 3615 266 3671 ς’.
308 3608 577 3663 Ἐνταῦθά
610 3626 700 3677 μοι
735 3608 1015 3679 γενομένῳ
1054 3609 1212 3679 σιγᾷν
1244 3608 1685 3679 προτεθύμηται.

1864 3601 1918 3657 6.
1949 3601 2084 3658 Cum
2133 3599 2200 3657 ad
2244 3602 2389 3656 hunc
2443 3602 2621 3657 locum
2660 3602 3025 3671 pervenerim,
3068 3603 3243 3659 statui
3293 3603 3374 3659 si-

141 3699 328 3769 Κριτής
354 3698 467 3769 γάρ
492 3699 602 3751 τῶν
635 3700 816 3768 ἐμῶν,
850 3701 883 3769 ή
914 3689 1241 3768 συνείδησις.
1280 3699 1377 3762 Τίς
1404 3700 1463 3753 δὲ
1483 3702 1511 3753 ὁ
1533 3701 1692 3769 λόγος

1808 3692 1947 3759 lere;
1988 3706 2233 3747 meorum
2266 3701 2351 3773 est
2375 3692 2522 3747 enim
2569 3694 2739 3763 judex
2788 3693 3153 3749 conscientia.
3212 3692 3377 3758 Quae-

139 3790 223 3857 τῆς
248 3790 459 3859 σιωπῆς
482 3806 497 3855 ;
523 3790 647 3842 Ὅτι
671 3789 922 3857 μεγάλων
956 3788 1205 3841 ἐντεῦθεν
1227 3789 1524 3843 ἀνακόπτει
1550 3809 1692 3860 πρα-

1808 3798 1930 3837 nam
1963 3791 2049 3837 est
2075 3790 2256 3837 autem
2290 3782 2435 3837 ratio
2490 3782 2741 3839 silentii?
2791 3784 2946 3849 Quod
3000 3783 3129 3838 hinc
3190 3800 3376 3837 rerum

140 3884 346 3949 γμάτων
375 3882 655 3952 διήγησις,
677 3874 751 3933 ὧν
783 3880 851 3933 τά
878 3879 1161 3950 παράδοξα
1188 3880 1497 3949 διηγεῖσθαι
1528 3879 1565 3952 ἢ
1609 3881 1694 3946 ἐξ-

1808 3889 2127 3943 magnarum
2156 3873 2409 3930 exoritur
2441 3874 2709 3941 narratio,
2766 3888 2996 3943 quarum
3034 3874 3377 3928 admirabili-

140 3973 333 4039 υμνεῖν,
360 3972 488 4025 ὅσον
518 3973 690 4037 ἀξιον,
730 3972 827 4040 οὐχ
870 3965 980 4033 οἷός
1013 3988 1075 4022 τε
1119 3969 1230 4037 ἐγώ
1253 3987 1267 4001 ο
1325 3969 1484 4040 πλὴν,
1518 3973 1547 4024 ὅ
1606 3990 1697 4040 μοι

1808 3972 1973 4018 tatem
2006 3979 2235 4019 narrare
2265 3972 2317 4019 et
2350 3964 2627 4029 laudibus,
2688 3972 2954 4039 quantum
2982 3981 3078 4034 par
3104 3975 3208 4031 est,
3232 3966 3379 4020 cele-

142 4064 244 4115 κατ’
268 4064 530 4134 ἀρχάς’ἐν
550 4061 881 4134 προοιμίοις,
901 4061 995 4114 καὶ
1024 4058 1183 4124 αὖθις
1210 4062 1570 4132 ἐπινενόηται.
1590 4060 1699 4116 Καί

1808 4054 1968 4109 brare
2000 4070 2109 4109 non
2142 4070 2365 4123 possum
2401 4072 2415 4108 :
2448 4064 2688 4109 attamen
2721 4056 2865 4125 quod
2896 4056 3029 4108 mihi
3074 4056 3129 4109 in
3164 4057 3376 4125 princi-

144 4170 221 4221 μοι
256 4154 680 4222 συγγινωσκέτω
708 4151 923 4221 πρῶτον
953 4150 1053 4221 μὲν
1096 4153 1124 4203 ό
1154 4149 1296 4213 θεῖος
1332 4144 1487 4214 οὗτος
1531 4153 1693 4221 ἀνὴρ,

1808 4146 1898 4217 pio
1924 4148 2202 4215 prommii,
2233 4147 2286 4203 id
2317 4164 2511 4204 rursus
2540 4162 2756 4217 quoque
2770 4148 2918 4202 venit
2948 4148 3002 4201 in
3035 4157 3291 4202 utentem.
3317 4147 3382 4201 Et

142 4247 333 4315 καὶτῆς
356 4244 511 4307 θείας
538 4242 941 4313 εὐσπλαγχνίας
975 4241 1241 4312 μιμητὴς,
1269 4242 1361 4293 καὶ
1395 4244 1690 4313 ἐγγυητής·

1808 4237 1941 4290 mihi
1981 4237 2216 4306 primum
2242 4238 2492 4307 ignoscat
2526 4238 2615 4290 hic
2650 4238 2734 4291 vir
2766 4237 3013 4301 divinus,
3071 4238 3398 4307 divinaeque.

144 4335 558 4403 συγγινώσκοιτε
590 4333 648 4388 δὲ
682 4335 775 4387 καὶ
798 4334 955 4404 ὑμῶν
985 4334 1097 4387 ὅσοι
1124 4333 1222 4402 τῆς
1253 4334 1420 4386 αὐτοῦ
1476 4335 1697 4403 φιλοσο-

1808 4328 2116 4384 clementia:
2153 4328 2401 4384 imitator
2434 4337 2488 4383 et
2522 4328 2817 4399 lidejussor
2854 4330 3162 4399 :ignoscite
3197 4337 3381 4384 autem

143 4430 254 4490 φίας
290 4427 577 4481 ἐπαινέται
606 4424 702 4477 καὶ
723 4424 1016 4494 τρυφηταί.
1043 4423 1345 4493 Μακάριος
1367 4422 1440 4491 εἷ,
1478 4427 1695 4494 Σίμων,
1725 4434 1747 4493 ]

1808 4434 1877 4473 ex
1923 4418 2079 4474 vobis
2114 4434 2337 4489 quoque
2362 4420 2680 4489 quicunque
2706 4421 2827 4489 ejus
2860 4419 3225 4489 philosoiihiai
3262 4421 3380 4473 lau-

144 4517 193 4569 ἐν
223 4516 577 4583 Εὑαγγελίοις
608 4515 909 4581 εἰσάγεται,
959 4514 1112 4583 φωνὴ
1158 4513 1218 4566 δὲ
1264 4514 1406 4586 αῦτη
1458 4517 1697 4585 Χριστοῦ

1808 4510 2022 4565 datores
2047 4510 2203 4575 estis,
2233 4519 2286 4566 et
2314 4511 2367 4565 in
2402 4525 2464 4565 ea
2493 4525 2589 4565 vos
2619 4510 2929 4566 oblectatis.
2962 4510 3161 4563 Beatus
3188 4527 3266 4573 es,
3290 4508 3379 4564 Si—

147 4608 265 4677 πρὸς
288 4609 376 4661 τὸν
410 4608 592 4676 μέγαν
634 4608 692 4659 ἐν
731 4604 1047 4667 ἀποστόλοις
1092 4604 1336 4675 Πέτρονο
1369 4607 1464 4659 καὶ
1492 4606 1700 4673 στήθει

1808 4617 1927 4653 mon
1950 4600 1996 4666 ⁸,
2030 4600 2233 4655 dicitur
2263 4601 2317 4655 in
2352 4600 2700 4672 Evangeliis;
2766 4601 2882 4655 hac
2915 4611 3097 4654 autem
3141 4616 3244 4654 vox
3298 4610 3386 4655 est.

146 4697 482 4751 ἀναπίπτων
509 4695 771 4764 Χριστοῦ
793 4694 949 4758 ἀλλος
980 4694 1228 4764 μαθητὴς
1253 4694 1699 4764 μεμαρτύρηται,

1808 4693 2012 4748 Christi
2035 4693 2104 4747 ad
2134 4708 2393 4763 magnum
2426 4694 2569 4749 inter
2598 4694 2876 4766 apostolos
2926 4693 3174 4749 Petrum.
3200 4692 3381 4748 Alium

138 2793 194 2844 τὰ
217 2792 512 2861 μέλλοντα;
564 2795 599 2863 ἡ
652 2794 748 2863 μὲν
796 2794 926 2865 περὶ
967 2794 1135 2847 αὑτοῦ
1176 2795 1337 2863 φήμη
1380 2797 1687 2864 συνεισρεῖν

138 2883 353 2949 ἃπαντας
386 2885 527 2955 πρὸς
560 2884 722 2938 αὐτὸν
746 2886 999 2955 ἀσμένως
1028 2884 1341 2953 ἠνάγκαζεν
1362 2904 1374 2916 ·
1412 2886 1575 2947 αὐτὸς
1606 2886 1687 2951 δὲ,

137 2967 211 3025 οἷά
233 2990 306 3035 τις
348 2973 580 3035 ἀένναος
602 2974 801 3042 κρήνη,
836 2974 935 3042 τῆς
968 2972 1291 3043 διακρίσεως
1321 2972 1432 3027 τῶν
1456 2973 1496 3026 Γ
1500 2974 1689 3043 ραφῶν

147 4788 227 4839 καὶ
262 4790 361 4841 ὅσα
413 4786 514 4841 τοῦ
559 4783 912 4856 μακαρισμοῦ
949 4782 1089 4855 μετά
1136 4782 1333 4850 ταῦτα,
1371 4786 1465 4837 καὶ
1500 4785 1611 4838 τῶν
1642 4788 1699 4838 ἐν

147 4880 459 4947 ἀμφοτέροις
486 4876 906 4945 ἀποκαλύψεων,
962 4876 1057 4929 καὶ
1087 4874 1262 4941 τέλος,
1292 4876 1350 4928 αί
1397 4876 1545 4940 κλεῖς
1601 4881 1701 4948 τῆς

148 4970 372 5038 ιύρανῶν
398 4966 704 5038 βασιλείας.
729 4962 856 5036 'Ap’
888 4960 982 5019 οὖν
1015 4965 1070 5018 εί
1090 4982 1153 5034 γε
1178 4966 1273 5036 τῆς
1302 4967 1493 5037 ὁμοίας
1536 4968 1704 5038 τιμῆς

152 5062 231 5113 καὶ
257 5062 414 5131 δόξης
445 5059 626 5129 ὁρῷτο
668 5057 762 5111 κοιλ⁵
810 5051 964 5120 οὗτος
1009 5058 1038 5110 ὁ
1079 5057 1335 5127 Ἰωάννης
1380 5057 1703 5126 ἠξιωμένοῆ
1742 5088 1747 5095 .

149 5151 197 5202 ὲν
213 5151 265 5203 δὲ
288 5151 378 5205 τὸν
394 5148 544 5204 εἶναι
569 5148 661 5202 καὶ
684 5147 1046 5217 ὀνομάζεσθαι
1072 5146 1170 5216 τῆς
1198 5149 1471 5217 μακαρίας
1497 5148 1707 5218 ἐκείνης

150 5242 245 5294 τῶν
266 5242 585 5295 ἀποστόλων
627 5241 783 5305 ἀξίας
811 5239 903 5293 καὶ⁵
934 5238 1141 5305 τάξεως
1172 5240 1508 5305 ίσοστάσιος;
1536 5240 1707 5293 υύδα-

155 5335 274 5403 μώς.
304 5334 427 5398 Ilii;
442 5334 501 5387 δὲ
524 5334 617 5386 καί
643 5334 764 5385 τίνα
780 5332 1003 5399 τρόπον,
1018 5331 1117 5401 ἢδη
1135 5330 1265 5400 ἐρῶ.
1286 5329 1459 5399 Συνῆν
1488 5331 1709 5403 Ἰωάννῃ

154 5424 306 5494 Σύρος
332 5443 417 5488 τις
466 5424 736 5494 πρέσὸυς,
774 5421 1025 5500 Ἠσύχιος
1058 5420 1316 5490 τοῦνομα,
1348 5420 1597 5483 τοσοῦτος
1634 5425 1711 5484 είς

156 5516 358 5586 ἀρετὴν,
388 5516 536 5569 ὥστε
583 5513 950 5584 κατηξιῶσθαι
998 5513 1160 5567 αὐτὸν
1191 5515 1285 5566 καὶ
1330 5512 1424 5566 τοῦ
1474 5514 1711 5583 μεγάλου

154 5606 310 5678 δώρου
344 5608 445 5677 τῆς
484 5606 639 5667 θείας
672 5604 1036 5677 προγνώσεως
1057 5618 1074 5635 ο
1123 5599 1184 5657 οὒ
1232 5604 1332 5674 τῆς
1366 5607 1711 5677 ἀναστροφῆς

159 5698 358 5768 καὶτῆς
388 5699 562 5766 ἄλλης
590 5697 797 5765 διαίτης
827 5698 1079 5766 ἐμιμεῖτο
1121 5694 1218 5765 τὴν
1250 5696 1708 5766 σεμνοπρέπειαν.

162 5791 330 5862 Τούτῳ
352 5792 484 5846 ποτὲ
512 5790 596 5860 τῷ
622 5791 836 5859 γέροντι
875 5788 1299 5859 προσευχομένῳ
1324 5788 1415 5839 δύο
1442 5789 1584 5849 τινὲς
1616 5788 1708 5841 ἄν-

228 5890 245 5919 ⁶
274 5890 409 5943 l'sal.
445 5904 561 5956 cxi,
597 5887 651 5942 '5.
726 5887 745 5918 "
779 5885 975 5957 Philip.
1005 5902 1084 5950 ιιι,
1121 5886 1200 5940 15.
1279 5888 1296 5917 ε
1328 5885 1517 5940 Matth.
1556 5902 1660 5951 xw,
1701 5885 1781 5938 i7.

1811 4799 2029 4854 quoque
2059 4785 2370 4853 apostolum
2406 4793 2665 4841 testatum
2697 4793 2783 4840 est
2823 4800 2979 4853 super
3030 4780 3229 4837 Christi
3260 4800 3384 4852 pec-

1813 4885 1897 4927 tus
1926 4858 2226 4928 recubuisse
2248 4875 2305 4942 ';
2341 4884 2394 4929 et
2423 4890 2766 4944 quaecunque
2821 4876 3045 4929 fuerunt
3096 4876 3385 4945 utriusque

1810 4973 1937 5036 post
1964 4965 2078 5021 haec
2097 4965 2467 5021 heatitudines
2493 4974 2549 5019 et
2584 4967 2970 5031 revelationes,
3005 4974 3061 5022 et
3102 4975 3385 5037 postremo

1810 5056 1991 5111 claves
2028 5056 2182 5126 regni
2217 5056 2500 5110 ccelorum.
2534 5056 2673 5112 Num
2711 5072 2844 5127 ergo
2878 5058 2927 5113 si
2956 5057 3149 5115 eodem
3175 5059 3387 5113 honore

1808 5155 1865 5203 et
1897 5148 2068 5217 gloria
2088 5157 2409 5203 cerneretur
2441 5149 2530 5203 liic
2554 5163 2773 5218 quoque
2827 5147 3071 5204 Joannes
3101 5147 3382 5218 dignatus,

1810 5240 1858 5293 ei
1885 5239 2104 5294 deesset
2127 5238 2354 5307 aliquid,
2381 5241 2680 5309 quominus
2712 5249 2767 5295 et
2822 5247 2969 5295 esset
2992 5249 3046 5294 et
3073 5241 3383 5294 nominare-

1814 5339 1900 5382 tur
1926 5344 2025 5398 par
2081 5328 2252 5383 beata:
2277 5329 2354 5382 illi
2385 5329 2637 5399 dignitati
2669 5340 2721 5385 et
2753 5330 2934 5385 ordini
2967 5330 3387 5399 apostolorum?

1815 5415 2191 5489 Nequaquam.
2224 5408 2509 5483 Quomodo
2544 5427 2724 5473 autent
2767 5428 2821 5475 et
2854 5435 2961 5489 qua
3006 5420 3241 5485 ratione,
3270 5419 3384 5489 jam

1813 5512 2017 5566 dicam.
2046 5512 2181 5567 Cum
2223 5510 2435 5567 Joanne
2458 5511 2783 5565 versabatur
2815 5510 2987 5581 Syrus
3040 5511 3261 5579 quidam
3300 5526 3384 5563 se-

1817 5623 1944 5671 nex,
1984 5606 2201 5660 nomine
2233 5604 2564 5676 Hesychius,
2601 5605 2808 5659 virtute
2841 5612 3049 5669 tantus,
3084 5611 3143 5658 ιιι
3177 5603 3222 5658 is
3250 5617 3387 5672 quo-

1818 5714 1924 5768 que
1949 5699 2149 5768 dignus
2193 5698 2265 5752 sit
2293 5698 2537 5763 habitus,
2576 5696 2669 5767 qui
2701 5704 3093 5766 asscquerctur
3126 5710 3382 5766 magnum

1818 5789 2019 5841 titulum
2051 5788 2249 5841 diuina:
2282 5789 2678 5858 priescicutiaz;
2736 5788 2896 5857 cujus
2943 5786 3388 5841 conversationis

1862 5885 1879 5914 ⁹
1912 5884 2068 5940 Joan.
2104 5899 2216 5953 xm,
2242 5883 2332 5937 25.
