4182 6440
770 408 876 477 939
1660 366 1668 375 “
2028 406 2303 469 LEONIS
2336 382 2825 471 Puttosopm'
3904 414 4013 479 ειο

770 525 973 603 etvita:
1006 524 1226 593 agenda:
1275 523 1613 579 honestatem
1696 523 2010 577 imitabatur
2075 519 2334 577 Joannes.
2368 523 2412 580 Α

2368 521 2565 600 Αδρες
2621 525 2853 595 ὁρῶνται
2919 527 3300 599 λευχείμονες,
3363 532 3742 603 παραστάντες
3800 534 3929 588 ἔνθα
3980 541 4008 591 6

768 602 910 671 fiuic
942 618 1059 673 seni
1118 615 1414 685 aliquando
1467 616 1651 672 oranti
1712 623 1975 685 apparent
2005 615 2113 669 duo
2156 630 2334 680 senes,

2453 613 2703 686 Ἰωάννης
2727 615 3103 692 προσηύχετο·
3134 613 3209 673 ὧν
3228 622 3254 673 6
3285 620 3383 691 μὲν
3406 602 3569 691 τόμον
3595 626 4005 696 γεγραμμένον,

768 708 948 764 induti
977 706 1229 763 candidis
1276 708 1544 774 vestibus,
1587 714 1833 762 astantes
1871 706 1959 761 ubi
2011 705 2337 776 precabatur

2437 707 2464 758 6
2515 706 2571 759 δὲ
2616 708 2761 771 κλεῖς
2798 709 3121 781 ἐπεφέρετο.
3164 710 3328 783 Ὀρᾷν
3373 713 3429 766 δέ
3461 710 3529 785 ἦν
3571 716 3800 781 τούτους
3830 719 4008 773 ίδόντα

765 798 1042 865 Joannes;
1074 813 1308 869 quorum
1342 814 1483 855 unus
1523 799 1741 869 quidem
1796 798 1987 851 librum
2043 798 2331 866 scriptum,

2438 799 2811 868 προσκυνῆσαι
2848 800 2941 853 τδν
2982 800 3256 870 Ἰωάννην,
3282 804 3409 868 τοὺς
3446 805 3502 859 δὲ
3549 808 3727 859 εἰπεῖν
3751 825 3765 840 ο
3796 807 4007 879 Θάρσει

764 891 903 944 alter
939 904 1070 945 vero
1102 888 1351 959 gestabat
1401 890 1598 945 claves.
1651 888 1872 943 Licebat
1922 897 2102 941 autem
2153 886 2335 940 videre

2436 887 2528 941 καὶ
2569 889 2645 959 μὴ
2673 889 2861 959 φοϐοῦ.
2910 891 3014 945 Τὸν
3054 892 3110 947 δὲ
3156 893 3486 964 διερωτῆσαι
3524 898 3751 967 ῥήματι,
3796 892 3839 966 ᾧ
3878 902 4007 962 τοὺς

761 985 1055 1049 Joannem,
1084 998 1206 1038 cum
1250 999 1346 1040 eos
1377 984 1625 1048 vidisset,
1660 982 1909 1047 adorare,
1966 981 2092 1037 illos
2148 987 2333 1034 autem

2438 979 2658 1049 κυρίους
2697 981 2994 1052 καλοῦμεν,
3034 983 3180 1046 τίνες
3222 984 3288 1038 ἀν
3317 978 3450 1049 εἷεν,
3500 987 3581 1039 ὅτι
3623 986 4006 1056 κατηξιώσαιεε

761 1080 943 1134 dicere
983 1094 998 1141 :
1039 1076 1284 1140 Conihle,
1316 1083 1369 1129 et
1401 1077 1513 1131 noli
1554 1076 1767 1132 timere.
1819 1072 1971 1128 Ilium
2008 1088 2136 1128 vero
2166 1071 2334 1127 verbo

2434 1067 2570 1137 πρὸς
2601 1069 2698 1140 τὴν
2729 1071 2868 1140 ἐμὴν
2899 1071 3229 1126 ταπείνωσιν
3265 1073 3477 1128 ἱκέσθαι
3504 1089 3517 1105 ·
3560 1076 3653 1128 καὶ
3682 1078 3807 1140 τοὺς
3847 1072 4007 1141 αὖθις

761 1184 987 1244 rogasse
1005 1183 1114 1239 quo
1157 1167 1496 1238 appellamus
1525 1167 1801 1232 dominos,
1840 1165 2068 1236 quinam
2121 1171 2330 1227 essent,

2433 1158 2608 1244 εἰπεῖν
2629 1174 2641 1188 ·
2675 1160 2768 1231 Μὴ
2803 1160 2992 1229 φοϐοῦ,
3030 1163 3164 1233 ἄνερ
3192 1163 3520 1235 ἐπιθυμιῶν,
3553 1166 3640 1219 νέε
3680 1167 3898 1238 Δανιὴλ,
3948 1170 4005 1220 ὲν

760 1238 907 1335 quod
937 1238 1143 1330 dignati
1174 1267 1361 1315 essent
1394 1259 1579 1314 venire
1608 1257 1676 1312 ad
1720 1274 1877 1314 suam
1938 1257 2328 1322 humilitatem,

2432 1238 2474 1312 ᾧ
2517 1250 2710 1317 σκηνοῖ
2746 1249 2806 1302 τὸ
2855 1251 3080 1320 Πνεῦμα
3124 1255 3186 1307 τὸ
3228 1254 3402 1323 ἀγιον.
3449 1255 3710 1320 Βασιλεὺς
3752 1257 3781 1309 6
3826 1257 4003 1327 μέγας

759 1359 812 1406 et
844 1367 939 1407 eos
974 1366 1167 1407 rursus
1192 1351 1378 1406 dicere
1404 1368 1417 1406 :
1448 1348 1524 1406 Ne
1550 1351 1766 1417 timeas,
1797 1350 1878 1405 vir
1906 1349 2329 1412 desideriorum,

2433 1339 2686 1410 Χριστὸς,
2718 1345 2745 1398 6
2778 1344 3042 1415 ⁴ἡμέτερος
3070 1346 3411 1413 διδάσκαλος,
3453 1348 3742 1404 ἀπέστειλέ
3785 1366 3869 1403 σοι
3904 1367 4006 1419 χα-

758 1456 900 1499 nove
929 1440 1142 1507 Daniel,
1182 1443 1233 1496 in
1272 1456 1380 1511 quo
1408 1440 1620 1495 habitat
1647 1440 1884 1508 Spiritus
1922 1450 2175 1495 sanctus.
2216 1438 2331 1495 Rex

2437 1435 2535 1501 ρᾶς
2566 1435 2833 1505 ἀγγέλους
2866 1439 3011 1508 ἡμᾶς
3036 1453 3049 1468 ο
3083 1441 3289 1510 χαρᾶς,
3322 1434 3391 1513 ἦς
3422 1440 3793 1495 ἀπολαύσουσι
3826 1444 4004 1495 πᾶσαι

759 1546 992 1602 magnus
1031 1530 1307 1596 Christus,
1342 1541 1531 1585 noster
1562 1529 1838 1597 magister,
1882 1542 1981 1582 nos
2009 1527 2158 1584 misit
2185 1526 2252 1581 ad
2279 1536 2332 1582 te

2431 1526 2517 1580 διὰ
2555 1525 2647 1581 σοῦ
2680 1528 2737 1580 αἱ
2772 1528 2866 1582 τοῦ
2903 1528 3037 1581 Θεοῦ
3081 1530 3422 1601 Ἐκκλησίαι.
3458 1529 3641 1586 Ταῦτα
3674 1534 3870 1596 εἰπεῖν,
3909 1532 4007 1584 καὶ

755 1606 986 1677 nuntios
1009 1623 1228 1705 gaudii;
1263 1623 1472 1692 gaudii,
1503 1621 1751 1689 inquam,
1784 1636 1897 1691 quo
1920 1636 2017 1691 per
2049 1631 2099 1676 te
2132 1619 2320 1675 fruen-

2432 1619 2711 1674 ἐπιδοῦναι
2736 1620 2904 1689 αὐτῷ,
2936 1621 3029 1674 τὸν
3056 1621 3154 1691 μὲν
3182 1622 3273 1675 τὸν
3299 1623 3483 1693 τόμον,
3516 1623 3605 1677 τὸν
3627 1624 3683 1678 δι
3704 1622 3800 1686 τὰς
3828 1622 4000 1686 κλεῖς,

756 1726 849 1769 tur
873 1729 1066 1770 omnes
1102 1714 1195 1769 Dei
1231 1711 1510 1768 Ecclesiae.
1562 1708 1689 1765 Haec
1722 1709 1934 1766 dixisse
1981 1720 2035 1765 et
2069 1711 2117 1764 ci
2161 1708 2328 1764 tradi-

2431 1710 2780 1774 ἀπειπόντας,
2821 1710 2895 1771 ὡς
2932 1710 3073 1780 Ἐγὼ
3107 1713 3204 1782 μὲν
3239 1713 3513 1784 Ἰωάννης,
3551 1716 3579 1768 6
3614 1712 3895 1768 έπιπεσὼν
3943 1715 4002 1767 έν

755 1804 928 1869 disse,
956 1804 1188 1859 alterum
1231 1817 1297 1858 ex
1330 1803 1417 1857 bis
1440 1800 1660 1872 quidem
1686 1800 1904 1866 librum,
1937 1801 2169 1855 alterum
2198 1815 2329 1855 vero
2362 1859 2400 1877 η

2362 1859 2400 1877 ἢ
2431 1801 2508 1870 τῷ
2543 1801 2791 1871 μυστικῴ
2810 1802 3010 1873 δείπνῳ
3035 1803 3219 1873 στήθει
3246 1805 3507 1876 Χριστοῦ,
3534 1805 3785 1860 κάκεῖθεν
3805 1808 3872 1861 τά
3902 1809 4004 1877 τῆς

753 1859 960 1959 claves,
1005 1893 1389 1965 subiungendo
1432 1859 1603 1963 {Ego
1650 1859 2176 1963 quidem'Joanncs,
2234 1892 2328 1963 qui
2362 1859 2401 1914 Β

2362 1859 2401 1914 Β
2434 1859 2711 1961 θεολογίας
2741 1859 3080 1964 ίρυσάμένος
3103 1859 3321 1965 νάματα
3343 1913 3356 1929 ⁸
3384 1859 3566 1967 εγὼιδδ
3594 1897 3820 1968 Πέτρος,

753 1988 810 2043 in
846 1986 1076 2058 mystica
1107 2000 1261 2041 coena
1309 2000 1478 2055 super
1536 1985 1741 2040 Christi
1772 1993 1961 2054 pectus
1996 1984 2249 2053 recubui,
2279 1991 2331 2038 et

2432 1981 2665 2050 Χριστὸν
2704 1980 2829 2035 Υίὸν
2860 1983 2996 2037 θεοῦ
3034 1984 3392 2056 ὁμολογήσας.
3424 1986 3555 2050 Θεὸς
3581 1986 3639 2040 δι
3670 1987 3764 2040 καὶ
3795 1987 3877 2040 σοὶ
3899 1988 4004 2056 τὴν

752 2076 907 2132 illinc
932 2076 1094 2131 hausi
1126 2075 1330 2131 ﬂuenta
1364 2076 1655 2147 theologia:
1683 2093 1698 2143 ;
1734 2068 1833 2146 ego
1874 2086 2053 2131 autem
2079 2090 2200 2133 sum
2223 2073 2325 2130 Pe-

2429 2070 2569 2141 ἑμὴν
2626 2070 2841 2125 δίδωσιν
2877 2072 3160 2137 έξουσίαν·
3219 2076 3450 2146 ποίησον
3501 2073 3595 2131 οῦν
3640 2080 3839 2140 πάντα,
3890 2076 4002 2131 ὅσα

749 2177 893 2243 trus,
925 2167 1019 2239 qui
1050 2166 1329 2223 Christum
1358 2166 1451 2223 Dei
1485 2168 1589 2223 vivi
1623 2167 1820 2222 Filium
1854 2183 1973 2223 sum
2011 2169 2320 2223 confessus.

2427 2163 2782 2234 ὲντελλόμεθά
2813 2180 2916 2221 σοι.
2939 2166 3292 2237 Μυσταγωγή
3303 2168 3490 2231 σαντές
3515 2184 3575 2220 τε
3599 2168 3759 2221 αὐτὸν
3783 2166 3854 2221 τά
3878 2167 4000 2221 θεῖα

747 2257 897 2313 Deus
934 2270 1065 2316 vero
1095 2255 1193 2311 tibi
1219 2271 1440 2327 quoque
1464 2257 1555 2311 dat
1603 2270 1776 2310 Inaam
1821 2263 2171 2323 potestatem.
2209 2254 2319 2310 Fac

2427 2256 2763 2325 έντάλματα,
2791 2257 2889 2312 καὶ
2930 2256 3039 2311 τῶν
3077 2258 3518 2330 έπελευσομένων
3558 2258 3812 2329 πολέμων
3846 2259 3999 2329 αὑτῷ

747 2345 932 2423 omnia
955 2358 1317 2414 quacumque
1350 2343 1448 2398 tibi
1471 2343 1748 2414 iubemus.
1782 2341 1846 2397 Et
1879 2358 2001 2397 cum
2039 2343 2091 2397 in
2111 2342 2327 2398 divino-

2428 2349 2523 2403 καὶ
2553 2347 2805 2417 θλίψεων,
2834 2350 2890 2403 αἶ
2920 2349 3113 2403 πολλαὶ
3158 2352 3269 2414 τοῖς
3310 2350 3542 2415 δικαίοις
3586 2352 3994 2422 προσ-γίνονται,

747 2453 872 2493 rum
903 2443 1301 2507 praeceptorum
1334 2435 1613 2507 mysteriis
1646 2452 1769 2491 eum
1808 2436 2203 2500 instituissent.
2269 2444 2325 2492 et

2427 2437 2527 2509 τὴν
2562 2436 2785 2490 έκϐασιν
2831 2439 3209 2508 προειπόντες,
3256 2438 3411 2503 τέλος
3464 2440 3571 2493 πᾶν
3627 2440 3784 2511 μέλος
3826 2439 3996 2493 αὐτοῦ

752 2532 1059 2584 futurorum
1091 2541 1146 2585 et
1180 2529 1448 2586 bellorum
1480 2538 1533 2589 et
1578 2528 1958 2595 aﬂiictionum,
2009 2545 2129 2598 qua:
2160 2530 2324 2599 justis

2425 2530 3019 2601 κατασφραγισάμενοι,
3078 2531 3456 2598 ἀσπασάμενοι
3504 2547 3563 2584 τε
3629 2532 3724 2585 καὶ
3771 2530 3999 2602 θαρσεῖν

749 2618 838 2673 hic
885 2620 1070 2673 multa:
1096 2634 1219 2674 esse
1250 2618 1449 2682 solent,
1480 2618 1860 2687 praedixissent
1889 2628 2169 2681 eventum,
2196 2625 2320 2681 tan:-

2427 2622 2520 2674 καὶ
2553 2622 2756 2691 ἰσχύειν
2782 2622 3134 2686 έπειπόντες,
3169 2621 3386 2676 ἀπίασι.
3419 2621 3605 2676 Ταῦτα
3633 2624 3661 2677 ό
3689 2621 3996 2691 θαυμάσιος

748 2711 889 2773 dem,
924 2725 1049 2763 cum
1105 2710 1362 2765 universa
1426 2708 1546 2778 ejus
1605 2707 1849 2764 membra
1908 2708 2320 2777 obsignassent,

2424 2714 2630 2774 ἐκεῖνος
2658 2712 2825 2775 ὅντως
2875 2711 3017 2777 ἰδὼν,
3071 2712 3163 2765 καὶ⁵
3212 2711 3452 2776 ἀκούσας
3494 2710 3830 2783 πρεσϐύτης,
3866 2710 3993 2765 καθ’

746 2813 983 2868 eumque
1022 2797 1259 2869 amplexi
1314 2805 1520 2864 essent,
1582 2798 1836 2869 bonoque
1866 2808 1920 2853 et
1969 2798 2095 2853 l‘orti
2138 2799 2323 2852 animo

2422 2803 2612 2854 έαυτδν
2639 2802 3016 2873 έξεπλήττετο.
3036 2801 3156 2855 Τῶν
3179 2801 3235 2855 δέ
3267 2786 3573 2872 βλεπόντων
3594 2799 3765 2864 οὕτως
3802 2799 3992 2864 αὑτὸν,

744 2908 869 2948 esse
892 2891 1217 2961 jussissent,
1256 2891 1541 2946 recedunt.
1599 2889 1727 2946 llaec
1754 2904 1880 2946 cum
1913 2889 2005 2945 ille
2040 2905 2170 2945 vere
2210 2888 2321 2944 ad—

2422 2896 2520 2963 τὴν
2552 2891 2732 2948 αίτίαν
2776 2894 3222 2963 πυνθανομένων,
3280 2892 3419 2964 ῑφη·
3462 2892 3776 2961 Μυστήρια
3818 2892 3996 2956 ,ϐασι-

747 2982 1016 3037 mirabiiis
1050 2981 1277 3037 vidisset
1306 2990 1360 3037 et
1390 2981 1658 3037 audiisset
1697 2995 1887 3042 senex,
1935 2980 2077 3049 apud
2108 2994 2167 3035 se
2222 2980 2318 3034 mi-

2421 2986 2593 3052 .Zéwc,
2636 2984 2876 3054 ἀδελφοὶ,
2931 2986 3347 3053 θριαμϐεύειν,⁹
3374 2984 3467 3037 καὶ
3506 2982 3642 3037 Θεοῦ
3695 2981 3996 3036 καλύπτειν

746 3074 996 3129 rabatur.
1035 3074 1108 3129 iis
1137 3080 1318 3127 autem
1367 3071 1461 3143 qui
1516 3086 1641 3127 eum
1666 3072 1747 3126 sic
1781 3069 2061 3131 videbant.
2092 3085 2317 3125 causam

2422 3078 2704 3149 τεράστια,
2731 3077 2820 3129 τὸν
2850 3078 2990 3139 ἴσον,
3042 3076 3241 3147 μᾶλλον
3285 3075 3343 3129 δέ
3394 3075 3487 3128 καὶ
3528 3073 3697 3128 πλείω
3743 3072 3992 3127 κίνδυνον

746 3164 1093 3235 rogantibus,
1123 3163 1263 3219 dixit
1298 3181 1312 3218 :
1347 3162 1524 3235 Regis,
1552 3176 1586 3219 ο
1616 3162 1839 3226 fratres,
1888 3178 2090 3217 arcana
2126 3179 2318 3231 propa-
2346 3187 2390 3246 ρ

2346 3187 2390 3246 α
2424 3169 2699 3241 ἐπιφέρει.
2745 3168 2856 3223 Καὶ
2886 3169 3210 3239 ἀρξάμενος,
3239 3166 3301 3220 τδ
3333 3167 3441 3219 πᾶν
3472 3164 3654 3236 διῆλθε
3678 3163 3779 3233 τῆς
3821 3164 3993 3216 ἀπτα-

746 3261 856 3311 lare
883 3257 947 3320 ὀ,
972 3266 1025 3311 et
1058 3255 1153 3310 Dei
1202 3254 1413 3323 aperire
1460 3253 1746 3317 miracula,
1805 3268 1902 3323 par
1960 3263 2125 3323 atque
2184 3253 2319 3307 adeo

2426 3260 2567 3321 σίας.
2587 3259 3051 3328 ’Δσφαλισάμενός
3078 3275 3137 3311 τε
3172 3256 3367 3319 αὐτοὺς
3388 3256 3464 3327 μὴ
3486 3254 3796 3323 γνωσθῆναι
3818 3252 3994 3307 ταῦτα

745 3347 925 3417 majus
965 3345 1121 3400 aﬂ’ert
1152 3344 1495 3415 perieulum;
1527 3351 1581 3397 et
1604 3340 1872 3411 incipiens
1915 3350 2086 3395 totam
2124 3356 2316 3395 narra-

2422 3352 2500 3422 τῷ
2544 3351 2794 3423 Ἰωάννῃ,
2829 3351 3071 3421 θάμϐους
3101 3351 3210 3403 τῶν
3243 3348 3597 3403 ἀκουσάντων
3623 3346 3719 3410 τὰς
3747 3345 3995 3411 διανοίας

743 3439 823 3492 vit
860 3437 1154 3492 visionem.
1186 3435 1287 3490 Cui
1318 3449 1442 3489 cum
1473 3433 1600 3488 data
1631 3441 1780 3488 esset
1816 3433 1971 3495 iides,
2009 3448 2115 3486 non
2138 3433 2316 3489 scitu-

2424 3443 2764 3514 ἐπλήρωσεν.
2812 3442 2869 3496 '0
2898 3442 2954 3496 δι
2991 3443 3243 3512 Ἰωάννης
3277 3439 3578 3511 τηνικαῦτα.
3602 3438 3726 3500 τοὺς
3756 3438 3992 3507 ἀσκητι-

743 3542 867 3587 rum
896 3526 947 3582 id
978 3524 1267 3596 Joannem,
1305 3526 1352 3579 is
1392 3532 1606 3579 mentes
1634 3523 1877 3577 omnium
1936 3524 2174 3590 implevit
2222 3524 2317 3577 ad-

2421 3534 2553 3597 κοὺς
2603 3531 2984 3603 συνεγράψατο
3045 3532 3257 3599 λόγους.
3311 3527 3590 3582 Ἐντεῦθεν
3647 3524 3795 3595 αὐτῷ
3855 3523 3998 3594 πρὸς

745 3616 1064 3671 miratione.
1096 3616 1338 3670 Joannes
1367 3622 1553 3668 autem
1592 3624 1724 3667 tunc
1755 3612 1977 3681 scripsit
2019 3612 2189 3667 libros
2252 3613 2318 3667 de

2421 3623 2732 3694 ἀκρώρειαν
2774 3622 2872 3694 τῆς
2905 3621 3343 3692 βασιλικωτάτης
3378 3620 3486 3672 τῶν
3512 3615 3719 3689 ἀρετῶν
3783 3614 3995 3669 ἀνιόντι

746 3708 1060 3763 niuriastica
1116 3704 1540 3760 exercitatione.
1600 3702 1739 3758 Hinc
1779 3703 1828 3759 ei
1884 3703 2201 3758 ascendenti
2249 3703 2315 3758 ad

2423 3714 2730 3787 περιωπῆς,
2763 3715 2860 3767 καὶ
2908 3712 2977 3764 τὰ
3020 3710 3196 3783 θράση
3235 3711 3343 3763 τῶν
3373 3707 3562 3762 παθῶν
3607 3704 3996 3767 ύποτάσσοντι,

742 3798 1025 3867 fastigium
1059 3796 1328 3865 imprimis
1382 3796 1543 3866 regiae
1586 3797 1846 3855 virtutum
1897 3796 2316 3864 contemplatio-

2423 3807 2662 3877 θεόθενή
2698 3805 2818 3862 κατ’
2848 3803 3027 3861 αὐτῶν
3057 3802 3275 3869 έξουσία
3297 3801 3671 3872 παραδίδοται,
3708 3796 3803 3849 τοῦ
3827 3796 3997 3849 αὺτο-

743 3890 851 3956 nis,
889 3899 941 3944 et
974 3885 1289 3957 subjicienti
1321 3886 1608 3942 audaciam
1665 3889 2005 3959 passionum,
2052 3886 2317 3942 divinitus

2422 3897 2691 3969 κράτορος
2730 3895 2821 3951 νοῦ
2854 3897 2921 3966 τῇ
2954 3895 3159 3949 ἀνωθεν
3207 3890 3594 3961 συνεπικουρίᾳ
3633 3884 4000 3957 φορολογοῦν-

746 3981 934 4032 ineas
975 3976 1136 4031 datur
1188 3985 1445 4045 potestas,
1521 3982 1702 4028 mente
1756 3989 1879 4044 quae
1941 3974 2311 4043 principatum

2419 4005 2508 4053 τος
2534 4029 2549 4054 ,
2597 3987 2691 4041 καὶ
2732 3985 2792 4038 τὸ
2841 3982 3067 4037 έκείνων
3114 3983 3398 4056 ἀγριαῐνον
3454 3977 3995 4051 καθυποτάσσοντος.

742 4068 959 4124 obtinet
993 4082 1239 4136 superno
1285 4065 1488 4121 auxilio
1540 4065 1818 4134 adjuvata,
1871 4072 1925 4119 et
1984 4065 2314 4135 subjugante

2424 4080 2610 4145 Ἀξιον
2636 4078 2693 4133 δὲ
2722 4078 2822 4151 τῆς
2846 4076 2976 4147 περὶ
3014 4076 3105 4128 τὸν
3149 4074 3315 4143 ἀνδρα
3375 4070 3527 4142 παρά
3555 4069 3647 4123 τοῦ
3678 4068 3997 4139 κρείττονος

745 4160 962 4213 illarum
1016 4157 1315 4214 feritatem.
1366 4154 1557 4227 Opera:
1608 4156 1842 4226 pretium
1889 4163 1975 4211 est
2022 4163 2202 4210 autem
2250 4157 2318 4210 de

2420 4177 2522 4228 κάν
2552 4173 2762 4233 τούτοις
2811 4167 3124 4237 φιλοτιμίας
3169 4165 3458 4217 συνελόντα
3502 4162 3591 4216 τὸν
3636 4161 3813 4228 λόγον,
3863 4159 3993 4212 ὅσον

742 4249 1145 4331 Omnipotenlis
1198 4262 1418 4319 quoque
1473 4248 1527 4301 in
1574 4262 1695 4303 eum
1746 4253 1799 4302 et
1846 4246 1899 4300 in
1947 4246 2032 4300 his
2098 4244 2316 4300 muniti-

1622 4262 1695 4299 nn
1746 4253 1799 4302 et
1846 4246 1899 4300 in
1947 4246 2032 4336 his
2098 4244 2316 4300 muniii-
2421 4266 2713 4336 ἐνδέχεται,
2751 4261 2956 4335 βραχέα
2984 4258 3273 4312 διαλαϐεῖν.

743 4343 947 4403 «entia,
980 4337 1368 4394 contrahendo.
1389 4336 1720 4401 orationem,
1754 4338 1936 4406 quoad
1971 4335 2086 4391 ﬂeri
2112 4346 2310 4405 potest,

744 4433 982 4485 breviter
1008 4429 1304 4485 disserere.

813 4524 867 4575 7.
908 4520 1247 4577 Dominicam
1276 4522 1567 4586 illubriam,
1600 4522 1744 4577 sicut
1767 4522 2098 4586 audivimus,
2126 4536 2315 4578 neces-
2349 4518 2393 4573 D

2349 4518 2393 4573 Ῑ)
2498 4532 2560 4597 ς’.
2592 4529 2694 4584 Τοῦ
2730 4525 3061 4581 Δεσποτικοῦ
3095 4522 3428 4593 κρασπέδου,
3462 4520 3713 4590 καθάπερ
3745 4516 3992 4587 ἡκούσα-

744 4614 907 4670 sitate
942 4612 1116 4667 morbi
1155 4612 1351 4667 adacta
1408 4612 1521 4669 illic
1568 4612 1787 4683 quidem
1831 4614 2028 4669 mulier
2057 4614 2159 4670 iide
2195 4623 2316 4669 tan-

2424 4637 2545 4692 μεν,
2598 4618 2811 4687 ἀνάγκῃ
2864 4612 3069 4676 πάθους
3118 4612 3234 4663 ἐκεῖ
3301 4610 3400 4678 μέν
3453 4608 3589 4677 γυνὴ
3644 4607 3707 4658 εκ
3742 4606 3992 4669 πίστεως

742 4721 876 4776 gens
921 4705 984 4769 “,
1016 4704 1218 4775 accipit
1249 4711 1397 4759 tactu
1428 4706 1685 4760 salutem.
1752 4702 1896 4776 Ergo
1951 4706 2039 4760 hic
2098 4722 2316 4777 quoque

2420 4711 2722 4781 ἁψάμενον,
2749 4709 2814 4777 τῇ
2846 4704 2956 4775 ἀφῇ
2990 4702 3090 4773 τὴν
3129 4701 3403 4771 σωτηρίαν
3450 4696 3822 4768 ἀπολαμϐάνει
3849 4713 3862 4727 ’
3895 4696 3996 4749 τὸν

742 4788 987 4851 imitatus
1024 4803 1108 4849 est
1140 4790 1484 4865 magistrum.
1539 4792 1639 4848 Hic
1670 4794 1815 4848 enim
1861 4796 1947 4848 vir
1978 4796 2199 4865 quidam
2240 4797 2314 4851 ia-

2419 4801 2737 4857 διδάσκαλον
2770 4793 2864 4851 οὖν
2898 4796 2992 4849 καὶ
3042 4787 3195 4856 οὗτος
3235 4791 3677 4861 ἀπομεμίμηται.
3724 4786 3996 4841 Ἐνταῦθα

740 4887 971 4941 borabat
1002 4893 1152 4940 tanto
1179 4883 1371 4939 dolore
1391 4885 1739 4949 bemicranii,
1769 4893 1828 4940 ut
1860 4886 1987 4939 mali
2017 4886 2309 4941 vehemen-

2418 4894 2527 4963 γάρ
2558 4908 2639 4956 τις
2670 4889 2810 4960 ἀνὴρ
2838 4886 3076 4958 τοσαύτῃ
3105 4883 3234 4954 περὶ
3279 4882 3340 4935 τὸ
3386 4882 3687 4950 ήμίκρανον
3733 4878 3994 4947 ἀλγηδόνι

742 4980 818 5036 tia
870 4978 1135 5035 exsiliens
1187 4977 1383 5031 oculus
1440 4975 1563 5046 ejus
1614 4986 1932 5033 cerneretur
1998 4979 2236 5049 pendere
2282 4997 2311 5034 a

2421 4982 2725 5052 συνέχεται,
2776 4977 2917 5032 ὥστε
2958 4975 3039 5048 τῷ
3075 4972 3287 5043 σφοδρῷ
3331 4972 3427 5041 τῆς
3455 4970 3645 5038 ὀδύνης
3683 4970 3772 5021 τὸν
3794 4966 3992 5019 τούτου

741 5070 987 5124 maxilla.
1025 5068 1073 5123 Is
1112 5083 1235 5122 cum
1276 5067 1557 5123 incassum
1592 5067 1647 5122 in
1689 5068 1933 5123 medicos
1958 5084 2087 5125 suas
2117 5085 2308 5126 omnes

2415 5071 2693 5143 ὀφθαλμὸν
2732 5068 3137 5139 έκπηδήσαντα,
3161 5066 3227 5133 τῇ
3277 5060 3486 5129 σιαγόνι
3525 5056 3753 5129 ὁρᾶσθαι
3779 5056 3998 5110 ἀπαιω-

741 5158 1182 5229 consumpsisset
1236 5156 1547 5222 facultates,
1609 5158 1825 5213 accedit
1885 5159 2181 5229 aliquando
2238 5161 2306 5216 ad

2422 5166 2704 5238 ρούμενον.
2735 5157 2903 5223 Οὗτος
2930 5159 3132 5231 ίατροϊς
3158 5150 3579 5224 προσαναλώσας
3604 5150 3723 5202 ὅλον
3743 5146 3833 5200 τὸν
3876 5148 3996 5217 βίον

740 5251 988 5305 divinum
1017 5248 1304 5313 Joannem,
1347 5265 1545 5319 rogans
1576 5257 1633 5303 ut
1668 5259 1975 5306 sanaretur.
2008 5251 2099 5307 ille
2125 5266 2306 5308 autem

2418 5258 2673 5327 ἀνόνητα,
2708 5250 2955 5325 πρόσεισί
2989 5265 3118 5301 ποτε
3153 5246 3230 5316 τῷ
3261 5246 3392 5315 θείῳ
3428 5242 3666 5311 Ἰωάννῃ,
3693 5238 3993 5293 ἀντιϐολῶν

739 5343 873 5397 dicit
898 5341 946 5396 ei
982 5358 994 5394 :
1032 5338 1186 5395 liunc
1214 5341 1465 5395 morbum
1499 5340 1595 5393 tibi
1623 5340 1990 5396 conciliaruut
2023 5350 2113 5396 tua
2140 5344 2306 5398 animi

2422 5349 2659 5419 ἰαθῆναι.
2701 5347 2760 5398 '0
2780 5344 2835 5397 δὲ
2862 5343 3009 5411 λέγει
3034 5338 3179 5407 αὐτῴ
3206 5354 3217 5366 ·
3251 5336 3420 5391 Τοῦτό
3457 5351 3538 5387 σοι
3587 5335 3647 5386 τὸ
3694 5330 3889 5394 πάθος,
3929 5332 3994 5384 τὸ

738 5433 1074 5502 perversitas
1106 5440 1158 5509 ct
1193 5448 1361 5501 pauca
1391 5431 1522 5486 iides
1544 5433 1597 5486 in
1627 5432 1905 5488 Christum
1941 5432 2304 5490 Saivatorem.

2421 5438 2633 5493 σκολιδν
2680 5435 2778 5506 τῆς
2822 5433 3019 5503 ψυχῆς,
3052 5432 3143 5485 καὶ
3187 5430 3322 5500 πρὸς
3356 5428 3445 5480 τὸν
3480 5426 3705 5495 Σωτῆρα
3753 5421 3994 5492 Χριστὸν

714 5510 895 5580 Tum:
924 5508 1208 5596 aegrotus».
1238 5527 1397 5580 simul
1432 5535 1595 5594 atque
1636 5524 1740 5579 hoc
1773 5525 2001 5582 dixisset
2045 5527 2305 5595 Joannes,

2418 5528 2757 5599 ὀλιγόπιστον
2800 5523 3185 5595 προεξένησαν.
3232 5522 3290 5572 Ὀ
3347 5519 3401 5570 δι
3460 5517 3703 5584 πάσχων,
3740 5516 3859 5581 ἀμα
3913 5512 3993 5599 τῷ

740 5626 996 5671 actutum
1025 5618 1318 5671 traducens
1348 5618 1411 5670 ad
1451 5620 1662 5672 lirmam
1706 5617 1909 5674 Christi
1956 5621 2131 5685 iidem,
2191 5631 2308 5678 tau-

2418 5597 2582 5690 λόγιρ,
2622 5617 2742 5671 ὅλον
2777 5612 2966 5666 ἑαυτὸν
3009 5611 3101 5665 επὶ
3129 5610 3227 5679 τὴν
3277 5605 3496 5678 ἀρραγῆ
3542 5602 3719 5654 πίστιν
3749 5597 3992 5669 Χριστοῦ

741 5710 816 5775 git
842 5711 1083 5762 tunicam
1116 5707 1366 5776 Joanms,
1394 5721 1446 5763 ct
1491 5727 1615 5764 cum
1638 5724 1758 5764 eam
1788 5712 1918 5765 locis
1957 5713 2165 5769 aii'ectis
2206 5716 2307 5770 im-

2421 5712 2697 5783 μεταθεὶς,
2726 5708 2958 5763 ἅπτεται
2990 5704 3084 5758 τοῦ
3116 5702 3435 5774 χιτωνίσκου
3464 5697 3556 5751 τοῦ
3597 5696 3870 5757 Ἰωάννου,
3896 5693 3995 5746 καὶ

744 5796 1037 5871 posuisset,
1102 5802 1246 5854 dicto
1298 5792 1463 5856 citius
1514 5802 1614 5854 fuit
1671 5813 1919 5860 curatus.
1972 5805 2103 5862 Post
2160 5808 2307 5866 hunc

2414 5810 2526 5871 τοῖς
2575 5802 2867 5859 πεπονθόσι
2918 5798 3138 5872 χωρίοις
3191 5794 3420 5863 ἐπιθεὶς,
3476 5789 3668 5845 θᾶττον
3718 5787 3752 5858 ἢ
3810 5785 3995 5855 λόγος,

812 5889 857 5922 ³⁸
887 5887 1023 5946 Tui).
1057 5906 1154 5957 ιιι,
1186 5892 1238 5946 7.
1318 5893 1355 5924 ¹¹
1391 5892 1576 5948 Matii.
1612 5911 1687 5956 ιιι,
1719 5892 1808 5949 22.
