4182 6440
132 449 217 515 241

795 444 1077 507 ORATIO
1116 440 1420 503 XVIII.-
1468 434 1855 499 LAUDATIO
1881 436 1943 496 S.
1983 434 2303 496 JOANNIS
2333 435 2734 497 CHRYSOST.

3253 436 3358 498 242

133 564 385 634 λαμϐάνει
429 560 529 633 τὴν
580 560 740 615 ἴασιν.
778 559 931 614 Μετά
980 556 1170 611 τοῦτον
1218 554 1415 625 λεπρός
1461 569 1545 616 τις
1594 552 1695 621 τὴν

1818 548 2018 620 ιυίᾱειιιι
2058 548 2198 604 facie
2230 558 2501 618 leprosos,
2534 549 2626 618 qui
2661 555 2779 602 erat
2807 563 2837 602 e
2868 547 3208 618 proceribus,
3258 561 3358 599 no-

134 657 261 726 ἤψιν,
293 654 404 708 τῶν
442 653 781 723 μεγιστάνων
827 650 1134 720 τυγχάνων,
1162 645 1451 716 Ἀρχέλαος
1498 644 1688 714 ὄνομα,

136 744 394 815 προσῆλθε
429 743 508 811 τῷ
544 742 787 812 Ἰωάννῃ,
818 743 912 795 καί⁵
939 739 1121 803 καθὼς
1158 738 1427 807 Ζακχαῖος
1466 737 1691 800 εκείνος,

137 836 259 904 πρὸς
290 836 381 889 τὸν
410 835 687 903 Δεσπότην
738 830 1100 903 μεγαλοψύχῳ
1152 830 1412 898 κινήματι
1461 826 1694 889 πίστεως

137 928 218 981 καὶ
241 920 393 990 οὗτος
422 924 593 979 εἰπὼν
620 925 717 979 καί
750 923 1126 993 συνθεόμενος.
1161 921 1381 991 πρῶτον
1400 918 1499 988 τὴν
1524 918 1697 987 ἀμορ-

138 1021 255 1088 φίαν
300 1020 401 1089 τῆς
449 1017 739 1087 λεπρώσης
789 1016 969 1085 ψυχῆς
1017 1013 1093 1083 τῷ
1144 1000 1544 1085 ῥυπτικωτάτῳ
1588 1009 1699 1064 τῶν

148 1112 387 1165 Ἰωάννου
438 1110 636 1177 λογίων
685 1106 1134 1177 ἀποπλυνάμενος
1201 1105 1388 1166 ὕδατι,
1451 1103 1587 1173 μετά
1634 1118 1697 1171 γε

136 1200 281 1255 τοῦτο
312 1199 413 1254 τοῦ
462 1199 722 1271 φρεατίου
761 1197 972 1263 ὓδατος,
1006 1190 1050 1265 ᾧ
1097 1195 1335 1266 εχρῶντο
1368 1195 1417 1248 οἰ
1461 1193 1697 1262 ἀδελφοὶ,

138 1294 413 1348 κελεύεται
445 1290 705 1362 νίψασθαι
728 1308 744 1323 θ
785 1290 880 1344 κιαί⁸
918 1289 1234 1360 νιψάμενος,
1267 1285 1469 1347 εὐθέως
1515 1288 1607 1339 καὶ
1640 1284 1700 1336 τίο

140 1386 286 1454 σῶμα
319 1382 663 1454 καθαίρεται.
695 1378 826 1435 Elter
859 1380 937 1452 τῷ
961 1380 1203 1450 περιόντι
1231 1380 1329 1450 τῆς
1359 1379 1441 1441 εἰς
1467 1376 1701 1447 Χριστὸν

138 1480 384 1540 ¹ιιὲστεως,
412 1471 481 1546 ἧς
506 1470 575 1545 ἦν
604 1473 753 1543 αὐτῷ
774 1474 835 1526 τὸ
865 1470 1101 1542 χρυσοῦν
1130 1470 1298 1532 δντως
1322 1470 1498 1521 ἐκεῖνο
1526 1467 1703 1536 στόμα

139 1567 387 1640 πρόξενον
422 1564 811 1636 ἀποκείρεται·
841 1566 935 1617 καὶ
979 1562 1217 1632 μονάσας
1269 1560 1450 1624 ὁσίως,
1474 1557 1702 1627 διαπρέο

140 1675 219 1711 πει
243 1658 339 1711 καί
367 1654 693 1711 τελειοῦται.
728 1655 931 1709 Τούτου
959 1652 1198 1722 ζηλωταὶ
1240 1650 1420 1704 πολλοὶ
1448 1649 1559 1701 τῶν
1584 1646 1702 1701 τότε

140 1748 506 1807 καθίστανται.
533 1749 600 1801 ea
628 1746 725 1817 μὶν
756 1744 972 1799 ποικίλα
1006 1743 1114 1797 τῶν
1139 1740 1410 1811 λογισμῶν
1431 1739 1508 1808 τῷ
1537 1737 1704 1808 ἰατρῷ

140 1839 506 1911 θεατρίζοντες
556 1839 867 1910 τραύματα,
909 1837 1085 1906 ἀπλῆν
1132 1835 1188 1887 δε
1234 1836 1328 1887 καὶ
1376 1833 1580 1903 ῥᾴστην
1612 1832 1703 1885 καὶ

140 1901 359 1998 ἄφθονον
413 1901 514 2001 τὴν
552 1901 861 2001 θεραπείαν
889 1901 1386 1996 ἀποκληρούμενοιξ
1423 1919 1703 1990 Πανταχοῦ
1733 1901 1779 1961 Β

140 2022 247 2073 τότε
268 2021 459 2075 λοιπὸν
484 2020 843 2091 μοναστήρια,
866 2016 1086 2086 ἀγάπης
1109 2015 1461 2082 πλεονασμὸς,
1485 2010 1704 2079 διπλόης

140 2113 460 2181 ἀφανισμός,
483 2110 986 2181 ταπεινοφροσύνης
1022 2104 1465 2179 περιουσιασμὸς,
1493 2104 1705 2170 ἀγερω-

142 2206 251 2272 χίας
280 2203 693 2273 κατακλυσμὸς,
728 2201 840 2272 βίος
875 2200 1197 2271 ἀσκητικδς,
1224 2196 1380 2265 λόγος
1407 2194 1703 2266 εἰρηνικὸς,

143 2295 439 2367 βρωμάτων
466 2294 758 2367 ὑπεροψία,
790 2294 1077 2364 δογμάτων
1124 2290 1461 2345 διδασκαλία.
1504 2288 1617 2341 οὐκ
1638 2284 1705 2358 ἦν

144 2389 257 2443 ἰδεῖν
284 2388 402 2441 τότε
445 2389 655 2441 πόσεων
683 2385 1052 2456 οἰνοφλυγίαν,
1084 2385 1143 2436 ού
1174 2383 1406 2450 γέλωτος
1455 2379 1702 2446 ἀταξίαν,

141 2480 229 2533 οὐκ
257 2479 466 2551 ἔριδας,
490 2482 551 2534 οὐ
584 2479 764 2549 ζῆλον,
796 2478 894 2533 οὐκ
927 2477 1056 2531 ἀλλο
1102 2493 1152 2530 τι
1184 2474 1293 2529 τῶν
1320 2472 1707 2541 ἀντιτειχιζὸν-

141 2587 237 2623 των
262 2573 448 2639 νεφῶν
475 2570 703 2641 ὁρᾶσθαι
734 2569 830 2631 τάς
849 2569 942 2622 τοῦ
984 2566 1174 2637 νοητοῦ
1214 2564 1393 2618 Ἡλίου
1417 2581 1708 2634 μαρμαρυ·

142 2660 251 2729 γάς.
276 2661 399 2718 Τῶν
438 2664 697 2719 ἁπάντων
736 2659 1029 2730 κεφάλαιον
1054 2659 1111 2711 ιν
1143 2657 1243 2724 τῆς
1277 2656 1523 2708 Ἰωάννου
1550 2653 1708 2727 κηδε-

145 2752 319 2819 μονίας
354 2754 388 2823 ἠ
439 2751 822 2821 φιλάνθρωπος
882 2748 1191 2818 ἐπιμέλεια.
1229 2745 1294 2799 Τί
1340 2747 1406 2798 τά
1445 2744 1576 2798 ἄλλα
1602 2743 1709 2797 τῶν

141 2839 460 2912 θαυμάτωνς
482 2839 595 2894 Νῦν
621 2841 720 2910 μιν
748 2839 981 2899 Εὖκλεος
1008 2838 1229 2898 εκεῖνος.
1253 2834 1310 2896 δς
1334 2832 1511 2901 φθόνῳ
1533 2830 1712 2883 διαϐό-

139 2931 243 2996 λου,
263 2932 497 3000 θατέρου
516 2930 625 2984 τῶν
644 2928 938 2999 δφθαλμῶν
953 2928 1012 2981 τὸ
1035 2928 1147 2995 φῶς
1174 2925 1391 2993 λέγεται
1423 2920 1708 2985 ἀπολέσαι,

140 3023 374 3081 πιστεύει
403 3025 487 3097 τῷ
506 3022 747 3093 Χριστῷ,
778 3021 1078 3093 πρόσεισιν,
1109 3017 1466 3087 ἀποκείρεται
1492 3030 1504 3044 °
1538 3014 1708 3077 τέλος,

139 3116 308 3189 εὐχαῖς
340 3115 437 3169 τοῦ
473 3112 723 3169 Ἰωάννου
748 3113 909 3166 πάλιν
939 3108 1315 3178 ἀπολαμϐάνει
1345 3106 1404 3159 τὺ
1431 3104 1545 3175 φῶς
1571 3121 1584 3135 ο
1614 3104 1709 3157 νῦν

137 3205 188 3262 δί
214 3210 245 3277 ἠ
274 3207 583 3280 αἱμόρρους
610 3204 792 3274 εκείνη
824 3202 1036 3273 χρόνοις
1081 3198 1220 3253 επτά
1248 3197 1591 3259 διατελοῦσα,
1617 3195 1709 3247 τὸν

139 3297 357 3367 σύζυγον
419 3297 622 3362 πείθει,
682 3295 777 3349 καὶ
824 3293 892 3347 δι’
942 3290 1108 3345 αὐτοῦ
1167 3289 1409 3344 δυσωπεῖ
1463 3287 1560 3355 μὲν
1618 3284 1710 3337 τὸν

136 3389 405 3462 Ἰωάννην,
448 3387 762 3443 διδάσκεται
805 3385 862 3438 δὲ
888 3382 1021 3454 παρ’
1064 3380 1229 3435 αὐτοῦ
1262 3380 1360 3447 τὴν
1389 3377 1591 3441 αἰτίαν,
1628 3376 1709 3429 ὅτι

137 3480 198 3533 δι’
220 3473 499 3551 ἁμαρτίας
532 3475 896 3548 παρεχωρήθη
931 3470 1275 3535 κολάξεσθαι.
1300 3470 1463 3531 Ποίας
1490 3467 1545 3519 δὲ
1583 3465 1711 3520 ταύ-

138 3589 256 3638 τας;
293 3572 409 3639 Τὴν
441 3568 581 3639 πρὸς
618 3567 720 3629 τάς
768 3564 941 3636 ἅϐρας
990 3558 1416 3630 ἀπανθρωπίαν,
1462 3556 1558 3626 τὴν
1605 3553 1711 3608 τῶν

141 3662 376 3734 πενήτων
421 3655 835 3729 ἀφροντιστίαν,
891 3653 1228 3722 ἀδδηφαγίαν
1270 3667 1329 3703 τε
1386 3649 1481 3703 καὶ
1532 3647 1712 3699 πᾶσαν

139 3753 467 3824 ἰρεσχελίαν.
505 3749 649 3821 Πρὸς
682 3747 857 3802 ταῦτα
886 3747 939 3799 τί
970 3746 1049 3798 δεῖ
1076 3744 1141 3796 τὰ
1188 3740 1445 3809 πολυειδῆ
1477 3739 1570 3792 τοῦ
1604 3738 1714 3791 τῶν

138 3847 311 3917 ψυχῶν
353 3841 549 3915 ἰατροῦ
585 3842 850 3911 φάρμακα
877 3838 1079 3903 λέγειν,
1115 3835 1335 3897 ὁπόσοις
1372 3832 1470 3901 τὴν
1501 3831 1711 3899 ἄνθρω-

141 3954 229 3988 πον
270 3933 794 4007 προσεπενοήσατο;
831 3929 1017 3983 Πάντα
1059 3925 1147 3979 διά
1191 3925 1285 3979 τοῦ
1340 3921 1574 3989 συζύγου
1614 3937 1716 3989 μα-

142 4027 321 4093 θοῦσα,
358 4026 459 4079 καὶ
492 4022 676 4077 αὐτῶν
706 4021 802 4091 τὴν
830 4018 1117 4090 διόρθωσιν
1152 4014 1361 4077 πιστῶς
1388 4009 1717 4078 ἐπαγγελλο-

144 4118 287 4190 μένη,
336 4113 629 4186 ταχύτατα
660 4106 927 4180 λαμϐάνει
956 4108 1053 4179 τὴν
1081 4106 1332 4176 αῖσθησιν
1367 4104 1463 4172 τῆς
1500 4103 1713 4164 ἰάσεως.

141 4205 269 4261 Τίδε
296 4205 391 4259 καί
434 4204 571 4274 περί
598 4200 693 4253 τοῦ
723 4198 1000 4272 ἀνημέρου
1035 4196 1201 4267 θηρδς
1236 4194 1471 4256 ἐκείνου,
1506 4192 1567 4255 ὃς
1591 4192 1720 4245 πολ-

141 4297 252 4358 λοῦς
312 4298 413 4365 μὲν
469 4292 583 4346 τῶν
641 4290 985 4346 διοδευόντων
1047 4290 1282 4341 ποιεῖται
1338 4285 1715 4353 καοιάϐρωμα,

142 4390 358 4452 πολλοὺς
392 4387 455 4441 ϐὶ
489 4386 600 4438 τῶν
630 4382 975 4456 ὁμορούντων
1008 4380 1085 4450 τῷ
1132 4381 1239 4433 δέει
1274 4378 1520 4448 φυγάδας
1553 4376 1716 4448 ἐργά-

143 4482 318 4547 Cum;
352 4479 431 4533 Τὸ
461 4476 795 4531 Δεσποτικδν
819 4474 981 4529 ὅπλον
1012 4476 1039 4528 ό
1076 4472 1219 4536 θεῖος
1250 4471 1391 4526 κατά
1430 4470 1523 4523 τοῦ
1554 4468 1719 4539 θηρὸς

1799 642 1943 697 utine
1965 640 2285 706 Archelaus,
2313 642 2548 694 accessit
2573 640 2639 695 ad
2670 639 2959 700 Joannem,
3003 647 3057 694 et
3085 638 3360 707 quomodo

1803 731 2063 787 Zachmus
2086 731 2199 795 ille,
2242 732 2306 783 ad
2343 728 2633 783 Dominum
2688 729 3036 797 magnanimo
3066 736 3212 780 motu
3240 724 3359 780 fidei

1801 824 1889 879 hic
1937 836 2158 893 quoque
2190 820 2419 889 loquens
2481 827 2536 873 et
2588 820 2891 881 accedens;
2949 828 3091 871 eutu'
3132 818 3364 887 leprosa‘.

1800 916 1992 971 anima:
2010 914 2411 970 deformitatem
2442 911 2679 967 Joannes
2708 913 3073 981 eloquiorum,
3105 926 3226 981 qua:
3252 924 3365 963 ma-

1802 1005 2321 1078 ximeexpurgabat,
2346 1020 2484 1075 aqua
2512 1005 2798 1068 abluisset,
2813 1004 2970 1073 jubet
2998 1018 3121 1057 eum
3149 1019 3365 1072 quoque

1802 1118 1941 1173 aqua
1979 1099 2151 1171 putei,
2186 1113 2295 1170 qua
2330 1097 2527 1153 fratres
2559 1098 2869 1158 utebantur,
2911 1096 3113 1161 lavari;
3161 1103 3362 1149 etcum

1805 1194 2019 1248 lavatus
2052 1197 2221 1253 esset,
2257 1178 2379 1256 eius
2405 1202 2622 1258 quoque
2663 1201 2864 1257 corpus
2895 1186 3198 1241 mundatur
3232 1199 3359 1251 pro-

1804 1284 1971 1337 tinus.
2004 1280 2211 1334 Deinde
2236 1288 2460 1350 propter
2486 1292 2756 1346 summam
2784 1278 2838 1330 iu
2872 1277 3146 1332 Christum
3185 1274 3365 1336 fidem,

1803 1390 1964 1446 quam
2001 1374 2049 1428 ei
2081 1373 2476 1428 conciliaverat
2510 1369 2645 1424 illud
2668 1384 2731 1423 os
2764 1383 2890 1423 vere
2942 1382 3195 1427 aureum.
3245 1376 3367 1419 ton-

1802 1466 2000 1526 detur;
2030 1472 2231 1517 etcum
2265 1469 2455 1517 sancte
2506 1460 2702 1513 fuisset
2758 1457 3085 1519 monachus,
3138 1455 3368 1525 insignis

1802 1555 1984 1612 evadit
2012 1565 2062 1608 et
2099 1553 2375 1622 perfectus
2417 1549 2493 1605 fit.
2526 1548 2676 1604 Multi
2707 1564 2769 1603 ex
2798 1549 2864 1603 iis
2892 1547 2985 1617 qui
3023 1558 3154 1600 tunc
3186 1552 3365 1601 erant.

1805 1650 2025 1706 fuerunt
2051 1650 2171 1717 ejus
2195 1646 2522 1709 imitatores,
2553 1644 2704 1695 varia
2730 1642 2947 1710 quidem
2982 1636 3368 1707 cogitationum

1804 1740 2024 1794 vulnera
2044 1738 2254 1792 medico
2270 1734 2597 1805 aperientes,
2619 1730 2922 1800 simplicem
2950 1738 3127 1782 autem
3146 1734 3200 1780 et
3232 1723 3369 1777 faci-

1808 1833 1908 1888 lem
1940 1840 1993 1886 et
2032 1830 2307 1899 copiosam
2367 1833 2719 1893 asscqueutes
2768 1822 3129 1877 curationem.
3162 1818 3373 1885 Ubique

1809 1934 1938 1978 tunc
1958 1923 2023 1977 de
2050 1930 2247 1978 eretero
2285 1917 2640 1978 monasteria,
2670 1914 2955 1969 charitatis
2987 1908 3323 1966 abundantia
3356 1946 3371 1970 ,

1808 2015 2152 2086 duplicitatis
2203 2011 2473 2083 expulsio,
2509 2009 2837 2063 humilitatis
2860 2003 3245 2065 redundantia,
3279 2015 3373 2053 su-

1809 2110 2006 2179 perbiae
2025 2106 2311 2169 diluvium,
2335 2103 2444 2157 vita
2478 2100 2737 2161 ascetiea,
2757 2097 2934 2151 oratio
2957 2093 3205 2166 pacifica.
3225 2093 3374 2145 cibo-

1807 2216 1926 2256 rum
1959 2198 2317 2267 coutemptio.
2348 2195 2667 2264 dogmatum
2705 2188 2981 2245 doctrina.
3015 2185 3133 2239 Non
3172 2182 3374 2237 licebat

1808 2304 1939 2347 tunc
1972 2290 2156 2345 videre
2183 2286 2651 2355 compotationum
2685 2278 3090 2337 temulentiam,
3140 2287 3249 2328 non
3301 2271 3377 2324 ri-

1810 2401 1905 2442 sus
1930 2381 2301 2442 insolentiam,
2336 2391 2441 2431 non
2475 2376 2621 2438 lites,
2663 2386 2773 2426 non
2805 2368 3234 2426 aemulationem,
3266 2376 3377 2416 non

1809 2478 2048 2547 aliquam
2089 2472 2251 2527 aliam
2288 2468 2488 2523 nubem
2531 2481 2653 2535 quas
2686 2464 2930 2517 obstaret
2974 2458 3271 2529 quominus
3296 2453 3381 2507 vi-

1808 2572 2028 2626 deretur
2058 2564 2360 2636 spiritualis
2386 2561 2519 2616 solis
2545 2556 2824 2635 splendor.
2864 2554 3107 2621 Quorum
3132 2548 3378 2604 onmium

1809 2671 1893 2719 est
1913 2668 2079 2729 caput
2116 2670 2285 2711 unum
2319 2653 2552 2723 benigna
2602 2664 2733 2704 cura
2783 2646 3013 2703 Joannis
3067 2640 3362 2712 providen—

1810 2756 1921 2809 tiae.
1961 2748 2103 2817 Quid
2156 2748 2261 2802 alia
2296 2743 2607 2799 miracula?
2651 2741 2809 2797 Nunc
2857 2737 3097 2807 quidem,
3150 2732 3386 2787 Eucleus

1814 2846 1923 2910 ille,
1960 2841 2053 2913 qui
2082 2838 2287 2894 invidia
2322 2834 2549 2898 diaboli,
2598 2832 2829 2886 alterius
2865 2827 3155 2883 oculorum
3209 2823 3383 2876 lucem

1811 2911 2012 2989 dicitur
2044 2928 2371 3001 perdidisse,
2401 2922 2579 2979 credit
2630 2920 2890 2985 Christo;
2929 2917 3161 2977 accedit,
3195 2911 3387 2968 tonde:-

1813 3033 1925 3085 tur.
1962 3019 2179 3077 tandem
2212 3016 2443 3072 Joannis
2479 3013 2736 3084 precibus
2800 3010 2977 3063 lucem
3041 3018 3237 3060 rursus
3289 3013 3383 3056 ac-

1813 3116 1970 3185 cipit.
2012 3113 2174 3166 Nunc
2224 3116 2405 3163 autem
2452 3105 2544 3159 illa
2580 3119 2704 3174 qua:
2763 3098 3052 3155 laborabat
3107 3092 3389 3165 sanguinis

1815 3206 2102 3278 profluvio,
2133 3211 2339 3271 septem
2375 3212 2552 3253 annos
2588 3198 2670 3251 sic
2699 3192 2913 3256 affecta,
2936 3185 3231 3261 persuadet
3254 3198 3388 3239 con-

1808 3297 1922 3368 jugi
1949 3307 2002 3350 et
2034 3310 2128 3364 per
2163 3307 2286 3347 eum
2322 3297 2476 3359 rogat
2503 3286 2769 3341 Joannem
2801 3300 2817 3350 ;
2851 3282 2918 3337 ab
2967 3294 3033 3335 eo
3061 3287 3241 3331 autem
3292 3273 3388 3328 do-

1812 3399 1966 3442 cetur
2018 3400 2265 3446 causam,
2321 3382 2467 3451 quod
2525 3387 2750 3448 prepter
2802 3382 3024 3445 peccata
3061 3368 3387 3439 permissum

1815 3482 1979 3538 fuerit
2036 3492 2094 3534 ut
2146 3478 2450 3549 puniretur.
2518 3472 2782 3538 Quaenam
2855 3474 3036 3521 autem
3083 3469 3213 3519 sunt
3282 3461 3390 3515 ea?

1816 3577 2039 3631 Summa
2076 3576 2129 3628 in
2161 3571 2393 3626 famulas
2462 3564 2877 3626 inhumanitas,
2909 3571 3207 3628 pauperum
3257 3566 3391 3608 con-

1816 3678 2070 3737 temptus,
2128 3663 2398 3734 ingluvies
2445 3667 2499 3713 et
2534 3655 2713 3711 omnis
2773 3649 3080 3720 nugacitas.
3138 3643 3216 3698 Ad
3272 3640 3391 3694 haec

1816 3727 1945 3828 quid
1986 3727 2125 3826 opus
2174 3727 2481 3807 est-dicere
2535 3740 2856 3811 multiplicia
2904 3734 3101 3791 medici
3154 3727 3394 3784 remedia

1816 3864 1936 3918 quae
1969 3848 2021 3900 in
2059 3844 2339 3899 mulierem
2366 3832 2746 3905 excogitavit?
2780 3831 2913 3895 Quae
2944 3841 3067 3882 cum
3092 3821 3278 3877 omnia
3298 3833 3393 3887 per

1816 3937 2100 4005 conjugem
2131 3931 2436 3989 didicisset,
2465 3937 2516 3981 et
2543 3938 2602 3979 se
2629 3921 2815 3975 omnia
2855 3932 2979 3973 esse
3004 3920 3386 3969 correcturum

1820 4027 2051 4082 fideliter
2113 4021 2491 4093 promisisset,
2557 4014 2845 4079 celerrime
2912 4007 3107 4076 recipit
3166 4014 3393 4057 sensum

1819 4091 2145 4171 curationis.
2182 4110 2323 4177 Quid
2357 4123 2487 4163 vero
2521 4107 2589 4161 de
2630 4102 2854 4158 itntuani
2885 4112 3103 4169 quoque
3136 4096 3226 4148 illa
3261 4091 3394 4154 fera,

1819 4223 1941 4278 qua:
1971 4208 2173 4261 multos
2194 4203 2409 4273 quidem
2441 4198 2726 4255 devoravit
2754 4210 2819 4250 ex
2851 4193 2920 4248 iis
2944 4191 3036 4260 qui
3067 4186 3395 4246 transibant,

1818 4275 1885 4354 ex
1905 4295 2153 4351 finitimis
2176 4303 2358 4347 autem
2387 4291 2591 4345 inultos
2623 4289 2743 4358 egit.
2769 4287 2822 4339 in
2860 4278 3086 4351 fugam?
3112 4275 3397 4335 Dominica

1822 4401 1973 4441 arma
2017 4385 2242 4440 divinus
2307 4382 2398 4436 ille
2460 4381 2758 4449 imperator
2816 4374 3007 4445 objicit
3062 4369 3295 4432 bellum;
3345 4372 3399 4417 et

1823 4495 1943 4535 cum
1976 4478 2311 4533 decrevisset
2342 4483 2400 4527 ut
2432 4486 2494 4525 ea
2545 4473 2838 4540 figerentur
2895 4476 3021 4519 ante
3055 4464 3398 4532 speluncam,

144 4572 339 4625 ἐκείνου
372 4566 749 4642 προϐάλλεται
800 4563 1125 4637 στρατηγὸς,
1170 4563 1264 4617 καὶ
1298 4561 1453 4614 τοῦτο
1479 4559 1719 4630 παγῆναι

1827 4570 1957 4625 facit
1991 4579 2049 4624 ut
2082 4569 2172 4624 ille
2214 4564 2479 4621 terribilis
2509 4571 2585 4637 et
2610 4576 2790 4616 saevus
2839 4557 3123 4637 hominum
3186 4552 3402 4607 occisor

145 4663 240 4739 πρὸ
265 4662 360 4717 τοῦ
395 4658 676 4729 σπηλαίου
703 4657 1101 4728 διορισάμενος,
1129 4655 1220 4709 τὸν
1252 4653 1481 4724 φοϐερὸν
1515 4652 1722 4704 ἐκεῖνον

146 4757 228 4808 καί
284 4749 747 4825 ἀνθρωποκτόνον
806 4748 997 4802 λέοντα
1042 4748 1186 4800 ποιεῖ
1238 4745 1345 4817 πρὸ
1391 4744 1485 4797 τοῦ
1540 4744 1721 4813 τιμίου

148 4842 373 4916 σταυροῦ
422 4840 561 4911 περί¹
602 4840 665 4893 τὸ
696 4839 1022 4909 περίορορον
1054 4838 1224 4909 χαμαὶ
1263 4835 1551 4907 εὑρεθῆναι
1577 4851 1723 4887 νενε-

148 4936 441 5005 κρωμένον.
489 4930 681 5001 Τούτῳ
712 4929 789 5001 τῷ
814 4930 964 5000 ὅπλῳ
990 4935 1085 4982 καὶ
1117 4927 1194 4999 τῷ
1232 4930 1423 5000 τρόπῳ
1453 4926 1724 4997 ἀναρρύε-

148 5042 226 5079 ται
272 5026 369 5097 μιν
416 5024 554 5086 τοὺς
600 5022 828 5086 ἁλόντας
888 5019 1239 5092 αἰχμαλωσίᾳ
1287 5018 1387 5085 τῆς
1440 5018 1725 5072 εἰδωλολα-

149 5118 321 5189 τρείας
341 5132 355 5147 ·
409 5115 705 5189 μερίζεται
737 5114 795 5167 δὶ
822 5114 918 5185 τὴν
946 5111 1122 5184 ψυχὴν
1156 5111 1371 5182 ἑτέραις
1409 5109 1725 5182 θεαρέστοις

152 5211 353 5282 βουλαῖς
414 5209 515 5267 καὶ
546 5209 1013 5277 ἀποσκοπήσεσιν.

214 5299 279 5374 η’.
302 5299 560 5372 Ἐπειδὴ,
588 5298 649 5355 το
685 5296 779 5351 τοῦ
832 5296 1021 5363 Δαϐἰδ,
1050 5296 1362 5367 καταμόνας
1418 5291 1555 5349 εἶναι
1607 5296 1726 5349 λίαν

151 5394 441 5463 ἠσπάζετο,
477 5390 545 5447 τὸ
596 5389 653 5444 δε
685 5388 1065 5459 φιλάνθρωπον
1114 5387 1539 5458 ἀντεφιλονείκει
1569 5404 1723 5458 περι-

152 5485 339 5539 κόπτον
389 5484 455 5535 τὸ
485 5480 757 5553 βούλημα,
793 5482 892 5551 τὴν
940 5479 1109 5550 καλὴν
1139 5480 1453 5549 οἰκονομίαν
1490 5481 1727 5550 ἀμφοτέ-

159 5592 260 5643 ροις
308 5575 586 5630 κάλλιστα
642 5572 965 5641 διατίθησιν.
1027 5569 1194 5633 Εἰδὼς
1250 5570 1357 5639 γὰρ
1413 5572 1472 5622 τὸ
1532 5570 1729 5634 ίδιάξον

155 5669 562 5739 ἁαφαλὲστερον
593 5664 691 5735 μὲν
722 5666 815 5717 καὶ
846 5664 1143 5734 ἀτάραχον,
1171 5666 1279 5725 τοῖς
1314 5662 1370 5715 δὲ
1404 5662 1607 5725 πολλοί,
1632 5663 1730 5715 οὐκ

159 5759 350 5828 ἄτυφον
400 5756 799 5828 νομιζόμενον
840 5755 901 5808 τδ
947 5754 1003 5808 δι
1053 5753 1381 5815 κοινωνικὸν,
1418 5754 1728 5823 ταραχῶδες

164 5851 251 5915 μὲν
279 5850 367 5903 καὶ
400 5847 841 5920 σφαλερώτερον,
879 5848 978 5901 οὐκ
1026 5847 1256 5916 ἄμισθον
1286 5846 1363 5907 δὲ.
1410 5846 1529 5899 οὐδὲ
1569 5848 1730 5917 ἀκερ-

166 5936 262 6008 δέη
294 5943 590 6011 παερσόφως
642 5939 782 6008 ἄγαν
832 5938 1116 6009 ἀμφότερα
1169 5936 1448 6009 κίρνησιν·
1503 5936 1584 5990 ότὲ
1630 5938 1727 6007 μὲν

1827 4666 1910 4719 leo
1942 4671 2065 4716 ante
2090 4660 2386 4732 pretiosam
2415 4671 2634 4711 crucem
2673 4667 2834 4707 mane
2858 4650 3009 4705 humi
3058 4636 3402 4701 inveniretur

1825 4762 1997 4809 tuorte
2026 4752 2276 4807 allectus.
2313 4748 2407 4803 liis
2438 4748 2610 4802 armis
2643 4753 2697 4801 et
2736 4743 2985 4798 moribus
3041 4740 3237 4793 liberat
3278 4734 3402 4805 qui-

1825 4848 1947 4900 dem
1973 4860 2087 4910 eos,
2114 4843 2206 4913 qui
2238 4843 2382 4913 capti
2410 4848 2567 4895 erant
2605 4854 2633 4892 a
2661 4836 2980 4906 captivitate
3012 4832 3196 4886 cultus
3229 4828 3402 4883 simu-

1827 4942 2141 5001 lacrorum;
2201 4938 2446 4987 animum
2511 4942 2692 4985 autem
2749 4928 2963 4982 confert
3013 4924 3080 4978 ad
3134 4923 3238 4976 alia
3294 4918 3406 4976 Deo

1824 5037 1977 5099 grata
2003 5026 2235 5081 consilia
2269 5034 2322 5079 et
2357 5019 2908 5090 contemplationem.

1896 5297 1950 5350 8.
1976 5292 2109 5347 Nam
2146 5292 2401 5361 quoniam
2431 5287 2561 5342 illud
2596 5285 2764 5340 divini
2801 5281 3023 5337 Davidis
3055 5275 3399 5349 singulariter

1826 5396 1880 5441 et
1906 5387 2079 5441 solum
2112 5400 2232 5440 esse
2259 5381 2416 5436 valde
2445 5376 2895 5449 amplectebatur,
2928 5372 3195 5428 adversus
3228 5368 3279 5424 id
3307 5383 3407 5421 au-

1829 5489 1932 5534 tem
1961 5476 2325 5533 contendebat
2363 5471 2667 5543 benignitas
2695 5471 3029 5524 voluntatem
3062 5463 3362 5534 reprimens
3389 5500 3404 5524 ,

1829 5572 2036 5640 optimo
2071 5579 2127 5643 et
2159 5565 2408 5640 prudenti
2453 5562 2686 5618 consilio
2717 5571 3014 5628 utrutnque
3052 5566 3200 5611 recte
3226 5554 3406 5607 admio

1834 5662 2055 5716 nistrat.
2091 5661 2224 5715 Nam
2266 5674 2389 5712 cum
2455 5658 2641 5720 sciret,
2699 5667 2950 5709 seorsum
2998 5648 3221 5720 quidem
3265 5661 3407 5710 esse,

1833 5756 2003 5807 tutius
2027 5761 2079 5806 ct
2103 5751 2275 5821 magis
2307 5748 2717 5820 perturbatione
2751 5760 3006 5809 vacuum,
3033 5762 3060 5818 a
3087 5739 3275 5795 multis
3308 5754 3375 5791 au

1833 5854 1938 5898 tem
1973 5842 2023 5896 id
2051 5841 2354 5896 existimari
2403 5856 2509 5894 non
2556 5854 2745 5893 carere
2781 5838 2919 5891 fastu
2960 5844 3013 5890 et
3057 5832 3404 5904 arrogantia.

1836 5934 1928 5992 scd
1965 5934 2041 5989 uti
2070 5935 2364 5989 multorum
2395 5930 2793 5988 consuetudine
2833 5938 2886 5985 ct
2926 5943 2985 5985 se
3020 5927 3101 5982 cis
3161 5939 3398 5980 comunt-
