4182 6440
738 418 845 485 243

1995 417 2265 476 LEONIS
2306 415 2757 477 PHILOSOPHI

3888 419 4000 482 244

741 533 955 596 nicare,
985 529 1360 583 turbulentum
1415 527 1635 597 quidem
1677 535 1731 579 et
1779 526 2165 595 periculosius,
2219 528 2302 580 sed

2417 531 2530 590 τοῖς
2578 532 2745 583 πᾶσιν
2794 532 3303 601 ἀναστρεφόμενος,
3360 532 3446 585 ἵνα
3491 534 3732 604 κερδήσῃ
3786 536 3999 599 πάντας

739 636 850 676 non
892 634 1078 675 carere
1108 617 1357 671 mercede
1380 628 1433 672 et
1459 618 1708 679 utilitate,
1736 617 2137 683 sapientissime
2166 626 2317 669 utr-.i-

741 729 849 782 que
881 712 1217 774 commiscet,
1278 709 1570 779 aliquando
1604 710 1820 779 quidem
1897 717 2146 763 versatus
2190 724 2313 761 cum

740 804 1014 865 omnibus,
1047 810 1105 854 ut
1136 817 1330 856 omnes
1378 800 1731 856 lucrifaceret
1760 802 1802 830 "
1842 800 2047 855 Paulus
2078 800 2167 853 hic
2216 816 2315 853 no-

741 910 863 959 vus,
887 904 980 946 aut
1009 894 1359 963 complures;
1394 892 1690 961 aliquando
1720 901 1901 945 autem
1938 907 2186 947 seorsum
2240 891 2316 943 la-

740 998 861 1041 tens
896 988 949 1038 in
979 986 1235 1054 caligine,
1263 994 1315 1038 et
1375 1000 1547 1053 purus
1587 998 1711 1037 cum
1776 998 1916 1053 puro
1964 995 2215 1037 versatus
2247 983 2313 1049 ³³,

739 1095 917 1151 novus
952 1078 1183 1149 Moyses,
1234 1078 1543 1145 animarum
1574 1084 1626 1129 ct
1654 1078 1938 1139 mentium,
1984 1090 2105 1145 qua:
2143 1075 2310 1129 Deum

735 1172 943 1235 vident,
985 1170 1267 1238 legislator
1294 1177 1349 1223 et
1381 1169 1510 1221 dux.
1548 1166 1685 1220 llinc
1716 1182 1839 1220 cum
1896 1181 2048 1219 amor
2090 1165 2311 1222 divinus

735 1270 1068 1328 superasset,
1105 1260 1154 1315 is
1185 1272 1440 1329 magnum
1479 1258 1623 1310 hunc
1650 1258 2044 1311 decertatorem
2080 1258 2311 1312 deducit

734 1353 800 1404 ad
827 1334 1118 1421 quamdam
1151 1354 1465 1421 speluncam
1510 1348 1883 1412 habitandam,
1918 1348 1976 1402 in
2018 1364 2125 1418 qua
2155 1348 2310 1401 bien-

734 1441 884 1494 nium
916 1442 1186 1496 insomnis
1235 1440 1351 1509 fere
1387 1456 1677 1510 peragens,
1712 1440 1912 1493 divinae
1944 1441 2304 1495 scrutabatur

734 1530 1057 1600 Scripturaa,
1081 1541 1193 1611 tam
1227 1532 1430 1586 veteris
1462 1546 1623 1601 quam
1658 1546 1832 1596 novae,
1865 1547 1986 1600 qua:
2017 1542 2144 1585 sunt
2182 1546 2308 1600 pro-

732 1620 1083 1676 fundissima.
1138 1623 1274 1677 Cum
1309 1632 1489 1675 autem
1533 1623 1703 1676 robur
1756 1625 2002 1692 corporis
2042 1624 2304 1677 voluntati

732 1712 926 1765 :mimze
956 1728 1062 1766 non
1082 1713 1409 1775 suffecisset,
1442 1714 1584 1765 imus
1612 1722 1797 1765 venter
1826 1722 2004 1767 morte
2028 1711 2262 1766 afﬁcitur
2287 1732 2302 1780 ;

729 1812 783 1855 ct
799 1805 923 1857 c'um
958 1804 1181 1858 haberet
1211 1819 1369 1858 rencs
1399 1804 1600 1872 frigore
1629 1805 1928 1868 sauciatos,
1959 1815 2214 1874 tanquam
2248 1808 2301 1859 in

2420 620 2632 680 Παῦλος
2664 616 2816 682 οὗτος
2838 624 2865 675 6
2896 623 3036 687 νέος,
3074 623 3105 692 ἦ
3138 624 3418 685 πλείονας·
3451 623 3540 674 ὅτε
3586 625 3643 676 δὲ
3683 625 3999 687 ἰδιαζόντως

2418 712 2495 780 τῷ
2528 714 2709 782 γνόφῳ
2760 714 3165 784 κρυπτόμενος,
3201 714 3295 765 καὶ
3343 715 3596 783 καθαρῶς
3643 714 3720 783 τῷ
3767 716 3998 785 καθαρῷ

2419 804 2801 873 συγγινόμενος
2853 807 2881 857 6
2914 806 3031 867 νέος
3080 806 3361 874 Μωῦσῆς,-
3391 808 3419 857 6
3473 805 3660 874 ψυχῶν
3708 808 3805 858 καὶ
3857 808 3998 858 νόων

2414 896 2666 963 ὁρώντων
2696 896 2827 947 Θεὸν
2852 882 3148 965 νομοθέτης
3183 896 3276 948 καὶ
3301 895 3493 963 ὀδηγδς
3524 896 3617 949 καὶ
3642 896 3995 967 δημαγωγός.

2429 983 2709 1039 Ἐντεῦθεν
2732 988 2760 1039 6
2788 986 2928 1049 θεῖος
2949 987 3088 1056 ἔρως
3121 989 3512 1056 ὑπερνικήσας,
3540 987 3663 1053 ἄγει
3692 990 3778 1041 τὸν
3818 990 3997 1057 μέγαν

2413 1080 2601 1131 τοῦτον
2625 1080 2929 1151 ἀγωνιστὴν
2953 1080 3030 1141 εῐς
3059 1096 3202 1140 τινος
3242 1080 3511 1147 σπηλαίου
3545 1079 3864 1148 κατοίκησιν
3884 1100 3895 1109 ·
3934 1081 3995 1132 ὲν

2412 1166 2454 1239 ᾧ
2475 1172 2620 1240 διετῆ
2650 1172 2839 1241 χρόνον
2876 1170 3080 1233 ἄῦςενος
3125 1170 3322 1241 μικροῦ
3351 1171 3631 1237 διανύσας,
3657 1172 3861 1242 ἠρεύνα
3888 1173 3996 1241 τῆς

2413 1261 2560 1320 θείας
2590 1261 2831 1329 Γραφῆς,
2862 1261 3067 1327 Καινῆς
3088 1277 3147 1312 τε
3178 1262 3275 1313 καὶ
3307 1261 3573 1323 Παλαιᾶς,
3592 1261 3660 1313 τὰ
3691 1261 3991 1331 βαθύτατα.

2411 1351 2515 1404 Τοῦ
2556 1350 2611 1402 δὲ
2673 1350 2989 1419 σωματικοῦ
3027 1351 3182 1403 τόνου
3209 1351 3288 1420 τῷ
3338 1350 3556 1420 ψυχικῷ
3603 1351 3871 1422 προθύμῳ
3914 1354 3993 1422 μὴ

2410 1441 2835 1510 ἐπαρκέσαντος,
2887 1442 3174 1513 νεκροῦται
3221 1440 3288 1495 τὰ
3335 1441 3699 1511 ὑπογάστρια,
3728 1443 3992 1505 καὶτοὺς

2409 1531 2636 1599 νεφροὺς
2672 1529 2749 1597 τῷ
2796 1531 2953 1600 κρύει
3003 1530 3455 1600 τραυματισθεὶς,
3507 1530 3757 1600 καθάπερ
3793 1531 3991 1600 λιμένα

2388 1606 2819 1691 ¹καταλαμϐάνει
2849 1626 2949 1691 τήν
2979 1623 3297 1692 Ἀντιοχέων
3340 1621 3655 1691 ἐκκλησίαν.
3698 1618 3833 1674 Εἶτα
3870 1638 3993 1692 χει-

2409 1717 2703 1784 ροτονεῖται
2724 1714 2987 1776 διάκονος.
3016 1714 3103 1765 Ἐν
3120 1707 3201 1775 οἷς
3225 1713 3545 1783 διαπρέπων
3571 1712 3665 1764 ἐπὶ
3688 1712 3833 1766 ἔτεσι
3854 1714 3993 1766 πέν-

2405 1822 2486 1867 τε,
2525 1805 2652 1867 τοὺς
2684 1805 2807 1872 περὶ
2829 1805 3147 1873 ἱερωσύνης,
3182 1805 3307 1870 τοὺς
3330 1804 3466 1873 πρὸς
3496 1805 3810 1876 Σταγείριον
3835 1807 3991 1873 τρεῖς

730 1902 947 1962 portum
982 1895 1132 1948 venit
1162 1895 1244 1947 'ad
1293 1895 1584 1949 ecclesiam
1645 1895 2062 1950 Antiochenam.
2101 1896 2301 1951 Deinde

2405 1895 2617 1961 λόγους,
2653 1895 2775 1955 τοὺς
2794 1897 2917 1964 περὶ
2939 1895 3343 1963 ἀκαταλήπτου,
3371 1894 3623 1965 καὶπρὸς
3649 1894 3989 1964 Ἀνομοίους,

726 1984 1017 2036 ordinatur
1044 1984 1333 2040 diaconus.
1365 1986 1483 2049 Quo
1510 1985 1563 2038 in
1594 1987 1787 2040 ordine
1827 2003 1886 2041 se
1915 1990 2160 2055 quinque
2202 2004 2301 2041 an-

2409 1985 2490 2039 ἔτι
2518 2002 2577 2038 τε
2607 1987 2734 2047 τοὺς
2781 1987 2909 2056 περὶ
2943 1986 3311 2039 συνεισάκτων
3340 1986 3401 2053 ἐξ
3432 1986 3762 2050 συνετάξατο
3789 1986 3989 2052 λόγους

728 2088 832 2127 nos
863 2077 1124 2143 praeclare
1158 2066 1385 2143 gerens,
1408 2078 1629 2145 scripsit
1653 2094 1746 2132 sex
1780 2080 1949 2133 libros
1990 2079 2063 2133 De
2092 2080 2421 2135 sacerdotio.
2462 2088 2574 2135 tres
2608 2079 2674 2131 ad
2725 2078 3044 2149 Stagirimn,
3073 2081 3167 2149 qui
3218 2088 3350 2136 sunt
3390 2080 3642 2151 inscripti
3674 2079 3742 2134 de
3770 2080 3989 2133 incom-

728 2168 1081 2237 prehensibili
1150 2177 1205 2222 et
1269 2168 1334 2222 ad
1398 2168 1715 2234 Anomteos,
1780 2181 1834 2224 et
1888 2186 1980 2226 sex
2037 2179 2296 2241 pmterea
2324 2171 2392 2226 de
2420 2170 2836 2224 iutroductitiis.

799 2259 853 2314 9.
888 2258 996 2312 bed
1029 2259 1139 2327 jam
1166 2258 1231 2311 ad
1258 2258 1439 2327 magni
1462 2256 1689 2314 Joannis
1714 2260 1765 2311 in
1794 2261 2172 2330 presbyterum
2214 2276 2308 2315 or-

726 2351 1071 2406 dinationem
1118 2364 1218 2403 nos
1266 2364 1471 2403 vocans
1506 2349 1703 2416 oratio,
1766 2352 1987 2404 modum
2039 2353 2308 2407 enuntiet.

728 2445 865 2498 (tum
888 2441 1364 2510 Constantinopoli
1401 2450 1654 2496 mortuus
1706 2452 1856 2495 esset
1897 2441 2173 2508 Meletius,
2214 2444 2307 2512 qui

729 2548 798 2588 eo
835 2540 1057 2587 venerat
1081 2531 1146 2586 ad
1176 2531 1624 2585 constituendum
1661 2547 1920 2600 magnum
1977 2532 2109 2587 illud
2144 2534 2309 2587 lumi-

730 2638 889 2686 nare,
936 2637 1130 2690 nempe
1177 2620 1501 2691 Gregorium
1547 2631 1908 2690 cognomento
1943 2620 2303 2694 'l'heologum,

726 2710 1025 2767 Flavianus
1073 2712 1289 2767 Meletio
1337 2712 1584 2765 succedit
1641 2713 1968 2767 Antiochim.
2026 2715 2077 2771 is
2125 2726 2305 2769 autem

725 2820 854 2859 cum
885 2806 1155 2875 vigilaret,
1182 2813 1242 2858 ut
1273 2812 1663 2869 consueverat,
1697 2806 1933 2874 quadam
1970 2816 2133 2863 nocte
2158 2808 2308 2862 videt

722 2895 971 2952 divinum
1002 2896 1318 2950 accessisse
1374 2895 1661 2965 angelum,
1692 2897 1783 2964 qui
1824 2896 1874 2950 ei
1900 2897 2128 2965 jubebat
2157 2898 2307 2952 ordi-

723 3003 861 3044 nare
916 2987 1210 3053 Joannem,
1258 2986 1453 3041 dicens
1495 2987 1741 3040 futurum
1780 2986 2048 3042 Joannem
2090 3006 2299 3043 novum

722 3094 819 3133 vas
849 3079 1132 3134 electionis
1164 3098 1175 3132 :
1210 3076 1610 3144 Ecce,dicens,
1638 3093 1739 3147 ego
1756 3079 1805 3132 ei
1840 3080 1905 3133 de
1939 3080 2041 3133 hoe
2070 3082 2302 3133 manda—

725 3182 841 3222 tum
872 3170 1034 3232 dabo,
1062 3179 1117 3224 et
1152 3169 1389 3223 obediet.
1415 3168 1495 3221 Ad
1527 3184 1690 3237 quem
1724 3170 1942 3239 quidem
1969 3186 2091 3224 cum
2118 3166 2305 3225 ac‘ces-

724 3272 885 3315 sisset
916 3262 1162 3332 angelus,
1186 3263 1233 3316 ei
1264 3261 1577 3328 mandavit;
1615 3265 1767 3331 prius
1821 3263 2067 3318 narravit
2095 3264 2302 3328 futura,

721 3360 779 3407 et
808 3368 1147 3421 quaecunque
1179 3369 1275 3423 par
1308 3362 1392 3408 est
1442 3354 1627 3409 facere
1660 3372 1784 3411 eum
1829 3355 1923 3425 qui
1981 3355 2201 3411 divinus
2233 3358 2305 3411 sit

723 3444 998 3498 minister.
1034 3444 1097 3497 Et
1118 3454 1177 3497 ut
1211 3447 1461 3515 pluribus
1484 3446 1871 3515 praetermissis
1909 3448 2092 3501 veniat
2125 3447 2303 3500 oratio

724 3532 791 3587 ad
818 3532 868 3586 id
900 3535 1043 3602 quod
1076 3544 1163 3589 est
1201 3537 1437 3592 maxime
1484 3536 1755 3601 mirabile,
1786 3536 1888 3590 hoc
1942 3537 2129 3590 iaciat.
2165 3537 2299 3590 Cum

722 3613 956 3693 magnus
986 3634 1039 3678 et
1072 3625 1247 3679 hostia
1280 3635 1335 3679 et
1368 3625 1610 3696 pontifex
1643 3624 1805 3680 Jcsus
1836 3626 2088 3682 Christus
2122 3626 2294 3680 Filius

723 3712 820 3768 Dei
852 3716 954 3769 mei
982 3716 1140 3783 aquis
1190 3726 1542 3785 purgaretur,
1581 3715 1742 3770 Pater
1787 3730 2032 3787 apparet,
2082 3720 2150 3772 ab
2192 3720 2302 3773 alto

720 3820 858 3859 voce
889 3807 1186 3862 testiiicans
1205 3824 1327 3861 eum
1352 3823 1668 3877 germanum
1698 3825 1818 3863 esse
1836 3809 2053 3874 Filium,
2086 3819 2138 3865 ct
2174 3810 2299 3879 Spi-

725 3896 871 3948 ritus
896 3895 949 3947 in
982 3896 1251 3950 columba:
1288 3898 1471 3967 Specie
1497 3898 1542 3929 ”
1583 3914 1769 3951 vocem
1805 3901 1950 3952 illam
1982 3900 2296 3953 continuat.

721 3982 791 4036 Et
818 3984 943 4039 licet
964 3985 1129 4038 alicui
1157 3986 1334 4038 audax
1365 3986 1613 4040 videatur
1642 3990 1819 4041 oratio
1844 4002 2064 4057 propter
2088 4008 2149 4045 ea
2179 4008 2300 4061 quae

723 4076 890 4129 audet
917 4076 1461 4143 dicerejuvcnilitcr,
1493 4078 1583 4131 illa
1618 4081 1979 4147 proponimus
2013 4081 2079 4135 ad
2114 4098 2299 4137 recor-

721 4167 1021 4221 dationcm.
1080 4168 1384 4234 Quantam?
1409 4170 1567 4231 lllud,
1630 4169 1741 4241 Ego
1777 4173 1914 4236 dixi,
1944 4172 2034 4225 Dii
2064 4176 2212 4239 estis,
2244 4185 2300 4228 et

722 4258 857 4314 illud
895 4276 1111 4322 rursus,
1168 4261 1213 4315 si
1252 4261 1418 4314 vultis
1454 4280 1466 4314 :
1500 4272 1546 4313 et
1582 4262 1683 4330 ﬁlii
1722 4264 1990 4317 Altissimi
2016 4281 2193 4319 euntes
2223 4266 2295 4330 ¹⁵;

722 4358 779 4405 et
803 4361 931 4404 ante
961 4348 1049 4415 ea',
1075 4336 1302 4405 verbum
1338 4352 1480 4421 quod
1523 4364 1608 4408 est
1645 4372 1659 4406 :
1693 4355 1761 4407 ad
1793 4356 2077 4425 imaginem
2130 4366 2179 4410 et
2225 4359 2299 4411 si-

2480 2257 2545 2313 θ’.
2584 2258 2725 2311 Ἀλλ’
2758 2260 2860 2329 ἣδη
2890 2259 2981 2313 καὶ
3008 2256 3143 2327 πρὸς
3165 2256 3264 2326 τὴν
3289 2257 3385 2309 τοῦ
3415 2255 3786 2327 πρεσϐυτέρου
3811 2274 3993 2328 χειρο-

2406 2351 2587 2404 τονίαν
2646 2352 2741 2404 τοῦ
2790 2351 3028 2421 μεγάλου
3079 2350 3325 2404 Ἰωάννου
3374 2350 3880 2420 προσκαλουμὲνου,
3961 2352 3992 2403 ό

2406 2443 2565 2510 λόγος
2594 2443 2685 2495 τὸν
2730 2443 2930 2513 τρόπον
2978 2441 3389 2510 άπαγγειλάτω.
3422 2441 3513 2494 Ἐν
3547 2444 3990 2495 Κωνσταντινω-

2408 2536 2558 2588 πόλει
2610 2535 3031 2605 τελευτήσαντος
3096 2533 3382 2594 Μελετίου,
3434 2537 3877 2604 παραγεγονότος
3930 2536 3991 2587 ὲν

2410 2627 2547 2695 αὐτῇ
2577 2626 2698 2678 τότε
2751 2626 2911 2695 χάριν
2951 2626 3049 2693 τῆς
3084 2624 3179 2676 τοῦ
3228 2624 3465 2692 μεγάλου
3520 2624 3844 2693 λαμπτῆρος
3887 2643 3990 2679 κα-

2406 2718 2719 2778 ταστάσεως
2774 2717 2811 2767 Γ
2817 2716 3099 2785 ρηγορίου,
3147 2708 3191 2782 ᾧ
3244 2714 3534 2783 ἐπώνυμον
3586 2717 3618 2784 ἡ
3674 2715 3769 2768 τοῦ
3825 2716 3989 2783 λόγου

2408 2808 2641 2878 θειότης,
2670 2807 2965 2869 Ψλαὸιανδς
2999 2809 3055 2859 ὲν
3085 2811 3151 2877 τῇ
3177 2806 3496 2875 ’Δντιοχέων
3526 2808 3788 2860 Μελέτιον
3811 2808 3992 2861 διαδέ-

2407 2913 2581 2965 χεται.
2608 2890 2777 2958 Οὗτος
2805 2897 2860 2949 δὲ
2895 2895 3143 2965 συνήθως
3175 2895 3568 2964 ὲπαγρυπνῶν,
3599 2898 3658 2947 ὲν
3705 2898 3807 2966 μιᾷ
3830 2898 3990 2950 νυκτὶ

2409 2989 2552 3042 θεῖον
2604 2989 2707 3057 ὁρᾷ
2762 2988 3203 3057 παραγενόμενον
3248 2987 3513 3054 ἄγγελον,
3563 2987 3990 3057 ἐγκελευόμενον

2410 3078 2558 3147 αὐτῷ
2578 3078 2956 3149 χειροτονῆσαι
2976 3077 3069 3130 τὸν
3098 3078 3375 3146 Ἰωάννηνς
3398 3079 3517 3131 νέον
3542 3077 3771 3149 ἐκλογῆς
3793 3080 3989 3143 σκεῦος

2410 3169 2633 3236 λέγοντα
2665 3170 2739 3231 ὡς
2771 3169 2921 3221 ἔσται
2952 3170 3240 3237 Ἰωάννης·
3263 3169 3357 3221 καὶ
3390 3169 3475 3221 ὅτι
3509 3166 3640 3221 Ἰδοὺ
3669 3170 3990 3239 ἐντέλλομαι

2407 3261 2503 3311 καὶ
2530 3258 2677 3327 αὑτῷ
2708 3259 2838 3328 περ)⁸
2869 3258 3083 3324 τούτου,
3111 3258 3209 3312 καὶ
3248 3257 3639 3312 ὑπακούσεται.
3671 3260 3791 3328 Ἐφ’
3838 3261 3900 3313 ὃν
3925 3262 3990 3332 δὴ

2405 3348 2797 3419 παραγεγονὼς
2819 3350 2847 3400 6
2874 3349 3105 3417 ἄγγελος
3129 3350 3453 3415 ἐνετέλλετο,
3484 3350 3832 3420 πρώιηγεῖτο
3858 3350 3992 3421 μέλ-

2404 3442 2584 3505 λοιτα,
2621 3441 2717 3493 καὶ
2743 3442 2845 3493 ὅσα
2878 3441 3024 3503 είκδς
3052 3440 3142 3493 τὸν
3173 3440 3316 3494 θεῖον
3347 3439 3520 3493 εἰπὼν
3556 3440 3989 3511 διακονήσασθαι

2403 3531 2739 3601 λειτουργόν.
2768 3532 2878 3583 Καὶ
2906 3532 2992 3583 ἵνα
3017 3531 3085 3584 τά
3112 3532 3341 3585 πλεῖστα
3365 3532 3738 3603 παραδραμὼν
3764 3535 3793 3584 6
3827 3533 3991 3601 λόγος

2406 3623 2543 3692 πρὸς
2600 3624 2661 3675 τὸ
2720 3622 3167 3692 θαυμασιώτερον
3230 3622 3495 3693 γένηται·
3557 3621 3715 3675 τοῦτο
3768 3623 3834 3693 δὴ
3892 3625 3991 3676 καὶ

2404 3715 2647 3767 ποιείτω.
2680 3713 2786 3766 Τοῦ
2834 3714 3075 3784 μεγάλου
3117 3715 3213 3767 καὶ
3264 3715 3503 3783 θύματος
3554 3715 3648 3766 καὶ
3679 3715 3990 3785 ἀρχιερέως

2402 3806 2581 3876 Ἰησοῦ
2613 3806 2850 3874 Χριστοῦ
2879 3805 2975 3858 τοῦ
3027 3804 3143 3857 υἱοῦ
3168 3805 3261 3857 τοῦ
3290 3804 3425 3857 Θεοῦ
3466 3805 3601 3872 ἐμοῦ
3642 3805 3987 3875 καθαιρομέ-

2403 3917 2494 3950 νου
2542 3900 2654 3959 τοῖς
2694 3897 2902 3960 ὕδασιν,
2934 3899 2962 3949 ὀ
2990 3896 3177 3965 Πατὴρ
3228 3896 3434 3949 ἄνωθεν
3477 3897 3630 3965 φωνῇ
3685 3895 3991 3966 μαρτυρῶν

2402 3992 2478 4059 τῷ
2512 3990 2625 4059 Υίῷ
2657 3989 2716 4041 τὸ
2745 3989 2968 4058 γνήσιον
3014 3989 3391 4053 ἐπιφαίνεταιο
3437 3987 3533 4039 καὶ
3560 3988 3898 4056 περιστερᾶς
3925 3989 3991 4041 ἐν

2402 4084 2529 4135 εἴδει
2565 4082 2625 4133 τὸ
2654 4082 2875 4149 Πνεῦμα
2903 4080 2963 4131 τὸ
2988 4080 3226 4147 ἀσφαλὲς
3266 4080 3477 4146 βεϐαιοί
3509 4080 3608 4147 τῆς
3634 4080 3839 4148 φωνῆς.
3870 4080 3992 4133 Καὶ

2401 4174 2450 4223 εί
2499 4169 2771 4240 τολμηρὸς
2800 4172 2827 4222 6
2870 4170 3049 4237 λόγος,
3097 4169 3180 4237 ἐφ’
3214 4165 3295 4232 οἷς
3326 4170 3426 4239 ῆδη
3469 4164 3757 4239 τολμῆσαι
3792 4186 3990 4223 νεανι-

2400 4262 2605 4325 εύεται,
2638 4264 2823 4314 ἐκεῖνα
2846 4247 3176 4330 προτίθεμεν
3210 4263 3288 4323 εἰς
3311 4260 3639 4330 ἀνάμνησιν.
3674 4262 3843 4325 Ποῖα;
3879 4261 3987 4324 Τδ,

2402 4352 2544 4420 Ἐγὼ
2563 4353 2731 4405 εἶπα·
2764 4353 2897 4404 Θεοί
2919 4354 3090 4415 ἐστε,
3115 4352 3209 4405 καὶ
3243 4351 3323 4415 τὸ,
3350 4353 3399 4404 εἰ
3430 4352 3610 4404 θέλετε
3635 4351 3795 4405 πάλιν
3825 4392 3841 4416 ,
3878 4352 3987 4404 καὶ

723 4442 1079 4495 militudinem
1106 4444 1184 4505 ης
1224 4452 1277 4496 ct
1304 4458 1645 4513 quaecunque
1685 4447 1751 4499 ad
1787 4446 2048 4501 honorem
2080 4464 2294 4511 eorum,

2405 4446 2521 4501 υἱοί
2567 4446 2850 4513 Ὑψίστου
2888 4444 3112 4510 πάντες
3133 4441 3277 4496 ’καὶ
3307 4444 3412 4513 πρὸ
3441 4443 3664 4508 τούτων,
3695 4445 3803 4496 τὸν
3845 4443 3989 4495 κατ’

721 4533 814 4599 qui
844 4542 1067 4586 servant
1105 4548 1228 4601 qua:
1257 4542 1385 4587 sunt
1438 4535 1718 4604 imaginis,
1774 4540 1997 4607 copiosa
2055 4540 2299 4607 providit

720 4625 929 4692 gratia.
980 4624 1113 4678 Mihi
1147 4635 1329 4681 autem
1363 4628 1453 4680 hic
1512 4644 1734 4698 quoque
1792 4630 2102 4685 considera.
2161 4630 2297 4687 Cum

721 4715 892 4784 igitur
910 4717 1126 4771 adesset
1157 4718 1291 4771 hora
1320 4719 1707 4783 ordinationis,
1736 4732 1790 4775 et
1820 4726 2169 4778 incruentum
2198 4740 2296 4792 pe-

720 4820 1006 4877 rageretur
1051 4809 1402 4875 sacriﬁcium,
1442 4823 1494 4865 et
1526 4812 1757 4868 interius
1800 4814 2084 4869 assisteret
2111 4816 2297 4870 multi-

720 4900 855 4954 tudo
884 4902 1324 4967 innumerabilis,
1350 4912 1403 4956 et
1431 4906 1607 4975 angeli
1638 4906 1877 4976 desuper
1921 4908 2293 4971 intuerentur,

721 5008 944 5046 manum
979 4994 1291 5061 imponente
1316 4996 1578 5064 episcopo
1609 5007 1663 5051 et
1699 5014 1890 5068 preces
1918 5001 2135 5056 dicente
2164 5015 2294 5054 con-

722 5094 933 5150 suetas,
987 5086 1192 5139 dicitur
1240 5089 1439 5142 factum
1473 5106 1597 5145 esse
1628 5091 1763 5146 illud
1803 5096 2036 5148 maxime
2095 5110 2295 5148 novum

722 5177 1121 5245 spectaculum.
1176 5177 1309 5231 Alba
1389 5181 1645 5235 columba
1710 5193 1935 5251 repente
2006 5185 2294 5250 devolans,

721 5268 997 5337 quomodo
1026 5268 1137 5323 illic
1169 5284 1334 5337 supra
1366 5269 1552 5325 Jesum
1595 5289 1773 5327 meum
1799 5285 1852 5328 et
1879 5276 2068 5341 Deum,
2100 5279 2153 5330 in
2183 5278 2287 5330 ho-

721 5374 911 5413 norem
942 5358 1079 5427 ejus,
1115 5360 1202 5413 cui
1239 5376 1435 5418 manus
1487 5363 1575 5417 hic
1640 5366 2085 5435 imponebantnr,
2143 5371 2295 5423 stetit

721 5466 886 5520 supra
922 5451 1044 5519 ejus
1090 5462 1275 5523 caput.
1312 5455 1427 5508 Hoc
1458 5456 1821 5511 admiratione
1861 5460 2085 5529 quidem
2133 5461 2296 5514 allicit

722 5555 776 5597 ct
808 5544 1117 5624 stupefacit'
1144 5562 1259 5609 eos,
1300 5547 1395 5616 qui
1427 5557 1556 5603 tunc
1593 5549 1841 5610 aderant.
1874 5552 2037 5606 simul
2064 5553 2295 5607 attrahit

724 5645 903 5689 autem
950 5652 1047 5691 eos
1086 5654 1309 5707 quoque
1358 5640 1449 5707 qui
1498 5640 1750 5696 audiunt.
1794 5643 2113 5699 Admiratur
2173 5646 2294 5699 uui-

722 5742 907 5791 versa,
947 5744 1053 5781 non
1092 5730 1269 5783 solum
1315 5748 1434 5800 qua:
1476 5734 1794 5787 circumsita
1844 5747 1925 5789 cst
1979 5738 2147 5806 regio,
2204 5740 2295 5793 sed

722 5820 889 5874 etiam
924 5822 1180 5875 universa
1211 5840 1330 5891 qua:
1360 5834 1512 5878 extra
1547 5827 1683 5882 lines
1713 5837 1799 5881 est
1837 5828 2016 5898 Syria.
2055 5830 2147 5885 Sic
2179 5848 2299 5885 om-

799 5911 892 5964 ³³1
934 5912 1060 5967 Cor.
1097 5929 1173 5979 ix,
1210 5914 1289 5972 l9.
1371 5918 1411 5949 ³³
1441 5917 1609 5972 Exod.
1647 5934 1735 5984 xx,
1768 5919 1856 5972 ιιι.

1945 5922 1984 5952 ³⁵
2024 5921 2217 5976 Matth.
2256 5938 2334 5985 ιε,
2385 5925 2463 5978 lt}.

2396 4538 2605 4589 εἰκόνα
2631 4536 2789 4603 λόγον
2816 4535 2915 4587 καί
2948 4537 3073 4588 καθ’
3096 4536 3384 4602 ὁμοίωσιν
3404 4550 3420 4565 ·
3450 4534 3546 4586 καὶ
3570 4534 3671 4586 ὅσα
3700 4536 3781 4595 εἰς
3808 4533 3989 4603 τιμὴν

2396 4629 2505 4681 τῶν
2553 4627 2938 4696 φυλασσόντων
2980 4626 3048 4679 τὰ
3077 4626 3175 4695 τῆς
3224 4626 3431 4688 εἰκόνος
3474 4627 3507 4694 ή
3553 4625 3786 4694 ἄφθονος
3816 4625 3989 4694 χάρις

2396 4722 2805 4792 ᾡκονομήσατο.
2833 4718 3034 4771 Σκόπει
3071 4736 3161 4786 μοι
3190 4717 3254 4785 δὴ
3294 4715 3596 4769 κάνταῦθα.
3631 4716 3763 4769 Ὅτε
3791 4718 3987 4769 τοίνυν

2394 4815 2429 4881 ἡ
2461 4813 2577 4881 ὼρα
2613 4814 2794 4881 παρῆν
2822 4812 2920 4877 τῆς
2952 4808 3308 4877 χειροτονίας,
3345 4808 3444 4882 τῆς
3487 4808 3830 4876 ἁναιμάκτου
3879 4808 3981 4860 θυ-

2399 4905 2521 4967 σίας
2550 4902 2905 4972 τελουμένης,
2951 4902 3190 4969 πλήθους
3220 4900 3451 4969 ἀπείρου
3509 4900 3659 4953 κάτω
3695 4916 3988 4968 παρεστη-

2398 4996 2812 5059 κότος,.ἀνωθεν
2842 4994 3093 5061 ἀγγέλων
3131 4991 3595 5055 ἐπισκοπούντων,
3635 4992 3729 5044 τοῦ
3752 4993 3988 5045 ἐπισκό-

2400 5108 2501 5143 που
2548 5086 2924 5159 χειρωθέντος,
2952 5085 3047 5138 καὶ
3074 5086 3174 5155 τὴν
3212 5083 3419 5154 συνήθη
3454 5072 3734 5145 ποιοῦντος
3789 5083 3987 5153 εὐχὴν,

2397 5182 2456 5235 τὸ
2476 5181 2795 5235 καινότατον
2819 5181 2995 5232 ἐκεῖνο
3021 5180 3301 5246 γεγονέναι
3330 5177 3513 5245 θέαμα
3536 5176 3755 5243 λέγεται
3774 5192 3791 5209 ο
3826 5176 3991 5244 ἄφνω

2399 5272 2703 5342 περιστερὰ
2733 5270 2897 5341 λευκὴ
2931 5271 3280 5332 καταπτᾶσα,
3310 5268 3561 5337 καθάπερ
3604 5270 3719 5320 ἐκεῖ
3754 5264 3852 5321 ἐπὶ
3887 5267 3989 5320 τοῦ

2402 5363 2540 5433 ἐμοῦ
2568 5364 2745 5433 Ἰησοῦ
2787 5362 3067 5427 καὶνΘεοῦ,
3100 5364 3180 5423 εἰς
3220 5361 3388 5431 τιμὴν
3424 5359 3522 5414 τοῦ
3560 5360 3955 5429 χειροθετουμέ

2403 5475 2517 5522 νου,
2568 5456 2697 5525 ἔστη
2734 5454 2876 5522 ὑπὲρ
2920 5455 3017 5523 τῆς
3052 5453 3219 5506 αὐτοῦ
3268 5453 3535 5522 κεφαλῆς.
3568 5451 3740 5504 Τοῦτο
3781 5450 3990 5521 θαμὸει

2406 5549 2507 5619 μὲν
2562 5550 2688 5610 τοὺς
2730 5548 2853 5599 τότε
2918 5547 3191 5615 παρόντας
3241 5545 3613 5614 θεασαμένους
3660 5545 3754 5595 καὶ
3805 5560 3986 5595 κατα-

2404 5646 2645 5715 πλήττει,
2683 5643 2927 5695 συνέλκει
2957 5641 3010 5692 δὲ
3032 5642 3157 5703 τοὺς
3181 5639 3500 5700 ἀκούοντας.
3526 5636 3804 5707 Θαυμάζει
3828 5638 3985 5688 πᾶσα

2405 5739 2464 5789 οὗ
2502 5737 2659 5806 μόνον
2689 5738 2720 5804 ἡ
2768 5736 3094 5803 περίχωρος,
3123 5732 3260 5785 ἀλλὰ
3292 5731 3383 5783 καὶ
3422 5731 3456 5801 ἡ
3491 5728 3781 5797 ὑπερόριος
3830 5730 3988 5780 πᾶσα

2409 5828 2595 5898 Συρία.
2626 5829 2850 5882 Ἔθεντο
2876 5827 3066 5885 πάντες
3099 5827 3154 5877 ἐν
3181 5827 3247 5893 τῇ
3276 5823 3465 5893 καρδίᾳ
3496 5820 3688 5887 ταῦτα,
3705 5818 3985 5887 λέγοντες

2546 5924 2587 5954 ’⁵
2622 5922 2764 5978 Psal.
2805 5932 2965 5973 1.x“)
3025 5916 3075 5967 ti.
3162 5916 3362 5971 “Gen.
3406 5912 3557 5978 μεθ.
