4182 6440
113 352 207 416 245

773 357 1057 418 ORATIO
1082 356 1300 419 XVIII.
1345 386 1412 397 --
1440 359 1823 422 LAUDATIO
1855 362 1914 422 S.
1966 362 2208 423 JOANN
2220 364 2287 423 IS
2323 364 2729 425 CHRYSOST.

3254 360 3361 424 246

116 444 169 492 Τί
201 444 303 508 ἄρα
346 441 501 495 ἔσται
540 441 618 511 τῷ
662 443 906 512 Ἰωάννῃ,
934 445 1013 496 ὅτι
1049 447 1111 495 ἐκ
1138 446 1439 513 προοιμίων
1482 450 1681 514 ἐφανε-

1796 462 1887 501 nes
1917 453 2059 517 apud
2102 465 2159 503 se
2205 451 2547 519 cogitabant.
2594 452 2885 505 dicentes:
2917 449 3186 514 Quidnam
3234 464 3364 512 ergo

113 531 247 599 ρώθη
270 533 330 583 ἐν
365 532 514 603 αύτῷ
542 536 573 602 ἡ
601 532 728 599 δόξα
771 520 1010 601 κυρίους
1057 534 1153 587 Ἐκ
1192 534 1292 603 μὲν
1336 533 1430 589 οὖν
1459 538 1567 589 τῶν
1608 541 1685 589 εἰ-

117 629 357 702 ρημένων
386 627 442 693 ἡ,
494 626 583 691 ἐφ’
613 619 694 688 οἷς
727 624 816 675 τὸν
861 627 1060 677 οέκεῖον
1114 626 1428 697 λειτουργὸν
1470 628 1496 679 6
1535 628 1685 697 παρά

111 717 257 778 δόξαν
281 716 495 785 ἀνδρῶν
534 718 612 777 είς
644 716 812 785 τιμὴν
851 715 959 768 τῶν
1001 716 1166 768 αὐτοῦ
1200 717 1549 787 θεραπόντων
1590 721 1685 770 καὶ

114 806 255 871 δόξαν
295 808 551 874 οὐράνιος
585 809 720 878 τιμᾷ
753 807 1027 876 βασιλεὺς,
1055 807 1262 878 εὐφυὴς
1282 810 1394 863 τῶν
1423 811 1687 878 πραγμάο

113 911 207 947 των
238 894 535 960 ἀπόδειξις.
565 897 832 950 Ἐνταῦθα
875 896 931 949 δὲ
961 897 1053 950 τὸν
1094 897 1253 966 λόγον
1291 898 1464 969 βραχύ
1517 918 1568 953 τι
1599 900 1685 954 διὰ

113 987 191 1035 τὴν
223 985 385 1054 κόρον
413 988 987 1055 προσαναπαύσαντες,
1031 989 1139 1040 τῶν
1174 991 1300 1059 ἑξῆς
1348 990 1687 1062 προθυμοτέο

118 1092 202 1144 ραν
231 1076 476 1145 ποιῶμεν
505 1078 601 1148 τὴν
624 1079 949 1142 διεξάνυσιν.
983 1079 1205 1150 Ἐπειδὴ
1232 1082 1330 1149 τῆς
1361 1083 1687 1152 οἰκουμένης

113 1172 137 1220 6
182 1170 351 1236 μέγας
408 1170 635 1239 ἔμελλεν
686 1172 788 1241 ήδη
832 1172 931 1240 τὴν
984 1173 1321 1241 προστασίαν
1374 1174 1685 1243 προστάτης

117 1261 200 1314 καὶ
226 1261 425 1330 κριτὴς
472 1263 855 1333 ἀναδέχεσθαι,
887 1263 967 1315 ἔτι
996 1266 1107 1325 τοῖς
1150 1264 1335 1327 καλοῖς
1368 1266 1686 1335 προγυμνά-

118 1354 272 1416 ζεται.
306 1352 626 1407 Δωδέκατον
648 1354 759 1426 γάρ
787 1354 905 1417 ἔτος
933 1355 1137 1418 ἀνύσας
1166 1357 1225 1407 ὲν
1248 1358 1313 1426 τῇ
1340 1356 1683 1426 Ἀντιοχέων,

119 1451 472 1519 ἀποσεμνύνει
496 1452 557 1504 τὸ
588 1452 854 1521 ἱερατεῖον
892 1452 968 1523 τῷ
1010 1451 1237 1522 καθαρῷ
1269 1452 1360 1505 τοῦ
1408 1453 1548 1523 βίου,
1582 1470 1684 1506 κα-

118 1541 300 1607 Θαίρων
324 1544 429 1606 τὰς
451 1543 561 1595 τῶν
608 1543 913 1612 βλεπόντων
954 1541 1158 1611 ψυχὰς,
1203 1544 1551 1614 λαμπρότητι
1589 1543 1684 1596 τοῦ

119 1637 261 1699 λόγου
292 1634 660 1704 λαμπρύνων,
692 1634 938 1702 ἁγιάζων
980 1633 1080 1697 τὰς
1122 1634 1364 1695 διανοίας
1408 1634 1684 1700 ἀπάντων,

118 1725 265 1786 πολὺς
294 1729 374 1789 εἰς
402 1729 467 1779 τό
498 1727 731 1793 διδάξαι,
780 1728 953 1797 μέγας
985 1728 1065 1789 είς
1102 1726 1201 1795 τὴν
1238 1727 1347 1779 τῶν
1376 1729 1684 1781 ἀκουόντων

118 1788 390 1881 ὼςέλειαν,
435 1820 514 1887 τῷ
556 1788 813 1886 στύφοντι
862 1788 1073 1888 ⁷μᾶλλον
1118 1788 1214 1870 τοῦ
1243 1813 1438 1887 ¹ῆθους.
1481 1818 1512 1887 ἢ
1548 1818 1685 1871 αἰδοῖ
1718 1788 1759 1842 Β

118 1909 480 1978 χαριζόμενος,
534 1909 594 1962 τὸ
627 1908 722 1961 τοῦ
774 1909 983 1972 λέοντος
1026 1907 1330 1971 πεπονθὼς,
1366 1912 1421 1961 ἐν
1476 1909 1554 1979 τῷ
1603 1910 1683 1963 δι-

122 2000 246 2069 καίῳ
280 2001 700 2071 διαφερόμενος,
736 1993 781 2068 ᾧ
825 2003 938 2062 τοῖς
972 2000 1329 2069 νωθεστέροις
1369 2000 1688 2065 ἀλαζονικὸς

124 2088 403 2158 ἐνομίζετο.
442 2091 539 2152 Τίς
570 2090 715 2153 νοῦς,
752 2090 831 2153 τίς
861 2091 1017 2157 λόγος
1044 2090 1143 2152 τὰς
1174 2091 1365 2160 ἐκείνῳ
1404 2092 1540 2159 πρὸς
1580 2108 1688 2141 σω-

123 2182 296 2251 τηρῐαν
326 2182 589 2235 ἀπάντων
629 2182 1001 2252 ὲξευρημένας
1048 2182 1200 2244 ὁδοὺς
1247 2185 1683 2252 παραστήσειεν;

125 2268 273 2327 «Iw-.31
306 2273 543 2326 πλεῖστά
587 2292 717 2343 φασι
747 2275 840 2327 καὶ
882 2273 1043 2343 μέχρι
1091 2272 1191 2341 τῆς
1238 2273 1335 2326 νῦν
1381 2272 1683 2344 περισώζε-

130 2365 322 2435 σθαιτῇ
369 2366 719 2435 ’Δντιοχέων.
767 2361 1165 2431 ’Δναγκὰζεταί
1222 2380 1355 2416 ποτε
1408 2364 1556 2431 παρὰ
1590 2362 1685 2415 τοῦ

130 2458 369 2526 προέδρου
409 2456 660 2508 ἀνελθεῖν
705 2457 796 2509 ἐπὶ
823 2456 915 2508 τοῦ
947 2454 1290 2524 ὀκρίὸαντος,
1323 2456 1417 2507 καὶ
1459 2454 1687 2524 σχεδίως

126 2548 191 2615 τῷ
208 2546 312 2616 λαῷ
333 2546 711 2616 ϋξηγήσασθαι
735 2562 747 2574 ·
779 2546 873 2600 καὶ
893 2546 1045 2615 μόλις
1074 2546 1195 2614 μὲν,
1213 2544 1303 2616 βίᾳ⁵
1323 2545 1380 2596 δὲ
1394 2546 1543 2613 ὅμως
1566 2562 1689 2596 πει-

130 2640 275 2700 σθεὶς,
305 2640 398 2691 καὶ⁵
426 2638 740 2709 ἀρξάμενος
770 2638 862 2692 τοῦ
901 2636 1081 2705 λόγου,
1123 2636 1380 2689 ὑπόθεσιν
1411 2636 1571 2705 ἔχων,
1600 2638 1679 2697 εἰς

128 2725 409 2793 τὸπρῶτον
449 2727 574 2777 τότε
613 2727 811 2789 εἰπεῖν,
845 2725 941 2778 καὶ
970 2727 1049 2789 είς
1078 2726 1168 2778 τὸν
1205 2726 1527 2791 ἐπίσκοπον,
1559 2720 1618 2780 οὗ
1657 2728 1689 2795 ἡ

129 2816 274 2885 ἀρχήο
310 2817 455 2886 ’Δρα
480 2814 661 2886 ἀληθῆ
689 2815 761 2867 ’τὰ
795 2816 1076 2885 συμϐάντα
1110 2815 1238 2885 περὶ
1281 2817 1447 2885 ἡμᾶςς
1485 2817 1692 2878 πάντας

132 2904 420 2976 ἐξέστησεν.
458 2908 691 2960 Ἔκτοτε
725 2908 936 2967 πάντας
962 2900 1127 2973 εἷλεν,
1161 2908 1254 2959 ἐπὶ
1306 2908 1464 2961 τοῦτο
1493 2908 1693 2973 πάντες

133 2997 424 3067 είσέῥρεονο
472 2999 885 3067 κατελίμπανον
937 3000 1234 3069 γεωργίας,
1274 3000 1492 3069 τέχνας,
1543 3000 1693 3065 ἐξου-

1787 537 1891 591 crit
1921 536 2140 601 Joanni,
2171 541 2315 603 quod
2344 539 2414 595 ab
2444 540 2605 593 initio
2636 541 2683 592 ei
2734 540 2989 610 apparuit
3038 540 3210 609 gloria
3261 539 3363 591 Ilo-

1787 626 1963 681 ntini?
1990 627 2167 695 Atque
2188 642 2254 680 ex
2281 629 2345 681 iis
2375 630 2595 697 quidem
2628 645 2748 695 qua:
2796 631 2941 684 dicta
2987 639 3134 693 sunt,
3180 644 3364 683 rerum

1784 728 1865 772 est
1891 718 2292 772 demonstratio
2323 721 2687 783 admirabilis,
2716 721 2769 773 in
2818 721 2903 774 his
2943 723 3149 790 quibus
3202 736 3364 775 suum

1788 806 2103 861 ministrum
2160 808 2395 861 honorat
2441 822 2550 874 prae
2607 808 2896 861 hominum
2959 808 3216 875 Opinione
3269 821 3367 859 rex

1787 898 2056 962 cmlestis,
2106 898 2173 951 ad
2227 899 2457 964 gloriam
2504 904 2559 949 et
2604 900 2866 951 honorem
2913 912 3104 951 eorum
3144 896 3234 965 qui
3288 894 3365 949 illi

1787 991 2122 1043 ministrant.
2157 989 2294 1041 Cum
2328 990 2413 1043 hic
2438 999 2620 1043 autem
2672 990 2942 1045 orationis
2974 1004 3201 1042 cursum
3237 1004 3362 1056 pro-

1787 1081 2234 1148 ptcrsatietatem
2256 1093 2547 1149 parumper
2560 1080 2888 1141 stiterimus,
2910 1082 2975 1133 ad
3002 1095 3064 1135 ea
3082 1080 3369 1150 quaedein-

1787 1186 1918 1239 ceps
1934 1180 2362 1240 consequentur,
2390 1186 2681 1240 pergemus
2700 1172 2959 1226 alacrius.
2980 1170 3250 1237 Quoniam
3274 1185 3367 1221 ur—

1786 1262 1872 1317 bis
1903 1272 2064 1317 terrae
2090 1262 2365 1315 creandus
2395 1273 2518 1316 erat
2554 1278 2789 1332 magnus
2827 1263 3059 1317 antistes
3086 1274 3139 1317 et
3168 1262 3369 1331 judex,

1788 1355 1875 1409 his
1911 1367 2128 1422 quoque
2159 1353 2317 1407 bonis
2343 1362 2397 1407 et
2434 1355 2682 1408 honestis
2710 1355 2862 1423 prius
2894 1363 3204 1408 exercetur.
3229 1353 3367 1404 Nam

1788 1461 1911 1501 cmu
1939 1444 2230 1499 duodecim
2264 1458 2440 1498 annos
2473 1445 2827 1513 transegisset
2865 1443 3147 1514 presbyter
3176 1443 3229 1495 in
3262 1441 3363 1494 Ec—

1787 1536 1952 1591 clesia
1992 1536 2356 1599 Antiochena,
2401 1534 2642 1603 puritate
2672 1535 2796 1588 vitae
2842 1537 3064 1588 decorat
3116 1531 3370 1589 sacerdo-

1789 1625 1947 1687 tium,
1981 1637 2174 1677 eorum
2207 1624 2300 1693 qui
2358 1622 2619 1676 videbant
2671 1623 2887 1675 animas
2937 1636 3269 1691 expurgans,
3319 1633 3374 1673 et

1790 1720 1944 1774 verbi
1970 1717 2265 1787 splendore
2297 1724 2511 1770 mentes
2562 1715 2807 1769 omnium
2843 1715 3131 1768 illustrans
3161 1722 3214 1767 et
3245 1728 3374 1767 san-

1788 1815 2076 1877 ctiticans;
2111 1813 2318 1865 multus
2341 1810 2396 1863 in
2429 1809 2702 1871 docendo,
2732 1823 2964 1876 magnus
2988 1807 3053 1860 ad
3083 1806 3371 1859 utilitatem

1788 1921 1977 1962 eorum
2035 1906 2126 1974 qui
2176 1903 2479 1959 audiebant
2565 1917 2779 1955 morum
2856 1901 3040 1969 potius
3098 1899 3374 1954 severitati

1789 2016 1949 2069 quam
1987 1997 2181 2068 pudori
2239 1997 2509 2058 serviens,
2547 1994 2725 2049 leonis
2764 1992 3019 2047 ﬁduciam
3082 1989 3377 2045 ostendens

1790 2094 1843 2146 in
1866 2091 2079 2160 justitia
2107 2107 2122 2155 ;
2158 2103 2265 2157 qua
2294 2088 2363 2142 de
2385 2101 2556 2142 causa
2598 2085 2980 2139 hebetioribus
3008 2083 3370 2138 existimaba-

1789 2192 1880 2237 tur
1915 2195 2182 2250 arrogans
2230 2188 2286 2233 ει
2320 2179 2594 2232 insolens.
2657 2176 2790 2242 Qua:
2823 2190 2998 2235 mens.
3028 2190 3147 2242 qua:
3199 2174 3377 2226 oratio

1788 2274 2089 2330 ostenderit
2112 2272 2246 2338 vias,
2276 2287 2395 2341 qum
2420 2270 2490 2324 ab
2523 2270 2617 2324 illo
2639 2270 2872 2324 inventae
2899 2274 3027 2322 sunt
3055 2268 3121 2321 ad
3145 2265 3374 2319 salutem

1788 2364 2073 2419 omnium?
2099 2376 2330 2432 quarum
2367 2360 2661 2430 plurimam
2720 2367 2932 2426 partem
2971 2359 3165 2412 dicunt
3198 2371 3377 2424 usque

1790 2460 1843 2514 in
1897 2460 2221 2513 hodiernum
2282 2456 2425 2510 diem
2481 2454 2691 2509 servari
2760 2454 3085 2508 Antiochiae.
3148 2453 3381 2523 Cogitur

1788 2552 2082 2621 aliquando
2137 2549 2205 2604 ab
2260 2548 2512 2602 antistite
2564 2546 2827 2600 Flaviano
2892 2545 3195 2599 ascendere
3246 2560 3381 2613 sug-

1790 2654 2030 2717 gestum,
2062 2652 2115 2696 et
2142 2658 2206 2696 ex
2239 2651 2492 2709 tempore
2544 2641 2750 2707 popqu
2790 2653 3106 2707 exponere;
3140 2638 3231 2690 vix
3261 2645 3382 2689 tan-

1791 2737 1937 2795 dem.
1972 2736 2021 2788 vi
2058 2748 2377 2802 persuasus.
2404 2747 2529 2784 cum
2562 2731 2781 2786 dicendi
2804 2730 3047 2798 cepisset
3075 2742 3381 2796 argumen-

1795 2837 1935 2889 tum,
1987 2823 2132 2895 quod
2164 2838 2313 2877 nunc
2368 2822 2611 2890 primutn
2669 2821 2773 2875 sibi
2835 2822 2909 2874 sit
2958 2818 3276 2881 dicendum,
3326 2826 3385 2870 ct

1792 2918 2035 2988 episcopi
2096 2918 2218 2969 loco
2250 2914 2412 2982 cujus
2469 2920 2556 2967 est
2610 2927 2833 2977 munus,
2902 2911 3098 2980 incipit
3158 2927 3170 2963 :
3238 2909 3378 2963 Num

1794 3024 1921 3063 vera
1964 3015 2093 3063 sunt
2146 3021 2268 3075 quae
2326 3004 2486 3058 nobis
2536 3002 2909 3057 acciderunt?
2965 3000 3145 3055 aﬁ‘ecit
3188 3014 3381 3054 omnes

136 3088 255 3151 σίας.
313 3089 617 3160 διοικήσεις
660 3092 900 3154 ἁπάσας,
940 3090 1006 3153 ἂς
1049 3090 1155 3145 οἶδε
1196 3092 1398 3157 πολλὰς
1446 3094 1693 3162 ἐμποιεῖν

1798 3100 2181 3154 admiratione.
2218 3097 2300 3150 Ab
2331 3111 2395 3149 eo
2445 3105 2690 3163 tempore
2738 3109 2931 3149 omnes
2977 3104 3238 3163 praeterea
3293 3101 3381 3145 at-

135 3182 227 3241 τοῖς
253 3181 564 3251 ἀνθρώποις
605 3184 638 3253 ἡ
674 3184 800 3254 περὶ
829 3184 921 3236 τὸν
966 3183 1306 3254 πολύμοχθον
1352 3185 1543 3239 τοῦτον
1583 3186 1696 3255 βίον

138 3269 395 3338 πολυειδὴς
426 3272 777 3342 περιπέτεια.
803 3274 1000 3327 Φθάνει
1039 3279 1132 3327 καὶ
1157 3277 1257 3338 τὰς
1289 3278 1459 3340 ἀκοὰς
1491 3278 1694 3347 Ἀρκα-

134 3359 229 3411 δίου
259 3361 347 3413 τοῦ
382 3363 653 3431 βασιλέως
684 3365 717 3432 ἡ
759 3366 889 3434 περὶ
924 3364 1090 3418 αὑτοῦ
1138 3367 1324 3437 φήμη·
1358 3370 1452 3420 καὶ
1479 3370 1507 3420 6
1540 3368 1696 3437 βασι-

136 3451 241 3516 λεὺς
267 3454 607 3508 διανίσταται
637 3458 736 3527 τὴν
773 3456 972 3527 ψυχὴν,
1006 3458 1167 3529 ἔρωτι
1200 3459 1327 3531 θείῳ
1359 3460 1456 3513 καὶ
1491 3460 1697 3531 φίλτρῳ

135 3545 219 3615 τῆς
242 3548 425 3600 τούτου
458 3548 592 3611 θέας
625 3548 1117 3619 περισπαζόμενος.

198 3726 245 3778 ι’.
276 3726 433 3778 Ἀλλὰ
466 3726 673 3795 μεταξὺ
704 3725 910 3779 τούτων
944 3726 1136 3796 βραχεῖ
1171 3726 1314 3798 λόγῳ
1355 3730 1699 3801 παρελείφθη

142 3818 419 3885 τοῦλόγου,
452 3821 674 3890 μακρᾶς
708 3820 1004 3889 ἀσφαλείας
1032 3822 1359 3890 ὰνακύψασα
1392 3825 1696 3891 παίδευσις,

142 3912 273 3980 κοινὴ
328 3913 425 3981 μὲν
479 3912 677 3976 ἅπασι,
713 3912 950 3981 μάλιστα
999 3912 1057 3966 δὲ
1078 3916 1197 3977 ταῖς
1235 3914 1436 3983 ψυχαῖς
1459 3915 1569 3968 τῶν
1594 3917 1699 3969 ὑπὸ

143 4000 283 4070 ζυγὸν
309 4004 477 4057 ὄντων
500 4021 514 4035 ο
577 4003 867 4074 προσέχειν
896 4004 951 4058 δὲ
1001 4005 1177 4069 ἀξιον·
1209 4006 1351 4077 Γυνή
1380 4024 1463 4070 τις
1506 4012 1697 4079 πρώτη

143 4094 233 4145 τῶν
252 4098 305 4148 ὲν
348 4097 655 4168 Ἀντιοχείᾳ
698 4096 933 4151 τδνύἱδν
984 4099 1198 4169 λάϐρως
1227 4102 1563 4169 πυρέττοντα
1605 4104 1700 4157 καὶ

147 4188 639 4255 ἀπογινωσκόμενον
667 4189 787 4255 ἀγει
837 4190 973 4261 πρὸς
1009 4189 1200 4244 τοῦτον
1227 4192 1317 4244 τὸν
1356 4192 1565 4263 ίατρὸν,
1602 4196 1699 4264 τὴν

146 4274 268 4329 ἴασιν
322 4278 748 4334 ὲπισπεύδουσα.
791 4280 849 4335 '0
908 4281 987 4344 δὲ,
1018 4282 1216 4348 Τοῦτο,
1266 4284 1393 4354 ἔφη,
1425 4284 1559 4339 Θεοῦ
1602 4287 1700 4355 μέν

146 4369 243 4421 ἔστι
272 4370 359 4423 τοῦ
387 4371 786 4437 ζωοποιοῦντος
806 4388 820 4403 ’
859 4376 923 4427 σὺ
962 4375 1041 4437 δὲ,
1078 4368 1123 4427 ὧ
1155 4375 1339 4443 γύναι,
1366 4380 1569 4449 ἀπέχου
1592 4380 1700 4433 τῶν

1802 3192 2074 3253 trahebat,
2105 3203 2301 3242 omnes
2338 3186 2655 3249 amuebant,
2694 3184 3085 3253 relinquebant
3137 3182 3380 3251 agricul-

1800 3293 2001 3344 turam,
2035 3290 2205 3345 artes,
2238 3286 2561 3347 potestates,
2588 3292 2783 3331 omnes
2833 3274 3378 3335 administrationes.

1798 3388 1936 3443 quas
1968 3372 2171 3425 multas
2203 3368 2360 3423 aﬂert
2400 3368 2712 3422 hominibus
2746 3366 3034 3421 laboriosa:
3069 3366 3196 3419 vitm
3227 3364 3381 3415 varia

1796 3474 1850 3521 et
1886 3464 2165 3533 multiplex
2214 3462 2478 3516 conditio.
2518 3460 2598 3514 Ad
2635 3459 2854 3514 Arcadii
2886 3457 3237 3527 imperatoris
3279 3470 3381 3508 au-

1798 3570 1887 3610 res
1939 3553 2186 3625 pervenit
2262 3553 2424 3607 etiam
2481 3551 2601 3621 ejus
2672 3549 2842 3615 fama,
2892 3556 2946 3603 et
2995 3557 3209 3603 tenetur
3265 3547 3383 3615 ejus

1799 3649 2019 3704 animus
2060 3662 2260 3719 magno
2292 3646 2440 3700 illius
2467 3644 2685 3699 videndi
2724 3643 3026 3699 desiderio.

1872 3743 1957 3795 10.
1982 3741 2088 3795 Sed
2116 3739 2395 3795 inter‘luec
2426 3739 2578 3793 brevi
2610 3737 2863 3792 oratione
2885 3744 3221 3799 assumatur,
3261 3750 3386 3803 qua:

1800 3846 1867 3887 ex
1889 3845 2081 3902 magna
2096 3831 2353 3883 cautione
2366 3828 2594 3883 emersit
2607 3827 2919 3900 castigatio,
2936 3825 3245 3881 communis
3258 3826 3350 3893 qui
3362 3854 3383 3863 —

1799 3924 1920 3979 dem
1958 3922 2234 3986 omnibus,
2291 3922 2526 3975 tiiaxime
2566 3929 2747 3976 autem
2799 3918 3001 3973 animis
3033 3933 3249 3979 eormn,
3287 3915 3383 3986 qui

1801 4025 1929 4070 sunt
1962 4015 2065 4069 sub
2094 4014 2250 4083 jugo.
2291 4011 2484 4083 Operm
2510 3994 2763 4082 ‘pretium
2793 4020 2878 4067 est
2915 4010 3220 4065 attendere.
3260 4007 3382 4061 Mu-

1803 4108 1904 4161 lier
1935 4106 2186 4176 quaedam
2274 4106 2450 4172 prima
2512 4120 2575 4157 ex
2629 4104 2720 4167 iis,
2775 4119 2897 4171 qua:
2971 4111 3130 4156 erant
3187 4101 3383 4153 Antio-

1805 4199 1962 4261 chiae,
1999 4198 2171 4252 lilium
2228 4199 2578 4252 vehementer
2634 4195 3063 4257 febricitantem,
3126 4202 3181 4247 et
3223 4192 3386 4261 plane

1802 4291 2147 4360 deploratum
2186 4288 2412 4343 adducit
2459 4288 2525 4341 ad
2570 4288 2717 4342 hunc
2749 4289 3051 4357 sapientem
3083 4284 3382 4346 medicum,

1804 4382 2021 4436 instans
2086 4389 2141 4433 ut
2206 4395 2331 4435 eum
2383 4387 2625 4435 curaret.
2681 4379 2776 4433 Ille
2819 4387 3004 4432 autem
3050 4376 3237 4433 dixit:
3273 4374 3389 4429 Hoc

148 4463 403 4532 προτέρων
452 4466 919 4535 παραπτωμάτων
950 4483 965 4497 ο
1016 4468 1125 4521 ῐσθι
1179 4468 1290 4539 γὰρ
1368 4473 1449 4525 ὅτι
1493 4472 1589 4525 καὶ
1649 4474 1693 4525 οξ

1807 4474 2027 4545 quidem
2087 4480 2173 4527 est
2229 4471 2323 4528 Dei
2363 4471 2718 4526 viviﬂcantis.
2771 4471 2853 4524 'l‘u
2891 4484 3042 4533 vero,
3095 4481 3127 4522 ο
3164 4467 3386 4530 mulier,

148 4549 295 4603 λοιποί
325 4569 414 4606 σου
447 4554 720 4626 τέσσαρες
752 4557 876 4623 υἱοὶ,
908 4555 996 4611 διὰ
1034 4557 1133 4621 τάς
1178 4559 1452 4630 ἁμαρτίας
1488 4579 1580 4615 σου
1612 4564 1707 4615 καλ⁵

150 4640 227 4693 τοῦ
273 4645 458 4715 ἀνδρός
509 4662 609 4697 σου
676 4645 974 4715 τεθνήκασι
1029 4649 1168 4719 πρὸς
1219 4650 1469 4705 παιδείαν
1525 4654 1701 4724 ὑμῶν.

155 4733 357 4801 Ἔμελλε
379 4737 433 4790 δὲ
463 4738 561 4790 καὶ
589 4738 753 4801 αὑτός
776 4754 790 4769 ·
820 4739 956 4793 ἀλλά
984 4740 1327 4814 διανάστητε,
1354 4745 1489 4799 ἀλλὰ
1522 4746 1706 4817 διανή-

149 4825 266 4890 ψατε
292 4845 304 4859 ·
340 4830 432 4881 καὶ
469 4829 533 4881 ού
566 4828 726 4897 μόνον
753 4828 847 4882 τὸν
887 4831 1055 4885 παῖδα
1085 4830 1286 4899 ζῶντα,
1315 4835 1450 4887 ἀλλὰ
1479 4838 1575 4889 καὶ
1604 4838 1703 4907 τὴν

152 4917 243 4967 τῶν
295 4921 541 4991 οὐρανῶν
588 4921 934 4991 ἀπολήψεσθε
991 4923 1289 4993 βασιλείαν.
1322 4926 1507 4981 Ταῦτα
1536 4929 1612 4993 ὼς
1639 4932 1703 4983 ὲκ

156 5007 391 5075 στόματος
414 5010 553 5064 Θεοῦ
578 5011 910 5082 δεδεγμένοι,
929 5016 1023 5067 καὶ
1050 5015 1171 5069 λίαν
1195 5017 1438 5082 εὐλαϐῶς
1467 5021 1703 5091 ὑποσχό-

158 5116 286 5169 μενοι
310 5105 406 5175 τὴν
438 5105 753 5177 διόρθωσιν,
809 5109 1066 5178 παραυτά
1110 5110 1203 5163 καὶ
1240 5111 1331 5165 τὸν
1376 5114 1541 5167 παῖδα
1574 5116 1701 5184 ὑγιῆ

157 5194 665 5264 προσλαμβάνουσιν.
708 5198 849 5251 Ἀλλ’
885 5194 988 5253 ὦδε
1022 5201 1118 5270 μὲν
1147 5203 1174 5255 6
1197 5201 1290 5255 τοῦ
1318 5204 1476 5272 λόγου
1504 5206 1702 5277 δρόμος

157 5277 269 5351 ἧκεν
310 5290 396 5341 ἐπὶ
451 5290 747 5345 τοσοῦτονο
782 5292 1029 5346 ἐντεῦθεν
1061 5295 1117 5349 δὲ
1151 5296 1279 5366 περὶ
1320 5297 1430 5350 τῶν
1454 5300 1519 5353 τά
1545 5301 1707 5371 Μαρ-

161 5374 327 5441 κίωνος
350 5380 651 5436 νοσούντων
679 5385 707 5437 6
739 5384 941 5454 τρόπος
992 5386 1238 5453 λεγέσθω
1266 5389 1363 5458 τῆς
1400 5391 1550 5455 θείας
1580 5393 1703 5462 κρί-

163 5482 296 5531 σεως.
323 5470 535 5543 Ταύτην
594 5476 646 5528 οί
688 5476 970 5540 νοσοῦντες
1027 5478 1147 5531 τότε
1178 5478 1276 5549 τὴν
1299 5481 1471 5546 νόσον,
1509 5485 1569 5535 τὸ
1607 5485 1705 5553 μὲν

160 5555 263 5611 ὅθεν
306 5565 819 5637 παρρησιασάμενοι
874 5570 1103 5633 πολλοὺς
1159 5572 1546 5642 ἀποσύρουσιν.
1603 5576 1704 5645 ἤδη

162 5647 402 5717 λελέξεται
428 5675 442 5688 ·
473 5658 534 5712 τὸ
557 5659 615 5712 δὲ
648 5662 794 5724 ὅπως
820 5662 918 5730 τῆς
951 5662 1044 5715 ἐπὶ
1073 5661 1302 5716 θάνατον
1343 5667 1703 5735 ἀναῤῥύονται

168 5740 288 5793 πᾶσι
317 5747 348 5815 ἡ
377 5749 547 5811 πόλις,
580 5750 815 5805 δεδόσθω
845 5753 920 5822 τῷ
951 5754 1094 5824 λόγῳ
1146 5756 1281 5825 πρὸς
1310 5755 1467 5821 δόξαν
1495 5759 1587 5811 τοῦ
1621 5759 1703 5811 λό-

169 5841 264 5893 ὶόυ.
321 5837 597 5896 Συνενόσει
658 5842 864 5908 τούτοις
923 5845 977 5899 δὲ
1030 5849 1056 5900 ὀ
1093 5846 1276 5916 ἅρχων
1300 5848 1395 5917 τὴν
1422 5850 1571 5906 νόσον
1614 5852 1701 5921 τῆς

1808 4567 2023 4621 abstine
2046 4581 2073 4619 a
2107 4564 2217 4620 tuis
2251 4565 2530 4635 prioribus
2554 4564 2797 4625 delictis,
2835 4563 2983 4617 scias
3024 4560 3169 4615 enim
3220 4569 3386 4613 caete-

1809 4675 1901 4714 ros
1960 4672 2178 4727 quoque
2239 4666 2364 4712 tuos
2397 4663 2635 4725 quatuor
2675 4653 2841 4715 tilios,
2906 4662 3130 4723 propter
3165 4661 3387 4721 peccata

1809 4761 1901 4807 tua
1933 4758 1986 4805 et
2018 4749 2197 4803 mariti
2232 4748 2332 4814 tui,
2365 4762 2487 4802 esse
2513 4756 2761 4801 mortuos
2781 4745 2847 4799 ad
2880 4742 3388 4812 vestramdisciplio

1810 4859 1957 4898 nam.
1993 4842 2121 4894 Erat
2152 4849 2332 4896 autem
2365 4841 2455 4894 hic
2480 4854 2701 4911 quoque
2734 4837 3075 4893 moriturus:
3118 4837 3211 4889 sed
3261 4850 3360 4889 sur

1812 4935 1920 5003 gite
1949 4941 2002 4987 et
2043 4931 2374 5000 resipiscite,
2400 4941 2456 4986 et
2492 4945 2600 4983 non
2625 4930 2802 4983 solum
2836 4928 3008 4982 tilium
3038 4927 3249 4982 vivum.
3290 4924 3385 4980 sed

1810 5023 1973 5077 etiam
2015 5022 2280 5075 caelorum
2342 5035 2566 5090 regnum
2599 5018 2907 5088 accipietis.
2953 5016 3079 5071 liae
3101 5031 3224 5069 cum
3267 5025 3389 5069 tan-

1811 5131 1975 5186 quam
2008 5130 2072 5171 ει
2101 5130 2196 5170 ore
2217 5114 2309 5169 Dei
2336 5115 2773 5183 accepissent,et
2797 5128 2855 5167 se
2881 5126 3005 5168 esse
3038 5120 3385 5165 correcturos

1812 5216 2000 5261 sancte
2034 5214 2218 5261 essent
2253 5204 2509 5273 polliciti,
2555 5203 2807 5273 protinus
2839 5202 3011 5256 [ilium
3044 5216 3263 5271 quoque
3292 5216 3383 5255 sa-

1812 5315 1942 5355 num
1995 5299 2291 5367 accipiunt.
2351 5296 2456 5350 Sed
2503 5297 2789 5364 hucusque
2850 5294 3069 5364 quidem
3125 5294 3385 5364 procedat

1811 5407 2011 5447 cursus
2041 5391 2329 5444 orationis.
2365 5387 2502 5443 llinc
2545 5395 2729 5441 autem
2782 5386 2848 5440 de
2881 5387 2984 5449 eis,
3027 5386 3118 5454 qui
3155 5385 3384 5439 Marcio-

1813 5485 1901 5539 nis
1968 5483 2163 5538 morho
2218 5482 2570 5543 laborabant,
2618 5480 2839 5534 dicatur
2900 5481 3177 5549 quodnam
3220 5478 3385 5533 fuerit

1807 5578 2053 5632 divinum
2109 5576 2402 5645 judicium.
2442 5577 2616 5641 Atque
2666 5573 2758 5642 qui
2800 5572 2904 5626 hoc
2947 5571 3164 5640 quidem
3192 5570 3385 5625 morbo

1810 5670 2300 5732 tunclaborabant,
2339 5682 2575 5736 quanam
2611 5666 2829 5735 quidem
2867 5664 3059 5717 liducia
3084 5663 3203 5717 freti
3242 5663 3383 5717 mul-

1808 5769 1891 5813 tos
1922 5759 2261 5812 attrahereut
2315 5758 2544 5827 jamjam
2582 5756 2829 5811 dicetur.
2868 5754 3160 5819 Quomodo
3195 5762 3381 5806 autem

1813 5869 1840 5905 a
1878 5850 2070 5907 morbo
2101 5850 2191 5919 qui
2261 5851 2517 5906 tendebat
2550 5851 2613 5905 ad
2644 5860 2875 5905 mortem
2904 5847 3133 5903 liberata
3162 5846 3236 5900 sit
3262 5852 3376 5899 tota
