4182 6440
750 432 855 494 247

1989 431 2177 489 [ΕΘΝ
2193 430 2257 487 IS
2288 431 2413 489 Pili
2430 431 2744 489 ιοςυριιι

3924 432 4035 495 2ίὸ

746 544 964 601 civitas,
1014 542 1305 595 dicendum
1356 549 1440 593 cst
1497 542 1561 593 ad
1611 539 1768 592 Verbi
1822 542 2073 608 gloriam.
2133 540 2335 594 Eodem

2457 541 2672 603 πόλεως,
2710 544 2803 593 καὶ
2829 542 2965 612 αὕτη
3002 543 3225 613 ἀφορμὴ
3247 542 3339 594 τοῦ
3366 542 3539 595 κακοῦ
3563 542 3659 610 τῆς
3686 542 4029 611 προσθήκης.

748 634 963 695 morbo,
983 649 1091 701 quo
1108 633 1323 694 civitas,
1346 632 1624 685 laborabat
1656 634 1820 685 etiam
1849 647 2049 699 prteses
2067 632 2331 695 civitatis;

747 735 800 777 ct
829 726 943 779 tizec
965 731 1083 777 erat
1106 737 1275 777 causa
1307 726 1453 792 quod
1482 725 1682 775 malum
1709 735 2010 787 cresceret,
2045 724 2174 791 quid
2203 739 2335 791 ergo

750 817 879 869 t‘acit
920 814 1084 878 Deus,
1117 818 1209 885 qui
1245 816 1551 869 animarum
1588 830 1803 883 semper
1827 815 1995 868 saluti
2049 815 2337 882 providet?

2448 634 2510 683 Τί
2541 629 2634 683 οὖν
2671 634 2815 685 ποιεῖ
2850 636 2877 685 ὀ
2924 634 3031 684 τῶν
3082 634 3270 704 ψυχῶν
3299 634 3384 686 ἀεὶ
3423 636 3554 697 Θεὸς
3604 636 3702 705 τὴν
3750 637 4033 702 σωτηρίαν

2446 726 4031 794 οἰκονομῶνς.............

3420 820 3643 872 Λείπει.
3728 855 3740 869 .
3822 856 3835 869 .
3914 856 3930 869 .
4017 852 4030 865 .

822 926 1061 982 Uxorem
1095 928 1349 996 prmsidis
1386 927 1515 980 ferit
1546 928 1742 981 morbo
1766 928 2148 998 dyssenterite.
2185 928 2249 982 Et
2297 946 2359 984 ea
2398 932 2616 999 quidem
2646 948 2839 986 omnes
2880 936 3136 998 accersit,
3182 934 3314 987 nihil
3348 943 3527 988 autem
3565 933 3611 987 ei
3650 932 3896 999 prodest,
3934 931 4030 983 sed

747 1028 980 1081 omniex
1019 1037 1172 1095 parte
1207 1026 1413 1078 auxilio
1458 1024 1731 1079 deiicitur.
1779 1023 1984 1079 Deinde
2015 1025 2186 1094 quid?
2218 1025 2478 1094 Confugit
2507 1026 2572 1080 ad
2610 1027 2920 1083 haereticos.
2948 1028 2984 1081 li
3014 1045 3234 1099 quoque
3273 1029 3677 1098 aggrediuntur
3741 1027 3807 1078 ad
3850 1026 4028 1077 trium

749 1123 961 1177 dierum
1002 1137 1173 1190 usque
1202 1122 1605 1190 precationem,
1647 1134 1747 1173 nec
1783 1119 2081 1188 quidquam
2116 1121 2431 1190 proticiunt.
2467 1119 2651 1176 Nescit
2684 1138 2885 1176 rursus
2919 1122 3050 1192 quid
3093 1134 3219 1193 agat
3275 1124 3511 1179 mulier:
3550 1121 3770 1175 tandem
3832 1124 4036 1175 statuit

754 1215 821 1269 ad
895 1215 1069 1268 virum
1119 1213 1365 1266 divinum
1430 1211 1747 1281 confugere.
1809 1212 2015 1266 Deinde
2073 1214 2124 1265 id
2210 1212 2342 1266 dicit
2398 1216 2596 1266 marito
2646 1231 2769 1279 suo,
2832 1216 3147 1285 persuadet.
3228 1215 3518 1269 Postremo
3580 1216 3732 1270 venit
3794 1216 3861 1267 ad
3933 1212 4032 1267 Dei

754 1325 995 1363 servum.
1061 1304 1301 1361 Joannes
1361 1307 1426 1360 de
1489 1306 1573 1359 his
1627 1305 1896 1373 disceptat
1957 1321 2079 1359 cum
2121 1306 2403 1374 episcopo,
2435 1306 2515 1359 eis
2560 1307 2810 1374 procedit
2844 1307 3083 1368 obviam,
3122 1324 3187 1360 ex
3220 1308 3455 1362 ecclesia
3498 1324 3696 1363 arcens
3758 1316 4029 1375 tanquam

751 1401 1031 1472 indignos,
1141 1400 1324 1469 arguit
1395 1400 1674 1453 haereseos
1736 1415 1748 1451 :
1820 1407 2010 1468 petunt
2063 1400 2167 1468 ipsi
2224 1400 2464 1460 veniam,
2528 1400 2911 1453 assentiuntur
2969 1400 3215 1464 vt-titati,
3289 1402 3527 1454 ιιιιλίιιιυ
3574 1410 3754 1453 autem
3809 1400 4030 1452 nulier.

748 1496 889 1551 Cum
954 1506 1179 1550 sanctus
1222 1510 1421 1563 aquam
1494 1497 1794 1554 attulisset.
1856 1504 2009 1559 rogat
2082 1496 2430 1565 episcopum,
2492 1505 2551 1548 ut
2611 1495 2759 1549 facto
2827 1497 3117 1567 signaculo
3206 1497 3419 1552 mulieri
3478 1513 3676 1569 aquam
3750 1504 4028 1567 aspergat.

754 1592 868 1647 Hoc
893 1607 1018 1645 eum
1058 1590 1263 1644 factum
1301 1598 1468 1649 esset,
1496 1591 1678 1644 statim
1710 1590 1907 1643 mulier
1933 1590 2133 1661 accipit
2158 1592 2473 1657 sanitatem,
2512 1607 2733 1646 reversa
2762 1593 2878 1645 suis
2910 1593 3164 1660 pedibus,
3198 1601 3251 1647 et
3300 1594 3529 1663 pulchre
3552 1591 3764 1652 cﬂ'ecta.
3790 1590 4031 1644 reddens

751 1705 1098 1759 quaecunque
1148 1696 1265 1741 erat
1291 1686 1556 1755 pollicita.
1595 1684 1708 1740 lloc
1741 1686 1845 1739 fuit
1879 1687 2157 1740 luereticis
2182 1686 2464 1750 dedecori,
2498 1690 2699 1757 probro
2733 1696 2786 1741 et
2809 1687 3124 1753 atilietioui;
3156 1698 3210 1743 et
3244 1702 3408 1742 causa
3442 1704 3541 1742 cur
3574 1689 3747 1739 virum
3775 1686 4027 1739 divinum

752 1784 1063 1838 maledictis
1124 1783 1482 1835 incesserent.
1526 1781 1622 1836 lllc
1654 1790 1834 1837 autem
1900 1784 2082 1835 omnia
2116 1782 2339 1852 quidem
2384 1784 2749 1853 despiciebat,
2784 1786 2877 1839 uni
2934 1784 3111 1838 solum
3150 1787 3223 1839 rei
3272 1786 3538 1845 intentus,
3573 1797 3767 1852 nempe
3806 1782 4029 1834 illorum

754 1879 942 1933 saluti.
995 1876 1098 1931 Sed
1132 1893 1239 1932 non
1272 1877 1655 1946 persuadebat.
1694 1876 1889 1930 Dolore
1911 1888 2092 1930 autem
2150 1878 2381 1934 allectus
2425 1889 2645 1949 propter
2680 1882 2992 1934 universam
3021 1881 3324 1944 civitatem,
3358 1880 3760 1933 Iamentahatnr
3787 1877 3981 1932 dicens
4016 1896 4027 1928 :

758 1974 816 2027 Si
849 1972 1104 2025 Salvator
1134 1973 1442 2026 maledictis
1475 1974 1879 2033 incessabatur,
1915 1974 2077 2043 idque
2109 1990 2233 2030 cum
2277 1976 2419 2031 Deus
2444 1984 2617 2040 esset,
2651 1979 2717 2029 ab
2743 1979 3011 2047 ingratis;
3040 1978 3133 2046 qui
3164 1976 3267 2029 hor.
3298 1958 3555 2045 maguum
3588 1977 3640 2029 in
3668 1990 3766 2029 nos
3795 1976 4032 2031 servos?

755 2068 930 2137 Spero
956 2077 1137 2120 tamen
1165 2065 1281 2119 fore
1309 2076 1367 2118 ut
1399 2066 1615 2119 illorum
1638 2081 1772 2120 casu
1814 2065 1955 2120 Deus
1984 2069 2301 2123 universam
2335 2070 2561 2137 castiget
2586 2070 2889 2122 civitatem.
2923 2068 3175 2122 Nondum
3198 2077 3380 2121 autem
3415 2084 3517 2121 nox
3555 2068 3916 2137 praeterierat,
3975 2075 4030 2120 et

755 2175 916 2219 terra:
946 2171 1094 2216 motu
1119 2169 1230 2217 tota
1259 2162 1576 2217 concutitur
1601 2163 1815 2218 civitas.
1843 2164 2110 2220 Tenebris
2138 2166 2434 2219 involvitur
2455 2166 2753 2220 concilium
2791 2166 3197 2226 haereticorum,
3229 2164 3295 2217 ad
3326 2164 3501 2219 solum
3545 2179 3720 2232 usque
3750 2162 4031 2230 dejicitur,

751 2271 806 2315 et
837 2260 1045 2330 quaevis
1104 2260 1303 2314 donius
1359 2261 1630 2324 haeretici;
1691 2273 1744 2315 et
1781 2262 1978 2315 domus
2038 2280 2229 2317 eorum
2282 2264 2417 2316 tiunt
2468 2281 2661 2318 eorum
2721 2265 3002 2332 sepulcra,
3036 2262 3187 2315 nulla
3220 2263 3349 2314 laesa
3377 2262 3543 2314 domo
3568 2258 4031 2313 orthodoxorunt.

756 2357 985 2425 Propter
1037 2358 1140 2410 hoc
1174 2357 1606 2410 contirmahatur
1643 2358 1861 2422 civitas,
1894 2368 1946 2411 ct
1982 2359 2290 2428 augebatur
2328 2358 2483 2425 tides,
2514 2369 2569 2413 et
2599 2360 2741 2413 Deus
2790 2357 3146 2411 laudabatur.
3200 2354 3340 2421 Quid
3381 2353 3682 2423 praeterea?
3717 2350 3848 2404 Post
3892 2351 4034 2403 hanc

754 2448 1130 2503 admirabilem
1167 2445 1575 2515 Omnipotentis
1598 2448 1999 2517 providentiam
2021 2460 2074 2503 et
2102 2451 2399 2518 judicium,
2433 2467 2543 2505 non
2578 2452 2803 2520 longum
2837 2450 3045 2503 efﬂuxit
3083 2460 3321 2518 tempus,
3364 2455 3417 2501 et
3448 2447 3687 2499 decessit
3734 2442 4036 2498 Nrctarius

756 2544 986 2596 antistes
1016 2542 1687 2611 Constantinopolitanus.
1748 2544 2036 2609 Quaerebat
2071 2556 2253 2600 autem
2308 2548 2539 2617 quilibet
2565 2564 2689 2602 eum
2728 2548 2821 2615 qui
2846 2556 2992 2600 esset
3028 2546 3247 2614 dignus.
3277 2544 3411 2597 Cum
3442 2542 3586 2595 alius
3620 2556 3749 2595 vero
3786 2542 3856 2595 ab
3910 2541 4035 2595 aliis

758 2634 1121 2702 praeferretur,
1152 2642 1245 2685 aut
1274 2633 1439 2687 etiam
1474 2634 1870 2699 intruderetur,
1918 2635 2247 2705 imperatori
2277 2639 2456 2693 visum
2490 2647 2573 2692 est
2602 2648 2724 2707 post
2760 2640 2979 2707 longam
3013 2637 3080 2690 de
3140 2652 3199 2689 re
3234 2633 3721 2695 consultationem,
3759 2630 4033 2686 Joannem

756 2726 957 2779 deduci
993 2725 1307 2787 Antiochia,
1365 2727 1626 2779 omnibus
1676 2730 2044 2783 communiter
2088 2731 2517 2803 suifragantibus
2543 2743 2595 2786 et
2649 2734 2723 2785 rei
2776 2741 2829 2785 et
2880 2732 3099 2785 litteris.
3145 2729 3271 2783 llaec
3294 2730 3579 2799 cognoscit
3615 2726 3947 2790 Antiochia;
3983 2739 4037 2780 et

757 2837 879 2890 qua:
912 2820 1175 2888 deinceps
1212 2821 1429 2889 quidem
1464 2834 1795 2891 sequuntur,
1829 2826 2051 2895 aggredi
2085 2837 2307 2882 veretur
2339 2830 2556 2883 oratio:
2593 2828 2944 2898 aggredietur
2974 2836 3179 2881 tamen.
3226 2825 3405 2894 quoad
3438 2825 3552 2877 tieri
3604 2824 3835 2892 poterit.
3896 2822 4035 2876 Cum

759 2922 1024 2987 cogitaret
1055 2918 1433 2986 unusquisque
1460 2934 1517 2971 se
1567 2919 1653 2971 sui
1685 2919 1813 2973 boni
1851 2920 2033 2976 facere
2056 2923 2351 2991 jacturam,
2390 2927 2454 2979 ad
2490 2936 2698 2978 tantam
2735 2924 3053 2979 excitantur
3080 2922 3433 2985 seditionem,
3475 2927 3534 2973 ut
3566 2920 3766 2973 timore
3803 2918 4040 2971 affectus

758 3017 1007 3077 antistes,
1037 3014 1165 3066 elato
1190 3013 1550 3080 jurejurando
1577 3017 1919 3083 persuaserit
1940 3019 2203 3072 omnibus
2233 3035 2293 3074 se
2327 3035 2442 3074 rem

834 3105 952 3177 [tt]
992 3121 1118 3158 esse
1151 3106 1580 3173 prohibiturum,
1621 3108 1815 3174 sicque
1852 3108 1938 3161 vix
1991 3109 2209 3163 tandem
2246 3127 2337 3165 sc-
2378 3120 2418 3175 Β

758 3202 852 3254 dat
884 3200 1209 3254 sctlition'em
1239 3215 1253 3261 ;
1305 3197 1369 3249 ad
1410 3198 1796 3268 imperatorem
1840 3209 2020 3253 autem
2055 3202 2248 3255 scribit
2280 3204 2347 3257 de

764 3292 1058 3347 seditione.
1099 3290 1278 3342 Divini
1344 3290 1530 3358 itaque
1571 3290 1779 3343 stimuli
1819 3301 1870 3345 et
1917 3295 2169 3345 miraculi
2205 3296 2350 3346 desi-

758 3384 913 3438 derio
954 3382 1149 3437 feritur
1178 3400 1277 3435 cor
1311 3383 1661 3451 imperatoris
1719 3392 1771 3438 et
1810 3393 2038 3439 senatus
2066 3400 2190 3439 cum
2236 3387 2349 3439 ha-c

760 3475 1124 3537 audivissent,
1173 3485 1226 3529 et
1270 3485 1453 3528 erecto
1494 3484 1722 3544 tropaeo,
1782 3491 2001 3529 sacrum
2061 3477 2192 3530 illttd
2238 3479 2349 3531 ltel-

762 3569 869 3619 lum
900 3567 1263 3627 declinantes,
1297 3582 1421 3618 cum
1448 3582 1560 3619 rem
1587 3582 1708 3634 quae
1735 3566 2157 3620 desiderabatur
2186 3570 2350 3635 plane

760 3676 981 3714 auream
1005 3676 1067 3713 ex
1089 3659 1429 3711 Antiocheua
1453 3659 1673 3711 civitate
1698 3661 2123 3727 surripuisseut,
2142 3662 2351 3715 donant

759 3752 1260 3820 Constantinopoli.
1335 3751 1655 3816 Quomodo?
1728 3751 1929 3803 Comiti
2010 3753 2350 3807 Antiocheno

757 3848 903 3917 jubet
939 3848 1264 3915 imperator,
1302 3854 1360 3899 ut
1429 3846 1813 3910 ignorantibus
1879 3847 2139 3900 omnibus
2184 3846 2348 3902 Joan-

766 3955 889 3994 nem
928 3938 995 3992 ad
1045 3955 1104 3994 se
1149 3946 1479 3992 accerseret.
1506 3938 1662 4003 Quod
1714 3954 1839 3991 runt
1876 3938 2097 3993 fecisset
2141 3956 2349 4006 comes,

769 4043 825 4085 et
856 4048 1033 4102 usque
1063 4030 1131 4086 ad
1165 4030 1432 4101 martyria
1465 4047 1587 4099 qua:
1618 4040 1923 4084 suntextra
1961 4031 2235 4085 civitatem
2266 4048 2353 4087 sa-

774 4127 990 4194 pienter
1023 4125 1318 4179 admodum
1375 4127 1634 4179 traxisset
1672 4123 1962 4185 Joannem,
2000 4134 2053 4179 et
2079 4140 2221 4193 equo
2252 4126 2353 4178 im-

768 4218 1006 4285 positum
1048 4215 1212 4271 celeri
1241 4232 1404 4270 cttrsu
1437 4214 1779 4279 abduxisset,
1815 4216 1965 4269 dedit
1994 4216 2060 4268 iis
2084 4217 2176 4285 qui
2205 4215 2352 4269 desi-

768 4306 1062 4360 derabant.
1105 4304 1242 4359 Cum
1276 4314 1457 4357 autem
1494 4304 1647 4357 multi
1669 4305 2058 4360 convenissent
2085 4307 2348 4375 episcopi,

766 4399 1120 4467 imperatoris
1152 4396 1329 4464 parati
1362 4394 1757 4458 sollicitudine,
1784 4410 1909 4449 cum
1933 4397 2207 4465 episcopis
2238 4406 2353 4449 erat

765 4492 929 4545 etiam
980 4490 1389 4544 Alexandrinus
1452 4489 1541 4543 ille
1570 4488 1930 4558 Theophilus,
1993 4491 2086 4560 qui
2147 4491 2349 4545 invidia

766 4590 970 4647 motus,
1005 4582 1314 4637 conabatur
1337 4580 1569 4638 Joannis
1603 4585 1794 4654 gloria:
1832 4586 2166 4649 detrahere;
2199 4586 2347 4656 quod

767 4672 918 4727 nulla
951 4675 1004 4726 in
1026 4688 1152 4727 eum
1177 4674 1397 4727 caderet
1420 4675 1795 4745 reprehensio,
1827 4676 2117 4730 tabescens
2148 4686 2348 4729 etcum

767 4779 1030 4819 recusans
1048 4766 1484 4835 manuiniposita
1501 4782 1846 4821 consecrare.
1879 4770 2127 4823 Vincitur
2164 4778 2348 4824 tamen

772 4858 857 4911 vel
896 4857 1146 4922 invitus;
1182 4872 1396 4927 semper
1450 4860 1595 4913 enim
1625 4860 1796 4912 vincit
1835 4860 2072 4928 Spiritus
2107 4872 2353 4916 sanctus.

769 4950 862 5005 Sic
911 4958 1096 5005 autem
1134 4951 1374 5005 vincitur
1406 4970 1419 5005 :
1458 4951 1611 5004 multi
1643 4966 1706 5005 ex
1739 4952 1805 5005 iis
1839 4952 1932 5021 qui
1980 4952 2167 5005 divino
2201 4961 2359 5005 erant

770 5040 888 5095 zelo
929 5040 1161 5105 incensi,
1200 5039 1485 5110 Theophili
1543 5040 1809 5093 tnalorum
1866 5041 2087 5095 Iliadem
2134 5040 2359 5111 scriptis

776 5131 913 5187 satis
936 5131 1164 5201 pulchre
1190 5132 1540 5195 mandarunt,
1573 5146 1733 5201 quam
1769 5133 1988 5200 quidem
2015 5141 2144 5185 tunc
2170 5148 2361 5188 manus

775 5231 991 5283 tenens,
1026 5222 1120 5291 qui
1157 5221 1212 5277 in
1242 5223 1602 5293 imperatorio
1637 5240 1844 5293 primas
1876 5231 2058 5293 partes
2081 5225 2360 5304 obtinebat

774 5329 1057 5385 gynzeceo,
1107 5314 1155 5370 is
1189 5327 1369 5369 autem
1405 5323 1526 5369 erat
1563 5315 1885 5387 Eutropius,
1933 5316 2239 5386 Theophilo
2271 5334 2359 5373 os-

780 5408 953 5460 tendit
982 5408 1173 5462 diceus
1200 5429 1213 5460 :
1242 5409 1489 5463 Alterum
1514 5409 1749 5463 duorum
1778 5412 1937 5477 elige,
1976 5420 2035 5464 ut
2060 5412 2140 5464 κει
2166 5413 2359 5466 horum

778 5500 1153 5559 convint-aris,
1191 5501 1273 5554 vel
1315 5502 1595 5570 impositis
1640 5502 1902 5557 manibus
1934 5502 2199 5557 Joannem
2234 5520 2365 5556 con-

778 5603 984 5643 secres.
1022 5590 1301 5645 Adversus
1341 5607 1464 5645 cum
1505 5607 1637 5660 ergo
1661 5593 1752 5660 qui
1790 5594 1919 5645 talia
1951 5608 2125 5648 ausus
2162 5591 2360 5653 fuerat,

779 5677 1022 5747 Eutropii
1082 5682 1372 5736 verborum
1418 5683 1682 5751 producta
1739 5686 1906 5746 acies,
1945 5688 1992 5738 vi
2025 5688 2357 5755 expugnavit

780 5767 1086 5822 maleficum
1118 5770 1412 5839 periculosi
1448 5781 1499 5823 ct
1547 5773 1807 5841 ancipitis
1846 5772 2036 5824 studii.
2082 5771 2201 5836 Quo
2235 5771 2355 5839 qui-

780 5858 906 5912 dem
951 5874 1074 5913 cum
1116 5861 1168 5913 in
1202 5860 1564 5931 'l'heophilum
1597 5878 1753 5917 acres
1808 5864 1918 5929 jam
1975 5864 2165 5915 herent
2212 5876 2361 5929 qutu-

787 5948 1027 6016 stiones,
1062 5951 1114 6006 in
1140 5951 1302 6009 trivio
1330 5953 1745 6025 cogitationum,
1777 5964 1831 6007 ut
1853 5961 1935 6009 est
1971 5954 2022 6006 in
2048 5949 2360 6023 proverbio,

2523 3110 2738 3179 |ta'|....
2773 3106 2867 3161 τοῦ
2928 3108 3254 3178 πράγματος
3298 3103 3570 3157 κώλυσιν·
3602 3104 3695 3157 καὶ
3730 3102 3874 3155 οὕτω
3910 3120 4043 3155 κατ-

2453 3204 2667 3265 ευνάζει
2702 3202 2853 3271 μόλις
2887 3202 2948 3252 τὸ
3002 3197 3312 3260 στασιάζον,
3344 3198 3438 3249 καὶ
3470 3197 3671 3267 γράφει
3713 3194 3788 3263 τῷ
3828 3194 4045 3263 βασιλεῖ

2450 3294 2518 3345 τὰ
2542 3294 2640 3360 τῆς
2670 3292 2933 3351 στάσεως.
3000 3289 3264 3342 Βάλλεται
3316 3288 3493 3340 τοίνυν
3519 3287 3594 3356 τῷ
3615 3286 3707 3339 τοῦ
3738 3285 3887 3337 θείου
3912 3285 4042 3337 κέν-

2451 3406 2581 3458 τρου
2618 3388 2711 3441 καὶ
2759 3386 3039 3455 θαύματος
3078 3384 3229 3455 πόθῳ
3282 3384 3377 3453 τὴν
3410 3382 3638 3451 καρδίαν
3686 3382 3714 3432 ὸ
3757 3380 4041 3451 βασιλεὺς,

2455 3482 2609 3551 καὶὴ
2645 3479 2948 3548 σύγκλητος
3008 3477 3212 3530 τούτων
3253 3476 3608 3537 ἀκούσαντες,
3655 3475 3748 3526 καὶ
3790 3472 4045 3542 τροπαίῳ

2453 3573 2543 3624 τὸν
2573 3573 2716 3641 ἱερὸν
2744 3572 2950 3622 ἐκεῖνον
3002 3568 3349 3628 ἐκκλίναντες
3396 3566 3655 3635 πόλεμον,
3694 3566 3787 3617 καὶ
3824 3566 3888 3615 τὸ
3920 3564 4046 3615 ἑπι-

2456 3666 2798 3733 θυμούμενον
2869 3660 3105 3731 χρυσοῦν
3146 3660 3314 3721 ὅντως
3356 3662 3545 3728 χρῆμα
3601 3662 3699 3726 τῆς
3757 3658 4042 3725 ’Δντιόχου

2454 3751 3087 3822 λαφυραγωγησάμενοι,
3132 3751 3201 3819 τῇ
3234 3748 3647 3801 Κωνσταντίνου
3698 3747 4042 3817 χαρίζονται.

2457 3842 2579 3904 Πῶς
2605 3858 2618 3904 ;
2643 3841 2732 3909 Τῷ
2756 3841 2955 3909 κόμητι
2973 3837 3300 3906 Ἀντιοχείας
3328 3837 3355 3888 ὁ
3386 3836 3632 3905 βασιλεὺς
3662 3834 4043 3901 ἐγκελεύεται,

2455 3935 2649 4004 ἀγνοίᾳ
2685 3933 2924 3992 πάντων,
2958 3931 3047 3983 τὸν
3089 3930 3342 3998 Ἰωάννην
3376 3930 3753 3999 παρακαλέσαι
3784 3932 3878 3981 καὶ
3911 3931 4045 3981 ὑπο-

2455 4024 2733 4091 δέξασθαι.
2760 4024 2866 4075 Καὶ
2896 4021 3054 4073 τοῦτο
3087 4020 3288 4090 δράσας
3330 4021 3357 4073 ὁ
3384 4019 3582 4089 κόμης,
3619 4022 3711 4072 καὶ
3738 4020 3899 4089 μέχρι
3935 4020 4047 4070 τῶν

2460 4114 2807 4184 μαρτυρείων
2836 4113 2937 4175 ἔξω
2981 4112 3082 4180 τῆς
3132 4111 3339 4183 πόλεως
3371 4110 3721 4180 παρελκύσας
3750 4112 3888 4175 ἄγαν
3923 4127 4048 4161 συν-

2456 4206 2593 4267 ετῶς
2640 4205 2733 4257 καὶ
2777 4202 3056 4273 φρονίμως
3088 4202 3179 4254 τὸν
3222 4202 3496 4269 Ἰωάννην.
3537 4203 3627 4253 καὶ
3658 4200 3733 4269 τῷ
3755 4201 4050 4270 ὸξυδρὸμῳ

2457 4297 2956 4365 ὲφιππασὰμενος,
3032 4296 3145 4356 τοῖς
3228 4292 3485 4344 ποθοῦσιν
3564 4293 4048 4362 ἀποκαθέστηκεν.

2458 4386 2681 4455 Ἐπειδὴ
2733 4386 2789 4438 δὲ
2822 4384 2917 4437 xat
2946 4385 3254 4446 συνέλευσις
3280 4380 3350 4453 ἦν
3389 4384 3599 4436 πολλῶν
3630 4384 3952 4436 ἐπισκόπων
3986 4386 4053 4435 ἐκ

2380 4452 2424 4511 C
2465 4476 2746 4546 βασιλικῆς
2816 4475 3099 4545 φροντίδος
3154 4472 3712 4543 παρασκευασθεῖσα,
3776 4473 3875 4524 σὺν
3932 4477 4052 4534 τοῖ;

2462 4569 2779 4633 ἐπισκόποις
2809 4568 2902 4619 καὶ
2932 4567 2960 4617 ὁ
2998 4562 3405 4634 Ἀλεξανδρείας
3438 4568 3643 4627 ἐκεῖνος
3673 4564 3957 4630 Θεόφιλος,
3992 4566 4053 4625 ὃς

2461 4658 2716 4728 διασύραι
2745 4657 2843 4726 τὴν
2872 4657 3119 4710 Ἰωάννου
3174 4656 3351 4720 δόξαν,
3388 4655 3567 4724 φθόνῳ
3609 4654 3858 4718 κλαπεὶς,
3898 4657 4055 4721 ἡγω-

2464 4751 2661 4812 νίζετο,
2693 4748 2771 4819 τῷ
2801 4748 3157 4817 ἀνεπιλήπτῳ
3183 4746 3277 4799 τοῦ
3308 4747 3497 4816 ἀνδρὸς
3533 4747 3925 4815 ἐκτηκόμενος,
3956 4750 4057 4799 καὶ

2465 4842 2598 4912 πρὸς
2633 4841 2729 4910 τὴν
2754 4839 3092 4909 χειροτονίαν
3122 4837 3487 4906 ἀναδυόμενος
3509 4852 3521 4865 ⁸
3568 4838 3718 4905 ὅμως
3759 4835 3852 4886 καὶ
3900 4836 4057 4888 ἄκων

2457 4935 2683 5001 ἡττᾶται
2710 4949 2722 4962 ·
2749 4932 2871 4999 νικᾷ
2888 4930 2996 4999 γὰρ
3018 4929 3104 4980 ἀεὶ
3128 4928 3188 4980 τὸ
3212 4928 3435 4997 Πνεῦμα
3456 4928 3515 4979 τὸ
3536 4927 3710 4993 ἅγιον·
3736 4928 3968 4994 ἡττᾶται
3998 4928 4059 4979 δὲ

2457 5026 2620 5079 οὕτω·
2665 5023 2855 5075 Πολλοὶ
2882 5021 2991 5081 τῶν
3023 5019 3491 5091 πυρπολονμένων
3510 5019 3585 5088 τῷ
3624 5020 3752 5087 θείῳ
3778 5020 3926 5086 ζήλῳ
3954 5022 4061 5091 τὴν

2471 5116 2665 5168 Ἰλιάδι
2684 5114 2795 5165 τῶν
2841 5110 3103 5179 Θεοφίλου
3139 5108 3325 5161 κακῶν
3355 5110 3594 5178 γραφαῖς
3611 5124 3667 5159 τε
3691 5107 3781 5158 καὶ
3808 5123 4061 5176 συγγρα-

2463 5210 2590 5275 φαῖς
2624 5208 2723 5260 οὐκ
2762 5203 3003 5273 ἀγεννῶς
3031 5201 3430 5273 ἐρραψῴδησαν
3450 5216 3465 5231 ·
3487 5199 3679 5268 ἥντινα
3702 5198 3822 5249 τότε
3851 5215 4058 5267 χειρω-

2463 5305 2694 5374 σάμενος
2720 5302 2748 5355 ὁ
2779 5302 2877 5369 τῆς
2933 5298 3219 5369 βασιλικῆς
3266 5295 3563 5366 πρωτεύων
3585 5294 4057 5363 γυναικωνίτιδος,

2464 5394 2762 5464 Εὑτρόπιος
2790 5390 2847 5444 δὲ
2879 5384 3033 5451 οὗτος
3054 5383 3143 5459 ἦν,
3161 5385 3239 5456 τῷ
3257 5385 3502 5452 Θεοφίλῳ
3522 5383 3823 5446 ὑπέδειξεν,
3846 5384 4022 5435 εἰπών
4049 5401 4059 5411 '

2464 5489 2617 5539 Δυοίν
2649 5483 2879 5553 θάτερον
2918 5478 3157 5543 ἐκλεξαι·
3177 5476 3208 5545 ἢ
3228 5475 3399 5527 ταῦτα
3429 5472 3775 5543 ἐλεγχθῆναι,
3812 5473 3845 5541 ῆ
3876 5475 4064 5525 Ἰωάν-

2465 5594 2562 5647 νην
2591 5575 2993 5646 χειροτονῆσαι.
3022 5569 3112 5638 Τῷ
3164 5567 3346 5619 τοίνυν
3378 5565 3622 5634 τολμητῇ
3658 5562 3764 5614 τῶν
3794 5566 4064 5615 τοιούτων

2467 5674 2498 5741 ἡ
2532 5667 2836 5738 Εὑτροπίου
2883 5663 2991 5716 τῶν
3032 5661 3208 5729 λόγων
3257 5656 3839 5727 ἀντιστρατευσαμὲνη
3880 5658 4064 5724 παρὰ.

2468 5763 2641 5827 ταξις,
2667 5762 2815 5829 αἱρεῖ
2851 5756 2993 5810 κατὰ
3039 5755 3238 5825 κράτος
3271 5753 3361 5805 τὸν
3392 5748 3811 5819 κακουργοῦντα
3847 5748 3927 5816 τῷ
3950 5751 4062 5816 ἀμ-

2475 5856 2768 5926 φικρήμνῳ
2808 5850 2902 5903 τοῦ
2934 5848 3391 5919 ἐπιτηδεύματος.
3420 5839 3491 5914 ⁷ῼ
3520 5843 3775 5910 θεοφιλος
3807 5842 4061 5912 σφοδρῶς

2474 5948 2573 6017 ἤδη
2618 5944 3046 6017 λεηλατούμενα-ς
3106 5944 3163 5996 ὲν
3210 5939 3401 6014 τριόδῳ
3435 5935 3734 6006 λθῗίπμῶνν
3767 5935 3826 5989 τὸ
3860 5952 4065 6006 ’καθῆτ’
