4182 6440
156 443 244 505 ξί9
789 436 1075 496 ORATIO
1100 436 1323 497 XVIII.
1348 460 1416 471 --
1445 433 1831 496 LAUDATIO
1866 436 1925 495 S.
1967 435 2287 495 JOANNIS
2317 438 2719 498 CHRYSOST.

3291 444 3397 509 2.50

158 553 328 623 μιῶδες
359 591 375 615 ,
405 547 819 618 ἁκροόολίζεται
844 563 855 574 ·
890 547 984 598 καὶ
1038 547 1174 614 πρὸς
1222 544 1320 613 μὲν
1349 546 1446 613 τὴν
1473 559 1711 612 χειροτο-

1819 543 1943 595 telis
1962 547 2161 613 appetit
2176 562 2240 597 nr
2262 563 2275 609 ;
2296 554 2347 597 i-t
2362 547 2427 597 ad
2447 562 2704 600 manimm
2724 546 2945 616 quidem
2969 549 3392 617 impositioncm,

154 645 254 697 νίαν
305 642 396 693 τοῦ
433 637 629 707 καιροῦ
661 637 1061 704 παραστάντος.
1099 636 1332 688 ἐκτείνει
1364 636 1460 697 τὰς
1496 638 1707 704 χεῖρας,

155 733 536 804 προσεκτείνειν
566 731 620 783 δὲ
657 731 850 792 ταύτας
904 732 1046 781 κατὰ
1093 729 1187 780 τοῦ
1236 727 1709 798 χειροθετηθέντος

153 828 351 896 ὕστερον
395 825 496 877 οὐκ
543 822 866 891 ὲνάρκησεν.
904 816 1035 873 Εἶτα
1064 820 1201 890 μετὰ
1225 822 1322 889 τήν
1350 819 1705 889 χειροτονίαν,

151 919 425 983 εὐλογεῖται
456 914 610 986 παρὰ
649 913 744 965 τοῦ
790 913 1092 984 ἀρχιερέως
1131 917 1159 965 ό
1199 913 1389 974 πιστὸς
1431 910 1703 981 βασιλεὺς,

150 1013 248 1079 ὅμα
277 1010 407 1061 πᾶσι
440 1009 551 1069 τοῖς
586 1007 683 1058 σὺν
713 1006 881 1074 αὐτῷ,
913 1003 1000 1056 διὰ
1029 1004 1195 1073 τιμῆς
1235 1003 1497 1073 μεγίστης
1532 1002 1708 1071 λόγοις

150 1098 230 1148 καὶ
260 1097 389 1147 πᾶσι
420 1098 645 1163 τρόποις
669 1094 758 1145 τὸν
793 1094 1056 1162 ἀρχιερέα
1080 1093 1423 1161 ποιούμενος.
1474 1092 1531 1144 Ὀ
1555 1092 1611 1145 δὲ
1641 1095 1708 1147 τὰ

150 1188 331 1257 συνήθη
380 1187 481 1255 τῆς
530 1187 739 1247 οἰκείας
769 1184 1059 1246 εὐλαϐείας
1113 1185 1206 1237 καὶ
1251 1184 1471 1256 ἐφρόνει
1503 1185 1596 1238 καὶ
1629 1184 1708 1237 δι-

148 1283 360 1347 ελέγετο,
389 1278 596 1345 ταύτην
625 1279 939 1331 τελευταίαν
962 1278 1082 1330 τότε
1113 1276 1212 1346 τὴν
1243 1280 1565 1347 παραίνεσιν
1586 1268 1703 1331 ὲπι-

147 1374 262 1437 θείς·
291 1374 352 1426 Αί
383 1372 483 1443 μὲν
509 1370 792 1424 ἇὶλαιτῶν
813 1370 1159 1439 διοικήσεων,
1191 1370 1354 1437 λέγω,
1382 1364 1425 1421 ὧ
1462 1368 1700 1438 βασιλεῦ,

148 1456 438 1526 κε”ιπάντες
479 1464 529 1515 οἱ
574 1462 1003 1532 παρεστηκὸτες,
1048 1462 1346 1529 ἀναλόγους
1390 1462 1574 1531 ἔχουσι
1611 1462 1706 1513 καὶ

146 1559 253 1620 τοὺς
281 1555 559 1617 κινδύνους
588 1556 681 1608 καὶ
712 1558 781 1607 τα
809 1555 950 1624 γέρα
971 1573 983 1585 ο
1017 1553 1208 1624 ἱερέων
1229 1554 1285 1606 δὲ
1316 1557 1407 1607 καὶ
1431 1554 1704 1622 ποιμένων

145 1649 249 1708 ὅσος
272 1646 538 1709 κίνδυνος,
573 1647 671 1699 ὃσα
717 1646 786 1698 τὰ
836 1646 995 1718 γέρα,
1026 1640 1100 1699 ὧν
1124 1642 1181 1698 εὖ
1209 1646 1239 1716 ἢ
1282 1648 1467 1708 κακῶς
1500 1647 1702 1717 διῳκή-

146 1755 305 1801 σαντο,
326 1738 541 1809 πλήρης
558 1740 727 1801 πᾶσα,
749 1737 1067 1808 Συγγραφὴι
1090 1741 1262 1808 Καινή
1277 1757 1335 1792 τε
1359 1742 1450 1791 καὶ
1468 1739 1696 1793 Παλαιὰ.

144 1832 385 1899 Δεομένου
410 1830 592 1882 τοίνυν
641 1831 782 1893 τινὸς
824 1833 947 1883 ὅσαι
987 1832 1191 1901 ήμέραι
1240 1830 1341 1898 τῆς
1378 1829 1699 1900 θεραπείας,

1816 648 1940 687 cum
1964 645 2113 689 esset
2142 646 2378 705 tempus,
2412 634 2659 691 eX‘tendtt
2692 655 2909 700 manus,
2946 641 3012 693 ad
3047 655 3183 709 quas
3209 653 3394 711 postea

1815 728 2192 782 extendendas
2242 734 2292 781 in
2328 749 2474 787 eum.
2508 733 2595 783 cui
2635 746 2729 785 eas
2769 732 3135 803 imposuerat,
3173 736 3397 791 minime

1814 816 2117 886 obtorpuit.
2157 818 2358 874 Deinde
2401 832 2522 891 post
2578 826 3080 888 consecrationem,
3114 826 3395 881 benedici-

1813 915 1900 959 tur
1939 923 1967 961 a
2011 910 2270 978 pontifice
2309 912 2482 967 tidclis
2534 916 2832 983 imperator
2878 930 3002 969 cum
3053 918 3169 972 suis
3227 920 3394 973 simul

1812 1003 2094 1069 omnibus,
2134 1005 2226 1073 qui
2263 992 2317 1058 in
2353 1009 2593 1060 maximo
2628 1009 2836 1063 honore
2861 1020 2910 1063 ct
2937 1010 3119 1065 verbis
3141 1021 3191 1064 et
3216 1013 3393 1066 modis

1811 1094 2072 1147 omnibus
2130 1096 2364 1151 habebat
2424 1099 2758 1167 pontiﬁcem.
2817 1101 2909 1157 llle
2952 1114 3136 1156 autem
3188 1105 3297 1174 pie,
3335 1116 3394 1159 ut

1811 1184 2050 1249 solebat,
2106 1188 2379 1241 sentiebat
2428 1198 2483 1243 et
2530 1190 2839 1244 disserebat
2870 1209 2884 1257 ;
2912 1196 3004 1261 qui
3042 1196 3207 1246 etiam
3251 1176 3393 1247 hanc

1811 1277 2054 1329 ultimam
2108 1287 2235 1332 tunc
2286 1278 2435 1333 dedit
2490 1282 2963 1335 admonitionem:
3005 1286 3137 1338 Alia:
3168 1286 3388 1354 quidem

1811 1371 2351 1438 :nlministrationes,
2386 1373 2545 1435 dixit,
2585 1389 2617 1428 ο
2649 1375 2949 1443 imperator
2977 1384 3029 1429 et
3061 1394 3250 1432 oumcs
3294 1380 3390 1447 qui

1808 1465 2033 1526 adestis,
2065 1468 2420 1532 prepartione
2450 1468 2835 1521 convenientia
2866 1469 3065 1523 habent
3090 1480 3142 1525 et
3169 1475 3389 1541 praemia

1807 1562 1861 1607 et
1894 1555 2133 1621 pericula
2164 1572 2177 1619 ;
2215 1559 2562 1610 sacerdotum
2604 1567 2658 1611 et
2699 1568 2978 1627 pastorum
3010 1546 3280 1631 quantum
3311 1566 3379 1619 sit

1808 1646 2132 1714 periculum,
2162 1656 2216 1700 et
2250 1658 2458 1716 quanta
2492 1650 2715 1717 preemia
2742 1666 2958 1717 eorum,
2993 1669 3109 1719 qua:
3136 1656 3270 1709 bene
3304 1658 3384 1709 vel

1808 1738 1948 1789 male
1988 1738 2260 1806 gesserint
2306 1742 2358 1792 in
2397 1740 2899 1806 administratione,
2934 1743 3092 1811 plena
3148 1754 3230 1799 est
3267 1746 3387 1798 uni-

1807 1842 1964 1881 Versa
2019 1826 2310 1897 Scriptura
2365 1840 2417 1881 et
2465 1827 2612 1882 Nova
2680 1838 2734 1883 ct
2771 1828 2980 1895 Vetus;
3019 1831 3063 1885 si
3101 1832 3224 1901 quis
3257 1848 3386 1899 ergo

142 1924 193 1973 οὔ
226 1922 498 1990 φείσομαι.
534 1923 644 1975 Καὶ
677 1922 977 1993 προσετίθη
1009 1899 1223 1984 τούτοις
1258 1922 1325 1975 τὰ
1366 1899 1506 1974 κατὰ
1541 1921 1701 1976 Δαὸὶδ

1810 1919 2053 1989 quotidie
2103 1935 2243 1989 opus
2297 1920 2493 1973 habeat
2534 1924 2843 1986 curatione,
2880 1938 2985 1976 non
3022 1940 3244 1991 paream
3289 1936 3387 1987 ;ct

144 2016 220 2066 καὶ
246 2014 453 2080 Ναθὰν,
488 2014 547 2066 τὸ
569 2010 669 2082 τῆς
696 2014 939 2083 Γραφῆς,
981 2014 1059 2076 είς
1098 2014 1469 2083 παράδειγμα.
1506 2014 1700 2083 ’Λσμε-

143 2105 261 2168 νίζει
286 2105 496 2167 τούτοις
521 2107 549 2156 ὁ
570 2103 890 2167 πιστότατος
920 2103 1195 2173 βασιλεὺς,
1225 2105 1700 2175 συιιπροουμεῖται

142 2196 188 2246 δὲ
215 2196 314 2257 πᾶς
345 2200 374 2248 ὁ
402 2194 673 2265 βασίλειος
729 2194 937 2264 ὅμιλος,
988 2188 1033 2263 ᾧ
1056 2196 1175 2247 τότε
1216 2195 1302 2261 δὴ,
1338 2195 1457 2248 τότε
1498 2196 1589 2249 τὸν
1627 2195 1703 2247 δι-

142 2287 447 2340 δασκαλικὸν
493 2288 727 2353 ἐξέτεινε
781 2287 961 2355 λόγον,
1013 2288 1159 2349 ὅπως
1200 2287 1306 2341 δέοι
1354 2290 1559 2351 πάντας
1587 2290 1700 2352 τοῖς

146 2383 287 2432 πᾶσιν
326 2380 632 2448 ιπιχειρείν
658 2392 675 2409 ο
733 2378 976 2447 ἱστορίαν
1009 2394 1069 2430 τε
1111 2378 1350 2448 μεγάλου
1398 2377 1695 2448 Θαύματος,

144 2473 219 2523 καὶ
251 2470 661 2542 μνήμης’ἀξίαν
712 2469 1099 2540 προϐάλλεται,
1146 2471 1322 2541 φήσας
1351 2490 1362 2501 ·
1402 2469 1475 2533 ὼς
1518 2472 1695 2533 Τίτος,

140 2563 397 2633 ὁῬὼμης
428 2561 587 2625 ἄναξ.
643 2559 866 2633 [πολλὰ]
922 2560 1181 2624 πολλάκις
1226 2561 1468 2615 τοιοῦτόν
1494 2580 1546 2614 τι
1599 2565 1699 2615 t7:-

142 2654 300 2719 έλεγεν
330 2652 533 2721 ἑαυτῷ,
578 2651 776 2730 λέγων,
818 2650 1066 2721 Σήμερον
1112 2651 1209 2703 οὐκ
1244 2650 1697 2721 ὲΰασιλεύσαμεν,

142 2751 230 2800 εἴτ’
257 2749 347 2802 οὖν
380 2749 486 2801 οὐκ
540 2748 840 2821 ὲζήσαμεν,
871 2747 1038 2817 μηδὲν
1079 2746 1228 2811 ἄξιον
1261 2746 1523 2815 βασιλέως
1558 2749 1702 2816 ποιή-

142 2857 332 2903 σαντες.
349 2840 477 2892 Ἔτι
506 2838 565 2891 δὲ
584 2838 679 2891 τοῦ
699 2840 1002 2908 ἀρχιερέως
1026 2839 1119 2889 τὸν
1150 2837 1308 2905 λόγον
1336 2838 1695 2908 συνείροντος,

141 2931 233 2985 ἰδού
255 2950 335 2996 τις
362 2933 508 3001 ἀνὴρ
537 2929 805 3000 δαιμονῶν
830 2931 1017 2982 ἐκεῖνα
1052 2930 1216 3000 μέσον
1245 2931 1501 2985 ἁπάντων
1526 2930 1700 2983 ἐποίει

138 3024 217 3072 καὶ.
252 3020 507 3093 ικραξεν,
543 3020 643 3072 ὅσα
686 3019 746 3071 τὸ
791 3017 1041 3089 ἐνοχλοῦν
1087 3018 1360 3090 δαιμόνιον
1406 3018 1573 3089 φῦλον
1610 3019 1699 3083 ἑξ-

137 3113 377 3177 εδιάζετο.
438 3112 850 3182 Παρακαλεῖται
900 3113 928 3163 ὁ
994 3111 1178 3180 ίατρδς
1232 3110 1569 3181 θεραπεῦσαι
1636 3112 1698 3165 τὸ

138 3207 343 3274 πάσχον.
405 3206 521 3259 Καὶ
569 3204 754 3273 μέντοι
799 3205 895 3258 καὶ
947 3203 1242 3273 θεραπεύει
1301 3204 1555 3275 σφραγῖδι
1599 3204 1695 3257 τοῦ
1722 3238 1767 3295 c

134 3298 293 3366 τιμίου
343 3298 607 3367 σταυροῦ,
680 3300 773 3350 καὶ
818 3300 886 3368 τῇ
942 3296 1232 3366 ἐπικλήσει
1275 3297 1375 3367 τῆς
1413 3298 1572 3365 ἁγίας
1602 3297 1696 3349 καὶ

135 3387 376 3449 ζωοποιοῢ
410 3388 670 3460 Τριάδος,
693 3385 862 3441 είπὼν
892 3387 1028 3459 πρὸς
1054 3388 1237 3442 αὐτόν·
1274 3389 1377 3441 Ἴδε
1400 3388 1562 3458 ὑγιὴς
1600 3392 1692 3458 γέ-

135 3494 279 3545 γονας
302 3497 315 3511 ·
369 3481 581 3551 μηκέτι
610 3479 922 3550 βλασφήμει
966 3478 1027 3530 τὸ
1053 3478 1238 3545 Θεϊον,
1270 3479 1358 3533 ἵνα
1401 3481 1475 3550 μὴ
1514 3480 1697 3550 χεῖρόν

134 3570 176 3621 τί
203 3587 277 3623 σοι
320 3571 579 3640 γένηται.
613 3570 784 3623 Τοῦτο
809 3571 843 3636 ή
873 3568 1182 3641 τελειοτέρα
1207 3571 1499 3641 στερέωσις
1524 3570 1695 3624 ἅπασι

134 3661 214 3729 τῆς
234 3663 311 3726 είς
336 3662 582 3733 Χριστὸν
621 3662 912 3732 ὁμολογίας
949 3664 1044 3716 καὶ
1068 3662 1322 3727 πίστεως.

190 3839 268 3912 ιβ’.
306 3842 469 3895 Ἀλλὰ
495 3840 670 3895 ταῦτα
695 3842 793 3911 μὲν
819 3845 897 3904 εἰς
915 3841 1168 3896 τοσοῦτον
1192 3842 1470 3912 θαύματος
1492 3842 1696 3910 ἄγοντα

132 3934 206 3987 τὸν
234 3936 509 4004 ἀκροατήν
532 3951 546 3965 ·
591 3932 757 3998 δείξει
779 3933 835 3985 δὲ
885 3933 1091 4004 προϊὼν
1110 3936 1137 3987 ό
1166 3934 1318 4003 λόγος
1347 3935 1444 3986 καί⁸
1473 3934 1539 3987 τὰ
1568 3934 1696 3987 τού-

130 4044 208 4081 του
230 4026 682 4099 θαυμασιώτερα.
714 4028 872 4097 Ἄρτι
898 4027 1006 4079 τῶν
1031 4027 1232 4079 οἰάκων
1260 4028 1357 4097 τῆς
1388 4028 1697 4097 οἰκουμενι-

131 4117 217 4185 κῆς
241 4117 463 4179 ὁλκάδος
516 4118 546 4169 ὁ
601 4114 1103 4185 πνευματοκίνητος
1151 4116 1493 4187 κυϐερνήτης
1541 4120 1693 4170 ἐπει-

130 4207 406 4277 λημμένος,
460 4209 561 4261 καὶ
623 4207 760 4278 πρὸς
811 4207 909 4267 τὰς
944 4207 1361 4273 ἁντιπνεούσας,
1410 4208 1467 4262 αἶ
1501 4209 1696 4262 πολλα)⁸

131 4301 249 4352 κατὰ
275 4300 367 4353 τοῦ
401 4298 729 4369 θαυμαστοῦ
762 4297 1031 4366 πελάγους
1059 4299 1156 4369 τῆς
1199 4299 1543 4371 Ἐκκλησίας,
1581 4301 1696 4353 δια-

132 4390 447 4461 σκεψάμενος
478 4388 781 4455 λαίλαπας,
812 4391 863 4441 τί
909 4390 1007 4459 μὲν
1035 4392 1096 4443 ού
1141 4392 1306 4454 ποιεί,
1352 4390 1510 4443 ποίαν
1544 4392 1599 4444 δὲ
1632 4391 1693 4442 οὐ

130 4484 249 4533 κινεί
297 4481 561 4553 μηχανὴν
598 4482 896 4551 σωτηρίας,
951 4482 1053 4545 ἕως
1083 4478 1146 4536 οὗ
1191 4486 1505 4554 καταντήσῃ
1558 4485 1695 4555 πρὸς

1809 2013 1894 2065 bis
1950 2014 2243 2081 adjiciebat
2299 2028 2418 2081 qua!
2482 2011 2767 2081 Scriptura
2809 2015 2945 2066 dicit
2984 2014 3051 2089 de
3098 2013 3299 2069 Davide
3332 2026 3386 2068 ct

1807 2104 2017 2158 Natltan
2049 2106 2101 2157 in
2136 2106 2468 2173 exemplum.
2504 2106 2575 2157 lia
2612 2104 2864 2158 lubenter
2900 2104 3050 2158 audit
3087 2105 3384 2176 imperator

1809 2197 2186 2263 fidelissimus,
2227 2206 2492 2269 grataque
2545 2195 2770 2251 fuerunt
2800 2199 2901 2251 toti
2937 2206 3172 2252 catervae
3207 2201 3380 2265 impc-

1804 2290 2028 2345 ratoris.
2084 2288 2238 2343 Tunc
2295 2298 2504 2351 autem,
2567 2286 2697 2342 tuu'c
2753 2290 2805 2342 in
2874 2288 3121 2343 docendo
3173 2291 3381 2358 prolixa

1805 2381 2061 2435 utebatur
2109 2381 2380 2444 oratione,
2412 2393 2653 2448 quonam
2688 2378 2853 2432 modo
2884 2388 3161 2448 oporteret
3190 2393 3381 2431 omnes

1802 2476 1986 2527 omnia
2026 2476 2243 2545 aggredi
2280 2495 2294 2542 ;
2329 2484 2382 2529 et
2432 2474 2745 2544 proferebat
2796 2474 3079 2529 historiam
3135 2473 3381 2542 dignam,

1803 2581 1921 2635 qua:
1969 2575 2017 2619 ιιι
2079 2568 2133 2620 in
2197 2566 2564 2622 admiratione
2622 2553 2919 2620 haberetur
2975 2572 3029 2619 et
3094 2564 3381 2618 mandari--

1803 2665 1891 2710 tur
1943 2658 2240 2720 memoriae,
2284 2658 2521 2716 dicens:
2567 2657 2727 2711 Titus
2778 2658 3073 2724 imperator
3104 2653 3381 2727 llpmanu-

1805 2762 1922 2800 rum
1955 2762 2097 2815 saepe
2131 2748 2238 2801 tale
2268 2747 2399 2817 quid
2431 2745 2576 2817 apud
2610 2762 2668 2801 se
2698 2746 2989 2801 dictitabat
3023 2762 3035 2796 :
3072 2744 3244 2800 llodie
3271 2761 3378 2799 non

1805 2837 2215 2905 imperavimus,
2262 2854 2358 2893 seu
2394 2854 2503 2892 non
2553 2824 2813 2903 viximus,
2845 2846 2904 2890 ut
2942 2836 3035 2905 qui
3070 2837 3207 2890 nihil
3238 2836 3380 2890 fece-

1802 2928 1977 2984 rimus
1997 2928 2217 2999 dignutn
2249 2930 2600 3000 imperatore.
2630 2930 2768 2984 Cum
2802 2937 2979 2983 autem
3012 2928 3188 2982 adlmc
3215 2927 3381 2982 verba

1803 3020 2152 3073 continuaret
2182 3020 2454 3088 pontifex,
2490 3034 2620 3074 ecce
2652 3020 2733 3071 vir
2752 3019 2974 3089 quidam
3008 3019 3379 3072 diemmiiacus

1804 3108 1893 3162 illa
1934 3108 2167 3163 faciebat
2214 3121 2266 3161 et
2308 3111 2579 3165 clamabat
2626 3113 2676 3164 in
2724 3113 2904 3165 medio
2954 3112 3220 3175 omnium,
3257 3126 3380 3179 qua:

1802 3218 2009 3257 νεχιιιιε
2039 3204 2179 3270 cogit
2214 3218 2389 3272 genus
2428 3204 2739 3257 daemonum
2776 3227 2789 3259 ;
2830 3212 3055 3273 rogatur
3112 3204 3375 3268 medicus,

1804 3302 1862 3348 ut
1894 3307 2048 3348 curet
2075 3295 2435 3349 laborantem.
2462 3296 2633 3362 Quem
2657 3296 2872 3366 quidem
2890 3302 3046 3350 curat
3078 3297 3234 3365 signo
3259 3312 3379 3366 pre-

1801 3388 1952 3442 tiosa:
2004 3387 2205 3451 crucis,
2236 3395 2287 3438 et
2323 3387 2666 3442 invocatione
2698 3372 2901 3442 Sancta:
2923 3396 2975 3441 ct
3008 3387 3234 3441 vivificre
3255 3386 3381 3443 Tri-

1804 3480 2014 3541 nitatis,
2060 3480 2107 3534 ei
2138 3478 2330 3534 dicens
2367 3497 2379 3533 :
2409 3480 2547 3533 Ecce
2582 3496 2749 3534 sanus
2777 3482 2951 3533 Iactus
2980 3496 3037 3533 es
3072 3497 3085 3543 ;
3122 3495 3188 3533 ne
3209 3478 3377 3532 Deum

1799 3574 2033 3642 amplius
2069 3572 2436 3641 blasphemus.
2477 3587 2541 3626 nc
2569 3572 2809 3626 deterius
2848 3573 2978 3642 quid
3026 3574 3119 3624 tibi
3164 3575 3379 3627 contin-

1799 3672 1905 3733 gat.
1963 3661 2075 3717 Hoc
2112 3664 2223 3726 ille,
2260 3664 2507 3732 quierat
2554 3666 2810 3718 omnibus
2867 3664 3165 3733 perfectura
3213 3680 3378 3718 orna-

1802 3761 2044 3806 mentum
2086 3751 2456 3806 confessionis
2482 3760 2536 3806 et
2570 3753 2693 3806 ﬁdei
2728 3752 2781 3806 in
2814 3752 3117 3808 Christum.

1872 3842 1956 3897 t2.
1993 3842 2097 3897 Sed
2133 3844 2248 3901 haec
2277 3843 2501 3914 quidem
2537 3852 2686 3909 sunt,
2724 3860 2846 3914 quae
2870 3845 3175 3899 auditorrm
3210 3847 3309 3899 ded
3336 3865 3377 3895 ρ-

1804 3948 1937 3989 cunt
1992 3938 2057 3988 ad
2109 3945 2317 3990 tantam
2372 3935 2819 3992 admirationem.
2878 3938 3143 3992 Ostendet
3194 3948 3374 3993 autem

1798 4026 2103 4095 procedens
2128 4027 2305 4082 oratio
2346 4027 2435 4083 his
2489 4041 2711 4098 quoque
2774 4029 2946 4098 magis
3002 4028 3373 4086 admirabilia.

1800 4116 1936 4170 Cum
1966 4117 2076 4186 jam
2133 4120 2288 4173 navis
2318 4119 2469 4174 orbis
2531 4129 2692 4173 terrae
2726 4121 2939 4173 clavum
2990 4124 3315 4191 accepisset,
3344 4139 3374 4177 a

1799 4210 2006 4280 Spiritu
2044 4220 2238 4267 sancto
2270 4221 2455 4266 motus
2490 4212 2829 4281 gubernator
2857 4222 2910 4267 et
2942 4212 3204 4268 adversas
3239 4231 3375 4268 cou-

1798 4304 2002 4357 siderat
2037 4311 2416 4371 tempestates,
2449 4319 2573 4372 quac
2633 4305 2819 4359 multa:
2874 4304 3269 4360 exoriebantur
3320 4307 3373 4359 in

1799 4392 1935 4446 mari
1974 4392 2210 4447 mirabili
2247 4391 2525 4458 Ecclesiae,
2557 4394 2687 4466 quid
2716 4410 2823 4448 non
2873 4395 3025 4460 facit,
3068 4413 3231 4465 quam
3267 4412 3373 4452 non

1798 4486 1995 4541 salutis
2030 4487 2306 4556 excogitat
2337 4487 2669 4551 machinam,
2700 4486 2873 4543 donec
2904 4492 3282 4557 perveniretur
3309 4493 3375 4546 ad

128 4572 203 4625 τὸν
220 4575 324 4627 ἄνω
346 4574 572 4645 λιμένα,
605 4573 697 4625 τὸν
726 4572 893 4637 ὄντως
923 4574 1097 4627 εὖδιόν
1127 4592 1185 4627 τε
1216 4575 1312 4628 καὶ
1334 4575 1693 4646 πολυόρεκτον
1721 4581 1732 4639 ]

1803 4586 2020 4648 portum
2082 4581 2566 4649 snperiorem,qui
2618 4590 2702 4634 est
2746 4582 3074 4651 tranquillus
3132 4594 3186 4637 et
3220 4584 3376 4640 valde

128 4662 270 4717 ὁτῶν
315 4666 647 4734 καμνόντων
682 4664 964 4728 παντοίαις
1007 4667 1183 4727 νόσοις
1221 4665 1527 4737 ἀνθρώπων
1559 4668 1691 4722 θαυ-

131 4756 298 4821 μάσιος
329 4757 556 4828 ίατρόςί
590 4756 728 4826 Φέρε
762 4757 847 4826 δὴ,
888 4757 999 4811 τῶν
1042 4759 1239 4829 ἐκείνῳ
1287 4760 1466 4830 σοφῶς
1505 4763 1689 4816 ἔπινε-

129 4848 378 4917 νοημένων
429 4847 690 4919 ψυχικῶν
742 4848 1055 4913 ἀντιδότων,
1098 4851 1327 4922 βραχεῖά
1377 4869 1460 4915 τις
1524 4858 1689 4924 μοῖρα

130 4935 363 5003 λεγέσθω.
398 4938 626 4992 rivo-.20
665 4938 774 5008 γὰρ
808 4938 873 4992 ἂν
913 4940 1052 5009 αὐτὴ
1104 4942 1215 5003 τοῖς
1250 4940 1436 5010 χρείαν
1473 4942 1689 5012 ἔχουσιν

130 5029 303 5098 ίατρῶν
322 5030 381 5083 οὐ
412 5029 605 5100 φαύλη
642 5046 723 5092 τις
750 5031 1022 5102 σωτηρίας
1052 5031 1328 5096 ὑπόθεσις.
1360 5034 1597 5099 Ἐκεῖνος
1621 5038 1687 5106 τῇ

126 5120 200 5173 διὰ
224 5126 328 5176 τῶν
357 5124 611 5194 ἐλέγχων
649 5122 906 5192 ἀντιδότῳ
942 5122 1108 5195 (οὕτω
1140 5126 1248 5194 γὰρ
1282 5126 1459 5179 ἐκεῖνο
1489 5128 1686 5197 είπείν)

127 5215 173 5263 ἐν
198 5214 426 5285 πρώτοις
468 5216 678 5287 χρῆται
712 5216 853 5267 κατᾶ
886 5216 995 5267 τῶν
1044 5217 1427 5287 παρεισάκτων
1448 5237 1460 5249 ⁸
1501 5219 1550 5271 οἳ
1582 5221 1687 5272 τῶν

128 5306 507 5375 πορνοὸοσκῶν,
544 5307 606 5359 ὲν
648 5307 857 5375 αἱρέσει
889 5308 1076 5360 κακῶν
1135 5308 1168 5377 ἦ
1206 5310 1516 5381 συγκρίσει,
1550 5330 1686 5366 παν-

126 5406 307 5454 τάπασι
338 5401 563 5473 χείρους
596 5400 756 5453 εἰσίν.
796 5400 1059 5464 Ἐκείνοις
1101 5404 1260 5472 μὲνή
1299 5404 1454 5468 νόσος
1500 5406 1698 5477 πόρρω⁴

128 5490 205 5546 τοῦ
269 5495 492 5567 ἰατροῦ·
562 5494 778 5557 τούτοις
814 5493 871 5547 δὲ
943 5495 1092 5549 ἔνδον
1146 5496 1240 5550 τοῦ
1320 5499 1686 5572 ἐργαστηρίου

127 5584 208 5651 τῆς
260 5588 561 5657 σωτηρίας,
615 5586 712 5639 καὶ
759 5587 970 5650 ἑαυτοῖς
1034 5588 1130 5642 καὶ
1207 5593 1319 5653 τοῖς
1386 5592 1687 5660 ὑγιαίνουσι

129 5676 267 5731 πλέον
339 5679 569 5748 αὒξεται
635 5678 815 5750 πολλῷ
882 5684 951 5732 τα
1008 5682 1105 5751 τῆς
1179 5683 1519 5755 appararier
1598 5688 1690 5750 οὒς

129 5765 151 5813 ὁ
205 5768 501 5835 σορὼτατος
556 5768 764 5837 ἰατρὸς.
819 5769 897 5836 τῷ
965 5775 1107 5824 κατὰ
1171 5775 1261 5825 τὸν
1337 5775 1510 5844 μέγαν
1595 5781 1689 5833 καὶ

129 5854 387 5929 ὁμώνυμον
439 5861 759 5931 πρόδρομον
816 5861 1118 5932 ὲλεγκτικῷ
1170 5867 1532 5936 κεχρημένος,
1581 5871 1690 5939 ῥω-

132 5951 430 6003 οτικωτάτου
483 5950 653 6019 λόγου
704 5950 973 6022 δύναμιν,
1034 5953 1132 6025 τῆς
1196 5956 1449 6029 τοιαύτης
1506 5959 1684 6031 λύμης

1799 4673 2159 4741 expetendus.
2193 4682 2250 4724 ut
2280 4672 2371 4740 qui
2414 4672 2698 4725 h0minum
2728 4674 2875 4727 omni
2925 4690 3123 4743 genere
3158 4676 3375 4731 morbo-

1798 4776 1918 4817 rum
1949 4763 2316 4817 laborantium
2354 4772 2503 4817 esset
2564 4764 2808 4819 medicus
2855 4766 3232 4821 admirabilis!
3264 4767 3376 4837 Age

1798 4872 1927 4912 vero
1968 4858 2169 4911 animae
2199 4858 2598 4923 antidolorum,
2630 4873 2751 4927 qua:
2783 4866 2913 4913 sunt
2938 4858 3007 4914 ab
3042 4859 3132 4914 illo
3156 4861 3377 4930 sapien-

1798 4963 1881 5003 ter
1910 4951 2239 5018 excogitata,
2287 4948 2505 5004 dicatur
2555 4951 2735 5004 brevis
2789 4952 3037 5021 quaedam
3082 4953 3371 5021 particula.

1798 5042 1985 5097 Fuerit
2019 5043 2166 5095 enim
2211 5058 2276 5095 ea
2320 5043 2386 5096 iis
2418 5044 2511 5111 qui
2565 5060 2705 5112 opus
2731 5044 2929 5098 habent
2961 5045 3211 5108 medicis,
3267 5060 3373 5099 noii

1795 5136 2195 5190 contemnenda
2243 5150 2403 5188 causa
2472 5136 2685 5189 salutis.
2752 5137 2841 5190 Ille
2890 5137 3371 5203 reprehensionum

1796 5227 2043 5280 antidoto
2072 5226 2175 5296 (sic
2205 5225 2348 5278 enim
2371 5228 2626 5280 convenit
2655 5229 2867 5296 dicere)
2898 5229 3167 5297 imprimis
3205 5229 3375 5283 utitur

1796 5317 2064 5371 adversus
2098 5332 2194 5371 eos
2218 5317 2307 5385 qui
2338 5317 2669 5373 mulieribus
2695 5330 2922 5371 utuntur
2951 5320 3371 5385 introductitiis,

1794 5410 1973 5479 quiin
2017 5411 2286 5463 electione
2313 5419 2409 5462 aut
2459 5412 2874 5480 comparatione
2929 5414 3197 5467 malorum
3245 5423 3376 5466 sunt

1795 5504 2022 5556 omnino
2083 5503 2392 5557 deteriores
2453 5504 2766 5557 lenonibus.
2826 5505 2959 5558 Nam
3019 5506 3104 5560 his
3154 5506 3374 5575 quidem

1797 5596 2021 5651 morbus
2045 5597 2231 5665 procul
2264 5608 2343 5653 est
2371 5597 2438 5653 ab
2474 5598 2691 5653 omciua
2736 5599 2929 5652 medici
2975 5616 2989 5663 ;
3039 5598 3149 5653 illis
3194 5610 3373 5653 autem

1799 5687 1943 5741 intra
1974 5688 2242 5742 oﬂicinam
2280 5690 2498 5757 salutis,
2538 5698 2591 5744 et
2624 5691 2725 5744 sibi
2757 5700 2809 5744 et
2843 5690 2908 5744 iis
2939 5690 3030 5759 qui
3076 5699 3206 5743 sunt
3233 5692 3373 5756 sani,

1800 5780 1971 5833 umlto
2008 5782 2182 5849 magis
2222 5792 2455 5852 augetur
2476 5784 2724 5838 morbus.
2756 5781 2905 5848 Quos
2927 5783 3375 5851 sapientissimus

1804 5872 2067 5933 medicus,
2125 5884 2283 5928 utens
2329 5875 2753 5943 reprehensione
2810 5874 2953 5928 sicut
2988 5889 3240 5943 magnus,
3279 5875 3370 5941 qui

1804 5973 1922 6019 erat
1948 5966 2195 6035 ejusdem
2226 5968 2485 6033 nominis,
2509 5981 2837 6038 pra-cursor,
2870 5968 3220 6022 validissima:
3247 5981 3371 6021 ora-
