4182 6440
773 426 875 495 251

2044 407 2318 471 LEONIS
2348 406 2810 468 PIIILOSOPIII

3932 416 4044 477 25?

774 536 943 592 tionis
975 531 1186 585 viribus
1226 542 1254 579 a
1293 526 1385 579 tali
1417 524 1671 580 liberavit
1709 521 1972 591 pernicie.
2006 518 2215 573 Deinde
2258 517 2355 571 ad-

2483 517 2793 587 ιπή).λαξεν.
2828 514 2959 571 Εἶτα
3003 517 3142 572 κατά
3177 518 3276 587 τῆς
3307 518 3653 588 ἀκροπόλεως
3683 520 3791 573 τῶν
3825 524 4045 577 παθῶν.

773 643 968 683 versus
991 638 1169 679 arcem
1215 621 1498 681 vitiorum,
1531 617 1838 679 avaritiam,
1874 615 2118 682 inquam,
2167 612 2354 680 dirigit

2483 613 2560 680 τῆς
2595 609 2906 673 πλεονεξίας
2929 650 2944 671 ,
2981 611 3539 678 ἀντιπαρατάσσεται.
3587 612 3817 665 Ἔπειτα
3871 619 4052 685 γωρεῖ

776 718 970 773 aciem.
1008 712 1208 768 Deinde
1256 709 1508 778 procedit
1558 708 1825 761 adversus
1883 720 1980 758 eos
2027 705 2121 772 qui
2164 713 2355 758 secant

777 821 1090 869 crumenas,
1147 805 1348 874 quibus
1400 801 1794 871 comprehensa
1832 807 1916 853 est
1942 796 2107 851 etiam
2144 796 2357 849 helluo-

780 917 904 955 nutu
955 907 1009 954 et
1042 905 1452 953 assentatorum
1492 896 1626 947 lues.
1664 891 1728 945 Et
1759 891 1827 946 iis
1854 890 2073 960 quidem
2103 903 2163 942 se
2185 888 2328 957 appli

776 1000 865 1047 cat
898 991 1098 1051 oratio,
1136 997 1194 1041 ttt
1228 1004 1324 1058 par
1364 996 1450 1040 est
1493 985 1613 1054 ejus
1652 985 1745 1053 qui
1790 984 2055 1037 medetur.
2109 980 2355 1046 Quorum

778 1092 959 1138 autem
999 1084 1141 1136 Deus
1176 1092 1260 1136 est
1289 1088 1477 1133 venter
1516 1102 1567 1131 et
1617 1078 1812 1149 gloria,
1854 1074 2128 1142 quomodo
2172 1072 2358 1129 sanari

777 1175 1053 1244 potuerint
1092 1188 1222 1227 cura
1261 1172 1549 1226 verborum
1585 1171 1947 1223 humanorum
1974 1168 1998 1221 ἲ
2030 1166 2146 1223 Non
2178 1167 2358 1223 solum

774 1274 929 1321 certe
982 1280 1087 1317 non
1119 1272 1409 1326 sananlnr,
1472 1264 1567 1318 scd
1625 1265 1789 1316 etiam
1857 1266 1925 1315 ab
1971 1262 2051 1317 eis
2098 1261 2361 1315 adversus

781 1358 1052 1411 medicum
1085 1356 1466 1427 excogitantur
1510 1356 1913 1409 accusationes.
1947 1352 2146 1408 Visitat
2181 1352 2361 1405 libidi-

782 1464 947 1502 nosos
973 1460 1024 1503 et
1054 1449 1484 1517 intemperantes
1506 1451 1686 1502 oratio
1706 1448 1927 1509 medici,
1965 1447 2102 1499 adeo
2130 1456 2359 1513 tangens

782 1541 1018 1610 primum
1058 1538 1307 1593 all'ectam
1342 1551 1581 1594 mentem
1616 1556 1827 1601 eortnn,
1880 1538 1971 1607 qui
2009 1553 2108 1591 sua
2168 1546 2362 1606 sponte

782 1632 1032 1685 laborant
1071 1631 1246 1686 libera
1288 1632 1372 1686 sui
1413 1632 1626 1686 arbitrii
1659 1632 1954 1696 voluntate,
2000 1640 2052 1685 ut
2090 1631 2232 1688 idem
2267 1647 2354 1684 ne.

780 1737 1056 1790 quaquant
1094 1722 1203 1775 ullo
1240 1722 1401 1775 modo
1452 1724 1766 1792 permiserit
1833 1723 1981 1792 (quis
2036 1726 2181 1778 enim
2219 1722 2360 1777 Pau—

783 1816 895 1870 lttm
926 1817 1173 1869 imitatus
1201 1858 1215 1880 ,
1260 1816 1435 1885 magis
1464 1816 1760 1869 honoravit
1794 1816 2083 1869 honestum
2129 1823 2181 1870 et
2212 1832 2364 1871 vene-

786 1908 1015 1962 randum
1074 1908 1568 1979 matrimonium?)
1602 1909 1671 1961 ab
1715 1925 1785 1963 eo
1835 1908 2112 1961 abstinuere
2165 1910 2366 1965 multus

784 2006 1006 2067 propter
1032 1996 1299 2066 insignem
1326 1997 1858 2052 animadversionem
1887 2006 1939 2051 et
1967 1997 2365 2057 obedientiam.

784 2089 927 2145 Ante
960 2092 1141 2144 omnia
1179 2099 1358 2144 autem
1393 2090 1647 2144 docendo
1675 2089 1904 2145 alendos
1928 2106 2053 2146 esse
2076 2106 2364 2162 pauperes,

787 2181 965 2233 alebat
990 2194 1206 2244 eorum,
1241 2182 1335 2249 qui
1375 2181 1521 2251 ipsos
1550 2184 1890 2246 nutriebant,
1921 2184 2157 2247 animas,
2186 2198 2361 2238 novus

787 2272 877 2326 ille
926 2272 1185 2325 frumenti
1215 2272 1419 2325 dator:
1461 2282 1656 2342 utpote
1717 2274 1863 2343 quod
1907 2276 2152 2329 omnium
2208 2275 2370 2329 bono-

787 2379 908 2417 rum
945 2366 1326 2433 operationem
1356 2368 1644 2419 contineat
1671 2375 1727 2420 et
1780 2367 2217 2439 comprehendat
2270 2370 2371 2423 cleo

786 2472 1073 2526 emosyua,
1101 2472 1225 2525 quae
1260 2459 1424 2511 etiam
1465 2458 1657 2512 docuit
1692 2477 1704 2513 :
1745 2458 1899 2524 Quod
1946 2460 2039 2512 uni
2082 2460 2267 2513 horum
2297 2460 2373 2529 fe-

788 2546 937 2599 cistis
970 2546 1053 2610 ¹⁷;
1094 2547 1175 2600 sic
1202 2547 1386 2600 omnia
1411 2551 1913 2618 comprehendens.
1968 2549 2140 2604 Divini
2189 2553 2372 2622 itaque

788 2634 895 2688 \iri
934 2634 1224 2689 audientes
1277 2637 1587 2691 orationem
1620 2640 1756 2693 adeo
1786 2640 2148 2695 trahebantur
2179 2657 2372 2698 onmes

791 2724 857 2778 ad
888 2739 952 2779 ea
976 2724 1340 2790 observanda,
1380 2736 1439 2781 ut
1478 2729 1530 2781 in
1560 2728 1940 2799 dispergendis
1965 2733 2162 2801 opibus
2194 2732 2252 2796 ii,
2278 2732 2372 2801 qui

790 2815 874 2869 eis
901 2815 1256 2869 abundabant
1298 2817 1489 2871 lierent
1522 2820 1874 2889 pauperiores
1933 2821 2002 2875 iis
2058 2823 2153 2891 qui
2212 2830 2375 2877 erant

790 2905 924 2960 olim
960 2922 1269 2975 pauperes;
1308 2909 1549 2978 perfecte
1582 2921 1762 2964 autent
1806 2911 1997 2966 ﬁerent
2048 2912 2101 2965 in
2139 2912 2363 2967 Christo

799 2996 1005 3051 divites
1025 3007 1078 3052 et
1106 2999 1425 3053 thesaurum
1452 3002 1732 3056 cmlestent
1756 3004 2126 3071 acquirerem.
2151 3002 2375 3071 Propter

794 3105 917 3158 quae
949 3090 997 3143 is
1024 3090 1117 3159 qui
1156 3092 1270 3144 hate
1326 3091 1467 3146 bona
1524 3093 1929 3156 introduxerat,
1986 3095 2376 3149 nominabatur

792 3178 1037 3236 Joannes
1062 3182 1449 3254 eleemosynze.
1483 3183 1625 3248 Quid
1655 3198 1784 3237 vero
1815 3184 2171 3253 sycophantis
2198 3195 2253 3238 et
2286 3200 2379 3239 ea.

797 3272 1264 3327 lnmniatoribus?
1308 3273 1451 3338 Quid
1486 3283 1666 3327 autem
1702 3274 1767 3329 iis
1803 3277 1895 3345 qui
1932 3276 2267 3330 insulescunt
2303 3276 2381 3329 fa-

799 3370 919 3417 stus
949 3362 1186 3417 elatione
1221 3365 1437 3418 etinani
1471 3366 1777 3434 superbia?
1806 3366 1945 3431 Quid
1995 3380 2125 3421 vero
2160 3367 2249 3430 iis.
2283 3368 2379 3437 qui

801 3454 1027 3525 prodiga
1056 3466 1109 3509 et
1140 3456 1420 3511 luxuriosa
1444 3459 1552 3511 vita
1587 3458 1825 3527 graviter
1848 3466 2076 3527 peccant
2104 3458 2159 3513 in
2181 3473 2383 3529 corpus

803 3549 1108 3616 proprium,
1145 3548 1447 3603 autetiam
1512 3550 1715 3603 mentis
1775 3548 1957 3619 inepia
2019 3551 2216 3604 animre
2273 3564 2385 3605 sua:

802 3637 1037 3692 al't'erunt
1069 3640 1340 3692 exitium?
1378 3640 1519 3705 Quid
1558 3656 1691 3711 ergo
1728 3641 1813 3697 his
1837 3642 1926 3695 ille
1950 3658 2181 3711 magnus
2215 3659 2385 3697 exco-

804 3730 1001 3800 gitavit
1033 3731 1325 3785 medicus?
1385 3731 1716 3801 Multiplieia
1747 3749 1902 3803 opem
1956 3734 2183 3789 ferentia
2219 3735 2389 3791 medi-

803 3832 1083 3888 camenta,
1147 3838 1177 3876 a
1210 3824 1719 3893 perturbationibus
1764 3826 1933 3879 animi
1986 3827 2384 3890 liberationem,

808 3932 907 3986 per
967 3917 1349 3986 paenitentiam
1408 3917 1709 3973 salutarem
1776 3919 2170 3987 operationem.
2235 3918 2388 3973 Mitto

805 4012 992 4067 dicere
1023 4010 1261 4065 fructum
1304 4013 1592 4066 eharitatis
1619 4022 1673 4068 et
1710 4013 2134 4083 hospitalitatis;
2170 4028 2281 4083 quo
2307 4014 2388 4067 el-

807 4102 959 4165 fecit,
988 4113 1046 4157 ut
1086 4118 1283 4158 omnes
1312 4104 1526 4159 onerati
1564 4106 2010 4174 pinguescerent,
2060 4108 2217 4160 suavi
2268 4120 2391 4160 rore

807 4207 1033 4246 suorum
1066 4194 1386 4258 verborum,
1421 4209 1520 4264 pro
1548 4196 1777 4249 musicis
1810 4196 2077 4260 canticis;
2131 4196 2185 4249 in
2212 4196 2389 4249 omni-

810 4283 913 4337 bus
943 4283 1226 4353 operibus,
1258 4284 1328 4338 ad
1359 4300 1481 4354 qua:
1516 4285 1632 4340 haec
1664 4288 1771 4338 vita
1802 4287 1949 4357 cogit
1991 4287 2263 4351 homines,
2303 4288 2387 4340 di-

810 4378 997 4428 vinum
1038 4377 1316 4430 canticum
1345 4376 1543 4443 iubens
1571 4393 1793 4433 canere.

886 4481 973 4536 15.
1004 4482 1110 4537 Sed
1153 4481 1293 4537 forte
1328 4482 1441 4537 haec
1487 4483 1666 4537 solum
1700 4483 1938 4538 faciebat
1981 4484 2034 4537 in
2078 4498 2175 4537 sua
2210 4484 2391 4538 eccle-

2462 702 2605 755 κατὰ
2645 699 2754 752 τῶν
2785 700 3247 769 βαλαντιοκόπων,
3286 695 3366 763 οἷς
3405 702 3899 772 συμπεριείληπται
3931 706 4050 758 τῶν

2461 792 2901 864 γαστριμάργων
2931 792 3027 845 καὶ
3058 791 3307 845 κολάκων
3336 793 3369 861 ἡ
3405 792 3678 860 σηπεδών.
3710 796 3821 847 Καὶ
3858 796 4052 866 διαιτᾷ

2467 888 2567 954 μὲν
2591 888 2683 940 καὶ
2716 890 2939 949 τούτους
2983 885 3012 937 6
3051 885 3210 951 λόγος
3238 884 3484 947 ἐπαξίω,
3532 884 3625 936 τοῦ
3678 888 4050 956 ἰατρεύοντος.

2463 972 2565 1030 1r(Iv
2599 980 2655 1033 δὲ
2689 979 2819 1040 Θεὸς
2852 979 2883 1047 ἡ
2917 977 3095 1030 κοιλία
3129 978 3222 1027 γαὶ
3254 976 3459 1047 ἡδόξα,
3488 994 3605 1040 πως
3629 978 3694 1029 ἂν
3720 981 3814 1031 καὶ
3844 980 4055 1032 ίαθεῖεν

2468 1070 2618 1122 suto!
2652 1072 2914 1140 ῥημάτων
2942 1070 3210 1138 Οτρατειᾳ
3234 1070 3342 1119 τῶν
3369 1066 3757 1136 ανθρωπίλων,
3783 1067 3859 1123 Οὐ
3885 1071 3988 1139 μόν
4008 1087 4056 1123 ιν

2464 1164 2543 1224 δὲ,
2600 1164 2715 1216 ἀλλ’
2771 1164 3165 1216 ἀντιδιαιτᾶεαι
3228 1161 3430 1229 μᾶλλον
3478 1161 3662 1223 αὐτοῖς
3710 1165 4057 1232 κατηγορίας

2467 1257 2607 1311 κατὰ
2653 1258 2745 1311 τοῦ
2788 1258 2971 1327 ίατροηὲ
3016 1255 3423 1324 συνδιάσκεψις.
3460 1256 3885 1309 Ἐπισκέπτεται
3918 1255 4056 1319 τοὺς

2468 1350 2789 1421 φιληδόνους
2820 1349 2912 1404 καὶ
2960 1350 3220 1417 ἀκρατεῖς
3265 1349 3359 1401 τοῦ
3419 1347 3605 1418 ἰατροῦ
3656 1348 3686 1401 6
3722 1347 3903 1417 λόγος,
3957 1348 4057 1401 ἐπὶ

2467 1443 2722 1497 τοσοῦτον
2771 1442 3078 1512 ἁπτόμενος
3134 1441 3230 1494 τοῦ
3281 1442 3766 1510 πρωτοπαθοῦντος
3802 1442 3895 1495 τοῦ
3940 1442 4057 1494 τῶν

2468 1537 2731 1600 ἑκουσίως
2753 1537 3073 1606 καμνόντων
3093 1534 3171 1604 τῷ
3192 1534 3523 1605 αὖτεξουσίῳ
3537 1537 3634 1603 τῆς
3654 1536 4059 1606 προαιρέσεως,

2468 1630 2607 1682 ὥστε
2646 1629 2739 1683 καὶ
2769 1632 2796 1685 6
2827 1630 2989 1694 αὐτὸς
3020 1629 3080 1682 οὐ
3121 1628 3219 1697 μὲν
3243 1623 3337 1681 οὖν
3360 1629 3611 1697 οὐδαμῶς
3642 1629 3912 1699 ἐπέτρεπε
3946 1629 4059 1700 (τίς

2466 1724 2579 1794 γὰρ
2610 1723 2685 1785 ὡς
2716 1718 2895 1788 οὗτος,
2933 1723 3073 1775 κατά
3106 1722 3339 1787 Παῦλον,
3380 1720 3605 1791 ἐτίμησε
3648 1720 3706 1773 τὸ
3733 1721 3830 1773 τοῦ
3867 1722 4057 1790 γάμου

2473 1818 2670 1887 σεμνὸν
2693 1819 2787 1870 καὶ
2825 1817 3002 1886 τίμιον
3023 1815 3076 1885 ;)
3108 1814 3408 1886 ἀπέχεσθαι
3436 1816 3530 1868 καὶ
3563 1813 3751 1867 τούτου
3781 1814 3861 1884 τῷ
3894 1832 4062 1883 περιο

2474 1910 2587 1961 όντι
2616 1909 2717 1976 τῆς
2758 1909 3036 1979 προσοχῆς
3060 1908 3188 1970 τοὺς
3220 1906 3449 1968 πολλοὺς
3482 1906 3576 1958 καὶ
3622 1905 3891 1971 ὑπακοῆς.
3920 1907 4064 1975 Περὶ.

2474 2001 2693 2053 πάντων
2723 2000 2780 2054 δὲ
2805 2000 2883 2069 τῷ
2904 2002 3004 2069 τῆς
3033 1998 3401 2069 ψυχοτροφίας
3431 1997 3722 2066 διδακτικῷ
3746 1998 3843 2060 τὰς
3876 1995 4064 2065 ψυχάς

2472 2093 2581 2146 τῶν
2611 2092 2923 2162 τρεφόντων
2954 2092 2982 2145 6
3006 2091 3127 2154 νέος
3167 2090 3360 2161 ἔτρεφε
3396 2089 3700 2158 σιτοδότης·
3731 2089 3805 2149 ὡς
3830 2090 4065 2141 πάντων

2474 2185 2584 2238 τῶν
2630 2183 2851 2251 ἀγαθῶν
2892 2185 2991 2254 τὴν
3028 2183 3289 2251 ἐργασίαν
3327 2185 3424 2251 τῆς
3462 2181 3853 2251 ἑλεημοσύνης,
3896 2181 3929 2249 ἢ
3964 2181 4067 2232 καὶ

2473 2277 2557 2339 τὸ,
2606 2276 2727 2344 Ἐφ’
2765 2274 2918 2328 ὅσον
2948 2274 3274 2339 ἐποιήσατε
3308 2273 3395 2327 ἐνὶ
3441 2275 3683 2333 τούτων,
3719 2272 3912 2342 ῶσπερ
3947 2271 4063 2324 ἐδί-

2476 2368 2641 2421 δασκε
2680 2367 2949 2437 ταύτητά
3008 2366 3186 2419 πάντα
3244 2364 3710 2434 περιοριζόμενος.
3778 2362 4068 2429 Μενοῦν-γε

2477 2461 2734 2513 τοσοῦτον
2763 2460 3054 2521 ἀκούοντξς
3088 2458 3179 2511 τὸν
3207 2458 3365 2526 λόγον
3390 2458 3486 2510 τοῦ
3515 2458 3659 2509 θείου
3696 2456 3889 2525 ἀνδρὸς
3920 2455 4069 2523 πρὸς

2480 2554 2713 2624 φύλαξιν
2757 2556 3000 2607 εἰλκοντο
3038 2552 3261 2614 πάντες,
3302 2549 3442 2603 ὣστε
3482 2548 3562 2619 τῷ
3608 2546 3939 2620 σκορπισμῷ
3970 2546 4070 2599 τοῦ

2481 2648 2740 2711 πλούτου,
2766 2647 2891 2709 τοὺς
2914 2645 3101 2698 τοῦτον
3132 2642 3440 2712 κομῶντας,
3473 2640 3583 2693 τῶν
3613 2640 3777 2692 πάλαι
3812 2640 4073 2708 πενήτων

2482 2737 2823 2807 ἀπορώτεροι
2843 2737 3126 2805 γεγονέναι
3143 2750 3154 2762 ·
3181 2734 3242 2786 τὺ
3270 2733 3347 2796 δὲ,
3369 2733 3574 2785 τέλειον
3600 2726 3737 2784 εἶναι
3755 2730 3903 2782 κατὰ
3927 2731 4071 2799 Χρι-

2486 2833 2631 2891 στὸν,
2662 2828 3199 2899 προσευπορηκέναι,
3233 2827 3326 2879 καὶ
3357 2824 3449 2877 τὸν
3469 2825 3718 2892 ούρανιον
3738 2820 4073 2891 ἀποκληρώ-

2487 2920 2682 2974 σασθαι
2719 2918 3026 2989 θησαυρόν·
3065 2918 3157 2984 ὑφ’
3198 2911 3273 2970 ὧν
3299 2919 3327 2969 6
3372 2915 3580 2969 τούτων
3619 2913 3922 2984 εἰσηγητὴς
3959 2913 4076 2966 τῶν

2484 3015 2668 3067 καλῶν
2702 3013 2981 3081 Ἰωάννης,
3017 3010 3076 3073 ὃς
3105 3011 3205 3079 τῆς
3238 3007 3612 3077 ὲλεημοσύνης
3654 3006 4070 3075 ἐπωνομάζετο.

2484 3107 2550 3158 Τί
2580 3106 2633 3158 δὲ
2658 3107 2773 3167 τοῖς
2810 3102 3200 3171 συκοφάνταις,
3245 3098 3298 3152 τί
3324 3100 3380 3151 δὲ
3424 3100 3536 3161 τοῖς
3582 3096 4076 3165 ἀλαζονευομένοις

2486 3202 2719 3271 ὲπάρσει
2763 3198 2958 3266 τύφου,
3001 3197 3098 3249 καὶ
3127 3195 3204 3265 τῷ
3239 3194 3473 3260 διακένῳ
3516 3191 3615 3259 τῆς
3660 3190 4075 3258 ὑπερηφανίας,

2485 3292 2537 3344 τί
2564 3292 2621 3344 δὲ
2651 3294 2766 3352 τοῖς
2814 3287 3014 3357 ἀσώτῳ
3059 3286 3159 3355 βίῳ
3194 3286 3270 3346 είς
3310 3283 3372 3335 τδ
3423 3282 3552 3334 ίδιον
3602 3279 3760 3348 σῶμα
3811 3278 4077 3348 χαλεπιῖις

2485 3382 2914 3452 ἁμαρτάνουσιν,
2938 3378 2973 3449 ἢ
2998 3378 3214 3447 φρενῶν
3244 3374 3443 3445 ἐνδείᾳ,
3469 3376 3534 3444 τῇ
3565 3372 3745 3425 αὐτῶν
3764 3370 3915 3440 ψυχῇ
3946 3386 4080 3441 προ-

2483 3478 2679 3531 τιθεῖσι
2725 3474 3023 3535 ἀπώλειαν,
3051 3472 3105 3524 τί
3128 3470 3339 3531 τούτοις
3360 3470 3388 3522 6
3422 3468 3593 3537 μέγας
3624 3464 4081 3535 προσεπενᾶησεν

2486 3568 2710 3639 ἱατρόςς
2748 3567 2823 3618 Τὸ
2858 3564 3141 3627 πολυειδὲς
3182 3563 3292 3615 τῶν
3321 3559 3691 3630 ἀλεξητηρίων
3728 3558 4079 3627 φαρμάκιον,

2486 3658 2583 3727 τὴν
2605 3656 2929 3725 ἀπαλλαγὴν
2956 3655 3065 3727 τῶν
3095 3653 3306 3716 παθῶν,
3338 3652 3437 3721 τὴν
3463 3650 3551 3705 διὰ
3578 3647 3869 3719 μετανοίας
3900 3649 4082 3716 ἔργα·

2491 3751 2612 3802 σίαν
2637 3750 2735 3816 τὴν
2767 3750 3055 3818 σωτήριον.
3105 3745 3211 3799 Ἑῶ
3234 3746 3413 3812 λέγειν
3437 3742 3527 3795 τδν
3558 3742 3685 3809 περὶ
3716 3742 3815 3809 τῆς
3844 3739 4081 3807 ἀγάπης

2488 3841 2583 3894 καὶ
2620 3839 2718 3908 τῆς
2749 3837 3055 3908 φιλοξενίας
3087 3836 3328 3906 καρπόνο
3358 3827 3404 3901 ᾧ
3435 3834 3642 3894 πάντας
3682 3830 3889 3901 βρίθειν
3918 3847 4085 3882 πιαι-

2489 3932 2749 4000 νομένους
2781 3929 3057 3997 ἀπέδειξε,
3086 3928 3263 3997 δρόσῳ
3295 3924 3525 3995 γλυκείᾳ
3571 3925 3681 3976 τῶν
3729 3920 3927 3974 ἑαυτοῦ
3975 3925 4084 3990 ῥη-

2493 4024 2677 4094 μάτιον
2727 4022 2825 4092 τὴν
2875 4021 2998 4076 ἀντὶ
3040 4020 3148 4072 τῶν
3184 4018 3459 4089 μουσικῶν
3487 4017 3749 4087 ᾀσμάτων
3799 4015 3856 4067 ἐν
3904 4018 4086 4068 πᾶσιν

2492 4117 2710 4187 ἔργοις,
2780 4118 2925 4177 ὅσοις
2976 4116 3006 4167 6
3058 4112 3172 4180 βίος
3218 4112 3278 4164 τὸ
3325 4109 3668 4181 ἀνθρώπινον
3728 4107 4085 4173 ἐκϐιάζεται,

2490 4205 2643 4259 θείαν
2671 4204 2812 4275 ᾠδὴν
2842 4200 3105 4271 διηνεκῶς
3136 4198 3464 4271 ᾀσματίζειν
3496 4196 3942 4265 ἐγκελευόμενος.

2570 4474 2659 4542 ιγ’.
2691 4470 2761 4527 Ἀ
2773 4473 2818 4543 ρ’
2842 4468 2934 4527 οὖν
2961 4472 3018 4523 ὲν
3046 4472 3111 4540 τῇ
3146 4467 3266 4521 κατ’
3291 4466 3456 4519 αὐτὸν
3484 4465 3657 4519 ταῦτα
3682 4464 3843 4534 μόνον
3871 4462 4090 4531 ἔκκλη-

814 4575 895 4630 sia
918 4581 973 4629 et
1010 4574 1234 4629 civitate
1262 4581 1317 4629 et
1349 4574 1579 4628 finitima
1629 4575 1851 4644 regione
1891 4589 1906 4628 :
1943 4589 2133 4628 earum
2185 4584 2378 4629 autem

2499 4567 2612 4639 σία,
2656 4568 2753 4618 καὶ
2808 4566 2959 4617 πόλει
2996 4562 3093 4615 καὶ
3143 4557 3468 4629 περιχώρῳ,
3506 4557 3614 4608 τῶν
3642 4556 3700 4608 δὲ
3746 4553 3972 4624 μακράν
4022 4555 4089 4606 οὐ

814 4682 937 4737 quae
965 4665 1157 4736 procul
1183 4673 1343 4719 erant
1370 4677 1609 4733 remotae,
1655 4666 1859 4721 nullam
1910 4667 2136 4736 gerebat
2178 4681 2390 4727 curam,

817 4759 956 4813 satis
988 4758 1203 4813 habens
1243 4757 1376 4813 dare
1409 4758 1645 4814 salutem
1676 4760 2109 4829 propinquorum
2146 4744 2396 4812 multitu-

817 4850 975 4905 dini?
1010 4850 1190 4905 Mente
1218 4850 1350 4904 mihi
1384 4865 1714 4920 persequere
1737 4850 1908 4905 totius
1929 4848 2200 4908 Thraciae,
2233 4847 2391 4911 Asiae,

819 4942 1000 5006 Ponti,
1027 4942 1346 5008 thniciaa,
1381 4944 1655 4998 Celtarum
1684 4941 2051 5003 latitudinem,
2075 4949 2131 4996 et
2159 4940 2395 5011 Scythas

822 5036 1112 5101 nomadas,
1175 5036 1268 5105 qui
1323 5043 1452 5091 sunt
1494 5036 1637 5092 ultra
1692 5035 2027 5095 Danubium.
2067 5034 2205 5101 Quis
2241 5036 2397 5088 locus

825 5128 933 5184 fuit
955 5129 1263 5184 absconsus
1296 5144 1325 5181 a
1353 5128 1511 5183 radio
1531 5128 1653 5197 ejus
1674 5127 2012 5183 verborum?
2033 5125 2243 5181 Revera
2276 5127 2397 5179 uul-

825 5221 935 5273 lus.
992 5218 1084 5272 Sol
1124 5217 1345 5288 quidem
1395 5233 1426 5271 a
1460 5233 1659 5289 magno
1689 5216 1889 5272 Davide
1933 5216 2209 5279 laudatur,
2255 5222 2309 5270 et
2344 5215 2399 5269 in

826 5311 1192 5366 admiratione
1233 5310 1487 5375 habetur,
1516 5320 1737 5381 propter
1777 5309 2232 5380 magnitudinem,
2277 5307 2403 5362 illu-

826 5401 1212 5465 minationem,
1261 5417 1568 5473 egressum,
1601 5416 1927 5466 occursum;
1966 5400 2112 5471 quod
2170 5415 2278 5453 non
2330 5400 2402 5453 sit

829 5494 1138 5549 absconsns
1168 5493 1324 5548 locus
1352 5495 1549 5563 aliquis
1575 5497 1642 5552 ab
1666 5493 1785 5565 ejus
1805 5494 1986 5550 calore
2013 5504 2067 5549 et
2090 5494 2399 5564 splendore.

831 5586 978 5639 Bona
1005 5594 1185 5639 autem
1218 5585 1340 5654 ejus
1377 5587 1579 5641 eximia
1630 5593 1766 5643 sunt
1800 5586 1972 5641 solari
2004 5585 2162 5638 radio
2211 5600 2405 5655 opera-

834 5677 982 5729 tione
1026 5677 1183 5745 longe
1249 5677 1656 5745 pres-lautiora,
1711 5691 1902 5747 nempe
1960 5683 2226 5746 quantum
2270 5688 2408 5742 prae-

2496 4661 2830 4729 προνοεῖται,
2869 4655 2947 4724 τῷ
2990 4653 3186 4722 πλήθει
3234 4651 3344 4703 τῶν
3375 4648 3607 4717 πλησίον
3646 4646 3747 4717 τὴν
3800 4646 4092 4715 σωτηρίαν

2496 4752 2680 4807 δοῦναι
2706 4750 3076 4821 ἀρκούμενος;
3123 4744 3307 4797 Δίελοέ
3346 4760 3435 4813 μοι
3472 4740 3550 4811 τῷ
3578 4738 3652 4810 νῷ
3676 4739 3897 4810 Θρᾴκης
3937 4738 4093 4792 ἀπά-

2500 4860 2621 4913 σης,
2679 4842 2893 4902 Ἀσίας,
2936 4840 3159 4899 Πόντου,
3195 4835 3482 4903 Φοινίκης,
3524 4830 3745 4886 Κελτῶν
3798 4830 3866 4883 τὰ
3919 4831 4093 4900 εὐρύς

2498 4950 2675 5003 χωρα,
2712 4931 2807 4983 καὶ¹
2835 4931 2961 4991 τοὺς
2991 4928 3165 4997 πέραν
3198 4924 3293 4978 τοῦ
3326 4926 3544 4991 Ἴστρου
3576 4921 3811 4991 νομάδας
3840 4920 4089 4983 Σκύθας.

2500 5026 2658 5086 Ποῖος
2697 5022 3117 5092 ἀποκέκρυπται
3158 5018 3323 5080 τόπος
3366 5016 3468 5085 τῆς
3526 5015 3736 5067 ἐκείνου
3767 5013 3874 5065 τῶν
3908 5014 4095 5080 λόγων

2500 5116 2755 5176 ἀκτῖνος;
2787 5110 2998 5173 Οὐδείς.
3033 5110 3223 5171 Ἥλιος
3266 5108 3364 5177 μὲν
3400 5109 3509 5176 γὰρ
3542 5105 3623 5176 τῷ
3669 5103 3891 5171 μεγάλῳ
3920 5104 4095 5157 Δαϐιδ

2503 5209 2830 5268 ὲπαινεῖται,
2858 5202 3221 5273 θαυμάζεται,
3239 5198 3318 5269 τῷ
3344 5196 3588 5268 μεγέθει,
3606 5199 3673 5267 τῇ
3701 5194 3991 5265 ἐλλάμψει,
4021 5200 4091 5266 τῇ

2504 5301 2691 5371 ἐξόδῳ,
2716 5297 2795 5368 τῷ
2826 5296 3233 5364 καταντήματι,
3258 5290 3336 5361 τῷ
3368 5290 3444 5361 μὴ
3469 5287 3890 5357 ἀποκεκρύφθαι
3919 5288 4094 5340 τόπον

2503 5392 2626 5446 τινὰ
2664 5392 2761 5461 τῆς
2813 5388 3026 5442 ἐκείνου
3059 5386 3271 5456 θέρμης
3309 5385 3404 5437 καὶ
3454 5381 3820 5451 λαμπηδόνος.
3850 5378 3975 5432 Τῶν
4032 5382 4091 5433 δὲ

2505 5488 2699 5538 τούτου
2749 5481 2933 5536 καλῶν
2982 5478 3053 5534 τὰ
3100 5478 3378 5550 ἐξαίρετα,
3430 5474 3532 5543 τῆς
3578 5472 3813 5543 ἡλιακῆς
3866 5474 4093 5535 ἀκτῖνος

2507 5573 2687 5643 πολλῷ
2714 5572 2795 5643 τῷ
2823 5570 3068 5642 περιόντι
3104 5568 3204 5637 τῆς
3252 5566 3556 5633 ἐνεργείας,
3586 5565 3647 5617 τὺ
3684 5564 3943 5633 διάφορον
3984 5565 4095 5615 ἀπο

2508 5666 2810 5735 ηνέγκατο’
2853 5663 2949 5717 καὶ
2998 5661 3241 5728 τοσούτῳ
3288 5659 3477 5720 πλέον,
3532 5657 3641 5727 ὅσῳ
3687 5656 3936 5725 διαφέρει
3984 5656 4096 5708 τῶν

836 5776 985 5821 stant
1015 5768 1103 5831 iis,
1152 5784 1272 5836 quae
1304 5768 1465 5823 aliter
1501 5770 1874 5833 illustrantur,
1907 5783 1969 5823 ea
2027 5782 2153 5837 qua:
2198 5765 2374 5819 ration

2511 5756 2687 5818 άλλως
2736 5752 3131 5821 αὐγαζομένων
3178 5750 3246 5802 τὰ
3292 5748 3524 5815 λογικῶς
3564 5746 3933 5817 φωτιζόμενα.
3969 5747 4097 5800 Ἔτι

836 5856 1233 5911 iiltnniuautur.
1281 5856 1548 5915 Praeterea
1582 5859 1684 5914 hoc
1733 5860 1912 5914 dicam
1956 5875 1968 5910 :
2014 5858 2183 5913 densa
2234 5856 2410 5924 caligo

910 5948 952 5980 ⁸⁷
980 5946 1170 6003 Matth.
1205 5964 1327 6015 xxv,
1356 5950 1444 6005 ιο.

2513 5846 2671 5901 τοῦτο
2700 5849 2831 5919 ἐρῶ,
2882 5845 3082 5916 ὁμίχλη
3109 5843 3294 5896 δασεῖα
3326 5841 3423 5911 τὴν
3457 5840 3597 5911 ἑῴαν
3627 5839 3736 5893 τῶν
3764 5840 4096 5910 Μαρκίωνος
