4182 6440
89 419 176 482 €53
725 413 1007 473 ORATIO
1047 411 1259 472 XVIII.
1306 437 1371 447 —-
1399 405 1778 468 LAUDATIO
1812 405 1868 464 S.
1912 405 2232 465 JO.\NN‘lS
2258 407 2660 466 CHRYSOST.

3218 405 3325 471 9.54

89 536 370 589 ἐκάλυπτεν
393 530 833 597 ἀναθυμιάσεων,
869 531 962 582 καὶ
996 527 1201 596 ταύτην
1235 528 1356 597 (σὺν
1382 525 1500 594 Θεῷ
1540 527 1646 592 φάο

1754 520 2046 576 Marcionis
2092 521 2501 575 exhalationum
2564 522 2781 586 tegebat
2835 519 3150 587 Orientem;
3203 538 3326 576 cum

88 628 179 691 ναι)
205 630 268 695 τῇ
305 625 648 694 μαρμαρυγῇ
684 623 792 674 τῶν
823 622 1040 674 οἰκείων
1078 621 1250 688 λόγων
1285 618 1646 680 διασκεδάσας

89 720 109 768 6
137 717 392 785 ἡμέτερος
421 713 592 784 ἥλιος,
626 713 828 782 λευκὴν
859 714 954 766 καὶ
998 716 1176 766 ἐκεῖσε
1213 712 1312 782 τὴν
1345 713 1446 781 τῆς
1489 712 1647 772 ὀρθο-

88 808 240 873 δοξίας
269 806 486 876 ἡμέραν
533 805 844 872 έφήπλωσε.
876 806 940 856 Τί
977 822 1066 874 μοι
1107 804 1402 876 τάιπόρῤω
1433 805 1640 870 λέγεινς

100 897 312 967 Ἐρευνᾷ
342 897 444 966 τῆς
474 895 670 949 ἑαυτοῦ
722 896 1156 966 ἀρχιεπισκοπῆς
1196 895 1296 965 τῆς
1330 894 1538 961 διαίτης
1587 896 1647 947 τὸ

91 989 404 1058 σιτηρέσιον,
447 987 542 1041 καὶ
587 988 657 1041 τὰ.
688 987 786 1056 μὲν
828 987 1055 1057 περιττὰ
1098 985 1206 1040 τῶν
1253 987 1644 1056 ἀναλωμάτων,

89 1079 144 1130 τὰ
172 1079 272 1130 τῶν
305 1076 680 1147 νοσοκομείων
711 1075 1060 1148 ἀναπληροῦν
1086 1077 1462 1148 διορισάμενος
1494 1078 1648 1130 ὑστε-

90 1170 313 1237 ρήματα.
359 1169 590 1221 Ἑθέλων
623 1168 680 1220 δὲ
729 1168 899 1221 τύπον
952 1169 1143 1222 ἑαυτὸν
1196 1173 1501 1240 παρασχεῖν
1554 1171 1648 1223 καὶ

88 1261 180 1321 τοῖς
207 1260 324 1328 μετ’
350 1257 536 1322 αὐτὸν,
568 1259 684 1327 ἰδίῳ
714 1257 908 1327 μισθῷ,
941 1259 1080 1312 κατά
1112 1257 1345 1322 Παῦλον,
1380 1258 1479 1330 ζῇν
1504 1263 1649 1329 ἡγω-

91 1352 264 1414 νίζετο.
321 1350 467 1402 Ἀλλ’
517 1352 667 1419 ὅμως
719 1349 933 1418 ἀνάγκη
981 1351 1082 1418 τῆς
1140 1350 1434 1419 ἐκκλησίας
1485 1353 1648 1404 αὑτὸν

90 1440 504 1510 ἀποτρέψεσθαι,
567 1442 661 1493 καὶ
706 1441 858 1494 οὐδὲν
901 1441 1148 1501 ἀπεικός.
1208 1443 1409 1508 ’Ἄξιος
1459 1447 1571 1510 γὰρ
1617 1445 1650 1496 ὁ

88 1530 322 1597 ἐργάτης
381 1529 490 1580 τοῦ
541 1529 764 1581 οίκείου
812 1528 1056 1596 μισθοῦ.
1115 1529 1211 1600 Τίς
1261 1531 1317 1583 δὲ
1368 1531 1646 1600 ποιμαίνει

91 1622 330 1690 ποίμνην,
365 1620 444 1688 τῷ
488 1619 722 1686 γάλακτι
741 1620 944 1688 ταύτης
988 1621 1061 1692 μὴ
1097 1619 1468 1691 σῐιὲιζόμενοςς
1506 1623 1538 1692 ἢ
1567 1624 1649 1687 τίς

88 1713 370 1780 ἀμπελῶνα
405 1713 704 1780 φυτεύσας,
738 1714 797 1764 ού
849 1713 1257 1783 μεταλαμϐάνει
1300 1713 1396 1767 τοῦ
1441 1714 1649 1769 ἐκεῖθεν

89 1805 316 1871 καρποῦς
347 1806 409 1857 E!
450 1804 506 1858 δὲ
539 1807 613 1875 μὴ
649 1805 902 1873 συνήσθιέ
932 1823 1059 1863 τινι.
1082 1807 1114 1876 ἢ
1139 1809 1433 1875 παρῃτεῖτο
1467 1824 1646 1878 παρα-

1750 628 1866 664 cam
1903 622 2107 676 autem,
2142 612 2233 667 Dei
2282 613 2482 681 gratia,
2523 628 2747 664 suorum
2809 613 3102 663 verbormu
3150 617 3331 679 splen-

1749 705 1882 757 dore
1917 705 1998 756 sol
2038 715 2222 756 noster
2251 705 2600 772 dissipasset,
2649 703 2891 756 extendit
2938 703 3123 756 album
3184 704 3328 756 diem

1752 795 2074 848 orthodoxa:
2126 795 2271 847 ﬁdei.
2305 794 2444 858 Quid
2480 810 2619 863 opus
2649 805 2734 846 est
2776 801 2832 845 ιιι
2869 809 2931 847 ea
2968 794 3175 854 dicam,
3207 788 3332 861 qmc

1749 895 1877 941 sunt
1909 887 2097 957 procul
2138 889 2393 940 remota?
2427 887 2718 939 Scrutatur
2756 893 3019 954 quantum
3072 884 3330 939 frumenti

1751 983 1996 1036 redderet
2028 997 2162 1036 suus
2188 981 2537 1049 episcopatus
2560 981 2623 1033 ad
2652 980 2851 1032 victum
2879 969 3327 1038 sustentandum,

1749 1084 1804 1128 ct
1831 1075 1920 1136 iis,
1953 1091 2073 1143 qure
2106 1073 2490 1129 redundabant
2523 1072 2586 1124 ad
2624 1078 2895 1140 sumptus,
2923 1068 3141 1138 supplet
3171 1068 3321 1121 defe-

1749 1177 1898 1220 ctum
1963 1168 2431 1228 nosocomiorum,
2490 1179 2548 1217 se
2604 1172 2787 1216 autem
2838 1163 3030 1216 volens
3095 1161 3333 1229 posteris

1753 1256 1994 1325 praebere
2023 1255 2323 1323 exemplar,
2372 1270 2468 1308 sua
2502 1253 2774 1314 mercede,
2828 1252 2969 1305 sicut
3024 1250 3231 1304 Paulus
3267 1252 3331 1307 ”'.

1750 1345 2115 1402 Contendebat
2165 1345 2372 1407 vivere,
2424 1346 2518 1398 sed
2575 1355 2757 1397 tamen
2819 1343 3186 1396 necessarium
3248 1349 3336 1394 cst

1749 1455 1873 1492 eum
1907 1438 1974 1489 ali
2009 1437 2075 1490 iis
2102 1451 2223 1501 qurc
2261 1446 2386 1489 sunt
2410 1436 2689 1499 ecclesias;
2725 1435 2887 1503 idque
2917 1443 3004 1487 est
3037 1444 3335 1485 consenta-

1750 1545 1935 1583 neum.
1973 1529 2170 1597 Dignus
2217 1537 2295 1581 est
2350 1527 2489 1580 enim
2526 1528 2801 1592 operarius
2854 1524 3088 1577 mercede
3128 1540 3224 1576 sua
3269 1525 3333 1574 ".

1754 1620 1891 1687 Quis
1925 1635 2055 1672 vero
2083 1622 2260 1687 pascit
2291 1634 2472 1681 ovem,
2506 1627 2558 1670 et
2591 1633 2696 1669 ttnn
2725 1617 2864 1669 lacte
2895 1616 3016 1682 eius
3045 1617 3288 1668 nutritur
3317 1613 3340 1665 ?

1751 1711 2015 1779 autquis,
2055 1725 2176 1762 cmn
2214 1709 2475 1776 plantavit
2522 1707 2760 1770 vincam,
2807 1708 3021 1759 fruetus
3068 1705 3187 1771 ejus
3227 1718 3337 1757 nou

1751 1811 1836 1856 est
1866 1799 2175 1871 particeps?
2206 1798 2297 1852 Ille
2338 1809 2517 1852 autem
2566 1813 2687 1851 cmn
2726 1797 2945 1852 nemine
2996 1795 3337 1854 comedebat.

87 1896 432 1963 καλούμενος,
474 1897 525 1948 τί
555 1896 886 1959 τοῦτοςὊτι
911 1897 1130 1966 πρῶτον
1163 1897 1262 1966 μὲν
1303 1897 1446 1950 οἴνου
1481 1917 1648 1966 μετα-

1753 1903 1809 1949 et
1851 1895 2113 1948 invitatus
2162 1893 2492 1956 recusabat;
2545 1905 2781 1956 quanam
2845 1890 2911 1942 de
2953 1889 3158 1942 causa?
3193 1885 3338 1954 quod

90 1991 220 2056 σχεῖν
243 1988 594 2050 ἀνεϐάλλετο,
624 1987 721 2056 τῆς
754 1988 995 2056 κεφαλῆς
1026 1987 1098 2040 τὸ.
1115 1987 1316 2057 θερμὸν
1346 1990 1650 2059 προὸαλλό-

89 2099 250 2147 μενος.
305 2081 509 2132 Ἑνίοτε
563 2082 667 2149 γὰρ
717 2079 794 2148 τῷ
845 2079 944 2133 διὰ
988 2081 1191 2147 ῥόδων
1242 2085 1302 2134 έν
1347 2082 1518 2151 θέρει,
1556 2084 1650 2136 καὶ

89 2172 218 2240 μόνῳ
263 2171 489 2241 εχρῆτο.
548 2173 812 2240 Δεύτερον
846 2170 902 2224 δὲ
954 2172 1037 2224 ὅτι
1085 2171 1440 2242 κατατρύχων
1482 2168 1549 2244 ἦν
1587 2175 1649 2226 εκ

86 2279 212 2325 τινος
243 2265 533 2326 ἀσθενείας
574 2264 602 2314 ὁ
646 2262 935 2332 στόμαχος,
980 2264 1075 2315 καὶ
1113 2259 1268 2326 τάξιν
1299 2262 1505 2315 οίκείαν
1549 2263 1650 2315 οὐκ

85 2351 249 2424 εἶχεν·
306 2355 384 2418 ὡς
445 2354 706 2417 πολλάκις
748 2352 957 2424 βρωτοῦ
1015 2354 1332 2424 μεταλήψει,
1372 2353 1450 2423 τῷ
1495 2355 1649 2424 ἀηδεῖ

85 2446 166 2498 τοῦ
189 2449 464 2517 στομάχου
497 2446 740 2516 μηδόλως
770 2446 1092 2509 σιτίζεσθαι.
1121 2447 1194 2499 Ού
1218 2447 1378 2517 μόνον
1407 2447 1484 2509 δὲ,
1514 2447 1648 2499 ἀλλὰ

87 2539 168 2588 καὶ
198 2538 373 2591 ταῦτα
405 2538 502 2607 τὴν
531 2537 760 2590 καθόλου
787 2535 958 2605 λήθην
986 2538 1217 2591 ένεποίει
1245 2538 1344 2607 τῆς
1372 2537 1642 2608 βρώσεως.

86 2626 203 2678 Ποῖα
243 2627 298 2680 δὲ
349 2626 561 2689 ταῦτα;
607 2625 670 2679 Ἥ
705 2627 802 2694 τῆς
844 2625 1196 2690 διδασκαλίας
1246 2627 1490 2696 φροντὶς,
1531 2629 1564 2697 ἡ
1590 2629 1646 2680 ὲν

83 2718 339 2784 πνεύματι
384 2717 623 2785 θεωρία,
679 2715 778 2783 τῆς
827 2714 923 2769 τοῦ
978 2717 1137 2785 λόγου
1173 2717 1498 2785 θεραπείας,
1549 2719 1648 2789 τῆς

83 2806 176 2857 τῶν
207 2807 446 2878 Γραφῶν
484 2807 743 2877 ἱστορίας,
789 2807 890 2875 τῆς
922 2809 1030 2860 τῶν
1082 2808 1268 2879 χηρῶν
1319 2810 1648 2880 κηδεμονίας

83 2898 110 2963 ἡ
151 2881 469 2967 ιπιμέλειαξ
489 2897 594 2949 τῶν
627 2896 824 2961 ἀλλων,
855 2891 936 2960 οἷς
977 2897 1004 2950 ό
1036 2897 1143 2950 τῶν
1175 2899 1363 2969 ίερέων
1392 2899 1648 2952 πλέκεται

83 2989 355 3055 στέφανος,
391 2992 425 3058 η
473 2987 726 3058 διηνεκὴς
781 2988 983 3059 μελέτη
1029 2990 1123 3066 καίζ
1173 2989 1436 3060 μέριμνα.
1470 2988 1649 3059 Χῆραί

80 3095 206 3139 τινες
232 3075 374 3149 ἦσαν
402 3078 709 3146 τηνικαῦτα
734 3079 1074 3150 φιλόσαρκοι.
1107 3075 1195 3142 αἷς
1226 3081 1313 3134 ἀει¹
1343 3080 1644 3152 παραινῶν,

80 3169 241 3221 πεῖθει
271 3169 427 3221 δυοῖν
458 3167 674 3222 ἑλέσθαι
710 3170 769 3222 τὸ
802 3171 1013 3240 ἕτερον,
1049 3171 1081 3241 ἢ
1115 3170 1194 3241 τῷ
1237 3172 1498 3240 πρέποντι
1548 3172 1648 3241 βίῳ

1758 1989 1990 2056 primum
2020 2007 2030 2034 t
2062 2008 2066 2020 ι
2103 1987 2108 1993 ’
2137 1988 2240 2036 ἰιιιι
2275 1985 2462 2037 vinum
2495 1983 2679 2036 bibere
2715 1980 2999 2040 renncbat,
3039 1989 3339 2048 praztexens

1757 2077 1993 2131 calorem
2015 2076 2238 2144 Capitis.
2271 2069 2672 2142 Nonnunquam
2697 2075 2842 2123 cnim
2876 2070 3132 2123 utebatur
3163 2070 3338 2123 solum

1759 2169 1811 2222 in
1843 2176 2030 2221 aestate
2060 2182 2126 2220 co
2149 2168 2290 2231 quod
2322 2165 2525 2219 dicitur
2554 2179 2618 2216 ea:
2649 2164 2804 2215 rosis.
2841 2160 3096 2214 Secundo
3131 2173 3336 2221 autem,

1756 2257 1901 2328 quod
1938 2274 2000 2313 ex
2057 2257 2297 2326 quadam
2347 2254 2718 2308 imbecillitate
2761 2251 2898 2306 male
2953 2252 3186 2305 habebat
3237 2261 3343 2304 sto-

1757 2350 2005 2412 macbus,
2039 2358 2092 2402 et
2146 2360 2490 2416 nequaquam
2531 2361 2633 2400 suo
2697 2344 3025 2412 hiiigebalur
3073 2358 3339 2407 Inuncre;

1757 2441 1891 2494 adeo
1929 2449 1984 2493 ut
2025 2455 2168 2508 saepe
2191 2454 2312 2493 cum
2349 2438 2532 2492 cibum
2566 2445 2829 2498 sumeret,
2864 2442 3088 2503 propter
3130 2443 3340 2488 stoma-

1755 2534 1843 2587 chi
1878 2533 2179 2593 fastidinm,
2211 2530 2437 2584 minime
2460 2529 2688 2582 omnino
2731 2528 2993 2580 aleretur.
3014 2525 3131 2579 Non
3155 2525 3338 2580 solum

1755 2634 1936 2678 autem
1968 2638 2052 2687 ea,
2079 2623 2172 2677 sed
2209 2624 2321 2675 haec
2348 2635 2565 2689 quoque
2613 2620 2944 2678 emciebant,
2980 2624 3040 2671 ut
3065 2617 3170 2671 cibi
3221 2632 3342 2670 om-

1756 2714 1887 2768 nino
1914 2713 2357 2767 oblivisceretur.
2389 2712 2649 2777 Qnaenam
2681 2725 2744 2764 ea
2776 2707 2939 2763 sunt?
2964 2707 3215 2762 Studium
3247 2709 3344 2761 do-

1755 2805 1969 2862 ctrinae.
2032 2805 2086 2858 in
2141 2805 2336 2874 spiritu
2416 2801 2834 2872 contemplatio,
2892 2799 3044 2854 verbi
3105 2799 3342 2863 curatio,

1755 2896 2165 2964 Scripturarum
2209 2895 2478 2964 cognitio.
2531 2908 2664 2947 cura
2709 2891 3023 2954 viduarum,
3079 2892 3342 2954 aliorum,

1756 2989 1959 3057 quibus
2010 2987 2362 3042 sacerdotum
2415 3001 2619 3040 corona
2672 2985 3011 3045 contexitur,
3059 2983 3343 3037 meditatio

1756 3079 1977 3132 assidua
2011 3085 2065 3133 et
2104 3077 2439 3135 sollicitudo.
2482 3077 2650 3130 Erant
2685 3088 2816 3130 tunc
2862 3074 3112 3144 quaedam
3163 3072 3343 3127 viduae

1760 3173 1944 3228 carnis
1976 3174 2290 3235 amatrices,
2346 3173 2548 3242 quibus
2601 3171 2820 3224 assidue
2872 3173 3113 3224 suadens
3154 3168 3342 3223 studet

79 3261 258 3327 χήραις
298 3259 479 3329 βιοῦν,
516 3260 548 3329 ἢ
582 3263 778 3331 χωρεῖν
810 3224 911 3313 ἐπί
949 3224 1234 3330 δευτέρους
1261 3224 1492 3330 γάμους,
1531 3224 1597 3314 ἐν’
1620 3225 1648 3316 ἰ

1763 3274 1820 3318 ιιι
1848 3264 2079 3318 alterum
2122 3224 2384 3332 eligant;
2432 3261 2644 3316 duobus
2683 3279 2696 3313 ι
2741 3270 2798 3314 ut
2842 3259 2925 3313 vel
2965 3258 3128 3310 vitam
3178 3264 3344 3325 agant

79 3352 204 3414 θεῖος
233 3354 402 3422 νόμος
434 3353 760 3422 ἀνύϐριστος
792 3354 928 3424 μένῃ
947 3355 1039 3406 καὶ
1064 3354 1400 3417 ἀδιάπτωτος
1419 3369 1432 3383 ⁶
1453 3355 1564 3418 τοῖς
1591 3359 1654 3409 ὲκ

76 3442 158 3494 τοῦ
211 3444 437 3513 δήμου,
491 3444 787 3508 λιτανείαις
838 3447 1209 3516 έπαγρυπνεῖν
1278 3449 1374 3500 καὶ
1436 3448 1653 3517 δεήσεσι

78 3537 252 3599 νυκτὸς
278 3537 378 3589 καὶ
417 3537 633 3606 ἡμέρας
657 3552 668 3564 ⁸
703 3537 970 3605 γυναιξὶν,
1001 3533 1089 3601 αἷς
1128 3541 1160 3608 ἡ
1201 3539 1426 3608 πρόοδος
1459 3543 1648 3610 εἵργη-

75 3639 170 3686 ται,
216 3628 338 3678 κατ’
372 3628 559 3688 οίκους
615 3627 1042 3697 προσεύχεσθαι·
1091 3629 1366 3693 πλουσίοις
1415 3632 1651 3683 ἀποστο-

80 3711 226 3776 λικῶς
259 3714 607 3783 ἠσφαλίςετο
635 3715 710 3784 μὴ
749 3717 1165 3786 ὑψηλοφρονεῖν,
1203 3723 1339 3787 μήτε
1374 3719 1452 3789 τῷ
1474 3721 1655 3790 ἀδήλῳ

79 3805 158 3855 καὶ
210 3807 443 3879 ἀστάτῳ
480 3805 574 3859 τοῦ
630 3805 863 3860 πλούτου
920 3809 1013 3862 καὶ
1063 3809 1367 3880 διαρρέοντι
1422 3811 1651 3881 ἠλπικέ-

76 3916 167 3952 ναι.

133 4076 210 4131 ιδ’.
264 4075 438 4130 Ἀλλά
498 4076 591 4129 καὶ
639 4075 808 4129 ταῦτα
846 4078 908 4130 ὲκ
942 4077 1153 4130 πολλῶν
1209 4079 1570 4150 ἐπιτροχάδην
1617 4081 1647 4133 δ

73 4167 211 4238 λόγος
249 4175 308 4224 ἑν
347 4171 552 4241 βραχεῖ
583 4169 958 4240 διηγόρευσεν.
997 4171 1166 4243 Ἀρχὴ
1187 4171 1244 4225 δέ
1277 4189 1360 4234 τις
1395 4173 1647 4226 ἐντεῦθεν

74 4261 190 4330 ἄλλη
243 4265 601 4332 παρέστηκε,
635 4263 770 4331 πρὸς
821 4262 886 4332 ἢν
936 4262 1334 4332 καθιστάμεθα.
1386 4264 1490 4317 Τὸν
1547 4263 1645 4334 μὲν

74 4352 158 4422 ἠδη
191 4353 437 4424 πρώτως
488 4353 631 4422 χειρὶ
681 4354 774 4404 καὶ
829 4354 997 4406 εἰκόνι
1037 4354 1172 4406 Θεοῦ
1223 4354 1523 4424 τιμηθέντα
1569 4357 1643 4426 μὴ

74 4448 237 4511 φέρων
263 4447 408 4516 όρᾷν
439 4446 531 4497 ἰπὶ
557 4445 813 4499 τοσοῦτον
842 4449 870 4499 ὁ
899 4448 1273 4516 ἀντικείμενος
1301 4448 1395 4518 τῆς
1444 4449 1643 4502 ἀπόνου
1676 4477 1720 4534 D

72 4539 265 4606 τρυφῆς
306 4538 410 4591 καὶ
458 4537 671 4607 διαίτης
705 4537 954 4608 έκείνης,
1002 4540 1454 4609 παρεσκευάσατο
1492 4542 1646 4610 γενέ-

74 4628 180 4680 σθαι
225 4633 323 4682 καὶ
384 4626 488 4682 τοῦ
521 4627 680 4692 Θεοῦ,
739 4629 832 4682 καὶ
878 4629 973 4682 τοῦ
1023 4631 1374 4700 παραδείσου,
1405 4633 1498 4684 καὶ⁵
1548 4632 1646 4701 τῆς

70 4721 216 4788 τιμῆς
245 4719 580 4791 ὑπερόριον,
613 4719 756 4788 δφει,
784 4720 877 4772 καὶ
906 4719 1127 4790 βρώσει,
1161 4723 1252 4775 καὶ
1282 4725 1524 4790 γυναικὶ,
1553 4724 1646 4777 καὶ

70 4807 188 4878 δόλῳ
239 4810 343 4879 τὴν
420 4808 622 4878 ἄτιμον
677 4807 825 4877 ζωὴν
883 4809 977 4862 καὶ
1024 4810 1114 4864 τὸν
1168 4810 1396 4865 θάνατον
1454 4813 1643 4867 τούτου

72 4902 552 4970 μηχανησάμενος.
593 4900 830 4963 Ἐκεῖνος
878 4901 1142 4969 καὶπρὸς
1185 4901 1274 4954 τὸν
1319 4903 1452 4956 Θεδν
1493 4906 1646 4957 ἀναι-

68 4991 288 5058 δεύεται,
348 4993 450 5044 τδν
509 4991 630 5044 Ἰὼσ
685 4990 1104 5062 ἰξαιτούμενος·
1146 4997 1174 5047 ό
1223 4994 1384 5057 αὐτὸς
1446 4998 1642 5066 μηκέτι

69 5084 258 5150 στέγων
285 5085 432 5154 opas
456 5083 557 5152 τὴν
596 5082 924 5154 Ἐκκλησίαν
949 5083 1086 5137 ὡσεὶ
1114 5086 1441 5156 παράδεισον
1474 5088 1644 5159 ὡραῖ-

67 5171 310 5244 ζομένην,
369 5176 474 5229 καὶ
513 5173 589 5242 τῷ
621 5174 805 5228 κάλλει
849 5175 957 5228 τῶν
1004 5176 1224 5229 οίκείων
1257 5178 1505 5249 καρπῶν,
1536 5180 1645 5231 τῶν

66 5266 255 5318 τέκνων
320 5265 788 5334 ἀστράπτουσαν,
836 5267 930 5320 καὶ
970 5267 1059 5320 τὸν
1109 5267 1352 5339 γεωργὸν
1402 5269 1502 5339 τὴν
1549 5271 1646 5340 τῆς

65 5357 271 5428 ἐντολῆς
327 5356 500 5421 ἀξίαν
550 5356 916 5427 συντηροῦντα
964 5358 1056 5412 καὶ
1105 5358 1203 5428 τῆς
1251 5359 1487 5426 εἰκόνος,
1548 5361 1646 5426 τάς

67 5449 440 5511 ἀποπατικάς
479 5449 570 5500 ὑπ’
603 5449 764 5501 αὑτὸν
790 5449 1048 5520 δυνάμεις
1091 5452 1643 5522 συμπαραλαμϐάνει,

67 5544 326 5608 μηχαναῖς
359 5541 526 5602 ὅσαις
564 5542 660 5593 καὶ
702 5540 1008 5610 μεθοδείαις
1039 5542 1128 5595 τὸν
1161 5543 1301 5596 κατά
1334 5543 1425 5596 τοῦ
1475 5543 1642 5597 καλοῦ

66 5629 299 5698 γεωργοῦ
328 5632 432 5682 καὶ
456 5629 714 5698 ποιμένος
743 5631 978 5692 πόλεμον
999 5632 1521 5702 ἀναῤῥιπισάμενος.
1538 5635 1646 5688 Καὶ

65 5719 218 5782 ὅπως,
241 5718 544 5773 ἀναλασὼν
573 5719 921 5791 διηγήσομαι·
952 5721 1242 5792 Σαραπίων
1263 5739 1345 5786 τις
1371 5723 1513 5776 οὕτω
1543 5742 1638 5778 κα-

65 5807 327 5881 λούμενος,
358 5813 636 5876 διακόνοις
664 5813 852 5876 τελῶν,
887 5815 980 5866 καὶ
1004 5814 1105 5867 ὑπὸ
1135 5815 1212 5886 τῷ
1244 5816 1391 5885 καλῷ
1425 5820 1639 5888 ποιμένι

129 5907 166 5937 ι’
203 5907 326 5962 Act.
362 5924 464 5968 xx.
506 5907 596 5960 90.
680 5908 722 5940 "
754 5905 885 5962 Luc.
923 5923 976 5967 κ.
1016 5907 1066 5962 7.

1760 3371 1921 3426 quam
1952 3355 2109 3407 decet
2161 3355 2386 3418 viduas;
2420 3354 2502 3406 vel
2545 3369 2604 3406 se
2661 3353 2728 3404 ad
2793 3350 3064 3405 secundas
3121 3349 3343 3418 nuptias

1759 3447 2069 3505 conferant,
2106 3457 2161 3497 ut
2192 3447 2272 3498 lex
2304 3445 2485 3496 divina
2520 3452 2736 3496 maneat
2761 3443 2931 3496 illaesa
2963 3449 3016 3497 et
3049 3442 3338 3495 inviolata.

1761 3536 1833 3590 lis
1865 3535 1958 3605 qui
1989 3543 2143 3589 crant
2179 3549 2242 3587 ex
2287 3533 2513 3603 populo,
2565 3531 2838 3586 suadebat
2880 3539 3038 3583 nocte
3070 3536 3125 3584 et
3147 3527 3233 3583 die
3261 3528 3342 3581 vi-

1756 3629 1928 3695 gilare
1988 3627 2039 3680 in
2098 3627 2354 3696 precibus
2415 3632 2469 3678 et
2517 3622 3058 3692 supplicationibus;
3117 3619 3341 3675 feminis

1754 3721 1956 3789 quibus
2015 3734 2122 3772 non
2152 3720 2278 3787 licet
2307 3719 2456 3770 foras
2493 3713 2767 3785 progredi,
2796 3713 2943 3768 domi
2979 3712 3214 3782 precari.
3252 3710 3341 3765 Di-

1753 3813 1893 3866 vitcs
1935 3811 2233 3879 apostolice
2265 3808 2617 3867 admonebat.
2651 3821 2720 3860 ne
2746 3806 2910 3859 nimis
2933 3805 3073 3859 altos
3105 3803 3338 3873 spiritus

1755 3901 2144 3969 conciperent,
2206 3913 2386 3967 neque
2457 3898 2510 3951 in
2577 3895 2804 3951 incertis
2880 3895 3342 3960 instabilibnsque

1751 4000 1804 4047 ct
1843 3990 2219 4045 dililuentibus
2259 3989 2466 4045 divitiis
2506 3988 2735 4042 omnino
2785 4000 2941 4054 spem
2983 3984 3268 4038 baberent.

1823 4082 1908 4137 Η.
1953 4082 2057 4136 Sed
2089 4082 2205 4135 ha‘c
2239 4079 2459 4151 quidem
2503 4093 2676 4149 pauca
2709 4093 2771 4133 ex
2808 4077 2993 4131 multis
3020 4075 3340 4130 volubiliter

1751 4175 2027 4231 recensuit
2058 4175 2257 4228 oratio.
2305 4171 2444 4227 Hinc
2476 4180 2658 4225 autem
2696 4171 2841 4226 aliud
2873 4169 3151 4238 quoddam
3198 4167 3341 4222 exsi-

1753 4269 1871 4330 stit,
1903 4268 1956 4320 in
1998 4282 2106 4337 quo
2147 4281 2362 4327 sunius,
2414 4263 2772 4334 principium.
2811 4261 2944 4314 Eum
2983 4259 3203 4331 quidem
3242 4258 3339 4328 qui

1753 4374 1914 4412 manu
1945 4365 1996 4411 et
2034 4357 2269 4426 imagine
2303 4355 2392 4410 Dei
2421 4355 2655 4424 primum
2679 4352 2853 4406 fuerat
2875 4351 3201 4415 honoratus,
3228 4365 3339 4404 non

1751 4448 1932 4504 ferens
1964 4448 2312 4502 adversarius
2343 4446 2526 4499 videre
2561 4445 2634 4497 ita
2671 4443 2774 4496 hui
2811 4442 2960 4495 nullo
2991 4441 3179 4494 labore
3215 4455 3332 4509 par.

1748 4541 1821 4596 tis
1847 4539 2058 4595 deliciis
2089 4549 2142 4594 et
2171 4537 2341 4598 victu.
2366 4535 2544 4590 elTecit
2573 4544 2630 4588 ut
2661 4549 2690 4587 a
2717 4531 2846 4599 Deo,
2881 4531 3137 4602 paradiso
3155 4541 3208 4585 et
3236 4531 3335 4584 ho-

1749 4646 1880 4686 nore
1904 4631 2269 4700 expelleretur
2292 4669 2306 4693 ,
2335 4613 2612 4697 serpente,
2644 4636 2700 4681 et
2732 4625 2877 4686 cibo,
2911 4635 2965 4678 et
2997 4624 3248 4688 muliere,
3278 4631 3334 4675 et

1748 4723 1896 4786 dolo,
1933 4722 2356 4791 ignominiosam
2389 4720 2553 4772 vitant
2586 4725 2640 4771 et
2683 4721 2913 4769 mortem
2964 4715 3014 4768 ei
3046 4713 3335 4767 machina-

1749 4824 1859 4868 tus.
1891 4814 1983 4868 llle
2012 4814 2176 4867 etiam
2203 4813 2470 4866 adversus
2500 4809 2668 4864 Deum
2702 4822 2760 4862 se
2795 4805 3141 4876 impudenter
3169 4807 3330 4874 gerit,

1745 4905 1846 4960 Job
1893 4906 2175 4959 incusans.
2215 4901 2359 4956 Idem
2408 4916 2516 4954 non
2554 4899 2787 4968 amplius
2823 4899 3109 4951 sustinens
3149 4896 3334 4969 videre

1748 4997 2070 5060 Ecclesiam,
2116 5009 2237 5065 qua:
2277 5001 2393 5049 erat
2447 4991 2698 5060 speciosa
2738 4991 2913 5044 instar
2957 4988 3221 5057 paradisi,
3277 4995 3332 5040 et

1745 5103 1972 5143 suorum
2013 5086 2326 5147 fructuum,
2376 5096 2572 5151 nempe
2618 5082 2852 5135 liliornm
2883 5117 2898 5141 ,
2947 5077 3330 5146 resplendebat

1747 5175 2198 5247 pulchritudine;
2249 5180 2305 5228 et
2353 5171 2676 5242 agricolam,
2729 5169 2817 5238 qui
2869 5168 2916 5225 ei
2973 5169 3224 5236 praecepti
3275 5175 3331 5220 et

1747 5268 2000 5338 imaginis
2045 5265 2407 5320 conservabat
2457 5263 2805 5332 dignitatem,
2854 5259 3154 5314 rebellibus
3205 5275 3329 5328 qua:

1749 5362 1850 5416 sub
1885 5362 2002 5429 ipso
2048 5366 2173 5412 sunt
2208 5355 2571 5424 potestatibus
2607 5369 2730 5407 cum
2768 5363 2924 5406 curat
2961 5349 3332 5419 comprehen-

1747 5451 1984 5507 dendum
2035 5451 2304 5505 machinis
2339 5461 2390 5502 et
2424 5447 2654 5508 insidiis,
2689 5446 2964 5500 suscitans
2998 5444 3196 5498 bellum
3230 5441 3328 5495 ad-

1746 5557 1939 5597 versus
1995 5542 2194 5596 bonum
2234 5540 2530 5608 agricolam
2574 5546 2626 5590 ct
2682 5544 2980 5604 pastorem.
3043 5531 3329 5598 Quomodo

1746 5644 1927 5688 autem
1955 5635 1976 5687 ?
2006 5633 2242 5687 narrabo
2283 5633 2349 5685 ab
2383 5631 2494 5684 alto
2527 5637 2801 5698 repetens.
2843 5624 3072 5691 Quidam
3107 5624 3330 5677 nomine

1750 5726 2034 5795 Serapion,
2058 5727 2148 5793 qui
2175 5734 2288 5779 erat
2312 5722 2575 5778 diaconus
2596 5719 2699 5774 sub
2726 5719 2828 5773 hoc
2852 5718 3068 5787 egregio
3089 5723 3327 5785 pastore,

1750 5818 1955 5874 invidia
1984 5816 2184 5872 diaboli
2210 5825 2263 5872 ct
2286 5814 2530 5870 mulieris
2562 5811 2801 5881 impulsu
2835 5807 3120 5878 (indicabit
3145 5811 3326 5859 autem
