4182 6440
797 401 904 464 25:3

2056 395 2329 455 LEONIS
2361 395 2818 459 PHILOSOPIH

3966 418 4083 481 ‘z‘fvﬁ

801 528 918 564 eam
953 524 1173 577 quoque
1202 509 1397 575 oratio)
1429 545 1442 566 ,
1477 523 1601 560 cum
1632 517 1772 560 esset
1802 507 2034 561 callidus
2060 519 2114 561 et
2147 508 2382 562 malitio-

2490 511 2831 580 ταττόμενος,
2866 514 3046 584 φθόνῳ
3088 514 3336 569 διαϐόλου
3387 521 3479 570 καὶ
3521 523 3773 586 γυναικὸς
3828 526 4081 594 sumpsi;

800 618 918 665 sus,
951 602 1156 672 pastori
1190 615 1319 652 vero
1356 600 1661 661 familiaris,
1706 609 1885 652 movet
1914 615 2154 663 onmem,
2193 610 2250 653 ut
2294 599 2378 651 di-

801 697 983 755 eitur,
1026 692 1281 760 lapidem,
1333 699 1391 742 ut
1441 694 1624 744 odium
1674 702 1727 743 et
1778 690 2136 745 nli'ensiunem
2185 691 2382 744 excitet

801 787 1063 839 adversus
1105 784 1353 836 divinum
1392 783 1728 850 pontificem.
1779 782 1847 835 Et
1883 783 2117 851 primum
2160 783 2380 851 quidem

803 878 902 929 hoc
935 874 1063 928 facit
1096 891 1109 927 :
1140 890 1265 928 cum
1295 873 1591 927 Severiano
1618 874 1878 943 episcopo
1909 876 2249 942 colloquens,
2288 887 2384 929 aut

797 966 1005 1035 aliquid
1039 980 1231 1017 eorum
1264 964 1474 1025 dicens,
1502 979 1627 1032 qua:
1661 966 1923 1017 dicuntur
1952 964 2229 1033 quotidie,
2274 965 2383 1018 ire-

798 1065 888 1110 tns
932 1071 993 1108 ea
1027 1070 1148 1124 quae
1193 1055 1333 1122 apud
1382 1055 1693 1124 pontiﬁcem
1730 1058 1778 1109 ei
1825 1065 1943 1108 erat
1982 1056 2178 1109 liducia
2217 1064 2272 1112 et
2304 1057 2383 1110 lo-

797 1144 1000 1214 quendi
1059 1146 1341 1208 libertate,
1401 1146 1596 1198 setleus
1640 1160 1762 1195 cum
1817 1159 1882 1197 eo
1932 1145 2253 1199 disserebat.
2316 1146 2382 1200 Ut

798 1245 978 1289 autem
1024 1239 1162 1288 solet
1217 1237 1268 1287 in
1317 1236 1403 1290 liis
1440 1235 1707 1295 accidere,
1760 1236 1998 1304 quodam
2033 1239 2121 1291 die
2159 1253 2265 1292 non
2305 1239 2383 1291 l‘c-

801 1344 928 1382 rens
960 1329 1201 1382 dedecus
1244 1328 1607 1389 Severianus,
1642 1341 1799 1381 suam
1828 1328 2114 1381 attendens
2144 1328 2384 1397 dignita-

798 1430 905 1473 tem
942 1431 993 1472 rt
1023 1420 1245 1487 gradum
1279 1418 1516 1481 diaconi,
1550 1417 1751 1471 dicitur
1781 1419 2074 1487 aliquando
2102 1418 2211 1473 tale
2250 1420 2381 1488 quid

796 1512 1006 1564 dixisse
1046 1526 1057 1559 :
1102 1510 1155 1560 Si
1195 1509 1460 1576 Serapion
1490 1517 1739 1562 mortuus
1793 1508 1955 1560 fuerit
1998 1508 2378 1570 Christianus,

799 1605 1053 1655 Christus
1098 1617 1202 1653 nun
1244 1599 1340 1652 fuit
1383 1601 1563 1652 homo.
1591 1599 1711 1651 lloc
1744 1614 1866 1651 cum
1897 1597 2198 1653 audivisset
2228 1598 2381 1651 vider

798 1695 887 1746 ille
916 1701 970 1746 et
999 1696 1157 1760 plane
1194 1693 1369 1744 factus
1396 1691 1461 1743 ad
1516 1690 1804 1754 malitiam,
1843 1707 1966 1743 cum
1999 1691 2203 1745 dictum
2241 1691 2381 1743 divi-

794 1789 977 1849 sisset,
1015 1786 1154 1854 apud
1189 1792 1434 1837 sanctum
1494 1794 1718 1837 accusat
1748 1784 2130 1847 Severianmn,
2160 1793 2219 1837 ut
2258 1785 2379 1853 ejus

795 1893 851 1933 ct
880 1879 1080 1934 Christi
1136 1877 1455 1941 inimicum,
1490 1887 1548 1931 ut
1577 1879 1667 1946 qui
1710 1878 1959 1940 dixisset,
1991 1878 2244 1931 Christus
2274 1895 2378 1931 non

797 1972 899 2023 l'uit
931 1971 1114 2029 homo,
1145 1985 1173 2021 ο
1220 1984 1319 2022 sua
1356 1980 1575 2022 caterva
1616 1970 1779 2038 hujus
1810 1970 1942 2022 dicti
1982 1977 2151 2024 testes
2182 1971 2382 2037 produ-

795 2079 950 2115 t-ens.
1009 2062 1151 2125 Quid
1211 2076 1342 2128 ergo
1390 2061 1679 2129 oportebat
1730 2061 1909 2115 facere
1955 2063 2185 2115 zelotem
2230 2063 2379 2115 illum

796 2152 991 2213 Eliam,
1026 2167 1059 2203 o
1098 2166 1192 2219 per
1230 2152 1403 2219 ipsam
1430 2150 1701 2218 justitiam
1736 2151 1758 2203 τ
1793 2152 1985 2220 (detur
2012 2155 2156 2205 enim
2194 2155 2272 2206 sit:
2302 2170 2383 2205 ιιι-

798 2255 879 2297 ter
924 2243 1112 2296 laudt-s
1168 2242 1375 2307 dicere)
1417 2242 1696 2297 dimittere
1743 2243 1794 2295 id
1844 2245 1989 2311 quod
2042 2244 2147 2296 sibi
2206 2244 2383 2296 fuerat

796 2336 1174 2390 renuntiatum
1208 2334 1230 2386 ?
1278 2349 1387 2385 non
1430 2333 1653 2385 credere
1685 2348 1745 2386 ea
1778 2349 1897 2402 quae
1930 2334 2076 2387 dicta
2107 2333 2322 2387 fuerant
2353 2350 2382 2386 a

803 2428 1082 2482 testibus?
1139 2426 1327 2495 procul
1361 2425 1659 2478 amandare
1692 2441 1787 2479 eos
1828 2426 1921 2495 qui
1953 2426 2257 2495 loquuntur
2290 2441 2384 2494 pro

797 2519 1068 2574 Christo?
1123 2520 1185 2572 lit
1233 2518 1357 2587 quis
1406 2533 1512 2571 non
1560 2533 1705 2587 aegre
1736 2518 1975 2582 tulisst-t,
2005 2530 2059 2571 et
2092 2518 2387 2586 reprehen—

796 2614 972 2668 disset
1029 2611 1377 2679 pontilicem,
1438 2624 1561 2663 cum
1628 2609 1861 2663 callidus
1907 2612 2100 2661 horum
2165 2607 2383 2672 artifex,

794 2704 1010 2757 etiamsi
1050 2712 1181 2755 tunc
1227 2702 1575 2769 ignoraretur
1630 2699 1859 2764 malitia,
1906 2708 2198 2768 propterea
2238 2701 2384 2768 quod

795 2802 955 2847 actus
988 2799 1136 2847 esset
1171 2806 1488 2860 perversus.
1528 2790 1870 2844 clamaturus
1926 2800 2074 2844 esset
2116 2789 2386 2845 adversus

789 2884 1035 2955 judicent
1059 2893 1113 2937 et
1138 2883 1457 2953 pastorem?
1487 2882 1580 2937 sed
1603 2882 1738 2935 sicut
1773 2881 2157 2949 audio,judico
2189 2882 2257 2942 “,
2298 2881 2386 2933 iu-

793 2975 910 3044 quit
939 2973 1212 3034 Christus,
1238 2988 1364 3025 cum
1393 2972 1575 3026 adhuc
1603 2971 1821 3025 essetin
1853 2971 1953 3024 hac
1976 2970 2083 3024 vita
2108 2978 2161 3023 et
2189 2984 2374 3022 carne.

792 3067 963 3135 Cujus
996 3064 1317 3132 discipulus,
1338 3062 1542 3130 justam
1577 3063 1657 3117 sic
1692 3061 1871 3115 ferens
1898 3061 2249 3122 sententiam,
2275 3059 2389 3112 eci-

2486 600 2667 670 (δείξει
2704 602 2761 654 δὲ
2810 605 2902 654 καὶ
2930 605 3133 673 ταύτην
3177 606 3205 655 6
3252 606 3430 673 λόγος)
3452 608 3620 670 δεινὸς
3647 609 3721 662 ὢν
3764 612 3859 663 καὶ
3900 615 4081 682 σοφὸς

2483 695 2561 754 εἰς
2587 694 2807 757 κακίαν,
2838 697 3037 757 οἰκεῖος
3070 696 3125 748 δὲ
3154 697 3231 765 τῷ
3258 699 3501 767 ποιμένι,
3528 702 3705 755 πάντα
3736 704 3903 768 λίθον,
3937 707 3970 758 δ
4007 707 4079 774 δὴ

2483 781 2718 849 λέγεται,
2750 788 2912 845 κινεῖ,
2948 786 3140 854 μίσους
3164 786 3336 852 λαϐὰς
3369 788 3465 841 κα)⁵
3491 792 3806 846 σκανδάλων
3829 796 3905 865 τῷ
3933 795 4083 865 θείῳ

2483 874 2763 943 ἀνεγεῖραι
2813 878 3083 947 ἀρχιερεῖ.
3138 881 3247 931 Καὶ
3295 882 3510 950 πρῶτον
3564 884 3665 951 μὲν
3710 886 3957 941 τοιοῦτόν
4018 903 4080 940 τι

2482 966 2615 1035 δρᾷ’
2649 969 2963 1038 Σευηριανῷ
3005 972 3084 1039 τῷ
3122 971 3407 1025 ἐπισκόπω
3445 978 3813 1045 προσομιλῶν,
3881 983 3914 1049 ἡ
3958 997 4079 1033 -τινι

2482 1058 2590 1111 τῶν
2619 1062 2794 1114 ἄλλων
2817 1063 2936 1114 ὅσαι
2966 1064 3177 1133 ἡμέραι
3204 1064 3606 1136 διαλεγόμενος,
3641 1069 3802 1137 δῆθεν
3828 1075 3895 1143 τῇ
3928 1074 4081 1143 πρὸς

2482 1151 2572 1202 τὸν
2611 1153 2872 1223 ἀρχιερέα
2912 1153 3135 1223 θαρρῶν
3172 1158 3479 1227 παρρησίᾳ,
3520 1160 3883 1231 καθεζόμενος
3912 1164 4082 1230 αὐτῷ

2482 1239 2777 1306 διελέγετο.
2826 1237 2925 1295 υἷα
2968 1244 3025 1294 δὲ
3084 1242 3232 1311 φιλεῖ
3281 1248 3339 1297 ἐν
3386 1250 3497 1309 τοῖς
3545 1249 3826 1316 τοιούτοις,
3867 1251 3926 1302 ἐν
3971 1254 4082 1320 μιᾷ

2485 1349 2614 1384 ποτε
2648 1334 2722 1403 μὴ
2774 1334 3011 1402 ἐνεγκὼν
3044 1334 3111 1388 τά
3139 1336 3238 1405 τῆς
3288 1338 3512 1405 ἀτιμίας
3549 1341 3577 1391 6
3624 1342 3951 1413 Σευηριανὸς
4002 1346 4078 1411 τῇ

2485 1422 2681 1474 ἑαυτοῦ
2727 1423 2855 1494 ἀξίᾳ
2888 1424 3164 1494 προσχὼν,
3195 1425 3290 1477 καὶ
3334 1425 3411 1494 τῷ
3441 1427 3535 1479 τοῦ
3565 1427 3810 1482 διακόνου
3846 1430 4078 1501 βαθμῷ,

2484 1514 2700 1578 λέγεταί
2728 1518 2856 1569 ποτέ
2884 1535 2937 1570 τι
2984 1517 3223 1570 τοιοῦτον
3258 1521 3431 1570 εἰπεῖν
3456 1536 3469 1551 ο
3505 1521 3567 1573 Et
3602 1522 3894 1590 Σαραπίων
3930 1524 4080 1593 Χρι-

2485 1608 2701 1669 στιανὸς
2746 1609 3016 1679 ἀποθάνῃ,
3049 1609 3284 1677 Χριστλς
3311 1611 3410 1662 οὐκ
3454 1612 3864 1684 ὲνηνθρὼπησε.
3894 1615 4080 1667 Τοῦτο

2483 1699 2725 1761 ἀκούσας
2757 1701 2785 1751 6
2814 1701 2985 1763 δεινὸς
3011 1701 3236 1765 ἐκεῖνος,
3274 1703 3367 1754 καὶ
3398 1703 3563 1767 πολὺς
3594 1708 3675 1769 είς
3703 1707 3925 1771 κακίαν,
3954 1707 4081 1759 δια-

2484 1791 2668 1859 τεμὼν
2707 1792 2765 1845 τὸ
2793 1792 2884 1846 τοῦ
2911 1792 3097 1856 ἔπους,
3130 1794 3405 1847 διαϐάλλει
3434 1795 3761 1865 Σευηριανὸν
3786 1798 3865 1868 τῷ
3900 1799 4077 1868 ἁγίῳ.

2486 1882 2678 1951 ἐχθρόν
2702 1901 2760 1935 τε
2787 1884 2914 1936 δντα
2947 1884 3113 1937 αὑτοῦ
3146 1886 3239 1937 καὶ
3261 1886 3518 1954 Χριστοῦ,
3552 1886 3626 1949 ὼς
3649 1889 3895 1951 είποντα,
3924 1892 4078 1958 Ἄρα

2485 1975 2717 2043 Χριστὸς
2747 1976 2846 2027 οὐκ
2879 1974 3294 2045 ὲνηνθρώπησε,
3323 1977 3606 2045 μάρτυρας
3645 1978 3735 2029 τοῦ
3771 1978 3939 2041 ἔπους
3971 1981 4077 2032 τοῦ

2489 2064 2703 2132 στίφους
2754 2065 2948 2116 ἑαυτοῦ
2992 2065 3447 2135 προϐαλλόμενος.
3475 2067 3540 2118 Τί
3583 2069 3673 2120 οῦν
3704 2069 3807 2121 ἔδει
3839 2070 4078 2139 ποιῆσαι

2485 2155 2574 2206 τὶν
2606 2156 2852 2225 ζηλωτὴν
2879 2156 3085 2208 δκεϊνον
3128 2155 3334 2221 Ἠλίαν,
3358 2158 3403 2209 ὢ
3436 2158 3567 2227 πρὸς
3595 2159 3692 2225 τῆς
3716 2160 4039 2229 δικαιοσύνη
4049 2180 4079 2223 ς

2487 2246 2655 2313 αὐτῆς
2687 2236 2943 2311 (δεδόσθω
2975 2244 3084 2313 γὰρ
3121 2244 3292 2307 οὕτως
3327 2248 3501 2298 είπεῖν
3533 2247 3735 2317 μεταξὺ
3764 2249 3874 2301 τῶν
3905 2252 4079 2301 ἐπαί-

2486 2340 2613 2402 νων)
2635 2352 2648 2397 ;
2678 2336 2941 2405 μεθῆνσαι
2961 2334 3078 2404 (sic)
3099 2335 3175 2405 τῷ
3192 2336 3572 2405 ἀπαγγέλματι
3591 2356 3604 2402 ;
3624 2339 3985 2409 διαπιστῆσαι
4007 2342 4080 2394 τὰ

2490 2430 2944 2499 μαρτυρούμενα;
2997 2429 3185 2499 πόρρω
3240 2430 3365 2491 τοὺς
3417 2430 3577 2499 δῆθεν
3632 2434 3770 2501 ὑπὲρ
3824 2434 4080 2503 Χριστοῦ

2487 2518 2782 2581 λαλοῦντας
2828 2521 3461 2590 ἁποδιαπομπήσασθαι;
3500 2524 3593 2575 καὶ
3623 2525 3705 2586 τίς
3739 2526 3805 2577 ἂν
3832 2526 3937 2578 οὐκ
3976 2528 4081 2579 ἐπ-

2487 2611 2808 2678 εστύγνασε,
2870 2613 2964 2664 καὶ
3012 2613 3405 2681 κατεμέμψατο
3446 2612 3539 2666 τοῦ
3590 2616 3917 2686 ἀρχιερέως,
3974 2620 4080 2670 τοῦ

2487 2702 2657 2754 δεινοῦ
2690 2702 2947 2771 σοφιστοῦ
2987 2703 3094 2755 τῶν
3121 2704 3395 2768 τοιούτων,
3419 2707 3521 2759 κᾶν
3548 2709 3683 2770 τέως
3720 2708 3971 2777 ἠγνοεῖτο
4007 2714 4081 2764 τά

2489 2796 2587 2864 τῆς
2614 2797 2809 2858 κακίας
2835 2796 2915 2866 τῷ
2953 2797 3295 2866 ἀντιστρόφῳ
3326 2797 3421 2851 τοῦ
3461 2799 3758 2867 δράματος,
3790 2803 4080 2870 καταϐοή-

2493 2902 2684 2949 σαντος
2725 2888 2820 2940 τοῦ
2852 2888 3040 2958 κριτοῦ
3078 2891 3173 2940 καὶ
3209 2890 3466 2957 ποιμένος
3489 2906 3503 2955 ;
3530 2891 3676 2960 Πλὴν
3705 2889 3819 2953 οὖν,
3862 2894 4076 2958 καθὼς

2488 2981 2709 3040 ἀκούω,
2741 2980 2943 3046 κρίνω,
2980 2982 3115 3048 φησι
3158 2979 3237 3048 τῷ
3277 2979 3376 3048 βίῳ
3412 2981 3707 3049 τούτῳκαὶ
3740 2982 3818 3050 τῷ
3852 2986 4080 3053 σαρκξῳ

2491 3070 2568 3121 ἔτι
2602 3069 2792 3138 παρὼν
2823 3070 2851 3121 6
2877 3071 3111 3139 Χριστός
3131 3085 3145 3102 ⁸
3176 3065 3237 3124 οὗ
3263 3072 3291 3122 ό
3320 3070 3567 3140 μαθητὴς
3597 3072 3693 3141 τὴν
3724 3072 3908 3141 κρίσιν
3934 3076 4083 3127 ενδι-

796 3157 963 3208 vitate
988 3153 1206 3221 expellit
1236 3150 1617 3212 Severianum,
1648 3158 1707 3204 ut
1749 3150 1842 3218 qui
1874 3148 2385 3217 blaspltemavisset.

2493 3180 2586 3215 κον
2624 3162 2821 3214 οὑτωσὶ
2854 3163 3256 3231 ποιησάμενος,
3297 3163 3456 3233 ὲξελᾷ
3484 3163 3586 3232 τῆς
3637 3166 3841 3228 πόλεως
3894 3167 4078 3235 Σευη-

793 3249 968 3312 Quetu
996 3260 1141 3306 cum,
1176 3258 1297 3313 quae
1329 3251 1461 3296 tunc
1491 3242 1796 3312 imperabat
1833 3242 2173 3309 (eratantem
2208 3237 2389 3291 Eudo-

798 3337 937 3402 χιιι),
960 3336 1071 3388 haec
1087 3334 1384 3388 audivisset
1408 3348 1529 3387 esse
1548 3346 1793 3400 passum.
1816 3332 2009 3385 tollens
2028 3331 2194 3383 lilium
2216 3329 2387 3383 Theo-

795 3427 1014 3481 dosium
1035 3426 1189 3493 plane
1207 3421 1685 3482 adhucinlantem,
1715 3436 1838 3474 eum
1870 3420 2022 3488 ponit
2050 3428 2175 3473 ante
2209 3420 2385 3473 sancti

799 3519 986 3588 pedes,
1047 3528 1101 3571 et
1147 3516 1397 3585 plurimis
1447 3515 1641 3568 adacto
1693 3514 2051 3567 sacramentis
2096 3513 2391 3581 persuadet

800 3609 1074 3681 pontiﬁci,
1113 3618 1166 3661 ιιι
1201 3622 1325 3660 cum
1358 3605 1653 3660 Severiano
1686 3606 1832 3657 ineat
1862 3604 2184 3657 amicitiam.
2224 3604 2390 3657 Seve-

808 3704 1001 3755 rianus
1028 3716 1157 3754 vero
1178 3699 1472 3752 amicitiam
1500 3697 1719 3766 quidem
1752 3698 1996 3757 simulat,
2026 3695 2259 3747 bt'lluatu
2292 3712 2389 3746 au-

804 3806 912 3847 tem
950 3792 1361 3846 inimicitiarum
1403 3791 1524 3858 agni
1567 3789 1705 3857 pelle
1740 3788 2002 3853 contegit,
2034 3796 2088 3838 et
2120 3787 2387 3840 adversus

808 3893 1083 3954 pastorem
1111 3881 1253 3935 facta
1295 3881 1725 3949 conspiratione,
1754 3894 1863 3932 non
1894 3878 2036 3931 leves
2058 3876 2199 3945 apud
2220 3891 2391 3946 popu-

804 3981 915 4031 lum
946 3975 1208 4045 dispergit
1229 3974 1559 4031 calumuias,
1585 3973 1652 4025 de
1680 3971 1924 4024 omnium
1955 3984 2142 4022 amore
2171 3971 2224 4022 in
2251 3985 2385 4037 pou-

803 4069 1005 4121 tillccm
1065 4066 1298 4119 moliens
1345 4065 1642 4133 plurimum
1709 4061 2015 4115 detrahere.
2068 4060 2160 4113 Ille
2206 4070 2388 4113 autetn

802 4160 1107 4214 calumnias
1134 4157 1376 4225 quidem,
1406 4170 1529 4223 quae
1554 4158 1605 4206 in
1638 4169 1763 4206 eum
1794 4152 2168 4214 struebantur,
2197 4166 2386 4220 parum

803 4261 896 4305 aut
945 4251 1079 4303 nihil
1116 4250 1341 4303 omnino
1381 4248 1607 4300 curabat
1641 4262 1655 4310 ;
1700 4245 1843 4298 fama
1876 4258 2007 4298 vero
2063 4258 2175 4296 suae
2208 4243 2262 4295 in
2305 4242 2388 4296 di-

799 4346 972 4399 cendo
1009 4343 1193 4411 gloriae
1237 4350 1291 4396 et
1343 4342 1570 4394 alterius
1628 4339 1902 4398 utilitatis,
1977 4335 2262 4396 elﬁciebat,
2326 4342 2385 4388 ut

2495 3253 2698 3325 ριανδν,
2741 3252 2815 3314 ὡς
2844 3252 3007 3321 δῆθεν
3036 3252 3522 3323 βλασφημήσαντα.
3560 3256 3655 3308 Ὃν
3698 3258 3730 3326 ἡ
3768 3258 4082 3326 τηνικαῦτα

2494 3345 2768 3414 κρατοῦσα
2823 3345 3069 3417 (Εύδοξία
3108 3346 3164 3396 δὲ
3210 3342 3324 3415 ἦν),
3354 3346 3646 3413 διαγνοῦσα
3687 3350 3915 3402 τοιαῦτα
3972 3366 4083 3403 πα-

2494 3436 2674 3498 θόντα,
2724 3437 2973 3505 ἀραμένη
3017 3436 3106 3487 τὸν
3141 3436 3255 3488 υίδν
3299 3436 3578 3489 Θεοδόσιον
3625 3440 3818 3510 κομιδῇ
3873 3444 4083 3511 νηπιά-

2494 3528 2674 3591 ζοντα,
2699 3526 2794 3580 τοῦ
2836 3528 2988 3593 ἁγίου
3034 3530 3145 3587 τοῖς
3176 3528 3362 3594 γόνασι
3400 3526 3593 3598 τίθησι,
3630 3532 3723 3581 καὶ
3754 3532 3943 3601 ὅρκοις
3992 3535 4081 3586 ὅτι

2495 3619 2769 3681 πλείστοις
2801 3618 2977 3671 πείθει
3023 3618 3115 3670 τὸν
3140 3619 3399 3690 ἀρχιερέα
3433 3619 3680 3688 φιλιάσαι
3724 3623 3857 3692 πρὸς
3896 3624 4083 3692 Σευη-

2498 3708 2701 3777 ριανόν.
2746 3707 2802 3758 '0
2837 3707 2893 3760 δὲ
2935 3708 3263 3776 Σευηριανὸς
3307 3707 3405 3778 τὴν
3457 3710 3555 3777 μὲν
3594 3710 3775 3778 φιλίαν
3811 3712 4083 3785 ὑποκορί-

2497 3800 2667 3864 ζεται,
2702 3801 2761 3852 τὸ
2789 3801 2844 3853 δὲ
2878 3801 3065 3871 θηρίον
3093 3803 3192 3870 τῆς
3227 3802 3426 3872 ἔχθρας
3465 3802 3556 3855 τοῦ
3588 3804 3758 3871 ἀμνοῦ
3784 3804 3862 3875 τῷ
3893 3809 4086 3876 κωδίῳ

2497 3891 2892 3962 περικαλύπτει
2920 3909 2932 3922 ⁸
2965 3894 3060 3946 καὶ
3093 3893 3325 3963 φατρίαν
3361 3896 3770 3963 συστησάμενος
3812 3898 3956 3948 κατὰ
3978 3900 4085 3949 τοῦ

2499 3982 2774 4050 ποιμένος,
2809 3982 2869 4034 ού
2902 3981 2998 4044 τὰς
3025 3981 3294 4051 τυχούσας
3318 3982 3570 4044 διαϐολὰς
3599 3984 3675 4052 τῷ
3716 3983 3871 4053 δήμῳ
3910 3986 4087 4051 ἔγκα-

2492 4071 2815 4141 τασπείρει,
2860 4072 2957 4139 τῆς
3015 4072 3151 4141 πρὸς
3196 4072 3285 4124 τὸν
3339 4073 3601 4142 ἀρχιερέα
3646 4074 3797 4141 παρὰ
3850 4075 4086 4127 πάντων

2496 4166 2716 4233 ἀγάπης
2748 4162 2809 4214 τὸ
2844 4162 3007 4213 πλέον
3044 4162 3370 4231 ὐποτέμνειν
3402 4163 3882 4232 ὲκμηχανώμενος.
3927 4166 3988 4217 ’0
4024 4164 4087 4215 δὲ

2494 4253 2604 4304 τῶν
2632 4253 2729 4321 μὲν
2758 4253 2878 4304 κατ’
2907 4248 3075 4302 αὐτοῦ
3103 4250 3367 4302 διαϐολῶν
3391 4253 3561 4319 μικρά
3583 4251 3689 4302 οὐδ’
3719 4252 3852 4313 ὅλως
3877 4254 4087 4321 ἐφρόν-

2492 4344 2604 4406 τιζε
2624 4357 2638 4372 ο
2665 4343 2731 4410 τῇ
2778 4340 2834 4393 δὲ
2883 4342 3009 4410 περὶ
3041 4338 3202 4391 αὐτὸν
3234 4339 3391 4408 φήμῃ
3422 4339 3523 4407 τῆς
3559 4339 3652 4391 τοῦ
3701 4339 3857 4406 λόγου
3910 4341 4084 4411 δόξης

803 4443 930 4488 tota:
956 4435 1206 4485 civitates
1236 4442 1289 4485 et
1315 4432 1507 4485 insula:
1524 4430 1858 4484 conlluereut
1888 4439 1942 4482 et
2001 4427 2378 4482 convenirent.

2494 4435 2584 4484 καὶ
2632 4433 2728 4500 τῆς
2772 4429 2937 4499 ἄλλης
2987 4428 3274 4494 ὡφελείας,
3328 4426 3513 4489 πόλεις
3543 4428 3669 4489 ὅλας
3716 4429 3811 4480 καὶ
3869 4432 4085 4499 νήσους

801 4526 936 4580 Nam
978 4541 1077 4580 nec
1114 4524 1299 4579 Romae
1328 4522 1548 4593 quidem
1597 4536 1825 4590 magnus
1875 4521 2166 4588 episcOpus
2226 4516 2386 4570 Inno-

805 4617 1039 4678 centius,
1080 4625 1200 4671 erat
1243 4618 1512 4669 bonorum
1554 4612 1674 4680 ejus
1718 4613 1939 4678 ignarus
1976 4627 1990 4675 ;
2037 4609 2129 4662 sed
2164 4624 2286 4660 eum
2333 4609 2386 4660 in

809 4726 1005 4780 magna
1046 4710 1283 4763 habebat
1326 4705 1729 4761 existimatione
1760 4703 1825 4756 ad
1859 4717 1981 4755 cum
2023 4700 2271 4753 scribens
2304 4699 2389 4750 lit-

808 4810 954 4856 teras
984 4810 1039 4855 et
1071 4800 1309 4854 vicissim
1349 4798 1644 4867 accipiens.

878 5006 964 5060 15.
996 5002 1131 5057 Volo
1161 5001 1437 5072 paululum
1462 4999 1742 5054 immorari
1773 4997 2086 5066 injucunda
2115 4997 2387 5047 narratio—

808 5113 897 5163 ne,
944 5098 1218 5166 quomodo
1266 5094 1487 5153 Paulus,
1537 5091 1629 5161 qui
1662 5098 1746 5144 est
1771 5099 1825 5142 et
1856 5098 2033 5157 mysta
2062 5095 2115 5140 et
2143 5086 2391 5140 eruditur

810 5202 1136 5244 arcanorum
1185 5185 1594 5256 mysteriorum,
1633 5181 1946 5253 pontiﬁcem
1990 5178 2291 5233 initiaverit
2338 5177 2392 5229 in

814 5279 1112 5349 mysteriis.
1144 5277 1280 5331 Cum
1309 5276 1522 5329 divinas
1555 5274 1676 5341 ejus
1703 5272 1966 5339 epistolas
2002 5285 2188 5324 earum
2225 5268 2394 5323 inter-

813 5384 936 5439 pres
957 5377 1009 5422 et
1034 5366 1313 5435 expositor
1338 5371 1700 5433 percurreret,
1728 5371 1866 5421 erat,
1893 5367 1951 5413 ut
1968 5368 2052 5414 est
2076 5357 2394 5422 verisimile,

812 5459 977 5515 dubia
1008 5468 1062 5512 et
1108 5471 1373 5527 suspensa
1404 5453 1732 5526 cogitatione
1756 5492 1771 5516 ,
1810 5452 2000 5506 dicens
2030 5468 2043 5504 :
2092 5450 2227 5516 Quis
2267 5450 2393 5511 scit,

813 5570 878 5605 an
900 5551 1011 5604 Deo
1028 5558 1181 5620 grata
1202 5562 1318 5602 mea
1338 5547 1408 5601 sit
1424 5542 1840 5615 interpretatio?
1865 5543 1987 5597 Haec
2020 5544 2290 5612 cogitans,
2312 5556 2400 5593 ro-

816 5646 974 5714 gabat
994 5642 1136 5696 utde
1153 5654 1215 5695 ea
1246 5655 1302 5693 re
1324 5653 1353 5691 a
1376 5638 1484 5693 Deo
1511 5638 1663 5691 ﬂeret
1680 5637 1901 5699 certior,
1928 5634 2071 5703 quod
2101 5634 2263 5688 etiam
2293 5631 2399 5684 cito

814 5735 920 5789 hoc
952 5733 1114 5786 modo
1146 5732 1348 5784 factum
1389 5742 1468 5783 est
1496 5727 1728 5795 Quidam
1761 5743 1824 5781 ex
1858 5727 1925 5779 iis
1958 5726 2049 5794 qui
2086 5723 2399 5791 imperatori

816 5832 974 5882 erant
1031 5822 1491 5889 familiarissimi,
1553 5817 1776 5873 offendit
1831 5820 2258 5885 imperatorem,
2292 5813 2384 5880 qui

897 5915 940 5948 ’δ
974 5913 1140 5970 Joan.
1171 5930 1221 5981 v,
1251 5914 1318 5965 50

2494 4525 2794 4591 συνεισρεῖν
2825 4522 2999 4572 ἐποίει
3027 4518 3123 4571 καὶ.
3154 4519 3624 4589 συνεισέρχεσθαι.
3659 4521 3793 4572 Οὐδὲ
3826 4522 3935 4589 γὰρ
3966 4524 4085 4573 οὐδ’

2490 4621 2519 4669 6
2566 4614 2788 4684 Ῥώμης
2853 4612 3029 4681 μέγας
3083 4610 3422 4672 Ίννοκέντιος
3480 4611 3707 4679 ἄμοιρος
3766 4612 3875 4662 τῶν
3948 4617 4085 4665 τού-

2491 4728 2582 4764 του
2646 4706 2863 4765 καλῶν,
2924 4704 3037 4756 ἀλλ’
3107 4704 3164 4754 ἐν
3230 4702 3441 4773 μεγάλῃ
3517 4702 3681 4771 μοίρᾳ
3751 4703 3850 4771 τὴν
3904 4703 4084 4756 αὑτοῦ

2493 4798 2760 4868 ἀποδοχὴν
2811 4798 3067 4855 ἐποιεῖτο,
3106 4795 3334 4862 γράφων
3395 4793 3545 4863 αὐτῷ
3595 4795 3687 4845 καὶ
3740 4794 4086 4863 ἀντιγραφά-

2548 4907 2683 4951 ενος.

2548 4910 2683 4941 ενον.

2502 4910 2540 4960 μ
2570 4922 2659 5029 te:
2696 4973 2963 5044 Βούλομαι
2997 4972 3055 5024 δὲ
3091 4970 3286 5040 μικρὸν
3326 4971 3599 5039 ἐπισχεῖν,
3622 4969 3719 5022 τοῦ
3748 4970 3954 5038 μύστου
3981 4972 4085 5023 καὶ

2498 5069 2815 5140 μυστηρίων
2843 5067 2950 5118 τῶν
2980 5064 3237 5134 ἀρρήτων
3268 5061 3480 5113 Παύλου
3513 5064 3577 5131 τῇ
3625 5062 3756 5131 πρὸς
3794 5062 3886 5113 τὸν
3940 5063 4083 5131 ἀρχ-

2499 5162 2647 5231 ιερέα
2697 5161 2895 5230 μυήσει
2944 5156 3022 5224 τῷ
3051 5155 3197 5223 λόγῳ
3229 5153 3683 5223 κατατρυφήσων.
3730 5152 3933 5203 Τούτου
3979 5156 4085 5213 τὰς

2498 5252 2645 5313 θείας
2691 5248 2978 5307 ἐπιστολὰς
3023 5246 3051 5295 6
3096 5242 3302 5296 τούτων
3352 5243 3624 5311 ἑρμηνεὺς
3663 5244 3753 5294 καὶ
3802 5242 4083 5312 ἐξηγητὴς

2497 5343 2865 5413 διερχόμενος,
2898 5340 2971 5403 ὡς
3002 5339 3169 5400 εἰκὸς,
3220 5335 3564 5399 ἑταλάντευε,
3601 5326 3657 5386 λ’ἐ
3674 5350 3774 5400 (ων
3795 5349 3807 5361 ⁸
3839 5334 3936 5395 Τίς
3970 5337 4084 5401 ἄρα

2498 5434 2656 5501 οἶδεν,
2690 5436 2738 5486 εἰ
2766 5434 2971 5503 ἀρεστὰ
3000 5430 3078 5499 τῷ
3107 5430 3225 5499 Θεῷ
3264 5429 3365 5498 τῆς
3399 5427 3541 5497 ὲμῆς
3587 5426 3928 5497 ἐρμηνείαςς
3966 5426 4084 5479 Καὶ

2498 5525 2670 5578 ταῦτα
2702 5522 3082 5590 διανοούμενος
3126 5518 3297 5571 ἐδεῖτο
3339 5517 3490 5577 θείας
3531 5515 3675 5575 τινὸς
3708 5512 3840 5583 περὶ
3882 5514 4081 5565 τούτου

2502 5617 2877 5688 πληροφορίας
2897 5631 2911 5645 ·
2947 5617 3013 5685 ἢν
3042 5614 3106 5681 δὴ
3150 5611 3241 5664 καὶ
3270 5609 3540 5678 λαμϐάνει
3569 5608 3774 5675 ταχέως
3803 5606 3957 5657 τόνδε
3990 5608 4085 5657 τὸν

2502 5713 2719 5783 τρόπον·
2772 5708 2890 5760 ἰ’ὦν
2935 5705 3285 5758 οἰκειοτάτων
3326 5719 3409 5763 τις
3459 5699 3554 5752 τοῦ
3606 5698 3871 5767 βασιλέως
3905 5715 4084 5765 προσ-

2495 5805 2682 5877 κρούει
2712 5802 2787 5872 τῷ
2814 5799 3039 5871 βασιλεῖ,
3067 5798 3161 5851 καὶ
3192 5797 3420 5850 θάνατον
3455 5792 3760 5847 ἀπειλεῖται
3783 5807 3798 5823 °
3839 5792 3937 5845 καὶ
3962 5795 4082 5844 δια-
