4182 6440
123 383 210 444 Ξόἶ

126 588 235 639 σθαι
264 587 462 646 νυκτὸς
493 583 630 650 πρὸς
663 579 845 638 αὑτὸν,
869 577 958 628 δια
987 574 1078 624 τὸν
1106 572 1270 640 φόϐον
1287 568 1382 622 τοῦ
1408 569 1690 637 βασιλέως,

123 681 205 732 καὶ
233 674 578 742 ἀπαγγεῖλαι
606 672 674 724 τὰ
699 672 818 724 κατ’
839 666 1022 721 αὐτόν·
1042 658 1124 726 οἷς
1142 662 1443 730 εὐδοκήσας
1465 663 1491 713 ό
1514 662 1690 725 ἅγιος,

122 773 197 824 διὰ
233 770 484 839 Πρόκλου
515 767 706 820 τοῦτον
734 763 906 815 ἐλθεῖν
932 758 1304 826 ὲγκελεύεται.
1344 755 1405 806 'H
1433 755 1526 818 νὺξ
1557 769 1696 822 παρ-

125 866 195 931 ἦν,
235 863 539 930 συμπαρῆν
571 860 626 912 δὲ
660 860 688 910 ὁ
738 858 920 922 ἱκέτης
945 895 959 917 ,
1006 852 1136 920 περὶ
1186 850 1284 917 τὴν
1326 847 1631 915 ὑπόμνησιν
1670 848 1698 898 6

126 957 358 1024 Πρόκλος
388 954 759 1020 ἀπολογεῖται.
796 945 929 1002 Εἶτα
969 945 1296 1017 περισκοπεῖ
1321 942 1537 1012 πρῶτον
1559 940 1696 1007 ὀπῆς

124 1049 200 1100 διά
233 1064 402 1109 τινος,
436 1048 530 1098 καὶ
568 1045 671 1114 ὁρᾷ.
712 1042 800 1094 τὸν
835 1038 1098 1110 ἀρχιερέα
1130 1037 1269 1089 κατὰ
1301 1037 1361 1087 τὸ
1391 1033 1582 1093 εἰωθὸς
1615 1034 1699 1084 ὲν-

126 1140 507 1207 θρονιςόμενον
529 1138 835 1206 γράφοντα,
869 1135 935 1185 τὰ
966 1132 1020 1183 δὲ
1055 1127 1122 1198 ἦν
1153 1132 1184 1198 ἡ
1218 1129 1326 1180 τῶν
1356 1127 1517 1179 θείων
1553 1126 1699 1176 Ἐπι-

129 1233 322 1281 στολῶν
358 1230 649 1298 ἑρμηνεία.
687 1229 818 1307 Τότε
868 1221 960 1278 οὖν
1005 1224 1090 1290 δὴ,
1151 1226 1270 1275 τότε
1320 1220 1412 1273 τοῦ
1466 1216 1697 1286 φοϐεροῦ

125 1325 327 1375 ἐκείνου
365 1321 614 1385 ἀξιοῦται
647 1320 940 1388 θεάματος.
987 1317 1120 1388 Ὁρᾷ
1147 1319 1251 1384 γαρ
1277 1318 1304 1368 ὁ
1341 1313 1582 1382 Πρόκλος
1607 1311 1699 1363 τὸν

126 1416 258 1466 θεῖον
313 1415 618 1467 ἀπόστολον
650 1412 860 1464 Παῦλον
894 1409 1312 1476 ἐπικεκλιμένον
1346 1403 1572 1458 ὄπισθεν
1605 1401 1696 1454 τοῦ

129 1506 336 1574 θρόνου,
389 1506 533 1572 πρὸς
577 1507 643 1573 τῇ
693 1503 900 1571 κεφαλῇ
956 1500 1051 1552 τού
1104 1498 1431 1568 ἀρχιερέως,
1490 1497 1582 1548 καὶ
1638 1495 1699 1547 τὸ

129 1597 288 1664 στόμα
319 1595 486 1648 θέντα
515 1593 674 1662 δεξιῷ
699 1595 892 1648 τούτου
921 1593 1086 1661 ὼτίῳ.
1107 1589 1509 1660 καῖόμιλοῦντα
1526 1587 1696 1656 αὐτῷ.

132 1689 422 1748 Ἐκστασις
453 1687 720 1756 λαμὸάνει
751 1685 997 1755 Πρόκλον
1021 1684 1114 1738 καὶ
1136 1681 1360 1753 ἀπορία,
1399 1680 1564 1734 πόθεν
1593 1680 1699 1748 ἄρα

128 1780 472 1849 εξσελὴλυθεν
521 1782 549 1830 6
586 1779 863 1854 ὁρώμενος
897 1779 1098 1848 (ἠγνόει
1141 1779 1246 1846 γὰρ
1290 1778 1438 1838 ὅστις
1473 1770 1561 1844 ἦν)
1609 1774 1702 1824 καὶ

131 1872 352 1941 παρῄνει
387 1871 564 1940 τούτῳ
610 1871 949 1941 καρτερῆσαι
986 1870 1202 1940 μικρόν.
1239 1869 1404 1920 Πάλιν
1437 1867 1578 1934 μετὰ
1609 1883 1698 1933 μι-

130 1966 252 2034 κρὸν
279 1966 612 2034 περισκοπεῖ
647 1965 743 2016 καὶ
779 1963 928 2026 ἆπαξ
964 1965 1059 2015 καὶ
1087 1963 1196 2022 δὶς,
1223 1962 1316 2013 καὶ
1342 1962 1374 2030 ἡ
1406 1959 1541 2027 αύτῆ
1564 1960 1699 2010 θεω-

132 2058 234 2122 ρία.
282 2056 629 2121 Ἐγκαλεῖται
661 2055 688 2105 6
723 2054 964 2122 Πρόκλος
1011 2052 1160 2122 παρὰ
1211 2051 1304 2102 τοῦ
1354 2052 1698 2119 μεγιστὲιιος,

128 2149 366 2210 εἰπόντος
389 2190 404 2212 ,
443 2148 518 2210 ῶς
546 2149 659 2201 Ούκ
689 2150 858 2217 ἐχρην
889 2163 948 2198 σε
983 2146 1160 2197 ερδότα
1186 2146 1278 2196 τὴν
1309 2144 1440 2212 ἐμὸν
1475 2143 1701 2212 προσδο-

129 2244 370 2309 κώμενον
403 2241 659 2304 θάνατον,
709 2242 896 2310 ἕτερον
927 2240 1374 2308 προσεπαγαγεῖν
1418 2236 1494 2303 τῷ
1538 2236 1699 2303 ἁγίῳ.

143 2335 196 2385 '0
219 2335 273 2386 δὲ
290 2334 633 2405 πληροφορεῖ
647 2333 856 2397 τοῦτον,
872 2331 1029 2385 τοῦτο
1053 2332 1174 2401 μηδ’
1195 2328 1704 2401 ἑννοήσασθαι.“Ετι

129 2429 326 2481 τούτων
357 2429 793 2498 διαπορούντων,
844 2431 873 2481 ὁ
921 2424 1096 2496 κῆρυξ
1141 2424 1275 2495 πρὸς
1317 2425 1415 2486 τὰς
1454 2423 1706 2492 ὀρθρίούς

132 2520 394 2589 ὑμνῳδίας
418 2521 710 2572 ἀνίσταται
743 2521 854 2581 τοῖς
882 2518 1211 2586 κρούμασιν.
1256 2515 1538 2567 Ἐντεῦθεν
1575 2516 1708 2564 ὑπο-

133 2613 351 2679 στρέφει
384 2612 413 2661 6
461 2611 775 2680 ἄνθρωπος,
827 2608 964 2676 πρὸς
1009 2607 1106 2676 τὴν
1139 2605 1400 2675 δευτέραν
1439 2604 1607 2656 νύκτα
1642 2603 1708 2655 τὰ

133 2701 222 2767 τῆς
253 2702 476 2762 ἐλπίδος
503 2700 882 2756 ἀποσαλεύων.
915 2701 1020 2751 Καὶ
1048 2701 1079 2767 ἡ
1123 2698 1354 2764 ἒευτέρα
1407 2695 1711 2764 παρίστατο

137 2792 239 2856 νὺξ,
273 2793 372 2846 καὶ
398 2796 432 2865 ἡ
465 2794 625 2864 τρίτη
644 2810 655 2821 ·
688 2794 779 2846 καὶ
808 2793 971 2848 πάλιν
999 2794 1066 2845 τὰ
1096 2791 1262 2858 ὅμοια
1284 2788 1381 2841 τοῦ
1414 2787 1709 2856 θεάματος.

139 2886 353 2950 Τούτοις
381 2887 921 2956 καταπληττόμενος,
959 2885 1055 2953 ὀψὲ
1099 2883 1192 2936 καὶ
1232 2882 1388 2952 μόλις
1433 2881 1645 2952 ᾐσθήθη
1688 2885 1714 2932 ὀ

141 2978 369 3046 Πρόκλος
400 2978 639 3048 ἀορατίᾳ
673 2979 856 3030 θεόθεν
887 2975 1228 3031 ἀπεστάλθαι
1262 2975 1354 3027 τὸν
1395 2973 1710 3043 ὁμιλοῦντα,

136 3070 220 3121 καί
254 3086 393 3138 φησι
428 3070 566 3138 πρὸς
593 3071 685 3122 τὸν
715 3071 1020 3138 μεγιστᾶνα
1059 3069 1268 3120 ἐκεῖνον
1289 3083 1302 3096 ο
1351 3067 1413 3119 Ὢ
1447 3066 1712 3136 βέλτιστε,

770 367 1053 429 omne
1085 363 1300 424 XVIII.
1337 385 1404 398 -—
1449 356 1831 418 I..\UI)..\TIo
1874 357 1934 415 s.
1976 356 2295 416 JOANNIS
2335 359 2738 417 cnmsosr.

124 499 386 561 πέμπεται
418 490 495 558 τῷ
518 489 648 557 θείῳ
677 486 929 555 ἀρχιερεῖ
965 481 1214 552 μεσίτην,
1260 475 1354 528 τοῦ
1390 473 1693 544 παραγενέ-

1819 482 2030 524 nortem
2071 474 2312 525 minatur
2349 492 2362 534 ;

3275 361 3380 423 253

2410 483 2462 525 et
2508 475 2744 526 mittitur
2790 475 2882 542 qui
2939 474 3079 543 apud
3137 474 3381 531 divinum

1798 568 2110 633 pontilieem
2152 566 2553 623 intercederet.
2586 575 2642 619 ιιι
2685 579 2848 620 noetn
2913 571 2978 620 ad
3009 586 3133 620 cum
3176 572 3382 622 veniret

1801 665 2023 724 pr0pter
2063 670 2266 714 metum
2323 661 2689 731 imperatoris,
2724 669 2777 712 et
2825 677 2920 714 sua
2961 664 3008 714 ci
3057 672 3378 730 exponeret.

1799 747 2010 812 Quibus
2061 752 2370 808 assentiens
2416 763 2672 813 sanctus,
2719 768 2815 818 per
2848 753 3094 807 Proclnni
3133 756 3286 821 jubet
3325 765 3384 808 nt

1801 841 2004 896 veniat.
2047 843 2159 898 Nux
2196 847 2405 907 aderat,
2456 855 2509 900 et
2536 846 2726 900 I"simul
2768 847 2932 899 etiam
2982 847 3169 899 aderat
3204 851 3248 900 is
3289 850 3381 915 qui

1801 945 1917 988 erat
1946 938 2193 1004 supplex.
2217 937 2425 991 Uteum
2455 939 2872 1002 admoneat,dat
2893 954 3112 1008 operam
3139 938 3381 992 Proeliis.

1805 1027 2006 1082 Deinde
2057 1031 2291 1095 primum
2335 1031 2533 1098 aspicit
2577 1046 2672 1099 per
2709 1033 2982 1100 quoddam
3025 1031 3295 1094 foramen,
3334 1044 3388 1082 et

1805 1120 1948 1173 videt
1973 1120 2310 1187 pontiﬁcem.
2349 1129 2408 1173 ut
2437 1129 2824 1183 consueverat,
2865 1122 2916 1174 in
2943 1123 3073 1176 sede
3104 1123 3385 1178 sedentem

1801 1220 1855 1265 et
1898 1213 2250 1265 scribentem.
2287 1213 2361 1266 Ea
2393 1223 2571 1266 autem
2613 1221 2731 1265 erat
2765 1215 3146 1282 interpretatio
3171 1214 3388 1268 divina-

1803 1319 1921 1357 rum
1968 1303 2355 1374 Epistolarum.
2392 1304 2546 1359 Tunc
2580 1315 2762 1361 autem
2792 1346 2806 1366 ,
2848 1313 2979 1359 tunc
3020 1307 3115 1359 illo
3153 1308 3386 1362 terribili

1804 1396 2002 1464 dignus
2050 1396 2281 1448 habetur
2312 1397 2647 1463 spectaculo.
2685 1395 2845 1451 Videt
2877 1399 3021 1451 enim
3047 1396 3278 1451 Proeliis
3307 1401 3390 1451 di-

1804 1487 1990 1538 vinum
2021 1489 2326 1554 apostolum
2354 1488 2578 1541 Paulum
2608 1491 2931 1544 inclinatum
2966 1503 3087 1559 post
3109 1493 3292 1544 sedem
3323 1494 3389 1543 ad

1804 1588 1966 1648 caput
2006 1581 2304 1648 pontificis,
2364 1593 2416 1636 ct
2456 1597 2518 1636 os
2545 1582 2925 1636 admoventem
2965 1584 3081 1635 auri
3113 1585 3233 1648 ejus
3259 1584 3392 1636 dev—

1805 1680 1956 1731 terre,
2017 1680 2070 1726 et
2119 1688 2240 1727 cum
2289 1689 2354 1726 co
2394 1674 2822 1742 colloquentem.
2863 1675 3114 1727 Procluin
3167 1677 3393 1729 incessit

1808 1774 2002 1833 stupor
2049 1775 2103 1817 et
2150 1765 2461 1824 admiratio.
2504 1781 2744 1835 quauau:
2793 1767 3074 1835 ingressus
3123 1777 3270 1822 esset
3298 1769 3390 1836 qui

1808 1858 2156 1913 cernebatur.
2207 1857 2496 1928 Ignorabat
2542 1861 2686 1910 enim
2736 1862 2859 1927 quis
2911 1868 3094 1924 esset;
3153 1870 3206 1914 et
3241 1873 3396 1931 rogat

1809 1951 2083 2004 hominem
2129 1960 2187 2004 ut
2220 1966 2411 2020 parmn
2454 1959 2754 2021 exspectet.
2795 1952 3007 2005 Rursus
3056 1952 3218 2028 paulo
3273 1963 3393 2022 post

1807 2043 2025 2111 aspicit,
2054 2052 2104 2094 et
2133 2044 2320 2110 semel,
2363 2053 2416 2095 et
2450 2044 2530 2097 his
2567 2061 2579 2106 ;
2605 2052 2659 2095 et
2694 2053 2811 2096 erat
2838 2043 2974 2097 idem
3001 2047 3390 2112 spectaculum.

1807 2133 2248 2202 Reprehenditur
2284 2135 2511 2188 Proeliis
2548 2138 2617 2188 ab
2651 2136 2744 2188 illo
2779 2137 3043 2205 cptimate
3075 2138 3165 2206 qui
3203 2138 3339 2190 dixit
3379 2158 3391 2190 :

1811 2226 1929 2281 Non
1963 2230 2249 2298 oportebat
2282 2239 2331 2282 te
2360 2269 2374 2290 ,
2407 2244 2531 2282 cum
2580 2230 2796 2283 videres
2833 2238 3065 2282 mortem
3101 2245 3222 2298 qua:
3263 2232 3395 2284 mihi

1810 2328 2179 2387 exspectatur,
2199 2321 2364 2372 alium
2385 2321 2449 2372 ad
2477 2327 2729 2372 sanetum
2765 2320 3058 2375 adducere.
3091 2320 3185 2376 Ille
3213 2331 3395 2376 autem

1810 2410 1857 2463 ei
1887 2411 2138 2470 allirmat,
2180 2427 2236 2464 se
2266 2410 2333 2463 de
2367 2425 2432 2462 eo
2459 2411 2593 2463 nihil
2623 2412 2920 2480 cogitasse.
2951 2411 3044 2464 llis
3089 2412 3267 2465 adhuc
3295 2412 3400 2465 du-

1813 2501 2139 2562 bitantibus,
2170 2518 2350 2573 praeco
2375 2502 2440 2555 ad
2470 2504 2741 2557 matutina
2772 2505 2989 2558 cantica
3024 2507 3227 2561 excitat
3262 2508 3397 2575 ligni

1815 2594 2086 2662 pulsibus.
2142 2593 2316 2646 llomo
2377 2594 2561 2662 itaque
2606 2597 2922 2662 revertitur,
2983 2597 3034 2650 in
3100 2600 3398 2653 secundani

1816 2695 2033 2740 noctem
2075 2701 2224 2756 spem
2267 2686 2547 2755 rejiciens.
2599 2690 2851 2743 Accessit
2909 2691 3148 2744 secunda
3193 2707 3300 2744 nox
3347 2701 3402 2744 et

1816 2786 2010 2845 tertia;
2054 2793 2109 2837 et
2149 2795 2265 2838 erat
2300 2800 2494 2838 rursus
2523 2786 2702 2839 simile
2738 2787 3135 2852 spectaculum.
3175 2788 3272 2842 His
3305 2789 3403 2842 oh-

1817 2877 2196 2944 stupefactus,
2230 2879 2318 2931 vix
2363 2878 2577 2931 tandem
2607 2880 2777 2932 sensit
2812 2880 3040 2934 Procltts
3070 2883 3288 2935 nemine
3323 2883 3404 2936 vi-

1817 2967 1980 3021 dente
1998 2983 2026 3020 a
2053 2970 2158 3022 Iteo
2185 2969 2414 3022 missum
2445 2985 2569 3023 esse
2591 2985 2714 3022 eum
2737 2971 2828 3039 qui
2855 2971 3215 3040 loquebatur;
3250 2974 3405 3028 dieit-

1823 3076 1928 3128 que
1959 3061 2032 3113 illi
2069 3062 2318 3130 optimati
2349 3079 2361 3113 :
2397 3060 2442 3116 Ο
2471 3063 2697 3130 Optime,
2732 3061 2839 3116 Deo
2871 3065 3183 3128 resistente,
3207 3069 3403 3120 studiis

135 3161 259 3214 Θεοῦ
283 3162 775 3233 ἀντιπράττοντος,
806 3161 1064 3223 σπουδαῖς
1096 3159 1338 3218 ἁπάσαις
1372 3160 1400 3210 6
1435 3159 1594 3219 πόνος
1624 3160 1710 3210 ἁν-

1826 3154 2083 3208 onmibus
2139 3155 2290 3209 labor
2337 3163 2420 3210 est
2467 3155 2700 3210 inutilis.
2745 3154 2894 3224 Roga
2957 3171 3088 3224 ergo
3127 3157 3294 3212 Deum
3347 3170 3405 3212 ut

135 3256 343 3319 ήνυτος.
377 3253 482 3305 Ἴθι
514 3252 696 3304 τοίνυν
722 3253 1121 3322 παρακαλέσων
1162 3252 1252 3302 τὸν
1281 3250 1413 3303 Θεὸν
1446 3249 1713 3318 βοηθῆσαί

137 3363 231 3400 σοι.
268 3347 490 3416 Ἡμέρα
523 3347 729 3415 παρῆν,
763 3344 854 3396 καὶ
905 3347 984 3406 εὶς
1019 3345 1246 3418 μνήμην
1275 3341 1448 3394 ἐλθὼν
1477 3341 1571 3393 τοῦ
1603 3343 1715 3394 ἰκέ-

136 3453 223 3487 του
245 3438 272 3487 6
297 3436 620 3505 ἀρχιερεὺς,
651 3433 916 3503 διηρώτα,
948 3436 995 3485 εἰ
1022 3433 1376 3501 παρεγένετο.
1435 3431 1714 3485 Μανθάνει

135 3530 304 3582 τοίνυν
332 3528 406 3581 τε
438 3527 560 3580 κατ’
587 3527 751 3580 αὑτὸν
785 3526 935 3594 παρὰ
963 3525 1053 3577 τοῦ
1078 3524 1606 3593 Πρόκλου,εἱπόντος
1633 3524 1714 3576 ἔτι

137 3619 461 3684 καὶταῦτα,
495 3618 571 3680 ὡς
611 3618 890 3682 Ἰδιάζοντί
945 3635 1027 3669 σοι
1075 3617 1193 3684 μεθ’
1223 3618 1410 3686 ἑτέρου
1444 3617 1542 3679 τὰς
1576 3634 1714 3686 παρ-

137 3710 394 3772 εὶθούσας
430 3709 657 3773 νύκτας,
696 3710 935 3761 συνεῖδον
973 3711 1046 3777 μὴ
1086 3708 1716 3778 προπετεύσασθαι.Καὶ

136 3803 212 3864 τίς
239 3795 423 3864 οὗτος,
452 3802 546 3855 τοῦ
603 3801 763 3868 ἁγίου
799 3802 1280 3870 ἀντερωτήσαντος
1301 3842 1316 3865 ,
1354 3801 1658 3871 ἀρξάμενος
1687 3802 1715 3851 6

137 3895 396 3963 Πρόκλος.
417 3893 497 3962 τῷ
522 3894 623 3962 μὶν
651 3893 794 3962 λόγῳ
823 3892 882 3944 τὸ
915 3893 1025 3944 πᾶν
1050 3891 1269 3957 διέξεισι
1296 3891 1390 3944 τοῦ
1416 3893 1715 3961 θαύματος,

135 3989 206 4053 τῷ
235 3987 494 4055 δακτύλῳ
547 3987 603 4038 δὲ
662 3985 750 4038 διὰ
810 3983 910 4053 τῆς
965 3985 1174 4045 εἰκόνος
1225 3983 1588 4054 ἀριδηλότατα
1621 3982 1717 4053 τὴν

135 4078 510 4147 ὰποστολικὴν
537 4077 844 4146 παρουσίαν
864 4076 1229 4144 πιστούμενος
1260 4076 1340 4148 [τὸ
1364 4079 1472 4129 πᾶν
1496 4077 1718 4141 διέξεισι

133 4170 223 4222 τοῦ
245 4170 496 4239 θεάματο
606 4163 701 4230 Οἷς
725 4169 1028 4238 ἐπιστήσας
1062 4169 1152 4221 τὸν
1183 4168 1308 4220 νοῦν
1330 4171 1358 4222 6
1392 4168 1534 4229 θεῖος
1565 4162 1721 4230 οὗτος

133 4263 292 4332 ἀνὴρ,
325 4263 526 4327 διέγνω
558 4259 745 4328 σαψῶς
778 4263 848 4313 τὰ
882 4261 977 4314 τοῦ
1011 4261 1303 4329 θεάματος,
1340 4263 1432 4314 καὶ
1460 4263 1562 4331 τὴν
1591 4262 1722 4329 πλη-

139 4354 406 4422 ροφορίαν
430 4352 526 4404 τοῦ
568 4353 933 4421 ἑξαιτήματος
987 4352 1245 4420 εἰληφὼς,
1287 4352 1424 4420 πρὸς
1454 4352 1514 4402 τὸ
1561 4352 1718 4404 Θεῖον

136 4445 496 4514 εὐχαριστίας
537 4444 796 4496 ἀνετίθει.
833 4445 944 4496 Καὶ
1006 4444 1170 4496 πάλιν
1201 4444 1292 4494 τὸν
1329 4443 1516 4511 ἱκέτην
1552 4459 1719 4511 προσ-

1827 3247 1924 3302 tibi
1955 3263 2110 3315 opem
2160 3246 2317 3302 ferat.
2364 3246 2488 3302 Dies
2517 3248 2734 3309 aderat,
2769 3257 2823 3302 et
2862 3264 2984 3301 cum
3019 3250 3286 3318 supplicis
3321 3267 3406 3302 re-

1823 3340 2083 3393 cordatus
2110 3347 2257 3392 esset
2292 3339 2561 3408 pontifex,
2595 3340 2808 3407 rogavit
2841 3354 2909 3394 an
2945 3343 3291 3397 arcessisset.
3333 3343 3406 3396 De

1823 3446 1889 3484 co
1925 3446 2055 3500 ergo
2089 3431 2137 3484 ei
2173 3431 2444 3501 signillcat
2467 3429 2718 3493 Proeliis.
2750 3433 2844 3503 qui
2878 3431 2992 3485 haec
3024 3433 3188 3487 etiam
3217 3433 3354 3488 dixit
3391 3475 3404 3488 .

1823 3523 1956 3577 Cum
1996 3535 2050 3576 tn
2078 3525 2369 3592 prasteritis
2404 3525 2658 3578 noctibus
2681 3539 2930 3580 seorsum
2957 3540 3109 3580 esses
3131 3543 3252 3580 cum
3276 3528 3408 3593 alio,

1826 3618 1992 3670 statui
2041 3631 2146 3670 non
2180 3625 2384 3670 temere
2420 3616 2700 3671 accedere.
2752 3616 2888 3672 Cum
2945 3627 3171 3674 sanctus
3223 3632 3407 3675 autem

1828 3717 2076 3781 togasset
2098 3690 2352 3778 quisnam
2384 3719 2531 3762 esset
2565 3711 2611 3763 is
2634 3710 2658 3762 ἲ
2684 3709 2952 3779 incipiens
2976 3709 3205 3766 Proeliis
3226 3717 3410 3767 verbis

1826 3803 2044 3872 quidem
2078 3811 2249 3855 totum
2277 3802 2628 3873 persequitur
2653 3804 3004 3869 miraculum,
3026 3805 3196 3875 digito
3224 3816 3406 3861 autem

1826 3911 1924 3966 per
1967 3896 2257 3964 imaginem
2299 3895 2711 3950 evidentissitue
2761 3899 3002 3966 probans
3056 3913 3180 3951 eum
3237 3899 3410 3953 fuisse

1829 3990 2161 4060 apostolum,
2183 3997 2349 4042 totam
2382 3996 2572 4042 narrat
2613 3989 2810 4043 seriem
2842 3991 3255 4044 miraculorum.
3276 3992 3412 4059 Qni-

1828 4085 1930 4138 lius
1961 4101 2082 4137 cum
2117 4083 2450 4137 adhibuisset
2479 4095 2712 4136 mentem
2738 4083 2826 4137 hic
2858 4083 2938 4136 vir
2957 4083 3201 4148 divinus,
3224 4095 3412 4154 aperte

1830 4178 2092 4231 intellexit
2140 4178 2540 4245 spectaculum,
2575 4184 2628 4230 et
2663 4177 2843 4231 tactus
2876 4179 3080 4232 certior
3115 4195 3272 4234 suam
3314 4197 3410 4234 ac-

1829 4272 2043 4340 cepisse
2099 4269 2416 4337 petitionem
2455 4309 2470 4331 ,
2529 4269 2638 4323 Deo
2685 4271 2794 4337 egit
2824 4271 3054 4339 gratias.
3092 4270 3297 4327 Deinde
3327 4274 3408 4327 sic

1829 4375 2023 4414 rursus
2054 4359 2288 4412 accersit
2327 4359 2654 4427 supplicem,
2684 4370 2735 4412 et
2761 4376 2884 4412 cmn
2912 4363 3191 4428 convenit,
3215 4372 3269 4416 et
3309 4378 3411 4434 pro

1829 4462 1896 4501 eo
1927 4445 2220 4503 intercedit
2250 4447 2392 4516 apud
2434 4447 2851 4517 imperatorem,
2885 4458 2938 4503 et
2968 4451 3137 4520 priori
3170 4455 3413 4507 restituit.

136 4541 414 4600 καλεῖται,
455 4537 552 4590 καὶ
605 4537 815 4606 ὁμιλεῖ·
869 4534 1145 4604 μεσιτεύει
1185 4533 1242 4586 δὲ
1279 4533 1414 4601 πρὸς
1445 4533 1536 4584 τὸν
1567 4532 1713 4601 βασι-

1833 4538 2216 4608 magistratui,
2261 4538 2552 4608 impletque
2595 4541 2903 4608 promptius
2931 4551 2982 4596 et
3011 4543 3249 4598 alacrius
3289 4563 3412 4615 qum

133 4631 248 4693 λέα,
281 4631 383 4682 καὶ
415 4628 552 4697 πρὸς
583 4629 684 4698 τὴν
715 4628 995 4698 προτέραν
1029 4627 1208 4695 ἀρχὴν
1244 4623 1608 4696 ἀποκαθιστᾷ,
1629 4626 1724 4677 καὶ

131 4725 196 4775 τα
225 4723 492 4776 λείποντα
535 4720 644 4774 τῶν
696 4721 856 4774 θείων
890 4720 1221 4772 Ἐπιστολῶν
1251 4719 1564 4788 ἀναπληροῖ
1594 4734 1727 4788 προ-

133 4813 444 4884 θυμότερόν
500 4831 561 4866 τε
630 4814 726 4867 καὶ
769 4813 1141 4882 χαριέστερον.
1181 4811 1418 4880 Τοιαύτη
1453 4811 1553 4878 τῆς
1585 4811 1726 4880 ἐμῆς

133 4905 448 4972 διηγήσεως
495 4904 528 4972 ἡ
568 4902 749 4972 μερίς.
783 4902 854 4954 Σὺ
894 4901 950 4953 δέ
985 4919 1075 4970 μοι
1109 4901 1238 4968 λέγε
1273 4903 1364 4952 τὸν
1396 4901 1487 4953 σὸν
1521 4901 1724 4966 λοξίαν,

132 4999 223 5050 τὸν
258 4997 360 5051 σοῦ
387 4996 740 5066 χρυσηλάτου
769 4994 1021 5066 τρίποδος
1054 4995 1146 5048 τὸν
1177 4977 1498 5064 θεσπιῳδὸν,
1551 4997 1580 5048 6
1624 4994 1725 5063 ἐμὲ

129 5092 359 5156 διιὶιξας.
394 5092 426 5144 6
459 5091 572 5154 τοῖς
606 5089 794 5158 μύθοις
830 5087 1374 5156 μεγαλαυχούμενος,
1416 5089 1504 5140 καὶ
1532 5086 1633 5157 τὴν
1662 5089 1725 5140 ἐκ

131 5184 240 5238 τῶν
273 5184 656 5253 δαφνηφὴων
687 5183 798 5237 ὅπα
830 5182 1044 5252 λαιμῶν
1069 5182 1166 5250 τῆς
1205 5181 1305 5249 σῆς
1336 5181 1722 5250 Φοιῦαστρίας,

128 5280 226 5331 καὶ
260 5280 396 5341 τοὺς
437 5278 742 5347 χρησμοὺς,
786 5277 911 5338 τοὺς
942 5280 1005 5329 ἐκ
1035 5275 1213 5344 δρυῶν
1246 5275 1452 5345 ληρεῖς,
1484 5275 1552 5325 τὰ
1598 5273 1724 5343 Ὀρ-

129 5372 279 5438 eius;
321 5369 628 5438 μυστήρια,
667 5369 794 5431 τοὺς
828 5367 1117 5438 ’Τειρεσίας
1159 5368 1423 5428 ἐκείνους,
1449 5366 1576 5427 τοὺς
1607 5367 1724 5419 ἀνι-

127 5461 440 5522 πτόποδας.
478 5462 603 5522 τοὺς
640 5461 767 5522 σοὺς
798 5463 1090 5532 νημερτεῖς
1119 5459 1423 5530 ὑποφὴτας.
1477 5458 1581 5512 Ἐῶ
1614 5460 1722 5527 γὰρ

126 5556 318 5621 λέγειν
369 5552 467 5605 τοῦ
496 5552 691 5604 Φοίδου
744 5569 839 5605 σου
882 5553 944 5605 τὸ
979 5552 1262 5621 φιλότιμον
1313 5550 1726 5621 φιλοτιμοῦντός

126 5661 222 5696 σου
252 5645 321 5697 τὸ
351 5643 576 5711 εῠηθες,
610 5646 707 5695 καὶ
737 5644 834 5712 τὴν
867 5643 1180 5716 πρόγνωσιν
1210 5643 1298 5696 διὰ
1327 5645 1425 5714 τῆς
1456 5645 1726 5712 μαντοσύο

124 5755 224 5806 νης
253 5737 360 5806 τῆς
389 5737 701 5807 ἀμύμονος,
737 5738 834 5805 τῆς
873 5737 933 5801 ἐξ
960 5738 1345 5807 ἀστραγάλων,
1378 5739 1470 5790 καὶ
1498 5737 1725 5807 κριθῶν,

123 5829 222 5878 καὶ
257 5827 525 5892 λισάνων,
569 5827 649 5879 ἔτι
698 5827 752 5880 δὲ
803 5827 888 5880 διὰ
920 5828 1179 5891 πλίνθων,
1239 5829 1331 5881 καὶ
1362 5828 1594 5898 λύχνων,
1636 5831 1729 5881 καὶ

130 5921 382 5987 ςύλλων,
419 5922 517 5973 καὶ
548 5920 754 5974 κύϐων.
794 5923 962 5975 Ὀκνῶ
992 5923 1090 5984 τὰς
1117 5922 1185 5975 δι’
1212 5921 1454 5993 ἐντόμων
1488 5924 1583 5976 καὶ
1611 5923 1727 5994 65'9-

485 6018 762 6078 Ριτιιοι..
802 6016 917 6075 Gn.
955 6017 1136 6078 Ci'll.

1833 4631 2119 4685 restabant
2145 4646 2210 4685 ex
2243 4631 2448 4684 divinis
2481 4632 2750 4700 epismlis.
2787 4633 2878 4685 llze
2911 4645 3037 4687 sunt
3073 4647 3252 4705 partes
3279 4653 3411 4690 mea:

1834 4721 2188 4775 narrationis.
2214 4718 2296 4774 Tu
2321 4731 2526 4783 autem,
2551 4721 2640 4775 die
2670 4723 2966 4777 tuihituuut
3000 4726 3204 4780 loxinm
3232 4737 3409 4781 vatem

1833 4815 1982 4869 aurei
2024 4815 2098 4868 tui
2131 4814 2383 4884 tripodis,
2423 4816 2516 4883 qui
2549 4830 2632 4869 me
2673 4819 3017 4885 persequeris
3044 4827 3098 4872 et
3133 4835 3314 4875 vocem
3345 4837 3422 4875 es.

1829 4908 2105 4961 laurivoro
2140 4915 2359 4972 gutture
2401 4915 2507 4959 tute
2537 4905 2849 4964 Plimbadis.
2889 4924 3149 4978 responsa
3176 4951 3190 4975 ,
3241 4928 3415 4984 nugas

1828 5016 1894 5055 cx
1922 5002 2236 5069 qnercuhus
2265 5039 2279 5061 ,
2306 5000 2503 5069 Orphei
2537 5001 2818 5068 mysteria,
2851 5003 2973 5055 illos
2999 5001 3261 5062 Tiresias.
3289 5007 3412 5058 illos

1830 5093 1920 5162 qui
1941 5103 2068 5147 sunt
2096 5093 2265 5147 illotis
2309 5092 2556 5161 pedibus,
2581 5101 2707 5147 tuos
2740 5109 2898 5148 veros
2913 5096 3226 5165 prophetas.
3261 5097 3414 5152 Mitto

1829 5188 2177 5241 enimdicere
2211 5185 2394 5239 Phwbi
2432 5187 2510 5238 tui
2554 5186 3034 5254 magniﬁcentiam.
3075 5190 3168 5258 qui
3208 5192 3415 5244 honore

1838 5289 1986 5333 tuam
2022 5279 2186 5332 allicit
2216 5278 2523 5339 stultitiam,
2557 5286 2612 5333 et
2655 5279 2752 5332 tibi
2788 5282 2988 5348 prrebet
3013 5283 3412 5347 prmseientiam

1838 5389 1934 5445 per
1976 5372 2418 5426 vaticinationem
2459 5387 2472 5423 :
2538 5369 2984 5426 vaticinationem
3033 5390 3194 5442 quam
3254 5390 3417 5429 nemo

1838 5473 2017 5535 potest
2067 5463 2465 5533 reprehendere
2499 5479 2512 5523 ;
2574 5477 2697 5531 qua:
2733 5463 2789 5515 lit
2827 5478 2890 5516 ex
2931 5465 3072 5528 talis,
3099 5473 3153 5519 et
3188 5467 3414 5529 hordeo,

1839 5565 1891 5610 et
1927 5555 2085 5608 thure
2120 5572 2134 5619 ;
2184 5563 2235 5607 et
2270 5563 2529 5623 praeterea
2570 5567 2664 5618 per
2697 5554 2913 5612 lateres.
2959 5560 3014 5606 et
3045 5556 3320 5617 lucernas,
3362 5568 3418 5608 et

1842 5648 1991 5710 folia,
2031 5655 2084 5699 et
2142 5649 2332 5699 cnhos.
2387 5642 2590 5697 Vereor
2645 5646 2828 5698 dicere
2881 5659 3001 5713 quae
3052 5660 3149 5714 per
3208 5647 3416 5703 insecta

1842 5739 2000 5798 ﬁunt,
2024 5747 2078 5790 et
2109 5738 2298 5806 pelles,
2323 5746 2376 5789 et
2403 5738 2612 5802 reliqua
2655 5736 2918 5799 membra,
2943 5751 3005 5788 ex
3039 5737 3272 5790 diversis
3303 5741 3418 5792 aui-

1843 5831 2099 5891 Iualibus,
2153 5845 2247 5899 per
2282 5829 2528 5898 viasque,
2568 5835 2621 5881 et
2671 5837 2938 5890 mortuos,
2989 5830 3249 5896 mysticus
3283 5846 3417 5899 prm-

1843 5924 2095 5982 cicutias.
2137 5923 2380 5989 Quorum
2441 5923 2685 5978 omnium
2729 5922 2873 5990 quod
2918 5932 3002 5973 est
3053 5939 3240 5977 revera
3286 5943 3417 5995 pras-

2929 6014 2961 6072 9
