4182 6440
768 490 872 550 ἓὸβ

2039 459 2314 521 ιιιῖυΝις
2351 450 2807 511 ΡΗΙΙΩΞΟΡΙΗ

3928 437 4038 497 ΞῚῖθ

767 598 1133 653 clarissimum
1165 597 1247 646 est
1276 585 1658 647 incredulitas,
1688 589 1740 634 et
1770 575 2099 632 contumelia
2126 573 2176 624 id
2203 566 2345 639 quod
2379 568 2404 624 Α

2503 582 2622 625 ατος
2654 565 2848 623 εἰπεῖν,
2884 561 2977 612 καὶ
3011 559 3118 610 τῶν
3157 554 3361 608 λοιπῶν
3396 553 3546 624 παρᾶ
3579 551 3852 622 διαξῶρων
3878 550 4039 610 ζώω-ι

766 693 1028 746 creditur.
1072 686 1175 738 Sed
1214 683 1287 736 illi
1325 680 1546 749 quidem
1602 682 1874 742 nugentur
1912 686 1925 732 ;
1971 665 2130 720 nobis
2160 669 2344 715 autem

770 785 836 837 ad
874 790 1080 837 rectum
1110 777 1415 830 deducatur
1436 770 1633 831 oratio,
1667 765 1969 819 deducatur
1999 764 2183 812 nostra
2214 769 2349 823 quo-

774 894 878 945 que
928 875 1037 926 vita
1095 869 1353 922 univvrsa
1412 860 1610 916 melius
1653 856 1803 911 illius
1842 846 2351 907 intercessionibus.

775 972 900 1023 l'ost
950 967 1063 1019 luee
1096 958 1450 1030 cognoscitur
1499 952 1568 1007 ab
1600 946 2048 1007 accusatoribus,
2094 956 2215 1011 qua:
2262 956 2355 1010 per

778 1060 1089 1129 pontificem
1139 1054 1262 1107 data
1326 1060 1409 1103 est
1452 1047 1606 1103 salus
1640 1044 1712 1106 ei,
1765 1042 1857 1111 qui
1895 1036 2254 1105 confugerat,
2306 1041 2360 1086 et

779 1168 1061 1226 regressus
1110 1150 1173 1203 ad
1220 1146 1462 1217 priorem
1515 1141 1832 1211 dignitatem
1872 1155 1885 1201 ;
1920 1148 2125 1201 eosque
2172 1130 2360 1182 incen-

778 1253 970 1302 dentes
986 1244 1215 1299 flarnma:
1241 1237 1459 1293 invidia:
1485 1234 1691 1288 faciunt
1713 1230 1864 1285 rabie
1889 1225 2077 1296 agitari
2098 1235 2151 1277 et
2180 1222 2363 1275 furore

779 1341 1042 1393 adversus
1099 1349 1225 1389 eum
1278 1331 1372 1401 qui
1422 1327 1573 1382 dedit
1622 1326 1899 1377 salutem:
1957 1319 2122 1386 hujus
2160 1314 2365 1369 furoris

783 1432 1117 1500 prrecipuum
1146 1424 1477 1491 accipientes
1511 1417 1824 1471 ministrum
1853 1413 2170 1471 diaconum,
2202 1422 2364 1476 quem

783 1526 937 1593 prius
959 1522 1216 1577 diximus,
1246 1514 1625 1582 Serapionem.
1666 1507 1795 1573 Qua:
1832 1503 2114 1577 cognoscit
2145 1501 2367 1572 quidem

783 1620 959 1669 Iunius
991 1623 1196 1683 pastor,
1228 1624 1289 1663 ea
1317 1622 1443 1662 vero
1476 1604 1797 1659 nilnilcurat.

863 1880 948 1932 16.
992 1879 1322 1931 (litiuautem
1357 1868 1565 1923 videret
1618 1865 1818 1921 multos
1859 1861 2065 1917 servire
2115 1858 2372 1919 avaritim,

796 1975 972 2040 ipsam
1042 1965 1224 2022 autem
1279 1978 1389 2033 pra:
1444 1960 1660 2015 caeteris
1718 1956 2143 2025 itnperatricem,
2176 1952 2229 2005 in
2282 1965 2374 2004 eos

807 2061 1061 2132 producit
1106 2059 1159 2111 in
1214 2056 1384 2110 aciem
1437 2054 1669 2123 gratiam
1728 2064 1955 2104 suorum
2014 2062 2373 2101 sermonum:

797 2155 1004 2207 nullius
1041 2149 1261 2219 quidem
1296 2160 1587 2216 personam
1622 2142 1837 2212 publice
1881 2140 2193 2201 nominans,
2227 2153 2378 2191 eom-

797 2247 1037 2298 nmniter
1071 2250 1252 2295 autem
1295 2252 1604 2309 procurans
1643 2236 1873 2291 salutem
1912 2232 2190 2286 omnibus.
2221 2228 2379 2295 Quod

798 2338 1019 2407 quidem
1080 2350 1198 2400 eos,
1255 2331 1348 2401 qui
1420 2330 1513 2383 illo
1574 2329 1709 2381 vitio
1767 2326 2111 2387 laborabant,
2146 2323 2382 2377 faciebat

804 2430 1015 2483 medico
1052 2439 1384 2481 ειιοοοιιεννο
1415 2429 1468 2474 et
1505 2418 1741 2473 efferari.
1774 2417 1892 2471 Jam
1929 2423 2110 2469 autem
2139 2412 2287 2467 venit
2318 2412 2382 2465 ad

802 2530 968 2589 caput
999 2517 1197 2571 oratio.
1231 2512 1610 2567 Theodericus
1661 2510 1775 2573 ille,
1814 2509 1907 2577 qui
1960 2516 2090 2559 tunc
2142 2515 2261 2558 erat
2296 2519 2388 2572 pa-

802 2612 1025 2673 tricius,
1061 2625 1185 2662 cum
1218 2613 1363 2660 esset
1395 2603 1729 2662 ditissimus,
1783 2599 1852 2652 ab
1902 2596 2250 2665 imperatrice
2291 2609 2387 2661 ap-

807 2706 1010 2770 petitur
1043 2698 1285 2755 insidiis.
1345 2696 1489 2762 Quid
1523 2709 1653 2762 ergo
1703 2690 1829 2745 facit
1858 2690 1941 2742 vir
1976 2686 2108 2741 ille?
2137 2683 2392 2752 Confugit

724 2782 729 2787 i
809 2797 875 2849 ad
923 2806 1271 2849 communem
1337 2795 1552 2855 pullum
1589 2802 1602 2848 ;
1633 2792 1686 2837 et
1735 2787 1992 2837 servatur
2041 2776 2263 2846 quidem
2323 2772 2392 2825 ab

810 2891 878 2942 iis
908 2901 1028 2956 quze
1082 2884 1128 2937 ei
1189 2881 1554 2952 parabantur,
1612 2872 1858 2928 insidiis.
1914 2870 2180 2924 Servatur
2209 2876 2391 2919 autem

813 2977 1029 3033 meliori
1081 2988 1302 3044 quoque
1335 2980 1389 3025 et
1421 2973 1776 3041 permanente
1828 2964 2027 3025 salute,
2074 2959 2236 3013 modo
2267 2958 2395 3012 alio.

816 3070 1104 3139 DiSpersit,
1139 3066 1288 3119 dedit
1317 3064 1503 3116 omnia
1536 3055 1895 3129 pauperibus.
1928 3049 2398 3118 Quomodonla-

816 3166 972 3236 gistri
1033 3159 1290 3215 consiliis
1346 3164 1400 3210 et
1446 3151 1825 3209 suasionibus.
1871 3148 1990 3211 Qua
2037 3158 2103 3198 ex
2156 3158 2215 3195 re
2268 3138 2397 3208 quid

818 3261 1066 3313 lueralur
1116 3254 1137 3305 ’ἶ
1189 3250 1535 3304 Thesaurmn
1586 3243 1866 3298 caelestem
1898 3279 1912 3302 ,
1960 3252 2083 3292 eum
2147 3240 2295 3287 esset
2352 3230 2400 3282 ei

818 3362 1164 3419 persuasum,
1224 3340 1463 3396 Cornelii
1507 3337 1865 3403 elecmosynas
1891 3331 2010 3399 eius
2040 3339 2257 3397 quoque
2281 3336 2402 3376 esse

821 3436 1215 3510 exaequandam
1248 3434 1683 3500 eleemosyuam.
1734 3423 1859 3477 llaec
1908 3436 2032 3475 cum
2092 3414 2405 3471 rescivissct

825 3530 1176 3601 impcratrix,
1221 3540 1331 3580 non
1383 3522 1559 3593 potuit
1593 3515 1846 3586 amplius
1884 3509 2184 3568 contineri.
2223 3505 2407 3573 Impu-

826 3597 1065 3677 deutiam
1097 3627 1279 3671 autem
1306 3622 1360 3668 et
1392 3612 1557 3665 aliam
1598 3606 1959 3662 temeritatem
1995 3615 2149 3657 suam
2193 3597 2409 3665 absque

830 3717 939 3769 ulla
996 3712 1199 3767 rubore
1257 3713 1455 3762 sancto
1520 3701 1731 3756 indicat
1770 3711 1939 3753 zeum
1993 3694 2135 3748 bona
2186 3688 2408 3744 Patricii

833 3811 1104 3861 lucratum
1149 3816 1271 3857 esse
1302 3798 1612 3868 nugabatur
1643 3802 1691 3848 et
1724 3788 2047 3861 objiciebat.
2086 3784 2215 3853 Ejus
2241 3783 2410 3844 enim,

832 3897 924 3965 qui
962 3904 1082 3950 erat
1115 3889 1375 3950 mundus,
1409 3893 1637 3956 prepter
1669 3880 2065 3951 benignitatem
2100 3872 2413 3928 admonitio

835 3998 953 4042 erat
985 3983 1283 4053 inquinata:
1326 3978 1546 4033 sordida
1590 3972 1947 4030 existimatio.
1996 3970 2244 4036 Augetur
2286 3977 2416 4032 ergo

840 4083 1017 4154 (quid
1070 4080 1215 4135 enim
1263 4092 1403 4145 opus
1466 4082 1552 4129 est
1607 4072 1660 4125 in
1720 4066 1956 4137 singulis
2022 4061 2304 4117 immorari
2343 4057 2415 4128 7)

842 4183 894 4231 in
930 4185 1184 4231 sanctum
1233 4168 1435 4225 invidia
1470 4182 1577 4221 :cx
1623 4177 1687 4220 ea
1729 4169 1911 4216 autem
1967 4155 2154 4210 odium
2200 4173 2214 4219 ;
2260 4169 2325 4207 cx
2356 4168 2421 4206 eo

844 4265 1135 4320 maledicta
1174 4279 1189 4327 ;
1229 4274 1292 4313 ex
1328 4254 1636 4310 maledictis
1682 4266 1813 4305 vero
1855 4247 2148 4303 calumnia:
2180 4262 2193 4308 ;
2231 4259 2294 4297 ex
2325 4256 2422 4295 ca-

846 4358 1070 4411 lumniis
1126 4351 1379 4407 concilia.
1434 4345 1852 4405 Transmutant,
1892 4338 2036 4409 quod
2083 4337 2424 4395 viderentur,

848 4465 956 4504 non
1026 4446 1171 4517 quod
1230 4449 1437 4501 essent,
1509 4449 1792 4493 sermones
1840 4434 1895 4486 in
1954 4444 2126 4499 nugas
2181 4427 2428 4497 prolatas

850 4547 1118 4599 adversus
1171 4540 1554 4609 imperatores.
1598 4528 1765 4585 Fiunt
1811 4528 1924 4582 lucc
1974 4539 2172 4579 rursus
2223 4519 2427 4588 alioqui

2462 657 2637 728 μελῶν
2668 672 2772 720 σοι,
2825 654 2920 705 καὶ
2980 652 3114 704 ὁδῶν
3168 649 3262 703 καὶ
3319 650 3529 699 νεκύων
3577 647 3800 716 μνήσεις
3834 658 3893 692 τε
3942 641 4041 691 καὶ

2461 726 2822 819 προγνώσειςο
2848 739 2922 799 ὧν
2949 743 3207 797 ἁπάντων
3244 740 3317 802 ώς
3347 737 3564 807 ἀληθῶς
3588 736 3647 789 τδ
3679 726 4038 802 σεμνότατον,

2465 842 2712 904 ἀπιστία,
2740 840 2836 893 καὶ
2870 838 3025 907 ὕϐρις
3055 834 3116 886 τὸ
3141 832 3551 902 πιστευόμενον.
3586 828 3770 881 "ano;
3810 825 3906 895 μὲν
3944 823 4043 891 λη-

2468 929 2757 999 ρείτωσαν,
2810 927 2941 997 ἡμῖν
2974 925 3019 976 δ’
3068 923 3095 975 6
3132 921 3292 989 λόγος
3346 920 3481 991 πρὸς
3532 916 3592 970 τὸ
3625 915 3781 978 εὐθὲς
3829 914 4044 981 ἄγοιτο.

2470 1023 2691 1089 Ἀγοιτο
2725 1019 2781 1073 δὲ
2808 1019 2904 1071 καὶ
2943 1022 2969 1072 6
2999 1018 3110 1088 βίος
3128 1015 3285 1074 ἄπας
3320 1014 3499 1082 ἡμῶν,
3527 1012 3648 1071 ταῖς
3673 1008 3882 1062 ἐκείνου
3916 1021 4049 1074 πρε-

2472 1113 2689 1175 σϐείαις
2733 1112 2975 1180 ἄμεινον.
3028 1106 3185 1162 Μετὰ
3239 1103 3412 1156 ταῦτα
3472 1096 3893 1167 διαγινώσκεται
3934 1096 4052 1156 τοῖς

2470 1207 2797 1275 κατηγόροις
2889 1203 2977 1255 διὰ
3004 1201 3099 1253 τοῦ
3149 1195 3450 1269 ἀρχιερέως
3491 1193 3731 1261 σωτηρῖα
3765 1188 3843 1257 τῷ
3878 1203 4057 1257 προσε-

2473 1298 2697 1365 φυγόντι
2726 1295 2819 1348 καὶ
2850 1292 2984 1363 πρὸς
3010 1292 3108 1359 τὴν
3144 1288 3415 1361 προτέραν
3442 1283 3596 1346 ἀξίαν
3629 1280 3879 1340 ἐπάνοδος
3903 1292 3916 1305 ’
3954 1278 4057 1328 καὶ

2475 1386 2671 1454 φθόνου
2708 1384 2903 1451 φλόγες
2937 1381 3121 1441 αὐτοῖς
3152 1376 3487 1445 ὲξανὰψασαι
3509 1414 3521 1434 ,
3558 1371 3756 1439 λυττᾷν
3789 1367 3926 1420 κατὰ
3954 1363 4056 1415 τοῦ

2479 1476 2750 1538 σώσαντος
2783 1473 2994 1527 ποιοῦσι
3022 1472 3115 1523 καὶ
3139 1468 3443 1540 μεμηνέναι
3472 1463 3568 1533 τῆς
3594 1460 3851 1527 τοιαύτης
3874 1456 4061 1525 λύπης

2485 1570 2860 1640 ἀρχιδιάκονον
2907 1565 2999 1618 τὸν
3038 1561 3328 1631 εἰρημένον
3381 1556 3645 1615 λαϐόντας
3686 1551 3937 1603 διάκονον
3967 1549 4061 1599 τὶν

2482 1639 2843 1734 Σαραπίωνα⁹
2885 1659 2920 1711 ἃ
2946 1654 3296 1723 διαγινώσκει
3342 1649 3442 1718 μὲν
3484 1647 3513 1698 ὁ
3549 1643 3754 1714 ποιμὴν
3800 1644 3828 1694 ὁ
3865 1639 4061 1701 καλὸς.

2485 1754 2741 1825 φροντίδα
2773 1751 2827 1803 δὲ
2851 1748 3056 1801 τούτων
3085 1742 3340 1813 οὐδεμίαν
3376 1739 3633 1793 ποιεῖται.

2560 1852 2649 1907 ις’,
2713 1841 2886 1912 Ὁρῶν
2917 1840 2970 1892 δὲ
2997 1837 3072 1907 τῷ
3108 1834 3433 1905 φιλαργύρῳ
3462 1828 3623 1882 πάθει
3672 1826 3922 1887 πολλοὺς,
3966 1822 4067 1873 αὺ-

2410 1927 2451 1986 Β
2484 1938 2577 2007 τὴν
2600 1937 2655 1989 δὲ
2684 1936 2787 2006 πρὸ
2808 1933 2915 1986 τῶν
2949 1930 3161 1984 πολλῶν
3192 1924 3627 1998 βασιλευομένων
3654 1920 3752 1988 τὴν
3785 1915 4066 1986 βασιλίδα,

2479 2027 2587 2081 τῶν
2621 2026 2848 2095 ὁμιλιῶν
2890 2023 2987 2093 τὴν
3027 2022 3185 2092 χάριν
3218 2014 3648 2086 ἀντιστρατεύει,
3692 2007 4070 2079 προσωπικῶς

2485 2123 2583 2192 μὲν
2613 2118 2803 2171 οὐδένα
2823 2113 3190 2184 δημοσιεύων,
3218 2110 3371 2178 κοινῇ
3404 2107 3461 2159 δὲ
3487 2108 3619 2158 πᾶσι
3646 2104 3744 2171 τὴν
3774 2098 4061 2168 σωτηρίαν

2483 2210 2780 2277 οἰκονομῶν
2805 2223 2817 2236 ·
2850 2207 2877 2258 ὃ
2910 2205 3039 2266 τοὺς
3068 2200 3471 2270 κρατουμένους
3491 2195 3569 2265 τῷ
3600 2194 3762 2247 πάθει
3796 2189 3939 2243 κατὰ
3971 2189 4070 2239 τοῦ

2490 2301 2674 2371 ἰατροῦ
2712 2297 3059 2370 χαλεπαίνειν
3098 2294 3270 2346 ἐποίει
3298 2292 3389 2345 καὶ
3419 2284 3872 2356 ἀποθηριοῦσθαι.
3904 2280 4075 2332 Ἧκει

2486 2394 2541 2445 δὲ
2567 2396 2595 2445 ὁ
2621 2393 2777 2460 λόγος
2809 2392 2909 2461 ῆδη
2937 2391 3071 2460 πρὸς
3101 2388 3163 2439 τὸ
3199 2383 3515 2453 κεφάλαιον.
3551 2378 3893 2445 Θεοδώρικος
3921 2376 4073 2426 εκεῖ-

2490 2502 2597 2547 νος,
2633 2485 2662 2535 ὁ
2715 2481 3019 2552 τηνικαῦτα
3068 2477 3378 2548 πατρίκιος,
3426 2476 3456 2526 ὁ
3505 2468 3916 2528 πλουσιώτατος
3975 2463 4077 2526 ὢν,

2496 2574 2648 2651 παρᾲ
2675 2575 2771 2643 τῆς
2800 2572 3119 2642 βασιλίσσης
3152 2564 3587 2621 ἐπιϐουλεύεται.
3635 2562 3701 2613 Τί
3733 2558 3828 2612 οὖν
3861 2560 4012 2609 ποιεῖ
4054 2558 4081 2605 ὁ

2500 2648 2812 2736 ἁνήρ;Ἒπ“ι
2834 2665 2925 2716 τὸν
2958 2664 3135 2714 κοινὸν
3166 2660 3501 2726 καταφεύγει
3524 2655 3737 2722 λιμένα,
3780 2651 3875 2703 καὶ
3902 2648 4080 2709 σώζεο

2496 2774 2589 2808 ται
2649 2758 2746 2826 μὲν
2802 2755 2901 2822 τῆς
2958 2750 3166 2804 ἐκεῖθεν
3214 2749 3530 2814 ἐπιϐουλῆς,
3580 2743 3815 2806 σώζεται
3862 2740 3923 2793 δὲ
3979 2742 4083 2805 τὴν

2499 2851 2732 2920 κρείττω
2789 2845 3062 2915 σωτηρίαν
3119 2843 3212 2895 καὶ
3262 2841 3549 2910 μένουσαν,
3603 2836 3807 2905 τρόπον
3864 2833 4079 2902 ἕτερον.

2512 2941 2885 3009 Ἐσκόρπισεν,
2917 2936 3085 2989 ἔδωκε
3113 2936 3224 2996 τοῖς
3253 2932 3469 2999 πένησι.
3506 2929 3627 2991 Πῶς
3652 2946 3666 2992 ;
3703 2924 3815 2979 Τοῦ
3833 2922 4089 2977 διδασκά-

2502 3036 2592 3086 λου
2630 3029 2983 3099 συμϐουλίαις
3018 3027 3111 3078 καὶ
3162 3023 3570 3094 παραινέσεσιν.
3610 3019 3700 3082 Ἐξ
3742 3009 3805 3070 οὗ
3852 3016 3910 3067 τί
3960 3032 4089 3082 κερ-

2502 3128 2708 3193 δαίνει;
2754 3124 2856 3175 Τὸν
2914 3120 3164 3190 οὐράνιον
3220 3114 3513 3184 θησαυρὸν,
3544 3108 3986 3180 πληροφορηθεὶς
4021 3109 4087 3174 τῇ

2508 3219 2648 3273 κατὰ
2680 3217 2771 3269 τὸν
2808 3213 3104 3284 Κορνήλιον
3137 3206 3477 3277 ἐλεημοσύνη
3505 3202 3831 3269 ἐξισωθῆναι
3869 3199 3969 3251 καὶ
3990 3202 4091 3265 τὴν

2506 3310 2692 3366 αὑτοῦ.
2738 3308 2925 3361 Ταῦτα
2960 3302 3209 3374 μαθοῦσα
3258 3303 3291 3368 ὴ
3335 3300 3562 3369 βασιλὶς,
3596 3297 3694 3349 οὐκ
3739 3294 3818 3345 ἔτι
3875 3292 4092 3360 γίνεται

2508 3402 2749 3471 καθεκτή
2772 3417 2784 3430 ·
2820 3400 2886 3450 τὰ
2925 3399 2981 3450 δὲ
3031 3397 3127 3465 τῆς
3172 3393 3470 3454 ἀναιδείας,
3500 3391 3594 3442 καὶ
3622 3391 3719 3458 τῆς
3752 3386 3919 3456 ἄλλης
3953 3402 4091 3455 προ-

2512 3493 2733 3553 πετείας
2780 3484 3318 3557 ἀπηρυθριασμένως
3344 3481 3495 3551 δηλοῖ
3534 3479 3609 3547 τῷ
3645 3477 3821 3545 ἁγίῳ·
3850 3478 4095 3543 ἀποκερ-

2512 3588 2675 3651 δῆσαι
2708 3585 2869 3636 αὑτὸν
2898 3582 2968 3634 τὰ
2997 3580 3091 3632 τοῦ
3122 3561 3413 3648 πάτρικίου
3444 3573 3798 3643 διεφληνάφει
3840 3572 3938 3624 καὶ
3968 3588 4098 3640 προ-

2515 3680 2790 3734 εϐάλλετο.
2831 3676 2895 3727 Ἦ
2928 3674 3036 3744 γὰρ
3075 3671 3168 3725 τοῦ
3219 3670 3617 3739 καθαρεύοντος
3659 3666 3748 3721 διὰ
3793 3664 4101 3734 φιλανθρω-

2516 3772 2646 3824 πίαν
2675 3768 3043 3837 παράκλησις,
3095 3762 3324 3833 ρυπῶσα
3356 3762 3453 3829 τῆς
3492 3758 3863 3829 μολυνομένης
3897 3757 4103 3822 ὑπόλη-

2516 3867 2608 3935 ψις
2636 3859 2723 3931 ἦν.
2760 3859 2989 3925 Αὕξεται
3026 3857 3204 3908 τοίνυν
3240 3854 3313 3921 (τί
3345 3854 3450 3923 γὰρ
3477 3853 3557 3905 δεῖ
3581 3855 3694 3913 τοῖς
3724 3850 3845 3903 καθ’
3868 3849 4101 3901 ἕκαστον

2519 3959 2611 4012 τὸν
2636 3958 2791 4023 λόγον
2820 3950 3150 4020 ἁπασχολεϊν
3176 3947 3212 4015 ;)
3248 3949 3276 3998 6
3299 3946 3440 3997 κατὰ
3468 3943 3561 3996 τοῦ
3592 3941 3748 4010 ἁγίου
3784 3939 3980 4008 φθόνος
4002 3954 4015 3964 ·
4044 3940 4105 3989 ἐκ

2522 4052 2578 4104 δὲ
2608 4049 2798 4102 τούτου
2828 4045 2887 4097 τὸ
2923 4046 3097 4113 μῖσος,
3131 4041 3195 4092 ἐκ
3227 4039 3417 4090 τοᾶτου
3453 4038 3509 4090 al.
3542 4034 3825 4104 λοιδορίαι,
3870 4033 3994 4094 ταῖς
4050 4031 4103 4083 δὲ

2525 4145 2580 4196 αἱ
2598 4140 2861 4203 διαϐολαὶ,
2883 4138 3000 4196 ταῖς
3027 4132 3300 4193 διαϐολαῖς
3318 4132 3384 4182 τὰ
3412 4128 3683 4197 συνέδρια.
3704 4123 4104 4181 Μεταποιοῦσι,

2526 4236 2603 4304 τῷ
2618 4231 2868 4299 δοκεῖνιοὺ
2888 4226 2964 4297 τῷ
2986 4222 3236 4285 εἷναιτὰς
3259 4221 3475 4291 ὁμιλίας
3505 4222 3585 4281 είς
3608 4218 3798 4278 ὕθλους
3826 4215 3973 4268 κατὰ
4003 4215 4108 4266 τῶν

2532 4323 2921 4396 βασιλευόντων
2978 4316 3139 4385 δῆθεν
3181 4310 3705 4385 έξ[εν]ηνεγμένους.
3760 4306 4110 4377 Ἐπιαλύεται

2534 4420 2703 4475 ταῦτα
2742 4416 2903 4469 πάλιν
2934 4413 3110 4472 ἄλλως
3145 4410 3241 4462 καὶ
3280 4408 3347 4476 τῇ
3395 4404 3515 4457 κατ’
3552 4402 3855 4469 Εὑτρόπιον
3898 4400 4108 4468 ὁμιλίᾳ.

2546 4513 2606 4565 '0
2638 4511 2693 4564 δὲ
2730 4509 2930 4579 τρόπος
2978 4502 3243 4572 λεγέσθω,
3302 4498 3578 4565 παίδευμα
3611 4495 3719 4547 τῶν
3748 4492 3968 4545 πολλῶν
4024 4495 4114 4544 καὶ

851 4583 1118 4599 "unus..-
1172 4583 1552 4609 ...γη---ην
1644 4583 1655 4585 ι
2353 4583 2368 4588 _

851 4637 1125 4692 validiora
1167 4644 1424 4688 sermone
1480 4626 1668 4679 habito
1705 4624 1760 4675 in
1808 4618 2156 4687 Eutropium.
2208 4611 2400 4665 Dicatu

2503 4616 2510 4652 ι
2541 4602 2799 4671 ὠφέλεια.
2824 4596 3122 4668 Εὑτρὸπιος
3151 4589 3327 4654 οὗτος,
3355 4585 3654 4658 δυστροπίᾳ
3686 4583 3916 4653 γνώμης
3956 4583 4114 4642 ἄνους

856 4740 1038 4783 autem
1068 4726 1285 4788 modus,
1318 4729 1378 4775 ut
1413 4720 1483 4775 sit
1516 4718 1811 4771 multorum
1844 4711 2094 4767 doctrina
2119 4714 2174 4762 et
2202 4703 2433 4758 utilitas.

860 4822 961 4877 llie
1008 4818 1305 4887 Eutropius
1360 4827 1483 4867 cum
1547 4805 1825 4880 perversis
1867 4808 2015 4858 esset
2079 4795 2327 4851 moribus
2385 4799 2438 4845 et

860 4916 1187 4975 inclemens,
1249 4907 1315 4961 ad
1360 4899 1811 4959 malefaciendum
1860 4902 2041 4947 autent
2085 4889 2395 4943 malitiosus
2422 4928 2436 4951 ,

863 5009 1026 5063 talem
1059 4995 1313 5073 laqueum
1354 4998 1431 5069 (ο
1473 5008 1679 5049 novum
1727 4991 2010 5044 inventum
2045 4982 2100 5047 ί)
2140 4981 2440 5035 fabricatur

864 5071 1305 5154 inliumanitatis.
1371 5084 1674 5142 Persuadet
1722 5077 2038 5149 imperatori
2096 5071 2289 5144 (apud
2338 5072 2442 5124 im-

868 5200 1177 5261 peratorem
1204 5184 1348 5239 enim
1384 5178 1615 5232 multum
1650 5181 1865 5245 poterat
1893 5170 1910 5240 )
1941 5178 1998 5224 ut
2053 5172 2224 5236 legem
2257 5163 2441 5225 ferret,

870 5299 937 5337 ne
994 5282 1079 5334 cui
1144 5277 1335 5330 liceret
1386 5269 1686 5338 confugere
1733 5264 1801 5318 ad
1838 5275 2052 5317 sacram
2098 5266 2153 5313 et
2204 5256 2442 5310 divinam

872 5390 1142 5432 mensam.
1198 5368 1314 5422 Non
1346 5366 1578 5420 multum
1618 5370 1803 5415 autem
1838 5352 2152 5411 intercessit
2188 5346 2445 5417 temporis

872 5482 922 5524 et
957 5468 1076 5522 suis
1109 5463 1318 5532 laqueis
1352 5459 1427 5529 (ο
1451 5458 1652 5527 justam
1678 5464 1895 5522 pmnam
1922 5457 1977 5501 et
2014 5444 2349 5501 celeritatem
2382 5441 2393 5491 !
2431 5440 2446 5507 )

876 5561 1092 5631 capitur
1119 5555 1212 5626 qui
1245 5553 1561 5606 fabricatur.
1585 5543 1742 5600 Cadit
1765 5543 1931 5601 enim,
1965 5547 2019 5591 et
2045 5536 2110 5589 ad
2137 5547 2255 5589 eam
2286 5544 2450 5600 quam

879 5657 1001 5710 aliis
1038 5650 1252 5707 studuit
1286 5646 1598 5716 prohibere,
1652 5634 1899 5703 confugit
1959 5629 2271 5685 ecclesiam.
2324 5622 2452 5675 Pro-

877 5756 998 5814 pter
1038 5746 1152 5797 llaec
1179 5739 1327 5808 justa
1360 5729 1784 5803 reprehensione
1814 5739 1873 5779 ea
1923 5736 2043 5788 qua:
2094 5720 2295 5791 fecerat
2346 5711 2451 5763 Eu-

878 5834 1114 5905 tropius,
1134 5846 1233 5886 suo
1262 5835 1512 5883 sermune
1545 5822 1766 5892 sapiens
1798 5812 2144 5886 persequitur
2172 5806 2414 5861 medicas
2440 5844 2454 5867 ,

881 5938 935 5981 et
965 5927 1071 5981 hoe
1108 5922 1208 5975 fuit
1239 5914 1655 5973 accusatoribus
1684 5911 1787 5963 alia
1824 5904 2109 5975 iniustitia:
2142 5898 2363 5954 occasio
2403 5904 2455 5947 ct

889 6013 1241 6078 insui-lectio,
1271 6020 1322 6062 ut
1356 6009 1449 6080 qui
1482 6021 1605 6064 cum
1649 6018 1755 6058 non
1807 5998 1982 6054 solum
2030 5993 2177 6048 illius
2212 6005 2316 6044 non
2352 5988 2454 6043 ini-

2542 4689 2826 4757 ὑπάρχων,
2861 4682 3113 4737 κακῶσαι
3144 4680 3333 4743 κακὸς,
3372 4676 3614 4729 τοιοῦτόν
3645 4689 3769 4726 τινα
3812 4670 4010 4742 βρόχον
4054 4670 4117 4737 (fu

2540 4782 2638 4850 τῆς
2674 4778 2865 4847 καινῆς
2926 4770 3220 4840 ἐπινοίαςί)
3276 4766 3689 4839 μισανθρωπίας
3746 4764 4112 4817 τεκταίνεται.

2544 4868 2886 4942 Παραπείθει
2941 4866 3032 4919 τὸν
3084 4862 3307 4931 βασιλέα
3364 4860 3481 4929 (καὶ
3516 4857 3626 4927 γὰρ
3672 4850 3739 4926 ἦν
3773 4854 3861 4906 διὰ
3920 4852 4116 4919 πολλῆς

2547 4962 2855 5035 παρρησίας
2903 4958 2981 5025 τῷ
3034 4954 3283 5026 βασιλεῖ)
3342 4950 3726 5020 νομοθετῆσαι,
3778 4946 3873 4998 τοῦ
3917 4945 4117 5015 μηδένα

2547 5057 2745 5121 ἐξεῖναι
2780 5042 3150 5122 προσφεύγειν
3181 5049 3247 5116 τῇ
3283 5044 3402 5114 θείᾳ
3425 5042 3519 5095 καὶ
3552 5042 3675 5111 ἱερᾷ
3700 5038 3976 5110 τραπέζῃ.
4020 5036 4118 5087 Καὶ

2548 5151 2608 5204 οὐ
2638 5147 2771 5201 πολὺ
2806 5146 2865 5198 τὸ
2891 5145 2949 5195 ἐν
2989 5143 3161 5210 μέσῳ,
3208 5138 3302 5191 καὶ
3330 5137 3442 5197 τοῖς
3493 5132 3643 5194 ἰδίοις
3681 5131 3896 5201 βρόχοις
3937 5128 4003 5198 (Co
4032 5130 4120 5193 τῆς

2550 5244 2763 5303 δικαίας
2787 5238 2979 5306 ποινῆς
3013 5254 3071 5287 τε
3103 5234 3199 5286 καὶ
3232 5230 3535 5299 ταχυτῆτος
3558 5228 3597 5295 !)
3628 5228 3657 5279 6
3680 5224 3984 5277 τεκταίνων
4011 5221 4119 5273 ἁλί-

2554 5352 2765 5392 σκεται.
2825 5328 3155 5399 Περιπίπτει
3199 5323 3328 5393 γὰρ,
3381 5326 3476 5374 καὶ
3527 5319 3666 5389 πρὸς
3700 5317 3767 5387 ἣν
3822 5314 3994 5377 αὐτὸς
4021 5314 4123 5371 τοῖς

2554 5430 2734 5489 ἄλλοις
2761 5424 2993 5479 κωλύειν
3024 5417 3380 5478 ἐσπούδακεν,
3421 5410 3719 5480 ἐκκλησίαν
3765 5406 4121 5475 προσφεύγει.

2570 5523 2692 5574 Ἐπὶ
2722 5518 2934 5576 τούτοις
2978 5512 3069 5565 τὸν
3102 5509 3170 5562 δι’
3200 5492 3416 5577 ὁμιλίας
3454 5504 3676 5571 ἔλεγχον
3703 5494 3783 5561 οἷς
3832 5498 4125 5567 Εὑτρόπιος

2558 5615 2803 5683 ἔδρασεν,
2858 5609 2885 5659 6
2918 5603 3078 5672 σοφὸς
3128 5597 3383 5663 διέξεισιν
3435 5593 3639 5681 ἱατρός.
3691 5591 3802 5644 Καὶ
3833 5589 4001 5641 τοῦτο
4026 5585 4125 5643 τοῖς

2560 5676 2891 5774 κατηγόροις
2935 5695 3207 5765 πρόφασις
3236 5688 3451 5749 ἀδικίας
3478 5676 3636 5751 ’ἄλλη
3698 5683 3793 5733 καὶ
3822 5680 4126 5733 ἐπανάστα-

2564 5813 2666 5859 σις,
2715 5793 2791 5863 μὴ
2831 5792 2916 5844 ὅτι
2947 5788 3037 5840 τὸν
3083 5778 3453 5851 δυστυχοῦντα
3501 5776 3601 5828 οὐκ
3646 5771 3955 5835 ἐλεοῦντος,
4008 5766 4127 5819 ἀλλὰ

2570 5888 2662 5941 καὶ
2678 5886 2743 5937 δι’
2764 5883 3025 5950 ἐλέγχων,
3052 5875 3345 5943 λεγόντων,
3381 5868 3750 5939 μαστίξοντος.
3776 5864 3889 5916 Καὶ
3919 5863 4015 5929 τῆς
4046 5858 4129 5927 μὲν

2571 5977 2821 6046 τοιαύτης
2851 5969 3276 6041 ὲπαναστᾴσεως
3309 5964 3550 6034 ἀρχηγός
3598 5976 3655 6011 τε
3710 5955 3800 6008 καὶ
3856 5953 4133 6021 κορυφαῖος
