4182 6440
92 436 177 497 2θέ
722 428 1009 490 ORATIO
1046 428 1270 488 XVIII.
1306 453 1366 464 -
1400 424 1785 488 LAUDATIO
1826 424 1889 487 S.
1928 424 2247 487 .IOANNIS
2288 430 2698 490 CHRYSOST.

3227 434 3335 497 26?.

90 554 113 599 ό
151 544 551 617 Ἀλεξανδρείας
581 542 842 612 Θεόφιλος
893 539 981 615 ἦν.
1019 542 1262 613 Οὐδεμία
1304 544 1383 613 τῷ
1417 560 1654 615 κατηγο⁹

1765 542 1956 606 δειιιιί,
1988 543 2082 598 sed
2110 542 2259 597 illum
2291 544 2457 598 etiam
2490 544 3018 614 reprehensiouilms
3064 543 3335 614 ﬂagellan-

90 642 321 709 poops'vtp
350 639 480 707 περὶ
509 637 716 690 τούτων
750 638 997 706 φροντὶς,
1028 634 1170 707 πλὴν
1195 638 1227 707 ἡ
1257 636 1350 689 τοῦ
1387 637 1651 707 Κρείττο-

92 750 165 794 νος
189 730 476 802 θεραπεία.
511 730 733 800 Ταύτης
758 729 819 783 δὲ
848 729 939 783 διά
987 729 1207 784 πάντων
1237 729 1331 782 καὶ
1364 730 1532 799 μόνης
1554 730 1654 799 τὴν

92 824 333 895 φροντίδα
363 822 709 893 ποιούμενος,
737 821 992 890 διαγνοὺς
1026 821 1147 876 τότε
1174 822 1301 885 τοὺς
1330 822 1399 874 τά
1438 823 1653 893 Ἀρείου

92 918 383 981 νοσοῦντας,
426 914 743 987 χωροῦντας
769 916 853 977 είς
883 917 1244 987 συνακτήρια,
1298 916 1517 987 πρῶτον
1555 916 1654 987 μὲν

92 1011 284 1078 εὖχαῖς,
318 1004 441 1061 εἶτα
490 1008 750 1071 σπουδαῖς
800 1007 1043 1070 ἀπάσαις
1073 1006 1353 1074 ἐξελαύνει
1400 1008 1499 1076 τῆς
1552 1007 1654 1059 πό-

93 1103 226 1163 λεως.
270 1099 414 1152 Ἀλλ’
438 1098 501 1152 οὐ
537 1099 705 1163 πολὺς
739 1100 841 1170 ἤδη
878 1099 1089 1170 προέϐη
1122 1098 1338 1170 χρόνος,
1373 1100 1468 1152 καὶ⁹
1490 1098 1692 1152 πάλιν·

94 1192 492 1265 χειραγωγηθέν
524 1192 585 1245 τὸ
623 1188 958 1262 ’Δρειαδίζον
985 1191 1049 1245 ἐκ
1075 1208 1239 1245 τινων
1284 1192 1383 1261 τῆς
1414 1190 1656 1260 συγκλή-

95 1301 191 1346 :ou,
225 1282 672 1355 παρρησιάζεται
692 1299 707 1314 ο
739 1282 835 1337 καὶ
861 1284 929 1337 τά
955 1282 1209 1336 ἐντεῦθεν
1259 1282 1451 1353 ἀναιδῆ
1496 1300 1655 1351 σιγη-

92 1376 217 1428 τέον.
254 1376 399 1427 Ἀλλ’
426 1370 515 1429 οἷα
556 1375 644 1429 διά
673 1376 780 1429 τῶν
806 1374 957 1429 οὕτω
983 1375 1294 1446 λεγομένων
1333 1374 1655 1444 ἀντιφώνων

106 1471 386 1538 Ἀρειανοῖς
430 1468 723 1537 συμϐαίνει
754 1469 849 1520 καλ⁸
880 1466 1210 1539 ὀρθοδὸξοις,
1249 1467 1359 1519 τῶν
1386 1469 1484 1537 μὲν
1513 1468 1653 1537 λαμ-

96 1562 361 1631 προτέροις
393 1561 588 1631 ῦμνοις
613 1562 676 1614 τὸ
727 1560 1015 1631 όμοούσιον
1071 1560 1513 1630 ίερολογοὺντων,
1549 1562 1655 1615 τῶν

90 1654 138 1706 δὲ
174 1654 468 1723 ’Λρειανῶν
491 1652 937 1722 ταπεινουμένων
968 1654 1061 1706 καὶ
1091 1653 1440 1724 ἡττωμένων,
1473 1656 1567 1707 καὶ
1591 1655 1654 1725 δὴ

91 1749 161 1808 εἰς
189 1746 473 1808 κινδύνους
508 1745 837 1816 ἀμφοτέρων
864 1745 929 1797 ὲκ
968 1745 1067 1814 τῆς
1101 1744 1337 1815 ἁμίλλης
1378 1762 1653 1816 καταντη·

92 1841 299 1903 σάντων,
358 1840 389 1892 6
439 1839 595 1906 λόγος
656 1836 1031 1908 παραδραμὼν
1068 1838 1160 1890 τὸν
1215 1839 1416 1908 τρόπον
1448 1839 1657 1907 λεγέτω

1755 636 2024 691 dicerent.
2062 637 2126 689 Et
2164 636 2329 705 hujus
2357 637 2581 706 quidem
2619 638 3047 693 insnrrcctionis
3083 638 3192 693 dux
3220 652 3339 695 erat

1750 736 1808 782 et
1872 730 2129 799 princeps
2178 727 2519 799 Theophilus
2568 725 2995 786 Alexandrinus.
3050 732 3110 785 Ei
3156 740 3338 786 autem

1757 821 1849 891 qui
1890 822 2282 885 accusabatur,
2323 822 2474 875 nulla
2509 822 2706 876 horum
2749 831 2871 877 erat
2901 837 3057 889 cura,
3104 824 3201 879 sed
3243 839 3336 879 so-

1758 914 1870 967 lum
1902 914 2089 968 cultus
2112 913 2550 983 Omnipotentis.
2591 900 2729 969 Cum
2766 914 2888 985 ejus
2932 923 3115 971 autem
3162 919 3336 973 solius

1757 1020 1948 1059 curam
2006 1012 2225 1074 gereret
2252 1012 2599 1075 perpetuam,
2635 1007 2991 1076 cognovisset
3045 1022 3177 1063 vero
3215 1024 3335 1075 eos,

1753 1099 1849 1168 qui
1882 1100 2080 1152 morbo
2128 1098 2456 1153 laborabant
2488 1098 2627 1164 Arii,
2670 1100 2724 1153 in
2753 1111 2935 1157 cintus
2985 1105 3339 1173 congregari,

1756 1191 1997 1261 primum
2021 1190 2243 1263 quidem
2285 1192 2569 1261 precibus,
2618 1174 2818 1246 deinde
2848 1193 3048 1250 studiis
3083 1194 3343 1251 omnibus

1757 1282 2037 1351 expellite
2072 1282 2322 1336 civitate.
2381 1279 2488 1337 Sed
2544 1297 2653 1337 non
2706 1283 2943 1338 multum
2996 1294 3345 1354 processerat

1755 1376 2043 1443 temporis,
2092 1380 2146 1429 et
2192 1390 2387 1430 rursus
2436 1375 2655 1430 deducti
2704 1374 2892 1429 Ariani
2938 1391 2969 1429 a
3010 1377 3343 1445 quibusdam

1756 1480 1823 1520 ex
1858 1475 2076 1529 senatu,
2111 1466 2288 1522 libere
2321 1477 2618 1522 versantur
2652 1468 2706 1521 in
2740 1469 2982 1523 civitate.
3012 1468 3076 1523 Et
3117 1473 3343 1527 tacenda

1759 1559 1984 1627 quidem
2016 1568 2144 1613 sunt
2167 1561 2351 1629 gravia
2380 1559 2546 1625 mala,
2574 1576 2694 1629 quae
2713 1562 2840 1616 hinc
2862 1573 2996 1618 sunt
3022 1573 3341 1620 consecuta.

1759 1650 1906 1717 Quin
1937 1652 2101 1705 etiam
2136 1668 2257 1721 quan
2289 1668 2385 1722 per
2413 1668 2501 1715 ea,
2537 1652 2660 1721 qua:
2701 1653 2968 1708 dicuntur
2998 1656 3340 1725 Antiphona,

1764 1743 1987 1795 Ariauis
2048 1743 2370 1797 acciderunt
2423 1752 2477 1797 et.
2528 1740 2890 1808 Orthodoxis,
2964 1743 3053 1799 his
3120 1744 3343 1813 quidem

1761 1836 1925 1890 claris
1960 1836 2175 1905 hymnis
2219 1834 2629 1891 celebrantibus
2690 1835 3064 1901 ltomousium,
3114 1836 3345 1907 dejectis

91 1933 175 1999 τῆς
201 1933 305 1986 τῶν
338 1932 667 2000 ἀντιφώνων
690 1932 786 1985 ἀπ’
812 1932 985 2000 ἀρχῆς
1011 1930 1385 2001 παραδόσεως.
1414 1933 1570 1985 Ἐστι
1600 1932 1657 1984 δὲ

1766 1938 1949 1982 autem
1982 1938 2037 1983 et
2069 1928 2346 1998 superatis
2390 1928 2633 1990 Arianis,
2679 1943 2803 1981 cum
2854 1928 3075 1999 utrique
3106 1944 3171 1983 ex
3206 1943 3346 1983 con—

90 2017 224 2087 οὗτος
280 2025 547 2092 Ἰγνάτιος
615 2022 965 2093 Ἀντιοχείας,
1028 2023 1059 2075 6
1110 2022 1407 2094 θεοφόρος,
1471 2023 1655 2096 τρίτος

92 2118 428 2185 χρηματίσας
490 2116 630 2187 μετά
677 2133 739 2183 γε
786 2115 847 2167 τὸ
898 2116 1042 2184 μέγα
1089 2115 1183 2169 καὶ
1215 2118 1510 2186 κορυφαῖον
1548 2115 1658 2167 τῶν

92 2210 384 2263 ἀποστόλων
417 2208 785 2276 καλλώπισμα
817 2207 1044 2278 Πέτρον,
1077 2206 1137 2271 6;
1170 2208 1268 2261 καὶ
1314 2208 1497 2269 αὐτοῖς
1534 2222 1658 2259 συν-

91 2300 305 2370 διέτριϐε
334 2303 454 2362 τοῖς
488 2299 762 2369 μαθηταῖς
801 2298 898 2351 τοῦ
939 2298 1206 2369 Χριστοῦ,
1257 2298 1473 2368 λέγεται
1504 2299 1656 2362 θείας

94 2392 340 2454 ὀπτασίας
417 2390 670 2459 ἀγγέλων
748 2389 1128 2460 κατηξιῶσθαι
1205 2390 1276 2443 δι’
1338 2390 1655 2460 ἀντιφώνων

95 2484 389 2553 ὑμνούντων
423 2484 522 2551 τὴν
548 2485 714 2552 ἀγίαν
744 2486 840 2538 καὶ
880 2484 1167 2553 ὀμοούσιον
1195 2484 1425 2553 Τριάδα.
1467 2484 1556 2550 Ἐξ
1596 2479 1657 2537 οὗ

94 2578 142 2624 ἐν
171 2574 490 2644 ’Δντιοχείςμ
514 2575 607 2626 καὶ
637 2573 850 2626 ἐκεῖθεν
877 2574 1118 2638 ἀπάσαις
1140 2573 1455 2643 ἐκκλησίαις
1484 2577 1517 2645 ἡ
1550 2576 1658 2627 τῶν

96 2665 418 2733 ἀντιφώνων,
512 2666 610 2718 καὶ
642 2667 909 2735 σταυροὺς
937 2667 1248 2736 ἀργυρέους
1274 2666 1391 2727 τοῖς
1420 2663 1658 2732 ἀντιφώ-

94 2774 186 2817 νοις
204 2754 697 2827 παραπήγνυσοαι,
728 2756 939 2826 διεδόθη
970 2754 1294 2827 παράδοσις.
1315 2756 1475 2808 Ἀλλά
1494 2757 1653 2809 τοῦτο

97 2851 181 2917 μὲν
198 2850 288 2903 ὡδί
308 2866 432 2911 πως
456 2850 485 2901 6
508 2849 667 2917 λόγος
695 2847 1053 2917 ἀπήγγειλεν.
1072 2847 1291 2915 Ἐπειδὴ
1316 2847 1372 2901 δὲ
1404 2849 1494 2900 καὶ
1520 2848 1657 2917 ἄλλη

95 2960 165 3005 τις
214 2943 460 3015 ἱστορίας
510 2942 769 3004 ὑπόθεσις
798 2942 1041 3012 ἀπαντᾷ,
1075 2942 1111 3012 ὴ
1163 2940 1306 2994 κατὰ
1329 2942 1421 2994 τὸν
1458 2941 1658 2993 Κελτόν

99 3052 218 3103 mp,
246 3036 449 3088 Γαῖνᾶν
478 3035 572 3087 τὸν
598 3033 899 3104 Ἀρειανὸν,
918 3033 1061 3086 έκὼν
1090 3034 1185 3087 καὶ
1208 3032 1415 3103 ταύτην
1444 3033 1473 3085 6
1499 3033 1658 3101 λόγος

97 3128 550 3198 παραδραμεῖται,
586 3127 714 3188 τοὺς
744 3124 1214 3195 φιλοπονωτέρους
1241 3125 1653 3197 παραπέμπων,

1763 2022 2009 2076 tentione
2063 2012 2345 2074 uenissent
2396 2021 2449 2073 in
2524 2020 2853 2090 periculum,
2916 2024 3346 2090 praetermittens

1760 2116 1941 2169 oratio
1986 2115 2134 2168 dicat
2184 2115 2406 2168 modum
2459 2115 2649 2184 primm
2704 2117 2772 2169 ab
2820 2116 2979 2171 initio
3027 2117 3346 2173 traditionis

1764 2206 2231 2276 Antiphonortim.
2265 2204 2362 2259 llic
2410 2215 2494 2260 est
2529 2215 2711 2260 autem
2748 2226 2761 2260 :
2795 2204 3067 2275 Ignatius,
3104 2207 3196 2275 qui
3230 2208 3336 2263 fuit

1766 2300 1962 2352 tertius
2037 2296 2418 2351 Antiuehemts
2503 2298 2837 2367 episcopus,
2898 2304 3023 2365 post
3082 2313 3342 2368 magnum

1762 2400 1815 2444 et
1879 2405 2155 2444 summmn
2212 2389 2589 2458 apostolorum
2639 2400 3027 2444 ornamentum
3088 2390 3338 2456 Petrum.

1762 2480 2044 2549 quietiam
2078 2480 2441 2535 vcrsattts'est
2467 2487 2593 2534 cum
2628 2480 2765 2550 ipsis
2784 2479 2989 2535 Christi
3021 2468 3341 2553 discipulis.

1762 2572 1961 2625 dicitur
1986 2587 2105 2626 esse
2130 2572 2385 2639 dignatus
2428 2571 2613 2624 divina
2650 2572 2969 2642 angelorum
2995 2572 3231 2638 visione,
3253 2590 3350 2644 per

1763 2663 2073 2732 Antiphona
2104 2662 2442 2717 laudantium
2478 2673 2726 2717 sanctam
2757 2668 2808 2718 et
2832 2665 3076 2735 ejusdem
3097 2670 3352 2721 essentia:

1761 2750 2105 2806 Trinitatem.
2146 2750 2220 2804 Ex
2254 2768 2363 2821 quo
2401 2752 2726 2816 Antiochiae,
2765 2758 2819 2808 et
2887 2752 3041 2809 illinc
3093 2756 3351 2812 omnibus

1761 2842 2033 2903 ecclesiis,
2056 2845 2523 2913 Antiphonornm,
2548 2856 2653 2915 qua
2678 2846 2842 2901 etiam
2862 2862 3060 2903 cruces
3077 2858 3353 2919 argentea

1767 2936 1819 2990 in
1852 2936 2169 3006 antiphonis
2230 2936 2497 3007 figuntur,
2546 2938 2673 2991 data
2714 2945 2798 2993 est
2837 2939 3079 2996 traditio.
3114 2942 3221 2996 Sed
3250 2942 3354 2999 hoc

1771 3029 1990 3099 quidem
2021 3030 2102 3084 sic
2133 3030 2443 3084 enuntiarit
2478 3031 2683 3085 oratio.
2735 3032 3010 3098 Quoniam
3041 3042 3224 3088 autem
3258 3049 3354 3090 oc-

1769 3126 1945 3177 currit
1996 3123 2129 3177 illud
2184 3134 2567 3194 argumentum
2611 3125 2880 3191 historiae,
2915 3126 2985 3182 de
3034 3126 3213 3192 Gallo,
3265 3129 3355 3183 in-

96 3219 124 3287 ἢ
148 3217 500 3301 μᾶλλονητοὺς
532 3215 884 3284 ἀγνοοῦντας,
911 3216 991 3279 εις
1018 3214 1117 3286 τὴν
1147 3214 1291 3269 κατά
1313 3215 1658 3285 Θεοδώρητον

1770 3231 1962 3286 quam,
1985 3214 2155 3270 Gaina
2181 3217 2405 3279 Ariano,
2423 3222 2543 3272 eam
2571 3218 2790 3289 quoque
2809 3216 3005 3276 lubens
3030 3221 3357 3290 praetenuit-

96 3307 541 3380 ἐκκλησιαστικὴν
579 3306 843 3378 ἱστορίαν,
868 3308 993 3378 ἥτις
1028 3306 1303 3360 καὶτοῦτο
1337 3311 1519 3377 ποριεῖ
1546 3310 1659 3370 τοῖς

97 3404 307 3467 ποὶλοῖς,
340 3405 500 3465 ὅπως
529 3400 609 3471 τῷ
644 3401 799 3469 κόπῳ
832 3400 929 3453 καὶ
960 3401 1027 3470 τῇ
1058 3398 1341 3470 παρρησία
1375 3400 1470 3452 τοῦ
1500 3400 1658 3467 ἁγίου

96 3496 514 3566 ἐπιστομίζεται,
568 3493 665 3547 καὶ
696 3493 832 3556 τέως
892 3490 1163 3563 είρηνεύει
1213 3492 1242 3544 6
1295 3489 1661 3562 βαρῦαρώδης

97 3591 277 3652 ἐκεῖνος
309 3589 414 3658 ἀνή
424 3604 482 3658 ρ.

151 3768 226 3833 ιζ’.
270 3767 563 3822 Ἐντεῦθεν
610 3768 667 3820 αι
718 3765 859 3819 κατά
895 3764 993 3818 τοῦ
1040 3763 1307 3832 Ἐφεσίων
1347 3763 1653 3817 ἐπισκόπου

95 3859 303 3914 λὶὀελλοι
345 3859 665 3923 Ἀντωνίου,
712 3860 808 3913 καὶ
836 3860 869 3928 ἡ
906 3858 1042 3927 πρὸς
1078 3858 1314 3925 Ἔφεσον
1344 3856 1438 3909 τοῦ
1469 3858 1661 3926 ἀρχιε-

97 3953 215 4019 ρέως
250 3953 582 4023 ἀποδημίαη
611 3950 706 4004 καὶ
735 3952 767 4019 ἡ
806 3949 1021 4003 πολλῶν
1060 3947 1382 4018 καθαίρεσις
1426 3948 1659 4013 ἔνδικος,

97 4044 276 4115 χρυσίῳ
298 4044 680 4116 φωραθέντων
714 4040 1111 4112 ὲπισκοπῆσαι.
1155 4039 1439 4094 Ἐντεῦθεν
1464 4043 1499 4110 ἡ
1523 4042 1664 4094 κατά

98 4140 368 4192 Ιιαυλικίου
434 4136 590 4205 παρά
655 4152 798 4199 τινος
850 4135 1027 4205 χήρας
1088 4133 1227 4204 πρὸς
1276 4133 1377 4203 τὴν
1419 4131 1664 4199 βασιλίδα

94 4232 346 4300 ἑτκλησις,
384 4228 608 4299 Μικρὸν
640 4228 697 4281 δέ
727 4244 779 4281 τι
828 4227 907 4299 τῷ
935 4226 1236 4297 διηγήματι
1282 4224 1663 4296 χαρισώμεθα.

96 4321 213 4377 Τάδε
253 4326 352 4392 τῆς
398 4322 719 4391 ἑγκλήσεως
772 4316 861 4392 ἦν,
916 4320 1113 4391 χρέους
1163 4316 1497 4387 κατάσχεσις
1533 4317 1665 4371 ὡσεὶ

98 4420 310 4485 χρυσίων
358 4414 766 4468 πεντακοσίων.
810 4414 971 4481 Ἀγει
1030 4412 1088 4465 δὲ
1143 4410 1331 4465 τοῦτον
1360 4412 1393 4480 ὴ
1428 4410 1662 4480 βασιλὶς,

96 4512 171 4560 καὶ
214 4510 271 4563 οὐ
323 4508 606 4580 πρότερον
654 4506 893 4576 ἀνῆκεν,
950 4505 1055 4569 ἕως
1085 4499 1145 4558 οῦ
1181 4505 1430 4579 ἀπῄτησε
1469 4505 1567 4574 μὲν
1606 4504 1664 4571 ἐξ

1767 3315 1842 3361 tet
1873 3308 2074 3372 oratio,
2102 3309 2408 3371 studiosos,
2450 3307 2531 3363 vel
2571 3312 2755 3379 potius
2780 3327 2901 3374 eos,
2926 3312 3021 3380 qui
3072 3312 3355 3381 ignorant.

1766 3399 2054 3455 remittens
2090 3400 2157 3453 ad
2205 3399 2533 3455 Theodoreti
2577 3404 2866 3458 historiam
2895 3403 3354 3469 ecclesiasticam.

1765 3505 1886 3559 quae
1944 3490 2049 3545 hoc
2113 3493 2305 3548 multis
2369 3494 2765 3563 suppeditabit,
2837 3496 3117 3566 quomodo
3176 3499 3356 3553 saneti

1767 3583 1954 3637 labore
1975 3590 2029 3637 et
2059 3582 2278 3637 dicendi
2306 3583 2563 3638 libertate
2585 3599 2649 3639 os
2676 3587 2726 3640 ei
2761 3586 3072 3640 obstruitur
3100 3604 3114 3641 :
3138 3593 3193 3641 et
3225 3599 3358 3642 tunc

1765 3693 1953 3748 pacem
1992 3676 2100 3748 agit
2132 3677 2214 3730 vir
2242 3676 2333 3732 ille
2364 3676 2663 3731 barbarus.
3070 3732 3087 3752 Α

1836 3769 1921 3823 t7.
1951 3770 2091 3823 Hinc
2142 3766 2452 3839 sequuntur
2490 3766 2758 3823 adversus
2813 3766 3179 3838 Ephesiorum
3231 3772 3357 3841 epi-

1766 3874 1993 3931 scopum
2038 3861 2206 3915 libelli
2244 3861 2490 3923 Antonii,
2520 3870 2574 3913 et
2619 3859 2895 3929 pontiﬁcis
2944 3858 3222 3930 Ephesum
3256 3863 3359 3915 mi-

1766 3955 1968 4023 gratio,
1995 3962 2049 4007 et
2078 3953 2227 4021 justa
2257 3951 2555 4006 multormu
2583 3950 2878 4021 depositio,
2902 3951 2998 4021 qui
3028 3953 3357 4023 deprehensi

1767 4054 1897 4100 sunt
1927 4060 2066 4100 auro
2089 4060 2215 4101 esse
2245 4042 2426 4115 adepti
2462 4044 2839 4114 episcopatus.
2880 4043 3084 4101 Deinde
3125 4043 3356 4100 l’aulicii

1768 4153 1795 4190 ιι
1856 4137 2093 4207 quadam
2160 4135 2321 4191 vidua
2378 4137 2520 4206 apud
2593 4137 2999 4206 imperatricem
3049 4138 3349 4191 accusatio.

1768 4230 2093 4301 Largiamur
2148 4244 2280 4283 vero
2333 4222 2582 4283 nonnihil
2641 4229 2972 4283 narrationi.
3021 4228 3357 4285 Coutinebat

1766 4331 1947 4377 autem
1989 4322 2293 4387 accusatio,
2319 4322 2465 4392 quod
2508 4321 2727 4376 debitor
2764 4330 2913 4378 esset
2937 4322 3160 4378 circiter
3190 4323 3356 4395 quin:

1766 4424 2058 4488 gentorum
2118 4426 2436 4470 aureorum.
2480 4415 2616 4470 Eum
2669 4417 2821 4471 ducit
2863 4416 3218 4486 itnperatrix,
3255 4433 3368 4473 nec.

1767 4510 1919 4578 prius
1955 4523 2079 4564 eum
2131 4507 2366 4574 remisit,
2396 4523 2562 4578 quam
2616 4508 2684 4561 ab
2721 4522 2786 4562 eo
2818 4510 3096 4578 exegisset
3129 4510 3357 4579 quanti—

98 4602 239 4655 ιιὺτοῦ
266 4603 574 4679 εποσῧτητα
626 4601 897 4670 χρυσίνων
946 4600 1147 4671 λιτρῶν
1207 4602 1425 4665 ἑκατὸν,
1458 4599 1657 4654 ἀποδὲ-

1768 4611 1930 4655 tatem
1966 4608 2187 4655 centum
2222 4599 2487 4655 librarum
2534 4600 2688 4655 auri:
2718 4599 2957 4655 reddidit
2974 4608 3155 4657 autem
3189 4616 3357 4656 accu—

96 4697 213 4749 εωκε
235 4696 288 4749 δὲ
310 4699 376 4766 τῇ
409 4694 728 4767 ἐγκαλούσῃ
752 4693 1042 4765 χρυσίνους
1074 4694 1269 4765 μόνους
1291 4694 1351 4760 ἓξ
1380 4695 1475 4748 καὶ
1506 4694 1661 4765 τριά-

97 4806 256 4845 κοντα.
290 4790 354 4843 Τί
398 4788 499 4843 οὖν
532 4789 678 4841 ποιεί
701 4788 761 4840 τὸ
799 4786 1065 4856 έγκαλοῦν
1112 4788 1370 4856 γύναιον;
1418 4786 1540 4841 Ἐπὶ
1571 4786 1663 4839 τὸν

99 4882 250 4934 κοινθιν
280 4879 631 4949 καταφεύγει
674 4879 986 4950 προστάτην
1008 4895 1023 4912 ·
1051 4879 1079 4933 6
1109 4879 1167 4933 δὲ
1196 4880 1289 4933 τὸν
1322 4878 1663 4948 ἐγκαλούμε-

100 4992 171 5026 νον
200 4972 320 5045 ἦγε.
344 4975 535 5029 καίτά
564 4973 819 5026 λείποντα
854 4971 949 5025 τοῦ
984 4972 1180 5043 χρέους
1210 4972 1429 5043 ἀπῄτει.
1465 4971 1671 5039 Διέγνω

99 5069 347 5121 καὶτοῦτο
375 5071 410 5137 ή
446 5066 686 5136 βασιλὶς,
712 5068 801 5118 καὶ
824 5064 972 5135 δηλοί
1000 5063 1078 5135 τῷ
1109 5064 1357 5135 ἀρχιερεῖ
1400 5062 1672 5116 ἀπολῦσαι

97 5160 171 5210 τὸν
201 5160 386 5231 ἀνδρα,
416 5160 499 5222 ὡς
543 5157 918 5226 ἀπαιηθὲντα
952 5156 1082 5226 παρ’
1128 5155 1348 5225 ἑαυτῆς.
1380 5156 1672 5218 Ἐνστασις

99 5255 207 5321 περὶ
255 5253 450 5305 τούτου
510 5250 725 5320 σφοδρά
752 5248 883 5318 παρ’
911 5248 1261 5319 ἀμφοτέρων,
1286 5246 1377 5300 καὶ
1408 5246 1561 5310 τέλος
1592 5248 1673 5308 εἰς

99 5344 350 5399 ἀναίδειαν
401 5342 553 5399 κατά
593 5340 691 5397 τοῦ
734 5342 890 5410 ἀγίου
932 5343 1122 5412 χωρεῖ.
1163 5340 1269 5393 Δύο
1300 5338 1410 5409 γάρ
1447 5340 1673 5393 ἑκατον-

98 5436 307 5504 τάρχους
337 5437 441 5490 σὺν
474 5436 596 5498 τοῖς
622 5433 950 5505 ἀρχομένοις
981 5430 1367 5497 ἐξαποστέλλει
1397 5429 1493 5483 τοῦ
1536 5432 1668 5483 ἀπο-

102 5530 285 5582 σπάσαι
328 5529 443 5582 τῶν
487 5526 692 5598 χειρῶν
747 5525 842 5579 τοῦ
896 5505 1052 5593 ἀγίόυ
1106 5525 1201 5577 τὸν
1242 5523 1666 5593 ἐγκαλούμενον.

105 5617 269 5671 Ταῦτα
299 5623 331 5691 ἡ
366 5619 693 5681 πλεονέκτις
726 5617 920 5689 γνώμη
951 5617 1052 5692 τῆς
1085 5615 1424 5686 βασιλίσσης.
1460 5616 1526 5669 Τί
1558 5616 1613 5670 δὲ
1642 5618 1671 5669 6

101 5709 311 5777 δοξάζων
346 5715 478 5776 τοὺς
520 5711 848 5776 δοξάζοντας
891 5711 1077 5775 αὐτὸν,
1118 5710 1421 5775 ὲξουθενῶν
1452 5710 1509 5763 δὲ
1544 5712 1671 5771 τοὺς

103 5806 566 5877 καταφρονοῦντας
593 5806 765 5871 Θεόςς
801 5805 1068 5874 Ἄγγελον
1092 5804 1277 5868 αὐτοῖς
1310 5803 1540 5874 φοϐερὸν
1570 5804 1668 5855 ἑπ-

102 5898 297 5965 σφῖησιν
328 5902 385 5952 ἐν
420 5898 695 5973 ῥομφαία·
726 5898 787 5951 ὃν
815 5901 848 5969 ἡ
878 5897 1087 5968 πληθὺς
1134 5896 1319 5964 ἐκείνη
1354 5894 1664 5965 θεασαμένη

107 5991 322 6056 φρικτῶς
362 5995 440 6056 εἰς
481 5992 555 6045 τά
598 5989 845 6061 πρόθυρα
877 5988 1097 6055 στάντα,
1130 5989 1226 6045 καὶ
1262 5986 1471 6051 τούτοις
1504 6003 1671 6039 κατα-

1771 4693 1957 4747 satrici
1986 4702 2196 4746 tantum
2228 4707 2322 4748 sex
2351 4701 2403 4747 et
2428 4693 2651 4761 triginta
2681 4707 2880 4748 aureos
2907 4708 3183 4748 nummus.
3213 4691 3355 4760 Quid

1769 4801 1903 4856 ergo
1956 4782 2087 4840 facit
2148 4800 2268 4856 qua:
2340 4786 2638 4839 accusabat
2711 4785 2944 4840 mulier?
2982 4784 3243 4857 Confugit
3289 4789 3357 4840 ad

1773 4888 2123 4932 Communem
2169 4878 2536 4933 defensorem.
2575 4879 2670 4932 Ille
2717 4886 2897 4934 autem
2940 4878 3357 4949 produceudmn

1771 4971 1987 5025 curavit
2012 4986 2136 5025 eum
2175 4970 2266 5041 qui
2316 4970 2705 5034 accusabatur,
2731 4980 2788 5025 et
2821 4972 2890 5027 ab
2921 4987 2988 5026 eo
3017 4973 3269 5044 exigebat
3302 4974 3356 5027 id

1769 5064 1915 5134 quod
1965 5063 2234 5132 reliquum
2288 5070 2410 5117 erat
2457 5052 2645 5117 debiti.
2700 5064 2818 5116 Hoc
2874 5077 3092 5131 quoque
3134 5063 3359 5118 rescivit

1775 5155 2095 5225 imperatris
2119 5198 2133 5221 ,
2162 5171 2283 5224 quae
2322 5156 2655 5226 significavit
2697 5155 2971 5225 pontilici,
3013 5162 3072 5209 ut.
3105 5172 3229 5211 eum
3273 5158 3359 5209 di-

1772 5247 2035 5313 mitteret,
2076 5264 2202 5302 cutn
2236 5249 2354 5318 ipsa
2387 5248 2456 5301 ab
2494 5248 2589 5302 illo
2615 5249 2889 5318 exegisset
2933 5249 3246 5318 pecuniant.
3283 5248 3358 5303 De

1772 5338 1874 5392 hac
1912 5353 1971 5393 re
2002 5340 2145 5393 inter
2175 5343 2471 5409 utrumque
2514 5341 2811 5407 vehemens
2851 5340 3101 5395 exoritur
3140 5350 3361 5395 conten-

1773 5432 1887 5497 tio;
1922 5441 1978 5487 et
2006 5443 2284 5502 postremo
2307 5448 2396 5487 res
2421 5448 2487 5488 eo
2517 5432 2828 5498 deducitur,
2854 5444 2910 5488 ut
2940 5448 3036 5504 per
3068 5433 3354 5504 impuden.

1774 5521 1907 5575 tiam
1970 5523 2297 5591 procedatur
2346 5516 2611 5579 adversus
2667 5534 2944 5581 sanctum.
2996 5523 3164 5578 Mittit
3211 5525 3360 5579 enim

1777 5613 1920 5668 duos
1949 5616 2303 5669 centuriones
2334 5631 2459 5669 cum
2485 5617 2601 5673 suis
2634 5619 2981 5682 cohortibus,
3022 5625 3083 5670 ut
3109 5632 3234 5671 eum
3265 5619 3360 5687 qui

1776 5707 2177 5773 accusabatur,
2212 5722 2241 5760 a
2268 5710 2446 5763 sancti
2501 5711 2759 5765 manibus
2800 5707 3204 5763 ahstraherent.
3236 5708 3363 5763 llzec

1778 5815 1943 5856 avara
1976 5814 2131 5855 mens
2181 5801 2572 5871 imperatricis.
2610 5801 2751 5867 Quid
2790 5812 2969 5854 auth
3001 5800 3093 5869 qui
3148 5801 3359 5869 glorifi-

1778 5899 1865 5946 cat
1901 5904 2016 5953 eos,
2054 5890 2145 5961 qui
2186 5890 2361 5959 ipsum
2400 5889 2732 5959 gluriﬁcant,
2763 5889 2917 5941 nihili
2954 5899 3135 5941 autem
3177 5886 3365 5954 pendit

1780 5998 1908 6049 cos,
1944 5982 2036 6052 qui
2087 5983 2264 6053 ipsum
2319 5990 2716 6049 contemnunt,
2766 5980 2943 6033 linis?
2980 5979 3243 6048 Augolnm
3282 5980 3364 6031 eis
