4188 6456
762 346 869 411 ξ’ᾶῖ

2029 338 2308 402 LEONIS
2338 341 2803 403 PHILOSOPHI

3932 343 4068 406 26‘.

765 460 933 512 mittit
974 454 1272 510 terribilem
1305 449 1357 503 in
1397 448 1927 518 rliomplima.Quem
1968 462 2093 502 eum
2130 448 2221 501 illa
2264 450 2347 501 vi-

2480 449 2765 518 τληκτικῶς
2798 451 3144 513 ἀπαντῶντα,
3178 450 3355 521 δειλία
3385 452 3481 519 μὲν
3514 452 3601 503 καὶ
3633 451 3779 522 φόϐῳ
3814 456 3946 504 sui
3961 472 4078 516 ,σε-

765 552 942 604 dissct
974 546 1267 601 multitudo
1304 543 1648 597 horribiliter
1683 553 1917 594 stantem
1967 542 2021 593 in
2064 541 2351 595 vestibulis

768 651 823 696 et
848 642 928 696 eis
946 635 1660 702 occurrentemmiiuaeiter,
1695 634 1851 687 timet
1878 632 2100 701 quidem
2126 641 2179 688 et
2204 642 2349 689 metu

771 731 1043 786 adicitur:
1082 728 1378 781 revertitur
1408 734 1590 781 autem
1645 740 1769 779 eum
1807 733 2046 780 tremore
2075 734 2128 780 ct
2158 741 2350 796 magna

769 821 1152 885 admiratione,
1172 828 1225 873 et
1257 819 1549 874 similibus.
1571 817 1707 872 Cum
1742 818 1855 873 haec
1885 828 2065 873 autem
2099 819 2355 875 rescivis-

769 924 852 971 set
882 914 1223 985 imperatrix,
1253 920 1397 964 metu
1429 910 1652 981 quidem
1680 912 1910 965 allicitur
1931 928 1945 974 ;
1968 919 2148 964 servat
2173 918 2353 964 autem

769 1005 1113 1064 inimicitias,
1148 1014 1199 1056 et
1235 1011 1483 1056 armatur
1518 1002 1585 1056 ad
1620 1002 1938 1056 vindictam.
1970 1001 2166 1055 Anima
2208 1002 2353 1055 enim

770 1099 937 1156 semel
972 1098 1114 1151 victa
1142 1095 1392 1165 pecuniis
1416 1135 1429 1157 ,
1475 1103 1529 1147 et
1560 1095 1901 1148 vehementia
1933 1109 2198 1165 oppressa
2226 1109 2359 1147 ava-

771 1192 931 1253 ritiae,
965 1204 1071 1242 non
1110 1195 1291 1256 potest
1320 1186 1559 1241 coerceri
1601 1184 1755 1239 freno
1807 1188 2008 1241 mentis
2044 1186 2360 1255 temperan-

770 1285 867 1337 tis.
914 1280 1214 1350 Diligenter
1252 1294 1382 1349 ergo
1437 1279 1633 1348 quaerit
1679 1279 2035 1349 imperatrix,
2086 1293 2356 1348 quasnam

773 1376 1007 1431 insidias
1050 1373 1320 1427 invenerit
1352 1372 1620 1425 adversus
1659 1371 1973 1442 pontilicem
2012 1388 2025 1424 :
2059 1369 2360 1439 aliquando

771 1468 993 1537 quidem
1042 1464 1329 1527 minantis,
1363 1461 1662 1531 aliquando
1695 1475 1826 1515 vero
1871 1460 2207 1516 blandientis
2234 1477 2358 1530 per-

775 1574 969 1613 sonam
1018 1556 1353 1625 suscipiens.
1403 1553 1494 1607 Ille
1528 1563 1710 1605 autem
1744 1560 1930 1606 manet
1980 1552 2239 1617 invictus,
2273 1551 2362 1605 lir-

776 1664 1011 1719 musque
1038 1656 1093 1703 et
1124 1645 1443 1705 immobilis,
1475 1643 1542 1697 ab
1570 1658 1678 1695 uno
1719 1644 1838 1697 solo
1873 1643 2136 1713 pendens,
2168 1658 2361 1736 nempe

771 1758 802 1795 a
838 1737 1119 1795 communi
1150 1737 1395 1792 omnium
1429 1737 1629 1790 salute.
1657 1733 1775 1789 Non
1808 1750 2028 1801 possum
2061 1733 2360 1789 autem'sa-

2449 548 2561 605 ται,
2613 540 2943 612 ὑποστρέφει
2978 542 3035 595 δὲ
3081 543 3177 595 σὺν
3232 545 3419 613 τρόμῳ
3465 544 3561 596 καὶ
3608 544 3806 613 θάμϐει
3857 544 4079 613 πολλῷ

2460 632 2554 686 καὶ
2582 635 2695 695 τοῖς
2728 633 3036 702 ὁμοίοις.Ἦ
3068 632 3278 703 βασιλὶς
3309 635 3365 687 δὲ
3399 633 3569 688 ταῦτα
3604 635 3877 705 μαθοῦσα,
3911 654 4075 688 suv-

2456 727 2661 795 ἑχεταιι
2682 727 2780 795 μὲν
2804 728 2881 797 τῷ
2904 728 3035 792 δέει,
3069 727 3336 795 φυλάσσει
3365 729 3419 781 δὲ
3450 729 3550 797 τὴν
3578 729 3900 797 ἀπέχθειαν,
3952 729 4077 782 καὶ

2457 820 2592 888 πρὸς
2633 820 2731 888 τὴν
2783 819 2997 886 ἄμυναν
3064 817 3469 881 ἀνοοπὶίζεται.
3528 821 3687 889 Ψυχὴ
3742 824 3854 891 γὰρ
3896 821 4078 885 ἅπαξ

2458 910 2754 979 ἡττηθείσα
2809 912 3132 980 χρημάτων,
3171 913 3267 964 καὶ
3304 912 3380 979 τῷ
3432 911 3646 982 σφοδρῷ
3691 914 3787 980 τῆς
3843 915 4077 965 πλεον-

2405 1041 2411 1047 .
2459 1002 2607 1069 εξίας
2641 1002 3015 1071 καταγομένη,
3070 1004 3307 1065 διανοίας
3340 1002 3439 1053 οὐκ
3469 998 3575 1053 οῐδε
3607 1004 3886 1071 νηφούσης
3910 1005 4081 1056 ἀνα-

2460 1094 2802 1165 χαιτίζεσθαι
2833 1094 3055 1163 χαλινῷ.
3081 1095 3363 1148 Φιλοπονεῖ
3408 1095 3586 1148 τοίνυν
3630 1094 3750 1148 τίνα
3787 1096 3855 1148 ἂν
3896 1095 4083 1164 εὖροι

2465 1186 2747 1254 μεθοδείαν
2804 1186 3075 1256 ἡβασιλὶς
3114 1187 3255 1239 κατὰ
3314 1184 3407 1238 τοῦ
3467 1186 3788 1256 ἀρχιερέως,
3830 1188 3911 1257 πῆ
3955 1187 4086 1254 μὲν

2460 1276 2569 1329 τῶν
2607 1277 2869 1339 ἀπειλῶν,
2905 1279 2980 1346 πῆ
3017 1276 3072 1328 δὲ
3107 1264 3218 1328 τῶν
3270 1275 3522 1329 θωπειῶν
3558 1275 4085 1345 ἐπιμορφαξομένη

2460 1364 2537 1435 τῷ
2573 1365 2921 1434 προσωπείῳ.
2966 1364 3023 1417 '0
3060 1364 3116 1417 δὲ
3151 1364 3425 1433 ἀήττητος
3482 1362 3633 1433 μένει
3680 1362 3775 1414 καὶ
3821 1362 4086 1425 παγιος,

2463 1458 2522 1509 ἐν
2570 1454 2763 1525 μηδενὶ
2844 1456 3239 1525 σαλευόμενος,
3302 1454 3420 1516 ἐνὸς
3488 1456 3655 1523 μόνου
3707 1449 3805 1524 τῆς
3857 1452 4083 1521 κοινῆς

2463 1549 2722 1603 ἁπάντων
2766 1548 3041 1617 σωτηρίας
3103 1546 3493 1618 ἐξηρτημένος.
3542 1546 3651 1599 Καί
3690 1564 3778 1616 μοι
3833 1545 4084 1615 θαυμά-

2466 1641 2581 1705 ζειν
2636 1641 2886 1693 σύνεστιν
2940 1640 3050 1705 ἀεὶ,
3098 1642 3192 1692 καὶ
3233 1640 3477 1709 θάμὸους
3505 1638 3907 1707 ἐμπίπλασθαι,
3960 1640 4079 1691 τὸν

2466 1734 2610 1785 θεῖον
2653 1733 2843 1787 τοῦτον
2879 1731 3168 1795 ἐννοοῦντι,
3223 1732 3319 1784 καὶ
3377 1732 3552 1801 μέγαν
3607 1730 3916 1800 θεράποντα
3942 1772 3963 1794 ,
4006 1731 4083 1781 τὸ

768 1829 844 1884 tis
890 1825 1193 1890 admirari,
1232 1824 1488 1893 c03itans
1534 1824 1680 1879 hunc
1727 1839 1985 1892 magnum
2018 1833 2071 1877 et
2115 1824 2357 1877 divinum

2480 1825 2701 1895 (ρυσοῦν
2742 1825 2910 1887 ὅντως
2945 1824 3141 1891 στόμα,
3176 1823 3278 1891 τῆς
3313 1823 3468 1885 θείας
3514 1823 3929 1891 φιλανθρωπίας
3967 1823 4087 1875 τὸν

780 1921 869 1973 llei
916 1932 1171 1980 servum,
1221 1931 1283 1971 os
1315 1931 1442 1971 vere
1491 1931 1718 1969 aureum
1748 1957 1760 1981 ,
1810 1930 2116 1984 praeconem
2168 1914 2365 1970 divinae

774 2011 1162 2080 benignitatis,
1192 2009 1338 2077 quod
1386 2019 1607 2077 propter
1648 2010 1896 2061 omnium
1957 2002 2193 2063 salutem
2227 2009 2367 2063 adeo

771 2111 891 2158 erat
921 2102 1193 2157 sollicitus
1220 2108 1274 2155 et
1316 2100 1453 2155 adeo
1484 2099 1902 2166 incendebatur,
1941 2109 1995 2156 et
2024 2102 2209 2155 omnia
2240 2116 2368 2169 pro-

773 2196 990 2259 videns,
1024 2209 1145 2264 quae
1172 2209 1326 2249 meus
1348 2191 1516 2248 Deum
1540 2193 1761 2263 dignata
1782 2192 1985 2259 videre,
2010 2202 2187 2264 potest
2220 2193 2373 2248 iuvcw

772 2288 896 2344 nire
924 2289 988 2341 ad
1015 2288 1271 2351 salutem,
1301 2300 1408 2339 non
1444 2285 1776 2339 destituehat
1816 2286 1906 2339 ille
1936 2300 2053 2350 eos,
2084 2286 2176 2354 qui
2214 2293 2371 2339 erant

774 2381 1019 2451 ejusdcm
1052 2380 1285 2452 generis,
1314 2380 1451 2433 adeo
1487 2388 1565 2443 ut,
1586 2378 1729 2448 quod
1750 2387 1832 2432 est
1859 2379 2098 2432 mavime
2137 2377 2373 2432 admira-

776 2474 883 2527 bile
904 2472 986 2526 vel
1018 2470 1174 2526 inviti
1199 2470 1356 2524 multi
1385 2472 1679 2541 peripsum
1714 2470 1942 2525 salutem
1978 2472 2089 2523 sint
2114 2472 2371 2525 assecuti.

855 2567 939 2620 l8.
977 2565 1082 2620 Sed
1117 2580 1242 2620 cum
1272 2566 1387 2619 hzec
1420 2568 1491 2618 ita
1520 2580 1578 2619 se
1607 2564 1870 2618 haberent
1894 2606 1909 2630 ,
1935 2574 1989 2617 et
2020 2563 2262 2619 Ecclesia
2291 2564 2376 2618 di-

776 2668 919 2712 vina:
969 2656 1090 2711 lidei
1141 2657 1516 2712 illustraretur
1547 2658 1953 2725 splendorihus,
1991 2665 2045 2711 et
2099 2657 2376 2712 illumina-

776 2751 927 2804 tione
974 2749 1195 2820 pietatis
1249 2749 1359 2802 vita
1424 2750 1662 2803 lidelium
1732 2749 2060 2819 relulgeret,
2093 2766 2199 2804 non
2252 2752 2378 2805 tulit

778 2844 1065 2898 hominum
1094 2841 1353 2896 inimicus
1375 2882 1389 2903 .
1428 2843 1547 2907 sed,
1577 2843 1722 2894 sicut
1760 2857 1788 2894 a
1827 2858 1909 2896 me
1935 2842 2138 2897 dictum
2166 2851 2246 2895 est
2280 2859 2341 2897 su
2362 2873 2375 2882 -

778 2931 989 3000 pet-ius,
1023 2937 1292 2984 convocat
1327 2930 1559 2984 rebelles
1592 2944 1712 2999 qua:
1740 2937 1869 2984 sunt
1902 2931 2006 2984 sub
2032 2945 2096 2983 eo
2131 2939 2378 3000 potesta-

779 3029 973 3097 tes,.et
1001 3020 1184 3096 omnia
1227 3017 1516 3097 confundit
1543 3026 1595 3073 et
1633 3021 1914 3090 pervertit,
1946 3036 2151 3093 susque
2198 3020 2377 3091 deque

779 3096 1153 3180 permiscens,
1190 3096 1255 3167 ἐι
1306 3098 1759 3179 multoscorgen-s
1788 3122 1866 3166 et
1921 3112 2383 3181 compellens-{ut

783 3218 939 3257 suam
997 3212 1270 3255 terrenam
1312 3181 1641 3255 red-merent
1694 3196 1987 3269 malitiam.
2020 3195 2094 3266 Et
2127 3200 2368 3273 primum

784 3291 1006 3365 quidem
1040 3292 1443 3353 instrumentis,
1468 3292 1745 3360 quomodo
1767 3293 1897 3345 olim
1944 3304 2223 3361 serpente,
2256 3308 2373 3345 ma-

784 3378 919 3440 litia:
952 3400 1082 3440 usus
1115 3383 1452 3454 Theophila,
1474 3380 1532 3439 et
1587 3380 1905 3451 Severiano,
1937 3388 2135 3441 Acacio
2181 3395 2229 3442 et
2268 3385 2373 3441 An-

785 3480 991 3542 tiocho,
1046 3489 1099 3534 et
1145 3478 1483 3547 presbyteris
1537 3478 1865 3548 quihusdam
1918 3489 1971 3533 et
2009 3480 2279 3544 diaconis,
2317 3487 2371 3535 et

787 3580 1053 3641 prmterea
1085 3587 1113 3625 e
1143 3580 1337 3625 senatu
1395 3571 1635 3638 feminis,
1665 3588 1785 3641 qua:
1826 3583 1957 3626 sunt
1987 3575 2212 3643 antiqua
2251 3576 2373 3643 ejus

791 3678 966 3725 arma,
996 3661 1451 3731 locupletissimis
1483 3661 1664 3715 viduis
1700 3672 1753 3715 et
1786 3662 2244 3725 sceleratissimis,
2278 3680 2375 3735 pa-

790 3754 934 3807 ravit
974 3762 1201 3806 mortem
1231 3759 1444 3806 sancto.
1486 3752 1639 3805 Dicat
1669 3752 1866 3822 aliquis
1890 3753 2072 3807 Acacii
2104 3752 2376 3807 Berrhmze

792 3844 1036 3913 episcopi
1095 3843 1449 3898 temerarium
1506 3853 1561 3898 et
1610 3847 1978 3898 inconsultum
2039 3860 2372 3912 sermonem,

790 3940 884 4006 qui
911 3938 976 3991 ad
1002 3946 1207 3991 tantam
1246 3942 1490 4006 pervenit
1517 3940 1833 4003 amentiam,
1863 3948 1920 3991 ut
1946 3938 2151 3993 diceret
2184 3957 2196 3992 :
2225 3938 2374 4006 Sine,

794 4044 896 4097 ego
914 4029 961 4083 ei
987 4028 1192 4098 parabo
1217 4029 1403 4091 ollam,
1436 4028 1504 4082 de
1530 4038 1722 4081 sancto
1750 4029 1799 4082 id
1836 4029 2023 4084 dicens
2052 4029 2378 4085 scelestissi-

798 4137 940 4175 mus.
1001 4120 1205 4174 Deinde
1252 4122 1419 4173 mittit
1465 4120 1627 4172 etiam
1676 4120 1888 4190 aliquos
1936 4118 2282 4174 Antiochiam
2327 4130 2380 4175 et

797 4221 984 4283 pOstea
1034 4210 1445 4275 Alexandriam,
1475 4210 1603 4279 quid
1641 4208 1918 4264 facturos?
1953 4209 2019 4263 Ut
2068 4220 2384 4265 scrutaren-

797 4315 889 4358 tur
923 4303 1104 4358 saueti
1135 4303 1336 4357 delicta
1370 4318 1398 4354 a
1428 4302 1739 4370 juventute.
1770 4299 1912 4367 Quid
1943 4300 2203 4355 dieis?ln
2244 4304 2380 4357 civi-

797 4405 962 4449 tatem
988 4394 1228 4448 cualestis
1259 4394 1407 4447 illius
1437 4393 1595 4457 civis,
1632 4382 1756 4461 qiue
1787 4393 2076 4445 verborum
2098 4402 2150 4448 et
2170 4409 2381 4448 morum

2469 1918 2709 1987 κήρυκα,
2763 1918 2847 1969 ὃτι
2903 1916 3071 1980 κατὰ,
3098 1913 3354 1967 τοσοῦτον
3408 1914 3508 1983 τῆς
3562 1915 3816 1967 ἁπάντων
3866 1914 4085 1965 ἕνεκεν

2473 2008 2746 2078 σωτηρίας
2782 2006 2991 2076 ἠγωνία
3048 2007 3141 2059 καὶ
3190 2008 3513 2059 ἀνεκαίετο·
3576 2014 3669 2058 καὶ
3722 2006 3829 2058 πᾶν
3877 2005 4085 2057 ὁτιοῦν

2473 2099 2925 2172 προμηθούμενος
2970 2099 3077 2152 τῶν
3123 2100 3223 2151 ὅσα
3273 2098 3428 2162 νοῦς,
3473 2097 3565 2151 τὸν
3593 2098 3724 2150 Θεὸν
3754 2097 4085 2165 ἠξιωμένος

2471 2194 2624 2262 ὀρᾷν,
2655 2192 2931 2261 εὑρίσκειν
2961 2190 3040 2252 είς
3070 2189 3346 2258 σωτηρίαν
3370 2190 3620 2253 δύναται,
3652 2187 3744 2241 τοῦ
3759 2186 4086 2257 ὁμογενοῦς

2474 2286 2681 2347 ἐκεῖνος
2722 2285 2782 2337 οὐ
2836 2282 3207 2352 διελίμπανεν’
3240 2281 3381 2334 ὥστε
3429 2283 3523 2333 καὶ
3553 2282 3817 2345 ἄκοντας,
3860 2280 3928 2333 τὸ
3958 2296 4087 2335 παν-

2482 2375 2855 2446 ραδοξὸτατον,
2888 2375 2956 2426 δι’
2997 2373 3163 2427 αὐτοῦ
3196 2371 3436 2443 σωθῆναι
3469 2372 3721 2437 πολλούς.

2550 2562 2639 2631 ιη’.
2696 2561 2855 2615 Ἀλλὰ
2906 2560 3113 2614 τούτων
3162 2559 3308 2614 οὕτω
3355 2558 3715 2629 διακειμένων
3743 2601 3758 2626 ,
3816 2560 3916 2613 καὶ
3965 2561 4086 2629 τῆς

2492 2655 2820 2725 Ἐκκλησίας
2860 2657 2975 2716 ταῖς
3025 2654 3123 2722 τῆς
3151 2653 3302 2714 θείας
3332 2652 3573 2714 πίστεως
3608 2651 4042 2721 ἀκτινοῦολούση
4054 2669 4087 2715 ς

2484 2751 2899 2820 μαρμαρυγαῖς,
2951 2748 3044 2800 καὶ
3094 2749 3161 2815 τῇ
3223 2744 3428 2814 λάμψει
3480 2745 3579 2814 τῆς
3631 2744 3919 2805 εὐσεϐείας
3972 2743 4083 2795 τοῦ

2484 2842 2599 2912 βίου
2642 2840 2750 2892 τῶν
2805 2839 3013 2890 πιστῶν
3053 2836 3555 2906 ὲξαστράπτοντος,
3615 2836 3716 2889 οὐκ
3755 2838 3994 2906 ἠνεγκεν
4050 2839 4086 2890 ὁ

2487 2933 2891 3005 μισάνθρωπος·
2919 2929 3076 2994 ἀλλὰ,
3144 2929 3287 2981 καθά
3333 2946 3425 2998 μοι
3456 2929 3548 2982 καὶ
3582 2928 3788 2982 ἀνωθεν
3820 2929 3922 2998 ήδη
3980 2928 4084 2982 λέ-

2483 3027 2673 3078 λεκται
2704 3065 2718 3087 ,
2771 3021 3125 3089 συγκαλείται
3171 3020 3270 3083 τὰς
3324 3020 3417 3073 ὐπ’
3468 3020 3632 3073 αὐτὸν
3686 3021 4080 3083 ἀποστατικὰς

2483 3119 2765 3188 δυνάμεις,
2816 3118 2909 3171 καὶ
2936 3116 3007 3170 τά
3050 3116 3231 3169 πάντα
3266 3117 3459 3184 συγχεί
3494 3116 3587 3168 καὶ
3620 3117 3943 3185 συστρέφει,
3980 3118 4086 3170 καὶ

2482 3210 2596 3265 ἀνω
2630 3209 2725 3261 καὶ
2751 3207 2902 3261 κάτω
2929 3209 3095 3271 ποιεῖ,
3130 3206 3385 3260 συνωθῶν
3411 3206 3505 3257 καὶ
3539 3205 3881 3259 συνελαύνων
3936 3207 4086 3258 πολ.

2481 3301 2604 3362 λούς
2638 3298 2779 3369 πρὸς
2814 3299 2907 3351 τὸν
2950 3297 3306 3366 καταχθόνιον
3330 3300 3428 3367 τῆς
3463 3299 3659 3352 ἑαυτοῦ
3701 3299 3903 3361 κακίας
3942 3298 4089 3351 ὐπο-

2480 3391 2805 3464 τροπισμὸν.
2833 3391 2942 3444 Καὶ
2974 3390 3195 3459 πρῶτον
3224 3391 3324 3461 μὲν
3359 3390 3611 3459 ὀργάνοις
3636 3431 3652 3457 ,
3686 3390 3940 3461 καθάπερ
3975 3394 4088 3445 πά-

2482 3484 2571 3539 λαι
2597 3484 2675 3553 τῷ
2721 3483 2841 3551 ὄφει
2890 3483 2987 3553 τῆς
3022 3482 3216 3545 κακίας
3246 3482 3589 3552 χρησάμενος
3613 3522 3626 3543 ,
3661 3482 3907 3552 Θεοφίλῳ
3972 3484 4082 3537 καὶ

2483 3572 2815 3644 Σευηριανῷ,
2852 3574 3093 3643 Ἀκακίῳ
3155 3574 3252 3626 καὶ
3292 3574 3551 3642 Ἀντιόχῳ
3588 3574 3984 3644 πρεσδυτέροις
4018 3576 4087 3629 τέ

2482 3682 2593 3718 τισι
2636 3664 2730 3718 καὶ
2778 3664 3065 3729 διακόνοις,
3101 3665 3191 3717 καὶ
3243 3658 3322 3727 οἷς
3356 3664 3465 3716 τῶν
3527 3666 3591 3716 ὲκ
3616 3664 3716 3734 τῆς
3745 3666 4087 3734 συγκλήτου,

2486 3758 2564 3810 ἔτι
2594 3758 2650 3810 δὲ
2680 3758 2772 3811 καὶ
2800 3757 3035 3825 γυναιξὶ,
3060 3758 3136 3827 τῷ
3185 3757 3397 3827 ἀρχαίῳ
3444 3757 3614 3827 ὅπλῳ,
3650 3759 3849 3828 χήραις
3906 3758 4087 3811 πλου-

2490 3849 2784 3912 σιωταταις
2814 3867 2870 3902 τε
2922 3850 3017 3902 καὶ
3048 3850 3440 3919 μιαρωτάταις,
3468 3851 3559 3903 τὸν
3590 3851 3729 3903 κατά
3785 3848 3880 3902 τοῦ
3914 3852 4090 3917 ἁγίου

2488 3941 2707 4011 διήρτυε
2747 3941 2996 3997 θάνατον.
3038 3942 3258 4010 Λεγέτω
3305 3959 3389 4005 τις
3440 3942 3534 3995 τοῦ
3594 3942 3856 4013 aspectu;
3908 3944 4088 3995 Ἀκα-

2490 4033 2609 4087 κίου
2634 4033 2732 4103 τὴν
2755 4035 2833 4097 εἰς
2866 4032 3120 4088 τοσοῦτον
3155 4035 3352 4102 μανίας
3388 4034 3777 4104 χασμολογίαν,
3800 4034 4089 4101 εἰπόντος,

2497 4126 2720 4193 Ἔασον,
2760 4126 2871 4194 ἐγὼ
2911 4127 3098 4195 ἀρτύω
3126 4127 3331 4197 χύτραν
3362 4128 3438 4197 τῷ
3475 4128 3636 4197 ἁγίῳ,
3664 4128 3893 4196 φάσκων
3932 4129 3965 4179 ὁ
4002 4130 4092 4179 ὲν-

2494 4222 2815 4288 αγέστατος.
2862 4219 3094 4272 Ἔπειτα
3128 4219 3222 4272 καί
3253 4237 3403 4284 τινας
3437 4220 3644 4290 πέμπει
3695 4220 3831 4287 πρὸς
3875 4220 4091 4270 Ἀντιό-

2492 4327 2667 4379 χειαν,
2719 4310 2810 4362 καὶ
2864 4310 3002 4379 μετά
3031 4309 3236 4378 ταύτην
3266 4311 3347 4373 είς
3386 4310 3838 4380 Ἀλεξάνδρειαν·
3874 4311 3928 4363 τί
3966 4311 4090 4365 δια·

2498 4402 2870 4471 πραξομένους
2898 4420 2912 4465 ;
2972 4403 3081 4465 Τὰς
3126 4404 3190 4455 ὲκ
3222 4402 3474 4472 νεότητος
3506 4401 3600 4455 τοῦ
3631 4402 3790 4469 ἁγίου
3821 4402 4091 4472 πλημμε-

801 4489 950 4541 illius
990 4486 1290 4557 fragrantia
1342 4484 1549 4538 bonum
1597 4485 1779 4538 emisit
1832 4484 2056 4539 odorem
2098 4499 2272 4554 usque
2310 4483 2373 4538 ad

2495 4495 2644 4556 λείας
2691 4494 3171 4565 ἐξερευνήσοντας.
3205 4495 3269 4546 Τί
3307 4493 3517 4561 λέγεις;
3554 4493 3705 4547 πόλιν
3736 4492 3947 4546 ἐκείνου
3988 4492 4087 4545 τοῦ

800 4581 1087 4635 cmlestem
1130 4588 1185 4633 et
1214 4593 1506 4649 supernam
1539 4579 1815 4631 civitatem
1866 4576 2192 4639 Jerusalem,
2220 4594 2384 4647 quam

801 4674 1082 4727 intuentes
1113 4671 1280 4724 etiam
1318 4669 1637 4723 meretrices
1671 4669 2133 4723 sanctdicantur?
2162 4669 2263 4723 Sed
2296 4669 2387 4723 de-

800 4766 1036 4836 fecerunt
1068 4772 1364 4817 scrutantes
1419 4763 1918 4828 scrutationes",ct
1950 4772 2289 4818 evanuerunt
2330 4765 2384 4817 in

801 4859 1232 4929 cogitationibus
1285 4857 1426 4915 suis.
1472 4866 1532 4910 ut
1579 4857 1828 4912 dicamus
1873 4873 1997 4911 eum
2047 4855 2379 4911 Psalmista:

803 4953 1098 5005 Conversus
1129 4962 1204 5003 est
1230 4951 1367 5002 enim
1395 4949 1546 5002 labor
1575 4965 1755 5002 eorum
1787 4949 1839 4999 in
1866 4959 2022 5017 caput
2055 4965 2234 5002 eorum
2255 4949 2389 5011 ",ut

804 5044 1109 5114 procedens
1136 5043 1280 5096 dicet
1303 5045 1501 5107 oratio,
1535 5055 1587 5097 et
1629 5041 1899 5111 injustitia
1923 5057 2113 5096 eorum
2157 5042 2385 5096 descen-

804 5136 886 5190 dit
917 5138 972 5189 in
1002 5137 1263 5190 verticem
1301 5151 1490 5190 eorum
1514 5176 1529 5198 ,
1566 5135 1681 5189 luce.
1728 5135 1923 5188 callide
1960 5136 2308 5190 niaehinante
2337 5146 2389 5189 et

806 5236 1139 5299 procurante
1180 5227 1501 5296 Theophila.
1545 5226 1747 5292 Quales
1793 5237 1971 5281 autem
2006 5235 2059 5282 et
2098 5242 2261 5297 quam
2305 5243 2391 5281 so-

808 5322 1059 5393 phistica:
1097 5322 1260 5390 hujus
1302 5320 1393 5373 Dei
1426 5321 1599 5375 hostis
1654 5321 1904 5385 malitiae,
1941 5336 2091 5373 vanze
2112 5328 2164 5374 et
2199 5321 2390 5376 inanes

810 5430 967 5483 nugae
990 5415 1194 5469 fuerint
1230 5414 1493 5467 adversus
1531 5412 1823 5465 Dominum
1856 5424 1907 5466 et
1945 5413 2207 5468 adversus
2229 5411 2392 5465 Chri—

812 5518 956 5563 stum
1002 5507 1157 5576 ejus,
1204 5520 1669 5575 supervacaneum
1720 5513 1801 5557 est
1842 5504 2045 5559 dicere.
2112 5503 2395 5570 Quomodo

812 5613 991 5657 autem
1021 5617 1081 5657 se
1105 5602 1336 5671 gesserit
1370 5600 1422 5653 in
1458 5600 1642 5653 ﬁdeles
1672 5609 1723 5651 et
1760 5610 1980 5654 sanctos
2012 5601 2308 5653 monachos
2343 5611 2394 5655 et

813 5697 868 5748 in
927 5696 1105 5764 ipsum
1148 5696 1483 5765 pontiﬁcem,
1519 5692 1782 5747 studiosis
1828 5693 2161 5763 signiﬁcabit
2205 5690 2390 5751 iretis.

842 5837 927 5887 ."
954 5838 1095 5893 Psal.
1134 5852 1285 5893 L'tlll.
1316 5839 1364 5889 7.
1450 5840 1490 5869 ’θ
1527 5836 1666 5890 Γςτιι.
1704 5852 1796 5898 ἐπι,
1840 5836 1919 5888 l7.

2492 4587 2938 4659 οὐρανοπολίτου,
2972 4588 3005 4657 ἦ
3035 4587 3112 4656 τῷ
3160 4586 3351 4640 εὐώδει
3397 4586 3507 4639 τῶν
3540 4587 3749 4639 ἐκείνου
3784 4585 3962 4653 λόγων
3992 4588 4089 4638 καὶ

2493 4679 2710 4748 τρόπων
2729 4679 2862 4750 ἄχρι
2883 4678 2991 4732 τῶν
3014 4679 3283 4749 οὐρανίων
3312 4680 3408 4732 καὶ
3429 4681 3527 4749 τῆς
3551 4679 3664 4732 ἄνω
3692 4679 4087 4749 μητροπόλεως

2503 4773 2858 4844 Ἰερουσαλὴμ
2898 4773 2995 4841 τὴν
3030 4772 3263 4825 εὐωδίαν
3314 4773 3620 4837 ἀνέδωκεν,
3648 4773 3716 4841 ἢν
3770 4773 4084 4843 καθοριῖισαξ

2491 4868 2585 4920 καὶ
2639 4865 2837 4936 πόρναι
2900 4865 3363 4934 καθαγιάζονταις
3418 4866 3568 4919 Ἀλλ’
3623 4865 3912 4928 ἐξέλιπον
3985 4869 4086 4929 ἐξ·

2491 4957 2854 5027 ερευνῶντες
2908 4958 3349 5027 ἐξερευνήσας,
3408 4958 3503 5011 καὶ
3560 4957 3985 5027 ἐματαιώθησαν
4032 4962 4087 5011 ἐν

2498 5054 2608 5114 τοῖς
2639 5050 3009 5121 διαλογισμοῖς
3075 5052 3254 5105 αὐτῶν
3279 5092 3295 5114 ,
3332 5051 3393 5103 τὸ
3439 5049 3534 5103 τοῦ
3566 5050 3884 5119 ψάλλοντος
3940 5053 4079 5104 Ἔπ-

2499 5143 2769 5211 εστράφη
2806 5144 2913 5212 γὰρ
2942 5147 2974 5200 ό
3003 5144 3192 5210 πόνος
3222 5142 3422 5197 αὐτῶν
3444 5145 3531 5209 εις
3566 5143 3837 5212 κεφαλὰς
3864 5144 4085 5204 αὐτῶν,

2499 5237 2573 5298 ὼς
2607 5236 2706 5307 ήδη
2748 5236 2958 5303 προϐὰς
3004 5238 3031 5290 ὁ
3069 5236 3225 5304 λόγος
3258 5236 3470 5290 ἐκεῖθεν
3501 5238 3619 5307 ἐρεῖ
3646 5278 3660 5302 ,
3688 5238 3787 5290 καί
3820 5237 3858 5302 ἠ
3886 5238 4088 5291 ἀδικία

2498 5328 2695 5382 αὐτῶν
2722 5328 2819 5381 ἐπὶ
2852 5329 3120 5397 κεφαλὰς
3139 5328 3358 5393 αὐτῶν,
3378 5329 3806 5396 καταϐέϐηκεν,
3827 5328 4089 5397 Θεοφίλου

2502 5420 2677 5473 ταῦτα
2728 5419 2916 5483 δεινῶς
2981 5421 3492 5489 ἀρχιτεκτονοῦντος
3541 5422 3636 5474 καὶ
3688 5422 4085 5483 διατάττοντος.

2514 5511 2727 5565 Ὀποίαι
2758 5511 2822 5580 δὴ
2858 5513 2951 5563 καὶ
2992 5511 3091 5579 τῆς
3123 5510 3288 5563 αὐτοῦ
3328 5509 3424 5565 τοῦ
3454 5510 3742 5580 θεομισούς
3772 5514 4090 5579 σοφιστικαὶ

2506 5603 2603 5673 τῆς
2653 5604 2852 5666 κακίας
2897 5604 3177 5673 τερθρεῖαι
3208 5604 3349 5657 κατά
3398 5604 3492 5656 τοῦ
3550 5604 3777 5672 Κυρίου,
3822 5603 3918 5654 καὶ
3950 5607 4088 5655 κατὰ

2505 5695 2599 5751 τοῦ
2634 5695 2865 5768 Χριστοῦ
2895 5696 3079 5763 αὐτοῦ,
3103 5696 3355 5765 περιττὸν
3398 5695 3600 5764 λέγειν’
3635 5694 3849 5748 κα’.ὰδὲ
3880 5694 4090 5747 πιστῶν
