4188 6456
140 402 242 467 265

774 402 1056 461 ORATIO
1098 400 1391 461 XVlllr-
1435 396 1822 459 LAUDA'I‘IO
1863 399 1923 457 S.
1959 397 2281 458 JOANNIS
2315 400 2722 460 CIIIIYSOST.

3286 397 3392 459 £66

152 513 400 585 μοναχῶν
447 514 540 567 καὶ
571 513 756 577 ὁσίων,
787 513 882 564 καὶ
912 512 1078 564 αὐτοῦ
1109 510 1204 564 τοῦ
1239 508 1563 580 ἀρχιερέως,
1603 509 1717 568 τοῖς

1822 505 1932 561 Nec
1960 507 2011 561 id
2053 508 2255 572 solum,
2290 509 2382 563 sed
2422 523 2486 562 ea
2535 510 2723 574 etiam,
2756 523 2875 577 qum
2910 507 3038 562 fecit
3076 522 3199 560 cum
3247 518 3393 563 esset

144 606 446 672 φιλοπόνως
482 606 516 672 ἡ
553 604 861 672 ἀνάγνωσις
884 604 1128 671 γνωριεῖ.
1172 602 1248 653 Οὐ
1277 607 1440 671 μόνον
1474 599 1554 663 δὲ,
1580 596 1719 651 ἀλλὰ

141 694 231 747 καὶ
266 688 358 746 οἶά
396 710 517 746 τινα
549 692 652 763 δρᾷ
697 693 832 763 πρὸς
878 691 979 762 τὴν
1022 689 1375 762 Ἀλεξάνδρου
1404 690 1717 759 γενόμενος,

138 787 260 854 ἄρτι
310 788 703 856 παραιτητέον,
766 785 803 839 ἃ.
848 784 926 855 τῷ
971 784 1182 839 ἐκεῖθεν
1227 782 1718 854 δημοσιευθήσεται

139 879 429 947 κριτηρὶῳ⁸
463 878 624 948 ἡμεῖς
653 878 713 938 δὲ
745 877 883 946 πρὸς
910 876 980 929 τὰ
1004 878 1182 929 οἰκεῖα
1213 874 1505 946 χωρῶμεν.

210 966 298 1021 ιθ⁹.
329 969 691 1037 Διαγινώσκει
718 968 810 1022 οὖν
835 970 863 1021 ὀ
894 968 1146 1036 βασιλεὺς
1170 970 1321 1039 παρά
1355 984 1517 1020 τινων
1547 967 1719 1037 ἀσκη-

136 1061 239 1114 τῶν
270 1064 389 1124 τοῖς
420 1062 754 1133 κατηγόροις
812 1062 908 1115 καὶ
942 1060 1185 1130 Θεοφίλῳ
1213 1059 1281 1114 τὰ
1301 1059 1578 1129 δρώμενα.
1610 1060 1717 1113 Καὶ

135 1150 217 1203 διὰ
247 1151 453 1221 πολλῆς
496 1152 597 1222 μὲν
652 1154 752 1223 τῆς
790 1150 1092 1221 ταχύτητος
1138 1152 1231 1206 καὶ
1274 1151 1558 1221 δυνάμεως
1594 1151 1717 1219 ἄγει

135 1242 219 1293 τὸν
248 1240 529 1311 Θεόφιλον.
569 1244 775 1313 Γράφει
809 1244 865 1295 δὲ
891 1243 987 1296 καὶ
1011 1248 1148 1314 πρὸς
1165 1244 1257 1297 τὸν
1292 1242 1511 1313 Ῥώμης
1554 1244 1716 1296 Ἰννο-

137 1337 345 1391 κέντιον
372 1336 694 1407 πρεπόντως
716 1335 811 1389 καὶ
840 1336 1101 1401 συνετῶς,
1127 1336 1196 1390 τά
1222 1353 1282 1388 τε
1319 1335 1476 1400 ἄλλα,
1500 1337 1595 1389 καὶ
1617 1334 1716 1404 τὴν

134 1426 441 1496 ἀποστολὴν
494 1427 606 1481 ἀπὸ
644 1426 865 1496 Ῥώμης
915 1430 1139 1497 ταχεῖαν
1212 1425 1321 1478 τῶν
1394 1425 1717 1494 ὀφειλόντων

137 1518 516 1586 ἀκροάσασθαι
548 1518 615 1570 τὰ
645 1519 788 1572 κατὰ
816 1519 1095 1587 Θεόφιλον·
1133 1516 1212 1571 ἔτι
1243 1518 1299 1570 δὲ
1340 1518 1434 1570 καὶ
1464 1515 1600 1586 πρὸς
1623 1512 1716 1566 τὸν

137 1607 261 1661 ἴδιον
298 1607 534 1676 ἀδελφὸν
562 1609 659 1661 καὶ
692 1609 915 1678 βασιλέα
969 1605 1248 1678 ⁸ονώριον,
1294 1604 1715 1676 παρασκευάσαι

136 1700 219 1749 τὸν
248 1699 447 1751 πάπαν
504 1698 647 1752 κατὰ
692 1700 758 1752 τὰ
792 1698 1070 1769 γραφέντα
1105 1697 1254 1764 αὺτῷ
1292 1692 1711 1765 διαπράξασθαι.

134 1791 194 1845 Οἳ
224 1794 318 1847 καὶ
372 1792 684 1861 δεξάμενοι,
720 1791 1234 1861 παρασκευάζονται
1284 1789 1382 1858 μὲν
1428 1786 1564 1854 πρὸς
1615 1784 1714 1855 τὴν

135 1882 332 1937 τούτων
356 1884 738 1955 ἐκπλήρωσιν·
773 1883 1199 1952 διασκεψάμενοι
1232 1880 1309 1942 δὲ,
1329 1879 1402 1942 ὡς
1436 1878 1501 1932 ἂν
1537 1878 1613 1949 μὴ
1634 1877 1712 1946 τῷ
1748 1864 1787 1919 Β

135 1977 281 2043 τάχει
310 1977 416 2043 τῆς
442 1977 745 2046 ἀποστολῆς
798 1979 853 2029 ἐν
902 1972 1475 2030 Κωνσταντινουπὸλει
1522 1987 1713 2041 χρονοο

137 2068 488 2137 τριδήσωσιν,
545 2068 721 2127 ἄλλως
774 2084 833 2118 τε
875 2067 967 2119 καὶ
1016 2064 1116 2135 τὴν
1154 2063 1573 2131 ἐπισυναγωγὴν
1605 2060 1713 2113 τῶν

135 2159 328 2211 λοιπῶν
384 2160 937 2227 προσεπινοήσαντες,
974 2158 1232 2226 δευτέραν
1282 2155 1502 2226 γραφὴν
1532 2171 1710 2222 προσ·

135 2253 395 2321 δέχονται.
436 2252 501 2305 Τί
531 2248 625 2305 οὖν
654 2254 682 2305 ὁ
715 2252 887 2313 δεινὸς
932 2252 1145 2311 ἐκεῖνος
1188 2250 1283 2303 καὶ
1316 2250 1560 2312 ποικίλος
1591 2249 1712 2303 θεο-

142 2347 327 2413 ειισὴςς
367 2343 558 2397 Ταῦτα
583 2342 888 2414 διαμαθὼν,
918 2342 1266 2410 ἐξανίσταται
1311 2342 1713 2414 μοχθηρότερον

141 2435 268 2486 κατὰ
292 2433 395 2487 τοῦ
426 2434 817 2505 ἀρχιποιμένος
839 2433 935 2487 κα]⁵
974 2436 1075 2503 τῆς
1108 2432 1343 2501 ποίμνης
1382 2432 1618 2503 ἐκείνης,
1654 2433 1713 2493 ὃς

140 2525 207 2591 τῷ
243 2524 459 2593 βασιλεί
486 2524 584 2587 τὰς
613 2523 776 2576 αὑτοῦ
802 2523 1131 2593 διεσάφησεν
1157 2523 1571 2594 ἀρῤῃτοποιίας.
1605 2525 1715 2576 Καὶ

139 2617 479 2686 πλασάμενος
528 2616 596 2668 τὰ
648 2615 788 2669 κατὰ
841 2615 933 2668 τοῦ
997 2614 1328 2685 Ὠριγένους,
1379 2615 1715 2684 συναρπάζει

142 2710 224 2759 κεί
250 2708 545 2762 σπένδεται
590 2707 692 2776 τὴν
740 2706 878 2778 πρὸς
905 2706 996 2760 τὸν
1028 2708 1200 2775 μέγαν
1244 2707 1562 2774 Ἐπιφάνιον
1603 2707 1715 2760 K6-

142 2818 265 2857 τοο-,ι
295 2800 509 2870 φιλίαν,
538 2799 615 2863 ὼς
642 2799 801 2870 δῆθεν
825 2800 894 2852 τὰ
937 2799 1255 2869 Ὠριγένους
1274 2798 1712 2853 διακαταϐαλεῖν.

143 2894 517 2961 Συναπάγεται
570 2892 781 2954 τούτοις
814 2893 842 2943 ὁ
884 2890 1218 2959 Ἐπιφάνιος,
1264 2891 1359 2945 καὶ
1414 2890 1716 2958 συναγωνί-

143 2984 282 3044 ζεται
310 2982 579 3051 Θεοφίλῳ·
625 2974 672 3049 ᾧ
718 2976 786 3051 ἦν
838 2982 866 3033 ὁ
919 2980 1142 3050 σύμπας
1182 2981 1383 3044 σκοπὸς
1412 2980 1510 3050 τῆς
1551 2996 1716 3033 σπου-

141 3075 225 3141 δξς
262 3073 406 3127 κατὰ
458 3072 557 3126 τοῦ
604 3073 761 3140 ἁγίου
817 3070 909 3124 καὶ
951 3072 1057 3124 τῶν
1109 3071 1417 3141 εἰρημένων
1460 3069 1715 3138 ἀσκητῶν

143 3164 487 3218 ἁποδλέπων.
512 3165 669 3217 Μετὰ
701 3162 875 3216 ταῦτα
905 3162 992 3227 τίς
1034 3161 1222 3214 Πιίοει
1260 3160 1350 3212 τὸν
1395 3161 1712 3229 Ἐπιφάνιον
1739 3197 1781 3253 c

143 3256 336 3321 γράψαι
394 3252 477 3322 τῷ
523 3252 770 3322 Ἰωάννῃ,
822 3250 930 3304 τῶν
976 3249 1283 3320 Ὤριγένους
1326 3247 1523 3316 βίϐλων
1601 3248 1710 3301 άπ-

141 3343 351 3413 έχεσθαι
383 3343 484 3396 καὶ
512 3342 775 3412 μηδαμῶς
804 3341 1135 3410 συμφρονεῖν
1159 3340 1364 3401 αὐτοῖς.
1385 3338 1442 3390 '0
1456 3338 1512 3391 δὲ
1543 3338 1713 3407 μέγας

142 3436 294 3497 ὅντως
318 3428 480 3496 οὗτος
508 3432 893 3502 Χρυσόστομος
954 3428 1125 3484 ταῦτα
1157 3428 1470 3498 δεξάμενος,
1503 3429 1580 3499 τῷ
1610 3446 1711 3482 κα-

144 3525 283 3595 θαρῷ
326 3525 425 3580 τοῦ
472 3524 818 3593 φρονήματος
853 3522 956 3576 οὐκ
982 3520 1265 3591 ἐφρόντιζε
1300 3519 1409 3573 τῶν
1438 3520 1709 3588 ἐπεμϐαι-

145 3617 353 3677 νόντων,
389 3616 529 3685 μόνα
572 3612 631 3667 δὲ
663 3613 731 3666 τὰ
768 3612 866 3683 τῆς
898 3612 1173 3683 σωτηρίας
1226 3610 1552 3682 διεμερίμνα
1599 3613 1713 3665 διαο

146 3707 351 3769 παντός,

204 3794 269 3854 κ’.
313 3798 483 3854 Ἀλλὰ
516 3798 692 3852 ταῦτα
746 3797 843 3867 μὲν
883 3797 1194 3861 ἀκολούθως
1252 3799 1366 3861 τοῖς
1424 3797 1712 3867 πράγμασι

141 3888 425 3959 aut-pexo»
451 3892 483 3941 ὁ
518 3890 675 3957 λόγος
701 3888 959 3960 ἐδήλωσεο
993 3890 1198 3960 μεταξὺ
1229 3889 1286 3943 δὲ
1315 3889 1423 3942 τῶν
1454 3890 1713 3943 τοιούτων

144 3982 173 4048 ἡ
216 3982 311 4051 τῆς
340 3981 790 4052 τεολυθρυλλήτου
828 3982 1006 4053 χήρας
1046 3981 1363 4052 παρέστηκε
1392 3980 1487 4035 τοῦ
1528 3983 1712 4050 ἀμπε-

143 4070 297 4135 λῶνος
324 4072 603 4141 διήγησις,
641 4072 776 4143 πρὸς
797 4074 862 4144 ἢν
891 4071 1345 4144 καθισ[τ]άμεθα.
1367 4072 1710 4140 Θεόγνωστος

147 4164 360 4229 ἐκεῖνος,
394 4163 424 4215 δ
458 4163 693 4233 εὐσεϐὴς
742 4165 838 4218 καὶ
882 4164 1097 4229 πιστὸς,
1148 4159 1230 4225 είς
1279 4165 1376 4218 καὶ
1416 4164 1577 4227 αὐτὸς
1604 4164 1714 4217 τῶν

145 4255 345 4308 οἰκείων
399 4254 483 4326 τῷ
523 4255 734 4325 βασιλεῖ
793 4255 1081 4328 ’Δρκαδίῳ·
1126 4256 1303 4325 φθόνῳ
1335 4255 1393 4310 δὲ
1444 4256 1711 4323 διαϐόλου,

147 4346 228 4398 καὶ
254 4347 418 4399 Γαΐου
445 4346 545 4400 τοῦ
579 4347 650 4400 τά
683 4348 892 4417 Ἀρείου
937 4345 1258 4418 φρονοῦντος
1294 4347 1515 4418 διαϐολῇ
1549 4364 1712 4401 συκο-

148 4442 416 4501 φαντεῖται
448 4438 586 4508 πρὸς
612 4438 840 4508 βασιλέα
869 4439 1232 4507 Θεόγνωστος,
1266 4439 1361 4492 καὶ
1401 4439 1499 4509 τὴν
1530 4440 1712 4494 ἄδικον

1820 598 2187 661 Alexandrim,
2235 599 2349 667 jam
2392 609 2521 654 sunt
2558 601 2929 668 praetereunda
2967 617 2981 665 ;
3017 614 3136 667 qua:
3175 599 3391 666 quidem

1824 691 2250 760 publicahuntur
2275 694 2345 746 ab
2365 707 2453 755 eo,
2477 690 2622 760 quod
2657 693 2768 744 illic
2796 694 3036 746 futurum
3060 688 3392 760 estjudicio.

1820 781 1931 837 Nos
1968 790 2150 837 autem
2172 784 2533 851 procedamus
2561 783 2628 838 ad
2656 794 2864 838 nostra.

1895 965 1979 1018 I9.
2010 964 2306 1035 Cognoscit
2328 980 2458 1034 ergo
2509 968 2804 1034 imperator
2843 981 2871 1019 a
2920 966 3241 1035 quibusdam
3276 984 3396 1023 mo-

1824 1057 2037 1119 nachis,
2067 1073 2190 1125 qua:
2223 1058 2291 1113 ab
2334 1059 2755 1112 accusatoribus
2803 1059 2942 1112 facta
2983 1067 3111 1113 sunt
3135 1067 3189 1112 et
3213 1058 3394 1113 Theo-

1824 1148 1993 1217 philo.
2032 1149 2082 1201 Is
2134 1158 2312 1203 autem
2356 1162 2550 1219 magna
2600 1150 2881 1203 celeritate
2919 1158 2975 1205 et
3026 1150 3077 1204 vi
3105 1150 3260 1220 jubet
3299 1152 3395 1203 ad-

1820 1240 1948 1293 duci
2020 1237 2407 1308 TheOphilum.
2475 1240 2678 1294 Scribit
2752 1254 2879 1292 vero
2947 1240 3013 1293 ad
3076 1240 3393 1310 pontificem

1822 1330 2134 1385 Romanum
2190 1330 2563 1386 Innocentiqu
2598 1331 2824 1402 pulchre
2852 1340 2905 1386 et
2949 1333 3241 1401 sapienter,
3268 1347 3393 1387 cum

1819 1424 1946 1488 alia,
1979 1432 2092 1476 tum
2140 1432 2199 1477 ut
2262 1425 2372 1479 cito
2421 1423 3124 1492 Romaaproﬁciscerentur
3160 1425 3251 1491 qui
3328 1425 3396 1479 de

1819 1513 2121 1585 TheOphiIo
2148 1522 2567 1588 cognoscerent.
2597 1515 2866 1570 Praeterea
2910 1523 3092 1570 autem
3124 1515 3190 1569 ad
3227 1531 3389 1569 suum

1817 1620 2039 1677 quoque
2068 1606 2291 1661 fratrem
2315 1615 2370 1661 et
2402 1607 2791 1676 imperatorem
2834 1606 3158 1667 Honorium,
3193 1615 3252 1659 ut
3285 1606 3398 1659 elli-

1816 1710 1965 1754 ceret
1986 1706 2045 1752 ut
2074 1714 2211 1769 papa
2239 1709 2633 1770 exsequeretur
2660 1714 2722 1753 ea
2752 1714 2873 1769 quae
2895 1700 2962 1754 ad
2986 1700 3163 1769 ipsum
3192 1700 3397 1768 scripta

1818 1788 2055 1843 fuerant.
2093 1788 2199 1856 Qui
2228 1805 2353 1844 cum
2387 1805 2451 1845 ea
2470 1791 2842 1861 accepissent,
2872 1804 2932 1845 se
2964 1790 3395 1859 parantquidcm

1816 1878 1882 1932 ad
1914 1893 1976 1932 ea
2008 1878 2309 1948 implenda.
2340 1880 2476 1935 Cum
2512 1889 2693 1935 autem
2724 1879 3088 1943 dubitassem,
3124 1896 3190 1934 ne
3220 1880 3265 1935 si
3290 1883 3399 1933 cito

1814 1968 2183 2035 mitterentur,
2235 1979 2448 2039 tempus
2500 1978 2742 2025 tererent
2793 1971 3299 2039 Constantinopoli,
3344 1982 3399 2025 et

1816 2058 2019 2128 alioqui
2050 2061 2410 2129 Oppericnlcs
2441 2062 2571 2115 dum
2606 2061 2799 2130 reliqui
2835 2077 3054 2131 quoque
3103 2076 3398 2131 congrega-

1816 2160 2027 2212 rentur.
2084 2160 2410 2220 exspectant
2455 2152 2728 2207 secundas
2779 2153 3013 2208 litteras.
3072 2153 3216 2218 Quid
3266 2168 3401 2221 ergo

1814 2243 1965 2296 aner
1990 2243 2082 2296 ille
2101 2251 2155 2297 et
2179 2253 2397 2298 astutus
2419 2243 2509 2298 Dei
2537 2244 2750 2299 hostis?
2771 2244 2892 2299 llaec
2910 2260 3035 2299 cum
3060 2244 3398 2305 rescivisset,

1817 2335 2054 2405 insurgit
2084 2337 2404 2393 sceleratius
2452 2338 2718 2393 adversus
2763 2348 3042 2408 pastorum
3074 2338 3410 2408 principem,

1824 2434 1881 2481 et
1906 2427 2058 2482 illum
2085 2443 2333 2497 gregem,
2362 2428 2456 2498 qui
2489 2429 2801 2499 imperatori
2851 2429 3061 2485 nefaria
3097 2432 3219 2501 ejus
3256 2432 3401 2485 facta

1816 2528 2184 2586 cxposuerant
2226 2526 2316 2574 :et
2363 2535 2488 2575 cum
2537 2521 2589 2573 in
2641 2537 2738 2575 eos
2769 2520 3126 2577 conduxisset
3183 2537 3403 2576 errores

1817 2606 2091 2680 Origenis,
2139 2626 2397 2681 magnum
2458 2610 2825 2682 Epiphanium
2863 2612 3028 2683 Cypri
3076 2618 3394 2682 episcopum

1818 2701 1883 2755 ad
1926 2718 1988 2757 se
2016 2702 2268 2765 attrahit,
2309 2708 2366 2757 et
2402 2716 2526 2757 cum
2580 2718 2646 2758 eo
2678 2702 2781 2757 init
2820 2703 3138 2766 amicitiam,
3171 2709 3229 2755 ut
3266 2716 3400 2756 con-

1817 2801 2042 2862 gregata
2095 2794 2326 2863 synodo,
2382 2794 2589 2863 scripta
2660 2795 3083 2865 reprehenderet
3120 2791 3394 2863 Origenis.

1820 2883 1915 2940 llis
1949 2885 2231 2940 inducitur
2253 2885 2616 2954 Epiphanius,
2653 2895 2708 2942 et
2740 2886 2847 2942 fert
2878 2901 3036 2955 opem
3068 2883 3396 2955 Theophila.

1818 2976 1989 3045 Cujus
2024 2977 2315 3032 universus
2342 2977 2511 3033 studii
2539 2994 2742 3047 scopus
2786 2994 2896 3033 non
2959 2978 3067 3034 alio
3116 2979 3400 3048 spectabat

1816 3083 1981 3138 quam
2007 3068 2274 3123 adversus
2306 3077 2581 3134 sanctum,
2612 3079 2661 3124 et
2686 3086 2804 3133 eos,
2830 3070 2917 3140 qui
2942 3071 3073 3125 dicti
3104 3079 3253 3138 sunt,
3282 3085 3399 3125 mo-

1818 3160 2049 3215 nachos.
2082 3160 2212 3217 Post
2252 3160 2367 3216 haec
2404 3162 2581 3231 quid?
2629 3161 2929 3217 Persuadet
2978 3161 3306 3231 Epiphanio,
3340 3170 3402 3215 ut

1818 3254 2026 3308 scrihat
2056 3252 2122 3307 ad
2160 3251 2424 3307 Joannem
2464 3262 2523 3306 ut
2557 3254 2832 3307 abstineat
2861 3269 2892 3308 a
2924 3253 3146 3323 scriptis
3200 3252 3397 3323 Orige-

1817 3343 1901 3399 uis
1952 3352 2007 3398 et
2050 3358 2176 3398 cum
2230 3346 2311 3398 eis
2350 3344 2573 3397 minime
2619 3344 2840 3398 sentiat.
2899 3342 2993 3398 Ille
3039 3351 3221 3398 autem
3270 3360 3398 3399 vere

1816 3447 2048 3500 magnus
2097 3433 2531 3503 Chrysostomus
2572 3448 2697 3487 cum
2744 3434 2859 3488 haec
2904 3434 3236 3504 accepisset,
3273 3449 3400 3489 sen-

1816 3524 2002 3577 tentiae
2051 3540 2165 3579 sua:
2215 3523 2385 3579 fretus
2437 3525 2704 3592 puritate,
2735 3540 2841 3579 non
2883 3524 3112 3580 curabat
3156 3540 3273 3589 eos,
3306 3525 3397 3595 qui

1817 3615 2195 3680 insultabant‘,
2250 3617 2347 3673 scd
2394 3616 2461 3673 de
2503 3617 2780 3672 communi
2822 3617 3007 3673 salute
3066 3618 3245 3673 solum
3279 3623 3400 3674 erat

1818 3717 2082 3777 perpetuo
2120 3707 2410 3763 sollicitus.
3066 3768 3069 3771 λ

1888 3799 1975 3853 '20.
2011 3796 2117 3851 Sed
2155 3797 2267 3851 haec
2289 3796 2523 3867 quidem
2571 3798 2735 3852 rebus
2766 3806 3162 3866 consequenter
3208 3811 3398 3867 persc-

1815 3906 2012 3959 qnens,
2037 3889 2335 3944 declarabit
2358 3889 2558 3944 oratio.
2593 3890 2737 3944 Inter
2760 3890 2875 3944 lucc
2899 3895 3080 3944 autem
3113 3888 3399 3942 celebrata:

1816 3982 1962 4036 illius
1997 3981 2172 4036 vidua:
2203 3982 2374 4036 vineae
2411 3981 2647 4037 accessit
2678 3982 2942 4042 narratio,
2976 3980 3043 4034 ad
3074 3995 3238 4048 quam
3271 3996 3398 4049 ρει-η

1818 4074 2087 4128 venimus.
2117 4072 2497 4143 Theognostus
2530 4073 2654 4143 pius
2694 4072 2785 4127 ille
2809 4080 2863 4127 et
2888 4071 3081 4136 fidelis.
3119 4078 3238 4126 erat
3278 4069 3399 4141 ipse

1816 4180 2034 4234 quoque
2058 4180 2199 4220 unus
2230 4180 2293 4220 ex
2328 4166 2419 4230 iis,
2453 4165 2549 4236 qui
2584 4172 2739 4219 erant
2771 4162 3069 4218 familiares
3101 4162 3401 4233 imperato-

1816 4259 1861 4313 ri
1907 4258 2158 4313 Arcadio.
2212 4258 2415 4312 Invidia
2479 4267 2662 4312 autem
2714 4256 2919 4311 diaboli
2996 4263 3051 4311 et
3102 4253 3244 4318 Gaii,
3301 4253 3397 4324 qui

1816 4350 2009 4404 morbo
2042 4349 2327 4405 laborabat
2353 4349 2491 4412 Arii,
2526 4348 2667 4417 apud
2691 4348 3072 4416 imperatorem
3097 4355 3397 4401 accusatur

1816 4441 2225 4513 Theoguostus.
2261 4450 2315 4497 et
2339 4441 2542 4509 injusta
2569 4440 2839 4494 honorum
2875 4437 3245 4506 puhlicatione
3268 4452 3392 4492 cum

144 4527 395 4598 δήμευσιν
477 4533 574 4583 καί⁵
637 4528 937 4600 ὑπερορίαν
988 4530 1084 4583 σὺν
1136 4531 1356 4597 γυναικὶ
1413 4532 1505 4583 καὶ
1559 4532 1714 4584 παισὶ

1822 4535 2151 4604 relegatione
2178 4532 2472 4587 damnatur
2504 4533 2666 4588 simul
2698 4547 2821 4587 cum
2859 4545 3026 4585 uxore
3066 4540 3118 4585 ct
3154 4529 3340 4584 liberis
3376 4544 3392 4592 ;

148 4623 547 4696 κατακρίνεται·
580 4623 674 4677 καὶ
722 4624 808 4676 ἴνα
840 4623 1113 4691 συντέμω,
1154 4626 1284 4694 πρὶν
1315 4623 1347 4693 ἢ
1388 4623 1592 4692 φθάσαι
1622 4624 1713 4677 τὸν

147 4714 235 4782 τῆς
274 4713 495 4787 ἑξορίας
533 4717 740 4780 τόπον,
793 4716 915 4768 καθ’
963 4715 1085 4769 ὁδοῦ
1144 4716 1244 4786 τὴν
1286 4717 1405 4769 ὁδὸν
1451 4715 1547 4769 τοῦ
1596 4714 1711 4785 βίου

147 4808 374 4873 τελέσας,
407 4809 549 4879 πρὸς
595 4809 689 4861 τὸν
738 4809 873 4862 Θεὸν
923 4808 1252 4879 ὲξεδήμησε.
1302 4808 1508 4862 Τούτου
1550 4810 1711 4879 ἡσύ-

148 4898 297 4965 ζυγος
354 4899 752 4970 ὑποστρέψασα
805 4899 1140 4972 προστρέχει
1196 4899 1275 4969 τῷ
1333 4899 1464 4970 θείῳ
1525 4901 1709 4973 ἀνδρὶ,

148 4991 354 5044 τοιαῦτα
384 4991 455 5045 τὰ
494 4991 615 5045 καθ’
647 4992 847 5061 ἑαυτὴν
877 4991 1222 5056 ἐκδιδάξασα.
1278 4991 1337 5044 Ὀ
1386 4991 1443 5045 δὲ
1486 5008 1709 5061 συμπα-

150 5081 234 5150 θὴς
251 5077 426 5147 οὗτος,
451 5084 548 5137 καὶ
565 5082 802 5149 Χριστοῦ
836 5083 1100 5153 μιμητὴς,
1130 5083 1421 5137 ἐπικλᾱται
1451 5082 1548 5150 τὴν
1579 5099 1713 5153 καρ-

149 5170 256 5224 δίαν
304 5171 383 5243 τῷ
420 5172 589 5227 πάθει
650 5174 745 5225 καὶ
775 5174 841 5241 τῇ
905 5173 1103 5243 χηρείᾳ
1154 5173 1253 5242 τῆς
1308 5174 1587 5241 γυναικός·
1620 5176 1713 5228 καὶ

151 5269 441 5337 παρηγορεῖ
506 5264 606 5335 μὲν
658 5265 890 5329 ἱκανῶς,
942 5266 1036 5318 καὶ
1093 5268 1351 5335 παραινεῖ
1388 5267 1454 5321 τὰ
1502 5269 1708 5322 εἰκότα·

148 5352 521 5411 διασκέπτεται
562 5357 619 5409 δὲ
679 5356 857 5423 πάλιν,
900 5358 1047 5420 ὅπως
1081 5357 1314 5430 ἀποδοθῇ
1351 5363 1415 5430 τῇ
1465 5362 1609 5433 χήρᾳ
1646 5363 1712 5415 τά

154 5444 266 5497 ἴδια.
297 5448 405 5501 Καὶ
432 5446 500 5517 δὴ
542 5448 670 5518 περὶ
697 5449 888 5502 τούτου
923 5448 1354 5520 διαμεριμνῶντι
1403 5453 1552 5523 αύτῷ
1594 5455 1709 5506 ἓτε-

155 5552 235 5604 ρον
268 5540 295 5592 ὁ
331 5539 574 5609 πονηρὸς
610 5539 750 5593 κατὰ
770 5541 869 5609 τῆς
896 5541 1072 5610 χήρας
1101 5542 1356 5609 γυναικὸς
1390 5545 1710 5616 άνερῤίπισε

154 5627 205 5680 τὸ
238 5629 422 5684 δεινόν.
464 5633 673 5701 Καιρδς
725 5634 833 5704 γὰρ
872 5629 939 5705 ἦν
993 5635 1023 5686 δ
1078 5637 1174 5707 τῆς
1227 5636 1455 5708 τρύγης,
1488 5639 1555 5690 δι’
1590 5640 1708 5709 ὃνή

158 5722 345 5789 βασιλὶς
398 5725 594 5792 ἐξῆλθε
648 5725 749 5797 τῆς
798 5728 1019 5791 πόλεως.
1075 5729 1218 5793 Καὶ,
1262 5730 1363 5782 οᾶκ
1419 5726 1516 5783 οἷδ’
1562 5734 1708 5795 ὅπως

156 5813 297 5881 εἴπω,
329 5818 614 5888 προτέρως
662 5820 740 5881 εἰς
782 5820 871 5872 τὸν
908 5821 1208 5888 ἀμπελῶνα
1243 5821 1339 5888 τῆς
1381 5823 1553 5891 χήρας
1599 5824 1706 5874 εἱσ-

160 5904 262 5971 ἐὸη·
293 5909 383 5961 καὶ
412 5910 521 5980 ἰδίᾳ
554 5910 697 5980 χειρὶ
723 5911 818 5979 τῆς
839 5912 1091 5985 ἀμπέλου
1115 5914 1309 5983 βότρυν
1341 5914 1707 5985 ἀποτεμοῦσοι

165 5993 330 6052 ἐσθίει.
388 5997 520 6055 Εἶτα
570 6001 876 6057 διδάσκεται
939 6003 1012 6068 ὡς
1054 6004 1306 6074 ἀλλοτρία
1350 6005 1383 6073 ἡ
1445 6004 1705 6073 ἄμπελος.

1816 4633 1891 4690 et,
1930 4635 1991 4679 ut
2025 4626 2217 4694 paucis
2250 4626 2555 4687 absoluam,
2599 4624 2916 4692 priusquam
2956 4622 3296 4691 pervenisset
3325 4620 3390 4673 ad

1816 4717 1996 4771 locum
2034 4716 2086 4769 in
2135 4731 2295 4785 quem
2330 4726 2446 4769 erat
2479 4715 2775 4783 relegatus,
2815 4714 2867 4767 in
2901 4714 3118 4775 itinere,
3154 4712 3240 4766 via
3270 4715 3393 4767 vita:

1816 4814 2055 4877 peracta,
2104 4806 2357 4877 migravit
2404 4806 2469 4859 ad
2507 4805 2696 4862 Deum.
2752 4804 2926 4873 llujus
2976 4819 3111 4858 uxor
3171 4818 3391 4857 reversa

1815 4900 2024 4955 accedit
2061 4899 2126 4953 ad
2164 4900 2339 4953 virum
2369 4897 2637 4961 divinum,
2675 4907 2729 4951 et
2765 4897 2833 4951 de
2864 4912 2923 4951 se
2962 4895 3145 4951 omnia
3182 4894 3388 4949 docuit.

1815 4994 1914 5048 llic
1949 5002 2127 5047 autent
2154 4993 2471 5048 misericors
2501 4990 2775 5047 ctChristi
2800 4990 3064 5052 imitator,
3096 4988 3260 5043 corde
3290 4987 3391 5042 do-

1816 5083 1985 5136 lorem
2030 5083 2230 5152 accipit
2276 5082 2344 5137 ob
2373 5097 2433 5137 ea
2467 5098 2589 5151 qua:
2622 5081 2958 5145 acciderant,
2996 5089 3048 5133 et
3078 5080 3148 5132 oh
3176 5079 3393 5135 femina:

1815 5174 2133 5229 viduitatem
2169 5194 2179 5228 :
2224 5183 2277 5229 et
2312 5175 2539 5244 pulchre
2570 5173 2789 5243 quidem
2822 5174 3161 5235 consolatur,
3192 5183 3244 5228 et
3269 5186 3391 5242 qua:

1815 5282 1909 5335 par
1933 5278 2051 5320 erat
2074 5266 2121 5319 ei
2142 5267 2364 5321 suadet:
2393 5280 2590 5320 rursus
2622 5282 2749 5320 vero
2766 5266 3102 5329 considerat,
3128 5265 3390 5335 quemad-

1814 5358 2030 5411 modum
2076 5358 2250 5412 vidme
2297 5373 2395 5412 sua
2439 5360 2818 5415 restituantur.
2861 5359 2995 5413 Cum
3027 5359 3074 5414 is
3110 5368 3291 5413 autem
3320 5360 3391 5415 dc

1812 5471 1878 5508 co
1909 5453 2178 5508 sollicitus
2207 5463 2371 5516 esset,
2404 5452 2551 5506 aliud
2588 5452 2789 5507 malum
2820 5451 3081 5508 excitavit
3115 5451 3388 5523 tuaiignus

1814 5546 2076 5601 adversus
2100 5545 2379 5599 mulierem
2417 5544 2652 5601 viduam.
2694 5544 2825 5599 Erat
2848 5546 2991 5600 enim
3034 5554 3246 5613 tempus
3272 5544 3388 5599 vin-

1812 5638 2021 5701 demiae,
2054 5645 2275 5707 prapter
2302 5654 2461 5708 quam
2495 5638 2814 5709 imperatrix
2847 5654 3062 5710 egressa
3106 5654 3169 5693 ex
3208 5640 3342 5694 urbe
3370 5653 3386 5693 :

1813 5740 1866 5784 et
1908 5730 2094 5785 nescio
2135 5731 2410 5803 quomodo
2442 5732 2593 5800 prius
2638 5732 2880 5803 ingressa
2913 5732 3012 5785 luxt
3065 5749 3118 5786 ιιι
3176 5748 3381 5786 unum

1815 5823 2008 5885 vidum,
2069 5831 2123 5876 et
2171 5840 2265 5877 sua
2322 5840 2483 5877 manu
2538 5832 2816 5879 exsectum
2860 5824 3074 5878 tetrum
3127 5824 3361 5879 comedd

1818 5914 2020 5969 Deinde
2050 5913 2297 5979 timetur,
2324 5932 2534 5969 Vincam
2572 5934 2693 5970 εεειε
2731 5916 2973 5970 alterius.
3013 5917 3279 5971 lnducunt
3312 5916 3386 5968 lev

1821 6008 1921 6078 gis,
1959 6008 2103 6078 quod
2149 6020 2229 6064 cs:
2282 6011 2332 6064 in
2371 6007 2533 6063 tebus
2569 6007 2900 6077 hujusmcdi,
2947 6008 3233 6071 ιιιιιιιὶυιιι,
3268 6021 3386 6075 qua:
