4188 6456
796 380 904 444 267

2055 399 2248 459 LEUN
2259 398 2327 460 IS
2356 403 2480 462 l'lll
2493 405 2808 465 LUSUPUI

3947 415 4064 475 263

797 492 1010 546 vineam
1036 495 1368 564 imperatl'ici
1394 497 1690 566 adjndicat,
1716 500 1761 555 si
1783 501 1912 571 quid
1933 505 2041 558 tale
2059 507 2370 575 contigerit,

2489 511 2767 588 Ἐντεῦθεν
2793 515 3076 582 εἰσάγουσι
3103 513 3204 584 τὴν
3241 518 3369 586 περὶ
3399 519 3467 570 τὰ
3496 519 3732 572 τοσαῦτα
3761 519 3854 572 τού
3887 520 4068 588 νόμου

796 591 852 636 et
903 585 1128 641 domino
1189 589 1419 656 pretium
1481 592 1564 645 vel
1604 593 1749 646 aliud
1791 595 1919 662 quid
1971 596 2127 664 jubet
2182 599 2370 664 reddi;

799 685 855 730 et
883 676 1041 746 jussu
1077 679 1445 748 imperatricis
1503 683 1742 737 refertur
1777 686 1932 740 vinea
1981 688 2034 742 in
2087 705 2370 744 numerum

800 785 1023 822 suorum
1049 769 1510 828 suburbanorum.
1555 773 1664 829 lloc
1728 784 1908 831 autem
1947 795 2055 832 non
2092 790 2292 836 temere
2320 791 2373 835 et

800 861 1121 932 simpliciter
1142 863 1387 932 juhebat,
1431 868 1524 920 sed
1560 868 1671 923 haec
1698 869 1807 923 duo
1839 872 2095 926 meditata
2132 890 2144 924 :
2203 890 2370 927 unum

797 954 1041 1022 quidem,
1079 966 1366 1027 propterea
1389 961 1533 1029 quod
1570 963 1903 1017 irasceretur
1941 965 2133 1028 viduae,
2163 975 2220 1018 ut
2251 981 2370 1020 eam

798 1044 975 1114 magis
1008 1046 1265 1118 afﬂigeret
1298 1067 1312 1115 ;
1359 1051 1591 1104 alterum
1624 1065 1826 1115 autem,
1868 1063 1921 1106 et
1968 1057 2128 1124 cujus
2168 1056 2374 1126 majore

796 1136 980 1188 studio
1004 1142 1310 1202 tenebatur,
1343 1149 1403 1194 ut
1433 1143 1705 1213 acciperet
1746 1147 2090 1200 occasionem
2138 1147 2370 1202 vexandi

799 1228 1403 1301 pontificis,.cogitante
1451 1235 1540 1288 illa
1582 1234 1696 1289 fore
1735 1249 1790 1290 ut
1818 1239 2099 1293 resisteret
2131 1250 2183 1292 et
2213 1242 2266 1294 in
2297 1241 2372 1295 le-

795 1333 915 1385 gem
948 1319 1208 1377 incideret
1236 1332 1290 1377 et
1317 1325 1615 1380 offenderet
1645 1329 1958 1399 imperium.
1994 1330 2098 1385 Sed
2134 1332 2224 1384 illa
2253 1335 2373 1401 qui-

795 1417 916 1465 dem
979 1413 1050 1467 ita
1097 1430 1157 1469 se
1201 1415 1434 1470 habebat
1470 1435 1485 1483 ;
1533 1420 1772 1487 pontifex
1825 1431 2005 1478 autem
2049 1424 2325 1493 quomodo
2352 1425 2377 1477 ?

795 1505 1089 1570 Suadebat,
1111 1509 1476 1576 supplicabat,
1493 1520 1551 1564 ut
1567 1513 1795 1568 decebat
1811 1515 1929 1583 ejus
1946 1516 2368 1587 philosophiam.

793 1597 933 1661 Quid
989 1598 1077 1651 illa
1134 1603 1381 1655 contra?
1430 1603 1504 1656 Ea
1537 1605 1699 1658 dabat
1751 1622 2012 1675 responsa
2057 1625 2178 1678 quae
2216 1617 2373 1663 erant

794 1691 952 1758 plena
985 1691 1345 1763 impudentia,
1369 1695 1626 1752 Romana:
1659 1698 1790 1768 legis
1819 1703 2108 1769 auxilium,
2141 1711 2193 1758 et
2225 1719 2371 1773 quae-

793 1785 876 1838 vis
905 1785 1034 1849 alia,
1068 1801 1228 1854 quam
1255 1803 1320 1842 ex
1348 1791 1580 1845 adverso
1615 1793 1931 1860 ohjiciebat,
1979 1811 2113 1850 vana
2143 1799 2372 1866 phanta-

790 1877 874 1930 sia
907 1893 1018 1932 suae
1047 1881 1394 1950 arrogantiae.
1419 1881 1633 1938 ltursus
1665 1902 1794 1956 ergo
1823 1899 2090 1957 temperat
2127 1892 2372 1948 medicus
2406 1867 2450 1921 Β

794 1968 1193 2025 medicamenta
1231 1973 1442 2028 salutis.
1476 1974 1631 2041 Quod
1665 1988 1842 2033 autent
1880 1981 2163 2035 laborabat
2187 1985 2370 2038 curari

795 2075 903 2113 non
944 2069 1176 2131 poterat.
1210 2064 1328 2117 Alia
1361 2074 1446 2118 est
1476 2077 1738 2133 praeterea
1779 2071 1991 2138 species
2037 2072 2368 2140 curationis,

794 2151 1012 2208 solvens
1063 2167 1261 2208 causas
1299 2171 1393 2224 per
1447 2171 1586 2226 quas
1635 2160 1922 2214 videbatur
1971 2161 2022 2215 id
2053 2163 2198 2233 quod
2233 2166 2375 2219 male

794 2241 1046 2298 allectum
1091 2253 1210 2300 erat
1263 2247 1512 2303 laborare
1544 2252 1809 2320 gravius:
1870 2254 2089 2309 solvens
2137 2256 2374 2326 injustos

794 2345 1094 2404 praetextas
1129 2355 1142 2402 ;
1177 2354 1370 2409 nempe
1399 2341 1545 2410 quod
1578 2342 1691 2397 haec
1718 2343 1800 2396 lex
1836 2343 2056 2411 quidem
2090 2347 2196 2400 lata
2229 2357 2375 2403 esset

794 2425 864 2478 ab
901 2425 1348 2494 imperatoribus,
1381 2429 1476 2485 sed
1509 2431 1604 2499 qui
1637 2430 1778 2486 forte
1804 2443 1962 2488 erant
1995 2449 2025 2487 a
2057 2434 2159 2490 fide
2185 2437 2372 2493 alieni.

794 2515 873 2570 'l‘u
907 2525 1087 2572 autem
1123 2534 1202 2581 es,
1238 2521 1441 2587 aiebat,
1473 2523 1581 2589 lex,
1612 2533 1668 2578 et
1696 2525 1791 2578 tibi
1825 2525 2019 2594 obtigit
2052 2535 2109 2580 ut
2141 2529 2376 2598 impera-

792 2625 904 2675 res,
933 2619 987 2666 et
1031 2621 1115 2666 est
1150 2611 1245 2668 tibi
1312 2615 1647 2671 conscientia
1679 2633 1801 2684 qua:
1827 2620 1990 2689 cogit,
2025 2632 2078 2674 et
2106 2636 2226 2690 qua!
2260 2637 2373 2678 rem

793 2703 997 2770 optime
1058 2708 1208 2760 novit
1251 2718 1306 2761 ct
1353 2709 1626 2779 intelligit.
1664 2708 1741 2765 Ne
1777 2713 2083 2780 permittas,
2116 2722 2174 2767 ut
2219 2715 2374 2769 multi

792 2795 970 2850 coacti
995 2806 1045 2850 te
1077 2811 1271 2850 novam
1295 2811 1490 2853 vocent
1518 2798 1758 2867 Iezabel,
1788 2813 1840 2858 et
1867 2820 1989 2874 qua:
2015 2805 2082 2860 de
2127 2804 2378 2863 Nabothe

797 2887 1004 2957 scripta
1057 2896 1185 2942 sunt
1226 2887 1280 2942 in
1330 2887 1508 2944 Veteri
1559 2900 1908 2948 testamento.
1942 2893 2068 2949 llaac
2113 2899 2378 2966 sapientis

795 2976 1013 3042 medici,
1068 2993 1189 3047 qu'e
1242 2989 1506 3048 perpetuo
1555 2981 1894 3044 adhibebat,
1944 2984 2374 3049 medicamenta,

795 3069 939 3122 male
976 3067 1224 3123 affectam
1253 3068 1512 3124 feminam
1546 3074 1720 3141 magis
1751 3073 2203 3141 inllammahant;
2242 3076 2378 3130 adeo

795 3170 854 3215 ut
893 3175 994 3214 nec
1037 3161 1310 3216 medicum
1337 3163 1557 3233 quidem
1606 3164 1943 3231 admitteret,
1987 3167 2101 3222 imo
2140 3183 2268 3222 vero
2294 3185 2378 3224 re-

794 3253 1043 3320 pelleret,
1071 3263 1124 3308 et
1152 3269 1314 3322 quam
1345 3255 1556 3310 nefarie
1600 3268 1921 3328 conceptam
1947 3260 2160 3313 celabat
2194 3261 2378 3328 bilem,

795 3359 981 3421 aperte
1024 3352 1078 3404 in
1128 3351 1304 3406 lucem
1359 3353 1633 3422 proderet.
1686 3352 1776 3407 Sic
1822 3357 2042 3424 quidem
2103 3358 2383 3424 repellitur

802 3442 1093 3506 medicus;
1131 3442 1260 3512 quid
1295 3459 1443 3508 vero,
1477 3459 1594 3514 quae
1629 3445 1890 3516 deinceps
1928 3449 2385 3516 consequuntur?

794 3536 998 3590 Aderat
1045 3535 1164 3591 dies
1203 3536 1369 3591 festus
1409 3543 1462 3591 et
1497 3537 1730 3592 celebris
1773 3541 1954 3593 crucis
1992 3542 2044 3592 in
2077 3541 2246 3593 altum
2272 3540 2384 3593 cla-

796 3626 978 3687 ti0nis,
1030 3636 1086 3680 et
1141 3627 1383 3695 jusserat
1447 3627 1724 3698 pontifex,
1792 3640 1848 3683 ut
1922 3640 2092 3698 porta:
2133 3632 2384 3686 ecclesiae

797 3719 1186 3773 clauderentur
1215 3721 1318 3773 soli
1350 3721 1709 3789 imperatrici.
1736 3721 1874 3776 Ecce
1896 3738 2028 3793 ergo
2055 3725 2264 3794 primus
2296 3724 2379 3777 in-

800 3811 1044 3879 greditur
1079 3812 1398 3880 imperator,
1431 3822 1483 3866 et
1524 3813 1826 3868 fidelissimi
1887 3817 2068 3885 populi
2117 3817 2380 3873 universa

803 3891 1094 3958 multitudo
1125 3919 1249 3957 cum
1285 3905 1405 3973 ipso
1432 3912 1486 3959 et
1519 3905 1666 3960 circa
1695 3908 1895 3975 ipsum.
1925 3906 2061 3962 Cum
2088 3919 2268 3964 autem
2299 3909 2384 3962 in-

801 3998 1040 4069 eepisset
1080 4005 1310 4052 sanctus
1354 3997 1421 4052 de
1456 4013 1606 4052 more
1641 4003 1980 4066 concionari,
2027 4003 2110 4058 vis
2152 4007 2386 4059 sanctis-

800 4092 948 4155 simi,
989 4106 1110 4160 quae
1152 4107 1274 4145 enm
1313 4091 1663 4159 illuminarat,
1709 4091 1948 4161 Spiritus
1988 4094 2223 4148 reddidit
2273 4096 2380 4151 ele-

801 4187 1101 4254 gantiorem
1153 4183 1441 4238 verborum
1495 4183 1954 4254 pulchritudinem
2006 4202 2131 4241 cum
2185 4202 2251 4242 eo
2289 4188 2381 4258 qui

803 4263 1148 4345 loquebatur.
1202 4274 1265 4328 Et
1310 4277 1441 4345 quid
1484 4292 1624 4345 Opus
1652 4287 1735 4331 est
1778 4277 1980 4343 dicere,
2012 4279 2079 4333 ad
2119 4289 2382 4350 quantam

805 4371 1224 4426 admirationem
1261 4372 1487 4425 veniens
1521 4371 1812 4425 multitudo
1840 4410 1855 4434 ,
1895 4371 2166 4440 applausit
2194 4373 2381 4425 exsul-

805 4464 1107 4518 tationibus
1151 4480 1321 4520 sacra:
1365 4463 1723 4519 dilectionis?
1764 4462 1897 4516 Cum
1929 4462 2045 4516 haec
2078 4471 2258 4516 autem
2293 4461 2386 4515 lie-

2478 584 2762 674 βοήθειαν,
2803 605 3247 676 προσκυροῦντος
3289 584 3354 678 τῇ
3393 609 3621 679 βασιλίδι
3665 612 3754 664 τὸν
3799 584 4072 680 ἀμπελῶ-

2477 715 2563 762 να,
2595 700 2754 768 ἡνίκα
2793 701 2974 770 συμϐῇ
3027 702 3088 753 τὸ
3137 700 3364 765 τοιοῦτο,
3403 701 3499 753 καὶ
3525 701 3950 772 ἀπισηκοῦντος
3985 719 4070 752 ty

2481 791 2719 859 μήματι,
2739 792 2772 859 ἢ
2801 793 2972 860 ἑτέρῳ
3001 793 3211 861 τρόπῳ,
3230 792 3318 844 τδν
3345 795 3550 862 κύριον’
3582 793 3675 845 καὶ
3703 793 4070 845 συντάττεται

2481 879 2732 933 κελεύσει
2757 882 2853 950 τῆς
2888 881 3156 950 βασιλίδος
3200 884 3227 936 ὁ
3275 883 3548 952 ἁμπελὼν
3569 886 3680 945 τοῖς
3709 885 3893 944 αὐτοῖς
3919 899 4067 954 προ-

2477 970 2732 1034 αστείοις.
2775 973 2946 1025 Τοῦτο
2987 973 3045 1025 δὲ
3088 974 3186 1043 οὐχ
3230 974 3418 1037 ἁπλῶς
3452 978 3546 1027 καὶ
3581 975 3654 1037 ὡς
3689 975 3844 1044 ἔτυχε
3881 962 4070 1044 ταύτῃ

2479 1061 2782 1125 ἐκελεύετο,
2823 1061 2911 1114 διὰ
2954 1062 3010 1115 δὲ
3055 1064 3149 1116 δύο
3197 1064 3370 1117 ταῦτα
3406 1065 3803 1134 μελετηθέντα·
3832 1065 3893 1117 ἒν
3937 1067 4068 1136 μὲν,

2477 1153 2564 1204 διὰ
2600 1153 2760 1222 μῆνιν
2794 1155 2890 1225 τῆς
2920 1157 3117 1226 χήρας,
3149 1160 3242 1210 καὶ
3269 1156 3332 1210 τὸ
3353 1157 3558 1228 ταύτην
3585 1157 3767 1228 θλίψαι
3795 1175 4070 1229 περισσο-

2476 1245 2678 1314 τέρως·
2707 1244 2768 1296 τὸ
2795 1245 2852 1298 δὲ
2885 1246 3135 1321 δεύτερον
3168 1249 3264 1302 καὶ
3314 1250 3516 1319 μᾶλλον
3561 1251 4068 1303 ἐπισπουδαστὸτε-

2480 1352 2604 1404 ρον,
2655 1335 2717 1388 τὸ
2765 1337 3022 1408 ἀφορμῆς
3071 1337 3244 1402 οὕτως
3289 1341 3481 1410 ἔχοντα
3525 1343 3897 1411 παρακινῆσαι
3955 1341 4060 1393 τὸν

2480 1427 2768 1497 μὲγαν.....
2800 1429 2880 1480 Τὰ
2900 1431 2956 1482 δὲ
2988 1431 3080 1483 τοῦ
3105 1433 3403 1502 ἀρχιερέως
3437 1435 3629 1498 ὁποῖα;
3678 1435 4065 1505 παραινέσεις,

2480 1517 2752 1587 ίκετηρίαι
2785 1519 2914 1587 περὶ
2965 1519 3060 1572 τοῦ
3104 1522 3430 1589 πράγματος
3478 1523 3682 1586 ἱκαναὶ,
3713 1523 3812 1591 τῆς
3840 1522 4070 1574 ἐκείνου

2476 1609 2799 1678 φιλοσοφίας
2855 1611 3096 1675 ὲπάξιαι.
3155 1613 3341 1686 Ταύτῃ
3382 1613 3440 1666 δὲ
3499 1613 3622 1666 τίνα
3669 1614 3805 1684 πρὸς
3841 1613 4070 1677 causa;

2489 1701 2836 1772 ’Λποκρίσεις
2872 1703 3126 1772 ἀκηδείας
3154 1705 3369 1773 μεσταὶ,
3405 1705 3462 1758 αἱ
3491 1704 3584 1758 τοῦ
3627 1704 3941 1774 Ῥωμαῖκοῦ
3976 1707 4071 1756 v6-

2479 1809 2579 1862 μου
2615 1795 2879 1864 βοήθειαι,
2911 1797 3004 1848 καὶ
3033 1797 3183 1850 πᾶσά
3215 1814 3298 1860 τις
3323 1797 3455 1868 ἄλλη
3483 1799 3581 1866 τῆς
3609 1797 3812 1864 ἑαυτῆς
3855 1798 4068 1859 ἀλαζοο

2475 1888 2621 1950 νείας
2651 1889 2925 1952 ἀντίθετος
2971 1890 3463 1957 φαντασιοσκοπία.
3523 1890 3692 1943 Πάλιν
3734 1889 3826 1944 οὖν
3857 1890 3930 1942 τὰ
3958 1890 4072 1956 τῆς

2479 1979 2754 2050 σωτηρίας
2787 1983 2814 2032 ὁ
2848 1980 3030 2051 ἰατρὸς
3076 1981 3363 2051 κεράννυσι
3404 1982 3694 2051 φάρμακα,
3737 1982 3829 2034 καὶ
3874 1981 3939 2035 τὸ
3967 1999 4070 2034 νο-

2479 2071 2608 2123 σοῦν
2667 2072 3079 2143 ἀθεράπευτον·
3147 2075 3331 2143 ἕτερον
3386 2074 3464 2126 ἔτι
3517 2074 3814 2144 θεραπείας
3871 2067 4066 2135 εἶδος.

2476 2162 2619 2215 λύων
2649 2162 2747 2224 τὰς
2777 2161 2979 2225 αἰτίας,
3017 2163 3086 2216 δι’
3127 2157 3202 2216 ὧν
3253 2165 3314 2217 τὸ
3362 2166 3571 2235 πάσχον
3626 2166 3799 2218 ἐδόκει
3849 2163 4070 2234 κρατύ-

2477 2253 2688 2316 νεσθαι,
2719 2253 2861 2306 λύων
2890 2254 2988 2317 τὰς
3030 2254 3252 2319 ἀδίκους
3280 2260 3607 2324 προφάσειςο
3648 2257 3730 2309 ὅτι
3773 2254 3934 2308 τοῦτο
3969 2272 4069 2308 νε-

2477 2345 2836 2415 νομοθέτηται
2873 2348 2970 2415 μὲν
3003 2347 3154 2419 παρὰ
3187 2346 3474 2418 βασιλέων,
3501 2349 3644 2417 τάχα
3673 2346 3859 2400 δὲτῶν
3891 2346 4070 2411 ξένων

2476 2437 2578 2506 τῆς
2607 2436 2865 2499 πίστεως.
2903 2439 2974 2491 Σὺ
3009 2438 3064 2492 δὲ
3113 2441 3208 2492 καὶ
3248 2437 3474 2508 εὖνομος
3520 2436 3590 2498 εἴ,
3627 2439 3720 2492 καὶ
3754 2438 4073 2508 βασιλεύει-,ι

2478 2528 2950 2599 κεκλήρωσαι,καὶ
2977 2531 3008 2600 ή
3035 2530 3337 2600 συνείδησις
3352 2530 3764 2597 ἀναγκάζουσα,
3783 2528 4069 2581 συνειδυῖα

2478 2621 2541 2674 τὸ
2601 2622 2857 2691 πρᾶγμα,
2902 2621 3389 2689 συγγινώσκουσα·
3450 2623 3586 2683 καὶ,
3647 2622 3720 2691 μὴ
3769 2621 3876 2690 δῷς
3933 2623 4070 2682 τοὺς

2479 2713 2706 2775 πολλοὺς
2741 2715 3183 2782 ἀναγκασθέντας
3222 2716 3347 2766 νέαν
3401 2715 3635 2777 Ἰεζάϐελ
3662 2716 3836 2767 εἰπεῖν
3858 2728 3944 2775 σε,
3972 2715 4074 2764 καὶ

2475 2803 2578 2856 ὅσα
2609 2801 2697 2855 διά
2729 2802 2830 2872 τῆς
2876 2805 3042 2856 πάλαι
3079 2805 3216 2875 ἀρᾶς
3255 2803 3332 2874 τῷ
3373 2805 3649 2858 Ναϐουθαὶ
3695 2804 4070 2874 διιστόρηται.

2479 2895 2665 2948 Ταῦτα
2715 2897 2824 2966 γάρ
2871 2896 2965 2948 καὶ
3012 2895 3098 2949 διὰ
3137 2896 3353 2950 πάντων
3383 2897 3477 2950 τοῦ
3511 2895 3675 2965 σοφοῦ
3722 2895 3964 2965 θεράπου
3997 2895 4074 2947 τὰ

2483 2988 2912 3057 ἀλεξιφάρμακα
2937 3005 2949 3019 ·
2986 2989 3080 3040 κα)⁵
3137 2988 3337 3057 μᾶλλον
3372 2990 3452 3041 ἑτι
3489 2987 3812 3056 φλεγμαίνει
3867 2987 3933 3039 τὸ
3967 2989 4078 3057 ἁρ-

2484 3081 2725 3152 ρωστοῦν
2753 3080 2845 3134 ἐπὶ
2868 3080 3143 3144 τοσοῦτον,
3169 3081 3309 3133 ὥστε
3333 3081 3429 3133 καὶ
3450 3081 3541 3133 τὸν
3573 3079 3812 3150 θεράπον
3835 3080 3937 3149 τὴν
3966 3080 4072 3132 οὐκ

2481 3173 2844 3240 είσἚξσσθαι,
2878 3173 3078 3244 μᾶλλον
3105 3173 3162 3226 δὲ
3185 3173 3530 3236 ἀπώσασθαι,
3564 3173 3654 3225 καὶ
3679 3173 3774 3241 τὴν
3805 3172 4073 3240 ἀθέσμοις

2484 3266 2931 3336 θαλαμευομένην
2962 3265 3126 3318 ὠδῖνα
3169 3265 3263 3318 τοῦ
3296 3266 3450 3335 χόλου
3485 3264 3718 3333 φανερὸν
3755 3265 4074 3334 ἀπορρῆξαι

2485 3361 2579 3412 καὶ
2619 3358 3046 3430 ἀνεπίκρυπτον.
3084 3357 3242 3411 Οὕτω
3290 3357 3388 3426 μὲν
3439 3355 3742 3408 ἀπωθεῖται
3785 3358 3813 3407 ὁ
3855 3356 4071 3426 ἰατρός.

2484 3451 2548 3503 Ἰ“ί
2594 3451 2650 3503 δὲ
2705 3451 2772 3502 τὰ
2817 3450 2978 3518 ἐξῆςς
3032 3450 3219 3518 Παρῆν
3268 3451 3300 3516 ἡ
3353 3446 3672 3517 ἀθροίσιμος
3729 3447 3914 3515 ἡμέρα
3972 3447 4072 3498 τοῦ

2487 3538 2720 3609 σταυροῦ
2765 3538 2865 3606 τῆς
2903 3537 3182 3605 ὑψώσεως,
3217 3539 3310 3589 καὶ
3360 3534 3702 3604 παραγγελία
3743 3533 3836 3585 τοῦ
3874 3536 4073 3603 ἀρχιε-

2489 3631 2627 3698 ρέως
2657 3630 2756 3692 τὰς
2795 3628 2968 3689 πύλας
2991 3627 3089 3696 τῆς
3124 3627 3418 3696 ἐκκλησίας
3448 3625 3769 3679 ἀποκλεῖσαι
3819 3625 3958 3693 μόνῃ
4001 3627 4070 3692 τῇ

2488 3721 2739 3790 βασιλίδι.
2789 3719 2919 3771 Ἰδοὺ
2973 3719 3151 3771 τοίνυν
3195 3717 3411 3789 πρῶτος
3460 3721 3488 3770 ὀ
3543 3717 3796 3786 βασιλεὺς
3849 3717 4070 3776 εἴσεισι,

2486 3813 2580 3865 καὶ
2617 3813 2724 3865 πᾶν
2767 3811 2829 3864 τὸ
2875 3810 3076 3880 πλῆθος
3109 3810 3204 3863 τοῦ
3255 3812 3578 3864 πιστοτάτου
3611 3809 3741 3862 λαοῦ
3789 3809 3888 3860 σὺν
3917 3810 4074 3877 αὐτῷ

2485 3908 2580 3961 καὶ
2627 3909 2758 3976 περὶ
2802 3906 2985 3959 αὐτόν.
3028 3905 3136 3957 Καὶ
3164 3906 3227 3979 δὴ
3259 3905 3566 3974 ἀρξαμένου
3600 3903 3741 3956 κατὰ
3782 3903 3843 3954 τὸ
3875 3902 4075 3963 εἰωθὸς

2483 4002 2817 4070 δημηγορεῖν
2869 3996 2965 4050 τοῦ
3007 3997 3188 4065 ἁγίου,
3241 3999 3272 4065 ἡ
3322 3996 3413 4048 τοῦ
3452 3995 3717 4062 παναγίου
3747 3993 4074 4062 Πνεύματος

2485 4093 2841 4162 ἑπιλάμψασα
2885 4090 3116 4159 δύναμις
3170 4089 3504 4156 ὡραιὸτερον
3535 4089 3592 4140 τὸ
3621 4086 3813 4148 κάλλος
3845 4085 3957 4137 τῶν
3986 4085 4076 4136 λό-

2484 4203 2597 4254 γων
2638 4186 2734 4238 σὺν
2765 4183 2912 4253 αὐτῷ
2943 4183 3193 4236 λαλοῦντι
3220 4181 3489 4244 ἀπέδειξε.
3528 4179 3635 4232 Καὶ
3658 4181 3710 4230 τί
3754 4179 3834 4230 δεῖ
3865 4177 4072 4244 λέγειν,

2484 4280 2608 4332 ὅσον
2639 4279 2717 4340 είς
2760 4276 2943 4344 θαῦμα
2990 4276 3052 4328 τὸ
3098 4275 3299 4346 πλῆθος
3335 4273 3576 4335 ἐλθόντες
3631 4272 3802 4340 ἱεραῖς
3844 4269 4072 4336 ἀγάπης

2487 4368 2870 4438 ἀγαλλιάσεσιν
2888 4367 3295 4437 ἐπεκρότησαν;
3336 4363 3518 4427 Ἐντὸς
3544 4363 3600 4415 δὲ
3620 4361 3825 4414 τούτων
3845 4360 3944 4413 τοῦ
3965 4362 4074 4412 νεὼ

2487 4460 2842 4527 τελουμένων,
2896 4457 3006 4510 ἰδοὺ
3058 4456 3154 4510 καὶ
3184 4458 3217 4526 ή
3266 4455 3478 4524 βασιλὶς
3528 4454 3627 4505 σὺν
3655 4452 3730 4522 τῷ
3761 4451 3934 4519 λοιπῷ
3971 4453 4074 4518 τῆς

805 4568 928 4612 rent
967 4558 1108 4612 intra
1139 4557 1422 4625 templum,
1453 4570 1580 4609 ecce
1602 4555 1764 4608 etiam
1804 4554 2118 4623 imperatrix
2148 4567 2273 4607 cum
2299 4569 2379 4606 re-

2492 4547 2801 4618 φαντασίας
2858 4544 3182 4614 κυκλώματι
3215 4583 3229 4608 ,
3279 4546 3372 4596 καὶ
3420 4544 3532 4605 τοῖς
3587 4543 3685 4611 μὲν
3751 4541 3935 4602 ἄλλοις
3974 4541 4076 4608 τὴν

805 4652 978 4723 liquo,
1007 4651 1097 4722 qui
1127 4664 1249 4703 eam
1281 4649 1540 4717 stipabat,
1575 4646 1834 4700 comitatu
1864 4662 1878 4710 ;
1914 4656 1968 4700 et
2015 4646 2134 4700 aliis
2161 4645 2380 4716 quidem

804 4720 1060 4798 omnibus
1091 4743 1400 4812 ingressum
1445 4741 1738 4794 servabant
1769 4739 2022 4803 liberum,
2047 4741 2221 4810 ipsam
2253 4755 2382 4792 vero

807 4816 1204 4908 prohibebant.
1241 4836 1320 4888 Ira
1366 4834 1545 4891 adhuc
1591 4831 2050 4888 inconsideratam
2071 4831 2385 4902 possidebat

806 4916 1231 5000 imperatricem.
1288 4927 1442 5001 Mitto
1492 4927 1675 4982 dicere
1721 4937 1983 4995 quantum
2033 4926 2087 4977 in
2137 4924 2384 4979 divinum

806 5024 1142 5096 pontificem,
1171 5008 1322 5075 idem
1349 5030 1434 5075 est
1456 5028 1635 5073 autem
1671 5020 1872 5084 dicere,
1900 5019 1953 5071 in
1997 5018 2164 5071 lleum
2190 5025 2386 5071 contu-

809 5113 988 5170 meliis
1037 5113 1253 5168 invecta
1306 5118 1388 5165 est
1436 5119 1492 5166 et
1545 5109 1864 5167 infremuit.
1925 5105 2130 5162 Deinde
2182 5105 2388 5176 cogitat

807 5207 1031 5278 quidam
1067 5223 1128 5260 ex
1175 5206 1242 5260 iis
1273 5205 1364 5273 qui
1392 5219 1516 5258 cum
1546 5203 1660 5273 ipsa
1677 5211 1853 5266 erant,
1886 5211 1938 5255 et
1968 5209 2138 5254 tentat
2174 5210 2386 5269 portam

809 5300 989 5371 gladio
1017 5309 1303 5366 percutere
1327 5314 1341 5359 ;
1367 5295 1490 5365 ejus
1518 5305 1698 5348 autem
1733 5310 1927 5347 manus
1951 5293 2136 5350 statim
2165 5290 2384 5346 arescit.

807 5392 988 5448 Timet
1038 5407 1170 5459 ergo
1218 5389 1538 5459 impcratrix
1588 5396 1643 5443 et
1695 5387 1880 5442 statim
1929 5387 2241 5441 revertitur.
2295 5382 2388 5436 llle

809 5495 988 5540 autem
1023 5485 1182 5552 cujus
1207 5463 1403 5536 manus
1427 5486 1741 5542 exaruerat,
1775 5477 1985 5531 accedit
2024 5475 2090 5529 ad
2115 5485 2386 5536 sanetum,

811 5577 1132 5647 pwnitentia
1186 5554 1404 5637 ductus,
1439 5585 1492 5628 et
1536 5571 1852 5641 supplicans
1896 5570 2082 5623 statim
2137 5577 2385 5630 curatur,

811 5679 865 5722 et
897 5669 1037 5723 Deus
1083 5683 1177 5742 per
1213 5683 1371 5740 suum
1403 5681 1621 5721 servum
1667 5663 2048 5733 magniticatur
2080 5669 2134 5714 et
2181 5660 2388 5729 glorilic

810 5770 985 5814 catur.
1053 5759 1214 5814 Estne
1284 5757 1486 5834 aliquid
1547 5756 1749 5825 justius
1822 5761 1918 5808 aut
1968 5751 2291 5820 benignius,
2334 5759 2389 5801 et

813 5850 1117 5922 promptius
1155 5850 1216 5902 ad
1269 5847 1690 5903 convcrtcndam
1736 5847 1997 5909 animam,
2040 5842 2129 5896 cui
2173 5841 2384 5910 justum

810 5942 1027 5999 aliunde
1047 5941 1281 6014 suppctit
1309 5946 1330 5996 '_’
1355 5942 1457 5996 Sed
1493 5941 1625 5996 nihil
1650 5941 1791 6011 juvil
1825 5953 1962 6002 cam,
1999 5952 2114 6007 qum
2144 5933 2385 5999 imptulva

2489 4640 2695 4693 εἴσοδον
2733 4641 2782 4691 οί
2829 4638 3200 4706 φυλάσσοντες
3251 4637 3514 4705 παρεῖχον
3565 4632 3866 4695 ἀκώλυτον,
3899 4631 4075 4698 αὐτὴν

2485 4737 2542 4791 δὲ
2581 4735 2875 4790 διεκώλυον
2902 4753 2915 4765 ·
2960 4735 3054 4787 καὶ
3106 4734 3135 4785 ὁ
3187 4733 3358 4800 θυμὸς
3411 4732 3490 4782 ἔτι
3543 4729 3604 4782 τὺ
3650 4728 3749 4798 τῆς
3795 4726 4074 4796 βασιλίδος

2487 4831 2770 4899 ἀλόγιστον
2829 4828 3212 4882 κατεϐὁσκετο.
3282 4825 3387 4878 Ἐὡ
3438 4825 3653 4891 λέγειν,
3690 4824 3814 4875 ὅσον
3862 4822 3943 4884 είς
3981 4819 4074 4870 τὸν

2487 4922 2750 4992 ἀρχιερέα
2799 4921 2891 4974 τὸν
2947 4921 3110 4982 θεῖον,
3155 4918 3352 4970 ταυτὸν
3397 4917 3453 4969 δὲ
3501 4917 3707 4976 εἰπεῖν,
3749 4913 3845 4965 καὶ
3887 4915 3969 4974 είς
4013 4912 4076 4963 τὸ

2498 5013 2655 5066 Θεῖον
2694 5010 2947 5081 ἐξύϐρισε
2980 5012 3076 5062 καὶ
3115 5005 3444 5075 sep-adimo.
3503 5001 3826 5056 Βουλεύεταί
3858 5018 3944 5063 τις
3966 5001 4076 5052 τῶν

2490 5110 2587 5160 σύν
2634 5105 2797 5174 αὐτῇ,
2834 5105 2930 5157 καὶ
2979 5103 3126 5172 ὁρμᾷ
3159 5099 3406 5172 ῥομφαίᾳ
3447 5097 3686 5160 πατάξαι
3737 5096 3838 5164 τὴν
3873 5095 4074 5160 πύλην,

2490 5199 2583 5250 καὶ
2617 5195 2934 5266 παραυτίκα
2984 5194 3301 5262 ξηραίνεται
3349 5193 3383 5259 ἡ
3429 5187 3620 5241 τούτου
3649 5185 3792 5255 χείρ.
3816 5185 4074 5237 Φοὸεἴται

2488 5291 2668 5345 τοίνυν
2708 5292 2742 5360 ὴ
2789 5287 3021 5358 βασιλὶς,
3068 5284 3160 5339 καὶ
3211 5278 3885 5353 παραυτά·ὑποστρὲφει.
3923 5276 3985 5329 ’0
4023 5276 4078 5328 δὶ

2498 5384 2599 5452 τὴν
2641 5384 2798 5451 χεῖρα
2853 5376 3179 5448 ξηρανθεὶς,
3219 5375 3468 5445 πρόσεισι
3524 5370 3605 5439 τῷ
3653 5369 3811 5434 ἁγίῳ,
3848 5385 4080 5436 μεταγιο

2493 5475 2741 5536 νώσκων,
2783 5469 3046 5524 ἱκετεύων
3070 5484 3084 5500 ⁸
3122 5469 3218 5522 καλ⁹
3257 5464 3572 5537 παραυτίκα
3616 5463 3783 5523 ἰᾶται,
3820 5461 3920 5513 καὶ
3949 5461 4080 5523 Θείς

2491 5569 2578 5620 διὰ
2636 5566 2731 5619 τοῦ
2799 5563 3130 5635 θεράποντος
3181 5559 3547 5632 μεγαλύνεται
3624 5555 3718 5608 καὶ
3764 5553 4079 5616 δοξάζεται.

2498 5661 2685 5712 Ἔστιν
2725 5657 2855 5711 ἄλλο
2894 5665 2945 5708 τι
2975 5653 3181 5708 τούτων
3227 5649 3580 5717 ἐνδικώτερον
3618 5646 3650 5716 ἢ
3693 5643 4084 5713 φιλανθρωπό-

2497 5767 2679 5819 τερον,
2727 5749 2821 5800 xui.
2868 5747 3002 5816 πρὸς
3044 5743 3396 5814 παράκλησιν
3432 5738 3766 5808 ὲπιστροφίς
3806 5736 4086 5802 ἑτοιμότε·

2496 5860 2590 5911 ρον
2623 5841 2800 5910 ψυχῆς
2854 5839 3286 5906 πλεονεκτούσης
3345 5835 3406 5886 τὸ
3448 5833 3686 5892 δίκαιον;
3755 5827 3900 5881 Ἀλλ’
3933 5830 4088 5879 οὖόὲν

2498 5934 2674 6005 ὢνησε
2726 5933 2824 6004 τὴν
2879 5931 3024 5995 ἅπαξ
3075 5930 3274 5996 ἑαυτὴν
3310 5927 3384 5997 τῷ
3427 5924 3654 5997 ρᾳθῦμσι)
3686 5922 3785 5992 τῆς
3831 5921 4086 5990 προαιρέ-
