4188 6456
779 420 876 485 ετι

2001 408 2194 470 LEON
2202 408 2274 468 IS
2303 409 2430 469 ΡΗΙ
2442 405 2759 467 LOSOPHI

3924 396 4039 461 21?.

777 552 897 590 rem
932 535 1046 589 hac
1075 530 1402 586 retulerunt.
1437 527 1561 596 ipsa
1580 533 1759 579 autem
1795 522 2156 594 Epiphaniam
2186 523 2359 577 celer-

2471 521 2723 592 ὲπλήρου,
2770 519 2867 575 καὶ
2911 518 2947 573 ά
2986 518 3217 588 καθῄρει
3263 518 3355 572 τὸν
3391 517 3565 584 ἅγιον,
3614 514 3913 585 προσθεῖσα
3946 519 4047 569 καὶ

780 630 920 683 rime
942 626 1110 682 trahit
1138 623 1205 677 ad
1236 637 1367 676 suas
1390 628 1596 691 partes,
1630 635 1694 672 ea
1717 618 2007 671 docens-et
2032 630 2354 687 suggerens,

779 731 903 788 quae
948 715 1067 784 ejus
1111 713 1357 782 iniquam
1412 708 1704 779 explebant
1761 706 2066 771 libidinem,
2121 718 2175 761 et
2231 722 2354 776 quae

780 819 1028 865 sanctum
1060 805 1442 874 deponebant;
1491 800 1757 868 adficiens
1792 799 1957 854 etiam
1988 812 2249 851 arcanum
2289 796 2359 865 (ο

780 899 1064 953 hominum
1111 895 1428 951 audaciam!
1463 908 1495 947 o
1522 890 1765 946 divinam
1816 890 2122 944 lenitatem!
2148 889 2164 949 l
2189 888 2360 942 haere-

779 993 948 1048 ticnm
981 1004 1107 1045 esse
1157 988 1252 1042 Dei
1307 1000 1527 1039 servant
1564 991 1618 1039 et
1658 982 1949 1037 famulum.
1993 978 2137 1046 Quid
2172 988 2354 1034 autem

780 1092 972 1137 contra
1000 1081 1220 1150 sapiens
1252 1078 1393 1133 dixit
1421 1077 1776 1146 Epiphanius,
1819 1072 2109 1129 audiamus
2138 1088 2153 1124 :
2187 1072 2243 1126 Si
2274 1082 2361 1127 est

779 1174 879 1229 tibi
908 1172 1149 1243 quidem,
1180 1172 1382 1240 inquit,
1417 1184 1450 1223 0
1484 1168 1804 1238 imperatrix
1832 1207 1848 1234 ,
1881 1166 2024 1220 ratio
2069 1181 2169 1220 cur
2192 1166 2363 1219 haere-

781 1264 884 1315 sint
917 1261 1240 1331 suspiceris,
1279 1260 1455 1320 adsit,
1487 1266 1542 1310 et
1584 1271 1810 1311 causam
1854 1270 2011 1311 suam
2038 1266 2162 1324 agat
2185 1254 2357 1309 Joan-

778 1368 879 1409 nes
946 1353 1000 1405 in
1048 1351 1390 1421 pmnitentia.
1427 1347 1520 1401 Sin
1567 1357 1748 1401 autem
1800 1347 1916 1401 haec
1951 1347 2114 1401 verba
2148 1345 2365 1415 profers

781 1460 950 1502 causa
979 1442 1350 1507 contumeliae,
1383 1441 1478 1494 tibi
1513 1440 1737 1493 minime
1778 1438 2083 1494 assentitnr
2124 1436 2364 1507 Epipha-

782 1537 927 1590 nius.
967 1533 1007 1586 Τ
1015 1547 1120 1588 unc
1171 1540 1448 1587 commota
1506 1531 1597 1585 illa
1657 1530 1853 1595 hostis,
1904 1530 2088 1599 erupit
2136 1530 2190 1583 in
2228 1530 2366 1583 hanc

778 1626 1174 1680 exsecrandum
1212 1640 1398 1679 vocem
1430 1643 1441 1677 :
1477 1622 1558 1687 Si,
1601 1636 1636 1677 o
1689 1622 1980 1695 Epipltani,
2019 1620 2097 1677 sis
2134 1621 2366 1690 impedi—

781 1725 1005 1780 mento,
1066 1717 1363 1785 quominus
1420 1712 1660 1769 Joannes
1704 1713 1952 1767 mittatur
1982 1713 2034 1766 in
2092 1713 2367 1777 exsilium,

779 1823 911 1861 cccc
966 1808 1211 1879 aperiam
1262 1807 1463 1876 tetnpla
1504 1806 1802 1869 idolorum,
1840 1813 1894 1858 et
1944 1803 2270 1859 contendam
2311 1812 2369 1858 ut

2456 617 2518 669 τὸ
2570 614 2882 687 ἀπόρρητον
2949 611 3028 681 (ὦ
3087 610 3293 681 βροτῶν
3358 611 3659 681 τολμηρίας
3701 612 3714 663 l
3762 609 3808 661 ὣ
3888 608 4048 672 θείας

2461 703 3250 779 μακροθυμίαςί)αίρεσιώτην
3291 697 3430 755 εἶναι
3474 702 3565 753 τὸν
3608 701 3869 771 ἀρχιερέα
3903 699 4049 754 Θεοῦ

2461 797 2556 850 καὶ
2590 795 2918 864 θεράποντα.
2968 793 3032 846 Τί
3085 791 3178 845 οῦν
3210 793 3240 844 ὁ
3284 793 3443 859 σοφὸς,
3476 791 3758 855 ἀντέλεξεν
3810 792 4051 858 Ἐπιφά-

2461 905 2593 952 νιος,
2622 887 3050 957 καταμάθωμεν.
3087 887 3147 939 Εἰ
3176 887 3273 955 μὲν
3302 889 3419 938 ἐστι
3452 902 3553 945 σοι.
3582 879 3627 937 ὦ
3654 887 3885 955 βασιλὶς,
3909 886 4049 954 ἔφη,

2466 980 2625 1049 λόγος
2664 979 2921 1038 ὑπονοίας
2956 976 3353 1050 αἰρεσιὼτιδος,
3390 978 3647 1046 παρέστω
3711 980 3804 1030 καὶ
3847 978 4051 1031 διδότω

2463 1075 2623 1143 λόγον
2679 1074 2707 1125 ό
2746 1072 3001 1140 Ἰωάννης
3044 1073 3101 1124 ὲν
3151 1071 3427 1142 μετανοίᾳ·
3464 1070 3597 1123 εἰδὲ
3642 1072 3799 1141 χάριν
3827 1069 4051 1140 ὖσρεως

2463 1166 2640 1220 ταῦτα
2674 1163 2954 1237 προϐάλλῃ
2988 1164 3057 1216 τά
3110 1164 3351 1234 ῥήματα,
3390 1164 3706 1231 Ἐπιφάνιος
3738 1164 3948 1217 τούτων
3979 1164 4049 1217 ού

2467 1258 2808 1327 συναινὲτης.
2840 1255 2975 1308 Τότε
3024 1256 3088 1325 δὴ
3134 1255 3449 1314 κινηθεῖσαν
3494 1257 3593 1325 τὴν
3645 1255 3936 1323 πολεμίαν,
3982 1255 4053 1308 τὸ

2467 1351 2757 1418 θεοστυγὲς
2788 1352 2887 1419 τῆς
2914 1348 3174 1418 τοιαύτης
3214 1349 3542 1415 ἀποφάσεως
3572 1348 3885 1419 ἀπορρῆξαι
3918 1366 4053 1419 μιαι-

2469 1443 2775 1514 ρολόγημα,
2813 1442 2887 1504 ὡς
2913 1441 3086 1510 Εἴπερ
3112 1440 3388 1510 ἐμποδὼν,
3432 1437 3738 1506 Ἐπιφάνιε,
3770 1440 3903 1512 γένῃ
3946 1445 4053 1510 τῆς

2480 1533 2732 1585 Ἰωάννου
2760 1530 2993 1602 ὲξορίας,
3025 1530 3135 1582 ίδοὺ
3174 1529 3374 1597 άνοίγω
3400 1532 3526 1592 τοὺς
3553 1532 3714 1593 ναοὺς
3745 1530 3854 1583 τῶν
3889 1532 4052 1584 είδὼ-

2469 1622 2600 1687 λων,
2649 1624 2742 1676 καὶ
2791 1622 3219 1694 προσκυνεῖσθαι
3245 1622 3382 1675 αὑτά
3416 1621 3829 1693 διαγωνιοῦμαι.
3865 1624 4054 1691 Χραί-

2471 1714 2656 1769 νεσθαι
2687 1715 2868 1769 τοίνυν
2900 1713 3097 1785 μηκέτι
3146 1715 3354 1783 στέγων
3380 1716 3480 1777 τὰς
3518 1714 3687 1777 ἀκοάς
3734 1713 3811 1785 τῷ
3853 1717 4055 1786 περιρ-

2476 1808 2751 1879 ραντηρίῳ
2780 1808 2873 1861 τοῦ
2903 1805 3270 1877 βορϐορώὂους
3300 1807 3408 1859 τῶν
3441 1807 3616 1874 λόγων
3647 1807 3748 1876 τῆς
3778 1809 4055 1877 πολεμίας

780 1915 845 1953 ca
877 1897 1335 1954 adorentur.Non
1368 1898 1607 1968 amplius
1663 1911 1795 1966 ergo
1824 1896 2004 1950 ferens
2031 1895 2364 1965 Epiphanius

2471 1902 2500 1952 ό
2542 1900 2874 1966 Ἑπιφάνιος,
2922 1898 3041 1960 ὅλος
3090 1897 3158 1949 δι’
3204 1896 3327 1949 ὅλου
3354 1896 3605 1967 δακρύων
3664 1897 3903 1964 ἐγένετο,
3954 1898 4055 1949 καὶ

782 2008 946 2047 aures
1002 2007 1131 2045 suas
1182 1992 1347 2061 pollui
1400 2004 1559 2044 (ωηο
1601 1990 1837 2045 inimicae
1903 1988 2160 2052 feminae,
2218 1996 2367 2043 totus

782 2082 1039 2152 perfusus
1071 2083 1175 2136 fuit
1208 2084 1487 2152 lacryntis,
1522 2091 1575 2136 et
1620 2099 1680 2137 se
1711 2097 1901 2137 eorum
1944 2097 2071 2136 esse
2104 2083 2366 2135 innocen-

781 2186 888 2229 tem
935 2176 1332 2245 pronuntians,
1406 2174 1588 2245 fugam
1658 2176 1881 2229 omnino
1939 2174 2189 2244 arripuit.
2242 2172 2365 2227 Haec

782 2271 963 2318 autent
998 2264 1185 2319 nescio
1214 2262 1492 2334 quomodo
1538 2264 1697 2318 aliter
1730 2263 2082 2333 iactabantur
2107 2273 2364 2318 externo-

783 2372 906 2413 rum
937 2358 1303 2412 sermonibus.
1330 2354 1655 2423 Quomodo?
1676 2355 1831 2421 Quod
1863 2367 2087 2410 vocatus
2124 2355 2361 2425 Epipha-

782 2449 911 2502 nius
949 2461 1048 2503 sua
1070 2446 1312 2501 decrevit
1342 2447 1610 2502 sententia
1638 2444 1903 2501 Joannem
1930 2462 2055 2503 esse
2087 2448 2366 2516 deponen-

781 2538 934 2590 dum.
961 2536 1085 2590 llaec
1119 2552 1243 2592 cum
1264 2536 1568 2592 audivisset
1597 2534 1856 2600 Joannes,
1885 2538 1954 2592 ad
1981 2552 2105 2591 eum
2131 2536 2359 2591 scribit:

786 2628 1017 2698 Sapiens
1070 2626 1361 2697 Epipltani,
1414 2638 1470 2683 et
1507 2638 1561 2682 tu
1611 2643 1732 2682 meo
1757 2627 2091 2682 consensisti
2130 2627 2365 2684 exsilio?

783 2722 860 2775 De
910 2730 1113 2775 caetero
1142 2737 1251 2775 non
1303 2720 1577 2776 videberis
1628 2721 1864 2790 amplius
1913 2719 2111 2774 sedens
2140 2721 2194 2775 in
2234 2722 2366 2776 sede

784 2824 899 2867 tua.
932 2812 1026 2867 Ille
1048 2823 1233 2866 autem
1274 2812 1342 2867 ad
1374 2812 1492 2866 haec
1519 2812 1772 2867 rescribit
1800 2830 1813 2865 :
1846 2812 2063 2867 Athleta
2098 2811 2365 2879 Joannes,

788 2904 887 2959 feri
929 2915 982 2958 et
1017 2904 1208 2970 vince;
1243 2903 1308 2958 ad
1350 2904 1529 2959 locum
1580 2914 1784 2967 autem,
1822 2905 1887 2958 ad
1931 2920 2092 2971 quem
2127 2904 2366 2959 mitteris

788 2997 840 3048 in
874 2995 1153 3061 exsilium,
1212 2995 1438 3050 minime
1490 2994 1799 3065 pervenies.
1863 2994 1955 3049 Sic
2000 2996 2361 3064 scripserunt,

786 3097 841 3143 et
876 3089 955 3143 sic
988 3088 1194 3142 factum
1230 3097 1334 3143 est.
1372 3085 1507 3141 Nam
1539 3087 1683 3141 inter
1716 3088 2080 3156 navigandum
2112 3096 2364 3142 mortuus

786 3189 872 3233 est
948 3180 1310 3251 Epiphanius,
1346 3188 1401 3235 et
1448 3178 1687 3235 Joannes
1738 3195 1863 3233 cum
1896 3180 2135 3233 nondum
2170 3194 2362 3248 perve-

787 3273 963 3325 nisset
992 3271 1059 3326 ad
1102 3273 1280 3325 locum
1317 3272 1371 3324 in
1409 3271 1657 3325 secundo
1690 3270 1905 3335 exsilio,
1942 3278 1995 3323 ut
2037 3270 2149 3340 jam
2180 3269 2360 3323 deela-

786 3365 1052 3429 rabimus,
1089 3365 1343 3435 migravit
1370 3381 1434 3421 ex
1472 3366 1572 3419 hac
1603 3366 1734 3420 vita.

858 3456 949 3509 ιιι).
993 3456 1131 3510 Cum
1180 3464 1384 3517 autem,
1443 3466 1731 3526 postquam
1784 3455 1877 3510 ille
1935 3454 2362 3525 enavigarisset,

790 3550 1101 3605 t'escivisset
1150 3546 1431 3615 Joannes,
1487 3548 1945 3618 quemadmodum
1998 3548 2368 3617 propulsasset

790 3642 1216 3711 imperatriccm,
1263 3642 1469 3711 profert
1508 3641 1875 3696 communiter
1913 3640 2367 3709 vituperationem

792 3733 1059 3789 adversus
1084 3749 1301 3789 omnem
1338 3736 1535 3788 malam
1582 3734 1861 3787 feminam.
1894 3734 2065 3797 Quam
2112 3741 2367 3799 tanquam

790 3826 1133 3893 a-nigmatice
1166 3826 1431 3895 prolatam
1456 3826 1722 3881 adversus
1754 3823 2181 3893 imperatricem,
2224 3822 2366 3875 arri-

794 3920 911 3988 puit
941 3933 1169 3972 examen
1204 3926 1610 3973 accusatorum.
1635 3917 1689 3971 ld
1724 3917 1908 3987 itaque
1940 3932 2035 3986 per
2063 3931 2183 3971 eam
2212 3916 2365 3969 defe-

794 4020 923 4065 runt
940 4012 1006 4066 ad
1024 4012 1431 4081 imperatorem.
1450 4010 1548 4065 Cui
1570 4024 1693 4063 eum
1715 4009 1898 4063 nescio
1913 4023 2070 4077 quas,
2091 4023 2188 4061 nec
2203 4021 2365 4075 quant

795 4104 995 4156 multas
1027 4104 1366 4156 adhibuisset
1396 4102 1463 4156 ad
1515 4118 1640 4156 eum
1682 4100 2054 4157 inclinandum
2103 4100 2365 4162 rationes,

792 4195 1006 4259 incitat,
1042 4203 1101 4248 ut
1133 4194 1336 4248 bellum
1369 4194 1633 4263 suscipiat
1673 4194 1938 4247 adversus
1992 4190 2281 4255 Joannem,
2315 4200 2369 4244 et

794 4298 852 4340 ut
877 4295 1068 4341 coacta
1096 4287 1310 4358 synodo
1338 4286 1698 4340 damnaretur
1726 4285 1943 4340 exsilio.
1975 4283 2159 4353 Neque
2186 4292 2366 4337 tamen

794 4381 916 4433 sine
950 4377 1252 4457 Theophila
1278 4379 1635 4432 constitutum
1672 4376 1772 4431 fuit
1795 4379 1897 4431 hoc
1926 4387 2234 4440 certamen;
2271 4377 2367 4430 sed

794 4474 1200 4542 quatnprimum
1233 4471 1298 4525 ad
1331 4487 1455 4524 eum
1508 4472 1695 4525 missis
1734 4470 1932 4525 litteris
1970 4477 2147 4533 curat,
2180 4480 2236 4522 ut
2278 4485 2370 4522 ve-

793 4564 907 4619 niat
943 4579 1066 4616 cunt
1123 4564 1395 4632 episcopis
1420 4561 1619 4616 Indicis
1668 4572 1721 4616 et
1752 4560 2045 4633 Egyptiis,
2085 4571 2133 4615 et
2171 4561 2237 4614 iis
2273 4560 2366 4629 qui

2474 1988 2649 2041 άθῶον
2701 1986 2893 2039 ἑαυτὸν
2944 1985 3339 2038 τῶντοιούτων
3392 1986 3835 2054 ἀποφηνάμενος,
3862 1986 4055 2039 τέλεον

2473 2079 2571 2151 τὴν
2599 2078 2891 2147 φνγαδείαν
2936 2077 3230 2144 ἠσπάζετο.
3280 2076 3468 2128 Ταῦτα
3503 2077 3581 2141 δὲ,
3612 2080 3711 2129 οὐκ
3750 2072 3845 2129 οἷδ’
3872 2077 4052 2141 ὅπως,

2474 2171 2805 2233 άπεναντίας
2834 2173 2950 2232 τοῖς
2979 2169 3081 2233 ἔξω
3119 2167 3471 2236 διεφημεζετό
3496 2185 3633 2233 πως,
3659 2170 3743 2221 ὅτι
3769 2169 3993 2237 κληθεὶς
4025 2172 4057 2222 ό

2488 2264 2802 2334 Ἐπιφάνιος
2883 2262 2983 2332 τὴν
3043 2261 3364 2330 καθαίρεσιν
3418 2260 3667 2313 Ἰωάννου
3718 2260 4053 2330 ἑψηφίσατο.

2473 2358 2584 2411 Καὶ
2646 2357 2855 2409 τούτων
2908 2352 3254 2415 διακούσαςό
3314 2353 3591 2421 Ἰωάννης,
3626 2352 3830 2422 γράφει
3867 2354 4047 2424 αὐτῷ,

2485 2450 2789 2519 Ἐπιφάνιε,
2824 2447 3020 2515 λέγων,
3070 2446 3236 2513 σοφὲ,
3287 2446 3351 2497 σὺ
3403 2444 3700 2515 συνῄνεσας
3746 2446 3803 2496 ὲν
3844 2449 3911 2515 τῇ
3941 2447 4057 2518 ἐμῇ

2473 2541 2677 2612 ὲξορίᾳο
2717 2540 2815 2608 οὐχ
2844 2537 3092 2608 όραθήσῃ
3143 2536 3252 2589 ἀπὸ
3299 2533 3393 2587 τοῦ
3445 2533 3541 2587 νῦν
3592 2535 3688 2587 επὶ
3731 2533 3826 2587 τοῦ
3854 2535 4057 2602 θρόνου

2474 2651 2567 2687 σου
2618 2630 2993 2699 καθιούμενος.
3041 2628 3100 2681 '0
3152 2627 3209 2680 δὲ
3264 2627 3597 2697 άντεγράφει
3652 2627 3789 2698 πρὸς
3832 2626 4058 2681 ταῦτα’

2484 2725 2716 2795 ’Λθλητὰ
2759 2723 3005 2793 Ἰωάννη,
3033 2720 3195 2775 παίου
3224 2720 3318 2773 καὶ
3348 2720 3494 2773 νίκα·
3531 2718 3623 2771 τὸν
3655 2719 3713 2771 δὲ
3746 2719 3958 2790 χῶρον,
3987 2722 4053 2772 εν

2472 2811 2516 2885 ᾧ
2549 2816 2809 2888 ἐξορίζῃ,
2864 2815 3050 2867 ούκὲτι
3101 2813 3162 2865 ού
3228 2811 3303 2883 μὴ
3355 2810 3565 2881 φθάσῃς
3617 2810 3800 2872 αὑτός.
3858 2810 4059 2874 Οὕτως

2474 2909 2744 2979 ἔγραψαν,
2778 2909 2871 2960 καὶ
2914 2904 3091 2968 οὕτως
3133 2904 3374 2970 ἐγένετο.
3415 2901 3729 2970 Ἐπιφάνιος
3758 2901 3866 2972 γάρ
3902 2906 4055 2953 κατὰ

2471 3002 2564 3053 τὸν
2593 2999 2759 3052 πλοῦν
2788 2998 3034 3068 τελευτᾷ,
3084 2998 3176 3049 καὶ
3208 2994 3464 3063 Ἰωάννης
3489 2994 3658 3064 μήπω
3697 2993 3910 3062 φθάσας
3957 2993 4058 3047 τὸν

2474 3092 2645 3165 χῶρον
2669 3091 2811 3143 κατὰ
2835 3089 2897 3142 τὸ
2920 3088 3172 3158 δεύτερον
3198 3086 3295 3155 τῆς
3326 3084 3646 3155 ὑπερορίας,
3672 3078 3746 3147 ὥς
3780 3085 3884 3156 ἢδη
3908 3101 4059 3152 γνω-

2477 3186 2723 3253 ρίτομεν,
2758 3182 2827 3235 τὰ
2852 3181 2980 3251 τῇδε
3010 3178 3438 3247 καταλιμπάνει.

2540 3464 2642 3534 κξ3’.
2686 3464 2891 3519 Μαθὼν
2922 3460 3017 3518 οὖν
3040 3466 3068 3518 ό
3117 3464 3290 3534 μέγας
3338 3462 3594 3535 Ἰωάννης
3623 3463 3761 3534 μετὰ
3791 3464 3883 3518 τὸν
3913 3464 4058 3518 άπόο

2472 3556 2639 3609 πλουν
2679 3555 3020 3622 Ἐπιφανίου,
3068 3556 3216 3617 ὅπως
3254 3555 3609 3625 διεκρούσατο
3642 3554 3742 3626 τὴν
3777 3555 4058 3626 βασιλίδα,

2471 3643 2719 3696 ἐκδίδωσι
2742 3644 2907 3713 ψόγον
2933 3648 3086 3715 κοινῇ
3119 3645 3259 3697 κατὰ
3285 3645 3468 3714 πάσης
3492 3647 3749 3713 γυναικὸς
3784 3663 3921 3715 πονη
3932 3649 4056 3715 ρᾶς.

2478 3738 2573 3788 Ὃν
2601 3737 2878 3804 ἁρπάσαν,
2912 3736 2987 3797 ὡς
3013 3736 3497 3805 αἰνιγματισθέντα
3529 3737 3671 3789 κατά
3691 3736 3787 3803 τῆς
3819 3736 4064 3806 βασιλίσο

2472 3842 2591 3897 σης,
2631 3827 2692 3879 τὸ
2737 3828 3043 3896 κατήγορον
3071 3827 3298 3897 σμῆνος,
3346 3826 3542 3901 ταύτῃ,
3581 3828 3677 3881 καί⁸
3710 3827 3798 3880 διά
3843 3827 4060 3895 ταύτης

2471 3918 2607 3984 πρὸς
2640 3917 2730 3968 τὸν
2761 3915 2983 3985 βασιλέα
3044 3917 3569 3986 προσαναφέρονσιν.
3610 3911 3683 3987 ⁷ῼ
3722 3919 3815 3969 καὶ
3854 3919 3886 3985 ἡ
3915 3919 4060 3988 αὐτὴ

2469 4009 2567 4070 τὰς
2595 4007 2839 4075 κλήσεις,
2872 4006 2980 4060 οὐδ’
3021 4008 3152 4069 ὅσας
3199 4009 3394 4075 εἰπεῖν,
3424 4008 3520 4062 καὶ
3550 4010 3721 4074 ὅπως,
3757 4026 4054 4076 προσαγα-

2471 4100 2645 4166 γοῦσα
2693 4099 3025 4169 παροτρύνει
3082 4102 3290 4165 τοῦτον,
3342 4103 3713 4171 συγκῳτῆσαι
3757 4103 3855 4154 τὸν
3908 4103 4058 4155 κατα

2484 4192 2734 4244 Ἰωάννου
2768 4191 3028 4260 πόλεμον,
3071 4192 3164 4244 καὶ
3205 4191 3499 4255 συνοδικῶς
3538 4191 3755 4262 ἑξορίαν
3778 4202 4059 4262 ’κατακρι-

2471 4282 2655 4351 θῆναι.
2684 4284 2758 4336 Οὐ
2792 4282 2897 4352 μὴν
2929 4283 2985 4336 δὲ
3020 4285 3192 4354 χωρὶς
3247 4284 3513 4352 Θεοφίλου
3556 4284 3649 4337 τὸν
3696 4284 3885 4351 ἀγῶνα
3917 4301 4052 4337 συν-

2476 4373 2707 4445 ίστησιν·
2733 4374 2848 4427 ἀλλ’
2868 4376 2949 4428 ὅτι
2965 4375 3196 4444 τάχιστα
3228 4378 3469 4443 γραφαῖς
3490 4374 3680 4429 τοῦτον
3715 4377 3925 4443 εἰσάγει
3956 4379 4061 4430 σὺν

2486 4468 2727 4530 Ἰνδικοῖς
2771 4469 3091 4532 ἐπισκόποις
3123 4470 3217 4522 καὶ
3242 4470 3583 4535 Αἰγυπτίοις,
3611 4470 3706 4521 καὶ
3754 4471 3867 4532 τοῖς
3916 4470 4059 4523 καθ·

2472 4560 2770 4629 αιρεθεῖσιν
2809 4560 3049 4629 εὐλόγως
3077 4558 3198 4613 τότε
3242 4560 3331 4614 διά
3367 4577 3519 4624 τινας
3562 4561 3741 4622 αἰτίας
3768 4561 3924 4631 παρά
3956 4562 4055 4615 τοῦ

792 4666 922 4707 tunc
952 4663 1175 4723 propter
1204 4654 1386 4722 justas
1430 4667 1627 4709 causas
1664 4653 1857 4707 merito
1887 4651 2114 4719 depositi
2148 4651 2363 4705 fuerant

2475 4653 2799 4723 ἀρχιερέως.
2842 4654 2970 4716 Καὶ,
3044 4653 3132 4706 ἵνα
3167 4652 3405 4705 συνελὼν
3449 4653 3625 4717 εἴπω,
3669 4653 3870 4715 πάντες
3922 4670 4056 4705 συν-

790 4763 819 4798 a
850 4743 1137 4812 pontiﬁce;
1183 4753 1258 4806 et,
1294 4752 1352 4795 ut
1381 4743 1551 4797 semel
1594 4742 1797 4807 dicam,
1847 4739 2133 4795 conﬂuunt
2179 4757 2369 4795 attines

785 4835 1223 4900 Cltmlcedonem,
1255 4836 1309 4888 in
1351 4849 1455 4903 qua
1491 4836 1642 4904 prius
1693 4834 1891 4904 parati,
1929 4835 2368 4888 veniuntomnes

793 4930 845 4980 in
906 4928 1101 4982 urbem
1173 4928 1399 4995 regiam.
1446 4927 1586 4982 Cum
1634 4937 1816 4982 autem
1881 4926 2219 4994 tardarent,
2273 4926 2367 4996 qui

788 5027 947 5073 erant
1015 5017 1185 5072 Roma
1243 5020 1483 5083 venturi,
1524 5020 1822 5089 imperator
1879 5019 2147 5073 Arcadius
2215 5020 2368 5074 tmllo

793 5111 956 5163 modo
1002 5111 1191 5166 volens
1249 5111 1497 5181 aspicere
1552 5109 1946 5180 TheOphilum,
1997 5110 2283 5165 dubitabat
2306 5120 2361 5164 et

788 5200 956 5253 variis
977 5200 1386 5255 distrahebatur
1429 5201 1877 5269 cogitationibus,
1927 5200 2186 5270 ignorans
2220 5200 2366 5269 quod

788 5291 1071 5345 llomanus
1103 5291 1392 5361 episcopus
1450 5293 1739 5357 secundas,
1791 5302 1849 5346 ut
1902 5307 1932 5345 a
1982 5308 2068 5346 tne
2098 5293 2249 5360 prius
2284 5292 2369 5346 di—

786 5393 935 5436 ctutn
967 5390 1073 5446 est,
1114 5386 1467 5452 exspectabat
1498 5384 1727 5437 litteras.
1754 5384 1896 5449 Quid
1917 5399 2049 5454 ergo
2079 5384 2368 5440 Eudoxio?

788 5478 939 5529 Clam
986 5474 1217 5530 arcessit
1263 5472 1625 5545 Theophilum
1675 5487 1728 5530 et
1761 5492 1856 5530 eos
1917 5478 2010 5545 qui
2062 5494 2186 5531 cum
2246 5479 2364 5547 ipso

791 5578 970 5632 erant,
995 5578 1165 5622 eteos
1204 5569 1400 5636 amplis
1424 5585 1485 5622 ac
1514 5570 1822 5638 magniﬁcis
1859 5571 2213 5640 prosequitur
2237 5588 2361 5625 mu-

794 5662 1041 5723 neribus,
1081 5662 1480 5730 polliceturque
1504 5678 1562 5716 se
1591 5677 1973 5733 persuasuram
2022 5666 2360 5734 imperatori,

793 5756 855 5802 ut
884 5750 964 5803 eis
999 5759 1204 5817 pareat.
1257 5750 1377 5807 ll.rc
1421 5770 1544 5807 cum
1585 5756 1931 5825 cognovisset
1978 5768 2165 5810 noster
2220 5755 2364 5811 Elias

787 5854 839 5898 ct
868 5859 1061 5912 magna
1102 5846 1230 5899 tuba
1275 5848 1529 5903 Ecclesia:
1575 5850 2021 5920 Cltrysostotnus,
2070 5868 2201 5906 usus
2233 5853 2360 5905 tuba

791 5934 1075 6000 orationis,
1107 5948 1156 5992 et
1185 5952 1289 5993 non
1320 5941 1514 5997 timens
1552 5943 1743 6000 acicnt.
1770 5960 1933 6010 quant
1968 5945 2017 5996 in
2047 5961 2167 6000 cum
2203 5947 2353 6003 dire-

2473 4744 2777 4814 εισρέουσιν
2804 4746 2860 4795 ὲν
2898 4743 3219 4812 Χαλκηδόνι,
3251 4746 3309 4796 ὲν
3395 4744 3661 4813 πρότερον
3692 4761 4057 4814 παρασκευα-

2474 4837 2698 4905 σάμενοι
2754 4836 2892 4904 πρὸς
2929 4836 3030 4903 τὴν
3081 4835 3360 4905 βασιλείαν
3413 4836 3806 4890 εἰσελαύνουσι.
3852 4837 4054 4906 Χρονι-

2472 4929 2673 4992 ζόντων
2704 4928 2760 4980 δὲ
2794 4927 2902 4979 τῶν
2941 4927 3052 4981 ἀπὸ
3107 4928 3348 4998 Ῥώμης,
3392 4930 3421 4981 ὁ
3461 4928 3715 4998 βασιλεὺς
3762 4928 4052 4998 Ἀρκάδιος

2469 5017 2729 5086 Θεόφιλον
2772 5018 3017 5087 μηδόλως
3057 5018 3227 5071 θέλων
3259 5018 3575 5081 θεάσασθαι,
3604 5020 3876 5089 διαπορεῖ,
3920 5021 4050 5081 τοὺς

2470 5109 2763 5181 λογισμοὺς
2788 5114 3081 5180 συνεχεῖτο,
3116 5114 3325 5179 ἀγνοῶν
3349 5113 3429 5165 ὅτι
3449 5111 3703 5182 δευτέραν
3740 5115 3769 5165 ὁ
3799 5113 4047 5184 Ῥώμης,

2471 5200 2616 5254 καθά
2662 5219 2751 5270 μοι
2798 5204 3142 5273 προείρηται,
3179 5204 3398 5273 γραφὴν
3424 5204 3719 5273 ἐξεδέχετο.
3745 5204 3811 5256 Τί
3871 5205 3970 5259 οὖν
4016 5205 4051 5275 ἠ

2470 5295 2696 5359 Εύδοξία
2724 5313 2738 5361 ;
2771 5296 2962 5366 Λάθρα
3005 5276 3393 5366 προσκαλεῖτὶιι
3447 5297 3706 5366 Θεόφιλον
3767 5299 3865 5351 και
3921 5298 4051 5361 τοὺς

2470 5391 2569 5442 σὺν
2593 5390 2864 5459 αὐτῷ,καὶ
2883 5390 3074 5459 δώροις
3103 5391 3491 5460 φιλοτιμεῖται,
3521 5390 3616 5443 καὶ
3637 5390 3816 5457 λόγοις
3843 5389 4051 5459 πληρο-

2470 5483 2645 5548 φορεῖ,
2699 5482 2790 5534 τὸν
2840 5481 3063 5550 βασιλέα
3116 5482 3327 5533 πείσειν
3366 5480 3461 5534 τοῦ
3510 5480 3798 5549 πεισθῆναι
3838 5482 4049 5545 what.

2471 5572 2653 5626 Ταῦτα
2708 5574 2958 5641 διαγνοὺς
2988 5574 3017 5626 ὁ
3054 5574 3177 5628 καθ’
3212 5576 3358 5646 ἡμᾶς
3421 5574 3631 5638 Ἠλὶα;,
3690 5575 3784 5628 καὶ
3831 5575 4051 5644 μεγάλη

2471 5668 2705 5735 σάλπιγξ
2728 5671 2827 5737 τῆς
2874 5668 3199 5738 Ἐκκλησίας
3227 5670 3638 5738 Χρυσόστομος,
3671 5670 3737 5739 τῇ
3764 5668 3863 5722 τοῦ
3886 5670 4051 5739 λόγου

2469 5761 2814 5830 χρησάμενος
2841 5760 3123 5828 σάλπιγγι,
3149 5760 3245 5813 καὶ
3280 5761 3383 5829 τὴν
3409 5759 3517 5812 τῶν
3552 5759 4052 5828 συνεπιτιθεμένων

2468 5854 2566 5922 οὐχ
2626 5854 3086 5924 ὑποστειλάμενος
3148 5854 3620 5923 άντιστράτευσιν,
3678 5853 3926 5921 Μωῦσῆς
3961 5849 4050 5908 οἶά

2469 5964 2547 6009 τις
2591 5946 2765 6009 ἄλλος.
2802 5949 2832 6016 ἢ
2879 5949 3082 6013 Φινεὲς,
3108 5950 3140 6013 ὴ
3182 5946 3405 6015 Ἰησοῦς,
3439 5946 3535 6014 ἢὸ
3568 5944 3794 6017 φοϐερὸς
3839 5948 4053 6010 ἐκεῖνος
