4188 6456
156 429 265 492 273

800 424 1081 483 ORATIO
1121 424 1425 483 XVlll.-
1469 419 1848 480 LAUDATIO
1889 419 1951 479 S.
1994 416 2313 479 JOANNIS
2341 415 2747 476 (JHRYSOST.

3307 416 3413 481 ΞΗ

152 536 383 602 καῑτῆς
406 532 555 596 θείας
583 530 865 601 δυνάμεως
888 530 1130 593 ἐνόπλιος
1154 528 1615 600 ἀρχιστράτηγος,
1643 526 1737 578 καὶ

1849 535 2035 580 serant
2060 524 2383 588 adversaril,
2408 532 2668 592 tanquam
2702 526 2841 579 alius
2885 524 3119 592 Moyses,
3153 533 3245 579 aut
3288 526 3411 583 Phi-

154 632 256 697 τὴν
297 627 575 698 ῥομφαίαν
610 624 983 692 σπασάμενος,
1012 624 1377 691 καταπλήττει
1437 621 1498 673 τὸ
1541 620 1739 689 θράσος

150 723 263 772 τῶν
286 719 622 782 ἀντιπάλων,
639 717 980 783 Συναγάγετε
1012 716 1146 782 πρός
1179 730 1268 783 με,
1294 714 1623 784 δημηγορῶν
1647 713 1740 766 καὶ

152 815 355 880 λέγων,
409 811 533 874 τοὺς
589 809 872 879 ίερεῖςτῆς
903 807 1186 876 αἰσχύνης.
1217 805 1498 868 ἐσθίοντας
1534 805 1739 875 τράπε-

150 910 254 970 ζαν
293 904 555 967 Ἰεζάϐελ,
592 900 659 955 ἶν’
682 902 821 954 εἴπω
847 900 1028 962 αὐτοῖς
1051 916 1067 931 ο
1103 901 1246 962 Ἕως
1274 903 1402 953 πότε
1446 900 1739 968 χωλαίνετε

152 998 244 1051 tn‘
273 997 621 1066 ἀμφοτέραις
664 992 877 1060 ἰγνύαις
905 993 1094 1062 {Jpr;
1127 992 1173 1045 εί
1199 991 1314 1044 ἐστι
1352 992 1483 1054 Θεὸς
1510 993 1538 1043 ὁ
1569 989 1735 1056 Βάαλ,

154 1088 465 1158 πορεύεσθε
526 1085 703 1139 ὀπίσω
745 1084 933 1137 αὐτοῦ·
988 1084 1037 1136 εί
1085 1083 1141 1136 δὲ
1185 1084 1436 1155 τράπεζα
1507 1083 1739 1146 Ἰεζάϐελ

156 1179 300 1248 αὕτη
363 1178 533 1242 Θεὸς,
566 1177 835 1246 φαγόντες
878 1175 1135 1246 ἀμέσατε.
1201 1175 1322 1229 Ἔτι
1372 1176 1740 1246 δημοσιεύσας

157 1271 377 1339 τρανῶς
414 1273 514 1337 τὴν
558 1270 773 1338 ἄμαχον
802 1267 1063 1335 Θεοφίλου
1095 1269 1314 1333 κακίαν,
1360 1268 1452 1321 καὶ
1489 1267 1596 1322 τῶν
1642 1270 1741 1321 αύ-

159 1364 255 1417 τοῦ
283 1363 547 1417 σκοτείων
582 1364 995 1432 μηχανημάτων
1040 1361 1140 1432 τὴν
1184 1362 1504 1431 ἰταμότητα,
1536 1362 1742 1415 παντά-

161 1472 299 1509 πασι
342 1454 667 1524 προτίθησιν
717 1454 798 1515 είς
847 1452 1161 1520 διάγνωσιν.
1218 1453 1441 1516 Τούτοις
1494 1453 1585 1507 τοῦ
1642 1457 1742 1524 τῆς

158 1547 450 1608 εὐσεϐείας
496 1546 713 1607 λέοντος
748 1544 1040 1614 βασιλικῶς
1087 1546 1181 1597 καὶ
1228 1546 1487 1613 γενναίως
1523 1548 1741 1618 παρρη-

159 1641 528 1709 σιασαμένου,
564 1640 619 1691 at
646 1638 747 1707 τῆς
782 1638 1045 1708 πονηρίας
1070 1638 1353 1702 ἀλώπεκες
1385 1638 1617 1710 δολερῶς
1644 1640 1741 1703 τὰς

160 1735 357 1801 ῥήσεις
414 1731 824 1802 διεμερίζοντο,
886 1732 980 1784 καὶ
1031 1732 1224 1794 αὐταῖς
1262 1731 1473 1798 λέξεσιν
1529 1732 1741 1786 ἐπιδόν-

156 1840 247 1884 τες
279 1824 351 1875 τὰ
387 1819 482 1875 ῐσα
512 1821 588 1891 τῷ
620 1821 828 1890 βασιλεῖ
856 1821 957 1890 τῆς
993 1821 1334 1892 δημηγορίας
1360 1824 1739 1894 ἀγανακτῆσαι

1842 632 1991 678 necs,
2018 626 2112 670 aut
2132 615 2312 679 .lesus,
2342 625 2436 669 ant
2474 615 2565 669 ille
2587 616 2845 669 terribilis
2880 616 3146 670 etdivina:
3170 628 3414 675 armatus

1842 708 2096 779 princeps
2146 707 2373 771 militiae,
2404 705 2594 760 stricta
2618 704 2932 774 rhompluea
2964 714 3128 760 terret
3162 709 3415 762 adversa-

1840 803 2046 855 riorum
2077 799 2383 863 audaciam,
2422 801 2480 854 in
2527 798 2794 853 concione
2822 800 3010 854 dicens
3039 801 3417 870 :Congregatc

1842 889 1909 943 ad
1934 905 2020 945 me
2059 888 2374 945 sacerdotes
2412 888 2719 955 dedecoris,
2769 889 3119 942 comedentes
3167 906 3414 945 mensam

1840 980 2077 1047 Jezabel,
2111 990 2170 1035 ut
2197 980 2373 1035 dicam
2408 981 2490 1035 eis
2516 997 2529 1031 :
2556 980 2856 1050 Quousque
2886 980 3211 1035 clandicatis
3234 985 3415 1036 amba-

1841 1077 1943 1132 bus
1971 1075 2175 1130 vestris
2217 1074 2372 1128 tibiis
2392 1073 2505 1126 ’3'?
2538 1072 2596 1127 Si
2649 1073 2777 1127 Baal
2822 1082 2905 1128 est
2952 1073 3117 1135 Dens,
3144 1074 3415 1129 ambulate

1841 1180 1966 1240 post
1995 1170 2194 1239 ipsum.
2220 1168 2276 1224 Si
2308 1179 2489 1224 autem
2526 1167 2641 1237 ipsa
2678 1182 2863 1221 mensa
2890 1166 3103 1221 Jezabel
3137 1175 3221 1221 est
3249 1166 3412 1229 Dens,

1842 1262 2193 1316 comedentes
2241 1261 2498 1315 evomite.
2558 1258 2836 1312 Praeterea
2891 1268 3073 1325 aperte
3132 1259 3416 1328 publicans

1843 1352 2099 1407 invictam
2128 1351 2409 1423 Theophili
2456 1349 2739 1413 malitiam,
2768 1358 2820 1404 et
2847 1351 3264 1404 tenebrosarutn
3296 1351 3415 1419 ejus

1842 1446 2309 1500 machinationum
2359 1442 2776 1512 impudentiam,
2820 1442 3079 1512 praponit
3110 1445 3291 1496 omnia
3325 1458 3416 1495 co-

1844 1534 2160 1604 gnoscenda
2190 1536 2257 1588 ab
2284 1534 2556 1587 omnibus.
2591 1531 2728 1586 Cum
2760 1535 2870 1587 haec
2904 1534 3051 1603 regie
3075 1542 3129 1587 et
3157 1548 3417 1601 generose

1843 1628 2073 1683 dixisset
2130 1627 2216 1682 leo
2279 1626 2521 1697 pietatis,
2585 1626 2777 1696 vulpes
2831 1625 3199 1695 improbitatis
3254 1625 3417 1680 verba

1844 1717 2219 1774 fraudulenter
2268 1718 2557 1772 dividunt:
2604 1726 2807 1773 etcum
2872 1718 3065 1773 iisdem
3093 1716 3271 1773 verbis
3312 1718 3419 1771 im-

1841 1814 2076 1884 peratori
2096 1813 2374 1866 dedissent
2404 1811 2733 1879 exemplum,
2758 1819 3052 1881 coegerunt
3080 1825 3203 1865 cum
3237 1810 3417 1873 irasci,

157 1916 350 1967 τοῦτον
397 1885 771 1978 ἐξεϐιάσαντο,
813 1885 924 1966 καὶ-
961 1885 1239 1983 τὴν-κατά
1291 1885 1550 1985 Θεοιρίλου
1587 1885 1740 1987 ﬁcia-

1849 1919 1898 1963 et
1932 1906 2232 1961 eﬂ'ecerunt
2282 1913 2339 1957 nt
2391 1904 2738 1972 imperatoris
2791 1904 3096 1969 indignatio
3147 1904 3201 1957 in
3243 1901 3421 1957 Theo-

158 2006 301 2067 λέως
328 2006 712 2073 ἀγανάκτησιν
747 2005 882 2075 πρὸς
906 2006 997 2057 τὸν
1024 2005 1289 2076 ἀρχιερέα
1323 2023 1491 2076 μετατ
1503 2010 1741 2079 ραπῆναι

160 2095 678 2164 παρεσκευάσαντο,
715 2095 1103 2158 κελευσθέντες
1131 2097 1233 2165 τὴν
1266 2096 1389 2149 κατ’
1429 2098 1595 2151 αὑτοῦ
1623 2099 1744 2152 σύν-

156 2187 279 2239 οδον
309 2186 733 2257 ἐξεργάσασθαι.
776 2186 841 2241 Oi
886 2188 981 2240 καὶ
1010 2187 1264 2251 λαϐόντες
1304 2190 1393 2244 τὸν
1421 2192 1611 2261 καιρὸν
1644 2192 1745 2262 τῆς

155 2278 369 2342 ἀδείας,
404 2279 500 2330 καὶ
528 2279 665 2348 πρὸς
715 2279 816 2348 τὴν
861 2280 1039 2351 πάλην
1064 2280 1332 2349 ἀνδρικῶς
1372 2282 1740 2353 κονισάμενοι,

158 2368 215 2417 ἐν
247 2366 583 2430 διαϐουλίοις
610 2368 711 2437 τῆς
766 2369 1057 2438 βασιλίδος,
1102 2370 1317 2442 δώροις,
1369 2372 1572 2441 λόγοις,
1610 2376 1743 2427 ὑπο-

158 2457 439 2523 σχέσεσιν,
471 2456 745 2524 ἀπειλαῖς,
778 2459 870 2512 καὶ
921 2460 1053 2512 πᾶσι
1083 2460 1325 2530 τρόποις,
1362 2465 1741 2534 συναγείρουσι

158 2551 397 2610 πάντας.
449 2550 561 2603 Καὶ
608 2551 735 2614 τοὺς
795 2553 893 2621 μὲν
946 2553 1402 2618 ἀντιπαλαίοντας
1447 2557 1524 2626 τῷ
1558 2559 1746 2629 πλάνῳ

159 2638 257 2688 καὶ
295 2639 457 2707 γόητι
489 2638 593 2691 τῶν
619 2638 961 2705 διαϐουλίων,
992 2641 1176 2713 ἑξορίᾳ
1201 2645 1589 2713 παρέπεμπον
1621 2648 1746 2710 τοὺς

158 2728 215 2780 δὲ
266 2727 347 2796 τῷ
388 2728 622 2797 διακένῳ
650 2728 761 2781 τῶν
791 2730 1139 2800 ὑποσχέσεων
1167 2732 1743 2806 ἀνδραποδιζομένους,

159 2818 420 2881 ἐλεεινῶς
451 2818 705 2872 τοσοῦτον
762 2819 1070 2888 ὲφώπλιξον
1120 2823 1262 2877 κατὰ
1302 2822 1397 2876 τοῦ
1429 2826 1748 2896 ἀρχιποιμέο

161 2926 275 2970 νος,
317 2907 463 2961 ὥστε
506 2912 600 2961 καὶ
634 2909 796 2962 θύσαι
828 2910 921 2963 καὶ
957 2912 1221 2967 ἀπολέσαι
1272 2916 1454 2969 αὐτόν.
1500 2917 1687 2983 Μέγας
1720 2917 1748 2969 ὁ

163 2997 321 3066 ἀγὼν
372 2997 623 3053 ἐντεῦθεν
676 3002 787 3063 τοῖς
837 3002 967 3069 περὶ
1014 3002 1271 3070 Εὐδοξίαν
1317 3007 1413 3058 καὶ
1464 3007 1745 3075 Θεόφιλον,

162 3090 499 3159 τραπέζαις,
523 3092 731 3160 χρυσῷ,
778 3092 1109 3159 κολακείαις,
1166 3098 1260 3148 καὶ
1302 3097 1521 3165 τρόποις
1577 3098 1748 3152 ἄπεισι

1845 1999 2079 2067 philum,
2135 1992 2545 2051 converteretur
2602 1994 2667 2048 ad
2719 1995 3055 2063 pontillcem.
3110 1993 3211 2058 Qui
3257 1990 3419 2046 etiam

1839 2091 1980 2160 jussi
2009 2097 2133 2144 sunt
2168 2090 2218 2142 in
2266 2103 2391 2144 eum
2437 2088 2617 2142 facere
2660 2087 2971 2140 concilium.
3031 2083 3097 2138 Et
3134 2099 3256 2138 enm
3289 2094 3423 2136 tem-

1843 2197 1945 2251 pus
1978 2181 2316 2251 accepissent
2352 2179 2645 2242 libertatis,
2675 2184 2729 2231 et
2755 2178 2819 2230 ad
2859 2178 3059 2229 luctam
3097 2189 3156 2229 se
3196 2175 3413 2228 fortiter

1843 2273 2256 2335 instruxissent,
2296 2286 2357 2325 ac
2390 2270 2718 2323 muniissent
2746 2267 3014 2331 consiliis,
3057 2265 3421 2334 impcratricis

1845 2364 2028 2427 donis,
2060 2364 2265 2430 verbis,
2306 2362 2614 2433 promissis,
2659 2360 2928 2425 tninis,~et
2958 2359 3216 2413 omnibus
3245 2356 3424 2411 modis

1846 2471 2039 2510 omnes
2070 2462 2405 2526 congregant
2432 2467 2446 2505 :
2478 2460 2532 2508 et
2556 2453 2693 2507 alios
2719 2452 2938 2521 quidem
2973 2449 3067 2519 qui
3097 2449 3424 2505 resistebant

1846 2548 2009 2616 plano
2038 2554 2092 2600 et
2130 2544 2504 2616 improborum
2549 2542 2851 2597 architecto
2882 2540 3266 2604 consiliorum,
3297 2537 3425 2590 init-

1846 2640 2033 2696 tebant
2088 2640 2141 2693 in
2196 2637 2487 2701 exsilium;
2536 2637 2674 2689 alios
2709 2645 2889 2689 autem
2928 2632 3083 2688 vanis
3131 2631 3422 2700 promissis

1848 2734 2043 2789 misere
2079 2729 2331 2785 redactos
2361 2731 2414 2782 in
2459 2730 2803 2790 servitutem,
2841 2726 2979 2782 adeo
3007 2725 3297 2779 armabant
3324 2724 3423 2777 ad-

1852 2840 2042 2880 versus
2073 2819 2403 2890 pontiﬁcem,
2442 2827 2499 2872 ut
2545 2834 2668 2873 eum
2709 2817 2795 2870 vel
2848 2812 3209 2871 sacriﬁcaturi
3238 2822 3425 2868 essent

1848 2923 1903 2969 et
1925 2910 2212 2984 perdituri.
2247 2910 2385 2964 Hinc
2422 2922 2678 2978 magnum
2736 2904 2957 2961 exsistit
3003 2913 3278 2958 certamen
3314 2900 3425 2955 Eu-

1850 3008 2024 3060 doxiae
2050 3012 2105 3058 et
2134 2998 2443 3070 Theophili,
2468 2998 2598 3053 dum
2621 2994 2849 3060 mensis,
2877 3007 3032 3056 auro,
3066 2990 3345 3049 blanditiis
3370 2998 3427 3045 et

1851 3106 1906 3152 et
1946 3096 2121 3150 modis
2145 3095 2400 3149 omnibus
2424 3105 2554 3146 suos
2585 3089 2765 3143 socios
2798 3086 2862 3141 ad
2890 3086 3087 3140 bellum
3121 3087 3423 3139 instruunt.

166 3184 294 3245 τοὺς
324 3183 563 3282 οἰκείους
598 3186 919 3254 συμμάχους
950 3186 1085 3256 πρὸς
1117 3188 1208 3240 τὸν
1251 3188 1487 3259 πόλεμον
1521 3192 1743 3244 ἐπαλεί-

1857 3187 2059 3243 Dcinde
2106 3184 2277 3256 quid?
2314 3184 2667 3236 Adornanlur
2711 3188 2764 3232 et
2819 3185 3186 3232 contexuntur
3234 3175 3425 3236 libelli,

164 3291 392 3341 φοντας.
426 3270 560 3327 Εἶτα
591 3276 683 3341 τίς
722 3277 997 3330 Λιϐἐλλων
1048 3280 1344 3349 συρραφαὶ,
1396 3283 1491 3333 καὶ
1544 3284 1745 3336 τούτων

162 3368 446 3438 ἀποστολὴ
476 3368 611 3439 πρὸς
637 3368 1001 3440 τὸνβασιλέα,
1030 3372 1395 3443 περιεχόντων
1424 3374 1603 3438 πάσας
1643 3394 1747 3446 μα-

163 3463 486 3531 ταιότητας,
520 3460 612 3513 καὶ
657 3462 855 3531 μανίας
884 3463 1121 3530 ψευδεῖς,
1154 3464 1249 3516 καὶ
1277 3464 1431 3527 τέλος
1479 3467 1561 3519 ὅτι
1609 3467 1748 3535 μετὰ

160 3551 261 3621 τὴν
332 3551 623 3604 κοινωνίαν
676 3550 850 3615 οὕτως
909 3555 1117 3617 ἐκεῖνος
1179 3556 1209 3607 ό
1266 3557 1520 3628 Ἰωάννης
1574 3559 1748 3612 ἐποίει

163 3645 380 3706 πάντας
431 3643 844 3711 ἀπογεύσασθαι
875 3644 1143 3717 ὓδατος,ῆ
1179 3647 1496 3713 παστίλλου,
1541 3650 1628 3703 διὰ
1659 3651 1749 3705 τὸν

163 3733 426 3794 πτύελον,
459 3735 550 3785 καὶ
575 3735 681 3803 πρὸ
709 3736 929 3787 πάντων
955 3734 1137 3797 αὑτός.
1167 3735 1369 3787 Λοιπὸν
1398 3737 1497 3789 οὐκ
1528 3736 1607 3789 ἔτι
1642 3755 1749 3807 χω-

165 3824 324 3895 ροῦσι
372 3825 441 3878 δι’
498 3817 577 3878 ὧν
631 3821 700 3895 ἦν
759 3826 941 3888 αὐτοῖς
986 3827 1056 3879 τά
1105 3827 1234 3897 περὶ
1286 3826 1395 3879 τῶν
1444 3829 1748 3899 Ὦριγένους

162 3917 369 3985 βίϐλων
397 3916 873 3987 κατηγορούμενα,
908 3916 1045 3971 άλλά
1079 3918 1146 3970 δι’
1181 3917 1382 3989 ἑτέρων
1414 3920 1625 3991 ὕϐρεων
1656 3925 1749 3977 καὶ

161 4008 471 4077 λοιδοριῶν.
499 4007 716 4060 Τούτων
750 4000 853 4061 ὧδέ
874 4025 992 4072 πως
1025 4010 1492 4079 σκευωρουμένων
1527 4013 1609 4082 (ού
1640 4013 1749 4085 γάρ

161 4094 275 4153 οἷόν
316 4116 377 4152 τε
402 4099 471 4151 τά
492 4099 592 4168 τῆς
634 4099 938 4169 σκευωρίας
966 4099 1071 4153 ἀνά
1124 4102 1287 4171 μέρος
1316 4102 1588 4167 ἐπεξιέναι
1614 4105 1749 4175 πρὶς

163 4190 222 4241 έν
254 4188 413 4250 τέλος
446 4187 761 4259 ἀφορώσης,
794 4188 884 4241 τὸν
925 4189 1085 4258 φόνον
1110 4189 1204 4242 τοῦ
1235 4191 1625 4262 ἀρχιποιμένος
1655 4193 1751 4247 καὶ

164 4282 255 4335 τὸν
279 4282 562 4350 θάνατον),
596 4280 965 4351 παραγίνεται
1007 4282 1145 4352 πρὸς
1174 4282 1265 4337 τὸν
1296 4284 1532 4353 ποιμένα
1572 4286 1633 4339 τὸ
1674 4286 1748 4357 μὴ

166 4372 560 4443 συναρπασθὲν
580 4372 673 4426 τοῦ
699 4374 948 4443 ποιμνίου
970 4377 1081 4437 τοῖς
1112 4373 1507 4446 [σ]παράκταις
1520 4378 1748 4441 ἐκείνοις

164 4467 407 4538 θηρίοις,
463 4467 543 4529 είς
588 4465 684 4519 δύο
733 4465 829 4519 καὶ
880 4467 1291 4538 τεσσαράκοντα
1340 4468 1748 4539 ἀριθμούμενον

1852 3290 1905 3335 et
1933 3281 2225 3333 mittuntur
2263 3276 2326 3329 ad
2360 3277 2761 3343 imperatorem,
2787 3271 2878 3340 qui
2917 3271 3201 3324 continent
3235 3282 3425 3323 omnes

1854 3371 2120 3424 vanitates
2146 3378 2200 3422 et
2240 3366 2483 3421 insanias
2530 3362 2718 3417 falsas.
2753 3360 3096 3415 Postremum
3142 3374 3270 3414 vero
3310 3367 3428 3413 erat

1851 3461 2000 3532 quod
2028 3470 2147 3528 post
2173 3456 2613 3512 communionem
2637 3456 2722 3507 hic
2746 3452 2985 3507 Joannes
3013 3451 3215 3505 l'aceret
3234 3466 3428 3504 omnes

1855 3564 2077 3625 gustare
2108 3565 2303 3621 aquam
2351 3557 2445 3603 aut
2491 3547 2766 3618 pastillum
2832 3552 3053 3614 propter
3099 3554 3343 3613 sputum,
3375 3550 3429 3594 et

1852 3654 1980 3699 ante
2010 3659 2201 3698 omnes
2256 3643 2395 3711 ipse.
2451 3639 2527 3694 De
2574 3646 2772 3692 caetero
2804 3645 2986 3691 autem
3030 3650 3138 3688 non
3190 3633 3429 3701 amplius

1855 3740 2161 3812 procedunt
2191 3750 2285 3806 per
2317 3749 2402 3797 ea,
2456 3748 2579 3802 qua:
2636 3733 2739 3802 ipsi
2797 3732 2850 3783 in
2904 3743 3028 3783 eum
3073 3726 3432 3781 intendebant

1854 3833 2112 3895 crimina,
2145 3842 2339 3897 nempe
2371 3824 2515 3894 quod
2562 3831 2871 3878 sectaretur
2901 3832 3120 3875 errores
3151 3816 3427 3887 Origenis,

1852 3924 1946 3980 sed
1984 3938 2080 3992 per
2110 3919 2476 3975 contumelias
2503 3923 2557 3971 et
2585 3913 2899 3968 maledicta.
2933 3910 3071 3965 Cum
3096 3910 3210 3963 haec
3242 3908 3431 3962 nescio

1850 4014 2123 4086 quomodo
2156 4016 2503 4067 struerentur
2537 4007 2746 4077 (neque
2778 4004 2924 4059 enim
2982 4002 3097 4056 ﬂeri
3143 4004 3344 4070 potest,
3376 4009 3434 4051 ut

1853 4112 2090 4160 structas
2132 4100 2362 4156 insidias
2384 4096 2697 4168 singulatim
2739 4106 3159 4164 persequamur,
3202 4103 3325 4159 qua:
3364 4088 3433 4141 ad

1853 4213 2019 4252 unmn
2052 4195 2210 4249 tinent
2230 4190 2577 4261 spectabant,
2606 4202 2801 4257 nempe
2834 4188 2897 4239 ad
2934 4182 3139 4238 ca-dem
3168 4179 3434 4250 principis

1853 4298 2132 4360 pastorum
2163 4297 2214 4339 et
2245 4283 2517 4349 mortem),
2546 4279 2762 4335 accedit
2788 4278 2854 4334 ad
2883 4285 3156 4345 pastorem
3184 4273 3259 4334 id,
3284 4270 3431 4342 quod

1851 4397 1885 4434 e
1909 4395 2066 4449 grege
2094 4393 2198 4431 non
2229 4375 2409 4429 fuerat
2434 4380 2746 4441 correptum
2787 4384 2817 4422 a
2855 4368 2986 4422 feris
3034 4366 3143 4420 illis
3172 4362 3428 4418 immani-

1853 4473 1978 4536 bus,
2011 4485 2204 4539 nempe
2233 4466 2595 4536 qnadraginta
2621 4465 2730 4516 duo
2758 4458 3001 4531 episcopi
3039 4472 3268 4511 numero
3297 4473 3309 4508 :
3336 4453 3431 4523 qui

165 4557 531 4620 ἐπισκόπους,
570 4556 621 4609 οἳ
670 4559 759 4609 τὸν
811 4557 1044 4626 ποιμένα
1089 4558 1621 4626 περικυκλώσαντες,
1657 4560 1746 4613 διὰ

1852 4575 2126 4634 pastorem
2175 4557 2584 4615 circumdantcs
2622 4553 3041 4608 admirabantur
3090 4547 3431 4617 repentinam

164 4650 414 4720 θάμϐους
448 4647 696 4719 ὑπῆρχον
738 4648 818 4717 τῷ
854 4650 953 4716 τῆς
1002 4649 1305 4720 μεταϐολῆς
1340 4650 1522 4722 ἀθρόῳ
1558 4669 1615 4705 τε
1651 4655 1745 4706 καὶ

168 4742 653 4811 παρηλλαγμένῳ·
685 4742 833 4804 ὅπως
882 4741 1141 4811 Θεόφιλος
1187 4743 1466 4812 ἀγώγιμος
1514 4743 1611 4809 ὢν,
1653 4745 1747 4800 καὶ

166 4834 424 4893 ὑπόδικος
470 4832 812 4900 ἐνεχόμενος,
856 4832 1117 4901 ἐξαπίνης
1166 4834 1260 4885 τοῦ
1318 4833 1527 4886 δικαίου
1553 4835 1749 4905 κριτὴς

166 4922 461 4997 καθὶ,[σ]το
485 4925 576 4976 καὶ
596 4923 871 4993 δικαστής.
909 4923 972 4976 Τί
1015 4920 1109 4977 οὖν
1145 4927 1174 4977 ὁ
1198 4925 1403 4995 ποιμὴν
1438 4928 1466 4979 ὁ
1498 4926 1682 4993 καλὸς,
1723 4927 1752 4979 ὀ

169 5017 419 5088 μιμητὴς
474 5014 570 5068 τοῦ
628 5015 863 5086 μεγάλου
925 5016 1316 5086 ἀρχιποιμὲνος
1357 5016 1568 5087 Ἰησού;
1612 5018 1753 5072 Ἀλλ’

168 5103 272 5163 ὦδε
317 5107 416 5160 τοῦ
477 5106 637 5173 λόγου
680 5104 942 5176 νόμενος,
991 5108 1271 5178 ἐμνήσθην
1313 5108 1535 5179 ἡμερῶν
1567 5110 1748 5179 ἱερῶν,

165 5202 262 5254 τὸν
311 5199 616 5268 Δεσπότην,
667 5198 793 5262 τούς
844 5215 904 5251 τε
967 5198 1216 5269 μαθητάς
1267 5197 1401 5268 πρὸς
1454 5200 1517 5252 τὸ
1580 5201 1750 5262 πάθος

169 5297 432 5364 ἥκοντας,
462 5293 561 5361 τὴν
593 5291 805 5362 Καινὴν
849 5292 1151 5363 Διαθὴκην,
1185 5292 1283 5362 τὴν
1313 5292 1450 5362 πρὸς
1487 5292 1748 5363 ἀλλήλους

172 5387 402 5455 ἀγάπην
429 5424 444 5448 ,
466 5386 537 5439 τὰ
586 5387 703 5438 ἐκεί
739 5384 1041 5454 τελούμενα
1074 5386 1292 5439 ἅπαντα
1358 5384 1480 5439 καθ’
1526 5386 1755 5440 ἕκαστον

172 5479 459 5547 ἐνενόησα,
490 5478 586 5531 καὶ
630 5476 722 5529 τὸν
774 5477 899 5549 ἄρτι
951 5476 1202 5547 μαθητὴν
1246 5477 1644 5546 παραπλησίως
1674 5467 1779 5548 τῷ

170 5570 485 5639 διδασκάλῳ
536 5569 632 5621 καὶ
669 5569 917 5640 Δεσπότῃ
970 5567 1437 5637 μεδσταγωγοῦντιι
1481 5571 1609 5632 τοὺς
1658 5569 1751 5621 ὑπ’

176 5664 361 5717 αὐτόν.
424 5661 651 5714 Πάντων
698 5661 809 5731 γὰρ
860 5659 1233 5732 συνεχομένων
1276 5660 1368 5714 καὶ
1398 5660 1753 5731 λυπουμένων

179 5756 274 5808 ἐπὶ
309 5753 386 5824 τῷ
427 5752 572 5807 κατά
614 5749 707 5805 τὸν
756 5752 1077 5806 διδάσκαλον
1107 5753 1393 5823 ἀνιάματι,
1427 5754 1561 5824 φησι
1617 5754 1753 5825 πρὸς

182 5848 375 5911 αὐτοὺς
426 5849 454 5901 δ
501 5846 665 5916 σοφὸς
692 5846 895 5910 ἐκεῖνος
925 5849 992 5902 τά
1042 5848 1161 5902 θεία
1212 5848 1303 5902 καὶ
1342 5848 1407 5901 τὰ
1437 5849 1751 5915 ἀνθρώπινα

259 5969 321 5999 ’λ’
349 5964 414 6021 ill
445 5962 574 6035 llrg.
614 5978 768 6028 xvm,
804 5963 893 6017 “ll.

1852 4664 1907 4711 et
1932 4655 2204 4710 diversam
2252 4651 2633 4713 mutationem,
2674 4660 2870 4716 nempe
2903 4643 3047 4713 quod
3077 4640 3433 4709 Theophilus,
3508 4668 3513 4677 ι

1856 4751 1953 4821 qni
1987 4757 2104 4804 erat
2137 4749 2279 4801 inter
2313 4760 2437 4800 reos
2478 4745 2705 4805 rciatus,
2749 4747 2973 4811 repente
3006 4739 3079 4794 sit
3104 4737 3437 4793 constitutus

1858 4842 2026 4912 jnilex
2053 4839 2322 4893 adversus
2358 4846 2609 4891 sanctum
2641 4844 2695 4888 et
2719 4835 2927 4905 justum
2959 4830 3433 4901 Chrysostomuni.

1862 4933 2001 5001 Quid
2034 4944 2164 5001 ergo
2196 4938 2378 4998 pastor
2414 4928 2503 4981 ille
2541 4926 2739 4987 bonus,
2789 4922 2969 4990 magni
3015 4918 3281 4991 principis
3341 4933 3437 4986 pa-

1862 5006 2093 5088 storum,
2126 5034 2321 5089 nempe
2359 5016 2509 5083 Jesu,
2564 5013 2842 5070 imitator?
2872 5011 2976 5067 Sed
3017 5025 3142 5065 cum
3192 5011 3259 5089 ad
3293 5012 3436 5063 hunc

1858 5118 2039 5171 locum
2075 5111 2319 5182 pervenit
2354 5110 2556 5172 oratio,
2589 5107 2811 5161 memini
2854 5118 3137 5161 sacrorum
3166 5101 3376 5155 dierum
3416 5116 3430 5153 :

1865 5205 2152 5262 Dominum
2181 5203 2483 5258 venientem
2518 5200 2584 5255 ad
2628 5198 2966 5269 passionem,
3011 5194 3310 5264 discipulos
3342 5192 3435 5262 qui

1862 5311 1993 5355 tunc
2018 5309 2197 5363 erant,
2231 5298 2440 5353 Novum
2476 5294 2910 5351 Testamentum,
2947 5291 3088 5345 inter
3111 5303 3169 5343 se
3200 5288 3432 5341 invicem

1860 5394 2208 5465 cliaritatetn,
2240 5400 2294 5445 et
2319 5390 2505 5443 omnia
2551 5401 2672 5458 qua:
2707 5385 2818 5439 illic
2854 5382 3083 5453 mystice
3134 5379 3275 5433 facta
3305 5385 3437 5433 sunt

1855 5483 2080 5539 edoctos
2109 5479 2423 5550 singulatim
2452 5476 2595 5547 apud
2643 5491 2731 5530 me
2762 5471 2995 5543 cogitavi
3022 5485 3037 5523 :
3069 5477 3124 5525 et
3164 5484 3313 5532 etim,
3336 5467 3429 5535 qui

1856 5576 2019 5630 modo
2049 5580 2166 5629 erat
2193 5571 2518 5642 discipulus,
2559 5567 2815 5624 similiter
2840 5573 3004 5632 atque
3035 5562 3362 5629 magistrum
3382 5565 3438 5610 ct

1865 5669 2173 5733 Dominum,
2204 5681 2298 5721 eos
2325 5666 2417 5735 qui
2451 5664 2553 5719 sub
2583 5679 2641 5717 se
2667 5668 2844 5721 erant,
2882 5657 3186 5711 initiantem
3232 5658 3437 5721 mystc-

1861 5761 1979 5815 riis.
2012 5758 2143 5813 Nam
2169 5774 2293 5813 cum
2329 5772 2519 5811 omnes
2557 5752 2746 5807 dolore
2791 5749 3173 5803 cruciarentur
3213 5747 3435 5812 propter

1859 5851 2200 5922 magistrum,
2224 5848 2355 5904 dicit
2380 5846 2457 5902 eis
2489 5844 2579 5901 ille
2601 5846 2681 5899 vir
2708 5839 2924 5909 sapiens
2951 5838 3003 5892 in
3031 5834 3232 5891 divinis
3252 5841 3306 5887 et
3331 5830 3439 5884 htt-
