4188 6456
750 396 851 457 9Ἱῦ

746 524 925 563 IllalllS
966 527 979 562 ξ

748 617 941 655 eorum
980 604 1295 656 memoriam
1329 603 1424 655 tibi
1446 604 1623 657 tradat
1648 604 1891 671 oratio?)
1950 604 2136 664 Orate,
2168 620 2201 656 ο
2236 605 2328 658 lilii

748 703 803 746 et
839 695 1001 747 amici
1031 704 1084 748 et
1106 694 1340 757 viscera,
1367 711 1489 764 qua:
1520 696 1650 749 mihi
1682 712 1745 750 ex
1774 689 2032 752 omnibus
2059 698 2333 767 praecipue

748 788 885 841 estis
914 768 1156 840 vicissim
1188 786 1409 847 dilecta,
1458 795 1512 841 ct
1557 787 1666 841 Deo
1697 788 1841 859 agite
1872 791 2101 860 gratias.
2136 790 2333 846 Nullus

750 892 929 931 autem
971 890 1229 931 cernatur
1256 894 1323 933 ex
1358 878 1512 933 vobis
1541 894 1600 932 se
1641 896 1930 950 separasse
1958 882 2024 933 ab
2057 881 2327 937 Ecclesia.

752 969 863 1033 Ego
885 970 1031 1023 enim
1055 969 1166 1038 jam
1194 970 1425 1032 delibor,
1446 978 1500 1024 et
1528 970 1697 1026 instat
1716 981 1928 1041 tempus
1958 988 2091 1027 meae
2123 974 2326 1028 resolu-

754 1062 940 1114 tionis.
970 1059 1203 1115 Satanas
1231 1078 1341 1115 non
1382 1060 1485 1115 fert
1512 1079 1661 1117 meas
1684 1064 1949 1119 adversus
1983 1063 2162 1134 ipsum
2202 1079 2337 1119 ora-

752 1153 952 1215 tiones,
973 1153 1066 1207 sed
1100 1169 1167 1207 ne
1190 1154 1592 1209 obliviscamini
1614 1171 1785 1211 sacra:
1812 1172 1942 1209 mea!
1964 1156 2017 1209 in
2051 1172 2147 1211 vos
2175 1158 2340 1211 dilec-

755 1238 945 1293 tionis.
966 1238 1100 1293 Cum
1141 1240 1253 1295 hate
1286 1249 1340 1296 et
1373 1242 1456 1295 his
1509 1244 1665 1311 longe
1705 1245 1867 1310 plura
1898 1244 2151 1312 dixisset,
2183 1247 2338 1316 (quid

755 1345 895 1398 opus
925 1322 1110 1385 dicere
1144 1340 1200 1385 et
1238 1332 1505 1403 laerymas
1543 1345 1597 1387 et
1620 1335 1895 1400 dolorem,
1960 1339 2161 1409 quibus
2208 1348 2341 1393 sunt

761 1423 952 1493 repleti
981 1422 1004 1476 ?
1031 1423 1049 1493 )
1076 1426 1295 1477 tandem
1338 1441 1530 1480 omnes
1560 1430 1904 1495 complexus,
1957 1432 2168 1499 rogavit
2222 1449 2341 1487 om-

760 1531 879 1575 nes,
918 1523 975 1568 ut
1006 1517 1146 1568 irent
1189 1517 1242 1570 in
1278 1519 1572 1571 concilium
1612 1538 1627 1573 :
1667 1523 1901 1575 malebat
1926 1525 2072 1577 enim
2106 1536 2338 1580 mortem

759 1607 943 1661 subire
987 1605 1191 1676 gladio,
1245 1608 1350 1662 hoc
1408 1609 1620 1663 lucrum
1669 1628 1791 1667 esse
1838 1614 2201 1678 existimans,
2246 1634 2343 1687 pro

762 1698 1046 1750 rommuni
1087 1699 1329 1751 omnium
1369 1700 1665 1756 seruritate
1708 1716 1762 1756 et
1814 1705 2109 1771 Salute;et
2154 1724 2344 1762 rursus

760 1788 897 1841 dicit
938 1786 1093 1843 :Vos
1129 1804 1321 1843 onmcs
1375 1790 1749 1846 recordamini
1800 1796 1963 1849 vitam
2020 1808 2339 1866 praesentem

2018 403 2294 462 [ΗΘΜ-5
2324 403 2784 464 Ριιιωδυιηιι

1031 508 1084 576 (o
1130 508 1402 577 quomodo
1430 507 1547 562 ﬁeri
1580 516 1780 579 potest,
1832 520 1891 564 ut
1923 512 2040 564 sine
2075 513 2331 581 laerymis

2464 511 2503 563 ὦ
2534 512 2649 573 πῶς
2671 515 2699 564 ὁ
2733 513 2888 579 λόγος
2918 512 3184 579 ἀδακρυτὶ
3223 512 3323 579 τὴν
3354 511 3561 565 τούτων
3591 515 3815 584 μνήμην
3843 515 4028 567 διαει-

3908 405 4025 469 276

2436 605 2652 671 6άσοι;)
2680 644 2694 667 ,
2732 604 2995 670 Εὖξασθε,
3033 606 3227 671 λέγων,
3260 601 3305 659 ὦ
3352 606 3517 658 τέκνα
3570 608 3663 659 καὶ
3712 609 3877 675 φίλοι,
3928 613 4023 662 καὶ

2438 696 2723 764 σπλάγχνα
2774 696 2845 749 τὰ
2885 698 3008 766 ἐμοὶ
3054 697 3274 750 πάντων
3323 697 3781 767 ἀντιποθούμενα,
3820 701 3916 751 καὶ
3945 700 4029 767 τῷ

2435 786 2554 856 Θεῷ
2594 787 2694 857 τὴν
2728 788 3083 856 εὐχαριστίαν
3134 788 3385 841 ἀπόδοτε·
3426 788 3614 857 μηδείς
3667 790 3725 843 δὲ
3778 791 3834 856 ἐξ
3867 791 4032 860 ὑμῶν

2436 883 2535 951 τῆς
2571 880 2901 950 Ἐκκλησίας
2940 880 3131 950 ὀφθείη
3190 878 3655 950 ἀνακεχωρηκὼς.
3726 881 3867 947 Ἐγὼ
3919 883 4031 948 γὰρ

2438 973 2537 1043 ἤδη
2590 972 2918 1043 σπένδομαι,
2959 972 3055 1024 καλ⁹
3100 974 3127 1025 ὀ
3184 970 3376 1040 καιρὸς
3440 971 3710 1042 ἐφέστηκὲ
3777 989 3880 1039 μου
3926 973 4032 1039 τῆς

2439 1062 2771 1126 ἀναλύσεως.
2826 1064 2888 1115 '0
2932 1064 3176 1124 Σατανᾶς
3223 1062 3283 1113 οὐ
3326 1061 3484 1131 φέρει
3514 1064 3641 1123 τοὺς
3689 1063 3860 1130 ἐμοὺς
3906 1062 4033 1115 κατ’

2440 1152 2602 1206 αὑτοῦ
2639 1154 2863 1221 λόγους,
2898 1152 3033 1206 άλλά
3081 1154 3154 1223 μὴ
3200 1152 3533 1221 ἐπιλάθησθὲ
3567 1170 3670 1220 μου
3721 1153 3822 1219 τῆς
3874 1154 4032 1222 ἱερᾶς

2441 1245 2578 1315 πρὸς
2626 1246 2774 1314 ὑμᾶς
2824 1246 3181 1314 ἀγαπήσεως.
3236 1242 3422 1296 Ταῦτα
3474 1243 3569 1296 καὶ
3618 1243 3801 1312 πολλῷ
3851 1243 4035 1294 πλείω

2442 1336 2647 1390 τούτων
2716 1336 2962 1399 είπόντος
3006 1336 3080 1403 (τί
3122 1336 3396 1402 διαλέγειν
3437 1334 3546 1387 τῶν
3592 1335 3884 1404 δακρύων,
3927 1335 4034 1400 τῆς

2442 1427 2615 1495 λύπης
2648 1421 2715 1497 ἦς
2753 1424 3253 1494 ὲπληρὼθησαν;),
3278 1426 3589 1476 τελευταῖον
3638 1425 4038 1492 ἀσπασάμενος

2445 1521 2724 1581 ἅπαντας,
2778 1517 3083 1588 παρεκάλει
3139 1516 3345 1578 πάντας
3387 1516 3797 1586 παραγενέσθαι
3836 1517 3920 1578 εἰς
3974 1516 4038 1565 τι

2447 1608 2757 1678 συνέδριον·
2806 1608 2991 1677 ᾑρεῖτο
3026 1606 3137 1675 γάρ
3169 1606 3264 1659 καὶ
3305 1606 3397 1657 τὸν
3431 1605 3521 1657 διὰ
3559 1605 3746 1671 ξίιρους
3775 1604 4039 1667 θάνατον,

2446 1699 2637 1767 κέρδος
2686 1696 2845 1750 τοῦτο
2908 1696 3248 1765 ἡγούμενος,
3305 1695 3447 1765 ὑπέρ
3498 1712 3560 1762 γε
3617 1694 3718 1765 τῆς
3770 1694 4042 1748 ἁπάντων

2445 1787 2745 1855 ἀσφαλείας
2790 1787 2883 1839 καὶ
2913 1785 3219 1855 σωτηρίας,
3262 1787 3356 1837 καὶ
3394 1781 3551 1846 αὖθίς
3589 1801 3756 1854 φησι·
3802 1786 4042 1853 Μνημο-

761 1895 886 1933 esse
917 1879 1082 1943 viam,
1113 1888 1169 1933 et
1201 1881 1438 1935 transire
1480 1899 1601 1951 qum
1634 1883 1687 1936 in
1718 1899 1779 1938 ea
1815 1898 1947 1939 sunt
1980 1887 2119 1940 bona
2148 1898 2200 1941 et
2230 1904 2345 1942 nio-

2464 1879 2631 1931 ιεύετε
2655 1880 2873 1933 πάντων
2902 1879 3082 1946 ὑμεῖς,
3103 1878 3132 1929 ὁ
3154 1876 3345 1946 παρὼν
3374 1876 3489 1945 βίος
3513 1876 3627 1938 ὁδός
3652 1878 3824 1938 ἐστιν,
3849 1876 4043 1942 ἔλεγε,

761 1969 1068 2035 lesta;nec
1121 1970 1223 2024 hoc
1276 1972 1475 2034 solum,
1541 1973 1635 2026 sed
1672 1981 1757 2026 est
1814 1976 1974 2028 etiam
2035 1977 2338 2032 nundinae:

763 2062 1000 2117 emimus
1031 2063 1235 2131 itaque,
1264 2064 1573 2127 vendimus,
1596 2063 1959 2121 diVersamur.
1993 2067 2131 2121 Num
2153 2086 2347 2127 sumus

768 2166 870 2203 nos
895 2150 1149 2204 meliores
1183 2152 1528 2220 patriarchis,
1559 2156 1860 2223 prophetis,
1906 2168 1997 2211 aut
2028 2163 2294 2229 apostolis
2320 2165 2342 2217 ?

766 2240 910 2293 Dicit
932 2241 980 2294 ei
1015 2242 1237 2311 quidam
1259 2259 1384 2296 cum
1410 2245 1613 2311 ejnlatu
1643 2248 1782 2302 ιδιιά
1812 2249 2075 2305 dellemus
2103 2264 2346 2309 nostram

770 2333 1091 2397 orbitatem,
1133 2350 1324 2387 rerum
1365 2336 1769 2403 confusionem,
1805 2349 2005 2396 statum
2063 2346 2345 2409 Ecclesiae,

769 2434 817 2478 et
854 2426 991 2479 alios
1030 2426 1289 2490 honores,
1325 2428 1527 2496 quibus
1558 2429 1740 2483 allecti
1774 2447 1993 2496 sumus,
2030 2443 2085 2488 et
2118 2436 2351 2505 ignomi-

772 2518 891 2571 nias
950 2518 1151 2587 quibus
1210 2517 1535 2574 allieicmur.
1594 2520 1700 2576 Sed
1751 2540 1819 2577 ne
1863 2536 2097 2590 vestras,
2154 2530 2349 2597 inquit,

780 2606 1077 2675 relinquite
1128 2609 1417 2665 ecclesias.
1468 2608 1589 2664 Non
1636 2613 1781 2666 enim
1830 2625 1916 2669 est
1947 2631 1976 2668 a
2016 2633 2101 2671 me
2152 2621 2355 2686 princi-

777 2700 962 2766 pium;
999 2714 1177 2767 neque
1235 2702 1301 2753 ad
1348 2717 1436 2755 me
1479 2718 1654 2772 usque
1703 2713 1787 2759 est
1836 2707 1983 2761 linis.
2038 2707 2157 2762 Non
2206 2713 2352 2765 enim

777 2800 901 2857 post
939 2788 1143 2845 Mosen)
1186 2795 1428 2847 surrexit
1466 2793 1668 2851 Jesus?
1700 2796 1817 2852 Non
1870 2800 1975 2855 luit
2018 2802 2185 2857 David
2230 2822 2357 2859 sue-

774 2896 960 2935 cessor
989 2879 1259 2937 Samuelis
1288 2884 1310 2935 ?
1343 2884 1593 2941 Jercmia:
1632 2886 1843 2945 Barucb
1872 2892 1894 2945 ?
1925 2892 2054 2947 Elia:
2081 2895 2312 2950 Elisarus
2336 2897 2359 2950 Ἰ

776 2969 904 3025 l'ust
943 2972 1176 3026 Paulum
1210 2987 1396 3031 autem
1430 2978 1599 3047 quis?
1628 2978 1745 3035 Non
1778 2981 2123 3050 Timotheus,
2172 2986 2355 3048 Titus.

775 3062 1016 3131 Apollo?
1042 3062 1158 3117 Non
1216 3066 1310 3119 alii
1360 3067 1789 3127 inmlmcrabiles
1819 3075 1841 3126 Υ
1869 3076 1975 3129 Sed
2004 3079 2048 3129 si
2081 3086 2356 3144 tenemus,

777 3151 909 3204 dicit
959 3153 1255 3223 quispiam,
1323 3168 1540 3213 nostras
1598 3163 1881 3226 ecclesias,
1940 3168 2165 3221 omnino
2208 3184 2359 3222 eom-

780 3243 1059 3298 municare
1114 3260 1335 3300 necesse
1407 3258 1489 3301 est
1538 3259 1593 3303 et
1638 3252 2002 3311 subscribere.
2035 3258 2357 3314 Communi-

779 3345 940 3398 cate,
995 3336 1201 3405 inquit,
1278 3349 1335 3392 ut
1387 3355 1495 3393 non
1557 3345 1908 3410 perturbetur
1961 3364 2138 3417 neque
2216 3352 2362 3405 scin-

781 3423 943 3477 datur
969 3422 1209 3479 l-Icclesia
1243 3426 1375 3479 :sed
1399 3443 1465 3480 nc
1495 3431 1876 3486 subscribatis.
1910 3434 2195 3497 Quomodo
2256 3437 2361 3493 hoc

784 3514 947 3584 jubes
979 3516 1311 3583 ?Quoniain,
1365 3520 1566 3589 inquit,
1611 3524 1817 3580 nullius
1868 3528 1997 3581 mihi
2031 3530 2202 3598 culp.e
2240 3548 2362 3586 smn

783 3609 1063 3671 conscius,
1098 3622 1319 3680 propter
1349 3629 1513 3682 quam
1546 3615 1813 3685 deponar.
1845 3618 1938 3675 llis
1965 3638 2179 3676 sacram
2218 3625 2363 3679 illam

783 3701 1001 3755 turbam
1076 3720 1307 3773 magnus
1384 3708 1531 3762 inter
1603 3713 1950 3779 patriarchas
2016 3719 2370 3773 conﬁrmavit

784 3792 1241 3862 Chrysostomus.

853 3889 954 3943 23.
992 3888 1110 3943 .lani
1150 3894 1470 3958 concilium,
1506 3896 1650 3965 quod
1683 3905 1834 3951 extra
1873 3900 2059 3953 urbem
2100 3902 2152 3955 in
2190 3903 2367 3957 llulini

789 3981 1011 4048 praediis
1040 3982 1223 4036 inania
1262 3986 1315 4037 in
1367 4002 1490 4039 eum
1523 3996 1812 4053 statuerat,
1840 3998 2069 4047 arcessit
2096 4012 2241 4058 cum,
2282 4013 2370 4049 rc-

788 4091 1119 4143 sponsurmn
1148 4078 1215 4132 iis
1243 4095 1476 4148 quorum
1511 4082 1893 4136 accusabatur.
1929 4082 2061 4149 Qua:
2112 4097 2290 4141 autem
2321 4088 2368 4141 ei

790 4165 1095 4237 signiﬁcata
1124 4178 1273 4233 sunt,
1296 4180 1454 4223 erant
1484 4171 1798 4239 huiusmodi
1833 4193 1846 4227 :
1880 4173 2082 4229 Sancta
2130 4178 2373 4248 synodus

788 4270 1140 4328 congregata,
1183 4258 1384 4315 Joanni
1424 4282 1436 4315 :
1475 4262 1710 4318 Libellos
1748 4275 1938 4319 contra
1965 4276 2016 4320 te
2036 4270 2370 4338 accepimus,

793 4350 982 4417 plenos
1005 4352 1162 4404 malis
1182 4353 1701 4409 innumerabilibus.
1724 4356 1856 4410 Veni
1882 4375 2014 4428 ergo
2039 4361 2119 4413 eis
2142 4376 2367 4431 respon-

793 4444 1092 4498 surus.llis
1110 4444 1285 4509 lectis,
1305 4448 1416 4500 lucc
1430 4449 1622 4503 scribit
1638 4458 1863 4506 sanctus
1885 4450 2208 4507 :Ecclesiam
2243 4470 2373 4523 pro-

2451 1972 2543 2023 καὶ
2570 1972 2638 2023 τά
2667 1971 2841 2040 τούτῳ
2887 1970 3098 2041 χρηστά
3135 1970 3225 2023 καὶ
3269 1969 3491 2037 λυπηρά
3544 1969 3902 2036 παροδεύεται
3925 1984 3939 1998 ·
3975 1970 4045 2019 οὐ

2454 2063 2614 2132 μόνον
2643 2063 2723 2126 δὲ,
2772 2063 2907 2117 ἀλλά
2938 2065 3031 2115 καὶ
3058 2064 3365 2132 πανήγυρις
3386 2077 3398 2089 ·
3435 2063 3615 2113 τοίνυν
3659 2062 4047 2131 ὴγοράσαμεν,

2451 2154 2852 2225 ὲπωλήσαμεν,
2898 2154 3262 2223 καταλύομεν.
3296 2154 3387 2223 Μὴ
3420 2154 3677 2222 ἀμείνους
3724 2154 3889 2222 ἡμεῖς
3932 2155 4049 2204 τῶν

2454 2243 2824 2315 πατριαρχῶν,
2864 2244 2973 2295 τῶν
3004 2243 3321 2311 προφητῶν,
3359 2241 3469 2293 τῶν
3495 2240 3842 2303 ἀποστόλωνς
3870 2242 4049 2306 Λέγει

2454 2355 2538 2400 τις
2576 2337 2635 2399 ἐξ
2682 2335 2865 2388 αὐτῶν
2906 2334 3038 2405 πρὸς
3070 2333 3269 2395 αὑτὸν,
3311 2331 3609 2401 ὀλοφυρμῴ
3644 2332 4009 2401 συνεχόμενος
4033 2351 4047 2361 ·

2467 2427 2628 2479 Ἀλλά
2669 2425 2958 2495 θρηνῶμεν
2992 2426 3090 2492 τὴν
3120 2422 3276 2493 ήμῶν
3303 2423 3570 2492 ὀρφανίαν
3590 2463 3604 2485 ,
3635 2423 3734 2491 τὴν
3777 2421 4053 2489 σύγχυσιν

2455 2518 2562 2570 τῶν
2598 2518 2939 2586 πραγμάτιον
2959 2556 2974 2580 ,
3001 2514 3101 2583 τὴν
3128 2516 3317 2569 στάσιν
3346 2516 3444 2583 τῆς
3481 2514 3836 2581 Ἐκκλησίας,
3872 2515 4053 2567 τᾶλλα

2456 2604 2537 2670 οἷς
2560 2607 2912 2677 ὲτιμώμεθα,
2946 2608 3040 2660 καὶ
3069 2602 3151 2668 οἷς
3187 2605 3700 2675 ἀτιμασθησὸμεθα.
3750 2604 3914 2657 Ἀλλὶι
3949 2607 4053 2663 τας

2460 2699 2579 2753 καθ’
2622 2701 2766 2768 ὑμᾶς
2810 2699 2883 2767 μὴ
2916 2698 3316 2766 καταλείπητε,
3370 2696 3561 2765 φησὶν,
3600 2696 3899 2765 ἐκκλησίας
3926 2712 3941 2724 ο
3990 2698 4053 2747 οὐ

2461 2793 2569 2864 γὰρ
2603 2792 2697 2845 ἀπ’
2724 2791 2863 2861 ἐμοῦ
2892 2793 2924 2859 ἡ
2956 2790 3124 2860 ἀρχὴ,
3153 2790 3261 2843 οὐδ’
3292 2789 3398 2851 ἕως
3430 2788 3565 2856 ἐμοῦ
3594 2788 3768 2851 τέλος.
3809 2788 3900 2857 Μὴ
3939 2788 4055 2855 γὰρ

2465 2885 2603 2953 μετά
2645 2883 2887 2948 Μωῦσῆν
2924 2883 3022 2934 οὐκ
3047 2882 3247 2949 ἀνέστη
3296 2879 3535 2951 Ἰησούςς
3567 2881 3628 2931 ού
3657 2879 3903 2947 διάδοχος
3939 2880 4053 2930 Σα-

2466 2976 2679 3045 μουὴλὸ
2698 2974 2933 3043 Δα6ἰδ,ῆ
2967 2972 3234 3043 Ἰερεμίου
3258 2972 3492 3042 Βαροὺχ,
3528 2971 3712 3026 ὐλιοῦ
3743 2970 4053 3031 Ἐλισαῖος;

2466 3067 2606 3134 μετὰ
2638 3064 2847 3117 Παῦλον
2870 3064 2927 3116 δὲ
2950 3064 3067 3126 τίς;
3096 3063 3157 3115 ού
3192 3063 3483 3132 Τιμόθεος,
3516 3063 3694 3127 Τίτος,
3739 3060 4056 3125 ’Λπολλώςς

2462 3160 2524 3211 οὐ
2559 3158 2778 3228 μυρίοι;
2822 3156 2964 3209 Ἀλλ’
2996 3159 3044 3209 εί
3078 3157 3409 3226 κατέχομεν,
3470 3154 3574 3223 ἔφη
3604 3171 3721 3218 τις,
3760 3156 3859 3216 τὰς
3890 3154 4060 3223 ἡμῶν

2465 3252 2794 3319 ἐκκλησίας,
2846 3251 2941 3304 καὶ
3000 3250 3332 3317 κοινωνῆσαι
3378 3250 3473 3300 καὶ
3525 3247 3840 3317 ὑπογράψαι
3898 3250 4067 3299 πᾶσαν

2465 3344 2702 3413 ἀνάγκη.
2751 3344 3131 3413 Κοινωνησατε
3186 3342 3274 3393 διὰ
3306 3342 3366 3392 τὸ
3408 3340 3718 3408 ἀτάραχον,
3772 3338 3876 3407 ἔφη
3902 3378 3916 3399 ,
3955 3340 4057 3406 τῆς

2481 3433 2807 3501 Ἐκκλησίας
2827 3434 2917 3485 καὶ
2943 3434 3304 3501 ἀδιάσχιστον·
3330 3432 3405 3502 μὴ
3429 3432 3781 3500 ὑπογράφητε
3807 3431 3882 3483 δέ.
3908 3432 4058 3491 ηὼς,

2468 3524 2590 3578 τίνα
2636 3525 2877 3586 κελεύεις
2926 3525 3166 3594 τρόπονς
3218 3525 3374 3585 Ὅτι,
3431 3523 3569 3592 ἔφη,
3596 3523 3706 3575 τῶν
3736 3524 3815 3585 είς
3859 3523 4062 3574 καθαί-

2471 3634 2618 3687 ρεσιν
2663 3616 3003 3685 αἰτιαμάτων
3038 3617 3189 3668 οὐδὲν
3230 3614 3454 3683 ἐμαυτῷ
3499 3613 3736 3666 σύνοιδα.
3772 3612 4051 3673 Τοιούτοις

2472 3713 2566 3764 τὸν
2622 3712 2766 3782 ἱερὸν
2816 3714 3024 3764 ἐκεῖνον
3065 3712 3254 3780 ὅμιλον
3294 3713 3324 3763 ὁ
3361 3711 3533 3780 μέγας
3568 3711 3625 3762 ἐν
3678 3708 4059 3777 πατριάρχαις

2472 3804 2858 3875 κατοχυρώσας
2886 3805 3287 3873 Χρυσόστομος.

2546 3903 2649 3963 κγ’.
2691 3896 2826 3965 Ἤδη
2888 3896 2949 3948 τὸ
2999 3896 3275 3963 συνέδριον
3310 3893 3417 3958 ἔξω
3466 3896 3561 3963 τῆς
3602 3896 3806 3957 πόλεως
3852 3896 3911 3947 ἐν
3948 3898 4062 3955 τοῖς

2483 3988 2737 4056 Ῥυφίνου
2788 3988 2857 4040 τά
2911 3988 3032 4040 κατ’
3089 3989 3257 4040 αὐτοῦ
3315 3986 3450 4039 κενά
3497 3987 4059 4055 διαϐουλευσάμενον,

2477 4081 2865 4154 μετακαλεῖται
2896 4080 3085 4132 τοῦτον
3132 4080 3224 4131 τὸν
3264 4082 3453 4146 ἆγιον,
3502 4079 4062 4149 ἀπολογηθησὸμενον

2473 4168 2553 4237 οἷς
2592 4171 3023 4226 ὲνδιαὸάλλεται.
3052 4166 3162 4223 Ἦν
3186 4168 3242 4223 δὲ
3280 4171 3347 4222 τὰ
3387 4170 3699 4238 δηλωθέντα
3730 4170 3904 4223 τοιάδε
3932 4185 3945 4197 ·
3994 4170 4055 4221 ἸΙ

2476 4265 2692 4326 σύνοδος
2718 4266 2751 4335 ἡ
2774 4264 2908 4331 ἁγία
2931 4264 3280 4332 συναχθεῖσα,
3308 4263 3387 4332 τῷ
3424 4263 3644 4335 Ἰωάννῃ
3670 4262 3795 4314 τάδε
3814 4276 3829 4290 ·
3868 4260 4059 4312 A2657.-

2474 4356 2600 4419 λους
2634 4354 2934 4426 ἐδεξάμεθα
2973 4357 3117 4408 κατὰ
3149 4354 3279 4420 σοῦ,
3320 4355 3545 4423 πλήρεις
3587 4353 3795 4423 μυρίων
3847 4353 4061 4405 κακιῗλν.

2490 4447 2641 4499 Ἐλθὲ
2681 4448 2857 4499 τοίνυν
2905 4448 3238 4516 ἀπαντήσων
3272 4446 3408 4515 πρὸς
3444 4446 3515 4499 τὰ
3548 4445 3802 4499 τοιαῦτα.
3839 4444 4062 4496 Τούτωι

794 4542 911 4602 pter
940 4551 1104 4603 quam
1130 4535 1271 4593 Deus
1296 4538 1531 4593 Verbum
1556 4541 1755 4595 factum
1784 4554 1887 4606 est,
1912 4560 1978 4597 ne
2004 4545 2245 4606 scindas,
2275 4561 2357 4601 net

2476 4539 2957 4605 ἀναγνωσθέντων,
2980 4540 3376 4609 ἀντιγράφουσι
3409 4539 3509 4608 μὲν
3538 4540 3589 4589 οἱ
3621 4538 3750 4605 περὶ
3785 4536 3878 4588 τὸν
3902 4536 4060 4602 ἅγιον

793 4627 1086 4693 dissolvas,
1120 4645 1298 4698 neque
1320 4641 1471 4685 extra
1495 4634 1759 4687 terminos
1787 4634 2026 4701 judices,
2064 4653 2368 4706 repugnans

795 4720 1053 4775 trecentis
1107 4730 1159 4775 et
1220 4723 1525 4777 Ortodeciin
1591 4725 1875 4789 l‘atribus,
1922 4738 1977 4781 et
2032 4745 2096 4783 ne
2122 4730 2276 4793 Abel,
2316 4742 2375 4783 ut

796 4810 953 4873 Cain,
986 4811 1174 4865 d0l0se
1199 4814 1251 4866 in
1284 4829 1472 4880 agrum
1501 4813 1773 4879 advoces;
1804 4820 1897 4871 sed
1933 4826 1987 4870 tu
2024 4820 2143 4872 veni
2170 4822 2371 4888 potius.

798 4902 1155 4971 Septuaginta
1180 4905 1324 4957 enim
1360 4907 1538 4973 capita
1570 4918 1756 4976 aperte
1807 4909 2114 4975 continent,
2155 4910 2246 4979 qui
2277 4911 2375 4964 ad-

797 5010 990 5049 versus
1022 5004 1073 5049 te
1098 4998 1289 5065 scripti
1319 5007 1447 5051 sunt
1480 4999 1668 5052 libelli.
1715 4997 1920 5055 Sumus
1963 5010 2143 5055 autem
2180 5017 2279 5056 nos
2310 5017 2376 5054 ex

797 5086 1033 5141 diversis
1066 5096 1119 5141 et
1150 5089 1357 5157 plures,
1415 5091 1507 5143 Dei
1567 5092 1766 5160 gratia.
1808 5092 1873 5145 Et
1902 5102 1958 5146 ut
2020 5108 2141 5161 qua:
2188 5102 2375 5162 postea

799 5180 1175 5247 sequebantur
1228 5182 1280 5233 in
1336 5198 1508 5253 paura
1572 5186 1924 5247 contraham,
1986 5202 2109 5239 cum
2160 5186 2378 5255 sapiens

800 5272 1047 5339 pontifex
1084 5281 1344 5341 praetcrea
1378 5276 1695 5343 scripsisset
1730 5286 1781 5329 et
1810 5276 2144 5331 ostendisset
2170 5278 2376 5330 trullam

798 5382 922 5421 esse
952 5382 1140 5421 eorum
1174 5384 1295 5434 qua:
1352 5369 1418 5420 ab
1449 5369 1583 5436 ipsis
1630 5369 1854 5433 licitaltl,
1905 5371 2381 5440 consequentiam,

799 5458 1004 5527 optime
1037 5466 1093 5512 et
1132 5459 1444 5527 justissime
1476 5478 1571 5516 eos
1602 5462 1899 5531 repellebat
1942 5464 2376 5533 praescriptione,

801 5561 998 5619 optans
1039 5563 1097 5606 ut
1125 5553 1178 5605 in
1212 5568 1271 5607 se
1316 5554 1470 5608 ﬁeret
1502 5556 1687 5632 potius
1719 5555 2062 5609 (ncumenica
2109 5553 2378 5625 synodus.

807 5642 932 5697 Haec
961 5658 1086 5697 cum
1133 5645 1440 5714 accepisset
1485 5655 1539 5700 et
1583 5646 1871 5700 didicisset
1908 5645 2202 5699 concilium
2250 5645 2382 5700 illud

810 5752 905 5802 per
939 5736 1245 5801 lectionem,
1280 5737 1499 5791 irruunt
1534 5746 1797 5806 tanquam
1833 5738 2059 5802 leones;
2113 5750 2165 5791 et
2212 5754 2275 5790 ex
2320 5739 2385 5790 iis

808 5829 903 5896 qui
937 5828 1090 5883 missi
1119 5830 1353 5893 fuerant,
1385 5831 1552 5885 alium
1583 5830 1803 5901 quidem
1827 5830 2168 5893 ceciderunt,
2219 5831 2383 5883 alium

813 5937 944 5977 vero
977 5924 1532 5995 comprehenderunt,
1581 5926 1749 5982 alium
1810 5932 1991 5981 autem
2030 5924 2380 5995 conjeccrunt

2476 4630 2670 4681 ταῦτα·
2706 4629 2815 4698 Τὴν
2856 4627 3202 4697 Ἐκκλησίαν,
3233 4627 3298 4679 δι’
3340 4628 3405 4696 ἣν
3433 4631 3460 4679 ὁ
3484 4626 3619 4688 Θεὸς
3640 4627 3812 4693 Λόγος
3846 4625 4064 4692 ἐγένετο

2480 4720 2637 4789 σὰρξ,
2686 4720 2760 4788 μὴ
2788 4720 2959 4788 σχίζε,
3011 4720 3145 4789 μηδὲ
3174 4719 3433 4782 κατάλυε,
3471 4718 3610 4787 μήτε
3650 4715 3755 4787 μὴν
3786 4717 4064 4787 περιόριον

2478 4816 2631 4884 κρίνε
2668 4817 2759 4867 καὶ
2792 4814 3017 4877 δίκαζε,
3063 4812 3197 4866 δέκα
3242 4812 3335 4865 καὶ
3380 4810 3525 4863 ὀκτὼ
3564 4811 3659 4864 καὶ
3720 4811 4060 4879 τριακοσίοις

2480 4907 2759 4976 ιΙατράσιν
2795 4904 3224 4974 ἐναντιούμενος,
3256 4904 3350 4956 καὶ
3380 4902 3455 4972 μὴ
3480 4902 3572 4955 τὸν
3613 4900 3782 4953 ’Δσελ
3813 4917 4058 4971 προσκα-

2478 5000 2572 5053 λοῦ
2606 5000 2795 5060 δολίως
2826 4999 2905 5061 είς
2944 4998 3006 5051 τὸ
3052 4997 3271 5051 πεδίονο
3316 4996 3431 5049 ἀλλ’
3472 4994 3593 5047 ὲλθὲ
3627 4994 3831 5063 μᾶλλον
3874 4995 4059 5055 αὐτός.

2484 5092 2593 5145 Καὶ
2617 5091 2721 5162 γὰρ
2756 5090 3073 5159 κεφαλαίοις
3113 5088 3490 5158 ὲὸδομήκοντα
3529 5086 3579 5138 οί
3606 5084 3751 5138 κατά
3783 5083 3881 5135 σοῦ
3929 5103 4065 5154 προσ

2480 5184 2653 5253 δήλως
2690 5181 3181 5253 περιστοιχίζονται
3214 5178 3477 5238 λίόελλοι,
3514 5178 3608 5229 καὶ
3644 5176 3723 5228 ἔτι
3763 5178 3829 5228 ἐκ
3872 5177 4063 5243 διαφέ-

2484 5293 2594 5345 ρων
2628 5275 2810 5345 ήμεῖς,
2861 5275 2958 5326 καὶ
3002 5272 3245 5334 πλείονες
3290 5272 3387 5323 σὺν
3433 5270 3573 5338 Θειξι.
3609 5270 3718 5322 Καὶ
3747 5269 3832 5320 ἴνα
3875 5270 3946 5321 τά
3974 5271 4065 5320 ἐπὶ

2482 5367 2689 5428 τούτοις
2737 5366 3007 5435 συντέμω,
3036 5366 3129 5415 καὶ
3166 5365 3193 5415 ὁ
3238 5363 3399 5431 σοφὸς
3452 5360 3745 5433 ἀρχιερεὺς
3785 5360 3867 5412 ἔτι
3909 5359 4063 5427 λογο-

2485 5459 2779 5529 γραφήσας
2798 5458 2859 5509 τὸ
2875 5454 3238 5509 ἀνακόλουθον
3255 5455 3363 5507 τῶν
3382 5454 3608 5515 ἐκείνοις
3631 5450 4064 5521 πεπραγμένων,

2487 5550 2681 5621 ἄριστά
2718 5566 2778 5602 τε
2808 5551 2901 5612 καὶ
2929 5548 3245 5601 δικαιότατα
3278 5544 3668 5616 παρεγράφετο
3693 5543 3932 5605 τούτοις,
3970 5544 4066 5611 τὴν

2488 5647 2606 5698 κατ’
2647 5642 2811 5698 αὑτοῦ
2854 5642 3070 5694 σύνοδον
3116 5638 3499 5709 οἱκουμενικὴν
3550 5637 3804 5705 γενέσθαι
3867 5637 4067 5705 μᾶλλον

2489 5737 2797 5805 εὐχόμενος.
2838 5734 3024 5786 Ταῦτα
3055 5733 3348 5803 δεξάμενον
3382 5733 3476 5783 καὶ
3508 5728 3787 5798 ἀναμαθὸν
3829 5729 3894 5780 τὸ
3943 5746 4069 5780 συν-

2491 5831 2665 5899 έδριον
2689 5830 2864 5881 ἐκεῖνο
2894 5827 2980 5878 διά
3016 5825 3113 5893 τῆς
3143 5822 3525 5889 ἀναγνώσεως,
3557 5820 3770 5890 ὁρμῶσι
3816 5818 4069 5887 καθάπερ

2497 5925 2723 5989 λέοντᾳς,
2760 5920 2849 5973 καὶ
2904 5919 3007 5971 τῶν
3056 5915 3471 5970 ἀποσταλέντων
3502 5914 3559 5965 ὃν
3609 5913 3705 5983 μὲν
3740 5911 3978 5981 Ξδειραν,
4017 5911 4071 5963 ὃν
