4188 6456
171 452 273 513 ⁸277

825 445 1108 505 ORATIO
1131 444 1352 505 XVIII.
1388 468 1458 480 -·
1495 444 1880 504 LAUDATIO
1916 446 1977 504 S.
2019 445 2763 506 JOANNISCIIIlYSlBT.

3334 451 3440 514 2'18

167 570 223 621 5‘:
284 566 675 635 περιέσχισαν,
727 563 786 613 ὃν
836 562 893 615 δέ
942 561 1282 631 ἐσιδήρωσαν
1338 552 1633 630 σιδήροις,
1663 560 1757 623 οὓς

1871 562 1916 613 iu
1983 563 2195 615 vincula
2226 571 2279 616 et
2312 562 2519 618 ferreos
2550 568 2862 628 compedes,
2888 580 3025 631 quos
3064 563 3136 617 illi
3171 563 3450 618 bacchan-

171 660 716 730 κορυϐαντιάσαντες
756 658 836 726 τῷ
871 657 1089 724 ποιμένι
1151 657 1650 725 παρεσκευάσαντο.
1694 654 1760 708 Τί

167 752 264 805 οὖν
299 753 384 803 ἐτι
424 751 559 820 προς
603 749 818 811 τούτοις
863 748 1099 818 δρ‹ἷ›σιν;
1146 748 1476 817 Ἀραχνείων
1502 746 1761 816 νημάτων

166 843 594 913 ἀδρανεστέρας
648 839 1047 911 συγγράμμασι
1103 838 1656 909 καταψηφισάμενοι,
1700 836 1759 889 ὃν

168 936 296 988 οὒτε
324 932 493 998 εἶδον,
532 936 626 987 καὶ
664 929 725 988 οὗ
764 935 948 1003 φωνῆς
980 933 1081 985 οὑκ
1111 932 1372 1000 ῆκουσαν,
1404 930 1760 1002 καθαιροῦσιν

167 1026 476 1097 ἀρχιερέα,
524 1027 619 1078 καὶ
670 1024 843 1077 ταῦτα
887 1022 965 1092 τῷ
1018 1022 1231 1091 βασιλεῖ
1281 1022 1639 1092 ἀναφέρουσι.
1694 1022 1760 1075 Τί

168 1117 466 1186 λέγοντεςς
499 1117 621 1169 Ὅτι
644 1115 719 1186 μὴ
734 1114 1105 1185 τολμήσαντος
1133 1113 1298 1166 αὐτοῦ
1332 1112 1756 1183 παραγενέσθαι,

168 1214 261 1264 διὰ
315 1212 378 1263 το
437 1208 835 1276 συγγινώσκειν
864 1206 931 1258 τὰ
960 1203 1161 1258 ἑαυτοῦ
1186 1246 1201 1269 ,
1231 1205 1293 1256 τὸ
1341 1204 1397 1256 δὲ
1426 1202 1667 1257 τοιοῦτον
1710 1205 1759 1257 ot

170 1305 332 1370 νόμοι
386 1300 735 1371 καθαιροῦσι,
789 1299 948 1353 τοῦτο
1001 1297 1067 1368 δὴ
1115 1298 1208 1350 καὶ
1263 1297 1512 1367 ὑπέστη*
1566 1298 1662 1352 καὶ
1694 1297 1760 1367 δὴ

171 1392 430 1447 κελεύσει
478 1390 573 1444 τοῦ
611 1391 881 1461 ὑμετέρου
918 1388 1157 1456 κράτους
1197 1389 1290 1442 καὶ
1337 1388 1488 1442 ἄκων
1519 1387 1760 1459 ἐξοριζέ-

173 1487 328 1550 σθω,
390 1485 485 1537 καὶ
537 1484 694 1545 δίκας
752 1482 941 1535 διδότω
998 1482 1083 1549 ἐφ’
1128 1474 1209 1544 οἷς
1260 1480 1606 1551 λελοιδόρηκε
1660 1479 1761 1550 τὴν

174 1577 472 1644 βασιλίδα.
513 1575 686 1629 εἰπὼν
736 1575 907 1643 αὐτὴν
973 1573 1252 1638 Ἰεζάϐελ,
1308 1573 1404 1625 καὶ
1447 1571 1619 1643 τούτῳ
1667 1571 1759 1625 τοῦ

172 1670 411 1744 θανάτου
438 1671 551 1730 τοῖς
574 1670 860 1738 φονευταῖς
886 1664 1348 1735 ἐπισπευδομένου
1374 1663 1462 1717 διὰ
1482 1664 1541 1716 τὺ
1561 1664 1762 1734 δύσφη-

175 1778 301 1828 μον.
358 1761 618 1813 Πιστεὺει
669 1758 848 1812 τοίνυν
896 1759 924 1810 ὁ
964 1757 1241 1827 βασιλεὺς,
1292 1752 1487 1828 οἷάπερ
1524 1757 1762 1828 ἱερεῦσιν

170 1852 400 1915 αὺτοῖς·
448 1850 543 1904 καὶ
592 1848 967 1913 ἀνεξετάστως
1016 1848 1414 1919 στρατιωτικῆς
1461 1847 1762 1916 ἀποστολῆς

172 1942 538 2012 βαρϐαρικῶς
590 1939 1048 2010 παραταγείσης,
1090 1922 1436 2008 ἐξορισθῆναι
1486 1940 1575 1992 τὸν
1611 1940 1764 2006 ἅγιον

175 2034 421 2088 κελεύει.
455 2034 639 2102 Ἔγνω
666 2033 757 2086 οὖν
785 2032 844 2085 τὸ
877 2032 1068 2085 πιστὸν
1099 2031 1302 2101 πλῆθος
1326 2030 1501 2084 ταῦτα
1522 2050 1535 2063 ’
1565 2033 1658 2087 καὶ
1693 2033 1770 2103 τῷ

170 2126 355 2189 ζέοντι
420 2128 516 2178 καὶ
568 2124 816 2195 περιόντι
874 2126 974 2193 τῆς
1030 2122 1303 2186 πίστεως,
1360 2124 1450 2176 τον
1491 2122 1761 2193 βασίλειον

172 2218 341 2286 φόϐον
382 2218 728 2288 νικήσαντες,
782 2216 877 2268 καὶ
907 2215 1057 2268 κάτω
1100 2213 1318 2277 θέντες,
1370 2215 1514 2267 κατά
1564 2215 1767 2284 κράτος

170 2310 541 2377 ἀντέστησαν.
594 2306 766 2360 Τοῦτο
798 2305 892 2358 οὖν
925 2304 1151 2358 συνιδὼν
1180 2307 1207 2358 ό
1253 2306 1347 2358 τοῦ
1387 2304 1522 2358 Θεοῦ
1556 2305 1767 2374 dmoeni-

173 2416 311 2460 πος.
348 2400 445 2450 καὶ
479 2398 579 2461 τὰς
619 2399 685 2450 ἐκ
739 2395 834 2450 τοῦ
888 2397 1218 2467 πράγματος
1260 2395 1464 2465 βλάϐας
1499 2397 1590 2448 καὶ
1641 2398 1765 2458 τοὺς

173 2489 463 2553 κινδύνους
493 2490 909 2559 ἀποσκοπήσας,
940 2487 1194 2542 λανθάνει
1220 2488 1429 2549 πάντας
1460 2503 1473 2515 ·
1504 2489 1597 2539 καὶ
1630 2489 1764 2556 πρὸς

172 2582 275 2650 τὴν
306 2583 527 2651 σφαγὴν
562 2582 729 2650 (οὕτω
767 2582 875 2652 γὰρ
908 2580 1023 2649 ἐγὼ
1061 2580 1215 2633 καλῶ
1254 2580 1353 2652 τὴν
1386 2582 1607 2633 ἐκείνων
1640 2584 1762 2650 βου-

173 2672 274 2742 λὴν
301 2672 401 2725 καὶ
430 2672 627 2743 ὁρμὴν,
665 2668 821 2741 οἶμαι
847 2673 904 2725 δὲ
940 2672 1034 2725 καὶ
1076 2672 1272 2742 ὑμεῖς)
1314 2672 1447 2724 ὡσεὶ
1493 2674 1764 2741 πρόϐατον

174 2762 469 2831 ἐθελοντὴς
543 2764 931 2831 παραγίνεται.
1001 2761 1174 2815 Τοῦτο
1241 2762 1298 2815 δὲ
1378 2763 1763 2831 συλλαϐόντες,

176 2855 343 2922 μέχρι
404 2853 506 2922 τῆς
550 2854 910 2923 Προποντίδος
966 2854 1222 2917 Εὐξείνου
1273 2854 1410 2915 τέως
1463 2854 1763 2919 ἐξέλκουσι.

171 2945 331 2997 Μετά
380 2944 557 2998 ταῦτα
610 2946 699 3009 ti;
736 2944 1229 3013 Μεταμεληθέντες
1276 2947 1417 3009 τινὲς
1456 2946 1512 3011 ἐξ
1548 2947 1761 3011 αὐτῶν,

174 3035 690 3105 σεσυκοφαντῆσθαι
728 3034 820 3087 τὸν
867 3034 1119 3106 Ἰωάννην
1150 3038 1243 3089 καὶ
1266 3036 1554 3106 ἠδικῆσθαι
1592 3057 1764 3109 προσ-

170 3126 395 3192 throw
449 3129 544 3179 καὶ
595 3125 756 3179 τοῦτο
784 3127 883 3179 οὐκ
904 3122 971 3197 ἦν
1001 3130 1112 3190 τοῖς
1141 3125 1357 3191 πολλοῖς
1380 3128 1466 3181 διὰ
1494 3130 1726 3192 πίστεως
1748 3146 1761 3160 ·

1864 660 1945 707 tes
1971 654 2177 721 pastori
2205 663 2549 723 paraverant.
2588 652 2728 721 Quid
2752 669 2881 723 ergo
2908 666 3028 725 post
3061 657 3174 710 haac
3200 659 3401 711 faciunt
3430 658 3452 711 ?

1862 741 2000 796 Cum
2034 758 2360 797 aranearum
2404 744 3005 800 telisimbecillioribus
3055 748 3275 815 scriptis
3319 764 3445 803 eum

1862 831 2396 904 damnassent,quem
2418 850 2594 905 neque
2612 835 2856 889 viderant
2874 851 3047 903 neque
3076 840 3238 906 hujus
3260 855 3447 893 vocem

1862 926 2203 993 audiverant,
2246 927 2530 998 deponunt
2549 930 2881 998 pontiﬁcem,
2906 939 2959 985 et
2979 929 3093 984 lucc
3111 931 3354 985 referunt
3377 934 3445 987 ad

1863 1019 2263 1089 imperatorem.
2288 1020 2432 1087 Quid
2448 1020 2732 1077 dicentes?
2756 1021 2916 1088 Quod
2974 1039 3102 1078 cum
3145 1039 3253 1078 non
3277 1041 3446 1082 ausus

1860 1124 2006 1170 esset
2020 1116 2464 1187 accedere,quod
2491 1128 2635 1173 esset
2656 1119 2760 1174 sibi
2780 1122 3039 1177 conscius
3061 1140 3076 1189 ;
3102 1138 3228 1176 eum
3266 1134 3444 1176 autem

1863 1205 2007 1275 leges
2032 1207 2337 1277 deponant;
2361 1208 2462 1263 hoc
2476 1210 2642 1264 etiam
2667 1211 2952 1266 sustinuit.
2997 1212 3161 1279 Jussu
3188 1230 3319 1284 ergo
3352 1231 3446 1269 ve-

1862 1305 1991 1351 stra:
2038 1299 2314 1367 potentiae,
2360 1299 2601 1365 aiebant,
2621 1301 2703 1356 vel
2725 1301 2925 1355 invitus
2959 1304 3247 1370 relegetur,
3265 1314 3317 1359 et
3356 1310 3449 1360 det

1866 1404 2058 1460 poenas
2088 1391 2234 1460 quod
2263 1391 2564 1447 maledictis
2590 1395 2895 1451 insectatus
2918 1396 2990 1450 sit
3035 1394 3442 1464 impcratrirem

1859 1496 1980 1536 eam
2015 1481 2204 1536 dicens
2224 1480 2464 1547 Jezabel,
2488 1484 2570 1537 vel
2597 1485 2653 1537 in
2700 1500 2767 1538 eo
2795 1494 2968 1540 morte
2992 1486 3061 1540 ab
3095 1488 3443 1541 occisor-ibus

1862 1573 2164 1628 accelerata
2217 1583 2441 1644 propter
2479 1574 2628 1629 verbi
2680 1578 3051 1645 asperitatem.
3112 1577 3201 1631 Eis
3265 1578 3447 1646 itaque

1862 1666 2036 1719 credit
2064 1665 2362 1735 imperator
2385 1676 2647 1736 tanquam
2706 1668 3110 1734 sacerdotibus,
3138 1678 3192 1724 et
3240 1670 3449 1739 absque

1864 1760 1970 1814 ulla
2000 1760 2427 1823 examinatione,
2452 1761 2616 1815 missa
2645 1775 2807 1815 manu
2840 1762 3086 1826 militari,
3120 1762 3275 1830 jubet
3316 1780 3445 1816 sun—

1868 1865 2014 1907 ctmn
2052 1850 2313 1921 relegari.
2354 1852 2478 1906 Haec
2505 1854 2761 1922 cognovit
2810 1855 2986 1909 ﬁdelis
3022 1855 3207 1923 pepuli
3257 1856 3445 1909 multi-

1878 1944 2031 2009 tudo,
2064 1942 2300 2012 ﬁdeique
2336 1943 2549 1998 fervore
2577 1952 2633 1997 et
2663 1945 2958 1999 abundatia
2987 1946 3130 1999 victo
3154 1952 3208 1999 et
3240 1945 3449 2014 dejecto

1877 2044 2022 2088 metu
2056 2034 2423 2102 imperatoris,
2455 2036 2505 2088 vi
2531 2036 2876 2089 restiterunt.
2928 2033 3044 2088 Hoc
3088 2046 3267 2089 autem
3320 2050 3446 2090 cum

1876 2126 2360 2180 animadvertisset
2385 2128 2465 2179 vir
2511 2126 2732 2181 divinus
2760 2136 2813 2181 et
2836 2142 2958 2196 qua:
2989 2141 3056 2181 ex
3092 2141 3159 2181 co
3191 2127 3448 2181 orieban-

1876 2228 1963 2271 tur
1996 2218 2193 2271 damna
2239 2227 2294 2272 et
2322 2217 2562 2287 pericula
2591 2218 3023 2281 considerasset,
3050 2233 3241 2275 omnes
3295 2220 3445 2282 latet,

1874 2319 1929 2363 et
1963 2309 2030 2362 ad
2072 2309 2273 2363 credem
2300 2308 2417 2377 (sic
2447 2308 2592 2363 enim
2648 2323 2752 2376 ego
2800 2323 2937 2361 voco
2993 2308 3216 2362 illorum
3255 2310 3446 2363 conci—

1884 2403 2018 2455 lium
2068 2411 2122 2456 et
2173 2403 2456 2470 impetum,
2486 2402 2743 2455 existimo
2777 2409 2960 2455 autem
3016 2415 3119 2454 vos
3178 2414 3449 2470 quoque).

1874 2508 2134 2567 tanquam
2159 2498 2278 2553 ovis
2316 2506 2511 2567 sponte
2560 2513 2657 2552 sua
2695 2498 2925 2552 accedit.
2963 2497 3099 2550 Eum
3145 2514 3273 2551 vero
3326 2514 3451 2551 cum

1872 2590 2447 2660 compreliendissent,
2490 2604 2665 2658 usque
2710 2589 2775 2641 ad
2832 2587 3028 2642 Euxini
3066 2587 3450 2659 Propontidem

1872 2690 2003 2735 tunc
2033 2681 2276 2735 trahunt.
2308 2678 2440 2733 l’ost
2478 2680 2593 2733 ltmc
2630 2678 2807 2748 quid?
2841 2679 3074 2745 Quidam
3111 2696 3177 2734 ex
3213 2680 3452 2735 iisdueti

1876 2770 2223 2840 pmnitentia,
2250 2768 2505 2822 dicebant
2542 2771 2709 2825 fuisse
2733 2769 3003 2823 Joannem
3033 2770 3334 2839 appetitum
3359 2785 3452 2823 ca-

1877 2863 2102 2916 lumniis
2130 2872 2185 2916 et
2227 2860 2427 2930 injuria
2459 2860 2734 2915 aﬁ‘ectum.
2766 2861 2875 2915 Nec
2907 2860 3012 2915 hoc
3055 2861 3381 2915 credebatur
3416 2880 3445 2913 a

1874 2951 2061 3005 multis
2104 2966 2118 3005 :
2159 2952 2317 3006 ﬁdem
2376 2962 2556 3006 autem
2615 2968 2704 3007 res
2773 2952 2905 3021 ipsa:
2957 2952 3128 3020 magis
3184 2952 3451 3006 iecerunt.

1869 3041 2197 3108 Quomodo?
2228 3044 2307 3097 Ex
2343 3045 2551 3098 honore
2574 3052 2627 3098 et
2656 3044 3065 3105 emolumentis,
3098 3045 3297 3114 quibus
3322 3052 3454 3098 sunt

1871 3133 2049 3188 affecti
2106 3142 2480 3190 accusatores.
2552 3134 2656 3189 Sed
2721 3135 3010 3213 profanum
3065 3152 3128 3191 os
3171 3137 3456 3190 dedecoris

168 3217 377 3287 ἐκύρου
410 3218 467 3269 δὲ
490 3217 654 3270 πλέον
683 3217 779 3287 τὴν
807 3219 990 3271 πίστιν
1018 3219 1083 3272 τά
1107 3218 1430 3289 πράγματα.
1466 3219 1621 3284 Πώς;
1670 3222 1762 3274 Ἐκ

1873 3227 2238 3294 respondebat
2270 3227 2353 3279 his
2387 3228 2548 3297 nugis
2577 3229 2767 3282 dicens
2797 3247 2811 3282 :
2854 3227 3081 3283 Etiamsi
3111 3228 3245 3281 nihil
3278 3227 3455 3291 aliud,

167 3314 270 3381 τῆς
303 3311 419 3363 τῶν
466 3312 923 3380 ἀπενηνεγμένων
957 3313 1070 3373 τοῖς
1115 3312 1442 3381 κατηγόροις
1487 3312 1650 3381 τιμῆς
1704 3332 1761 3367 τε

169 3406 268 3460 καὶ
295 3404 604 3476 προκοπῆς.
649 3403 809 3458 Ἀλλὰ
836 3405 898 3456 τὸ
920 3405 1016 3473 τῆς
1044 3403 1305 3473 αἰσχύνης
1337 3405 1551 3475 ἀνίερον
1584 3408 1755 3474 στόμα

169 3499 445 3560 τοιούτοις
456 3499 633 3566 ἀπήντ
644 3514 679 3548 α
691 3499 800 3559 τοῖς
816 3498 993 3565 φλυαρ
1005 3498 1030 3565 ἡ
1042 3513 1223 3566 μασιν.
1242 3497 1303 3548 Et
1324 3497 1415 3547 καί
1437 3496 1600 3567 μηδὲν
1616 3499 1765 3561 ἀλλο,

1873 3327 1929 3371 at
1960 3320 2271 3385 arrogantia
2293 3327 2346 3371 et
2378 3318 2874 3390 superbiaJuannis
2900 3334 3026 3374 eum
3047 3319 3321 3387 deposuit,
3346 3334 3459 3372 sua:

1872 3410 2095 3464 malitia:
2122 3412 2405 3480 improbus
2444 3419 2715 3465 veterator
2748 3410 3092 3479 Scripturam
3141 3411 3449 3481 applicans,

1882 3519 2077 3572 nempe
2107 3505 2252 3573 quod
2286 3504 2539 3573 superbis
2577 3506 2782 3558 resistit
2815 3505 3100 3558 Dominus.

168 3594 387 3661 φάσκον
412 3595 569 3656 τέως,
599 3594 657 3645 τ’)
687 3592 1004 3657 ἀλαζονικὸν
1042 3593 1289 3655 Ἰωάννου
1316 3592 1547 3663 καθῄρει
1580 3596 1763 3659 αὑτὸν,
1807 3601 2147 3669 παρενείρων
2188 3600 2286 3668 τῆς
2337 3598 2533 3662 κακίας
2567 3600 2595 3650 ὁ
2630 3597 2889 3666 σοφιστὴς
2924 3597 2982 3649 τὸ
3040 3596 3138 3664 τῆς
3206 3595 3454 3665 Γραφῆς,

168 3685 319 3741 κιθὲ
353 3686 450 3738 καὶ
482 3687 593 3746 τοῖς
629 3685 1000 3755 ὑπερηφάνοις
1032 3686 1418 3740 ἀντιτάσσεται
1447 3687 1673 3760 Κύριος.

238 3778 342 3831 κδ’.
397 3778 632 3832 Ἔπειτα
679 3778 878 3847 γράφει
913 3780 941 3831 ὁ
985 3776 1222 3847 διώκτης
1277 3779 1410 3848 πρὸς
1460 3782 1551 3832 τὸν
1590 3781 1764 3850 μέγαν

181 3870 563 3933 Ἱννοκὲντιον,
604 3867 822 3939 Ῥώμης
854 3869 1134 3939 ἀρχιερέα,
1158 3872 1278 3939 τὴν,
1312 3872 1380 3940 ἣν
1403 3872 1562 3934 αὐτὸς
1610 3872 1766 3939 ἕδρα-

171 3979 302 4023 σεν,
344 3962 431 4023 εἰς
472 3960 567 4013 τὸν
617 3960 852 4028 ποιμένα
906 3960 1276 4030 μεταμορφῶν
1328 3964 1421 4015 καὶ
1473 3964 1765 4017 ποικίλλων

173 4050 554 4123 παρανομίαν.
604 4051 765 4104 Ἀλλὰ
813 4052 1071 4119 Θεόφιλος
1104 4054 1304 4122 γράφει
1354 4053 1492 4122 μὲν,
1530 4072 1762 4123 καταγι-

173 4144 452 4197 νώσκεται
481 4144 567 4207 δὲ,
601 4144 913 4211 διαγνόντος
954 4144 1049 4196 τοῦ
1099 4145 1259 4198 πάπα
1302 4145 1490 4213 σαφῶς
1527 4147 1593 4199 τὰ
1629 4148 1769 4200 κατὰ

169 4237 261 4297 τὸν
313 4236 496 4306 ἅγιον.
551 4228 653 4287 Ὧν
709 4235 771 4288 τὸ
828 4234 1104 4296 πολυειδὲς
1150 4236 1259 4289 τῶν
1306 4238 1757 4307 ἐπιτηδευμάτων

170 4328 555 4395 καταπλαγεὶς
587 4330 615 4381 ό
654 4326 898 4398 Ῥώμης,
948 4329 1040 4379 ἐπὶ
1083 4328 1174 4379 τὸν
1225 4327 1359 4381 Θεὸν
1414 4332 1767 4400 καταφεύγει,

169 4421 439 4475 κὰκεῖθεν
483 4420 689 4485 ἐξαιτεῖ
715 4420 943 4491 λυθῆναι
975 4420 1085 4474 τῶν
1123 4421 1435 4475 σκανδάλων
1480 4424 1551 4476 τὰ
1586 4440 1765 4493 μηχα-

171 4514 421 4583 νήματα.
462 4513 575 4565 Καὶ
609 4512 792 4582 μέντοι
825 4512 920 4565 καὶ
946 4512 1214 4582 λαμϐάνει
1245 4513 1343 4583 τὴν
1374 4513 1551 4579 λύσιν,
1584 4518 1679 4567 καὶ
1709 4517 1769 4567 τὸ

172 4608 341 4677 τάχος
378 4606 571 4677 ἡλίκον
602 4606 832 4663 ἐκεῖθεν.
895 4606 958 4659 Ἡ
1000 4607 1197 4677 κυνικὴ
1242 4607 1504 4676 θεοφίλου
1542 4607 1768 4678 ζήτησις

171 4700 267 4751 καὶ
324 4698 578 4750 ἀναίδεια
636 4698 776 4751 κατὰ
833 4697 929 4751 τοῦ
960 4693 1139 4751 ἀθώου
1191 4700 1270 4752 ἑτι
1328 4701 1767 4771 προσανηρεύνα.

184 4791 475 4857 Ἐντεῦθεν
526 4792 661 4863 πρὸς
710 4792 881 4864 ὀργὴν
934 4792 1043 4844 τῶν
1095 4792 1303 4845 πιστῶν
1352 4792 1647 4858 ἐξανάπτει
1698 4799 1767 4850 τά

174 4884 358 4954 πλήθη
386 4900 401 4914 ’
435 4884 531 4936 καὶ
563 4884 779 4947 στάσεις
812 4885 878 4937 ἐκ
916 4884 1107 4937 τούτου
1141 4886 1355 4956 μυρίαι,
1386 4889 1481 4939 καὶ
1513 4888 1759 4959 πληγαὶ,

173 4978 267 5029 καὶ
317 4976 574 5045 διάφοροι
622 4975 891 5039 κίνδυνοι,
943 4978 1037 5031 καὶ
1087 4978 1297 5046 γίνεται
1345 4982 1458 5042 τοῖς
1504 4985 1763 5050 πονηροῖς

1946 3782 2037 3832 Ἡ.
2076 3778 2281 3831 Deinde
2314 3772 2507 3829 scribit
2542 3782 2863 3844 persecutor
2886 3774 2952 3828 ad
2984 3773 3290 3826 Romanum
3319 3789 3455 3842 pon-

1874 3873 2073 3927 tiﬁcem
2126 3870 2529 3930 Innocentium,
2573 3882 2738 3936 quant
2800 3867 2854 3920 in
2909 3877 3185 3935 pastorem
3252 3866 3457 3920 fecerat

1880 3966 2223 4033 iniquitatem
2248 3962 2653 4015 transformans
2685 3968 2738 4015 et
2768 3959 3009 4013 varians.
3053 3958 3155 4013 Sed
3183 3957 3458 4027 Theophi-

1879 4060 1964 4113 lus
1995 4056 2188 4111 scribit
2216 4053 2468 4123 quidem,
2495 4053 2894 4106 condemnatnr
2924 4059 3130 4114 autem,
3165 4066 3288 4103 cum
3317 4066 3452 4118 papa

1881 4158 2067 4218 aperte
2103 4162 2190 4201 res
2242 4146 2417 4199 sancti
2451 4149 2825 4212 cognosceret.
2874 4139 3119 4205 Quorum
3162 4139 3347 4193 varios
3392 4157 3455 4192 ac

1874 4240 2205 4308 multiplices
2248 4246 2479 4291 conatus
2542 4234 2751 4287 mirans
2808 4231 3092 4286 Romanus
3139 4232 3453 4301 episcopus,

1880 4331 1947 4384 ad
1987 4329 2157 4383 Deum
2188 4328 2457 4395 confugit,
2497 4333 2550 4378 et
2597 4326 2728 4394 petit
2754 4332 2813 4376 ut
2845 4324 2994 4376 illinc
3023 4324 3307 4376 solvantur
3341 4339 3457 4374 lll:t-

1872 4422 2220 4476 cliinationes
2269 4416 2656 4471 ollensionum.
2690 4414 2921 4467 Maxima
2960 4415 3143 4482 itaque
3171 4414 3457 4466 celeritate

1874 4514 2027 4568 illinc
2068 4513 2279 4581 accepit
2308 4511 2662 4565 solutionem.
2701 4508 2911 4562 Canina
2942 4505 3238 4576 TlieOpbili
3277 4506 3456 4575 impu-

1876 4607 2060 4661 dentia
2127 4605 2309 4658 adhuc
2378 4601 2691 4672 inquirebat
2756 4599 3026 4654 adversus
3078 4599 3448 4652 innocentem.

1875 4695 2014 4751 Uine
2062 4695 2126 4749 ad
2167 4695 2303 4748 iram
2333 4694 2511 4747 irritat
2549 4692 2787 4745 ﬁdelium
2823 4690 3254 4743 multitudinem.
3288 4690 3451 4741 luun-

1876 4789 2164 4843 merabiles
2193 4804 2258 4841 cx
2306 4802 2372 4840 eo
2401 4789 2679 4840 exsistunt
2737 4784 3035 4838 seditiones
3080 4791 3133 4837 et
3186 4784 3358 4852 plaga:
3400 4792 3454 4835 et

1873 4882 2087 4936 diversa
2121 4878 2392 4946 pericula,
2416 4889 2468 4931 et
2494 4875 3201 4944 contremiscuntimprobi.
3220 4873 3318 4927 Vir
3352 4873 3452 4953 int-

1878 4978 2005 5045 pius
2030 4973 2319 5029 celerrime
2351 4971 2489 5042 fugit
2519 4970 2929 5033 Alexandriam,
2967 4984 3089 5023 cum
3116 4969 3202 5021 vix
3238 4958 3452 5023 evasis-

170 5068 400 5137 τρόμος.
464 5068 628 5139 Ἀνὴρ
681 5067 966 5138 δυσσεϐὴς,
1016 5069 1157 5122 κατά
1208 5070 1373 5140 τάχος
1432 5072 1650 5141 φεύγων
1684 5076 1762 5137 είς

1882 5078 1965 5123 set
2004 5085 2099 5123 eos
2129 5068 2221 5137 qui
2248 5066 2578 5135 quaesieram
2612 5079 2730 5119 eum
2761 5064 2898 5116 mari
2936 5064 3191 5117 obruere.
3221 5061 3312 5116 Sic
3353 5078 3451 5129 pa-

184 5156 625 5227 Ἀλεξάνδρειαν,
667 5159 818 5227 μόλις
849 5158 1069 5229 διαδρὰς
1102 5162 1227 5223 τοὺς
1259 5160 1606 5216 θαλασσὼσαι
1636 5162 1769 5217 τοῦ-

171 5267 262 5303 τον
295 5252 684 5322 ζητήσαντας,
738 5253 924 5313 κακῶς
953 5253 1054 5322 τῆς
1105 5253 1497 5325 βασιλευούσης
1538 5257 1766 5310 ἀποδιαο

176 5344 485 5413 πομπεῖται
518 5342 614 5394 σὺν
658 5341 843 5404 αὑτοῖς
888 5342 1219 5413 κατηγόροις
1254 5345 1348 5396 καὶ
1390 5344 1765 5414 ὁμογνώμοσι.

173 5437 457 5489 Μανθάνει
485 5434 658 5487 ταῦτα
688 5436 838 5503 παρὰ
869 5434 961 5488 τοῦ
1006 5434 1223 5507 Ῥώμης
1252 5439 1281 5490 ὁ
1313 5436 1563 5505 βασιλεὺς
1603 5439 1768 5493 '0th-

176 5530 446 5600 ρ.ος,,καὶ
487 5530 569 5580 ὅτι
600 5528 950 5598 χαριζόμενοι
986 5532 1051 5598 τῇ
1089 5529 1317 5599 Εὑδοξίᾳ
1356 5534 1765 5601 σεσυκοφαντῆ-

176 5639 303 5676 κασι
333 5622 429 5674 τὸν
478 5621 754 5689 Ἰωάννην.
790 5621 895 5673 Καὶ
941 5620 1240 5689 περίλυπος
1271 5624 1560 5694 γενόμενος
1600 5624 1763 5694 (ἔρως

175 5714 286 5783 γάρ
331 5715 595 5781 ἐγκρατεῖ
635 5713 725 5764 τὸν
777 5712 1001 5781 βασιλέα
1049 5712 1292 5781 θερμὸς,
1344 5715 1438 5766 καὶ
1494 5714 1758 5783 ἐπεθύμει

176 5805 476 5858 θεάσασθαι
523 5804 616 5856 τὸν
666 5804 964 5874 ἀρχιερέα)
1016 5804 1219 5871 γράφει
1257 5805 1333 5875 τῷ
1395 5806 1610 5876 ἀδελφῷ
1667 5808 1761 5860 καὶ

178 5898 388 5965 βασιλεῖ
445 5897 738 5967 ’Δρκαδί‹;›,
773 5896 1017 5966 νεμεσῶν
1066 5899 1157 5950 καὶ
1198 5898 1634 5967 προσονειδίζων,
1677 5900 1758 5951 ὅτι

179 5990 421 6061 ρηφίλῳ
473 5989 660 6061 χώραν
711 5992 997 6061 παρέτχεν,
1035 5989 1093 6043 ὃν
1124 5991 1229 6045 ὑπο
1264 5992 1441 6045 αἰτίαν
1475 5993 1564 6046 καὶ
1608 5991 1763 6061 δίκην

1883 5171 1965 5216 ter
1991 5160 2401 5225 scamlalorum,
2458 5159 2633 5213 malus
2665 5156 2805 5210 male
2834 5170 2899 5210 ex
2931 5156 3081 5227 regia
3129 5155 3455 5210 amandatur

1879 5268 2003 5307 cum
2048 5252 2183 5322 ipsis
2215 5250 2653 5311 accusatoribus,
2686 5247 2838 5303 etiis
2876 5247 2968 5316 qui
3016 5256 3174 5301 erant
3206 5244 3453 5314 ejusdem

1876 5345 2187 5402 sententias.
2223 5343 2347 5398 llzec
2380 5342 2562 5396 Romae
2606 5340 2777 5394 audiit
2806 5338 2970 5394 etiam
3006 5339 3306 5407 imperator
3344 5337 3451 5389 llo-

1879 5436 2095 5498 norius,
2118 5442 2173 5489 et
2205 5433 2349 5506 quod
2383 5442 2442 5484 ut
2471 5439 2688 5500 gratum
2711 5427 2954 5483 facerent
2981 5426 3261 5490 Eudoxiae,
3285 5424 3451 5479 Joan-

1883 5538 2006 5577 nem
2041 5531 2173 5577 suut
2210 5520 2550 5575 calumniati.
2584 5518 2780 5572 Dolore
2836 5533 2969 5586 ergo
3003 5515 3229 5571 affectus
3260 5516 3451 5584 (valde

1877 5619 2022 5672 enim
2053 5616 2270 5670 amabat
2310 5615 2631 5684 imperator,
2678 5620 2731 5667 et
2761 5612 3017 5682 cupiebat
3049 5611 3234 5664 videre
3276 5612 3453 5679 ponti-

1873 5712 2079 5779 ﬁcem),
2117 5710 2310 5766 scribit
2345 5709 2412 5763 ad
2449 5710 2669 5763 fratrem
2701 5707 3085 5781 imperatorem
3123 5703 3445 5763 Arcadium,

1870 5820 1992 5860 cum
2029 5821 2094 5860 co
2122 5805 2478 5875 cxpostulans
2501 5810 2555 5858 et
2581 5803 2917 5871 exprobrans
2945 5800 3088 5869 quod
3120 5797 3443 5867 Tlicopliilo,

1870 5915 2033 5967 quem
2073 5912 2222 5953 reum
2245 5899 2485 5960 tenebat,
2516 5897 2690 5949 locum
2716 5894 2925 5948 dederit
2946 5891 3250 5960 deponendi
3278 5887 3446 5945 hanc

1871 6007 2019 6057 neut,
2056 5992 2215 6062 idque
2263 5994 2377 6049 sine
2412 5990 2693 6048 llomanis.
2734 5989 2856 6045 llu‘e
2924 6004 3046 6044 cum
3092 5986 3447 6057 cognovisset
