4188 6456
754 381 863 445 279

2018 385 2211 446 LEUX
2224 388 2291 445 IS
2341 388 2408 446 1’1
2421 389 2439 446 Ι
2454 390 2465 446 |
2479 390 2795 455 LUSOl‘HI

3914 407 4021 467 280

762 497 1059 564 iuzpcrator
1092 494 1381 558 Arcadius,
1418 508 1614 565 magna
1645 495 1841 549 ductus
1876 496 2216 563 pmuitentia,
2267 497 2333 551 de

2457 498 2571 569 ιῗχε,
2603 505 2975 575 καθῃρηκέναι
3010 511 3102 561 τὸν
3144 510 3415 580 Ὶωαννην,
3444 514 3537 564 καὶ
3562 514 3730 566 ταῦτα
3758 516 3882 583 δίχα
3910 521 4023 570 τῶν

766 588 1025 655 puttlilit'c
1060 585 1366 641 revocando
1388 588 1663 656 cogitabat
1702 603 1716 639 :
1747 595 1800 640 et
1824 603 1951 641 erce
1989 599 2155 641 noctu
2188 592 2334 643 venit

761 688 1127 741 teri-remotus,
1172 688 1227 731 et
1276 678 1423 732 cadit
1460 693 1588 747 pars
1643 677 1844 733 cubilis
1909 679 2272 747 imperatricis
2318 699 2329 732 :

768 767 1116 836 l'uitquehoc
1173 767 1344 837 (nam
1414 782 1535 838 qua:
1592 767 2029 823 intercesserunt
2083 768 2336 823 lubenter

762 858 1152 929 praetermitto)
1191 874 1359 913 causa
1393 858 1788 915 revocationis.
1837 860 2051 913 ltursus
2083 874 2212 929 ergo
2237 876 2334 930 pa-

758 958 876 1003 stor
912 950 1089 1006 bonus
1139 952 1378 1020 (oportet
1429 951 1575 1005 cnim
1628 952 1820 1020 paucis
1871 948 2090 1019 dicere)
2143 952 2338 1022 recipit

757 1057 1002 1112 gregem,
1062 1058 1184 1096 cum
1224 1042 1524 1112 imperator
1578 1043 1735 1113 longe
1790 1040 2134 1110 splendidius
2173 1058 2337 1113 quam

760 1135 915 1203 prius
944 1134 992 1187 ei
1017 1134 1385 1203 processisset
1414 1137 1630 1190 obviam
1668 1157 1679 1189 :
1709 1145 1761 1190 et
1800 1136 1890 1189 ille
1926 1136 2147 1205 quidem
2185 1139 2337 1207 prius

762 1226 1123 1280 contenderet
1182 1235 1238 1281 ut
1286 1241 1374 1281 res
1431 1242 1545 1281 sua:
1597 1227 2045 1281 exanimarentur
2092 1245 2105 1280 :
2146 1243 2337 1283 omnes

759 1334 890 1370 vero
913 1319 1071 1389 plane
1102 1320 1337 1376 violenta
1363 1321 1486 1374 ﬁdei
1526 1321 1768 1375 motione
1792 1337 1920 1375 cum
1954 1320 2335 1385 adduxissent,

761 1409 815 1460 in
850 1413 977 1462 sede
1007 1410 1396 1471 collocassent.
1441 1421 1495 1464 et
1532 1420 1588 1463 ut
1635 1427 1821 1479 βίη-θυι
1881 1422 2066 1480 ageret
2121 1412 2339 1466 ell'ecis-

761 1514 901 1554 sent.
948 1499 1073 1556 Haec
1106 1518 1332 1555 suorum
1370 1520 1655 1557 servorum
1694 1503 1858 1565 Deus,
1894 1504 1983 1573 qui
2015 1505 2219 1557 resistit
2246 1520 2337 1556 su-

760 1593 952 1659 perbis,
995 1603 1044 1645 et
1078 1593 1363 1647 humilibus
1399 1595 1568 1647 reddit
1597 1595 1829 1663 gratiam
1858 1596 1923 1647 ³⁸.
1981 1593 2119 1647 llinc
2162 1596 2336 1657 adest,

761 1703 882 1751 quae
904 1687 1279 1756 hospitalitate
1296 1696 1351 1741 et
1380 1690 1739 1757 temperantia
1767 1688 2091 1756 (scientibus
2118 1687 2338 1757 loquor)

764 1778 959 1841 Suram
1022 1786 1078 1832 et
1122 1777 1428 1832 Susannam
1481 1778 1742 1848 exprimit
1792 1777 2093 1849 Olympias.
2142 1776 2340 1834 Paucis

2443 587 2550 638 ἀπὸ
2613 588 2847 660 Ῥώμης,
2902 592 3089 648 Ταῦτα
3123 596 3373 663 διαγνοὺς
3410 602 3438 651 6
3492 601 3749 668 βασιλεὺς
3817 606 4021 674 Ἀρκά-

2442 677 2571 741 διος,
2622 680 2791 733 πολλά
2840 700 2900 736 τε
2941 688 3324 755 μετεγνωκὼς,
3374 691 3724 748 διεσκέπτετο
3759 697 4024 765 περὶτῆς

2443 769 2793 839 ἀνακλήσεως
2823 775 2916 828 τοῦ
2954 778 3273 847 ἀρχιερέως.
3315 782 3424 835 Καὶ
3458 784 3566 836 ἰδοὺ
3596 770 3819 854 σεισμὸς
3852 804 4025 839 κατα-

2443 858 2708 924 λαμϐάνει
2736 864 2947 930 νυκτὸς,
2976 868 3066 919 καὶ
3094 868 3279 921 πίπτει
3318 871 3482 941 μέρος
3511 874 3603 926 τοῦ
3636 874 3895 938 κοιτῶνος
3926 876 4027 943 τῆς

2447 950 2783 1023 βασιλίσσης.
2844 956 2953 1009 Καὶ
3002 959 3162 1013 τοῦτο
3200 962 3409 1029 γίνεται
3448 964 3554 1031 (τά
3604 966 3711 1036 γὰρ
3756 969 3816 1020 ἐν
3872 969 4026 1037 μέσῳ

2446 1044 2795 1116 παρέδραμον
2836 1047 3008 1117 ἑκὼν)
3043 1052 3073 1119 ή
3116 1053 3263 1104 αἰτία
3308 1058 3405 1123 τῆς
3438 1055 3807 1127 ἀνακλήσεως.
3855 1059 4026 1111 Πάλιν

2444 1131 2535 1189 οὖν
2574 1139 2603 1190 6
2651 1142 2907 1209 ποιμὴνό
2956 1141 3119 1206 καλὸς
3154 1143 3271 1214 (δεῖ
3315 1149 3425 1215 γὰρ
3476 1148 3757 1217 συντόμως
3804 1150 4025 1217 εἰπεῖν)

2445 1229 2819 1299 ἀπολαμϐάνει
2852 1234 2914 1286 τὸ
2959 1235 3229 1304 ποίμνιον,
3263 1237 3356 1289 τοῦ
3400 1237 3664 1307 βασιλέως
3695 1240 3843 1311 αὐτῷ
3887 1240 4027 1311 λαμ-

2446 1322 2718 1392 προτέραν
2747 1324 2845 1394 τὴν
2873 1328 3179 1397 ἀπάντησιν
3210 1330 3343 1383 πολὺ
3368 1330 3467 1398 τῆς
3496 1332 3769 1400 προτέρας
3790 1350 4029 1399 πεποιη-

2446 1411 2604 1473 κότος
2626 1428 2639 1441 ·
2677 1412 2888 1465 ἐκείνου
2926 1416 3027 1482 μὲν
3058 1417 3321 1487 πρότερον
3350 1420 3417 1471 τὰ
3453 1418 3577 1471 καθ’
3610 1420 3804 1473 ἑαυτὸν
3839 1420 4031 1485 ἐξεταο

2448 1501 2639 1572 σθῆναι
2693 1503 3197 1575 διισχυριζομένου,
3240 1508 3455 1562 πάντων
3486 1510 3541 1562 δὲ
3594 1509 3752 1580 βιαίῳ
3787 1512 4029 1574 πίστεως

2451 1593 2621 1656 ὅντως
2703 1596 2965 1665 κινήματι
3013 1598 3505 1667 προσαγαγόντων,
3558 1601 4029 1670 ἐνθρονισάντων,

2449 1689 2543 1739 καὶ
2608 1687 2921 1757 εἰρηνεῦσαι
2976 1689 3320 1757 ποιησάντων
3367 1691 3550 1743 αὐτόν.
3603 1692 3791 1745 Ταῦτα
3836 1696 3867 1745 6
3916 1693 4032 1743 τῶν

2452 1779 2645 1832 ἑαυτοῦ
2686 1778 3033 1849 Θεραπόντων
3059 1780 3212 1844 Θεὸς,
3245 1785 3277 1835 ὁ
3318 1783 3443 1849 τοῖς
3465 1784 3893 1852 Ϊὺπρρηεριὶνοις
3922 1785 4033 1838 ἀν-

764 1878 944 1923 autem
984 1885 1104 1924 eam
1138 1884 1358 1938 quoque
1397 1868 1638 1924 declaret
1674 1872 1877 1933 oratio,
1917 1888 2038 1940 quae
2086 1873 2337 1941 volupta-

2457 1871 2857 1940 τιταττόμενος
2879 1912 2893 1935 ,
2936 1874 2968 1925 ό
3001 1871 3126 1937 τοῖς
3155 1874 3458 1939 ταπεινοῖς
3504 1873 3870 1942 ἀντιμετρῶν
3915 1876 4033 1941 τὴν

764 1971 871 2014 tem
923 1961 1086 2015 simul
1132 1970 1186 2015 et
1220 1961 1657 2016 adhortationem
1700 1962 1764 2015 ad
1821 1968 2078 2015 v‘ntutem
2140 1964 2343 2031 ιιι-ωΙιοι

763 2054 854 2115 iis,
905 2053 999 2121 qui
1048 2053 1276 2106 laudant
1316 2069 1375 2106 ea
1414 2070 1535 2121 qua:
1575 2063 1705 2107 sunt
1741 2054 1995 2106 honesta.
2056 2053 2340 2124 Olympias

762 2151 905 2207 erat,
939 2160 1062 2212 qua:
1103 2145 1488 2212 temperantia,
1527 2144 1929 2213 hospitalitate,
1973 2144 2229 2199 doctrina
2264 2145 2346 2199 di-

765 2236 1142 2303 sciplinarum,
1173 2249 1283 2289 non
1320 2236 1502 2289 minus
1526 2245 1637 2289 erat
1673 2236 1841 2298 clara,
1868 2252 2027 2304 quam
2055 2237 2347 2306 splendore

766 2327 1006 2395 generis,
1041 2342 1205 2396 opum
1237 2338 1289 2381 et
1322 2326 1771 2396 pulchritudinis,
1824 2338 2045 2396 prOpter
2090 2343 2210 2396 qua:
2248 2342 2345 2379 ano

767 2419 1049 2473 tecedebat
1079 2420 1335 2474 omnibus
1394 2436 1516 2487 qua:
1559 2429 1688 2473 tunc
1732 2430 1908 2473 crant.
1961 2416 2085 2473 llaec
2150 2419 2347 2471 marito

767 2513 987 2577 quidem
1023 2510 1127 2565 fuit
1162 2511 1455 2581 conjuncta
1492 2511 1755 2581 legitime.
1791 2520 2009 2565 nonest
2038 2523 2217 2565 autem
2252 2526 2349 2565 ex-

769 2613 943 2672 perta,
976 2612 1033 2657 ut
1061 2620 1183 2674 qua:
1217 2619 1341 2659 cum
1382 2620 1445 2659 eo
1476 2619 1669 2674 parum
1704 2604 1923 2658 vixerit.
1953 2602 2084 2656 Eam
2118 2603 2350 2672 impera-

770 2708 855 2751 tor
888 2698 1235 2753 Theodcsiu:
1268 2698 1319 2752 vi
1349 2708 1539 2768 postea
1580 2696 1853 2760 trahebat,
1887 2705 1945 2749 ut
1974 2697 2202 2751 nuberet
2228 2695 2348 2749 cui-

769 2790 894 2842 dam
934 2799 1169 2859 cogralo
1210 2806 1333 2855 suo,
1388 2806 1492 2845 non
1529 2790 1749 2859 quidem
1800 2788 2209 2855 dedignantem,
2254 2785 2350 2841 sed

772 2892 965 2937 contra
997 2899 1059 2936 ea
1106 2900 1230 2953 qua!
1280 2898 1379 2953 par
1432 2890 1575 2943 erat.
1627 2882 2062 2952 signiﬁcantem.
2126 2880 2351 2935 Dicebat

772 2979 920 3031 cuitu
954 2996 966 3030 :
1001 2976 1059 3029 Si
1088 2992 1185 3030 rex
1230 2992 1385 3030 meus
1424 2974 1675 3030 Christus
1736 2974 2001 3029 voluisset
2051 2990 2139 3027 me
2169 2974 2351 3026 vivere

773 3086 897 3124 cum
950 3071 1169 3122 marito.
1213 3069 1447 3136 priumm
1484 3067 1712 3121 omnino
1764 3081 1870 3119 non
1912 3065 2251 3119 abstulisset.
2291 3062 2355 3117 Et

778 3160 910 3229 quid
940 3176 1079 3229 opus
1106 3167 1190 3214 est
1214 3158 1519 3212 orationem
1558 3156 1872 3223 extendere,
1911 3172 2035 3227 qua:
2071 3157 2354 3210 contendit
2383 3199 2423 3255 Ο

775 3254 843 3306 ad
893 3270 976 3317 ea,
1016 3267 1138 3321 qua:
1172 3251 1431 3320 deinceps
1469 3259 1797 3321 sequuntur,
1852 3250 2170 3318 exponenda
2209 3248 2261 3301 ill
2289 3264 2352 3303 us

777 3343 942 3395 verba
980 3340 1281 3410 sapientia?
1324 3340 1384 3393 Ei
1426 3340 1569 3393 enim
1606 3339 1700 3409 qui
1738 3337 1903 3408 sapit,
1948 3339 2077 3392 licet
2119 3353 2183 3391 ex
2234 3337 2355 3389 lim-

777 3433 916 3493 bria,
960 3439 1019 3484 ut
1063 3441 1146 3485 est
1176 3430 1229 3484 in
1265 3428 1573 3499 proverbio,
1621 3428 1677 3483 id
1718 3428 1861 3498 quod
1909 3435 1993 3482 est
2041 3433 2354 3482 contextum

777 3522 1107 3590 intelligere.
1130 3519 1294 3575 Jussu
1310 3534 1441 3590 ergo
1467 3520 1817 3590 imperatoris
1838 3518 2162 3573 auferuntur
2190 3519 2237 3571 ei
2277 3517 2355 3569 fa—

778 3614 1033 3677 cuitutes,
1062 3611 1236 3681 gratia
1272 3611 1558 3665 enstodiaz.
1584 3610 1675 3665 Illa
1701 3621 1882 3665 autem
1904 3624 1969 3664 ea
1996 3625 2053 3664 re
2086 3609 2243 3662 valde
2270 3614 2359 3662 est

781 3706 983 3767 ltetata,
999 3716 1051 3758 et
1072 3704 1274 3757 dictum
1295 3705 1514 3773 protuiit
1538 3702 1850 3773 imperatori
1871 3702 2015 3772 quod
2036 3702 2257 3769 dignum
2277 3707 2362 3752 est

780 3796 924 3866 quod
942 3796 1207 3850 habeatur
1227 3795 1281 3848 in
1298 3795 1660 3848 admiratione
1678 3802 1734 3848 et
1759 3792 2046 3846 mandetur
2064 3806 2259 3845 memon
2278 3792 2359 3843 iac.

784 3888 931 3941 Dixit
948 3891 1090 3940 enim
1112 3906 1125 3941 :
1146 3886 1223 3942 Ne
1235 3902 1295 3941 ea
1313 3887 1717 3952 cusmdiantur,
1732 3900 1764 3939 ο
1781 3885 2098 3954 imperator,
2116 3885 2208 3937 sed
2231 3883 2365 3937 den-

788 3991 876 4033 tur
898 3981 1079 4049 potius
1104 3980 1456 4048 pauperibus.
1478 3976 1596 4033 Jam
1616 3978 1743 4031 olim
1764 3977 1908 4031 enim
1928 3976 2215 4045 deprecor,
2246 3989 2366 4043 quae

786 4090 848 4125 ex
873 4074 971 4126 hac
994 4073 1381 4127 distributione
1405 4071 1637 4133 accedit,
1672 4085 1864 4124 vanam
1895 4068 2143 4138 gloriam.
2167 4065 2365 4119 Statim

788 4183 919 4237 ergo
943 4167 1157 4220 laetatus
1187 4165 1761 4232 l'uitimperator,cum
1783 4162 1897 4214 haec
1938 4159 2203 4223 audisset,
2226 4170 2280 4212 ct
2317 4158 2367 4211 ei

788 4279 884 4314 sua
910 4277 1100 4315 rursus
1119 4260 1313 4314 reddit.
1342 4259 1432 4312 Illa
1462 4268 1643 4311 autem
1675 4273 1797 4311 eum
1816 4271 1879 4309 ea
1903 4255 2225 4323 aet-cpisset,
2252 4252 2369 4321 pul-

790 4355 1062 4408 t‘ltcl't’lltlc
1092 4352 1311 4423 quidem
1338 4351 1763 4413 administravit,
1798 4364 1964 4417 seque
2004 4347 2158 4401 exuit
2184 4360 2247 4397 ac
2279 4360 2372 4414 pa-

795 4448 935 4500 ravit
970 4448 1033 4499 ad
1070 4445 1546 4505 exercitationem,
1594 4452 1647 4495 et
1711 4441 1875 4510 paulo
1904 4447 2027 4507 post
2059 4437 2289 4491 refertur
2316 4435 2370 4488 in

2444 1961 2640 2031 χάριν.
2691 1961 3034 2033 Ἐντεῦθενή
3078 1963 3156 2033 τῷ
3208 1965 3471 2035 φιλοξένῳ
3512 1967 3606 2019 καὶ
3642 1966 3880 2036 σώφρονι
3930 1968 4034 2037 τὴν

2446 2052 2664 2125 Σάρῤαν
2704 2054 2796 2106 καὶ
2826 2055 3113 2108 Σωσάνναν
3158 2055 3458 2125 Ὀλυμπιὰς
3490 2057 3687 2127 (εἰδόσι
3714 2058 3855 2123 λέγω
3883 2058 3900 2123 )
3927 2075 4031 2126 χα-

2451 2144 2875 2215 ρακτηρίζουσα,
2926 2147 3244 2215 παρίστησι.
3279 2148 3532 2215 Δηλούτω
3562 2148 3615 2199 δὲ
3648 2149 3734 2201 διὰ
3779 2149 4035 2217 βραχέων

2449 2239 2545 2291 καὶ
2571 2238 2773 2307 ταύτην
2808 2240 2835 2290 6
2858 2238 3036 2305 λόγος,
3071 2239 3262 2309 ἡδονὴν
3295 2238 3409 2308 ἅμα
3443 2240 3535 2292 καὶ
3565 2240 3917 2308 παράκλησιν
3952 2246 4035 2301 εις

2448 2332 2650 2402 ἀρετὴν
2675 2334 2785 2394 τοῖς
2813 2331 3093 2384 ἐπαινοῦσι
3119 2330 3187 2383 τὰ
3218 2331 3362 2383 καλά
3391 2332 3783 2402 παρεχόμενος.
3831 2332 4035 2400 Ὀλυμ-

2449 2422 2599 2484 πιάς,
2625 2423 2691 2491 ἣν
2723 2420 3175 2490 ὑπερωραίουσαν
3205 2420 3306 2490 τῆς
3334 2421 3710 2491 σωφροσύνης,
3752 2422 3850 2491 τῆς
3884 2423 4037 2489 φιλω

2451 2513 2765 2580 ξενίας,καὶ
2796 2513 2897 2581 τῆς
2928 2512 3177 2575 παιδείας
3204 2513 3313 2565 τῶν
3351 2513 3691 2583 μαθημάτων
3732 2515 3827 2583 οὐχ
3867 2510 4038 2585 ἦττον

2451 2609 2508 2661 αἱ
2556 2606 2916 2668 πολυτέλειαι,
2953 2605 2986 2675 ἢ
3033 2605 3128 2658 τοῦ
3181 2605 3372 2672 γένους
3420 2606 3638 2658 καὶτοῦ
3680 2606 3912 2659 πλούτου
3944 2615 4039 2657 καὶ

2452 2698 2551 2765 τῆς
2595 2697 2779 2768 ὥρας,
2810 2698 2858 2749 δι
2909 2690 2984 2749 ὧν
3030 2695 3287 2749 ἁπάντων
3333 2696 3440 2749 τῶν
3475 2698 3775 2765 τηνικαῦτα
3811 2697 4041 2767 ἐκράτει

2452 2790 2521 2843 τὰ
2552 2790 2913 2859 διαφέροντα·
2952 2788 3091 2858 αὕτη
3144 2787 3478 2858 συνιζεύχθη
3518 2790 3618 2858 μὲν
3656 2791 3905 2858 νομίμως
3941 2788 4042 2841 ἀν-

2454 2882 2561 2949 δρὶ,
2614 2883 2675 2933 οὐ
2710 2882 3041 2948 πεπείραται
3083 2881 3140 2933 δὲ
3204 2882 3401 2951 μικρὸν
3450 2880 3599 2948 αύτῷ
3650 2879 4042 2948 συμϐιώσασα.

2456 2970 2674 3039 Ταύτην
2703 2973 2731 3023 6
2765 2970 3016 3040 βασιλεὺς
3050 2971 3331 3034 Θεοδόσιος
3361 2971 3453 3022 ἐπί
3480 2988 3585 3023 τινι
3615 2972 3866 3037 συγγενεῖ
3898 2972 4044 3039 μετά

2455 3063 2628 3115 ταῦτα
2682 3063 3052 3133 βεϐιασμένως
3089 3063 3226 3133 πρὸς
3274 3063 3455 3131 γάμον
3499 3056 3721 3127 εἷλκεν,
3767 3062 3870 3113 οὐκ
3933 3064 4044 3113 ἀπ-

2458 3154 2734 3221 αξιοῦσαν,
2774 3154 2888 3207 ἀλλ’
2921 3153 3307 3225 ἀντιδηλοῦσαν
3335 3154 3403 3207 τὰ
3436 3154 3625 3207 δέοντα
3649 3192 3665 3218 ,
3693 3153 3766 3215 ὡς
3800 3153 3980 3224 Εἴπερ
4015 3156 4046 3205 ὁ

2459 3247 2591 3316 ἐμὸς
2625 3246 2880 3314 βασιλεὺς
2910 3246 3164 3299 ἐϐούλετό
3202 3264 3269 3316 με
3298 3245 3458 3317 ἀνδρὶ
3491 3244 3788 3314 συμϐιοῦν,
3822 3246 4047 3309 πάντως

2459 3338 2560 3390 οὐκ
2604 3338 2670 3390 ἃν
2716 3337 2805 3390 τὸν
2840 3336 3056 3406 πρῶτον
3106 3337 3401 3408 ἐλάμϐανε.
3438 3338 3545 3390 Καὶ
3578 3336 3630 3389 τί
3665 3337 3744 3389 δεῖ
3792 3336 3933 3407 πρὸς
3978 3336 4050 3389 τὰ

2462 3432 2588 3501 ἑξῆς
2620 3430 2727 3482 τῶν
2758 3429 2975 3498 ἐκείνης
3006 3428 3185 3498 σοφῶν
3226 3430 3508 3499 ῥημάτιον,
3540 3428 3634 3482 τοῦ
3679 3428 3841 3495 λόγου
3872 3426 4050 3481 σπεύ-

2460 3525 2664 3586 δοντος,
2713 3521 3191 3592 ἐμπλατύνεσθαις
3228 3521 3304 3591 τῷ
3346 3522 3457 3592 γὰρ
3496 3523 3723 3592 νήφοντι
3755 3523 4051 3574 κατανοεῖν

2464 3616 2609 3668 ἐστιν
2644 3616 2705 3666 ἐκ
2757 3615 2852 3667 τοῦ
2903 3613 3241 3683 κρασπέδου,
3288 3614 3431 3665 κατὰ
3462 3613 3559 3683 τὴν
3610 3612 3936 3682 παροιμίαν,
3988 3613 4053 3663 τὸ

2465 3704 2710 3773 ὕφασμα.
2747 3705 3137 3772 Προστάγματι
3174 3702 3269 3754 τοῦ
3304 3700 3567 3771 βασιλέως
3598 3703 3912 3772 ἀφαιρεῖται
3938 3699 4054 3751 τῶν

2466 3795 2839 3865 ὑπαρχόντων,
2870 3793 3117 3861 φυλακῆς
3148 3794 3328 3863 χάριν.
3375 3791 3440 3845 'H
3470 3792 3525 3844 δὲ
3557 3791 3755 3862 μᾶλλον
3789 3790 3935 3859 ἧσΘη
3974 3789 4055 3859 τῷ

2466 3891 2775 3958 πράγματι,
2810 3888 2902 3939 καὶ
2928 3887 3080 3955 δηλοῖ
3108 3886 3187 3956 τῷ
3211 3886 3423 3956 βασιλεῖ
3452 3885 3610 3956 ῥῆσιν
3643 3883 3922 3954 Θαύματος
3957 3883 4057 3935 καὶ.

2471 3982 2690 4051 μνήμης
2725 3980 2998 4045 ἀξίαν.....

2610 4074 2835 4127 Λείπει.

2666 4164 2842 4226 Εὐθὺς
2880 4159 2975 4217 οὗν
3023 4164 3167 4234 ἥσθη
3219 4166 3247 4215 ὁ
3296 4161 3571 4232 βασιλεὺς,
3621 4161 3717 4213 καὶ
3760 4160 4059 4215 ἀποδίδωσι

2472 4256 2634 4310 πάλιν
2661 4254 2727 4307 τα
2758 4254 2977 4323 ἑαυτῆς.
3029 4253 3094 4307 'H
3126 4254 3182 4306 δὲ
3213 4252 3477 4316 λαϐοῦσα,
3513 4250 3687 4305 ταῦτα
3719 4249 3819 4320 μὲν
3849 4249 4063 4319 ᾠκονόο

2476 4366 2650 4421 μησεν
2678 4350 2759 4402 ὅτι
2786 4348 3041 4416 μάλιστα,
3072 4348 3167 4399 καὶ
3197 4346 3327 4415 πρὸς
3354 4344 3452 4415 τὴν
3479 4346 3715 4412 ἄσκησιν
3737 4342 4063 4407 ἀποδύεται,

2475 4444 2566 4495 καὶ
2596 4442 2712 4511 μετ’
2745 4441 2947 4509 ὀλίγον,
2978 4442 3098 4502 ταῖς
3119 4439 3389 4500 διακόνοις
3418 4440 3516 4508 τῆς
3534 4436 3863 4504 Ἐκκλησίας
3889 4437 4066 4502 ἐγκα-

794 4555 1082 4594 numerum
1127 4537 1564 4591 diaconissarum
1597 4533 1873 4587 Ecclesiae.
1908 4530 2013 4585 Sed
2047 4546 2113 4583 ne
2140 4530 2218 4584 sic
2250 4529 2356 4616 quoi-

2474 4533 2783 4599 ταλέγεται.
2843 4531 2985 4584 Ἀλλ’
3035 4530 3158 4583 οὐδὲ
3211 4528 3349 4598 αὕτη
3403 4529 3510 4581 τῶν
3557 4527 3819 4597 Θεοφίλου
3868 4527 4067 4581 δεινῶν

793 4631 913 4684 dem
948 4632 1123 4698 potuit
1146 4627 1377 4681 evadere
1403 4626 1591 4697 gravia
1634 4624 1771 4679 retia
1797 4622 2112 4691 TheOphili,
2148 4636 2273 4673 cum
2302 4622 2369 4671 il-

797 4721 901 4773 lius
936 4718 1358 4787 hospitalitatem
1396 4714 1711 4787 ignominiae
1758 4713 2043 4768 materiam
2098 4711 2374 4779 acceperit

798 4814 903 4866 iste
944 4813 1052 4865 Deo
1085 4811 1316 4864 invisus.
1354 4809 1469 4878 Ipsa
1517 4816 1643 4877 post
1698 4807 1900 4861 multos
1931 4820 2120 4860 curam
2158 4818 2377 4871 quoque

799 4904 973 4971 gessit
1002 4901 1265 4963 Nectarii,
1300 4909 1356 4952 nt
1400 4916 1521 4969 qua:
1559 4900 1677 4954 suis
1722 4896 2001 4959 manibus,
2045 4895 2265 4965 quando
2309 4894 2376 4946 ad

801 4995 968 5049 Deum
998 4994 1256 5059 excessit,
1290 4994 1412 5062 ejus
1438 4993 1574 5047 texit
1605 4994 1817 5046 oculos.
1854 4990 1974 5060 ipsa
2012 5003 2231 5058 quoque
2265 4986 2360 5037 Ito-

802 5087 967 5157 spitio
997 5101 1253 5156 magnum
1293 5084 1596 5153 accipiebat
1622 5084 2099 5152 Chrysostomum,
2127 5079 2176 5134 ei
2209 5078 2377 5131 libum

805 5177 1095 5240 exhibens,
1130 5185 1415 5247 propterea
1446 5175 1591 5246 quod
1625 5190 1732 5230 non
1770 5182 1956 5244 posset
2006 5170 2167 5225 avelli
2192 5183 2222 5223 a
2258 5177 2379 5223 stu—

808 5273 953 5337 diis;
988 5273 1214 5342 ipscque
1242 5286 1363 5326 eam
1399 5272 1453 5323 in
1501 5270 1745 5325 secundo
1788 5283 1889 5323 suo
1926 5266 2123 5321 exsilio
2165 5264 2382 5319 duobus

806 5365 1058 5436 epistolis
1090 5370 1173 5417 est
1211 5374 1553 5434 prosccutus.
1598 5360 1702 5416 Sed
1734 5363 1847 5415 lucc
1877 5360 2096 5430 quidem
2143 5365 2328 5428 postea
2366 5372 2380 5410 :

810 5460 991 5513 veniat
1028 5464 1210 5510 autem
1272 5455 1449 5510 oratio
1501 5454 1567 5509 ad
1636 5455 1711 5517 id,
1775 5452 1921 5524 quod
1980 5459 2066 5507 est
2126 5448 2376 5520 proposi-

813 5562 948 5607 tum.

882 5647 972 5701 25.
998 5644 1130 5701 Post
1147 5643 1419 5716 pontiﬁcis
1446 5635 2003 5697 secundaminsedem
2034 5650 2188 5691 suam
2220 5633 2381 5687 resti-

816 5742 1096 5803 tutionem,
1117 5752 1240 5792 cum
1270 5751 1379 5790 non
1393 5736 1620 5790 multum
1638 5729 2085 5803 pra-tcrlluxissct
2106 5726 2389 5796 temporis,

889 5946 933 5977 "
965 5943 1153 5999 ll‘ett‘.
1185 5959 1234 6007 γ,

2475 4625 2695 4697 ἀρκύων
2727 4625 3030 4694 ἀμέτοχος,
3082 4623 3182 4691 τὴν
3239 4622 3454 4690 ἐκείνης
3522 4619 3863 4689 φιλοξενίαν,
3924 4620 4068 4690 ὓλην

2475 4719 2700 4787 ἀτιμίας
2749 4716 2843 4770 τοῦ
2896 4714 3183 4786 Θεομισοῦς
3239 4714 3543 4785 εἰληφότος.
3597 4712 3749 4784 Αὕτη
3806 4714 3947 4783 μετά
4001 4730 4069 4780 γε

2478 4811 2709 4872 πολλοὺς
2738 4809 3032 4880 θεραπεύει
3063 4808 3367 4877 Νεκτάριον
3398 4807 3587 4878 χερσὶν
3613 4806 3864 4868 οἰκείαις,
3902 4804 4071 4873 ἡνίκα

2481 4902 2619 4971 πρὸς
2647 4900 2780 4954 Θεὸν
2812 4899 3098 4970 ἐξεδήμει,
3140 4898 3210 4951 τὰ
3239 4896 3431 4950 τούτου
3476 4894 3765 4962 καλύψασα
3813 4895 4069 4964 ὄμματα.

2482 4994 2629 5063 Αὕτη
2682 4992 2775 5047 καὶ
2824 4991 2915 5045 τὸν
2976 4991 3149 5062 μέγαν
3208 4989 3403 5055 ξενίζει
3441 4988 3859 5059 Χρυσόστομον.
3916 4986 4075 5060 μάιῖῐι

2480 5086 2796 5155 δεξιουμένη
2844 5084 2932 5138 διὰ
2961 5083 3022 5136 τὸ
3053 5082 3220 5136 αὐτοῦ
3252 5081 3693 5151 ἀπερίσπαστον·
3734 5079 3831 5132 καὶ
3863 5079 4076 5147 ταύτην

2482 5181 2540 5233 ἐν
2574 5183 2639 5249 τῇ
2668 5178 2896 5248 δευτέρᾳ
2941 5174 3107 5229 αὐτοῦ
3142 5174 3330 5245 ἐξορίᾳ
3378 5172 3686 5232 ἐπιστολαῖς
3741 5171 3895 5223 δυσὶν
3942 5170 4070 5222 ἀντ-

2483 5269 2826 5336 εδεξιώσατο.
2890 5266 3051 5321 Ἀλλά
3081 5263 3256 5319 ταῦτά
3304 5280 3395 5333 μοι
3450 5261 3677 5332 ὓστερον
3704 5276 3717 5288 ·
3748 5262 3779 5312 6
3826 5258 3885 5311 δὲ
3916 5257 4080 5326 λόγος

2484 5364 2699 5416 είσιέτω
2729 5359 2864 5432 πρὸς
2892 5360 2952 5413 τὸ
2984 5357 3366 5430 προκείμενον.

2568 5641 2669 5688 κε’.
2700 5630 2854 5687 Μετά
2888 5628 2985 5700 τὴν
3011 5631 3089 5691 εἰς
3122 5628 3212 5682 τὸν
3251 5626 3440 5698 Θρόνον
3473 5623 3734 5693 δευτέραν
3783 5618 4079 5674 ἀποκαιά-

2511 5741 2698 5779 στασιν
2730 5722 2822 5776 τοῦ
2852 5720 3177 5792 ἀρχιερέως,
3227 5715 3425 5790 μικροῦ
3456 5714 3808 5786 διαρρυἐντος
3834 5713 3894 5765 ἐν
3928 5724 4081 5781 μεσῳ
