4188 6456
138 442 210 506 ρει
749 442 1036 503 ORATIO
1076 444 1298 505 XVIII.
1332 469 1397 480 —
1423 445 1809 506 LAUDATIO
1830 448 1887 507 S.
1924 447 2248 510 JOANNIS
2283 452 2701 520 CHRYSOST.

3272 467 3379 532 282

138 562 327 631 γρὸνου,
362 557 682 627 συνεισῆλθε
718 576 771 611 τι
803 559 912 613 τῶν
943 561 1258 627 ἀναγκαίως
1291 562 1560 631 δεομένων
1591 564 1688 633 τῆς

1798 563 1985 618 incidit
2017 567 2246 636 aliquid,
2277 572 2421 637 quod
2462 573 2775 627 necessario
2819 592 2957 647 opus
2991 579 3227 637 habebat
3262 601 3386 641 ecr-

136 652 448 721 διορθώσεως
469 667 482 680 ·
524 653 617 703 καὶ
650 651 760 704 τῶν
788 652 1005 705 οίκείων
1039 654 1216 721 εἴχετο
1250 655 1390 707 κατά
1439 657 1637 726 κράτος
1661 658 1691 707 6

137 747 220 798 τῶν
246 746 502 798 τοιούτων
526 744 846 815 διορθωτὴς,
878 748 973 798 καὶ
1000 744 1157 808 αὖθις
1191 748 1222 816 ἡ
1260 746 1473 816 βασιλὶς
1502 748 1571 801 δι’
1593 749 1691 817 6p-

136 840 217 906 γῆς
248 838 486 906 σσοδρᾶς
526 838 605 907 τῷ
633 839 853 905 ποιμένι
902 838 1247 906 καθίστατο..
1280 840 1345 892 El
1402 858 1485 903 τις
1536 842 1690 911 ὑμῶν

136 927 219 983 eiei:
240 932 332 983 τὸν
360 932 639 1000 ἀργυροῦν
662 931 977 1001 ἀνδριάντα,
1008 932 1100 985 καὶ
1132 932 1230 993 τὰς
1259 933 1532 1002 δημώδεις
1568 936 1692 986 ἐκεῖ

136 1026 350 1086 παιδιὰς,
383 1024 596 1077 καὶτοῦ
627 1024 770 1077 θείου
802 1024 964 1093 δόμου
1029 1026 1121 1076 τὸν
1152 1024 1398 1096 θόρυϐον,
1434 1028 1529 1079 καὶ
1584 1027 1686 1096 τὴν

138 1116 405 1183 ἀκοσμίαν,
440 1113 579 1167 οἶδεν
617 1115 645 1167 6
669 1116 833 1183 λέγω.
878 1116 1046 1169 Πάλιν
1078 1115 1170 1168 οὖν
1199 1117 1409 1184 ἀγῶνες
1440 1116 1500 1180 ἐξ
1539 1116 1691 1184 ἀγώ-

137 1228 238 1273 νων,
278 1210 378 1262 καὶ
439 1208 652 1261 σύνοδοι
705 1211 848 1263 κατά
900 1209 993 1262 τοῦ
1054 1210 1375 1281 ἀρχιερέως.
1427 1210 1690 1265 Γινώσκει

138 1303 277 1355 ταῦτα
317 1305 348 1355 6
372 1302 725 1371 διωκόμενος,
768 1303 863 1355 καὶ
896 1304 996 1372 τὴν
1036 1304 1362 1375 περιϐόητον
1412 1306 1692 1374 ἐκτίθησιν

136 1395 349 1462 ὁμιλίαν,
402 1394 596 1448 Πάλιν
635 1394 909 1462 Ἡρωδιὰς
936 1395 1232 1464 μαίνεται.
1283 1396 1539 1450 Ἀνάπτει
1592 1398 1693 1466 τὴν

139 1490 271 1557 μῆνιν
328 1485 488 1539 τοῦτο
539 1488 637 1555 τῆς
684 1486 988 1556 βασιλίδος·
1043 1490 1137 1542 καὶ
1194 1488 1357 1542 πάλιν
1412 1490 1694 1559 παρρησία

136 1582 226 1642 τοῖς
251 1580 597 1647 κατηγόροις.
660 1579 769 1629 Καὶ
826 1578 1085 1645 Θεόφιλος
1138 1579 1246 1633 ἀπὸ
1303 1581 1401 1650 τῆς
1442 1581 1693 1645 Ἀλεξαν-

134 1662 295 1740 δρείας
330 1669 744 1739 παραγενέσθαι
778 1669 1035 1738 δηλοῦται
1082 1671 1203 1740 μὲν,
1251 1671 1329 1724 ἔτι
1376 1672 1432 1725 δὲ
1484 1672 1695 1725 δειλιῶν

136 1765 157 1815 6
193 1764 415 1826 δείλαιος
460 1763 842 1816 ἀναϐάλλεται.
876 1763 1069 1832 Ὅμως
1129 1766 1427 1836 Ἀρειανῶν
1484 1767 1693 1831 κανόνι,

134 1856 365 1925 καθάπερ
429 1856 588 1924 τόξῳ,
655 1856 1044 1927 χρησάμενος.
1100 1856 1314 1927 βάλλειν
1372 1859 1694 1931 κατατολμᾷ

1794 657 2035 712 rcctioue
2065 677 2077 712 :
2127 669 2181 712 et
2209 676 2310 713 suo
2341 677 2440 730 pro
2484 664 2697 719 viribus
2729 664 2907 723 oflicio
2941 669 3165 728 functus
3203 682 3287 729 est
3315 676 3383 738 is,

1791 749 1884 818 qui
1943 760 2059 803 erat
2103 768 2283 806 rerum
2346 754 2658 823 huiusmodi
2713 772 3030 829 corrector;
3095 774 3148 819 ct
3191 782 3385 823 rursus

1792 844 2111 909 imperatrix
2149 844 2253 897 fuit
2294 844 2451 899 valde
2482 847 2617 903 irata
2645 851 2877 919 pastori.
2906 851 2961 906 Si
2987 872 3109 924 quis
3136 868 3377 915 vestrum

1794 935 1901 986 scit
1946 947 2259 1004 argenteam
2293 948 2554 1005 statuam,
2586 955 2640 996 et
2681 946 2770 1012 qui
2807 946 2917 1000 illic
2967 947 3169 1004 fiebant
3225 954 3385 1010 ludos

1793 1023 2079 1090 publicos,
2122 1036 2175 1078 et
2226 1029 2469 1081 divinam
2524 1031 2693 1086 aedem
2748 1037 3081 1092 contumelia
3111 1040 3383 1108 affet-law,

1795 1116 1901 1169 scit
1931 1119 2074 1185 quod
2103 1118 2248 1171 dico.
2285 1119 2500 1177 Rursus
2529 1138 2659 1193 ergo
2688 1129 2987 1183 certamina
3024 1147 3089 1185 ex
3126 1138 3385 1188 certami-

1794 1206 1977 1270 nibus,
2005 1216 2059 1260 et
2085 1210 2277 1275 synodi
2301 1210 2567 1267 adversus
2588 1214 2925 1283 pontificem.
2955 1216 3080 1275 llaec
3099 1227 3386 1293 cognoscit

1796 1297 1843 1351 is
1884 1313 2045 1367 quem
2098 1304 2590 1369 persequebantur,
2646 1316 2700 1361 et
2739 1309 3074 1365 celebratum
3129 1316 3279 1370 illum
3330 1327 3385 1371 ct

1795 1389 2065 1460 insignem
2099 1392 2265 1448 habet
2294 1410 2602 1452 sermonem
2636 1417 2648 1452 :
2686 1399 2891 1455 Rursus
2924 1402 3055 1471 [urit
3097 1404 3383 1464 llerodias.

1795 1482 1911 1533 Hoc
1941 1485 2190 1536 aeeendit
2215 1487 2351 1539 iram
2388 1487 2776 1556 imperatrieis,
2808 1502 2861 1545 et
2898 1509 3089 1549 rursus
3117 1496 3285 1551 libere
3321 1516 3383 1551 ac

1796 1570 2142 1627 conﬁdenter
2186 1585 2357 1645 agunt
2417 1590 2789 1633 accusatores.
2822 1580 2886 1657 Et
2917 1581 3228 1653 Theophila
3259 1590 3382 1656 qui-

1797 1661 1918 1715 dem
1952 1665 2314 1735 signilicatur,
2351 1678 2408 1723 ut
2439 1670 2621 1725 veniat
2654 1672 2987 1728 Alexandria
3022 1694 3035 1740 ;
3074 1678 3167 1731 sed
3206 1680 3386 1733 adhuc

1799 1752 2001 1807 timens
2041 1754 2218 1809 differt
2267 1758 2480 1813 infelix.
2530 1762 2735 1816 Ariano
2785 1772 2965 1820 tamen
3008 1781 3221 1823 canone
3261 1780 3380 1824 tan—

1799 1860 1961 1914 quam
1988 1862 2117 1901 arcu
2148 1865 2303 1911 usus,
2351 1852 2513 1906 audet
2548 1868 2670 1907 eum
2708 1854 3092 1926 ferirejaculis
3120 1876 3184 1914 ex
3236 1871 3386 1916 atra-

136 1949 411 2017 τοξεύμασι
441 1952 550 2011 τοῖς
586 1950 649 1999 ἐκ
692 1949 940 2017 μέλανος.
985 1951 1096 2018 Τῆς
1142 1950 1199 2003 δὲ
1254 1950 1416 2019 βολῆς
1464 1952 1524 2004 τὸ
1573 1954 1692 2005 ἐκεῖ

1799 1944 2007 1990 ηιοιιιο.
2051 1938 2249 1994 Certus
2294 1950 2498 2008 autem,
2533 1947 2708 2012 jquem
2756 1946 3087 2012 aﬂerebant,
3141 1962 3261 2007 erat
3300 1955 3386 2007 hic

133 2040 339 2109 καίριον,
374 2041 455 2091 ὅτι
484 2040 605 2108 δίχα
637 2040 854 2093 συνόδου
898 2041 927 2092 6
965 2042 1314 2110 καθαιρεθεὶς
1363 2045 1428 2113 τῇ
1484 2044 1687 2113 ἐκκλη-

136 2132 211 2201 σίᾳ
237 2134 606 2202 εἰσέῤῥευσεν.
671 2126 765 2194 Οἷς
797 2132 1034 2203 ἐντυχὼν
1074 2136 1101 2185 6
1132 2134 1272 2197 θεῖος
1330 2129 1481 2198 οὗτος
1529 2136 1691 2206 ἀνὴρ,

134 2225 211 2274 καί
232 2223 664 2293 διεριιιτώμενος,
697 2222 833 2277 Ὑπὸ
860 2222 1124 2293 βασιλέως
1151 2224 1441 2296 ἐξηλάθην,
1466 2226 1697 2295 ἀπεκρί-

133 2330 257 2377 νατο,
286 2314 381 2365 ὑπ’
413 2313 580 2366 αὐτοῦ
613 2313 877 2383 βασιλέως
911 2315 1007 2366 καὶ
1052 2313 1380 2385 ἀνεκλήθην.
1446 2316 1511 2366 Ὃ
1566 2331 1695 2367 συνο

133 2407 285 2457 εδόκει
320 2406 425 2475 μὲν
462 2407 600 2468 τοῖς,
646 2406 762 2458 ὅσοι
812 2406 909 2458 τοῦ
962 2405 1123 2476 ὀρθοῦ
1172 2409 1262 2459 καὶ
1292 2407 1561 2477 κρίματος
1601 2408 1696 2460 καὶ

132 2497 462 2565 φρονήματος
484 2511 497 2526 ο
534 2495 630 2546 καὶ
660 2496 687 2546 6
717 2494 971 2563 βασιλεὺς
1003 2496 1375 2549 συνεπείθετο.
1415 2498 1692 2565 Ἀνταγω-

132 2588 395 2654 νιξόμενον
441 2586 521 2650 δὲ,
583 2586 956 2656 προσενώπιον
1004 2585 1098 2639 τοῦ
1142 2588 1432 2657 βασιλέως,
1481 2588 1540 2640 τὸ
1588 2588 1694 2641 τῶν

128 2679 441 2750 κακούργων
476 2680 736 2748 κηφήνων
768 2681 994 2731 ἐκείνων
1027 2680 1254 2748 σμῆνος,
1293 2680 1694 2752 διεμφόϐειτὴν

129 2771 303 2823 ἑαυτοῦ
337 2772 706 2839 ματαιότητα.
745 2770 1059 2841 Εἱσηγεῖταί
1090 2789 1173 2835 τις
1200 2772 1430 2825 ἐνταῦθα
1464 2774 1479 2843 ζ
1512 2774 1692 2826 Ἐλπί-

128 2864 221 2925 διος
246 2862 302 2914 δέ
338 2864 514 2926 ἐστιν,
546 2864 575 2913 6
597 2861 699 2931 τῆς
734 2863 791 2913 ὲν
810 2863 982 2933 Συρίᾳ
1003 2864 1348 2935 Λαοδικείας)
1382 2865 1694 2935 θαυμασίαν

130 2952 281 3017 δντως
311 2956 629 3024 εἰσήγησιν,
663 2955 754 3023 Μὴ
796 2953 1180 3024 θορυϐώμεθα,
1212 2955 1409 3023 λέγων,
1440 2958 1537 3009 ἐπὶ
1592 2958 1687 3011 τοῦ

129 3046 378 3113 βασιλέως
406 3063 420 3077 ·
460 3047 719 3099 ἀπαίσιον
774 3046 919 3115 γάρ·
961 3046 1076 3099 ἀλλ’
1113 3048 1589 3118 ύπογραψάτωσαν
1642 3051 1690 3102 οί

127 3138 411 3207 κατήγοροι
442 3138 529 3189 ὅτι
561 3136 848 3205 ὁμόπιστοι
879 3136 986 3190 τῶν
1020 3138 1334 3208 ὲκθεμένων
1365 3141 1457 3192 τὸν
1492 3142 1695 3195 κανόνα

1794 2029 1963 2093 ictus,
2014 2034 2160 2100 quod
2202 2032 2411 2103 absque
2463 2038 2695 2106 synodo,
2745 2039 2839 2107 qui
2898 2050 3016 2094 erat
3062 2042 3383 2112 depositus,

1798 2121 2093 2191 irrupi~set
2130 2126 2179 2178 in
2216 2127 2549 2191 ecclesiam;
2582 2146 2722 2199 quos
2753 2147 2878 2186 eum
2910 2135 3261 2190 convenisset
3297 2139 3386 2193 hic

1797 2214 1883 2267 vir
1930 2217 2148 2273 divinus
2192 2229 2245 2272 et
2292 2218 2361 2273 ab
2410 2220 2490 2274 eis
2532 2221 2985 2291 interrogaretur,
3034 2228 3323 2294 respondit
3368 2247 3383 2283 :

1797 2303 2075 2376 Expulsus
2110 2307 2188 2361 fui
2218 2309 2287 2363 ab
2318 2309 2668 2379 imperatore,
2710 2312 2785 2366 fui
2809 2314 2973 2368 etiam
3001 2327 3292 2372 revocatus
3321 2322 3387 2373 ah

1798 2398 1920 2467 ipso
1976 2399 2327 2469 imperatore.
2391 2402 2546 2467 Quod
2609 2404 2865 2473 placebat
2913 2406 3137 2476 quidem
3184 2411 3252 2462 iis
3294 2413 3384 2480 qui

1798 2498 1953 2544 erant
1988 2491 2121 2546 recti
2148 2492 2338 2561 jndicii
2367 2503 2419 2548 et
2447 2498 2756 2560 sententiae,
2787 2506 2840 2553 et
2868 2499 3169 2569 imperator
3199 2503 3265 2557 iis
3297 2518 3389 2558 as-

1805 2581 2203 2646 sentiebatur;
2255 2597 2441 2636 coram
2500 2584 2831 2653 imperatore
2883 2595 3066 2641 autem
3122 2590 3387 2646 adversus

1798 2686 1920 2725 eum
1945 2671 2234 2726 decertans
2264 2673 2628 2739 malignorum
2685 2674 2935 2730 fucorum
2969 2692 3223 2744 examen,
3251 2689 3384 2735 stre-

1799 2764 1912 2833 pitu
1964 2762 2301 2818 obtundebat
2353 2764 2505 2819 illius
2538 2763 2973 2835 simplicitatem.
3013 2766 3169 2823 Tunc
3203 2781 3382 2828 autem

1801 2853 2006 2922 profert
2038 2855 2257 2924 quidam
2311 2856 2380 2927 (is
2424 2872 2553 2911 vero
2593 2865 2712 2912 erat
2765 2856 3050 2929 Elpidius,
3105 2859 3389 2917 Laodieeze

1800 2958 1921 3013 quae
1969 2956 2052 3001 est
2093 2946 2146 3000 in
2184 2949 2343 3017 Syria
2378 2948 2705 3017 episcopus)
2738 2951 3069 3006 sententiam
3095 2953 3255 3022 plane
3288 2958 3387 3010 ad.

1799 3038 2103 3093 mirabilem
2139 3056 2153 3091 :
2190 3038 2267 3093 Ne
2302 3039 2722 3107 tumultuemur,
2765 3040 2966 3111 inquit,
3002 3045 3057 3098 in
3082 3056 3384 3117 conspectu

1800 3130 2146 3198 imperatoris
2183 3148 2197 3196 ;
2231 3129 2382 3185 nefas
2413 3141 2497 3185 est
2540 3133 2685 3186 enim
2717 3151 2731 3187 :
2771 3134 2865 3189 sed
2901 3134 3251 3192 subseribant
3290 3156 3385 3193 ac-

124 3230 443 3297 τνγχάνουσι
467 3243 485 3259 ο
521 3230 613 3279 καὶ
643 3227 826 3279 λύεται
856 3228 915 3280 τὺ
947 3229 1268 3299 ἀμφίϐολον.
1306 3232 1492 3295 Συνεὶς
1524 3231 1616 3287 οὖν
1664 3235 1692 3287 6

1798 3231 2084 3277 cusatores
2144 3239 2202 3277 se
2259 3238 2381 3277 esse
2422 3224 2669 3292 ejusdem
2724 3226 2870 3290 tidei,
2916 3230 3077 3296 cujus
3123 3242 3249 3285 sunt
3291 3233 3385 3304 qui

125 3320 405 3388 βασιλεὺς·
440 3320 521 3390 τῷ
558 3323 740 3391 ῥᾴστῳ
790 3322 885 3375 τοῦ
939 3323 1328 3392 προϐληματος
1383 3325 1482 3396 τὴν
1542 3327 1695 3380 λύσιν

121 3412 205 3464 τοῦ
254 3413 693 3482 ἐγχειρήματος,
768 3411 909 3481 μετά
977 3429 1120 3476 τινος
1182 3416 1537 3485 περιχαρείας
1602 3417 1696 3468 καὶ

122 3504 514 3572 μειδιάματος,
569 3502 758 3567 Οὐδὲν,
812 3504 939 3572 ἔφη,
974 3501 1164 3557 τούτου
1227 3504 1689 3575 λυσιτελέστερον.

120 3598 185 3649 T6
220 3597 276 3651 δὲ
312 3597 719 3667 ἀμφίκρημνον
754 3595 847 3647 τοῦ
892 3596 1269 3666 προτεθέντος,
1323 3596 1532 3664 ίλίγγου
1582 3600 1698 3661 τοῖς

118 3691 443 3760 κατηγόροις
476 3689 696 3755 ἐγένετο
726 3689 1003 3759 πρόξενον.
1036 3690 1098 3741 Οί
1131 3689 1187 3742 δὲ
1216 3690 1452 3759 χείλεσιν
1506 3692 1698 3762 ἄκροις

120 3780 519 3850 ὑπισχνοῦνται
549 3782 667 3851 μὲν,
705 3781 880 3847 ἐξίασι
919 3780 976 3833 δὲ
1016 3782 1164 3835 κενοὶ
1203 3784 1298 3835 καὶ
1327 3782 1622 3855 ἄπρακτοι.

180 3963 293 4028 xg’.
324 3962 560 4016 Τούτων
580 3960 767 4014 ἄλλοτε
790 3960 964 4023 ἄλλως
998 3961 1407 4031 μηχανωμένων
1432 3964 1527 4015 καὶ
1558 3963 1698 4017 κατά

114 4057 303 4119 κύϐους
342 4053 775 4121 πεττευομένων
805 4056 919 4116 τοῖς
950 4054 1299 4123 κατηγόροις,
1337 4056 1504 4123 μῆνες
1556 4073 1698 4121 παρ-

118 4147 383 4199 ίππευσαν
440 4145 598 4197 δέκα.
664 4143 722 4194 Ὀ
763 4143 818 4196 δὲ
852 4144 1058 4212 ποιμὴν
1090 4143 1198 4195 τῶν
1256 4143 1524 4198 εἰωθότων
1578 4146 1697 4199 οὐδὲ

114 4240 273 4311 βραχύ
320 4258 377 4292 τι
408 4237 886 4307 παρελιμπάνετο,
944 4236 1145 4305 μᾶλλον
1195 4237 1293 4307 μὲν
1314 4236 1407 4290 οὖν
1457 4238 1698 4292 ἐπεδίδου

112 4332 523 4403 περισσοτέρως
550 4332 672 4383 ὅσαι
704 4331 929 4399 ἡμέραι.
956 4329 1103 4382 Φιλεί
1133 4330 1241 4401 γάρ
1279 4347 1400 4395 πως
1444 4333 1472 4384 6
1504 4332 1698 4385 ἀκενό-

108 4426 246 4488 δοξος
297 4424 437 4488 νοῦς
494 4424 557 4475 ὲν
610 4424 733 4484 ταῖς
782 4421 1140 4491 περιστάσεσι
1200 4421 1555 4492 χαριέστερον
1592 4423 1700 4475 διαο

109 4518 313 4571 κεῖσθαι
351 4518 459 4569 καὶ
506 4514 857 4585 λογιώτερον.
900 4515 965 4567 Oi
1007 4514 1063 4567 δὲ
1092 4515 1193 4568 οὐκ
1234 4514 1476 4568 ἐδίδοσαν
1530 4512 1697 4569 ὕπνον

108 4614 205 4674 τοῖς
234 4610 580 4680 ὀφθαλμοῖς,
613 4608 673 4660 ού
713 4607 978 4678 κατέσχον
1034 4606 1143 4660 τῶν
1168 4605 1448 4678 μηχανῶν,
1480 4610 1696 4677 πολιορο

110 4700 324 4766 κούντες
346 4698 659 4762 παντοίως,
673 4696 767 4749 τοῦ
782 4695 1167 4765 τροπώσασθαι
1184 4696 1275 4751 καὶ
1291 4697 1695 4769 λαφυραγωγῆ-

110 4807 187 4842 σαι
207 4792 300 4843 τοῦ
318 4787 607 4861 βασιλέως
630 4789 720 4839 τὸν
737 4785 881 4839 νοῦν.
913 4786 969 4838 '0
980 4787 1036 4839 δὲ
1048 4788 1300 4856 βασιλεύς
1320 4788 1582 4855 γενναίως
1599 4790 1697 4859 μὲν

107 4886 333 4954 ἀντεῖχε,
360 4882 467 4935 καὶ
503 4878 815 4932 ἀντετίθετο
853 4879 1015 4949 μέχρι
1042 4879 1204 4943 τινός.
1238 4879 1368 4933 Ὅτε
1402 4881 1459 4934 δὲ
1496 4882 1696 4934 πάντο-

108 4976 189 5028 θεν
226 4976 634 5044 οίχατήγοροι
667 4972 727 5025 τὸ
758 4972 890 5025 ἴδιον
916 4971 1157 5040 ἀσφαλὲς
1219 4975 1695 5044 περιεποιήσαντο,

108 5073 189 5122 καὶ
216 5072 317 5123 οὒκ
350 5068 435 5121 ἔθ’
476 5060 596 5129 οἷός
646 5083 729 5129 τις
758 5060 827 5137 ἦν
966 5066 1104 5135 πρὸς
1131 5066 1231 5136 τὴν
1285 5067 1558 5137 τοσαύτην
1600 5068 1699 5120 ἐπ-

108 5164 405 5217 ανάστασιν
432 5159 541 5214 καὶ
570 5158 1021 5228 ἀντιπερίστασιν
1051 5156 1304 5230 κηρύξων
1339 5159 1370 5231 ἢ
1413 5159 1698 5232 βοηθήσων

108 5256 175 5321 τῷ
206 5255 481 5325 βασιλείῳ
517 5251 623 5314 νοῒ,
666 5252 1222 5321 καταμεμαλάκισται
1262 5253 1355 5305 καὶ
1388 5254 1572 5321 αὐτὸς,
1605 5257 1700 5309 καὶ

112 5348 238 5417 πρὸς
264 5349 329 5401 τὺ
365 5345 669 5414 πολέμιον,
702 5342 1043 5413 ἀνθρώπινόν
1096 5362 1147 5397 τι
1198 5343 1410 5409 παθὼν,
1465 5346 1699 5400 ὑποκλέ-

108 5457 292 5494 τττεται
317 5459 334 5474 ο
368 5441 474 5493 καὶ
512 5438 688 5499 ὅπως,
717 5436 928 5507 τρανῶς
959 5437 1292 5509 διηγήσομαι
1327 5455 1339 5468 ·
1390 5439 1455 5493 Ἦ
1486 5441 1699 5510 μεγάλη

110 5532 207 5585 τῶν
232 5532 474 5602 ἑορτῶν,
496 5531 537 5600 ἡ
568 5527 755 5599 ἡμέρα
783 5527 875 5581 τοῦ
902 5528 1142 5598 Χριστοῦ
1175 5529 1468 5598 γενεθλίων
1492 5534 1696 5603 παρῆν,

112 5644 196 5678 και
218 5628 245 5680 6
285 5624 586 5696 βασιλεὺς,
618 5622 695 5685 ὡς
723 5621 865 5685 ἔθος,
897 5622 958 5674 οὐ
997 5624 1317 5694 συμπαρῆν.
1381 5626 1602 5696 Ἐδήλου
1644 5628 1699 5680 δὲ

111 5720 178 5788 τῷ
208 5719 468 5790 ἀρχιερεῖ
509 5714 593 5785 μὴ
617 5715 884 5784 πρότερον
935 5717 1282 5785 κοινωνῆσαι,
1318 5721 1446 5788 πρὶν
1481 5721 1512 5789 ἢ
1540 5722 1701 5773 αὐτὸν

106 5813 172 5864 τὰ
194 5810 532 5880 ἐγκλήματα
564 5805 961 5860 ἀποδύσασθαι.
990 5807 1145 5860 Οὕτω
1168 5807 1349 5878 διῆλθε
1382 5810 1473 5861 καὶ
1500 5812 1532 5879 ὴ
1566 5810 1700 5861 Τεσ-

98 5904 457 5975 ςεαρικοστήο
514 5900 616 5952 καὶ
650 5898 755 5968 πρὸ
796 5902 925 5966 μιᾶς
957 5899 1050 5953 τοῦ
1082 5903 1269 5971 Πάσχα
1297 5901 1457 5955 πάλιν
1489 5906 1513 5956 ι
1547 5903 1700 5972 βασι-

117 5996 246 6063 λεὺς,
279 5997 448 6067 βιαίῳ
482 5993 603 6046 τῶν
651 5993 969 6064 κατηγόρων
1030 5994 1357 6063 ἐγκλήματι,
1424 5995 1572 6065 δηλοῖ
1627 5998 1691 6048 τὰ

1798 3314 1951 3367 illum
2001 3314 2294 3369 ediderunt
2326 3332 2617 3380 eauonem,
2654 3327 2708 3373 et
2739 3320 2920 3373 soluta
2970 3330 3056 3376 est
3088 3323 3384 3382 dubitatio.

1798 3406 1933 3461 Cum
1970 3422 2098 3477 ergo
2148 3408 2513 3464 intellexisset
2553 3411 2853 3480 imperator
2888 3411 3153 3467 facilitate
3185 3430 3386 3485 prapo-

1800 3501 2018 3555 sitionis
2059 3501 2195 3554 solvi
2246 3502 2295 3555 id
2341 3501 2409 3555 de
2448 3518 2558 3571 quo
2602 3504 2885 3573 agebatur,
2922 3505 3078 3559 lmtus
3120 3514 3174 3559 et
3201 3508 3387 3563 subri-

1800 3592 1937 3646 dens
1978 3592 2113 3647 dixit
2150 3612 2162 3647 :
2220 3592 2367 3647 Nihil
2396 3603 2475 3648 est
2507 3594 2610 3649 hoc
2657 3596 2874 3651 melius.
2908 3596 2964 3650 ld
3009 3605 3189 3652 autem
3237 3602 3384 3668 quod

1800 3694 1917 3737 erat
1950 3683 2315 3753 propositum,
2340 3700 2464 3739 eum
2501 3695 2646 3741 esset
2674 3701 2877 3754 anceps
2900 3729 2915 3753 ,
2945 3688 3125 3745 eﬂ‘ecit
3156 3699 3214 3743 ut
3248 3693 3385 3745 cali.

1799 3782 1991 3842 garent
2027 3782 2397 3829 accusatores.
2440 3774 2506 3828 Et
2534 3784 2666 3831 tunc
2696 3779 2927 3831 summis
2961 3780 3183 3848 quidem
3222 3781 3384 3836 labiis

1800 3866 2151 3935 pollicentur,
2186 3881 2246 3921 re
2271 3874 2452 3921 autem
2489 3867 2689 3921 infecta
2719 3878 2848 3923 tunc
2872 3878 3098 3924 exeunt.

1871 3957 1961 4010 26.
1992 3957 2127 4011 Cum
2160 3957 2274 4011 haec
2307 3959 2444 4013 alias
2480 3959 2638 4013 aliter
2684 3962 3138 4016 maehinarentur
3162 3977 3384 4018 accusa-

1801 4056 1969 4113 tores,
2009 4058 2064 4101 et
2116 4049 2341 4103 tesseris
2388 4050 2796 4118 quodammodo
2850 4051 3122 4115 luderent,
3164 4070 3384 4110 menses

1800 4140 1987 4195 decem
2035 4142 2440 4211 prwterierunt.
2501 4141 2695 4196 Pastor
2742 4151 2926 4197 autem
2983 4161 3051 4200 ne
3109 4147 3381 4200 tantillum

1801 4234 2020 4304 quidem
2095 4234 2544 4304 prmtermillebat
2590 4251 2654 4287 ex
2716 4236 2997 4290 consuetis
3035 4253 3050 4300 ;
3092 4237 3203 4291 imo
3257 4252 3386 4293 vero

1802 4327 2049 4395 quotidie
2079 4327 2250 4396 magis
2301 4341 2365 4380 ae
2398 4328 2570 4397 magis
2613 4327 2918 4397 augebatur
2953 4328 3074 4398 ejus
3111 4331 3382 4385 studium.

1803 4418 1952 4472 Solet
1978 4419 2123 4473 enim
2157 4419 2341 4473 nescio
2369 4434 2479 4487 quo
2508 4419 2673 4472 mmlo
2705 4434 2880 4484 meus,
2912 4436 3034 4490 qum
3065 4431 3218 4476 caret
3243 4437 3382 4478 vana

1801 4511 1995 4582 gloria,
2019 4511 2318 4579 jucundius
2348 4510 2507 4574 allici,
2539 4518 2593 4566 ct
2615 4526 2673 4565 se
2698 4514 2870 4581 magis
2899 4514 3130 4568 rationis
3156 4528 3385 4585 compo-

1803 4614 1908 4658 tem
1944 4604 2238 4658 ostendere
2273 4602 2326 4656 in
2361 4603 2582 4657 casibus
2628 4603 2720 4672 qui
2767 4604 3048 4658 accidunt.
3087 4605 3169 4659 illi
3201 4614 3383 4661 autem

1801 4712 1910 4751 non
1947 4694 2215 4751 dederunt.
2256 4710 2508 4750 somnum
2544 4696 2743 4761 oculis,
2788 4697 2956 4751 nullis
2997 4698 3386 4754 abstinuerunt

1801 4788 2302 4846 machinationibus
2326 4826 2342 4851 ,
2394 4788 2747 4857 imperatoris
2777 4797 3012 4843 tuentem
3045 4790 3383 4852 obsidentes,

1802 4894 1862 4938 ut
1892 4898 2010 4939 eam
2053 4880 2347 4937 funderent
2371 4890 2426 4937 et
2451 4883 2721 4950 captivam
2752 4881 3111 4938 abducerent.
3143 4884 3383 4954 Impera-

1801 4984 1888 5030 tor
1918 4990 2049 5030 vero
2081 4973 2405 5044 aliquandiu
2457 4974 2676 5028 fortiter
2704 4973 2906 5028 restitit
2935 4982 2990 5029 et
3036 4978 3388 5047 repugnavit.~

1800 5065 2029 5131 Quando
2068 5072 2249 5119 autem
2292 5064 2443 5119 omni
2475 5080 2539 5120 ex
2589 5070 2741 5134 parte
2771 5071 2886 5118 tuta
2929 5064 3153 5120 fuerunt
3199 5070 3383 5123 omnia

1801 5156 2247 5223 accusatoribus,
2286 5171 2389 5211 nee
2426 5157 2571 5211 ullus
2604 5155 2707 5211 fuit
2739 5197 2755 5220 ,
2789 5156 2882 5227 qui
2924 5157 3189 5215 adversus
3218 5160 3382 5215 talem

1802 5250 2262 5305 insurrectionem
2299 5258 2484 5319 posset
2506 5250 2741 5318 amplius
2769 5250 3119 5319 imperatoris
3147 5261 3384 5307 mentem

1754 5362 1765 5385 ι
1803 5342 1998 5398 fulcire
2026 5351 2079 5399 et
2119 5346 2168 5399 ei
2201 5358 2360 5414 opem
2390 5342 2556 5406 ferre,
2594 5343 2713 5412 ipse
2742 5358 2965 5413 quoque
2989 5353 3075 5398 est
3115 5346 3383 5409 mollitus,

1802 5447 1857 5494 et
1902 5439 2200 5494 humanum
2236 5438 2366 5502 quid
2413 5452 2632 5507 passus,
2672 5436 2741 5491 ab
2802 5436 3022 5492 insidiis
3062 5438 3238 5493 hostis
3301 5448 3386 5494 est

1803 5533 2233 5588 circumventus.
2257 5529 2445 5585 Dicam
2480 5539 2661 5585 autem
2690 5538 2898 5597 aperte,
2929 5533 3221 5599 quomodo.
3255 5530 3384 5585 Erat

1803 5626 1920 5682 dies
1950 5626 2246 5689 maximus,
2275 5623 2481 5680 Christi
2515 5633 2691 5678 ortus.
2731 5622 3032 5694 Imperator
3065 5632 3270 5687 autem,
3325 5633 3385 5676 ut

1805 5734 1924 5775 mos
1953 5729 2058 5780 est,
2092 5731 2201 5773 non
2249 5717 2413 5773 simul
2438 5717 2649 5779 aderat,
2679 5715 3007 5785 signiﬁcavit
3034 5727 3212 5769 autem
3245 5732 3383 5785 pon-

1805 5814 1955 5875 titici,
2012 5826 2071 5866 se
2118 5826 2228 5864 non
2286 5813 2441 5879 prius
2482 5810 3017 5863 communicaturum
3054 5823 3219 5875 quam
3270 5812 3385 5876 ipse

1804 5905 2033 5959 crimina
2058 5904 2438 5959 diluisset.Sic
2460 5904 2716 5973 praeteriit
2733 5904 2897 5958 etiam
2922 5902 3381 5972 Qttadragesima;

1809 6007 1860 6049 et
1905 5996 1993 6051 die
2028 6011 2137 6049 uno
2167 6008 2289 6049 ante
2315 5995 2555 6057 Pascha,
2590 6010 2783 6050 rursus
2814 5995 3113 6063 imperator
3146 5994 3383 6049 violento
