4188 6456
777 424 883 483 983

2050 421 2244 481 [ΕΘΝ
2259 424 2273 479 l
2289 423 2327 481 δ
2359 422 2817 482 PHILOSOPJII

3927 429 4033 490 ΞΜ

782 546 928 588 motu
961 541 1367 592 accusatorum,
1400 532 1590 585 eadem
1624 531 1911 600 significat,
1939 530 2148 585 addens
2180 550 2192 584 :
2226 531 2354 583 Dine

2466 531 2624 594 αὐτὰ,
2660 534 2939 603 προσθεὶς,
2971 534 3051 586 ὅτι
3074 534 3179 586 Δύο
3207 551 3301 588 σου
3342 533 3786 603 κατεψηφίσαντο
3824 536 4035 590 σύνοδοι

782 638 831 681 te
866 628 1296 679 comlemuarunt
1349 624 1539 694 synodi
1577 642 1588 676 :
1642 638 1749 676 non
1802 640 2021 694 possunt
2066 625 2163 678 tibi
2202 640 2355 679 com—

780 722 1083 771 tnunicare.
1131 716 1271 781 Quid
1326 733 1454 769 vero
1493 724 1678 784 pastor
1719 716 1918 777 bonus,
1945 717 2036 785 qui
2073 717 2350 785 aspiciens

780 808 1036 860 advenire
1095 807 1319 867 bestias,
1372 822 1478 858 non
1511 805 1669 874 fugit,
1721 816 1774 860 et
1814 806 2040 860 dimittit
2071 823 2285 877 gregem
2336 809 2358 859 ?

780 899 927 963 Mihi,
959 898 1159 967 inquit,
1186 914 1219 951 ο
1258 899 1575 966 imperator,
1603 913 1632 949 a
1674 896 1785 951 Deo
1815 896 1916 951 fuit
1949 899 2153 952 credita
2177 900 2356 953 eccle-

694 1000 697 1001 '
779 994 882 1054 sia,
917 1007 1017 1045 nec
1063 991 1132 1044 ab
1160 1006 1221 1044 ea
1264 990 1534 1043 recedam.
1565 990 1659 1045 Sin
1689 999 1867 1043 autem
1898 989 2001 1043 hoc
2036 990 2131 1042 tibi
2178 985 2355 1043 visum

779 1087 872 1146 sit,
911 1085 960 1136 vi
999 1084 1258 1151 expellas,
1304 1098 1373 1135 ne
1404 1084 1652 1135 accusari
1689 1082 1922 1150 possim,
1959 1082 2106 1159 quod
2140 1082 2359 1137 ordines

777 1176 1133 1228 deseruerim.
1182 1174 1338 1238 Quod
1379 1175 1583 1227 veritus
1627 1176 1943 1241 imperator,
1982 1175 2035 1228 in
2083 1190 2243 1243 quem
2280 1186 2358 1246 ty-

782 1265 1064 1318 rannidem
1096 1264 1377 1318 obtinebat
1417 1265 1495 1317 vis
1529 1264 1900 1329 inimicorum,
1925 1281 2046 1318 eum
2082 1280 2205 1318 cttm
2235 1281 2358 1318 eum

779 1368 926 1409 metu
956 1367 1262 1425 separasset
1310 1356 1377 1407 ab
1405 1356 1662 1417 ecclesia,
1701 1356 1868 1425 jussit
1898 1356 2094 1425 degere
2152 1356 2207 1409 in
2246 1358 2361 1425 epi-

780 1458 1009 1517 smpatu
1045 1467 1057 1500 :
1097 1449 1230 1502 illud
1262 1448 1511 1517 cogitans
1547 1448 1690 1517 quod
1728 1451 1773 1503 si
1823 1449 1952 1517 quid
2001 1464 2193 1502 rursus
2233 1464 2360 1502 eve—

782 1542 953 1593 uisset
1003 1541 1369 1608 inopinatum,
1409 1540 1623 1594 facilius
1658 1550 1804 1594 esset
1843 1555 1968 1594 eum
2008 1540 2251 1594 invenire
2295 1538 2360 1592 ad

780 1632 948 1684 Deum
980 1632 1326 1699 placandum.
1361 1632 1451 1686 Sic
1485 1647 1740 1702 maguum
1783 1630 2056 1686 luminare
2098 1631 2358 1699 prohibe-

781 1734 869 1777 tur
917 1724 1099 1776 lumen
1140 1724 1384 1792 preebere
1438 1723 1737 1787 Ecclesiae;
1782 1733 1991 1777 etcum
2024 1739 2217 1777 rursus
2256 1724 2356 1775 im-

781 1813 1016 1880 peratori
1079 1811 1436 1864 exhiberetur
1483 1812 1732 1864 molestia
1798 1810 1868 1865 ab
1907 1812 2357 1873 acettsatoribus,

779 1905 895 1972 ipse
928 1903 1009 1956 eis
1041 1910 1214 1956 totmn
1251 1903 1502 1971 permisit
1533 1904 1846 1962 consilium,
1883 1914 1940 1955 ut
1968 1904 2059 1971 qui
2092 1916 2359 1956 veneran-

779 1998 909 2046 dum
941 1994 1085 2046 diem
1136 1992 1363 2046 Sabbati
1396 1996 1570 2046 sancti
1600 1999 1653 2047 et
1682 1992 1958 2062 pontificis
1987 1993 2243 2062 virtutem
2276 2007 2361 2045 re-

782 2095 1080 2137 vereretur.
1115 2084 1254 2149 Quid
1287 2098 1416 2152 ergo
1448 2083 1636 2137 dicunt
1686 2085 1743 2149 ii,
1789 2085 1990 2154 quibus
2033 2083 2210 2139 fuerat
2240 2098 2363 2152 per-

783 2179 1010 2230 missum
1042 2178 1065 2228 ?
1095 2176 1152 2229 In
1184 2185 1433 2230 nostrum
1462 2187 1647 2243 caput,
1682 2193 1714 2230 o
1749 2178 2065 2246 imperator,
2103 2179 2170 2232 sit
2195 2176 2362 2230 Joan-

780 2268 866 2322 nis
894 2268 1165 2338 drpositio
1198 2285 1213 2332 ;
1256 2270 1430 2321 solum
1477 2268 1587 2321 cito
1625 2270 1949 2336 expellatur.
1994 2267 2208 2323 Rursus
2232 2283 2361 2337 ergo

781 2361 932 2413 nulla
975 2360 1357 2426 interrogatio,
1395 2368 1449 2413 et
1493 2374 1686 2413 rursus
1713 2359 1969 2429 suffragia
2003 2367 2057 2415 et
2088 2360 2208 2413 lata:
2236 2374 2363 2413 sen-

781 2452 983 2505 tentiae.
1018 2449 1148 2515 Qua:
1188 2449 1401 2518 agebat,
1438 2450 1685 2503 sciebant
1716 2465 1906 2504 omnes
1954 2468 1967 2504 :
2005 2449 2362 2505 confunditur

781 2542 1073 2594 universus
1104 2541 1363 2609 populus,
1398 2540 1756 2594 confunditur
1802 2542 1964 2593 etiam
2014 2542 2130 2597 dies
2167 2542 2359 2606 festus,

782 2638 960 2685 metus
1013 2630 1067 2683 in
1123 2630 1301 2700 fugant
1353 2630 1623 2696 eonjicit;
1681 2640 1736 2685 et
1778 2628 2050 2701 fugientes
2094 2633 2276 2686 clerus
2310 2643 2363 2686 et

783 2720 1044 2790 quidquid
1084 2729 1199 2775 erat
1240 2721 1412 2775 fidelis
1454 2723 1638 2791 populi
1677 2731 1944 2776 eteorum
1975 2724 2065 2792 qui
2103 2725 2364 2793 gerebant

781 2814 1168 2882 magistratus,
1201 2812 1446 2866 divinum
1496 2811 1707 2866 Pascha
1752 2815 1805 2867 in
1858 2815 2080 2883 publico
2123 2816 2361 2884 quodam

783 2904 1002 2957 lavacro
1056 2902 1203 2971 quod
1249 2902 1664 2957 Constantianae
1710 2904 1911 2958 dicitur
1938 2947 1952 2969 ,
1992 2907 2360 2971 celebrarunt,

783 2992 1071 3062 vigilantes
1118 2995 1170 3046 in
1213 2995 1360 3073 illius
1406 2997 1586 3048 noctis
1619 2996 2137 3066 glorilicationibus,
2166 3009 2217 3052 et
2245 3014 2361 3064 eos,

2461 625 2555 676 καὶ⁸
2593 623 2871 687 ἀδυνάτως
2895 624 3003 694 ἔχω
3035 620 3173 695 [τοῦ]
3207 625 3534 695 κοινωνῆσαί
3560 641 3660 677 σοι.
3693 624 3757 677 Τί
3784 626 3841 678 δὲ
3870 626 3898 675 6
3919 646 4039 680 ποι-

2464 717 2570 786 μὴν
2600 719 2625 769 6
2655 716 2838 781 καλὸς,
2874 718 2930 778 ὃς
2958 718 3055 785 τὴν
3090 718 3200 771 τῶν
3234 718 3442 788 Θηρίων
3471 718 3689 770 ἒλευσιν
3725 716 3949 790 θεωρῶν
3974 721 4037 771 ού

2461 811 2653 878 φεύγει
2686 812 2780 862 καὶ
2811 809 2909 880 τὴν
2941 810 3176 879 ποίμνην
3206 811 3439 880 ἀφίησι;
3484 810 3629 877 Ἐγὼ
3659 808 3867 871 θεόθεν,
3908 811 4038 881 ἔφη.

2459 898 2503 955 ὦ
2540 901 2784 972 βασιλεῦ,
2815 903 2915 972 τὴν
2950 903 3247 972 ἐκκλησίαν
3282 902 3679 970 πεπίστευμαι,
3710 904 3807 955 καὶ
3831 903 4042 973 ταύτης

2459 995 2558 1047 οὐκ
2592 994 2979 1062 άπολείψομαι.
3022 994 3154 1046 Εἰδὲ
3185 1011 3266 1046 σοι
3302 994 3461 1047 τοῦτο
3493 993 3581 1046 διὰ
3610 994 3911 1063 θελήσεως,
3949 995 4043 1065 βία

2460 1086 2861 1157 ἐξελαθήσομαι
2892 1087 2958 1139 ἵν’
2994 1089 3108 1158 ἀπῇ
3138 1087 3259 1139 κατ’
3290 1088 3424 1155 ἐμοῦ
3455 1086 3799 1153 λειποταξίου
3823 1090 4037 1157 γραφή.

2460 1176 2526 1227 Τί
2556 1177 2611 1229 δέ
2636 1176 2665 1226 ό
2691 1176 3121 1246 τυραννούμενος
3148 1176 3403 1245 βασιλεύς
3429 1194 3445 1241 ;
3479 1176 3557 1246 Τῇ
3591 1176 3682 1246 βία
3732 1175 3842 1228 τῶν
3903 1193 4041 1231 κατ-

2461 1267 2700 1336 ηγόρων,
2734 1270 2871 1335 μετὰ
2921 1267 3072 1327 δέους
3102 1269 3290 1320 τοῦτον
3317 1270 3417 1337 τῆς
3444 1267 3739 1337 ἐκκλησίας
3775 1272 4042 1340 χωρίσας,

2462 1361 2519 1410 ἐν
2535 1357 2610 1423 τῷ
2634 1359 2975 1428 ἐπισκοπείῳ
2998 1358 3204 1426 διάγειν
3232 1360 3571 1412 ἐνεκελεύετο
3595 1376 3609 1391 ·
3636 1362 3805 1413 ἐκεῖνο
3826 1360 4045 1430 διανοη-

2465 1450 2721 1516 σάμενος,
2764 1449 2839 1509 ὠς
2886 1448 2939 1501 εἴ
2966 1450 3028 1515 γέ
3063 1467 3115 1501 τι
3149 1449 3311 1501 πάλιν
3345 1449 3524 1520 συμϐῇ
3579 1449 3686 1503 τῶν
3736 1450 4040 1520 ἀδοκήτων,

2463 1540 2738 1610 εὑρίσκειν
2792 1538 2983 1593 τοῦτον
3036 1542 3113 1603 εἰς
3162 1538 3444 1603 ἐξιλέωσιν
3507 1541 3711 1609 τάχιον.
3780 1538 3977 1603 Οὕτως
4017 1543 4044 1592 6

2467 1632 2638 1703 μέγας
2679 1632 2905 1701 φωστὴρ
2931 1631 3030 1700 τὴν
3070 1632 3395 1700 Ἐκκλησίαν
3429 1632 3695 1686 κωλύεται
3728 1629 4039 1702 6.3609131":-

2462 1724 2558 1779 καὶ
2588 1725 2650 1795 δὴ
2681 1723 2843 1775 πάλιν
2872 1725 3127 1793 παραυτά
3158 1724 3224 1776 δι’
3256 1724 3415 1793 ὄχλου
3439 1724 3723 1791 γινόμενος
3753 1724 3909 1793 παρά
3933 1723 4043 1775 τῶν

2465 1818 2786 1889 κατηγόρων
2822 1817 2850 1868 6
2903 1816 3178 1886 βασιλεὺς,
3238 1816 3422 1877 αὐτοῖς
3472 1812 3570 1883 τὴν
3615 1816 3796 1868 πᾶσαν
3844 1814 4044 1883 βουλήν

2467 1909 2776 1980 ἐπιτρέπει,
2818 1907 2878 1959 τὸ
2909 1907 3135 1977 φρικτὸν
3178 1907 3279 1973 τῆς
3337 1906 3548 1976 ἡμέρας
3591 1905 3686 1959 τοῦ
3716 1906 3862 1988 ἱερεῦ
3902 1906 4045 1958 Σαε-

2466 2001 2632 2053 6άτου
2670 2002 2767 2054 καὶ
2801 2000 2898 2071 τὴν
2932 1999 3134 2070 ἀρετὴν
3165 1997 3260 2051 τοῦ
3291 1998 3595 2069 ἀρχιερέως
3640 1998 4042 2067 διευλαϐούμε-

2464 2111 2574 2157 νος.
2602 2093 2666 2145 Τί
2698 2088 2791 2145 οὖν
2819 2094 2868 2144 ol
2896 2091 3357 2161 ἐπιτετραμμένοι
3385 2092 3581 2157 φασίν;
3618 2090 3739 2142 Ἐπὶ
3762 2088 3860 2160 τὴν
3885 2090 4044 2159 ἡμῶν

2465 2184 2724 2255 κεφαλὴν,
2759 2179 2803 2235 ὧ
2834 2182 3077 2251 βασιλεῦ,
3122 2184 3156 2251 ὴ
3199 2181 3517 2256 καθαίρεσις
3557 2181 3808 2261 Ἇωάνμου
3834 2197 3846 2208 ·
3880 2180 4043 2249 μόνον

2465 2276 2649 2346 τάχιον
2730 2274 3040 2341 ἐξωσθήτω.
3099 2274 3269 2325 Πάλιν
3308 2265 3417 2335 ,οὖν
3466 2272 3694 2342 οὐδεμία
3748 2272 4045 2343 ἐρώτησις,

2465 2369 2557 2419 καὶ
2607 2367 2767 2419 πάλιν
2840 2366 3010 2435 ψῆφοι
3066 2365 3160 2417 καὶ
3215 2360 3541 2432 ἀποφάσεις.
3612 2361 4050 2430 Διαγινώσκεται

2467 2460 2599 2511 πᾶσι
2627 2458 2695 2509 τὰ
2717 2458 2990 2527 δράματα,
3029 2458 3309 2525 συγχεῖται
3348 2457 3456 2519 πᾶς
3495 2454 3718 2537 ὀνλαδς,
3751 2456 4047 2524 ωγχείται

2466 2550 2534 2602 τὰ
2563 2549 2671 2602 τῶν
2703 2548 2927 2618 ἑορτῶν,
2958 2550 2985 2600 6
3013 2548 3177 2617 φόϐος
3211 2546 3387 2617 φυγὴν
3418 2539 3779 2621 ἐμπδιεῖῥιαι
3836 2547 4050 2615 φυγόν-

2464 2658 2555 2703 τες
2581 2642 2609 2694 ὃ
2638 2658 2695 2694 τε
2726 2642 2921 2711 κλῆρος
2976 2643 3070 2693 καὶ
3113 2640 3176 2691 τὸ
3241 2639 3437 2694 πιστὸν
3472 2640 3617 2693 ἆπαν
3650 2639 3745 2692 τοῦ
3780 2639 3913 2693 λαοῦ
3954 2639 4052 2691 καὶ

2466 2734 2572 2786 τῶν
2590 2736 2648 2786 ἐν
2670 2732 3028 2802 ἀξιώμασιπὺ
3052 2731 3192 2783 θεῖον
3217 2731 3406 2801 Πάσχα
3430 2734 3486 2784 ἐν
3502 2731 3743 2801 δημοσίῳ
3793 2733 3899 2785 τινὶ
3927 2732 4051 2783 λουο

2466 2827 2579 2897 τρῷ
2603 2826 3099 2895 (Κωνσταντιαναῖς
3117 2822 3273 2876 τοῦτό
3306 2828 3493 2892 φασιν)
3520 2824 3831 2889 ἐπετέλουν,
3864 2824 3959 2893 τῆς
3989 2840 4048 2875 τε

2467 2917 2659 2978 νυκτὸς
2679 2916 2893 2983 ἐκείνης
2913 2916 3033 2976 ταῖς
3047 2913 3377 2981 δοξολογίαις
3391 2913 3895 2984 ἐπαγρυπνοῦντες,
3918 2915 4049 2977 τούς

2468 3026 2524 3061 τε
2553 3006 2959 3076 κατηχηθέντας
3013 3004 3387 3074 βαπτίζοντες,
3424 3004 3518 3057 καὶ
3572 3005 3641 3057 τὰ
3681 3004 3914 3057 εἰωθότα
3968 3004 4049 3073 τῷ

782 3086 873 3154 qui
927 3095 1082 3138 erant
1131 3087 1407 3141 catecbesi
1464 3087 1720 3151 instituti,
1760 3089 2127 3159 baptizanles.
2175 3099 2229 3145 et
2272 3107 2358 3156 ea,

2468 3098 2643 3168 καιρῷ
2673 3095 3131 3166 λειτουργοῦντες.
3165 3096 3649 3167 Προσαναφέρουσι
3700 3096 3795 3148 καὶ
3860 3094 4050 3149 ταῦτα

782 3194 904 3246 qua:
947 3181 1176 3248 tempori
1236 3181 1589 3245 conveniunt,
1645 3198 1868 3237 munera
1918 3185 2199 3238 obeuntes
2238 3183 2363 3239 lltec

782 3287 1000 3340 quoque
1030 3273 1139 3324 cito
1174 3271 1428 3326 deferunt
1462 3272 1527 3325 atl
1573 3274 1978 3343 imperatorem,
2007 3277 2099 3347 qui
2129 3277 2195 3331 ad
2225 3278 2365 3331 mala

782 3372 940 3415 erant
988 3362 1270 3416 audaces:
1329 3365 1522 3432 partim
1584 3366 1799 3434 quidem
1850 3367 2147 3432 timentes,
2201 3385 2266 3423 ne
2318 3369 2364 3425 si

785 3453 982 3509 fuisset
1042 3455 1326 3523 ingressus
1382 3466 1433 3509 et
1490 3456 1660 3509 solam
1720 3457 2020 3513 invenisset
2075 3460 2364 3514 ecclesiam

785 3546 1103 3614 imperator,
1152 3546 1336 3615 populi
1377 3546 1596 3616 quidem
1632 3560 1991 3619 cognosceret
2035 3550 2366 3606 benevolen-

785 3637 939 3697 tiam,
994 3651 1090 3689 eos
1141 3646 1321 3689 autem
1374 3639 1661 3690 damnaret
1696 3638 1963 3693 invidize:
2008 3642 2202 3708 partim
2240 3658 2367 3695 vero

785 3726 888 3779 hoc
921 3737 1165 3796 agentes,
1206 3737 1493 3793 utomues,
1524 3728 1617 3797 qui
1652 3728 1765 3784 illic
1790 3741 1946 3785 erant
1967 3770 1981 3794 ,
2014 3733 2370 3787 ulcisceretur

785 3820 1101 3887 imperator.
1139 3820 1275 3874 llinc
1314 3832 1594 3891 assumpto
1636 3821 1827 3884 Lucio,
1862 3825 1951 3893 qui
1996 3834 2282 3880 eratseela
2316 3835 2383 3878 ob

784 3912 1056 3964 sententia
1108 3913 1355 3980 gentilis,
1392 3922 1447 3967 et
1479 3929 1545 3967 eo
1569 3929 1730 3983 quem
1757 3916 1860 3968 sub
1891 3930 1950 3969 se
1977 3931 2168 3970 recens
2202 3916 2391 3985 habe-,

788 4003 878 4055 bat
928 4004 1194 4067 exercitu,
1249 4020 1442 4074 nempe
1500 4005 1806 4061 Thracibus
1862 4009 2090 4062 armatis
2147 4010 2370 4061 circiter

784 4094 1222 4164 quadringentis,
1262 4097 1501 4150 secunda
1538 4099 1715 4153 noctis
1755 4098 1938 4168 vigilia
1972 4102 2045 4169 (ο
2090 4116 2209 4167 quae
2255 4100 2367 4166 illic

785 4191 913 4237 sunt
942 4198 1036 4251 per
1064 4200 1335 4239 summam
1378 4198 1685 4258 perpetrata
1718 4191 2033 4253 audaciam,
2068 4208 2187 4262 qua:
2222 4195 2367 4262 quis-

786 4285 909 4323 nam
939 4272 1101 4341 digne
1126 4273 1291 4328 fuerit
1322 4276 1653 4333 lamentatus
1679 4280 1740 4349 ?)
1773 4289 1995 4350 repente
2023 4283 2367 4353 impudenter

787 4363 1127 4430 irruperunt,
1158 4373 1210 4418 et
1242 4381 1337 4434 per
1362 4366 1572 4422 medias
1614 4372 1807 4426 turbas
1846 4374 1910 4426 ad
1946 4384 2170 4428 sanctas
2193 4392 2366 4446 usque

2467 3190 2542 3259 τῷ
2575 3189 2855 3259 βασιλεῐοί
2884 3186 3151 3256 τολμηταὶ
3180 3184 3288 3239 τῶν
3314 3184 3522 3252 κακῶν,
3552 3186 3711 3240 τοῦτο
3741 3186 3861 3255 μὲν,
3886 3186 4052 3239 δεδιό-

2466 3298 2552 3341 τες
2592 3281 2663 3350 μή
2706 3297 2821 3342 πως
2864 3278 3122 3333 εἰσελθὼν
3160 3279 3255 3332 καὶ
3293 3278 3463 3347 μόνην
3490 3278 3667 3348 εὑρὼν
3695 3278 3794 3348 τὴν
3841 3280 4051 3350 ἐκκλη-

2470 3374 2589 3424 σίαν
2620 3374 2647 3423 ὁ
2687 3368 3061 3441 βασιλεὺςτῆοὖ
3087 3370 3216 3423 λαού
3249 3370 3348 3440 μὲν
3400 3370 3499 3440 τήν
3545 3370 3758 3441 εὔνοιαν
3814 3373 4049 3441 διαγνῷ,

2436 3465 2568 3537 ,τῆς
2597 3456 2908 3533 βασκανίας-
2941 3463 2995 3515 δὲ
3031 3463 3211 3516 αὐτῶν
3258 3461 3531 3531 καταγνῷ.
3582 3461 3740 3514 τοῦτο
3795 3462 3883 3524 at:
3911 3464 4051 3533 πρὸς

2470 3556 2681 3625 ἄμυναν
2711 3555 2817 3607 τῶν
2843 3556 2960 3607 ἐκεῖ
3016 3554 3231 3607 πάντων
3275 3554 3527 3621 γενέσθαι
3557 3552 3646 3605 τὸν
3676 3552 3903 3622 βασιλέα
3937 3571 4051 3608 πα-

2473 3647 2921 3719 ρασκευάζοντες.
2996 3646 3274 3699 Ἐντεῦθεν
3326 3645 3583 3707 λαϐόντες
3637 3646 3727 3696 τὸν
3788 3646 4050 3707 Λούκιον,

2472 3741 2530 3803 ὃς
2559 3736 2627 3811 ἦν
2672 3738 3071 3811 Έλληνόφρων,
3094 3739 3186 3791 καὶ
3221 3738 3317 3807 τὴν
3342 3737 3436 3789 τοῦ
3462 3738 3552 3789 ὑπ’
3592 3737 3757 3790 αὑτὸν
3807 3740 4051 3807 στρατοῦ

2473 3833 2750 3900 νεολαίαν,
2770 3831 2987 3900 Θρᾷκας
3020 3829 3266 3898 ξιφήρεις
3299 3828 3429 3880 ὡσεὶ
3474 3828 3888 3896 τετρακοσίους,
3930 3829 4053 3881 δευ-

2470 3922 2603 3990 τέρᾳ
2630 3895 2981 3988 φυλακῇ-τῆς
3013 3895 3209 3981 νυκτδς
3233 3916 3300 3984 (ὣ
3343 3917 3449 3968 τῶν
3483 3895 3599 3968 ἐκεί.¹
3638 3916 4051 3986 τολμηθέντων,

2469 4014 2505 4068 ἃ
2552 4014 2633 4077 τίς
2670 4012 2937 4083 Ἱερεμίας
2990 4012 3154 4075 ἀξίως
3208 4010 3593 4082 θρηνήσειεν;)
3639 4011 3904 4078 αἰφνίδιον
3930 4011 4054 4064 ιτα-

2473 4104 2591 4175 μῶς
2668 4103 3054 4172 εἰσεπήδησαν.
3106 4101 3217 4156 Καὶ
3262 4101 3636 4170 διασχίσαντες
3685 4101 3811 4163 τοὺς
3856 4102 4054 4171 ὄχλους

2470 4194 2741 4264 χωροῦσιν
2779 4192 2923 4245 ἔνδον
2963 4192 3073 4244 τῶν
3126 4193 3295 4259 ἁγίων
3350 4192 3581 4255 ὑδάτων,
3632 4192 3905 4244 κωλύουσι
3940 4193 4054 4246 τῶν

2473 4287 2797 4357 μυουμένων
2842 4285 2942 4355 τὴν
2975 4285 3128 4338 θείαν
3174 4288 3588 4353 μυσταγωγίαν,
3624 4285 4052 4338 ἀντιτάσσονται

2472 4381 2583 4441 τοῖς
2612 4378 2901 4440 διακόνοις,
2939 4376 3037 4429 καὶ
3060 4373 3128 4447 ἦν
3163 4377 3289 4428 ἰδεῖν
3316 4376 3618 4446 ἐκχεόμενα
3646 4378 3714 4430 τά
3739 4376 3849 4429 τῶν
3884 4377 4053 4428 θείων

786 4466 959 4520 aquas
979 4454 1303 4519 procedunt,
1327 4458 1624 4525 prohibent
1647 4460 1958 4515 divinorum
1984 4466 2363 4533 mysteriorum

2477 4469 2758 4539 συμεόλων
2803 4470 3106 4540 μυστήρια·
3157 4469 3379 4521 παίουσι
3431 4469 3687 4539 ῥοπάλοις
3730 4467 3830 4531 τὰς
3871 4469 4053 4541 κάρας

787 4544 1237 4610 celebrationem,
1284 4549 1456 4602 aciem
1506 4558 1725 4605 struunt
1784 4563 1973 4608 contra
2032 4556 2365 4625 ministros;

786 4634 1092 4703 licebatque
1157 4639 1342 4693 videre
1399 4640 1570 4696 effusa
1623 4644 1934 4700 divinorum
1994 4650 2367 4719 symbolarum

787 4729 1072 4798 mysteria,
1108 4730 1390 4801 clavisque
1436 4739 1751 4803 percutiunt
1783 4740 1958 4807 capita
1995 4742 2365 4807 sacerdotum,

786 4822 1058 4889 sanguine
1117 4824 1453 4892 permiscent
1514 4843 1728 4883 sacram
1801 4833 2089 4900 piscinam.
2164 4833 2369 4890 Deinde

785 4913 962 4981 quid?
994 4912 1230 4985 Fugiunt
1248 4932 1439 4973 omnes
1474 4936 1487 4971 :
1530 4921 1841 4977 miserabile
1878 4926 2247 4992 spectaculum
2278 4927 2365 4993 iis,

786 5004 880 5072 qui
913 5006 1025 5060 illic
1081 5016 1238 5060 erant
1270 5009 1499 5064 detenti.
1550 5011 1682 5065 Nam
1727 5028 1793 5067 ex
1836 5016 2103 5071 militibus
2146 5019 2364 5085 quidem

787 5100 927 5152 alius
971 5099 1237 5169 virginem
1294 5101 1565 5167 trahebat,
1624 5115 1880 5175 tanquam
1930 5108 2166 5177 pra-dam
2227 5111 2366 5164 bello

787 5199 1000 5258 raptam
1042 5209 1054 5243 :
1104 5191 1244 5246 alius
1293 5202 1472 5246 autem
1518 5196 1768 5259 tunicas,
1821 5199 1963 5252 alius
2008 5214 2138 5254 vero
2180 5201 2366 5256 divina

786 5284 1045 5350 mysteria
1070 5293 1123 5336 et
1162 5300 1289 5339 vasa
1332 5287 1595 5355 pretiosa.
1626 5288 1954 5346 Sacerd'mes
1997 5293 2371 5361 conjicieban-

787 5382 876 5424 tur
914 5374 967 5426 in
1018 5389 1298 5439 carceres,
1347 5380 1762 5447 expellebantur
1822 5383 2203 5453 magistratus,
2262 5384 2369 5440 fre-

786 5465 1008 5532 quentia
1036 5466 1457 5533 proferebantur
1484 5472 1685 5534 edicta,
1702 5478 1755 5526 et
1773 5473 1933 5527 mina:
1958 5476 2369 5530 intentabantur

787 5555 1213 5624 frequentiores,
1240 5561 1641 5630 quaajubebant
1672 5564 1932 5635 abnegari
1965 5566 2193 5623 Joannis
2212 5584 2366 5622 com-

789 5648 1127 5703 munionem.
1154 5650 1259 5703 Sed
1292 5652 1371 5705 sic
1398 5668 1616 5723 quoque
1648 5672 1755 5710 non
1783 5657 2059 5723 cessabat,
2096 5660 2208 5713 imo
2236 5675 2365 5715 vero

790 5740 962 5808 mag‘s
1029 5741 1394 5797 invalescebat
1441 5756 1496 5800 et
1543 5749 2005 5806 corroborabatur
2068 5751 2200 5807 fides

2240 5772 2251 5807 :
2302 5765 2355 5808 et
2390 5756 2669 5824 quomodo
2709 5757 2913 5809 dirtum
2960 5765 3045 5809 est
3086 5756 3138 5809 in
3196 5755 3355 5809 Exitu
3386 5754 3550 5811 Israel
3590 5776 3602 5811 :

2472 4563 2580 4615 τῶν
2609 4562 2821 4630 ἱερέων,
2847 4560 3043 4627 αἵμασι
3066 4560 3295 4630 κιρνῶσι
3319 4560 3420 4630 τὴν
3462 4560 3874 4630 κολυμϐήθραν.
3914 4560 4053 4613 Εἶτα

2471 4654 2557 4717 τίς
2582 4653 2848 4720 Φεύγουσι
2879 4654 3103 4718 πάντες,
3146 4650 3379 4704 ἐλεεινὸν
3414 4650 3589 4722 θέαμα
3617 4655 3729 4715 τοῖς
3756 4652 4055 4723 καταχθεῖ-

2475 4762 2592 4799 σιν*
2630 4749 2659 4799 6
2695 4746 2799 4815 μὲν
2859 4745 2967 4798 τῶν
3028 4744 3377 4816 στρατιωτῶν
3421 4744 3688 4814 παρθένον
3719 4739 3924 4809 εἷλκεν,
3975 4745 4053 4807 ὡς

2473 4837 2718 4907 λάφυρον
2741 4851 2754 4865 ·
2786 4838 2814 4888 6
2838 4835 2892 4887 δὲ
2919 4834 3154 4904 χιτῶνας
3178 4852 3190 4864 ·
3225 4838 3254 4887 ό
3279 4835 3333 4887 δὲ
3361 4834 3479 4887 θεῖα
3515 4838 3789 4905 μυστήρια
3810 4838 3906 4889 καὶ
3938 4854 4054 4889 κει-

2478 4928 2666 4998 μήλια.
2712 4927 2773 4979 Οἱ
2806 4926 2905 4995 μὲν
2932 4929 3095 4997 ἱερεῖς
3136 4929 3192 4979 ἐν
3219 4927 3557 4995 είρκταίς,οἱ
3580 4926 3636 4978 δὲ
3687 4930 3745 4980 ἐν
3795 4928 4048 4999 ἀξιώμα-

2476 5038 2560 5072 σιν
2581 5018 2976 5089 ἀπηλαύνοντο.
3028 5018 3386 5086 Διατάγματα
3430 5019 3654 5088 συνεχῆ,
3707 5020 3764 5072 αἱ
3818 5021 4051 5073 ἀπειλαὶ

2475 5111 2886 5182 συνεχέστεραι,
2952 5111 3050 5180 τὴν
3129 5112 3377 5165 Ἰωάννου
3426 5112 3711 5165 κοινωνίαν
3760 5113 4051 5181 ἀρνεῖσθαι

2475 5204 2930 5272 προστάσσουσαι.
3006 5202 3167 5255 Ἀλλά
3206 5205 3302 5256 καὶ
3354 5202 3527 5273 οὕτως
3573 5205 3634 5256 ού
3686 5207 4047 5275 κατηργείτο,

2476 5293 2674 5364 μᾶλλον
2717 5295 2815 5363 μὲν
2857 5289 2947 5347 οὖν
2995 5293 3354 5363 ἐκραταιοῦτο
3408 5296 3502 5349 καὶ
3557 5297 3931 5364 ἐπεσφίγτετο
3983 5300 4050 5349 τά

2470 5387 2568 5455 τῆς
2594 5386 2851 5449 πίστεως,
2885 5386 3107 5439 κατὰτὸ
3136 5388 3427 5456 εἰρημένον
3476 5390 3533 5439 ἐν
3566 5391 3645 5458 -τῇ
3705 5388 3903 5459 Ἐξόδῳ
3957 5391 4050 5441 τοῦ

2485 5479 2733 5548 Ἰσραήλ·
2813 5481 3005 5533 ’Ὅσον
3059 5479 3417 5532 ἀπέκτεινον
3480 5481 3730 5545 αὐτοὺς,
3794 5481 4051 5536 τοσοῦτο

2468 5572 2719 5632 πλείους
2787 5570 3080 5638 ἐγίνοντο.
3148 5570 3428 5624 Ἐντεῦθεν
3498 5573 3804 5636 Ἰωαννίτας
3855 5575 4052 5635 αὐτοὺς

2467 5663 2879 5732 ἐξωνομάκασιν
2908 5666 2954 5715 οἱ
2981 5662 3300 5734 ἀλάστορες.

3692 5758 3807 5810 Otto
3886 5759 4050 5829 magis

787 5847 875 5883 eos
935 5832 1257 5900 occidebant,
1315 5854 1371 5890 eo
1427 5842 1594 5910 magis
1648 5843 1946 5898 crescebant
1982 5845 2049 5897 ¹⁴⁸.
2092 5844 2226 5900 llinc
2269 5862 2363 5902 eos
2402 5846 2686 5903 Joanuitas
2724 5850 3072 5903 nominarunt
3104 5849 3535 5905 eacorlmmones.

862 5947 906 5977 ’⁸
938 5946 1105 6000 Exod.
1142 5963 1176 6012 Ι,
1212 5948 1293 6002 12.
