4188 6456
133 350 245 415 935

794 347 1080 408 ORATIO
1124 345 1340 405 XVIII.
1379 368 1442 377 —
1486 338 1873 404 LAUDATIO
1904 338 1967 398 Β.
2008 335 2329 395 JOANNIS
2365 335 2773 394 CHRYSOST.

3308 332 3417 397 286

208 462 323 520 κζ’.
378 458 619 519 Ἔξεισιν
664 459 693 508 6
744 456 996 525 βασιλεὺς
1048 457 1185 526 μετά
1220 453 1392 507 ταῦτα
1440 450 1723 521 γυμνασίοι

1914 446 2005 497 27.
2058 443 2345 513 Egreditur
2388 455 2505 512 post
2548 444 2658 496 luee
2689 444 3039 512 imperatore
3080 442 3225 511 regia
3251 459 3415 498 causa

133 552 303 617 χάριν
333 548 445 600 τῶν
479 547 790 617 βασιλείων
825 549 918 600 καὶ
950 546 1040 617 βλέ
1053 564 1139 600 πει
1166 547 1227 597 τὸ
1252 544 1435 596 πεδίον
1462 540 1735 614 μακρόθεν

133 636 535 706 λευχειμονοῦν
566 638 679 697 τοῖς
724 637 1127 705 νεοφωτίστοις.
1161 631 1442 703 Θανμάζει
1484 630 1563 699 τῷ
1609 628 1737 680 θεά-

135 747 275 798 ματι
298 771 312 792 ,
343 730 451 797 γῆς
482 728 642 791 ἄνθος
669 727 843 781 δοκῶν
871 728 931 781 τὸ
974 726 1271 797 ὁρώμενον.
1312 725 1588 797 ’Υπῆρχον
1626 720 1735 791 γάρ

132 824 271 891 περὶ
308 821 646 892 τρισχιλίους
689 822 741 875 οἱ
772 820 1141 891 νεοφώτιστοι.
1177 820 1421 891 Διερωτᾷ
1460 819 1515 872 τί
1544 818 1609 871 ἄν
1648 815 1734 885 εἴη

130 914 300 964 τοῦτο
353 912 495 981 (καὶ
559 914 659 983 δρα
700 914 765 982 δή
800 930 890 981 μοι
932 911 1029 979 τῆς
1070 913 1313 982 πονηρᾶς
1354 910 1607 979 γλώσσης
1640 906 1735 976 τὴν

132 1003 468 1071 ἐξαπάτηνγ
488 1003 610 1055 Τῶν
639 1002 984 1072 ἑτεροδόξων,
1013 1000 1244 1072 ἔφησαν,
1275 999 1735 1054 Οὑαλεντινιανῶν

133 1100 293 1145 ἐστιν
324 1098 354 1164 ὴ
378 1094 612 1163 πληθύς.
634 1096 745 1147 Καὶ
772 1096 888 1163 ἃμα
909 1093 987 1163 τῷ
1017 1094 1185 1164 λόγῳ,
1207 1093 1380 1163 λάθρα
1411 1091 1527 1142 κατ’
1554 1089 1733 1142 αὐτῶν

131 1184 389 1253 ὁρμῶσιν
428 1183 619 1255 ἀνδρες
654 1184 927 1255 ξιφήρεις.
962 1181 1071 1237 Καὶ
1098 1186 1164 1236 τὰ
1191 1183 1286 1235 ἐπὶ
1314 1180 1525 1243 τούτοις
1556 1181 1638 1243 τίς
1668 1180 1734 1232 ἂν

134 1276 298 1339 λόγος
337 1274 785 1344 παραδηλὼσειες
816 1275 977 1329 πάλιν
1007 1275 1216 1345 πληγαὶ
1235 1315 1250 1339 ,
1282 1274 1442 1326 πάλιν
1468 1272 1729 1342 βάσανοι,

135 1369 305 1420 πάλιν
334 1369 537 1434 δεσμὰ,
565 1369 727 1422 πάλιν
752 1369 1008 1437 φυλακαί.
1042 1368 1124 1421 Τὰ
1145 1368 1513 1437 δεσμωτήρια,
1539 1366 1733 1433 ἐκκλη-

133 1457 294 1521 σίαι,
344 1458 530 1527 πλήρη
580 1456 768 1527 ὕμνων
816 1461 909 1512 καὶ
955 1456 1305 1525 δοξολογιῶν·
1338 1459 1393 1511 αί
1443 1456 1731 1526 ἐκκλησίαι

131 1550 360 1616 χείρους
399 1548 815 1620 δεσμωτηρίων,
852 1548 1072 1613 ποινῶν,
1108 1548 1390 1617 μαστίγων
1422 1546 1731 1617 πληρέστα-

130 1654 245 1700 ται,
275 1639 372 1690 καὶ
407 1638 816 1707 στρεϐλώσεων.
848 1639 967 1692 Ἔτι
1000 1639 1171 1710 μῆνες
1205 1642 1263 1694 ἐν
1294 1640 1447 1710 μέσῳ
1476 1639 1570 1693 δύο
1594 1681 1608 1705 ,
1639 1641 1732 1693 καὶ

131 1731 157 1779 ὁ
196 1728 459 1796 βασιλεὺς
491 1730 582 1800 βίᾳ
613 1731 879 1795 πεισθεὶς,
907 1731 1057 1802 δηλοῖ
1084 1731 1161 1804 τῷ
1188 1733 1435 1802 ἀρχιερεῖ
1457 1747 1471 1817 ;
1490 1732 1562 1784 Τὸ
1590 1732 1728 1787 κατὰ

132 1821 230 1871 σοῦ
270 1822 381 1873 τῶν
423 1798 528 1876 σῶν
557 1798 888 1894 κατηγόρων
921 1798 1199 1895 ήγπληθῦς
1353 1798 1589 1887 Ἶέαυτοῖς
1632 1828 1728 1878 ἐπ·
1762 1798 1802 1854 Β

132 1915 447 1967 τσπάσαντο
478 1916 673 1986 κρίμα.
698 1916 890 1969 Τοίνυν
922 1917 1086 1979 αὐτὸς
1111 1917 1177 1969 τά
1204 1917 1343 1970 κατὰ
1370 1918 1567 1971 σαυτὸν
1594 1918 1727 1971 ἀνα-

131 2006 245 2069 θεὶς
308 2007 407 2060 ἐπὶ
454 2008 547 2060 τὸν
603 2008 772 2072 Θεὸν,
816 2008 999 2073 ἔξελθε
1046 2009 1144 2080 τῆς
1193 2010 1510 2081 ἐκκλησίας.
1558 2011 1730 2064 Τοῦτο

130 2100 350 2168 τρανῶς
386 2103 416 2153 ὁ
444 2099 589 2171 ίερδς
619 2101 860 2173 ἀθλητὴς
886 2101 1125 2172 δηλωθέν
1158 2103 1429 2171 διαγνοὺς,
1460 2104 1726 2173 παραινέ-

132 2210 254 2255 σας,
289 2193 592 2263 στηρίξας,
621 2194 1005 2264 οἰκοδομήσας,
1038 2198 1107 2248 τά
1131 2195 1395 2249 κάλλιστα
1425 2199 1559 2248 πᾶσι
1592 2213 1725 2266 συμ-

132 2283 591 2352 ϐουλευσάμενος,
618 2285 824 2348 πάντας
840 2287 1338 2356 κατασπασάμενος
1362 2285 1440 2355 τῷ
1464 2287 1605 2357 ἀγίῳ
1636 2289 1727 2340 καὶ

129 2376 437 2445 τελευταίῳ
467 2375 734 2447 φιλήματι
757 2416 771 2439 ,
802 2378 896 2430 τὸν
931 2380 1327 2448 συντακτήριον
1360 2376 1726 2433 ἀποδέδωκεν.

135 2466 253 2519 Ἐτι
283 2467 342 2519 δέ
395 2467 665 2538 παραθεὶς
707 2469 806 2532 τὰς
838 2472 969 2539 περὶ
1016 2468 1115 2540 τὴν
1162 2468 1471 2540 θαυμασίαν
1527 2470 1727 2539 Ὀλυμ-

130 2557 295 2610 πιάδα
316 2559 603 2623 διακόνους
621 2559 731 2612 τῶν
752 2560 1163 2613 εὖλαόεστάτων
1186 2560 1575 2632 πρεσϐυτέρων
1595 2562 1724 2623 τινὶ,

128 2651 225 2719 τῆς
252 2650 556 2719 ἐκκλησίας
584 2651 864 2720 ἐξέρχεται
888 2691 904 2716 ,
941 2653 1289 2714 συνελθόντος
1324 2652 1476 2723 αὐτῷ
1508 2656 1600 2705 καὶ
1627 2654 1719 2706 τοῦ

130 2741 503 2805 φυλάσσοντος
550 2742 783 2809 ἀγγέλου
832 2743 928 2814 τὴν
964 2744 1265 2815 ἐκκλησίαν
1291 2783 1306 2809 ,
1352 2743 1426 2815 μὴ
1466 2745 1722 2815 φέροντος

129 2830 334 2899 ταύτης
383 2833 520 2903 ὸρᾷν
556 2834 656 2904 τὴν
688 2837 944 2905 ἐρημίαν.
990 2831 1100 2888 Ἦν
1141 2836 1252 2907 γὰρ
1296 2836 1447 2889 οὐδὲν
1497 2838 1718 2908 ἄμεινον

129 2924 247 2976 τότε
276 2923 515 2995 θεάτρου
548 2926 869 2997 διακειμένη
892 2969 906 2990 ,
937 2926 1314 2999 κλωθωμένων
1333 2970 1347 2995 ,
1381 2930 1683 3001 τρεχόντων
1702 2970 1717 2995 ,

1839 537 2269 598 exercitationis,
2297 546 2349 591 et
2373 535 2518 589 videt
2549 537 2733 603 procul
2758 551 3010 605 campum
3053 537 3415 591 albescentetn

1839 629 2089 683 candidis
2124 631 2364 684 vestibus
2409 644 2625 688 eorum,
2674 630 2765 697 qui
2801 644 2991 683 recens
3021 637 3180 683 erant
3214 631 3417 682 illumi-

1840 723 1973 775 nati.
2002 720 2078 775 Eo
2118 728 2298 774 autem
2328 720 2647 790 spectaculo
2678 720 2908 773 aflicitur
2939 722 3320 786 admiratione,
3359 730 3418 775 ut

1837 814 1930 883 qui
1964 821 2124 868 terra:
2154 811 2341 865 ﬂorem
2388 820 2606 881 putaret
2635 827 2758 867 esse
2799 812 2851 867 id
2887 814 3032 882 quod
3067 816 3414 869 cernebatur.

1839 905 2007 959 Eram
2040 906 2184 959 enim
2234 919 2423 958 recens
2450 906 2882 961 illuminatorum
2924 905 3026 959 tria
3056 905 3222 959 millia
3257 902 3418 961 cir'ei-

1839 1008 1919 1051 ter
1958 1016 1971 1052 :
2026 1006 2218 1069 rogat,
2264 997 2524 1066 quidnam
2573 997 2675 1051 hoc
2723 999 2814 1053 sit.
2856 999 2989 1053 Vide
3031 1009 3211 1054 autem
3264 999 3418 1053 maia:

1838 1091 2033 1159 lingua:
2059 1091 2461 1160 decrptionem.
2502 1090 2617 1155 Est,
2644 1092 2917 1161 inquiunt,
2960 1093 3415 1147 heterodoxorum

1836 1181 2129 1236 multitudo
2151 1181 2851 1248 Valentinianorum.Quod
2874 1185 3035 1238 simul
3062 1196 3222 1255 atque
3243 1186 3419 1241 dixis-

1836 1282 1975 1337 sent,
1998 1287 2065 1327 ex
2097 1273 2313 1327 insidiis
2342 1275 2394 1326 in
2420 1289 2515 1328 eos
2541 1276 2803 1344 impetum
2831 1274 3040 1328 faciunt
3062 1278 3160 1330 viri
3195 1279 3413 1333 armati.

1834 1364 1965 1430 Quae
1998 1379 2125 1419 vero
2160 1365 2401 1435 posthaec
2433 1374 2562 1419 sunt
2584 1376 2901 1430 consecuta,
2942 1383 3190 1438 quamam
3228 1380 3416 1425 osten-

1835 1456 1976 1510 derit
2000 1458 2177 1510 oratio
2217 1457 2239 1509 ?
2272 1454 2484 1513 Rursus
2521 1458 2710 1527 plagze,
2739 1474 2929 1513 rursus
2971 1468 3264 1522 tormenta,
3295 1460 3417 1514 r'ur—

1835 1563 1929 1603 sus
1970 1548 2222 1612 \incula,
2264 1564 2457 1604 rursus
2497 1549 2787 1603 custodiae.
2832 1550 3090 1606 Carceres
3125 1562 3282 1606 erant
3324 1568 3417 1608 ec-

1833 1641 2015 1696 clesia:
2048 1641 2218 1711 plente
2260 1641 2477 1712 hymnis
2509 1651 2563 1695 et
2596 1640 3086 1712 gloriﬁcatiunibus
3113 1661 3126 1697 :
3170 1644 3418 1701 ecclesia:

1833 1745 1962 1784 vero
2012 1730 2316 1785 deteriores
2374 1732 2711 1795 carceribus,
2774 1732 2975 1803 poenis,
3043 1732 3306 1803 ﬂagellis,
3362 1748 3417 1790 et

1834 1821 2122 1875 tormentis
2151 1821 2501 1890 plenissimae.
2540 1822 2657 1878 Duo
2678 1825 2857 1879 adhuc
2894 1840 3112 1880 menses
3150 1828 3415 1883 interces-

1832 1921 2060 1974 serunt,
2094 1922 2146 1965 et
2181 1912 2477 1982 imperator
2510 1915 2559 1968 vi
2603 1931 2925 1985 persuasus,
2965 1918 3240 1989 significat
3277 1936 3415 1989 pou-

1836 2004 1987 2068 tiﬁci,
2027 2005 2219 2059 dicens
2251 2024 2263 2058 :
2294 2004 2585 2062 Multitudo
2632 2017 2850 2063 tuorum
2881 2010 3325 2066 adversariorum
3363 2014 3415 2067 in

1832 2111 1889 2150 se
1923 2098 2145 2151 attraxit
2175 2098 2224 2150 id
2250 2098 2395 2167 quod
2417 2100 2469 2152 in
2507 2106 2559 2153 te
2588 2099 2689 2151 fuit
2721 2102 3080 2155 constitutum
3124 2102 3413 2169 judicium.

1831 2187 1912 2242 Tu
1952 2205 2082 2259 ergo
2120 2205 2209 2244 res
2256 2200 2379 2243 ttras
2420 2189 2530 2242 Deo
2579 2191 2927 2246 committens
2958 2231 2973 2254 ,
3030 2196 3289 2263 egredere
3351 2212 3411 2247 ex

1828 2281 2083 2335 ecclesia.
2132 2280 2248 2335 Hoc
2295 2298 2417 2337 cum
2459 2294 2645 2352 aperte
2681 2282 2783 2337 sibi
2824 2284 3192 2354 signiﬁcatum
3227 2300 3415 2339 sacro-

1830 2380 2054 2429 sanctus
2103 2374 2466 2431 intellexisset
2511 2376 2735 2441 athleta,
2771 2388 3056 2447 postquam
3108 2379 3414 2444 admonuit,

1828 2465 2176 2519 eontirmavit
2199 2506 2214 2531 ,
2247 2465 2557 2533 aediﬁcavit,
2600 2469 2856 2525 omnibus
2886 2485 3009 2539 qua:
3049 2480 3179 2525 sunt
3210 2473 3414 2542 Optima

1828 2558 2126 2624 consuluit,
2147 2574 2450 2630 omnesque
2482 2570 2566 2615 est
2596 2562 2882 2616 osculatus
2914 2572 3106 2617 saneto
3136 2572 3191 2617 et
3221 2566 3415 2618 ultimo

1827 2648 2038 2711 osculo,
2083 2663 2178 2703 eos
2222 2650 2406 2703 valere
2442 2650 2631 2718 jussit.
2691 2649 2961 2705 Praeterea
3006 2660 3214 2716 autem,
3265 2670 3387 2707 cum

1827 2754 1949 2808 quae
1979 2754 2103 2794 eum
2140 2738 2448 2793 admirabili
2482 2739 2799 2811 Olympiade
2842 2750 3034 2807 erant,
3070 2742 3415 2800 diaconissas

1827 2830 2045 2886 cuidam
2082 2830 2237 2886 valde
2264 2832 2354 2902 pio
2388 2847 2451 2887 ac
2486 2832 2745 2903 religioso
2789 2833 3107 2903 presbytero
3131 2849 3412 2890 commen-

1827 2923 2033 2991 dasset,
2071 2924 2351 2994 egreditur
2375 2940 2439 2979 ει
2467 2926 2729 2991 ecclesia,
2770 2928 2934 2980 simul
2964 2943 3088 2981 cum
3122 2927 3240 2997 ipso
3273 2944 3413 2998 quo-

131 3016 488 3081 ῥοιζούντων,
512 3019 1034 3090 καταμωκωμένων,
1052 3021 1418 3091 διασυρόντων
1437 3022 1529 3075 τὸν
1546 3022 1721 3091 ἅγιον.
1751 3001 1794 3062 C
1828 3030 1934 3083 ll"c
1965 3029 2191 3085 egresso
2227 3016 2444 3085 αηεειο,
2479 3017 2571 3084 qm
2605 3016 2955 3072 θυείοάίεὶιτη
2997 3018 3313 3084 θεείθείίυηι
3354 3030 3413 3073 Uir

127 3106 335 3174 Φρικτά
363 3108 564 3174 ταῦτα,
598 3111 692 3162 καὶ
717 3108 930 3180 θρήνων
966 3110 1166 3179 ἐπάξια
1187 3129 1199 3143 ·
1233 3113 1323 3181 ὑφ’
1355 3104 1429 3165 ὧν
1464 3114 1557 3165 καὶ
1589 3115 1616 3165 6
1640 3113 1727 3166 λό-

127 3216 217 3264 γος
253 3203 601 3269 συμπάσχει,
644 3204 1004 3273 κομματικῶς
1034 3204 1134 3275 τὴν
1169 3206 1389 3275 μνήμην
1422 3205 1711 3277 προὸαλλόο

128 3307 312 3356 μενος.
347 3291 431 3343 Τὰ
462 3292 715 3345 ἐντεῦθεν
747 3296 1100 3365 φρικτότερα.
1146 3296 1235 3348 Ἐν
1273 3298 1409 3367 αὐτῇ
1438 3300 1505 3367 τῇ
1542 3299 1724 3368 ήμέρᾳ

124 3384 219 3450 τῆς
248 3382 347 3436 τοῦ
374 3385 665 3455 φωστῆρος
690 3385 924 3450 διώξεως
953 3387 987 3457 ἢ
1018 3388 1366 3453 καταδύσεως
1399 3389 1641 3443 τοιοῦτόν
1670 3407 1721 3443 τι

126 3474 573 3543 φρικωδέστατον
592 3476 796 3542 γίνεται
819 3493 831 3505 ·
866 3477 1221 3549 Φοϐερωτάτη
1244 3482 1477 3547 φανεῖσα
1503 3479 1562 3549 φ)
1574 3480 1632 3547 ὺξ
1658 3482 1721 3533 ἐκ

126 3566 291 3631 μέσον
326 3565 425 3618 τοῦ
457 3566 647 3636 θρόνου
673 3608 687 3631 ,
736 3570 792 3621 ἐν
888 3569 996 3622 τῶν
1026 3570 1199 3638 λόγων
1240 3574 1268 3624 6
1308 3572 1594 3643 ὑποφήτης
1629 3573 1722 3626 τοῦ

123 3660 281 3728 λόγου
316 3662 418 3725 τάς
448 3661 738 3733 ἐξηγήσεις
771 3664 954 3717 είώθει
986 3666 1190 3732 ποιεῖν,
1219 3665 1485 3737 διαχεῖται
1513 3667 1609 3738 τῆς
1634 3668 1725 3720 ἐκ-

123 3754 354 3822 κλησίας
394 3753 647 3823 ἀπάσης,
676 3754 1098 3826 ἀποδενδροῦται
1150 3756 1286 3826 πρὸς
1330 3756 1464 3827 ὕψος
1493 3758 1581 3812 διὰ
1613 3758 1722 3811 τῶν

121 3847 372 3899 ἁλύσεων
404 3846 537 3916 ἄχρι
582 3846 684 3917 τῆς
715 3848 920 3918 ὀροφῆς
954 3848 1047 3901 τοῦ
1082 3848 1279 3903 κώνου·
1312 3850 1435 3915 καὶ,
1470 3850 1722 3921 καθάπερ

124 3937 233 4006 ἔχις
265 3938 520 4009 γαστέρα
546 3938 816 4006 φαγοῦσα,
846 3940 945 4009 τῆς
968 3939 1262 4009 ἐκκλησίας
1288 3941 1382 3994 ἐπὶ
1403 3941 1571 3996 νῶτον
1593 3943 1721 4011 ἐφέ-

125 4044 245 4095 ρετο
271 4068 287 4090 ,
322 4029 741 4098 σωφρονίζουσα
765 4070 779 4094 ,
832 4030 1288 4101 καταπλήττουσα
1330 4031 1536 4096 πάντας
1557 4074 1571 4097 ,
1614 4032 1721 4085 τῶν

122 4120 415 4191 τολμητῶν
446 4121 805 4190 θεατρίζουσα
833 4122 903 4177 τὰ
929 4123 1278 4194 τολμήματα.
1322 4124 1433 4179 Καὶ
1461 4124 1513 4177 τί
1545 4126 1605 4178 τὸ
1635 4129 1723 4178 ἐν-

120 4211 347 4278 τεῦθεν;
383 4212 723 4281 Ἀπηλιώτου
765 4214 1112 4270 ἐπεισϐάλλει
1141 4215 1298 4286 πνοὴ,
1334 4217 1426 4269 καὶ
1460 4215 1653 4270 θᾶττον
1686 4218 1719 4287 ἢ

119 4301 297 4368 λόγος,
333 4304 428 4355 τὸν
448 4304 545 4373 τῆς
564 4304 872 4375 συγκλήτου
896 4308 1092 4377 βουλῆς
1119 4308 1522 4363 καταόὀσκεται
1545 4305 1715 4365 οἷκον.

119 4388 251 4444 Εἱτα
268 4393 513 4464 διαπερᾷ
534 4394 787 4462 λογικῶς,
806 4391 894 4449 οἷα
916 4398 974 4450 τὺ
996 4397 1128 4469 πῦρ,
1153 4400 1248 4452 ἐπὶ
1279 4401 1377 4464 τάς
1412 4400 1719 4471 βασιλείους

119 4486 288 4547 αὐλάς
317 4501 332 4514 ·
380 4484 625 4556 θάμϐους
683 4482 751 4558 ἦν
799 4489 1068 4555 κατιδεῖν,
1103 4491 1346 4561 ὡσπερεὶ
1378 4492 1586 4562 μεταξὺ
1623 4494 1717 4548 δύο

119 4578 367 4643 πυρίνων
393 4578 598 4647 ὀρέων,
630 4578 723 4633 τὸν
768 4580 868 4650 μὲν
896 4580 1043 4634 ἔνδον
1089 4581 1215 4635 λαὸν
1245 4583 1320 4654 μὴ
1353 4585 1675 4656 λωϐώμενον
1700 4602 1715 4618 ⁸

116 4671 180 4720 τα
199 4669 257 4720 δὲ
288 4670 474 4721 ἐκεῖσε
500 4669 725 4739 δώματα
757 4672 1287 4743 καταδαπανώμενα’
1320 4676 1429 4729 τῶν
1466 4679 1513 4731 θ’
1552 4680 1712 4749 ίερῶν

117 4759 425 4829 κειμηλίων
454 4761 517 4813 τὸ
548 4760 660 4831 πῦρ
690 4761 1003 4833 μὴ,ψαῦσαι
1035 4764 1415 4835 κατατολμῶν,
1457 4770 1551 4821 καὶ
1580 4785 1709 4840 στη-

117 4850 329 4903 λιτεῦον
375 4851 477 4919 τὴν
520 4851 686 4922 ἀλλην
736 4852 847 4906 τῶν
882 4853 1235 4923 συκοφαντῶν
1273 4855 1594 4929 τολμηρίαν,
1654 4860 1705 4912 τί

116 4943 512 5012 τολμησάντων
560 4945 773 5012 autem;
814 4944 935 4999 Ὅτι
961 4946 1029 5000 δι’
1060 4948 1350 5018 ἀφαίρεσιν
1378 4950 1485 5002 τῶν
1514 4950 1708 5021 τιμίων

118 5037 291 5099 ὑλῶν,
333 5035 446 5088 τῶν
484 5036 646 5107 ἱερῶν
695 5038 995 5107 κειμηλίων
1040 5043 1068 5092 6
1118 5041 1295 5111 ἱερεὺς
1344 5043 1703 5113 ἀπελήλαται.

116 5128 223 5179 Καὶ
267 5127 330 5179 οὐ
358 5125 522 5179 τοῦτο
564 5126 724 5196 μόνον
771 5129 789 5198 (
812 5126 857 5180 ὦ
912 5128 1119 5199 τόλμης
1164 5129 1464 5201 ἀνθρώπων
1498 5133 1582 5187 ιῶ
1614 5134 1707 5187 τοῦ

117 5214 426 5282 κρείττονος
460 5214 761 5285 ἀνοχῆςῑ),
795 5216 908 5269 ἀλλ’
954 5217 1034 5271 ἐτι
1080 5220 1332 5291 πονηρῶς
1382 5223 1476 5276 καὶ
1531 5222 1705 5287 ἀθέως

116 5310 223 5367 τοῖς
249 5306 584 5376 κατηγόροις
611 5309 1063 5378 διαπεφήμισται,
1088 5313 1170 5366 ὅτι
1213 5312 1463 5386 Ἰωάννην
1493 5319 1542 5370 oi
1573 5320 1709 5386 ἀγα-

116 5400 325 5462 πῶντες
344 5442 359 5465 ,
395 5400 493 5470 τὴν
527 5399 825 5470 ἐκκλησίαν
852 5402 1184 5475 ἐνέπρησαν.
1216 5406 1397 5477 Τάφος
1423 5410 1707 5481 ἀνεῳγμέ-

116 5506 200 5552 vn;
227 5490 397 5552 ὅντως
429 5492 457 5542 ὁ
486 5490 695 5560 λάρυγξ
724 5492 925 5548 αὐτῶν.

1828 3108 1922 3177 qui
1952 3123 2062 3163 non
2093 3108 2257 3163 ferret
2277 3109 2417 3164 hanc
2445 3108 2630 3164 videre
2660 3110 3033 3165 solitudinem.
3066 3109 3247 3165 Nihilo
3264 3113 3410 3165 enim

1829 3199 2025 3252 melius
2048 3210 2165 3252 erat
2199 3210 2329 3252 tunc
2352 3198 2565 3264 attrecta,
2598 3216 2761 3269 quam
2803 3193 3103 3268 theatrum,
3135 3216 3259 3254 eum
3293 3201 3411 3257 dis-

1827 3301 2133 3352 currerent,
2183 3290 2672 3358 tumultuarentur,
2692 3293 3075 3357 exsibilarent,
3094 3293 3407 3359 irriderent,

1828 3381 2248 3449 maledictisque
2273 3392 2524 3437 sanctum
2559 3385 2919 3440 incesserent.
2954 3383 3094 3440 Sunt
3122 3386 3236 3441 haec
3278 3386 3410 3441 bor-

1828 3473 1996 3527 renda
2036 3480 2089 3527 et
2125 3474 2289 3545 digna
2342 3474 2871 3541 lamentationibus,
2918 3491 2947 3530 a
2993 3478 3191 3547 quibus
3242 3479 3406 3535 simul

1827 3564 1990 3618 etiam
2030 3563 2265 3619 afﬁcitur
2295 3566 2493 3631 oratio,
2535 3581 2656 3635 quae
2684 3581 2874 3623 eorum
2908 3570 3156 3624 meminit
3197 3585 3290 3639 per
3318 3572 3408 3624 iu-

1825 3656 1959 3710 cisa.
1988 3655 2119 3721 Quae
2150 3655 2413 3727 deinceps
2442 3668 2879 3727 consequuntur,
2910 3668 3040 3714 sunt
3076 3659 3249 3730 magis
3280 3661 3408 3715 hor—

1828 3748 2030 3802 ribilia.
2065 3749 2142 3802 Eo
2194 3749 2314 3818 ipso
2358 3749 2447 3802 die
2489 3750 2889 3819 persecutionis
2921 3751 3037 3805 sive
3062 3766 3297 3807 occasus
3321 3754 3405 3806 lu-

1826 3841 2074 3906 minaris,
2110 3842 2166 3894 ﬁt
2198 3841 2303 3895 tale
2332 3840 2465 3910 quid
2497 3842 2734 3895 maxime
2767 3842 3051 3895 horribile.
3092 3840 3409 3898 Terribilis-

1825 3934 1965 3989 sitna
2024 3947 2292 4002 apparens
2328 3931 2543 3985 ﬂamma
2595 3949 2659 3987 ex
2718 3934 2898 3988 medio
2947 3934 3166 4001 throno,
3202 3937 3255 3989 in
3294 3954 3405 4006 quo

1826 4024 1979 4080 verbi
2016 4024 2288 4095 interpres
2318 4024 2531 4079 solebat
2561 4026 2908 4094 interpretari
2942 4024 3284 4097 Scripturas,
3312 4044 3405 4098 per

1829 4117 2140 4171 universam
2210 4115 2539 4170 diﬂ‘unditur
2595 4115 2925 4181 ecclesiam,
2987 4126 3041 4172 et
3110 4120 3403 4173 catenatim

1825 4210 2067 4277 assurgit
2093 4209 2144 4260 in
2186 4207 2531 4261 altitudinem
2567 4221 2741 4276 usque
2774 4206 2842 4261 ad
2869 4216 3073 4263 tectum
3097 4220 3151 4264 et
3178 4211 3404 4280 perinde

1826 4316 1888 4357 ac
1919 4302 2129 4371 vipera,
2158 4316 2280 4371 qua:
2302 4299 2484 4355 exedit
2517 4308 2756 4367 uterum,
2793 4301 2967 4357 fertur
2988 4318 3150 4370 super
3186 4313 3399 4374 tergum

1822 4392 2092 4454 ecclesiae,
2126 4391 2424 4461 castigans,
2479 4389 2805 4459 admonens,
2844 4400 2898 4447 et
2928 4407 3121 4449 omnes
3163 4403 3401 4461 terrens,

1824 4483 2001 4554 palam
2031 4490 2315 4539 ostentans
2347 4482 2585 4537 audaces
2632 4483 2883 4538 homines
2917 4499 2979 4539 ea
3025 4501 3191 4541 ausos
3215 4528 3231 4554 ,
3283 4504 3403 4559 qua:

1821 4593 1930 4632 non
1983 4577 2275 4632 debebant.
2327 4574 2467 4640 Quid
2517 4574 2779 4644 deinceps
2835 4584 2920 4630 est
2964 4588 3323 4634 consecutum
3377 4583 3399 4634 ?

1828 4670 2092 4726 Exoritur
2110 4674 2304 4722 ventus
2330 4665 2688 4731 subsolanus,
2711 4674 2765 4721 et
2788 4667 2936 4721 dicto
2970 4669 3133 4725 citius
3151 4670 3402 4742 depascit

1818 4763 2047 4816 curiam.
2098 4759 2302 4815 Deinde
2346 4759 2508 4831 ignis,
2546 4759 2777 4830 perinde
2808 4776 2871 4815 ac
2909 4761 2956 4816 si
2998 4773 3145 4818 esset
3188 4767 3400 4820 ratione

1818 4853 2101 4924 praaditus,
2150 4852 2352 4907 transit
2403 4852 2472 4907 ad
2526 4852 2707 4906 aulam
2765 4852 2970 4923 regiam
3019 4871 3034 4918 ;
3092 4855 3411 4927 licebatque

1818 4946 2003 5000 videre
2056 4946 2356 4999 tnaximum
2423 4944 2792 5009 miraculum,
2850 4946 3016 5000 veluti
3068 4948 3209 5001 inter
3259 4949 3399 5003 duos

1820 5039 2008 5108 igneos
2040 5046 2276 5102 montes,
2302 5038 2560 5107 populum
2583 5036 2804 5106 quidem
2836 5038 2928 5106 qui
2957 5046 3077 5093 erat
3106 5039 3254 5093 intus
3287 5055 3395 5094 nou

1821 5129 1938 5184 bedi
1977 5147 1989 5195 ;
2044 5129 2236 5184 domos
2273 5140 2453 5183 autem
2485 5143 2606 5198 qua:
2644 5128 2754 5181 illic
2803 5137 2961 5183 erant
2999 5133 3249 5184 consumi
3290 5149 3304 5197 ;
3344 5140 3398 5186 et

1818 5224 1996 5293 ignem
2024 5238 2133 5275 non
2171 5220 2374 5275 audere
2411 5235 2539 5274 vasa
2571 5236 2730 5276 sacra
2763 5230 3006 5290 tangere,
3041 5232 3093 5276 et
3119 5223 3301 5277 invehi
3338 5226 3397 5279 in

1812 5317 1974 5369 aliam
2011 5316 2475 5385 sycophantarum
2512 5313 2799 5368 audaciam
2835 5330 2849 5380 ;
2896 5314 3025 5384 quid
3068 5316 3187 5368 ausi
3237 5325 3395 5369 erant

1809 5409 1995 5464 dicere
2031 5408 2054 5459 ?
2109 5407 2263 5473 Quod
2314 5414 2536 5476 propter
2584 5407 2793 5461 ablatas
2828 5406 3096 5476 pretiosas
3137 5408 3394 5463 materias

1811 5510 1866 5555 et
1903 5515 2032 5555 vasa
2065 5514 2221 5555 sacra
2251 5498 2464 5568 ejectus
2502 5496 2679 5553 fuerat
2716 5497 2984 5580 pontifex,
3012 5498 3123 5553 Nec
3153 5499 3267 5552 haec
3300 5514 3390 5553 so.

119 5584 249 5646 lum,
289 5583 342 5653 (ο
382 5583 668 5638 hominum
711 5587 1034 5644 audaciam!
1072 5605 1106 5646 ο
1142 5592 1537 5663 omnipotentis
1574 5595 1971 5651 tolerantiaml
2010 5595 2027 5663 )
2095 5591 2189 5647 sed
2226 5592 2405 5647 adhuc
2443 5591 2688 5661 improbe
2751 5600 2805 5645 et
2844 5590 3007 5659 impie
3069 5605 3099 5643 a
3137 5590 3399 5660 malignis

119 5691 301 5743 sparsa
320 5685 403 5731 est
431 5675 598 5741 fama,
622 5679 767 5747 quod
789 5679 1162 5749 quiJoannem
1189 5688 1467 5752 amabant,
1497 5698 1822 5744 exusserant
1854 5688 2166 5743 ecclesiam.
2194 5685 2521 5755 Sepulcrum
2550 5699 2734 5738 revera
2759 5692 2949 5754 patens
2966 5691 3152 5753 guttur
3169 5697 3382 5736 eorum.

187 5780 291 5841 κη’.
332 5770 620 5824 Ἀκούεται
654 5773 828 5827 ταῦτα
859 5779 953 5830 καὶ
978 5779 1053 5849 τῷ
1080 5781 1329 5853 ὑπάρχῳ.
1374 5784 1431 5837 Ὀ
1463 5783 1539 5849 δὲ,
1574 5802 1704 5855 φρ⁰⁴

121 5864 223 5917 νῶν
252 5865 311 5916 τὰ
355 5864 627 5935 Ἑλλήνων
651 5907 665 5932 ,
705 5867 872 5940 ταύτῃ
908 5872 1130 5937 πολλοὺς
1164 5876 1263 5943 μὲν
1299 5877 1405 5931 τῶν
1438 5896 1705 5945 προσανα-

1893 5783 1982 5837 28.
2044 5780 2355 5836 Audiuntur
2439 5783 2550 5834 lucc
2612 5796 2830 5850 quoque
2877 5794 2905 5832 a
2971 5780 3245 5848 praefecto.
3296 5777 3389 5831 Ille

1814 5888 2021 5943 autem,
2069 5885 2125 5930 ut
2156 5878 2245 5946 qui
2280 5887 2425 5932 secta
2465 5885 2603 5931 isset
2647 5886 2691 5929 et
2728 5878 2997 5931 sententia
3038 5874 3276 5946 gentilis,
3321 5885 3391 5926 ea
