4188 6456
124 442 221 504 289

757 436 1040 498 ORATIO
1078 436 1299 499 XVIII.
1325 459 1393 469 -·
1433 432 1817 497 LAUDATIO
1840 432 1901 494 S.
1935 432 2255 495 JOANNIS
2293 436 2702 499 CHRYSOST.

3274 441 3379 501 29d

132 548 395 621 κληθῆναι
412 548 503 601 τὸν
525 547 697 613 ᾶγιον.
722 547 836 599 Οὐκ
856 546 1012 600 ἔλαθε
1028 546 1085 599 δὲ
1105 547 1277 599 ταῦτα
1293 543 1391 613 τὴν
1411 544 1667 610 Εὒδοξίαν
1688 560 1703 577 ·

1815 552 2048 597 sanctus.
2083 543 2198 597 Non
2226 544 2504 597 latuerunt
2528 545 2641 599 bare
2671 546 2993 613 Eudoxiam,
3022 564 3145 618 qua:
3176 565 3252 605 or.
3273 555 3383 607 tio-

134 644 164 711 ἧ
206 643 289 710 τῷ
336 640 699 709 πιθανωτέρῳ
737 639 1056 709 χρησαμένη
1106 638 1216 691 τῶν
1263 638 1709 708 ἐπιτηδευμάτων

131 740 143 787 l
157 735 299 799 Ξεινὴ
321 734 433 801 γάρ
455 728 521 801 ἦν
543 733 609 784 τά
634 729 882 797 τοιαῦτα)
906 731 1083 782 πείθει
1104 730 1195 782 τὸν
1216 728 1438 797 βασιλέα
1458 730 1583 791 τοὺς
1603 726 1711 780 ἀπὸ

143 827 363 895 Ῥώμης
387 825 750 894 ἀναμείναντα
771 865 785 888 ,
810 824 895 876 διὰ
924 824 985 875 τὸ
1009 822 1115 875 τῶν
1138 824 1478 892 πραγμάτων
1504 822 1709 889 ἀτάρα-

135 940 220 989 χον
246 922 314 988 (ὦ
346 918 675 988 προφάσεως
707 916 930 977 ἀνοσίας
956 916 997 983 ι)
1041 916 1175 978 τέως
1200 914 1292 967 τὸν
1335 914 1595 983 πρόεδρον
1634 916 1708 984 μὴ

134 1011 592 1067 ἀνακαλέσασθαι·
646 1008 1115 1078 μεταστειλαμένη
1162 1008 1219 1060 δὲ
1258 1006 1431 1075 λάθρα
1486 1007 1706 1077 κατέχει

134 1107 257 1168 τοὺς
291 1106 411 1157 τότε
439 1103 686 1172 λιμένας,
740 1102 836 1153 καὶ
872 1100 1123 1164 Ἀϐυδον,
1170 1100 1263 1153 καὶ
1303 1101 1482 1153 πᾶσαν
1521 1099 1711 1153 διάϐα-

136 1213 237 1261 σιν,
294 1196 424 1256 τοὺς
471 1193 568 1261 μὲν
619 1192 867 1254 ἀνιόντας
906 1190 1213 1259 Ῥωμαίους
1263 1189 1707 1257 ἐγκελευσαμένη

134 1287 454 1355 κακουχίαις
494 1283 590 1337 καὶ¹
621 1281 843 1353 ὕϐρεσιν
866 1279 1324 1349 ἀποπέμψαντας,
1358 1279 1455 1340 τὰς
1486 1278 1544 1330 δὲ
1584 1276 1710 1330 τού-

133 1399 236 1433 των
291 1376 584 1438 ὲπιστολάς
621 1373 865 1443 ἀρπάξαι
918 1372 1011 1425 καὶ
1065 1372 1315 1439 ἀγαγεῖν.
1371 1368 1522 1440 ᾚδει
1576 1368 1707 1438 γάρ,

135 1467 245 1536 ᾔδει
281 1468 313 1535 η
362 1464 501 1533 σοφὴ
548 1461 642 1515 τοῦ
678 1461 1012 1522 κακοῦντος,
1045 1460 1121 1522 ὡς
1162 1457 1568 1527 ἐξεταζομένων
1602 1458 1709 1510 τῶν

136 1555 480 1625 πραγμάτων
520 1550 961 1621 ἀνακληθήσεται
991 1552 1021 1604 6
1058 1549 1368 1621 ἀρχιερεύς.
1402 1549 1588 1603 Ταῦτα
1617 1551 1710 1602 καὶ

135 1648 518 1716 μεμηχάνηται
581 1645 648 1713 τῇ
720 1641 970 1712 βασιλίδι,
1028 1644 1122 1696 καὶ
1184 1642 1357 1713 πέρας
1412 1642 1706 1710 ἐλάμϐανε.

133 1739 471 1805 Κατέχονται
500 1734 607 1803 γὰρ
636 1734 685 1785 οί
708 1732 815 1784 ἀπὸ
848 1731 1069 1802 Ῥώμης
1099 1733 1218 1786 ἐκεῖ
1248 1731 1708 1802 παραγεγονότες,

129 1826 544 1899 φρουροῦνται,
594 1826 687 1876 καὶ
747 1823 1172 1892 κακουχοῦνται,
1230 1822 1591 1876 ἀπαιτοῦνται
1640 1822 1710 1874 τὰ

131 1922 460 1991 γράμματα,
499 1916 853 1970 ἀνθίστανται
887 1918 1160 1981 γενναῖον’
1193 1916 1226 1974 ἡ
1279 1914 1596 1977 ἀντίστασις
1631 1914 1710 1977 είς
1743 1883 1782 1937 Β

131 2014 376 2066 κίνδυνον
406 2010 669 2079 καταντᾷ.
725 2007 834 2060 Καὶ
884 2009 991 2077 γάρ
1049 2024 1133 2071 τις
1171 2006 1376 2071 κλάσας
1419 2009 1512 2060 τὸν
1557 2005 1711 2059 ἀντί-

130 2123 284 2175 χειρα
322 2103 422 2158 τοῦ
461 2102 785 2165 ἐπισκόπου,
830 2101 1070 2172 ἁρπάζει
1113 2101 1209 2153 σὺν
1258 2104 1370 2163 τοὶς
1416 2099 1710 2171 γράμμασι

131 2198 219 2247 καὶ
252 2195 290 2247 ἃ.
328 2193 687 2263 ἐπεφέροντο.
738 2185 873 2245 Εἶτα
912 2189 1229 2244 κολακεύειν
1270 2188 1467 2250 αὐτοὺς
1506 2189 1556 2240 οί
1590 2187 1711 2240 τολ-

133 2286 299 2354 μηταὶ
329 2281 734 2347 ἀναιδεύονται,
766 2279 955 2351 χρυσῷ
1000 2279 1285 2347 διακλέψαι
1338 2279 1398 2330 τὸ
1430 2276 1712 2346 συμπαθὲς

132 2374 639 2446 μηχανορραφοῦσισ
671 2375 765 2428 καὶ
812 2375 993 2428 πάντα
1021 2371 1171 2424 δόλον
1204 2371 1464 2423 πλέκουσι
1498 2371 1618 2439 μὲν,
1650 2371 1710 2422 οὐ

130 2469 377 2522 πείθουσι
404 2467 484 2521 δέ.
516 2467 662 2530 Πῶς,
693 2468 789 2518 καὶ
805 2465 926 2518 τίνα
952 2464 1193 2535 τρόπονς
1237 2462 1403 2517 καλὸν
1429 2462 1525 2515 καὶ
1556 2461 1712 2515 τοῦτο

131 2563 322 2614 εἰπεῖν.
357 2558 575 2619 Παῦλος
627 2558 656 2608 6
700 2557 840 2619 θεῖος
892 2556 1212 2617 ἀπόστολος.
1269 2553 1481 2617 τούτοις
1539 2570 1709 2624 προσ-

131 2652 359 2712 επιστὰς
387 2650 469 2702 ἐτι
506 2649 651 2702 κατὰ
708 2648 806 2718 τὴν
853 2648 993 2701 ὀδόν*
1051 2646 1354 2707 Βλέπετε,
1417 2645 1713 2715 προῦλεγε,

128 2744 250 2810 πῶς
288 2740 688 2812 περιπατεῖτε,
718 2740 801 2805 ὡς
836 2738 1041 2808 σοφοὶ,
1067 2737 1155 2807 μὴ
1182 2735 1262 2803 ὡς
1290 2735 1532 2806 ἄσοφοι,
1563 2735 1715 2790 ειδό-

129 2855 219 2903 τες
246 2838 337 2888 ὅτι
384 2838 445 2889 αὶ
494 2834 706 2903 ἡμέραι
739 2832 999 2900 πονηραί
1024 2835 1165 2885 εἱσι.
1199 2831 1298 2885 Διά
1335 2831 1448 2883 τῶν
1489 2829 1613 2883 τότε
1643 2828 1714 2882 τὰ

125 2930 215 2980 νῦν
263 2927 615 2995 αἰνιξάμενος
640 2941 654 2954 ·
709 2919 755 2994 ᾧ
801 2925 1225 2995 στηριζόμενοι,
1260 2924 1323 2975 τὸ
1360 2922 1715 2992 ἐπικείμενον

127 3020 199 3090 τις.
240 3018 435 3090 χαλκῷ
478 3018 587 3071 τῶν
648 3016 934 3088 ἁγρευτῶν
965 3016 1065 3086 τῆς
1123 3015 1379 3080 Εὐδοξίας
1433 3016 1494 3067 οὐ
1544 3031 1716 3084 προσα

126 3116 327 3182 ήκαντο
375 3111 591 3180 δέλεαρ.
667 3108 1046 3178 Ὑπέστρεψαν
1103 3102 1196 3160 οὖν
1254 3107 1391 3173 μετά
1422 3105 1581 3158 ’έκτον
1610 3121 1714 3157 που

1812 636 1895 687 nis
1922 645 2081 689 utens
2120 637 2502 702 probabilitate
2536 638 2676 705 (erat
2701 641 2844 691 enim
2878 642 2930 693 in
2983 643 3145 696 rebus
3191 644 3384 712 hujus-

1813 724 1954 777 modi
2011 726 2290 793 ingeniosa
2344 727 2538 782 artifex
2570 728 2587 796 )
2618 733 2906 796 persuadet
2942 734 3283 802 imp-ratori,
3325 748 3385 790 ut

1812 814 1914 878 iis,
1964 817 2056 883 qui
2114 814 2297 869 Roma:
2361 828 2537 875 erant.
2573 822 2926 888 exspeetatis,
2970 834 3024 875 ut
3069 840 3154 878 res
3198 837 3387 883 essent

1811 918 1995 957 vacua:
2031 903 2175 955 omni
2208 906 2689 974 perturbationem
2722 909 2971 979 iniquum
3002 921 3320 981 praetextum
3343 918 3384 983 ι)

1811 1001 1943 1047 tunc
1982 1008 2092 1046 non
2122 1004 2401 1050 revocaret
2434 999 2758 1053 antistitem.
2793 1000 2945 1056 Clam
3023 1015 3204 1057 alitem
3259 1007 3386 1059 mit-

1818 1094 1957 1149 tens,
1993 1095 2227 1155 occupat
2272 1088 2365 1157 qui
2406 1099 2535 1142 time.
2567 1099 2727 1143 erant
2776 1105 2983 1159 portus,
3026 1096 3389 1165 Abydumun

1812 1181 1867 1226 et
1907 1188 2121 1228 onmem
2167 1179 2484 1240 transitum,
2529 1177 2731 1247 jubens
2767 1180 3126 1237 ascendentes
3159 1186 3381 1252 quidem

1813 1263 2091 1318 Romanos
2136 1267 2275 1320 male
2317 1269 2578 1323 multatos
2652 1278 2707 1323 et
2761 1271 3114 1326 contumeliis
3163 1274 3386 1328 aﬁ'ectos

1810 1355 2149 1419 amandare;
2201 1369 2386 1409 e0rum
2443 1368 2622 1411 autem
2685 1360 2945 1426 epistolas
3017 1366 3099 1419 eis
3171 1373 3387 1431 ereptas

1814 1444 2052 1501 auferre.
2111 1444 2331 1501 Sciebat
2369 1449 2515 1501 enim
2566 1461 2771 1517 aperte,
2835 1454 3044 1506 sriebat
3081 1455 3276 1509 callida
3330 1455 3384 1509 iu

1814 1535 1973 1591 malis
2002 1536 2217 1601 mulier,
2252 1539 2395 1605 quod
2430 1540 2472 1591 si
2514 1554 2598 1593 res
2625 1542 3098 1608 examinat-eatur,
3128 1554 3274 1598 esset
3300 1560 3387 1598 re-

1812 1630 2095 1685 vocandus
2130 1633 2398 1702 pontifex.
2427 1632 2549 1686 ηερ
2581 1643 2635 1687 et
2666 1635 2980 1688 machinata
3010 1643 3095 1690 est
3148 1638 3389 1707 impera—

1813 1723 1941 1782 trix,
2020 1738 2194 1791 caque
2269 1722 2426 1776 ﬁnem
2464 1735 2814 1793 acceperunt.
2865 1728 3184 1784 Detinentur
3217 1730 3387 1794 enim,

1811 1817 1904 1884 qui
1938 1814 2107 1868 lloma
2158 1816 2289 1869 illuc
2325 1825 2621 1882 venerant;
2658 1819 3036 1887 conjiciuntur
3084 1822 3138 1875 in
3196 1832 3389 1877 custo-

1814 1906 1985 1967 diam,
2039 1910 2178 1960 male
2233 1908 2554 1974 multantur,
2609 1910 2804 1965 litterae
2839 1911 2910 1965 ab
2970 1915 3051 1968 cis
3099 1922 3385 1983 petuntur.

1817 2000 1893 2054 llli
1927 1998 2139 2054 fortiter
2172 2002 2438 2056 resistunt
2469 2020 2483 2067 ;
2515 2004 2824 2059 resistentia
2873 2016 3053 2061 autem
3095 2006 3296 2063 desiuit
3334 2010 3389 2064 iu

1816 2092 2139 2161 periculum.
2191 2092 2326 2145 Nam
2379 2110 2501 2147 eum
2557 2096 2809 2165 fregisset
2861 2098 3085 2165 quidam
3136 2102 3388 2170 pollicem

1815 2183 2081 2250 episcopi,
2129 2196 2252 2234 eum
2285 2183 2485 2237 litteris
2519 2185 2662 2252 rapit
2720 2186 2882 2239 etiam
2922 2202 2985 2240 ea
3020 2202 3143 2256 qua:
3197 2188 3395 2243 silere-

1815 2274 1967 2327 bant.
2012 2273 2216 2328 Deinde
2249 2275 2453 2327 audent
2485 2275 2835 2346 impudentes
2868 2287 2923 2332 et
2947 2279 3184 2334 audaces
3210 2279 3384 2333 homi-

1816 2380 1914 2419 nes
1934 2381 2030 2420 eos
2056 2366 2313 2432 blandiri,
2347 2382 2484 2422 auro
2504 2370 2936 2425 misericordiam
2965 2373 3267 2427 moliuntur
3289 2374 3392 2427 sibi

1816 2473 2137 2526 comparare
2173 2476 2186 2512 :
2231 2469 2283 2514 et
2315 2476 2531 2515 onmem
2564 2463 2784 2531 quidem
2831 2464 3017 2518 dolum
3061 2474 3385 2529 contexunt,

1818 2565 1925 2604 non
1954 2559 2133 2603 autem
2177 2554 2526 2620 persuadent.
2580 2552 2869 2619 Quomodo
2910 2564 2964 2611 et
3017 2572 3254 2626 quanam
3307 2576 3395 2611 ra-

1816 2644 1965 2698 tione
1994 2646 2015 2697 ?
2061 2644 2356 2698 Pulchrum
2384 2656 2465 2701 est
2520 2648 2622 2702 boc
2675 2665 2894 2719 quoque
2928 2652 3130 2706 dicere.
3161 2652 3385 2715 Paulus,

1818 2731 2039 2787 divinus
2090 2733 2407 2804 Apostolus,
2464 2738 2531 2789 ad
2574 2752 2668 2792 eos
2727 2740 3016 2805 accedens,
3078 2742 3380 2811 praedixit:

1830 2825 2007 2882 Videte
2028 2828 2285 2898 quomodo
2321 2837 2473 2880 cauta
2506 2828 2813 2892 alitbuletis,
2855 2842 3110 2897 tauquam
3161 2834 3381 2901 sapien-

1819 2928 1916 2982 tes,
1976 2930 2391 2988 uoulanquuam
2442 2920 2773 2987 insipientes,
2820 2923 3044 2976 scientes
3088 2925 3226 2991 quod
3269 2924 3386 2979 dies

1820 3011 1948 3063 mali
1977 3021 2099 3063 sunt
2134 3011 2177 3041 ⁸⁷
2211 3028 2223 3064 :
2261 3024 2357 3080 per
2408 3025 2470 3064 ea
2514 3026 2637 3079 qua:
2689 3011 2892 3067 ﬁebant
2949 3022 3101 3077 tunc,
3157 3029 3223 3068 ea
3270 3031 3393 3083 qua:

1821 3118 1966 3155 nunc
2001 3104 2139 3156 liunt
2165 3103 2330 3156 tacite
2360 3103 2616 3157 innuens.
2646 3104 2768 3168 Quo
2792 3105 3011 3175 quidem
3064 3108 3399 3173 conﬁrmati,

129 3206 273 3272 μῆνα
309 3205 449 3273 προς
480 3201 547 3254 τὰ
577 3202 773 3264 οἰκεῖα,
805 3196 1149 3266 δηλώσαντες
1184 3196 1419 3250 ᾶπαντα.
1452 3194 1561 3247 Καὶ
1584 3193 1712 3245 ταῦ-

1827 3210 1934 3247 non
1977 3195 2318 3247 admiserunt
2344 3210 2549 3257 escam,
2594 3211 2714 3262 quae
2746 3198 2828 3249 ori
2862 3207 3182 3253 venatorum
3215 3200 3397 3253 Eudo-

126 3309 192 3345 τα
227 3292 331 3362 μὲν
353 3293 460 3352 ἕως
487 3287 613 3351 ὦδε,
647 3289 743 3340 καὶ
780 3285 955 3348 οὕτως
999 3285 1215 3354 ἔχοντα.

1833 3288 1932 3338 xia:
1958 3294 2074 3337 erat
2104 3285 2379 3354 imposita.
2426 3284 2555 3338 Post
2597 3296 2810 3340 sextum
2844 3302 2975 3356 ergo
3026 3304 3269 3344 mensem
3324 3290 3393 3342 ad

122 3402 252 3439 suos
289 3385 525 3447 reversi,
560 3382 941 3449 signiﬁcarunt
987 3379 1191 3434 omnia.
1230 3378 1294 3431 Et
1339 3377 1453 3430 luet:
1485 3376 1702 3445 quidem
1746 3377 2051 3445 hucusque,
2079 3388 2133 3432 et
2166 3380 2236 3430 ita
2261 3394 2318 3432 se
2348 3379 2567 3431 habent.

193 3481 256 3533 λ’.
298 3478 443 3547 Πρὸς
468 3477 537 3529 τὰ
572 3475 699 3544 ἑξῆς
738 3474 794 3527 δὲ
833 3473 1026 3543 χωρῶν
1067 3474 1095 3524 6
1130 3471 1309 3537 λόγος,
1343 3469 1452 3522 τῶν
1481 3486 1698 3539 προκειο

127 3574 305 3640 μένων
336 3568 568 3638 ἑχέσθω.
615 3569 774 3636 ’Δρτι
822 3564 916 3618 τοῦ
947 3563 1270 3633 φερωνύμου
1298 3562 1396 3629 τῆς
1427 3562 1575 3623 θείας
1608 3562 1706 3629 χά·

128 3680 267 3731 ριτος
324 3658 564 3730 ἐνιαυτῷ
606 3656 772 3711 παντὶ
825 3655 964 3726 πρὸς
1014 3655 1082 3724 τῇ
1144 3652 1371 3723 πολίχνῃ
1409 3651 1707 3720 Κουκουσῷ

122 3753 552 3823 διαπρέψαντος,
582 3748 863 3804 κάνταῦθα
888 3749 1015 3810 τοὺς
1040 3746 1186 3816 λιμῷ
1210 3747 1303 3799 καὶ
1328 3745 1471 3814 δίψει
1502 3745 1707 3813 Κυρίου

122 3846 298 3911 λόγων
343 3842 695 3912 λιμώξαντας
744 3839 1156 3911 διαθρέψαντος,
1208 3836 1365 3907 λιμὸς
1396 3835 1564 3905 ἄρτου
1618 3837 1713 3888 καὶ

122 3941 228 3991 τῶν
265 3934 590 4002 ἀναγκαίων
648 3932 883 4002 κατέσχε
924 3931 1024 4002 τὴν
1082 3931 1187 4001 γῆν
1248 3930 1345 3982 καὶ
1402 3929 1500 3998 τὴν
1558 3928 1711 3997 βασι-

123 4030 411 4083 λεύουσαν.
459 4024 679 4097 Ταύτην
721 4025 1080 4077 ἐκλείπουσαν
1119 4022 1368 4087 διαγνοὺς
1391 4022 1419 4074 ὁ
1455 4020 1658 4091 ποιμὴν
1685 4021 1714 4073 6

121 4122 311 4183 καλὸς,
341 4117 647 4171 ἐπιστολῶν
691 4117 1005 4185 παρηγορεῖ
1038 4116 1133 4168 καὶ
1160 4114 1337 4183 λόγων
1365 4116 1478 4177 τοῖς
1504 4112 1711 4182 βοηθή-

124 4228 281 4280 μασι.
317 4210 431 4264 Καὶ
450 4208 669 4279 πρῶτον
704 4208 803 4277 μὲν
834 4207 925 4260 τὸν
966 4206 1034 4259 δι’
1071 4206 1362 4277 ἐπιστολῆς
1387 4206 1546 4274 λόγον
1570 4205 1713 4259 ιθαυ·

123 4305 341 4373 μασίως
389 4304 664 4372 τρέφοντα
709 4302 807 4364 τὰς
856 4300 1034 4370 ψυχὰς
1082 4300 1191 4352 τῶν
1244 4298 1637 4370 ἀκροωμένων,
1689 4298 1717 4349 6

118 4397 207 4448 τοῦ
243 4396 409 4462 λόγου
451 4393 731 4462 σιτοδότης
765 4393 1045 4456 σιτοδοτεῖ,
1082 4395 1141 4445 ὲν
1176 4390 1496 4461 κεφαλαίοις
1531 4393 1705 4443 εἴκοσι

122 4486 214 4537 καὶ
240 4483 542 4552 τέτταρσιν
569 4482 1006 4553 ἀριθμούμενονο
1045 4481 1181 4552 πρὸς
1210 4483 1339 4545 τοὺς
1370 4481 1711 4545 σκανδαλιζο-

125 4578 327 4644 μένους
358 4577 418 4628 έν
453 4577 572 4636 ταῖς
621 4573 715 4626 τοῦ
747 4573 865 4644 βίου
917 4573 1291 4645 παρανομίαις
1327 4575 1356 4626 ό
1391 4572 1547 4641 λόγος
1579 4572 1717 4641 ἔχων

124 4668 408 4721 ὑπόθεσιν.
454 4665 624 4735 Ἀρχὴ
661 4665 718 4717 δὲ
744 4665 823 4733 τῷ
858 4665 1002 4735 λόγῳ
1035 4665 1152 4731 τίς;
1198 4663 1422 4734 Ἰατρῶν
1469 4664 1589 4733 μὲν,
1621 4663 1715 4716 καὶ

1880 3472 1970 3523 30.
2010 3470 2088 3523 Ad
2120 3485 2181 3524 ea
2234 3480 2438 3532 autem,
2485 3488 2606 3541 qua:
2644 3474 2901 3541 deinceps
2948 3485 3393 3544 consequuntur,

1813 3563 2113 3631 procedens
2149 3564 2327 3617 oratio
2363 3576 2726 3633 persequatur
2755 3582 2817 3619 ea
2855 3581 2975 3636 qua:
3005 3578 3135 3621 sunt
3193 3581 3399 3639 prOpo-

1811 3655 1935 3709 sita.
1970 3653 2102 3707 Cum
2152 3654 2264 3723 jam
2315 3656 2406 3723 qui
2440 3670 2468 3708 a
2501 3656 2680 3710 divina
2724 3658 2897 3727 gratia
2945 3666 3029 3713 est
3082 3661 3401 3715 denomina-

1813 3755 1922 3808 tus,
1956 3753 2071 3798 toto
2114 3761 2258 3798 anno
2284 3749 2337 3799 in
2373 3748 2629 3815 oppidulo
2661 3748 2875 3803 Cueuso
2907 3765 2968 3804 se
3001 3754 3260 3820 praeclare
3281 3771 3408 3823 ges-

1820 3840 2006 3898 sisset.
2041 3850 2090 3893 et
2120 3839 2351 3893 aluisset
2379 3854 2496 3906 eos,
2535 3842 2627 3909 qui
2673 3843 2814 3896 l'ame
2847 3851 2902 3896 et
2946 3845 3033 3897 siti
3074 3846 3400 3901 laborabant

1814 3930 2099 3983 verborum
2135 3928 2370 3994 Domini,
2413 3930 2584 3984 fames
2609 3932 2768 4001 panis
2826 3942 2881 3987 et
2924 3950 3106 3989 rerum
3138 3952 3403 3992 necessa-

1815 4018 2017 4071 riarqu
2052 4029 2253 4073 terram
2284 4018 2487 4073 invasit
2520 4038 2532 4072 :
2563 4030 2768 4076 etcum
2800 4023 2941 4078 lianc
2968 4026 3160 4080 urbem
3194 4030 3399 4097 regiam

1815 4108 2049 4163 deﬁcere
2079 4110 2432 4178 cognovisset
2470 4118 2658 4179 pastor
2686 4113 2779 4168 ille
2807 4114 3003 4177 bonus,
3030 4131 3149 4170 eam
3186 4119 3397 4187 episto-

1817 4200 1992 4253 larutn
2022 4208 2074 4255 et
2103 4202 2409 4255 orationum
2437 4204 2761 4257 consolatur
2792 4207 3033 4261 auxiliis.
3067 4206 3131 4261 Et
3157 4210 3398 4277 primum

1819 4293 2036 4359 quidem
2093 4308 2236 4358 eam,
2292 4309 2412 4361 qua:
2442 4304 2525 4348 est
2576 4310 2672 4363 per
2717 4297 3028 4364 epistolam,
3071 4302 3402 4367 orationem,

1820 4382 2128 4435 auditorum
2167 4383 2382 4437 animas
2424 4384 2759 4440 nutrientem
2807 4387 3231 4456 admirabiliter,
3266 4409 3401 4461 διην-

1824 4472 2029 4539 peditat
2091 4470 2349 4526 frumenti
2427 4474 2717 4528 verborum
2787 4478 3212 4547 suppeditator;
3275 4502 3399 4554 qum

1820 4564 2064 4615 continet
2114 4562 2302 4631 viginti
2330 4576 2563 4632 quatuor
2594 4566 2794 4635 capita.
2827 4569 2907 4623 Ad
2939 4587 3037 4625 eos
3070 4581 3274 4639 autem,
3308 4580 3401 4643 qui

1821 4656 1943 4708 vitm
1977 4654 2327 4710 oll'euduntur
2363 4657 2771 4727 iniquitatibus,
2812 4662 2975 4717 habet
3002 4678 3391 4734 argumentqu

118 4760 186 4812 τὰ
233 4759 386 4825 ἑξῆς.
425 4758 547 4810 Ἔτι
578 4757 632 4809 δὲ
655 4756 789 4825 πρὸς
814 4757 1091 4826 κυριακὸν
1119 4754 1234 4819 δύο,
1268 4755 1521 4825 καὶπρὸς
1560 4756 1712 4807 Κων-

1824 4753 2020 4807 oratio.
2051 4753 2335 4817 Quodnam
2364 4764 2449 4809 est
2483 4767 2663 4810 autem
2701 4759 3027 4829 principium
3075 4766 3398 4818 orationis?

123 4848 409 4898 σταντῖνον
443 4844 817 4914 πρεσϐύτερον
852 4846 1070 4915 γραφὰς
1099 4845 1415 4914 διαφόρους,
1451 4846 1546 4898 καὶ
1580 4844 1715 4913 πρὸς

120 4938 293 5007 αὐτὴν
322 4937 422 5006 τὴν
451 4936 763 5006 θαυμασίαν
798 4936 1160 5005 Ὀλυμπιάδα.
1199 4936 1339 4989 Ἀλλ’
1376 4937 1475 4989 οὐκ
1506 4935 1715 5005 ἀφῆκεν

122 5028 293 5092 οὕτως
330 5032 358 5081 6
379 5027 575 5097 φθόνος
600 5027 931 5094 αὑτόν.⁹¹Ηδη
965 5030 1072 5098 γὰρ
1102 5028 1444 5097 κακουχίαις,
1472 5028 1705 5090 αἰκίαις,

119 5124 217 5173 οὐκ
246 5122 399 5173 ἐστιν
441 5118 590 5182 ὅσαις
636 5122 833 5184 εἰπεῖν,
887 5121 1018 5189 πρὸς
1058 5120 1395 5190 Ἀραϐυσσὸν
1424 5119 1711 5191 μεταπέμ·

122 5231 302 5268 πεται.
339 5214 455 5266 Καὶ
499 5213 666 5268 πάλιν
705 5216 761 5267 ἐν
788 5214 963 5285 ταύτῃ
1001 5214 1101 5282 τῆς
1137 5213 1305 5282 ἄλλης
1355 5212 1611 5282 πολίχνης
1645 5212 1711 5266 τὰ

122 5306 287 5373 ὃμοια
314 5307 345 5359 ὁ
374 5305 725 5378 θεραπευτὴς
746 5305 1314 5377 διαπραγματεύεται.
1350 5304 1461 5358 Καὶ
1494 5304 1658 5357 πάλιν
1685 5306 1714 5356 6

124 5399 315 5465 φθόνος
342 5397 453 5450 τῶν
481 5399 805 5469 κατηγόρων
853 5397 933 5467 τῷ
975 5398 1127 5468 φόϐῳ
1185 5398 1534 5467 μαιοὺμενος,
1578 5398 1713 5469 πρὸς

131 5490 323 5553 ὠδῖνας
362 5492 528 5558 φόνου
579 5492 675 5543 καὶ
718 5492 910 5554 τόκους
942 5491 1140 5554 αὐτοὺς
1172 5491 1397 5544 συνωθεῖ
1427 5492 1519 5544 καὶ
1547 5491 1717 5544 διανι-

128 5581 241 5648 στᾷ,
282 5580 379 5631 καὶ
402 5577 681 5643 τοσοῦτον,
712 5579 854 5633 ὥστε
888 5580 1063 5634 εἰπεῖν
1086 5596 1211 5634 τινα
1236 5582 1346 5644 τοῖς
1383 5580 1710 5650 κατηγόροις

131 5669 385 5723 τοιοῦτον·
412 5670 581 5723 Ἴδετε
614 5671 805 5741 νεκρὸν
833 5670 1172 5744 φοϐεροῦντα
1200 5674 1327 5735 τοὺς
1366 5672 1592 5736 ζῶντας,
1622 5677 1715 5727 καὶ

129 5763 462 5833 κρατοῦντας
511 5763 865 5819 διαπτοοῦντα
888 5807 903 5833 ,
935 5762 1183 5835 καθάπερ
1231 5766 1355 5827 τοὺς
1405 5764 1596 5829 παῖδας
1629 5765 1698 5818 τὰ

193 5879 236 5908 ⁸⁷
266 5877 473 5949 Ephes.
498 5894 556 5945 ν,
584 5881 667 5946 l5,
700 5880 785 5937 16.

322 5979 599 6039 Ριτιιυι..
649 5979 770 6041 Gn.
816 5981 997 6043 CVII.

1817 4844 2007 4899 Medici
2037 4845 2278 4912 quidem,
2313 4856 2365 4898 et
2396 4863 2517 4915 qu:e
2536 4848 2731 4903 deinde
2760 4861 3087 4919 sequuntur.
3122 4852 3391 4910 Praeterea

1813 4947 1992 4989 autem
2044 4937 2182 4991 duas
2234 4940 2299 4990 ad
2369 4938 2680 5009 (Syriacum.
2732 4952 2783 4994 et
2841 4944 2907 4996 ad
2961 4944 3381 5001 Constantinum

1815 5029 2081 5096 presbyter
2099 5044 2186 5079 mu
2208 5030 2359 5081 varia
2391 5031 2619 5098 svripla,
2644 5040 2698 5085 et
2721 5034 2784 5086 ad
2813 5034 2984 5102 ipsam
3011 5039 3389 5094 admirabilem

1810 5118 2210 5189 Olympiadem.
2247 5121 2350 5175 Sed
2384 5140 2490 5176 non
2525 5125 2605 5175 sic
2637 5140 2760 5178 cum
2785 5126 3239 5184 dimisitinvidia.
3274 5132 3394 5186 Jam

1818 5214 1961 5263 enim
2009 5215 2350 5275 vexationes.
2383 5216 2634 5283 injurias,
2662 5217 2980 5274 amictiones
3024 5223 3208 5277 nescio
3235 5241 3397 5292 quam

1824 5305 2024 5357 umltas
2082 5320 2401 5375 petpcs‘Sus,
2467 5310 2866 5363 transmittitur
2912 5312 3273 5385 Araliyssum.
3341 5318 3406 5371 l-It

1829 5411 2020 5450 rursus
2052 5399 2106 5450 in
2152 5414 2217 5451 eo
2262 5400 2448 5451 eadem
2497 5401 2649 5463 facit,
2702 5418 2822 5471 qua:
2870 5404 2923 5457 in
2966 5405 3073 5459 alio
3117 5408 3398 5477 oppidulo.

1823 5484 2039 5542 llursus
2086 5501 2267 5543 autem
2314 5490 2517 5545 invidia
2551 5509 2610 5547 se
2640 5494 2987 5549 obstetricem
3011 5500 3256 5565 plmbeos
3312 5518 3400 5554 ac-

1820 5590 2135 5634 cusatorum
2168 5585 2358 5644 metui,
2400 5600 2496 5638 eos
2524 5586 2751 5653 impellit
2777 5596 2832 5641 et
2865 5589 3053 5643 incitat
3084 5594 3147 5643 ad
3177 5594 3394 5659 parien-

1824 5673 1948 5726 dam
1972 5675 2195 5738 credent,
2225 5676 2360 5730 adeo
2397 5686 2452 5730 ut
2472 5693 2534 5732 ex
2562 5682 2979 5735 accusatoribus
2997 5684 3218 5752 quidam
3242 5685 3400 5739 dixe-

1808 5766 1877 5820 rit
1900 5767 2019 5823 suis
2048 5768 2214 5826 sociis
2242 5786 2254 5822 :
2280 5768 2465 5826 Videte
2488 5782 2761 5828 mortuum
2788 5775 3090 5831 terribilem
3118 5778 3212 5848 qui
3243 5781 3396 5834 vivos

2922 5986 2987 6043 10
