4188 6456
779 443 883 507 291

2038 421 2315 483 [ΕΘΝῘὸ
2346 421 2800 483 PHILOSDPHI

3937 417 4047 480 292

793 559 960 606 terret
981 558 1029 603 ot
1058 548 1236 600 rerum
1268 542 1534 611 patientes
1553 551 1775 606 stupore
1808 536 2073 605 percellit,
2094 534 2364 603 quomodo

2474 535 2863 606 μορμολύκεια.
2908 534 3002 598 Τίς
3041 532 3244 600 ταῦτα;
3284 533 3311 586 6
3355 531 3620 601 ἀσθενὴς,
3669 532 3701 585 6
3744 531 4040 602 ἐξόριστος,

799 650 958 695 larva:
1005 652 1219 706 pueros.
1243 633 1377 698 Quis
1410 633 1521 685 lure.
1578 629 1850 681 facit?llle
1897 627 2222 687 imbecillus,
2274 625 2366 679 ille

790 736 1079 800 relegatus,
1098 729 1191 798 qui
1217 743 1323 782 non
1354 724 1621 791 babetqui
1638 737 1766 776 eum
1791 717 2154 774 defendat.llli
2180 725 2360 770 autem

790 825 1060 893 serpentis
1090 822 1324 876 insidias
1364 819 1417 870 in
1453 832 1511 869 se
1542 817 1721 869 adhuc
1768 819 2134 873 oslentantes,
2183 810 2365 878 jusse-

785 926 910 972 runt
938 932 1061 971 eum
1084 915 1192 984 jaci
1216 915 1267 966 in
1297 910 1584 980 quemdam
1613 910 1789 961 locum
1821 905 2066 959 omnium
2111 902 2365 957 desertis-

782 1010 979 1063 simum
1041 1028 1053 1061 :
1108 1007 1410 1061 scientibus
1473 1006 1617 1064 diro,
1671 1003 2002 1071 Pilyunlem,
2066 998 2359 1051 finitimum

782 1101 977 1153 arcolis
1007 1099 1373 1151 Tzaunornm.
1411 1099 1602 1149 Adhuc
1652 1106 1834 1146 autem
1884 1104 2182 1158 antequam
2232 1103 2359 1157 pcr-

784 1193 989 1245 veniret
1034 1201 1258 1244 sanctus
1296 1192 1346 1242 in
1381 1192 1479 1242 lnei
1512 1187 1862 1243 solitudinem
1925 1185 2051 1253 (hnc
2092 1182 2234 1237 enim
2264 1196 2365 1251 ego

782 1283 1014 1335 ε.ιιι·ι;ιι›ο
1052 1280 1328 1347 paululum
1357 1276 1748 1345 intersistens),
1778 1274 1844 1328 ab
1869 1288 1933 1325 eo
1964 1287 2153 1325 rursus
2180 1273 2365 1325 viden-

790 1386 898 1431 tttl',
939 1373 1082 1423 sicut
1113 1370 1427 1430 ΛιιῑὶοιτΙιίςυ,
1462 1368 1629 1420 divini
1662 1364 1911 1433 Apostoli
1954 1380 1966 1415 :
2012 1362 2139 1430 quid
2167 1363 2356 1416 dicen-

781 1462 903 1522 tes?
939 1459 1182 1511 Divinam
1222 1458 1453 1525 gratiam
1501 1454 1815 1513 aﬂerentes,
1879 1452 2277 1505 conﬁrmantes
2309 1459 2363 1504 et

793 1551 1237 1609 eorrolioranles,
1295 1554 1585 1615 tingentes,
1618 1542 1903 1597 laudantes
1957 1555 2081 1593 eum
2138 1546 2363 1608 prepter

784 1641 1073 1705 puritatem
1147 1636 1539 1698 conscientia),
1624 1643 1900 1702 postremo
1972 1630 2363 1684 annuntiantes

780 1729 899 1799 ejus
919 1729 985 1782 ad
1012 1727 1179 1781 Deum
1232 1739 1540 1784 excessum,
1585 1724 1808 1789 fereque
1831 1728 1890 1774 ut
1918 1720 1983 1773 ad
2012 1734 2204 1774 eorum
2240 1733 2364 1787 per-

782 1822 987 1874 veniret
1017 1820 1277 1872 honorem
1314 1825 1365 1868 et
1400 1814 1667 1883 gloriam;
1706 1812 1964 1866 Eudoxia:
2020 1809 2269 1865 fmtidam
2307 1820 2364 1864 et

2471 622 2516 696 ᾧ
2559 630 2632 698 μή
2657 629 2770 680 ἐστι
2798 629 3116 699 συνήγορος.
3149 628 3213 679 Οί
3241 628 3299 679 δὲ
3347 626 3411 678 τὸ
3459 626 3810 678 ἐπιϐουλεῦον
3835 625 3915 677 ἔτι
3947 625 4042 676 τοῦ

2471 720 2647 788 ὄφεως
2680 721 2739 772 ὲν
2769 720 2981 782 ἑαυτοῖς
3015 719 3412 788 θεατρίζοντες,
3443 718 3523 779 είς
3556 716 3732 786 χῶρόν
3775 733 3898 769 τινα
3946 732 4047 782 με-

2475 810 2818 880 ταρριφῆναι
2874 809 3063 863 τοῦτον
3127 808 3539 861 διακελεύονται
3595 806 3862 860 πάντοθεν
3913 809 4049 877 ἐρη-

2472 903 2728 972 μότατον,
2809 902 2973 955 εἰδόσι
3035 903 3198 969 λέγω,
3271 901 3365 954 τὸν
3451 901 3753 953 Πιτυοῦντα
3816 900 4045 967 λεγόμε-

2470 1009 2583 1055 νον,
2644 993 2757 1047 τῶν
2816 993 3137 1065 περιχώρων
3188 992 3408 1057 Τζάνων
3464 992 3556 1043 τὸν
3628 992 3847 1061 ὅμορον.
3922 992 4043 1042 Ἐτι

2469 1081 2527 1134 δὲ
2589 1082 2697 1151 πρὸ
2755 1083 2851 1136 τοῦ
2914 1100 2978 1151 γε
3058 1082 3261 1150 φθάσαι
3328 1082 3427 1152 τήν
3473 1080 3709 1151 ἐρημίαν
3747 1080 3837 1131 τὸν
3888 1082 4046 1145 ἅγιον

2472 1173 2650 1245 (τοῦτο
2680 1174 2789 1245 γάρ
2822 1173 2935 1242 ἐγὼ
2989 1173 3320 1244 διηγήσομαι
3352 1174 3547 1242 μικρὸν
3580 1170 3841 1241 ἐπισχὼν)
3870 1173 4044 1223 ὀπτα-

2471 1284 2651 1321 νονται
2677 1266 2824 1334 αὐτῷ
2869 1265 3051 1328 πάλιν,
3103 1264 3354 1332 καθάπερ
3384 1266 3441 1315 ὲν
3479 1264 3800 1334 Ἀντιοχείᾳ,
3826 1267 3876 1316 oi
3910 1264 4047 1315 θεῖοι

2471 1357 2778 1410 ἀπόστολοι.
2816 1356 2879 1408 Τί
2942 1355 3225 1422 λέγοντεςς
3262 1355 3374 1424 Τὴν
3434 1354 3585 1407 θείαν
3621 1355 3794 1424 χαράν
3846 1356 4043 1421 ἐπιφέ-

2472 1464 2680 1517 ροντες,
2708 1448 3067 1518 ἐνισχύοντες,
3103 1447 3489 1514 ἐπαλείφοντες
3513 1448 3579 1517 τῇ
3609 1445 3705 1498 τοῦ
3745 1447 4048 1508 συνειδότος

2470 1539 2633 1592 αὐτὸν
2666 1539 3023 1609 καθαρότητι·
3072 1538 3164 1590 ἐπὶ
3211 1539 3378 1592 πᾶσιν
3428 1536 3917 1608 άναγγελιζόμενοι
3946 1541 4047 1607 τὴν

2472 1631 2609 1700 πρὸς
2654 1630 2789 1683 Θεὸν
2837 1632 3146 1699 ἐκδημίαν,
3191 1633 3253 1684 τὸ
3308 1632 3667 1701 συντετάχθαι
3713 1634 3778 1703 τῇ
3836 1632 4047 1685 ἑαυτῶν

2470 1725 2603 1793 τιμῇ
2646 1740 2703 1775 τε
2731 1723 2822 1776 καὶ
2854 1722 3004 1792 δόξᾳ,
3039 1723 3130 1776 τὸν
3156 1723 3213 1776 δὲ
3242 1724 3343 1793 τῆς
3383 1722 3637 1786 Εὺδοξίας
3677 1724 3911 1777 ὀδωδότα
3954 1724 4049 1775 καὶ

2471 1816 2668 1884 ἄτιμον
2697 1816 2945 1881 θάνατον,
2976 1817 3074 1885 τὴν
3096 1816 3154 1869 δὲ
3185 1817 3292 1886 πρὸ
3311 1815 3404 1869 τοῦ
3433 1816 3662 1870 θανάτου
3688 1816 3891 1886 πολλὴν
3914 1818 4047 1883 παρ’

782 1913 1035 1967 infamem
1058 1918 1308 1969 mortem,
1337 1922 1568 1975 eamque
1595 1917 1719 1958 ante
1749 1915 1977 1958 mortem
2008 1918 2184 1972 ipsum
2210 1916 2351 1969 saepe

2466 1906 2640 1974 αὐτῆς
2694 1907 3041 1978 ἐπιζήτησιν,
3091 1908 3243 1961 οὐδὲν
3294 1907 3375 1959 ὅτι
3425 1907 3501 1976 μὴ
3558 1906 4046 1976 παραλιμπάνουσι

784 2020 809 2057 a
829 2016 890 2057 se
921 1999 1255 2069 requisiisse.
1286 1996 1426 2049 Nihil
1453 1994 1874 2066 praetermittunt
1903 1993 2045 2062 quod
2075 1991 2276 2045 faceret
2296 1991 2363 2044 ad

780 2110 905 2147 eum
931 2091 1258 2146 docendum.
1287 2088 1574 2142 Postremo
1610 2102 1735 2140 eum
1785 2094 2018 2154 pascunt
2055 2083 2353 2145 ambrosia,

792 2184 1040 2238 dicentes
1078 2199 1093 2235 :
1132 2180 1243 2235 Ilac
1276 2180 1375 2234 tibi
1414 2193 1571 2247 opem
1627 2176 1855 2237 ferente.
1889 2176 2041 2229 nullo
2074 2175 2181 2227 alio
2221 2187 2359 2241 opus

780 2275 1005 2329 habebis
1057 2273 1419 2325 nutrimento.
1481 2270 1655 2333 Quam
1710 2282 1834 2319 eum
1902 2266 2220 2334 accepisset,
2269 2279 2363 2317 co-

791 2364 956 2418 medit
985 2378 1170 2418 coram
1202 2362 1438 2420 duobus,
1481 2359 1572 2426 qni
1615 2371 1739 2411 eum
1792 2353 2022 2408 fideliter
2053 2352 2360 2423 sequeban-

793 2464 901 2508 tur.
967 2452 1069 2517 Qui
1103 2452 1266 2505 etiam
1312 2449 1459 2516 digni
1493 2446 1662 2500 babiti
1694 2454 1825 2500 sunt
1867 2458 2118 2497 sermone
2144 2452 2197 2495 et
2230 2457 2363 2495 con-

788 2545 1141 2614 templatione
1192 2541 1285 2596 Dei
1338 2555 1668 2610 pneconum,
1706 2537 2029 2605 impleriqne
2075 2532 2275 2602 gaudio
2312 2540 2364 2586 et

784 2637 1172 2697 exsultatione,
1217 2648 1340 2702 qua:
1391 2633 1541 2684 illinc
1599 2630 1989 2696 proficiscitur.
2043 2626 2178 2679 Tres
2231 2638 2362 2692 ergo

791 2739 911 2796 post
966 2728 1081 2781 bare
1125 2740 1341 2779 menses
1398 2724 1844 2782 intercesserunt,
1903 2729 1955 2773 et
2021 2717 2361 2786 angebantur

798 2818 938 2870 mala
974 2816 1178 2886 quibus
1212 2830 1334 2868 eum
1377 2813 1683 2866 adliciebant
1738 2810 1979 2871 milites;
2013 2808 2157 2877 quod
2188 2808 2363 2876 ipsum

787 2922 1003 2976 quoque
1038 2906 1363 2961 meditatum
1390 2902 1533 2958 etde
1565 2900 1831 2956 industria
1859 2908 2207 2968 procuratum
2242 2899 2358 2949 fue—

790 3008 873 3051 rat
903 3013 931 3051 a
971 2994 1440 3066 persecutoribus.
1487 2991 1619 3058 Quae
1650 2999 1828 3044 autem
1873 2988 1940 3041 ab
1982 2990 2062 3042 eis
2107 2986 2363 3041 meditata

793 3092 1035 3155 fuerant,
1069 3088 1177 3142 Deo
1212 3103 1320 3140 non
1352 3087 1722 3155 permittente,
1752 3083 1862 3137 cito
1896 3082 2200 3146 interrupta
2236 3077 2355 3133 fue-

789 3190 916 3234 runt
957 3189 1011 3232 et
1070 3176 1327 3231 rescissa.
1387 3175 1646 3239 Quisnam
1701 3181 1882 3224 autem
1936 3168 2179 3223 modus?
2233 3167 2363 3220 Data

787 3272 931 3325 enim
973 3271 1053 3322 sic
1110 3270 1225 3321 hate
1261 3281 1482 3335 quoque
1536 3272 1809 3333 postrema
1858 3262 2101 3313 narratio
2150 3274 2365 3314 summo

798 3363 1082 3415 miraculo.
1110 3358 1357 3413 Nondum
1380 3357 1679 3410 Cumanam
1721 3354 2197 3423 appropinquarat
2234 3366 2364 3406 san-

790 3463 932 3513 rtus.
969 3467 1096 3508 ecce
1122 3464 1304 3505 autem
1377 3456 1541 3502 noctu
1569 3448 1617 3499 ei
1652 3454 1916 3515 apparent
1965 3443 2263 3497 Basiliscus
2307 3450 2361 3496 et

792 3544 1065 3599 Lucianus
1111 3550 1407 3610 martyres,
1458 3536 1707 3589 dici'ntes
1747 3534 1943 3587 :Bono
1994 3543 2115 3588 esto
2158 3531 2363 3596 animo,

787 3649 837 3690 et
879 3631 1075 3704 gaudio
1105 3630 1318 3686 exsolza
1360 3626 1641 3684 ineﬂ'abili.
1680 3625 1848 3677 frater
1898 3622 2160 3675 Joannes.
2213 3622 2351 3674 Cras

786 3730 932 3782 enim
967 3725 1129 3781 simul
1180 3720 1409 3775 erimus.
1454 3718 1567 3769 Hoc
1617 3716 1796 3782 ipsum
1844 3728 2064 3782 quoque
2109 3712 2367 3765 dixerunt

788 3820 873 3871 sui
907 3815 1092 3884 templi
1127 3815 1469 3883 presbytero,
1511 3819 1570 3862 ut
1604 3822 1663 3859 se
1714 3814 1932 3874 pararet
1982 3804 2047 3856 ad
2084 3803 2231 3872 justa
2282 3802 2362 3856 fa-

786 3912 977 3964 cienda
1006 3919 1060 3962 et
1081 3908 1295 3961 dubitas
1327 3903 1630 3971 exsequias
1657 3899 1849 3951 divino
1890 3896 2158 3967 pontifici.
2208 3893 2368 3949 Venit

783 4017 917 4073 ergo
967 4002 1033 4054 ad
1098 4000 1276 4052 locmn
1331 3995 1490 4048 divus
1560 3989 1846 4062 pontifex;
1896 3988 2090 4058 qumrit
2161 3996 2366 4041 vestem

790 4094 1156 4165 splendidam,
1190 4087 1569 4158 quietempori
1618 4094 1671 4138 et
1720 4081 1970 4152 dignitati
2028 4079 2364 4133 conveniat:

791 4194 963 4240 mutat
990 4192 1169 4236 autem
1200 4196 1264 4235 ea
1291 4194 1413 4249 qua:
1457 4176 1727 4244 gestabat,
1762 4174 1927 4228 etilla
1976 4172 2257 4226 distribuit
2298 4170 2365 4224 iis

795 4279 886 4346 qui
914 4277 1162 4329 aderant.
1207 4270 1411 4325 Deinde
1453 4283 1670 4324 sacrum
1725 4266 1967 4321 celebrat
2026 4263 2348 4334 mysterium

791 4368 1163 4426 communicat
1224 4370 1574 4419 sacramento
1628 4360 1838 4431 gratim,
1895 4357 2076 4410 fundit
2140 4356 2363 4409 ultimas

792 4472 1004 4529 preces.
1030 4453 1237 4509 Deinde
1278 4468 1402 4506 cum
1431 4452 1497 4504 de
1540 4465 1692 4504 more
1720 4450 1943 4503 dixisset
1966 4448 2054 4500 hic
2097 4448 2237 4499 inter
2271 4461 2368 4513 pa-

2465 2001 2575 2053 τῶν
2606 2001 2850 2072 ὑστέρων
2878 2004 2959 2065 είς
2996 2002 3324 2067 ἀναδίδαξιν.
3352 2000 3516 2062 Τέλος
3552 2000 3829 2072 ἀμϐροσία
3858 2000 4049 2053 τοῦτον

2469 2095 2753 2161 σιτίζουσι,
2793 2095 3083 2165 φήσαντες,
3154 2094 3242 2157 Ὠς
3294 2091 3644 2163 ἐπαρκούσης
3688 2109 3770 2146 σοι
3818 2092 4048 2162 ταύτης.

2468 2188 2665 2257 ἐτέρας
2695 2187 2755 2238 οὐ
2787 2184 3024 2256 δεηθήσῃ
3058 2184 3286 2255 τροφῆς.
3329 2185 3440 2237 Καὶ
3481 2183 3682 2247 λαϐὼν,
3716 2182 3914 2250 ἔφαγε,
3940 2186 4049 2234 τῶν

2468 2278 2568 2330 σὺν
2613 2276 2763 2345 αὑτῷ
2801 2276 2895 2329 δύο
2950 2274 3157 2337 πιστῶς
3212 2272 3727 2326 ἐπακολουθούντων
3787 2271 4046 2323 ἐνώπιον·

2468 2368 2516 2421 οἳ
2544 2369 2600 2422 δὲ
2646 2367 2987 2437 κατηξίωντο
3013 2366 3112 2437 τῆς
3140 2364 3359 2436 ὁμιλίας
3396 2364 3505 2417 τῶν
3539 2364 3919 2435 θεοκηρύκων,
3953 2366 4049 2415 καὶ

2466 2461 2564 2529 τῆς
2610 2458 2823 2511 ἐκεῖθεν
2875 2458 3052 2527 χαρᾶς
3103 2455 3463 2526 ἐμφορεῖσθαι
3493 2456 3588 2509 καὶ
3625 2459 3724 2525 τῆς
3776 2456 4046 2522 ἀγαλλιά-

2467 2568 2624 2613 σεως.
2656 2551 2816 2619 Τρεῖς
2858 2544 2951 2603 οῦν
2985 2549 3123 2619 μετὰ
3150 2547 3325 2603 ταῦτα
3351 2549 3516 2618 μῆνες
3557 2551 3615 2602 ἐν
3640 2549 3808 2617 μέσῳ,
3854 2550 3953 2600 καὶ
3979 2550 4047 2599 τά

2466 2643 2613 2694 δεινά
2660 2642 2813 2710 παρὰ
2851 2641 2960 2693 τῶν
2991 2640 3341 2708 στρατιωτῶν
3372 2640 3703 2703 ἐπετείνετο,
3748 2642 3919 2694 πάλαι
3952 2642 4048 2708 μὲν

2468 2733 2561 2783 καὶ
2588 2730 2749 2785 τοῦτο
2783 2731 3079 2801 μελεηθέν
3099 2732 3193 2784 καὶ
3213 2730 3604 2783 δωσκευασθέν
3624 2732 3738 2792 tot;
3760 2731 4043 2793 διώκταις.

2466 2821 2583 2891 Θεῷ
2627 2822 2684 2876 δὲ
2715 2824 2810 2876 καὶ
2845 2824 2915 2876 τά
2939 2823 3039 2892 τῆς
3095 2822 3325 2893 μελέτης
3388 2823 3462 2891 μὴ
3510 2820 3936 2891 συγχωρούμενα
3972 2824 4047 2874 δι-

2465 2915 2672 2967 εσπᾶτο
2706 2915 2898 2968 θάττον
2948 2915 3041 2967 καὶ
3085 2913 3439 2968 ἀνεκόπτετο.
3496 2915 3592 2974 Τίς
3644 2914 3701 2967 δὲ
3746 2916 3775 2966 6
3802 2915 4040 2983 τρόποςς

2465 3004 2692 3058 διδόσθω
2724 3005 2818 3059 καὶ
2848 3005 3004 3056 τοῦτο
3038 3004 3432 3075 κορυφουμένῳ
3460 3003 3699 3074 θαύματι
3739 3005 4046 3058 τελευταῖον

2466 3099 2733 3167 διήγημα.
2776 3096 2947 3152 Οὔπω
2999 3099 3066 3168 τῇ
3108 3097 3337 3169 Κομάνῃ
3385 3098 3754 3166 προσήγγιζον
3807 3099 3856 3148 ot
3913 3098 4047 3166 περὶ

2470 3191 2561 3243 τὸν
2593 3190 2768 3258 ἆγιον,
2805 3191 2901 3244 καὶ
2958 3191 3069 3245 ίδοὺ
3125 3190 3274 3260 αὐτῷ
3321 3190 3515 3253 νυκτὸς
3569 3190 3895 3253 Βασιλίσκος
3951 3193 4045 3244 καὶ

2472 3291 2770 3351 Λουκιανὸς
2797 3291 2847 3341 οἱ
2874 3289 3151 3359 μάρτυρες
3181 3288 3484 3357 φαίνονται,
3517 3287 3739 3357 Θάρσει,
3765 3289 4047 3355 λέγοντες.

2467 3384 2644 3452 χαρᾶς
2696 3383 3049 3452 ἀνεκλαλήτῳ
3098 3382 3503 3452 ἀγαλλιάματι,
3542 3381 3737 3449 ἀδελφέ
3794 3382 4042 3451 Ἰωάννη.

2467 3476 2666 3547 Αὔριον
2691 3477 2801 3545 γὰρ
2839 3477 2956 3545 ἅμα
2988 3475 3245 3545 ἐσόμεθα.
3282 3476 3356 3528 Τδ
3398 3475 3454 3528 δὲ
3487 3474 3618 3527 αὐτὸ
3645 3475 3739 3527 και
3795 3474 3875 3545 τῷ
3911 3490 4047 3544 πρε-

2470 3571 2721 3642 σϐυτέρῳ
2764 3572 3027 3639 προεῖπον
3052 3566 3145 3621 τοῦ
3193 3566 3401 3621 ἑαυτῶν
3442 3566 3864 3635 τεμενίσματος,
3904 3567 4049 3621 ἐτοι-

2473 3664 2876 3735 μασθησομὲνῳ
2923 3661 3059 3729 πρὸς
3116 3662 3298 3713 πᾶσαν
3370 3659 3468 3727 τὴν
3530 3657 3875 3727 λειτουργίαν
3945 3659 4046 3725 τῆς

2472 3754 2858 3827 προσηκούσης
2892 3753 3046 3815 ὁσίας
3077 3751 3156 3824 τῷ
3187 3750 3315 3820 θείῳ
3349 3750 3613 3821 ἀρχιερεῖ.
3637 3748 3835 3803 Φθάνει
3860 3749 4045 3802 τοίνυν

2468 3848 2560 3900 τὸν
2592 3846 2756 3899 τόπον
2778 3848 2805 3899 6
2833 3845 2975 3908 θεῖος
3008 3842 3319 3914 ἀρχιερεύςο
3347 3841 3598 3911 ἐπιζητεῖ
3633 3841 3711 3912 τῷ
3738 3841 3919 3910 καιρῷ
3954 3844 4046 3893 καὶ

2469 3943 2535 4011 τῇ
2571 3939 2699 4010 ἀξίᾳ
2727 3937 2827 4009 τήν
2884 3936 3115 4000 ἐπαξίαν
3167 3935 3362 4005 στολὴν
3402 3935 3498 3986 καὶ
3544 3933 3806 4005 λαμπράν
3830 3949 3846 3965 ο
3886 3933 4047 3998 ἐξαλ-

2469 4032 2659 4084 λάσσει
2688 4047 2749 4082 τε
2775 4029 2840 4082 τά
2870 4027 3206 4099 φορούμενα,
3239 4025 3307 4078 τά
3334 4024 3391 4076 δὲ
3421 4026 3531 4091 τοῖς
3574 4023 3809 4094 παροῦσι
3848 4024 4045 4093 διαμε-

2472 4121 2633 4193 ρίξει.
2670 4114 2807 4175 Εἶτα
2833 4117 3303 4188 μυσταγωγεῐται,
3336 4114 3586 4165 κοινωνεῖ
3613 4111 3709 4165 τοῦ
3743 4112 4047 4179 μυστηρίου

2469 4215 2567 4285 τῆς
2597 4214 2841 4283 χάριτος,
2876 4212 3110 4263 ποιεῖται
3138 4208 3237 4276 τὴν
3258 4205 3577 4259 τελευταίαν
3607 4204 3792 4274 εὐχήν,
3815 4202 4053 4255 Ἔπειτα

2469 4308 2532 4361 τὸ
2584 4305 2644 4370 ἐξ
2676 4304 2831 4367 ἔθους
2859 4301 3030 4356 είπὼν
3058 4304 3086 4354 6
3115 4300 3425 4370 θαυμάσιος
3468 4289 3624 4359 οὗτος
3654 4298 3711 4349 ἐν
3775 4296 4055 4364 πατριάρ·

2470 4416 2615 4469 χαις,
2650 4397 2745 4450 καὶ
2796 4397 2970 4467 μέγας
2998 4394 3167 4455 ὅντως
3192 4391 3574 4461 Χρυσόστομος
3602 4405 3616 4419 ’
3642 4387 3779 4453 Δόξα
3814 4388 3893 4455 τῷ
3926 4386 4049 4455 Θεῷ

2474 4490 2690 4542 πάντων
2716 4487 2922 4549 ἕνεκεν,
2956 4483 3496 4553 ἐπισφραγισάμενος
3528 4477 3705 4546 ἐαυτῷ
3744 4476 3806 4530 τὺ
3848 4477 4045 4546 Ἀμὴν,

792 4551 1064 4604 triarcbas
1091 4548 1310 4601 divinus
1333 4556 1387 4599 et
1415 4558 1603 4598 revera
1629 4557 1858 4611 magnus
1890 4539 2318 4610 Cbrysostomus
2349 4555 2363 4591 :

2473 4539 2568 4637 xci.
2598 4539 2932 4641 ἀνακλιθεὶς,
2967 4539 3349 4632 ἀναπέπαυταί
3396 4539 4050 4641 τῇήτεσσαρακαιδεκάτῃ

2321 4630 2331 4639 .
2400 4608 2442 4629 ν
2473 4608 2568 4637 και
2600 4608 2932 4642 ανακΑιυεοιςη
2967 4608 3349 4632 ανανιιίιιιυυυιι
3408 4608 3461 4641 tu“
3518 4608 4035 4641 υθυυυιμυηυι-νιδηυωι

792 4642 980 4697 Gloria
1014 4639 1124 4693 Deo
1159 4649 1385 4707 propter
1415 4636 1621 4699 omnia,
1672 4643 1728 4689 et
1775 4635 1919 4687 facto
1973 4634 2134 4701 signo
2185 4634 2366 4683 crucis

792 4735 1185 4804 subjnmisset,
1223 4732 1394 4786 Amen
1421 4748 1436 4793 ;
1466 4738 1519 4784 et
1549 4728 1912 4790 recubuisset,
1962 4724 2229 4794 requievit
2272 4723 2367 4778 de-

791 4830 935 4882 cimo
996 4837 1196 4895 quarto
1251 4823 1458 4877 mensis
1498 4818 1863 4889 Septembris.
1920 4816 2141 4871 Lieebat
2186 4823 2367 4868 autem

792 4921 977 4975 videre
1003 4927 1121 4987 pest
1155 4918 1288 4979 bace,
1328 4925 1585 4982 tanquam
1608 4913 1765 4981 signo
1799 4911 1948 4971 dato,
1975 4915 2367 4962 concurrentes

789 5028 853 5064 es
899 5011 1081 5077 Syria,
1110 5007 1324 5069 Cilicia,
1376 5004 1554 5057 Ponto
1582 5012 1636 5057 et
1688 5001 1949 5057 Armenia
1997 5014 2160 5052 omne
2196 5012 2367 5066 genus

793 5105 1079 5157 botninum
1136 5108 1191 5155 et
1238 5114 1460 5153 onmem
1509 5104 1749 5162 aetatem,
1805 5102 2026 5163 prepter
2076 5091 2367 5144 utilitatem

792 5210 1146 5251 communem
1185 5202 1239 5248 et
1279 5194 1513 5248 salutem
1553 5209 1568 5245 :
1609 5197 1663 5244 et
1690 5189 1771 5245 sic
1808 5186 2099 5257 deponitur
2140 5183 2367 5253 patien-

795 5291 1072 5345 tissimum
1106 5296 1161 5341 et
1196 5284 1608 5340 sanctissimum
1651 5281 1784 5335 illud
1828 5293 2031 5347 corpus
2073 5290 2193 5329 cum
2229 5288 2367 5327 mar-

791 5394 971 5454 lyrtnn
1006 5384 1099 5451 qui
1144 5380 1259 5433 illic
1295 5386 1449 5434 sunt.
1487 5375 1815 5445 corporibus
1860 5389 1873 5425 :
1919 5369 2236 5425 beatissima
2264 5381 2361 5419 au-

793 5485 899 5529 tem
954 5483 1008 5527 et
1051 5470 1394 5527 divinissima
1451 5466 1634 5521 anima
1690 5464 1965 5533 excipitur
2016 5458 2358 5514 intemeratis

793 5568 1041 5621 manibus
1071 5563 1397 5618 immortalis
1424 5560 1667 5617 omnium
1704 5557 1888 5626 Regis,
1927 5554 2138 5607 Domini
2170 5561 2225 5604 et
2266 5550 2360 5603 Dei

790 5658 966 5713 nostri
994 5667 1046 5710 et
1079 5654 1383 5709 Salvatmis
1409 5651 1536 5705 Jesu
1578 5650 1803 5712 Christi,
1849 5662 2008 5717 quem
2034 5660 2157 5699 cum
2203 5642 2365 5696 Patre

784 5762 834 5803 et
867 5756 1062 5804 saneto
1100 5744 1302 5814 Spiritu
1354 5746 1511 5799 decet
1546 5742 1726 5796 omnis
1767 5740 1958 5811 gloria,
2011 5739 2207 5809 honor,
2270 5750 2366 5802 po-

790 5844 982 5906 tentia,
1025 5841 1281 5906 majestas
1321 5847 1373 5891 et
1417 5836 1843 5907 magnificentia,
1886 5846 2032 5886 nunc
2071 5840 2121 5885 et
2168 5830 2221 5882 in
2263 5843 2362 5881 sa:-

787 5939 905 5990 Culn
941 5936 1288 5989 sua-nimum.
1330 5932 1366 5985 Λ
1380 5948 1520 5987 men.

2470 4675 2566 4729 τοῦ
2598 4671 2977 4744 Σεπτεμϐρίου
3010 4668 3201 4739 μηνός.
3239 4664 3349 4720 Ἦν
3377 4660 3472 4718 οὖν
3522 4662 3652 4716 ἰδεῖν
3693 4661 3828 4730 μετά
3870 4661 4051 4713 ταῦτα

2474 4766 2827 4837 συρρέοντας,
2864 4762 3052 4832 ὥσπερ
3089 4758 3197 4812 ἀπὸ
3227 4757 3591 4826 συνθήματος,
3628 4752 3690 4805 ἔκ
3732 4768 3791 4805 τε
3820 4751 4046 4822 Συρίας,

2470 4860 2744 4923 Κιλικίας,
2776 4858 2980 4911 Πόντου
3014 4856 3107 4908 καὶ
3154 4852 3467 4923 Ἀρμενίας,
3497 4849 3605 4900 πᾶν
3642 4846 3797 4911 γένος
3828 4843 4045 4914 ἀνθρώ-

2472 4968 2611 5018 πων,
2653 4951 2834 5003 πᾶσαν
2868 4946 3105 5017 ἠλικίαν,
3145 4944 3246 5013 τῆς
3298 4939 3487 5008 κοινῆς
3538 4939 3726 4989 ’ἐνεκεν
3772 4935 4049 5004 ὠφελείας

2470 5045 2563 5097 καὶ
2597 5041 2892 5112 σωτηρίας.
2926 5040 3037 5092 Καὶ
3062 5037 3205 5090 οὕτω
3242 5030 3660 5088 συναποτίθεται
3693 5029 3791 5099 μὲν
3820 5028 3881 5079 τὸ
3911 5043 4047 5096 καρ-

2469 5135 2835 5208 τερικώτατον
2867 5135 3044 5185 ἐκεῖνο
3079 5131 3171 5183 καὶ
3201 5128 3356 5195 ἅγιον
3404 5125 3563 5193 σῶμα
3598 5124 3711 5183 τοῖς
3740 5120 3849 5175 τῶν
3900 5136 4047 5187 μαρ⁸

2468 5233 2651 5302 τύρων
2683 5227 2917 5284 ἐνταῦθα
2950 5224 3224 5295 σώμασιν·
3267 5222 3301 5291 ή
3332 5220 3389 5273 δέ
3422 5216 3670 5288 μακαρία
3692 5214 3788 5266 καὶ
3808 5212 4046 5265 θεοειδε-

2468 5326 2637 5395 στάτη
2681 5322 2825 5392 ψυχὴ
2881 5320 3000 5381 ταῖς
3050 5315 3341 5386 ἀκράντοις
3392 5310 3551 5383 χερσὶ
3620 5306 3715 5359 τοῦ
3770 5305 4045 5359 ἀθανάτου

2465 5418 2684 5472 πάντων
2713 5414 3004 5475 Βασιλέως,
3030 5408 3125 5463 τοῦ
3156 5406 3360 5474 Κυρίου
3390 5405 3485 5457 καὶ
3513 5400 3649 5455 Θεοῦ
3672 5400 3763 5453 καὶ
3792 5398 4048 5467 Σωτῆρος

2466 5510 2621 5582 ἡμῶν
2672 5506 2847 5578 Ἰησοῦ
2900 5502 3160 5577 Χριστοῦ·
3198 5500 3314 5572 μεθ’
3348 5492 3409 5552 οῦ
3467 5496 3544 5565 τῷ
3578 5492 3777 5561 Πατρὶ,
3820 5493 3942 5561 ἅμα
3968 5488 4047 5559 τῷ

2467 5602 2608 5672 ἁγίῳ
2634 5600 2935 5668 Πνεῦματι,
2977 5596 3104 5661 δόξα
3130 5594 3353 5665 πρέπει,
3383 5588 3519 5660 τιμὴ
3551 5587 3643 5641 καὶ
3675 5584 3903 5655 κράτος,
3952 5599 4047 5652 μευ

2470 5694 2761 5764 γαλωσύνη
2796 5710 2853 5744 τε
2886 5690 2981 5745 καὶ
3023 5687 3510 5759 μεγαλοπρέπεια,
3552 5682 3632 5742 εἰς
3678 5679 3804 5741 τοὺς
3840 5676 4046 5737 αἰῶνας

2473 5789 2580 5841 τῶν
2614 5785 2842 5841 αἰώνων.
2893 5784 3087 5852 Ἀμήν.
