4188 6456
171 407 277 468 252

865 411 1147 472 ORATIO
1179 413 1333 472 XIX.
1371 437 1429 446 -
1477 413 1747 472 ΗΟΒΤΑἿ

1853 412 1965 470 RM
2007 412 2104 470 AD
2141 410 2395 468 OMNES
2436 409 2766 468 FIDELES.

3338 400 3440 462 ΞΜ

1573 545 1833 604 ORATIO
1877 547 1991 600 χιχ
2021 547 2116 615 (ι).

174 662 388 726 Leonis,
432 661 486 714 in
530 661 740 719 Christo
789 666 1104 730 sempiterno
1152 663 1286 732 Rege
1335 661 1899 737 impcratoris,_oratio
1943 664 2025 737 ret
2064 659 2286 737 epistola
2322 661 2640 737 parmneticn
2691 655 2969 737 cqtholica.
3006 656 3072 706 ad
3107 667 3440 720 quoscunque

753 727 988 789 videlicet
1011 727 1652 800 Christi'ﬁdelesscripta,
1694 731 1989 784 hortatoria
2019 730 2086 782 ad
2118 730 2243 782 bene
2271 738 2545 796 sancteque
2579 727 2868 781 vivendum.

1282 851 1510 909 (Βλιιοκιι
1547 844 1720 897 Annal.
1751 847 1811 896 ad
1835 861 2009 895 annum
2034 846 2145 900 919..
2170 859 2218 894 n.
2244 845 2326 903 Υ.)

240 951 578 1008 Benedictus
617 954 760 1010 Deus
792 952 973 1018 Pater,
1013 956 1104 1024 qui
1140 971 1235 1026 per
1262 955 1522 1009 dilectum
1561 955 1758 1008 Filium
1789 955 1838 1014 Α
1866 939 2086 1018 laceret,
2124 955 2215 1008 sed
2256 968 2378 1023 quae
2414 953 2746 1022 sempiterno
2779 961 3022 1021 tempore
3064 960 3294 1004 mortem
3332 965 3437 1004 una

169 1059 333 1099 suum
371 1044 665 1100 Dominum
688 1055 937 1101 nostrum
966 1045 1148 1100 Jesum
1172 1045 1455 1101 Christum
1507 1044 1761 1099 liberavit

170 1152 273 1193 nos
307 1155 338 1192 a
383 1137 592 1192 diaboli
632 1141 922 1202 servitute,
957 1147 1010 1194 et
1053 1140 1106 1193 in
1140 1140 1392 1210 portione
1439 1154 1760 1193 sanctorum

170 1246 401 1284 suorum
434 1246 536 1285 nos
568 1233 1023 1295 collocavit,cum
1061 1233 1200 1287 ﬁlios
1242 1241 1296 1287 et
1338 1234 1583 1288 haeredes
1617 1234 1758 1287 invi-

170 1322 350 1376 sibilis
369 1323 560 1391 gloria:
587 1338 702 1377 suae
731 1339 835 1378 nos
872 1324 1241 1389 constituerit,
1269 1333 1321 1378 et
1352 1339 1381 1377 a
1415 1323 1759 1394 turpitudine

170 1414 497 1481 passionum
522 1428 622 1468 nos
641 1415 1035 1483 segregaverit,
1059 1422 1112 1469 ct
1149 1413 1414 1486 integram
1449 1416 1607 1470 nobis
1639 1431 1756 1470 eam

171 1508 640 1574 pulchritudinem
683 1510 1094 1573 instauraverit,
1139 1510 1192 1564 in
1226 1527 1333 1582 qua
1377 1511 1532 1566 initio
1590 1513 1755 1568 creati

172 1598 400 1657 fuimus.
433 1599 519 1653 vel
562 1600 744 1669 potius
781 1616 843 1653 ea
881 1601 1039 1670 longe
1075 1603 1356 1658 meliorem
1399 1602 1556 1658 nobis
1589 1603 1756 1675 largi-

172 1702 260 1746 tus
306 1708 456 1746 nunc
507 1693 691 1748 fuerit.
746 1693 861 1750 Non
911 1695 1080 1762 enim,
1131 1698 1587 1767 quemadmodum
1629 1706 1760 1752 tunc

169 1784 458 1852 temporis,
495 1785 671 1839 malus
711 1786 798 1840 ille
827 1787 1062 1850 daemon,
1105 1788 1198 1858 qui
1240 1797 1442 1842 terram
1480 1790 1755 1852 comedit,

170 1874 243 1928 ita
272 1889 426 1929 nunc
462 1875 630 1929 libere
657 1886 834 1946 potest
866 1879 931 1932 ad
968 1893 1069 1935 nos
1102 1880 1365 1936 accedere
1387 1919 1402 1946 ,
1454 1883 1755 1951 praesertim

170 1981 295 2019 cum
325 1981 436 2018 non
464 1965 636 2020 valeat
661 1968 782 2022 ﬁxis
800 1970 976 2024 oculis
1002 1971 1201 2025 intueri
1228 1986 1418 2026 eorum
1441 1974 1632 2027 l'aeiem
1663 1974 1756 2043 qui

171 2053 374 2107 celum
425 2054 604 2124 ipsum
637 2072 735 2125 pro
771 2074 867 2111 sua
905 2061 1081 2129 patria
1125 2072 1254 2116 sunt
1288 2063 1550 2117 assecuti.
1588 2063 1757 2117 Bene-

166 2146 374 2208 dictus,
418 2146 667 2216 inquam,
717 2150 877 2203 etiam
909 2150 1052 2207 Deus
1080 2151 1270 2216 Filius,
1301 2153 1394 2221 qui
1436 2155 1754 2211 novissimis

165 2234 362 2290 diebus
382 2237 434 2290 in
457 2237 872 2296 similitmlinem
897 2244 1178 2297 hominum
1209 2242 1385 2299 lactus
1407 2261 1472 2299 ex
1502 2249 1753 2311 muliere,

165 2339 217 2381 et
275 2333 329 2381 in
386 2337 634 2398 tempore
669 2348 792 2387 cum
845 2337 1164 2405 apparuerit
1208 2338 1297 2393 ille
1339 2340 1430 2408 qui
1476 2356 1582 2393 una
1625 2355 1749 2394 cum

171 2417 330 2475 Patre
367 2424 576 2477 creavit
623 2427 846 2491 saecula,
882 2438 940 2480 ut
968 2427 1403 2485 cacodasmonem
1450 2431 1628 2499 ipsum
1654 2432 1750 2486 de-

167 2519 498 2568 structorem
537 2517 685 2570 vasis
735 2516 939 2583 ﬁctilis,
973 2528 1182 2576 natura:
1229 2521 1438 2577 scilicet
1474 2523 1748 2590 humanae,

167 2601 215 2654 iu
241 2603 412 2657 simili
461 2605 632 2674 ﬁgura
672 2621 942 2677 apparens
965 2654 979 2677 ,
1016 2621 1346 2680 contereret,
1377 2622 1431 2668 et
1477 2615 1748 2671 hominem

163 2689 274 2757 jam
309 2691 588 2761 perditum
625 2696 682 2750 in
717 2712 917 2752 novum
962 2701 1237 2756 hominem
1268 2709 1322 2756 et
1355 2702 1749 2773 incorruptibi-

166 2782 267 2835 ls-m
324 2783 679 2851 rcformarct,
709 2801 762 2844 et
809 2805 904 2860 per
940 2801 1170 2846 mortem
1222 2809 1376 2848 suam
1429 2807 1747 2866 perpetuam

165 2873 312 2928 illam
345 2878 540 2932 mortis
569 2878 940 2936 incursionem
974 2893 1026 2936 et
1076 2884 1362 2953 imperium
1401 2886 1637 2953 sisteret,
1685 2904 1749 2942 ac

163 2966 215 3020 in
259 2969 533 3040 sanguine
579 2974 890 3028 testamenti
940 2975 1026 3030 sui
1075 2975 1344 3031 ﬁrmatam
1391 2994 1574 3048 pacem
1611 2983 1748 3035 scri-

164 3059 338 3124 heret,
367 3070 425 3115 ct
454 3063 809 3128 concordiam
869 3066 924 3120 in
977 3066 1114 3121 ctelo
1143 3069 1272 3122 etin
1312 3077 1453 3124 terra
1487 3071 1745 3140 ﬁrmaret,

164 3163 447 3224 assumpta
481 3155 734 3211 videlicet
753 3169 940 3212 nostra
964 3155 1199 3214 humana
1221 3170 1418 3214 natura
1452 3162 1506 3215 in
1542 3172 1745 3220 sortem

164 3246 314 3314 regni
338 3247 582 3317 sui,qui,
605 3248 732 3301 dum
752 3249 855 3303 sibi
889 3250 1070 3305 carnis
1102 3252 1511 3306 tabernaculum
1545 3254 1747 3308 forma-

164 3336 256 3398 vit,
296 3351 402 3392 nos
429 3353 494 3393 cx
523 3338 869 3409 corruptibili
918 3343 1273 3397 tabernaculo
1317 3345 1383 3398 ad
1423 3344 1747 3415 incorrupti-

163 3426 320 3480 bilem
373 3432 716 3484 mansionem
772 3432 824 3484 in
873 3433 1030 3487 ccelis
1088 3436 1540 3502 transformavit,
1592 3445 1647 3493 et
1691 3439 1743 3492 in

163 3518 347 3572 divino
378 3519 585 3575 lumine
617 3521 874 3576 ﬁduciam
908 3522 1054 3577 illam
1089 3525 1252 3582 nobis
1284 3527 1547 3591 restituit,
1577 3544 1743 3598 quam

1864 1062 1987 1101 cum
2028 1049 2290 1101 servitute
2347 1047 2714 1100 conculcarct.
2760 1043 2874 1096 Hoc
2907 1046 3050 1098 enim
3077 1053 3194 1097 erat
3238 1055 3437 1096 nostra-

1863 1140 2141 1195 servitutis
2200 1141 2526 1204 obsonium,
2581 1146 2634 1193 et
2676 1139 2775 1190 liae
2819 1137 2886 1190 de
2940 1152 3103 1190 causa
3155 1151 3219 1188 ee
3267 1137 3439 1204 magis

1863 1240 2102 1285 nostram
2132 1232 2436 1285 libertatem
2461 1228 2905 1289 tueridcbemus,
2937 1241 2996 1280 ea
3035 1226 3088 1278 in
3121 1227 3437 1278 memoriam

1861 1330 2204 1380 revocantes,
2232 1332 2374 1388 quae,
2408 1316 2536 1371 dum
2561 1314 2704 1371 servi
2724 1330 2994 1379 essemus,
3022 1313 3168 1383 passi
3194 1328 3385 1367 sumus
3421 1329 3434 1376 ;

1862 1410 1995 1464 illud
2044 1409 2318 1480 prmcipue
2350 1409 2700 1470 meditantes,
2749 1405 3008 1475 quidnam
3047 1405 3118 1458 sit
3158 1403 3302 1472 quod
3340 1419 3438 1472 pro

1860 1503 2018 1558 nobis
2042 1504 2227 1557 datum
2251 1511 2333 1558 est
2360 1503 2592 1572 pretium
2623 1518 2637 1565 ;
2673 1516 2779 1555 non
2808 1513 3002 1552 aurum
3030 1497 3302 1558 videlicet,
3329 1511 3435 1548 non

1860 1605 2173 1667 argentum,
2224 1596 2319 1651 sed
2353 1595 2537 1648 dileeti
2579 1593 2700 1647 Filii
2747 1591 2839 1646 Dei
2874 1591 3145 1659 pretiosus
3184 1588 3431 1660 sanguis.

1861 1705 2022 1760 quem
2048 1689 2206 1742 Pater
2242 1688 2358 1758 ipsc
2389 1685 2526 1740 Deus
2556 1700 2653 1754 pro
2683 1685 2841 1738 nobis
2872 1684 3094 1737 tradidit
3129 1683 3313 1749 morti,
3335 1699 3434 1735 nec

1861 1782 1938 1836 illi
1975 1781 2214 1850 pepercit
2247 1787 2470 1849 pr0pter
2507 1791 2758 1848 magnam
2799 1774 3124 1830 charitatem
3173 1787 3281 1843 qua
3334 1789 3436 1826 nos

1860 1874 2073 1928 dilexit.
2115 1871 2190 1926 Ne
2223 1873 2404 1941 itaque
2426 1871 2560 1925 tanti
2590 1870 2712 1924 doni
2756 1869 3263 1931 immmensitatem,
3289 1868 3434 1936 quod

1861 1965 2017 2020 nobis
2039 1964 2265 2032 largitus
2306 1973 2391 2018 est
2425 1965 2590 2026 Deus,
2623 1969 3062 2021 contemnamus,
3099 1975 3199 2013 nos
3235 1959 3432 2012 iterum

1859 2071 2050 2110 servos
2094 2064 2400 2109 statuentes
2442 2072 2453 2107 :
2506 2069 2613 2106 non
2646 2055 2792 2108 enim
2847 2051 3081 2120 amplius
3130 2050 3432 2104 libertatem

1861 2147 2174 2214 liujusmodi
2209 2146 2405 2200 iterum
2438 2159 2820 2213 assequemur,
2861 2157 2984 2196 cum
3006 2141 3174 2196 semel
3199 2142 3434 2196 dilectus

1862 2235 1952 2289 Dei
1989 2235 2158 2290 Filius
2197 2236 2478 2306 preprium
2525 2234 2848 2304 sanguinem
2899 2232 3123 2296 fuderit,
3156 2239 3215 2285 ut
3265 2246 3364 2287 nos
3403 2249 3433 2285 a

1859 2328 2099 2399 peccatis
2129 2328 2282 2382 liberi
2313 2328 2529 2398 justitia
2577 2327 2914 2396 repleamur.

1925 2420 2134 2490 Repleti
2174 2422 2340 2491 igitur
2367 2421 2660 2477 sanctitate
2693 2421 2867 2482 illius,
2900 2421 2993 2489 qui
3018 2421 3201 2474 omnia
3235 2420 3431 2491 replet,

1856 2513 2176 2568 thesaurum
2232 2522 2483 2568 nostrum
2535 2512 2696 2566 nobis
2735 2499 2987 2582 largitum
3039 2514 3432 2582 integrumcuo

1853 2606 2183 2671 stodiamus,
2213 2621 2310 2659 nec
2341 2605 2492 2658 illum
2523 2605 2730 2658 nobisa
2753 2620 3027 2675 quoquam
3060 2605 3271 2675 subripi
3305 2621 3432 2674 per-

1856 2701 2159 2764 mittamus,
2185 2713 2291 2753 non
2310 2699 2456 2754 enim
2482 2698 2718 2766 amplius
2740 2700 2844 2752 erit
2862 2698 3232 2753 excusationis
3253 2700 3428 2753 locus.

1853 2789 2008 2845 Tunc
2067 2792 2308 2856 etenim,
2379 2790 2504 2844 licet
2551 2790 2756 2858 abSque
2827 2790 2934 2843 ulla
2992 2792 3250 2854 utilitate,
3330 2794 3434 2847 fuit

1853 2891 2035 2935 tamen
2084 2883 2272 2936 relicta
2326 2881 2506 2952 aliqua
2552 2884 2879 2938 excusatio:
2937 2899 3084 2940 nunc
3120 2901 3248 2940 vero
3280 2903 3431 2959 qua:-

1854 2991 1978 3029 nam
2011 2991 2132 3029 esse
2170 2975 2389 3044 poterit,
2411 2989 2534 3028 cum
2570 2975 2716 3028 nulla
2742 2977 2811 3030 sit
2843 2977 3072 3031 daemoni
3103 2978 3334 3033 facultas
3361 2981 3427 3034 ad

1854 3082 1954 3121 nos
2002 3066 2319 3132 accedendi,
2374 3066 2468 3122 sed
2509 3068 2688 3135 potius
2747 3067 2838 3122 ille
2886 3085 2985 3123 nos
3039 3071 3231 3139 l'ugiat,
3283 3081 3344 3126 ut
3401 3089 3432 3127 a

1852 3167 2153 3228 conspectu
2179 3159 2343 3228 ignis,
2367 3169 2420 3213 et
2450 3160 2495 3214 si
2525 3160 2602 3212 illi
2631 3159 2846 3213 obviam
2877 3162 3215 3227 steterimus,
3256 3162 3430 3234 ftlgicl.

1854 3267 1953 3306 nos
1985 3251 2174 3321 procul
2220 3251 2434 3317 dubio;
2481 3251 2569 3307 sin
2609 3262 2790 3306 autem
2841 3255 3164 3319 accesserit,
3215 3260 3432 3311 eveniet

1853 3353 1908 3397 ut
1940 3343 2297 3397 conculcetur
2319 3344 2422 3397 sub
2455 3343 2684 3412 pedibus
2717 3345 2925 3399 nostris
2963 3355 3220 3416 tanquam
3259 3349 3304 3404 is
3331 3354 3426 3419 qui

1853 3434 2099 3503 rapinam
2137 3442 2220 3488 est
2263 3443 2523 3503 operatus
2555 3435 2578 3488 ἲ
2615 3434 2963 3491 Conﬁdentes
3001 3437 3101 3492 liae
3131 3439 3198 3492 de
3233 3455 3424 3506 causa,

1853 3541 1962 3579 non
2001 3525 2161 3579 nobis
2201 3524 2336 3594 ipsis
2361 3565 2376 3590 ,
2439 3524 2550 3578 imo
2587 3524 2664 3578 illi
2696 3525 2881 3595 potius
2915 3527 3006 3595 qui
3057 3528 3234 3595 ipsum
3267 3532 3429 3585 nobis

163 3611 503 3680 perdidimus
539 3613 689 3669 illius
723 3614 915 3680 livore,
949 3617 1042 3687 qui
1075 3618 1129 3671 in
1175 3619 1378 3674 lumine
1424 3636 1746 3689 permanere
1772 3637 1814 3693 ο
1851 3617 2286 3672 conculcandum
2323 3615 2562 3670 reddidit
2590 3618 2828 3685 potentia
2858 3618 3253 3686 magnitudinis
3287 3636 3423 3686 sum,

162 3705 354 3770 noluit,
382 3707 648 3777 principis
667 3709 1017 3764 tenebrarum
1047 3727 1062 3773 ;
1094 3710 1147 3764 in
1168 3725 1278 3781 quo
1297 3713 1462 3766 etiam
1488 3728 1589 3769 nos
1612 3713 1742 3768 dmn

161 3813 414 3854 essemus
442 3799 757 3853 mortiﬁcati
796 3801 850 3854 in
885 3803 1091 3858 erroris
1130 3805 1464 3870 corruptela,
1498 3821 1644 3858 nunc
1675 3805 1743 3860 ad

162 3890 325 3942 vitam
375 3905 572 3945 sumus
611 3891 806 3944 iterum
842 3894 1104 3956 revocati,
1131 3893 1390 3962 absorpta
1420 3895 1508 3947 illa
1543 3906 1745 3950 morta-

162 3978 313 4034 litate
344 3996 442 4049 per
481 3981 654 4050 ipsius
680 3983 901 4039 luminis
924 3984 1218 4038 cﬂicaciam
1242 3995 1296 4040 et
1322 3985 1598 4051 virtutem,
1630 4004 1744 4042 ma-

154 4071 333 4137 jorem
378 4073 591 4127 scilicet
640 4075 1114 4144 participationem
1173 4087 1230 4132 et
1299 4080 1740 4135 communionem

161 4165 358 4231 prioris
400 4165 546 4220 illius
574 4166 751 4238 largiti
791 4167 952 4224 nobis
980 4168 1203 4225 luminis
1245 4170 1451 4239 adepti,
1492 4171 1546 4225 in
1573 4173 1742 4243 gloria

159 4257 558 4328 magnitudinis
585 4259 729 4327 ejus.
754 4260 1080 4316 Benedictus
1106 4263 1269 4317 etiam
1312 4264 1474 4330 Deus,
1503 4266 1741 4333 Spiritus

160 4345 414 4399 videlicet
456 4344 572 4410 Dei,
625 4347 716 4415 qui
755 4349 922 4418 replet
964 4351 1171 4412 oiiinia,
1205 4357 1260 4404 et
1299 4349 1352 4404 in
1384 4366 1494 4421 quo
1533 4353 1738 4408 caelesti

156 4436 332 4505 gratia
383 4435 536 4506 digni
573 4436 697 4492 facti
737 4455 953 4501 sumus,
983 4449 1036 4494 et
1062 4439 1390 4495 delictorum
1427 4454 1739 4497 nostrorum

158 4529 543 4584 remissionem
563 4545 754 4587 sumus
769 4533 1074 4593 consecuti.
1096 4534 1274 4588 soluta
1297 4534 1350 4587 in
1372 4535 1458 4588 die
1482 4537 1742 4590 condcta-

157 4621 402 4676 nationis
447 4629 502 4676 et
544 4621 822 4680 destructa
873 4626 1083 4695 peccati
1155 4627 1331 4696 ipsius
1366 4627 1735 4683 damnatione.

220 4712 411 4767 Liberi
449 4711 634 4782 itaque
668 4728 696 4767 a
742 4715 1023 4770 servitutis
1057 4716 1209 4787 jugo,
1239 4732 1350 4787 quo
1395 4720 1737 4784 tenebamur,

159 4804 203 4856 in
238 4804 498 4857 libertate
519 4806 884 4872 ambulemus,
921 4822 1023 4861 nec
1051 4808 1248 4863 iterum
1278 4808 1446 4878 priori
1490 4812 1737 4865 servituti

159 4914 252 4950 nos
301 4897 695 4967 subjiciamus.
729 4895 786 4949 Si
830 4897 999 4960 enim,
1031 4898 1124 4968 qui
1166 4901 1519 4970 temporalem
1557 4902 1735 4974 adepti

1848 3710 2027 3765 securi
2053 3710 2324 3773 vivamus,
2352 3725 2458 3764 non
2489 3711 2685 3764 iterum
2706 3711 2872 3764 stulte
2900 3721 3217 3780 appetentes
3238 3714 3423 3768 (-ihunt

1846 3801 2181 3870 cognitionis
2216 3801 2344 3855 boni
2372 3809 2424 3855 et
2465 3800 2619 3862 mali,
2658 3800 2754 3855 sed
2785 3802 3105 3871 angelorum
3136 3803 3259 3857 cibo
3298 3819 3424 3859 cou-

1847 3895 1982 3948 tenti
2026 3897 2222 3958 simus,
2263 3908 2423 3963 quem
2471 3893 2564 3962 qui
2617 3894 2927 3961 degustant,
2975 3909 3254 3963 nunquam
3298 3897 3422 3952 illos

1850 3987 2118 4053 pmnitere
2165 3985 2452 4054 contingit.
2503 3984 2768 4049 Quisnam
2822 3998 2951 4037 vero
3003 3984 3186 4038 cibum
3227 3997 3424 4041 nactus

1844 4079 1912 4129 ad
1942 4075 2256 4128 l'ruitiouem
2297 4075 2420 4127 vine
2461 4081 2513 4127 et
2539 4073 2825 4128 suavitatis
2845 4072 3122 4139 idoneum,
3151 4078 3419 4130 amaritu-

1842 4167 1988 4222 dinis
2021 4178 2074 4220 et
2118 4167 2312 4220 mortis
2353 4166 2534 4218 cibum
2577 4171 2802 4235 gustare
2851 4179 3093 4232 unquam
3136 4167 3421 4222 voluerit?

1843 4258 2112 4314 Praeterea
2144 4261 2188 4314 si
2219 4258 2272 4311 in
2303 4257 2442 4311 cibis
2475 4255 2927 4327 corruptibilibus
2959 4256 3140 4312 nullus
3167 4260 3420 4328 coinqui‘

1845 4352 1963 4406 nari
2010 4351 2181 4420 cupit,
2222 4364 2459 4420 quonam
2508 4355 2668 4418 pacto
2705 4347 2819 4401 ﬁeri
2863 4347 3060 4417 poterit
3089 4357 3146 4402 ut
3184 4365 3288 4404 nos
3319 4352 3417 4419 qui

1844 4444 2180 4513 sempiterna
2231 4440 2463 4494 fruimur
2511 4439 2820 4504 suavitate,
2853 4441 2991 4494 cibis
3033 4442 3420 4495 amaritudinis

1843 4535 2202 4604 cupiditatum
2223 4532 2405 4585 carnis
2421 4532 2765 4599 coinquinari
2788 4532 3208 4600 permittamus?
3227 4533 3421 4587 Nullus

1845 4629 2311 4697 seipsum,qu:eso
2332 4639 2450 4686 vos,
2483 4623 2729 4679 seducal.
2757 4624 2949 4679 Omnis
2977 4626 3192 4693 quidem
3224 4642 3420 4681 concu-

1842 4717 2108 4788 piscentia
2139 4717 2323 4772 carnis
2356 4731 2477 4770 esea
2510 4723 2612 4778 est,
2638 4723 2692 4768 et
2740 4716 3074 4770 incentivum
3115 4718 3417 4785 quoddam,

1844 4811 2108 4865 modicam
2127 4811 2358 4866 aﬁerens
2374 4809 2716 4872 suavitatem,
2734 4808 2930 4866 deinde
2949 4825 3073 4864 vero
3097 4810 3161 4864 ad
3190 4820 3418 4864 mortem

1844 4919 1946 4958 nos
1978 4904 2287 4971 praecipites
2311 4902 2483 4955 ducit.

158 4999 283 5041 sunt
315 4989 649 5053 libertatem,
673 4987 816 5042 ferre
850 4988 1000 5042 nullo
1028 4999 1187 5058 pacto
1205 5002 1435 5061 possunt
1458 5003 1537 5059 ut,
1574 4970 1740 5049 liber~
1766 4970 1818 5030 D
1919 4970 2055 5048 (lum
2081 4970 2245 5063 igitur
2275 4993 2453 5047 cibum
2489 4992 2782 5045 habeamus
2810 5000 3026 5044 aeterna:
3051 4991 3192 5052 vitae,
3222 5005 3417 5045 cavea-

160 5089 263 5132 tate
289 5080 565 5148 neglecta,
600 5079 796 5132 iterum
823 5077 890 5133 ad
926 5080 1207 5136 servitutis
1239 5082 1426 5154 jugum
1465 5099 1742 5142 revertan-

159 5179 263 5235 tur,
313 5181 527 5242 quanto
572 5171 744 5241 magis
792 5185 916 5234 nos,
963 5175 1055 5242 qui
1109 5175 1502 5243 sempiternam
1548 5195 1741 5234 sumus

159 5266 395 5321 assecuti
431 5265 741 5320 libertatem
767 5304 783 5330 ,
822 5265 997 5336 ipsius
1032 5267 1303 5323 libertatis
1337 5267 1564 5338 gloriam
1608 5287 1741 5326 con-

161 5377 378 5416 servare
408 5361 692 5426 debemus,
743 5377 844 5416 nec
887 5362 1086 5416 iterum
1125 5364 1408 5420 servitutis
1441 5367 1741 5435 ignominia

161 5455 291 5508 allici
321 5455 563 5523 ;quique
591 5469 698 5508 non
719 5469 919 5508 vanum
948 5455 1220 5511 libertatis
1243 5459 1513 5527 quoddam
1542 5476 1737 5516 nomen

159 5547 331 5616 adepti
376 5560 596 5611 smnus,
640 5560 762 5616 qua:
794 5547 847 5601 in
880 5547 982 5602 hac
1017 5549 1125 5601 vita
1166 5558 1375 5605 tantum
1408 5567 1508 5606 nos
1541 5553 1739 5609 liberos

234 5686 246 5710 ¹
288 5681 328 5735 II
356 5681 487 5736 Cor.
524 5697 574 5742 v,
607 5680 697 5733 2|.

1852 5101 1973 5139 Inus
2023 5101 2108 5149 ne,
2144 5084 2346 5138 diaboli
2392 5099 2645 5138 escarum
2695 5083 3059 5140 delectatione
3105 5082 3313 5148 allecti,
3348 5083 3413 5136 ad

1851 5187 2078 5232 mortem
2114 5177 2462 5246 prolabamur
2494 5193 2508 5240 ;
2541 5175 2635 5230 sed
2669 5175 2979 5230 sanctitatis
3015 5173 3158 5227 illius
3190 5174 3280 5241 qui
3316 5189 3416 5226 nos

1849 5271 1918 5321 ab
1947 5267 2204 5321 omnilms
2236 5265 2662 5335 inquinamentis
2705 5264 2909 5318 nostris
2945 5263 3214 5333 purgavit,
3247 5265 3415 5332 parti-

1849 5366 2000 5436 cipes
2032 5365 2179 5429 facti,
2225 5364 2398 5419 sancti
2432 5363 2753 5417 elliciamur.
2796 5360 2907 5414 llac
2945 5360 3090 5412 enim
3140 5359 3207 5413 de
3248 5374 3415 5412 causa

1851 5461 2028 5514 lactus
2060 5468 2144 5514 est
2176 5475 2273 5528 pro
2304 5460 2460 5514 nobis
2491 5460 2606 5527 ipse.
2645 5466 2949 5527 peccatum,
2985 5473 3053 5510 ne
3091 5455 3328 5523 amplius
3361 5459 3413 5506 iu

1850 5554 2007 5606 nobis
2043 5559 2538 5621 regm-t-pcccatum
2573 5553 2586 5579 ¹
2626 5569 2638 5614 ;
2679 5557 2926 5603 mortuus
2957 5548 3118 5604 etiam
3153 5554 3239 5602 est
3277 5547 3415 5617 ipse,

1672 5757 1900 5812 NOTAE.

233 5847 302 5905 tl)
331 5845 455 5901 Ilaec
481 5848 662 5901 oratio
693 5849 878 5903 Graece
913 5849 1183 5918 impressa
1213 5865 1319 5902 non
1349 5857 1542 5904 exstat.
