4188 6456
710 478 814 540 293

1945 474 2214 534 LEONIS
2256 475 2715 537 PIIILOSOPIU

3878 478 3987 541 295

719 607 785 641 ne
818 587 1022 658 pet-rati
1046 600 1207 655 opma
1240 586 1476 656 amplius
1509 586 1717 648 vivant,
1749 586 1875 637 dum
1920 584 1973 636 iu
2009 584 2167 639 nobis
2198 584 2290 653 ju-
2322 594 2366 649 Α
2398 586 2776 655 comparavit,
2831 587 2902 639 ita
2954 586 3119 640 etiam
3168 601 3267 643 nos
3315 601 3472 658 aequo
3524 586 3758 643 ferentes
3791 603 3986 643 animo

716 680 877 733 stitia:
930 678 1160 731 vixerint
1204 693 1387 745 opera.
1448 674 1909 739 Misericordiam,
1966 676 2193 742 fratres,
2243 685 2295 730 et

719 771 1111 823 immanitatem
1141 769 1455 837 diligamus,
1486 768 1596 823 tunc
1624 769 1768 821 enim
1791 776 1875 823 est
1904 768 2027 823 vita:
2053 769 2296 824 coalcstis

720 864 1053 935 aggregatio,
1087 871 1139 914 et
1169 876 1263 915 eos
1304 861 1395 929 qtti
1425 863 1598 930 ipsam
1636 861 1894 932 diligunt,
1939 863 2063 916 licet
2095 863 2205 917 sint
2243 862 2296 914 in

716 970 903 1017 carne,
933 955 1184 1008 caelestes
1217 953 1383 1007 eilieit
1411 971 1422 1006 :
1449 953 1888 1023 quandoquidem
1920 953 2084 1005 etiam
2119 953 2297 1023 ipsum

716 1051 994 1103 (mlestum
1018 1044 1185 1099 Deum
1215 1047 1268 1099 itt
1292 1061 1458 1099 carne
1487 1044 1599 1097 fieri
1635 1045 1748 1113 ipsa
1776 1042 1973 1106 effecit,
2003 1053 2052 1098 ct
2080 1058 2141 1097 ea
2178 1058 2300 1113 qua:

720 1143 856 1191 inter
889 1152 948 1192 se
985 1139 1254 1191 immenso
1282 1136 1489 1191 distant
1530 1137 1732 1205 spatio,
1771 1136 1820 1188 in
1858 1150 2027 1188 unum
2065 1134 2300 1205 conjun-

719 1231 815 1283 xit.
853 1227 1176 1283 Volutetnus
1210 1228 1392 1281 animo
1422 1236 1689 1296 quantum
1748 1226 1967 1280 intersit
2025 1226 2167 1279 inter
2200 1225 2297 1279 luti

719 1317 958 1373 massam
996 1326 1048 1371 et
1083 1318 1325 1387 figulum.
1374 1316 1515 1381 Quid
1552 1315 1720 1386 igitur
1770 1315 1987 1384 figulus.
2033 1322 2092 1367 ιιι
2137 1312 2301 1367 faciat

717 1428 815 1467 vas
840 1412 970 1466 utile
1000 1412 1065 1464 ad
1088 1410 1306 1481 aliquod
1336 1408 1723 1470 ministerium,
1764 1408 1997 1477 suscipit
2028 1407 2126 1460 lttti
2156 1422 2298 1461 mas-

721 1518 860 1567 sam,
889 1511 939 1556 et
964 1502 1135 1555 lutum
1169 1502 1345 1568 ipsum
1381 1514 1487 1551 non
1523 1497 1785 1567 suscipiet
1817 1498 2077 1567 seipsum,
2114 1506 2167 1551 et
2216 1512 2302 1551 se-
2348 1531 2352 1546 .

723 1598 898 1663 ipsum
935 1592 1223 1661 alutcgabit
1259 1594 1280 1643 ‘.’
1313 1590 1379 1642 At
1420 1588 1696 1658 quomodo
1746 1587 1858 1641 fieri
1902 1602 2062 1641 secus
2108 1586 2305 1655 poterit

723 1707 817 1741 vas
862 1702 1164 1757 congruum
1230 1685 1294 1739 ad
1346 1684 1565 1754 aliquod
1621 1683 2011 1744 ministerium,
2052 1682 2154 1736 nisi
2210 1695 2304 1750 per

726 1797 920 1835 manus
956 1781 1101 1850 figuli
1138 1779 1376 1847 accipiat
1420 1776 1857 1832 benedictionem
1893 1774 1914 1826 ?
1949 1773 2103 1827 Tune
2134 1776 2301 1838 enim,

726 1884 783 1927 ut
813 1891 876 1928 ex
924 1886 987 1925 eo
1023 1870 1225 1940 aliquid
1271 1868 1532 1923 formetur
1560 1866 1691 1920 utile
1726 1873 1811 1920 est
1854 1865 2054 1927 lutum,
2084 1863 2303 1933 quando

2406 676 2714 732 adinviccm
2753 677 3047 747 opprobria
3075 688 3129 734 et
3162 680 3540 745 contumelias,
3567 680 3795 749 gloriam
3822 681 3987 733 nobis

2400 783 2808 839 comparemus,
2860 768 3097 826 salutem
3148 769 3453 826 consecuti.
3492 768 3704 839 Typum
3739 770 3886 824 enim
3932 778 3987 823 et

2400 860 2683 929 exemplar
2739 860 2981 931 seipsum
3042 862 3202 918 nobis
3258 862 3346 916 ille
3386 859 3652 925 tradidit,
3703 861 3985 932 quomodo

2403 963 2657 1024 oporteat
2680 972 2839 1027 opem
2870 957 3012 1014 ferre
3039 966 3093 1014 et
3124 959 3405 1028 suscipere
3431 957 3754 1021 imbecillos,
3789 957 3883 1027 qui
3918 955 3986 1010 ad

2403 1045 2587 1100 intima
2641 1054 2845 1102 nostra:
2904 1046 3481 1103 imbecillitatis'cum
3544 1046 3984 1107 descendisset,

2402 1138 2496 1207 qui
2526 1149 2607 1193 est
2639 1153 2804 1208 supra
2825 1154 3015 1196 omnes
3045 1138 3311 1195 caelorum
3341 1140 3594 1203 virtutes,
3617 1137 3772 1191 nihili
3797 1136 3994 1205 pendit

2403 1230 2585 1285 omnia
2631 1231 3003 1298 incommoda,
3048 1248 3174 1287 cum
3211 1232 3361 1286 nullo
3395 1243 3555 1303 pacto
3590 1233 3745 1287 aliter
3770 1244 3869 1284 nos
3903 1230 3992 1283 in-

2404 1320 2591 1377 ﬁrmos
2622 1323 2803 1376 sanari
2835 1321 3105 1377 licuisset.
3136 1323 3228 1377 Illa
3263 1334 3536 1380 seetemur
3565 1322 3779 1378 Domini
3810 1319 3991 1375 vesti-

2404 1411 2512 1480 gia,
2556 1427 2649 1481 per
2682 1412 3149 1483 longanimitatem
3177 1428 3279 1469 nos
3310 1415 3461 1483 ipsos
3496 1414 3728 1467 humiles
3753 1411 3996 1466 redden—

2405 1512 2511 1566 tes,
2548 1514 2603 1559 et
2635 1505 2865 1559 aliorum
2898 1502 3144 1560 defectus
3168 1506 3224 1559 in
3259 1505 3545 1561 charitatis
3573 1504 3801 1558 victoria
3827 1518 3997 1569 aequo

2408 1595 2650 1653 ferentes
2679 1597 2889 1663 animo;
2914 1612 3025 1651 non
3054 1597 3378 1664 irascentes,
3409 1598 3499 1653 sed
3532 1596 3711 1667 potius
3749 1608 3847 1665 pro
3880 1593 3996 1647 illis

2409 1699 2677 1746 orantes:
2734 1691 3180 1761 quandoquidem
3224 1692 3388 1747 etiam
3432 1689 3685 1744 Christus
3734 1701 3832 1757 pro
3880 1686 3993 1740 illis

2411 1782 2604 1835 orabat
2640 1783 2733 1850 qui
2760 1798 2885 1837 eum
2922 1782 2976 1837 in
3012 1798 3178 1837 cruce
3204 1797 3303 1852 pro
3329 1796 3428 1835 sua
3463 1780 3754 1852 fragilitate
3784 1777 3995 1832 afficie-

2412 1870 2542 1924 bant
2582 1872 2784 1941 injuria
2831 1892 2843 1926 :
2883 1888 2990 1927 non
3023 1873 3166 1927 enim
3200 1870 3609 1942 cognoscebant
3650 1884 3823 1941 neque
3855 1869 3996 1939 quid

724 1976 809 2021 est
848 1966 982 2018 bene
1013 1936 1340 2031 dispositum
1386 1959 1453 2013 ad
1487 1958 1636 2029 figuli
1682 1958 2039 2011 voluntatem.
2097 1951 2306 2008 Eﬂlcia-
2338 1936 2377 1991 Β
2413 1936 2653 2016 facerent
2704 1963 3102 2032 intemgebam,
3136 1973 3190 2019 ει
3237 1936 3341 2017 ιθξιο
3389 1963 3457 2017 de
3478 1976 3643 2017 causa
3691 1936 3813 2017 οὐκ..
3859 1936 3998 2016 έοη-

726 2070 847 2108 mur
892 2054 1076 2125 itaque
1104 2052 1269 2106 etiam
1304 2064 1404 2103 nos
1434 2048 1569 2104 bene
1603 2045 1882 2118 dispositi,
1920 2056 2114 2099 exacta
2157 2043 2306 2098 vide-

728 2148 851 2199 licet
904 2153 956 2199 et
1015 2142 1256 2213 perfecto
1307 2157 1430 2199 cum
1492 2133 1995 2210 ﬁgulouniodget
2039 2149 2107 2198 ex
2162 2134 2309 2196 bona

726 2238 934 2291 nomine
979 2237 1179 2289 bonum
1230 2232 1464 2286 iiut-tum
1511 2230 1823 2295 aderamus,
1867 2218 2304 2283 misericordiam

726 2329 977 2382 videlicet
1010 2335 1063 2382 et
1093 2326 1439 2379 clementiam
1474 2341 1486 2388 ;
1522 2338 1619 2377 nec
1649 2338 1675 2377 a
1707 2324 1853 2377 bono
1889 2322 2099 2376 semine
2128 2320 2304 2375 malus

728 2426 940 2475 fructus
998 2420 1230 2481 oriatur,
1287 2424 1340 2471 et
1387 2415 1517 2469 vitis
1563 2412 1628 2467 ad
1666 2414 1905 2467 laetitiam
1956 2414 2201 2481 plantata
2252 2412 2306 2465 in

729 2513 1154 2568 amaritudinem
1197 2516 1575 2572 convertatur,
1622 2522 1746 2561 cum
1797 2515 1942 2561 recte
1992 2506 2308 2561 noverimus

726 2608 871 2678 quod
921 2606 1133 2659 fructus
1179 2603 1266 2656 ille
1291 2603 1381 2671 qui
1425 2616 1535 2654 non
1567 2608 1650 2653 est
1689 2598 1895 2668 proprii
1939 2599 2163 2653 seminis
2195 2612 2311 2668 ger-

727 2714 945 2760 manus,
983 2694 1417 2749 benedictionem
1453 2707 1557 2745 non
1587 2691 1815 2755 obtinet,
1848 2691 1941 2745 sed
1970 2688 2308 2744 maledictio-

730 2805 874 2851 nem,
909 2796 961 2841 et
1006 2786 1246 2839 laborem
1281 2783 1534 2854 agricohn
1563 2782 1810 2836 inutilem
1842 2779 2038 2843 reddit,
2074 2790 2126 2833 et
2159 2794 2309 2847 spem

731 2879 932 2933 laetitiae
966 2878 1016 2931 in
1065 2877 1381 2930 iniustitiam
1416 2874 1493 2927 illi
1531 2873 1820 2927 convertit.
1859 2873 1934 2926 Ex
1968 2871 2113 2925 bono
2143 2869 2311 2940 igitur

729 2971 937 3024 semine
992 2969 1229 3021 fructum
1274 2964 1553 3019 diversum
1597 2971 1651 3018 ct
1683 2963 1920 3016 alienum
1969 2976 2077 3015 non
2113 2959 2309 3013 affera-

730 3079 873 3125 mus,
908 3077 972 3116 ne
1021 3059 1338 3113 mtestitiatn
1379 3056 1634 3127 agricola:
1676 3055 2040 3125 praebeamus,
2069 3063 2119 3106 et
2153 3052 2313 3106 male-

732 3153 988 3208 dictionis
1068 3149 1391 3204 sententiam
1466 3149 1829 3202 incurramus.
1919 3145 2033 3199 Sed.
2103 3145 2309 3205 bonum

730 3260 1047 3314 operemur,
1091 3244 1294 3297 bonum
1333 3240 1628 3310 agricolam
1666 3254 1775 3308 pra:
1806 3238 1983 3293 oculis
2026 3224 2308 3298 h'abeutes,
2337 3266 2381 3328 Ο

734 3351 909 3405 neque
959 3335 1159 3386 malum
1208 3335 1259 3383 itt
1315 3330 1459 3383 bono
1508 3327 1958 3388 admisce-auius;
2016 3339 2120 3377 non
2165 3322 2308 3377 enim

730 3436 814 3481 est
860 3423 1221 3485 credendum,
1254 3421 1380 3473 dum
1417 3434 1509 3473 rex
1557 3418 1815 3487 quiescit,
1854 3418 2120 3469 latronem
2157 3428 2308 3467 arma

732 3516 1132 3586 depositurum.
1169 3512 1276 3566 llac
1304 3512 1469 3579 igitur
1498 3510 1565 3563 dc
1593 3524 1756 3563 causa
1788 3509 1854 3562 ad
1884 3509 2118 3561 nobili-tt;
2148 3506 2312 3573 Regis

733 3612 977 3662 domum.
1013 3620 1134 3674 quae
1166 3618 1266 3658 nos
1296 3603 1399 3673 ipsi
1434 3617 1646 3665 sumus,
1701 3615 1852 3653 arma
1895 3599 2179 3652 homicida:
2224 3614 2315 3650 ea-

740 3701 1075 3753 t-mlzetnouis
1107 3699 1415 3767 inrumpere
1461 3710 1528 3750 ne
1568 3695 1966 3764 permittamus.
2002 3692 2141 3746 Dicit
2168 3692 2312 3743 enim

736 3795 879 3847 licus
918 3810 928 3845 :
972 3790 1295 3843 lnltabitabo
1334 3788 1477 3841 inter
1518 3787 1665 3855 ipsos
1710 3795 1763 3839 et
1794 3785 2170 3839 deantbulabo.
2206 3783 2315 3835 Ma-

738 3888 820 3937 lus
857 3898 985 3937 vero
1032 3882 1241 3933 diunon
1278 3889 1329 3931 et
1379 3875 1647 3930 homicida
1690 3875 1759 3927 ab
1810 3874 1971 3927 initio
2036 3874 2313 3927 hominem

737 3977 862 4029 odio
925 3974 1139 4036 habuit,
1186 3988 1309 4026 cum
1347 3969 1618 4039 superbus
1664 3969 1734 4022 sit
1774 3977 1825 4019 et
1885 3966 2312 4035 supplantator;

735 4080 785 4120 et
830 4082 923 4136 per
956 4082 1080 4120 eutn
1118 4063 1317 4116 invidia
1351 4070 1534 4115 ortum
1568 4060 1782 4119 habuit,
1831 4068 1884 4112 et
1921 4074 2015 4127 per
2054 4057 2313 4110 invidiam

745 4176 894 4214 mors
964 4156 1205 4226 regnavit
1267 4156 1319 4208 in
1380 4154 1558 4207 nobis.
1635 4153 1889 4206 Christus
1947 4159 2124 4203 autem
2191 4162 2315 4201 cum

737 4253 974 4309 venisset
1031 4258 1322 4319 tyrannum
1370 4246 1553 4314 ejecil,
1591 4262 1698 4314 quo
1735 4246 1909 4313 cjecto
1954 4242 2085 4295 niltil
2126 4255 2315 4294 eorum

739 4345 974 4415 amplius
1004 4351 1264 4412 operatur
1294 4355 1414 4408 (ιιιιο
1447 4348 1605 4392 antea
1634 4339 1684 4391 in
1714 4341 1831 4407 ipso
1856 4337 2243 4405 "parabantur.

810 4437 1098 4505 Quomodo
1141 4437 1305 4505 igitur
1332 4435 1707 4502 operabuntur
1736 4430 1940 4498 aliquid
1975 4442 2318 4496 qumennquc

742 4538 1065 4601 potestatem
1094 4526 1363 4580 habebant
1391 4532 1678 4592 antequam
1701 4530 1970 4591 tytanntts
1993 4520 2281 4587 ejiceretur
2300 4520 2320 4567 ’ἐ

2412 2061 2704 2108 eusserunt
2736 2054 2827 2122 qui
2882 2062 3044 2109 terra:
3095 2054 3449 2108 fundamenta
3493 2062 3791 2109 concutere
3830 2054 3999 2108 solet.

2408 2144 2469 2202 ω
2516 2147 2678 2202 etiam
2714 2146 2871 2203 nobis
2905 2146 3226 2209 declaravit,
3266 2164 3372 2201 non
3405 2148 3579 2203 solum
3621 2162 3683 2201 ea
3736 2148 3999 2217 longani-

2411 2236 2596 2293 mitate
2656 2254 2762 2308 qua
2812 2238 3120 2310 perferebat
3170 2240 3428 2308 injurias,
3470 2255 3660 2293 verum
3704 2241 3869 2293 etiam
3926 2255 3995 2294 ex

2411 2338 2601 2385 nostra
2632 2330 2686 2383 in
2715 2344 2902 2393 carne,
2936 2346 3098 2401 quam
3133 2333 3451 2400 assumpsit,
3488 2331 3812 2387 humilitate.

2483 2418 2623 2485 Quid
2667 2420 2814 2473 enim
2862 2421 3026 2475 vilius
3083 2423 3463 2489 corruptione,
3508 2436 3673 2492 quam
3718 2435 3849 2476 caro
3877 2421 4000 2490 ipsa

2414 2511 2750 2566 harreditatis
2795 2510 2919 2565 loco
2974 2511 3228 2565 obtinet?
3263 2510 3626 2566 Nihilominus
3664 2512 3845 2566 nullus
3889 2513 4003 2565 ira-

2411 2603 2586 2657 scitur
2647 2602 2902 2656 imbecilli
2958 2602 3095 2671 parti
3162 2605 3449 2673 corporis,
3517 2602 3612 2657 sed
3666 2604 4002 2671 compatitur

2413 2694 2593 2761 potius
2625 2693 2722 2754 illi,
2754 2692 2898 2747 fovet
2937 2692 3082 2746 illam
3120 2700 3174 2748 et
3209 2695 3257 2747 ei
3288 2692 3391 2747 fert
3424 2706 3605 2761 opem.
3646 2691 3702 2745 Si
3746 2693 3911 2762 igitur
3942 2693 3999 2744 in

2416 2788 2578 2839 rebus
2607 2798 2729 2855 qua:
2755 2794 2883 2838 sunt
2910 2784 3165 2839 obnoxiae
3197 2785 3537 2855 corruptioni
3581 2785 3653 2839 ita
3689 2785 3802 2839 fieri
3832 2784 4001 2847 solet,

2415 2880 2620 2941 quanto
2651 2874 2822 2944 magis
2851 2873 2903 2927 in
2939 2873 3023 2929 his
3052 2874 3217 2929 rebus
3241 2891 3362 2945 quae
3387 2876 3740 2944 corruptione
3765 2883 3960 2928 carent
3985 2875 3999 2927 ι

2415 2963 2492 3018 Ne
2524 2974 2748 3035 propter
2772 2965 3113 3033 iniquitatem
3145 2966 3311 3037 iniqui
3340 2965 3553 3032 fiamus,
3589 2965 3682 3021 sed
3714 2966 4003 3020 vincamus

2417 3056 2469 3109 in
2511 3056 2912 3118 misericordia,
2962 3065 3020 3110 ut
3059 3056 3171 3111 Deo
3216 3057 3344 3113 facti
3389 3060 3539 3123 boni,
3590 3058 3752 3113 etiam
3787 3072 3889 3111 nos
3933 3062 4007 3112 ab

2415 3160 2480 3198 eo
2510 3142 2826 3214 diligamur.
2859 3144 3045 3216 Neque
3082 3156 3306 3217 propter
3352 3149 3584 3202 aliorum
3625 3148 4004 3203 infirmitatem

2416 3236 2579 3289 etiam
2611 3251 2712 3290 nos
2741 3237 2938 3290 infirmi
2965 3237 3284 3305 reddamur,
3311 3240 3405 3294 sed
3432 3241 3635 3310 potius,
3679 3242 3724 3295 si
3756 3241 3870 3293 tieri
3906 3256 4007 3310 po—

2416 3338 2556 3391 test,
2601 3344 2665 3382 ex
2716 3338 2903 3383 nostra
2937 3329 3090 3382 firma
3132 3332 3446 3386 valetudine
3494 3332 3700 3401 aliquid
3764 3332 4006 3386 infirmis

2417 3420 2734 3490 largiamur,
2778 3434 2836 3474 ιιι
2874 3420 2951 3474 illi
2986 3430 3273 3488 sanentur,
3323 3437 3419 3475 nec
3465 3424 3698 3491 amplius
3727 3422 4007 3477 claudicet

2417 3514 2508 3582 qui
2543 3514 2773 3568 claudus
2799 3524 2906 3577 est,
2947 3523 3002 3569 et
3027 3514 3236 3571 festuca
3270 3518 3337 3572 ab
3362 3519 3483 3586 ejus
3511 3518 3685 3569 oculis
3716 3531 4009 3571 removea-

2422 3617 2527 3665 tur,
2568 3615 2621 3658 et
2643 3604 2822 3658 videat
2859 3604 3023 3660 frater
3055 3621 3241 3662 noster
3263 3625 3383 3679 qua:
3408 3610 3549 3664 bona
3575 3616 3703 3664 sunt
3733 3616 3792 3663 et
3820 3618 4000 3665 recta.

2419 3697 2890 3762 Quemadmodum
2930 3701 3076 3753 enim
3113 3717 3209 3772 pes
3240 3718 3410 3759 sanus
3448 3719 3557 3759 non
3595 3704 3893 3763 claudicat,
3930 3706 4007 3758 ita

2420 3792 2616 3846 oculus
2645 3807 2748 3845 non
2771 3790 3101 3848 allucinatus
3121 3793 3321 3848 videbit
3346 3802 3512 3849 recta.
3535 3793 3631 3847 Irae
3647 3793 3808 3847 etiam
3825 3796 4009 3849 omnis

2420 3885 2765 3938 exaeerltatio
2795 3885 2970 3939 oritur
2995 3901 3057 3938 ex
3093 3885 3433 3940 infirmitate.
3475 3885 3529 3938 Si
3564 3900 3693 3937 vero
3741 3885 4003 3951 corporis

2423 3977 2664 4029 membra
2710 3992 2814 4029 non
2863 3977 3258 4045 percutiemus,
3303 3976 3396 4030 scd
3448 3976 3630 4045 potius
3676 3975 4007 4035 fovebimus,

2423 4083 2524 4122 cur
2561 4084 2684 4121 eum
2715 4068 2808 4136 qui
2845 4069 3141 4123 secundum
3177 4068 3431 4138 spiritum
3480 4068 3728 4122 infirmus
3756 4074 3860 4131 est,
3894 4082 4009 4121 non

2424 4161 2830 4224 miserabimur,
2888 4161 2983 4215 sed
3042 4162 3267 4216 vulnera
3311 4161 3494 4230 potius
3533 4159 3861 4228 indigemus,
3901 4175 4012 4213 no-

2425 4258 2594 4303 stram
2622 4253 3018 4307 conscientiam
3053 4253 3259 4321 pariter
3295 4253 3647 4305 vulnerantes
3675 4252 3697 4304 ’ἒ
3733 4248 3840 4305 Sed
3874 4252 4009 4303 talia

2425 4342 2605 4395 facere
2632 4358 2739 4396 non
2772 4349 2858 4396 cst
2891 4342 3040 4395 illum
3076 4342 3302 4404 imitari,
3337 4343 3428 4411 qui
3465 4358 3559 4410 per
3592 4341 3815 4397 vulnera
3852 4341 4013 4395 devi-

2422 4435 2496 4486 cit
2540 4434 2733 4488 fortem
2777 4434 3001 4488 humani
3041 4434 3257 4505 generis
3306 4435 3541 4495 hostem,
3582 4444 3634 4487 et
3664 4432 3758 4503 qui
3802 4432 4009 4487 debilia

2424 4527 2786 4581 confirmavit.
2818 4524 3021 4581 Sumus
3046 4526 3278 4580 invicem
3307 4525 3553 4581 membra
3582 4543 3596 4579 :
3624 4524 4012 4579 custodiamus

741 4628 797 4682 Si
845 4623 1095 4679 videlicet
1136 4620 1348 4674 Domini
1400 4618 1681 4670 νὶαιιιιίιιιιι
1733 4616 1941 4669 irritant
2001 4612 2317 4676 reddamus,
2350 4620 2402 4678 D
2430 4627 2715 4690 propterea
2746 4618 2963 4688 mystici
2989 4619 3237 4687 corporis
3280 4618 3671 4687 integritatem,
3709 4631 3777 4671 ne
3804 4616 4010 4686 ρει-(1η-

742 4729 796 4773 et
838 4728 1128 4789 tyrannum
1161 4714 1392 4781 ejectum
1419 4711 1573 4780 quasi
1609 4709 1783 4762 adhuc
1818 4713 2134 4777 regnantem
2174 4705 2319 4757 eola-

742 4828 866 4867 mus
902 4820 956 4865 ct
990 4822 1332 4865 venerentur.
1370 4804 1581 4871 Cuique
1611 4812 1787 4855 autem
1820 4800 1952 4854 satis
1986 4804 2130 4868 patet
2157 4810 2318 4863 quam

744 4905 816 4959 sit
871 4905 971 4958 hoc
1016 4898 1343 4955 damnabile.
1393 4894 1793 4947 Convertatuus
1842 4890 2009 4959 igitur
2055 4888 2320 4940 adversus

744 5009 867 5047 eum
900 5006 1051 5045 arma
1081 5004 1200 5058 qua:
1237 4988 1352 5055 ipse
1393 4988 1532 5038 male
1569 4983 1620 5035 itt
1659 4981 1864 5035 malitia
1897 4994 1994 5033 sua
2027 4977 2129 5033 sibi
2164 4990 2321 5045 para-

745 5084 844 5146 vit,
887 5098 1007 5136 eutn
1044 5079 1294 5132 videlicet
1335 5075 1459 5127 odio
1501 5080 1915 5143 prosequentes,
1963 5077 2016 5123 et
2060 5066 2321 5120 invidiam

746 5182 934 5228 contra
970 5172 1145 5239 ipsum
1183 5175 1550 5224 assumeutcs,
1594 5162 2033 5232 quandocunque
2066 5160 2181 5228 ipse
2210 5158 2320 5226 jam

752 5268 913 5321 morti
961 5262 1266 5319 destinatus
1309 5274 1533 5313 suarum
1567 5256 1766 5309 virium
1802 5255 2102 5324 periculum
2147 5251 2329 5304 facere

749 5369 943 5416 contra
989 5371 1089 5410 nos
1142 5351 1380 5407 voluerit
1435 5365 1497 5402 ac
1552 5347 1595 5401 si
1637 5347 1813 5401 adhuc
1854 5347 2077 5399 viveret.
2119 5342 2328 5395 Bonum

753 5464 883 5504 vero
914 5444 1200 5502 charitatis
1241 5440 1518 5495 vinculum
1556 5440 1695 5491 inter
1726 5452 1821 5489 nos
1861 5437 2162 5487 adinvieem
2212 5438 2328 5487 sint:

753 5541 976 5613 querela
1013 5550 1427 5597 conservemus,
1462 5533 1614 5585 illttltt
1652 5532 1953 5591 imitantes,
1987 5529 2077 5597 qui
2115 5544 2215 5581 nos
2244 5528 2331 5578 di-

756 5638 908 5697 lexit,
952 5632 1261 5688 Dominum.
1296 5639 1345 5681 et
1373 5643 1479 5681 non
1515 5640 1659 5687 eum,
1696 5624 1785 5692 qui
1818 5638 1917 5675 nos
1948 5630 2029 5675 est
2058 5621 2184 5675 odio
2216 5636 2332 5689 pro.

754 5735 1002 5787 secutus,
1063 5722 1367 5776 daemonem
1409 5733 1422 5781 ;
1476 5725 1528 5769 et
1570 5716 1713 5768 sicut
1761 5712 2013 5766 Christus
2066 5708 2332 5763 Dominus

757 5817 1075 5887 iniquitates
1103 5823 1318 5867 nostras
1345 5810 1457 5878 ipse
1492 5808 1750 5877 portavit,
1775 5814 1849 5868 et,
1878 5803 2006 5857 dum
2032 5801 2221 5856 dilexit
2240 5817 2339 5856 nos

756 5912 1005 5981 indignos
1054 5908 1170 5961 licet
1208 5905 1387 5973 aliquo
1420 5901 1645 5965 honore,
1684 5910 1951 5951 summam
1984 5894 2083 5950 sibi
2111 5894 2336 5963 gloriam

2425 4723 2548 4764 mus
2581 4709 2982 4778 nosmetipsos:
3013 4709 3196 4764 nullus
3217 4708 3362 4763 enim
3396 4717 3607 4763 suamet
3631 4707 3806 4777 perdit
3835 4722 4013 4761 mem-

2427 4802 2542 4855 bra.
2591 4798 2647 4855 Si
2686 4816 2812 4855 vero
2845 4801 3053 4870 aliquid
3086 4801 3311 4866 amittit,
3364 4802 3467 4856 hoc
3507 4800 3728 4871 quidem
3784 4798 4010 4853 defectu

2431 4892 2610 4959 potius
2634 4892 2856 4946 evenire
2894 4891 3051 4955 solet,
3082 4907 3191 4947 non
3227 4901 3410 4947 autem
3437 4907 3688 4947 excessu.

2499 4980 2784 5046 Quomodo
2807 4982 2970 5052 igitur
2997 4999 3097 5039 nos
3117 4983 3373 5038 virtutem
3394 4982 3598 5053 adepti,
3620 4997 3726 5052 qua
3747 4982 4014 5037 excedere

2433 5076 2729 5142 possimus,
2762 5084 2983 5144 propter
3012 5075 3158 5130 illius
3192 5090 3482 5130 excessum
3515 5075 3755 5138 virtutis,
3781 5075 3873 5144 qui
3910 5090 4012 5126 nos

2433 5170 2629 5225 divites
2665 5170 2921 5231 reddidit,
2955 5170 3153 5224 itcrum
3183 5173 3237 5225 in
3261 5171 3483 5225 defectu
3511 5169 3881 5232 ambulamus,
3904 5184 4014 5221 non

2437 5270 2799 5330 agnoscentes
2845 5262 3068 5316 divitias
3107 5263 3328 5318 virtutis
3374 5274 3575 5316 nostr:e
3606 5263 3628 5315 ?
3660 5260 4017 5316 Periit-iunias

2438 5353 2502 5406 ad
2548 5355 2777 5407 invicem
2818 5371 2938 5422 qua:
2971 5354 3128 5409 nobis
3173 5354 3371 5409 desunt
3417 5354 3468 5408 itt
3523 5352 4013 5407 miserationiluts:

2438 5446 2816 5499 custodiamus
2856 5447 3197 5499 harmoniam
3232 5446 3401 5508 illam,
3432 5446 3484 5497 itt
3520 5460 3626 5513 qua
3657 5459 3754 5498 nos
3776 5445 4016 5513 Spiritus

2441 5545 2665 5589 sanctus
2685 5534 2775 5589 Dei
2798 5537 3081 5589 consuluit
3108 5554 3121 5587 :
3153 5535 3350 5604 singuli
3374 5536 3437 5588 ad
3458 5535 3687 5589 invicem
3710 5538 4019 5587 communi-

2442 5637 2627 5680 cautes
2656 5642 2818 5695 quam
2851 5627 2919 5681 ab
2948 5627 3065 5696 ipso
3096 5626 3378 5682 consecuti
3419 5640 3611 5680 sumus
3652 5626 3936 5685 virtutem,
3967 5636 4019 5677 et

2441 5732 2602 5787 quam
2632 5717 2776 5787 apud
2808 5732 2909 5773 nos
2942 5717 3065 5772 licet
3090 5718 3407 5779 habeamus,
3429 5716 3518 5768 illa
3543 5724 3725 5771 tamen
3762 5716 3866 5784 ipsi
3890 5731 4016 5785 cge-

2445 5826 2605 5877 mus;
2644 5820 2697 5865 et
2730 5827 2825 5881 per
2848 5812 3031 5866 omnia
3056 5810 3391 5882 glorificetur
3412 5809 3831 5880 caputomnium
3866 5808 4021 5862 Chri-

2446 5911 2582 5958 stus.
2610 5900 2686 5957 Ne
2716 5904 2915 5974 singuli
2949 5903 3213 5959 nobismet
3242 5900 3374 5971 ipsis
3405 5901 3541 5958 satis
3569 5915 3689 5956 esse.
3719 5907 3979 5969 putemus
4010 5915 4021 5961 ;
