4188 6456
195 394 297 451 i397

890 393 1171 453 ORATIO
1208 393 1431 452 XlX.--
1472 389 1964 450 ΠΟΙΥΓΛΤΟΙΗΛ
2003 390 2101 447 Al)
2139 389 2393 448 OMNES
2428 389 2759 447 FlDELE>.

3327 388 3433 452 293

194 504 381 557 nullos
407 517 552 558 enim
586 503 689 558 sibi
718 503 818 575 ipsi
851 503 1123 560 sulliciens
1153 513 1237 559 est
1309 502 1403 557 scd
1446 499 1769 558 sufficientia
1803 505 1848 561 Α
1879 500 2077 555 adeam
2101 515 2223 571 qua:
2251 515 2525 569 nunquam
2551 500 2749 562 detlcit,
2775 497 3222 567 tranquillitatem
3257 507 3432 558 trans-

197 603 392 649 nostra
424 611 490 648 es
527 593 639 650 Deo
670 590 737 648 ad
765 595 946 649 omnia
981 594 1252 665 praebetur
1280 593 1493 648 abunde
1531 605 1622 662 per
1657 591 1762 645 lar-

190 689 457 755 gitiuttem
512 685 835 755 beneplaciti
883 685 990 751 sui,
1028 700 1135 756 qua
1182 683 1352 753 replet
1394 683 1600 740 onmia.
1656 681 1765 736 Nos

195 780 368 831 etiam
419 778 736 848 aperiamus
775 778 984 832 viscera
1029 784 1235 840 nostra,
1278 785 1332 831 et
1384 774 1766 845 compatientia

192 879 386 923 nostra
419 869 651 922 fratrum
690 877 1014 924 nostrorum
1047 867 1293 921 ﬂammas
1330 867 1765 936 exstinguatnus,

192 971 250 1013 ιιι
314 962 388 1014 ita
437 969 684 1016 nostrum
750 961 914 1016 etiam
981 959 1363 1030 exstinguatur
1429 955 1764 1014 incendium.

192 1051 574 1122 tileemosyuis
624 1051 767 1106 enim
800 1049 1093 1105 remittitur
1127 1059 1433 1119 peceatum,
1475 1057 1527 1102 et
1573 1047 1626 1100 in
1665 1045 1765 1099 mi-

191 1141 565 1196 serationibus
617 1155 918 1211 pauperum
977 1140 1318 1208 dissipantur
1365 1139 1568 1193 divitize
1630 1139 1768 1192 male

191 1241 390 1300 partzc,
423 1245 516 1300 per
543 1238 667 1285 eum
704 1231 793 1298 qtti
837 1231 888 1282 in
922 1239 1244 1298 paupertate
1277 1229 1342 1283 ad
1386 1228 1639 1282 cmlestes
1683 1227 1766 1281 di-

191 1323 350 1376 vitias
373 1335 503 1375 suas
527 1335 624 1375 nos
647 1321 878 1374 vocavit.
911 1321 1266 1374 Ambulemus
1303 1323 1354 1373 in
1393 1318 1763 1387 simplicitate,

187 1419 241 1463 et
271 1425 383 1462 non
429 1411 482 1463 in
527 1409 655 1464 dolo
690 1416 744 1463 et
780 1408 1068 1478 iniquitate
1103 1409 1224 1464 aliis
1267 1410 1592 1470 invidentes,
1623 1409 1767 1477 quod

192 1502 291 1554 fuit
323 1501 571 1555 omnium
613 1501 880 1555 malorum
932 1499 1083 1554 radis
1125 1507 1178 1555 et
1222 1499 1401 1569 origo,
1446 1515 1620 1570 neque
1670 1498 1771 1552 iter

190 1603 483 1647 uocamus
514 1590 648 1646 illttd
685 1606 789 1661 per
833 1590 979 1660 quod
1028 1590 1230 1645 malum
1284 1605 1444 1645 omne
1489 1591 1544 1645 itt
1585 1590 1769 1644 orbem

193 1683 461 1737 introivit.
513 1680 568 1735 Si
602 1682 748 1737 enim
780 1691 1063 1750 peccatum
1102 1697 1207 1735 non
1245 1681 1585 1752 deliquisset.
1620 1680 1770 1734 nullo

193 1784 356 1844 pacto
395 1775 534 1828 mala
583 1783 1064 1846 cognoscerentur.
1091 1771 1202 1830 llac
1229 1773 1294 1829 de
1324 1786 1489 1829 causa
1516 1770 1698 1826 dolum
1719 1779 1772 1825 et

191 1869 540 1938 iniquitatem
569 1867 910 1930 omittamus,
939 1867 1201 1937 quoniam
1237 1866 1513 1935 simplices
1537 1874 1590 1918 et
1630 1863 1763 1919 recti

186 1962 494 2032 jungentur
524 1961 655 2014 Deo.
690 1961 754 2014 Et
794 1959 918 2029 quis
953 1973 1192 2028 unquam
1223 1959 1421 2028 poterit
1452 1958 1601 2012 illum
1640 1971 1762 2024 pcr-

189 2061 430 2116 vertere,
457 2053 550 2121 qui
582 2049 828 2104 omnium
857 2057 1077 2118 superat
1111 2046 1530 2103 rectitudincm?
1563 2044 1765 2099 Trans-

190 2157 385 2197 eamus
425 2143 590 2196 etiam
637 2144 691 2194 in
733 2141 960 2210 spiritus
991 2139 1341 2208 simplicitate
1380 2137 1643 2192 danttonis
1688 2136 1766 2187 la-

192 2247 390 2301 queos,
432 2247 531 2287 nec
561 2233 614 2285 iu
648 2232 774 2285 illos
822 2229 1205 2299 impingamus,
1261 2245 1329 2283 ne
1373 2244 1483 2298 quo
1510 2237 1664 2298 pacto
1700 2227 1766 2281 ad

193 2325 473 2394 propriam
519 2339 704 2377 necem
737 2335 1038 2378 serventur.
1076 2321 1133 2375 Si
1170 2321 1294 2390 quis
1328 2319 1473 2373 enim
1522 2319 1768 2389 proximo

191 2431 295 2470 suo
324 2416 674 2469 machinatur
707 2415 869 2479 mala,
906 2415 1144 2483 seipsum
1182 2411 1277 2466 alit
1306 2410 1371 2464 ad
1413 2411 1555 2466 diem
1602 2411 1769 2464 inter-

195 2511 327 2573 itus,
350 2517 406 2562 et
441 2506 710 2560 carbones
749 2511 1038 2560 coact-rvat
1073 2502 1138 2557 ad
1170 2503 1404 2571 scipsum
1440 2501 1768 2554 comburen-

190 2601 344 2659 dum,
364 2605 419 2650 et
442 2595 662 2651 sibimet
693 2594 880 2663 spinas
909 2593 1139 2646 seminat
1162 2600 1219 2644 ιιι
1237 2591 1292 2645 in
1315 2591 1424 2644 illis
1449 2589 1767 2644 sutloeetur.

193 2689 270 2743 Ne
309 2689 498 2758 itaque
540 2689 728 2755 spinas
757 2683 914 2738 nobis
946 2685 1081 2753 ipsis
1114 2696 1382 2746 seramus,
1420 2695 1481 2734 ea
1523 2681 1771 2735 videlicet

191 2781 464 2835 tacientes
489 2779 614 2832 aliis
646 2794 766 2846 qua:
799 2777 959 2831 nobis
990 2773 1106 2828 fleri
1141 2772 1416 2828 nolumus.

254 2867 406 2934 Quid
448 2877 627 2922 autem
666 2868 710 2920 si
747 2877 802 2918 tu
832 2865 999 2918 alium
1043 2863 1354 2932 conspicias
1393 2863 1446 2916 in
1491 2872 1634 2916 terra
1673 2877 1771 2917 sua

187 2963 334 3016 bona
376 2959 588 3016 semina
631 2967 904 3012 serentem
948 2955 1110 3018 mala,
1155 2965 1376 3025 propter
1404 2970 1527 3009 eum
1571 2962 1770 3010 terram

186 3055 357 3109 etiam
387 3061 538 3106 tuam
588 3051 706 3119 ipse
748 3046 987 3118 perdes?
1018 3044 1212 3101 Nullus
1249 3045 1302 3100 in
1339 3045 1604 3101 fructibus
1653 3044 1771 3099 istis

186 3146 278 3215 qui
326 3149 799 3210 corrumpuntur,
850 3139 1052 3193 malum
1089 3138 1382 3209 agricolam
1429 3138 1676 3191 imitatur
1710 3135 1838 3234 inc

190 3239 254 3290 iis
286 3249 412 3304 qua:
452 3231 726 3286 deteriora
764 3235 932 3294 sunt;
979 3229 1074 3283 sed
1121 3227 1303 3298 potius
1342 3227 1629 3297 diligenter
1678 3223 1766 3279 ln-

186 3327 400 3381 cutubit
452 3333 509 3378 ιιι
561 3323 670 3376 Deo
732 3323 1011 3376 fructuum
1067 3322 1309 3390 largitori
1353 3322 1408 3375 in
1442 3320 1628 3375 laetitia
1668 3335 1765 3390 pro

188 3417 436 3487 acceptis
474 3413 747 3468 fructibus
778 3411 1008 3482 gratiam
1050 3409 1272 3465 referat.
1321 3409 1513 3465 Omnis
1555 3411 1765 3465 fructus

188 3525 285 3578 pro
317 3524 431 3578 quo
455 3524 562 3563 non
593 3507 904 3563 referuntur
927 3507 1136 3578 gratias,
1158 3519 1266 3559 non
1285 3515 1366 3560 est
1386 3507 1455 3559 ab
1479 3505 1596 3575 ipso
1619 3505 1763 3576 agri-

184 3601 307 3654 cola
336 3598 472 3663 Deo,
507 3615 605 3653 nec
632 3607 815 3653 ortqu
839 3597 1001 3652 habet
1029 3613 1058 3652 a
1085 3596 1450 3653 seminatione
1491 3597 1544 3650 in
1575 3596 1766 3651 divino

188 3687 401 3742 lumine
419 3687 586 3750 facta,
605 3685 699 3741 sed
721 3689 903 3757 potius
929 3685 994 3740 ab
1014 3685 1227 3740 occulta
1247 3683 1406 3740 nobis
1430 3685 1764 3740 zizaniorum

185 3778 728 3848 superseminatioue
753 3793 765 3831 :
789 3785 842 3831 et
874 3777 977 3830 hac
1003 3776 1070 3830 de
1093 3790 1261 3830 causa
1294 3787 1538 3846 tempore
1570 3777 1766 3832 messis

185 3868 406 3922 fructus
442 3866 531 3920 ille
568 3865 974 3922 comburendos
1025 3865 1278 3922 traditur.
1312 3867 1470 3934 Quis,
1517 3868 1763 3938 inquam,

187 3960 412 4014 sibimet
451 3958 628 4026 ignem
667 3956 917 4012 accendit
944 3958 966 4011 τ
1010 3959 1136 4028 quis
1167 3972 1304 4028 opus
1329 3973 1488 4013 suum
1517 3957 1584 4012 ad
1614 3958 1765 4011 dolo-

187 4063 304 4105 rem
336 4048 444 4103 sibi
470 4054 643 4118 parat,
668 4058 721 4101 et
755 4063 862 4100 non
889 4046 955 4101 ad
983 4048 1436 4118 tranquillitatem
1465 4049 1488 4101 ?
1521 4049 1603 4102 vel
1623 4048 1766 4117 quis,

185 4141 318 4193 dum
369 4153 464 4192 rex
504 4137 705 4206 aliquis
749 4135 925 4207 ipsum
975 4137 1042 4190 ad
1084 4139 1323 4206 quietem
1378 4147 1431 4192 et
1479 4138 1765 4207 lmperittm

187 4231 410 4293 invitat,
441 4229 675 4282 miseriae
693 4243 856 4296 opera
875 4235 1080 4296 quaeret
1103 4227 1127 4279 τ
1153 4227 1446 4299 Fugiamus
1465 4230 1738 4283 miscriaru
1752 4269 1765 4294 ,

184 4334 311 4389 quin
342 4327 425 4373 est
460 4318 512 4371 in
550 4319 651 4371 hoc
684 4325 876 4371 nostro
908 4317 1125 4370 mortali
1153 4332 1403 4387 corpore,
1442 4317 1569 4372 dum
1596 4318 1764 4388 Spiri-

191 4423 300 4474 tus,
337 4411 432 4480 qui
465 4417 674 4479 regnat,
717 4423 816 4461 nos
849 4408 1038 4462 invitat
1069 4406 1136 4462 ad
1168 4423 1414 4477 regnum.

1871 590 2081 656 eamus,
2136 599 2189 647 et
2235 605 2330 661 per
2371 605 2511 661 penu
2553 590 2656 643 iam
2703 591 2899 644 dnitcs
2939 589 3256 652 ellicmtnnr,
3296 593 3431 646 etin

1870 687 2054 742 labore
2092 686 2441 754 quiescanus
2561 682 2919 753 quemaditod
2949 698 3016 735 in
3065 683 3307 737 Lazrus
3348 685 3437 737 ille

1869 778 2212 848 evangelicus
2242 779 2261 807 ¹
2307 793 2401 847 per
2430 778 2648 833 labores
2681 781 2919 845 quietem
2969 775 3198 845 adeptus
3241 784 3346 839 est,
3385 785 3437 830 et

1871 886 1966 940 per
2010 868 2194 923 ulcera
2235 869 2287 922 in
2334 870 2454 922 sinu
2497 864 2726 923 Abrahae
2770 867 2935 920 fet-eri
2965 867 3179 920 meruit.
3222 865 3279 920 Si
3315 868 3438 935 quis

1870 969 2000 1010 vero
2041 965 2184 1010 nunc
2226 955 2444 1025 quidem
2489 954 2783 1009 infeliciter
2834 954 2964 1024 agit,
3004 954 3243 1007 futuram
3284 971 3436 1008 suam

1871 1046 2113 1102 laetitiam
2161 1047 2452 1116 iniquitate
2498 1047 2682 1115 aliqua
2725 1062 2830 1099 non
2880 1045 3162 1110 maculet;
3203 1046 3433 1102 inveniet

1871 1139 2015 1193 enim
2043 1139 2114 1192 ita
2134 1154 2231 1210 pro
2257 1139 2405 1193 brevi
2436 1139 2620 1192 labore
2644 1149 2693 1192 et
2715 1140 3022 1192 calamitate
3049 1140 3434 1207 sempiternum

1871 1229 2123 1297 gaudium
2149 1239 2199 1284 et
2226 1229 2464 1285 ltetitiam
2487 1246 2500 1294 ;
2523 1229 2643 1299 igne
2675 1244 2907 1297 namque
2932 1238 3194 1299 purgatur
3222 1244 3440 1292 aurum,

1871 1329 1924 1373 et
1973 1320 2150 1374 anima
2195 1322 2538 1374 miseriarum
2603 1320 2818 1374 tlatnma
2885 1337 3043 1375 suum
3097 1322 3439 1391 splendorem

1872 1410 2214 1478 adipiscitur.
2253 1411 2387 1464 Cum
2433 1410 2735 1479 gratiarum
2795 1411 3010 1465 actione
3060 1427 3339 1480 speremus
3383 1412 3438 1464 itt

1872 1515 1996 1554 cum
2027 1501 2117 1570 qui
2151 1499 2256 1556 sibi
2303 1502 2653 1571 complacuit,
2683 1511 2739 1556 ιιι
2773 1518 2865 1571 per
2907 1501 3337 1556 combustioncm
3385 1503 3439 1556 in

1872 1611 2039 1650 carne
2079 1595 2372 1663 largiretur
2408 1594 2565 1647 nobis
2612 1595 3013 1663 probationem.
3050 1592 3166 1648 Non
3209 1595 3442 1648 tardabit

1874 1686 1966 1740 diu
2001 1701 2124 1755 spes
2155 1686 2280 1749 ista,
2316 1695 2370 1738 et
2391 1685 2640 1739 adveniet
2677 1687 3099 1753 exspectationis
3129 1693 3368 1755 tempus,
3389 1695 3442 1740 et

1877 1785 2007 1830 tunc
2029 1775 2468 1830 manifestabitur
2483 1791 2669 1830 eorum
2689 1776 2966 1829 beatitudo
2985 1776 3075 1844 qui
3105 1777 3155 1829 in
3183 1775 3438 1845 patientia

1878 1879 2132 1938 tanquam
2157 1869 2280 1938 igne
2312 1875 2440 1922 sunt
2472 1868 2708 1936 probati:
2741 1883 2840 1922 nec
2869 1869 2972 1922 erit
3003 1867 3234 1936 amplius
3267 1867 3438 1928 labor.

1872 1973 2047 2028 neque
2095 1955 2270 2020 dolor,
2310 1957 2390 2012 vel
2425 1957 2600 2011 fames
2656 1957 2736 2010 vel
2785 1956 2978 2027 frigus,
3026 1958 3118 2012 sed
3150 1956 3357 2020 laetitia,
3387 1965 3441 2010 et

1869 2050 2024 2105 cibus
2053 2049 2320 2110 emlestis,
2343 2055 2397 2102 et
2423 2050 2666 2102 suavitas
2703 2049 3053 2118 sempiterna.

1937 2142 2262 2209 Quicunque
2322 2155 2453 2195 vero
2495 2155 2616 2193 cum
2671 2140 2952 2205 temporali
2993 2139 3170 2208 aliqua
3213 2137 3440 2193 delecta-

1871 2237 2019 2290 tione
2063 2233 2342 2288 meliorem
2395 2232 2560 2284 vitam
2602 2231 2744 2284 nacti
2795 2245 2985 2283 smnus
3011 2244 3175 2299 quam
3217 2239 3276 2282 ut
3318 2229 3440 2296 igtto

1873 2324 2187 2396 probemur,
2222 2336 2328 2375 non
2365 2330 2650 2391 prepterea
2680 2321 2746 2374 ab
2782 2319 2896 2388 ipsa
2936 2319 3302 2374 delectatione
3343 2334 3440 2375 nos

1873 2415 2013 2469 vinei
2060 2415 2329 2477 sinamus,
2353 2419 2406 2466 et
2435 2426 2553 2480 qua)
2595 2413 2751 2465 nobis
2777 2411 2902 2465 data
2934 2418 3060 2466 sunt
3094 2410 3160 2466 ad
3187 2411 3439 2478 salutem,

1873 2506 2133 2560 faciamus
2153 2511 2207 2558 ot
2227 2503 2458 2558 miseriae
2481 2505 2590 2556 sint
2615 2503 2775 2556 nobis
2797 2501 3018 2556 occasio
3046 2501 3393 2571 sempiternae
3424 2519 3437 2563 ;

1870 2597 1963 2652 sed
2009 2596 2166 2665 quasi
2217 2594 2403 2650 lldeles
2465 2596 2739 2664 prmpOsiti
2787 2594 2984 2650 domus
3014 2634 3029 2660 ,
3088 2593 3439 2650 villicationis

1872 2699 2074 2742 nostra:
2100 2685 2365 2758 rationem
2408 2685 2789 2753 ineulpabilem
2818 2684 3043 2745 reddere
3067 2700 3162 2740 nos
3184 2699 3440 2755 paremus

1874 2779 1953 2835 illi
1989 2781 2083 2849 qui
2111 2792 2230 2833 eam
2262 2775 2422 2831 nobis
2451 2774 2875 2841 connncndavit,
2903 2790 3002 2829 uec
3023 2777 3441 2832 comessationi-

1874 2871 1994 2936 bus,
2041 2869 2422 2932 ebrietatibus,
2472 2875 2525 2921 ct
2570 2867 2934 2922 immtmditiis
2973 2867 3310 2937 voluptatum
3340 2885 3440 2922 nos

1873 2961 2020 3030 ipsos
2064 2958 2358 3014 reddamus
2412 2957 2680 3013 obnoxius
2730 2975 2742 3022 ;
2805 2957 2898 3012 sed
2945 2958 3124 3027 potius
3179 2970 3440 3028 praesente

1872 3048 2132 3105 felicitate
2180 3057 2398 3104 utamur
2433 3048 2497 3102 ad
2533 3050 3142 3118 gratiarumcactionem
3174 3050 3318 3106 illius
3348 3068 3439 3120 qut

1874 3155 1972 3197 nos
2002 3139 2260 3195 discrevit
2299 3141 2351 3194 in
2395 3140 2680 3194 altitudine
2718 3138 3030 3194 divitiarum
3072 3157 3318 3206 suarum,
3365 3152 3439 3205 et,

1871 3249 1992 3287 cum
2025 3245 2272 3288 essemus
2314 3247 2381 3287 ex
2428 3231 2618 3286 cadent
2658 3232 2756 3286 luti
2791 3248 2993 3296 massa,
3024 3249 3123 3289 nos
3164 3248 3274 3304 prae
3318 3235 3438 3288 aliis

1868 3321 2189 3385 honoravit,
2229 3319 2429 3374 fratres
2474 3328 2694 3376 nostros
2731 3323 2888 3377 nobis
2933 3322 3309 3390 subiiciendo,
3368 3323 3440 3377 ita

1869 3419 2053 3464 tamen
2085 3418 2142 3463 ot
2181 3415 2235 3463 et
2264 3423 2364 3463 nos
2405 3407 2765 3478 subiiciantur
2815 3413 2866 3463 in
2899 3420 3085 3465 sancta
3131 3412 3438 3468 humilitate

1868 3509 1920 3552 et
1964 3497 2323 3566 subiectione,
2358 3511 2464 3551 non
2513 3499 2804 3568 imperiose
2845 3509 3133 3573 regnantes
3176 3501 3230 3554 in
3273 3499 3437 3553 animi

1867 3589 2100 3644 elatione
2157 3595 2211 3644 et
2267 3590 2603 3656 arrogantia,
2659 3591 2752 3644 sed
2808 3606 2931 3643 cum
2981 3589 3358 3644 misericordia
3385 3589 3436 3642 in

1869 3679 2174 3735 visceribus
2200 3679 2579 3748 spit‘itualibus
2605 3681 3006 3746 aliistattquattt
3041 3681 3164 3734 filiis
3196 3679 3440 3734 imbecil-

1869 3771 2097 3826 lioribus
2127 3779 2383 3840 tanquam
2427 3779 2693 3841 potentes,
2728 3782 2781 3825 et
2811 3787 2998 3825 omnes
3032 3787 3154 3825 cum
3186 3773 3439 3825 omnibus

1870 3860 2299 3917 misericordiam
2335 3870 2682 3923 exercentes,
2729 3872 2786 3914 ιιι
2819 3863 2919 3915 hoc
2952 3870 3109 3930 pacto
3153 3877 3251 3916 nos
3292 3862 3435 3930 ipsos

1869 3951 2164 4014 lucremur,
2201 3964 2302 4004 nec
2346 3949 2494 4004 illum
2543 3961 2763 4019 propter
2799 3950 3067 4004 mundum
3104 3951 3436 4012 amittamus,

1868 4043 1956 4110 qui
1988 4041 2117 4095 vicit
2150 4041 2410 4095 mundum
2436 4082 2449 4105 ,
2487 4050 2539 4096 et
2570 4042 2814 4096 beneficii
2852 4042 2972 4096 loco
2994 4042 3141 4112 digni
3175 4041 3300 4096 odio
3341 4042 3436 4095 Iza-

1871 4137 2116 4199 bcamur,
2154 4135 2248 4190 sed
2295 4135 2588 4206 diligamur
2617 4136 2816 4206 potius,
2861 4145 2915 4190 et
2945 4151 3069 4190 cum
3105 4137 3196 4189 ille
3231 4138 3436 4188 venerit

1867 4228 1956 4296 qui
1995 4243 2093 4281 nos
2121 4226 2329 4288 dilexit,
2371 4227 2649 4282 lucremur
2685 4238 2943 4295 praetcrea
2981 4241 3080 4296 pro
3117 4227 3201 4280 his
3235 4227 3438 4278 nostris

1872 4320 2054 4379 rebus.
2106 4333 2226 4387 qua:
2270 4317 2406 4371 nihil
2449 4325 2598 4383 sunt,
2641 4320 2942 4372 mercedem
2995 4319 3048 4371 in
3103 4317 3273 4388 gloria
3324 4316 3436 4381 Dei,

1869 4411 1956 4463 cui
1991 4411 2108 4463 laus
2141 4416 2194 4462 et
2223 4410 2395 4463 honor
2427 4409 2478 4462 in
2510 4410 2708 4463 saecula
2746 4410 3093 4462 seculorum.
3123 4409 3316 4462 Amen.

261 4501 322 4557 Si
359 4517 489 4556 vero
529 4501 692 4556 etiam
730 4501 1008 4555 molestias
1051 4500 1312 4569 patimur,
1355 4501 1464 4557 hoc
1499 4503 1600 4558 erit
1646 4519 1767 4574 pro-
1806 4517 1847 4571 ῃ
1943 4497 2127 4555 Valete
2160 4502 2212 4554 in
2247 4499 2481 4569 Spriritu
2531 4510 2747 4563 sancto,
2786 4498 3157 4568 corruptionis
3203 4500 3440 4558 imbecil.

190 4606 403 4666 pterea,
435 4601 492 4646 ut
526 4608 838 4662 regnetnus,
866 4607 972 4646 non
1009 4584 1067 4646 ut
1097 4593 1403 4648 universam
1438 4595 1600 4648 vitam
1631 4611 1760 4665 aga-

190 4705 312 4744 mos
349 4688 404 4743 iu
441 4685 652 4750 dolore,
680 4685 776 4740 scd
812 4695 866 4741 ut
895 4699 1008 4757 per
1026 4685 1394 4742 transitoriam
1426 4688 1756 4758 angustiam,

250 4919 270 4949 ⁸
308 4911 442 4969 Luc.
473 4925 577 4967 avt.

1869 4591 2070 4645 litatem
2117 4589 2379 4660 patientia
2426 4600 2771 4660 superantes,
2813 4591 3010 4646 virtute
3046 4589 3432 4666 iucorruptibi~

1867 4684 2034 4740 litatis
2061 4683 2366 4739 confirmati
2391 4691 2444 4739 ct
2473 4683 2734 4739 robo‘rati.

1611 5265 1622 5269 η
1651 5255 1864 5276 --α-ο
1877 5253 2006 5276 ..κ-
2027 5263 2066 5270 -—
