4188 6456
156 393 255 457 3M

1396 404 1684 464 PHEL‘ES
1723 402 2181 469 Li'l‘UltGll'..l3.

3310 403 3419 469 30?

156 512 340 576 τυχεῖν
379 510 471 562 τοὺ
502 511 715 578 ἐφετοῦ,
742 512 928 583 ὡράθη
978 514 1006 565 ὁ
1054 513 1199 575 λίθος
1237 515 1577 584 μετηρμένος
1599 554 1615 578 ,
1652 514 1743 566 καὶ

1858 510 2023 565 modo
2060 512 2321 566 desiderii
2373 522 2654 581 compotes
2690 516 2880 567 liet‘ettt
2916 512 3015 582 (l),
3055 515 3284 582 lapidein
3344 515 3392 567 vi

158 599 297 663 θεῖος
329 603 548 666 νεανίας
598 604 973 658 καταστέλλων
1019 604 1110 657 τὸν
1157 605 1387 674 θόρυϐον
1426 607 1607 660 αὐτῶν
1642 607 1740 675 τῆς

156 690 354 759 ᾴυχῆς·
394 691 636 763 Ἠγέρθη
655 693 784 763 γάρ,
802 694 986 763 φησὶν,
1008 695 1211 766 Ἰησοῦς
1233 697 1260 748 ὁ
1281 695 1501 765 Κύριος.
1525 696 1615 748 Διὸ
1640 714 1739 765 κηο

161 783 357 848 ρύξατε
398 786 510 847 τοῖς
545 784 773 855 κήρυξιν
803 784 973 838 αὐτοῦ
1005 786 1295 856 μαθηταῖς,
1321 788 1402 849 εἰς
1453 788 1553 856 τὴν
1583 788 1622 838 Γ
1624 786 1736 839 αλι-

159 872 314 924 λαίαν
340 874 595 945 δραμεῖν,
647 879 740 931 καὶ
768 876 963 946 ὄψεσθε
1010 878 1192 941 αὑτὸν,
1227 877 1536 932 ἀναστάντα
1566 881 1630 930 ὲκ
1653 894 1739 930 νε-

160 964 326 1033 κρῶν,
357 966 435 1029 ὥς
461 966 729 1037 ζωοδότην
758 969 851 1021 καὶ
876 968 1100 1039 Κύριον.

616 1059 1185 1127 Ἐξαποστειλὰριον
1223 1060 1289 1128 γ’.

228 1149 356 1201 Ὅτι
378 1150 612 1218 Χριστος
638 1150 955 1222 ἐγήγερται,
978 1155 1137 1221 μήτις
1160 1152 1533 1205 διαπιστείτω·
1566 1152 1738 1223 ἐφάνη

159 1243 219 1309 τῇ
276 1241 471 1312 Μαρίᾳ
524 1241 655 1312 γὰρ,
707 1242 901 1296 ἔπειτα
948 1230 1242 1315 καθωράθη
1290 1248 1401 1306 τοίς
1448 1247 1529 1307 είς
1574 1244 1743 1315 ἀγρὸν

158 1332 404 1396 ἀπιοῦσι,
432 1333 663 1401 μύσταις
686 1334 742 1389 δὲ
766 1336 925 1388 πάλιν
947 1334 1102 1402 ὤφθη
1125 1336 1503 1405 ἀνακειμένοις
1529 1336 1742 1398 ἕνδεκα,

164 1422 248 1483 si;
278 1422 568 1491 βαπτίζειν
596 1426 908 1496 ἐκπέμψας,
941 1430 1019 1490 εἰς
1044 1428 1327 1497 οὐρανοὺς,
1356 1428 1476 1480 ὅθεν
1511 1431 1744 1482 καταϐέ-

162 1515 352 1580 ΰηκεν,
407 1516 719 1588 ἀνελήφθη,
770 1517 1048 1587 ὲπικυρῶν
1095 1519 1157 1572 τὸ
1196 1520 1455 1591 κήρυγμα
1517 1513 1744 1589 ίτλήθεσι

162 1607 266 1658 τῶν
298 1608 571 1677 σημείων.

239 1698 302 1753 Ὀ
352 1700 643 1762 ἀνατείλας
687 1700 857 1770 ἣλιος,
891 1703 956 1755 ἐκ
996 1700 1204 1755 παστοῦ
1236 1703 1310 1765 ὡς
1353 1704 1606 1772 νυμφίος,
1637 1703 1743 1757 ἀπὸ

158 1789 251 1841 τοῦ
299 1789 479 1859 τάφου
535 1792 804 1864 σήμερον,
833 1794 927 1846 καὶ
971 1794 1061 1846 τὸν
1109 1793 1244 1865 ᾅδην
1292 1793 1613 1859 σκυλεύσας,
1650 1797 1744 1848 καὶ
1779 1843 1799 1865 _.

159 1880 392 1934 Θάνατον
439 1885 817 1955 καταργήσας,
852 1885 911 1938 σὲ
940 1886 1205 1957 τεκούσης
1257 1887 1594 1956 πρεσϐείαις,
1628 1888 1743 1956 φῶς

156 1976 288 2039 ἡμῖν
337 1973 755 2041 ἐξαπόστειλον,
782 1977 897 2044 φῶς
949 1978 1181 2047 φωτίζον
1225 1978 1474 2048 καρδίας,
1504 1980 1597 2032 καὶ
1647 1981 1744 2042 τάς

156 2066 366 2136 ψυχάς,
401 2068 519 2137 φῶς
548 2069 785 2138 βαδίζειν
832 2071 1079 2134 ἅπαντας
1124 2072 1421 2143 ὲμὸιὸάζον
1453 2075 1511 2128 ὲν
1537 2074 1745 2144 τρίϐοις

162 2158 609 2228 προσταγμάτων
644 2176 759 2222 σου,
791 2161 883 2214 καὶ⁹
912 2162 1052 2223 ὁδοῖς
1081 2160 1184 2229 τῆς
1217 2162 1460 2233 εἰρήνης.

624 2247 908 2303 Έωθινὸν
938 2248 1008 2319 τ’,
1039 2246 1191 2320 ἦχος
1218 2250 1288 2320 γ’.

223 2338 338 2406 Τῆς
367 2340 736 2411 Μαγδαληνῆς
782 2343 1022 2411 Μαρίας,
1054 2342 1152 2413 τὴν
1176 2342 1270 2396 τοῦ
1300 2343 1552 2413 Σωτῆρος
1582 2346 1744 2414 εὐαγ-

155 2426 520 2497 γελιζομένης
568 2430 634 2482 ἐκ
687 2430 897 2499 νεκρῶν
950 2433 1249 2486 ἀνάστασιν
1294 2434 1391 2487 καὶ
1420 2436 1744 2504 ἐμφάνειαν,

153 2518 565 2584 διαπιστοῦντες
609 2521 659 2573 οἱ
713 2521 975 2593 μαθηταὶ,
1004 2522 1281 2587 ὠνείδιζον
1338 2526 1401 2578 τὸ
1450 2528 1549 2596 τῆς
1606 2546 1743 2600 καρ-

155 2609 271 2673 δίας
325 2611 585 2681 σκληρόν.
622 2612 784 2667 ’Λλλά
835 2616 962 2680 τοῖς,
1001 2614 1251 2685 σημείοις
1299 2616 1747 2683 καθοπλισθέντες

156 2703 249 2755 καὶ
272 2703 522 2773 θαύμασι
549 2704 685 2775 πρὸς
714 2704 777 2757 τὸ
811 2706 1076 2776 κήρυγμα
1102 2706 1517 2770 ἀπεστέλλοντο,
1549 2711 1644 2763 καὶ
1680 2713 1745 2764 σὺ

158 2796 275 2859 μὲν,
305 2796 506 2865 Κύριε,
539 2796 676 2867 πρὸς
706 2797 797 2851 τὸν
821 2799 1131 2868 ἀρχίφωτον
1164 2800 1471 2873 ἀνελήφθης
1501 2802 1743 2874 Πατέρα·

152 2888 200 2938 ei
248 2887 305 2939 δὲ
350 2888 653 2959 ἐκήρυττον
701 2889 982 2959 πανταχοῦ
1014 2890 1106 2943 τὸν
1134 2892 1316 2959 λόγον,
1355 2896 1468 2955 τοῖς
1500 2894 1744 2963 θαύμασι

155 2977 530 3049 πιστούμενοι·
560 2978 640 3031 διδ
660 2980 707 3032 οἱ
741 2976 1107 3049 φωτισθέντες
1128 2981 1196 3035 δι’
1222 2984 1423 3049 αὐτῶν,
1448 2984 1745 3055 δοξάζομεν

156 3085 247 3123 σου
276 3072 380 3140 τὴν
409 3073 474 3123 ἐκ
511 3070 721 3141 νεκρῶν
748 3072 1066 3137 ἀνάστασιν,
1096 3074 1448 3144 φιλάνθρωπε
1482 3076 1674 3147 Κύριε.

607 3163 1187 3233 ,Ἔξαποστειλάριον
1224 3164 1295 3221 δ’.

218 3254 355 3317 Ταῖς
390 3254 617 3325 ἀρεταῖς
645 3255 1051 3325 ἀστράψαντες,
1084 3257 1284 3327 ἴδωμεν
1336 3259 1657 3322 ὲπιστάντας
1686 3261 1743 3311 ὲν

152 3347 424 3416 ξωηφὸρῳ
462 3346 706 3416 μνήματι
760 3347 957 3418 ἄνδρας
987 3349 1045 3401 ἐν
1074 3350 1521 3418 ἀστραπτούσαις
1577 3351 1743 3422 ἐσθή-

154 3454 267 3491 σεσι
303 3439 660 3508 μυροφόροις,
683 3438 995 3504 κλινούσαις
1026 3443 1105 3504 εἰς
1132 3441 1234 3511 γῆν
1261 3441 1383 3510 ὄψιν
1407 3459 1420 3473 ⁸
1454 3442 1551 3495 τοῦ
1583 3443 1745 3513 οὐρα-

154 3526 238 3578 νοῦ
258 3527 619 3590 δεσπόζοντος
668 3527 888 3598 ἔγερσιν
937 3528 1296 3599 διδαχθῶμεν.
1325 3533 1417 3584 καὶ
1441 3532 1577 3604 πρὸς
1602 3534 1745 3604 ζωὴν

151 3618 223 3686 τῷ
275 3622 535 3689 μνημείῳ
577 3621 875 3693 δράμωμεν
909 3624 1006 3675 σὺν
1039 3621 1117 3692 τῷ
1148 3622 1361 3694 Πέτρῳ.
1393 3624 1489 3677 καὶ
1521 3625 1577 3678 τὸ
1606 3642 1745 3695 πρα-

150 3710 277 3777 χθὲν
304 3711 715 3781 θαυμάσαντες,
752 3714 1027 3783 μείνωμεν
1060 3714 1297 3781 Χριστὸν
1326 3713 1542 3785 βλέψαι.

216 3888 311 3952 Τὸ,
332 3888 595 3956 Χαίρετε,
612 3889 1004 3959 φθεγξάμενος,
1027 3892 1301 3962 διημείψω
1322 3893 1420 3963 τὴν
1445 3892 1622 3963 λύπην
1637 3896 1745 3945 τῶν

152 3980 539 4050 προπατόρων,
559 3983 857 4053 Κύριε,τὴν
884 3984 1058 4054 χαράν
1081 3985 1423 4052 ἀντεισάγων
1472 3986 1745 4056 ὲγέρσεώς

152 4091 242 4125 σου
274 4075 335 4126 ὲν
370 4074 583 4145 κόσμῳ.
606 4075 823 4145 Ταύτης
854 4071 977 4139 οὖν,
1010 4076 1270 4142 ζωοδότα,
1307 4078 1396 4131 διὰ
1418 4080 1513 4147 τῆς
1540 4080 1735 4149 κυησά·

150 4183 245 4234 aq;
297 4184 381 4227 σε,
412 4168 527 4234 φῶς
562 4168 799 4236 φωτίζον
830 4169 1079 4239 καρδίας,
1116 4170 1233 4238 φῶς
1281 4170 1581 4239 οἰκτιρμῶν
1636 4172 1743 4223 τῶν

154 4259 258 4309 σῶν
302 4257 712 4323 ὲξαπὰστειλον,
747 4259 839 4312 τοῦ
887 4261 1018 4331 βοᾷν
1063 4261 1544 4331 σοιοψιλάνθρωπε
1588 4261 1744 4315 θεάν-

150 4352 335 4421 θρωπε
356 4391 371 4417 ,
400 4351 530 4417 δόξα
557 4355 622 4423 τῇ
656 4356 721 4423 σῇ
755 4354 992 4425 ὲγέρσει.

596 4528 883 4583 Ἔωθινὸν
920 4528 992 4593 δ’,
1032 4525 1184 4599 ἦχος
1220 4529 1291 4585 δ’.

219 4620 459 4692 Ὀρθρος
493 4616 561 4693 ἦν
596 4622 765 4691 βαθὺς
814 4623 910 4677 καὶ
959 4624 1013 4675 αί
1066 4625 1327 4692 γυναῖκες
1366 4618 1528 4693 ἦλθον
1560 4625 1653 4677 ἐπὶ
1681 4626 1741 4678 τὸ

150 4717 340 4789 μνῆμά
369 4736 490 4785 σου,
509 4721 730 4789 Χριστὲ.
751 4722 911 4774 Ἀλλά
931 4721 992 4775 τὸ
1012 4721 1170 4792 σῶμα
1192 4722 1289 4791 οὐχ
1313 4722 1535 4792 εὑρέθη.
1555 4724 1618 4776 τὸ
1642 4740 1740 4776 πο-

148 4815 407 4883 θούμενον
443 4816 657 4878 αὑταῖς⁹
694 4816 775 4868 διὸ
823 4817 1230 4888 ἀπορουμέναις
1257 4858 1272 4881 ,
1304 4818 1355 4870 οί
1389 4820 1506 4880 ταῖς
1536 4818 1740 4888 ἀστρα-

147 4908 409 4972 πτοὺσαις
444 4909 697 4980 ἐσθήσεσι
729 4910 1081 4975 ἐπιστάντες,
1118 4911 1185 4963 Τί
1239 4910 1329 4963 τὸν
1373 4911 1552 4975 ζῶντα
1605 4910 1742 4980 μετά

145 5000 250 5053 τῶν
276 5002 492 5071 νεκρῶν
514 5002 757 5073 ζητεῖτες
793 5004 997 5069 ἔλεγον·
1033 5002 1263 5073 ἠγέρθη,
1295 5003 1371 5065 ὡς
1406 5005 1659 5074 προεῖπε·
1690 5003 1742 5055 τί

146 5096 514 5164 ἁμνημονεῖτε
545 5095 651 5147 τῶν
679 5096 943 5166 ῥημάτων
973 5095 1140 5148 αὐτοῦ
1163 5092 1287 5159 ;οίς
1320 5095 1647 5159 πεισθεῖσαι,
1668 5095 1738 5147 τὰ

146 5186 411 5255 ὁραθέντα
464 5188 786 5257 ἐκήρυττον·
820 5189 935 5241 ἀλλ’
962 5188 1137 5241 ἐδόκει
1181 5189 1345 5259 λῆρος
1378 5189 1447 5241 τά
1502 5188 1736 5257 εὐαγγέ-

147 5278 249 5336 λια.
277 5278 454 5342 οὕτως
483 5276 622 5350 ἦσαν
649 5282 934 5345 ἑτινωθείς
959 5283 1007 5334 οἱ
1033 5283 1294 5352 μαθηταί·
1324 5281 1437 5335 ἀλλ’
1466 5283 1495 5334 ὁ
1529 5283 1735 5347 Πέτρος

150 5371 372 5439 ἔδραμε,
413 5375 507 5427 καὶ
538 5374 684 5441 ίδὼν,
714 5374 935 5439 ὲδόξασέ
978 5392 1072 5428 σου
1106 5374 1242 5444 πρὸς
1287 5374 1476 5427 ἑαυτὸν
1508 5374 1575 5427 τὰ
1605 5374 1731 5427 θαυον

155 5482 338 5520 ιιασια.

1843 777 2002 833 Jesus
2052 780 2345 846 Dominus;

1843 603 2042 656 derunt
2107 611 2372 664 amotum,
2404 606 2791 674 cmlestemqtte
2819 605 3099 672 juvenem,
3149 607 3238 673 qui
3272 622 3421 657 men—

1846 699 1938 759 tes,
1980 691 2193 745 illarum
2223 691 2474 745 turbatas
2503 694 2864 760 compescuit,
2900 691 3116 745 dicens:
3173 694 3421 744 Surrex't

2416 780 2647 849 ideoque
2698 781 2869 848 ipsius
2926 780 3131 835 nuntiis
3182 781 3423 832 nuntiate

1846 879 1905 922 ut
1927 872 1979 924 in
1998 871 2273 927 Galilaeam
2301 874 2720 937 eu.'rant,i|lum
2745 874 2911 927 visuri
2938 875 3029 942 qui
3078 890 3141 927 ex
3195 873 3423 926 moituis

1848 964 2104 1017 surrexit
2136 965 2259 1018 vita:
2312 964 2546 1018 donator
2584 972 2636 1019 et
2680 964 2958 1019 Dominus.

2290 1054 2775 1122 Eatapasleilm‘ium
2808 1056 2863 1109 5.

1913 1145 2194 1200 Christum
2226 1147 2533 1200 surrexisse
2566 1162 2723 1199 nemo
2740 1147 2944 1200 dill‘nlat
2966 1162 2978 1196 :
3000 1147 3253 1215 apparuit
3278 1147 3423 1196 t'nitn

1849 1235 2051 1298 Mariae.
2077 1236 2277 1292 deinde
2318 1235 2655 1306 (discipulis)
2684 1236 3015 1291 exeuntibus
3054 1250 3170 1298 rus,
3215 1233 3424 1286 tlenuo-

1848 1344 1955 1398 que
1984 1329 2234 1384 undecim
2266 1329 2382 1385 suis
2432 1329 2717 1398 apostolis,
2764 1315 2980 1397 iquibus
3021 1328 3089 1381 ad
3139 1326 3422 1394 baptizau-

1847 1420 1977 1473 dum
2038 1421 2248 1485 missis,
2310 1422 2427 1488 ipse
2485 1421 2541 1474 in
2600 1420 2808 1474 emlum
2867 1419 3010 1472 unde
3063 1417 3421 1470 descenderat

1849 1521 2166 1581 assumptus
2217 1520 2324 1574 est,
2385 1526 2550 1581 quam
2611 1511 2795 1565 multis
2854 1508 3032 1581 signis
3089 1509 3427 1561 eonﬁrmaus

1850 1601 2325 1673 praedicationem.

1917 1693 1963 1748 0
1991 1694 2187 1750 Oriens
2219 1696 2300 1749 sol
2335 1695 2497 1749 hodie
2522 1710 2552 1750 e
2585 1694 2858 1763 sepulcro,
2889 1693 3068 1762 qualis
3113 1707 3144 1747 e
3191 1691 3429 1744 thalamo

1849 1803 2108 1859 sponsus,
2170 1788 2442 1842 infernum
2508 1789 2776 1856 spoliatis,
2856 1794 3201 1853 mortemque
3265 1783 3418 1836 l‘ran—

1850 1898 2006 1953 gens,
2031 1880 2326 1936 Genitricis
2347 1890 2451 1935 tuae
2472 1881 2724 1950 precibus
2750 1881 3045 1951 (annuens)
3068 1880 3224 1933 nobis
3250 1880 3425 1932 lucem

1850 1973 2003 2027 mitte
2031 1988 2154 2042 qua:
2186 1973 2351 2026 corda
2408 1981 2462 2025 et
2529 1981 2743 2026 mentes
2791 1972 3086 2035 illuminat,
3130 1983 3427 2038 omnesun

1850 2065 2079 2135 impellit
2115 2065 2181 2117 ad
2222 2063 2614 2119 ambulandum
2672 2064 2726 2118 in
2775 2062 3155 2117 mandatorum
3205 2069 3424 2116 tuorum

1848 2156 2061 2212 semitis
2092 2166 2146 2209 et
2172 2156 2229 2208 in
2270 2154 2374 2209 viis
2401 2155 2573 2223 pacis.

2300 2243 2622 2297 Matutiuum
2648 2244 2703 2306 3,
2736 2252 2889 2297 tonus
2912 2243 2968 2297 5.

1923 2335 2149 2391 Mariam
2183 2334 2557 2405 Magdalenant
2611 2333 2915 2388 Salvatoris
2962 2332 3424 2388 resurrectionem

1850 2429 2366 2499 apparitionemque
2410 2428 2759 2481 nuntiantem
2813 2425 3124 2482 diﬂidentes
3173 2425 3425 2494 discipuli

1848 2520 1918 2575 de
1949 2522 2134 2575 cordis
2164 2521 2365 2574 duritia
2402 2519 2694 2588 vituperati
2749 2526 2898 2572 sunt.
2951 2516 3058 2572 Sed
3110 2516 3283 2589 signis
3325 2517 3425 2570 mi-

1850 2613 2164 2682 raeulisque
2193 2610 2390 2665 armati
2433 2611 2485 2662 iu
2526 2610 2971 2680 praedicationem
3002 2618 3134 2662 sunt
3173 2608 3425 2677 profecti.

1850 2705 1917 2759 Et
1956 2713 2038 2769 ttt,
2076 2703 2331 2766 Domine,
2364 2703 2418 2755 in
2460 2704 2637 2756 lucem
2676 2702 2817 2758 lucis
2843 2697 3175 2772 principium
3214 2716 3425 2755 assum-

1851 2806 1976 2866 ptus
2034 2810 2116 2849 es.
2185 2796 2404 2847 Patrem
2460 2809 2592 2849 vero
2638 2795 2714 2849 illi
2776 2794 3150 2864 praedicabant
3202 2794 3425 2862 tibique,

1848 2889 2013 2945 verba
2046 2887 2327 2943 miraculis
2351 2888 2765 2943 conﬁrmantes.
2819 2888 3008 2957 Itaque
3056 2902 3157 2940 nos
3194 2900 3293 2956 per
3333 2901 3426 2939 eos

1848 2978 2141 3036 illuminati
2170 2987 2320 3033 tuam
2364 2995 2429 3034 ex
2472 2982 2707 3033 mortuis
2744 2976 3209 3033 resurrectionem
3264 2978 3422 3047 glori»

1850 3071 2101 3135 licatnus,
2139 3087 2172 3124 o
2206 3071 2494 3126 hominum
2530 3078 2770 3134 atnatur,
2802 3068 3048 3123 Domine.

2346 3162 2829 3229 Exaposteilarium
2857 3162 2913 3216 4.

1925 3256 2236 3311 Virtutibus
2260 3273 2358 3311 nos
2385 3257 2676 3310 illuminati
2703 3256 2988 3311 videamus
3011 3265 3217 3309 stantes
3250 3255 3302 3308 in
3340 3270 3421 3307 sa-

1848 3350 2015 3404 lutari
2037 3357 2395 3404 monumento
2412 3350 2663 3404 homines
2690 3348 3037 3404 vestimentis
3070 3348 3424 3415 fulgentibus,

1846 3442 2231 3507 odorantibus,
2264 3442 2568 3509 oculosque
2595 3440 2662 3493 ad
2690 3447 2893 3495 terram
2916 3440 3241 3510 cogentibus
3268 3439 3424 3492 indu-

1847 3543 1955 3597 tos,
1988 3534 2232 3589 cwlestis
2260 3533 2473 3588 Domini
2504 3533 2969 3587 resurrectionem
2995 3532 3328 3595 ediscamus,
3375 3539 3428 3582 et

1844 3627 1970 3679 vitae
1999 3638 2190 3678 amore
2221 3624 2288 3676 ad
2315 3632 2731 3677 monumentum
2757 3639 3049 3678 curramus
3082 3638 3207 3677 cum
3239 3621 3423 3681 Petro,

1847 3715 2228 3785 mirantesque
2283 3715 2431 3783 quod
2483 3715 2688 3769 factum
2751 3724 2837 3771 est
2888 3730 3211 3770 maneamus
3268 3714 3426 3768 Chri-

1845 3814 1989 3859 stum
2026 3806 2488 3873 contemplantes.

1916 3897 2022 3961 Qui
2089 3898 2364 3962 clamaSIi,
2426 3898 2697 3961 Gaudete,
2774 3905 3049 3951 commota
3128 3898 3426 3966 primorum

1846 3997 2134 4058 parentum
2190 3988 2431 4053 luctum,
2495 3987 2744 4051 Domine,
2797 3988 3031 4056 gratiam
3085 3988 3427 4042 substitneus

1846 4081 2269 4136 resurrectionis
2298 4089 2405 4134 tua:
2434 4081 2486 4134 in
2515 4080 2740 4135 mundo.
2775 4087 2834 4132 tu
2864 4078 2957 4149 qui
2995 4093 3114 4132 eam
3144 4094 3269 4131 cum
3324 4081 3427 4130 vita

1847 4171 2047 4235 donas.
2074 4188 2171 4241 per
2203 4173 2351 4227 illan:
2385 4187 2507 4242 qua:
2533 4184 2584 4227 te
2611 4172 2872 4240 portavit,
2913 4172 3002 4223 lux
3029 4172 3195 4225 corda
3227 4169 3421 4223 illumi-

1846 4278 2006 4323 nans,
2064 4266 2154 4317 lux
2215 4262 2553 4326 misericors,
2617 4262 2785 4315 incita
2843 4275 2910 4313 ex
2965 4263 3076 4316 tuis
3113 4263 3205 4331 qui
3256 4261 3321 4313 ad
3373 4268 3423 4314 te

1844 4356 2083 4408 clament
2122 4352 2209 4407 :0
2247 4354 2530 4409 homintuu
2565 4362 2778 4407 amator
2835 4352 2980 4409 Deus
3019 4354 3204 4418 homo,
3254 4355 3424 4421 gloria

1848 4446 2243 4500 resurrectioni
2277 4455 2399 4499 tua).

2282 4536 2607 4591 Matutitmm
2640 4538 2694 4603 4,
2732 4551 2884 4592 (auus
2910 4538 2961 4591 ιι.

1908 4632 2049 4685 Ante
2082 4630 2383 4685 diluculum
2412 4630 2673 4684 mulieres
2716 4630 2782 4683 ad
2818 4639 2972 4684 tuum
3009 4638 3425 4685 monumentum

1845 4724 1999 4777 ibant
2031 4740 2045 4788 ;
2084 4723 2179 4778 sed
2210 4722 2359 4790 quod
2389 4723 2729 4791 exoptabant
2758 4739 2960 4793 corpus
2993 4737 3101 4787 non
3151 4723 3426 4781 viderunt,

1845 4830 2083 4883 cumque
2109 4813 2163 4868 in
2191 4813 2362 4869 dubio
2392 4814 2688 4875 haererent,
2719 4815 3059 4885 fulgentibus
3076 4814 3423 4869 vestimentis

1850 4916 2060 4962 stantes
2110 4906 2415 4961 dixerunt:
2469 4898 2584 4961 (iur
2641 4906 2915 4960 viventem
2968 4907 3114 4960 inter
3179 4916 3419 4959 mortuo:

1856 4999 2105 5070 qumritis
2137 4999 2161 5051 ’ἶ
2205 4999 2471 5063 surrexit,
2517 4999 2661 5054 sicut
2720 4997 2882 5051 dixit.
2947 4996 3061 5050 Cur
3134 4996 3423 5050 verborum

1846 5092 1969 5161 ejus
2008 5090 2193 5146 oblitae
2227 5092 2365 5146 estis
2392 5090 2416 5144 ?
2444 5089 2519 5144 Ex
2547 5091 2651 5144 hoc
2686 5090 2844 5148 tidem
2872 5088 3250 5157 concipientes
3283 5088 3426 5156 quoi!

1847 5180 2098 5237 viderant
2160 5180 2514 5236 nuntiabant.
2592 5181 2697 5235 Sed
2749 5194 2939 5234 earum
3014 5179 3190 5233 fausta
3264 5178 3424 5232 verba

1844 5275 2094 5345 discipuli
2144 5274 2360 5329 somnia
2418 5273 2836 5337 existimabant,
2886 5272 3026 5325 adeo
3082 5273 3248 5324 etiam
3294 5280 3424 5323 tum:

1844 5364 1983 5418 tardi
2017 5370 2175 5417 erant
2208 5361 2397 5416 corde.
2433 5359 2628 5414 Petrus
2672 5369 2854 5414 tamen
2881 5358 3155 5421 cucurrit,
3195 5362 3251 5411 et
3298 5370 3422 5409 eum

1846 5457 2093 5519 vidisset,
2151 5462 2249 5511 tua
2298 5462 2519 5525 propter
2576 5453 2756 5524 ipsum
2817 5462 3041 5525 Operata
3095 5448 3423 5520 gloriﬁcavit

1841 5550 2127 5605 miracula.

1662 5731 1891 5789 :VUT/E.

224 5828 298 5902 (Ι)
334 5829 583 5902 Scilicet,
618 5840 677 5888 ut
708 5830 1023 5903 sepulcrum
1047 5838 1297 5901 apertum
1324 5827 1656 5884 invenirent.
