4188 6456
747 372 852 433 303

1242 484 1724 552 Exaposleilarimn
1756 491 1808 545 5.

816 567 934 623 Vita
987 580 1041 626 et
1088 574 1171 627 via
1208 573 1485 641 Christus,
1518 595 1644 633 cum
1677 584 2025 645 surrexisset.
2054 585 2307 659 Cleophxe

748 656 1020 729 anzeque
1045 664 1145 716 iter
1164 661 1413 720 faciendo
1433 683 1614 723 comes
1639 669 1761 736 fuit,
1794 683 1846 727 et
1867 674 1935 727 ah
1956 675 2060 731 illis
2095 656 2315 747 agnitus

750 760 829 805 est
861 753 915 805 in
950 751 1173 807 Emmao
1231 770 1426 826 panem
1478 758 1755 831 frangens.
1803 764 2023 821 Illorum
2060 770 2225 825 corda
2260 784 2313 829 et

739 850 945 897 mentes
995 844 1281 913 ardebant,
1328 848 1457 903 dum
1501 852 1580 906 eis
1628 854 1962 923 loqueretur,
2003 858 2308 930 Scripturis

737 932 882 1000 quod
918 932 1120 990 factum
1181 938 1358 995 fuerat
1402 944 1712 1012 explicans.
1744 946 1882 1002 Cum
1917 950 1998 1005 eis
2046 953 2306 1009 clamabi-

733 1038 854 1078 mus
893 1042 906 1079 :
949 1024 1217 1091 Surrexit,
1249 1040 1303 1084 et
1340 1046 1368 1083 a
1402 1030 1563 1088 Petro
1604 1039 1757 1092 visus
1792 1048 1897 1095 est.

802 1115 1069 1173 lmmensa
1102 1127 1190 1173 tua
1226 1120 1389 1176 laudo
1424 1139 1671 1192 munera,
1708 1143 1742 1182 ο
1777 1131 2093 1188 misericors
2124 1134 2297 1191 Crea-

732 1214 820 1259 tor
879 1223 1055 1272 meus,
1084 1210 1231 1280 quod
1263 1222 1315 1267 te
1347 1218 1522 1285 ipsum
1550 1220 1928 1287 exinanivisti,
1956 1234 2015 1277 ut
2050 1236 2302 1295 portares

736 1295 1090 1367 salvaresque
1121 1301 1386 1368 perditam
1425 1306 1705 1362 hominum
1741 1322 2017 1375 naturam,
2045 1320 2122 1380 et,
2176 1316 2301 1371 licet

730 1384 901 1449 licus.
932 1402 999 1441 ex
1056 1399 1245 1444 sancta
1305 1391 1395 1469 Dei
1449 1394 1724 1453 Gcnitrice
1760 1401 1909 1456 nasci
1958 1413 2181 1475 propter
2217 1421 2303 1461 me

726 1475 970 1541 voluisti,
1024 1491 1079 1534 et
1135 1480 1469 1539 descendere
1520 1502 1692 1558 usque
1765 1492 1832 1546 ad
1887 1492 2163 1549 infernum
2230 1496 2298 1550 ad

725 1565 1042 1622 :alvandum
1098 1586 1209 1637 me,
1265 1571 1513 1644 Virginis
1543 1595 1662 1648 quae
1700 1590 1752 1636 te
1798 1586 1985 1653 genuit
2019 1587 2300 1655 precibus,

724 1673 758 1711 ο
782 1674 997 1717 summe
1030 1665 1348 1723 misericors
1384 1669 1629 1726 Domine.

1027 1776 1353 1834 Matutinum
1388 1782 1440 1845 5,
1474 1793 1629 1839 tonus
1672 1787 1912 1859 obliquus
1939 1790 1990 1845 1.

1995 388 2265 453 LEONIS
2286 395 2385 457 PH
2398 396 2737 459 [LOSOPIII

3889 403 3995 467 304

2882 510 3445 579 Ἰςξιιποστειλάριον
3482 519 3538 567 ε’.

2520 599 2584 652 Ἦ
2616 599 2728 669 ζωὴ
2758 600 2851 654 καὶ
2879 601 2996 664 ὁδὸς
3024 602 3256 672 Χριστὸς
3294 604 3358 655 ἑκ
3394 606 3606 675 νεκρῶν
3656 605 3734 676 τῷ
3764 607 3992 679 Κλεόπα

2417 694 2512 748 καὶ
2552 691 2630 760 τῷ
2655 692 2837 763 Δουκᾷ
2880 692 3232 758 συνώδευσεν,
3270 688 3465 766 οἵσπερ
3520 696 3616 749 καὶ
3643 698 3992 768 ἐπεγνώσθη,

2412 786 2493 846 είς
2536 783 2814 853 Ἐμμαοῦς
2842 783 2984 837 κλῶν
3007 783 3098 837 τὸν
3118 785 3300 855 ἄρτον,
3348 778 3424 839 ὧν
3449 786 3619 856 ψυχαὶ
3652 789 3744 841 καὶ
3771 790 3991 859 καρδίαι

2420 874 2705 943 καιόμεναι
2735 874 3046 944 ἐτύγχανον,
3100 875 3189 929 ὅτε
3224 877 3434 941 τούτοις
3485 878 3663 931 ἐλάλει
3690 881 3747 932 έν
3774 883 3839 949 τῇ
3864 880 3988 949 ὀδῷ,

2411 967 2501 1018 καὶ
2524 966 2763 1035 Γραφαῖς
2780 966 3124 1036 ήρμήνευσεν
3145 966 3180 1019 ά
3198 965 3428 1035 ὑπέστη,
3452 966 3570 1036 μεθ’
3593 960 3689 1032 ὧν,
3723 968 3988 1039 Ἠγέρθη,

2410 1055 2720 1124 κράξωμεν,
2747 1054 2904 1124 ὤφθη
2933 1071 2993 1107 τε
3020 1055 3114 1108 καὶ
3142 1054 3218 1124 τῷ
3243 1056 3453 1126 Πέτρῳ.

2490 1146 2680 1217 Ὑμνῶ
2722 1163 2816 1199 σου
2847 1146 2907 1198 τὸ
2936 1146 3243 1216 ἀμέτρητον
3280 1145 3450 1211 ἕλεος,
3505 1147 3703 1215 ποιητά
3743 1163 3870 1215 μου,
3907 1147 3989 1200 ὅτι

2408 1239 2604 1290 σαυτὸν
2653 1237 2959 1300 ἐκένωσας,
3023 1236 3118 1290 τοῦ
3168 1237 3396 1307 φορέσαι
3461 1240 3555 1292 καὶ
3606 1238 3776 1292 σῶσαι
3820 1236 3987 1305 φύσιν

2406 1327 2616 1399 βροτῶν
2659 1327 3026 1391 κακωθεῖσαν,
3075 1330 3169 1382 καὶ
3214 1329 3349 1393 Θεὸς
3376 1329 3453 1383 ὢν
3482 1331 3711 1401 ἠνέσχου
3737 1372 3754 1397 ,
3785 1332 3851 1386 ἐκ
3882 1332 3984 1401 τῆς

2402 1420 2574 1488 ἁγνῆς
2597 1419 2906 1485 θεόπαιδος,
2964 1420 3085 1473 κατ’
3117 1420 3233 1490 ἔμε
3253 1420 3349 1475 τοῦ
3397 1421 3649 1488 γενέσθαι
3672 1463 3688 1487 ,
3719 1424 3811 1476 καὶ
3846 1438 3983 1475 κατ-

2403 1508 2578 1564 ελθετν
2603 1510 2796 1582 μέχρις
2820 1510 2970 1581 ᾅδου.
2999 1510 3166 1564 θέλων
3192 1529 3260 1581 με
3283 1513 3379 1567 τοῦ
3396 1514 3635 1584 σωθῆναι
3662 1513 3985 1586 πρεσσείαις

2402 1600 2501 1671 τῆς
2523 1600 2789 1673 τεκούσης
2824 1618 2909 1667 σε,
2939 1602 3187 1656 Δέσποτα
3216 1604 3628 1676 πανοικτίρμον.

2728 1798 3003 1852 Ἔωθινὸν
3037 1803 3103 1862 8',
3141 1793 3294 1867 ἦχος
3329 1796 3585 1865 πλάγιος
3620 1796 3692 1851 a'.

793 1865 838 1919 Ο
865 1883 1024 1935 quam
1051 1871 1319 1939 sapientia
1345 1882 1435 1928 tua
1456 1874 1681 1945 judicia,
1711 1850 1935 1937 Domine
1960 1882 1974 1936 !
2015 1882 2290 1950 Quomodo

2478 1889 2541 1942 Ὢ
2564 1889 2673 1943 τῶν
2706 1850 3011 1958 σοφιῖινσου
3045 1850 3351 1960 κριᾷἓτιῖιν,
3380 1850 3609 1965 plus}.
3638 1886 3760 1949 Πῶς
3786 1885 3981 1958 Πέτρῳ

722 1956 942 2023 quidem
988 1957 1149 2014 Petro
1200 1964 1333 2017 solis
1368 1965 1606 2021 linteolis
1638 1968 1841 2026 dedisti
1875 1978 2027 2025 tuam
2069 1989 2297 2031 noscere

721 2048 1239 2103 resurrectionem?
1290 2051 1447 2107 Luca:
1510 2066 1691 2110 autem
1746 2065 1801 2112 et
1855 2054 2119 2131 Cleopha:
2186 2062 2295 2117 iter

721 2132 929 2189 iaciens
996 2137 1257 2207 loqueris,
1290 2152 1343 2195 ct
1379 2144 1607 2212 loquens
1655 2160 1762 2201 non
1811 2149 1995 2203 statim
2030 2157 2083 2204 te
2117 2152 2293 2205 mani.-

722 2222 915 2286 l‘estas.
952 2229 1095 2284 unde
1129 2239 1182 2284 et
1215 2232 1670 2302 vituperationem
1730 2238 1968 2295 incurris
2024 2250 2084 2296 ut
2139 2243 2294 2300 solus

715 2328 1010 2374 extr-ancus
1041 2321 1093 2374 in
1115 2320 1438 2388 Jerusalem,
1462 2326 1832 2399 ignoransque
1856 2332 2279 2401 magistratuum

719 2409 868 2465 illius
903 2414 1247 2468 sententiam.
1283 2415 1388 2471 Sed
1423 2427 1476 2471 ιιι
1521 2419 1704 2473 omnia
1738 2420 1805 2475 ad
1837 2422 2131 2479 utilitatem
2160 2440 2294 2493 ope-

716 2498 796 2553 ris
856 2504 1297 2568 accommodans,
1371 2509 1685 2583 prophetias
1753 2514 1821 2568 ad
1875 2522 1929 2571 te
1982 2524 2295 2587 spectantes

715 2591 1024 2658 explicasti,
1049 2602 1101 2647 et
1128 2595 1181 2648 in
1217 2596 1598 2653 benedictione
1634 2603 1793 2671 panis
1846 2606 2069 2674 agnitus
2112 2623 2172 2663 es
2220 2610 2288 2661 ah

717 2678 825 2734 illis
852 2698 1082 2751 quorum
1111 2684 1221 2752 jam
1256 2696 1413 2743 antea
1441 2693 1608 2746 corda
1642 2693 1710 2747 ad
1752 2697 1830 2749 tui
1866 2698 2293 2767 recognltionem

717 2781 877 2827 erant
926 2777 1277 2834 inﬂammata.
1314 2781 1375 2834 lli
1408 2794 1586 2838 autem
1629 2788 1917 2859 discipulis
1949 2796 2294 2863 congregatis

711 2860 827 2928 jam
893 2862 1064 2921 elluse
1136 2869 1529 2928 nuntiaverunt
1588 2884 1736 2932 tuam
1809 2860 2291 2951 resurrectionem,

717 2954 881 3024 cujus
923 2972 1089 3013 causa
1120 2961 1382 3019 miserere
1412 2969 1607 3021 nostri.

1210 3071 1697 3144 Exaposteilurium
1723 3084 1775 3137 6.

2400 1979 2498 2049 μὲν
2529 1978 2641 2042 τοϊς
2672 1978 2898 2042 ὀθονίοις
2949 1980 3128 2050 μόνοις
3189 1978 3396 2043 έδωκας
3446 1978 3693 2049 ἐννοῆσαί
3743 1995 3836 2033 σου
3875 1978 3981 2047 τὴν

2396 2069 2711 2137 ἀνάστασιν,
2756 2074 2937 2144 Λουκᾷ
2984 2072 3040 2126 δὲ
3084 2071 3180 2126 καὶ
3235 2072 3454 2144 Κλεόπᾳ
3500 2071 3981 2142 συμπορευόμενος

2393 2164 2640 2234 ὡμίλεις,
2670 2164 2765 2219 καὶ
2808 2166 3014 2235 ὁμιλῶν
3043 2166 3143 2218 οὒκ
3215 2164 3417 2227 εὐθέως
3462 2163 3653 2219 ἑαυτὸν
3686 2164 3975 2233 φανεροτςς

2393 2257 2478 2311 διδ
2529 2257 2622 2311 καὶ
2679 2256 3037 2326 «summa;
3089 2257 3249 2327 μόνος
3294 2254 3579 2327 παροικῶν
3608 2257 3667 2308 έν
3703 2252 3978 2325 Ἰερουσα-

2398 2346 2532 2417 λὴμ,
2558 2346 2652 2400 καὶ
2680 2346 2754 2417 μὴ
2787 2345 3031 2417 μετέχων
3053 2346 3163 2399 τῶν
3192 2348 3250 2400 ὲν
3283 2346 3427 2400 τέλει
3460 2343 3843 2414 βουλευμάτων
3873 2343 3976 2396 αὐ-

2396 2435 2518 2506 τῆς.
2537 2435 2677 2489 Ἀλλ’
2702 2439 2730 2490 ό
2753 2430 2930 2490 πάντα
2962 2436 3098 2506 πρὸς
3127 2436 3189 2490 τὸ
3214 2436 3310 2490 τοῦ
3343 2436 3659 2505 πλάσματος
3694 2434 3978 2504 συμφέρον

2394 2525 2713 2597 οἰκονομῶν,
2737 2526 2832 2580 καὶ
2857 2526 2955 2592 τὰς
2990 2526 3120 2599 περὶ
3150 2528 3246 2581 σοῦ
3276 2526 3615 2599 προφητείας
3644 2525 3975 2590 άνέπτυξας.

2396 2616 2492 2671 καὶ
2520 2617 2578 2669 ἐν
2610 2616 2687 2688 τῷ
2724 2616 2968 2685 εὐλογεῖν
3012 2618 3104 2672 τὸν
3152 2617 3317 2688 ἄρτον
3350 2614 3626 2685 έγνὼσθης
3660 2614 3865 2677 αὐτοῖς,
3897 2605 3979 2666 ὧν

2394 2709 2492 2764 καὶ
2542 2708 2648 2781 πρὸ
2695 2708 2888 2762 τούτου
2942 2710 2999 2762 ai
3032 2708 3249 2779 καρδίαι
3291 2707 3429 2777 πρὸς
3481 2706 3684 2777 γνῶσίν
3736 2721 3830 2759 σου
3872 2704 3976 2757 άν-

2400 2799 2710 2870 εφλέγοντο,
2767 2799 2817 2852 οἳ
2862 2801 2958 2853 καὶ
3001 2801 3115 2863 τοῖς
3165 2796 3435 2869 μαθηταῖς
3488 2793 3972 2867 συνηθροισμένοις

2393 2891 2493 2962 ἥδη
2540 2890 2749 2960 τρανῶς
2798 2890 3092 2960 ὲκὴρυττόν
3145 2907 3239 2942 σου
3289 2889 3387 2960 τὴν
3437 2887 3735 2942 ἀνάστασιν
3758 2902 3775 2920 .
3814 2885 3883 2939 δι’
3906 2881 3979 2957 ἧς

2397 2980 2621 3051 ἐλέησον
2653 2980 2819 3050 ἡμᾶς.

2841 3092 3411 3161 Ἐξαπυστειλάριον
3451 3091 3524 3157 ς’.

788 3155 833 3209 0
866 3155 1135 3225 Salvator,
1161 3163 1252 3233 qui
1288 3172 1339 3220 te
1388 3168 1663 3224 hominem
1700 3181 1895 3229 natura
1956 3190 2083 3234 esse
2128 3195 2286 3234 mon-

2459 3184 2728 3239 Δεικνύων
2745 3186 2826 3238 ὄτι
2865 3184 3172 3256 ἄνθρωπος,
3204 3184 3411 3256 Σῶτερ,
3441 3179 3495 3237 εῐ
3522 3183 3643 3238 κατ’
3672 3182 3882 3245 οὐσίαν,
3914 3181 3976 3236 έν

716 3248 983 3314 stravisti,
1009 3258 1063 3305 et
1086 3260 1242 3307 stans
1272 3255 1413 3312 inter
1444 3260 1748 3331 discipulus
1776 3273 1899 3333 post
1920 3269 2286 3323 resurrectio-

714 3352 837 3390 nem
856 3338 1109 3406 docuisti,
1142 3356 1269 3397 cum
1310 3346 1391 3401 eis
1426 3364 1671 3413 vcsccns,
1713 3368 1746 3405 o
1800 3354 2070 3423 baptisma
2112 3358 2287 3427 paeni-

712 3429 920 3496 tentiae,
945 3432 1037 3501 qui
1071 3434 1135 3487 ad
1165 3435 1441 3493 scelestum
1469 3440 1683 3496 Patrem
1718 3455 2037 3516 assumptus
2092 3448 2162 3503 ab
2194 3449 2287 3503 illo

715 3522 1042 3579 mittendum
1090 3525 1429 3584 Paracletum
1480 3536 1768 3590 nuntiasti.
1817 3538 2098 3596 Excellens
2144 3540 2287 3598 Deus

713 3614 901 3681 homo,
926 3617 1097 3685 gloria
1133 3630 1239 3675 tuae
1274 3626 1663 3680 resurrectioui
1696 3629 1707 3680 τ

786 3704 971 3762 Mundi
1013 3718 1226 3765 creatur
1265 3723 1320 3767 et
1348 3717 1588 3770 omnium
1621 3734 1802 3774 rerum
1845 3720 2131 3789 Dominus,
2159 3738 2285 3779 car-

714 3810 838 3850 nem
870 3799 1138 3856 viventem
1196 3803 1426 3861 induens
1459 3822 1524 3862 ex
1574 3824 1711 3878 puro
1759 3819 1852 3868 tuo
1910 3815 2199 3884 sanguine,
2252 3829 2287 3872 ο

714 3891 1064 3955 sanctissima
1098 3893 1284 3968 Virgo,
1314 3908 1628 3969 corruptam
1659 3912 1912 3959 naturam
1942 3920 2117 3965 meam
2158 3905 2287 3961 fun-

714 3982 866 4037 ditus
895 3986 1201 4052 renovavit,
1254 4004 1470 4054 rursus,
1503 4000 1563 4045 ut
1595 4003 1721 4049 ante
1763 3996 2129 4059 nativitatem,
2163 4006 2287 4072 post

713 4073 1054 4130 nativitatem
1079 4080 1382 4155 deponens.
1429 4079 1584 4137 Unde
1618 4083 1847 4140 fidenter
1872 4101 2064 4141 omnes
2102 4096 2153 4141 te
2192 4088 2286 4143 be-

711 4162 1017 4223 nedicimus
1046 4168 1387 4225 clamantes:
1420 4170 1623 4238 Gaude,
1676 4175 2011 4234 llmninatrix
2054 4180 2280 4235 mundi!

1019 4278 1349 4341 Matutinum
1390 4285 1442 4348 6,
1482 4296 1635 4340 tonus
1655 4287 1896 4358 obliquus
1919 4288 1975 4344 2.

783 4368 865 4423 'l'u
900 4384 1030 4425 vere
1057 4386 1140 4435 es,
1171 4371 1412 4436 Christe,
1462 4390 1564 4445 pax
1593 4375 1688 4432 Dei
1717 4393 1847 4449 erga
1882 4379 2155 4445 homines,
2186 4396 2284 4451 pa-

712 4475 834 4514 cem
867 4468 1017 4515 tuam
1052 4471 1175 4532 post
1224 4468 1685 4523 resurrectionem
1723 4467 2013 4540 discipulis
2056 4473 2279 4540 dedisti,

710 4551 947 4620 illosque
989 4555 1279 4617 ostendisti
1333 4558 1578 4624 territos,
1624 4567 1879 4629 putantes
1917 4578 1977 4617 se
2026 4566 2280 4631 spiritum

710 4642 921 4699 videre.
955 4642 1061 4700 Sed
1086 4660 1152 4700 ex
1180 4647 1399 4707 illorum
1430 4651 1705 4707 mentibus
1733 4660 1995 4708 terrorem
2028 4653 2285 4725 depuliin

713 4736 879 4804 pedes
897 4748 951 4791 et
972 4752 1167 4794 manus
1190 4740 1516 4807 ostendens;
1538 4751 1909 4814 praetereaque
1940 4745 2181 4801 nondum
2220 4746 2284 4800 li-

712 4826 993 4891 dentibus,
1015 4845 1157 4885 esca:
1189 4832 1610 4901 participatione
1632 4833 2009 4906 doctrinaeque
2032 4839 2287 4893 recorda-

713 4917 861 4973 tione
892 4928 1101 4975 mentes
1122 4921 1188 4975 ad
1220 4924 1631 4993 Intelligendum
1657 4925 1972 4995 Scripturas
1999 4928 2282 4997 aperuisti.

712 5006 1004 5079 Postquam
1031 5021 1210 5065 autem
1244 5011 1506 5082 Spiritum
1540 5029 1569 5068 a
1601 5013 1760 5070 Patre
1797 5018 2121 5075 mittendum
2158 5035 2287 5090 pro-

716 5098 985 5163 misisses,
1033 5101 1140 5157 illis
1197 5102 1523 5159 benedixisti
1568 5114 1621 5161 et
1665 5108 1730 5161 ad
1774 5109 1972 5163 cadum
2027 5112 2286 5181 abreptus

659 5263 662 5266 .
713 5204 795 5243 es.
828 5190 955 5246 Ideo
986 5207 1112 5248 cum
1144 5194 1254 5249 illis
1293 5195 1587 5251 adoramus
1626 5207 1712 5264 te;
1747 5200 1925 5271 gloria
1960 5203 2081 5265 tibi.
2127 5202 2286 5259 Chri-

716 5288 799 5336 ste
816 5283 831 5335 ι

1233 5401 1710 5470 Exaposleilnrium
1744 5408 1793 5461 7.

784 5488 921 5554 Quia
952 5490 1239 5548 Dominum
1263 5496 1581 5567 diligebant,
1609 5515 1672 5553 ex
1699 5501 1858 5555 dictis
1886 5500 2066 5557 Maria:
2096 5506 2162 5556 ad
2192 5518 2280 5559 se-

716 5582 966 5651 pulcrum
995 5598 1358 5642 cucurrerunt
1395 5588 1585 5645 Simon
1624 5590 1818 5648 Petrus
1847 5601 1901 5648 et
1942 5595 2085 5651 alius
2116 5611 2278 5666 quem

714 5671 933 5727 amabat
959 5672 1214 5731 Christus
1244 5677 1573 5748 discipulus.
1618 5680 1900 5739 Venerunt
1930 5685 2257 5741 invenerunt

720 5776 827 5829 quc
901 5766 1243 5824 solummodo
1311 5768 1527 5827 linteola
1591 5772 1739 5829 intus
1812 5788 2029 5845 sparsa:
2086 5776 2283 5847 capitis

2394 3276 2542 3347 μέσῳ
2589 3274 2719 3339 στὰς
2764 3274 3064 3337 ἐδίδασκες,
3102 3272 3339 3336 ἀναστάς
3384 3274 3449 3327 έκ
3493 3270 3590 3327 τοῦ
3633 3272 3843 3341 τάφου,
3875 3272 3976 3325 καὶ

2392 3366 2645 3438 βρώσεως
2701 3364 3102 3434 συμμετέσχες,
3134 3362 3417 3434 βάπτισμα
3454 3362 3743 3431 μετανοίας
3765 3377 3778 3391 ·
3809 3360 3975 3423 εὐθὺς

2388 3456 2444 3511 δὲ
2476 3454 2611 3526 πρὸς
2639 3453 2889 3524 οὐράνιον
2915 3453 3224 3523 άνελήφθης
3281 3452 3520 3524 Πατέρα,
3570 3453 3667 3506 καὶ
3698 3451 3972 3523 μαθηταῖς

2389 3549 2630 3618 πέμπεις
2672 3547 2764 3601 τὸν
2813 3544 3167 3615 Παράκλητον
3234 3544 3295 3598 ὃν
3344 3543 3691 3615 ὲπηγγείλωο
3733 3540 3976 3612 ὑπέρθεε

2388 3637 2727 3709 θεάνθρωπε,
2751 3636 2877 3703 δόξα
2904 3638 2971 3707 τῇ
3008 3638 3073 3707 σῇ
3107 3635 3343 3705 ὲγέρσει.

2471 3729 2531 3784 Ὀ
2559 3728 2790 3800 ποιητὴς
2817 3727 2918 3797 τῆς
2952 3727 3184 3791 κτίσεως
3203 3768 3218 3790 ,
3254 3726 3348 3780 καὶ
3373 3725 3506 3788 Θεὸς
3550 3724 3659 3778 τῶν
3689 3722 3971 3787 ἁπάντων,

2390 3821 2572 3894 σάρκα
2606 3820 2855 3891 βροτείαν
2890 3818 3083 3872 ἔλαϐεν
3128 3816 3190 3882 ιξ
3238 3817 3523 3889 άχράντων
3555 3814 3804 3885 αἱμάτων
3851 3830 3973 3879 σου,

2387 3913 2626 3981 παναγία
2661 3910 2923 3984 Παρθένε,
2955 3910 3049 3966 καὶ
3085 3908 3381 3980 φθαρετσάν
3444 3925 3545 3980 μου
3585 3908 3713 3977 ὅλην
3742 3904 3841 3975 τὴν
3870 3904 3976 3974 φύ-

2388 4021 2473 4059 σιν
2503 4002 2897 4078 έκαινούργησε
2961 4002 3125 4058 πάλιν
3150 4001 3227 4066 ὡς
3257 4001 3364 4072 πρὸ
3391 3999 3485 4055 τοῦ
3514 4000 3676 4055 τόκου
3701 4041 3716 4065 ,
3749 3997 3977 4052 καταλι-

2388 4097 2509 4151 πὼν
2539 4096 2678 4167 μετὰ
2705 4095 2887 4159 τόκον,
2910 4095 3032 4149 ὅθεν
3059 4093 3269 4156 πιστῶς
3294 4109 3353 4146 σε
3374 4092 3575 4156 πάντες
3624 4087 3974 4161 άνευφημοῦ-

2389 4201 2489 4256 μεν
2516 4184 2829 4256 κράζοντες·
2850 4185 3044 4256 Χαῖρε,
3076 4183 3345 4237 Δέσποινα
3376 4183 3607 4253 κόσμου.

2675 4293 2953 4347 Ἔωθινὸν
3005 4290 3084 4357 ς’,
3123 4288 3275 4361 ἦχος
3314 4289 3569 4359 πλάγιος
3600 4290 3683 4353 β.

2471 4385 2535 4439 Ἦ
2584 4385 2753 4448 δντως
2801 4385 2992 4456 εἰρήνη
3041 4384 3141 4449 σὺ,
3183 4382 3421 4454 Χριστὶ,
3472 4382 3608 4451 πρὸς
3648 4379 3973 4450 ἀνθρώπους

2314 4521 2358 4578 D
2388 4477 2546 4539 Θεοῦ.
2577 4478 2800 4548 εἰρήνην
2828 4476 2925 4546 τὴν
2941 4474 3277 4578 ’τὴν-διδοὺς,
3310 4472 3572 4578 μετά-την
3605 4472 3825 4542 έγερσιν
3856 4489 3972 4576 μα-

2391 4568 2580 4640 θηταῖς
2637 4568 2909 4638 έμφόδους
2940 4565 3146 4631 ἔδειξας
3188 4565 3407 4629 αὐτοὺς,
3441 4563 3701 4629 δόξαντας
3748 4562 3971 4633 πνεῦμα

2385 4662 2537 4733 όρᾷνο
2568 4660 2702 4714 ἀλλὰ
2733 4658 3084 4718 κατέστειλας
3139 4655 3233 4709 τὸν
3260 4654 3500 4725 τάραχον
3526 4652 3706 4707 αὐτῶν
3734 4652 3837 4721 τῆς
3865 4651 3971 4722 ψυ-

2386 4753 2508 4825 χῆς,
2532 4752 2707 4818 δείξας
2736 4750 2832 4815 τάς
2850 4752 3033 4821 χεῖρας
3059 4748 3153 4803 καὶ
3179 4749 3308 4813 τοὺς
3336 4748 3504 4809 πόδας
3533 4760 3647 4800 σου·
3675 4745 3817 4817 πλὴν
3835 4746 3971 4800 άπι-

2388 4843 2656 4898 στούντων
2687 4842 2790 4909 in,
2820 4843 2886 4913 τῇ
2919 4844 3021 4912 τῆς
3072 4840 3278 4911 τροφῆς
3324 4837 3620 4909 μεταλήψει
3677 4838 3773 4890 καὶ
3821 4836 3971 4891 διδα-

2387 4932 2499 5004 χῶν
2540 4933 2840 5003 ἀναμνήσει
2871 4928 3141 4999 διήνοιξας
3192 4930 3371 4983 αὐτῶν
3396 4928 3487 4982 τὸν
3512 4927 3637 4982 νοῦν
3657 4925 3754 4980 τοῦ
3784 4926 3967 4980 συνιέ-

2386 5041 2472 5080 ναι
2499 5024 2599 5088 τὰς
2628 5024 2869 5097 Γραφάς,
2895 5020 2976 5087 οἷς
3023 5026 3117 5077 καὶ
3167 5024 3267 5093 τὴν
3304 5020 3584 5093 Πατρικην
3629 5016 3969 5088 έπαγγελίαν

2388 5115 2887 5187 καθυποσχόμενος,
2909 5115 3004 5169 καὶ
3026 5114 3327 5184 εὐλογήσας
3348 5110 3567 5175 αὐτοὺς,
3585 5110 3805 5177 διέπης
3830 5109 3969 5179 προς

2384 5209 2637 5281 «οὐρανόν⁹
2684 5208 2765 5262 διὸ
2810 5208 2907 5262 σὺν
2958 5208 3141 5271 αὐτοῖς
3186 5201 3603 5277 προσκυνοῦμέν
3634 5218 3729 5265 σε,
3768 5200 3964 5273 Κύριε.

2387 5299 2514 5366 δόξα
2557 5317 2660 5355 σοι.

2842 5410 3412 5479 Ἐξαποστεαλιίριον
3451 5409 3523 5472 ζ’.

2458 5506 2581 5561 Ὅτι
2610 5500 2751 5576 ἦραν
2778 5505 2871 5558 τὸν
2906 5505 3127 5573 Κύριον,
3164 5505 3263 5573 τῆς
3295 5502 3514 5573 Μαρίας
3544 5500 3841 5569 ειπούσης,
3874 5501 3966 5553 ἐπὶ

2386 5600 2476 5653 τὸν
2506 5601 2673 5668 τάνρον
2708 5598 2940 5668 ἔδραμον
2966 5597 3147 5666 Σίμων
3173 5596 3380 5665 Πέτρος
3411 5594 3504 5648 καὶ
3557 5593 3715 5658 duo;
3747 5594 3963 5663 μύστης

2387 5687 2620 5759 Χριστοῦ
2642 5688 2701 5741 ὃν
2743 5688 2933 5757 ἠγάπα
2964 5703 2979 5719 ο
3010 5686 3229 5758 ἔτρεχον
3255 5686 3313 5740 δὲ
3342 5686 3391 5737 οί
3417 5683 3543 5743 δύο.
3575 5684 3670 5736 καὶ
3704 5678 3864 5753 εὖρον
3894 5686 3963 5734 τά

2386 5780 2584 5848 ὀθόνια,
2618 5778 2765 5834 ἔνδον
2809 5775 3035 5848 κείμενα
3067 5775 3223 5845 μόνα,
3255 5774 3350 5830 καὶ
3395 5770 3636 5844 κεφαλῆς
3694 5766 3761 5843 ἣν
3804 5770 3860 5826 δὲ
3904 5771 3963 5823 τὸ
