4188 6456
150 420 244 481 305

1347 406 1626 469 PRECES
1666 408 2094 468 LlTUliGlC.‘E

3299 413 3402 472 306

155 529 430 598 σουδάριον
473 524 642 596 χωρὶς
687 521 927 587 τούτων,
980 519 1060 572 διδ
1105 517 1265 572 πάλιν
1295 516 1598 588 ἡσύχασαν,
1629 516 1719 569 τὸν

1840 519 1966 570 :nim
1992 517 2273 572 sudarium
2308 518 2467 588 longe
2521 530 2638 574 erat
2686 529 2977 576 seruolum.
3058 521 3402 590 Quapropter

153 619 385 690 Χριστὸν
420 619 525 678 ἓως
563 613 720 667 εἶδον.

214 708 452 778 Μεγάλα
477 707 572 761 καὶ
619 701 899 772 παράδοξα
944 699 1009 753 δι’
1044 697 1143 770 ἐμὲ
1174 697 1545 768 κατειργάσω,
1587 697 1723 764 Χρι-

155 803 236 855 eri
271 818 374 870 μου
411 797 666 852 πολυέλεε
693 812 704 824 ·
738 795 800 846 ὲκ
827 790 1104 861 Παρθένου
1133 790 1241 858 γὰρ
1299 788 1469 857 κόρης
1503 785 1725 855 ἐτέχθης

153 888 572 960 ἀνερμηνεύτως
596 926 608 945 ,
641 884 734 936 καὶ
769 879 998 950 σταυρὸν
1035 876 1324 941 κατεδέξω,
1359 875 1454 928 καὶ
1500 874 1727 927 θάνατον

157 979 454 1050 ὑπομείνας
474 1018 489 1043 ,
514 976 806 1040 ἐξανέστης
843 973 900 1022 ὲν
934 967 1079 1041 δόξῃ,
1111 967 1207 1018 καὶ
1229 967 1327 1033 τὴν
1354 965 1510 1034 ἡμῶν
1566 963 1728 1032 φύσιν

155 1071 533 1140 ᾑλευθιρωσας
580 1065 676 1118 τοῦ
730 1063 960 1114 Θανάτου
988 1076 1001 1090 ·
1033 1057 1183 1125 δόξα,
1211 1056 1435 1126 Χριστὲ,
1485 1058 1552 1126 τῇ
1601 1055 1729 1125 δόξῃ

157 1181 270 1228 σου,
304 1162 435 1228 δόξα
463 1163 528 1228 τῇ
556 1161 620 1227 σῇ
652 1155 902 1224 δυνάμει.

519 1245 807 1301 Ἕωθινὸν
844 1242 920 1307 ζ’,
960 1239 1110 1311 ἦχος
1163 1239 1377 1307 βαρύς.

217 1343 353 1397 Ἰδοὺ
388 1341 577 1394 σκοτία
607 1338 700 1389 καὶ
752 1334 916 1405 πρωῒ,
962 1335 1055 1385 καὶ
1102 1332 1155 1384 τί
1182 1330 1317 1402 πρὸς
1351 1330 1414 1382 τὸ
1449 1329 1731 1398 μνημεῖον,

159 1433 365 1499 Μαρία,
417 1431 677 1498 ἕστηκας,
715 1423 847 1476 πολὺ
905 1422 1093 1482 σκότος
1119 1419 1317 1488 ἔχουσα
1352 1418 1468 1477 ταῖς
1521 1413 1729 1483 φρεσὶν,

160 1524 240 1594 ὑφ’
268 1519 332 1578 οῦ
361 1522 467 1574 ποῦ
501 1519 736 1573 τέθειται
763 1514 944 1584 ζητεῖς
975 1513 1004 1564 ὁ
1034 1509 1241 1594 Ἰησοῦς
1265 1525 1279 1571 ;
1308 1504 1448 1559 Ἀλλ’
1480 1506 1581 1575 ὅρα
1609 1504 1734 1594 τοὺς

160 1592 550 1684 συντρέχοντας
600 1607 868 1680 μαθητὰς,
922 1603 1040 1664 πῶς
1089 1593 1474 1662 τοϊς’ὀθονίοις
1522 1599 1615 1649 καὶ
1657 1592 1736 1662 τῷ

159 1704 433 1773 σουδαρίῳ
484 1701 582 1770 τὴν
607 1698 906 1751 ἀνάστασιν
935 1691 1334 1760 ἑτεκμήραντο,
1357 1687 1463 1773 οιαὶ
1495 1686 1732 1773 ἀνεμνη-

1826 607 1880 661 in
1918 623 2076 677 prece
2100 623 2417 666 manserunt
2447 613 2620 666 donec
2648 614 2922 668 Christum
2959 611 3229 666 viderent.

1896 698 2088 769 Magna
2115 711 2169 757 et
2211 703 2552 758 incredibilia
2601 712 2821 773 propter
2857 720 2941 758 me
2973 711 3234 774 operatus
3263 718 3345 762 cs.
3369 720 3402 753 υ

1826 788 2078 846 Christe!
2119 795 2213 862 qui
2242 809 2327 850 me
2381 811 2709 864 magnopere
2741 797 3031 851 miseratus
3051 813 3126 851 es.
3162 795 3238 850 Ex
3267 812 3401 865 pura

1831 881 1979 937 enim
2012 880 2236 954 Virgine
2291 887 2548 940 inell‘abili
2593 889 2844 958 prodigio
2897 890 3134 957 genitus,
3181 901 3400 942 crucem

1831 973 2110 1043 accepisti,
2145 983 2374 1028 mortem
2413 978 2628 1032 subiisti
2685 991 2736 1034 et
2768 980 2820 1032 iu
2875 981 3049 1049 gloria
3090 980 3395 1041 surrexisti,

1832 1071 2083 1118 naturam
2141 1065 2444 1122 redimens.
2491 1069 2699 1130 Gloria.
2749 1071 2991 1138 Christe,
3027 1072 3216 1141 gloria:
3252 1075 3399 1126 tum!

1833 1155 2086 1222 potestati
2122 1161 2228 1208 ture
2253 1155 2421 1222 gloria
2447 1159 2459 1208 ἰ

2205 1245 2532 1300 Matutinth
2562 1247 2613 1311 7,
2649 1230 2801 1300 tomis
2827 1253 3024 1316 gravis.

1904 1333 2043 1390 Ecce
2066 1337 2306 1390 nondum
2332 1338 2630 1392 diluculum
2661 1356 2673 1391 :
2711 1353 2828 1400 cur,
2860 1338 3048 1403 Maria,
3077 1341 3330 1396 tenebras
3351 1340 3405 1393 in

1833 1425 1997 1480 corde
2031 1441 2245 1496 gerens,
2276 1436 2392 1482 stas
2455 1429 2522 1482 ad
2570 1437 3005 1486 "tinnimentum.
3037 1439 3090 1482 et
3121 1433 3322 1496 «litteris
3351 1432 3403 1484 in

1836 1529 1943 1584 qua
1975 1525 2126 1584 parte
2157 1518 2318 1572 Jesus
2349 1517 2848 1588 lueritdepositus?
2889 1520 2991 1575 Sed
3023 1522 3142 1575 vide
3169 1536 3408 1577 concur-

1838 1613 2022 1660 rentes
2052 1604 2373 1676 discipulos,
2404 1607 2680 1677 quomodo
2719 1624 2787 1662 ex
2833 1611 3072 1664 linteolis
3101 1617 3155 1664 et
3187 1611 3407 1664 sudario

1840 1697 2299 1752 resurrectionem
2333 1698 2705 1766 conjeceriut,-
2725 1697 3134 1768 Scripturarum
3163 1701 3231 1754 ad
3254 1701 3405 1754 illum

159 1765 366 1862 sonans
394 1765 495 1860 τῆς
525 1765 651 1858 περὶ
679 1786 869 1838 τούτου
899 1780 1140 1852 Γραφῆς·
1183 1777 1300 1848 μεθ’
1347 1769 1421 1829 ὧν
1447 1775 1542 1828 καὶ
1571 1773 1637 1826 δι’
1661 1765 1737 1826 ὧν

1840 1788 2204 1856 spectantium
2235 1765 2612 1845 recordantes.
2647 1790 2783 1844 Cum
2827 1765 2936 1846 illis
2961 1803 3013 1845 et
3043 1807 3138 1860 per
3159 1792 3282 1847 illos
3309 1807 3410 1846 nos

158 1847 431 1955 xat'qpsi;
453 1847 854 1941 ,πιστεύσαντες
880 1847 1226 1944 εἰν-υμνοῦμέν
1254 1885 1314 1922 σε
1349 1868 1439 1922 τὸν
1468 1865 1732 1936 ζωοδότην

1840 1893 2054 1948 quoque
2078 1893 2202 1933 cum
2229 1877 2331 1934 llde
2366 1888 2418 1934 te
2445 1880 2788 1936 celebramus
2834 1847 3068 1939 canticis
3098 1884 3223 1938 vitae
3251 1883 3411 1937 Chri-

158 1975 412 2048 Χριστόν.

616 2059 1185 2127 Ἐξαποστειλὰριον
1220 2062 1294 2124 η’.

221 2161 326 2213 Δύο
377 2159 640 2227 ἀγγέλους
689 2155 933 2226 βλέψασα
995 2151 1204 2206 ἔνδοθεν
1282 2149 1376 2203 τοῦ
1465 2148 1733 2220 μνημείου

159 2252 345 2322 Μαρία
363 2251 740 2320 ἐξεπλήττετο,
758 2249 852 2302 καὶ
874 2245 1107 2317 Χριστὸν
1123 2241 1412 2312 ἀγνοοῦσα,
1431 2242 1506 2305 ὼς
1522 2259 1732 2314 κηπουο

165 2344 248 2413 ρδν
279 2340 580 2413 ἐπηρώταο
629 2337 825 2408 Κύριε,
861 2336 964 2389 ποῦ
993 2334 1053 2389 τὸ
1083 2333 1239 2404 σῶμα
1286 2333 1381 2384 τοῦ
1426 2331 1600 2402 Ἰησοῦ
1633 2347 1732 2402 μου

166 2435 455 2495 τέθεικαςς
493 2432 697 2500 κλήσει
721 2429 778 2482 δὲ
826 2425 1015 2481 τοῦτον
1044 2425 1247 2493 γνοῦσα
1283 2418 1419 2477 εἶναι
1462 2422 1623 2476 αὑτὸν
1644 2423 1735 2476 τὸν

167 2523 415 2594 Σωτῆρα,
445 2523 644 2593 ἥκουσι
679 2537 695 2552 ⁸
734 2521 826 2580 Μή
864 2537 967 2589 μου
999 2517 1195 2581 ἃπτου,
1226 2513 1362 2585 πρὸς
1391 2513 1484 2568 τὸν
1516 2515 1738 2586 Πατέρα

161 2615 378 2684 ἄπειμι,
414 2614 532 2667 εἰπὲ
560 2614 674 2676 τοῖς
700 2611 948 2681 ἀδελφοῖς
983 2627 1106 2682 μου.

224 2707 480 2776 Τριάδος,
501 2706 674 2776 Κόρη,
689 2705 913 2768 τέτοκας
932 2706 1255 2777 ἀποῤῥήτως
1270 2704 1361 2756 τὸν
1382 2703 1496 2766 ἕνα,
1517 2697 1737 2754 διπλοῦν

159 2801 222 2870 τῇ
257 2799 422 2868 φύσει
449 2798 697 2861 πέλοντα,
731 2798 826 2851 καὶ
851 2796 1073 2850 διπλοῦν
1097 2794 1381 2867 ἐνεργείᾳ,
1416 2793 1511 2846 καὶ
1544 2793 1637 2847 ἕνα
1667 2795 1733 2863 τῇ

161 2891 482 2945 ὑποστάσει·
519 2887 706 2942 τοῦτον
735 2883 828 2942 οὖν
858 2886 1163 2942 ἐκδυσώπει
1201 2885 1290 2939 ἀεὶ
1340 2885 1479 2955 ὑπὲρ
1508 2883 1616 2937 τῶν
1647 2882 1737 2936 πι-

162 2998 274 3036 στει
347 2980 838 3048 προσκυνούντων,
899 2980 964 3032 lx
1022 2979 1204 3048 πάσης
1287 2976 1579 3046 ἐπιϐουλῆς
1642 2976 1736 3029 τοῦ

160 3073 356 3145 ιχθροῦ
390 3072 808 3144 λυτρώσασθαιο
838 3071 920 3126 δτι
948 3069 1146 3134 πάντες
1177 3069 1312 3141 πρδς
1351 3070 1409 3123 σὲ
1440 3068 1535 3122 νῦν
1564 3085 1734 3123 κατα-

159 3166 454 3236 φεύγομεν,
491 3164 754 3217 Δέσποινα
782 3162 1032 3216 Θεοτόκε.

449 3259 738 3311 Ἔωθινὸν
772 3255 846 3322 η’,
885 3251 1035 3325 ἦχος
1096 3255 1351 3323 πλάγιος
1380 3253 1449 3324 γ’.

227 3347 310 3401 τὰ
339 3347 442 3418 τῆς
471 3345 690 3418 Μαρίας
717 3345 922 3414 δάκρυα
958 3343 1045 3396 οὑν
1074 3343 1250 3413 μάτην
1273 3345 1447 3412 χεῖται
1477 3340 1692 3414 θερμῶς
1715 3357 1732 3372 ο

162 3443 271 3496 Boii
307 3441 422 3511 γὰρ
453 3437 808 3507 κατηξῑωται,
834 3439 929 3490 καὶ
963 3437 1322 3490 διδασκόντων
1351 3435 1615 3503 ἀγγέλων,
1638 3434 1734 3503 τῆς

156 3533 332 3602 ὅψεως
378 3528 546 3585 αὑτοῦ
594 3528 688 3581 τοῦ
723 3527 921 3597 Ἰησοῦ
948 3527 1061 3580 ἀλλ’
1089 3526 1168 3579 ἔτι
1220 3527 1485 3596 πρόσγεια
1527 3527 1733 3594 φρονεῖ,

157 3619 246 3678 οἷα
290 3621 434 3691 γ’.»νὴ
478 3619 729 3686 ἀσθενὴς,
763 3617 842 3670 διὸ
871 3621 966 3670 καὶ
998 3616 1391 3686 ἀποπέμπεται
1440 3615 1514 3684 μὴ
1569 3629 1737 3682 προσ-

157 3713 368 3783 ψαῦσαι
397 3711 640 3782 Χριστῷ,
673 3711 788 3764 ἀλλ’
811 3712 958 3780 ὅμως
981 3707 1159 3780 κῆρυξ
1183 3708 1459 3776 πέμπεται
1487 3708 1602 3769 τοῖς
1627 3707 1739 3768 σοῖς

162 3805 457 3874 μαθηταῖς.
492 3797 588 3866 Οἷς
629 3801 926 3870 εὐαγγέλια
963 3799 1132 3870 ιφησε
1156 3838 1171 3862 ,
1216 3799 1315 3868 τὴν
1346 3797 1483 3868 πρὸς
1515 3795 1607 3849 τὸν
1636 3813 1740 3849 παπ

155 3897 334 3968 τρῷον
363 3896 565 3966 κλῆρον
584 3895 766 3948 ἄνοδον
791 3892 1230 3962 ἀπαγγέλλουσα,
1257 3889 1377 3960 μεθ’
1409 3883 1478 3960 ἦς
1509 3887 1739 3952 ἀξίωσον

159 3989 252 4041 καὶ
285 3987 438 4057 ἡμᾶς
465 3985 563 4055 τῆς
595 3983 891 4053 ἔμφανεῐας
927 3999 1042 4046 σου,
1073 3983 1316 4033 Δέσποτα
1344 3977 1537 4047 Κύριε.

617 4071 1186 4138 Ἔξαποστειλὰριον
1224 4070 1295 4126 θ’.

229 4165 772 4236 Συγκεκλεισμένων,
801 4163 1068 4220 Δέσποτα.
1087 4159 1196 4214 τῶν
1232 4159 1414 4231 θυρῶν
1445 4161 1520 4224 ὡς
1563 4160 1743 4230 εἰσῆλ-

160 4259 273 4324 θες,
295 4261 428 4320 τοὺς
458 4257 784 4316 ἀποστόλους
822 4253 1062 4322 ἐπλησας
1104 4252 1420 4322 Πνεύματος
1451 4251 1742 4320 παναγιου,

158 4347 459 4422 εἰρηνικῶς
493 4348 831 4416 ἐμφυσήσεις.
867 4338 966 4406 Οἷς
997 4343 1215 4413 δεσμεῖν
1246 4359 1308 4396 τε
1336 4342 1436 4396 καὶ
1459 4342 1608 4396 λύειν
1646 4342 1745 4405 τὰς

159 4442 441 4513 ἁμαρτίας
474 4440 736 4509 εῐρηκας,
778 4438 870 4490 καὶ
915 4434 1058 4489 ὀκτὼ
1100 4434 1216 4505 μεθ’
1249 4435 1461 4504 ἡμέρας
1512 4435 1616 4505 τὴν
1647 4434 1746 4503 σὴν

1834 1978 1979 2026 stum
2009 1971 2352 2028 donatorem.

2344 2059 2829 2129 Exapostcilurium
2864 2065 2917 2119 8.

1905 2153 2122 2210 Duobus
2167 2155 2375 2224 angelis
2421 2156 2566 2210 intra
2605 2169 3016 2213 monumentum
3078 2159 3408 2227 conspectis,

1835 2246 2008 2299 Maria
2040 2245 2232 2299 territa
2259 2255 2365 2310 est,
2423 2245 2817 2318 Christumque
2865 2265 2974 2304 non
3007 2265 3312 2320 agnoscens
3343 2251 3409 2302 il-

1837 2338 1946 2394 lum
1977 2339 2331 2414 hortulanum
2361 2347 2564 2410 putans
2586 2341 2939 2412 interrogavit
2970 2359 2985 2396 :
3019 2342 3122 2398 Ubi
3151 2344 3254 2397 mei
3280 2342 3407 2398 .lesu

1836 2443 2040 2499 corpus
2069 2428 2424 2508 deposuisti‘l
2471 2430 2850 2500 Appellatione
2906 2446 3041 2487 vero
3102 2447 3412 2504 agnoscens

1837 2519 2174 2574 Salvatorem
2226 2519 2401 2575 audiit
2437 2519 2755 2591 (dicentem)
2789 2539 2803 2575 :
2836 2520 2958 2577 Noli
3004 2539 3091 2578 me
3141 2532 3408 2596 tangere;

1835 2611 1971 2666 abeo
1997 2609 2065 2665 ad
2097 2608 2312 2664 Patrem
2341 2628 2356 2665 :
2390 2607 2652 2665 fratribus
2673 2611 2809 2666 meis
2839 2613 3124 2666 annuntia.

1908 2699 2084 2756 Unam
2143 2699 2460 2765 Trinitatis,
2515 2717 2550 2756 ο
2598 2701 2790 2773 Virgo,
2843 2704 3098 2773 prodigio
3150 2703 3390 2758 inell‘abit

1839 2807 2131 2865 personam
2159 2792 2422 2864 genuisti,
2468 2802 2664 2849 natura
2694 2793 2917 2865 quidem
2952 2803 3008 2850 et
3066 2796 3265 2851 virtute
3309 2795 3407 2849 du-

1838 2886 2059 2954 plicem,
2095 2885 2377 2956 hypostasi
2407 2893 2591 2942 autem
2614 2900 2799 2941 unam.
2840 2883 2996 2940 Illum
3031 2902 3160 2956 ergo
3195 2903 3411 2956 semper

1837 2991 1937 3046 pro
1965 2975 2219 3031 omnibus
2249 2975 2610 3031 adorantihus
2637 2976 2692 3031 in
2729 2975 2833 3031 llde
2860 2989 3106 3046 precare,
3143 2987 3199 3030 ut
3226 2991 3320 3030 eos
3347 2977 3418 3031 ab

1837 3067 2092 3123 omnibus
2120 3068 2327 3123 inimici
2359 3067 2576 3124 insidiis
2599 3067 2814 3122 liberet.
2842 3066 3029 3126 Itaque
3082 3069 3148 3123 ad
3181 3077 3234 3122 te
3268 3085 3414 3123 nunc

1758 3183 1802 3242 ο
1838 3159 2205 3232 confugimus,
2232 3158 2457 3214 Domina
2488 3158 2582 3216 Dei
2611 3158 2883 3215 Genitris.

2151 3252 2473 3306 Matutinum
2506 3249 2560 3315 8,
2597 3260 2747 3305 tonus
2776 3253 3015 3322 obliquus
3042 3254 3092 3307 5.

1905 3341 2022 3400 Non
2053 3343 2261 3400 l'rustra
2305 3341 2474 3398 Maria
2530 3343 2790 3398 ardentes
2843 3344 3118 3415 lacrymas
3141 3342 3414 3398 elTundit:

1834 3451 1962 3492 ecce
1991 3435 2136 3491 enim
2171 3435 2334 3506 digna
2367 3435 2619 3500 elllcitur,
2667 3435 2991 3489 docentibus
3035 3435 3265 3505 angelis,
3297 3450 3420 3504 qum

1837 3527 2028 3582 Jesum
2087 3526 2267 3596 ipsum
2315 3526 2519 3581 videat.
2566 3524 2769 3581 Verum
2818 3525 3071 3590 humilia,
3115 3527 3301 3596 qualia
3338 3528 3417 3580 in.

1841 3619 1996 3673 ﬁrma
2029 3617 2244 3684 mulier,
2274 3617 2442 3673 sentit
2473 3633 2539 3673 ex
2587 3632 2654 3672 eo
2701 3619 2849 3688 quod
2888 3633 2956 3674 ne
2980 3617 3258 3673 Christum
3295 3623 3416 3669 tan-

1839 3721 1928 3782 gat
1970 3709 2420 3767 amantum-Sed
2492 3710 2657 3765 simul
2728 3709 2918 3765 nuntiat
2969 3709 3256 3778 discipulis
3311 3709 3420 3763 tuis

1840 3799 2095 3853 mittitur.
2169 3798 2383 3864 Quibus
2433 3797 2611 3854 fausta
2669 3813 2803 3854 voce
2855 3801 2998 3854 viam
3031 3799 3099 3854 ad
3136 3807 3419 3868 paternam

1841 3890 2224 3946 hereditatem
2255 3889 2541 3961 praedicat.
2575 3890 2710 3945 Cum
2745 3905 2854 3960 qua
2881 3900 2936 3946 et
2969 3905 3072 3946 nos
3099 3888 3422 3945 manifesta-

1841 3984 1994 4038 tioue
2025 3991 2119 4038 tua
2149 3982 2348 4051 dignos
2378 3981 2605 4047 habeas,
2630 3980 2858 4035 Domine
2888 3982 2900 4035 l

2330 4069 2819 4139 Ezaposteilarium
2847 4071 2902 4126 9.

1914 4161 2152 4224 Clausis.
2179 4177 2212 4216 ο
2257 4159 2509 4224 Domine,
2563 4160 2739 4228 portis
2784 4162 3069 4229 ingressus
3138 4159 3422 4228 apostolos

1847 4255 2048 4325 spiritu
2104 4253 2288 4309 omnis
2339 4249 2654 4306 sanctitatis
2686 4247 2989 4316 replevisti.
3033 4247 3259 4318 pacitice
3306 4249 3424 4302 sut-

1845 4346 1986 4403 ﬂans
2011 4347 2109 4414 (l).
2152 4344 2261 4400 Eos
2292 4342 2460 4414 ligare
2490 4349 2546 4397 et
2576 4341 2790 4397 solvere
2818 4351 3043 4409 peccata
3080 4337 3335 4407 iussisti;
3365 4347 3420 4392 et

1850 4448 1976 4509 post
2007 4448 2133 4492 octo
2163 4436 2286 4491 dies
2313 4436 2459 4490 latus
2509 4446 2813 4502 manusque
2853 4429 3077 4485 Thomas
3110 4430 3424 4484 ostendisti.

160 4534 408 4603 πλευρὰν
459 4530 538 4600 τῷ
565 4530 734 4600 Θωμᾷ
757 4527 1043 4592 ὑπέδειξας
1065 4527 1159 4581 καὶ
1173 4527 1269 4588 si;
1290 4528 1477 4596 χεῖρας
1497 4541 1509 4554 ·
1545 4525 1664 4594 μεθ’
1685 4520 1738 4580 οῦ

1867 4528 2114 4595 Quocum
2144 4527 2448 4582 clamamus
2483 4541 2496 4578 :
2550 4521 2630 4578 Tu
2658 4521 2924 4578 Dominus
2954 4528 3008 4578 et
3037 4520 3180 4577 Deus
3210 4536 3293 4576 es.

163 4622 407 4692 βοῶμενο
453 4619 655 4690 Κύριος
679 4619 775 4672 καὶ
801 4617 934 4680 Θεὸς
969 4617 1034 4670 σὺ
1071 4616 1356 4688 ὑπάρχεις.

235 4713 344 4766 Τὸν
389 4712 483 4765 σὺν
531 4709 644 4763 υἱὸν
684 4709 760 4773 ὡς
831 4708 1060 4776 ἔϐλεψας
1110 4707 1416 4760 ἀναστάντα
1467 4708 1530 4760 εκ
1571 4707 1743 4775 τάφου

159 4806 488 4874 τριήμερον,
511 4803 813 4872 Θεόνυμφε,
833 4800 1074 4868 παναγία
1104 4798 1366 4868 Παρθίνε,
1393 4798 1611 4852 ἅπασαν
1634 4797 1747 4851 θλι-

161 4899 257 4967 ψιν
304 4895 554 4961 άπὲθου,
581 4896 649 4967 ἣν
696 4893 936 4963 ὑπέστης
980 4892 1057 4956 ὡς
1113 4895 1326 4963 μήτηρ,
1366 4891 1454 4944 ὅτε
1506 4891 1748 4954 κατεῖδες

165 4992 468 5060 πάσχοντα,
506 4987 602 5043 καὶ
634 4988 810 5059 χαρᾶς
840 4985 1236 5057 ἐμπλησθεῖσα,
1293 4986 1392 5038 σὺν
1423 4986 1534 5048 τοῖς
1582 4982 1748 5037 αὑτοῦ

169 5084 444 5155 μαθηταῖς
477 5081 811 5156 γεραίρουσα
838 5079 1025 5133 τοῦτον
1083 5077 1304 5149 ὑμνεις’
1347 5077 1428 5130 διδ
1458 5076 1583 5140 τοὺς
1617 5077 1748 5129 Θεο-

163 5179 321 5230 τόκον
355 5191 415 5229 σε
442 5172 538 5228 νῦν
563 5172 935 5244 κηρύττοντας
969 5170 1139 5234 σῶζε.

503 5264 784 5320 Ἕωθινόν
808 5263 876 5329 θ’,
898 5260 1047 5334 ἦχος
1071 5262 1324 5330 πλάγιος
1344 5259 1413 5314 δ’.

255 5363 343 5425 Ὡς
369 5362 459 5416 ἀπ’
481 5359 728 5430 ἰσχάτων
754 5357 864 5411 τῶν
891 5357 1123 5428 χρόνων,
1155 5354 1322 5424 οὑσης
1347 5352 1501 5422 ὀψίας
1531 5352 1744 5406 Σαϐϐά-

170 5470 301 5521 των,
337 5454 631 5524 ἐφίστασαι
673 5451 786 5514 τοῖς
836 5448 1010 5516 φίλοις
1032 5489 1049 5515 ,
1080 5445 1315 5519 Χριστὲ,
1349 5445 1441 5498 καὶ
1512 5443 1750 5514 θαύματι

1922 4710 2118 4764 Filium
2157 4718 2311 4764 tuum
2359 4708 2552 4763 videns
2599 4722 2630 4762 ο
2677 4706 2931 4778 sepulcro
2983 4715 3104 4776 post
3150 4714 3262 4759 tres
3310 4704 3427 4758 dies

1851 4799 2174 4861 redivivum,
2240 4813 2274 4851 ο
2320 4795 2416 4852 Dei
2451 4796 2686 4867 Sponsa.
2719 4795 3064 4850 sanctissima
3088 4793 3275 4862 Virga,
3311 4809 3426 4847 om-

1853 4905 1978 4945 nem
2035 4888 2246 4958 depone
2295 4886 2647 4942 alﬂictionem
2718 4901 2841 4957 qua)
2912 4897 2964 4941 te
3025 4885 3246 4946 invasit,
3301 4900 3424 4940 cum

1856 4979 2133 5052 passionis
2163 4978 2321 5034 testis
2359 4977 2535 5043 fuisti,
2566 4985 2622 5034 et
2652 4977 2836 5048 gratia
2879 4977 3081 5046 repleta
3119 4976 3423 5032 mercedem

1857 5089 1983 5130 cum
2012 5073 2303 5144 discipulis
2332 5071 2614 5142 accipiens
2667 5070 2827 5126 lauda
2866 5083 3015 5124 eum.
3079 5067 3425 5140 Quapropter

1856 5165 2002 5221 salva
2037 5164 2131 5235 qui
2162 5171 2214 5218 te
2246 5160 2531 5231 Deiparam
2567 5160 2880 5232 praedicant.

2192 5253 2519 5310 Matutinum
2547 5254 2600 5318 9,
2621 5264 2776 5308 tonus
2810 5252 3047 5321 obliquus
3071 5251 3126 5306 4.

1930 5349 1988 5403 lu
2024 5348 2232 5403 ultimis
2261 5346 2481 5409 diebus,
2525 5359 2751 5414 vespere
2802 5342 3026 5398 Sabbati
3060 5354 3185 5398 ante
3217 5343 3425 5398 amicos

1858 5452 1995 5506 stas,
2050 5455 2084 5494 ο
2131 5439 2369 5503 Christe,
2428 5436 2800 5506 miraculoque
2859 5435 3181 5489 miraculum
3231 5435 3425 5487 contir-

175 5549 360 5619 θαῦμα
397 5547 662 5617 βεδαιοῖς,
719 5546 785 5615 τῇ
817 5540 1182 5611 κεκλεισμενῃ
1217 5537 1404 5591 εἰσόδω
1435 5536 1539 5589 τῶν
1573 5538 1738 5608 θυρῶι

1861 5546 2000 5596 mas,
2033 5530 2246 5586 scilicet
2277 5538 2556 5597 portarum
2585 5528 2896 5582 clausarum
2923 5527 3213 5600 invasione
3239 5541 3427 5581 resur-

174 5643 274 5714 τὴν
303 5643 368 5697 εκ
409 5640 619 5711 νεκρῶν
665 5655 759 5693 σου
806 5635 1120 5692 ἀνάστασιν·
1153 5630 1266 5685 ἀλλ’
1297 5628 1536 5699 ἐπλησας
1576 5628 1748 5698 χαρᾶς

1860 5625 2181 5680 rectionem.
2239 5619 2495 5688 Quinimo
2554 5618 2728 5691 gratia
2772 5616 3071 5687 discipulos
3123 5617 3425 5689 replet/isti,

1695 5738 1924 5796 NOTAE.

255 5841 328 5907 (ι)
361 5841 640 5898 Satllando
674 5841 860 5897 dicens
897 5859 907 5894 :
952 5840 1069 5896 l'ux
1087 5841 1248 5895 vobis.
