4188 6456
751 401 857 464 307

2016 419 2213 481 LEON
2222 421 2293 479 IS
2324 422 2422 481 PII
2435 424 2785 491 ILOSOPHI

3899 452 4005 514 303

750 520 1042 590 sanctique
1098 523 1326 593 spiritus
1380 528 1673 597 participes
1705 531 1952 596 cﬂ‘erisli,
1991 541 2311 602 potestatem

2429 541 2555 601 τοὺς
2592 543 2863 612 μαθητὰς,
2894 549 2987 600 καὶ
3036 549 3351 620 Πνεύματος
3383 554 3537 621 ἁγίου
3566 556 3877 625 μετέδωκας
3904 563 4002 612 αὑ-

748 612 1057 669 dimittcndi
1112 624 1331 685 peccata
1387 621 1469 673 eis
1523 622 1786 687 tribuisti,
1821 632 1877 677 ct
1936 622 2203 680 Thomam
2256 645 2324 683 ne

750 704 918 759 lluctu
962 706 1364 764 incredulitatis
1410 713 1857 783 submergeret‘ur
1898 717 2151 772 servasti.
2196 719 2323 774 Ideo

752 809 933 847 verant
983 796 1271 851 scientiam
1330 800 1485 855 nobis
1536 802 1809 858 concedas
1862 815 2323 877 peccatorumque

749 884 1154 953 remissionem,
1193 904 1226 943 ο
1258 889 1487 960 benigne
1520 892 1841 950 misericors
1878 894 2126 951 Domine.

1246 979 1727 1048 Exaposteilarium
1762 986 1846 1040 10.

817 1066 1127 1127 Tiberiadis
1169 1087 1316 1127 mare
1363 1089 1489 1128 cum
1544 1076 1670 1133 filiis
1720 1078 1986 1142 Zebedmi,
2020 1077 2319 1137 Nathanael

747 1156 1017 1229 Pctroque
1063 1170 1116 1215 et
1152 1162 1368 1218 duobus
1399 1166 1521 1220 aliis
1572 1166 1838 1222 Thomam
1874 1168 2065 1223 habuit
2107 1171 2323 1239 piscan-

746 1260 874 1311 tem,
931 1251 1047 1318 qui,
1095 1250 1322 1321 jubente
1375 1256 1615 1317 Christo,
1673 1259 2019 1314 dextrorsum
2093 1260 2319 1329 (retia)

744 1338 1121 1407 demittentcs,
1163 1346 1365 1400 multos
1396 1349 1573 1414 piSccs
1599 1348 1917 1402 eliciebant.
1956 1350 2092 1404 Cum
2124 1350 2320 1406 Petrus

743 1446 1048 1498 agnoscens
1099 1437 1430 1503 aduatabat,
1476 1441 1585 1496 illis
1638 1444 1860 1497 tertium
1911 1458 2179 1513 apparens
2227 1460 2320 1515 pa-

740 1536 863 1574 nem
900 1524 1215 1595 piscemque
1260 1532 1598 1588 carbonibus
1642 1544 1887 1591 assatum
1942 1538 2316 1613 manducavit,

819 1610 924 1674 Qui
960 1626 990 1665 e
1009 1615 1262 1682 sepulcro
1285 1628 1408 1686 post
1434 1628 1544 1676 tres
1569 1623 1685 1677 dies
1712 1626 1975 1689 excessit,
2002 1610 2316 1692 Dominum,

739 1716 772 1752 ο
806 1700 987 1770 Virgo,
1018 1719 1187 1760 exora
1234 1724 1333 1777 pro
1377 1710 1485 1765 illis
1518 1720 1616 1781 qut
1655 1722 1707 1767 te
1740 1714 2023 1769 celebrant
2066 1718 2316 1786 votisque

740 1792 951 1846 beatam
977 1796 1239 1853 salutant.
1267 1798 1340 1853 Te
1364 1801 1507 1854 enim
1533 1816 1722 1858 omnes
1744 1804 2040 1875 refugium,
2063 1806 2315 1873 salutem,

737 1886 1224 1960 mediatricemque
1258 1893 1401 1962 apud
1446 1893 1597 1947 illum
1640 1895 1943 1960 habemus;
1986 1913 2087 1952 nos
2145 1898 2317 1954 haere-

736 1978 882 2032 ditas
914 1989 1004 2034 tua
1035 1990 1089 2035 et
1126 1985 1269 2037 servi
1302 1986 1404 2046 tui,
1445 2002 1478 2039 ο
1509 1986 1769 2057 Deipara,
1803 1987 1870 2041 ad
1906 1996 2060 2043 tuum
2123 1990 2311 2060 suspi-

737 2072 911 2126 cimus
938 2075 1226 2128 auxilium.

1012 2163 1339 2218 Matutiuum
1375 2167 1460 2229 lO,
1487 2176 1642 2221 tonus
1677 2169 1918 2238 obliquus
1958 2170 2013 2224 2.

806 2249 1102 2322 I'osuquam
1136 2256 1188 2309 in
1223 2255 1498 2311 infernum
1543 2257 1951 2323 descendisscs,
1984 2269 2036 2313 et
2071 2274 2134 2315 ex
2166 2275 2314 2315 mor-

736 2344 846 2398 tuis
880 2346 1246 2414 strrrcxisses,
1278 2347 1537 2417 discipuli
1568 2357 1659 2402 tua
1693 2349 2067 2416 abscessionc,
2122 2359 2180 2404 ut
2216 2366 2315 2421 par

735 2449 878 2498 erat,
928 2439 1186 2507 prostrati
1230 2438 1294 2490 ad
1339 2440 1717 2507 operationem
1762 2440 2015 2495 conversi
2060 2451 2209 2504 sunt,
2260 2450 2315 2495 ct

736 2541 929 2579 rursus
982 2531 1049 2580 ad
1098 2528 1311 2598 navigia
1360 2539 1415 2583 et
1446 2531 1605 2594 retia,
1656 2530 1751 2586 sed
1808 2546 2079 2601 nusquam
2128 2532 2314 2601 pisces

732 2618 1040 2684 cupiebant.
1100 2617 1179 2673 Tu
1247 2635 1399 2687 vero,
1466 2619 1743 2684 Salvator,
1815 2623 2059 2677 omnium
2128 2638 2311 2677 rerum

733 2709 983 2770 Domine,
1017 2710 1364 2765 dextrorsum
1397 2713 1535 2767 retia
1569 2714 1797 2782 injicere
1824 2715 1987 2784 jubes
2018 2733 2031 2781 ;
2086 2724 2142 2770 ct
2186 2731 2314 2771 vere

732 2801 985 2869 operatio
1044 2813 1197 2856 tuum
1246 2804 1474 2858 verbum
1533 2804 1655 2859 fuit.
1695 2804 2101 2863 Multitudinem
2163 2809 2309 2862 enim

733 2894 964 2960 piscium
1016 2905 1299 2963 ceperunt.
1351 2896 1460 2950 Nos
1508 2906 1693 2951 autem
1738 2899 2001 2968 hospitali
2035 2901 2311 2964 convivio,

732 2986 787 3036 iu
818 2995 960 3038 terra
997 2999 1208 3053 parato,
1235 2987 1394 3055 cujus
1422 2996 1601 3043 tecum
1629 2989 1883 3059 discipuli
1935 2989 2090 3045 fuere
2141 2993 2312 3061 parti-

730 3078 903 3145 cipes.
956 3077 1318 3145 spiritualiter
1366 3079 1595 3149 dignare
1648 3080 1931 3147 delectari,
1965 3097 1999 3137 o
2030 3082 2309 3138 hominum

731 3183 947 3225 amator
995 3171 1225 3226 Domine
1256 3173 1267 3223 !

1230 3349 1716 3419 Exapostsilarium
1750 3353 1832 3407 ll.

802 3438 935 3492 Post
970 3439 1210 3493 divinam
1259 3444 1745 3506 resurrectionem,
1799 3453 1882 3497 ter
1930 3443 2151 3498 Petrum
2205 3443 2308 3497 Do-

730 3531 910 3584 minus
938 3532 1255 3586 sciscitatus
1306 3552 1320 3588 :
1362 3532 1555 3587 Utrum
1616 3551 1700 3589 me
1744 3530 1945 3589 amas?
1976 3552 2199 3591 suarum
2258 3538 2305 3591 ei

728 3622 911 3675 ovium
957 3625 1360 3692 pascendarum
1389 3626 1726 3695 praecipuum
1750 3627 2045 3697 committit
2068 3643 2307 3695 munus;

726 3714 820 3781 qui
872 3716 1206 3784 discipulum
1251 3713 1380 3770 Jesu
1428 3719 1658 3771 charum
1718 3717 1910 3771 videns
1956 3729 2304 3788 sequentem,

727 3805 1018 3860 hominum
1062 3807 1422 3877 interrogavit
1459 3826 1473 3861 :
1510 3808 1574 3861 Et
1622 3808 1713 3862 ille
1760 3809 1893 3877 quid
1941 3809 1964 3862 ?
2000 3808 2059 3863 Si
2104 3811 2297 3872 velim,

729 3898 1013 3966 respondit
1054 3898 1344 3965 Dominus,
1395 3900 1546 3953 illum
1611 3901 1785 3956 donec
1841 3903 2039 3956 iterum
2089 3902 2304 3957 veniam

727 4006 969 4057 manere,
1001 3991 1129 4061 quid
1166 3992 1231 4044 ad
1256 4000 1327 4052 te,
1357 3991 1428 4044 mi
1463 3990 1625 4046 Petre
1657 3993 1681 4045 ?

797 4082 840 4136 Ο
875 4084 1220 4137 tremendum
1273 4085 1597 4154 mysterium
1631 4086 1643 4137 !
1676 4084 1720 4139 0
1762 4085 2088 4141 incredibile
2132 4086 2304 4139 mira-

725 4175 912 4229 culum
946 4177 957 4227 !
998 4186 1173 4229 morte
1213 4191 1361 4229 mors
1388 4176 1613 4231 omnino
1646 4176 1828 4245 fugata
1861 4184 1966 4231 est.
2013 4176 2150 4242 Quis
2195 4193 2303 4231 non

726 4266 963 4320 celebret
1024 4266 1325 4335 adorctquc
1376 4274 1562 4331 tuam,
1624 4282 1657 4319 o
1704 4265 1984 4331 Verbum,
2056 4283 2305 4322 resurre-

724 4357 983 4423 ctionem,
1033 4366 1087 4411 et
1142 4372 1262 4426 quae
1298 4366 1350 4411 tc
1400 4358 1745 4412 immaculato
1804 4360 1858 4413 in
1907 4375 2072 4414 carne
2118 4362 2306 4429 genuit

730 4448 1015 4517 Deiparam
1046 4449 1069 4501 ?
1109 4449 1283 4519 Cujus
1316 4449 1713 4505 intercessione
1752 4465 1945 4506 omnes
1980 4451 2048 4505 ab
2086 4451 2304 4506 inferno

724 4541 875 4593 salva
902 4540 913 4593 !

992 4630 1319 4686 Matutinum
1356 4631 1443 4697 Η,
1477 4640 1628 4685 tonus
1658 4633 1900 4701 obliquus
1938 4634 1992 4687 4.

797 4723 1158 4780 Mauifestaus
1226 4736 1276 4779 Ic
1331 4726 1511 4795 ipsum
1569 4725 1877 4795 discipulis,
1932 4740 1965 4779 ο
2018 4724 2297 4791 Salvator,

723 4824 847 4886 post
879 4818 1362 4883 resurrectionem,
1391 4816 1602 4871 Simoni
1635 4825 1854 4871 tuarum
1880 4817 2081 4872 dedisti
2113 4820 2312 4873 ovium

723 4924 939 4971 curam,
974 4907 1027 4961 in
1056 4909 1262 4963 amoris
1291 4913 1721 4973 successionem,
1772 4908 2148 4979 pascendique
2175 4908 2299 4964 olli-

721 5001 868 5054 cium
915 5017 931 5062 ;
984 4998 1217 5068 ideoque
1272 5000 1426 5053 illum
1481 5000 1832 5071 interrogasti
1879 5018 1891 5053 :
1945 5000 2141 5055 Utrum
2214 5018 2302 5056 mc

724 5108 897 5154 amas,
934 5091 1139 5146 Petre?
1172 5090 1341 5147 Pasce
1366 5107 1537 5162 agnos
1566 5107 1736 5156 meos,
1765 5107 1930 5163 pasce
1953 5108 2084 5147 oves
2116 5109 2292 5149 meas.

722 5185 822 5249 Qui
863 5186 975 5238 cito
1004 5185 1330 5240 charitatcm
1369 5193 1658 5242 ostentans
1687 5186 1756 5242 dc
1798 5187 1971 5240 altero
2022 5186 2299 5257 discipulo

723 5276 1042 5334 sciscitatus
1070 5286 1175 5333 est.
1211 5278 1432 5334 Illorum
1463 5279 1739 5348 precibus,
1792 5294 1824 5333 ο
1856 5279 2096 5348 Christe,
2166 5298 2297 5352 grc-

723 5384 842 5438 gem
875 5378 1030 5426 tuum
1064 5370 1240 5441 ipsum
1274 5371 1343 5426 ab
1377 5368 1596 5427 infestis
1628 5371 1769 5442 lupis
1796 5373 2012 5427 custodi
2050 5375 2061 5423 !

2332 4582 2386 4641 Ι)

2428 635 2560 695 τοῖς,
2589 634 2685 686 καὶ
2735 636 2983 699 ἐξουσίαν
3028 640 3248 710 ἐνειμας
3298 645 3543 711 ἀφέσεως
3574 647 3885 717 ἁμαρτιῶν,
3912 655 4005 705 καὶ

2424 723 2515 775 τὸν
2543 724 2745 795 Θωμᾶν
2776 730 2837 781 ού
2868 731 3175 797 κατέλιπες,
3200 734 3276 804 τῷ
3305 737 3401 806 τῆς
3432 738 3692 802 ἀπιστίας
3755 742 4002 795 καταϐα-

2426 817 2713 880 πτίζεσθαι
2747 820 2976 877 κλύδωνι
2998 841 3010 855 ’
3042 823 3123 878 διδ
3153 828 3437 899 παράσχου
3489 831 3582 883 καὶ
3629 833 3763 902 ἡμῖν
3804 835 4007 900 γνῶσιν

2426 907 2620 981 ἀληθῆ,
2653 912 2745 964 καὶ
2770 912 2965 982 ἄφεσιν
2996 920 3375 987 πταισμάτων,
3407 915 3747 992 εὖσπλαγχνε
3773 925 3972 995 Κύριε.

2885 1007 3462 1080 Ἐξαποστειλάριον
3499 1018 3534 1065 ι’

2496 1094 2812 1164 Τιϐεριάδος
2844 1096 3111 1163 θάλασσα,
3161 1104 3258 1155 σὺν
3294 1103 3450 1155 παισὶ
3479 1103 3787 1170 Ζεϐεδαίου,
3815 1104 4004 1159 Ναθα-

2423 1183 2559 1254 ναὴλ
2582 1185 2660 1257 τῷ
2690 1187 2880 1259 Πέτρῳ
2910 1207 2989 1255 τε,
3028 1190 3125 1243 σὺν
3155 1190 3306 1245 δυσὶν
3336 1193 3518 1257 ἄλλοις
3549 1194 3736 1261 πάλαι,
3763 1197 3859 1248 καὶ
3891 1197 4006 1249 Θω-

2425 1278 2533 1345 μᾶν
2562 1274 2673 1348 εἶχε
2707 1279 2843 1349 πρὸς
2875 1280 3074 1353 ἀγρανο
3131 1284 3180 1337 οἳ
3225 1285 3462 1352 Χριστοῦ
3509 1290 3574 1357 τῇ
3628 1288 4006 1358 προστάξειεν

2419 1367 2613 1432 δεξιοῖς
2640 1370 2995 1440 χαλάσαντες,
3057 1375 3260 1444 πλῆθος
3282 1372 3461 1431 εἷλκον
3482 1378 3699 1449 ἰχθύων,
3718 1380 3775 1432 ὃν
3801 1381 4007 1452 Πέτρος

2419 1458 2601 1526 γνοὺς,
2623 1461 2759 1530 πρὸς
2785 1462 2946 1516 αὑτὸν
2976 1464 3226 1534 ὲνήξατο,
3256 1463 3336 1531 οἷς
3369 1470 3426 1522 τὸ
3453 1470 3634 1540 τρίτον
3662 1473 3878 1539 φανεὶς,
3912 1474 4005 1524 καὶ

2419 1552 2585 1622 ἄρτον
2618 1551 2786 1618 ἔδειξε
2820 1556 2910 1608 καὶ
2942 1555 3093 1626 ἰχθὺν
3124 1558 3213 1610 ἐπ’
3240 1559 3549 1630 ἀνθράκων.

2491 1644 2594 1696 Τὸν
2629 1645 2937 1700 ἀναστάντα
2968 1647 3169 1719 Κύριον
3204 1652 3505 1721 τριήμερον
3549 1654 3612 1706 ὲκ
3656 1653 3747 1706 τοῦ
3797 1655 3997 1720 τάφου.

2420 1735 2685 1805 Παρθένε,
2724 1737 3043 1792 καθικέτευε
3108 1741 3246 1811 ὑπὲρ
3291 1742 3399 1794 τῶν
3439 1760 3496 1795 σε
3548 1745 3861 1815 ὑμνούντων
3911 1749 4004 1797 καὶ

2421 1828 2571 1899 πόοῳ
2607 1829 3056 1900 μακαριζόντων·
3100 1834 3159 1885 σὲ
3206 1834 3315 1905 γὰρ
3363 1834 3560 1905 ἔχομεν
3609 1837 3804 1900 πάντες
3834 1856 4003 1891 κατα-

2349 1905 2391 1959 Β
2422 1919 2600 1989 φυγὴν
2631 1921 2917 1991 σωτήριον,
2959 1921 3052 1975 καὶ
3099 1923 3324 1994 μεσίτην
3372 1926 3506 1997 πρὸς
3540 1925 3725 1979 τοῦτον
3755 1941 3773 1959 ⁸
3802 1927 4002 1996 κλῆρος

2415 2010 2523 2079 γὰρ
2555 2010 2647 2071 σὸς
2693 2013 2786 2063 καὶ
2811 2011 3019 2063 οἰκέται
3052 2011 3310 2081 πέλομεν,
3340 2013 3589 2079 Θεοτόκε,
3626 2016 3717 2067 καὶ
3741 2016 3878 2085 πρίις
3906 2016 4003 2085 τὴν

2419 2099 2515 2171 σὴν
2547 2098 2830 2170 ἀντίληψιν
2858 2101 3094 2164 ἅπαντες
3121 2102 3435 2174 ἀφορῶμεν.

2711 2191 2993 2246 Ἑωθινὸν
3034 2198 3085 2257 ι’,
3126 2190 3277 2262 ἦχος
3315 2194 3567 2264 πλάγιος
3601 2193 3680 2258 β’.

2487 2285 2641 2339 Μετὰ
2689 2285 2786 2356 τὴν
2832 2288 2911 2347 εἰς
2945 2285 3071 2356 ᾅδου
3102 2286 3361 2351 κάθοδον,
3394 2289 3487 2340 καὶ
3528 2288 3625 2358 τὴν
3676 2290 3738 2340 ἐκ
3788 2289 4003 2357 νεκρῶν

2414 2377 2730 2437 ἀνάστασιν,
2760 2377 3117 2446 ἀθυμοῦντες,
3150 2378 3224 2438 ὡς
3274 2378 3439 2443 εἰκὸς,
3479 2380 3570 2432 ἐπὶ
3602 2379 3680 2449 τῷ
3730 2382 4000 2449 χωριτμιίι

2417 2486 2533 2534 σου,
2563 2470 2782 2538 Χριστὲ,
2836 2471 2884 2522 οἰ
2918 2470 3158 2539 μαθηταὶ
3195 2471 3331 2540 πρὸς
3361 2472 3622 2542 ἐργασίαν
3657 2472 4000 2539 ἐτράπησαν.

2415 2561 2510 2613 καὶ
2540 2561 2700 2613 πάλιν
2730 2561 2889 2613 πλοῖα
2919 2562 3013 2614 καὶ
3038 2562 3250 2626 δίκτυα,
3283 2563 3375 2614 καὶ
3403 2563 3549 2632 ἄγρα
3574 2563 3835 2631 οὐδαμοῦ⁹
3865 2564 4001 2615 ἀλλὰ

2416 2651 2501 2711 σὺ.
2542 2650 2746 2719 Σῶτερ,
2773 2649 3127 2719 ἐμφανισθεὶς
3158 2651 3233 2713 ὡς
3255 2652 3530 2719 Δεσπότης
3551 2654 3785 2715 πάντων,
3804 2651 3998 2715 δεξιοῖς

2414 2742 2479 2794 τὰ
2512 2741 2703 2794 δίκτυα
2732 2742 2972 2803 κελεύεις
3006 2742 3189 2812 βαλεῖν
3210 2782 3225 2808 ,
3260 2743 3352 2796 καὶ
3378 2738 3445 2814 ἦν
3469 2745 3496 2795 ὁ
3530 2744 3684 2810 λόγος
3717 2744 3878 2814 ἔργον
3910 2745 3999 2795 εὐ-

2416 2832 2533 2896 θρς,
2566 2834 2663 2888 καὶ
2686 2833 2892 2902 πλῆθος
2913 2834 3021 2886 τῶν
3049 2834 3246 2903 ἰχθύων
3276 2834 3431 2897 πολὺ,
3457 2838 3552 2888 καὶ
3576 2836 3792 2887 δεῖπνον
3823 2834 3999 2899 ξένον,

2415 2924 2630 2992 ἕτοιμον
2661 2923 2717 2975 ὲν
2752 2926 2845 2992 γῇ,
2878 2924 2939 2975 οὐ
2979 2924 3358 2992 μετασχόντων
3388 2925 3507 2977 τότε
3540 2942 3632 2977 σου
3665 2924 3773 2976 τῶν
3818 2926 3997 2995 μαθη-

2414 3015 2552 3067 τῶν’
2594 3014 2689 3068 καὶ
2719 3017 2866 3083 ἡμᾶς
2906 3014 2999 3079 νῦν
3032 3015 3238 3084 νοητῶς
3274 3014 3609 3081 καταξίωσον
3637 3015 3997 3086 ἐντρυφῆσαι,

2418 3106 2771 3177 φιλάνθρωπε
2804 3108 3002 3175 Κύριε.

2862 3346 3432 3416 Ἔξαποστειλιίριον
3468 3365 3524 3401 ια
3546 3389 3559 3400 .

2490 3437 2646 3491 Μετὰ
2665 3438 2762 3508 τὴν
2787 3438 2938 3491 θείαν
2959 3439 3198 3509 ἔγερσιν,
3217 3441 3335 3508 τρὶς
3362 3440 3440 3508 τῷ
3467 3439 3676 3508 Πέτρῳ,
3695 3437 3872 3500 Φιλεῖς
3893 3456 3961 3507 με
3982 3457 3996 3499 ;

2422 3530 2721 3600 πυθόμενος
2754 3532 2784 3582 ὁ
2813 3530 3037 3600 Κύριος,
3067 3530 3174 3582 τῶν
3211 3530 3357 3583 ἰδίων
3415 3529 3713 3602 προϐάτων
3753 3530 3969 3599 προϐἀλ

2417 3626 2565 3675 λεται
2592 3624 2997 3692 Μιμενὰρχηνο
3032 3623 3091 3685 ὃς
3117 3621 3238 3675 ἰδὼν
3268 3623 3327 3674 ὃν
3355 3623 3543 3690 ὴγάπα
3574 3622 3604 3673 ὁ
3626 3621 3833 3689 Ἰησοῦς
3864 3623 3995 3674 ἐπὸ-

2420 3732 2599 3784 μενον,
2643 3717 2805 3785 ῆρετο
2836 3715 2928 3766 τὸν
2951 3716 3247 3783 Δεσπότην·
3271 3709 3439 3776 Οὗτος
3470 3714 3529 3767 δὲ
3561 3716 3647 3777 τίς
3673 3713 3800 3765 Ἐὰν
3830 3712 3994 3774 θέλω,

2417 3807 2607 3877 ἔφησε,
2642 3806 2822 3876 μένειν
2838 3806 3047 3872 τοῦτον,
3073 3806 3178 3868 ἕως
3206 3806 3298 3858 καί⁵
3321 3805 3482 3859 πάλιν
3513 3805 3765 3875 ἔρχομαι,
3786 3806 3837 3857 τί
3862 3805 3997 3872 πρὸς

2419 3899 2497 3962 σὲ,
2532 3898 2654 3966 φίλε
2694 3897 2896 3966 Πέτρε;

2490 4083 2553 4132 Ὢ
2588 4078 2817 4149 φοϐερὸν
2863 4078 3161 4147 μυστήριον
3190 4078 3202 4128 !
3232 4075 3277 4127 ὣ
3322 4074 3623 4145 παράδοξον
3652 4072 3879 4143 θαῦμαι
3912 4073 3999 4125 διὰ

2417 4171 2648 4225 θανάτου
2700 4168 2930 4230 θάνατος
2983 4166 3261 4229 παντελῶς
3313 4165 3617 4235 ἠφανίσθη·
3650 4164 3735 4227 τίς
3780 4160 3877 4216 οὖν
3925 4167 4000 4232 μὴ

2415 4261 2737 4331 ἀνυμνήσει,
2768 4260 2863 4312 καὶ
2893 4257 2976 4319 τίς
3029 4257 3103 4326 μὴ
3130 4258 3497 4327 προσκυνήσει
3527 4272 3619 4308 σου
3641 4255 3740 4325 τὴν
3760 4253 3998 4307 ἀνάστα-

2416 4372 2520 4415 σιν,
2553 4353 2730 4420 Λόγε,
2783 4351 2877 4403 καὶ
2922 4350 3024 4419 τὴν
3070 4351 3249 4417 ἀγνὼς
3290 4352 3348 4403 ἐν
3404 4348 3569 4418 σαρκί⁵
3617 4346 3888 4401 τεκοῦσάν
3940 4365 3998 4399 σε

2412 4446 2706 4509 Θεοτόκον;
2758 4439 2825 4513 ἧς
2876 4445 2995 4505 ταῖς
3058 4442 3377 4512 πρεσϐείαις
3423 4443 3670 4503 ἅπαντας
3717 4440 3999 4509 λύτρωσαι

2412 4539 2509 4608 τῆς
2539 4538 2785 4605 γεέννης.

2710 4628 2993 4684 Ἐωθινύν
3031 4626 3122 4692 (α’,
3150 4623 3300 4697 ἦχος
3346 4627 3599 4697 πλάγιος
3636 4625 3708 4682 δ’.

2479 4724 2733 4797 Φανερῶν
2762 4724 2955 4776 ἑαυτὸν
2983 4723 3098 4784 τοῖς
3157 4720 3427 4790 μαθηταίς
3459 4737 3576 4783 σου,
3608 4720 3818 4789 Σῶτερ,
3853 4718 3996 4789 μετά

2409 4819 2509 4885 τὴν
2553 4819 2872 4877 ἀνάστασιν,
2916 4814 3121 4884 Σίμωνι
3154 4813 3394 4875 δέδωκας
3426 4812 3527 4883 τὴν
3556 4811 3668 4864 τῶν
3702 4810 3991 4881 προϐάτωι.

2409 4909 2601 4980 νομὴν,
2632 4910 2711 4970 εἰς
2759 4906 2980 4976 ἀγάπης
3024 4905 3356 4969 ἀντέκτισιν,
3395 4905 3497 4969 τὴν
3537 4903 3629 4956 τοῦ
3680 4904 3996 4973 ποιμαίνειν

2412 4998 2668 5069 φροντίδα
2714 4995 2879 5051 αἰτῶν
2904 5013 2916 5025 ·
2949 4995 3029 5049 διὸ
3077 4994 3173 5048 καὶ
3204 4994 3419 5061 ἔλεγες
3447 4994 3510 5046 Εἰ
3554 4992 3752 5060 φιλεῖς.
3794 4995 3993 5065 Πέτρε.

2409 5091 2666 5161 ποίμαινε
2693 5088 2763 5141 τὰ
2792 5087 2955 5157 ἀρνία
2979 5104 3104 5158 μου.
3134 5086 3386 5155 ποίμαινε
3419 5082 3487 5138 τὰ
3512 5085 3765 5153 πρόϐατά
3787 5104 3913 5155 μου.
3935 5087 3995 5137 ὐ

2404 5181 2460 5234 δὲ
2509 5181 2711 5243 εὐθέως
2760 5178 3167 5248 ἐνδεικνύμενος
3215 5177 3276 5230 τὸ
3333 5176 3705 5246 φιλόστοργον,
3736 5176 3869 5246 περὶ
3898 5177 3994 5231 τοῦ

2403 5275 2565 5329 ἄλλου
2614 5274 2859 5345 μαθητοῦ
2905 5272 3281 5327 ὲπυνθὰνετο⁶
3338 5265 3414 5325 ὧν
3466 5272 3586 5333 ταῖς
3639 5270 3990 5338 πρεσϐείαις.

2410 5368 2633 5439 Χριστὲ,
2666 5367 2764 5437 τὴν
2792 5366 3028 5436 ποίμνην
3069 5382 3164 5418 σου
3212 5363 3536 5434 διαφύλαττε
3559 5363 3633 5416 ’ἐκ
3676 5361 3860 5416 λύκων
3893 5361 3983 5417 λυ-

2378 5494 2379 5497 η
2414 5458 2754 5529 μαινομένων
2790 5456 2981 5528 αὑτήν.
