4188 6456
781 412 888 473 21.3

790 563 1375 577 ~———.———-—o—

2026 414 2299 473 LEONIS
2331 414 2783 475 PHILOSOPI-Il

3906 423 4010 486 318

974 737 1611 857 LEONIS
1685 738 2944 854 IMPERATORIS
3017 744 3811 860 AUGUSTI

1989 963 2405 1008 COGNOME‘NTO
2466 965 2833 1009 PHILOSOPHI

1679 1134 1782 1193 AD
1810 1134 2142 1194 OMARUM
2203 1133 2762 1195 SARACENORUM
2840 1135 3105 1196 REGEM

1373 1298 1449 1354 Ite
1529 1297 1674 1372 fidei
1755 1294 2131 1357 Christia-me
2212 1298 2471 1355 veritate
2539 1308 2595 1357 et
2656 1302 2970 1379 mysteriis
3022 1309 3077 1360 et
3136 1302 3209 1360 de
3248 1299 3436 1360 rariis

1680 1420 2138 1481 Saracenorum
2208 1421 2537 1483 hwrcsibus
2599 1430 2655 1482 ct
2708 1422 3103 1502 blasphemis

2096 1602 2715 1694 EPISTOLA.

773 1792 1157 1856 (\‘ymphnriauo
1188 1794 1491 1854 Clmmperio,
1528 1793 1867 1857 Lugdunensi,
1895 1795 2171 1854 interprete
2208 1794 2429 1855 [.ugduni
2465 1796 2646 1855 pro‘liit
2668 1808 2795 1844 anno
2831 1797 2941 1847 lEiOI
2970 1811 2983 1857 ;
3018 1811 3185 1847 recusa
3210 1800 3392 1847 deinde
3433 1800 3480 1846 in
3538 1794 3760 1846 Biblioth.
3808 1798 4016 1846 Patrum

2003 1883 2228 1936 maxima,
2264 1886 2377 1927 tom.
2415 1877 2560 1936 XVII,
2584 1892 2630 1939 p.
2668 1880 2771 1939 435.)

840 2169 1021 2223 Gloria
1069 2169 1197 2233 Deo,
1247 2179 1301 2224 et
1344 2171 1624 2239 multiplex
1674 2173 1971 2242 gratiarum
2009 2176 2149 2228 actio
2180 2191 2344 2229 essu-
2378 2192 2416 2242 Α
2450 2176 2546 2240 tio,
2606 2183 2950 2244 perscrutare
3002 2180 3157 2226 vetus
3220 2181 3605 2228 testamertum
3652 2172 3799 2242 quod
3864 2171 4014 2225 dedit

771 2276 965 2327 p.-rans
1009 2261 1182 2315 cmlos
1241 2268 1295 2313 et
1358 2263 1681 2327 perveniens
1735 2264 1799 2315 ad
1852 2279 1914 2315 ea
1976 2280 2094 2332 qme
2146 2265 2340 2333 placita

770 2360 899 2404 sunt
935 2352 1034 2417 illi,
1068 2359 1122 2404 et
1155 2361 1450 2420 penetrans
1498 2351 1680 2404 abdita
1724 2353 1916 2419 ipsius,
1942 2356 2099 2422 cujus
2122 2365 2203 2407 est
2250 2355 2344 2407 ho-

772 2444 913 2497 uitas
951 2451 1005 2496 et
1035 2443 1314 2495 miseratio
1343 2458 1509 2510 super
1539 2458 1729 2497 servos
1761 2460 1913 2508 suos,
1946 2448 2036 2514 qui
2062 2456 2144 2499 est
2176 2462 2339 2509 unus,

766 2540 819 2583 et
846 2545 950 2583 non
993 2539 1077 2583 est
1101 2530 1245 2583 alius
1273 2538 1469 2599 praeter
1506 2546 1647 2584 eum.
1682 2529 1851 2597 Ipsius
1887 2541 1970 2585 est
2002 2533 2253 2595 altitudo,
2288 2542 2341 2587 et

772 2620 1118 2690 magnitudo,
1180 2628 1236 2675 et
1272 2636 1525 2691 regmnn,
1573 2631 1626 2676 et
1685 2634 1944 2692 potestas,
2004 2624 2120 2694 ipse
2160 2628 2343 2679 omnia

769 2716 1197 2783 circumquaque
1253 2715 1643 2784 complectens.
1703 2714 1990 2772 Credimus
2053 2718 2107 2771 in
2178 2735 2342 2772 unum

774 2804 961 2868 llettm,
1013 2804 1102 2856 cui
1138 2804 1334 2857 similis
1388 2818 1494 2857 non
1534 2814 1637 2870 est,
1699 2820 1798 2861 nec
1843 2807 1981 2860 alius
2018 2816 2102 2861 est
2152 2818 2346 2876 praeter

770 2909 917 2945 euut.
984 2894 1056 2947 De
1094 2901 1293 2947 caetero
1342 2894 1544 2949 notasti
1605 2896 1734 2948 mihi
1792 2910 2229 2952 commemorans
2280 2899 2347 2951 de

775 2985 997 3041 Christo
1052 2984 1187 3039 Filio
1234 2984 1437 3049 Mariaa,
1467 3001 1637 3055 quare
1675 2988 1967 3043 adoremus
2013 3005 2135 3044 eum
2170 3006 2182 3040 :
2219 3004 2342 3043 cum

773 3076 888 3142 ipse
931 3074 999 3129 de
1063 3075 1359 3145 semetipso
1413 3077 1782 3130 testimonium
1842 3080 2121 3146 perhibent
2158 3079 2346 3134 dicens

775 3166 920 3233 quod
958 3170 1158 3220 missus
1191 3167 1263 3221 sit
1293 3181 1321 3219 a
1356 3167 1480 3231 Deo,
1506 3176 1560 3222 et
1585 3170 1675 3238 qui
1709 3171 1994 3228 confessus
2021 3171 2344 3234 fueriteum,

778 3258 1133 3312 conﬁtebitur
1159 3274 1343 3312 coram
1377 3274 1443 3312 eo
1494 3262 1586 3328 qui
1624 3262 1772 3315 misit
1806 3263 1957 3315 illum
1989 3280 2001 3317 :
2044 3272 2098 3318 et
2128 3266 2347 3325 iterum,

776 3362 897 3399 cum
959 3346 1286 3399 ascenderet
1334 3346 1401 3398 ad
1448 3348 1641 3411 caelos,
1675 3348 1813 3401 dixit
1865 3348 2150 3419 discipulis
2182 3353 2345 3405 suis:

767 3437 1006 3491 Asceudo
1058 3438 1127 3489 ad
1170 3435 1475 3490 Creatorem
1508 3455 1697 3502 meum,
1742 3448 1790 3493 et
1831 3442 1901 3492 ad
1935 3440 2238 3495 Creatorem
2273 3444 2347 3511 (l)

2445 2266 2585 2319 Deus
2647 2267 2771 2318 liliis
2801 2264 2985 2323 Israel.
3022 2263 3187 2332 Moysi
3237 2272 3292 2316 et
3322 2262 3507 2328 David,
3556 2264 3835 2332 prophetis
3869 2264 4005 2315 suis.

2444 2358 2509 2412 Et
2541 2358 2735 2410 iterum
2768 2365 3013 2409 scrutare
3046 2370 3238 2407 novam
3291 2355 3483 2423 legem,
3506 2356 3651 2425 quod
3717 2364 3798 2407 est
3831 2352 3980 2405 Evan

2443 2448 2665 2517 geliurl,
2697 2446 2842 2515 quod
2872 2445 3057 2498 datum
3078 2455 3160 2500 est
3189 2445 3348 2500 nobis
3377 2445 3444 2498 ab
3475 2443 3737 2514 apostolis
3761 2443 3965 2496 Christi
3991 2458 4005 2505 ;

2442 2549 2494 2593 et
2521 2549 2648 2592 tunc
2674 2536 2931 2601 reperies,
2970 2536 3035 2590 de
3068 2536 3284 2591 Christo
3315 2536 3598 2589 veritatem
3628 2542 3680 2587 et
3722 2534 3865 2586 viam
3924 2547 4011 2585 re—

2443 2632 2587 2679 ctam
2626 2640 2691 2678 eo
2726 2639 2899 2692 usque
2927 2631 2986 2677 ut
3017 2639 3123 2676 non
3154 2625 3226 2677 sit
3266 2624 3319 2677 in
3353 2633 3404 2678 te
3438 2624 3544 2677 ulla
3577 2624 3853 2684 titubatio,
3884 2622 4015 2674 dum

2444 2716 2648 2770 videris
2701 2715 3042 2784 Seripturam
3076 2715 3445 2770 testimonium
3482 2714 3882 2784 perhibentem,
3918 2714 4021 2767 sibi

2447 2806 2678 2859 invicem
2740 2804 3168 2858 concordantem
3227 2805 3281 2858 in
3340 2804 3583 2867 Christo,
3639 2801 3784 2873 quod
3837 2811 3926 2856 est
3966 2803 4022 2853 iu

2448 2911 2589 2950 novo
2638 2906 2691 2949 et
2742 2896 2911 2950 veteri
2955 2902 3305 2957 testamento,
3341 2904 3395 2948 et
3439 2902 3571 2948 tunc
3599 2908 3721 2947 vere
3748 2892 4024 2959 intelliges

2446 2984 2513 3038 de
2568 2983 2809 3038 Christo.
2846 2982 3118 3036 Scicnlem
3164 2992 3214 3037 te
3247 2982 3529 3037 reddimus
3585 2982 3653 3035 de
3693 2980 3797 3034 [ille
3830 2989 4023 3034 nostra

2446 3075 2719 3146 quomodo
2744 3077 3034 3129 adoremus
3056 3089 3199 3139 eum,
3229 3083 3283 3129 et
3305 3089 3427 3141 qua:
3457 3074 3527 3128 sit
3556 3072 3795 3127 eruditio
3826 3071 3880 3124 in
3908 3086 4019 3139 qua

2447 3182 2658 3231 sumus,
2695 3165 2870 3219 donec
2902 3164 3199 3234 intelligas,
3224 3166 3269 3219 si
3289 3174 3467 3219 tamen
3494 3164 3750 3232 placitum
3776 3170 3863 3215 est
3891 3159 4023 3223 Deo,

2447 3260 2639 3311 dantes
2681 3256 2776 3309 tibi
2810 3254 3184 3310 testimonium
3242 3255 3311 3309 de
3363 3270 3505 3308 novo
3555 3262 3609 3307 et
3642 3253 3807 3306 veteri
3842 3261 4020 3305 testa-

2450 3356 2652 3410 mento,
2710 3348 2835 3418 quia
2889 3345 3035 3414 quod
3061 3345 3298 3400 dicimus
3326 3345 3395 3399 de
3425 3345 3668 3408 Christo,
3706 3359 3898 3397 verum
3938 3344 4025 3395 di-

2451 3442 2628 3493 cimus
2662 3459 2674 3492 :
2728 3438 3034 3493 secundum
3091 3438 3239 3507 quod
3277 3437 3463 3492 notavi
3497 3436 3617 3501 tibi,
3646 3435 3925 3489 trutinare
3974 3444 4028 3489 et

770 3538 1016 3588 restrum,
1047 3526 1117 3577 ad
1155 3524 1314 3578 Deum
1368 3543 1535 3578 meum
1567 3538 1615 3579 et
1646 3528 1713 3579 ad
1768 3527 1928 3581 Deum
1955 3540 2181 3583 vestrum
2208 3533 2249 3583 ¹.
2286 3532 2348 3584 lit
2382 3532 2419 3585 Β
2451 3537 2701 3586 scrutare
2727 3529 2902 3585 donec
2927 3529 3091 3584 scias.

770 3620 965 3670 iterum
1014 3617 1174 3679 dicis,
1219 3617 1368 3685 quia,
1414 3632 1536 3669 cum
1591 3619 1676 3670 lex
1711 3617 1879 3688 Moysi
1923 3620 1974 3671 in
2009 3620 2131 3688 igne
2155 3622 2345 3675 luisset

765 3714 1007 3759 cremata
1030 3713 1085 3758 et
1116 3715 1437 3759 renovasset
1454 3720 1573 3759 eam
1610 3704 1814 3761 Esdras
1847 3709 2116 3776 propheta
2157 3718 2215 3762 ut
2244 3725 2345 3777 po-

774 3796 879 3847 tuit
914 3794 961 3848 ei
999 3794 1259 3849 memoria
1295 3795 1479 3850 cordis
1502 3796 1586 3850 sui
1618 3797 1915 3859 recordari,
1948 3806 2002 3851 et
2069 3813 2176 3853 non
2226 3801 2347 3855 sine

771 3886 1075 3947 mendacio,
1110 3895 1293 3940 etnon
1336 3885 1440 3939 fuit
1481 3886 1680 3941 ibidem
1712 3889 2032 3944 recordatus
2060 3889 2127 3944 de
2158 3905 2344 3945 resur-

771 3978 1032 4038 rectione,
1081 3991 1253 4045 neque
1280 3975 1347 4029 de
1380 3977 1655 4045 paradiso,
1688 3993 1868 4048 neque
1913 3979 1981 4034 de
2007 3980 2243 4036 interno.
2280 3984 2346 4037 Et

775 4070 972 4121 iterum
1026 4066 1189 4132 dicis,
1238 4067 1382 4136 quod
1423 4067 1551 4123 talis
1586 4068 1659 4123 sit
1703 4069 1959 4125 Christus
1987 4080 2113 4127 ante
2148 4073 2340 4139 Deum,

775 4155 957 4223 qualis
1010 4166 1064 4209 et
1092 4155 1285 4218 Adam,
1337 4163 1390 4209 et
1421 4156 1550 4226 quia
1580 4157 1817 4211 comedit
1858 4157 2112 4215 Christus
2132 4169 2185 4214 et
2216 4162 2342 4214 dor—

771 4246 944 4309 mivit,
987 4248 1131 4301 sicut
1166 4255 1221 4301 et
1271 4246 1444 4303 Adam
1476 4256 1568 4302 :et
1598 4257 1778 4303 tamen
1818 4265 1928 4305 non
1960 4260 2012 4306 te
2036 4256 2344 4308 commovit

774 4339 841 4390 ad
890 4339 990 4390 hoc
1021 4339 1126 4391 nisi
1165 4340 1412 4407 paucitas
1458 4339 1832 4408 intelligentia:
1867 4351 1972 4395 tua:
2001 4343 2067 4396 de
2101 4346 2341 4401 Christo.

771 4427 834 4479 Ct
866 4428 1061 4480 iterum
1108 4428 1361 4496 cognovi,
1411 4428 1536 4496 quia
1585 4430 1724 4483 dicis
1771 4431 1918 4498 quod
1972 4430 2140 4484 Maria
2188 4448 2346 4488 soror

769 4522 954 4573 Aaron
998 4527 1053 4574 et
1082 4519 1251 4589 Moysi
1304 4521 1556 4590 genuerit
1585 4520 1863 4576 Christum
1914 4539 1927 4575 :
1980 4531 2035 4576 et
2069 4526 2343 4594 quomodo

770 4612 945 4677 potuit
1002 4627 1145 4673 esse,
1181 4627 1303 4665 cum
1338 4620 1550 4665 mortua
1588 4612 1750 4667 fuerit
1790 4624 2078 4683 postquam
2136 4618 2341 4687 egressi

768 4715 897 4756 sunt
924 4703 990 4756 de
1023 4703 1254 4771 [Egypto
1297 4703 1349 4756 in
1377 4704 1615 4767 deserto,
1651 4713 1704 4759 et
1729 4721 1889 4761 nemo
1920 4724 1985 4762 ex
2020 4708 2100 4763 eis
2138 4708 2342 4779 ingres-

773 4811 869 4848 sus
924 4796 996 4848 sit
1037 4804 1240 4848 terram
1302 4798 1772 4865 repromissionis,
1840 4800 1998 4869 longe
2048 4808 2339 4869 antequam

2518 3622 2801 3688 Cognosce
2861 3618 3009 3689 quod
3076 3625 3360 3687 postquam
3433 3617 3486 3670 in
3554 3616 3824 3685 principio
3889 3614 4017 3667 fecit

2451 3708 2595 3763 Deus
2648 3710 2848 3763 coelum
2903 3716 2959 3762 et
2991 3715 3193 3763 terram
3248 3706 3428 3777 (cujus
3452 3721 3652 3761 nomen
3681 3714 3765 3760 est
3798 3704 4028 3759 benedi-

2447 3800 2616 3868 ctum)
2651 3809 2705 3854 et
2743 3813 2998 3867 magnum
3033 3799 3215 3852 lumen
3262 3797 3387 3851 coeli
3436 3804 3493 3851 et
3529 3806 3709 3859 terrae,
3733 3797 3880 3865 quod
3913 3809 4022 3847 non

2445 3891 2673 3961 capiunt
2703 3899 2921 3953 cuncta,
2968 3902 3147 3958 neque
3196 3886 3510 3940 mortalium
3558 3886 3781 3949 attingit
3818 3884 4024 3937 itttellio

2447 3985 2650 4054 gentia,
2677 3982 2826 4036 visus
2860 3989 2943 4036 est
2977 3979 3145 4049 Moysi
3181 3980 3235 4033 in
3267 3980 3388 4049 igne
3417 3978 3471 4031 in
3513 3985 3699 4031 monte
3731 3976 3862 4029 Sina
3886 3977 3907 4004 ¹
3934 4017 3949 4037 ,
3972 3979 4027 4026 in

2450 4076 2613 4130 verbo
2642 4072 2894 4128 luminis:
2925 4081 2980 4126 et
3003 4071 3159 4133 dixit,
3181 4068 3258 4123 Ne
3287 4070 3501 4130 timeas,
3523 4067 3759 4137 Moyses,
3784 4083 3885 4133 ego
3908 4081 4026 4119 Sum

2448 4167 2710 4221 Dominus
2733 4164 2873 4219 Deus
2902 4172 3053 4227 tuus,
3071 4171 3291 4216 creator
3317 4170 3465 4222 tuus,
3491 4161 3673 4213 lumen
3704 4160 3768 4215 de
3792 4159 4025 4217 lumine.

2447 4256 2684 4311 Verbum
2698 4256 2764 4310 de
2785 4255 2941 4309 Patre
2954 4270 3018 4307 ex
3035 4255 3236 4323 quibus
3255 4252 3494 4321 Spiritus
3512 4258 3737 4304 sanctus
3757 4248 4023 4320 procedit.

2448 4347 2513 4401 Et
2544 4348 2667 4404 ideo
2692 4347 2947 4411 dicimus,
2982 4345 3141 4399 Pater
3156 4355 3209 4399 et
3232 4344 3403 4397 Filius
3427 4354 3479 4397 et
3512 4342 3753 4411 Spiritus
3775 4350 4023 4403 sanctus,

2448 4440 2628 4493 lumen
2650 4437 2717 4492 de
2747 4438 2971 4499 lumine,
2998 4437 3227 4490 verbum
3248 4435 3315 4488 de
3333 4433 3445 4489 Deo
3479 4452 3492 4487 :
3516 4436 3644 4503 quia
3672 4447 3843 4487 unum
3876 4442 4027 4492 sunt.

2448 4546 2554 4586 nou
2583 4538 2898 4599 separantes
2914 4544 2999 4592 ea,
3026 4529 3153 4597 quia
3184 4527 3427 4595 procedit
3446 4523 3683 4578 Verbum
3709 4525 3774 4576 de
3801 4521 4030 4582 lumine,

2445 4633 2500 4679 et
2520 4622 2757 4692 Spiritus
2785 4627 3013 4675 sanctus
3030 4619 3096 4672 de
3125 4618 3348 4680 lumine,
3376 4626 3428 4671 et
3450 4616 3578 4685 quia
3598 4629 3707 4669 non
3730 4622 3813 4667 est
3832 4613 3887 4666 in
3912 4614 4033 4666 loco

2448 4714 2678 4768 minimo
2735 4712 3016 4774 minimus,
3065 4717 3119 4763 et
3159 4710 3213 4762 in
3266 4708 3503 4760 maximo
3570 4703 3894 4772 multiplex,
3936 4702 4030 4755 sed

2451 4805 2653 4873 ultique
2704 4814 2848 4856 totus
2889 4810 2992 4855 est.
3037 4800 3254 4853 Intuere
3289 4798 3459 4852 solem
3511 4796 3564 4849 in
3591 4808 3703 4864 quo
3726 4800 3859 4847 sunt
3893 4792 4029 4844 radii

773 4897 1094 4941 nasceretur
1146 4886 1314 4939 Maria
1340 4863 1510 4942 Mater
1536 4889 1744 4944 Christi
1777 4898 1831 4944 et
1864 4863 2018 4959 pater
2046 4891 2168 4959 ejus
2196 4863 2341 4945 ’.ιυιι-
2368 4863 2410 4918 C
2444 4905 2499 4949 et
2524 4863 2785 4965 splendor
2819 4912 2831 4946 :
2868 4891 3117 4960 nunquid
3147 4903 3255 4943 non
3282 4888 3459 4951 vides,
3491 4863 3622 4955 quia
3648 4898 3824 4954 usque
3844 4897 4029 4951 aequa-

768 4978 930 5030 chim.
977 4975 1108 5029 Nam
1148 4976 1333 5042 Maria,
1387 4979 1492 5032 lilia
1530 4982 1735 5043 Aaron,
1779 4979 1880 5034 fuit
1911 4981 1977 5036 de
2025 4984 2169 5036 trihu
2220 4983 2345 5038 Levi
2442 4989 2509 5043 lis
2559 4987 2695 5043 est?
2747 4986 2963 5053 Quanto
3039 4984 3214 5051 magis
3264 4979 3407 5035 Deus
3461 4979 3554 5049 qui
3586 4976 3716 5033 fecit
3769 4977 3943 5030 solem
3979 4984 4033 5025 et

770 5068 863 5122 lilii
905 5066 1098 5134 Iacob,
1149 5069 1316 5122 Maria
1367 5085 1497 5125 vero
1576 5069 1749 5124 Mater
1802 5072 2036 5133 Christi,
2082 5074 2192 5128 tilia
2243 5074 2346 5129 fuit
2441 5077 2624 5130 omnia
2656 5092 2779 5146 quae
2806 5082 2936 5130 sunt
2967 5073 3107 5127 infra
3137 5072 3337 5126 caelum
3365 5078 3420 5124 et
3451 5066 3685 5123 terram!
3713 5064 3816 5118 Per
3844 5064 4030 5115 lumen

770 5157 1014 5214 Joachim
1046 5160 1111 5213 de
1140 5175 1337 5229 genere
1363 5158 1553 5225 David,
1586 5160 1653 5216 de
1686 5163 1829 5215 tribu
1852 5160 1991 5217 Juda
2024 5162 2115 5217 lilii
2151 5162 2342 5220 Jacob.
2442 5176 2495 5222 et
2517 5166 2753 5223 Verbum
2815 5166 2958 5236 quod
2990 5175 3071 5218 est
3095 5179 3159 5217 ex
3200 5162 3403 5231 seipse,
3444 5160 3585 5213 facta
3628 5167 3755 5213 sunt
3811 5154 4022 5211 omnia.

776 5247 1162 5305 Verumtamen
1194 5251 1240 5305 si
1275 5251 1409 5305 velis
1444 5240 1588 5306 scire
1610 5251 1677 5305 dc
1706 5252 1949 5317 Christo,
1984 5264 2041 5307 ut
2065 5255 2339 5324 pertineat
2446 5266 2500 5311 et
2530 5258 2696 5310 voluit
2734 5259 2909 5327 ipsum
2964 5254 3199 5309 Verbum
3242 5253 3425 5308 dicere
3462 5246 3656 5305 Filium
3688 5263 3879 5303 suum.
3916 5244 4023 5297 Sed

770 5341 839 5395 ad
863 5349 916 5398 te
943 5343 1134 5397 notitia
1161 5345 1335 5412 ipsius
1364 5343 1539 5399 donec
1566 5361 1675 5400 non
1706 5347 1779 5400 sit
1814 5348 1867 5399 in
1909 5355 1962 5400 te
1993 5348 2103 5401 ulla
2132 5348 2336 5404 tituba-
2446 5364 2514 5404 ne
2559 5363 2776 5418 paveas,
2813 5347 3049 5403 Verbum
3101 5345 3191 5401 Dei
3236 5344 3420 5400 dicere
3453 5340 3647 5395 Filium
3681 5339 3773 5395 Dei
3815 5353 3828 5388 :
3897 5335 4028 5404 quia

845 5521 1048 5577 'Juan.
1083 5536 1175 5587 xx,
1206 5522 1289 5576 Π.
1367 5526 1384 5555 ³
1418 5523 1583 5577 Exod.
1620 5540 1728 5578 XIX.

2299 5676 2526 5734 NUTAi.

846 5794 920 5861 (ι)
976 5789 1070 5847 llic
1125 5794 1351 5848 observa
1412 5794 1823 5850 Mahumctanos
1884 5797 2019 5851 male
2071 5797 2246 5867 legere
2286 5796 2610 5859 Creatorem,
2644 5810 2760 5864 pro,
2800 5793 3031 5850 Patrem
