4188 6456
179 439 277 496 31'!

1376 428 1732 488 EPISTOLA
1768 427 1866 483 AD
1903 423 2244 484 OMARUM.

3311 428 3414 491 318

182 547 323 597 Dens
365 543 520 594 Pater
560 551 643 596 est
675 539 838 595 Verbi
870 539 975 602 sui,
1004 549 1059 593 et
1096 538 1185 592 ubi
1235 549 1318 590 est
1359 535 1591 590 Verbqu
1645 535 1757 598 Dei,
1792 540 1832 595 Λ
1867 534 2054 595 reniet,
2085 542 2132 584 et
2169 546 2271 583 non
2304 528 2533 581 tardabit
2563 532 2628 580 ὀ.
2669 529 2831 584 lsaias
2868 548 2878 581 :
2917 531 3044 583 Post
3090 540 3138 584 te
3168 533 3414 585 ambula-

176 633 248 682 ibi
285 638 374 681 est
413 631 574 692 Deus,
601 630 729 697 quia
758 627 996 680 Verbum
1031 626 1121 681 Dei
1149 642 1214 680 ex
1251 626 1358 678 Deo
1389 635 1492 686 est,
1526 635 1578 676 et
1619 625 1743 691 Spi-

179 722 316 771 ritus
379 729 604 772 sanctus
658 732 720 770 ex
757 716 863 770 Deo
921 726 1047 771 est:
1103 725 1157 769 et
1187 730 1306 783 qum
1338 717 1448 767 vult
1484 714 1743 773 Verbum,

175 820 464 874 operatur,
494 817 548 860 et
597 822 718 874 qua:
751 806 861 859 vult
895 804 1135 873 Spiritus
1188 813 1432 869 sanctus,
1465 813 1742 871 operatur,

176 908 227 950 et
261 914 386 966 quze
421 899 534 949 vult
585 899 771 958 Pater,
811 901 1092 963 Operatur,
1124 903 1178 948 et
1218 893 1331 948 haec
1363 894 1544 948 omnia
1607 908 1746 944 unus

184 990 328 1044 Deus
379 999 664 1058 operatur.
720 989 839 1042 Non
895 988 1188 1042 dividimus
1241 989 1382 1041 inter
1425 1001 1540 1050 eos,
1575 1001 1748 1054 neque

181 1085 369 1148 plures
425 1081 558 1134 deos
585 1081 819 1133 dicimus
847 1079 930 1132 cui
975 1094 1080 1132 non
1135 1087 1221 1132 est
1275 1077 1473 1132 similis
1505 1077 1556 1130 in
1585 1090 1748 1146 regno

182 1184 412 1222 manens
437 1171 491 1222 itt
519 1176 865 1235 perpetuum,
900 1182 1125 1236 regnum
1156 1176 1425 1220 sanctum.
1453 1166 1611 1220 Pater
1639 1181 1744 1218 non

181 1271 264 1315 est
298 1263 544 1328 genitus.
608 1258 778 1312 Filius
810 1268 894 1311 est
945 1258 1184 1326 genitus,
1247 1257 1488 1326 Spiritus
1523 1263 1746 1310 sanctus

183 1367 287 1403 non
316 1361 403 1404 cst
428 1351 665 1418 genitus,
699 1363 873 1416 neque
904 1348 1198 1416 ingenitus.
1227 1347 1461 1401 Necesse
1513 1358 1594 1400 cst
1654 1361 1748 1397 au-

181 1453 286 1497 tem
322 1445 485 1496 nobis
519 1459 584 1495 ex
610 1441 888 1509 praphctis
922 1442 1166 1508 proferre
1190 1440 1585 1502 testimonium,
1605 1438 1746 1507 quod

183 1534 324 1586 Deus
363 1532 694 1585 benedictus
725 1531 939 1583 \‘0C3Vil
983 1529 1260 1584 Christum
1303 1527 1559 1591 Verbum,
1592 1544 1747 1582 suum

181 1620 405 1682 Filium,
452 1631 503 1673 et
545 1635 640 1687 per
673 1617 900 1674 Verbum
939 1619 1083 1687 quod
1126 1618 1367 1686 procedit
1407 1634 1471 1670 ex
1524 1619 1746 1679 lumine,

180 1715 425 1768 condidit
476 1715 673 1766 ccelnm
726 1721 778 1766 et
841 1723 1043 1765 terram
1105 1721 1158 1765 et
1205 1712 1387 1764 omnia
1429 1726 1549 1780 qua)
1583 1712 1634 1763 in
1660 1713 1740 1766 eis

182 1816 332 1860 sunt.
392 1804 604 1875 Moyses
658 1804 789 1858 dicit
820 1805 862 1867 ³,
897 1802 1032 1857 Deus
1079 1818 1172 1871 per
1206 1803 1440 1856 Verbum
1478 1802 1604 1855 fecit
1633 1817 1748 1854 om-

1846 619 1991 678 bunt,
2035 619 2193 670 vincti
2221 615 2438 668 manicis
2466 627 2697 685 pergent,
2735 628 2780 669 et
2814 628 2859 670 te
2898 620 3220 680 adorabunt,
3273 633 3414 689 teque

1845 707 2276 774 deprecabuntur,
2301 709 2423 775 quia
2447 716 2501 758 tu
2521 723 2574 759 es
2603 706 2741 760 Deus
2769 717 2816 760 ct
2843 725 2941 760 non
2973 720 3047 763 est
3071 712 3209 765 alius
3229 724 3416 778 pra'ter

1848 807 1894 850 te
1927 797 2063 850 Deus
2124 795 2316 850 Israel.
2379 798 2628 850 Salrator
2670 799 2992 865 confundens
3017 801 3250 855 inimicos
3279 815 3418 865 tuos,

1849 885 2089 938 abierunt
2128 888 2181 938 in
2235 886 2591 952 confusionem
2616 887 2900 940 ".Jterum
2929 889 3092 942 David
3137 909 3148 943 :
3182 892 3320 946 Deus
3352 897 3415 946 de

1849 977 1980 1028 creto
2016 979 2280 1044 prospexit
2325 991 2480 1042 super
2504 977 2644 1042 filios
2669 977 2937 1030 hominum
2973 990 3028 1030 ut
3062 981 3233 1034 videat
3266 987 3312 1036 si
3342 997 3416 1037 est

1848 1068 2143 1137 intelligens
2173 1078 2264 1120 aut
2318 1070 2585 1136 requirens
2647 1068 2852 1129 Deum;
2905 1089 3078 1126 omnes
3110 1076 3412 1129 declinare-

1851 1173 1993 1225 rtmt,
2046 1165 2206 1217 simul
2244 1165 2453 1216 inutiles
2511 1164 2639 1230 facti
2683 1175 2828 1225 stutt,
2885 1181 2986 1216 non
3014 1177 3087 1219 est
3119 1171 3208 1236 qui
3243 1169 3413 1237 faciat

1850 1253 2060 1314 bouunt,
2094 1270 2194 1304 non
2232 1263 2309 1305 est
2345 1269 2509 1320 usque
2537 1253 2604 1304 ad
2646 1270 2806 1304 unum
2858 1256 2922 1306 ¹².
2958 1253 3021 1306 Et
3053 1255 3246 1310 iterum
3279 1279 3291 1312 :
3325 1260 3423 1312 Di-

1849 1346 1930 1396 xit
1964 1341 2216 1393 Dominus
2246 1344 2473 1394 Domino
2508 1360 2618 1396 meo
2650 1360 2667 1396 :
2705 1345 2885 1397 Sedea
2914 1345 3117 1398 dextris
3150 1349 3297 1412 meis,
3333 1352 3422 1402 do-

1852 1448 1942 1484 nec
1968 1447 2159 1494 ponam
2186 1431 2430 1484 inimicos
2450 1440 2565 1486 tuos
2599 1433 2885 1485 scabettum
2911 1436 3099 1496 pedatu
3125 1440 3418 1492 tuorum".

1854 1523 2066 1592 Moyses
2119 1523 2255 1576 dixit
2316 1523 2384 1578 de
2450 1524 2700 1593 passione
2770 1525 3018 1577 Christi:
3061 1527 3308 1580 Videbitis
3349 1531 3421 1580 ri-

1853 1625 1962 1666 tam
1993 1624 2218 1667 vestram
2252 1613 2556 1678 pendentem
2597 1630 2776 1666 coraut
2801 1613 2969 1665 oculis
3008 1619 3212 1679 vestris,
3235 1628 3282 1669 et
3316 1633 3417 1668 non

1852 1707 2075 1760 credetis
2102 1709 2166 1760 I".
2202 1707 2372 1760 David
2412 1724 2424 1759 :
2471 1705 2744 1760 Foderunt
2790 1724 2979 1760 manus
3015 1725 3154 1761 meas
3186 1720 3233 1762 et
3269 1712 3422 1777 pedes

1854 1816 2011 1859 meos,
2055 1800 2516 1851 diuumeraverunt
2563 1800 2738 1852 omnia
2805 1816 2926 1852 ossa
2956 1817 3091 1864 utea,
3135 1801 3421 1854 diviserunt

181 1898 291 1948 nia.
332 1867 501 1947 David
555 1895 610 1946 in
650 1890 902 1954 Psalmis,
946 1889 1110 1942 Verbo
1163 1888 1374 1940 Domini
1401 1886 1513 1939 εωιὶ
1548 1887 1746 1953 ﬁrmati
1780 1867 1825 1924 Β
1854 1888 1952 1940 sibi
1999 1889 2303 1943 vestimenta
2343 1898 2548 1950 mea,et
2576 1905 2730 1956 super
2767 1900 2952 1944 vestem
2981 1880 3425 1948 meam'miserunt

179 1995 299 2038 sunt
325 1985 465 2046 ‘;et
511 1982 640 2036 alibi
676 1998 688 2034 :
731 1977 796 2033 In
857 1989 1132 2042 retentum,
1163 1977 1420 2039 Domine,
1480 1985 1746 2044 permanet

191 2077 414 2129 Verbum
443 2085 591 2128 tuum
617 2075 638 2105 '
667 2089 682 2136 ;
713 2073 978 2127 etiterum
1009 2069 1196 2125 :Misit
1234 2068 1456 2123 Verbum
1477 2070 1516 2132 ⁸,
1550 2080 1602 2122 et
1618 2085 1747 2122 con-

182 2180 282 2221 tra.
345 2165 449 2220 Joh
502 2164 633 2219 dicit
665 2165 730 2218 de
761 2165 965 2233 Spiritu
1001 2171 1196 2216 sancto
1223 2179 1236 2215 :
1271 2161 1500 2228 Spiritus
1531 2159 1746 2211 Domini

179 2259 298 2323 fecit
335 2274 415 2309 me
435 2257 488 2318 ";
528 2255 736 2325 Moyses
767 2274 780 2308 :
815 2254 1045 2320 Spiritus
1069 2252 1283 2304 Domini
1317 2268 1469 2319 super
1484 2268 1650 2319 aquas
1677 2251 1747 2318 fe-

179 2347 457 2409 rebatur“;
480 2345 679 2400 Isaias:
703 2345 931 2413 Spiritus
955 2342 1164 2395 Domini
1187 2357 1341 2408 super
1363 2357 1460 2402 me,
1487 2355 1576 2407 per
1597 2355 1746 2408 quem

179 2439 523 2499 unxitme’;
573 2437 738 2490 David
785 2453 798 2488 :
840 2434 1033 2487 Emitte
1092 2431 1350 2500 Spiritum
1402 2441 1546 2482 tuum
1594 2430 1660 2490 ¹⁰,
1695 2437 1748 2481 et

178 2537 402 2590 contra;
441 2537 495 2579 ct
548 2525 768 2585 iterum,
822 2523 1056 2590 Spiritus
1112 2531 1230 2573 tuus
1299 2520 1461 2571 bonus
1531 2519 1745 2571 deducet

181 2635 256 2668 me
288 2620 428 2678 “,ct
461 2626 679 2679 contra;
711 2623 765 2668 et
791 2617 1008 2676 iterum,
1035 2612 1295 2678 Spiritum
1329 2622 1521 2663 rectum
1557 2611 1747 2662 innova

177 2711 227 2760 in
265 2711 558 2761 uisceribus
590 2711 718 2760 meis
751 2708 791 2738 “
837 2715 930 2760 :et
967 2705 1184 2766 iterum,
1221 2702 1420 2768 Spiritu
1467 2701 1748 2768 principali

176 2801 441 2866 conﬁrma
491 2817 571 2852 me
604 2799 666 2851 ’³.
725 2797 851 2850 Haec
887 2805 1014 2850 sunt
1045 2795 1110 2849 de
1150 2794 1318 2848 veteri
1351 2793 1466 2861 lege
1499 2792 1746 2845 testimo-

178 2899 295 2956 nia,
356 2891 501 2960 quod
535 2889 775 2943 Verbum
829 2896 884 2944 et
920 2886 1157 2957 Spiritus
1216 2888 1306 2954 qui
1354 2892 1481 2939 sunt
1512 2898 1576 2937 ex
1617 2883 1746 2945 Deo,

174 3003 394 3040 omnem
425 2993 736 3038 creaturam
785 2981 1110 3036 creaveriut.
1145 2978 1371 3047 Oportet
1404 2993 1504 3030 nos
1553 2976 1748 3029 iterum

172 3075 422 3144 proferre
476 3072 874 3134 testimonium,
932 3069 1075 3139 quod
1141 3068 1280 3120 Deus
1312 3065 1545 3120 Verbum
1590 3082 1747 3119 suum

177 3167 377 3221 Filium
411 3181 571 3219 suum
605 3163 838 3218 vocavit.
872 3161 1043 3216 Isaias
1073 3159 1229 3219 dicit,
1266 3157 1394 3210 Ecce
1436 3157 1591 3225 Virgo
1618 3173 1746 3206 cou-
1776 3192 1817 3250 ο

173 3261 330 3326 cipiet
381 3269 431 3311 et
476 3257 642 3323 pariet
679 3252 880 3307 Filium
931 3253 997 3316 “,
1024 3261 1077 3306 et
1131 3260 1364 3312 contra;
1402 3255 1454 3300 et
1505 3249 1738 3301 iterum:

176 3347 454 3402 Parrulus
474 3357 629 3400 natus
660 3354 736 3398 est
769 3344 939 3405 nobis,
974 3353 1021 3395 et
1053 3342 1198 3409 [ilius
1218 3340 1375 3390 datus
1404 3346 1479 3389 est
1507 3338 1655 3389 nobis
1676 3337 1742 3389 ".

173 3439 374 3496 lterum
430 3438 572 3493 Deus
603 3435 782 3499 Pater,
813 3435 876 3488 ad
908 3433 1075 3486 David
1126 3451 1137 3484 :
1192 3430 1479 3498 Postquam
1517 3429 1745 3480 dormie-

174 3532 246 3584 ris
272 3546 397 3584 cum
437 3527 680 3595 patribus
714 3527 838 3586 tuis,
881 3523 1147 3576 suscitabo
1187 3521 1249 3572 de
1281 3519 1477 3587 femore
1525 3529 1612 3570 tuo
1655 3518 1743 3585 qui

173 3620 370 3674 sedebit
411 3634 565 3683 super
596 3617 836 3668 thronum
864 3611 1053 3666 Israel.
1078 3608 1187 3677 Ego
1219 3623 1306 3660 ero
1349 3607 1393 3659 ei
1431 3606 1481 3658 in
1503 3605 1740 3664 I’atrcnt,

173 3716 218 3758 et
279 3707 393 3772 ipse
464 3705 561 3755 erit
591 3702 718 3754 mihi
750 3702 802 3752 in
856 3699 1027 3766 ﬁlium
1059 3698 1122 3749 ⁸⁸.
1176 3695 1344 3747 David
1393 3695 1446 3746 in
1475 3693 1741 3748 Psalmis:

177 3796 436 3850 Dominus
482 3794 616 3846 dixit
667 3792 736 3844 ad
789 3807 886 3855 me,
917 3799 972 3843 et
1018 3797 1202 3842 contra
1241 3786 1532 3841 Zacharias
1564 3785 1740 3839 dicit:

174 3887 357 3941 Gaude
394 3897 442 3937 et
476 3885 678 3944 lcetare,
710 3881 827 3949 filia
855 3880 1003 3937 Sion,
1043 3878 1235 3938 clama,
1271 3877 1387 3944 filia
1423 3875 1743 3937 Jerusalem,

173 3981 294 4047 quia
327 3991 447 4029 ecce
487 3973 596 4027 Rex
628 3985 748 4025 tuus
796 3973 929 4024 renit
963 3972 1057 4022 tibi
1101 3969 1250 4021 mitis
1278 3978 1327 4021 et
1387 3969 1567 4020 sedens
1593 3983 1747 4034 super

173 4072 378 4137 pullum
422 4069 615 4131 asince,
675 4067 915 4134 loquetur
957 4080 1139 4132 pacem
1169 4063 1408 4132 gentibus
1443 4061 1504 4113 ⁸⁷.
1548 4059 1745 4112 lterum

174 4171 392 4229 oportet
425 4171 526 4211 nos
549 4157 793 4226 proferre
832 4157 1208 4209 testimonium
1247 4153 1312 4207 de
1335 4154 1449 4222 lege
1480 4151 1594 4212 Dei,
1622 4151 1746 4219 quia

173 4250 334 4306 Jesus
388 4249 645 4304 Christus
697 4245 867 4298 Filius
916 4245 1120 4306 Mariaa,
1173 4244 1314 4297 Deus
1365 4243 1430 4297 de
1485 4242 1594 4295 Deo
1654 4243 1746 4294 sit.

175 4342 345 4396 Jacob
379 4341 527 4393 titius
559 4339 734 4399 Isaac,
765 4337 860 4390 lilii
902 4337 1158 4399 Abrahte,
1187 4350 1309 4390 cum
1344 4343 1489 4388 esset
1519 4334 1569 4386 in
1595 4335 1744 4386 obitu

176 4435 298 4486 vitae
363 4445 501 4493 suae,
564 4429 894 4482 benedicens
949 4426 1089 4480 filios
1135 4441 1266 4480 suos
1311 4426 1655 4494 prophetarit
1684 4425 1750 4477 de

1851 1991 2039 2035 sortem
2059 1985 2122 2035 ".
2154 1984 2354 2039 Isaias:
2391 1985 2562 2037 Homo
2590 1995 2758 2052 potest
2777 1985 2913 2052 ferre
2930 1987 3134 2056 plagam
3159 1991 3279 2055 quia
3308 1990 3428 2043 abs-

1849 2073 2088 2126 conditus
2112 2084 2186 2126 est
2220 2075 2390 2127 vultus
2436 2075 2570 2143 ejus,
2604 2078 2739 2129 unde
2788 2093 2879 2129 nec
2909 2081 3264 2145 reputabimus
3287 2097 3424 2134 eum.

1862 2163 1988 2215 Vere
2024 2163 2300 2233 languores
2333 2177 2544 2218 nostros
2579 2168 2688 2232 ipse
2718 2168 2861 2230 tulit,
2901 2179 2948 2221 et
2980 2169 3188 2223 dolores
3218 2181 3425 2224 nostros

1849 2254 1956 2315 ipse
1982 2257 2207 2322 portarit
2244 2257 2289 2286 ³⁸
2319 2256 2416 2324 (‘2).
2461 2255 2583 2310 llzec
2624 2268 2749 2310 sunt
2781 2260 3093 2314 testimonia
3118 2263 3260 2328 quod
3288 2263 3428 2316 Deus

1849 2357 1910 2395 ex
1972 2343 2079 2397 Deo
2129 2354 2248 2398 est:
2277 2343 2547 2400 Joannes:
2579 2344 2641 2398 In
2669 2349 2927 2415 principio
2945 2360 3060 2403 erat
3101 2351 3343 2418 Verbum,
3373 2365 3422 2406 et

1867 2432 2082 2486 Verbum
2124 2445 2236 2488 erat
2289 2437 2428 2502 apud
2482 2436 2644 2490 Deum
2679 2454 2696 2490 :
2731 2450 2778 2492 et
2809 2439 2947 2493 Deus
2969 2451 3081 2494 erat
3120 2442 3426 2497 Verbum".

1851 2523 2068 2579 Gabriel
2113 2543 2125 2577 :
2163 2524 2392 2592 Spiritus
2419 2536 2632 2579 sanctus
2662 2531 2977 2595 superveniet
3011 2532 3062 2583 in
3106 2541 3173 2594 te,
3215 2541 3264 2585 et
3316 2534 3426 2586 vir-

1851 2626 1932 2669 tus
1978 2618 2236 2671 Altissimi
2287 2619 2616 2672 obumbrabit
2667 2621 2758 2673 tibi
2806 2623 2877 2676 ³⁸.
2916 2624 3120 2678 Paulus
3153 2643 3166 2676 :
3195 2625 3427 2693 Spiritus

1850 2718 2068 2760 sanctus
2135 2718 2406 2762 scrutatur
2443 2712 2640 2774 onmia,
2701 2722 2748 2764 et
2795 2715 2935 2766 norit
2992 2716 3198 2768 occulta
3230 2716 3322 2769 Dei
3360 2721 3426 2770 ³³³.

1850 2796 2088 2854 Joannes
2124 2799 2166 2830 ³⁰
2201 2799 2366 2854 :Non
2395 2803 2688 2870 accepimus
2720 2806 2965 2871 spiritum
3004 2809 3301 2874 servitutis,
3336 2811 3427 2862 sed

1851 2889 2096 2953 spiritum
2131 2889 2218 2955 qui
2247 2898 2323 2940 est
2349 2904 2412 2942 ea:
2449 2889 2554 2942 Deo
2592 2908 2610 2953 ;
2663 2892 2858 2945 iterum
2890 2910 2903 2945 :
2961 2894 3019 2946 Si
3049 2898 3163 2962 quis
3181 2897 3427 2964 spiritum

1853 2978 2053 3032 Christi
2081 2996 2184 3032 non
2218 2979 2390 3043 habet,
2428 2982 2511 3032 hic
2542 2997 2645 3034 non
2674 2993 2750 3034 est
2775 2982 2890 3050 ejus
2917 2985 2980 3038 ³⁵.
3011 2986 3131 3038 llaec
3185 2996 3316 3040 sunt
3347 2997 3427 3039 le—

1854 3071 2106 3124 stimouia
2135 3071 2200 3124 de
2231 3069 2379 3124 Novo
2411 3071 2784 3138 Testamento,
2814 3075 2956 3144 quod
2991 3077 3243 3132 Christus
3261 3077 3429 3132 Filius

1857 3158 1946 3211 Dei
1978 3161 2048 3212 sit
2081 3179 2093 3212 :
2125 3161 2340 3214 Gabriel
2369 3160 2434 3214 ad
2475 3162 2705 3217 Mariam
2736 3183 2748 3217 :
2791 3165 2920 3218 Ecce
2953 3170 3215 3235 concipies
3245 3179 3290 3220 et
3334 3185 3429 3236 pa-

1854 3251 1953 3303 ries
2002 3252 2196 3317 ﬁlium,
2250 3265 2299 3305 et
2343 3254 2554 3306 vocabis
2607 3273 2790 3309 nomen
2818 3258 2930 3325 ejus
2981 3259 3164 3310 Jesum
3193 3276 3210 3313 :
3244 3270 3294 3313 et
3321 3262 3429 3329 ipse

1848 3342 2060 3394 redimet
2081 3345 2325 3408 paputum
2378 3360 2528 3396 suum
2556 3350 2839 3412 a-peccatis
2871 3365 3047 3400 eorum
3089 3351 3155 3403 δ’.
3189 3349 3426 3406 Paulus:

1850 3433 1996 3486 Misit
2031 3432 2168 3486 Deus
2205 3432 2404 3487 Filium
2450 3455 2602 3492 suum
2629 3448 2810 3491 natum
2843 3440 2906 3492 de
2947 3443 3181 3506 muliere,
3228 3443 3427 3511 factum

1847 3523 1940 3575 sub
2009 3522 2117 3590 lege
2164 3532 2219 3574 ut
2261 3539 2348 3576 eos
2401 3529 2490 3593 qui
2538 3528 2632 3579 sub
2689 3527 2794 3595 lege
2833 3539 2983 3582 erant
3033 3534 3309 3587 redimeret
3353 3536 3423 3568 ³³-

1846 3611 2083 3668 Joannes
2115 3615 2252 3678 :Qui
2272 3616 2437 3668 credit
2464 3619 2514 3670 in
2551 3617 2748 3672 Filium
2779 3620 2892 3684 Dei,
2918 3624 3069 3676 habet
3089 3625 3246 3678 vitam
3277 3637 3430 3680 ceter-

1847 3720 2008 3769 uant;
2039 3706 2126 3774 qui
2150 3723 2264 3758 vero
2297 3724 2398 3760 non
2430 3711 2592 3763 credit
2621 3711 2672 3763 iu
2707 3712 2879 3774 illum,
2911 3731 3012 3766 non
3049 3716 3240 3769 ridebit
3265 3720 3424 3771 vitam

1849 3809 2120 3860 a'ternam,
2167 3796 2258 3850 sed
2289 3800 2371 3851 ira
2401 3797 2498 3852 Dei
2537 3813 2711 3856 manet
2744 3820 2897 3868 super
2924 3822 3040 3857 eum
3081 3807 3144 3859 “.
3176 3807 3375 3861 Paulus
3409 3828 3423 3862 :

1849 3885 1988 3939 Deus
2017 3903 2153 3938 unus
2209 3884 2386 3940 Filius
2419 3887 2511 3940 Dei
2541 3906 2630 3956 per
2659 3907 2806 3958 quem
2836 3893 2979 3958 facta
3003 3902 3121 3945 sttttt
3152 3896 3328 3948 omnia
3361 3896 3426 3950 ³⁵.

1849 3972 2038 4027 Petrus
2071 3991 2083 4026 :
2118 3973 2195 4026 Tu
2226 3992 2277 4026 es
2307 3975 2547 4029 Christus
2596 3976 2768 4031 Filius
2806 3981 2895 4031 Dei
2927 3982 3026 4033 rivi
3059 3982 3124 4034 ³⁸⁸.
3161 3981 3376 4037 Gabriel
3411 4003 3422 4035 :

1852 4067 1972 4126 Are,
2003 4063 2203 4126 Maria,
2235 4067 2410 4135 gratia
2449 4069 2624 4136 plena,
2660 4070 2911 4124 Dominus
2946 4083 3112 4122 terunt
3144 4089 3162 4124 .'
3198 4073 3426 4141 Spiritus

1849 4166 2063 4209 sanctus
2104 4161 2424 4223 superveniet
2467 4160 2516 4211 in
2556 4170 2622 4223 te,
2668 4171 2714 4211 et
2755 4163 2915 4212 rirtus
2951 4162 3213 4214 Altissinti
3244 4170 3427 4216 obum-

1848 4245 2020 4297 brabit
2050 4248 2172 4312 tibi,
2214 4259 2262 4300 ει
2294 4251 2428 4317 quod
2459 4238 2702 4303 nascetur
2728 4267 2790 4304 ex
2815 4263 2862 4303 te
2888 4251 3140 4305 Sanctum
3158 4255 3428 4307 rocabitur

1853 4336 2025 4392 Filius
2061 4340 2152 4393 Dei
2204 4343 2268 4394 ³⁷.
2313 4343 2511 4396 [terunt
2550 4345 2806 4398 Christus
2854 4346 2904 4398 in
2943 4347 3233 4415 litangelio
3271 4367 3283 4400 :
3315 4347 3422 4418 ligo

1849 4447 1962 4482 sum
1997 4431 2089 4484 lux
2116 4434 2318 4498 mundi,
2347 4451 2437 4503 ego
2463 4452 2496 4488 a
2537 4435 2698 4489 Patre
2725 4438 2883 4499 exiri,
2917 4448 2965 4490 et
2989 4441 3056 4489 ad
3087 4455 3204 4490 eum
3246 4456 3422 4492 rever-

178 4521 335 4589 ipsis,
358 4519 552 4572 dicens
578 4517 751 4576 Judse,
793 4516 901 4569 tilio
931 4531 1033 4568 suo
1064 4530 1077 4564 :
1111 4514 1190 4567 Tu
1220 4531 1279 4569 cs
1310 4517 1523 4567 catulus
1559 4514 1744 4577 leonis,

1853 4537 2008 4574 surus
2054 4539 2189 4587 sum,
2253 4542 2344 4593 ego
2376 4543 2491 4578 sum
2543 4530 2854 4580 resurrectio
2884 4540 2931 4581 et
2975 4532 3099 4582 rita.
3141 4530 3202 4581 Et
3233 4535 3320 4600 qui
3348 4550 3426 4584 me.

183 4631 283 4666 non
315 4613 589 4664 minuetur
618 4609 679 4661 de
719 4609 912 4676 femore
949 4618 1037 4658 tuo
1071 4608 1179 4658 dux
1214 4624 1373 4675 neque
1397 4609 1634 4674 princeps
1653 4607 1749 4658 do-

179 4723 262 4759 nec
304 4705 481 4757 veniat
515 4702 602 4770 qui
635 4701 702 4754 sit
725 4701 1044 4768 exspectatio
1062 4702 1294 4768 gentium
1325 4700 1388 4762 ’⁸,
1423 4701 1513 4764 qui
1545 4701 1751 4767 estipse

180 4787 443 4842 Christus.
501 4783 768 4839 Jcremias
795 4785 1059 4852 propheta
1090 4803 1102 4836 :
1129 4782 1260 4835 Ecce
1290 4781 1424 4836 Deus
1459 4795 1634 4836 noster
1665 4785 1747 4835 cui

181 4879 368 4931 similis
403 4893 502 4928 non
533 4883 629 4936 est,
650 4875 737 4942 qui
767 4875 959 4928 invenit
1013 4891 1213 4926 omnem
1249 4875 1385 4927 viam
1433 4876 1744 4941 prudentice.

179 4983 224 5024 et
253 4981 372 5041 post
405 4971 517 5022 ha'c
548 4970 807 5022 videbitur
829 4984 983 5036 super
1016 4979 1232 5031 terram,
1263 4979 1310 5023 et
1358 4985 1474 5024 cum
1508 4970 1744 5024 onmibus

178 5064 272 5116 erit
293 5069 634 5117 conversatus
691 5061 753 5114 ".
787 5060 984 5115 lterum
1017 5077 1028 5112 :
1057 5059 1198 5113 Deus
1235 5061 1512 5128 manifeste
1556 5063 1742 5128 t-eniet,

248 5242 268 5272 ⁵
294 5242 432 5295 Gen.
472 5255 510 5291 I.

180 5313 198 5340 ⁹
243 5313 347 5364 lsa.
419 5324 530 5367 ut,
573 5307 596 5359 1

615 5240 637 5268 ⁸
671 5235 815 5291 Psal.
847 5252 1019 5300 min,
1049 5236 1102 5290 6.
1177 5239 1198 5270 ⁵
1228 5236 1370 5290 Psal.
1401 5254 1588 5302 cxvuI,
1626 5241 1714 5295 89.

765 5307 803 5338 ¹⁰
832 5305 974 5359 Psal.
1021 5321 1136 5369 CIII,
1174 5307 1262 5360 30.

183 5385 220 5410 ”
250 5382 356 5434 Ian.
381 5397 458 5436 Ix.
483 5380 537 5432 6.
591 5380 632 5407 ¹⁶
662 5376 679 5429 Ι
715 5377 843 5446 Reg.
882 5378 1205 5440 νιι,12.-1‹1.
1259 5377 1297 5405 ⁸⁷
1321 5376 1483 5429 Zach.
1525 5396 1598 5437 Ix.
1625 5381 1680 5434 9.

181 5450 344 5504 "Isa.
377 5465 501 5510 ην,
538 5449 626 5502 1i.
739 5450 782 5478 "
817 5447 960 5500 Psal.
989 5463 1106 5505 XIII.
1146 5446 1199 5506 2,
1229 5449 1281 5498 5.

178 5522 228 5581 5,
261 5520 313 5572 4.
395 5521 437 5551 ²⁴
474 5518 632 5572 Joan.
667 5535 704 5579 I,
731 5518 783 5569 1.
859 5515 903 5548 ’⁸
928 5516 1059 5570 Luc.
1093 5532 1131 5579 I,
1157 5518 1244 5570 35.

181 5607 215 5649 ι,
248 5591 336 5645 51.
453 5590 495 5620 ³³
531 5583 706 5644 Galat.
737 5588 916 5654 Iv,15.
993 5586 1210 5640 “Joan.
1238 5601 1318 5651 III,
1349 5587 1434 5640 36.

1793 5243 1980 5300 “Psal.
2042 5262 2094 5303 Χ.
2141 5246 2194 5309 6,
2253 5247 2341 5301 20.

1369 5308 1406 5338 ¹¹
1441 5310 1581 5362 l'sal.
1640 5328 1804 5366 CXLII.
1845 5316 1928 5367 10.

1760 5383 1800 5412 ’⁸
1828 5383 1961 5437 Gen.
1998 5401 2104 5448 XIX,
2131 5387 2296 5447 9,10.

1391 5449 1433 5477 ’³
1473 5449 1608 5501 Psal.
1641 5466 1747 5510 CIX,
1788 5454 1836 5505 1.

1323 5518 1367 5548 ³³
1404 5517 1438 5570 ΙΙ
1474 5519 1601 5571 Cor.
1636 5521 1787 5580 ΠΛΟ.

1514 5589 1556 5618 ³⁸
1590 5588 1629 5640 ll
1672 5591 1797 5643 Cur.
1823 5591 1863 5654 l,
1906 5595 1989 5648 19.

1856 4612 2012 4676 videt,
2066 4614 2198 4665 ridet
2233 4625 2279 4666 et
2312 4613 2551 4668 Patrem.
2589 4615 2698 4684 Ego
2743 4629 2790 4668 et
2828 4618 2991 4670 I’ater
3022 4635 3180 4669 unum
3219 4637 3423 4674 sumus.

1856 4703 2056 4756 Paulus
2084 4722 2096 4756 :
2132 4703 2536 4760 llluminabitur
2568 4709 2790 4760 mundus-
2819 4710 2880 4761 de
2909 4709 3073 4762 .Iuda.
3101 4710 3162 4762 Et
3191 4712 3420 4764 iterum:

1855 4794 2110 4852 Ascendit
2178 4795 2317 4849 Deus
2358 4812 2512 4864 super
2555 4799 2729 4858 coctos,
2776 4816 2932 4867 super
2989 4804 3422 4854 se-lemsanctam

1855 4903 2030 4947 suant,
2085 4889 2292 4942 intuens
2320 4899 2515 4942 terram
2550 4900 2605 4941 ut
2650 4891 2821 4943 rideat
2847 4892 3105 4960 obligatos
3138 4909 3266 4962 quos
3292 4894 3423 4947 obli-

1855 4979 2000 5044 gavit
2039 4976 2205 5031 Satan
2242 4981 2293 5031 in
2321 4981 2510 5032 delicto
2532 4997 2646 5033 suo.
3401 5052 3407 5058 _

1930 5066 2034 5121 Vos
2066 5079 2244 5123 autem
2287 5071 2498 5126 habetis
2520 5071 2574 5124 in
2613 5073 2724 5141 lege
2756 5081 2931 5127 vestra
2969 5115 2983 5140 ,
3020 5074 3164 5142 quod
3200 5075 3422 5144 angelus

2456 5250 2475 5279 ⁷
2523 5246 2624 5302 Joh
2688 5265 2879 5312 XXXIII,
2917 5250 2967 5303 4.
3080 5247 3250 5302 “Gen.
3287 5267 3325 5314 I,
3357 5251 3417 5302 (Ξ.

2551 5318 2593 5347 IS
2619 5319 2728 5350 ΙΙιῖιΙ
2789 5321 2847 5350 ΙΙ
2989 5319 3030 5350 ιι
3063 5320 3141 5350 leo
3201 5337 3271 5350 ιιι-
3332 5320 3391 5350 ΙΙ.

2377 5319 2451 5371 ΙΞ.
2551 5319 2593 5347 ⁸³
2619 5319 2752 5374 lbi'J.
2789 5321 2873 5372 14.
2989 5319 3030 5350 ”
3063 5320 3164 5372 Isa.
3201 5337 3291 5379 vn,
3332 5320 3415 5372 11.

2377 5389 2667 5440 "Baruch.
2699 5404 2777 5450 III,
2812 5390 2898 5441 58.
2958 5391 3003 5420 ²⁰
3029 5389 3229 5442 Hahae.
3268 5405 3324 5448 II.
3365 5392 3418 5440 5.

1916 5457 1961 5486 ³⁸⁵
1987 5457 2137 5508 Deut.
2167 5473 2352 5513 xxvm.
2388 5458 2473 5511 66.
2553 5459 2595 5488 ’⁵
2623 5459 2762 5512 Psal.
2786 5474 2896 5517 XXI,
2924 5459 3009 5511 17.
3087 5458 3131 5488 ³⁸
3166 5460 3264 5510 lsa.
3302 5475 3420 5518 I.III,

1879 5523 1923 5554 ³ο
1948 5523 2058 5577 Ιιιιο
2090 5525 2286 5579 Paulus
2319 5528 2473 5580 lium.
2504 5542 2620 5586 VIII,
2658 5527 2738 5580 15.
2844 5529 2888 5559 ⁶¹
2919 5529 3048 5580 Ibid.
3079 5528 3110 5580 9
3209 5527 3250 5557 ³¹
3285 5527 3416 5580 Luc.

2070 5598 2115 5629 ³⁸
2145 5595 2295 5649 Joan.
2329 5612 2401 5660 XI,
2434 5597 2524 5650 9.7.
2605 5598 2645 5627 ³⁷
2675 5597 2807 5650 Luc.
2842 5612 2879 5660 l,
2911 5597 2997 5650 '55.

2047 5317 2088 5346 "
2109 5316 2248 5369 Psal.
2277 5333 2327 5381 L,
2366 5319 2451 5371 12.

1675 5682 1906 5741 NOT/E.

247 5773 320 5839 (9.)
376 5772 624 5852 Vulgata.
662 5773 837 5852 lectio,
880 5773 1116 5828 Vidimus
1140 5775 1574 5843 euntdespectunt
1628 5788 1674 5828 et
1728 5779 2064 5835 novissimum
2117 5784 2344 5838 virorum
2370 5795 2417 5838 et
2451 5787 2697 5838 scientem
2744 5781 3124 5851 infirmitatem,
3173 5792 3221 5836 et
3266 5784 3413 5852 quasi

182 5844 512 5897 absconditus
542 5843 711 5895 cultus
741 5844 872 5911 ejus.
