4188 6456
745 446 852 505 Filii

1982 437 2254 496 LEONIS
2295 432 2745 494 PHILOSOPHI

3907 439 4014 500 δεῖ)

747 561 877 614 dicit
911 557 1190 613 Zacliarire
1234 574 1247 610 :
1284 555 1420 611 Ecce
1463 555 1729 611 annuntio
1759 554 1855 608 tibi
1885 555 2028 624 quod
2065 562 2326 608 nascetur
2356 553 2406 611 Α
2433 565 2595 618 quam
2636 550 2899 619 elegerat.
2949 546 3172 616 Accepit
3213 547 3440 601 lormam
3499 547 3732 604 hominis
3770 545 4012 605 Verbum

747 654 844 706 tibi
895 651 1062 705 Filius
1099 651 1409 718 praecedens
1467 649 1696 701 Verbum
1731 645 1848 709 Dei,
1895 656 1949 700 et
1979 644 2216 699 Verbum
2257 646 2333 712 ip-

747 744 885 804 sius,
913 743 1200 794 vocabitur
1238 755 1434 794 nomen
1469 743 1589 805 ejus
1623 737 1876 792 Messias.
1909 737 2186 802 Qua-ritur
2217 751 2246 788 a
2279 744 2332 792 te

693 890 696 894 ,
745 845 915 898 quare
958 829 1096 886 Deus
1122 830 1529 884 voluitmittere
1561 827 1759 882 Filium
1791 829 1842 881 in
1880 839 2032 881 utero
2061 826 2328 896 Virginis:

744 922 873 990 quia
899 921 1226 975 benedictus
1258 921 1398 975 Deus
1423 928 1478 974 et
1511 929 1762 974 sanctum
1787 934 1982 973 nomen
2006 919 2148 988 ejus,
2176 933 2332 972 crea-

758 1012 834 1063 vit
869 1013 1067 1062 ι-ωΙιιιιι
1112 1018 1162 1061 ct
1219 1017 1420 1063 terram
1457 1018 1511 1062 et
1537 1009 1717 1062 omnia
1747 1024 1868 1076 qua:
1902 1007 1956 1061 in
1987 1008 2067 1062 eis
2107 1017 2254 1070 sunt,
2281 1016 2335 1062 et

753 1102 963 1153 creavit
995 1101 1220 1169 angelos
1237 1116 1393 1164 suos,
1422 1100 1472 1153 in
1502 1100 1677 1169 prima
1703 1099 2018 1154 conditione
2048 1115 2146 1154 sua
2178 1107 2335 1154 erant

755 1196 808 1246 in
846 1194 1079 1246 circuitu
1106 1192 1311 1246 'l'hroni
1344 1211 1356 1245 :
1397 1200 1452 1245 et
1493 1192 1677 1245 subito
1718 1192 2001 1260 ingressus
2034 1201 2116 1245 est
2147 1193 2200 1244 in
2228 1205 2332 1244 una

754 1285 969 1353 legione
997 1283 1334 1350 angelorum,
1362 1289 1546 1334 tumor
1575 1290 1629 1335 ct
1657 1283 1939 1351 superbia,
1977 1280 2238 1336 facientes
2275 1296 2335 1336 se

751 1375 862 1428 Deo
895 1373 1126 1438 similes,
1160 1373 1407 1428 dicentes
1442 1391 1454 1426 :
1490 1371 1767 1429 Ponamus
1795 1375 1980 1429 sedem
2013 1375 2170 1428 nobis
2194 1375 2336 1430 sicut

747 1476 833 1522 est
890 1468 1049 1522 sedes
1087 1465 1204 1528 Dei,
1263 1475 1315 1519 ct
1343 1468 1749 1519 circumeamus
1797 1468 1992 1518 cmlum
2027 1479 2079 1520 et
2109 1475 2327 1530 terram,

751 1562 896 1614 sicut
945 1571 999 1614 et
1057 1558 1220 1612 Deus.
1257 1557 1502 1624 Cumque
1548 1555 1691 1609 Deus
1754 1556 2116 1618 cogitationes
2143 1571 2331 1610 eorum

752 1651 1133 1722 cognovisset,
1175 1648 1405 1718 projccit
1437 1646 1696 1700 Satanam
1742 1655 1796 1700 et
1830 1661 2043 1700 omnem
2069 1648 2333 1716 legionem

754 1746 947 1811 ipsius,
975 1744 1042 1798 de
1077 1745 1218 1796 corio
1255 1742 1319 1793 ad
1378 1749 1603 1803 terram,
1653 1748 1707 1792 et
1745 1740 1869 1792 facti
1905 1748 2032 1794 sunt
2063 1741 2337 1794 daemones

753 1845 806 1891 et
834 1836 1039 1890 inimici
1063 1835 1297 1888 liliorum
1316 1831 1466 1885 Adm.
1500 1831 1747 1900 Cumque
1771 1829 1991 1886 fecisset
2011 1831 2150 1885 Deus
2164 1832 2335 1885 Adam

754 1929 1037 1982 constituit
1068 1942 1189 1980 eum
1209 1926 1267 1978 in
1297 1924 1569 1992 paradiso,
1603 1923 1789 1978 dicens
1821 1923 1871 1978 ei
1922 1939 1936 1975 :
1969 1923 2190 1977 Coniede
2219 1940 2333 1977 om-

756 2024 845 2073 κὶα
878 2035 1214 2089 qmrcumque
1238 2017 1504 2081 volueris;
1537 2018 1600 2070 de
1624 2017 1766 2085 ligno
1791 2031 1908 2069 vero
1928 2017 2024 2068 hoc
2053 2016 2194 2086 quod
2215 2033 2339 2084 pro-

753 2116 902 2166 hibeo
958 2113 1070 2173 tibi,
1134 2127 1198 2163 ne
1238 2108 1508 2172 comedas,
1559 2123 1663 2176 quo
1719 2107 1804 2159 die
1833 2106 2121 2160 comederis
2165 2123 2228 2160 ea:
2256 2124 2337 2170 eo,

754 2214 920 2256 mnt'le
964 2201 1253 2263 morieris;
1302 2206 1545 2253 tentatus
1591 2212 1723 2251 vero
1761 2210 1790 2248 a
1825 2197 2063 2259 diabolo,
2108 2199 2340 2252 comedit

752 2313 815 2349 ex
851 2311 939 2358 eo,
976 2304 1030 2348 et
1060 2293 1339 2363 projectus
1360 2301 1443 2345 est
1475 2291 1542 2343 de
1581 2289 1862 2358 paradiso,
1897 2298 1951 2343 et
2002 2288 2342 2344 haereditavit

755 2399 986 2441 mortem
1020 2396 1075 2439 et
1100 2383 1598 2438 contradictionem
1621 2391 1675 2436 et
1701 2381 1961 2436 delictum
1997 2381 2050 2435 in
2081 2382 2342 2453 progenie

755 2492 877 2541 sua,
911 2485 1034 2546 post
1060 2491 1206 2530 cum.
1234 2473 1374 2527 Deus
1406 2488 1536 2526 vero
1567 2474 1755 2526 volens
1786 2472 1998 2540 eripere
2031 2480 2339 2526 creaturam

755 2582 910 2621 suam
961 2568 1026 2620 de
1075 2580 1242 2618 manu
1300 2563 1529 2627 diaboli,
1582 2562 1784 2617 direxit
1817 2561 1931 2618 Noe
1983 2565 2048 2616 ad
2082 2564 2340 2633 populum

755 2674 920 2714 suum
959 2667 1018 2711 ιιι
1051 2657 1379 2727 ρωιιίιετειιι
1412 2658 1798 2711 etrecederent
1823 2658 1890 2708 ah
1912 2671 2077 2725 opere
2100 2655 2338 2722 diaboli;

755 2765 998 2818 eumque
1032 2749 1272 2804 venisset
1327 2749 1392 2802 ad
1433 2763 1551 2814 eos,
1587 2757 2058 2818 contempserunt,
2091 2757 2146 2804 et
2195 2763 2345 2804 men-

759 2845 949 2897 dacem
982 2857 1107 2896 eum
1139 2849 1553 2911 reputaverunt.
1583 2840 1844 2911 Praecepit
1873 2843 2039 2912 igitur
2068 2842 2212 2899 Deus
2232 2840 2344 2899 Noe

759 2945 819 2989 ιιι
853 2939 1059 2990 faceret.
1093 2950 1298 2997 aream,
1330 2945 1384 2989 et
1413 2935 1652 2989 mitteret
1679 2935 1735 2988 in
1787 2950 1849 2990 ea
1883 2934 1949 2989 de
1996 2936 2147 2990 omni
2191 2950 2344 2991 crea-

760 3037 902 3092 tura,
935 3037 986 3080 et
1011 3026 1240 3080 immisit
1278 3028 1421 3081 Deus
1453 3025 1741 3081 diluvium.
1777 3027 1966 3096 Aperti
2000 3036 2130 3083 sunt
2161 3026 2344 3083 fontes

760 3117 943 3187 abyssi
975 3124 1028 3168 et
1069 3123 1359 3170 cataracta:
1387 3117 1537 3181 curii,
1579 3124 1634 3171 et
1683 3116 1868 3172 ellusa:
1920 3127 2051 3173 sunt
2111 3132 2263 3187 aquae
2292 3125 2346 3171 et

761 3207 1070 3277 eon~unipti
1105 3218 1233 3262 sunt
1277 3208 1590 3264 habitantes
1620 3217 1846 3271 terram,
1882 3218 1936 3263 et
1983 3226 2147 3264 omne
2197 3210 2340 3281 quod

764 3312 1017 3356 tnovelttr
1047 3316 1212 3370 super
1246 3315 1390 3365 eam,
1423 3312 1650 3370 excepto
1689 3299 1802 3356 Noe
1850 3302 1942 3371 qui
1976 3302 2075 3356 fuit
2111 3302 2162 3355 in
2194 3317 2341 3365 arca,

761 3400 815 3443 et
838 3406 1008 3445 uxore
1038 3388 1176 3456 ejus,
1217 3399 1272 3443 et
1297 3391 1473 3445 tribus
1505 3390 1635 3444 filiis
1668 3392 1787 3460 ejus
1812 3401 1867 3445 et
1912 3394 2176 3446 uxoribus
2209 3391 2348 3445 lilio-

766 3497 885 3535 rum
929 3482 1068 3550 ejus.
1124 3480 1257 3536 Post
1285 3481 1421 3548 hare,
1473 3476 1750 3536 misertus
1772 3483 1913 3538 Deus
1944 3500 2107 3552 super
2141 3499 2202 3538 ca
2229 3499 2349 3554 quae

767 3576 990 3639 fecerat,
1053 3574 1309 3644 praecepit
1367 3574 1525 3643 aquis
1597 3581 1656 3627 ut
1734 3583 2144 3629 reverterentur
2216 3591 2227 3626 :
2295 3581 2350 3630 et

763 3665 972 3732 egressi
1009 3671 1135 3716 sunt
1178 3663 1244 3716 de
1277 3677 1426 3726 arca,
1463 3662 1713 3717 homines
1760 3670 1814 3717 et
1848 3664 2095 3732 jttmenta
2139 3679 2151 3715 :
2182 3662 2348 3716 bene-

763 3756 1009 3825 dixitque
1041 3755 1149 3809 illis
1191 3753 1356 3816 Deus,
1394 3763 1449 3808 et
1483 3754 1620 3808 dixit
1659 3771 1674 3808 :
1711 3753 1962 3821 Crescite,
1993 3766 2041 3809 et
2086 3756 2348 3825 multipli-

765 3847 980 3909 camini,
1001 3856 1050 3900 et
1082 3846 1271 3914 replete
1295 3855 1512 3900 terram.
1542 3845 1757 3910 Postea,
1799 3849 2045 3902 homines
2068 3864 2095 3902 a
2135 3850 2351 3905 diabolo

765 3934 980 3997 tentati,
1033 3934 1279 3988 fecerunt
1335 3935 1623 4005 sculptiles
1680 3936 1833 4002 deos,
1867 3938 2164 3993 adorantes
2231 3955 2347 4005 eos,

767 4031 908 4078 sicut
939 4025 1104 4079 Deum
1138 4027 1228 4093 qui
1264 4040 1358 4080 eos
1390 4025 1616 4080 fecerat.
1643 4025 1707 4080 Et
1737 4027 1926 4082 volens
1961 4028 2104 4083 Deus
2136 4031 2351 4100 eripere

769 4117 892 4170 illos
933 4116 998 4169 de
1057 4132 1219 4168 inann
1274 4115 1476 4168 diaboli
1534 4119 1626 4185 qui
1686 4132 1780 4172 eos
1819 4127 2180 4189 perverterat,
2224 4135 2348 4173 mox

769 4207 1057 4264 descendit
1085 4209 1138 4261 in
1172 4208 1412 4276 potentia
1439 4222 1602 4276 super
1634 4218 1873 4263 montem
1897 4208 2079 4275 Sinai;
2113 4220 2167 4264 et
2197 4209 2350 4263 locu-

770 4310 857 4355 tus
911 4314 1072 4354 servo
1110 4314 1210 4352 suo
1242 4297 1437 4368 Moysi,
1468 4298 1616 4354 dedit
1665 4300 1713 4352 ei
1742 4300 1934 4368 legem,
1977 4301 2187 4371 eligens
2212 4301 2351 4356 ﬁlios

775 4391 940 4444 Israel
972 4390 1040 4443 de
1068 4389 1215 4442 omni
1244 4389 1416 4456 plebe.
1451 4385 1606 4441 Tunc
1639 4389 1730 4442 lilii
1760 4387 1930 4444 Israel
1960 4389 2352 4457 derelinquen—

770 4488 852 4532 tes
879 4493 1000 4546 qua:
1029 4475 1258 4529 dederat
1286 4476 1429 4530 Deus
1456 4476 1646 4546 Moysi,
1678 4475 1924 4530 fecerunt
1953 4478 2057 4531 sibi
2078 4478 2350 4548 sculptile,

2365 1890 2412 1948 B

2441 639 2562 701 Dei,
2591 641 2862 695 inducens
2889 655 3108 695 carnem
3152 640 3219 694 de
3248 640 3434 704 Maria,
3481 655 3604 695 cum
3639 643 3816 696 anima
3843 653 3896 697 et
3925 645 4015 698 in-

2434 731 2673 786 tellectu.
2735 732 3016 787 llahitavit
3076 731 3311 787 Verbum
3361 734 3555 803 ipsius,
3604 734 3748 804 quod
3801 745 3920 789 erat
3949 752 4014 790 ex

2436 821 2564 885 Deo,
2603 822 2658 875 in
2717 823 2834 892 ipso
2858 837 3113 892 corpore,
3168 823 3286 876 sine
3317 825 3670 892 si-paratione
3694 824 3762 878 ab
3801 826 3922 894 ipso
3959 828 4015 878 in

2435 921 2776 985 perpetuum.
2812 913 2868 968 Si
2895 929 3000 968 non
3025 923 3170 970 esset
3205 915 3380 985 ipsum
3411 928 3616 985 corpus
3647 917 3792 986 quod
3820 917 4014 971 indue-

2439 1018 2544 1072 rat,
2607 1021 2767 1062 nemo
2817 1017 3006 1076 posset
3068 1009 3256 1063 videre
3294 1007 3530 1063 Verbum
3565 1006 3697 1062 Dei:
3741 1011 3883 1064 sicut
3918 1023 4016 1063 nec

2437 1099 2650 1169 Moyses
2699 1097 2941 1152 Verbum
2981 1097 3073 1152 Dei
3130 1099 3319 1155 videre
3373 1099 3567 1169 potuit.
3624 1099 3728 1154 Sed
3787 1101 4021 1156 veniens

2438 1191 2677 1248 Verbum
2705 1191 2819 1257 Dei,
2856 1191 3032 1246 induit
3061 1207 3272 1259 corpus.
3292 1192 3360 1246 de
3391 1192 3581 1256 Maria,
3618 1201 3671 1247 et
3705 1193 3906 1262 eripuit
3932 1211 4024 1263 po-

2436 1284 2626 1351 pulnm
2683 1297 2844 1336 suum
2874 1280 2940 1335 de
2981 1289 3252 1351 potestate
3274 1281 3477 1336 diaboli
3512 1299 3526 1335 :
3559 1283 3794 1337 Verbum
3829 1283 4022 1352 utique

2439 1373 2574 1426 illud
2636 1373 2782 1444 quod
2818 1372 2985 1425 Maria
3027 1380 3368 1442 susceperat.
3423 1373 3545 1442 Ipse
3577 1381 3661 1427 est
3703 1373 3863 1442 cujus
3922 1389 4023 1426 no-

2440 1480 2561 1517 men
2594 1475 2678 1518 est
2712 1464 2940 1520 Messias
2961 1471 3014 1518 et
3045 1463 3210 1530 Deus,
3248 1463 3392 1533 quod
3424 1471 3564 1530 erat,
3597 1472 3886 1534 antequam
3918 1479 4024 1518 an-

2438 1555 2721 1608 nuntiatio
2758 1557 2962 1611 veniret
3023 1557 3090 1610 ad
3126 1555 3375 1620 Mariam,
3440 1563 3495 1608 et
3523 1569 3727 1624 corpus
3780 1566 4026 1610 sumeret

2439 1646 2508 1699 de
2562 1645 2730 1699 Maria
2764 1663 2777 1699 :
2815 1655 2868 1700 et
2920 1647 3035 1716 ipse
3067 1655 3150 1702 est
3189 1647 3350 1711 Deus,
3401 1654 3456 1702 et
3499 1648 3613 1701 haec
3643 1657 3726 1702 est
3754 1648 3933 1718 caligo
3969 1648 4024 1701 in

2440 1737 2596 1792 vobis
2626 1746 2685 1791 ut
2717 1754 2824 1792 non
2858 1738 3198 1807 intelligatis.

2511 1828 2712 1883 lterum
2740 1829 2872 1884 mihi
2904 1829 3179 1899 scripsisti
3206 1829 3434 1884 dicens:
3466 1829 3602 1896 Quia
3630 1829 3830 1886 dixerit
3865 1828 4024 1898 ,Mls-

2441 1935 2536 1976 sus
2567 1936 2688 1975 sum
2747 1922 2814 1975 ad
2844 1937 2964 1986 vos,
3022 1928 3077 1977 et
3105 1919 3428 1984 comederit,
3471 1927 3526 1975 et
3556 1919 3777 1984 biberit,
3811 1929 3868 1974 et
3896 1924 4028 1974 dor-

2441 2014 2646 2069 mierit.
2705 2013 2811 2067 Sed
2875 2029 3024 2069 nunc
3080 2013 3176 2068 tibi
3206 2011 3494 2069 ostendam
3544 2011 3689 2082 quod
3722 2013 3775 2065 iu
3800 2012 4028 2067 Christo

2443 2102 2649 2159 fuerint
2678 2105 2799 2160 dua:
2832 2105 3203 2175 operationes,
3250 2112 3305 2160 et
3350 2103 3471 2159 dua:
3503 2104 3810 2158 locutiones
3844 2122 3855 2156 :
3893 2120 4028 2169 una,

2442 2195 2632 2262 Verbi,
2682 2207 2736 2252 et
2761 2197 2886 2262 alia,
2919 2198 3166 2267 corporis
3199 2196 3344 2264 quod
3380 2206 3699 2266 susceperat
3736 2195 3802 2251 de
3829 2196 4025 2251 Maria.

2442 2289 2558 2346 Hoc
2591 2300 2678 2347 est
2713 2307 2916 2362 corpus
2949 2292 3274 2363 perfectum,
3301 2291 3540 2344 animam
3577 2290 3788 2344 habens
3833 2298 3888 2344 et
3940 2289 4028 2342 in-

2445 2384 2747 2442 tellectum.
2800 2383 3061 2455 Operatio
3099 2382 3262 2438 Verbi
3318 2391 3402 2439 est
3433 2381 3656 2454 quando
3696 2397 3820 2437 cum
3866 2381 4031 2434 l‘atre

2444 2486 2639 2533 cuncta
2679 2479 2886 2534 creavit
2934 2496 2948 2532 :
2992 2486 3046 2532 et
3105 2492 3332 2535 manens
3399 2480 3454 2532 in
3513 2488 3764 2546 corpore,
3801 2483 4030 2544 peccata

2445 2573 2780 2640 dimittebat,
2808 2581 2862 2629 et
2916 2580 3168 2629 mortuos
3213 2572 3538 2640 suscitabat,
3569 2581 3623 2628 et
3655 2579 3852 2626 caetera
3897 2570 4030 2622 talia

2449 2663 2708 2719 faciebat.
2751 2662 2859 2721 Vos
2887 2673 3088 2728 autem,
3113 2663 3488 2735 relinquentes
3512 2679 3676 2733 opera
3709 2660 3898 2724 Verbi,
3943 2675 4034 2714 se-

2445 2755 2681 2825 quimini
2735 2771 2900 2826 opera
2948 2756 3134 2810 carnis
3188 2770 3352 2826 quam
3400 2754 3696 2823 assumpsit
3726 2753 3792 2808 de
3833 2751 4031 2815 Maria,

2448 2863 2567 2916 qua:
2604 2848 2706 2900 fuit
2733 2849 2797 2901 de
2827 2846 3000 2900 Adam
3038 2864 3055 2901 :
3084 2855 3138 2902 et
3168 2848 3291 2902 ideo
3336 2847 3519 2902 dicitis
3545 2844 3691 2916 quod
3721 2843 3922 2900 similis
3961 2845 4036 2898 sit

2449 2932 2705 2987 Christus
2769 2932 2921 2999 Adae,
2957 2932 3105 3002 quod
3150 2931 3470 2988 comedebat
3503 2941 3557 2986 et
3585 2931 3890 2986 dormiebat
3930 2947 3946 2983 :
3979 2939 4038 2984 et

2449 3027 2552 3080 iste
2576 3035 2660 3080 est
2687 3039 2867 3078 sermo
2891 3040 3081 3080 eorum
3107 3026 3203 3095 qui
3225 3041 3330 3079 non
3363 3022 3673 3095 intelligunt
3702 3023 3768 3077 de
3786 3023 4032 3082 Christo.

2451 3131 2630 3186 neque
2655 3124 3078 3185 perscrutantur
3109 3116 3281 3186 legem
3317 3114 3434 3170 Dei.
3489 3117 3556 3170 Et
3590 3115 3890 3170 secundum
3942 3131 4039 3170 vc-

2451 3219 2624 3261 strum
2648 3222 2896 3270 sensum,
2936 3206 3109 3262 Judaei
3145 3208 3510 3279 iutelligentes
3545 3209 3608 3264 de
3632 3208 3872 3272 Christo,
3912 3223 4037 3278 per—

2451 3305 2750 3367 sequentes
2784 3304 2839 3350 ct
2873 3297 3424 3367 comprehendentes,
3459 3313 3582 3353 eum
3613 3295 4036 3361 crucifixerunt,

2450 3390 2701 3444 dicentes
2733 3390 3085 3458 blasphemia:
3114 3389 3278 3444 verba
3298 3390 3362 3444 ad
3393 3388 3616 3443 Mariam
3636 3389 3863 3445 Matrem
3887 3390 4033 3459 ejus,

2451 3481 2539 3532 cui
2606 3481 2783 3551 pudor
2834 3479 3108 3534 castitatis
3155 3479 3353 3532 inerat.
3407 3478 3606 3533 Iterum
3670 3479 3826 3545 dicis,
3860 3494 4038 3549 quare

2459 3569 2758 3625 adoremus
2804 3570 3089 3624 Christum
3150 3567 3389 3622 Verbum
3434 3569 3551 3623 Dei.
3612 3567 3888 3638 Numquid
3925 3587 4034 3623 non

2451 3663 2728 3718 invenitur
2762 3663 2818 3716 in
2854 3662 2975 3732 lege
3003 3662 3094 3716 Dei
3126 3662 3271 3732 quod
3303 3661 3396 3716 lilii
3435 3661 3598 3716 Israel
3663 3662 4039 3716 adoraverunt

2452 3771 2636 3810 arcam
2691 3771 2854 3825 quam
2893 3762 3228 3825 praeceperat
3261 3754 3402 3810 Deus
3427 3753 3598 3824 Moysi
3625 3754 3826 3818 facere,
3868 3764 3925 3807 et
3953 3765 4038 3806 ta-

2458 3865 2578 3904 men
2607 3865 2716 3903 non
2745 3849 3052 3902 adorabant
3093 3861 3194 3900 nec
3220 3845 3535 3902 serviebant
3554 3861 3693 3900 arca:
3721 3861 3822 3900 nec
3849 3846 4036 3916 ligno:

2455 3939 2548 3994 sed
2578 3939 2884 3994 adorabant
2917 3949 2971 3992 et
2989 3936 3307 3992 serviebant
3354 3935 3457 4007 legi
3489 3945 3542 3990 et
3570 3937 3735 3990 verbo
3761 3935 3849 3990 Dei
3888 3937 4038 4005 quod

2457 4037 2573 4082 erat
2609 4028 2662 4081 in
2693 4042 2844 4091 arca,
2866 4037 2916 4082 et
2943 4037 3123 4081 tamen
3155 4042 3262 4080 non
3285 4025 3353 4080 ob
3369 4025 3473 4080 hoc
3495 4034 3651 4080 erant
3673 4026 3832 4080 alicui
3857 4041 3886 4078 a
3907 4027 4039 4092 Deo,

2455 4133 2556 4173 nec
2592 4119 2804 4171 duobus
2826 4118 2933 4173 diis
2965 4117 3204 4173 servisse
3233 4116 3618 4187 jndicabantur
3640 4119 3663 4170 ?
3682 4116 3926 4171 Rursum
3953 4119 4040 4171 di-

2456 4214 2537 4269 cis
2566 4214 2712 4282 quod
2763 4215 2818 4266 in
2883 4212 2998 4281 lege
3069 4221 3250 4266 vestra
3339 4211 3670 4274 inveniatur,
3724 4211 3868 4281 quod
3898 4210 4044 4266 Dens

2455 4308 2712 4380 praecepit
2744 4306 2951 4378 angelis
2970 4305 3086 4360 suis
3114 4305 3345 4360 adorare
3370 4304 3566 4359 Adam.
3591 4304 3746 4370 Quod
3775 4304 3821 4359 si
3856 4305 3933 4357 ita
3957 4313 4045 4358 est

2455 4397 2820 4460 credendum,
2851 4394 2982 4467 quid
3011 4395 3293 4450 existimas
3330 4394 3397 4450 de
3429 4391 3634 4457 Verbo,
3668 4395 3812 4463 quod
3853 4396 4044 4448 nomio

2459 4499 2652 4546 natum
2712 4496 2797 4544 est
2832 4488 3108 4544 Messias?
3145 4487 3399 4557 Nunquid
3425 4499 3503 4542 ρει
3537 4487 3732 4541 melius
3755 4502 3875 4540 eum
3907 4490 4046 4540 ado-

770 4570 1070 4624 adorantes
1105 4568 1234 4621 illml
1268 4568 1427 4637 quasi
1461 4568 1834 4623 Deumvivum
1875 4587 1887 4622 :
1924 4581 1976 4624 et
2030 4571 2214 4624 statim
2249 4571 2351 4624 im-
2379 4588 2424 4643 ο
2456 4594 2604 4643 rare,
2651 4593 2815 4647 quam
2869 4586 3080 4647 petram
3137 4575 3359 4630 surdam
3400 4592 3563 4644 quam
3625 4576 3888 4640 adoratis,
3949 4579 4042 4631 ubi

774 4662 922 4715 misit
955 4661 1036 4715 eis
1068 4669 1376 4729 serpentes,
1412 4667 1467 4713 et
1483 4661 1826 4731 consumpsit
1854 4671 2062 4730 partem
2094 4678 2158 4716 ex
2191 4663 2272 4717 eis
2296 4671 2352 4716 et

775 4755 1032 4807 misertus
1093 4764 1174 4806 est
1211 4753 1313 4806 eis.
1355 4751 1486 4806 Item
1520 4745 1747 4806 tentatio
1805 4767 1833 4805 a
1865 4753 2083 4806 diabolo
2129 4754 2356 4808 immisit

773 4844 975 4914 ignem,
1006 4852 1058 4898 et
1082 4845 1427 4913 consumpsit
1474 4860 1538 4899 ex
1571 4845 1654 4900 eis
1687 4844 2116 4907 multitudinem,
2149 4853 2204 4899 et
2255 4847 2356 4899 mi-

785 4945 988 5002 sertus,
1053 4936 1190 4990 iram
1248 4939 1316 4991 ab
1373 4938 1454 4992 eis
1481 4939 1733 4992 removit.
1781 4934 1913 4992 Item
1963 4935 2210 4991 fecerunt
2252 4938 2353 4992 sibi

778 5028 943 5093 idola,
1007 5027 1300 5084 adorantes
1360 5030 1448 5083 illa
1498 5039 1555 5084 ut
1607 5030 1798 5091 Deum,
1840 5029 2182 5086 immolantes
2217 5030 2357 5086 filios

773 5137 904 5176 suos
926 5130 978 5174 et
997 5119 1136 5175 filias
1160 5137 1289 5175 suas
1311 5123 1611 5177 dmmoniis.
1637 5122 1935 5176 Suscitavit
1958 5121 2100 5178 Deus
2123 5125 2357 5193 prophe-

777 5222 860 5267 tas
914 5222 1290 5268 contestantes
1336 5230 1429 5269 eos
1455 5225 1513 5270 ut
1554 5217 1898 5286 pmnitcrcnl,
1929 5225 1984 5272 et
2019 5229 2357 5274 reverteren-

777 5317 864 5360 tur
891 5306 957 5358 ad
993 5305 1188 5373 Deum,
1227 5317 1280 5362 et
1314 5308 1630 5363 recederent
1656 5326 1685 5362 a
1718 5309 1940 5363 diabolo
1971 5327 1984 5363 :
2019 5320 2358 5380 negaverunt

774 5406 829 5451 et
854 5397 1149 5452 mendaces
1181 5412 1276 5452 eos
1293 5397 1571 5463 dixerunt,
1605 5409 1659 5454 et
1692 5400 1962 5470 quosdam
1995 5416 2061 5455 ex
2097 5403 2232 5472 ipsis
2264 5417 2358 5458 oc-

775 5491 1047 5547 ciderunt.
1102 5490 1348 5561 Cumque
1395 5492 1625 5548 vidisset
1659 5491 1802 5547 Deus
1831 5493 1977 5562 quod
2035 5495 2357 5562 praevaluis-

781 5592 863 5637 set
894 5583 1143 5638 diabolus
1168 5583 1220 5636 in
1250 5584 1352 5646 eis.
1384 5601 1449 5639 ex
1473 5599 1581 5654 quo
1603 5584 1781 5639 factus
1814 5595 1900 5640 est
1939 5584 2109 5640 Adam
2152 5594 2206 5641 et
2249 5587 2360 5654 eje-

781 5685 906 5729 etns
929 5688 1008 5732 est
1034 5691 1065 5730 a
1096 5677 1374 5745 paradiso,
1408 5687 1462 5732 et
1487 5679 1634 5747 quod
1659 5678 1956 5748 prophetas
1980 5680 2074 5749 qui
2098 5689 2360 5736 venerant

783 5765 850 5818 ad
898 5779 1016 5830 eos,
1051 5767 1391 5832 occiderant,
1425 5769 1616 5825 volens
1644 5784 1740 5826 eos
1765 5771 1982 5840 eripere
2023 5785 2054 5824 a
2091 5781 2360 5840 potestate

782 5855 994 5928 antiqui
1052 5854 1248 5921 hostis,
1308 5858 1461 5915 misit
1520 5856 1756 5915 Verbum
1811 5875 1971 5914 suum
2022 5861 2088 5918 ad
2125 5863 2356 5920 Mariam

2470 4669 2687 4726 scinms
2723 4666 2928 4736 aliquid
2960 4667 3294 4722 remansisse
3323 4667 3391 4721 de
3426 4666 3730 4720 idololatria
3790 4668 3877 4719 illa
3932 4683 4042 4736 qua

2461 4757 2767 4812 adorabant
2795 4754 2951 4821 laoh,
2979 4754 3136 4820 Jaoc,
3171 4754 3400 4820 Nazara,
3434 4766 3484 4810 et
3507 4756 3655 4809 Allac
3715 4763 3769 4808 et
3802 4757 4042 4826 Allogei,

2455 4861 2510 4906 et
2545 4850 2742 4905 Mena?
2780 4849 3011 4915 Quidam
3068 4863 3133 4902 ex
3165 4849 3244 4902 eis
3291 4857 3448 4902 erant
3483 4849 3556 4902 dii
3583 4849 3636 4901 in
3679 4850 4045 4903 similitudine.

2457 4947 2732 5004 virorum,
2759 4941 3006 5011 quadam
3055 4939 3108 4993 in
3137 4939 3494 4993 similitudine
3527 4939 3892 4994 feminarum!
3932 4943 4046 4995 Ma-

2455 5035 2608 5105 jores
2639 5035 2835 5089 horum
2862 5033 3200 5098 dicebantur
3235 5033 3494 5098 Aleubre,
3528 5017 3530 5020 ’
3559 5036 3702 5088 unde
3751 5042 3806 5087 et
3855 5050 4045 5088 sermo

2463 5129 2568 5182 iste
2594 5127 2898 5188 derivatur,
2945 5126 3257 5189 Alacuiber,
3295 5127 3436 5182 inter
3463 5141 3561 5181 vos
3590 5127 3938 5180 immolantes
3963 5130 4044 5180 eis

2459 5236 2655 5290 pecora
2686 5229 2741 5276 et
2772 5220 3012 5275 camelos
3039 5219 3092 5273 in
3121 5236 3232 5275 uno
3248 5220 3472 5290 die,pro
3493 5236 3826 5291 unoquoque
3854 5237 4041 5275 anno:

2465 5323 2520 5368 et
2553 5313 2729 5368 secuti
2765 5313 2898 5366 esus
2925 5313 3375 5368 consuetudinem
3399 5328 3733 5384 paganorqu
3762 5330 3934 5385 super
3967 5317 4044 5367 la-

2465 5405 2749 5482 pideillo,
2786 5404 2840 5458 in
2875 5403 3087 5470 Mecha,
3126 5405 3179 5458 in
3211 5407 3412 5474 angulo
3441 5405 3834 5475 domusipsius
3871 5408 4047 5461 idolo-

2471 5494 2668 5559 latrize,
2695 5493 2784 5546 cui
2819 5491 3096 5549 serviebat
3126 5495 3428 5564 antiquitas
3460 5511 3818 5565 paganorum,
3851 5509 3906 5550 et.
3944 5499 4046 5550 im-

2471 5587 2730 5642 molahat.
2787 5584 2990 5641 lterum
3039 5587 3202 5665 dicis,
3266 5588 3411 5657 quod
3471 5587 3633 5642 simul
3688 5597 3816 5643 ante
3872 5589 4046 5642 Deum

2470 5679 2730 5733 Christus
2768 5679 2842 5734 sit
2871 5686 2926 5733 et
2958 5679 3127 5733 Adam
3161 5696 3174 5732 :
3203 5690 3258 5734 et
3287 5681 3491 5751 ponitis
3521 5681 3788 5734 facturam
3816 5681 3884 5736 de
3908 5682 4048 5744 luto,

2467 5787 2589 5842 qua:
2645 5769 2984 5825 contradixit
3031 5770 3141 5826 Deo
3187 5787 3309 5836 suo,
3355 5782 3544 5828 etnon
3579 5773 3876 5828 custodivit
3914 5790 4050 5844 pra--

2473 5874 2689 5935 ceptum
2718 5862 2866 5935 ejus.
2901 5863 3138 5919 similem
3191 5864 3368 5923 Verbo
3395 5865 3490 5922 Dei
3535 5875 3586 5922 et
3620 5866 3811 5921 lumini
3848 5867 4045 5937 ipsius.
