4188 6456
137 438 232 498 321

1346 435 1700 496 EPISTOLA
1748 434 1786 488 Δ
1799 433 1843 489 [)
1874 429 2220 488 ΟλΙΛΗυΜ.

3287 431 3394 494 322

140 549 232 615 qui
288 561 400 602 non
433 556 518 603 est
547 548 749 614 factus,
786 549 879 604 sed
911 565 1006 620 per
1053 549 1232 619 ipsum
1266 546 1410 602 facta
1441 555 1569 603 sunt
1597 560 1714 600 om-
1747 555 1790 610 Α
1821 555 2008 594 vermn
2038 541 2254 594 locutus
2283 552 2342 593 es
2369 539 2617 602 nobis,ct
2645 540 2966 596 testabinmr
2991 541 3119 609 quia
3143 539 3392 598 Chriszus

143 641 251 704 nia,
279 645 336 693 et
389 639 506 708 ipse
545 647 630 694 est
658 638 909 703 Messias,
957 640 1117 708 cujus
1157 653 1386 707 regnum
1419 635 1717 704 sempiter-

143 745 269 782 num
307 728 547 784 exsistit.
580 727 794 793 Quaeris
821 729 1096 799 quomodo
1135 728 1274 784 Deus
1305 727 1484 798 potuit
1510 722 1718 794 ingredi

140 820 192 872 in
245 828 498 874 ventrem
529 819 792 884 mulieris,
842 819 1193 874 tenebrosum
1234 827 1288 871 et
1327 825 1619 886 angustum
1667 820 1722 868 et

142 909 370 964 fetidum
402 925 415 959 :
453 909 549 964 sed
581 911 628 964 si
665 909 804 966 forte
829 909 1124 978 intelligas,
1154 909 1252 962 tibi
1307 905 1720 962 similitudinem

141 1002 358 1053 damus.
397 998 588 1055 Nonne
629 1000 778 1055 vides
804 1000 975 1056 solem
1003 999 1130 1069 quia
1161 997 1406 1069 graditur
1427 1011 1589 1066 super
1622 996 1723 1050 im-

144 1092 471 1146 munditiam
499 1100 555 1146 et
581 1101 848 1156 stercora,
884 1098 937 1146 et
958 1091 1206 1155 fetorem,
1236 1098 1292 1143 et
1327 1099 1508 1144 tamen
1570 1088 1722 1143 nullo

145 1184 307 1237 modo
349 1183 691 1252 inquinatur,
732 1183 823 1238 sed
857 1183 1086 1237 mundat
1112 1181 1320 1247 omnia,
1371 1191 1575 1250 quanto
1607 1193 1723 1232 ma-

147 1277 227 1345 gis
256 1275 406 1330 Deus
433 1276 527 1344 qui
554 1275 680 1330 fecit
707 1277 874 1330 solem
898 1291 1004 1328 non
1036 1273 1354 1343 inquinetur
1374 1289 1405 1327 a
1439 1273 1724 1327 creatura?

146 1360 246 1416 Sed
310 1360 426 1414 noli
495 1375 616 1417 esse
682 1361 998 1417 incredulus
1051 1368 1108 1413 ut
1173 1375 1281 1416 non
1350 1361 1726 1432 ingrederetur

148 1450 287 1504 Deus
342 1451 397 1505 in
461 1460 677 1507 uterum
745 1453 1005 1522 Virginis,
1057 1453 1151 1520 qui
1200 1453 1484 1524 ingressus
1546 1452 1722 1506 estin

148 1543 283 1596 rubo
310 1543 548 1613 quierat
586 1547 639 1598 in
671 1552 854 1600 monte
883 1543 1060 1609 Sinai,
1091 1555 1146 1600 et
1182 1546 1403 1600 loeutus
1440 1552 1526 1600 est
1567 1559 1725 1599 servo

150 1648 247 1686 suo
289 1634 484 1704 Moysi,
548 1647 603 1690 et
636 1637 805 1704 legem
837 1636 888 1690 ei
941 1637 1110 1692 dedit.
1141 1636 1334 1692 Nonne
1385 1638 1580 1692 melius
1608 1646 1726 1691 erat

150 1740 347 1795 corpus
379 1725 620 1796 Virginis
658 1742 821 1796 quam
853 1728 942 1782 illa
967 1730 1123 1799 spina
1145 1730 1266 1785 rubi
1306 1729 1509 1795 ?Quod
1542 1738 1723 1783 autem

149 1818 311 1880 dicis,
356 1819 526 1886 legem
587 1817 756 1888 Moysi
813 1835 934 1874 esse
997 1833 1318 1884 crematam,
1347 1830 1400 1875 ct
1427 1820 1570 1891 quod
1605 1835 1724 1874 eam

150 1907 354 1960 Esdras
419 1912 736 1964 memoriter
795 1921 849 1965 et
914 1913 1252 1967 mendaciter
1306 1911 1648 1973 memoravit,
1673 1921 1727 1964 et

150 2013 254 2050 non
286 1997 392 2052 fuit
446 1999 498 2052 in
533 2014 598 2052 ea
635 2010 964 2056 memoratus
1019 2000 1088 2055 de
1152 2002 1577 2064 resurrectione,
1635 2008 1728 2053 aut

149 2091 251 2142 vita
314 2101 540 2155 azterna,
579 2103 671 2143 ant
739 2090 1014 2159 paradiso,
1049 2107 1196 2146 nunc
1237 2093 1354 2155 tibi,
1383 2094 1426 2147 si
1467 2093 1576 2149 Deo
1610 2093 1727 2162 pla-

150 2189 287 2243 ceat,
315 2180 633 2232 ostendam.
668 2179 996 2235 Benedictus
1029 2179 1292 2237 Dominus
1337 2183 1725 2237 revelationem

150 2273 200 2324 in
233 2273 535 2341 prophetas
575 2286 708 2326 suos
733 2273 902 2336 misit,
936 2282 989 2328 et
1015 2273 1195 2328 omnis
1225 2275 1489 2343 propheta
1515 2275 1730 2327 locutus

149 2372 228 2416 est
270 2378 370 2431 per
405 2362 793 2417 revelationetn
853 2363 947 2418 Dei
982 2372 1078 2419 :et
1111 2364 1257 2420 dedit
1306 2365 1477 2434 Moysi
1533 2365 1727 2433 legem,

151 2454 201 2506 in
229 2469 336 2522 qua
376 2454 580 2521 scripta
609 2463 738 2508 sunt
772 2465 1040 2525 praecepta
1070 2455 1302 2510 ﬁliorum
1335 2453 1520 2519 Israel,
1550 2453 1730 2508 exitus

149 2559 336 2598 eorum
370 2545 439 2599 de
471 2543 731 2615 Egypto.
816 2545 1209 2607 dinumeratio,
1261 2554 1314 2598 et
1344 2545 1726 2609 contradictio,

149 2649 199 2691 et
250 2637 558 2707 indignatio
617 2636 712 2690 Dei
764 2652 931 2706 super
981 2652 1096 2700 eos,
1156 2644 1209 2690 et
1242 2637 1520 2705 quomodo
1548 2636 1726 2691 omnia

149 2730 355 2784 ereavit
398 2747 411 2782 :
470 2729 856 2783 rememoratio
902 2744 1116 2799 regum,
1175 2737 1227 2783 et
1265 2729 1539 2798 quomodo
1580 2729 1731 2782 exal-

149 2822 282 2874 tavit
346 2828 402 2876 et
463 2821 781 2875 humiliavit
821 2836 937 2886 eos,
975 2829 1030 2875 et
1064 2820 1324 2875 revelavit
1364 2821 1530 2874 David
1571 2835 1730 2876 servo

151 2925 249 2966 suo
292 2911 686 2981 psalmodiam,
729 2913 1121 2985 et‘Salomoni
1148 2913 1497 2983 sapientiam,
1529 2919 1584 2966 et
1627 2909 1731 2966 Job

151 3017 250 3057 suo
282 3001 485 3056 dilecto
531 3012 585 3056 et
629 3001 836 3058 Danieli
896 3003 1241 3073 prudentiam
1274 3019 1290 3058 :
1320 3013 1373 3056 et
1421 3019 1522 3058 nos
1554 3003 1732 3057 credi-

151 3109 270 3146 mus
315 3094 810 3155 resurrectionem,
865 3102 919 3147 et
951 3092 1288 3162 paradisum,
1325 3102 1379 3146 et
1429 3090 1728 3155 infernum,

1831 631 1974 684 Deus
2004 646 2063 682 es
2093 649 2105 682 :
2139 629 2315 698 dirige
2346 643 2545 682 manna
2582 630 2650 684 de
2678 634 2841 694 cmlo,
2879 640 2937 685 ut
2987 632 3060 685 sit
3103 633 3262 686 nobis
3313 633 3388 687 fc-

1824 732 1969 777 stum
2003 723 2268 784 solemne,
2331 728 2385 774 et
2440 719 2679 789 posteris
2709 722 2911 777 nostris
2962 721 3180 792 signum
3203 738 3266 778 ex
3304 733 3395 778 te:

1824 813 1936 868 haec
1996 813 2156 867 nobis
2217 811 2418 876 tribue,
2448 810 2575 880 quia
2612 820 2668 864 ιιι
2715 825 2776 864 es
2805 810 2963 864 dator
3006 812 3298 867 donorum.
3337 812 3398 865 lit

1826 903 1970 960 Deus
2002 904 2159 968 dixit,
2206 903 2447 972 Dirigam
2491 903 2622 957 illud
2664 903 2856 968 vobis;
2917 904 3063 973 quod
3113 915 3396 976 postquam

1826 998 2063 1066 negavit,
2095 993 2481 1048 cruciaverunt
2514 1009 2638 1046 eum
2682 994 3026 1049 crueiatione
3091 1011 3198 1063 qua
3239 1008 3398 1052 nemo

1825 1089 2105 1143 cruciatus
2155 1085 2278 1139 fuit.
2311 1085 2376 1138 Et
2404 1091 2587 1138 tamen
2613 1084 2666 1138 hi
2704 1100 2988 1142 sermones
3018 1085 3240 1142 fuerunt
3291 1083 3395 1144 Neo

1827 1179 2054 1234 storiani
2107 1177 2391 1246 cujusdam
2435 1174 2696 1240 haeretici,
2759 1191 2868 1230 non
2903 1193 3034 1234 sane
3067 1178 3134 1234 dc
3174 1178 3399 1235 Christo

1828 1272 2158 1328 sentientis:
2195 1269 2289 1340 qui
2333 1284 2430 1324 vos
2460 1270 2766 1324 introduxit
2803 1271 2957 1339 quasi
3003 1281 3057 1325 ut
3099 1273 3304 1342 aliquid
3335 1274 3402 1327 de

1830 1361 1935 1415 ﬁde
1959 1361 2164 1416 Christi
2197 1358 2599 1429 intelligeretis,
2631 1359 2726 1414 sed
2755 1367 2812 1413 ut
2851 1370 2936 1414 est
2962 1361 3102 1415 ratio
3145 1370 3198 1418 et
3253 1363 3398 1417 veri-

1828 1459 1915 1506 tas
1947 1451 2105 1505 vobis
2134 1465 2242 1505 non
2275 1451 2690 1504 demonstravit.

1897 1542 2052 1608 Quod
2083 1541 2150 1594 de
2198 1539 2420 1594 Christo
2484 1540 2552 1611 Π.
2584 1543 2650 1595 de
2679 1542 2866 1614 cruce]
2914 1559 2944 1596 a
2995 1559 3080 1599 me
3129 1546 3398 1614 quzesisti,

1828 1634 2089 1688 scientem
2122 1640 2176 1687 te
2223 1632 2390 1686 reddo
2428 1634 2630 1686 modo:
2667 1635 2792 1703 quia
2824 1636 2912 1690 die
2948 1651 3055 1704 qua
3103 1635 3402 1691 cruciﬁxus

1829 1732 1913 1780 est
1935 1724 2207 1788 Christus,
2233 1739 2356 1778 cum
2389 1739 2454 1779 eo
2484 1723 2592 1778 duo
2624 1725 2862 1780 latrones
2897 1726 3065 1795 (unus
3096 1728 3162 1780 ad
3186 1727 3399 1792 lanam,

1830 1817 1966 1870 alter
1999 1816 2065 1869 ad
2103 1814 2407 1882 dexteram)
2445 1813 2689 1877 fuerunt.
2745 1823 2798 1870 et
2837 1830 2960 1869 mox
3013 1818 3197 1872 emisit
3246 1818 3405 1888 spiri-

1761 1887 1800 1942 Β
1833 1919 1966 1961 ιιιηι.
2030 1907 2222 1960 Statim
2282 1915 2425 1959 terra
2449 1907 2800 1973 contremuit,
2854 1915 2911 1961 ct
2969 1906 3050 1962 sol
3079 1887 3404 1962 obscuratus

1827 2011 1932 2065 est,
1961 2008 2014 2054 et
2043 1999 2308 2068 quosdam
2341 1997 2617 2067 principes
2658 1997 2728 2052 de
2763 1996 2991 2063 Judaeis,
3019 2000 3114 2066 qui
3147 2000 3402 2061 aderant,

1829 2092 2040 2146 validus
2080 2093 2243 2144 timor
2272 2090 2473 2145 invasit
2497 2097 2719 2158 propter
2771 2091 2919 2160 ipsas
2960 2105 3180 2145 cruces.
3216 2089 3284 2144 Et
3345 2100 3404 2144 ut

1830 2184 2143 2238 hominibus
2167 2183 2453 2238 veritatem
2498 2183 2763 2247 celarent,
2793 2198 2888 2237 eas
2943 2182 3048 2238 sub
3104 2192 3248 2236 terra
3279 2182 3406 2236 abs-

1827 2274 2156 2337 conderunt,
2196 2275 2269 2326 ita
2311 2283 2366 2328 ut
2401 2274 2493 2328 alii
2532 2278 2809 2329 nescirent
2833 2275 2938 2330 nisi
2978 2290 3160 2338 unus;
3204 2283 3259 2328 et
3306 2290 3402 2326 ne-

1831 2364 1963 2419 mini
1989 2365 2040 2418 in
2083 2365 2192 2418 vita
2220 2380 2319 2418 sua
2346 2364 2561 2418 dicebat
2589 2381 2601 2414 :
2641 2380 2765 2418 cum
2791 2374 2970 2418 autem
3008 2380 3155 2418 mors
3176 2364 3406 2418 accede-

1833 2465 1930 2520 ret,
1966 2456 2126 2510 alicui
2159 2456 2466 2525 propinquo
2521 2455 2803 2524 aperiebat
2873 2457 3059 2510 dicens
3096 2474 3109 2510 :
3152 2455 3407 2522 Quando-

1835 2558 1940 2614 que
1973 2545 2214 2613 quaestio
2256 2545 2440 2598 crucis
2498 2545 2628 2608 erit,
2683 2543 2860 2598 locum
2931 2544 3054 2598 vide
3107 2553 3161 2599 et
3243 2543 3403 2598 scito.

1835 2633 2065 2699 Quando
2099 2645 2277 2689 tamen
2303 2633 2476 2687 voluit
2519 2633 2770 2687 Christus
2837 2634 3162 2690 hominibus
3209 2635 3406 2689 confu-

1830 2727 2042 2782 sionem
2082 2723 2392 2779 Judazorum
2439 2725 2752 2790 ostendere,
2791 2726 3158 2782 inventionem
3223 2727 3406 2781 crucis

1831 2815 2194 2870 Constantino
2238 2815 2352 2885 regi
2414 2816 2808 2879 Romanorum,
2860 2818 2952 2886 qui
2995 2817 3226 2870 necdum
3290 2829 3407 2871 erat

1830 2908 2197 2971 Christianus,
2226 2909 2459 2978 aperuit.
2483 2909 2617 2962 Cum
2646 2910 2792 2962 enim
2818 2916 3067 2979 pergeret
3095 2914 3162 2961 ad
3181 2907 3405 2968 bellum,

1831 2998 2049 3054 elevans
2099 2998 2291 3052 oculos
2351 2997 2417 3050 ad
2483 2998 2682 3052 coelum
2737 2997 2914 3053 media
2965 3007 3144 3060 nocte,
3179 2996 3314 3052 vidit
3347 2999 3399 3049 in

1832 3089 1972 3143 coelo
2003 3089 2162 3159 quasi
2212 3090 2349 3143 duas
2367 3089 2676 3153 columnas,
2729 3103 2894 3142 unam
2924 3103 3091 3157 super
3127 3088 3288 3141 aliam
3319 3088 3403 3141 in-

149 3193 202 3237 ct
233 3185 547 3239 invenimus
589 3198 652 3238 ea
687 3183 889 3254 scripta
925 3183 976 3238 in
1014 3180 1198 3238 Veteri
1236 3184 1591 3237 Testamento
1635 3197 1731 3252 per
1757 3219 1799 3275 ε
1834 3190 2038 3236 tentant
2067 3182 2120 3235 in
2154 3182 2572 3236 similitudinem
2606 3181 2805 3245 crucis,
2831 3189 2885 3238 et
2909 3181 3046 3235 inea
3070 3183 3404 3250 scripturam

151 3275 387 3333 Esdram
415 3276 502 3331 cui
531 3276 673 3332 Deus
703 3277 980 3343 revelavit,
1010 3287 1062 3333 et
1086 3277 1310 3348 scripsit
1341 3290 1404 3330 ea
1460 3276 1525 3330 ad
1561 3275 1732 3346 pleni:

153 3371 420 3422 tudinem.
452 3367 518 3420 Et
548 3369 690 3424 sicut
724 3368 866 3425 Deus
898 3370 1068 3441 Moysi
1111 3371 1391 3439 propheta:
1434 3384 1533 3424 suo
1561 3369 1729 3432 dedit,

154 3457 223 3511 ita
262 3459 468 3513 Esdras
513 3456 820 3513 declaravit
860 3468 914 3514 et
977 3459 1054 3513 nil
1089 3459 1457 3529 prmterniisit,
1510 3461 1636 3528 quia
1677 3459 1730 3511 in

154 3553 439 3621 prophetis
493 3551 587 3606 Dei
623 3566 734 3605 non
786 3559 871 3606 est
910 3550 1255 3606 mendacium
1292 3565 1470 3620 neque
1508 3551 1730 3614 oblivio,

152 3644 278 3714 quia
310 3644 458 3698 Deus
495 3645 552 3696 ﬁt
575 3643 836 3697 revelatio
866 3642 1113 3699 illorum.

218 3735 510 3804 Scripsisti
540 3735 669 3788 mihi
707 3735 774 3790 de
796 3733 1073 3790 sacriﬁcio
1117 3733 1247 3802 quid
1280 3744 1446 3798 esset,
1497 3743 1550 3788 et
1588 3735 1732 3805 quod

155 3839 262 3878 non
295 3826 574 3894 reperires
601 3840 930 3895 quemquam
976 3824 1044 3879 de
1078 3824 1444 3879 servientibus
1495 3823 1587 3878 Dei
1640 3824 1733 3894 qui

155 3915 788 3970 obtuleritsacriﬁcium.
811 3915 1090 3980 Primitus,
1123 3916 1231 3970 duo
1282 3916 1373 3968 lilii
1425 3915 1554 3969 Adae
1577 3916 1736 3970 obtu.

155 4009 357 4070 lerunt,
385 4018 440 4062 et
466 4018 748 4079 acceptum
775 4017 860 4064 est
909 4009 978 4062 ab
1002 4025 1131 4064 uno.
1199 4009 1543 4063 Sacriﬁcium
1593 4009 1736 4062 veri-

154 4103 281 4157 tatis
305 4110 392 4157 est
426 4118 593 4172 super
638 4101 909 4164 homines,
943 4109 997 4155 et
1037 4109 1320 4169 acceptum
1365 4099 1495 4166 Deo,
1526 4107 1580 4154 et
1606 4099 1738 4155 cedi-

155 4194 340 4248 ﬁeatio
380 4194 429 4248 ei
482 4194 797 4263 quicunque
827 4193 1135 4248 obtulerit:
1187 4201 1417 4262 excepto
1466 4191 1739 4246 sacriﬁcio

157 4287 299 4355 quod
336 4284 502 4339 idolis
531 4284 790 4348 oflcrtur;
822 4286 916 4354 qui
938 4287 1082 4339 enim
1118 4284 1253 4338 illud
1283 4285 1542 4347 olTerunt,
1571 4285 1734 4341 alieni

159 4386 289 4429 sunt
349 4385 408 4429 ct
443 4374 658 4444 perditi.
698 4374 954 4428 Christus
989 4388 1142 4437 vero,
1179 4383 1341 4427 nocte
1367 4373 1456 4426 illa
1486 4389 1590 4442 qua
1621 4381 1738 4428 erat

164 4467 454 4520 inchoatio
515 4467 813 4536 passionis,
871 4465 1162 4536 discipulis
1215 4467 1352 4520 dixit
1425 4467 1555 4536 quid
1580 4467 1646 4522 de
1671 4481 1738 4522 eo

1835 3274 1994 3336 igneo
2025 3273 2236 3343 fulgore
2263 3275 2607 3335 rutilantem,
2641 3282 2694 3326 et
2714 3274 2900 3328 Graece
2930 3277 3189 3346 scriptam
3220 3292 3234 3305 °
3267 3275 3407 3342 Quia

1834 3368 2010 3434 petisti
2061 3365 2234 3420 aDeo
2279 3376 2367 3419 tuo
2428 3376 2486 3420 ut
2564 3365 2857 3420 ostenderet
2935 3369 3031 3420 tibi
3105 3370 3264 3437 fidem
3321 3384 3404 3420 rc-

1836 3469 1996 3523 rtant,
2063 3460 2232 3526 facito
2295 3460 2390 3512 tibi
2451 3461 2657 3529 signant
2700 3459 2869 3527 regale
2907 3461 2958 3512 in
3003 3460 3406 3512 similitudinem

1836 3551 2008 3604 erucis
2037 3551 2218 3614 istius,
2251 3567 2368 3611 (μιαν
2392 3553 2656 3620 ριάτειιαι
2696 3563 2744 3606 te
2772 3563 2960 3606 contra
2991 3554 3231 3607 inimicos
3266 3564 3405 3617 tuos,

1835 3643 2120 3697 secundum
2177 3644 2316 3712 quod
2345 3645 2524 3698 uidisti
2570 3645 2622 3697 in
2668 3647 2818 3699 caelo.
2856 3645 2976 3710 Quo
3011 3647 3171 3709 farto,
3224 3647 3408 3701 hostes

1837 3733 2058 3795 invasit,
2089 3743 2140 3788 et
2177 3750 2272 3802 per
2324 3735 2580 3789 virtutem
2625 3745 2831 3790 sancta:
2870 3737 3052 3792 crucis
3097 3739 3220 3791 illos
3260 3737 3410 3792 devi-

1838 3830 1932 3882 cit.
1958 3826 2206 3897 Cumque
2237 3838 2630 3892 reverteretur,
2665 3839 2892 3885 matrem
2927 3846 3084 3885 suam
3141 3829 3402 3887 llelenam

1837 3933 1961 3972 cum
2005 3919 2246 3972 exercitu
2278 3935 2562 3990 usquean
2592 3919 2894 3976 Jerusalem
2922 3925 3133 3978 veniret
3183 3924 3407 3988 direxit,

1839 4021 1893 4064 ut
1927 4009 2054 4079 quid
2090 4010 2158 4063 de
2212 4025 2376 4064 cruce
2401 4010 2604 4064 Christi
2658 4012 2859 4066 factum
2901 4025 3070 4075 esset,
3112 4029 3141 4066 a
3205 4012 3410 4069 Judaeis

1839 4102 2198 4172 perquirerct.
2244 4100 2430 4155 Multis
2462 4112 2644 4155 autem
2693 4104 2977 4166 cruciatis,
3036 4104 3212 4158 virum
3257 4105 3409 4158 illum

1838 4195 1930 4263 qui
1956 4195 2023 4248 de
2057 4196 2198 4247 tribu
2231 4193 2350 4262 ejus
2380 4193 2559 4248 fuerat
2591 4195 2678 4247 cui
2741 4211 2828 4250 res
2863 4195 3098 4265 primum
3160 4197 3412 4251 uotiﬁca-

1840 4286 2015 4347 batur,
2050 4283 2252 4353 inquiri
2283 4285 2560 4353 prteeepit.
2586 4285 2744 4339 Illum
2781 4297 2985 4350 autem,
3013 4287 3090 4340 rei
3121 4289 3409 4344 veritatem

1838 4375 2052 4445 aperire
2088 4376 2386 4438 nolentem,
2407 4376 2460 4429 in
2497 4385 2661 4444 puteo
2688 4376 2806 4430 sine
2830 4386 2958 4445 pottt
2979 4385 3033 4431 et
3055 4378 3201 4432 victu
3234 4379 3414 4434 recluo

1839 4473 1931 4526 sit.
1953 4470 2200 4538 Cumque
2250 4485 2308 4524 se
2345 4470 2671 4522 moriturum
2707 4471 3080 4539 c0gnovisset,
3135 4473 3183 4526 ei
3231 4473 3411 4527 locum

156 4558 326 4612 Judaei
362 4557 559 4612 facturi
589 4567 794 4620 essent,
827 4567 880 4611 et
910 4559 1399 4623 resurrectionem,
1434 4568 1491 4612 et
1522 4557 1726 4627 fugam,
1767 4561 1810 4616 D
1839 4563 2110 4628 ostendit;
2136 4570 2189 4616 et
2220 4562 2346 4615 dum
2376 4560 2644 4626 fodercnt,
2707 4561 2891 4615 fumus
2921 4564 3127 4619 incensi
3161 4564 3229 4619 de
3259 4566 3411 4620 fovea

162 4662 212 4703 et
238 4651 610 4704 reversionem
642 4651 850 4704 adeum
874 4652 1249 4716 annuntiavit;
1281 4661 1333 4705 et
1361 4653 1613 4706 tamenin
1647 4653 1736 4706 illa

159 4755 320 4798 nocte
340 4760 467 4797 cum
503 4743 789 4812 discipulis
827 4742 1148 4807 comedens,
1194 4743 1474 4812 accipiens
1538 4759 1735 4814 panem

162 4834 514 4888 benedixitet
542 4832 708 4886 dixit:
747 4835 978 4901 Accipite
1001 4842 1049 4886 et
1081 4834 1334 4887 comeditc
1363 4852 1380 4888 :
1411 4835 1504 4887 hoc
1525 4845 1600 4889 est
1622 4852 1738 4888 cor-

160 4943 252 4992 pits
281 4942 455 4979 meum
487 4926 622 4993 quod
642 4941 738 4993 pro
762 4927 905 4978 vobis
934 4924 1194 4979 tradetur.
1229 4925 1428 4980 lterum
1464 4928 1740 4997 accipiens

161 5017 417 5079 calicem,
454 5015 594 5068 dixit
629 5033 642 5068 :
675 5013 845 5069 Bibite
873 5030 937 5068 ex
964 5017 1058 5068 hoc
1078 5031 1290 5080 omnes;
1317 5016 1397 5068 hic
1423 5026 1500 5070 est
1523 5019 1738 5087 sanguis

162 5125 306 5162 meus
361 5109 457 5176 qui
493 5108 721 5174 offertur
761 5109 815 5160 in
866 5109 1230 5162 remissionem
1283 5119 1639 5175 peccatorum.
1674 5108 1741 5162 Et

166 5218 258 5270 pra
276 5201 425 5270 cepit
451 5200 610 5254 nobis
641 5201 895 5255 similiter
927 5201 1064 5264 ﬁeri,
1101 5208 1158 5252 ut
1209 5201 1280 5253 sit
1304 5202 1460 5255 nobis
1487 5203 1740 5257 remissio

165 5301 546 5358 peccatorum,
572 5293 889 5362 quicunque
917 5293 970 5346 in
1014 5291 1117 5345 ﬁde
1149 5300 1201 5345 et
1226 5289 1520 5346 dilectione
1571 5292 1737 5348 obtu-

163 5385 414 5438 lerimus.
455 5383 589 5437 lllud
623 5384 955 5438 sacriﬁciqu
994 5387 1122 5439 licet
1153 5382 1397 5448 credere,
1433 5401 1540 5440 non
1604 5387 1738 5441 illud

163 5475 308 5539 quod
343 5475 399 5527 in
440 5473 554 5543 lege
585 5482 764 5527 vestra
797 5489 892 5528 vos
922 5475 1121 5529 habere
1154 5473 1358 5528 dicitis.
1386 5475 1522 5529 Cum
1565 5476 1736 5532 disci-

164 5569 272 5635 puli
309 5565 451 5620 Filio
485 5567 575 5620 Dei
627 5566 922 5631 dixissent,
982 5567 1180 5623 lnvoca
1216 5569 1382 5622 Deum
1426 5577 1485 5622 ut
1538 5569 1742 5640 dirigat

162 5657 320 5710 nobis
346 5663 545 5709 mantia
576 5655 643 5710 de
670 5657 810 5711 caelo
831 5675 848 5722 ;
873 5665 926 5712 et
953 5657 1185 5713 dixisset
1215 5658 1493 5720 Christus,
1528 5657 1742 5713 Timete

165 5748 334 5804 Deum
371 5749 417 5804 si
457 5749 593 5803 estis
629 5748 835 5814 ﬁdeles,
870 5749 1128 5820 discipuli
1163 5751 1439 5814 dixerunt,
1476 5749 1741 5805 Volumus

165 5843 454 5896 comedere
490 5840 642 5902 illud,
671 5846 726 5893 et
771 5840 1056 5894 credemus
1105 5841 1201 5895 tibi
1273 5849 1326 5896 et
1354 5841 1588 5897 sciemus
1619 5842 1743 5911 quia

496 5938 764 5994 l'A'rnm...
801 5935 914 5991 Cn.
957 5935 1135 5994 Ct'll.

1839 4654 2026 4716 exivit,
2052 4663 2161 4706 tres
2188 4666 2402 4713 cruces,
2444 4661 2564 4719 post
2595 4667 2689 4705 ccc
2735 4668 2913 4708 annos
2943 4669 3007 4707 ex
3033 4670 3139 4723 quo
3160 4655 3414 4712 Christus

1841 4752 2080 4805 venerat,
2117 4741 2431 4796 ostendens.
2463 4743 2527 4795 Et
2557 4758 2681 4796 eum
2706 4756 2834 4798 ante
2863 4746 3106 4814 reginam
3160 4748 3414 4802 nescien-

1841 4845 1948 4888 tem
2008 4850 2128 4904 qua:
2179 4849 2316 4887 crux
2371 4834 2575 4888 Christi
2623 4843 2790 4897 esset,
2838 4846 3212 4903 portarentur,
3252 4855 3416 4909 super

1842 4933 2119 4978 mortuum
2179 4922 2360 4978 subito
2391 4939 2794 4979 uuamcrucent
2831 4927 3041 4994 posuit;
3080 4939 3132 4983 et
3168 4944 3273 4982 non
3299 4939 3417 4984 sur-

1841 5020 2009 5083 rexit;
2051 5016 2285 5072 seeunda
2319 5017 2581 5081 adhibita,
2611 5018 2686 5072 nil
2715 5020 2945 5088 proluit;
2971 5035 3096 5074 cum
3131 5038 3259 5076 vero
3300 5032 3413 5077 ter-

1843 5112 1972 5163 tiam
1999 5109 2400 5170 adhibuissent,
2420 5109 2603 5162 statim
2629 5111 2716 5177 qni
2740 5122 2856 5164 erat
2879 5118 3127 5166 mortuus
3151 5113 3411 5170 surrexit.

1843 5203 2068 5271 liegina,
2091 5199 2231 5254 facta
2259 5201 2490 5255 ecclesia
2518 5216 2680 5270 super
2709 5200 2910 5257 Christi
2932 5204 3268 5273 sepulcrum,
3289 5221 3417 5274 par-

1845 5303 1950 5346 tem
1973 5291 2038 5345 de
2072 5291 2321 5345 crnccibi
2355 5291 2595 5360 reliquit,
2627 5299 2680 5345 et
2700 5293 2966 5361 reliquam
3008 5291 3116 5347 ﬁlio
3144 5309 3244 5349 suo
3261 5295 3418 5348 detu-

1847 5383 1924 5436 lit.
1970 5381 2091 5435 llmc
2118 5391 2201 5435 est
2231 5396 2395 5435 causa
2428 5397 2595 5449 quare
2619 5397 2839 5435 crucem
2876 5383 3077 5438 Christi
3103 5385 3414 5440 adoremus.

1916 5473 2130 5526 Dictum
2158 5483 2242 5528 est
2268 5473 2397 5526 mihi
2425 5473 2569 5542 quod
2601 5489 2711 5527 non
2759 5475 3012 5529 salutatis
3049 5491 3144 5531 eos
3167 5477 3258 5545 qui
3286 5485 3419 5531 sunt

1844 5563 2067 5619 alterius
2095 5564 2250 5633 legis,
2284 5571 2337 5617 et
2389 5579 2484 5618 vos
2539 5563 2740 5618 habere
2786 5567 2840 5618 in
2875 5565 2991 5635 lege
3040 5575 3220 5619 vestra
3272 5565 3417 5636 quod

1847 5654 2108 5709 mulieres
2154 5654 2391 5724 alicujus
2426 5657 2548 5711 fidei
2581 5658 2737 5712 vobis
2773 5659 2932 5713 liceat
2984 5659 3036 5713 in
3079 5661 3417 5715 c0nnubiunt

1846 5747 2048 5801 ducere
2078 5763 2091 5799 :
2118 5753 2170 5799 et
2226 5759 2503 5817 quomodo
2536 5749 2651 5804 ﬁeri
2718 5757 2897 5820 potest
2941 5759 2999 5803 ut
3038 5749 3182 5806 Deus
3211 5751 3417 5805 homini

1849 5857 2070 5899 uxorein
2114 5841 2313 5896 durcre
2350 5843 2720 5911 prmcepisset,
2767 5842 2857 5912 qni
2904 5857 3001 5897 nec
3039 5844 3276 5896 salutare
3325 5860 3418 5895 ne-

3026 5936 3083 5994 ll
