4188 6456
747 422 852 483 323

1561 416 1838 479 LEOle
1877 416 2340 478 PHILOSOPHI
2376 417 2740 478 EPISTULA
2779 419 2879 479 AD
2917 416 3266 478 OMARUM.
3902 416 4002 478 32'.

750 545 857 598 que
890 527 1122 598 sepelire
1155 527 1304 582 illam
1328 525 1686 596 dignatetur?
1713 524 2003 588 Similiter,
2034 526 2080 579 si
2127 525 2193 581 dc
2224 527 2329 581 alia
2360 532 2403 589 Λ
2434 526 2597 596 perit,
2629 524 2842 581 adulter
2868 535 2924 582 et
2943 526 3193 581 moechus
3211 522 3541 579 vindicetur.
3566 522 3762 578 lterum
3793 525 4001 579 dictum

754 618 858 675 tide
895 620 1079 683 fuerit,
1118 634 1225 673 non
1252 625 1464 688 oportet
1500 632 1664 682 super
1694 621 2004 685 sepulcrum
2036 617 2157 687 ejus
2176 626 2325 673 stare

753 720 847 764 aut
908 726 1007 780 pro
1057 710 1147 763 illa
1206 710 1509 778 (lepra-au.
1576 712 1714 761 tium
1780 718 1961 763 autem
1992 709 2174 762 vosin
2210 709 2325 779 lege

754 808 929 854 vestra
966 800 1231 868 scriptum
1257 798 1553 853 inveniatis
1581 798 1709 868 quia
1749 798 1905 853 multi
1935 813 2001 853 ex
2037 796 2123 853 his
2156 799 2323 867 quiin

749 894 862 960 lege
886 890 1130 960 qualibet
1174 900 1301 945 sunt
1333 890 1539 954 fideles,
1569 889 1711 959 apud
1741 889 1907 945 Deum
1944 897 2097 957 sunt,
2153 902 2325 959 quare

748 994 848 1046 pro
878 995 941 1034 ea
980 996 1086 1034 non
1132 978 1534 1047 deprecemiui‘!
1570 981 1771 1032 lterum
1799 980 2004 1033 dictum
2039 989 2123 1033 est
2166 979 2321 1043 mihi,

746 1072 792 1124 si
851 1074 977 1141 quis
1012 1080 1258 1124 vestrum
1301 1087 1528 1125 uxorem
1567 1088 1723 1126 suam
1755 1072 1995 1140 qualibet
2050 1086 2117 1124 ex
2154 1085 2322 1127 causa

748 1164 1049 1233 reliquerit,
1080 1177 1187 1217 non
1223 1171 1440 1232 Oportet
1476 1179 1596 1217 eam
1626 1163 1691 1216 ad
1723 1179 1846 1217 eum
1886 1161 2120 1231 regredi,
2146 1162 2322 1217 donec

746 1257 884 1307 alter
910 1270 1035 1308 cum
1068 1270 1130 1308 ea
1159 1256 1467 1308 conveniat.
1504 1253 1594 1306 Sic
1623 1253 2071 1321 praevaricatores
2107 1253 2237 1323 legis
2269 1261 2324 1308 et

749 1348 1037 1417 Evangelii
1071 1349 1201 1400 facti
1232 1348 1367 1399 estis
1397 1346 1462 1395 ³⁸.
1497 1344 1552 1397 In
1579 1344 1859 1411 legeeuim
1910 1345 2178 1412 scriptum
2214 1353 2319 1411 est,

745 1451 803 1494 ut
832 1443 875 1493 si
916 1441 1039 1508 quis
1074 1453 1300 1491 uxorem
1352 1452 1505 1490 suam
1539 1436 1785 1506 qualibet
1818 1451 1987 1490 causa
2031 1437 2319 1504 dimiserit,

740 1542 797 1585 et
830 1531 1065 1583 voluerit
1106 1528 1173 1581 ad
1217 1544 1342 1581 eum
1376 1529 1711 1598 quandoque
1760 1528 2001 1597 regredi,
2034 1528 2209 1596 ipsius
2237 1537 2319 1582 est

741 1623 861 1677 sine
903 1621 1092 1683 dubio,
1126 1620 1169 1673 si
1205 1629 1385 1673 tamen
1412 1618 1547 1671 alter
1577 1631 1694 1671 eam
1748 1632 1855 1669 non
1910 1615 2271 1669 sordidaverit
2302 1632 2316 1669 :

742 1713 787 1766 si
824 1723 1007 1766 autem
1042 1712 1180 1764 alter
1210 1724 1327 1764 eam
1376 1709 1637 1777 tetigerit,
1668 1707 1736 1759 ab
1763 1706 1855 1760 illo
1918 1706 1971 1760 in
1999 1713 2318 1775 perpetuum

743 1807 1020 1876 prohibita
1069 1814 1172 1859 est.
1204 1804 1261 1858 ln
1287 1802 1595 1872 Evangelio
1620 1808 1801 1855 tamen
1839 1814 1948 1854 non
1975 1808 2059 1854 est
2104 1798 2314 1855 licitum

742 1899 951 1954 homini
990 1912 1210 1951 uxorem
1239 1910 1396 1951 suam
1430 1894 1550 1949 sine
1595 1907 1763 1948 causa
1815 1890 2196 1947 fornicationis
2232 1891 2314 1945 di-

741 1991 978 2054 mittere,
1011 1998 1063 2041 et
1086 1987 1178 2057 qui
1210 1986 1494 2041 dimissam
1538 1984 1761 2040 alterius
1807 1982 1861 2037 in
1903 1996 2128 2037 uxorem
2157 1995 2314 2037 acce-

807 2164 855 2200 ⁸⁸
883 2164 1040 2222 Deut.
1072 2181 1165 2233 xx,
1196 2167 1251 2220 4.

2427 626 2512 671 est
2539 616 2694 682 mihi,
2718 618 2863 685 quod
2897 618 2950 672 in
2971 616 3087 686 lege
3109 624 3293 670 vestra
3313 614 3386 669 sit
3409 614 3697 684 scripturn,
3729 616 4001 686 quidquid

2427 707 2620 764 fecerit
2677 708 2840 763 homo
2885 710 3002 764 sive
3052 709 3255 763 bonum
3310 708 3434 762 sive
3485 708 3712 773 malum,
3749 710 4001 778 praescri-

2426 808 2579 871 ptum
2634 810 2687 857 et
2744 800 3188 870 praedestinatum
3248 798 3322 855 sit
3372 799 3450 854 illi
3484 820 3514 854 ει
3566 798 3678 855 Deo
3706 808 4000 868 antequam

2426 900 2709 948 nascatur.
2733 891 2791 946 Si
2824 892 2898 946 ita
2920 902 3023 958 est,
3076 906 3185 947 non
3212 899 3297 947 est
3340 891 3416 945 illi
3460 890 3635 961 gratia
3686 890 3734 945 si
3792 890 3999 945 bonum

2424 992 2701 1053 operetur,
2736 998 2912 1054 neque
2938 992 3231 1051 peccatum
3255 984 3301 1038 si
3328 981 3470 1035 male
3496 992 3754 1051 operetur
3802 1000 3815 1035 :
3865 981 4000 1052 quia

2426 1089 2531 1129 non
2570 1076 2660 1130 ille
2697 1082 2976 1146 operatur,
3006 1074 3101 1129 sed
3132 1075 3277 1143 quod
3299 1074 3675 1144 praescriptum
3705 1083 3760 1127 et
3792 1088 4000 1142 praeor—

2424 1164 2673 1218 dinatum
2698 1174 2787 1220 est
2821 1165 2900 1219 illi
2933 1172 3224 1233 antequam
3256 1174 3597 1219 nasceretur.
3652 1161 3786 1217 Nam
3826 1163 3873 1216 si
3921 1164 4002 1218 ita

2428 1264 2536 1319 est,
2573 1262 2631 1308 ut
2665 1255 2890 1309 cuilibet
2925 1254 3130 1309 homini
3168 1254 3239 1309 sit
3276 1254 3657 1324 pmscriptum
3701 1262 4000 1322 antequam

2425 1354 2704 1409 nascatur,
2728 1358 2862 1414 ergo
2894 1343 3034 1399 Deus
3072 1345 3236 1414 impie
3256 1343 3474 1398 videtur
3500 1344 3698 1413 egisse.
3741 1342 3846 1398 Sed
3894 1344 4003 1396 hoc

2425 1438 2568 1491 absit
2595 1451 2625 1490 a
2661 1435 2790 1499 Deo,
2822 1443 2883 1489 ut
2916 1436 3018 1490 ista
3049 1436 3103 1491 in
3136 1436 3448 1492 hominibus
3467 1445 3744 1503 operetur.
3776 1436 3913 1490 Nam
3947 1435 3997 1491 si

2425 1525 2499 1579 ita
2516 1533 2661 1581 esset
2716 1527 2859 1581 sicut
2897 1540 2995 1581 vos
3048 1527 3253 1595 dicitis,
3276 1526 3543 1598 quidquid
3601 1526 3768 1581 faciat
3805 1527 3997 1590 homo,

2425 1617 2507 1671 vel
2533 1617 2763 1684 bonum,
2798 1624 2851 1671 et
2878 1624 3072 1671 contra
3109 1635 3124 1672 :
3175 1617 3321 1675 Deus
3364 1633 3475 1674 non
3523 1616 3823 1688 prephetas
3866 1616 3977 1672 diri

2423 1719 2575 1780 geret
2625 1719 2682 1766 ut
2732 1711 3051 1767 hominibus
3081 1711 3356 1768 infernum
3412 1712 3882 1775 demonstrarent,
3942 1721 3997 1763 et

2421 1805 2878 1875 pertimescerent
2919 1820 2934 1859 :
2966 1801 3238 1860 sufﬁceret
3262 1804 3409 1858 enim
3438 1804 3546 1858 illis
3571 1802 3909 1873 praecl-iptio.
3941 1811 3999 1852 et

2422 1894 2834 1964 praedestinatio
2870 1910 3083 1951 eorum.
3125 1893 3233 1948 Sed
3281 1894 3426 1947 absit
3474 1894 3602 1947 talis
3630 1891 3950 1947 intellectus
3977 1905 3997 1945 :

2422 1985 2571 2056 quod
2593 1986 2757 2044 homo
2783 1988 2946 2058 perit,
2980 2001 3086 2041 non
3119 1984 3260 2057 perit
3294 1983 3400 2038 nisi
3431 1982 3663 2037 arbitrio
3686 1994 3808 2036 suo.
