4188 6456
1205 479 1576 492 σ-ο--αῂ

1205 494 1576 509 M

183 480 1320 522 Μ*

1906 479 2668 510 :m:

2676 486 3412 515 rm

779 675 1357 856 LEON
1367 673 1560 852 IS
1695 672 2474 853 SAPIEN
2482 672 2824 848 TIS

1042 993 1542 1089 OPERUM
1621 989 1905 1080 PARS
1976 990 2554 1080 SECUNDA.

321 1211 952 1329 OPERA
1029 1200 1897 1320 JUBIDICA
1975 1198 2212 1311 ET
2289 1195 3275 1311 GANONIGA.

1527 1647 2056 1710 RECENTIORES

702 1834 1700 1957 ORIENTALIUM
1787 1829 2886 1949 EPISCOPATUUM

1267 2099 2323 2291 NOTITUE,

363 2379 414 2439 Α
483 2377 817 2436 Frttncisco
873 2373 1065 2434 Junio
1124 2374 1395 2450 primum
1453 2371 1831 2450 edt'ta'ttum
1899 2387 1945 2450 u_
1995 2369 2119 2450 PP.
2178 2366 2413 2450 Jacobo
2473 2365 2771 2450 Gretscro
2826 2373 2881 2422 et
2928 2361 3152 2422 ('arolo
3188 2381 3227 2420 a

688 2455 752 2514 S.
811 2453 1009 2514 Paulo
1067 2443 1285 2519 aucta’,
1321 2451 1563 2510 demum
1591 2469 1628 2507 a
1657 2449 1730 2507 Ρ.
1765 2447 1999 2506 Jacobo
2031 2447 2203 2506 Goar
2234 2448 2465 2505 iterato
2497 2443 2910 2521 locupletum,

1256 2530 1594 2604 recognitm
1627 2537 1681 2585 et
1714 2528 1776 2584 in
1805 2544 1995 2586 unum
2025 2525 2320 2584 COHPCflI'.

736 2887 820 2960 [Ε.
859 2869 1215 2960 ιδ.δδδ·]Ρ.
1269 2867 1621 2946 JACOBI
1682 2862 2178 2944 GBETSERI
2224 2861 2390 2937 ΡΒ(

1169 2873 1215 2942 ⁵.
1269 2867 1621 2946 JACOBI
1682 2862 2178 2944 GBETSERI
2224 2858 2823 2938 PROGZMIUM.

235 3232 434 3288 Utrum
474 3249 596 3304 qua:
635 3243 964 3304 sequuntur,
1000 3237 1209 3304 adjecta
1245 3237 1356 3291 sint
1381 3236 1450 3290 ab
1480 3237 1601 3306 ipso
1627 3234 1857 3299 Codino,
1892 3248 1960 3286 aa
1988 3232 2058 3286 ab
2085 3232 2212 3295 alio,
2239 3230 2423 3284 dicere
2453 3243 2561 3282 non
2598 3226 2793 3281 habeo.
2823 3223 3039 3279 Addere
3068 3223 3293 3294 placuit,
3313 3229 3429 3276 tum

167 3322 293 3389 quia
336 3320 542 3377 Junius
571 3338 683 3376 sure
711 3325 941 3378 editioni
970 3325 1254 3393 adjunxit;
1303 3333 1416 3377 tum
1448 3334 1504 3376 ut
1538 3322 1711 3377 lector
1740 3334 1846 3375 una
1875 3333 2086 3374 mecum
2123 3325 2201 3372 tot
2237 3316 2702 3370 nobilissimarum
2747 3312 3117 3366 Ecclesiarum
3152 3309 3430 3364 interitum

162 3407 444 3477 tleploret;
482 3409 753 3480 pleneque
786 3411 932 3465 enim
965 3412 1046 3465 vel
1081 3410 1332 3466 funditus
1362 3410 1714 3474 interierunt,
1760 3409 1880 3472 vel,
1914 3409 1958 3462 si
2007 3423 2127 3476 quae
2160 3413 2492 3474 supersunt,
2523 3402 2626 3458 sub
2669 3401 2908 3456 Turcico
2943 3401 3076 3470 jugo
3125 3396 3289 3452 hodie
3334 3413 3431 3466 ge-

163 3507 336 3549 munt.
367 3496 584 3561 Quibus
617 3514 739 3567 qua:
770 3500 907 3553 tanti
941 3500 1070 3552 mali
1100 3514 1290 3563 causa,
1325 3500 1431 3555 nisi
1463 3499 1704 3554 schisma
1733 3505 1787 3552 et
1811 3497 2060 3558 haeresis,
2087 3504 2142 3549 et
2166 3509 2194 3547 a
2221 3493 2350 3548 sede
2380 3491 2676 3563 apoStoltca
2710 3490 2956 3544 Romana
2982 3485 3218 3542 defectio
3272 3485 3431 3538 Certe

162 3584 328 3650 enim,
367 3599 537 3652 quam
587 3585 824 3655 primum
856 3586 1028 3641 Graeci
1063 3601 1091 3639 a
1117 3585 1390 3642 Cathedra
1426 3586 1572 3642 Petri
1607 3601 1728 3641 sese
1761 3586 2132 3654 abjunxerunt
2153 3623 2167 3647 ,
2195 3581 2440 3652 quotidie
2477 3594 2566 3634 res
2594 3594 2781 3632 eorum
2813 3577 2867 3630 in
2896 3575 3139 3630 deterius
3167 3574 3278 3628 labi
3311 3587 3428 3627 caa-

164 3686 316 3738 pere;
351 3671 533 3727 donec
570 3673 787 3728 tandem
820 3673 1132 3743 justissimo
1163 3675 1256 3731 Dei
1281 3676 1516 3745 judicio,
1542 3678 1596 3729 in
1625 3691 1718 3730 eas
1753 3673 2093 3729 calamitates
2126 3669 2390 3734 incidere,
2413 3683 2537 3721 cum
2564 3666 2768 3737 quibus
2797 3665 2897 3719 hac
2926 3665 3088 3718 etiam
3114 3669 3272 3718 mtate
3293 3675 3430 3716 con-

164 3757 467 3814 ﬂictantur.
523 3759 578 3814 Id
617 3761 686 3814 ita
739 3776 863 3817 esse
913 3762 1090 3818 libens
1123 3761 1404 3830 fatebitur,
1436 3764 1690 3833 quisquis
1723 3780 1751 3817 a
1791 3763 2005 3823 Photio,
2056 3760 2334 3830 prmcipuo
2381 3757 2694 3812 schismatis
2741 3754 3082 3818 architecto,
3139 3751 3426 3807 historiam

164 3844 484 3901 Graecorum
513 3863 687 3918 usque
719 3849 786 3903 ad
817 3866 1066 3905 eversum
1094 3866 1284 3906 eorum
1315 3852 1599 3921 imperium
1635 3851 1912 3906 revolvere
1942 3849 2102 3903 volet.

231 3933 624 4004 Suhjiciuntur
668 3937 932 3992 nonnulla
967 3937 1034 3992 de
1069 3939 1245 3993 titulis
1280 3957 1292 3990 :
1323 3940 1578 3993 nimirum
1612 3940 1822 3994 Graecia
1857 3945 2083 3992 ventosa
2116 3936 2290 3991 titulis
2325 3948 2608 4004 nunquam
2653 3932 2843 3988 satiari
2887 3930 3103 4002 potuit,
3156 3929 3284 3983 licet
3316 3927 3431 3997 plc-

165 4036 396 4091 ramque
420 4034 610 4076 essent
638 4023 779 4077 tituli
813 4039 995 4077 rerum
1025 4024 1356 4080 inanissimi.

235 4109 400 4166 Vides
432 4111 522 4166 hic
554 4112 738 4166 itidem
770 4126 880 4166 non
913 4115 1302 4183 patriarcham,
1334 4114 1429 4169 sed
1461 4115 1844 4186 imperatorem
1874 4113 2044 4170 fuisse
2065 4114 2380 4169 Grazcorum
2409 4126 2635 4181 papam;
2667 4109 2760 4178 qui
2793 4107 3064 4162 arbitratu
3100 4121 3201 4160 suo
3230 4116 3432 4161 metro-

166 4198 463 4266 politanos,
494 4200 967 4270 archiepiscopus,
1007 4203 1298 4271 episcopos
1336 4205 1570 4271 ponebat
1601 4212 1654 4258 et
1684 4201 1984 4272 deponebat
2006 4243 2020 4266 ,
2051 4210 2107 4256 et
2134 4202 2292 4271 quasi
2325 4201 2463 4268 pilas
2501 4198 2662 4252 modo
2705 4197 2759 4249 in
2790 4198 2953 4258 hunc,
2993 4195 3155 4249 modo
3190 4195 3242 4248 in
3271 4195 3424 4249 illum

167 4286 340 4338 locum
381 4287 649 4356 jactnbat.
683 4287 854 4356 Cujus
899 4291 975 4342 rei
1028 4290 1244 4359 culpam
1278 4306 1439 4346 nemo
1468 4292 1609 4346 alius
1644 4291 1948 4347 sustinebat
1972 4329 1988 4354 ,
2021 4291 2124 4345 nisi
2164 4290 2269 4360 ipsi
2298 4288 2471 4342 Graeci
2495 4327 2510 4350 ,
2538 4287 2630 4356 qui
2666 4285 2983 4351 imperatori
3017 4299 3116 4340 suo
3154 4283 3429 4338 serviliter

169 4376 487 4439 adulantes,
523 4377 702 4428 omnia
735 4379 784 4430 ei
818 4386 1014 4446 praeter
1042 4378 1390 4433 sacriﬁcandi
1423 4387 1747 4449 potestatem
1786 4373 2194 4435 concesserant.
2229 4378 2282 4432 Id
2311 4385 2370 4432 ttt
2400 4378 2547 4432 clare
2583 4375 2858 4444 intelligas
2884 4414 2898 4438 ,
2926 4390 2993 4429 en
3033 4374 3129 4428 tibi
3170 4373 3431 4429 Demetrii

167 4462 513 4516 tlhomatiani
550 4463 604 4515 in
642 4466 922 4534 reSponsis
949 4466 1016 4520 ad
1051 4466 1364 4521 (Iabasilam
1395 4470 1684 4537 plusquam
1722 4471 2074 4537 parasiticam
2109 4468 2537 4523 assentationem
2572 4482 2586 4519 :
2619 4463 2924 4533 Imperator
2967 4473 3024 4518 ut
3052 4464 3346 4517 communis
3376 4464 3432 4516 in

171 4550 420 4604 Ecclesiis
465 4552 761 4619 sapientum
793 4555 1034 4622 princeps
1067 4564 1113 4608 et
1159 4573 1211 4610 re
1250 4566 1298 4610 et
1341 4558 1579 4621 nomine,
1611 4557 1930 4626 synodorum
1960 4559 2175 4623 placitis
2209 4554 2496 4624 prazsidet,
2528 4564 2578 4609 et
2605 4555 2975 4607 auctoritatem
3012 4553 3140 4613 ipsis
3177 4552 3426 4622 largitur.

173 4640 574 4695 Ecclesiasticas
610 4643 969 4697 ordinationes
1012 4644 1279 4714 disponit,
1325 4658 1372 4700 et
1422 4646 1585 4716 legem
1615 4647 1759 4712 ponit
1802 4647 1924 4699 uiue
1955 4656 2110 4715 atque
2141 4645 2306 4714 ofﬁcio
2331 4659 2513 4698 eorum
2535 4684 2548 4707 ,
2577 4642 2667 4712 qui
2713 4642 2878 4694 altari
2929 4641 3216 4693 inserviunt
3252 4654 3269 4692 :
3303 4640 3430 4709 quin

170 4741 212 4780 et
238 4728 461 4806 judiciis
499 4731 885 4797 episcoporum,
917 4741 967 4784 et
997 4732 1330 4796 clericorum,
1366 4743 1415 4786 et
1450 4735 1696 4788 electiani
1728 4734 2090 4789 Ecclesiarum
2122 4734 2443 4789 vacantium.
2483 4731 2765 4786 Promovet
2813 4732 3025 4796 insuper
3055 4747 3086 4783 a
3114 4730 3308 4782 minori
3345 4728 3430 4781 di-

171 4816 362 4881 gnitate
395 4814 465 4867 ad
492 4817 770 4887 majorem,
807 4826 936 4884 puta
965 4818 1029 4870 ab
1065 4820 1352 4886 episcopali
1379 4819 1448 4873 ad
1483 4822 1966 4888 metropolitanum,
1999 4824 2248 4876 honorem
2279 4838 2397 4876 eum
2424 4820 2671 4874 exhibens
2705 4826 2798 4872 aut
2835 4817 2955 4870 urbi
2991 4831 3082 4870 aut
3119 4817 3340 4870 homini.
3365 4815 3431 4869 In

172 4920 373 4957 summa
396 4915 590 4972 prater
613 4907 958 4973 sacriﬁcandi
997 4915 1334 4974 potestatem,
1386 4921 1579 4963 uetera
1619 4909 1796 4962 omnia
1830 4910 1960 4977 jura
2001 4909 2331 4976 pontiﬁcalia
2369 4908 2647 4974 manifeste
2694 4907 2941 4975 exprimit
2963 4907 3271 4974 imperator,
3314 4906 3434 4976 qui"

174 4994 260 5044 bus
283 4994 338 5046 in
373 4993 528 5046 rebus
555 4995 921 5048 convenienter
947 4996 1076 5066 agit,
1112 4983 1160 5050 et
1191 4997 1386 5067 legibus
1422 5009 1469 5051 ct
1499 4999 1810 5051 canonibns.
1842 4997 2060 5052 Poterat
2087 5013 2215 5067 ergo
2244 4996 2596 5050 Graecanicus
2630 4995 2929 5064 imperator
2957 5010 3181 5048 suorum
3215 5011 3434 5064 quoqtte

174 5081 356 5136 audire
386 5079 798 5148 confessiones,
834 5084 1280 5153 quandoquidem
1312 5089 1494 5140 omnia
1527 5095 1772 5157 poterat,
1809 5097 2003 5156 printer
2032 5086 2254 5140 Missum
2293 5101 2389 5139 seu
2425 5083 2724 5152 Liturgiam
2759 5084 3058 5137 celebrare.
3096 5082 3253 5138 llunc
3284 5083 3432 5137 Chu-

174 5172 392 5226 tnatiani
427 5173 606 5227 loemu
639 5173 842 5241 profert
872 5172 1026 5242 llugo
1051 5173 1275 5228 Grotius
1307 5176 1602 5230 Calvinista
1632 5178 1682 5228 in
1723 5175 1926 5229 Pietate
1965 5175 2047 5245 [Ε.
2085 5175 2142 5228 Ρ.
2175 5173 2303 5242 55η
2356 5173 2611 5226 ordinum
2659 5170 2960 5224 llollandize
2999 5178 3051 5224 et
3084 5170 3429 5234 Westfrisizc,

175 5270 229 5311 ut
273 5260 523 5314 eamdem
573 5268 900 5330 potestatem
938 5262 990 5314 in
1020 5263 1384 5330 praadicantes
1414 5262 1771 5319 Calvinianos
1808 5280 2064 5333 supremo
2096 5264 2440 5332 magistratui
2491 5260 2796 5316 llollandiae
2825 5270 2880 5315 et
2909 5259 3246 5315 Westirisizc
3274 5276 3429 5316 asse-

176 5357 252 5400 rat
287 5368 300 5403 :
338 5361 654 5417 quanquam
705 5363 812 5402 non
859 5358 979 5403 erat
1015 5366 1115 5403 cur
1145 5349 1368 5404 Grotius
1403 5350 1713 5421 exciperet,
1747 5353 1910 5406 sicuti
1946 5368 2044 5406 nec
2074 5352 2289 5421 excepit
2312 5395 2324 5411 .
2369 5365 2540 5404 cmnze
2575 5349 2831 5418 paranda:
2887 5357 3211 5417 potestatem
3250 5367 3264 5402 :
3297 5351 3435 5403 hanc

173 5438 311 5490 enim
348 5436 470 5491 sine
509 5437 618 5490 ulla
647 5436 992 5492 dubitatione
1025 5440 1222 5495 melius
1242 5447 1297 5494 et
1322 5439 1526 5495 lautius
1561 5455 1824 5510 apparare
1856 5450 2030 5511 potest
2063 5441 2235 5494 totius
2271 5437 2567 5492 llollandia‘:
2596 5447 2652 5492 et
2703 5435 3024 5491 Westfrisian
3080 5436 3436 5508 magistratus

173 5540 327 5594 quam
365 5527 511 5580 ullus
538 5541 604 5579 ex
633 5527 949 5581 Calviniana
983 5527 1166 5580 culina
1207 5528 1479 5582 minister.

237 5614 292 5667 ln
324 5614 460 5668 Jure
496 5613 680 5670 (ἵνατύ
711 5615 950 5670 Romano
975 5621 1152 5671 exstat
1176 5616 1509 5672 Constitutio
1531 5618 1728 5675 Leonis
1757 5620 2076 5691 Philosophi
2111 5618 2464 5689 imperatoris
2487 5618 2552 5675 de
2571 5615 2788 5674 thronis
2814 5615 3440 5686 ConstantinOpolitaum

239 5825 253 5841 '
287 5822 557 5878 Edttionis
583 5822 913 5883 Purisieusis
947 5825 1080 5884 ltiliS
1113 5825 1204 5882 iul.
1249 5829 1458 5896 paginu-
1486 5838 1965 5898 rt-pru'sentantur.
