4188 6456
740 438 840 502 32Ἱ
1655 429 2091 494 Gil/ECORUM
2136 436 2394 500 FPISCO

2331 436 2717 500 ZOPATUUM
2758 431 3091 494 NOTITL‘E
3880 433 3985 495 'iZS

727 550 845 604 sedi
879 548 1163 617 subjectis,
1194 552 1247 599 et
1275 541 1367 613 qui
1397 542 1637 613 episc0pi
1670 545 1868 612 quibus
1901 548 2262 613 nlrll‘opoiilis
2296 549 2601 601 subdantur
2628 566 2641 601 :
2680 564 2800 615 qua:
2826 548 2982 615 longe
3011 546 3195 615 plures
3226 543 3573 613 mctropoles,
3606 544 3983 612 archiepism-

726 646 909 706 patus,
959 644 1013 688 et
1065 632 1417 700 episcopatus
1472 639 1746 691 numerat,
1777 646 1938 699 quam
1991 632 2334 688 Andronicus
2369 634 2421 687 in
2475 649 2573 687 sua
2606 634 2842 688 Ecthesi.
2897 633 3001 687 Sed
3038 633 3255 685 ubinam
3292 631 3450 686 hodie
3484 640 3566 684 tot
3601 632 3721 686 illas
3744 672 3757 696 ,
3786 639 3840 684 et
3870 641 3986 684 tam

728 738 1052 779 numerosas
1084 721 1361 775 Eeclesias
1392 720 1637 774 invenire
1669 714 1793 771 est?
1820 716 1927 770 Aut
1954 719 2223 787 nuspiam,
2255 733 2348 773 aut
2387 720 2441 775 in
2477 720 2730 776 faucibus
2759 720 2911 786 Orci,
2953 720 3055 773 hoc
3086 728 3191 778 est,
3227 717 3521 781 haereseos,
3555 728 3606 773 et
3635 719 3983 779 schismatis,

729 814 831 867 sub
862 810 1239 875 Sarracenica,
1288 810 1575 879 plusquam
1609 806 1952 861 Pharaonica
1990 808 2283 870 servitute,
2336 807 2585 876 pauculis
2624 808 2879 877 demptis,
2909 807 3109 877 quibus
3140 809 3324 867 mitior
3358 802 3596 861 servitus
3625 803 3988 874 obtigit.,E:-s

722 901 946 966 insuper
980 899 1137 952 sedes
1166 897 1403 964 excipio,
1431 908 1567 961 quas
1605 893 1655 945 in
1692 892 1939 946 Calabria
1971 902 2023 947 et
2047 891 2232 946 Sicilia
2257 893 2427 947 Graeci
2456 904 2781 959 erexerant,
2812 894 2896 948 vel
2922 894 3032 963 jam
3062 893 3191 946 olim
3225 901 3439 947 erectas
3474 899 3792 961 repererunt
3823 910 3835 945 :
3866 892 3990 944 ista!

720 986 864 1037 enim
923 987 1095 1055 pulsis
1146 985 1359 1037 ditione
1406 981 1611 1035 Graecis
1660 978 1947 1033 Cathedra:
1981 978 2126 1036 Petri
2175 981 2493 1047 adhaerent,
2530 983 2634 1037 sub
2682 983 2911 1053 imperio
2957 981 3368 1037 Catholicorum
3424 995 3612 1051 regum
3659 994 3724 1034 ac
3775 980 3989 1049 princi-

791 1161 993 1211 lnserta
1020 1166 1101 1210 est
1125 1157 1298 1210 cidem
1333 1158 1590 1210 volumini
1627 1154 1779 1209 luris
1811 1155 2259 1211 (Immo-Romani
2291 1154 2576 1225 cujusdam
2609 1155 2934 1225 patriarcha:
2961 1155 3559 1225 Constantinopolitani
3598 1152 3834 1211 sanctio,
3858 1168 3988 1218 quae

715 1244 907 1296 ordine
939 1245 1111 1297 sessio
1140 1244 1190 1295 in
1224 1244 1499 1305 conciliis,
1519 1244 1750 1311 aliisque
1778 1244 2010 1312 publicis
2037 1244 2399 1300 conventibus
2422 1244 2595 1297 cuivis
2625 1246 2983 1314 metropolita:
3015 1254 3069 1297 et
3102 1244 3520 1313 archiepiscopo
3549 1250 3843 1311 competat.
3875 1242 3985 1293 Sed

717 1329 803 1381 hic
837 1331 943 1396 jam
982 1330 1138 1396 longe
1169 1330 1345 1383 minor
1377 1344 1641 1383 numerus
1672 1340 1791 1392 est,
1826 1345 1988 1400 quam
2042 1332 2095 1385 in
2131 1330 2565 1399 ,Constitutione
2592 1329 2813 1396 Leonis,
2848 1334 2920 1386 ita
2950 1342 3005 1385 ut
3038 1333 3182 1385 sedis
3216 1329 3835 1399 Constantinopolitanre
3867 1342 3987 1380 ani-

716 1417 923 1482 plitudo
963 1418 1205 1484 quotidie
1238 1420 1598 1481 minueretur,
1626 1426 1680 1471 et
1715 1420 1856 1470 mala
1891 1417 2193 1471 Turcarum
2227 1434 2389 1472 manu
2418 1418 2928 1473 circumcideretur.
2973 1417 3128 1471 Libet
3167 1418 3252 1471 hie
3286 1417 3583 1487 adjungere
3623 1416 3769 1470 hunc
3800 1422 3986 1484 poste-

717 1519 914 1555 rzorcm
952 1504 1293 1571 (Iatalogum,
1328 1503 1455 1572 quia
1492 1505 1672 1559 brevis
1705 1516 1805 1568 cst,
1846 1516 1898 1558 et
1936 1506 2250 1559 Andronico
2288 1507 2462 1558 lucem
2508 1505 2789 1558 accemlet.

730 1715 909 1728 ﬁ..._....
966 1720 977 1725 -
1006 1718 1215 1726 .__---......
1254 1719 1265 1725 σ
1312 1718 1469 1726 -ν-..ς
1508 1715 2384 1728 ...ι--υ--ιι-ι--ο--νι--ᾐ-

2301 1718 2449 1728 -———
2462 1713 3955 1731 “mw-ﬂ

1521 1901 1624 1986 P.
1700 1895 2217 1989 JACOBUS
2296 1896 2604 1990 GOAR
2706 1900 3261 1993 LECTORI.

786 2294 902 2353 Qua
936 2290 988 2343 in
1020 2304 1076 2341 re
1110 2287 1343 2341 Palatini
1381 2302 1582 2349 mores,
1613 2295 1665 2339 ct
1697 2288 1788 2355 qui
1826 2287 1879 2340 in
1909 2286 2133 2342 Palatiis
2175 2287 2310 2339 ritus
2348 2287 2626 2340 observari
2661 2296 3067 2342 consueverunt
3103 2288 3199 2356 (de
3222 2290 3424 2358 quibus
3450 2293 3585 2347 satis
3612 2295 3779 2347 multa
3815 2296 3982 2364 paulo

716 2377 1015 2443 superius),
1051 2390 1173 2428 cum
1202 2374 1561 2444 sequentibus
1598 2374 1995 2442 metropoleon,
2026 2383 2078 2428 et
2108 2376 2523 2443 episeopatuum
2559 2375 2771 2430 notitiis
2803 2376 3156 2437 conveniant,
3196 2376 3447 2444 ignorare
3474 2395 3558 2433 me
3588 2379 3781 2448 fateor,
3809 2384 3983 2436 lector

716 2463 973 2515 benevole
996 2504 1009 2526 ,
1057 2463 1160 2515 nisi
1198 2462 1540 2531 suggesseris
1580 2475 1741 2529 quem
1776 2460 1979 2529 possim
2012 2461 2360 2529 interrogare
2396 2480 2407 2514 :
2442 2468 2711 2531 quotquot
2752 2462 2899 2514 enim
2939 2463 3163 2515 notitias
3195 2463 3461 2519 hactenus
3498 2468 3841 2536 cxscripserc
3866 2509 3880 2531 ,
3921 2485 3989 2521 ne

714 2551 938 2603 verbum
984 2550 1207 2619 quidem
1254 2565 1316 2602 ea
1356 2548 1423 2601 de
1454 2563 1511 2602 re
1545 2548 1810 2602 fecerunt.
1841 2546 2057 2601 Nullius
2089 2548 2348 2600 momenti
2398 2563 2484 2601 res
2516 2560 2598 2601 est
2624 2587 2638 2609 ,
2680 2548 2814 2600 mihi
2867 2549 3032 2600 lateat
3064 2556 3115 2601 et
3154 2550 3287 2614 tibi;
3322 2553 3619 2607 dummodo
3668 2555 3989 2610 notitiarmn

715 2638 1032 2705 scriptorcs,
1070 2638 1151 2689 vel
1184 2636 1275 2705 qui
1312 2652 1402 2689 eas
1434 2636 1487 2688 in
1524 2636 1698 2688 lucem
1726 2635 2053 2696 eduxerunt,
2094 2639 2461 2688 innotescunt.
2502 2636 2757 2689 hdidcrat
2792 2636 3142 2690 Andronicus
3175 2638 3457 2705 Augustus
3492 2642 3676 2694 senior
3709 2644 3990 2705 notitiam,

715 2742 879 2793 quam
924 2723 1119 2779 Junius
1152 2741 1249 2794 pro
1279 2724 1509 2778 arbitrio
1543 2723 1934 2793 interpretatus
1978 2724 2281 2777 Codiniano
2314 2724 2598 2791 subjunxit
2636 2724 2821 2791 operi;
2855 2738 2918 2775 ea
2957 2731 3197 2786 tantum,
3252 2740 3337 2778 me
3390 2728 3611 2795 quidem
3660 2729 3869 2797 judice,
3923 2732 3993 2783 de

714 2829 916 2876 causa,
950 2813 1093 2880 quod
1130 2812 1270 2865 hanc
1297 2811 1383 2863 isti
1417 2812 1719 2864 subnexatn
1757 2810 1897 2863 idem
1930 2828 2034 2866 ms.
2070 2813 2239 2865 codex
2274 2810 2654 2880 suggessisset.
2692 2808 2901 2863 Placuit
2931 2808 3187 2865 Gretscro
3229 2821 3502 2882 repertam
3540 2815 3701 2867 aliam
3757 2816 3809 2868 in
3856 2814 3996 2869 lure

717 2900 1194 2964 (Jt'a’co-liomann,
1224 2900 1315 2953 sed
1350 2898 1509 2952 titulo
1538 2908 1591 2952 ct
1618 2898 1977 2967 inscriptione
2024 2907 2324 2968 expertem,
2358 2899 2521 2950 veluti
2580 2896 2771 2961 facem,
2805 2896 3248 2964 Andronicianre,
3277 2912 3383 2967 qua
3414 2899 3505 2952 lux
3538 2900 3818 2970 aﬂulgeret
3848 2918 3991 2972 pne-

717 2989 930 3042 mittcre
962 3007 975 3043 :
1007 3003 1197 3040 verum
1240 2986 1373 3038 facis
1409 2985 1659 3039 obscurae
1695 2985 1875 3038 lumen
1911 2984 2205 3039 obscurius
2264 2985 2409 3040 ferre
2444 3002 2554 3039 non
2591 2994 2887 3056 potuerunt
2918 2986 3086 3042 oculi.
3120 2984 3361 3040 Tertiam
3389 3002 3453 3041 ex
3489 2987 3771 3043 Vaticanis
3797 2988 3857 3043 P.
3882 2990 3994 3044 Ca-

717 3076 866 3127 rolus
894 3090 921 3126 a
954 3072 1005 3126 S.
1048 3074 1214 3126 l’aulo
1247 3073 1605 3125 Abl'iltCCItSis
1654 3082 1843 3141 postea
1882 3071 2078 3140 praesul
2131 3072 2301 3125 edidit
2331 3089 2501 3127 sacrm
2534 3088 2644 3126 sum
2675 3073 3021 3143 geographia:
3054 3073 3236 3127 tacitis
3263 3073 3427 3127 etiam
3463 3073 3531 3127 de
3566 3076 3789 3129 nomine
3820 3092 3995 3146 supc-

716 3163 955 3216 rioribus
991 3178 1088 3215 ceu
1120 3159 1392 3229 Parergon
1422 3162 1685 3213 insertam
1714 3200 1728 3223 ,
1763 3168 2081 3227 quartmque
2111 3159 2267 3213 alteri
2303 3177 2464 3229 quam
2501 3159 2669 3229 liegia
2698 3161 3120 3229 suppeditarunt
3150 3163 3355 3214 sociam
3390 3160 3542 3215 fecit.
3580 3160 3840 3226 Quintam
3875 3178 3998 3217 me-

715 3264 986 3303 morarem
1016 3250 1156 3302 inter
1188 3249 1352 3301 hasce
1386 3247 1617 3302 mediani
1658 3248 1710 3299 in
1738 3248 1983 3314 ejusdem
2014 3249 2265 3315 praasulis
2288 3249 2611 3304 collectione
2640 3248 2901 3313 locatam,
2940 3249 2994 3301 ni
3030 3250 3178 3318 (cum
3214 3258 3425 3302 vetusta
3453 3250 3526 3303 sit
3558 3260 3613 3304 et
3645 3251 3994 3319 imperfecta,

717 3353 928 3392 necnon
962 3336 1224 3398 ilierocli,
1257 3336 1415 3403 cujus
1449 3347 1813 3404 pervetustam
1852 3335 2103 3387 notitiam
2152 3337 2489 3406 recognitum
2521 3345 2574 3388 et
2606 3336 2875 3406 integram
2924 3336 3286 3391 doctissimus
3322 3334 3640 3390 Holsteuius
3674 3336 3995 3405 pollicetur,

717 3443 821 3479 non
856 3424 1047 3477 leviter
1081 3424 1394 3490 tribuatur)
1429 3424 1496 3475 ab
1527 3438 1587 3476 ea
1621 3437 1763 3475 nunc
1819 3422 2156 3475 recensenda
2191 3431 2303 3477 tum
2338 3423 2519 3491 operis
2550 3423 2881 3491 antiquitas,
2917 3430 3032 3475 tum
3087 3438 3215 3491 erga
3265 3422 3429 3476 talem
3482 3423 3660 3475 virum
3717 3434 3994 3477 vetustum

715 3528 856 3581 opus
896 3513 1042 3565 velut
1074 3531 1103 3564 e
1141 3512 1433 3564 ruderibus
1464 3526 1686 3572 eruere,
1717 3523 1778 3563 ac
1805 3523 1917 3563 sua:
1944 3510 2168 3573 puritati
2204 3512 2494 3564 restituere
2523 3510 2838 3564 molientem
2874 3510 3178 3564 retraheret
3209 3509 3538 3564 reverentia.
3564 3508 3815 3564 Prtefatis
3842 3512 3997 3565 hisce

715 3614 939 3653 manum
977 3598 1266 3652 admovere
1297 3599 1561 3666 compulit
1588 3612 1743 3650 amor
1774 3600 2127 3669 integritatis.
2152 3612 2275 3665 qua:
2305 3611 2485 3651 rerum
2517 3596 2689 3649 forma
2718 3597 2887 3651 decus
2921 3605 3008 3651 est
3035 3604 3090 3649 et
3120 3594 3401 3666 perfectio,
3432 3604 3486 3650 ct
3514 3604 3782 3659 nostram,
3814 3611 3997 3666 quan-

720 3686 1055 3754 [ubicunque
1110 3686 1219 3749 sit,
1254 3700 1473 3754 Operam
1512 3686 1731 3754 publica
1770 3687 2067 3755 postulavit
2101 3685 2328 3739 utilitas;
2386 3684 2508 3750 Quo
2546 3685 2596 3736 in
2640 3684 2860 3753 negotio
2894 3683 3070 3753 Regia:
3097 3684 3443 3737 Bibliotheca:
3474 3698 3608 3739 mss.
3641 3700 3809 3750 usus,
3846 3684 3997 3752 quod

719 3774 976 3825 mutilum
1006 3781 1121 3825 erat
1151 3773 1390 3839 reposui,
1415 3771 1561 3841 quod
1595 3784 1919 3842 corruptum
1955 3773 2227 3841 reparavi,
2251 3770 2395 3839 quod
2424 3772 2722 3823 obscurum
2756 3771 3050 3835 illustrari,
3077 3770 3227 3841 quod
3261 3785 3454 3840 vagum
3488 3778 3609 3824 erat
3634 3781 3689 3825 et
3719 3772 3995 3825 incertum

718 3861 771 3912 in
806 3860 1087 3913 meliorem
1127 3860 1372 3913 ordinem
1410 3859 1613 3928 redegi.
1648 3858 1795 3912 Inter
1830 3859 1997 3913 hasce
2023 3873 2151 3911 vero
2185 3859 2337 3911 datas
2368 3858 2452 3911 vel
2491 3858 2806 3925 recognitas
2835 3873 2863 3910 a
2891 3874 2977 3912 me
3012 3858 3240 3912 notitias
3275 3859 3377 3912 ista
3410 3856 3585 3913 series
3612 3866 3697 3912 est
3722 3868 3775 3912 ct
3806 3873 3996 3913 rermu

719 3960 971 4003 servatus
1018 3946 1190 4013 ordo,
1223 3957 1281 3999 ut
1326 3949 1380 3999 in
1441 3948 1616 4016 prima
1665 3946 1843 4000 fronte
1886 3946 2191 4014 diatyposis
2221 3946 2418 4001 Leonis
2447 3948 2679 4017 Augusti
2732 3954 2859 4002 ante
2911 3948 3260 4017 octingentos
3288 3948 3511 4001 circiter
3547 3961 3723 4001 annos
3758 3946 3997 4017 digesta,

720 4038 972 4107 quamvis
1002 4036 1291 4089 recentiori
1326 4034 1647 4087 charactere
1679 4033 2050 4100 conscriptam
2088 4038 2407 4103 repererim,
2441 4038 2787 4102 exhibentur,
2820 4051 2985 4105 quam
3022 4038 3067 4091 si
3099 4038 3264 4100 velis,
3300 4052 3464 4107 supra
3518 4037 3736 4091 laudato
3766 4035 3998 4091 debebis

722 4125 1045 4178 Abrincensi
1080 4122 1295 4194 praesuli
1333 4122 1350 4189 (
1378 4130 1554 4174 exstat
1582 4123 1727 4175 enim
1764 4123 1818 4176 in
1849 4127 1968 4192 ejus
2000 4139 2157 4178 sacra
2191 4123 2563 4193 geographia)
2594 4126 2679 4179 sin
2712 4126 2894 4178 minus
2916 4164 2931 4189 ,
2965 4140 3031 4178 ex
3075 4138 3227 4195 parte
3274 4125 3404 4177 mihi
3438 4124 3765 4189 vindicabo,
3798 4140 3899 4178 ceu
3931 4141 3996 4179 ex

718 4214 941 4267 diverso
971 4213 1160 4267 codice
1181 4252 1194 4275 ,
1238 4225 1402 4276 quem
1437 4211 1601 4265 varia:
1633 4210 1893 4265 lectiones
1920 4221 2161 4282 arguunt
2196 4214 2563 4280 conscriptam
2588 4252 2601 4277 ,
2630 4220 2684 4265 et
2716 4213 2985 4282 integrius
3011 4227 3175 4283 quam
3214 4216 3446 4269 antehac
3467 4256 3482 4280 ,
3516 4217 3595 4267 vel
3642 4214 3833 4267 Graece
3879 4222 4000 4264 tra-

719 4302 910 4361 ditant,
939 4301 1020 4352 vel
1056 4298 1244 4352 Latine
1271 4300 1597 4370 expositam.
1630 4298 1685 4351 In
1718 4298 1839 4367 ejus
1865 4310 2087 4367 aspectu
2124 4299 2299 4368 primo
2323 4301 2793 4368 patriarchatuum
2828 4303 3078 4371 splendet
3107 4302 3369 4372 dignitas,
3407 4304 3638 4357 subinde
3666 4303 3950 4371 metropoh
3971 4317 3999 4356 s

717 4401 840 4453 qua:
873 4386 1495 4456 ConstantinOpolitame
1545 4385 1660 4441 sedi
1714 4386 2358 4456 subjiciunturelucent,
2390 4389 2608 4441 demum
2660 4392 3031 4459 episcopatus,
3064 4407 3206 4461 quos
3258 4392 3363 4445 ilhc.
3416 4392 3997 4460 snﬂ‘raganeosagno-

720 4483 907 4538 scunt,
947 4487 1311 4528 recensentur
1349 4493 1360 4527 :
1396 4474 1609 4529 similes
1640 4475 1962 4543 dignitates,
1996 4490 2136 4544 quas
2171 4476 2398 4529 thronos
2427 4488 2641 4540 vocant,
2674 4480 3137 4547 patriarchalibus
3171 4480 3292 4535 aliis
3328 4481 3593 4534 Ecclesiis
3637 4479 3764 4533 facit
3799 4488 3997 4531 auctor

719 4565 926 4616 notitiae
947 4603 961 4625 ,
1001 4579 1185 4616 verum
1220 4563 1308 4616 ubi
1343 4562 1410 4617 dc
1439 4561 1687 4616 Romana
1722 4563 2056 4617 mentionem
2089 4564 2286 4625 habet,
2320 4571 2469 4617 tanta
2495 4578 2549 4619 et
2576 4567 2701 4620 talis
2734 4574 2817 4621 est
2847 4568 2902 4620 in
2935 4568 3277 4622 subditorum
3311 4569 3727 4635 episcOpatuum
3759 4581 3995 4620 enume-

720 4654 934 4704 ratione
968 4652 1220 4715 varietas,
1255 4658 1406 4703 tanta
1433 4666 1627 4704 vocum
1653 4652 1962 4721 corruptio,
1995 4659 2144 4704 tanta
2177 4651 2414 4721 denique
2435 4653 2859 4722 appellationum
2884 4653 3139 4709 confusio
3166 4655 3455 4724 reperitur,
3480 4663 3536 4707 ut
3563 4666 3695 4722 pace
3719 4652 3821 4705 viri
3848 4653 3995 4705 litte-

719 4740 824 4793 rati
852 4740 1083 4792 dixerim
1111 4781 1125 4805 ,
1164 4747 1345 4808 putem
1374 4778 1390 4802 ,
1423 4740 1508 4793 vel
1544 4741 1613 4793 ab
1644 4738 2081 4794 Occidentalium
2114 4741 2359 4794 locorum
2392 4740 2601 4809 ignaro,
2638 4741 2716 4795 vel
2745 4742 2813 4794 ab
2841 4741 3095 4811 imperito
3118 4743 3491 4811 conscriptam
3522 4757 3535 4793 :
3563 4754 3683 4810 qua:
3713 4754 3801 4793 res
3832 4739 3902 4791 ab
3930 4754 3992 4793 ea

722 4844 789 4881 ex
827 4830 1039 4895 integro
1083 4827 1432 4882 restituenda
1468 4843 1554 4882 me
1588 4828 1874 4897 prohibuit
1922 4831 2015 4894 (ut
2050 4828 2119 4882 ab
2147 4829 2390 4896 ejusdem
2422 4830 2872 4900 interpretatione
2920 4846 2983 4885 ex
3037 4832 3251 4902 integro
3290 4830 3679 4900 suscipienda,
3710 4843 3991 4898 nunquam

721 4918 855 4970 satis
890 4916 1145 4969 laudandi
1166 4916 1522 4973 Abrincensis
1548 4919 1832 4973 Antistitis
1866 4918 2019 4986 prius
2048 4917 2389 4971 deterruerat
2419 4933 2481 4971 ac
2513 4919 2732 4987 penitus
2758 4927 3018 4973 avocarat
3047 4921 3322 4987 mentem)
3353 4936 3367 4972 :
3393 4933 3500 4973 non
3524 4917 3669 4972 enim
3704 4930 3826 4970 eam
3860 4917 3989 4969 mihi

722 5004 1043 5057 demandavi
1079 5004 1415 5071 provinciam
1452 5014 1508 5058 ut
1538 5008 1846 5075 generalem
1878 5020 2104 5075 prorsus
2137 5006 2585 5073 patriarchalium
2612 5007 2857 5060 onminm
2890 5006 3263 5061 Ecclesiarum
3290 5046 3304 5069 ,
3334 5007 3429 5061 sed
3460 5006 3608 5059 illam
3641 5004 3989 5072 potissimum

723 5108 843 5159 quae
892 5092 1089 5146 Leonis
1146 5093 1376 5163 Augusti
1422 5108 1619 5148 nomen
1679 5093 1901 5155 defert,
1967 5094 2053 5146 cui
2131 5093 2337 5162 aliquid
2394 5095 2703 5163 splendoris
2765 5110 2831 5149 ex
2895 5103 3087 5148 nostro
3160 5095 3396 5148 accessit
3447 5094 3661 5158 labore,
3726 5091 3988 5146 referrem

726 5180 973 5232 notitiam
1010 5198 1020 5231 :
1059 5188 1118 5232 ut
1153 5189 1214 5236 ut
1245 5196 1302 5235 se
1330 5197 1418 5236 res
1447 5182 1611 5235 habet
1642 5181 1886 5251 prtefato
1932 5182 2249 5251 imperatori
2294 5186 2589 5251 ascriptum
2636 5183 2875 5247 recudo;
2910 5183 3102 5251 illique
3137 5180 3439 5236 secundum
3470 5196 3533 5233 ex
3569 5180 3839 5233 Vaticano
3871 5177 3992 5233 solo

727 5286 755 5316 l.
782 5267 1012 5318 moorati
1046 5266 1154 5335 jam
1192 5269 1391 5336 sacpius
1426 5270 1669 5321 aucturis
1706 5284 1836 5322 cura
1871 5270 2251 5338 depromptum
2274 5309 2288 5332 ,
2324 5271 2573 5323 nonnihil
2618 5271 2916 5325 tutioribns
2946 5271 3282 5337 conjecturis
3311 5266 3696 5331 emendatam,
3732 5266 3989 5337 adnecto.

724 5354 921 5407 Tertia:
952 5369 979 5405 a
1008 5354 1265 5410 Gretsero
1299 5358 1454 5425 prius
1492 5359 1629 5410 datu!
1657 5357 1878 5411 titulum
1907 5374 1970 5409 ex
2009 5357 2325 5409 iidc‘iiSsillla
2374 5370 2555 5412 tcittus
2602 5374 2726 5412 cum
2761 5358 2933 5429 Regia:
2969 5358 3307 5411 Bibliotheca:
3335 5370 3469 5409 mss.
3504 5356 3802 5408 collatione
3852 5370 3988 5422 pra:-

727 5447 848 5508 lixi;
882 5451 1075 5513 prmter
1109 5459 1244 5512 quas
1278 5447 1649 5515 suppeditavit
1681 5457 1735 5500 et
1762 5446 1928 5498 aliam
1961 5444 2130 5512 liegia
2162 5444 2352 5498 eadem
2385 5460 2539 5513 gaza,
2574 5446 2733 5513 cujus
2775 5448 2991 5515 egregie
3013 5446 3260 5515 digestus
3293 5445 3428 5498 ordo
3461 5458 3660 5496 nomen
3700 5442 3993 5509 scriptoris

726 5534 1023 5591 desiderat,
1057 5546 1217 5599 quam
1256 5544 1305 5585 et
1334 5534 1747 5588 accuratissime
1781 5550 1903 5587 cum
1938 5534 2254 5586 memoratis
2294 5531 2378 5601 [Ε.
2406 5532 2466 5583 l‘.
2492 5531 2619 5603 556]
2653 5532 2822 5602 Iiegire
2852 5532 3194 5586 Bibliotheca:
3227 5532 3598 5586 monumentis
3628 5530 3914 5589 collatam,
3943 5538 3994 5581 ct

724 5621 873 5673 Iuris
905 5620 1349 5675 Crwco—llomani
1381 5623 1717 5677 eonformem
1750 5623 2049 5692 exemplari
2082 5622 2134 5675 itt
2167 5632 2367 5691 quarto
2397 5619 2775 5689 dispositionis
2808 5630 3011 5675 nostra:
3040 5620 3233 5675 ordine
3259 5619 3547 5673 collocavi.
3581 5617 3842 5685 Sequitur
3876 5625 3990 5668 tum

727 5709 937 5760 demum
971 5726 1090 5778 quae
1127 5710 1195 5761 ab
1242 5712 1555 5765 Andronico
1592 5712 1817 5766 Seniore
1852 5728 1960 5765 non
1994 5711 2150 5780 plene
2182 5711 2376 5764 dissito
2410 5727 2438 5761 a
2471 5710 2676 5763 nostris
2722 5711 2881 5763 annis
2932 5712 3133 5763 sacculo
3179 5708 3324 5763 edita
3374 5717 3652 5770 censetur,
3688 5714 3744 5757 ut
3774 5704 3994 5757 Scilicet

726 5797 864 5857 alite,
898 5812 1016 5864 qua:
1048 5797 1127 5851 vel
1164 5799 1323 5851 titulo
1362 5800 1443 5853 vel
1481 5802 1723 5854 auctoris
1754 5801 1835 5854 sui
1868 5800 2087 5853 nomine
2110 5802 2368 5851 carebant
2391 5839 2406 5864 ,
2434 5799 2575 5852 inter
2615 5798 2943 5866 Augustales
2982 5799 3172 5868 posita:
3202 5795 3324 5866 plus
3354 5794 3568 5848 roboris
3596 5800 3649 5846 et
3680 5790 3991 5861 splendoris

726 5886 1023 5940 obtineant.
1059 5887 1327 5943 Codinutn
1356 5888 1553 5945 Junius
1586 5891 1639 5945 in
1679 5906 1775 5945 sua
1807 5890 2253 5959 interpretatione
2291 5886 2654 5956 reprelie:.dit,
2687 5886 2906 5942 Jztnittm
2938 5887 3192 5942 similiter
3222 5884 3274 5939 in
3310 5898 3407 5939 sua
3432 5882 3799 5939 elucidationc
3835 5886 3989 5933 notat
