  <div class='ocr_page' id='page_1' title='image "/cluster/home/n/w/nwhite01/storage/ocr_20150623/107/nnc1.0046980040/266.png"; bbox 0 0 4188 6456; ppageno 0'>
   <div class='ocr_carea' id='block_1_1' title="bbox 178 442 279 505">
    <p class='ocr_par' dir='ltr' id='par_1_1' title="bbox 178 442 279 505">
     <span class='ocr_line' id='line_1_1' title="bbox 178 442 279 505; baseline -0.03 0"><span class='ocrx_word' id='word_1_1' title='bbox 178 442 279 505; x_wconf 71' lang='grc' dir='ltr'><strong>ιοςν</strong></span> 
     </span>
    </p>
   </div>
   <div class='ocr_carea' id='block_1_2' title="bbox 855 429 2742 510">
    <p class='ocr_par' dir='ltr' id='par_1_2' title="bbox 855 429 2742 510">
     <span class='ocr_line' id='line_1_2' title="bbox 855 429 2742 510; baseline -0.003 -16"><span class='ocrx_word' id='word_1_2' title='bbox 855 437 899 493; x_wconf 73' lang='grc' dir='ltr'><strong>Α</strong></span> <span class='ocrx_word' id='word_1_3' title='bbox 937 433 1184 494; x_wconf 72' lang='lat' dir='ltr'><strong>LEONE</strong></span> <span class='ocrx_word' id='word_1_4' title='bbox 1217 432 1580 492; x_wconf 72' lang='lat' dir='ltr'><strong>SAPIENTE</strong></span> <span class='ocrx_word' id='word_1_5' title='bbox 1645 431 1740 489; x_wconf 77' lang='lat' dir='ltr'><strong>All</strong></span> <span class='ocrx_word' id='word_1_6' title='bbox 1778 430 2282 510; x_wconf 72' lang='lat' dir='ltr'><strong>ANDRONICUM</strong></span> <span class='ocrx_word' id='word_1_7' title='bbox 2315 429 2742 491; x_wconf 56' lang='lat' dir='ltr'><strong>PALEEOLOG.</strong></span> 
     </span>
    </p>
   </div>
   <div class='ocr_carea' id='block_1_3' title="bbox 3332 422 3436 486">
    <p class='ocr_par' dir='ltr' id='par_1_3' title="bbox 3332 422 3436 486">
     <span class='ocr_line' id='line_1_3' title="bbox 3332 422 3436 486; baseline 0 0"><span class='ocrx_word' id='word_1_8' title='bbox 3332 422 3436 486; x_wconf 74' lang='grc'><strong>410</strong></span> 
     </span>
    </p>
   </div>
   <div class='ocr_carea' id='block_1_4' title="bbox 175 531 1770 614">
    <p class='ocr_par' dir='ltr' id='par_1_4' title="bbox 175 536 1762 614">
     <span class='ocr_line' id='line_1_4' title="bbox 175 536 1762 614; baseline -0.009 -14"><span class='ocrx_word' id='word_1_9' title='bbox 175 544 526 614; x_wconf 72' lang='grc' dir='ltr'><strong>πολυχρόνιον</strong></span> <span class='ocrx_word' id='word_1_10' title='bbox 551 550 599 595; x_wconf 78' lang='lat'><strong>5.</strong></span> <span class='ocrx_word' id='word_1_11' title='bbox 652 540 1114 606; x_wconf 76' lang='grc' dir='ltr'><strong>Μητροπολίτην</strong></span> <span class='ocrx_word' id='word_1_12' title='bbox 1145 537 1352 604; x_wconf 79' lang='grc' dir='ltr'><strong>ἕτερον</strong></span> <span class='ocrx_word' id='word_1_13' title='bbox 1373 539 1483 589; x_wconf 78' lang='grc' dir='ltr'><strong>οὐκ</strong></span> <span class='ocrx_word' id='word_1_14' title='bbox 1516 536 1762 601; x_wconf 74' lang='grc' dir='ltr'><strong>οἴδαμεν</strong></span> 
     </span>
    </p>
   </div>
   <div class='ocr_carea' id='block_1_5' title="bbox 1873 531 3434 614">
    <p class='ocr_par' dir='ltr' id='par_1_5' title="bbox 1873 531 3434 605">
     <span class='ocr_line' id='line_1_5' title="bbox 1873 531 3434 605; baseline -0.003 -18"><span class='ocrx_word' id='word_1_15' title='bbox 1873 547 1971 589; x_wconf 77' lang='lat' dir='ltr'><strong>rain</strong></span> <span class='ocrx_word' id='word_1_16' title='bbox 2004 554 2119 589; x_wconf 69' lang='lat' dir='ltr'><strong>vero</strong></span> <span class='ocrx_word' id='word_1_17' title='bbox 2148 539 2351 591; x_wconf 84' lang='lat' dir='ltr'><strong>nullum</strong></span> <span class='ocrx_word' id='word_1_18' title='bbox 2388 539 2690 605; x_wconf 81' lang='lat' dir='ltr'><strong>agnovimus</strong></span> <span class='ocrx_word' id='word_1_19' title='bbox 2722 534 3058 597; x_wconf 72' lang='lat' dir='ltr'><strong>scribentem,</strong></span> <span class='ocrx_word' id='word_1_20' title='bbox 3090 531 3434 587; x_wconf 78' lang='lat' dir='ltr'><strong>Mediocritas</strong></span> 
     </span>
    </p>
   </div>
   <div class='ocr_carea' id='block_1_6' title="bbox 176 626 1760 707">
    <p class='ocr_par' dir='ltr' id='par_1_6' title="bbox 176 626 1760 707">
     <span class='ocr_line' id='line_1_6' title="bbox 176 626 1760 707; baseline -0.008 -17"><span class='ocrx_word' id='word_1_21' title='bbox 176 640 498 707; x_wconf 57' lang='grc' dir='ltr'><strong>γράφοντα,</strong></span> <span class='ocrx_word' id='word_1_22' title='bbox 523 635 555 703; x_wconf 79' lang='grc' dir='ltr'><strong>ἡ</strong></span> <span class='ocrx_word' id='word_1_23' title='bbox 588 632 874 702; x_wconf 77' lang='grc' dir='ltr'><strong>μετριότης</strong></span> <span class='ocrx_word' id='word_1_24' title='bbox 896 632 927 699; x_wconf 86' lang='grc' dir='ltr'>ἡ</span> <span class='ocrx_word' id='word_1_25' title='bbox 937 630 1074 698; x_wconf 81' lang='grc' dir='ltr'><strong>μῶν,</strong></span> <span class='ocrx_word' id='word_1_26' title='bbox 1095 631 1144 681; x_wconf 77' lang='grc' dir='ltr'><strong>εὶ</strong></span> <span class='ocrx_word' id='word_1_27' title='bbox 1166 628 1456 697; x_wconf 81' lang='grc' dir='ltr'><strong>μὴμόνον</strong></span> <span class='ocrx_word' id='word_1_28' title='bbox 1479 626 1598 679; x_wconf 85' lang='grc' dir='ltr'><strong>τῶν</strong></span> <span class='ocrx_word' id='word_1_29' title='bbox 1615 630 1760 678; x_wconf 81' lang='grc' dir='ltr'><strong>Θεσ-</strong></span> 
     </span>
    </p>
   </div>
   <div class='ocr_carea' id='block_1_7' title="bbox 174 717 1760 787">
    <p class='ocr_par' dir='ltr' id='par_1_7' title="bbox 174 717 1760 787">
     <span class='ocr_line' id='line_1_7' title="bbox 174 717 1760 787; baseline -0.008 -7"><span class='ocrx_word' id='word_1_30' title='bbox 174 725 550 781; x_wconf 69' lang='grc' dir='ltr'><strong>σαλονικέων</strong></span> <span class='ocrx_word' id='word_1_31' title='bbox 602 724 673 777; x_wconf 82' lang='grc' dir='ltr'><strong>ἐν</strong></span> <span class='ocrx_word' id='word_1_32' title='bbox 714 721 839 787; x_wconf 84' lang='grc' dir='ltr'><strong>τοῖς</strong></span> <span class='ocrx_word' id='word_1_33' title='bbox 865 721 966 775; x_wconf 80' lang='grc' dir='ltr'><strong>ὐπ’</strong></span> <span class='ocrx_word' id='word_1_34' title='bbox 996 722 1185 775; x_wconf 76' lang='grc' dir='ltr'><strong>αὐτόν</strong></span> <span class='ocrx_word' id='word_1_35' title='bbox 1215 735 1232 751; x_wconf 77' lang='grc' dir='ltr'><strong>ο</strong></span> <span class='ocrx_word' id='word_1_36' title='bbox 1268 719 1503 786; x_wconf 78' lang='grc' dir='ltr'><strong>ἐγένετο</strong></span> <span class='ocrx_word' id='word_1_37' title='bbox 1549 717 1617 769; x_wconf 80' lang='grc' dir='ltr'><strong>δὲ</strong></span> <span class='ocrx_word' id='word_1_38' title='bbox 1662 717 1760 769; x_wconf 76' lang='grc' dir='ltr'><strong>καὶ</strong></span> 
     </span>
    </p>
   </div>
   <div class='ocr_carea' id='block_1_8' title="bbox 176 810 1763 881">
    <p class='ocr_par' dir='ltr' id='par_1_8' title="bbox 176 810 1763 881">
     <span class='ocr_line' id='line_1_8' title="bbox 176 810 1763 881; baseline -0.005 -10"><span class='ocrx_word' id='word_1_39' title='bbox 176 819 349 871; x_wconf 72' lang='grc' dir='ltr'><strong>τοῦτο</strong></span> <span class='ocrx_word' id='word_1_40' title='bbox 376 817 591 869; x_wconf 76' lang='grc' dir='ltr'><strong>νεωστὶ</strong></span> <span class='ocrx_word' id='word_1_41' title='bbox 645 815 713 869; x_wconf 78' lang='grc' dir='ltr'><strong>ἐγ</strong></span> <span class='ocrx_word' id='word_1_42' title='bbox 756 814 883 879; x_wconf 85' lang='grc' dir='ltr'><strong>ταῖς</strong></span> <span class='ocrx_word' id='word_1_43' title='bbox 909 813 1155 881; x_wconf 68' lang='grc' dir='ltr'><strong>ἡμέραις</strong></span> <span class='ocrx_word' id='word_1_44' title='bbox 1178 811 1282 865; x_wconf 85' lang='grc' dir='ltr'><strong>τοῦ</strong></span> <span class='ocrx_word' id='word_1_45' title='bbox 1312 810 1620 875; x_wconf 74' lang='grc' dir='ltr'><strong>βασιλέως</strong></span> <span class='ocrx_word' id='word_1_46' title='bbox 1657 810 1763 863; x_wconf 85' lang='grc' dir='ltr'><strong>τοῦ</strong></span> 
     </span>
    </p>
   </div>
   <div class='ocr_carea' id='block_1_9' title="bbox 178 904 1761 975">
    <p class='ocr_par' dir='ltr' id='par_1_9' title="bbox 178 904 1761 975">
     <span class='ocr_line' id='line_1_9' title="bbox 178 904 1761 975; baseline -0.006 -11"><span class='ocrx_word' id='word_1_47' title='bbox 178 908 690 975; x_wconf 66' lang='grc' dir='ltr'><strong>Καντακουῷινοῦ,</strong></span> <span class='ocrx_word' id='word_1_48' title='bbox 725 906 822 960; x_wconf 80' lang='grc' dir='ltr'><strong>ὅτε</strong></span> <span class='ocrx_word' id='word_1_49' title='bbox 847 906 944 959; x_wconf 76' lang='grc' dir='ltr'><strong>καὶ</strong></span> <span class='ocrx_word' id='word_1_50' title='bbox 969 908 1022 958; x_wconf 81' lang='grc' dir='ltr'><strong>οὶ</strong></span> <span class='ocrx_word' id='word_1_51' title='bbox 1089 906 1306 971; x_wconf 80' lang='grc' dir='ltr'><strong>πρῶτοι</strong></span> <span class='ocrx_word' id='word_1_52' title='bbox 1349 904 1467 957; x_wconf 83' lang='grc' dir='ltr'><strong>τῶν</strong></span> <span class='ocrx_word' id='word_1_53' title='bbox 1529 905 1761 958; x_wconf 83' lang='grc' dir='ltr'><strong>Θεσσα-</strong></span> 
     </span>
    </p>
   </div>
   <div class='ocr_carea' id='block_1_10' title="bbox 176 994 1764 1065">
    <p class='ocr_par' dir='ltr' id='par_1_10' title="bbox 176 994 1764 1065">
     <span class='ocr_line' id='line_1_10' title="bbox 176 994 1764 1065; baseline -0.005 -10"><span class='ocrx_word' id='word_1_54' title='bbox 176 1000 470 1055; x_wconf 70' lang='grc' dir='ltr'><strong>λονικέων</strong></span> <span class='ocrx_word' id='word_1_55' title='bbox 496 996 1021 1065; x_wconf 71' lang='grc' dir='ltr'><strong>ἐκκλησιαστικῶν</strong></span> <span class='ocrx_word' id='word_1_56' title='bbox 1042 996 1266 1053; x_wconf 71' lang='grc' dir='ltr'><strong>ἔϐαλον</strong></span> <span class='ocrx_word' id='word_1_57' title='bbox 1290 995 1433 1061; x_wconf 81' lang='grc' dir='ltr'><strong>τοὺς</strong></span> <span class='ocrx_word' id='word_1_58' title='bbox 1461 994 1764 1062; x_wconf 79' lang='grc' dir='ltr'><strong>σταυροὺς</strong></span> 
     </span>
    </p>
   </div>
   <div class='ocr_carea' id='block_1_11' title="bbox 177 1087 971 1158">
    <p class='ocr_par' dir='ltr' id='par_1_11' title="bbox 177 1087 971 1158">
     <span class='ocr_line' id='line_1_11' title="bbox 177 1087 971 1158; baseline -0.006 -11"><span class='ocrx_word' id='word_1_59' title='bbox 177 1095 244 1146; x_wconf 84' lang='grc' dir='ltr'><strong>ὲν</strong></span> <span class='ocrx_word' id='word_1_60' title='bbox 274 1092 404 1158; x_wconf 81' lang='grc' dir='ltr'><strong>τοῖς</strong></span> <span class='ocrx_word' id='word_1_61' title='bbox 431 1090 729 1156; x_wconf 83' lang='grc' dir='ltr'><strong>σκιαδίοις</strong></span> <span class='ocrx_word' id='word_1_62' title='bbox 754 1087 971 1144; x_wconf 78' lang='grc' dir='ltr'><strong>αὐτῶν.</strong></span> 
     </span>
    </p>
   </div>
   <div class='ocr_carea' id='block_1_12' title="bbox 276 1177 1556 1250">
    <p class='ocr_par' dir='ltr' id='par_1_12' title="bbox 276 1177 1556 1250">
     <span class='ocr_line' id='line_1_12' title="bbox 276 1177 1556 1250; baseline -0.002 -16"><span class='ocrx_word' id='word_1_63' title='bbox 276 1195 284 1201; x_wconf 77' lang='lat'><em>‘</em></span> <span class='ocrx_word' id='word_1_64' title='bbox 358 1184 560 1246; x_wconf 67' lang='grc' dir='ltr'><strong>Ὅπως</strong></span> <span class='ocrx_word' id='word_1_65' title='bbox 589 1180 740 1249; x_wconf 77' lang='grc' dir='ltr'><strong>πρὸς</strong></span> <span class='ocrx_word' id='word_1_66' title='bbox 774 1179 917 1245; x_wconf 84' lang='grc' dir='ltr'><strong>τοὺς</strong></span> <span class='ocrx_word' id='word_1_67' title='bbox 950 1180 1203 1250; x_wconf 56' lang='grc' dir='ltr'><strong>λοιποὺς</strong></span> <span class='ocrx_word' id='word_1_68' title='bbox 1240 1177 1556 1247; x_wconf 74' lang='grc' dir='ltr'><strong>ἄρχοντας.</strong></span> 
     </span>
    </p>
   </div>
   <div class='ocr_carea' id='block_1_13' title="bbox 244 1254 1753 1341">
    <p class='ocr_par' dir='ltr' id='par_1_13' title="bbox 244 1254 1753 1341">
     <span class='ocr_line' id='line_1_13' title="bbox 244 1254 1753 1341; baseline -0.003 -19"><span class='ocrx_word' id='word_1_69' title='bbox 244 1272 311 1324; x_wconf 87' lang='grc' dir='ltr'><strong>Οἱ</strong></span> <span class='ocrx_word' id='word_1_70' title='bbox 344 1272 403 1322; x_wconf 80' lang='grc' dir='ltr'><strong>ὲν</strong></span> <span class='ocrx_word' id='word_1_71' title='bbox 438 1272 504 1341; x_wconf 74' lang='grc' dir='ltr'><strong>τῇ</strong></span> <span class='ocrx_word' id='word_1_72' title='bbox 542 1254 826 1339; x_wconf 82' lang='grc' dir='ltr'><strong>θεοσώστῳ</strong></span> <span class='ocrx_word' id='word_1_73' title='bbox 870 1269 966 1322; x_wconf 76' lang='grc' dir='ltr'><strong>καὶ</strong></span> <span class='ocrx_word' id='word_1_74' title='bbox 995 1270 1288 1339; x_wconf 79' lang='grc' dir='ltr'><strong>περιφανεῖ</strong></span> <span class='ocrx_word' id='word_1_75' title='bbox 1315 1267 1469 1319; x_wconf 87' lang='grc' dir='ltr'><strong>πόλει</strong></span> <span class='ocrx_word' id='word_1_76' title='bbox 1507 1266 1631 1337; x_wconf 79' lang='grc' dir='ltr'><strong>τῇδε</strong></span> <span class='ocrx_word' id='word_1_77' title='bbox 1662 1267 1753 1318; x_wconf 81' lang='grc' dir='ltr'><strong>εὑ-</strong></span> 
     </span>
    </p>
   </div>
   <div class='ocr_carea' id='block_1_14' title="bbox 182 1342 1761 1431">
    <p class='ocr_par' dir='ltr' id='par_1_14' title="bbox 182 1342 1761 1431">
     <span class='ocr_line' id='line_1_14' title="bbox 182 1342 1761 1431; baseline -0.004 -17"><span class='ocrx_word' id='word_1_78' title='bbox 182 1361 495 1431; x_wconf 79' lang='grc' dir='ltr'><strong>ρισκόμενοι</strong></span> <span class='ocrx_word' id='word_1_79' title='bbox 532 1342 904 1427; x_wconf 62' lang='grc' dir='ltr'><strong>εὐγενέστατοι</strong></span> <span class='ocrx_word' id='word_1_80' title='bbox 935 1359 1192 1429; x_wconf 81' lang='grc' dir='ltr'><strong>ἄρχοντες</strong></span> <span class='ocrx_word' id='word_1_81' title='bbox 1220 1399 1235 1423; x_wconf 92' lang='grc'><strong>,</strong></span> <span class='ocrx_word' id='word_1_82' title='bbox 1270 1357 1384 1411; x_wconf 81' lang='grc' dir='ltr'><strong>ὅσοι</strong></span> <span class='ocrx_word' id='word_1_83' title='bbox 1413 1356 1506 1409; x_wconf 88' lang='grc' dir='ltr'><strong>τοῦ</strong></span> <span class='ocrx_word' id='word_1_84' title='bbox 1547 1356 1761 1426; x_wconf 85' lang='grc' dir='ltr'><strong>πρώτου</strong></span> 
     </span>
    </p>
   </div>
   <div class='ocr_carea' id='block_1_15' title="bbox 182 1450 1769 1521">
    <p class='ocr_par' dir='ltr' id='par_1_15' title="bbox 182 1450 1769 1521">
     <span class='ocr_line' id='line_1_15' title="bbox 182 1450 1769 1521; baseline -0.004 -16"><span class='ocrx_word' id='word_1_85' title='bbox 182 1453 371 1517; x_wconf 77' lang='grc' dir='ltr'><strong>γένους</strong></span> <span class='ocrx_word' id='word_1_86' title='bbox 400 1453 500 1521; x_wconf 82' lang='grc' dir='ltr'><strong>τῆς</strong></span> <span class='ocrx_word' id='word_1_87' title='bbox 531 1450 741 1514; x_wconf 71' lang='grc' dir='ltr'><strong>ἐνδόξου</strong></span> <span class='ocrx_word' id='word_1_88' title='bbox 780 1451 873 1503; x_wconf 79' lang='grc' dir='ltr'><strong>καὶ</strong></span> <span class='ocrx_word' id='word_1_89' title='bbox 905 1450 1289 1519; x_wconf 81' lang='grc' dir='ltr'><strong>λαμπροτάτου</strong></span> <span class='ocrx_word' id='word_1_90' title='bbox 1341 1451 1505 1519; x_wconf 79' lang='grc' dir='ltr'><strong>τιμῆς</strong></span> <span class='ocrx_word' id='word_1_91' title='bbox 1536 1450 1630 1502; x_wconf 76' lang='grc' dir='ltr'><strong>καὶ</strong></span> <span class='ocrx_word' id='word_1_92' title='bbox 1668 1465 1769 1515; x_wconf 84' lang='grc' dir='ltr'><strong>φυ-</strong></span> 
     </span>
    </p>
   </div>
   <div class='ocr_carea' id='block_1_16' title="bbox 182 1538 1767 1611">
    <p class='ocr_par' dir='ltr' id='par_1_16' title="bbox 182 1538 1767 1611">
     <span class='ocr_line' id='line_1_16' title="bbox 182 1538 1767 1611; baseline -0.002 -18"><span class='ocrx_word' id='word_1_93' title='bbox 182 1543 297 1611; x_wconf 76' lang='grc' dir='ltr'><strong>λῆς,</strong></span> <span class='ocrx_word' id='word_1_94' title='bbox 330 1543 390 1594; x_wconf 78' lang='grc' dir='ltr'><strong>ὲν</strong></span> <span class='ocrx_word' id='word_1_95' title='bbox 420 1543 559 1611; x_wconf 83' lang='grc' dir='ltr'><strong>ἁγίῳ</strong></span> <span class='ocrx_word' id='word_1_96' title='bbox 590 1541 863 1611; x_wconf 80' lang='grc' dir='ltr'><strong>Πνεῦματι</strong></span> <span class='ocrx_word' id='word_1_97' title='bbox 904 1541 1269 1593; x_wconf 81' lang='grc' dir='ltr'><strong>ποθεινότατοι</strong></span> <span class='ocrx_word' id='word_1_98' title='bbox 1316 1540 1411 1592; x_wconf 71' lang='grc' dir='ltr'><strong>καὶ</strong></span> <span class='ocrx_word' id='word_1_99' title='bbox 1459 1538 1767 1609; x_wconf 81' lang='grc' dir='ltr'><strong>γνησιώτα-</strong></span> 
     </span>
    </p>
   </div>
   <div class='ocr_carea' id='block_1_17' title="bbox 182 1630 1757 1703">
    <p class='ocr_par' dir='ltr' id='par_1_17' title="bbox 182 1630 1757 1703">
     <span class='ocr_line' id='line_1_17' title="bbox 182 1630 1757 1703; baseline -0.002 -19"><span class='ocrx_word' id='word_1_100' title='bbox 182 1651 259 1686; x_wconf 78' lang='grc' dir='ltr'><strong>τοι</strong></span> <span class='ocrx_word' id='word_1_101' title='bbox 316 1634 424 1685; x_wconf 79' lang='grc' dir='ltr'><strong>υίοὶ</strong></span> <span class='ocrx_word' id='word_1_102' title='bbox 468 1634 567 1703; x_wconf 81' lang='grc' dir='ltr'><strong>τῆς</strong></span> <span class='ocrx_word' id='word_1_103' title='bbox 614 1632 771 1701; x_wconf 79' lang='grc' dir='ltr'><strong>ἡμῶν</strong></span> <span class='ocrx_word' id='word_1_104' title='bbox 819 1631 1204 1700; x_wconf 82' lang='grc' dir='ltr'><strong>ταπεινότητος</strong></span> <span class='ocrx_word' id='word_1_105' title='bbox 1237 1647 1251 1660; x_wconf 86' lang='grc'><strong>·</strong></span> <span class='ocrx_word' id='word_1_106' title='bbox 1295 1630 1473 1700; x_wconf 81' lang='grc' dir='ltr'><strong>χάριν,</strong></span> <span class='ocrx_word' id='word_1_107' title='bbox 1511 1631 1757 1700; x_wconf 75' lang='grc' dir='ltr'><strong>εἰρήνην,</strong></span> 
     </span>
    </p>
   </div>
   <div class='ocr_carea' id='block_1_18' title="bbox 184 1721 1768 1791">
    <p class='ocr_par' dir='ltr' id='par_1_18' title="bbox 184 1721 1768 1791">
     <span class='ocr_line' id='line_1_18' title="bbox 184 1721 1768 1791; baseline 0.001 -17"><span class='ocrx_word' id='word_1_108' title='bbox 184 1724 351 1785; x_wconf 78' lang='grc' dir='ltr'><strong>ἔλεος,</strong></span> <span class='ocrx_word' id='word_1_109' title='bbox 384 1723 574 1790; x_wconf 79' lang='grc' dir='ltr'><strong>ὑγείαν</strong></span> <span class='ocrx_word' id='word_1_110' title='bbox 623 1724 797 1791; x_wconf 82' lang='grc' dir='ltr'><strong>ψυχῆς</strong></span> <span class='ocrx_word' id='word_1_111' title='bbox 840 1723 934 1775; x_wconf 74' lang='grc' dir='ltr'><strong>καὶ</strong></span> <span class='ocrx_word' id='word_1_112' title='bbox 973 1721 1223 1791; x_wconf 85' lang='grc' dir='ltr'><strong>σώματος</strong></span> <span class='ocrx_word' id='word_1_113' title='bbox 1252 1762 1267 1785; x_wconf 84' lang='lat'><strong>,</strong></span> <span class='ocrx_word' id='word_1_114' title='bbox 1314 1722 1409 1775; x_wconf 79' lang='grc' dir='ltr'><strong>καὶ</strong></span> <span class='ocrx_word' id='word_1_115' title='bbox 1471 1721 1598 1775; x_wconf 81' lang='grc' dir='ltr'><strong>ἄλλο</strong></span> <span class='ocrx_word' id='word_1_116' title='bbox 1636 1722 1768 1776; x_wconf 81' lang='grc' dir='ltr'><strong>εἴτι</strong></span> 
     </span>
    </p>
   </div>
   <div class='ocr_carea' id='block_1_19' title="bbox 182 1812 1765 1885">
    <p class='ocr_par' dir='ltr' id='par_1_19' title="bbox 182 1812 1765 1885">
     <span class='ocr_line' id='line_1_19' title="bbox 182 1812 1765 1885; baseline 0 -18"><span class='ocrx_word' id='word_1_117' title='bbox 182 1814 387 1881; x_wconf 77' lang='grc' dir='ltr'><strong>ἀγαθὸν</strong></span> <span class='ocrx_word' id='word_1_118' title='bbox 412 1812 548 1883; x_wconf 87' lang='grc' dir='ltr'><strong>ὁμοῦ</strong></span> <span class='ocrx_word' id='word_1_119' title='bbox 578 1815 671 1866; x_wconf 76' lang='grc' dir='ltr'><strong>καὶ</strong></span> <span class='ocrx_word' id='word_1_120' title='bbox 702 1815 987 1883; x_wconf 83' lang='grc' dir='ltr'><strong>σωτήριον,</strong></span> <span class='ocrx_word' id='word_1_121' title='bbox 1024 1812 1239 1884; x_wconf 76' lang='grc' dir='ltr'><strong>εὔχεται</strong></span> <span class='ocrx_word' id='word_1_122' title='bbox 1268 1816 1334 1885; x_wconf 79' lang='grc' dir='ltr'><strong>τῇ</strong></span> <span class='ocrx_word' id='word_1_123' title='bbox 1362 1812 1519 1883; x_wconf 77' lang='grc' dir='ltr'><strong>ὑμῶν</strong></span> <span class='ocrx_word' id='word_1_124' title='bbox 1547 1813 1765 1885; x_wconf 77' lang='grc' dir='ltr'><strong>ἀντιλή-</strong></span> 
     </span>
    </p>
   </div>
   <div class='ocr_carea' id='block_1_20' title="bbox 182 1904 1642 1976">
    <p class='ocr_par' dir='ltr' id='par_1_20' title="bbox 182 1904 1642 1976">
     <span class='ocr_line' id='line_1_20' title="bbox 182 1904 1642 1976; baseline 0.001 -19"><span class='ocrx_word' id='word_1_125' title='bbox 182 1906 270 1973; x_wconf 77' lang='grc' dir='ltr'><strong>ψει</strong></span> <span class='ocrx_word' id='word_1_126' title='bbox 300 1906 335 1974; x_wconf 83' lang='grc' dir='ltr'>ἡ</span> <span class='ocrx_word' id='word_1_127' title='bbox 368 1907 694 1975; x_wconf 83' lang='grc' dir='ltr'><strong>ταπεινότης</strong></span> <span class='ocrx_word' id='word_1_128' title='bbox 719 1904 873 1976; x_wconf 78' lang='grc' dir='ltr'><strong>ἡμῶν</strong></span> <span class='ocrx_word' id='word_1_129' title='bbox 897 1906 1005 1959; x_wconf 73' lang='grc' dir='ltr'><strong>ἀπὸ</strong></span> <span class='ocrx_word' id='word_1_130' title='bbox 1029 1906 1162 1958; x_wconf 87' lang='grc' dir='ltr'><strong>Θεοῦ</strong></span> <span class='ocrx_word' id='word_1_131' title='bbox 1188 1906 1642 1976; x_wconf 79' lang='grc' dir='ltr'><strong>παντοκράτορος.</strong></span> 
     </span>
    </p>
   </div>
   <div class='ocr_carea' id='block_1_21' title="bbox 264 1995 1763 2068">
    <p class='ocr_par' dir='ltr' id='par_1_21' title="bbox 264 1995 1763 2068">
     <span class='ocr_line' id='line_1_21' title="bbox 264 1995 1763 2068; baseline 0.001 -19"><span class='ocrx_word' id='word_1_132' title='bbox 264 1998 370 2049; x_wconf 80' lang='grc' dir='ltr'><strong>Ἑν</strong></span> <span class='ocrx_word' id='word_1_133' title='bbox 398 1995 480 2060; x_wconf 84' lang='grc' dir='ltr'><strong>τῷ</strong></span> <span class='ocrx_word' id='word_1_134' title='bbox 508 1996 686 2050; x_wconf 73' lang='grc' dir='ltr'><strong>τέλει’</strong></span> <span class='ocrx_word' id='word_1_135' title='bbox 733 1996 797 2048; x_wconf 84' lang='grc' dir='ltr'><em>Ἢ</em></span> <span class='ocrx_word' id='word_1_136' title='bbox 831 1996 991 2066; x_wconf 84' lang='grc' dir='ltr'><strong>χάρις</strong></span> <span class='ocrx_word' id='word_1_137' title='bbox 1019 1996 1114 2048; x_wconf 91' lang='grc' dir='ltr'><strong>τοῦ</strong></span> <span class='ocrx_word' id='word_1_138' title='bbox 1151 1995 1285 2048; x_wconf 89' lang='grc' dir='ltr'><strong>Θεοῦ</strong></span> <span class='ocrx_word' id='word_1_139' title='bbox 1316 1997 1403 2067; x_wconf 73' lang='grc' dir='ltr'><strong>εἴη</strong></span> <span class='ocrx_word' id='word_1_140' title='bbox 1433 1997 1763 2068; x_wconf 75' lang='grc' dir='ltr'><strong>διατηροῦσα</strong></span> 
     </span>
    </p>
   </div>
   <div class='ocr_carea' id='block_1_22' title="bbox 186 2088 1373 2160">
    <p class='ocr_par' dir='ltr' id='par_1_22' title="bbox 186 2088 1373 2160">
     <span class='ocr_line' id='line_1_22' title="bbox 186 2088 1373 2160; baseline 0.002 -21"><span class='ocrx_word' id='word_1_141' title='bbox 186 2089 329 2154; x_wconf 76' lang='grc' dir='ltr'><strong>ὑμᾶς</strong></span> <span class='ocrx_word' id='word_1_142' title='bbox 360 2088 667 2158; x_wconf 86' lang='grc' dir='ltr'><strong>άνωτέρους</strong></span> <span class='ocrx_word' id='word_1_143' title='bbox 718 2088 916 2149; x_wconf 82' lang='grc' dir='ltr'><strong>παντὸς</strong></span> <span class='ocrx_word' id='word_1_144' title='bbox 946 2089 1176 2160; x_wconf 84' lang='grc' dir='ltr'><strong>συναντή</strong></span> <span class='ocrx_word' id='word_1_145' title='bbox 1186 2106 1373 2157; x_wconf 89' lang='grc' dir='ltr'><strong>ματος.</strong></span> 
     </span>
    </p>
   </div>
   <div class='ocr_carea' id='block_1_23' title="bbox 186 2177 1759 2248">
    <p class='ocr_par' dir='ltr' id='par_1_23' title="bbox 186 2177 1759 2248">
     <span class='ocr_line' id='line_1_23' title="bbox 186 2177 1759 2248; baseline 0.004 -19"><span class='ocrx_word' id='word_1_146' title='bbox 186 2180 388 2242; x_wconf 80' lang='grc' dir='ltr'><strong>Ὅπως</strong></span> <span class='ocrx_word' id='word_1_147' title='bbox 415 2177 625 2246; x_wconf 69' lang='grc' dir='ltr'><strong>γράφει</strong></span> <span class='ocrx_word' id='word_1_148' title='bbox 672 2179 822 2244; x_wconf 81' lang='grc' dir='ltr'><strong>πρὸς</strong></span> <span class='ocrx_word' id='word_1_149' title='bbox 859 2178 1407 2246; x_wconf 73' lang='grc' dir='ltr'><strong>ἐκκλησιαστικοὺς</strong></span> <span class='ocrx_word' id='word_1_150' title='bbox 1436 2180 1759 2248; x_wconf 82' lang='grc' dir='ltr'><strong>ἄρχοντας.</strong></span> 
     </span>
    </p>
   </div>
   <div class='ocr_carea' id='block_1_24' title="bbox 259 2267 1765 2342">
    <p class='ocr_par' dir='ltr' id='par_1_24' title="bbox 259 2267 1765 2342">
     <span class='ocr_line' id='line_1_24' title="bbox 259 2267 1765 2342; baseline 0.003 -21"><span class='ocrx_word' id='word_1_151' title='bbox 259 2270 326 2321; x_wconf 83' lang='lat' dir='ltr'><strong>Tt</strong></span> <span class='ocrx_word' id='word_1_152' title='bbox 335 2267 599 2336; x_wconf 85' lang='grc' dir='ltr'><strong>μιώτατοι</strong></span> <span class='ocrx_word' id='word_1_153' title='bbox 629 2268 1072 2339; x_wconf 73' lang='grc' dir='ltr'><strong>ὲκκλησιαστικοὶ</strong></span> <span class='ocrx_word' id='word_1_154' title='bbox 1094 2269 1353 2339; x_wconf 81' lang='grc' dir='ltr'><strong>ἄρχοντες</strong></span> <span class='ocrx_word' id='word_1_155' title='bbox 1367 2271 1466 2338; x_wconf 83' lang='grc' dir='ltr'><strong>τῆς</strong></span> <span class='ocrx_word' id='word_1_156' title='bbox 1488 2271 1651 2342; x_wconf 81' lang='grc' dir='ltr'><strong>καθ¹ή</strong></span> <span class='ocrx_word' id='word_1_157' title='bbox 1660 2274 1765 2341; x_wconf 83' lang='grc' dir='ltr'><strong>μᾶς</strong></span> 
     </span>
    </p>
   </div>
   <div class='ocr_carea' id='block_1_25' title="bbox 185 2357 1766 2428">
    <p class='ocr_par' dir='ltr' id='par_1_25' title="bbox 185 2357 1766 2428">
     <span class='ocr_line' id='line_1_25' title="bbox 185 2357 1766 2428; baseline 0.002 -18"><span class='ocrx_word' id='word_1_158' title='bbox 185 2357 498 2425; x_wconf 74' lang='grc' dir='ltr'><strong>ἁγιωτάτης</strong></span> <span class='ocrx_word' id='word_1_159' title='bbox 535 2357 940 2427; x_wconf 80' lang='grc' dir='ltr'><strong>μητροπόλεως,</strong></span> <span class='ocrx_word' id='word_1_160' title='bbox 971 2358 1156 2426; x_wconf 77' lang='grc' dir='ltr'><strong>τῆσδε,</strong></span> <span class='ocrx_word' id='word_1_161' title='bbox 1190 2358 1285 2409; x_wconf 73' lang='grc' dir='ltr'><strong>καὶ</strong></span> <span class='ocrx_word' id='word_1_162' title='bbox 1322 2359 1370 2409; x_wconf 79' lang='lat' dir='ltr'><strong>oi</strong></span> <span class='ocrx_word' id='word_1_163' title='bbox 1428 2360 1545 2428; x_wconf 87' lang='grc' dir='ltr'><strong>μετ’</strong></span> <span class='ocrx_word' id='word_1_164' title='bbox 1569 2362 1766 2424; x_wconf 81' lang='grc' dir='ltr'><strong>αὐτοὺς</strong></span> 
     </span>
    </p>
   </div>
   <div class='ocr_carea' id='block_1_26' title="bbox 185 2448 1767 2519">
    <p class='ocr_par' dir='ltr' id='par_1_26' title="bbox 185 2448 1767 2519">
     <span class='ocr_line' id='line_1_26' title="bbox 185 2448 1767 2519; baseline 0.004 -19"><span class='ocrx_word' id='word_1_165' title='bbox 185 2448 527 2515; x_wconf 70' lang='grc' dir='ltr'><strong>ιντιμότατοι</strong></span> <span class='ocrx_word' id='word_1_166' title='bbox 596 2449 692 2502; x_wconf 77' lang='grc' dir='ltr'><strong>καὶ</strong></span> <span class='ocrx_word' id='word_1_167' title='bbox 754 2448 1136 2501; x_wconf 75' lang='grc' dir='ltr'><strong>εὐλαϐέστατοι</strong></span> <span class='ocrx_word' id='word_1_168' title='bbox 1182 2448 1459 2519; x_wconf 77' lang='grc' dir='ltr'><strong>κληρικοὶ,</strong></span> <span class='ocrx_word' id='word_1_169' title='bbox 1512 2453 1605 2504; x_wconf 75' lang='grc' dir='ltr'><strong>καὶ</strong></span> <span class='ocrx_word' id='word_1_170' title='bbox 1654 2454 1767 2506; x_wconf 87' lang='grc' dir='ltr'><strong>ὅσοι</strong></span> 
     </span>
    </p>
   </div>
   <div class='ocr_carea' id='block_1_27' title="bbox 186 2537 1767 2608">
    <p class='ocr_par' dir='ltr' id='par_1_27' title="bbox 186 2537 1767 2608">
     <span class='ocr_line' id='line_1_27' title="bbox 186 2537 1767 2608; baseline 0.004 -19"><span class='ocrx_word' id='word_1_171' title='bbox 186 2539 277 2589; x_wconf 84' lang='grc' dir='ltr'><strong>τοῦ</strong></span> <span class='ocrx_word' id='word_1_172' title='bbox 326 2537 601 2606; x_wconf 76' lang='grc' dir='ltr'><strong>ἱερατικοῦ</strong></span> <span class='ocrx_word' id='word_1_173' title='bbox 651 2538 742 2591; x_wconf 75' lang='grc' dir='ltr'><strong>καὶ</strong></span> <span class='ocrx_word' id='word_1_174' title='bbox 777 2538 1072 2608; x_wconf 88' lang='grc' dir='ltr'><strong>μοναχικοῦ</strong></span> <span class='ocrx_word' id='word_1_175' title='bbox 1104 2540 1437 2608; x_wconf 80' lang='grc' dir='ltr'><strong>καταλόγου·</strong></span> <span class='ocrx_word' id='word_1_176' title='bbox 1498 2544 1665 2596; x_wconf 83' lang='grc' dir='ltr'><strong>τέκνα</strong></span> <span class='ocrx_word' id='word_1_177' title='bbox 1708 2545 1767 2596; x_wconf 79' lang='grc' dir='ltr'><strong>ἐν</strong></span> 
     </span>
    </p>
   </div>
   <div class='ocr_carea' id='block_1_28' title="bbox 188 2627 1770 2701">
    <p class='ocr_par' dir='ltr' id='par_1_28' title="bbox 188 2627 1770 2701">
     <span class='ocr_line' id='line_1_28' title="bbox 188 2627 1770 2701; baseline 0.004 -22"><span class='ocrx_word' id='word_1_178' title='bbox 188 2629 378 2698; x_wconf 81' lang='grc' dir='ltr'><strong>κυρίῳ</strong></span> <span class='ocrx_word' id='word_1_179' title='bbox 407 2627 670 2695; x_wconf 81' lang='grc' dir='ltr'><strong>ἀγαπητὰ</strong></span> <span class='ocrx_word' id='word_1_180' title='bbox 696 2627 796 2696; x_wconf 81' lang='grc' dir='ltr'><strong>τῆς</strong></span> <span class='ocrx_word' id='word_1_181' title='bbox 831 2627 989 2697; x_wconf 76' lang='grc' dir='ltr'><strong>ἡμῶν</strong></span> <span class='ocrx_word' id='word_1_182' title='bbox 1012 2630 1417 2699; x_wconf 81' lang='grc' dir='ltr'><strong>ταπεινότητος·</strong></span> <span class='ocrx_word' id='word_1_183' title='bbox 1454 2633 1614 2699; x_wconf 82' lang='grc' dir='ltr'><strong>χάρις</strong></span> <span class='ocrx_word' id='word_1_184' title='bbox 1642 2633 1770 2701; x_wconf 81' lang='grc' dir='ltr'><strong>ὑμῖν</strong></span> 
     </span>
    </p>
   </div>
   <div class='ocr_carea' id='block_1_29' title="bbox 185 2717 1770 2789">
    <p class='ocr_par' dir='ltr' id='par_1_29' title="bbox 185 2717 1770 2789">
     <span class='ocr_line' id='line_1_29' title="bbox 185 2717 1770 2789; baseline 0.003 -18"><span class='ocrx_word' id='word_1_185' title='bbox 185 2735 290 2785; x_wconf 84' lang='grc' dir='ltr'><strong>ειη,</strong></span> <span class='ocrx_word' id='word_1_186' title='bbox 326 2720 423 2771; x_wconf 76' lang='grc' dir='ltr'><strong>καὶ</strong></span> <span class='ocrx_word' id='word_1_187' title='bbox 446 2718 659 2787; x_wconf 73' lang='grc' dir='ltr'><strong>εἰρήνη,</strong></span> <span class='ocrx_word' id='word_1_188' title='bbox 682 2717 775 2771; x_wconf 57' lang='grc' dir='ltr'><strong>καὶ⁸</strong></span> <span class='ocrx_word' id='word_1_189' title='bbox 790 2718 980 2786; x_wconf 82' lang='grc' dir='ltr'><strong>ἀγάπη</strong></span> <span class='ocrx_word' id='word_1_190' title='bbox 996 2718 1322 2789; x_wconf 85' lang='grc' dir='ltr'><strong>πληθυνθείη</strong></span> <span class='ocrx_word' id='word_1_191' title='bbox 1357 2720 1463 2772; x_wconf 84' lang='grc' dir='ltr'><strong>ἀπὸ</strong></span> <span class='ocrx_word' id='word_1_192' title='bbox 1486 2720 1621 2773; x_wconf 84' lang='grc' dir='ltr'><strong>Θεοῦ</strong></span> <span class='ocrx_word' id='word_1_193' title='bbox 1658 2723 1770 2776; x_wconf 86' lang='grc' dir='ltr'><strong>Πα-</strong></span> 
     </span>
    </p>
   </div>
   <div class='ocr_carea' id='block_1_30' title="bbox 186 2807 1770 2881">
    <p class='ocr_par' dir='ltr' id='par_1_30' title="bbox 186 2807 1770 2881">
     <span class='ocr_line' id='line_1_30' title="bbox 186 2807 1770 2881; baseline 0.006 -22"><span class='ocrx_word' id='word_1_194' title='bbox 186 2808 335 2875; x_wconf 69' lang='grc' dir='ltr'><strong>τρὺξ.</strong></span> <span class='ocrx_word' id='word_1_195' title='bbox 369 2807 457 2860; x_wconf 83' lang='grc' dir='ltr'><strong>διὰ</strong></span> <span class='ocrx_word' id='word_1_196' title='bbox 478 2808 686 2877; x_wconf 77' lang='grc' dir='ltr'><strong>Κυρίου</strong></span> <span class='ocrx_word' id='word_1_197' title='bbox 724 2807 897 2877; x_wconf 82' lang='grc' dir='ltr'><strong>Ἰησοῦ</strong></span> <span class='ocrx_word' id='word_1_198' title='bbox 930 2809 1189 2878; x_wconf 82' lang='grc' dir='ltr'><strong>Χριστοῦ,</strong></span> <span class='ocrx_word' id='word_1_199' title='bbox 1222 2810 1278 2862; x_wconf 76' lang='grc' dir='ltr'><strong>ἐν</strong></span> <span class='ocrx_word' id='word_1_200' title='bbox 1306 2810 1446 2881; x_wconf 83' lang='grc' dir='ltr'><strong>άγὶῳ</strong></span> <span class='ocrx_word' id='word_1_201' title='bbox 1474 2810 1770 2881; x_wconf 85' lang='grc' dir='ltr'><strong>Πνεύματι.</strong></span> 
     </span>
    </p>
   </div>
   <div class='ocr_carea' id='block_1_31' title="bbox 266 2897 1774 2972">
    <p class='ocr_par' dir='ltr' id='par_1_31' title="bbox 266 2897 1774 2972">
     <span class='ocr_line' id='line_1_31' title="bbox 266 2897 1774 2972; baseline 0.005 -23"><span class='ocrx_word' id='word_1_202' title='bbox 266 2901 367 2950; x_wconf 77' lang='grc' dir='ltr'><strong>Ἐν</strong></span> <span class='ocrx_word' id='word_1_203' title='bbox 392 2898 475 2964; x_wconf 82' lang='grc' dir='ltr'><strong>τῷ</strong></span> <span class='ocrx_word' id='word_1_204' title='bbox 506 2897 686 2952; x_wconf 74' lang='grc' dir='ltr'><strong>τέλει’</strong></span> <span class='ocrx_word' id='word_1_205' title='bbox 716 2899 782 2952; x_wconf 81' lang='grc' dir='ltr'><em>Ἦ</em></span> <span class='ocrx_word' id='word_1_206' title='bbox 809 2898 969 2971; x_wconf 77' lang='grc' dir='ltr'><strong>χάρις</strong></span> <span class='ocrx_word' id='word_1_207' title='bbox 996 2898 1090 2953; x_wconf 88' lang='grc' dir='ltr'><strong>τοῦ</strong></span> <span class='ocrx_word' id='word_1_208' title='bbox 1119 2898 1254 2953; x_wconf 83' lang='grc' dir='ltr'><strong>Θεοῦ</strong></span> <span class='ocrx_word' id='word_1_209' title='bbox 1279 2900 1365 2972; x_wconf 84' lang='grc' dir='ltr'><strong>εἴη</strong></span> <span class='ocrx_word' id='word_1_210' title='bbox 1392 2904 1528 2971; x_wconf 80' lang='grc' dir='ltr'><strong>μετὰ</strong></span> <span class='ocrx_word' id='word_1_211' title='bbox 1559 2905 1774 2957; x_wconf 85' lang='grc' dir='ltr'><strong>πάντων</strong></span> 
     </span>
    </p>
   </div>
   <div class='ocr_carea' id='block_1_32' title="bbox 187 2985 419 3056">
    <p class='ocr_par' dir='ltr' id='par_1_32' title="bbox 187 2985 419 3056">
     <span class='ocr_line' id='line_1_32' title="bbox 187 2985 419 3056; baseline 0.009 -17"><span class='ocrx_word' id='word_1_212' title='bbox 187 2988 340 3056; x_wconf 73' lang='grc' dir='ltr'><strong>ὑμῶν</strong></span> <span class='ocrx_word' id='word_1_213' title='bbox 370 2985 395 3023; x_wconf 67' lang='grc' dir='ltr'>δ</span> <span class='ocrx_word' id='word_1_214' title='bbox 406 3030 419 3041; x_wconf 93' lang='grc'><strong><em>.</em></strong></span> 
     </span>
    </p>
   </div>
   <div class='ocr_carea' id='block_1_33' title="bbox 381 3081 1595 3149">
    <p class='ocr_par' dir='ltr' id='par_1_33' title="bbox 381 3081 1595 3149">
     <span class='ocr_line' id='line_1_33' title="bbox 381 3081 1595 3149; baseline 0.006 -16"><span class='ocrx_word' id='word_1_215' title='bbox 381 3082 581 3147; x_wconf 74' lang='grc' dir='ltr'><strong>Ὅπως</strong></span> <span class='ocrx_word' id='word_1_216' title='bbox 608 3081 816 3149; x_wconf 71' lang='grc' dir='ltr'><strong>γράφει</strong></span> <span class='ocrx_word' id='word_1_217' title='bbox 849 3082 1000 3149; x_wconf 81' lang='grc' dir='ltr'><strong>πρὸς</strong></span> <span class='ocrx_word' id='word_1_218' title='bbox 1032 3082 1139 3137; x_wconf 78' lang='grc' dir='ltr'><strong>τόν</strong></span> <span class='ocrx_word' id='word_1_219' title='bbox 1178 3087 1384 3139; x_wconf 75' lang='grc' dir='ltr'><strong>κοινὸν</strong></span> <span class='ocrx_word' id='word_1_220' title='bbox 1422 3086 1595 3140; x_wconf 77' lang='grc' dir='ltr'><strong>λαόν.</strong></span> 
     </span>
    </p>
   </div>
   <div class='ocr_carea' id='block_1_34' title="bbox 1866 626 3437 695">
    <p class='ocr_par' dir='ltr' id='par_1_34' title="bbox 1866 626 3437 695">
     <span class='ocr_line' id='line_1_34' title="bbox 1866 626 3437 695; baseline -0.006 -10"><span class='ocrx_word' id='word_1_221' title='bbox 1866 642 2074 695; x_wconf 83' lang='lat' dir='ltr'><strong>nostra,</strong></span> <span class='ocrx_word' id='word_1_222' title='bbox 2095 634 2196 684; x_wconf 83' lang='lat' dir='ltr'><strong>nisi</strong></span> <span class='ocrx_word' id='word_1_223' title='bbox 2225 640 2427 683; x_wconf 86' lang='lat' dir='ltr'><strong>tantum</strong></span> <span class='ocrx_word' id='word_1_224' title='bbox 2446 630 2958 682; x_wconf 72' lang='lat' dir='ltr'><strong>Thessalonicensem</strong></span> <span class='ocrx_word' id='word_1_225' title='bbox 2984 626 3293 681; x_wconf 69' lang='lat' dir='ltr'><strong>scribentem</strong></span> <span class='ocrx_word' id='word_1_226' title='bbox 3315 626 3437 677; x_wconf 73' lang='lat' dir='ltr'><strong>sub-</strong></span> 
     </span>
    </p>
   </div>
   <div class='ocr_carea' id='block_1_35' title="bbox 1863 716 3439 787">
    <p class='ocr_par' dir='ltr' id='par_1_35' title="bbox 1863 716 3439 787">
     <span class='ocr_line' id='line_1_35' title="bbox 1863 716 3439 787; baseline -0.004 -13"><span class='ocrx_word' id='word_1_227' title='bbox 1863 723 1986 775; x_wconf 79' lang='lat' dir='ltr'><strong>ditis</strong></span> <span class='ocrx_word' id='word_1_228' title='bbox 2018 725 2144 776; x_wconf 80' lang='lat' dir='ltr'><strong>suis.</strong></span> <span class='ocrx_word' id='word_1_229' title='bbox 2181 723 2292 775; x_wconf 81' lang='lat' dir='ltr'><strong>Hoc</strong></span> <span class='ocrx_word' id='word_1_230' title='bbox 2323 732 2497 774; x_wconf 81' lang='lat' dir='ltr'><strong>autem</strong></span> <span class='ocrx_word' id='word_1_231' title='bbox 2525 736 2687 787; x_wconf 83' lang='lat' dir='ltr'><strong><em>nuper</em></strong></span> <span class='ocrx_word' id='word_1_232' title='bbox 2711 720 2909 785; x_wconf 81' lang='lat' dir='ltr'><strong>factum</strong></span> <span class='ocrx_word' id='word_1_233' title='bbox 2938 728 3017 773; x_wconf 80' lang='lat' dir='ltr'><strong>est</strong></span> <span class='ocrx_word' id='word_1_234' title='bbox 3044 718 3098 771; x_wconf 83' lang='lat' dir='ltr'><strong>in</strong></span> <span class='ocrx_word' id='word_1_235' title='bbox 3123 716 3306 770; x_wconf 75' lang='lat' dir='ltr'><strong>diebus</strong></span> <span class='ocrx_word' id='word_1_236' title='bbox 3336 717 3439 768; x_wconf 84' lang='lat' dir='ltr'><strong>im-</strong></span> 
     </span>
    </p>
   </div>
   <div class='ocr_carea' id='block_1_36' title="bbox 1863 803 3438 882">
    <p class='ocr_par' dir='ltr' id='par_1_36' title="bbox 1863 803 3438 882">
     <span class='ocr_line' id='line_1_36' title="bbox 1863 803 3438 882; baseline -0.006 -14"><span class='ocrx_word' id='word_1_237' title='bbox 1863 818 2118 882; x_wconf 79' lang='lat' dir='ltr'><strong>peratoris</strong></span> <span class='ocrx_word' id='word_1_238' title='bbox 2144 814 2518 877; x_wconf 72' lang='lat' dir='ltr'><strong>Cautacuzcni,</strong></span> <span class='ocrx_word' id='word_1_239' title='bbox 2546 829 2663 865; x_wconf 89' lang='lat' dir='ltr'><strong>cum</strong></span> <span class='ocrx_word' id='word_1_240' title='bbox 2691 813 2847 876; x_wconf 81' lang='lat' dir='ltr'><strong>primi</strong></span> <span class='ocrx_word' id='word_1_241' title='bbox 2871 813 3026 864; x_wconf 86' lang='lat' dir='ltr'><strong>etiam</strong></span> <span class='ocrx_word' id='word_1_242' title='bbox 3054 803 3438 864; x_wconf 75' lang='lat' dir='ltr'><strong>ecclesiastico-</strong></span> 
     </span>
    </p>
   </div>
   <div class='ocr_carea' id='block_1_37' title="bbox 1865 902 3437 975">
    <p class='ocr_par' dir='ltr' id='par_1_37' title="bbox 1865 902 3437 975">
     <span class='ocr_line' id='line_1_37' title="bbox 1865 902 3437 975; baseline -0.006 -14"><span class='ocrx_word' id='word_1_243' title='bbox 1865 925 1980 961; x_wconf 87' lang='lat' dir='ltr'><strong>rum</strong></span> <span class='ocrx_word' id='word_1_244' title='bbox 2008 908 2537 962; x_wconf 79' lang='lat' dir='ltr'><strong>Tltcssalonicensium</strong></span> <span class='ocrx_word' id='word_1_245' title='bbox 2556 904 2809 975; x_wconf 76' lang='lat' dir='ltr'><strong>appositis</strong></span> <span class='ocrx_word' id='word_1_246' title='bbox 2845 903 3086 957; x_wconf 77' lang='lat' dir='ltr'><strong>crucibus</strong></span> <span class='ocrx_word' id='word_1_247' title='bbox 3120 902 3279 966; x_wconf 64' lang='lat' dir='ltr'><strong>pileo:</strong></span> <span class='ocrx_word' id='word_1_248' title='bbox 3313 916 3437 955; x_wconf 74' lang='lat' dir='ltr'><strong>suos</strong></span> 
     </span>
    </p>
   </div>
   <div class='ocr_carea' id='block_1_38' title="bbox 1866 1010 2206 1056">
    <p class='ocr_par' dir='ltr' id='par_1_38' title="bbox 1866 1010 2206 1056">
     <span class='ocr_line' id='line_1_38' title="bbox 1866 1010 2206 1056; baseline -0.009 0"><span class='ocrx_word' id='word_1_249' title='bbox 1866 1010 2206 1056; x_wconf 82' lang='lat' dir='ltr'><strong>ornaverunt.</strong></span> 
     </span>
    </p>
   </div>
   <div class='ocr_carea' id='block_1_39' title="bbox 2081 1173 3227 1243">
    <p class='ocr_par' dir='ltr' id='par_1_39' title="bbox 2081 1173 3227 1243">
     <span class='ocr_line' id='line_1_39' title="bbox 2081 1173 3227 1243; baseline -0.008 -11"><span class='ocrx_word' id='word_1_250' title='bbox 2081 1176 2356 1243; x_wconf 80' lang='lat' dir='ltr'><strong>Quomodo</strong></span> <span class='ocrx_word' id='word_1_251' title='bbox 2389 1176 2571 1230; x_wconf 83' lang='lat' dir='ltr'><strong>scribit</strong></span> <span class='ocrx_word' id='word_1_252' title='bbox 2606 1174 2674 1228; x_wconf 88' lang='lat' dir='ltr'><strong>ad</strong></span> <span class='ocrx_word' id='word_1_253' title='bbox 2709 1173 2934 1240; x_wconf 76' lang='lat' dir='ltr'><strong>reliquos</strong></span> <span class='ocrx_word' id='word_1_254' title='bbox 2967 1186 3227 1237; x_wconf 81' lang='lat' dir='ltr'><strong>proceres.</strong></span> 
     </span>
    </p>
   </div>
   <div class='ocr_carea' id='block_1_40' title="bbox 1935 1256 3439 1338">
    <p class='ocr_par' dir='ltr' id='par_1_40' title="bbox 1935 1256 3439 1338">
     <span class='ocr_line' id='line_1_40' title="bbox 1935 1256 3439 1338; baseline -0.008 -13"><span class='ocrx_word' id='word_1_255' title='bbox 1935 1270 2039 1338; x_wconf 81' lang='lat' dir='ltr'><strong>Qui</strong></span> <span class='ocrx_word' id='word_1_256' title='bbox 2068 1272 2122 1323; x_wconf 90' lang='lat' dir='ltr'><strong>iu</strong></span> <span class='ocrx_word' id='word_1_257' title='bbox 2150 1271 2253 1323; x_wconf 88' lang='lat' dir='ltr'><strong>hac</strong></span> <span class='ocrx_word' id='word_1_258' title='bbox 2278 1284 2308 1323; x_wconf 88' lang='lat' dir='ltr'><strong>a</strong></span> <span class='ocrx_word' id='word_1_259' title='bbox 2338 1268 2446 1322; x_wconf 88' lang='lat' dir='ltr'><strong>Deo</strong></span> <span class='ocrx_word' id='word_1_260' title='bbox 2474 1275 2685 1322; x_wconf 85' lang='lat' dir='ltr'><strong>servata</strong></span> <span class='ocrx_word' id='word_1_261' title='bbox 2711 1271 2766 1319; x_wconf 88' lang='lat' dir='ltr'><strong>et</strong></span> <span class='ocrx_word' id='word_1_262' title='bbox 2794 1262 2992 1317; x_wconf 80' lang='lat' dir='ltr'><strong>illustri</strong></span> <span class='ocrx_word' id='word_1_263' title='bbox 3018 1261 3238 1315; x_wconf 82' lang='lat' dir='ltr'><strong>civitate</strong></span> <span class='ocrx_word' id='word_1_264' title='bbox 3261 1256 3326 1312; x_wconf 81' lang='grc' dir='ltr'><strong>Ν.</strong></span> <span class='ocrx_word' id='word_1_265' title='bbox 3354 1274 3439 1314; x_wconf 89' lang='lat' dir='ltr'><strong>re-</strong></span> 
     </span>
    </p>
   </div>
   <div class='ocr_carea' id='block_1_41' title="bbox 1867 1351 3439 1434">
    <p class='ocr_par' dir='ltr' id='par_1_41' title="bbox 1867 1351 3439 1434">
     <span class='ocr_line' id='line_1_41' title="bbox 1867 1351 3439 1434; baseline -0.01 -15"><span class='ocrx_word' id='word_1_266' title='bbox 1867 1363 2118 1434; x_wconf 88' lang='lat' dir='ltr'><strong>perimini</strong></span> <span class='ocrx_word' id='word_1_267' title='bbox 2161 1359 2489 1415; x_wconf 83' lang='lat' dir='ltr'><strong>nobilissimi</strong></span> <span class='ocrx_word' id='word_1_268' title='bbox 2519 1356 2758 1421; x_wconf 90' lang='lat' dir='ltr'><strong>domini,</strong></span> <span class='ocrx_word' id='word_1_269' title='bbox 2791 1360 3061 1425; x_wconf 88' lang='lat' dir='ltr'><strong>quotquot</strong></span> <span class='ocrx_word' id='word_1_270' title='bbox 3091 1351 3247 1419; x_wconf 81' lang='lat' dir='ltr'><strong>primi</strong></span> <span class='ocrx_word' id='word_1_271' title='bbox 3277 1365 3439 1420; x_wconf 73' lang='lat' dir='ltr'><strong>gene-</strong></span> 
     </span>
    </p>
   </div>
   <div class='ocr_carea' id='block_1_42' title="bbox 1868 1441 3438 1524">
    <p class='ocr_par' dir='ltr' id='par_1_42' title="bbox 1868 1441 3438 1524">
     <span class='ocr_line' id='line_1_42' title="bbox 1868 1441 3438 1524; baseline -0.013 -11"><span class='ocrx_word' id='word_1_272' title='bbox 1868 1458 1946 1513; x_wconf 90' lang='lat' dir='ltr'><strong>ris</strong></span> <span class='ocrx_word' id='word_1_273' title='bbox 2007 1464 2060 1510; x_wconf 91' lang='lat' dir='ltr'><strong>et</strong></span> <span class='ocrx_word' id='word_1_274' title='bbox 2094 1454 2318 1524; x_wconf 79' lang='lat' dir='ltr'><strong>gloriosi</strong></span> <span class='ocrx_word' id='word_1_275' title='bbox 2348 1461 2402 1506; x_wconf 89' lang='lat' dir='ltr'><strong>et</strong></span> <span class='ocrx_word' id='word_1_276' title='bbox 2433 1448 2791 1505; x_wconf 73' lang='lat' dir='ltr'><strong>illustrissimi</strong></span> <span class='ocrx_word' id='word_1_277' title='bbox 2822 1446 3022 1516; x_wconf 77' lang='lat' dir='ltr'><strong>gradus</strong></span> <span class='ocrx_word' id='word_1_278' title='bbox 3052 1454 3102 1499; x_wconf 89' lang='lat' dir='ltr'><strong>et</strong></span> <span class='ocrx_word' id='word_1_279' title='bbox 3134 1442 3351 1511; x_wconf 75' lang='lat' dir='ltr'><strong>stirpis,</strong></span> <span class='ocrx_word' id='word_1_280' title='bbox 3383 1441 3438 1494; x_wconf 83' lang='lat' dir='ltr'><strong>in</strong></span> 
     </span>
    </p>
   </div>
   <div class='ocr_carea' id='block_1_43' title="bbox 1869 1533 3440 1615">
    <p class='ocr_par' dir='ltr' id='par_1_43' title="bbox 1869 1533 3440 1615">
     <span class='ocr_line' id='line_1_43' title="bbox 1869 1533 3440 1615; baseline -0.01 -13"><span class='ocrx_word' id='word_1_281' title='bbox 1869 1556 2059 1602; x_wconf 85' lang='lat' dir='ltr'><strong>sancto</strong></span> <span class='ocrx_word' id='word_1_282' title='bbox 2086 1544 2290 1615; x_wconf 85' lang='lat' dir='ltr'><strong>Spiritu</strong></span> <span class='ocrx_word' id='word_1_283' title='bbox 2312 1539 2788 1602; x_wconf 86' lang='lat' dir='ltr'><strong>desideratissimi,</strong></span> <span class='ocrx_word' id='word_1_284' title='bbox 2811 1547 2862 1593; x_wconf 92' lang='lat' dir='ltr'><strong>et</strong></span> <span class='ocrx_word' id='word_1_285' title='bbox 2888 1545 3087 1591; x_wconf 61' lang='lat' dir='ltr'><strong>nostrae</strong></span> <span class='ocrx_word' id='word_1_286' title='bbox 3114 1533 3440 1588; x_wconf 87' lang='lat' dir='ltr'><strong>humilitatis</strong></span> 
     </span>
    </p>
   </div>
   <div class='ocr_carea' id='block_1_44' title="bbox 1869 1625 3439 1708">
    <p class='ocr_par' dir='ltr' id='par_1_44' title="bbox 1869 1625 3439 1708">
     <span class='ocr_line' id='line_1_44' title="bbox 1869 1625 3439 1708; baseline -0.01 -17"><span class='ocrx_word' id='word_1_287' title='bbox 1869 1637 2113 1708; x_wconf 78' lang='lat' dir='ltr'><strong>germani</strong></span> <span class='ocrx_word' id='word_1_288' title='bbox 2148 1635 2239 1689; x_wconf 83' lang='lat' dir='ltr'><strong>lilii</strong></span> <span class='ocrx_word' id='word_1_289' title='bbox 2272 1652 2287 1688; x_wconf 91' lang='lat'><strong>:</strong></span> <span class='ocrx_word' id='word_1_290' title='bbox 2316 1634 2568 1705; x_wconf 86' lang='lat' dir='ltr'><strong>gratiam,</strong></span> <span class='ocrx_word' id='word_1_291' title='bbox 2617 1646 2823 1700; x_wconf 87' lang='lat' dir='ltr'><strong>pacem,</strong></span> <span class='ocrx_word' id='word_1_292' title='bbox 2856 1625 3313 1687; x_wconf 80' lang='lat' dir='ltr'><strong>misericordiam,</strong></span> <span class='ocrx_word' id='word_1_293' title='bbox 3348 1638 3439 1677; x_wconf 90' lang='lat' dir='ltr'><strong>sa-</strong></span> 
     </span>
    </p>
   </div>
   <div class='ocr_carea' id='block_1_45' title="bbox 1871 1715 3437 1795">
    <p class='ocr_par' dir='ltr' id='par_1_45' title="bbox 1871 1715 3437 1795">
     <span class='ocr_line' id='line_1_45' title="bbox 1871 1715 3437 1795; baseline -0.013 -12"><span class='ocrx_word' id='word_1_294' title='bbox 1871 1730 2035 1784; x_wconf 85' lang='lat' dir='ltr'><strong>lutem</strong></span> <span class='ocrx_word' id='word_1_295' title='bbox 2073 1728 2267 1781; x_wconf 58' lang='lat' dir='ltr'><strong>animus</strong></span> <span class='ocrx_word' id='word_1_296' title='bbox 2301 1736 2355 1781; x_wconf 91' lang='lat' dir='ltr'><strong>et</strong></span> <span class='ocrx_word' id='word_1_297' title='bbox 2389 1725 2637 1795; x_wconf 87' lang='lat' dir='ltr'><strong>corporis</strong></span> <span class='ocrx_word' id='word_1_298' title='bbox 2660 1762 2675 1787; x_wconf 84' lang='lat'><strong>,</strong></span> <span class='ocrx_word' id='word_1_299' title='bbox 2712 1732 2764 1775; x_wconf 87' lang='lat' dir='ltr'><strong>et</strong></span> <span class='ocrx_word' id='word_1_300' title='bbox 2798 1722 2842 1775; x_wconf 86' lang='lat' dir='ltr'><strong>si</strong></span> <span class='ocrx_word' id='word_1_301' title='bbox 2879 1718 3009 1788; x_wconf 91' lang='lat' dir='ltr'><strong>quid</strong></span> <span class='ocrx_word' id='word_1_302' title='bbox 3048 1717 3193 1770; x_wconf 81' lang='lat' dir='ltr'><strong>aliud</strong></span> <span class='ocrx_word' id='word_1_303' title='bbox 3231 1715 3437 1767; x_wconf 90' lang='lat' dir='ltr'><strong>bonum</strong></span> 
     </span>
    </p>
   </div>
   <div class='ocr_carea' id='block_1_46' title="bbox 1871 1803 3442 1878">
    <p class='ocr_par' dir='ltr' id='par_1_46' title="bbox 1871 1803 3442 1878">
     <span class='ocr_line' id='line_1_46' title="bbox 1871 1803 3442 1878; baseline -0.013 -1"><span class='ocrx_word' id='word_1_304' title='bbox 1871 1823 2033 1878; x_wconf 85' lang='lat' dir='ltr'><strong>simul</strong></span> <span class='ocrx_word' id='word_1_305' title='bbox 2060 1836 2122 1875; x_wconf 84' lang='lat' dir='ltr'><strong>ac</strong></span> <span class='ocrx_word' id='word_1_306' title='bbox 2146 1822 2386 1875; x_wconf 84' lang='lat' dir='ltr'><strong>salutare</strong></span> <span class='ocrx_word' id='word_1_307' title='bbox 2410 1816 2647 1878; x_wconf 78' lang='lat' dir='ltr'><strong>exsistit,</strong></span> <span class='ocrx_word' id='word_1_308' title='bbox 2674 1810 2807 1867; x_wconf 92' lang='lat' dir='ltr'><strong>illud</strong></span> <span class='ocrx_word' id='word_1_309' title='bbox 2838 1811 2905 1865; x_wconf 88' lang='lat' dir='ltr'><strong>ab</strong></span> <span class='ocrx_word' id='word_1_310' title='bbox 2929 1811 3303 1878; x_wconf 88' lang='lat' dir='ltr'><strong>omnipotente</strong></span> <span class='ocrx_word' id='word_1_311' title='bbox 3335 1803 3442 1857; x_wconf 76' lang='lat' dir='ltr'><strong>Deo</strong></span> 
     </span>
    </p>
   </div>
   <div class='ocr_carea' id='block_1_47' title="bbox 1866 1908 3195 1987">
    <p class='ocr_par' dir='ltr' id='par_1_47' title="bbox 1866 1908 3195 1987">
     <span class='ocr_line' id='line_1_47' title="bbox 1866 1908 3195 1987; baseline -0.015 -16"><span class='ocrx_word' id='word_1_312' title='bbox 1866 1914 2125 1987; x_wconf 80' lang='lat' dir='ltr'><strong>probitati</strong></span> <span class='ocrx_word' id='word_1_313' title='bbox 2159 1920 2357 1966; x_wconf 74' lang='lat' dir='ltr'><strong>vestrae</strong></span> <span class='ocrx_word' id='word_1_314' title='bbox 2390 1908 2673 1963; x_wconf 82' lang='lat' dir='ltr'><strong>humilitas</strong></span> <span class='ocrx_word' id='word_1_315' title='bbox 2701 1913 2888 1959; x_wconf 85' lang='lat' dir='ltr'><strong>nostra</strong></span> <span class='ocrx_word' id='word_1_316' title='bbox 2924 1910 3195 1972; x_wconf 81' lang='lat' dir='ltr'><strong>precatur.</strong></span> 
     </span>
    </p>
   </div>
   <div class='ocr_carea' id='block_1_48' title="bbox 1937 1990 3434 2075">
    <p class='ocr_par' dir='ltr' id='par_1_48' title="bbox 1937 1990 3434 2075">
     <span class='ocr_line' id='line_1_48' title="bbox 1937 1990 3434 2075; baseline -0.012 -14"><span class='ocrx_word' id='word_1_317' title='bbox 1937 2007 2001 2061; x_wconf 84' lang='lat' dir='ltr'><strong>In</strong></span> <span class='ocrx_word' id='word_1_318' title='bbox 2029 2007 2166 2075; x_wconf 81' lang='lat' dir='ltr'><strong>ﬁne:</strong></span> <span class='ocrx_word' id='word_1_319' title='bbox 2192 2003 2374 2057; x_wconf 80' lang='lat' dir='ltr'><strong>Gratia</strong></span> <span class='ocrx_word' id='word_1_320' title='bbox 2402 2000 2494 2055; x_wconf 83' lang='lat' dir='ltr'><strong>Dei</strong></span> <span class='ocrx_word' id='word_1_321' title='bbox 2517 1999 2665 2053; x_wconf 90' lang='lat' dir='ltr'><strong>omni</strong></span> <span class='ocrx_word' id='word_1_322' title='bbox 2697 1997 2925 2051; x_wconf 85' lang='lat' dir='ltr'><strong>adverso</strong></span> <span class='ocrx_word' id='word_1_323' title='bbox 2954 2000 3150 2048; x_wconf 85' lang='lat' dir='ltr'><strong>eventu</strong></span> <span class='ocrx_word' id='word_1_324' title='bbox 3179 1990 3434 2060; x_wconf 84' lang='lat' dir='ltr'><strong>superio-</strong></span> 
     </span>
    </p>
   </div>
   <div class='ocr_carea' id='block_1_49' title="bbox 1865 2098 2432 2164">
    <p class='ocr_par' dir='ltr' id='par_1_49' title="bbox 1865 2098 2432 2164">
     <span class='ocr_line' id='line_1_49' title="bbox 1865 2098 2432 2164; baseline -0.019 -11"><span class='ocrx_word' id='word_1_325' title='bbox 1865 2112 1954 2153; x_wconf 84' lang='lat' dir='ltr'><strong>res</strong></span> <span class='ocrx_word' id='word_1_326' title='bbox 1989 2112 2086 2150; x_wconf 89' lang='lat' dir='ltr'><strong>vos</strong></span> <span class='ocrx_word' id='word_1_327' title='bbox 2120 2098 2432 2164; x_wconf 71' lang='lat' dir='ltr'><strong>prmservct.</strong></span> 
     </span>
    </p>
   </div>
   <div class='ocr_carea' id='block_1_50' title="bbox 2007 2178 3298 2254">
    <p class='ocr_par' dir='ltr' id='par_1_50' title="bbox 2007 2178 3298 2254">
     <span class='ocr_line' id='line_1_50' title="bbox 2007 2178 3298 2254; baseline -0.014 -12"><span class='ocrx_word' id='word_1_328' title='bbox 2007 2186 2281 2254; x_wconf 83' lang='lat' dir='ltr'><strong><em>Quomodo</em></strong></span> <span class='ocrx_word' id='word_1_329' title='bbox 2312 2185 2493 2238; x_wconf 82' lang='lat' dir='ltr'><strong>scribit</strong></span> <span class='ocrx_word' id='word_1_330' title='bbox 2522 2180 2594 2234; x_wconf 85' lang='lat' dir='ltr'><strong>ad</strong></span> <span class='ocrx_word' id='word_1_331' title='bbox 2626 2178 3003 2234; x_wconf 81' lang='lat' dir='ltr'><strong>ecclesiasticos</strong></span> <span class='ocrx_word' id='word_1_332' title='bbox 3036 2189 3298 2241; x_wconf 79' lang='lat' dir='ltr'><strong>proceres.</strong></span> 
     </span>
    </p>
   </div>
   <div class='ocr_carea' id='block_1_51' title="bbox 1936 2270 3447 2338">
    <p class='ocr_par' dir='ltr' id='par_1_51' title="bbox 1936 2270 3447 2338">
     <span class='ocr_line' id='line_1_51' title="bbox 1936 2270 3447 2338; baseline -0.015 -4"><span class='ocrx_word' id='word_1_333' title='bbox 1936 2276 2408 2334; x_wconf 84' lang='lat' dir='ltr'><strong>llonorandissimi</strong></span> <span class='ocrx_word' id='word_1_334' title='bbox 2433 2270 2802 2329; x_wconf 82' lang='lat' dir='ltr'><strong>ecclesiastici</strong></span> <span class='ocrx_word' id='word_1_335' title='bbox 2827 2281 3081 2338; x_wconf 82' lang='lat' dir='ltr'><strong>proceres</strong></span> <span class='ocrx_word' id='word_1_336' title='bbox 3107 2272 3303 2319; x_wconf 75' lang='lat' dir='ltr'><strong>nostra:</strong></span> <span class='ocrx_word' id='word_1_337' title='bbox 3326 2277 3447 2315; x_wconf 87' lang='lat' dir='ltr'><strong>sau-</strong></span> 
     </span>
    </p>
   </div>
   <div class='ocr_carea' id='block_1_52' title="bbox 1868 2353 3448 2436">
    <p class='ocr_par' dir='ltr' id='par_1_52' title="bbox 1868 2353 3448 2436">
     <span class='ocr_line' id='line_1_52' title="bbox 1868 2353 3448 2436; baseline -0.014 -8"><span class='ocrx_word' id='word_1_338' title='bbox 1868 2372 2127 2428; x_wconf 72' lang='lat' dir='ltr'><strong>ctissimm</strong></span> <span class='ocrx_word' id='word_1_339' title='bbox 2159 2367 2477 2436; x_wconf 84' lang='lat' dir='ltr'><strong>metropolis</strong></span> <span class='ocrx_word' id='word_1_340' title='bbox 2505 2362 2568 2418; x_wconf 83' lang='lat' dir='ltr'><strong>N.</strong></span> <span class='ocrx_word' id='word_1_341' title='bbox 2599 2374 2653 2418; x_wconf 89' lang='lat' dir='ltr'><strong>et</strong></span> <span class='ocrx_word' id='word_1_342' title='bbox 2691 2371 2810 2432; x_wconf 86' lang='lat' dir='ltr'><strong>post</strong></span> <span class='ocrx_word' id='word_1_343' title='bbox 2841 2363 2989 2431; x_wconf 82' lang='lat' dir='ltr'><strong>ipsos</strong></span> <span class='ocrx_word' id='word_1_344' title='bbox 3018 2353 3448 2411; x_wconf 63' lang='lat' dir='ltr'><strong>honoriﬁcentis&#39;</strong></span> 
     </span>
    </p>
   </div>
   <div class='ocr_carea' id='block_1_53' title="bbox 1868 2450 3439 2530">
    <p class='ocr_par' dir='ltr' id='par_1_53' title="bbox 1868 2450 3439 2530">
     <span class='ocr_line' id='line_1_53' title="bbox 1868 2450 3439 2530; baseline -0.01 -11"><span class='ocrx_word' id='word_1_345' title='bbox 1868 2464 1990 2520; x_wconf 85' lang='lat' dir='ltr'><strong>simi</strong></span> <span class='ocrx_word' id='word_1_346' title='bbox 2031 2472 2085 2517; x_wconf 88' lang='lat' dir='ltr'><strong>et</strong></span> <span class='ocrx_word' id='word_1_347' title='bbox 2122 2458 2517 2530; x_wconf 78' lang='lat' dir='ltr'><strong>religiosissimi</strong></span> <span class='ocrx_word' id='word_1_348' title='bbox 2560 2455 2766 2519; x_wconf 87' lang='lat' dir='ltr'><strong>clerici,</strong></span> <span class='ocrx_word' id='word_1_349' title='bbox 2803 2461 2856 2507; x_wconf 88' lang='lat' dir='ltr'><strong>et</strong></span> <span class='ocrx_word' id='word_1_350' title='bbox 2895 2459 3163 2522; x_wconf 86' lang='lat' dir='ltr'><strong>quotquot</strong></span> <span class='ocrx_word' id='word_1_351' title='bbox 3202 2450 3341 2504; x_wconf 85' lang='lat' dir='ltr'><strong>sacri</strong></span> <span class='ocrx_word' id='word_1_352' title='bbox 3384 2456 3439 2503; x_wconf 79' lang='lat' dir='ltr'><strong>ct</strong></span> 
     </span>
    </p>
   </div>
   <div class='ocr_carea' id='block_1_54' title="bbox 1872 2541 3447 2609">
    <p class='ocr_par' dir='ltr' id='par_1_54' title="bbox 1872 2541 3447 2609">
     <span class='ocr_line' id='line_1_54' title="bbox 1872 2541 3447 2609; baseline -0.011 0"><span class='ocrx_word' id='word_1_353' title='bbox 1872 2553 2155 2609; x_wconf 86' lang='lat' dir='ltr'><strong>monastici</strong></span> <span class='ocrx_word' id='word_1_354' title='bbox 2201 2551 2409 2606; x_wconf 88' lang='lat' dir='ltr'><strong>ordinis</strong></span> <span class='ocrx_word' id='word_1_355' title='bbox 2447 2566 2462 2602; x_wconf 89' lang='lat'><strong>:</strong></span> <span class='ocrx_word' id='word_1_356' title='bbox 2499 2547 2683 2602; x_wconf 85' lang='lat' dir='ltr'><strong>dilecti</strong></span> <span class='ocrx_word' id='word_1_357' title='bbox 2728 2547 2782 2599; x_wconf 92' lang='lat' dir='ltr'><strong>in</strong></span> <span class='ocrx_word' id='word_1_358' title='bbox 2829 2542 3061 2597; x_wconf 82' lang='lat' dir='ltr'><strong>Domino</strong></span> <span class='ocrx_word' id='word_1_359' title='bbox 3106 2541 3198 2595; x_wconf 88' lang='lat' dir='ltr'><strong>lilii</strong></span> <span class='ocrx_word' id='word_1_360' title='bbox 3245 2548 3447 2592; x_wconf 76' lang='lat' dir='ltr'><strong>nosle</strong></span> 
     </span>
    </p>
   </div>
   <div class='ocr_carea' id='block_1_55' title="bbox 1872 2630 3447 2713">
    <p class='ocr_par' dir='ltr' id='par_1_55' title="bbox 1872 2630 3447 2713">
     <span class='ocr_line' id='line_1_55' title="bbox 1872 2630 3447 2713; baseline -0.014 -9"><span class='ocrx_word' id='word_1_361' title='bbox 1872 2646 2200 2704; x_wconf 84' lang='lat' dir='ltr'><strong>humilitatis</strong></span> <span class='ocrx_word' id='word_1_362' title='bbox 2229 2662 2243 2698; x_wconf 88' lang='lat'><strong>:</strong></span> <span class='ocrx_word' id='word_1_363' title='bbox 2276 2642 2448 2713; x_wconf 77' lang='lat' dir='ltr'><strong>gratia</strong></span> <span class='ocrx_word' id='word_1_364' title='bbox 2475 2640 2629 2695; x_wconf 83' lang='lat' dir='ltr'><strong>vobis</strong></span> <span class='ocrx_word' id='word_1_365' title='bbox 2677 2646 2731 2693; x_wconf 89' lang='lat' dir='ltr'><strong>et</strong></span> <span class='ocrx_word' id='word_1_366' title='bbox 2765 2652 2868 2707; x_wconf 82' lang='lat' dir='ltr'><strong>pax</strong></span> <span class='ocrx_word' id='word_1_367' title='bbox 2900 2643 2955 2690; x_wconf 92' lang='lat' dir='ltr'><strong>et</strong></span> <span class='ocrx_word' id='word_1_368' title='bbox 2985 2636 3229 2688; x_wconf 79' lang='lat' dir='ltr'><strong>Charitas</strong></span> <span class='ocrx_word' id='word_1_369' title='bbox 3259 2630 3447 2684; x_wconf 88' lang='lat' dir='ltr'><strong>multi-</strong></span> 
     </span>
    </p>
   </div>
   <div class='ocr_carea' id='block_1_56' title="bbox 1873 2721 3446 2811">
    <p class='ocr_par' dir='ltr' id='par_1_56' title="bbox 1873 2721 3446 2811">
     <span class='ocr_line' id='line_1_56' title="bbox 1873 2721 3446 2811; baseline -0.013 -15"><span class='ocrx_word' id='word_1_370' title='bbox 1873 2742 2103 2811; x_wconf 85' lang='lat' dir='ltr'><strong>plicetur</strong></span> <span class='ocrx_word' id='word_1_371' title='bbox 2128 2753 2159 2792; x_wconf 85' lang='lat' dir='ltr'><strong>a</strong></span> <span class='ocrx_word' id='word_1_372' title='bbox 2190 2736 2299 2792; x_wconf 86' lang='lat' dir='ltr'><strong>Deo</strong></span> <span class='ocrx_word' id='word_1_373' title='bbox 2330 2734 2507 2798; x_wconf 81' lang='lat' dir='ltr'><strong>Patre,</strong></span> <span class='ocrx_word' id='word_1_374' title='bbox 2540 2747 2635 2802; x_wconf 91' lang='lat' dir='ltr'><strong>per</strong></span> <span class='ocrx_word' id='word_1_375' title='bbox 2664 2730 2949 2785; x_wconf 86' lang='lat' dir='ltr'><strong>Dominum</strong></span> <span class='ocrx_word' id='word_1_376' title='bbox 2982 2735 3230 2781; x_wconf 89' lang='lat' dir='ltr'><strong>nostrum</strong></span> <span class='ocrx_word' id='word_1_377' title='bbox 3259 2721 3446 2779; x_wconf 85' lang='lat' dir='ltr'><strong>Jesum</strong></span> 
     </span>
    </p>
   </div>
   <div class='ocr_carea' id='block_1_57' title="bbox 1874 2824 2752 2894">
    <p class='ocr_par' dir='ltr' id='par_1_57' title="bbox 1874 2824 2752 2894">
     <span class='ocr_line' id='line_1_57' title="bbox 1874 2824 2752 2894; baseline -0.013 -6"><span class='ocrx_word' id='word_1_378' title='bbox 1874 2834 2175 2893; x_wconf 84' lang='lat' dir='ltr'><strong>Christum,</strong></span> <span class='ocrx_word' id='word_1_379' title='bbox 2212 2829 2264 2883; x_wconf 93' lang='lat' dir='ltr'><strong>in</strong></span> <span class='ocrx_word' id='word_1_380' title='bbox 2295 2834 2485 2881; x_wconf 88' lang='lat' dir='ltr'><strong>sancto</strong></span> <span class='ocrx_word' id='word_1_381' title='bbox 2521 2824 2752 2894; x_wconf 85' lang='lat' dir='ltr'><strong>Spiritu.</strong></span> 
     </span>
    </p>
   </div>
   <div class='ocr_carea' id='block_1_58' title="bbox 1947 2910 3237 2990">
    <p class='ocr_par' dir='ltr' id='par_1_58' title="bbox 1947 2910 3237 2990">
     <span class='ocr_line' id='line_1_58' title="bbox 1947 2910 3237 2990; baseline -0.011 -14"><span class='ocrx_word' id='word_1_382' title='bbox 1947 2923 2012 2977; x_wconf 87' lang='lat' dir='ltr'><strong>lu</strong></span> <span class='ocrx_word' id='word_1_383' title='bbox 2044 2923 2165 2990; x_wconf 80' lang='lat' dir='ltr'><strong>fine.</strong></span> <span class='ocrx_word' id='word_1_384' title='bbox 2201 2919 2388 2975; x_wconf 85' lang='lat' dir='ltr'><strong>Gratia</strong></span> <span class='ocrx_word' id='word_1_385' title='bbox 2423 2917 2515 2971; x_wconf 87' lang='lat' dir='ltr'><strong>Dci</strong></span> <span class='ocrx_word' id='word_1_386' title='bbox 2547 2917 2618 2970; x_wconf 85' lang='lat' dir='ltr'><strong>sit</strong></span> <span class='ocrx_word' id='word_1_387' title='bbox 2644 2914 2927 2969; x_wconf 80' lang='lat' dir='ltr'><strong>vobiscum</strong></span> <span class='ocrx_word' id='word_1_388' title='bbox 2958 2910 3237 2966; x_wconf 86' lang='lat' dir='ltr'><strong>omnibus.</strong></span> 
     </span>
    </p>
   </div>
   <div class='ocr_carea' id='block_1_59' title="bbox 2045 3087 3280 3164">
    <p class='ocr_par' dir='ltr' id='par_1_59' title="bbox 2045 3087 3280 3164">
     <span class='ocr_line' id='line_1_59' title="bbox 2045 3087 3280 3164; baseline -0.007 -12"><span class='ocrx_word' id='word_1_389' title='bbox 2045 3096 2316 3164; x_wconf 86' lang='lat' dir='ltr'><strong>Quomodo</strong></span> <span class='ocrx_word' id='word_1_390' title='bbox 2348 3095 2531 3150; x_wconf 75' lang='lat' dir='ltr'><strong>scribit</strong></span> <span class='ocrx_word' id='word_1_391' title='bbox 2560 3093 2627 3146; x_wconf 85' lang='lat' dir='ltr'><strong>ad</strong></span> <span class='ocrx_word' id='word_1_392' title='bbox 2660 3107 2980 3145; x_wconf 84' lang='lat' dir='ltr'><strong>communem</strong></span> <span class='ocrx_word' id='word_1_393' title='bbox 3010 3087 3280 3157; x_wconf 82' lang='lat' dir='ltr'><strong>populum.</strong></span> 
     </span>
    </p>
   </div>
   <div class='ocr_carea' id='block_1_60' title="bbox 263 3174 1770 3271">
    <p class='ocr_par' dir='ltr' id='par_1_60' title="bbox 263 3174 1770 3271">
     <span class='ocr_line' id='line_1_60' title="bbox 263 3174 1770 3249; baseline 0.004 -24"><span class='ocrx_word' id='word_1_394' title='bbox 263 3174 517 3226; x_wconf 84' lang='grc' dir='ltr'><strong>Ἐποικοι</strong></span> <span class='ocrx_word' id='word_1_395' title='bbox 546 3174 805 3245; x_wconf 78' lang='grc' dir='ltr'><strong>ἄρχοντες</strong></span> <span class='ocrx_word' id='word_1_396' title='bbox 857 3176 1017 3244; x_wconf 79' lang='grc' dir='ltr'><strong>τῆσδε</strong></span> <span class='ocrx_word' id='word_1_397' title='bbox 1082 3178 1289 3231; x_wconf 85' lang='grc' dir='ltr'><strong>σωστοῦ</strong></span> <span class='ocrx_word' id='word_1_398' title='bbox 1343 3178 1437 3231; x_wconf 78' lang='grc' dir='ltr'><strong>καὶ</strong></span> <span class='ocrx_word' id='word_1_399' title='bbox 1484 3195 1770 3249; x_wconf 84' lang='grc' dir='ltr'><strong>περιφανε-</strong></span> 
     </span>
     <span class='ocr_line' id='line_1_61' title="bbox 270 3250 1770 3271; baseline 0 0"><span class='ocrx_word' id='word_1_400' title='bbox 270 3268 279 3271; x_wconf 43' lang='grc' dir='ltr'><em>Α</em></span> <span class='ocrx_word' id='word_1_401' title='bbox 479 3265 509 3271; x_wconf 83' lang='grc'><strong>--</strong></span> <span class='ocrx_word' id='word_1_402' title='bbox 744 3267 769 3271; x_wconf 87' lang='lat'><strong>__</strong></span> <span class='ocrx_word' id='word_1_403' title='bbox 818 3267 835 3271; x_wconf 75' lang='lat'>_</span> <span class='ocrx_word' id='word_1_404' title='bbox 949 3268 969 3271; x_wconf 54' lang='grc' dir='ltr'>μ</span> <span class='ocrx_word' id='word_1_405' title='bbox 1412 3270 1417 3271; x_wconf 61' lang='lat'><strong><em>,</em></strong></span> <span class='ocrx_word' id='word_1_406' title='bbox 1757 3250 1770 3271; x_wconf 70' lang='grc' dir='ltr'>Ὶ</span> 
     </span>
    </p>
   </div>
   <div class='ocr_carea' id='block_1_61' title="bbox 1873 3174 3451 3271">
    <p class='ocr_par' dir='ltr' id='par_1_61' title="bbox 1951 3178 3451 3257">
     <span class='ocr_line' id='line_1_62' title="bbox 1951 3178 3451 3257; baseline -0.008 -14"><span class='ocrx_word' id='word_1_407' title='bbox 1951 3191 2140 3244; x_wconf 75' lang='lat' dir='ltr'><strong>Incolae</strong></span> <span class='ocrx_word' id='word_1_408' title='bbox 2186 3202 2440 3257; x_wconf 86' lang='lat' dir='ltr'><strong>proceres</strong></span> <span class='ocrx_word' id='word_1_409' title='bbox 2484 3202 2514 3239; x_wconf 89' lang='lat' dir='ltr'><strong>a</strong></span> <span class='ocrx_word' id='word_1_410' title='bbox 2558 3184 2665 3239; x_wconf 87' lang='lat' dir='ltr'><strong>Deo</strong></span> <span class='ocrx_word' id='word_1_411' title='bbox 2705 3190 2935 3239; x_wconf 74' lang='lat' dir='ltr'><strong>servata:</strong></span> <span class='ocrx_word' id='word_1_412' title='bbox 2971 3191 3028 3235; x_wconf 87' lang='lat' dir='ltr'><strong>et</strong></span> <span class='ocrx_word' id='word_1_413' title='bbox 3066 3178 3451 3234; x_wconf 67' lang='lat' dir='ltr'><strong>illustrissimus</strong></span> 
     </span>
    </p>
   </div>
   <div class='ocr_carea' id='block_1_62' title="bbox 188 3250 1780 3338">
    <p class='ocr_par' dir='ltr' id='par_1_62' title="bbox 188 3250 1780 3338">
     <span class='ocr_line' id='line_1_63' title="bbox 188 3250 1780 3338; baseline 0.004 -21"><span class='ocrx_word' id='word_1_414' title='bbox 188 3268 392 3333; x_wconf 83' lang='grc' dir='ltr'><strong>στάτης</strong></span> <span class='ocrx_word' id='word_1_415' title='bbox 423 3265 653 3329; x_wconf 75' lang='grc' dir='ltr'><strong>πόλεως,</strong></span> <span class='ocrx_word' id='word_1_416' title='bbox 709 3267 891 3335; x_wconf 82' lang='grc' dir='ltr'><strong>τῆσδε,</strong></span> <span class='ocrx_word' id='word_1_417' title='bbox 943 3268 1055 3321; x_wconf 82' lang='grc' dir='ltr'><strong>ὅσοι</strong></span> <span class='ocrx_word' id='word_1_418' title='bbox 1102 3286 1159 3320; x_wconf 91' lang='grc' dir='ltr'><strong>τε</strong></span> <span class='ocrx_word' id='word_1_419' title='bbox 1190 3272 1286 3338; x_wconf 79' lang='grc' dir='ltr'><strong>τῆς</strong></span> <span class='ocrx_word' id='word_1_420' title='bbox 1338 3270 1636 3334; x_wconf 85' lang='grc' dir='ltr'><strong>πολιτείας,</strong></span> <span class='ocrx_word' id='word_1_421' title='bbox 1686 3250 1780 3324; x_wconf 75' lang='grc' dir='ltr'><strong>καὶ</strong></span> 
     </span>
    </p>
   </div>
   <div class='ocr_carea' id='block_1_63' title="bbox 185 3356 1781 3426">
    <p class='ocr_par' dir='ltr' id='par_1_63' title="bbox 185 3356 1781 3426">
     <span class='ocr_line' id='line_1_64' title="bbox 185 3356 1781 3426; baseline 0.004 -19"><span class='ocrx_word' id='word_1_422' title='bbox 185 3359 298 3407; x_wconf 73' lang='grc' dir='ltr'><strong>ὅσοι</strong></span> <span class='ocrx_word' id='word_1_423' title='bbox 352 3356 450 3409; x_wconf 88' lang='grc' dir='ltr'><strong>τοῦ</strong></span> <span class='ocrx_word' id='word_1_424' title='bbox 509 3356 776 3410; x_wconf 77' lang='grc' dir='ltr'><strong>ἰδιωτικοῦ</strong></span> <span class='ocrx_word' id='word_1_425' title='bbox 810 3358 1131 3426; x_wconf 85' lang='grc' dir='ltr'><strong>καταλόγου,</strong></span> <span class='ocrx_word' id='word_1_426' title='bbox 1188 3360 1287 3413; x_wconf 69' lang='grc' dir='ltr'><strong>καὶ</strong></span> <span class='ocrx_word' id='word_1_427' title='bbox 1329 3362 1357 3413; x_wconf 90' lang='grc' dir='ltr'>ὁ</span> <span class='ocrx_word' id='word_1_428' title='bbox 1410 3360 1597 3425; x_wconf 81' lang='grc' dir='ltr'><strong>λοιπὸς</strong></span> <span class='ocrx_word' id='word_1_429' title='bbox 1637 3363 1781 3424; x_wconf 79' lang='grc' dir='ltr'><strong>ἅπας</strong></span> 
     </span>
    </p>
   </div>
   <div class='ocr_carea' id='block_1_64' title="bbox 185 3446 1779 3523">
    <p class='ocr_par' dir='ltr' id='par_1_64' title="bbox 185 3446 1779 3523">
     <span class='ocr_line' id='line_1_65' title="bbox 185 3446 1779 3523; baseline 0.006 -26"><span class='ocrx_word' id='word_1_430' title='bbox 185 3448 279 3499; x_wconf 85' lang='grc' dir='ltr'><strong>τοῦ</strong></span> <span class='ocrx_word' id='word_1_431' title='bbox 315 3447 522 3517; x_wconf 74' lang='grc' dir='ltr'><strong>Κυρίου</strong></span> <span class='ocrx_word' id='word_1_432' title='bbox 551 3446 565 3496; x_wconf 76' lang='lat' dir='ltr'><strong>i</strong></span> <span class='ocrx_word' id='word_1_433' title='bbox 608 3446 735 3511; x_wconf 77' lang='grc' dir='ltr'><strong>λαὸς</strong></span> <span class='ocrx_word' id='word_1_434' title='bbox 784 3449 813 3501; x_wconf 88' lang='grc' dir='ltr'><strong>ό</strong></span> <span class='ocrx_word' id='word_1_435' title='bbox 843 3450 1222 3519; x_wconf 86' lang='grc' dir='ltr'><strong>χριστώνυμος</strong></span> <span class='ocrx_word' id='word_1_436' title='bbox 1247 3467 1263 3483; x_wconf 79' lang='grc' dir='ltr'><strong>ο</strong></span> <span class='ocrx_word' id='word_1_437' title='bbox 1293 3452 1458 3506; x_wconf 82' lang='grc' dir='ltr'><strong>τέκνα</strong></span> <span class='ocrx_word' id='word_1_438' title='bbox 1504 3454 1563 3505; x_wconf 81' lang='grc' dir='ltr'><strong>ὲν</strong></span> <span class='ocrx_word' id='word_1_439' title='bbox 1594 3454 1779 3523; x_wconf 80' lang='grc' dir='ltr'><strong>Κυρίῳ</strong></span> 
     </span>
    </p>
   </div>
   <div class='ocr_carea' id='block_1_65' title="bbox 185 3540 1776 3616">
    <p class='ocr_par' dir='ltr' id='par_1_65' title="bbox 185 3540 1776 3616">
     <span class='ocr_line' id='line_1_66' title="bbox 185 3540 1776 3616; baseline 0.006 -25"><span class='ocrx_word' id='word_1_440' title='bbox 185 3540 449 3609; x_wconf 79' lang='grc' dir='ltr'><strong>ἀγαπητά</strong></span> <span class='ocrx_word' id='word_1_441' title='bbox 488 3540 587 3609; x_wconf 79' lang='grc' dir='ltr'><strong>τῆς</strong></span> <span class='ocrx_word' id='word_1_442' title='bbox 620 3540 777 3610; x_wconf 77' lang='grc' dir='ltr'><strong>ἡμῶν</strong></span> <span class='ocrx_word' id='word_1_443' title='bbox 835 3542 1229 3611; x_wconf 84' lang='grc' dir='ltr'><strong>ταπεινότητος</strong></span> <span class='ocrx_word' id='word_1_444' title='bbox 1258 3560 1272 3574; x_wconf 78' lang='grc'><em>’</em></span> <span class='ocrx_word' id='word_1_445' title='bbox 1306 3546 1501 3616; x_wconf 87' lang='grc' dir='ltr'><strong>Χάριν,</strong></span> <span class='ocrx_word' id='word_1_446' title='bbox 1534 3547 1776 3616; x_wconf 69' lang='grc' dir='ltr'><strong>εἰρήνηνν</strong></span> 
     </span>
    </p>
   </div>
   <div class='ocr_carea' id='block_1_66' title="bbox 185 3630 1777 3707">
    <p class='ocr_par' dir='ltr' id='par_1_66' title="bbox 185 3630 1777 3707">
     <span class='ocr_line' id='line_1_67' title="bbox 185 3630 1777 3707; baseline 0.003 -24"><span class='ocrx_word' id='word_1_447' title='bbox 185 3632 359 3692; x_wconf 71' lang='grc' dir='ltr'><strong>ἔλεος,</strong></span> <span class='ocrx_word' id='word_1_448' title='bbox 418 3633 512 3684; x_wconf 71' lang='grc' dir='ltr'><strong>καὶ</strong></span> <span class='ocrx_word' id='word_1_449' title='bbox 550 3630 679 3683; x_wconf 76' lang='grc' dir='ltr'><strong>ἄλλο</strong></span> <span class='ocrx_word' id='word_1_450' title='bbox 735 3632 789 3684; x_wconf 81' lang='grc' dir='ltr'><strong>ετ</strong></span> <span class='ocrx_word' id='word_1_451' title='bbox 828 3650 882 3685; x_wconf 91' lang='grc' dir='ltr'><strong>τι</strong></span> <span class='ocrx_word' id='word_1_452' title='bbox 905 3634 1108 3702; x_wconf 78' lang='grc' dir='ltr'><strong>ἀγαθὸν</strong></span> <span class='ocrx_word' id='word_1_453' title='bbox 1156 3635 1289 3704; x_wconf 79' lang='grc' dir='ltr'><strong>ὁμοῦ</strong></span> <span class='ocrx_word' id='word_1_454' title='bbox 1338 3640 1433 3689; x_wconf 79' lang='grc' dir='ltr'><strong>καὶ</strong></span> <span class='ocrx_word' id='word_1_455' title='bbox 1486 3640 1777 3707; x_wconf 85' lang='grc' dir='ltr'><strong>σωτήριον,</strong></span> 
     </span>
    </p>
   </div>
   <div class='ocr_carea' id='block_1_67' title="bbox 186 3722 1780 3799">
    <p class='ocr_par' dir='ltr' id='par_1_67' title="bbox 186 3722 1780 3799">
     <span class='ocr_line' id='line_1_68' title="bbox 186 3722 1780 3799; baseline 0.007 -28"><span class='ocrx_word' id='word_1_456' title='bbox 186 3722 486 3790; x_wconf 73' lang='grc' dir='ltr'><strong>ἐπεύχεται</strong></span> <span class='ocrx_word' id='word_1_457' title='bbox 516 3722 644 3791; x_wconf 85' lang='grc' dir='ltr'><strong>ὑμῖν</strong></span> <span class='ocrx_word' id='word_1_458' title='bbox 674 3722 877 3778; x_wconf 79' lang='grc' dir='ltr'><strong>ἅπασιν</strong></span> <span class='ocrx_word' id='word_1_459' title='bbox 904 3726 938 3795; x_wconf 80' lang='grc' dir='ltr'>ἡ</span> <span class='ocrx_word' id='word_1_460' title='bbox 969 3726 1262 3798; x_wconf 84' lang='grc' dir='ltr'><strong>μετριότης</strong></span> <span class='ocrx_word' id='word_1_461' title='bbox 1306 3728 1462 3799; x_wconf 78' lang='grc' dir='ltr'><strong>ἡμῶν</strong></span> <span class='ocrx_word' id='word_1_462' title='bbox 1504 3731 1612 3783; x_wconf 77' lang='grc' dir='ltr'><strong>άπὸ</strong></span> <span class='ocrx_word' id='word_1_463' title='bbox 1645 3729 1780 3782; x_wconf 84' lang='grc' dir='ltr'><strong>Θεοῦ</strong></span> 
     </span>
    </p>
   </div>
   <div class='ocr_carea' id='block_1_68' title="bbox 189 3809 659 3880">
    <p class='ocr_par' dir='ltr' id='par_1_68' title="bbox 189 3809 659 3880">
     <span class='ocr_line' id='line_1_69' title="bbox 189 3809 659 3880; baseline 0.006 -21"><span class='ocrx_word' id='word_1_464' title='bbox 189 3809 659 3880; x_wconf 75' lang='grc' dir='ltr'><strong>παντοκράτορος.</strong></span> 
     </span>
    </p>
   </div>
   <div class='ocr_carea' id='block_1_69' title="bbox 270 3898 1782 3977">
    <p class='ocr_par' dir='ltr' id='par_1_69' title="bbox 270 3898 1782 3977">
     <span class='ocr_line' id='line_1_70' title="bbox 270 3898 1782 3977; baseline 0.007 -25"><span class='ocrx_word' id='word_1_465' title='bbox 270 3901 374 3952; x_wconf 81' lang='grc' dir='ltr'><em>Ἐν</em></span> <span class='ocrx_word' id='word_1_466' title='bbox 401 3898 484 3964; x_wconf 82' lang='grc' dir='ltr'><strong>τῷ</strong></span> <span class='ocrx_word' id='word_1_467' title='bbox 509 3899 686 3955; x_wconf 77' lang='grc' dir='ltr'><strong>τέλει’</strong></span> <span class='ocrx_word' id='word_1_468' title='bbox 731 3902 794 3954; x_wconf 85' lang='grc' dir='ltr'>Ἡ</span> <span class='ocrx_word' id='word_1_469' title='bbox 819 3902 979 3972; x_wconf 87' lang='grc' dir='ltr'><strong>χάρις</strong></span> <span class='ocrx_word' id='word_1_470' title='bbox 1005 3902 1099 3956; x_wconf 89' lang='grc' dir='ltr'><strong>τοῦ</strong></span> <span class='ocrx_word' id='word_1_471' title='bbox 1126 3903 1261 3958; x_wconf 87' lang='grc' dir='ltr'><strong>Θεοῦ</strong></span> <span class='ocrx_word' id='word_1_472' title='bbox 1292 3906 1376 3977; x_wconf 78' lang='grc' dir='ltr'><strong>εἴη</strong></span> <span class='ocrx_word' id='word_1_473' title='bbox 1407 3907 1543 3977; x_wconf 83' lang='grc' dir='ltr'><strong>μετά</strong></span> <span class='ocrx_word' id='word_1_474' title='bbox 1568 3909 1782 3962; x_wconf 87' lang='grc' dir='ltr'><strong>πάντων</strong></span> 
     </span>
    </p>
   </div>
   <div class='ocr_carea' id='block_1_70' title="bbox 188 3989 363 4059">
    <p class='ocr_par' dir='ltr' id='par_1_70' title="bbox 188 3989 363 4059">
     <span class='ocr_line' id='line_1_71' title="bbox 188 3989 363 4059; baseline 0.006 -18"><span class='ocrx_word' id='word_1_475' title='bbox 188 3989 363 4059; x_wconf 77' lang='grc' dir='ltr'><strong>ὑμῶν.</strong></span> 
     </span>
    </p>
   </div>
   <div class='ocr_carea' id='block_1_71' title="bbox 254 4082 1330 4151">
    <p class='ocr_par' dir='ltr' id='par_1_71' title="bbox 254 4082 1330 4151">
     <span class='ocr_line' id='line_1_72' title="bbox 254 4082 1330 4151; baseline 0.003 -16"><span class='ocrx_word' id='word_1_476' title='bbox 254 4096 259 4103; x_wconf 89' lang='grc'><strong>·</strong></span> <span class='ocrx_word' id='word_1_477' title='bbox 667 4084 771 4147; x_wconf 72' lang='grc' dir='ltr'><strong>Εἰς</strong></span> <span class='ocrx_word' id='word_1_478' title='bbox 818 4082 1042 4151; x_wconf 81' lang='grc' dir='ltr'><strong>Κνέζην</strong></span> <span class='ocrx_word' id='word_1_479' title='bbox 1066 4085 1330 4151; x_wconf 79' lang='grc' dir='ltr'><strong>Σερόίας.</strong></span> 
     </span>
    </p>
   </div>
   <div class='ocr_carea' id='block_1_72' title="bbox 257 4172 1778 4250">
    <p class='ocr_par' dir='ltr' id='par_1_72' title="bbox 257 4172 1778 4250">
     <span class='ocr_line' id='line_1_73' title="bbox 257 4172 1778 4250; baseline 0.006 -24"><span class='ocrx_word' id='word_1_480' title='bbox 257 4172 414 4247; x_wconf 72' lang='grc'><strong>[415]</strong></span> <span class='ocrx_word' id='word_1_481' title='bbox 469 4174 802 4245; x_wconf 77' lang='grc' dir='ltr'><strong>’Υψηλότατε</strong></span> <span class='ocrx_word' id='word_1_482' title='bbox 856 4177 998 4246; x_wconf 82' lang='grc' dir='ltr'><strong>μέγα</strong></span> <span class='ocrx_word' id='word_1_483' title='bbox 1026 4177 1210 4246; x_wconf 77' lang='grc' dir='ltr'><strong>Κνέζη</strong></span> <span class='ocrx_word' id='word_1_484' title='bbox 1256 4176 1269 4227; x_wconf 83' lang='lat' dir='ltr'><strong>i</strong></span> <span class='ocrx_word' id='word_1_485' title='bbox 1313 4178 1494 4249; x_wconf 86' lang='grc' dir='ltr'><strong>πάσης</strong></span> <span class='ocrx_word' id='word_1_486' title='bbox 1520 4180 1778 4250; x_wconf 81' lang='grc' dir='ltr'><strong>Σερὸίας,</strong></span> 
     </span>
    </p>
   </div>
   <div class='ocr_carea' id='block_1_73' title="bbox 191 4265 1781 4341">
    <p class='ocr_par' dir='ltr' id='par_1_73' title="bbox 191 4265 1781 4341">
     <span class='ocr_line' id='line_1_74' title="bbox 191 4265 1781 4341; baseline 0.004 -24"><span class='ocrx_word' id='word_1_487' title='bbox 191 4265 558 4330; x_wconf 81' lang='grc' dir='ltr'><strong>συνετώτατε,</strong></span> <span class='ocrx_word' id='word_1_488' title='bbox 611 4268 670 4319; x_wconf 80' lang='grc' dir='ltr'><strong>ἐν</strong></span> <span class='ocrx_word' id='word_1_489' title='bbox 704 4268 895 4337; x_wconf 80' lang='grc' dir='ltr'><strong>Κυρίῳ</strong></span> <span class='ocrx_word' id='word_1_490' title='bbox 950 4268 1300 4338; x_wconf 76' lang='grc' dir='ltr'><strong>ὑπερήδιστε,</strong></span> <span class='ocrx_word' id='word_1_491' title='bbox 1331 4269 1427 4322; x_wconf 71' lang='grc' dir='ltr'><strong>καὶ</strong></span> <span class='ocrx_word' id='word_1_492' title='bbox 1484 4271 1781 4341; x_wconf 80' lang='grc' dir='ltr'><strong>τριπόθητε</strong></span> 
     </span>
    </p>
   </div>
   <div class='ocr_carea' id='block_1_74' title="bbox 188 4356 1782 4433">
    <p class='ocr_par' dir='ltr' id='par_1_74' title="bbox 188 4356 1782 4433">
     <span class='ocr_line' id='line_1_75' title="bbox 188 4356 1782 4433; baseline -0.004 -23"><span class='ocrx_word' id='word_1_493' title='bbox 188 4356 347 4427; x_wconf 78' lang='grc' dir='ltr'><strong>κύριε</strong></span> <span class='ocrx_word' id='word_1_494' title='bbox 379 4357 475 4410; x_wconf 78' lang='grc' dir='ltr'><strong>καὶ</strong></span> <span class='ocrx_word' id='word_1_495' title='bbox 504 4356 589 4409; x_wconf 63' lang='lat' dir='ltr'><strong>ult</strong></span> <span class='ocrx_word' id='word_1_496' title='bbox 626 4358 725 4425; x_wconf 85' lang='grc' dir='ltr'><strong>τῆς</strong></span> <span class='ocrx_word' id='word_1_497' title='bbox 758 4357 915 4426; x_wconf 82' lang='grc' dir='ltr'><strong>ἡμῶν</strong></span> <span class='ocrx_word' id='word_1_498' title='bbox 969 4359 1357 4428; x_wconf 80' lang='grc' dir='ltr'><strong>ταπεινότητος</strong></span> <span class='ocrx_word' id='word_1_499' title='bbox 1378 4375 1391 4389; x_wconf 89' lang='grc'><strong>·</strong></span> <span class='ocrx_word' id='word_1_500' title='bbox 1424 4361 1604 4431; x_wconf 83' lang='grc' dir='ltr'><strong>χάρις,</strong></span> <span class='ocrx_word' id='word_1_501' title='bbox 1632 4364 1782 4433; x_wconf 75' lang='grc' dir='ltr'><strong>εἰρή-</strong></span> 
     </span>
    </p>
   </div>
   <div class='ocr_carea' id='block_1_75' title="bbox 188 4448 1780 4521">
    <p class='ocr_par' dir='ltr' id='par_1_75' title="bbox 188 4448 1780 4521">
     <span class='ocr_line' id='line_1_76' title="bbox 188 4448 1780 4521; baseline 0.006 -22"><span class='ocrx_word' id='word_1_502' title='bbox 188 4465 280 4518; x_wconf 80' lang='grc' dir='ltr'><strong>νη,</strong></span> <span class='ocrx_word' id='word_1_503' title='bbox 309 4449 409 4501; x_wconf 76' lang='grc' dir='ltr'><strong>καὶ</strong></span> <span class='ocrx_word' id='word_1_504' title='bbox 437 4448 586 4511; x_wconf 78' lang='grc' dir='ltr'><strong>ἔλεος</strong></span> <span class='ocrx_word' id='word_1_505' title='bbox 612 4449 945 4519; x_wconf 74' lang='grc' dir='ltr'><strong>πληθυνθείη</strong></span> <span class='ocrx_word' id='word_1_506' title='bbox 982 4452 1046 4520; x_wconf 76' lang='grc' dir='ltr'><strong>τῇ</strong></span> <span class='ocrx_word' id='word_1_507' title='bbox 1067 4449 1352 4521; x_wconf 62' lang='lat' dir='ltr'><strong>«scema;</strong></span> <span class='ocrx_word' id='word_1_508' title='bbox 1387 4468 1479 4504; x_wconf 88' lang='grc' dir='ltr'><strong>σου</strong></span> <span class='ocrx_word' id='word_1_509' title='bbox 1509 4453 1619 4506; x_wconf 83' lang='grc' dir='ltr'><strong>ἀπὸ</strong></span> <span class='ocrx_word' id='word_1_510' title='bbox 1647 4452 1780 4507; x_wconf 87' lang='grc' dir='ltr'><strong>Θεοῦ</strong></span> 
     </span>
    </p>
   </div>
   <div class='ocr_carea' id='block_1_76' title="bbox 186 4540 650 4610">
    <p class='ocr_par' dir='ltr' id='par_1_76' title="bbox 186 4540 650 4610">
     <span class='ocr_line' id='line_1_77' title="bbox 186 4540 650 4610; baseline 0.002 -17"><span class='ocrx_word' id='word_1_511' title='bbox 186 4540 650 4610; x_wconf 82' lang='grc' dir='ltr'><strong>παντοκράτορος.</strong></span> 
     </span>
    </p>
   </div>
   <div class='ocr_carea' id='block_1_77' title="bbox 473 4628 1497 4700">
    <p class='ocr_par' dir='ltr' id='par_1_77' title="bbox 473 4628 1497 4700">
     <span class='ocr_line' id='line_1_78' title="bbox 473 4628 1497 4700; baseline 0.003 -17"><span class='ocrx_word' id='word_1_512' title='bbox 473 4629 632 4697; x_wconf 83' lang='grc' dir='ltr'><strong>Πρὸς</strong></span> <span class='ocrx_word' id='word_1_513' title='bbox 662 4629 777 4697; x_wconf 82' lang='grc' dir='ltr'><strong>τὴν</strong></span> <span class='ocrx_word' id='word_1_514' title='bbox 805 4630 913 4684; x_wconf 86' lang='grc' dir='ltr'><strong>τοῦ</strong></span> <span class='ocrx_word' id='word_1_515' title='bbox 956 4628 1137 4697; x_wconf 78' lang='grc' dir='ltr'><strong>Κνέζη</strong></span> <span class='ocrx_word' id='word_1_516' title='bbox 1166 4629 1189 4669; x_wconf 73' lang='grc' dir='ltr'>ι</span> <span class='ocrx_word' id='word_1_517' title='bbox 1217 4630 1497 4700; x_wconf 55' lang='lat' dir='ltr'><strong>actin-or.</strong></span> 
     </span>
    </p>
   </div>
   <div class='ocr_carea' id='block_1_78' title="bbox 268 4718 1777 4794">
    <p class='ocr_par' dir='ltr' id='par_1_78' title="bbox 268 4718 1777 4794">
     <span class='ocr_line' id='line_1_79' title="bbox 268 4718 1777 4794; baseline -0.001 -20"><span class='ocrx_word' id='word_1_518' title='bbox 268 4719 612 4789; x_wconf 78' lang='grc' dir='ltr'><strong>’Υψηλοτάτη</strong></span> <span class='ocrx_word' id='word_1_519' title='bbox 640 4718 930 4789; x_wconf 79' lang='grc' dir='ltr'><strong>αὑθὲντρια</strong></span> <span class='ocrx_word' id='word_1_520' title='bbox 954 4719 1136 4787; x_wconf 87' lang='grc' dir='ltr'><strong>πάσης</strong></span> <span class='ocrx_word' id='word_1_521' title='bbox 1165 4720 1415 4788; x_wconf 77' lang='grc' dir='ltr'><strong>Σερόίας,</strong></span> <span class='ocrx_word' id='word_1_522' title='bbox 1438 4723 1777 4794; x_wconf 87' lang='grc' dir='ltr'><strong>συνετωτάτη</strong></span> 
     </span>
    </p>
   </div>
   <div class='ocr_carea' id='block_1_79' title="bbox 187 4806 1771 4880">
    <p class='ocr_par' dir='ltr' id='par_1_79' title="bbox 187 4806 1771 4880">
     <span class='ocr_line' id='line_1_80' title="bbox 187 4806 1771 4880; baseline 0.003 -21"><span class='ocrx_word' id='word_1_523' title='bbox 187 4807 281 4859; x_wconf 73' lang='grc' dir='ltr'><strong>καὶ</strong></span> <span class='ocrx_word' id='word_1_524' title='bbox 304 4806 659 4877; x_wconf 81' lang='grc' dir='ltr'><strong>κοσμιωτάτη</strong></span> <span class='ocrx_word' id='word_1_525' title='bbox 670 4806 967 4873; x_wconf 79' lang='grc' dir='ltr'><strong>γυναικῶν,</strong></span> <span class='ocrx_word' id='word_1_526' title='bbox 991 4809 1047 4858; x_wconf 82' lang='grc' dir='ltr'><strong>ὲν</strong></span> <span class='ocrx_word' id='word_1_527' title='bbox 1064 4807 1203 4877; x_wconf 81' lang='grc' dir='ltr'><strong>ἁγίῳ</strong></span> <span class='ocrx_word' id='word_1_528' title='bbox 1224 4807 1502 4879; x_wconf 79' lang='grc' dir='ltr'><strong>Πνεῦματι</strong></span> <span class='ocrx_word' id='word_1_529' title='bbox 1515 4808 1771 4880; x_wconf 83' lang='grc' dir='ltr'><strong>θύγατερ.</strong></span> 
     </span>
    </p>
   </div>
   <div class='ocr_carea' id='block_1_80' title="bbox 186 4897 1765 4973">
    <p class='ocr_par' dir='ltr' id='par_1_80' title="bbox 186 4897 1765 4973">
     <span class='ocr_line' id='line_1_81' title="bbox 186 4897 1765 4973; baseline 0.006 -23"><span class='ocrx_word' id='word_1_530' title='bbox 186 4897 382 4969; x_wconf 77' lang='grc' dir='ltr'><strong>Χάρις,</strong></span> <span class='ocrx_word' id='word_1_531' title='bbox 400 4899 613 4969; x_wconf 82' lang='grc' dir='ltr'><strong>είρήνη,</strong></span> <span class='ocrx_word' id='word_1_532' title='bbox 634 4900 729 4950; x_wconf 75' lang='grc' dir='ltr'><strong>καὶ</strong></span> <span class='ocrx_word' id='word_1_533' title='bbox 742 4897 891 4962; x_wconf 75' lang='grc' dir='ltr'><strong>ἔλεος</strong></span> <span class='ocrx_word' id='word_1_534' title='bbox 908 4898 1234 4972; x_wconf 80' lang='grc' dir='ltr'><strong>πληθυνθείη</strong></span> <span class='ocrx_word' id='word_1_535' title='bbox 1250 4903 1317 4971; x_wconf 79' lang='grc' dir='ltr'><strong>τῇ</strong></span> <span class='ocrx_word' id='word_1_536' title='bbox 1334 4899 1620 4973; x_wconf 79' lang='grc' dir='ltr'><strong>αὐθεντείᾳ</strong></span> <span class='ocrx_word' id='word_1_537' title='bbox 1646 4921 1765 4959; x_wconf 89' lang='grc' dir='ltr'><strong>σου.</strong></span> 
     </span>
    </p>
   </div>
   <div class='ocr_carea' id='block_1_81' title="bbox 564 4988 1330 5059">
    <p class='ocr_par' dir='ltr' id='par_1_81' title="bbox 564 4988 1330 5059">
     <span class='ocr_line' id='line_1_82' title="bbox 564 4988 1330 5059; baseline 0.008 -19"><span class='ocrx_word' id='word_1_538' title='bbox 564 4990 667 5055; x_wconf 82' lang='grc' dir='ltr'><strong>Εις</strong></span> <span class='ocrx_word' id='word_1_539' title='bbox 702 4988 1037 5044; x_wconf 78' lang='grc' dir='ltr'><strong>δέσποιναν</strong></span> <span class='ocrx_word' id='word_1_540' title='bbox 1064 4992 1330 5059; x_wconf 83' lang='grc' dir='ltr'><strong>Σερόίας.</strong></span> 
     </span>
    </p>
   </div>
   <div class='ocr_carea' id='block_1_82' title="bbox 257 5080 1781 5156">
    <p class='ocr_par' dir='ltr' id='par_1_82' title="bbox 257 5080 1781 5156">
     <span class='ocr_line' id='line_1_83' title="bbox 257 5080 1781 5156; baseline 0.005 -22"><span class='ocrx_word' id='word_1_541' title='bbox 257 5080 644 5151; x_wconf 77' lang='grc' dir='ltr'><strong>Εὐλαϐεστάτη</strong></span> <span class='ocrx_word' id='word_1_542' title='bbox 673 5119 689 5143; x_wconf 84' lang='grc'><strong>,</strong></span> <span class='ocrx_word' id='word_1_543' title='bbox 719 5081 814 5135; x_wconf 79' lang='grc' dir='ltr'><strong>καὶ</strong></span> <span class='ocrx_word' id='word_1_544' title='bbox 888 5082 1199 5154; x_wconf 82' lang='grc' dir='ltr'><strong>φιλόχριστε</strong></span> <span class='ocrx_word' id='word_1_545' title='bbox 1233 5123 1249 5147; x_wconf 84' lang='grc'><strong>,</strong></span> <span class='ocrx_word' id='word_1_546' title='bbox 1300 5084 1632 5156; x_wconf 76' lang='grc' dir='ltr'><strong>ὑψηλοτάτη,</strong></span> <span class='ocrx_word' id='word_1_547' title='bbox 1686 5090 1781 5141; x_wconf 74' lang='grc' dir='ltr'><strong>καὶ</strong></span> 
     </span>
    </p>
   </div>
   <div class='ocr_carea' id='block_1_83' title="bbox 188 5172 1779 5251">
    <p class='ocr_par' dir='ltr' id='par_1_83' title="bbox 188 5172 1779 5251">
     <span class='ocr_line' id='line_1_84' title="bbox 188 5172 1779 5251; baseline 0.006 -27"><span class='ocrx_word' id='word_1_548' title='bbox 188 5172 573 5244; x_wconf 84' lang='grc' dir='ltr'><strong>λαμπροτάτη,</strong></span> <span class='ocrx_word' id='word_1_549' title='bbox 608 5174 704 5227; x_wconf 76' lang='grc' dir='ltr'><strong>καὶ</strong></span> <span class='ocrx_word' id='word_1_550' title='bbox 730 5175 788 5226; x_wconf 81' lang='grc' dir='ltr'><strong>ὲν</strong></span> <span class='ocrx_word' id='word_1_551' title='bbox 839 5174 980 5246; x_wconf 85' lang='grc' dir='ltr'><strong>άγίῳ</strong></span> <span class='ocrx_word' id='word_1_552' title='bbox 1035 5176 1315 5246; x_wconf 76' lang='grc' dir='ltr'><strong>Πνεῦματι</strong></span> <span class='ocrx_word' id='word_1_553' title='bbox 1359 5179 1713 5251; x_wconf 88' lang='grc' dir='ltr'><strong>ποθεινοτάτη</strong></span> <span class='ocrx_word' id='word_1_554' title='bbox 1760 5179 1779 5219; x_wconf 81' lang='grc' dir='ltr'>ὶ</span> 
     </span>
    </p>
   </div>
   <div class='ocr_carea' id='block_1_84' title="bbox 198 5263 1785 5343">
    <p class='ocr_par' dir='ltr' id='par_1_84' title="bbox 198 5263 1785 5343">
     <span class='ocr_line' id='line_1_85' title="bbox 198 5263 1785 5343; baseline 0.008 -28"><span class='ocrx_word' id='word_1_555' title='bbox 198 5263 464 5316; x_wconf 80' lang='grc' dir='ltr'><strong>δέσποινα</strong></span> <span class='ocrx_word' id='word_1_556' title='bbox 490 5265 720 5335; x_wconf 81' lang='grc' dir='ltr'><strong>Σερὸίας</strong></span> <span class='ocrx_word' id='word_1_557' title='bbox 745 5283 759 5297; x_wconf 79' lang='grc' dir='ltr'><strong>ο</strong></span> <span class='ocrx_word' id='word_1_558' title='bbox 798 5267 997 5337; x_wconf 81' lang='grc' dir='ltr'><strong>Χάρις,</strong></span> <span class='ocrx_word' id='word_1_559' title='bbox 1031 5268 1242 5341; x_wconf 78' lang='grc' dir='ltr'><strong>εἰρήνη,</strong></span> <span class='ocrx_word' id='word_1_560' title='bbox 1263 5269 1356 5324; x_wconf 78' lang='grc' dir='ltr'><strong>καὶ</strong></span> <span class='ocrx_word' id='word_1_561' title='bbox 1380 5270 1525 5336; x_wconf 82' lang='grc' dir='ltr'><strong>ἔλεος</strong></span> <span class='ocrx_word' id='word_1_562' title='bbox 1550 5272 1785 5343; x_wconf 85' lang='grc' dir='ltr'><strong>πληθυν-</strong></span> 
     </span>
    </p>
   </div>
   <div class='ocr_carea' id='block_1_85' title="bbox 191 5353 849 5427">
    <p class='ocr_par' dir='ltr' id='par_1_85' title="bbox 191 5353 849 5427">
     <span class='ocr_line' id='line_1_86' title="bbox 191 5353 849 5427; baseline 0.011 -22"><span class='ocrx_word' id='word_1_563' title='bbox 191 5353 310 5424; x_wconf 78' lang='grc' dir='ltr'><strong>Θείη</strong></span> <span class='ocrx_word' id='word_1_564' title='bbox 333 5356 403 5425; x_wconf 72' lang='grc' dir='ltr'><strong>τῇ</strong></span> <span class='ocrx_word' id='word_1_565' title='bbox 437 5354 688 5427; x_wconf 81' lang='grc' dir='ltr'><strong>βασιλείᾳ</strong></span> <span class='ocrx_word' id='word_1_566' title='bbox 733 5374 849 5412; x_wconf 87' lang='grc' dir='ltr'><strong>σου.</strong></span> 
     </span>
    </p>
   </div>
   <div class='ocr_carea' id='block_1_86' title="bbox 641 5449 1290 5521">
    <p class='ocr_par' dir='ltr' id='par_1_86' title="bbox 641 5449 1290 5521">
     <span class='ocr_line' id='line_1_87' title="bbox 641 5449 1290 5521; baseline 0.011 -21"><span class='ocrx_word' id='word_1_567' title='bbox 641 5449 745 5515; x_wconf 83' lang='grc' dir='ltr'><strong>Εις</strong></span> <span class='ocrx_word' id='word_1_568' title='bbox 774 5450 881 5503; x_wconf 84' lang='grc' dir='ltr'><strong>τὸν</strong></span> <span class='ocrx_word' id='word_1_569' title='bbox 905 5449 1039 5504; x_wconf 75' lang='grc' dir='ltr'><strong>υἱὸν</strong></span> <span class='ocrx_word' id='word_1_570' title='bbox 1071 5451 1290 5521; x_wconf 82' lang='grc' dir='ltr'><strong>αὐτῆς.</strong></span> 
     </span>
    </p>
   </div>
   <div class='ocr_carea' id='block_1_87' title="bbox 263 5537 1772 5616">
    <p class='ocr_par' dir='ltr' id='par_1_87' title="bbox 263 5537 1772 5616">
     <span class='ocr_line' id='line_1_88' title="bbox 263 5537 1772 5616; baseline 0.007 -26"><span class='ocrx_word' id='word_1_571' title='bbox 263 5537 674 5607; x_wconf 76' lang='grc' dir='ltr'><strong>Εὐλαϐἑστατε,</strong></span> <span class='ocrx_word' id='word_1_572' title='bbox 705 5540 799 5595; x_wconf 75' lang='grc' dir='ltr'><strong>καὶ</strong></span> <span class='ocrx_word' id='word_1_573' title='bbox 844 5542 1156 5613; x_wconf 83' lang='grc' dir='ltr'><strong>φιλόχριστε</strong></span> <span class='ocrx_word' id='word_1_574' title='bbox 1181 5583 1197 5609; x_wconf 88' lang='grc'><strong>,</strong></span> <span class='ocrx_word' id='word_1_575' title='bbox 1241 5544 1591 5616; x_wconf 85' lang='grc' dir='ltr'><strong>λαμπρότατε</strong></span> <span class='ocrx_word' id='word_1_576' title='bbox 1618 5590 1632 5613; x_wconf 90' lang='grc'><strong>,</strong></span> <span class='ocrx_word' id='word_1_577' title='bbox 1678 5548 1772 5601; x_wconf 79' lang='grc' dir='ltr'><strong>καὶ</strong></span> 
     </span>
    </p>
   </div>
   <div class='ocr_carea' id='block_1_88' title="bbox 1883 3271 3449 3350">
    <p class='ocr_par' dir='ltr' id='par_1_88' title="bbox 1883 3271 3449 3350">
     <span class='ocr_line' id='line_1_89' title="bbox 1883 3271 3449 3350; baseline -0.008 -13"><span class='ocrx_word' id='word_1_578' title='bbox 1883 3284 2035 3338; x_wconf 87' lang='lat' dir='ltr'><strong>urbis</strong></span> <span class='ocrx_word' id='word_1_579' title='bbox 2062 3280 2125 3334; x_wconf 83' lang='lat' dir='ltr'><strong>N.</strong></span> <span class='ocrx_word' id='word_1_580' title='bbox 2154 3288 2424 3350; x_wconf 80' lang='lat' dir='ltr'><strong>quotquot</strong></span> <span class='ocrx_word' id='word_1_581' title='bbox 2450 3279 2826 3347; x_wconf 81' lang='lat' dir='ltr'><strong>magistratus,</strong></span> <span class='ocrx_word' id='word_1_582' title='bbox 2854 3283 2907 3329; x_wconf 89' lang='lat' dir='ltr'><strong>et</strong></span> <span class='ocrx_word' id='word_1_583' title='bbox 2932 3281 3201 3344; x_wconf 87' lang='lat' dir='ltr'><strong>quotquot</strong></span> <span class='ocrx_word' id='word_1_584' title='bbox 3230 3271 3449 3341; x_wconf 84' lang='lat' dir='ltr'><strong>privati.</strong></span> 
     </span>
    </p>
   </div>
   <div class='ocr_carea' id='block_1_89' title="bbox 1880 3364 3448 3441">
    <p class='ocr_par' dir='ltr' id='par_1_89' title="bbox 1880 3364 3448 3441">
     <span class='ocr_line' id='line_1_90' title="bbox 1880 3364 3448 3441; baseline -0.008 -12"><span class='ocrx_word' id='word_1_585' title='bbox 1880 3384 1933 3429; x_wconf 90' lang='lat' dir='ltr'><strong>et</strong></span> <span class='ocrx_word' id='word_1_586' title='bbox 1969 3374 2213 3441; x_wconf 75' lang='lat' dir='ltr'><strong>reliquus</strong></span> <span class='ocrx_word' id='word_1_587' title='bbox 2240 3371 2537 3425; x_wconf 84' lang='lat' dir='ltr'><strong>universus</strong></span> <span class='ocrx_word' id='word_1_588' title='bbox 2571 3367 2803 3438; x_wconf 81' lang='lat' dir='ltr'><strong>populus</strong></span> <span class='ocrx_word' id='word_1_589' title='bbox 2835 3365 3048 3419; x_wconf 89' lang='lat' dir='ltr'><strong>Domini</strong></span> <span class='ocrx_word' id='word_1_590' title='bbox 3078 3364 3448 3424; x_wconf 82' lang='lat' dir='ltr'><strong>Christianus,</strong></span> 
     </span>
    </p>
   </div>
   <div class='ocr_carea' id='block_1_90' title="bbox 1882 3454 3426 3518">
    <p class='ocr_par' dir='ltr' id='par_1_90' title="bbox 1882 3454 3426 3518">
     <span class='ocr_line' id='line_1_91' title="bbox 1882 3454 3426 3518; baseline -0.008 -1"><span class='ocrx_word' id='word_1_591' title='bbox 1882 3465 1936 3518; x_wconf 89' lang='lat' dir='ltr'><strong>in</strong></span> <span class='ocrx_word' id='word_1_592' title='bbox 1966 3464 2191 3516; x_wconf 87' lang='lat' dir='ltr'><strong>Domino</strong></span> <span class='ocrx_word' id='word_1_593' title='bbox 2219 3462 2401 3516; x_wconf 83' lang='lat' dir='ltr'><strong>dilecti</strong></span> <span class='ocrx_word' id='word_1_594' title='bbox 2432 3470 2631 3515; x_wconf 79' lang='lat' dir='ltr'><strong>nostra:</strong></span> <span class='ocrx_word' id='word_1_595' title='bbox 2663 3458 2987 3512; x_wconf 84' lang='lat' dir='ltr'><strong>humilitatis</strong></span> <span class='ocrx_word' id='word_1_596' title='bbox 3014 3456 3107 3510; x_wconf 83' lang='lat' dir='ltr'><strong>lilii</strong></span> <span class='ocrx_word' id='word_1_597' title='bbox 3142 3473 3154 3509; x_wconf 74' lang='grc' dir='ltr'><strong><em>τ</em></strong></span> <span class='ocrx_word' id='word_1_598' title='bbox 3183 3454 3426 3509; x_wconf 80' lang='lat' dir='ltr'><strong>Gratiam</strong></span> 
     </span>
    </p>
   </div>
   <div class='ocr_carea' id='block_1_91' title="bbox 1881 3548 3451 3623">
    <p class='ocr_par' dir='ltr' id='par_1_91' title="bbox 1881 3548 3451 3623">
     <span class='ocr_line' id='line_1_92' title="bbox 1881 3548 3451 3623; baseline -0.006 -16"><span class='ocrx_word' id='word_1_599' title='bbox 1881 3570 2069 3623; x_wconf 80' lang='lat' dir='ltr'><strong>pacem</strong></span> <span class='ocrx_word' id='word_1_600' title='bbox 2094 3595 2109 3619; x_wconf 88' lang='lat'><strong>,</strong></span> <span class='ocrx_word' id='word_1_601' title='bbox 2138 3552 2569 3607; x_wconf 82' lang='lat' dir='ltr'><strong>misericordiam</strong></span> <span class='ocrx_word' id='word_1_602' title='bbox 2591 3589 2607 3613; x_wconf 89' lang='lat'><strong>,</strong></span> <span class='ocrx_word' id='word_1_603' title='bbox 2639 3556 2694 3604; x_wconf 88' lang='lat' dir='ltr'><strong>et</strong></span> <span class='ocrx_word' id='word_1_604' title='bbox 2722 3550 2768 3605; x_wconf 86' lang='lat' dir='ltr'><strong>sl</strong></span> <span class='ocrx_word' id='word_1_605' title='bbox 2798 3548 2927 3619; x_wconf 90' lang='lat' dir='ltr'><strong>quid</strong></span> <span class='ocrx_word' id='word_1_606' title='bbox 2963 3548 3109 3602; x_wconf 87' lang='lat' dir='ltr'><strong>aliud</strong></span> <span class='ocrx_word' id='word_1_607' title='bbox 3138 3548 3339 3601; x_wconf 88' lang='lat' dir='ltr'><strong>bonum</strong></span> <span class='ocrx_word' id='word_1_608' title='bbox 3371 3560 3451 3599; x_wconf 81' lang='lat' dir='ltr'><strong>st—</strong></span> 
     </span>
    </p>
   </div>
   <div class='ocr_carea' id='block_1_92' title="bbox 1882 3639 3453 3708">
    <p class='ocr_par' dir='ltr' id='par_1_92' title="bbox 1882 3639 3453 3708">
     <span class='ocr_line' id='line_1_93' title="bbox 1882 3639 3453 3708; baseline -0.006 -9"><span class='ocrx_word' id='word_1_609' title='bbox 1882 3647 1991 3699; x_wconf 87' lang='lat' dir='ltr'><strong>mul</strong></span> <span class='ocrx_word' id='word_1_610' title='bbox 2026 3660 2091 3698; x_wconf 90' lang='lat' dir='ltr'><strong>ac</strong></span> <span class='ocrx_word' id='word_1_611' title='bbox 2125 3646 2385 3708; x_wconf 88' lang='lat' dir='ltr'><strong>salutare,</strong></span> <span class='ocrx_word' id='word_1_612' title='bbox 2422 3642 2553 3696; x_wconf 87' lang='lat' dir='ltr'><strong>illud</strong></span> <span class='ocrx_word' id='word_1_613' title='bbox 2586 3641 2843 3695; x_wconf 87' lang='lat' dir='ltr'><strong>omnibus</strong></span> <span class='ocrx_word' id='word_1_614' title='bbox 2879 3641 3031 3694; x_wconf 91' lang='lat' dir='ltr'><strong>vobis</strong></span> <span class='ocrx_word' id='word_1_615' title='bbox 3066 3655 3095 3693; x_wconf 90' lang='lat' dir='ltr'><strong>a</strong></span> <span class='ocrx_word' id='word_1_616' title='bbox 3130 3639 3240 3693; x_wconf 89' lang='lat' dir='ltr'><strong>Deo</strong></span> <span class='ocrx_word' id='word_1_617' title='bbox 3274 3642 3453 3693; x_wconf 81' lang='lat' dir='ltr'><strong>omni-</strong></span> 
     </span>
    </p>
   </div>
   <div class='ocr_carea' id='block_1_93' title="bbox 1882 3733 3015 3806">
    <p class='ocr_par' dir='ltr' id='par_1_93' title="bbox 1882 3733 3015 3806">
     <span class='ocr_line' id='line_1_94' title="bbox 1882 3733 3015 3806; baseline -0.008 -16"><span class='ocrx_word' id='word_1_618' title='bbox 1882 3744 2102 3806; x_wconf 83' lang='lat' dir='ltr'><strong>potente</strong></span> <span class='ocrx_word' id='word_1_619' title='bbox 2137 3733 2487 3787; x_wconf 86' lang='lat' dir='ltr'><strong>mediocritas</strong></span> <span class='ocrx_word' id='word_1_620' title='bbox 2520 3740 2707 3786; x_wconf 87' lang='lat' dir='ltr'><strong>nostra</strong></span> <span class='ocrx_word' id='word_1_621' title='bbox 2742 3736 3015 3800; x_wconf 88' lang='lat' dir='ltr'><strong>precatur.</strong></span> 
     </span>
    </p>
   </div>
   <div class='ocr_carea' id='block_1_94' title="bbox 1955 3905 3279 3985">
    <p class='ocr_par' dir='ltr' id='par_1_94' title="bbox 1955 3905 3279 3985">
     <span class='ocr_line' id='line_1_95' title="bbox 1955 3905 3279 3985; baseline -0.008 -14"><span class='ocrx_word' id='word_1_622' title='bbox 1955 3917 2022 3971; x_wconf 82' lang='lat' dir='ltr'><strong>In</strong></span> <span class='ocrx_word' id='word_1_623' title='bbox 2050 3916 2156 3985; x_wconf 77' lang='lat' dir='ltr'><strong>ﬁne</strong></span> <span class='ocrx_word' id='word_1_624' title='bbox 2184 3930 2203 3969; x_wconf 91' lang='lat'><strong><em>:</em></strong></span> <span class='ocrx_word' id='word_1_625' title='bbox 2246 3914 2433 3969; x_wconf 83' lang='lat' dir='ltr'><strong>Gratia</strong></span> <span class='ocrx_word' id='word_1_626' title='bbox 2463 3910 2558 3967; x_wconf 90' lang='lat' dir='ltr'><strong>Dei</strong></span> <span class='ocrx_word' id='word_1_627' title='bbox 2590 3909 2662 3966; x_wconf 87' lang='lat' dir='ltr'><strong>sit</strong></span> <span class='ocrx_word' id='word_1_628' title='bbox 2687 3909 2970 3966; x_wconf 86' lang='lat' dir='ltr'><strong>vobiscum</strong></span> <span class='ocrx_word' id='word_1_629' title='bbox 3001 3905 3279 3961; x_wconf 87' lang='lat' dir='ltr'><strong>omnibus.</strong></span> 
     </span>
    </p>
   </div>
   <div class='ocr_carea' id='block_1_95' title="bbox 2372 4082 2964 4141">
    <p class='ocr_par' dir='ltr' id='par_1_95' title="bbox 2372 4082 2964 4141">
     <span class='ocr_line' id='line_1_96' title="bbox 2372 4082 2964 4141; baseline -0.008 -1"><span class='ocrx_word' id='word_1_630' title='bbox 2372 4086 2454 4140; x_wconf 80' lang='lat' dir='ltr'><strong>Ad</strong></span> <span class='ocrx_word' id='word_1_631' title='bbox 2489 4085 2711 4141; x_wconf 75' lang='lat' dir='ltr'><strong>Cnezem</strong></span> <span class='ocrx_word' id='word_1_632' title='bbox 2744 4082 2964 4138; x_wconf 74' lang='lat' dir='ltr'><strong>Serviw.</strong></span> 
     </span>
    </p>
   </div>
   <div class='ocr_carea' id='block_1_96' title="bbox 1952 4168 3454 4248">
    <p class='ocr_par' dir='ltr' id='par_1_96' title="bbox 1952 4168 3454 4248">
     <span class='ocr_line' id='line_1_97' title="bbox 1952 4168 3454 4248; baseline -0.009 -11"><span class='ocrx_word' id='word_1_633' title='bbox 1952 4181 2292 4246; x_wconf 84' lang='lat' dir='ltr'><strong>Celsissime,</strong></span> <span class='ocrx_word' id='word_1_634' title='bbox 2323 4194 2517 4248; x_wconf 74' lang='lat' dir='ltr'><strong>magne</strong></span> <span class='ocrx_word' id='word_1_635' title='bbox 2548 4178 2725 4232; x_wconf 82' lang='lat' dir='ltr'><strong>Cueze</strong></span> <span class='ocrx_word' id='word_1_636' title='bbox 2758 4174 2926 4230; x_wconf 82' lang='lat' dir='ltr'><strong>totius</strong></span> <span class='ocrx_word' id='word_1_637' title='bbox 2955 4171 3179 4235; x_wconf 58' lang='lat' dir='ltr'><strong>Serviani,</strong></span> <span class='ocrx_word' id='word_1_638' title='bbox 3212 4168 3454 4239; x_wconf 81' lang='lat' dir='ltr'><strong>pruden-</strong></span> 
     </span>
    </p>
   </div>
   <div class='ocr_carea' id='block_1_97' title="bbox 1884 4261 3455 4337">
    <p class='ocr_par' dir='ltr' id='par_1_97' title="bbox 1884 4261 3455 4337">
     <span class='ocr_line' id='line_1_98' title="bbox 1884 4261 3455 4337; baseline -0.009 -10"><span class='ocrx_word' id='word_1_639' title='bbox 1884 4274 2117 4335; x_wconf 88' lang='lat' dir='ltr'><strong>tissime,</strong></span> <span class='ocrx_word' id='word_1_640' title='bbox 2152 4274 2205 4326; x_wconf 91' lang='lat' dir='ltr'><strong>in</strong></span> <span class='ocrx_word' id='word_1_641' title='bbox 2241 4270 2467 4323; x_wconf 88' lang='lat' dir='ltr'><strong>Domino</strong></span> <span class='ocrx_word' id='word_1_642' title='bbox 2496 4268 2922 4337; x_wconf 83' lang='lat' dir='ltr'><strong>jucundissime.</strong></span> <span class='ocrx_word' id='word_1_643' title='bbox 2953 4272 3006 4319; x_wconf 87' lang='lat' dir='ltr'><strong>et</strong></span> <span class='ocrx_word' id='word_1_644' title='bbox 3039 4272 3120 4317; x_wconf 91' lang='lat' dir='ltr'><strong>ter</strong></span> <span class='ocrx_word' id='word_1_645' title='bbox 3149 4261 3455 4316; x_wconf 82' lang='lat' dir='ltr'><strong>desiderate</strong></span> 
     </span>
    </p>
   </div>
   <div class='ocr_carea' id='block_1_98' title="bbox 1882 4356 3459 4426">
    <p class='ocr_par' dir='ltr' id='par_1_98' title="bbox 1882 4356 3459 4426">
     <span class='ocr_line' id='line_1_99' title="bbox 1882 4356 3459 4426; baseline -0.008 -8"><span class='ocrx_word' id='word_1_646' title='bbox 1882 4364 2100 4418; x_wconf 86' lang='lat' dir='ltr'><strong>domine</strong></span> <span class='ocrx_word' id='word_1_647' title='bbox 2133 4372 2188 4417; x_wconf 88' lang='lat' dir='ltr'><strong>et</strong></span> <span class='ocrx_word' id='word_1_648' title='bbox 2225 4362 2297 4416; x_wconf 91' lang='lat' dir='ltr'><strong>lili</strong></span> <span class='ocrx_word' id='word_1_649' title='bbox 2336 4369 2536 4415; x_wconf 60' lang='lat' dir='ltr'><strong>nostra</strong></span> <span class='ocrx_word' id='word_1_650' title='bbox 2568 4358 2895 4417; x_wconf 84' lang='lat' dir='ltr'><strong>humilitatis</strong></span> <span class='ocrx_word' id='word_1_651' title='bbox 2928 4376 2943 4412; x_wconf 88' lang='lat'><strong>:</strong></span> <span class='ocrx_word' id='word_1_652' title='bbox 2993 4356 3200 4426; x_wconf 74' lang='lat' dir='ltr'><strong>gratia,</strong></span> <span class='ocrx_word' id='word_1_653' title='bbox 3254 4369 3356 4422; x_wconf 76' lang='lat' dir='ltr'><strong>pax</strong></span> <span class='ocrx_word' id='word_1_654' title='bbox 3405 4361 3459 4406; x_wconf 84' lang='lat' dir='ltr'><strong>ct</strong></span> 
     </span>
    </p>
   </div>
   <div class='ocr_carea' id='block_1_99' title="bbox 1884 4446 3455 4519">
    <p class='ocr_par' dir='ltr' id='par_1_99' title="bbox 1884 4446 3455 4519">
     <span class='ocr_line' id='line_1_100' title="bbox 1884 4446 3455 4519; baseline -0.006 -13"><span class='ocrx_word' id='word_1_655' title='bbox 1884 4452 2259 4509; x_wconf 89' lang='lat' dir='ltr'><strong>misericordia</strong></span> <span class='ocrx_word' id='word_1_656' title='bbox 2299 4467 2329 4506; x_wconf 87' lang='lat' dir='ltr'><strong>a</strong></span> <span class='ocrx_word' id='word_1_657' title='bbox 2373 4452 2484 4507; x_wconf 87' lang='lat' dir='ltr'><strong>Dco</strong></span> <span class='ocrx_word' id='word_1_658' title='bbox 2528 4451 2903 4519; x_wconf 85' lang='lat' dir='ltr'><strong>omnipotente</strong></span> <span class='ocrx_word' id='word_1_659' title='bbox 2948 4458 3055 4503; x_wconf 72' lang='lat' dir='ltr'><strong>tua:</strong></span> <span class='ocrx_word' id='word_1_660' title='bbox 3096 4446 3455 4502; x_wconf 80' lang='lat' dir='ltr'><strong>dominationi</strong></span> 
     </span>
    </p>
   </div>
   <div class='ocr_carea' id='block_1_100' title="bbox 1807 4546 2301 4615">
    <p class='ocr_par' dir='ltr' id='par_1_100' title="bbox 1807 4546 2301 4615">
     <span class='ocr_line' id='line_1_101' title="bbox 1807 4546 2301 4615; baseline -0.006 -15"><span class='ocrx_word' id='word_1_661' title='bbox 1807 4554 1862 4613; x_wconf 82' lang='lat'><strong>1)</strong></span> <span class='ocrx_word' id='word_1_662' title='bbox 1889 4546 2301 4615; x_wconf 88' lang='lat' dir='ltr'><strong>multiplicetur.</strong></span> 
     </span>
    </p>
   </div>
   <div class='ocr_carea' id='block_1_101' title="bbox 2384 4632 2961 4687">
    <p class='ocr_par' dir='ltr' id='par_1_101' title="bbox 2384 4632 2961 4687">
     <span class='ocr_line' id='line_1_102' title="bbox 2384 4632 2961 4687; baseline -0.009 0"><span class='ocrx_word' id='word_1_663' title='bbox 2384 4633 2465 4687; x_wconf 83' lang='lat' dir='ltr'><strong>Ad</strong></span> <span class='ocrx_word' id='word_1_664' title='bbox 2499 4632 2687 4687; x_wconf 78' lang='lat' dir='ltr'><strong>Cnezis</strong></span> <span class='ocrx_word' id='word_1_665' title='bbox 2723 4646 2961 4684; x_wconf 78' lang='lat' dir='ltr'><strong>uxorem.</strong></span> 
     </span>
    </p>
   </div>
   <div class='ocr_carea' id='block_1_102' title="bbox 1952 4717 3460 4790">
    <p class='ocr_par' dir='ltr' id='par_1_102' title="bbox 1952 4717 3460 4790">
     <span class='ocr_line' id='line_1_103' title="bbox 1952 4717 3460 4790; baseline -0.009 -8"><span class='ocrx_word' id='word_1_666' title='bbox 1952 4726 2262 4783; x_wconf 83' lang='lat' dir='ltr'><strong>Celsissima</strong></span> <span class='ocrx_word' id='word_1_667' title='bbox 2281 4724 2499 4778; x_wconf 87' lang='lat' dir='ltr'><strong>domina</strong></span> <span class='ocrx_word' id='word_1_668' title='bbox 2518 4724 2685 4778; x_wconf 88' lang='lat' dir='ltr'><strong>totius</strong></span> <span class='ocrx_word' id='word_1_669' title='bbox 2705 4722 2929 4785; x_wconf 68' lang='lat' dir='ltr'><strong>Serviaa,</strong></span> <span class='ocrx_word' id='word_1_670' title='bbox 2964 4717 3385 4790; x_wconf 78' lang='lat' dir='ltr'><strong>prudentissima</strong></span> <span class='ocrx_word' id='word_1_671' title='bbox 3408 4724 3460 4768; x_wconf 86' lang='lat' dir='ltr'><strong>et</strong></span> 
     </span>
    </p>
   </div>
   <div class='ocr_carea' id='block_1_103' title="bbox 1876 4812 3459 4884">
    <p class='ocr_par' dir='ltr' id='par_1_103' title="bbox 1876 4812 3459 4884">
     <span class='ocr_line' id='line_1_104' title="bbox 1876 4812 3459 4884; baseline -0.008 -10"><span class='ocrx_word' id='word_1_672' title='bbox 1876 4819 2231 4875; x_wconf 86' lang='lat' dir='ltr'><strong>ornatissima</strong></span> <span class='ocrx_word' id='word_1_673' title='bbox 2251 4818 2562 4879; x_wconf 85' lang='lat' dir='ltr'><strong>mulierum,</strong></span> <span class='ocrx_word' id='word_1_674' title='bbox 2582 4817 2637 4869; x_wconf 89' lang='lat' dir='ltr'><strong>in</strong></span> <span class='ocrx_word' id='word_1_675' title='bbox 2652 4822 2843 4871; x_wconf 87' lang='lat' dir='ltr'><strong>sancto</strong></span> <span class='ocrx_word' id='word_1_676' title='bbox 2862 4813 3068 4884; x_wconf 88' lang='lat' dir='ltr'><strong>Spiritu</strong></span> <span class='ocrx_word' id='word_1_677' title='bbox 3090 4813 3197 4865; x_wconf 84' lang='lat' dir='ltr'><strong>lilia</strong></span> <span class='ocrx_word' id='word_1_678' title='bbox 3223 4828 3236 4864; x_wconf 90' lang='lat'>:</span> <span class='ocrx_word' id='word_1_679' title='bbox 3263 4812 3459 4880; x_wconf 77' lang='lat' dir='ltr'><strong>gratia,</strong></span> 
     </span>
    </p>
   </div>
   <div class='ocr_carea' id='block_1_104' title="bbox 1875 4904 3455 4981">
    <p class='ocr_par' dir='ltr' id='par_1_104' title="bbox 1875 4904 3455 4981">
     <span class='ocr_line' id='line_1_105' title="bbox 1875 4904 3455 4981; baseline -0.006 -17"><span class='ocrx_word' id='word_1_680' title='bbox 1875 4926 1979 4981; x_wconf 77' lang='lat' dir='ltr'><strong>pax</strong></span> <span class='ocrx_word' id='word_1_681' title='bbox 2007 4918 2061 4966; x_wconf 91' lang='lat' dir='ltr'><strong>et</strong></span> <span class='ocrx_word' id='word_1_682' title='bbox 2091 4907 2465 4964; x_wconf 87' lang='lat' dir='ltr'><strong>misericordia</strong></span> <span class='ocrx_word' id='word_1_683' title='bbox 2507 4907 2862 4962; x_wconf 84' lang='lat' dir='ltr'><strong>dominationi</strong></span> <span class='ocrx_word' id='word_1_684' title='bbox 2896 4914 3003 4960; x_wconf 68' lang='lat' dir='ltr'><strong>tua:</strong></span> <span class='ocrx_word' id='word_1_685' title='bbox 3042 4904 3455 4973; x_wconf 88' lang='lat' dir='ltr'><strong>multiplicetur.</strong></span> 
     </span>
    </p>
   </div>
   <div class='ocr_carea' id='block_1_105' title="bbox 2348 4997 2987 5052">
    <p class='ocr_par' dir='ltr' id='par_1_105' title="bbox 2348 4997 2987 5052">
     <span class='ocr_line' id='line_1_106' title="bbox 2348 4997 2987 5052; baseline -0.003 0"><span class='ocrx_word' id='word_1_686' title='bbox 2348 4998 2430 5052; x_wconf 79' lang='lat' dir='ltr'><strong>Ad</strong></span> <span class='ocrx_word' id='word_1_687' title='bbox 2462 4998 2737 5051; x_wconf 83' lang='lat' dir='ltr'><strong>dominam</strong></span> <span class='ocrx_word' id='word_1_688' title='bbox 2770 4997 2987 5051; x_wconf 76' lang='lat' dir='ltr'><strong>Serviw.</strong></span> 
     </span>
    </p>
   </div>
   <div class='ocr_carea' id='block_1_106' title="bbox 1952 5083 3460 5154">
    <p class='ocr_par' dir='ltr' id='par_1_106' title="bbox 1952 5083 3460 5154">
     <span class='ocr_line' id='line_1_107' title="bbox 1952 5083 3460 5154; baseline -0.007 -11"><span class='ocrx_word' id='word_1_689' title='bbox 1952 5090 2227 5154; x_wconf 83' lang='lat' dir='ltr'><strong>Piissima,</strong></span> <span class='ocrx_word' id='word_1_690' title='bbox 2267 5096 2323 5143; x_wconf 91' lang='lat' dir='ltr'><strong>et</strong></span> <span class='ocrx_word' id='word_1_691' title='bbox 2358 5090 2581 5143; x_wconf 75' lang='lat' dir='ltr'><strong>Christo</strong></span> <span class='ocrx_word' id='word_1_692' title='bbox 2647 5097 2849 5151; x_wconf 80' lang='lat' dir='ltr'><strong>amata,</strong></span> <span class='ocrx_word' id='word_1_693' title='bbox 2888 5086 3193 5140; x_wconf 80' lang='lat' dir='ltr'><strong>celsissima</strong></span> <span class='ocrx_word' id='word_1_694' title='bbox 3236 5091 3290 5139; x_wconf 92' lang='lat' dir='ltr'><strong>et</strong></span> <span class='ocrx_word' id='word_1_695' title='bbox 3332 5083 3460 5137; x_wconf 85' lang='lat' dir='ltr'><strong>illu-</strong></span> 
     </span>
    </p>
   </div>
   <div class='ocr_carea' id='block_1_107' title="bbox 1881 5175 3459 5245">
    <p class='ocr_par' dir='ltr' id='par_1_107' title="bbox 1881 5175 3459 5245">
     <span class='ocr_line' id='line_1_108' title="bbox 1881 5175 3459 5245; baseline -0.005 -8"><span class='ocrx_word' id='word_1_696' title='bbox 1881 5181 2182 5242; x_wconf 85' lang='lat' dir='ltr'><strong>strissima.</strong></span> <span class='ocrx_word' id='word_1_697' title='bbox 2216 5188 2269 5234; x_wconf 88' lang='lat' dir='ltr'><strong>et</strong></span> <span class='ocrx_word' id='word_1_698' title='bbox 2304 5181 2358 5234; x_wconf 89' lang='lat' dir='ltr'><strong>in</strong></span> <span class='ocrx_word' id='word_1_699' title='bbox 2392 5189 2581 5235; x_wconf 85' lang='lat' dir='ltr'><strong>sancto</strong></span> <span class='ocrx_word' id='word_1_700' title='bbox 2612 5178 2818 5245; x_wconf 86' lang='lat' dir='ltr'><strong>Spiritu</strong></span> <span class='ocrx_word' id='word_1_701' title='bbox 2855 5175 3324 5233; x_wconf 79' lang='lat' dir='ltr'><strong>desideratissima</strong></span> <span class='ocrx_word' id='word_1_702' title='bbox 3362 5177 3459 5230; x_wconf 77' lang='lat' dir='ltr'><strong>do-</strong></span> 
     </span>
    </p>
   </div>
   <div class='ocr_carea' id='block_1_108' title="bbox 1885 5268 3459 5340">
    <p class='ocr_par' dir='ltr' id='par_1_108' title="bbox 1885 5268 3459 5340">
     <span class='ocr_line' id='line_1_109' title="bbox 1885 5268 3459 5340; baseline -0.003 -13"><span class='ocrx_word' id='word_1_703' title='bbox 1885 5275 2028 5327; x_wconf 88' lang='lat' dir='ltr'><strong>mina</strong></span> <span class='ocrx_word' id='word_1_704' title='bbox 2061 5271 2284 5329; x_wconf 73' lang='lat' dir='ltr'><strong>Servire.</strong></span> <span class='ocrx_word' id='word_1_705' title='bbox 2311 5272 2518 5335; x_wconf 86' lang='lat' dir='ltr'><strong>Gratia,</strong></span> <span class='ocrx_word' id='word_1_706' title='bbox 2548 5284 2652 5340; x_wconf 82' lang='lat' dir='ltr'><strong>pax</strong></span> <span class='ocrx_word' id='word_1_707' title='bbox 2678 5280 2733 5325; x_wconf 90' lang='lat' dir='ltr'><strong>et</strong></span> <span class='ocrx_word' id='word_1_708' title='bbox 2762 5268 3139 5326; x_wconf 85' lang='lat' dir='ltr'><strong>misericordia</strong></span> <span class='ocrx_word' id='word_1_709' title='bbox 3171 5284 3338 5339; x_wconf 72' lang='lat' dir='ltr'><strong>regno</strong></span> <span class='ocrx_word' id='word_1_710' title='bbox 3364 5276 3459 5323; x_wconf 89' lang='lat' dir='ltr'><strong>tuo</strong></span> 
     </span>
    </p>
   </div>
   <div class='ocr_carea' id='block_1_109' title="bbox 1890 5364 2300 5434">
    <p class='ocr_par' dir='ltr' id='par_1_109' title="bbox 1890 5364 2300 5434">
     <span class='ocr_line' id='line_1_110' title="bbox 1890 5364 2300 5434; baseline -0.002 -16"><span class='ocrx_word' id='word_1_711' title='bbox 1890 5364 2300 5434; x_wconf 88' lang='lat' dir='ltr'><strong>multiplicetur.</strong></span> 
     </span>
    </p>
   </div>
   <div class='ocr_carea' id='block_1_110' title="bbox 2447 5456 2895 5527">
    <p class='ocr_par' dir='ltr' id='par_1_110' title="bbox 2447 5456 2895 5527">
     <span class='ocr_line' id='line_1_111' title="bbox 2447 5456 2895 5527; baseline 0 -16"><span class='ocrx_word' id='word_1_712' title='bbox 2447 5458 2529 5511; x_wconf 83' lang='lat' dir='ltr'><strong>Ad</strong></span> <span class='ocrx_word' id='word_1_713' title='bbox 2561 5459 2730 5527; x_wconf 75' lang='lat' dir='ltr'><strong>ﬁlium</strong></span> <span class='ocrx_word' id='word_1_714' title='bbox 2759 5456 2895 5523; x_wconf 76' lang='lat' dir='ltr'><strong>ejus.</strong></span> 
     </span>
    </p>
   </div>
   <div class='ocr_carea' id='block_1_111' title="bbox 1950 5546 3460 5614">
    <p class='ocr_par' dir='ltr' id='par_1_111' title="bbox 1950 5546 3460 5614">
     <span class='ocr_line' id='line_1_112' title="bbox 1950 5546 3460 5614; baseline 0 -12"><span class='ocrx_word' id='word_1_715' title='bbox 1950 5547 2202 5604; x_wconf 80' lang='lat' dir='ltr'><strong>Piissime</strong></span> <span class='ocrx_word' id='word_1_716' title='bbox 2235 5557 2289 5603; x_wconf 92' lang='lat' dir='ltr'><strong>et</strong></span> <span class='ocrx_word' id='word_1_717' title='bbox 2322 5563 2511 5606; x_wconf 86' lang='lat' dir='ltr'><strong>amans</strong></span> <span class='ocrx_word' id='word_1_718' title='bbox 2542 5550 2847 5614; x_wconf 87' lang='lat' dir='ltr'><strong>Christum,</strong></span> <span class='ocrx_word' id='word_1_719' title='bbox 2886 5546 3281 5613; x_wconf 83' lang='lat' dir='ltr'><strong>illustrissime,</strong></span> <span class='ocrx_word' id='word_1_720' title='bbox 3317 5554 3372 5602; x_wconf 91' lang='lat' dir='ltr'><strong>et</strong></span> <span class='ocrx_word' id='word_1_721' title='bbox 3407 5548 3460 5603; x_wconf 87' lang='lat' dir='ltr'><strong>in</strong></span> 
     </span>
    </p>
   </div>
   <div class='ocr_carea' id='block_1_112' title="bbox 1477 5661 2158 5721">
    <p class='ocr_par' dir='ltr' id='par_1_112' title="bbox 1477 5661 2158 5721">
     <span class='ocr_line' id='line_1_113' title="bbox 1477 5661 2158 5721; baseline 0.006 -6"><span class='ocrx_word' id='word_1_722' title='bbox 1477 5661 1706 5719; x_wconf 70' lang='grc' dir='ltr'><strong>νΑιιιΑε</strong></span> <span class='ocrx_word' id='word_1_723' title='bbox 1746 5663 2158 5721; x_wconf 83' lang='lat' dir='ltr'><strong>LECTIONES.</strong></span> 
     </span>
    </p>
   </div>
   <div class='ocr_carea' id='block_1_113' title="bbox 191 5770 1740 5911">
    <p class='ocr_par' dir='ltr' id='par_1_113' title="bbox 191 5770 1740 5911">
     <span class='ocr_line' id='line_1_114' title="bbox 191 5770 1740 5855; baseline 0.01 -35"><span class='ocrx_word' id='word_1_724' title='bbox 191 5817 213 5855; x_wconf 56' lang='lat'><em>.</em></span> <span class='ocrx_word' id='word_1_725' title='bbox 291 5770 317 5810; x_wconf 72' lang='grc'><strong>⁸</strong></span> <span class='ocrx_word' id='word_1_726' title='bbox 344 5770 441 5823; x_wconf 80' lang='grc' dir='ltr'><strong>καὶ</strong></span> <span class='ocrx_word' id='word_1_727' title='bbox 468 5771 741 5841; x_wconf 82' lang='grc' dir='ltr'><strong>ἀνώτερον</strong></span> <span class='ocrx_word' id='word_1_728' title='bbox 784 5777 982 5841; x_wconf 82' lang='grc' dir='ltr'><strong>παντὸς</strong></span> <span class='ocrx_word' id='word_1_729' title='bbox 1032 5778 1256 5850; x_wconf 78' lang='grc' dir='ltr'><strong>ἀνιαροῦ</strong></span> <span class='ocrx_word' id='word_1_730' title='bbox 1314 5782 1740 5853; x_wconf 83' lang='grc' dir='ltr'><strong>συναντήματος.</strong></span> 
     </span>
     <span class='ocr_line' id='line_1_115' title="bbox 251 5839 1733 5911; baseline 0.011 -18"><span class='ocrx_word' id='word_1_731' title='bbox 251 5839 515 5911; x_wconf 78' lang='grc' dir='ltr'><strong>Κυέντζη.</strong></span> <span class='ocrx_word' id='word_1_732' title='bbox 626 5842 642 5882; x_wconf 74' lang='grc' dir='ltr'>ι</span> <span class='ocrx_word' id='word_1_733' title='bbox 672 5845 866 5903; x_wconf 88' lang='lat' dir='ltr'><strong>desunt</strong></span> <span class='ocrx_word' id='word_1_734' title='bbox 907 5849 1019 5904; x_wconf 73' lang='lat' dir='ltr'><strong>haec</strong></span> <span class='ocrx_word' id='word_1_735' title='bbox 1046 5851 1288 5911; x_wconf 83' lang='lat' dir='ltr'><strong>quinque</strong></span> <span class='ocrx_word' id='word_1_736' title='bbox 1328 5851 1486 5907; x_wconf 79' lang='lat' dir='ltr'><strong>verba</strong></span> <span class='ocrx_word' id='word_1_737' title='bbox 1523 5855 1574 5907; x_wconf 90' lang='lat' dir='ltr'><strong>in</strong></span> <span class='ocrx_word' id='word_1_738' title='bbox 1604 5854 1733 5911; x_wconf 65' lang='lat' dir='ltr'><strong>ltee.</strong></span> 
     </span>
    </p>
   </div>
   <div class='ocr_carea' id='block_1_114' title="bbox 1840 5785 2030 5825">
    <p class='ocr_par' dir='ltr' id='par_1_114' title="bbox 1840 5785 2030 5825">
     <span class='ocr_line' id='line_1_116' title="bbox 1840 5785 2030 5825; baseline 0 0"><span class='ocrx_word' id='word_1_739' title='bbox 1840 5785 1865 5825; x_wconf 74' lang='grc' dir='ltr'><strong>ΙΙ</strong></span> <span class='ocrx_word' id='word_1_740' title='bbox 1902 5786 1952 5825; x_wconf 70' lang='grc' dir='ltr'><strong>’Δ</strong></span> <span class='ocrx_word' id='word_1_741' title='bbox 1969 5785 2030 5825; x_wconf 76' lang='lat' dir='ltr'><strong>in&quot;</strong></span> 
     </span>
    </p>
   </div>
   <div class='ocr_carea' id='block_1_115' title="bbox 626 5789 2730 5923">
    <p class='ocr_par' dir='ltr' id='par_1_115' title="bbox 626 5789 2730 5923">
     <span class='ocr_line' id='line_1_117' title="bbox 626 5789 2730 5882; baseline 0.006 -54"><span class='ocrx_word' id='word_1_742' title='bbox 626 5790 741 5882; x_wconf 60' lang='lat' dir='ltr'><strong>ipov</strong></span> <span class='ocrx_word' id='word_1_743' title='bbox 784 5789 982 5841; x_wconf 80' lang='grc' dir='ltr'><strong>παντὸς</strong></span> <span class='ocrx_word' id='word_1_744' title='bbox 1032 5789 1256 5861; x_wconf 76' lang='grc' dir='ltr'><strong>ἀνιαροῦ</strong></span> <span class='ocrx_word' id='word_1_745' title='bbox 1314 5789 1740 5853; x_wconf 83' lang='grc' dir='ltr'><strong>συναντήματος.</strong></span> <span class='ocrx_word' id='word_1_746' title='bbox 1840 5789 1865 5825; x_wconf 72' lang='grc' dir='ltr'>δ</span> <span class='ocrx_word' id='word_1_747' title='bbox 1902 5789 2092 5855; x_wconf 82' lang='grc' dir='ltr'><strong>Ἀμήν.</strong></span> <span class='ocrx_word' id='word_1_748' title='bbox 2177 5789 2361 5847; x_wconf 79' lang='grc' dir='ltr'><strong>ίᾶπας</strong></span> <span class='ocrx_word' id='word_1_749' title='bbox 2386 5789 2730 5857; x_wconf 85' lang='grc' dir='ltr'><strong>Χριστώνυμι</strong></span> 
     </span>
     <span class='ocr_line' id='line_1_118' title="bbox 672 5845 2730 5923; baseline 0.005 -24"><span class='ocrx_word' id='word_1_750' title='bbox 672 5845 866 5903; x_wconf 88' lang='lat' dir='ltr'><strong>desunt</strong></span> <span class='ocrx_word' id='word_1_751' title='bbox 907 5849 1019 5904; x_wconf 73' lang='lat' dir='ltr'><strong>haec</strong></span> <span class='ocrx_word' id='word_1_752' title='bbox 1046 5865 1288 5919; x_wconf 86' lang='lat' dir='ltr'><strong>qumque</strong></span> <span class='ocrx_word' id='word_1_753' title='bbox 1328 5851 1486 5907; x_wconf 79' lang='lat' dir='ltr'><strong>verba</strong></span> <span class='ocrx_word' id='word_1_754' title='bbox 1523 5855 1574 5907; x_wconf 90' lang='lat' dir='ltr'><strong>in</strong></span> <span class='ocrx_word' id='word_1_755' title='bbox 1604 5854 1733 5921; x_wconf 76' lang='lat' dir='ltr'><strong>lteg.</strong></span> <span class='ocrx_word' id='word_1_756' title='bbox 1815 5867 1853 5893; x_wconf 82' lang='grc' dir='ltr'><strong><em>η·</em></strong></span> <span class='ocrx_word' id='word_1_757' title='bbox 1890 5857 2086 5911; x_wconf 75' lang='lat' dir='ltr'><strong>desunt</strong></span> <span class='ocrx_word' id='word_1_758' title='bbox 2118 5854 2230 5908; x_wconf 76' lang='lat' dir='ltr'><strong>lure</strong></span> <span class='ocrx_word' id='word_1_759' title='bbox 2272 5866 2507 5923; x_wconf 85' lang='lat' dir='ltr'><strong>quatuor</strong></span> <span class='ocrx_word' id='word_1_760' title='bbox 2544 5860 2730 5912; x_wconf 84' lang='lat' dir='ltr'><strong>verba.</strong></span> 
     </span>
    </p>
   </div>
   <div class='ocr_carea' id='block_1_116' title="bbox 2177 5781 3458 5861">
    <p class='ocr_par' dir='ltr' id='par_1_116' title="bbox 2177 5781 3458 5861">
     <span class='ocr_line' id='line_1_119' title="bbox 2177 5781 3458 5861; baseline -0.001 -24"><span class='ocrx_word' id='word_1_761' title='bbox 2177 5783 2361 5847; x_wconf 80' lang='grc' dir='ltr'><strong>ίόιπας</strong></span> <span class='ocrx_word' id='word_1_762' title='bbox 2386 5784 2773 5861; x_wconf 80' lang='grc' dir='ltr'><strong>Χριστώνυμος</strong></span> <span class='ocrx_word' id='word_1_763' title='bbox 2804 5784 2919 5853; x_wconf 86' lang='grc' dir='ltr'><strong>τοῦ,</strong></span> <span class='ocrx_word' id='word_1_764' title='bbox 2947 5794 3054 5843; x_wconf 91' lang='lat' dir='ltr'><strong>ctc.</strong></span> <span class='ocrx_word' id='word_1_765' title='bbox 3169 5781 3182 5832; x_wconf 72' lang='grc' dir='ltr'><strong>ί</strong></span> <span class='ocrx_word' id='word_1_766' title='bbox 3214 5782 3458 5861; x_wconf 73' lang='grc' dir='ltr'><strong>Κυένζη.</strong></span> 
     </span>
    </p>
   </div>
  </div>
