4188 6456
747 402 847 466 411
1627 402 2060 465 ϐΙὶΕΟΟΒΗΜ
2103 403 2337 465 ΕΡῐΞΕ(

2435 403 2675 464 lTUUM
2712 402 3043 464 NOTlTI/E
3910 399 4017 463 412

744 529 939 574 sancto
979 517 1186 590 Spiritu
1223 514 1686 572 desideratissime
1723 516 1963 576 domine.
2008 528 2062 571 et
2103 518 2177 571 lili
2220 532 2315 571 no-

2435 530 2476 563 ;v
2535 512 2678 580 ἁγίῳ
2742 513 3080 582 "vstigia-cit“
3114 508 3459 562 ποθεινότατε
3520 504 3752 561 αὖθέντα
3787 512 3883 563 καὶ
3933 513 4020 562 υἱὲ

747 621 874 667 ειηε
913 610 1234 664 humilitatis
1267 624 1282 661 :
1318 621 1481 660 omne
1515 606 1716 662 bonum
1750 607 2107 662 dominationi
2142 615 2247 661 tua:
2282 622 2312 661 a

2435 604 2517 672 τῆς
2561 602 2717 673 ἡμῶν
2784 605 3170 671 ταπεινότητος
3213 618 3225 631 ’
3272 602 3380 653 πᾶν
3435 600 3639 666 ἀγαθὸν
3725 601 4015 670 ἐπεύχεταε

748 703 976 757 Domino
1010 701 1290 756 humilitas
1325 708 1511 754 nostra
1546 708 1824 769 precatur.

2435 696 2569 768 [ταρᾶ
2617 695 2821 765 Κυρίου
2848 698 2912 765 τῇ
2961 694 3243 762 adﬂat-tsi;
3272 711 3364 747 σου
3430 693 3467 761 ἡ
3490 693 3809 763 ταπεινότης
3832 694 4015 762 ἡμῶν.

1323 878 1402 929 Ad
1439 876 1734 947 Zupanum.

2975 878 3076 942 Εἰς
3107 874 3445 930 Ζουπάνον.

815 969 1195 1036 Nobilissime,
1241 971 1643 1032 illustrissime,
1686 979 1740 1023 et
1788 969 1893 1024 dus
1947 973 2309 1041 peritissime,

2488 968 2857 1037 Εὐγενέστατε
2889 1007 2904 1031 ,
2958 967 3309 1037 λαμπρότατε
3340 1009 3356 1031 ,
3394 966 3486 1019 καὶ
3522 965 4011 1037 στρατηγικώτατε

745 1078 936 1131 magne
966 1062 1219 1132 Zupane,
1254 1063 1308 1115 in
1345 1070 1534 1115 sancto
1570 1060 1774 1132 Spiritu
1805 1064 2204 1132 iucundissime
2239 1068 2308 1121 ﬁli

2435 1056 2561 1125 ιέγα
2614 1060 2876 1120 Ζουπάνε,
2914 1059 2975 1110 ἐν
3021 1058 3162 1128 ἁγίῳ
3212 1056 3493 1126 Πνεύματι
3535 1058 3860 1127 ὑπερήδιστε
3926 1058 4011 1109 ult

744 1165 943 1206 nosu-a:
980 1154 1299 1207 humilitatis
1331 1154 1550 1209 domine
1584 1155 1653 1207 N.
1690 1172 1705 1209 :
1738 1157 1988 1225 gratiam,
2026 1172 2211 1227 pacem
2259 1166 2313 1211 et

2435 1148 2526 1217 τῆς
2574 1150 2731 1219 ἡμῶν
2769 1148 3149 1219 ταπεινότητος
3196 1149 3352 1219 πυρὶ,
3380 1151 3408 1201 ὁ
3436 1148 3618 1213 δεῖνα,
3651 1149 3829 1217 χάριν,
3858 1150 4012 1217 εἰρή-

743 1244 888 1297 aliud
936 1259 1098 1299 omnc
1142 1245 1346 1300 bonum
1390 1261 1419 1300 a
1467 1245 1695 1301 Domino
1736 1248 1988 1317 probitati
2034 1256 2140 1303 tua:
2183 1264 2310 1319 pre-

2435 1260 2523 1313 νην
2564 1245 2659 1296 καὶ
2687 1245 2815 1298 ἄλλο
2868 1245 2978 1298 πᾶν
3010 1242 3213 1311 ἀγαθὸν
3242 1241 3588 1313 ὲπευχόμεθα
3621 1242 3774 1313 παρὰ
3807 1242 4012 1310 Κυρίου

742 1350 952 1390 ιαιιιιιιιιν.
2428 1337 2494 1405 τῇ
2521 1333 2821 1404 ἀντιλήψει.

743 1426 1012 1492 Quomodo
1041 1427 1221 1480 scribit
1252 1430 1583 1495 metropolita
1612 1427 1680 1482 ad
1708 1445 1826 1482 eum
1856 1431 1946 1493 qui
1969 1430 2085 1497 jam
2116 1430 2168 1483 in
2204 1428 2311 1483 lli-

2435 1424 2620 1488 Ὀπως
2664 1422 2872 1491 γράφει
2922 1422 3369 1493 μητροπολίτης
3397 1417 3550 1487 πρὸς
3596 1420 3705 1474 τὸν
3733 1422 3822 1484 εις
3877 1422 3994 1487 τὴν

1022 1500 1189 1567 tylene
1224 1502 1478 1565 reperitur
1505 1516 1667 1554 nouus
1704 1499 2031 1554 Gateliuzus.

2435 1513 2769 1579 Μιτυλήνην
2810 1515 3240 1582 εὑρισκόμενον
3270 1511 3386 1565 νῦν
3414 1510 3558 1564 νέον
3582 1509 3999 1572 Γατελιοῦζον.

816 1585 1287 1644 Desideratissime
1331 1606 1499 1660 nepos
1531 1590 1893 1660 potentissimi
1928 1598 1982 1644 et
2012 1590 2187 1645 sancti
2216 1590 2313 1644 do-

2484 1604 2827 1675 Περιπόθηττ
2877 1604 3064 1673 eum
3084 1602 3179 1657 τοῦ
3222 1599 3485 1674 κραταιοῦ
3539 1600 3633 1653 καὶ
3662 1601 3819 1668 ἁγίου
3845 1602 4006 1670 ἡμῶν

742 1674 875 1727 ιιιῑυί
918 1685 973 1728 et
1014 1676 1361 1746 imperatoris
1405 1679 1599 1742 nostri,
1642 1679 2035 1749 gloriosissime
2086 1688 2141 1734 et
2188 1680 2313 1734 illu-

2435 1694 2679 1748 ιύθέντου
2717 1674 2810 1748 καὶ
2848 1694 3113 1764 βασιλέως
3139 1709 3153 1723 ο
3186 1693 3516 1758 ὲνδοξότατε.
3571 1691 4008 1762 περιφανέστατα

742 1764 1008 1817 Strissime
1036 1763 1256 1819 domine
1287 1763 1593 1837 Mitylenes.

2435 1786 2652 1840 ιύθέντα
2678 1788 2777 1858 τῆς
2808 1763 3123 1857 Μιτυλήνης

813 1850 1108 1919 Compellat
1150 1853 1309 1907 etiam
1350 1853 1584 1909 eumdem
1629 1857 2021 1915 dominationis
2063 1877 2203 1919 uoce.
2249 1860 2313 1917 In

2487 1877 2706 1946 Γράφει
2732 1850 2802 1930 οὲ
2823 1877 2972 1946 πρὸς
3000 1850 3189 1931 αὑτὸν
3210 1874 3311 1928 καί
3338 1874 3670 1928 αὐθεντείαν.
3716 1874 3818 1928 Ἐν
3843 1873 3915 1927 δὲ
3932 1872 4007 1941 τῇ

745 1944 1082 2013 inscriptione
1113 1933 1237 2001 vero.
1258 1949 1331 2000 sic
1355 1949 1532 2015 ponit:

818 2036 1290 2093 Desideratissimo
1322 2041 1502 2109 nepoti
1537 2042 1899 2107 potentissimi
1928 2052 1983 2099 et
2012 2046 2183 2100 sancti
2218 2062 2315 2101 no-

746 2128 844 2180 stri
884 2128 1087 2183 domini
1129 2140 1182 2185 et
1222 2131 1598 2202 imperatoris,
1638 2136 2035 2205 gloriosissimo
2094 2147 2149 2192 el.
2193 2140 2314 2194 illu—

745 2220 1020 2274 strissimo
1058 2220 1279 2278 domino
1308 2224 1593 2281 Mitvleues
1623 2224 1918 2283 Francisco
1946 2228 2247 2287 Gateliuzo.

818 2395 883 2449 In
915 2398 1069 2465 ﬁnem
1098 2406 1253 2467 ponet
1278 2415 1454 2466 preces
1481 2417 1813 2472 quascunque
1840 2404 2080 2471 probabit
2107 2407 2199 2463 ille
2225 2409 2314 2479 qui

746 2490 957 2544 scribet.

748 2579 1019 2647 Quomodo
1046 2580 1225 2634 scribit
1258 2578 1326 2633 ad
1358 2581 1474 2663 ejus
1490 2592 1751 2704 intratam
1781 2583 2092 2642 Nicolezum
2122 2592 2214 2659 qui
2237 2601 2314 2647 est

1412 2668 1465 2704 ιη
1569 2668 1654 2704 no.

1412 2668 1465 2704 ιη
1490 2668 1654 2707 mna.

820 2739 1296 2795 Desideratissime
1338 2755 1604 2797 consocer
1640 2746 1999 2812 potentissimi
2044 2757 2099 2804 et
2140 2752 2315 2806 sancti

747 2830 951 2885 domini
987 2832 1159 2886 nostri
1204 2832 1566 2901 imperatoris,
1600 2835 1993 2905 illustrissime,
2022 2841 2320 2898 mirabilis-

820 3015 1014 3069 Scribit
1048 3032 1247 3087 quoque
1281 3016 1349 3069 ad
1382 3032 1537 3081 eum,
1570 3017 1789 3073 domine
1821 3037 1838 3079 ;
1871 3031 1919 3074 et
1955 3022 2007 3075 in
2043 3023 2143 3090 ﬁne
2174 3027 2318 3093 ponit

747 3123 879 3176 quas
907 3106 1203 3175 probaverit
1230 3123 1423 3176 preces.
1457 3105 1523 3161 In
1549 3108 1886 3179 inscriptione
1916 3129 2033 3168 vero
2058 3130 2077 3168 :

821 3281 1297 3339 Desideratissimo
1353 3300 1661 3343 consocero
1721 3292 2086 3359 potentissimi
2148 3295 2321 3349 sancti

748 3371 954 3426 domini
989 3382 1043 3428 et
1077 3374 1456 3444 imperatoris,
1492 3377 1882 3445 illustrissimo,
1919 3384 2324 3452 spectatissimo

749 3463 1004 3518 Nicolezo
1036 3464 1337 3521 Gateliuzo.

823 3553 1154 3624 Quibusnam
1201 3556 1392 3611 litteris
1440 3558 1751 3626 patriarcha
1804 3577 1966 3631 neque
2009 3564 2323 3634 subscribit,

746 3636 912 3713 neque
939 3646 1171 3714 sigillum
1198 3649 1412 3715 apponit
1436 3664 1455 3701 :
1478 3648 1792 3717 quibusnam
1819 3662 1995 3707 autem
2019 3657 2325 3722 subscribit,

750 3736 896 3787 haud
934 3748 1106 3790 tamen
1140 3739 1374 3809 sigillum
1409 3741 1598 3805 addit;
1631 3760 1871 3811 quamam
1908 3746 2119 3800 tandem
2153 3749 2326 3802 solum

752 3827 974 3897 sigillat.
1013 3827 1329 3884 Patriarcha
1367 3848 1467 3886 non
1503 3833 1787 3887 subscribit
1826 3838 2176 3906 pugillaribus
2213 3856 2328 3909 qua:

754 3922 1036 3975 mittuntur
1059 3920 1128 3974 ad
1153 3924 1302 3991 imp.,
1330 3924 1398 3977 ad
1414 3924 1706 3991 despotam,
1734 3927 1803 3980 ad
1830 3930 2237 3995 imperatricem,
2260 3931 2329 3985 ad

756 4009 1192 4067 Sebastocratora
1213 4056 1228 4079 ,
1263 4015 1331 4067 ad
1360 4015 1654 4079 Ca'sarem,
1685 4020 1731 4072 si
1763 4027 1966 4072 tantum
1996 4022 2100 4074 sint
2134 4021 2332 4077 σταται

754 4106 1013 4169 nationis,
1046 4107 1114 4160 ad
1146 4108 1374 4177 reliquos
1409 4118 1584 4162 autem
1618 4126 1794 4164 omnes
1824 4112 2128 4167 subscribit.
2160 4115 2184 4167 1
2193 4117 2333 4184 gitur

758 4196 811 4249 in
845 4199 1031 4266 quibus
1062 4215 1165 4252 non
1200 4199 1503 4263 subscribit,
1535 4202 1749 4269 ponitur
1777 4204 1925 4271 prius
1955 4205 2007 4257 in
2038 4209 2335 4274 suprascri-

758 4290 933 4356 ptione
973 4306 1159 4345 nomen
1202 4291 1348 4345 illius
1390 4293 1458 4346 ad
1498 4310 1644 4362 quem
1688 4295 1871 4348 scribit
1909 4309 1928 4347 :
1966 4297 2020 4349 in
2064 4298 2175 4351 alia
2218 4315 2334 4354 uero

759 4390 909 4444 parte
951 4396 1137 4434 nomen
1179 4382 1519 4449 patriarchw,
1564 4386 1651 4437 ubi
1690 4386 1925 4454 sigillum
1967 4404 2070 4441 non
2114 4400 2213 4443 est.
2253 4391 2334 4443 Ad

761 4483 978 4525 cwteros
1005 4489 1162 4540 porro
1194 4478 1486 4529 senatorios
1517 4480 1814 4545 optimates,
1843 4481 2196 4537 nobilissimos
2222 4485 2337 4553 qui-

762 4560 902 4624 dem,
928 4570 979 4614 et
1017 4563 1185 4626 oﬂicia
1216 4566 1427 4629 adeptos
1456 4543 1738 4634 praecipua,
1765 4578 1813 4621 et
1845 4568 1970 4635 imp.
1998 4570 2195 4638 afﬁnes,
2233 4543 2336 4639 pa-
2367 4543 2412 4599 Β

768 4651 1001 4704 triarcha
1038 4654 1221 4706 scribit
1258 4655 1405 4722 prius
1440 4672 1593 4709 suum
1631 4673 1813 4711 nomen
1845 4660 1936 4713 ubi
1967 4661 2204 4731 sigillum
2242 4680 2337 4717 ea:-

766 4750 898 4805 stat,
935 4744 1049 4797 sic:
1081 4742 1232 4800 Nilus
1264 4744 1354 4799 Dei
1390 4748 1735 4803 miseratione
1770 4767 1784 4804 :
1821 4752 1873 4805 in
1909 4753 2017 4806 alia
2049 4770 2165 4807 vero
2192 4766 2342 4822 parte

771 4853 956 4891 nomen
986 4836 1132 4889 illius
1167 4837 1235 4891 ad
1267 4855 1414 4906 quem
1449 4838 1651 4894 scribit.
1683 4842 1765 4894 Αά
1794 4854 2009 4899 cwteros
2040 4856 2214 4900 autem
2246 4864 2343 4917 op—

774 4927 1108 4991 timates,ubi
1134 4937 1308 4982 exstat
1336 4930 1590 4999 sigillum,
1617 4933 1873 4997 scribunt,
1892 4935 2053 5004 juxta
2067 4938 2299 5007 sigillum
2324 4955 2343 4992 :

774 5017 1166 5084 Patriarchale,
1208 5018 1335 5072 Post
1370 5029 1545 5073 autem
1574 5022 1812 5091 sigillum
1848 5024 1927 5077 Ad
1967 5023 2030 5078 N.
2068 5024 2157 5080 Sic
2186 5037 2236 5081 et
2273 5028 2343 5080 ad

776 5108 1137 5177 metropolitas
1162 5125 1322 5178 usque
1349 5109 1418 5162 ad
1443 5109 1699 5164 decimam
1726 5110 1899 5166 sedem
1925 5113 2139 5181 ponitur
2159 5131 2343 5170 nomen

678 5264 685 5272 .
775 5198 1096 5264 patriarcha:
1124 5214 1144 5252 :
1176 5199 1244 5251 ad
1279 5199 1506 5269 reliquos
1536 5217 1652 5255 vero
1681 5213 1895 5257 cunctos
1926 5204 2209 5260 scribitur:
2236 5205 2343 5260 Pa-

777 5291 1071 5344 triarchale
1106 5291 1362 5360 diploma.
1394 5295 1477 5346 Ad
1515 5295 1807 5363 superiores
1840 5312 1959 5351 vero
1996 5299 2339 5353 monasterio-

781 5398 899 5435 rum
918 5422 933 5446 ,
960 5390 1011 5436 et
1042 5382 1351 5450 simpliciter
1380 5386 1661 5439 monac/tos
1704 5388 1781 5441 cel
1810 5388 1973 5443 laicos
2004 5390 2133 5457 reip.
2162 5407 2346 5460 proce-

781 5489 885 5536 res,
925 5483 974 5527 et
1019 5474 1155 5528 alios
1201 5473 1520 5543 Itujusmodi,
1564 5492 1666 5531 non
1708 5478 1969 5547 sigillant,
2007 5481 2096 5534 sed
2139 5491 2344 5535 tantum

783 5565 1095 5631 co‘mplicaut
1122 5566 1395 5633 epistolam
1424 5568 1905 5638 quadrangularem
1931 5582 1980 5625 et
2007 5571 2240 5626 scribunt
2271 5574 2350 5625 in-

786 5658 1529 5727 scriptionem,Patriarchalc
1563 5662 1628 5716 ad
1664 5661 1753 5729 N.,
1782 5664 1886 5720 nisi
1917 5664 2051 5734 forte
2078 5666 2147 5720 sit
2177 5666 2351 5719 archi-

2416 1966 2713 2037 ἐπιγραφῇ
2755 1968 2929 2022 οὕτω·

2488 2061 2580 2132 Τῷ
2621 2061 2972 2131 περιποθήτῳ
3019 2060 3224 2131 ἀνεψιῷ
3259 2059 3353 2113 τοῦ
3409 2055 3675 2129 κραταιοῦ
3704 2058 3798 2110 καὶ
3846 2058 4006 2125 ἁγίου

2417 2154 2576 2225 ἡμῶν
2623 2154 2881 2207 αὑθέντου
2917 2152 3010 2206 καὶ
3067 2152 3349 2221 βασιλέως,
3380 2150 3725 2220 ἐνδοξοτάτῳ,
3768 2166 4008 2220 περιφα-

2416 2243 2660 2314 νεστάτῳ
2693 2242 2927 2315 αὐθέντῃ
2952 2242 3051 2312 τῆς
3085 2242 3401 2314 Μιτυλήνης
3427 2239 3757 2311 Φρατξὼκῳ
3795 2240 3873 2311 τῷ
3896 2240 4004 2293 Γα-

2417 2335 2701 2405 τελιούζῳ.

2502 2426 2605 2480 Ἐν
2641 2422 2722 2488 τῷ
2764 2423 2922 2477 τέλει
2967 2421 3161 2492 εὐχὴν
3213 2418 3294 2487 ἢν
3319 2421 3395 2475 ἂν
3430 2420 3718 2489 διακρίνει
3742 2460 3759 2485 ,
3804 2421 3837 2473 ὀ
3864 2416 4006 2488 τρά-

2420 2535 2571 2587 φων.

2423 2612 2624 2676 Ὅπως
2651 2606 2862 2678 γράφει
2886 2606 3037 2678 πρὸς
3074 2606 3181 2659 τὸν
3225 2604 3465 2678 είς-τὴν
3503 2600 3687 2659 Αἶνον
3712 2602 3874 2658 θεῖον
3894 2604 4005 2657 αὐ·

2922 2674 3031 2731 τοῦ
3087 2674 3426 2735 Νικολέζον.

2492 2771 2835 2842 Περιπὸθητε
2878 2767 3219 2838 συμπτνθερὶ
3265 2765 3361 2819 τοῦ
3403 2762 3667 2835 κραταιοῦ
3717 2764 3809 2817 καὶ
3846 2761 4005 2830 ἁγίου

2421 2863 2581 2935 ἡμῶν
2605 2863 2860 2917 αὐθέντου
2892 2858 3048 2932 ἡμῶν
3077 2856 3361 2929 βασιλέως,
3388 2855 3759 2927 λαμπρότατε,
3791 2854 4007 2922 θαυμα-

2426 2970 2676 3006 σιωτατε.

2494 3041 2643 3113 [416]
2676 3041 2897 3110 Γράφει
2925 3038 3023 3092 καὶ
3055 3037 3206 3107 πρὸς
3232 3038 3419 3092 αὐτὸν
3442 3077 3457 3101 ,
3504 3037 3756 3101 αὐθέντα.
3803 3036 3902 3091 καὶ
3939 3037 4010 3089 ἐν

2432 3131 2513 3197 τῷ
2541 3133 2722 3197 τέλει,
2762 3130 2845 3198 ἣν
2869 3129 2946 3185 ἂν
2994 3128 3281 3197 διακρίνει
3321 3131 3354 3181 ό
3376 3127 3637 3197 ψάφων.
3678 3129 3780 3181 Ἔν
3806 3127 3875 3180 δὲ
3929 3127 4005 3196 τῇ

2345 3204 2389 3263 c
2419 3221 2715 3290 ἐπιγραφῇ
2724 3237 2736 3249 ⁸

2492 3313 2584 3383 Τῷ
2616 3312 2968 3384 περιποθήτῳ
3000 3307 3361 3379 συμπενθερῷ
3426 3306 3521 3360 τοῦ
3567 3305 3823 3374 κραταιοῦ
3852 3306 4007 3374 ἁγίου

2422 3404 2683 3459 αὑθέντου
2713 3404 2806 3455 καὶ
2844 3401 3126 3473 βασιλέως,
3166 3396 4009 3470 λαμπροτάτῳ,θαυματιιι›τάτῳ

2424 3495 2473 3548 Ν
2478 3492 2705 3562 ικολέξῳ
2739 3492 2816 3562 τῷ
2852 3488 3209 3552 Γατελιούζω.

2501 3587 2637 3640 Τίνα
2678 3582 2954 3637 πιττάκια
2994 3580 3383 3651 ὑπογράφειό
3426 3576 3837 3646 πατριάρχης,
3872 3577 4012 3630 οὔτε

2432 3676 2806 3741 ,βουλλὼνεν
2840 3674 2974 3728 τίνα
3003 3672 3072 3725 δὲ
3093 3669 3427 3741 ὑπογράφει
3448 3669 3586 3738 μὲν,
3625 3671 3697 3721 οὺ
3733 3667 4013 3732 βουλλὼ-

2427 3785 2515 3821 νει
2542 3767 2609 3821 δέ
2632 3784 2646 3798 ·
2679 3767 2814 3819 τίνα
2848 3765 2917 3817 δὲ
2940 3762 3278 3828 βουλλώνει
3298 3764 3504 3830 μόνον.
3540 3760 3593 3811 '0
3626 3758 4013 3828 πατριάρχης

2441 3860 2555 3927 οὐχ
2598 3855 2926 3925 ὐποπράςρει
2952 3854 3088 3907 οὔτε
3126 3853 3234 3906 τὸν
3252 3851 3542 3915 βασιλέα.
3589 3850 3727 3903 οὔτε
3776 3850 3885 3902 τὸν
3914 3848 4014 3902 62-

2430 3950 2687 4014 σπότην,
2719 3948 2855 4001 οὔτε
2881 3945 2996 4011 τὴν
3018 3943 3372 4007 δέσποιναν,
3399 3942 3435 4009 ἣ
3461 3941 4012 4009 Σεϐαστοκράτορα.

2434 4040 2472 4106 ἣ
2508 4040 2811 4105 Καίσαρα,
2870 4035 3198 4105 Ῥωμαίους
3240 4034 3427 4103 μόνον
3477 4032 3696 4096 ὄνταςθ
3751 4031 3894 4095 τοὺς
3946 4030 4015 4082 δὲ

2440 4132 2672 4194 ἄλλους
2716 4128 2944 4192 πάντας
2995 4125 3344 4194 ὑπογράφει.
3392 4124 3579 4177 Ἔνθα
3627 4123 3838 4175 τοίνυν
3892 4123 4007 4188 οὐχ

2433 4221 2769 4290 ὑπογράφει
2796 4260 2811 4283 ,
2854 4218 3072 4271 τίθεται
3108 4216 3181 4268 ἐν
3235 4213 3312 4281 τῇ
3353 4210 3655 4282 ἐπιγραφῇ
3714 4211 3781 4263 τὸ
3822 4211 4013 4277 ὄνομα

2436 4312 2543 4366 τοῦ
2595 4311 2747 4378 πρὸς
2802 4309 2875 4362 ὃν
2919 4305 3129 4377 γράφει
3172 4302 3425 4372 πρῶτον.
3460 4304 3561 4367 Είς
3612 4300 3679 4353 δὲ
3736 4300 3804 4352 τὸ
3861 4300 4017 4352 ἄλλο

2430 4404 2611 4475 μέρος
2668 4400 2734 4454 τὸ
2773 4399 2878 4453 τοῦ
2894 4396 3297 4466 πατριάρχου,
3346 4396 3493 4448 ἔνθα
3535 4403 3561 4430 ιι
3612 4393 3683 4446 οὐ
3732 4390 3922 4444 κεῖται
3975 4390 4014 4455 ἠ

2433 4494 2713 4561 ,ϐοῦλλα⁸
2767 4492 2856 4557 είς
2903 4490 2971 4542 δὲ
3025 4488 3167 4554 τοὺς
3223 4487 3466 4550 λοιποὺς
3516 4485 3812 4552 ἄρχοντας
3878 4481 4020 4546 τοὺς

2445 4582 2892 4650 συγκλητικοὺς
2920 4621 2937 4645 ,
2972 4578 3116 4644 τοὺς
3167 4576 3284 4647 μὲν
3335 4573 3806 4644 εὐγενεστάτους
3834 4611 3852 4635 ,
3918 4573 4019 4624 καί

2446 4677 2696 4745 duplum
2744 4673 2999 4742 ἔχοντας
3030 4669 3237 4737 ἔντιμα
3263 4708 3278 4732 ,
3312 4667 3410 4720 καὶ
3449 4663 3804 4733 προστενεῒς
3840 4664 4021 4728 ,Βασι-

2447 4767 2603 4823 λέων
2655 4764 2865 4834 γράφει
2918 4765 2952 4816 ό
2992 4759 3362 4828 πατριάρχης
3411 4757 3479 4810 τὸ
3524 4753 3744 4810 ἑαυτοῦ
3806 4754 4019 4823 ὄνομα,

2451 4853 2764 4923 πρῶτονὲν
2793 4843 2840 4916 ᾧ
2856 4848 3040 4902 κεῖται
3061 4847 3099 4913 ἠ
3124 4846 3367 4912 βοῦλλα
3384 4861 3398 4876 °
3432 4843 3621 4906 Νεῖλος
3638 4852 3665 4880 ιι
3698 4841 3834 4911 ἐλέῳ
3858 4841 4019 4895 Θεοῦ·

2446 4949 2534 5011 είς
2582 4944 2650 4997 δὲ
2706 4942 2773 4996 τὸ
2822 4942 2989 4994 ἄλλο’
3012 4939 3195 5009 μέρος
3248 4936 3317 4990 τὸ
3370 4936 3557 5004 ὄνομα
3607 4933 3713 4988 τοῦ
3755 4935 3905 5001 πρὸς
3951 4933 4023 4987 ὃν

2446 5033 2803 5106 τράφει.Είς
2841 5028 2910 5083 δὲ
2938 5026 3080 5094 τοὺς
3115 5026 3348 5090 ἄλλους
3373 5024 3669 5093 ἄρχοντας
3706 5020 3863 5076 ὅπου
3899 5021 4024 5075 κεῖ-

2446 5143 2540 5179 ται
2562 5122 2599 5188 ἠ
2623 5120 2886 5185 βοῦλλα,
2916 5116 3214 5187 γράφουσι
3244 5114 3395 5182 πρὸς
3432 5112 3551 5182 μὲν
3582 5111 3692 5177 τῆς
3719 5111 4022 5178 βούλλης,

2443 5215 2506 5268 τὸ
2540 5209 2963 5282 Πατριαρχικδν,
3005 5204 3155 5276 μετὰ
3188 5203 3257 5258 δὲ
3304 5204 3417 5270 τὴν
3449 5201 3753 5267 βοῦλλαν,
3804 5201 3903 5262 Ek
3930 5200 4025 5254 τὸν

2445 5303 2619 5355 δεῖνα.
2656 5297 2819 5351 Οὕτω
2876 5296 2972 5349 και
3025 5294 3111 5359 είς
3154 5292 3295 5357 τοὺς
3321 5290 3764 5361 μητροπολίτας
3786 5304 3803 5321 ο
3842 5287 4026 5358 μέχρι

2437 5394 2552 5464 μὲν
2574 5390 2680 5443 τοῦ
2698 5386 2950 5441 δεκάτου
2970 5386 3186 5454 θρόνου
3209 5385 3429 5437 τίθεται
3446 5382 3512 5435 τὸ
3531 5381 3637 5435 τοῦ
3654 5378 4025 5447 πατριάρχου

2451 5484 2643 5550 ὄνομα
2667 5494 2681 5509 ·
2732 5478 2819 5544 εις
2852 5475 2922 5530 δὲ
2958 5476 3100 5542 τοὺς
3127 5473 3273 5541 ἑξῆς
3304 5471 3560 5537 πάντας.
3595 5471 4023 5541 Πατρωρχιιών.

2466 5570 2869 5644 Ἢγουιιένους
2920 5568 2989 5622 δὲ
3045 5567 3144 5621 καί
3198 5564 3406 5630 ἁπλῶς
3456 5564 3783 5634 μονακοὺς,
3830 5563 3871 5629 ἣ
3919 5581 4026 5618 κο-

2454 5662 2710 5734 σμικοὺς
2756 5659 2864 5728 τῆς
2914 5658 3219 5724 πολιτείας
3258 5657 3589 5725 ἄρχοντας,
3638 5653 3735 5708 καί
3789 5653 4025 5717 ἄλλους

2055 5755 2286 5810 νΑιιιίΕ
2330 5754 2739 5812 LECTIONES.

858 5852 870 5881 ¹
907 5843 1082 5897 Deest.
1165 5850 1186 5871 "
1216 5843 1511 5907 λιατθαῖος.
