4240 6446
759 382 867 447 415

1674 388 2121 449 GRECORUM
2164 389 2743 453 EPISCOPATUUM
2776 390 3103 453 NOTITIE

3919 396 4030 460 416

761 501 909 560 bunt,
955 497 1091 550 sicut
1145 507 1193 552 et
1244 498 1546 564 patriarcha
1576 516 1593 553 :
1625 500 1714 566 qui
1762 516 1881 551 vero
1933 517 2034 553 non
2078 501 2330 552 dicuntur
2362 513 2435 563 Α.

2362 513 2402 563 Α
2432 502 2692 563 πολῖται,
2724 506 3029 570 Μεγάλους,
3055 503 3257 573 ὥσπερ
3280 504 3375 558 καὶ
3405 506 3437 559 ό
3461 506 3857 575 πατριάρχηςυ
3884 511 4033 564 τοὺς

763 591 959 657 magni,
1013 592 1173 641 etiam
1232 591 1584 657 metropolin
1618 606 1758 658 reges
1802 591 2112 656 simpliciter
2166 593 2334 643 nomi-

760 692 911 735 nant.
948 680 1015 733 ls't
1052 680 1361 747 patriarcha
1390 682 1599 748 quidem
1629 682 1758 733 dicit
1798 684 1867 734 ad
1920 684 2041 734 illos
2072 682 2334 735 Nobilita-

763 786 872 827 tem
930 792 942 825 :
989 766 1341 841 Ilctropolittu
1380 786 1556 829 autem
1611 777 2067 831 Dominationcm.
2124 776 2331 845 Supra-

759 867 972 930 scriptio
1004 883 1120 918 vero
1146 868 1450 919 tabularum
1485 870 1656 936 primo
1693 885 1881 923 nomen
1905 870 2052 923 illius
2075 872 2241 938 ponit,
2282 885 2331 926 et

760 960 810 1011 in
846 958 957 1011 alia
986 969 1138 1027 parte
1164 976 1353 1014 nomen
1388 961 1761 1029 metropolita'.

1107 1133 1184 1187 De
1220 1133 1430 1189 Cwsare
1457 1142 1505 1187 et
1535 1132 1988 1189 Sebastocratore.

829 1227 909 1278 All
939 1225 1205 1281 Ca’snrcm
1256 1235 1305 1279 et
1337 1224 1824 1280 Sebastocratorem
1868 1228 2102 1282 scribens
2144 1242 2337 1284 metro-

757 1320 947 1387 pulitu,
996 1319 1219 1387 ofﬁcium
1263 1319 1473 1386 quidem
1511 1320 1657 1386 ponit
1686 1319 1840 1387 quale
1882 1318 2336 1377 Sebastocratoris

760 1412 837 1464 vel
866 1411 1099 1465 Cwsaris
1133 1426 1150 1462 :
1190 1425 1376 1462 nomen
1410 1426 1531 1463 vero
1563 1411 1709 1464 illius
1750 1428 2099 1482 nequaquam.
2136 1416 2214 1468 Ad
2239 1418 2335 1469 Iros

760 1520 878 1555 vero
915 1519 1092 1556 omnes
1119 1502 1458 1571 maiestatem
1487 1503 1651 1557 etiam
1697 1504 1850 1568 dicit,
1876 1508 1983 1558 sive
2015 1507 2121 1558 sint
2139 1505 2331 1571 Grarci,

758 1596 865 1649 sive
889 1597 1124 1650 barbari.

762 1688 837 1742 De
871 1688 1226 1757 pugillaribus
1278 1687 1714 1742 patriarcharum
1754 1695 1805 1741 et
1855 1690 2334 1757 metropolitarum.

836 1842 1153 1895 Patriarclta
1186 1858 1509 1913 quwcunque
1536 1841 2120 1911 pugillariumsigillat,
2157 1844 2336 1896 omnia
2365 1840 2412 1898 Β

760 1940 915 2003 longa
936 1945 1056 1988 sunt
1085 1951 1101 1987 :
1129 1952 1451 2004 quacunque
1476 1952 1593 1988 vero
1628 1952 1730 1987 non
1763 1943 1885 1986 sunt
1919 1935 2181 2003 sigillata,
2214 1951 2334 1990 sunt

758 2028 1130 2098 quadrangula
1152 2043 1170 2080 :
1203 2026 1541 2095 Metropolim
1585 2035 1763 2079 autem
1802 2028 1998 2096 absque
2032 2028 2337 2083 discrimine

760 2121 1021 2188 componit
1046 2134 1067 2184 ;
1098 2120 1209 2188 agit
1227 2120 1363 2172 enim
1387 2128 1541 2187 prout
1567 2118 1799 2172 libuerit.

1276 2210 1355 2265 De
1386 2212 1453 2264 im
1460 2210 1833 2278 peratricibus.

834 2300 1032 2356 Notam
1083 2301 1366 2371 pugillaris
1420 2301 1487 2353 ad
1522 2303 1910 2368 imperatricem
1954 2304 2107 2356 missi
2132 2305 2334 2373 ignoro.

772 2393 991 2449 Videtur
1030 2404 1204 2448 tamen
1235 2394 1363 2447 mihi
1402 2404 1457 2446 ut
1487 2394 1593 2447 sint
1619 2394 1780 2447 simul
1803 2392 1971 2447 amba:
2000 2393 2193 2448 littera:
2217 2397 2258 2446 Β
2288 2406 2337 2449 et

760 2487 818 2537 A.
848 2483 958 2536 Alii
994 2500 1113 2537 vero
1142 2486 1324 2537 dicunt
1362 2484 1501 2552 quod
1529 2484 1584 2536 in
1612 2484 1967 2553 pugillaribus
2000 2485 2068 2537 ad
2100 2487 2338 2553 impera-

762 2589 924 2628 torem
956 2591 988 2627 a
1011 2576 1360 2642 metropolitis
1389 2575 1600 2643 scriptis
1652 2584 1701 2628 et
1735 2577 1955 2643 reliquis
1990 2578 2337 2643 optimatibus

760 2682 918 2719 suum
942 2683 1129 2721 nomen
1159 2676 1366 2720 tantum
1396 2667 1694 2720 inscribunt
1724 2669 1778 2720 in
1805 2684 1913 2721 una
1944 2680 2116 2737 parte,
2145 2672 2200 2723 in
2227 2671 2339 2724 alia

762 2771 879 2808 rero
898 2755 1099 2808 nullam
1129 2755 1365 2809 litteram
1398 2756 1634 2824 signant.
1680 2754 1814 2810 Cum
1864 2772 1982 2810 vero
2009 2758 2247 2811 scribunt
2270 2760 2338 2812 ad

762 2846 1177 2916 imperatricem,
1211 2848 1465 2900 similiter
1511 2849 1566 2900 in
1599 2864 1707 2901 una
1736 2857 1886 2917 parte
1910 2858 2110 2917 ponunt
2154 2868 2341 2904 nomen

762 2954 941 3002 suum,
977 2937 1031 2990 in
1064 2937 1175 2990 alia
1201 2947 1377 2991 autent
1398 2938 1604 3007 faciunt
1638 2949 1742 2993 tres
1769 2955 1951 2993 cruces
1990 2957 2135 2994 more
2158 2939 2338 3005 solito’,

761 3040 811 3084 et
844 3040 1211 3099 supraponnnt
1271 3032 1502 3085 litteram
1564 3034 1624 3086 Δ.
1691 3030 1871 3086 Restat
1905 3034 2067 3103 igitur
2091 3044 2216 3087 nota
2245 3052 2315 3103 pu

765 3121 977 3189 gillaris
1016 3121 1084 3174 ad
1130 3124 1521 3190 imperatricem
1548 3132 1604 3176 ut
1637 3125 1813 3178 littera
1840 3124 1882 3177 Β
1909 3125 2256 3191 inscribatnr,
2291 3137 2341 3181 et

766 3217 861 3267 hoc
892 3214 1138 3268 existimo
1163 3215 1351 3269 tutius.

2435 594 2501 645 δὲ
2523 595 2609 662 μὴ
2639 600 3006 666 λεγομένους
3044 598 3350 665 μεγάλους
3377 600 3474 652 καὶ
3508 602 3562 652 cl
3588 604 4031 668 μητροπολῑται

2436 688 2632 756 pth-ac
2660 690 2871 755 ἁπλῶς
2908 690 3226 758 γράφουσι.
3270 692 3378 743 Καὶ
3409 695 3441 744 ὁ
3478 694 3594 761 μὲν
3651 696 4031 766 πατριάρχης

2434 780 2593 846 λέγει
2640 780 2791 846 πρὸς
2828 781 3127 844 ἐκείνους,
3162 778 3459 846 Εὑγένειαν
3481 796 3493 808 ’
3526 786 3580 835 oi
3615 783 3685 837 δὲ
3726 801 4031 851 μητροπο-

2434 870 2613 933 λῖται,
2649 871 2977 924 ΛὺΘεντείαν
2998 887 3011 902 ·
3047 873 3086 937 ἠ
3114 871 3182 923 δὲ
3205 872 3502 942 ἐπιγραφὴ
3527 874 3648 928 τῶν
3678 879 4029 938 πιττακίων,

2437 959 2673 1028 πρῶτον
2698 962 2763 1014 τὸ
2791 963 3032 1016 ἐκείνου
3066 962 3274 1031 ὄνομα,
3311 964 3412 1016 καὶ
3433 964 3501 1017 ἐν
3524 963 3605 1029 τῷ
3635 967 3806 1034 ἄλλῳ
3836 968 4029 1037 μέρει,

2437 1054 2502 1105 τὸ
2535 1052 2639 1106 τοῦ
2666 1055 3135 1122 ιιητροπολίτου.

2612 1145 2751 1213 Περὶ
2793 1146 3097 1213 Καίσαρος
3137 1146 3234 1200 καὶ
3266 1148 3844 1218 Σεόαστοκράτορος.

2510 1236 2670 1304 Πρὸς
2700 1236 2969 1305 Καίσαρα
3012 1237 3113 1290 καὶ
3151 1240 3680 1308 Σεϐαστοκράτορα
3721 1241 3967 1312 γράφων
3994 1247 4027 1296 ό

2432 1329 2881 1396 μητροπολίτης
2904 1327 2971 1379 τὸ
2996 1328 3115 1397 μὲν
3170 1330 3455 1398 όςρφίκιον
3496 1331 3725 1399 γράφει,
3782 1329 3914 1387 οἷον
3955 1335 4023 1386 τὸ

2437 1419 2545 1472 τοῦ
2578 1420 3153 1490 Σεϐαστοκράτορος,
3185 1422 3225 1490 ἣ
3263 1425 3593 1491 Καίσαροςο
3626 1424 3694 1477 τὸ
3728 1426 3798 1477 δὲ
3832 1427 4022 1496 ὄνομα

2436 1509 2714 1578 οὐδαμῶς
2736 1527 2749 1540 ·
2793 1512 2893 1565 ἐπι
2941 1512 3187 1566 πάντων
3229 1515 3299 1567 δέ
3340 1517 3567 1569 τούτων
3596 1516 3693 1568 καὶ
3740 1516 4022 1586 βασιλείαν

2436 1600 2595 1670 λέγει
2616 1616 2631 1630 ’
2657 1600 2775 1654 κᾶν
2810 1602 3104 1671 Ῥωμαῖοι,
3145 1603 3262 1657 κᾶν
3284 1605 3575 1672 βάρϐαροι
3602 1600 3775 1659 ὦσιν.

2442 1680 2592 1763 [418]
2631 1690 2772 1758 Περὶ
2812 1690 3193 1761 πατριαρχῶν
3224 1693 3337 1814 [real
3376 1692 3831 1762 μητροπολιτῶν
3891 1708 4021 1748 πιτ-

3110 1779 3219 1814 ταιι
3247 1780 3350 1814 ων.

3110 1779 3350 1816 τακιων.

2522 1853 2586 1906 '0
2612 1853 2979 1924 πατριάρχης
3009 1854 3127 1908 ὅσα
3148 1853 3490 1917 ,ϐουλλώνει
3518 1854 3797 1909 πιττάκια
3823 1854 4021 1908 πάντα

2432 1944 2635 2011 μακρά
2677 1948 2857 2010 εἰσιν,
2905 1945 3024 1998 ὅσα
3080 1944 3149 1998 δέ
3192 1947 3351 1998 εἰσιν
3405 1944 3776 2011 άόοὐλλωτα,
3820 1946 4023 2012 τετρά-

2438 2052 2599 2107 γωνα
2624 2054 2638 2068 ο
2670 2039 2735 2091 τὸ
2761 2038 2830 2090 δὲ
2854 2038 3301 2107 μητροπολίτου
3331 2036 3663 2105 ἀδιάφορόν
3689 2036 3843 2102 ἐστι,
3870 2035 4028 2091 ποιεῖ

2438 2128 2548 2197 γὰρ
2585 2125 2781 2192 καθὼς
2807 2127 3121 2191 βούλεται.

2911 2219 3053 2286 Περὶ
3094 2220 3491 2274 Βασιλισσῶν
3520 2229 3562 2275 ι’.

2509 2311 2831 2379 Γνώρισμα
2876 2309 2984 2363 τοῦ
3059 2310 3212 2377 πρὸς
3272 2312 3662 2364 Βασίλισσαν
3713 2311 4027 2363 πιτταιιιόυ

2437 2400 2695 2469 ἀκριϐῶς
2716 2403 2829 2454 οὐκ
2864 2396 2999 2453 οἶδα
3021 2416 3033 2429 ·
3077 2400 3247 2453 δοκεῖ
3261 2398 3330 2453 δέ
3350 2418 3453 2468 μοι
3469 2400 3714 2468 μᾶλλον
3740 2402 3842 2454 ἵνα
3876 2396 4031 2454 ὦσιν

2438 2490 2589 2557 ὁμοῦ
2614 2491 2715 2544 καὶ
2758 2490 2830 2543 τὰ
2871 2491 2981 2544 δύο
3046 2491 3344 2559 στοιχεῖα,
3387 2491 3483 2543 καὶ
3538 2490 3606 2543 τὸ
3637 2491 3678 2544 Β
3726 2492 3825 2544 καὶ
3860 2491 3928 2543 τὸ
3967 2496 4025 2543 Δ·

2438 2585 2617 2637 ἄλλοι
2655 2582 2724 2635 δὲ
2756 2583 3069 2653 λέγουσιν,
3089 2585 3170 2649 ὠς
3193 2583 3291 2637 ἐπὶ
3306 2584 3421 2652 μὲν
3452 2583 3559 2637 τοῦ
3581 2583 3732 2651 πρὸς
3761 2583 4033 2636 Βασιλέα

2439 2675 2775 2739 πιττακίου,
2798 2674 3004 2742 ὥσπερ
3038 2677 3092 2728 ol
3119 2674 3551 2743 μητροπολῖται
3586 2674 3907 2743 γράφουσι,
3931 2676 4029 2726 καὶ

2439 2766 2640 2820 λοιποὶ
2671 2766 2963 2834 ἄρχοντες
2985 2765 3053 2817 τὸ
3072 2762 3306 2818 ἑαυτῶν
3334 2765 3523 2833 ὄνομα
3554 2765 3747 2832 μόνον
3788 2764 4035 2832 ἐπιτρά-

2440 2872 2665 2924 φουσιν
2693 2856 2762 2907 ἐν
2810 2853 2891 2919 τῷ
2930 2854 3021 2907 ἐνὶ
3056 2853 3243 2922 μέρει,
3279 2852 3348 2905 ἐν
3389 2852 3458 2904 δὲ
3512 2851 3595 2917 τῷ
3640 2852 3820 2920 ἑτέρῳ
3866 2852 4035 2921 μέρει

2441 2946 2623 3000 οὐδέν
2660 2964 2715 2999 τι
2756 2944 3151 3013 σημειοῦνται
3211 2942 3533 3011 στοιχεῖον.
3584 2943 3934 3011 ι’ράςροντες
3965 2941 4036 2993 δὲ

2440 3038 2592 3106 πρὸς
2642 3038 2975 3092 δέσποιναν
3031 3036 3248 3106 ὁμοίως
3292 3034 3411 3103 μὲν
3459 3034 3528 3087 τὸ
3571 3032 3728 3087 ἴδιον
3764 3033 4036 3087 τιθέασιν

2448 3130 2638 3198 ὄνομα
2670 3132 2822 3183 κατὰ
2847 3130 2914 3181 τὸ
2943 3128 3013 3181 ἐν
3036 3126 3219 3197 μέρος
3258 3124 3363 3179 τοῦ
3398 3124 3735 3188 πιττακίου,
3767 3125 3922 3176 κατὰ
3965 3123 4034 3173 δὲ

2451 3222 2517 3274 τὸ
2549 3220 2769 3275 λοιπὸν
2811 3220 2995 3290 μέρος
3023 3219 3340 3283 ποιοῦντες
3371 3216 3674 3283 σταιροὺς
3716 3214 3898 3284 τρεῖς,
3950 3215 4035 3278 ὠς

765 3309 921 3371 ἔθος,
948 3307 1217 3360 τιθέασιν
1249 3306 1371 3359 ἇνω
1402 3309 1704 3377 στοιχεῖον
1727 3310 1795 3363 τὸ
1847 3313 1906 3363 Δ.
1947 3313 2225 3365 ΛεΙπεται
2256 3309 2373 3366 οὖν
2408 3312 2713 3383 γνώρισμα
2766 3311 2843 3377 τῷ
2894 3312 3044 3381 πρὸς
3119 3310 3236 3378 τὴν
3293 3310 3679 3375 βασίλισσαν
3746 3309 4039 3374 πιττακίφ

766 3401 835 3452 τὸ
945 3396 1250 3465 στοιχεῖον
1272 3398 1644 3469 ἐπιγράφειν·
1676 3402 1830 3471 οἶμαι
1851 3401 1920 3454 δὲ
1943 3404 2119 3457 τοῦτο
2146 3404 2637 3481 ἁσφαλέστερονι

770 3480 1045 3565 Quomodo
1072 3491 1311 3549 scribunt
1342 3497 1519 3549 carteri
1573 3497 1895 3563 patriarcha:
1934 3497 2002 3550 ad
2031 3498 2342 3551 Constanti-

1362 3568 1751 3635 nopolitanum.

849 3663 1215 3718 Sanctissime
1246 3660 1467 3713 domine
1510 3658 1918 3728 archiepiscope
1956 3660 2345 3715 Constantiano-

772 3754 988 3823 poleos,
1032 3766 1186 3806 nova:
1227 3749 1432 3812 “nunc,
1458 3759 1510 3803 cl
1540 3749 1880 3804 mcumenice
1919 3750 2256 3819 patriarcha,
2288 3751 2343 3805 in

772 3857 966 3903 sancto
1000 3846 1207 3916 Spiritu
1240 3844 1619 3899 sacratissime
1658 3851 1712 3898 et
1730 3842 2198 3900 desideratissime
2233 3844 2346 3898 ira-

773 3947 856 3991 tcr
885 3948 937 3990 ot
976 3936 1373 3990 comminislcr.

846 3988 933 4082 Αά
951 3988 1183 4097 reliquos
1205 4043 1325 4081 vero
1352 4026 1717 4094 metropolitas
1765 4035 1815 4080 et
1865 4027 2099 4082 ecclesia
2135 3988 2349 4098 ilagnce

773 4135 1012 4186 proceres
1040 4119 1118 4173 ita
1143 4117 1382 4173 scribunt
1429 4119 1553 4187 ipsi,
1589 4128 1648 4173 ut
1692 4119 1854 4173 etiam
1896 4120 2348 4189 Constantinopo-

777 4214 999 4267 (uanus.

849 4389 951 4443 Hic
981 4404 1099 4442 vero
1146 4388 1202 4442 in
1240 4385 1592 4457 pugillaribus
1637 4383 1706 4438 ad
1753 4393 1967 4438 cal-teras
2012 4384 2351 4453 patriarchas

2447 3501 2648 3564 Ὅπως
2695 3497 2765 3550 δὲ
2819 3496 3158 3567 γράφουσιν
3196 3497 3251 3548 ot
3318 3495 3498 3567 ἄλλοι
3555 3491 3914 3561 πατριάρχαι
3957 3488 4039 3554 τῷ

2870 3566 3583 3628 Κωνσταντινουπόλεως.

2518 3658 2908 3728 Παναγιὼτατε
2945 3657 3204 3721 δέσποτα,
3244 3655 3644 3727 ἀρχιεπισκοπε
3673 3654 4028 3705 Κωνσταντι-

2448 3752 2763 3813 νουπόλεως
2782 3750 2911 3814 vis;
2939 3748 3182 3819 Ῥώμης,
3202 3749 3298 3801 καὶ
3318 3746 3665 3817 οἱκουμενικὲ
3697 3746 4039 3814 πιτριάρχα.

2447 3846 2506 3897 ὲν
2541 3844 2683 3913 ἁγιῳ
2724 3840 3002 3912 Πνεύματι
3036 3840 3283 3895 θειότατε
3326 3840 3422 3893 καὶ
3458 3840 3805 3893 ποθεινότατε
3840 3838 4043 3905 ἀδελφὲ

2450 3934 2545 3987 καὶ
2571 3932 2852 3985 συλλειτου
2862 3930 2960 4001 ργέ
2971 3970 2985 3984 .

2522 4022 2679 4090 Πρὸς
2716 4021 2785 4075 δὲ
2839 4021 2985 4087 τοὺς
3038 4021 3269 4085 ἄλλους
3318 4019 3551 4085 πάντας
3590 4020 4046 4089 μητροπολίτας

2450 4114 2551 4167 καὶ
2616 4113 2759 4179 τοὺς
2813 4112 3109 4181 ἄρχοντας
3188 4111 3300 4180 τῆς
3361 4113 3644 4181 Μεγάλης
3709 4112 4045 4177 ἐκκλησίας

2452 4205 2607 4259 οὕτω
2634 4201 2935 4274 Διράςρουσι
2971 4202 3072 4256 καὶ
3122 4202 3294 4255 αὐτοὶ
3339 4201 3421 4267 ὡς
3460 4201 3558 4254 καὶ
3594 4204 3627 4255 ό
3664 4204 4046 4255 Κωνσταντι-

2452 4299 2824 4361 νουπόλεως.

2540 4388 2601 4440 '0
2621 4386 3324 4452 Κωνσταντινουπόλεως
3352 4385 3420 4438 δὲ
3440 4384 3750 4453 ἐπιγράφει
3776 4385 3851 4438 τὰ
3877 4384 4036 4451 πρὸς

778 4484 949 4552 primo
984 4481 1166 4535 scribit
1194 4496 1382 4534 nomen
1420 4480 1570 4533 illius
1622 4478 1690 4533 ad
1737 4495 1889 4548 quem
1950 4480 2153 4542 scribit,
2192 4488 2242 4532 et
2300 4479 2354 4531 in
2387 4545 2419 4552 Δ

2387 4545 2419 4552 Α
2457 4479 2692 4543 ἄλλους
2735 4477 3105 4547 πατριάρχας
3131 4478 3411 4530 πιττάκια
3431 4494 3445 4507 ο
3482 4475 3720 4544 πρῶτον
3753 4476 3861 4529 τοῦ
3894 4476 4051 4543 πρὸς

783 4576 895 4629 alia
924 4583 1077 4644 parte
1107 4588 1283 4628 suum.

856 4777 1007 4845 Papa
1039 4792 1159 4832 vero
1192 4777 1335 4845 prius
1359 4775 1568 4845 quidem
1596 4773 1853 4828 scribebat
1870 4775 2004 4827 sicut
2031 4772 2181 4826 modo
2211 4773 2351 4826 Con-

2383 4545 2430 4601 D
2458 4573 2532 4626 ὃν
2585 4570 2793 4641 γράφει
2823 4545 3113 4638 ,Ἴκαὶηέν
3156 4569 3239 4634 τῷ
3286 4570 3456 4633 ἄλλῳ
3496 4568 3661 4639 μέρει
3706 4570 3774 4621 τὸ
3823 4568 4049 4621 οικεῖον

2456 4666 2664 4719 ὄνομα.

2535 4683 2560 4719 ο
2650 4704 2664 4718 .

2535 4680 2687 4810 ’(ςιὲὲ
2705 4755 2909 4822 πάπας
2932 4754 3169 4824 πρῶτον
3183 4753 3301 4823 μὲν
3312 4753 3591 4822 ἔγραφεν,
3610 4751 3691 4817 ὡς
3705 4750 3824 4805 νῦν
3838 4753 4049 4804 όΚωνο

784 4843 1296 4938 stantinopolitanus
1327 4843 1394 4919 ait
1433 4866 1661 4935 reliquos
1688 4879 1706 4919 :
1735 4866 1811 4919 sic
1830 4866 1991 4919 etiam
2015 4865 2103 4918 ille
2127 4863 2195 4916 ad
2220 4866 2355 4917 hunc
2455 4879 2458 4898 ε

2455 4849 3021 4913 σταντινουπόλεως
3045 4847 3171 4913 τοῖς
3202 4846 3419 4913 ἄλλοις
3439 4863 3452 4876 ’
3491 4847 3645 4899 οὕτω
3676 4844 3775 4898 καὶ
3812 4843 4049 4906 ἐκεῖνος

785 4971 833 5013 et
862 4969 1110 5023 cazteros;
1139 4974 1276 5011 nunc
1324 4974 1441 5011 vero
1487 4957 1625 5010 male
1670 4957 1872 5019 scribit,
1916 4972 2019 5009 non
2065 4957 2201 5008 enim
2248 4954 2358 5007 ulla

2459 4942 2611 5011 πρὸς
2654 4939 2873 4994 τοῦτον
2912 4939 3010 4992 καὶ
3060 4938 3210 5008 πρὸς
3238 4938 3506 5003 ἄλλους·
3538 4936 3653 4989 νῦν
3680 4934 3749 4988 δὲ
3803 4933 4045 4999 κακῶςι

791 5052 946 5107 modo
973 5053 1026 5105 in
1053 5051 1242 5105 litteris
1268 5049 1633 5118 patriarcham
1686 5050 1922 5101 nominat
1951 5064 1969 5101 :
1996 5048 2156 5100 mittit
2191 5056 2367 5099 autem

2464 5032 2712 5102 γράφειο
2756 5031 2900 5085 οὐδὲ
2931 5031 3042 5100 γὰρ
3076 5030 3232 5095 ὅλως
3274 5030 3483 5098 γράφει
3528 5026 3717 5081 αὑτὸν
3762 5025 4050 5093 πατριάρ-

790 5144 1022 5215 sigillum
1053 5116 1377 5211 plumbeum,
1420 5140 1558 5213 quod
1611 5140 1787 5194 ca'teri
1841 5138 2163 5207 patriarcha:
2220 5138 2368 5192 nullo

2468 5138 2618 5191 χην’
2674 5121 2891 5190 πέμπει
2944 5120 3013 5173 δὲ
3082 5120 3599 5190 μολιϐόσουλλον·
3652 5120 3708 5170 ol
3759 5116 3829 5169 δέ
3869 5116 4051 5169 ἄλλοι

796 5209 949 5287 modo
977 5209 1204 5302 faciunt,
1231 5232 1385 5301 cujus
1434 5209 1695 5285 rationem
1752 5228 1958 5299 ignoro,
1991 5229 2168 5299 sigilla
2197 5238 2369 5282 tamen
2469 5257 2470 5265 ι

2469 5214 2823 5284 πατριάρχαι
2862 5214 3314 5282 μολιὸόσουλλιι
3366 5210 3494 5264 οὐδ’
3536 5209 3692 5275 ὅλως
3743 5209 4050 5270 ποιοῦσιν,

796 5342 987 5398 magna
1010 5343 1155 5380 cerea
1189 5325 1416 5395 faciunt.

988 5500 1261 5565 Quomodo
1289 5501 1472 5555 scribit
1507 5499 1817 5569 patriarcha
1852 5500 1921 5553 ad
1951 5514 2167 5568 papam.

862 5588 1186 5647 Boatissnno
1210 5592 1428 5648 domino
1456 5607 1630 5663 papae,
1665 5592 1888 5647 domino
1914 5589 2136 5646 Urbano
2156 5604 2370 5644 summo

2471 5310 2581 5362 οὐκ
2631 5304 2764 5361 οἶδα
2808 5304 2953 5373 πῶς,
2992 5306 3275 5372 ,ϐούλλας
3316 5303 3383 5358 δὲ
3422 5301 3693 5373 μεγάλας
3746 5302 3899 5371 μετὰ
3942 5317 4054 5367 κηο

2496 5418 2600 5455 βου.

2496 5420 2600 5455 βου.

2466 5420 2489 5468 1
2643 5492 2845 5557 Ὅπως
2870 5490 3081 5561 γράφει
3120 5492 3153 5543 ό
3186 5485 3560 5555 πατριάρχης
3592 5483 3669 5548 τῷ
3690 5481 3883 5549 missa.

2546 5585 2637 5655 Τῷ
2671 5586 3074 5657 μακαριωτάτῳ
3103 5581 3341 5654 δεσπότῃ
3380 5578 3459 5650 τῷ
3499 5577 3660 5648 πὰπᾳ
3703 5575 3881 5646 κυρίῳ
3913 5574 4060 5646 Οὐρ-

2093 5718 2323 5778 γΑιιιιΕ
2360 5719 2762 5779 LECTIONES.

867 5845 886 5873 τ
930 5837 1062 5908 Περὶ
1094 5856 1291 5896 πιττακ
1316 5858 1392 5895 ων
1412 5841 1756 5913 Βασιλίτσης.
1829 5846 1850 5876 ⁸
1878 5841 2181 5895 corrcclius
2213 5839 2361 5911 leges
2389 5838 2609 5909 ἑτέρως.
