4188 6456
171 385 266 445 417
849 382 897 439 Α
936 379 1181 440 LEONE
1221 379 1582 440 SAPIENTE
1623 378 1719 438 AD
1742 379 2240 440 ANDRONICUM
2284 381 2705 442 PAL/EOIDG.

3297 386 3403 448 418

171 496 317 565 δανῷ
355 495 512 566 ἄκρῳ
567 495 816 565 ἀρχιερεῖ
852 494 1158 563 ἀξιωτάτῳ,
1196 495 1388 556 Νεῖλος
1443 494 1574 564 ἐλέῳ
1605 493 1742 547 Θεοῦ
1771 501 1816 556 Α

1771 501 1816 556 Α
1847 496 2090 564 pontifici
2126 496 2475 568 dignissimo,
2529 497 2682 554 Nilus
2730 501 3082 558 miseratione
3106 501 3288 558 divina
3312 519 3400 558 ar-

169 586 596 655 ἀρχιεπίσκοπος
643 583 1258 644 Κωνσταντινουπόλεως
1319 581 1442 644 νέας
1486 582 1724 651 Ῥώμης,

170 676 263 730 καὶ
299 674 678 743 οίχουμενικὸς
708 673 1075 743 πατριάρχης.

246 766 347 816 Ἑν
382 763 463 828 τῷ
491 763 673 815 τέλει·
712 761 968 832 Ἐρῤωσο
1027 762 1085 812 ὲν
1114 759 1323 830 Κυρίῳ,
1356 759 1738 830 μακαριώτατε

169 856 426 908 δέσποτα.

415 946 620 1008 ὀπως
653 942 860 1012 τράςοει
896 939 977 1006 τῷ
1022 940 1488 1011 Ἀλεξανδρείας.

238 1036 542 1104 Ἀγιὼτατε
579 1033 819 1086 δέσποτα
839 1033 1018 1096 πάπα,
1061 1034 1153 1086 καὶ
1195 1031 1506 1103 πατριάρχα
1542 1031 1729 1096 Ἀλεξ-

168 1129 415 1198 ανδρείας
469 1126 563 1181 καὶ
631 1126 811 1195 πάσης
848 1124 1148 1192 Αἰγύπτου,
1200 1125 1608 1189 Πενταπόλεως,
1640 1127 1732 1178 Δι-

167 1221 299 1289 δῦης
337 1219 432 1271 καὶ
464 1215 771 1281 Αἰθιοπίας,
800 1217 857 1268 ὲν
893 1216 1031 1287 ἁγίῳ
1059 1215 1338 1286 Πνεύματι
1385 1215 1730 1269 ποθεινότατε

167 1310 359 1378 ἀδελφὲ
396 1309 489 1361 καὶ
517 1308 920 1377 συλλειτουργὲ,
956 1307 1189 1377 εὔχομαι
1217 1306 1296 1374 τῷ
1323 1305 1443 1378 Θεῷ
1475 1306 1736 1376 ὑγιαίνειν

168 1403 258 1471 τὴν
298 1400 610 1470 ἁγιωσύνην
665 1416 760 1452 σου
820 1401 914 1453 καὶ
968 1398 1314 1469 σωματικῶς,
1346 1401 1426 1462 εἰς
1479 1398 1735 1450 σύστασιν

169 1493 255 1544 καὶ
295 1492 567 1559 ὠφέλειαν
591 1490 684 1544 τοῦ
730 1491 821 1544 ὑπ’
867 1490 1038 1561 αὐτὴν
1078 1490 1458 1562 χριστωνύμου
1512 1488 1734 1560 πληρώ-

171 1599 362 1650 ματος.

231 1673 344 1725 Καὶ
375 1671 445 1724 ἐν
468 1670 549 1735 τῷ
582 1668 763 1724 τέλει·
794 1668 1048 1740 Ἐρῤωσο
1104 1673 1163 1725 ιν
1191 1671 1401 1744 Κυρίῳ,
1453 1668 1731 1739 μακαριώ-

167 1780 290 1816 τατε
319 1763 576 1816 δέσποτα.

469 1857 671 1921 Ὅπως
705 1855 915 1925 γράφει
943 1855 1023 1920 τῷ
1057 1855 1430 1923 Ἀντιοχείας.

247 1949 545 2016 ’Δγιώτατε
565 1947 801 2001 δέσποτα
820 1948 1163 2018 πατριάρχα,
1194 1947 1540 2011 Θεουπόλεως
1558 1946 1727 2018 μεγά-

167 2042 258 2109 λης
291 2040 620 2110 Ἀντιοχείας
655 2041 748 2093 καὶ
769 2040 951 2110 πάσης
980 2041 1291 2110 Ἀνατολῆς,
1321 2043 1378 2093 ὲν
1408 2042 1548 2111 ἁγίῳ
1565 2037 1733 2093 Πνεύ-

169 2150 296 2202 ματι
331 2132 686 2185 ποθεινότατε
707 2129 901 2199 ἀδελφὲ
926 2132 1020 2183 καὶ
1055 2131 1447 2201 συλλειτουργέ.

437 2221 639 2284 Ὅπως
660 2216 867 2286 γράφει
900 2218 978 2283 τῷ
1009 2219 1450 2287 Ἱεροσολύμων.

239 2311 544 2379 ’Δγιώτατε
599 2310 836 2363 δέσποτα
890 2309 1300 2378 Ἰεροσολύμων,
1349 2309 1509 2375 ἁγίας
1569 2307 1726 2374 Σιὼν,

165 2403 384 2472 Συρίας,
427 2400 686 2472 Ἀραϐίας
735 2401 910 2471 πέραν
935 2400 1225 2471 Ἰορδάνου,
1259 2401 1417 2453 Κανᾶ
1445 2400 1542 2469 τῆς
1569 2401 1728 2454 Γαλι-

165 2494 340 2555 λαίας,
381 2491 478 2545 καὶ
512 2492 691 2557 πάσης
721 2491 820 2560 τῆς
867 2491 1250 2560 Παλαιστίνης,
1286 2493 1343 2542 ὲν
1385 2493 1525 2562 ἁγίῳ
1557 2493 1728 2547 Ilvati-

165 2599 293 2649 ματι
318 2582 667 2635 ποθεινότατε
701 2581 898 2650 ἁδελφὶ
915 2583 1010 2634 καὶ
1044 2582 1446 2651 συλλειτουργὲ.

311 2673 518 2737 Ὅπως
550 2671 758 2741 γράφει
791 2671 869 2736 τῷ
901 2672 1234 2738 πατριάρχῃ
1261 2671 1576 2739 Τορνόϐου.

238 2762 540 2829 ’Δγιώτατε
578 2764 892 2833 πατριάρχα
924 2763 1192 2832 Τορνόϐου
1222 2763 1317 2815 καὶ
1346 2764 1526 2834 πάσης
1562 2763 1727 2818 Βουλ-

161 2854 356 2924 γαρίας
384 2893 401 2917 ,
453 2855 511 2906 ἐν
565 2853 708 2923 ἁγίῳ
762 2852 1041 2922 ῐινεύματι
1081 2854 1333 2923 ἀγαπητὲ
1382 2854 1577 2922 άδελφὲ
1628 2853 1728 2924 τῆς

161 2944 314 3013 ἡμῶν
354 2943 712 3014 μετριότητος
742 2943 840 2996 καὶ
874 2943 1282 3015 συλλειτουργέ.

644 3035 802 3102 Πρὸς
830 3033 936 3086 τὸν
963 3035 1244 3088 Πεσκίου.

237 3124 543 3192 Ἀγιῶτατε
576 3123 974 3193 ἀρχιεπίσκοπε
997 3125 1232 3177 Πεσκίου
1261 3124 1356 3177 καὶ
1387 3124 1566 3195 πάσης
1595 3125 1728 3196 Σερο

159 3213 300 3276 δίας,
328 3215 387 3266 ἑν
422 3213 565 3282 ἁγίῳ
595 3211 872 3281 Πνεῦματι
914 3212 1163 3281 ἀγαπητέ
1194 3213 1235 3266 ί.

544 3305 702 3370 Πρὸς
735 3303 840 3355 τὸν
872 3300 1336 3370 Ἰουστινιανῆς.

226 3395 631 3462 Μακαριιῖπατε
682 3394 1081 3464 ἀρχιεπίσκοπε
1123 3395 1221 3464 τῆς
1251 3393 1471 3463 πρώτης
1507 3394 1725 3448 Ἰουστι-

156 3488 343 3555 νιανῆς
385 3484 647 3554 ’Δχριδῶν
704 3484 800 3538 καὶ
847 3485 1030 3552 πάσης
1063 3483 1421 3553 Βουλγαρίας,
1471 3486 1529 3535 ὲν
1583 3485 1725 3555 ἁγίῳ

155 3575 434 3644 Πνεύματι
490 3575 742 3644 ἀγαπητὲ
808 3574 1005 3644 άόελφὲ
1060 3575 1160 3642 τῆς
1217 3574 1375 3644 ήμῶν
1435 3575 1724 3644 μετριότη-

153 3681 262 3728 τος.

628 3756 782 3824 Πρὸς
817 3756 928 3808 τὸν
969 3756 1246 3823 Ἰϐηρίας.

219 3845 626 3916 Μακαριὼτατε
661 3847 1056 3915 ἀρχιεπίσκοπε
1081 3845 1337 3899 καθολικὲ
1377 3843 1558 3914 πάσης
1583 3845 1720 3917 ’16η-

151 3937 294 4006 ρίας,
338 3938 398 3989 ὲν
434 3935 513 4006 τῷ
575 3936 716 4004 ἁγίῳ
761 3933 1039 4004 Πνεὺματι
1084 3934 1333 4004 ἀγαπητὲ
1382 3933 1577 4002 seem
1618 3935 1715 4005 τῆς

154 4026 307 4097 ἡμῶν
339 4027 715 4097 μετριότητος.

234 4119 340 4172 Ἔν
364 4115 446 4181 τῷ
473 4119 652 4171 τέλει·
687 4118 935 4188 Ἐρρωσο
1001 4117 1059 4169 ὲν
1088 4116 1297 4186 Κυρίῳ,
1333 4115 1601 4184 ἁγιώτατε
1627 4115 1716 4169 δέ-

151 4223 342 4272 σποτα,
367 4208 619 4275 ἀγαπητὲ
649 4205 842 4274 ἀδελφὲ
872 4205 964 4258 καὶ
997 4203 1398 4274 συλλειτουργὲ.

1837 586 2217 657 chiepiscopus
2275 587 2807 658 Constantinopolis,
2864 607 3020 647 nova:
3075 592 3299 660 Romae,
3350 606 3404 649 et

1838 677 2219 732 meumenicus
2248 677 2580 745 patriarcha.

1906 765 1970 821 In
1989 767 2136 834 ﬁne:
2164 765 2294 821 Vale
2324 769 2377 821 in
2409 767 2660 832 Domino,
2690 769 3002 826 beatissime
3020 774 3259 829 domine.

2085 943 2359 1009 Quomodo
2387 947 2566 998 scribit
2592 946 2660 999 ad
2690 948 3136 1004 Alexandrinum.

1907 1033 2267 1087 Sanctissime
2299 1033 2515 1088 domine
2546 1051 2703 1104 papa,
2736 1044 2789 1090 et
2821 1039 3128 1106 patriarcha
3163 1040 3398 1095 Alexan-

1834 1121 1966 1175 dria:
2017 1129 2071 1175 et
2133 1123 2302 1176 totius
2372 1119 2627 1191 Egypti,
2686 1121 3036 1193 Pentapolis,
3115 1124 3295 1197 Libya:
3348 1136 3403 1183 et

1836 1211 2149 1279 Ethiopim,
2185 1213 2237 1266 in
2266 1221 2458 1268 sancto
2495 1211 2699 1282 Spiritu
2731 1216 3201 1274 desideratissime
3229 1221 3403 1276 frater

1834 1312 1884 1356 et
1912 1303 2307 1365 comminister,
2355 1317 2551 1372 precor
2623 1302 2792 1359 Deum
2852 1309 3194 1364 sanctitatem
3250 1319 3400 1366 tuam

1834 1393 1970 1448 liene
1995 1395 2196 1460 valere,
2247 1394 2412 1448 etiam
2457 1397 2842 1464 corporaliter,
2878 1397 2947 1451 ad
2981 1400 3300 1468 praesidium
3345 1411 3400 1456 et

1833 1485 2121 1541 utilitatem
2152 1485 2453 1542 Christiani
2485 1499 2660 1543 coetus
2697 1489 2792 1559 qui
2822 1489 2927 1544 sub
2954 1491 3068 1561 ipsa
3109 1499 3214 1547 est.

1906 1661 1973 1715 Et
2003 1663 2056 1716 in
2087 1663 2236 1732 ﬁne:
2276 1663 2405 1720 Vale
2442 1665 2496 1718 in
2523 1663 2774 1730 Domino,
2809 1667 3123 1725 beatissime
3157 1673 3394 1728 domine.

2096 1855 2370 1922 Quomodo
2395 1857 2579 1911 scribit
2616 1861 2687 1914 ad
2732 1861 3134 1921 Antiochenam.

1903 1941 2258 2001 Sanctissime
2316 1946 2558 2012 domine,
2613 1952 2921 2019 patriarcha
2975 1957 3212 2013 civitatis
3289 1957 3381 2014 Dei

1831 2048 2040 2103 magna:
2093 2036 2403 2092 Antiochiae
2459 2047 2512 2094 et
2563 2042 2732 2097 totius
2787 2042 3051 2110 Orientis,
3095 2050 3149 2103 lu
3204 2060 3395 2106 sancto

1831 2123 2043 2195 Spiritu
2069 2125 2539 2183 desideratissime
2570 2127 2740 2185 frater
2783 2141 2838 2186 et
2866 2137 3264 2194 comminister.

2003 2210 2280 2278 Quomodo
2328 2214 2507 2268 scribit
2548 2218 2618 2269 ad
2647 2217 3213 2291 Hierosolymitanum.

1906 2301 2266 2357 Sanctissime
2319 2304 2538 2360 domine
2587 2309 3120 2382 Hierosolymorum,
3190 2327 3394 2372 sant-tm

1832 2391 1986 2457 Sion,
2047 2393 2238 2465 Syriae,
2292 2397 2504 2452 Arabia:
2537 2408 2688 2456 trans
2714 2400 3030 2470 Jordanem,
3066 2407 3214 2461 Cana
3245 2407 3394 2464 Gali—

1830 2483 1961 2546 hem,
2013 2492 2066 2537 et
2109 2484 2272 2537 totius
2307 2483 2631 2550 Palaestinae,
2665 2489 2718 2542 in
2758 2500 2947 2545 sancto
2997 2493 3199 2564 Spiritu
3251 2496 3395 2553 desi-

1826 2568 2168 2624 deratissiine
2195 2569 2360 2625 frater
2388 2579 2441 2625 et
2469 2576 2856 2633 comminister.

1983 2658 2256 2723 Quomodo
2281 2663 2463 2716 scribit
2497 2665 2566 2718 ad
2601 2670 2961 2735 patriarcham
2990 2672 3239 2730 Tomobi.

1895 2749 2249 2806 Sanctissinie
2309 2757 2622 2822 patriarcha
2666 2758 2907 2816 Tornobi
2955 2773 3011 2817 et
3063 2767 3233 2824 totius
3263 2767 3395 2824 Bul-

1828 2841 2012 2906 garia,
2037 2841 2089 2894 in
2124 2851 2319 2898 sancto
2351 2844 2561 2912 Spiritu
2598 2847 2798 2904 dilecte
2839 2850 3008 2910 frater
3046 2867 3247 2914 nostrae
3287 2876 3396 2916 meo

1830 2927 2136 2985 diocritatis
2162 2939 2217 2986 et
2245 2935 2646 2992 comminister.

2299 3027 2382 3080 Ad
2413 3032 2693 3095 praesulem
2735 3033 2929 3090 Pcscii.

1905 3107 2264 3167 Sanctissime
2311 3118 2724 3190 archiepiscope
2770 3120 2942 3179 Pescii
2983 3135 3038 3182 et
3069 3129 3238 3188 totius
3263 3131 3392 3189 Ser-

1754 3195 1797 3253 C
1831 3198 1951 3264 viae,
1978 3201 2031 3254 in
2063 3211 2255 3257 sancto
2283 3204 2487 3274 Spiritu
2513 3209 2733 3266 dilecte.

2139 3294 2222 3346 Ad
2246 3299 2692 3368 archiepiscopum
2727 3302 3069 3366 Justiniantv.

1892 3377 2633 3455 Beatissimearcliiepiscope
2653 3390 2841 3456 prima:
2854 3391 3180 3450 Justinianz
3193 3395 3392 3452 Achri-

1823 3465 1953 3520 dum
1987 3477 2042 3523 et
2078 3473 2247 3526 totius
2289 3472 2574 3543 Bulgaria},
2624 3479 2678 3531 in
2711 3489 2903 3537 sancto
2939 3482 3149 3554 Spiritu
3189 3485 3391 3542 dilecte

1823 3554 1993 3611 frater
2029 3567 2229 3614 nostra:
2260 3562 2673 3621 mediocritatis.

2200 3761 2282 3812 Ad
2311 3764 2760 3834 archiepiscopum
2802 3768 3013 3825 Iberiw.

1894 3849 2218 3908 Beatissime
2303 3857 2751 3930 archiepiscope,
2817 3865 3143 3922 universalis
3221 3870 3387 3928 totius

1824 3939 2013 3997 lberis:
2037 3945 2090 3998 in
2116 3955 2306 4001 sancto
2340 3946 2548 4017 Spiritu
2597 3951 2796 4010 dilecte
2843 3954 3012 4012 frater
3052 3970 3387 4018 nostrameo

1824 4032 2154 4091 diocritatis.

1893 4121 1955 4175 In
1988 4127 2092 4192 ﬁne
2117 4143 2135 4179 :
2168 4125 2301 4184 Vale
2340 4130 2392 4185 in
2443 4131 2696 4199 Domino,
2757 4139 3103 4198 sanctissime
3144 4141 3381 4211 domine,

1822 4208 2019 4268 dilecte
2056 4213 2222 4272 frater
2250 4227 2305 4274 et
2328 4223 2728 4281 comminister.

1415 4357 1651 4414 VABIE
1689 4358 2092 4424 LECTIONES.

227 4460 245 4494 ι
280 4455 494 4511 Addant
518 4456 627 4510 alia
650 4454 774 4526 Reg.
797 4455 1014 4526 ἀδελφέ.

495 5818 731 5878 Ρλτιιοι
745 5861 762 5878 .
805 5819 849 5876 (Β
862 5837 920 5878 lt.
965 5819 1144 5880 CVII.

2945 5813 3016 5876 14
