4240 6446
745 372 850 435 423

2002 365 2192 424 [ΕΘΝ
2200 365 2224 423 Ι
2232 367 2272 424 S
2310 362 2767 426 PHILOSOPHI

3884 366 3991 428 424

751 500 850 535 ιιιύ
876 482 1130 550 exiguum
1168 476 1331 530 rebus
1387 472 1704 527 mortalium
1763 470 1958 525 inferri
2012 471 2314 527 detrimen-
2344 481 2425 536 Αι

2344 481 2390 536 Α
2418 473 2813 528 πεττευόντων.
2849 470 3152 541 Τοιγαροῦν
3178 471 3278 524 οὐκ
3306 471 3455 536 ἀξιον
3485 472 3731 542 παριδεῖν
3766 474 3992 543 κρίναν-

749 581 865 626 tum
892 569 1192 637 contingat,
1252 566 1379 620 aliis
1428 578 1553 618 cum
1586 563 1710 618 aliis
1748 564 2125 629 commutatis,
2173 567 2315 621 talo-

751 676 981 730 rumque
1006 656 1175 727 (840)
1211 657 1387 712 instar
1413 656 1519 710 huc
1546 654 1674 708 illuc
1699 656 1917 721 ltemere
1947 656 2313 712 volventibus.

754 754 874 806 Illas
908 753 1091 820 itaque
1123 764 1232 812 res,
1269 763 1331 801 ex
1358 760 1591 817 quarum
1622 745 1918 814 tranquillo
1947 756 2000 799 et
2020 747 2315 816 impertur-

752 845 877 896 hato
899 850 1044 895 statu
1076 840 1228 895 salus
1255 837 1568 905 reipublicae
1601 835 1895 906 dependet,
1925 839 1981 890 in
2012 845 2163 891 tanta
2183 853 2317 893 con-

751 934 969 991 fusione
1033 928 1550 1000 perturbationeque
1578 929 1810 988 versari,
1872 927 2156 996 indignum
2220 945 2317 983 ne.

748 1027 927 1095 glectu
959 1024 1083 1087 rati,
1133 1036 1296 1092 quam
1374 1021 1787 1075 accuratissima
1821 1019 1952 1089 legis
1982 1020 2319 1089 inspectione

750 1133 815 1171 ac
834 1113 1280 1171 consideratione
1306 1110 1514 1183 dignati
1556 1126 1784 1166 sumus:
1811 1119 1866 1166 et
1894 1128 2033 1181 quas
2065 1113 2317 1169 obtinere

749 1204 1091 1264 conducibile
1157 1204 1274 1258 fore
1345 1202 1856 1265 animadvertimus.
1925 1203 2032 1259 illis
2078 1204 2317 1267 selectis,

750 1299 957 1367 scripto
984 1296 1095 1367 (Η)
1122 1295 1488 1365 imperatoria:
1521 1304 1723 1347 nostra:
1749 1294 2056 1362 maiestatis
2097 1296 2320 1349 decreto

752 1391 805 1445 in
842 1388 1121 1457 republica
1178 1384 1560 1439 auctoritatem
1627 1386 2112 1440 confirmavimus:
2151 1396 2319 1454 utque

751 1478 1155 1534 controversias
1205 1474 1594 1543 diiudicarent,
1650 1476 1876 1543 insuper
1934 1476 2097 1528 etiam
2152 1474 2317 1529 scivi-

755 1584 875 1622 mus
903 1586 916 1620 τ
942 1582 1079 1634 quas
1101 1580 1229 1618 vero
1282 1564 1501 1617 inutiles
1527 1563 1915 1632 judicavimus,
1967 1563 2159 1618 harum
2187 1579 2321 1618 non-

754 1659 932 1711 nullas
983 1658 1035 1709 in
1078 1661 1397 1723 perpetuum
1451 1652 1730 1707 silentium
1773 1652 2075 1723 coniectas,
2104 1654 2321 1708 decreto

746 1756 803 1801 et
830 1748 974 1815 ipsas
994 1761 1022 1797 a
1049 1746 1225 1813 legum
1245 1745 1450 1795 honore
1480 1750 1641 1810 atque
1667 1741 1857 1798 ordine
1880 1744 2130 1798 exsulare
2146 1744 2319 1811 jussi-

2414 582 2509 628 τες
2540 566 2598 617 ἐν
2627 563 2863 634 τοσαύτῃ
2900 562 3158 632 συγχύσει
3200 563 3295 615 καὶ
3330 566 3543 633 ταραχῇ
3568 565 3828 632 φέρεσθαι
3850 558 3923 617 ὧν
3955 569 3991 633 ἡ

2416 657 2623 727 γαλήνη
2649 655 2746 709 καὶ
2778 654 3049 723 ἀταραξία
3079 655 3177 723 τῆς
3209 653 3482 712 πολιτείας
3513 655 3826 725 ἐξήρτηται,
3868 657 3991 707 ἑπι-

2420 746 2663 816 σκέψεώς
2689 762 2749 798 τε
2785 746 2861 809 ὡς
2911 744 2989 798 ενι
3027 745 3259 813 μάλιστα
3288 742 3724 816 ἐπιμελεστάτης
3752 748 3879 808 τοὺς
3907 747 3997 797 νό-

2420 855 2553 908 μους
2579 836 2913 907 ἠξιώσαμεν,
2940 837 3037 889 καὶ
3063 828 3137 888 ὧν
3165 834 3437 898 λυσιτελὲς
3470 836 3737 906 ὑπάρχειν
3762 839 3824 890 τὸ
3850 839 3994 906 κρά-

2415 946 2506 991 τος
2573 930 3017 999 κατενοήσαμεν,
3073 926 3277 979 τούτων
3342 927 3572 997 ἐκλογὴν
3633 929 3996 997 ποιησάμενοι

2417 1016 2646 1086 δόγματι
2678 1017 2941 1088 ἐγγράφῳ
2989 1018 3088 1085 τῆς
3134 1014 3407 1085 βασιλείας
3458 1014 3616 1086 ήμῶν
3645 1015 3746 1086 τὴν
3784 1018 3864 1079 είς
3893 1019 3997 1088 τὴν

2420 1106 2694 1159 πολιτείαν
2726 1107 2908 1168 αὐτοῖς
2946 1106 3262 1177 παρρησίαν
3306 1106 3718 1178 ὲϐεϐαιώσαμεν
3751 1110 3846 1162 xci.
3881 1112 3997 1171 τοῖς

2420 1197 2709 1268 πράγμασι
2739 1198 2948 1266 διαιτᾷν
2996 1196 3459 1268 ἐπιψηφισάμεθα
3478 1213 3491 1227 ·
3536 1197 3630 1261 οὓς
3662 1199 3720 1252 δὲ
3749 1199 3998 1266 ἔγνωμεν

2419 1287 2791 1357 ἀσυμφόρους,
2840 1287 3043 1340 τούτων
3085 1286 3144 1340 at
3191 1287 3301 1357 ἀρα
3344 1288 3519 1349 ἐνίους
3568 1288 3668 1355 μὲν
3711 1290 3805 1341 καὶ
3842 1289 4001 1342 αὐτοὶ

2417 1379 2647 1447 δόγματι
2674 1377 2773 1446 τῆς
2801 1378 2910 1430 τῶν
2931 1378 3114 1448 νόμων
3140 1377 3308 1447 τιμῆς
3355 1378 3449 1430 καὶ
3478 1377 3684 1442 τάξεως
3721 1378 3998 1447 ἐξωστραο

2420 1470 2676 1540 κίσαμεν,
2707 1471 2788 1532 είς
2816 1470 2976 1540 σιγὴν
2999 1468 3227 1539 διηνεκῆ
3260 1467 3670 1534 συνελάσαντες,
3698 1463 3776 1521 ὧν
3805 1469 3862 1523 δὲ
3889 1470 4001 1521 οὐδ’

2420 1563 2500 1623 είς
2542 1561 2763 1632 μνήμην
2806 1560 2943 1624 ὅλως
2995 1561 3363 1631 κατέστημεν,
3416 1560 3507 1614 διὰ
3548 1564 3649 1631 τῆς
3688 1561 4001 1631 ἀμνηστίας

2421 1652 2515 1706 καὶ
2554 1653 2753 1715 αὐτοὺς
2790 1651 3188 1722 παραπλησίως
3231 1649 3463 1714 ἐκείνοις
3490 1650 4001 1720 συνεξωστρακίσα-

2423 1759 2544 1812 μεν.
2590 1744 2745 1797 Ἐπεὶ
2790 1742 2848 1797 δὲ
2897 1743 2992 1796 καὶ
3032 1744 3091 1795 ὲν
3138 1744 3261 1805 ταῖς
3304 1741 3632 1812 κρατούσαις
3684 1742 3998 1813 συνηθείαις

749 1852 873 1889 tuus
908 1853 920 1887 :
956 1845 1185 1901 quarum
1210 1840 1406 1904 autem
1449 1831 1655 1883 nullum
1705 1845 1933 1900 prorsus
1984 1832 2314 1886 mentionem
2351 1806 2423 1881 B:

2351 1806 2393 1860 Β
2420 1806 2696 1903 ξφάνησάν
2720 1849 2866 1895 τινες
2892 1832 2954 1886 οὐ
2985 1832 3309 1902 παράλογοι,
3344 1806 3468 1886 οὐδὲ
3499 1831 3747 1887 τοιαῦται
3780 1806 3897 1895 cia;
3932 1832 3998 1886 ἀν

751 1926 1004 1987 fecimus,
1047 1924 1145 1978 bas
1174 1924 1359 1987 etiam,
1393 1921 1495 1975 hoc
1522 1922 1639 1991 ipso
1667 1922 1810 1991 quod
1851 1937 2039 1976 earum
2072 1938 2177 1977 non
2205 1938 2318 1980 me-

748 2016 1095 2079 minerimus,
1118 2014 1273 2082 juxta
1306 2020 1469 2081 atque
1497 2011 1621 2065 illas
1656 2012 1710 2065 in
1738 2013 1992 2068 exsilium
2032 2013 2315 2082 ejecimus.

749 2107 992 2177 Denique
1023 2105 1281 2175 quoniam
1316 2111 1370 2156 et
1414 2102 1558 2156 inter
1600 2115 1849 2173 receptas
1896 2103 2318 2159 consuetudines

750 2196 1042 2248 nonnullas
1094 2191 1306 2245 ratione
1358 2203 1466 2242 non
1525 2188 1771 2257 destitui,
1837 2191 2085 2261 talesque
2143 2191 2331 2260 quales
2391 2193 2633 2260 prudens

2423 1923 2546 1987 νοῦς
2578 1925 2798 1987 συνετὸς
2819 1925 3129 1993 ἀτιμάσειε,
3168 1925 3263 1978 καὶ
3285 1923 3487 1987 ταύτας
3515 1924 3683 1993 νόμου
3714 1924 4000 1995 προνομίῳ

2424 2013 2804 2085 τετιμηκότες,
2855 2013 2974 2067 ἀντὶ
3026 2014 3081 2067 δὲ
3135 2014 3422 2084 συνηθείας
3463 2013 3662 2082 ἀλόγου
3704 2014 3787 2077 είς
3829 2014 4000 2084 νόμου

2427 2104 2722 2173 πρόσταξιν
2751 2104 2846 2159 καὶ
2868 2104 3034 2175 τιμὴν
3057 2104 3427 2175 ἀνηγάγομεν.

2709 2193 2911 2262 aliquis
2975 2208 3085 2249 non
3128 2202 3491 2263 contemnat,
3551 2194 3811 2260 vidimus,
3899 2193 3997 2248 bas

749 2302 968 2358 quoque
1027 2284 1161 2353 legis
1224 2281 1580 2353 praerogativa
1642 2282 2029 2351 honestantes,
2096 2299 2162 2339 ex
2225 2283 2503 2355 inscripta:
2560 2286 2980 2342 consuetudinis
3030 2294 3183 2342 statu
3246 2286 3314 2341 ad
3378 2287 3513 2357 legis
3566 2290 3853 2359 imperium
3909 2295 3997 2342 at-

746 2397 854 2452 quc
884 2380 1143 2433 honorem
1175 2375 1480 2429 eveximus.

807 2472 941 2524 Cum
970 2480 1099 2535 ergo
1126 2467 1240 2519 haac
1270 2464 1341 2516 ita
1379 2479 1407 2515 a
1454 2460 1611 2516 nobis
1645 2466 1957 2529 comparata
2009 2458 2152 2523 sint,
2187 2458 2323 2513 sciat

747 2562 982 2633 quisque
1019 2554 1186 2626 quod,
1218 2570 1338 2625 qua:
1368 2555 1512 2625 leges
1534 2567 1627 2620 per
1661 2549 1924 2618 scriptum
1961 2549 2324 2619 imperatoriae

750 2660 953 2707 no~trae
991 2646 1302 2715 majestatis
1365 2644 1644 2699 decretum
1692 2640 2073 2694 auctoritatem
2126 2648 2318 2705 nactae,

750 2755 995 2809 autqua:
1022 2735 1453 2793 consuetudines
1510 2732 1645 2800 legis
1718 2731 1980 2800 dignitate
2044 2730 2324 2784 honorata:

751 2832 985 2895 fuerint,
1044 2829 1126 2882 hae
1150 2834 1204 2881 et
1242 2826 1299 2880 in
1357 2822 1634 2893 republica
1689 2821 2036 2883 obtinebunt,
2073 2828 2129 2873 et
2186 2834 2321 2873 cuu-

750 2922 1047 2977 troversias
1095 2920 1149 2973 in
1192 2934 1251 2973 se
1278 2927 1575 2984 suspensas
1611 2912 1930 2977 habebunt;
1984 2924 2103 2979 qua:
2141 2917 2320 2963 autem

749 3014 819 3066 ab
855 3013 963 3065 illis
988 3012 1041 3063 in
1077 3007 1415 3062 contrarium
1454 3010 1708 3073 vergunt,
1736 3010 1829 3055 aut
1866 3002 2144 3053 mentione
2179 3014 2323 3053 sem-

758 3103 1027 3171 piternam
1082 3098 1190 3152 illis
1248 3094 1672 3150 taciturnitatem
1734 3090 2086 3160 injungcnte,
2117 3090 2322 3143 citrave

749 3192 894 3244 hanc
916 3189 1082 3244 etiam
1112 3195 1170 3240 ut
1190 3200 1309 3253 qua:
1330 3200 1455 3239 cum
1496 3184 1769 3252 despectis
1792 3181 2037 3250 ejusdem
2060 3179 2321 3234 conditio-

750 3279 838 3333 nis
901 3279 1030 3342 sint,
1064 3277 1255 3331 eodem
1317 3277 1512 3328 decore
1564 3274 1740 3341 dignae
1801 3270 1998 3323 habita:
2046 3274 2197 3331 sunt,
2243 3268 2323 3321 ha:

748 3385 879 3425 vero
920 3368 1119 3423 dehinc
1174 3373 1229 3419 et
1284 3363 1497 3433 rejects:
1556 3371 1611 3417 et
1669 3376 1702 3415 a
1751 3360 2026 3431 republica
2110 3358 2324 3415 exsules

751 3472 916 3533 atque
942 3471 1187 3516 extorres
1216 3464 1397 3513 erunt.

1272 3544 1738 3603 CONSTITUTIO
1770 3542 1810 3599 I.

753 3644 906 3711 Quod
951 3655 1387 3711 unumquemque,
1440 3639 1531 3706 qui
1582 3635 1865 3711 judicandi
1902 3634 2313 3711 prcroqativam

826 3713 1106 3780 acceperit,
1126 3706 1589 3780 quemadmodum
1603 3706 1876 3780 legalium:
1910 3706 2263 3780 capitulorum
2288 3720 2320 3756 a

824 3775 970 3836 nobis
1003 3775 1216 3833 habitus
1248 3778 1479 3831 delectus
1505 3775 1620 3844 (12)
1644 3775 1885 3827 statuerit
1922 3776 2169 3827 dirimere
2196 3789 2321 3844 cou-

828 3852 1114 3906 troversias
1142 3858 1406 3915 oporteat:
1442 3862 1557 3913 quur
1588 3842 1706 3898 uero
1739 3846 1873 3896 inter
1898 3845 2174 3915 reprobata
2205 3842 2319 3915 (l3)

821 3922 1007 3975 habita
1034 3912 1182 3980 sunt,
1202 3919 1279 3971 uti
1310 3932 1373 3970 ex
1402 3912 1513 3969 illis
1536 3914 1685 3968 nulla
1720 3914 1829 3967 litis
1854 3913 2174 3982 ambiguitas
2230 3912 2318 3964 di-

813 3993 1105 4061 judicetur.

822 4082 881 4135 In
938 4080 1156 4133 nomine
1198 4075 1318 4144 cjus
1369 4074 1461 4143 qui
1534 4072 1789 4125 universo
1842 4070 2079 4124 humano
2135 4068 2319 4139 generi

754 4175 1029 4228 salutares
1067 4170 1214 4239 leges
1254 4168 1399 4229 tulit,
1450 4165 1656 4219 Christi
1708 4164 1820 4217 veri
1859 4163 1949 4217 Dei
1986 4162 2183 4226 nostri,
2220 4163 2322 4215 lm-

757 4271 974 4329 perntor
1006 4258 1193 4310 Caesar
1235 4253 1461 4308 Flavius
1485 4252 1615 4316 Leo,
1682 4254 1826 4323 pius,
1870 4252 2017 4315 felix,
2059 4252 2317 4323 inclytus,

755 4353 952 4411 victor,
985 4347 1375 4417 triumphator,
1430 4344 1578 4398 omni
1642 4358 1758 4397 sevo
1814 4344 2165 4406 venerabilis,
2204 4345 2317 4395 Au-

753 4451 971 4511 gustus,
1002 4439 1177 4492 lidelis
1208 4453 1325 4501 rex,
1364 4435 1615 4505 Styliano
1638 4435 2013 4490 iilustrissimo
2035 4448 2313 4488 sacrorum

754 4541 1069 4587 nostrorum
1108 4528 1408 4582 ciliciorum
1437 4525 1722 4595 magistro.

821 4619 1179 4678 Celeberrimi
1217 4619 1309 4673 ille
1343 4618 1486 4671 inter
1536 4617 1896 4684 imperatores
1950 4614 2188 4669 nominis
2227 4611 2321 4667 Ju-

759 4715 1033 4770 stiniauus
1077 4727 1200 4766 cum
1248 4709 1432 4763 animo
1464 4716 1608 4763 esset
1663 4720 1793 4775 erga
1846 4706 2232 4774 rempublicam
2270 4714 2323 4758 et

754 4808 980 4876 optimo,
1026 4814 1081 4857 et
1156 4803 1277 4872 ejus
1348 4800 1644 4854 utilitatum
1707 4795 2112 4851 studiosissimo
2175 4794 2323 4849 velut

756 4898 945 4950 silvam
1030 4896 1362 4957 ouamdam,
1456 4889 1881 4945 constitutinues
1950 4888 2002 4940 in
2076 4884 2322 4939 Romano

2496 2459 2711 2516 Τούτων
2737 2465 2867 2536 ήμῖν
2897 2465 3067 2531 οὕτως
3099 2469 3470 2541 διῳκημένιιιν,
3494 2472 3626 2524 ἵστω
3655 2475 3762 2534 πᾶς
3790 2489 3898 2535 τις,
3921 2471 3998 2528 ὡς

2423 2550 2538 2606 ὅσοι
2597 2554 2695 2623 μὲν
2742 2556 2829 2609 διὰ
2884 2558 2977 2611 τοῦ
3040 2561 3320 2629 ἐγγράφου
3376 2562 3477 2631 τῆς
3524 2562 3796 2631 βασιλείας
3840 2563 3999 2632 ήμῶν

2420 2642 2690 2711 δόγματος
2721 2645 2913 2700 ἔλαϐον
2941 2648 3105 2718 κῦρος
3137 2651 3291 2721 νόμοι
3325 2651 3358 2721 ἢ
3385 2653 3706 2722 τετίμηνται
3726 2652 3998 2722 ἀξιώματι

2423 2736 2589 2805 νόμου
2641 2738 2943 2807 συνήθειαι,
2995 2735 3143 2795 οὗτοι
3188 2744 3283 2796 καὶ
3328 2745 3735 2797 πολιτεύσονται
3783 2746 3878 2798 καὶ
3920 2747 3999 2805 είς

2422 2826 2648 2888 ἑαυτοὺς
2690 2828 3044 2898 ἀνηρτημένα
3081 2830 3149 2885 τὰ
3184 2834 3485 2903 πράγματα
3524 2834 3755 2900 ἐξουσινο
3796 2834 3912 2887 ὅσοι
3941 2833 3997 2886 ει

2423 2912 2561 2982 πρὸς
2581 2915 2896 2967 ἐναντίωσιν
2927 2917 3107 2979 αὐτοῖς
3149 2920 3548 2989 ἀποφερόμενοι
3587 2921 3619 2991 ἢ
3652 2922 3869 2991 μνήμης
3899 2923 3998 2991 τὴν

2422 3003 2666 3072 ἀφωνίαν
2702 3007 2885 3071 αὐτοῖς
2927 3008 3095 3060 ἀΐδιον
3134 3009 3497 3080 ἐπιϐαλούσης
3530 3010 3810 3077 ἠξίωνται,
3836 3010 3869 3078 ἧ
3904 3010 4001 3062 καὶ

2428 3097 2596 3166 χωρὶς
2624 3096 2828 3167 ταύτης
2859 3100 2934 3162 ὡς
2973 3101 3225 3170 ὁμότιμοι
3258 3101 3367 3153 τῶν
3395 3102 3761 3171 ἠτιμωμένων
3786 3097 4001 3170 συνητι-

2426 3204 2655 3257 μωνται,
2680 3184 2827 3243 οῦτοι
2856 3190 2921 3261 δὴ
2957 3192 3050 3246 καὶ
3077 3192 3373 3264 ἀπόϐλητοι
3406 3194 3515 3248 ἀπὺ
3535 3193 3628 3248 τοῦ
3662 3193 3755 3246 νῦν
3784 3192 3881 3247 καὶ
3903 3189 3999 3246 τοῦ

2425 3278 2819 3350 πολιτεύματός
2849 3284 2989 3336 εἰσιν
3019 3283 3320 3355 ὑπερόριοι.

2985 3546 3296 3600 ΔΙΔΤΑΞΙΣ
3322 3544 3380 3601 A’
3411 3548 3453 3600 ‘.

2424 3632 2545 3686 Ὀτι
2574 3634 2691 3706 χρὴ
2724 3634 2922 3706 πάντα
2965 3636 3073 3689 τόν
3105 3638 3333 3705 κρίνειν
3378 3638 3642 3691 λαϐόντα
3674 3638 4004 3706 προνόμιον

2491 3704 2687 3775 καθὼς
2716 3704 2767 3775 τὶ
2793 3705 3179 3775 ἐγκεκριμένη
3216 3707 3338 3760 τῶν
3368 3707 3631 3775 νομίμων
3656 3704 4003 3775 κεφαλαίων

2492 3772 2593 3843 ὑφ’
2645 3772 3087 3843 ἡμῖνίέψῇ
3156 3772 3530 3829 διατέτακται
3591 3772 3863 3829 (Scaldem
3925 3775 4002 3829 τὰ

2490 3840 2809 3910 ἀμφίϐολα.
2832 3842 2870 3896 d
2896 3842 2967 3895 δὲ
2989 3840 3100 3911 τῆς
3123 3844 3446 3911 ἀποκρίτου
3470 3844 3698 3911 τάξεως
3731 3845 3999 3910 ἠξίωται,

2492 3913 2643 4033 guilt}
2677 3912 2863 3966 ταῦτα
2897 3909 3197 3982 μηδεμίαν
3224 3909 3572 3968 ὄίοικεῖσδθαι
3614 3909 3786 3980 δίκης
3819 3915 4000 3982 ἀμερι-

2529 3998 2575 4033 0.
2627 3998 2724 4033 αν.

2529 3998 2619 4033 0.41
2627 3998 2724 4036 αν.

2503 4070 2590 4122 Ἐν
2618 4071 2841 4141 ὀνόματι
2869 4072 2962 4124 τοῦ
3001 4074 3167 4126 πᾶσιν
3200 4073 3510 4145 ἀνθρώποις
3539 4074 4003 4145 νομοθετήσαντος

2420 4163 2487 4216 τά
2518 4166 2760 4235 σωτήρια
2791 4166 3029 4236 Χριστοῦ
3062 4166 3155 4220 τοῦ
3186 4167 3443 4237 ἀληθινοῦ
3484 4168 3621 4223 Θεοῦ
3650 4171 3807 4239 ήμῶν
3840 4169 4002 4221 αὑτο-

2421 4252 2643 4321 κράτωρ
2690 4253 2904 4323 Καῖσαρ
2954 4254 3184 4319 Φλάϐιος
3228 4257 3381 4309 Λέων
3428 4257 3685 4324 εὐσεϐὴς.
3725 4257 4002 4327 εὐτυχὴς.

2421 4343 2650 4408 ἔνδοξος,
2679 4343 2928 4415 νικητὴς,
2966 4346 3349 4417 τροπαιοῦχος,
3395 4349 3765 4411 ἀεισέϐαστος,
3799 4348 4000 4417 αὔγου-

2422 4450 2566 4498 στος,
2600 4435 2790 4497 πιστὸς
2823 4435 3092 4503 βασιλεὺς,
3119 4437 3391 4508 Στυλιανῷ
3421 4439 3499 4509 τῷ
3548 4441 4003 4510 περιφανεστάτω

2423 4527 2707 4596 μαγίστρῳ
2736 4526 2846 4579 τῶν
2880 4527 3038 4579 θείων
3076 4529 3346 4595 όφφικίων
3374 4530 3549 4599 ήμιῖιν.

2506 4612 2564 4665 ὐ
2601 4614 2698 4682 μὲν
2733 4613 2798 4684 δὴ
2834 4614 3174 4683 περιώνυμος
3225 4617 3282 4668 ὲν
3320 4614 3629 4684 βασιλεῦσιν
3684 4618 3994 4672 Ἰουστινια-

2423 4702 2550 4765 νὸς,
2583 4703 2813 4773 ἀρίστης
2849 4704 2943 4756 καὶ
2987 4705 3433 4775 λυσιτελεστάτης
3484 4709 3551 4777 τῇ
3588 4708 3832 4779 πολιτείᾳ
3865 4711 4000 4776 γνίξ).

2428 4810 2536 4863 μης
2565 4794 2875 4862 γενόμενος,
2897 4794 3087 4865 ὥσπερ
3109 4796 3230 4849 τινὰ
3256 4796 3389 4867 ὕλην
3411 4797 3593 4851 λαϐὼν
3620 4800 3719 4861 τὰς
3740 4800 3798 4863 εξ
3821 4799 3998 4867 ἀρχῆς

2427 4887 2521 4937 καὶ
2590 4890 2783 4955 μέχρις
2836 4888 3047 4940 ἐκείνου
3122 4888 3263 4942 κατά
3314 4888 3607 4960 διαφόρους
3658 4892 3882 4960 χρόνους
3928 4892 4000 4959 τῇ

2075 5022 2301 5078 VARLE
2336 5022 2631 5079 LECTION
2639 5024 2742 5080 ES.

810 5156 829 5185 ⁶
852 5146 1028 5203 Prima
1059 5154 1143 5201 est
1194 5144 1247 5198 in
1272 5142 1452 5212 Eclog.
1488 5156 1613 5196 nov.
1640 5139 1837 5195 Leonis
1857 5150 1911 5195 et
1940 5138 2131 5208 incipit
2168 5136 2302 5190 Ἀπὸ
2326 5136 2443 5207 τοῦ,
2464 5145 2569 5191 etc.

2254 5268 2484 5328 NOTAE.

824 5395 1001 5464 (8-10)
1037 5394 1190 5464 Κατά
1216 5391 1415 5464 κύϐους
1457 5391 1789 5464 ερεείθεηοει
1815 5390 2114 5464 proverbii.

826 5455 942 5535 (ll)
976 5455 1083 5518 llas
1115 5463 1365 5535 Novellas
1398 5455 1506 5515 non
1552 5455 1831 5535 intelligit,
1860 5460 1954 5535 sed
2014 5455 2322 5535 Βασιλικῷν

756 5530 947 5599 libros,
995 5534 1308 5603 degqnibus
1340 5546 1507 5603 supra
1536 5530 1777 5603 diximus
1815 5531 2153 5603 ςειίίοτιιιὶιιἈ
2188 5530 2319 5603 quid

754 5618 837 5659 cst
864 5609 915 5659 in
939 5606 1024 5659 his
1050 5600 1309 5662 No'vellis,
1345 5601 1489 5670 quod
1514 5602 1773 5656 omnibus
1825 5600 2014 5655 litibus
2065 5600 2318 5654 finiendis

755 5678 889 5731 suis
920 5690 1042 5730 esse
1078 5676 1250 5731 possit
1281 5672 1305 5723 ?

824 5746 937 5815 (19.)
982 5740 1230 5811 Ἐκλογὴ.
1284 5740 1541 5812 lntelligit
1573 5740 1718 5796 haud
1751 5740 1915 5797 dubie
1948 5740 2118 5795 libros
2150 5740 2311 5791 Βασι-

2430 5391 2623 5456 λικῶν,
2660 5392 2713 5445 in
2747 5392 2970 5462 quibus,
3002 5392 3147 5462 quod
3169 5405 3199 5447 a
3231 5390 3431 5448 saeculo
3464 5390 3765 5448 Iustiniani
3796 5392 3866 5447 ad
3900 5408 4004 5449 sua

2430 5472 2674 5531 tempora
2728 5460 3033 5516 desuetum‘
3078 5472 3214 5525 erat,
3271 5464 3599 5534 abrogatur:
3649 5463 3734 5518 his
3784 5471 4003 5518 tantum

2425 5532 2665 5585 selectis.
2687 5546 2808 5585 ante
2838 5532 2892 5585 in
2923 5546 3025 5585 usu
3054 5532 3378 5585 uuotidiano
3427 5541 3588 5585 erant
3622 5534 3819 5585 posita.

2494 5540 2665 5593 lectis,
2687 5546 2808 5599 quae
2838 5540 2892 5585 in
2923 5546 3025 5586 usu
3095 5540 3378 5586 uotidiano
3427 5541 3588 5588 erant
3622 5540 3819 5603 posita.

2494 5600 2608 5670 (l3)
2641 5599 2786 5673 [διες
2815 5616 2919 5655 ηοη
2955 5617 3019 5655 ex
3054 5548 3609 5673 1egibusiabrogatis
3656 5604 4003 5673 dirimenda.

2421 5667 2565 5724 Idem
2590 5667 2631 5722 ’a
2656 5667 2877 5742 Iuliano
2903 5667 3265 5742 constitutum
3301 5672 3327 5742 §
3356 5672 3389 5725 5
3410 5712 3424 5733 .
3456 5667 3671 5727 ἔυηειὶι.
3718 5674 3785 5725 de
3837 5670 4007 5728 Justi-

2420 5755 2588 5794 naneo
2622 5740 2739 5793 cod.
2775 5751 2824 5795 ct
2848 5740 2875 5808 §
2898 5740 2951 5805 5,
2984 5741 3047 5794 de
3075 5740 3344 5795 enraudat.
3374 5742 3493 5795 cod.
