4240 6446
233 426 342 487 425

1349 422 1708 486 NOVELLIE
1728 420 2384 482 CONSTITUTIONES:

3365 428 3468 490 426

243 539 537 607 Ῥωμαϊκῇ
578 536 904 607 ἐπικρατείᾳ
938 535 1214 600 διατάξεις
1255 536 1709 606 τεθεσπισμίνας,
1741 535 1818 587 οί-
1842 537 1891 594 Α

1798 562 1818 573 -
1842 537 1891 594 Α
1919 534 2147 604 imperio
2167 534 2294 588 inde
2322 535 2391 588 ab
2419 533 2577 589 initio
2597 547 2772 603 usque
2794 535 2862 590 sd
2897 549 3054 591 suam
3117 544 3332 590 aetatem
3388 539 3472 590 di-

239 626 421 689 κείαις
452 625 726 698 φροντίσιν
753 627 846 679 καὶ
869 626 1052 688 πόνοις
1076 626 1236 696 ἔργον
1255 626 1690 698 ἀξιοθαύμαστον
1717 625 1815 695 τὴν

1803 642 1815 676 ι
1913 625 2088 681 versis
2139 625 2475 695 temporibus
2521 625 2698 682 editas
2739 627 3034 697 accipiens,
3083 641 3192 698 quo
3232 627 3369 682 bene
3408 627 3477 684 de

238 716 353 770 τῶν
391 717 573 786 νόμων
602 713 730 786 ὃλην
786 716 1193 784 σωματοποιίαν
1238 718 1318 779 είς
1363 717 1682 786 εὐεργεσίαν
1708 715 1816 768 τῶν

241 805 506 876 ὑπηκόων
535 805 951 876 ἐφιλοτιμήσατο
984 806 1522 871 κατασκευάσασθαι,
1561 806 1656 859 καὶ
1686 805 1739 857 εί
1761 821 1816 858 τι

243 895 350 964 μὲν
391 895 712 949 ὑπεναντίον
750 895 845 950 καὶ
885 897 1226 968 ἀνάρμοστον
1267 897 1568 966 διεφαίνετο
1609 897 1816 952 ἀνακα-

242 986 441 1056 θάρας,
480 987 548 1040 δι’
578 983 654 1042 ὧν
690 989 749 1042 δι
778 989 877 1059 τὴν
915 988 1280 1059 εὐαρμοστίαν
1322 988 1819 1058 ἑμπολιτευομίνην

243 1075 388 1144 ῐγνω
419 1075 591 1131 ταῦτα
621 1079 700 1141 είς
741 1078 800 1130 ἓν
847 1079 1293 1148 συνυφηνάμενος
1332 1078 1427 1131 καὶ
1468 1077 1819 1147 στοιχειιὲισας

247 1168 346 1221 καὶ
373 1167 562 1239 ὥσπερ
584 1170 664 1231 είς
696 1169 944 1240 στάθμην
974 1170 1131 1240 δίκης
1165 1170 1294 1240 μίαν
1317 1171 1817 1240 καταστησάμενος,

244 1260 338 1329 ὑφ’
362 1255 432 1331 ἦς
468 1260 531 1313 τό
557 1278 616 1313 τε
654 1261 862 1314 δίκαιον
901 1263 994 1315 καὶ
1022 1261 1084 1315 τὸ
1135 1263 1210 1332 μὴ
1241 1261 1482 1316 τοιοῦτον
1516 1261 1576 1315 ὃν
1614 1261 1820 1332 διεκρί-

243 1366 388 1403 νετο.
423 1350 583 1403 Ἀλλά
631 1350 760 1421 γάρ,
789 1350 866 1415 ὡς
913 1351 1079 1418 ἔοικε,
1119 1351 1392 1423 πανταχοῦ
1437 1352 1720 1406 κάλλιστον
1759 1351 1820 1404 τὸ

240 1441 440 1510 μηδὲν
467 1440 638 1511 ἄταν.
674 1444 784 1495 Καὶ
833 1445 942 1514 γάρ
967 1444 1109 1498 οὕτω
1156 1445 1340 1508 καλῶς
1377 1445 1457 1508 είς
1486 1444 1544 1498 ἰν
1567 1445 1729 1514 σῶμά
1758 1462 1817 1498 τε

247 1533 686 1601 ποιησάμενοςκτ
733 1537 834 1603 την
872 1535 1430 1605 καταμεμερισμὲνην
1477 1535 1587 1588 τῶν
1639 1536 1821 1602 νόμων

245 1621 570 1686 ὑπόστασιν,
603 1623 698 1674 καὶ
733 1622 803 1675 τὰ
831 1624 890 1690 ἐξ
928 1617 1003 1677 ὧν
1027 1624 1091 1676 τδ
1122 1625 1441 1696 ἐναρμόνιον
1469 1625 1566 1695 τῆς
1594 1624 1822 1694 νομικῆς

245 1712 562 1781 οἰκονομίας
598 1714 857 1778 πολλάκις
898 1719 1244 1786 παρεκινείτο
1279 1717 1696 1788 ἱεισωσάμενος,
1729 1717 1823 1768 καὶ

246 1802 386 1870 πρὸς
423 1803 556 1873 μίαν
595 1806 915 1874 συμφωνίαν
942 1807 1008 1859 ὲκ
1041 1806 1137 1860 τοῦ
1168 1809 1307 1878 πρὸς
1339 1811 1524 1862 ικετνα
1558 1808 1692 1878 μόνα
1725 1808 1824 1877 τήν

1916 714 2152 770 subditis
2176 725 2496 782 mereretur,
2531 714 2803 771 industria
2815 725 2869 770 et
2889 715 3165 772 laboribus
3193 715 3318 772 suis
3334 729 3476 784 opus

1916 805 2276 860 admiratione
2328 805 2573 875 dignum,
2604 805 2990 860 universarum
3024 820 3222 876 nempe
3291 803 3477 875 legum

1917 895 2068 950 illam
2099 895 2599 965 incorporaticnem
2651 896 2789 967 (l4),
2818 911 3034 952 summa
3075 911 3200 951 cum
3244 906 3476 952 conten-

1916 988 2066 1042 tione
2091 985 2306 1041 ellieere
2333 994 2418 1040 est
2442 997 2702 1041 conatus.
2746 985 2804 1040 Si
2853 986 2985 1056 quid
3017 985 3354 1041 contrarium
3381 996 3475 1041 aut

1919 1076 2318 1131 inconveniens
2405 1085 2708 1146 appareret,
2761 1077 3104 1147 repurgavit:
3155 1091 3220 1131 ex
3279 1078 3476 1145 quibus

1920 1182 2048 1222 vero
2089 1167 2455 1238 compositum
2492 1165 2807 1236 reipublicae
2857 1181 2922 1218 ac
2984 1167 3244 1221 decorum
3275 1175 3478 1221 statum

1919 1257 2246 1312 exstiturum
2275 1258 2542 1320 crederet,
2595 1257 2709 1312 hac
2753 1257 2807 1312 in
2843 1272 3014 1312 unum
3050 1259 3350 1321 contexuit,
3394 1265 3478 1309 at-

1919 1361 2028 1416 que
2056 1348 2274 1402 velutin
2301 1355 2473 1404 artem
2502 1348 2738 1418 aliquam
2759 1347 3099 1412 informavit,
3127 1348 3395 1417 quasique
3423 1349 3476 1400 in

1924 1453 2032 1492 una
2073 1438 2299 1506 iustitiae
2343 1440 2503 1503 libra,
2559 1455 2589 1493 a
2618 1451 2724 1507 qua
2747 1438 2954 1508 justum
2985 1453 3015 1492 a
3041 1436 3256 1492 diverso
3314 1449 3367 1492 et
3400 1439 3482 1491 in-

1919 1529 2071 1600 justo
2121 1529 2541 1593 diseerneretur,
2586 1528 2873 1583 constituit
2915 1539 2970 1584 et
3025 1529 3333 1582 collocavit.
3386 1530 3483 1581 At-

1921 1623 2015 1690 qui
2077 1621 2181 1688 (ut
2239 1621 2499 1688 constat)
2562 1620 2765 1691 ubique
2842 1629 2928 1676 est
3004 1621 3480 1690 pulcherrimum,

1923 1723 1981 1767 tu
2009 1729 2072 1767 ne
2099 1714 2226 1783 quid
2257 1713 2369 1782 (l5)
2398 1713 2578 1768 nimis.
2609 1713 2744 1768 Cum
2779 1728 3014 1782 namque
3047 1713 3101 1767 in
3129 1714 3327 1768 multas
3355 1721 3522 1783 par-_‘

1924 1812 2009 1860 tes
2053 1804 2284 1858 divisam
2355 1803 2532 1870 legum
2569 1804 2933 1859 substantiam
2983 1817 3050 1859 ae
3093 1803 3375 1858 materiam
3396 1800 3481 1857 .r'in

248 1893 470 1945 πάντων
507 1892 908 1947 ἀπευθύνεσθαι
936 1895 1117 1964 ψῆφον
1150 1877 1275 1960 τοὺς
1307 1877 1626 1959 δικάζοντας
1657 1913 1821 1950 κατα·
1854 1877 1896 1932 Β

1809 1927 1821 1938 -
1854 1877 1896 1932 Β
1924 1909 2094 1949 unum
2129 1909 2332 1964 corpus
2355 1894 2468 1964 (l6)
2496 1902 2645 1950 tanta
2681 1909 2806 1950 eum
2840 1895 3001 1951 laude
3027 1903 3483 1963 coagmentasset,

246 1985 472 2053 στήσας.
499 1985 592 2038 καὶ
622 1985 853 2056 ἀμάχως
881 1986 1087 2057 κρίνειν
1112 1986 1455 2057 συμσιδάσας
1473 1991 1540 2059 τῇ
1572 1988 1822 2058 είρηναία

1810 2005 1822 2040 ι
1920 1993 2181 2056 praeterea
2231 1987 2395 2041 etiam
2424 2001 2546 2056 qua:
2595 1986 2784 2056 legalis
2839 1987 3120 2056 regiminis
3142 1987 3384 2040 ordinem
3430 1994 3484 2040 et

245 2074 344 2128 καὶ
369 2076 569 2146 ἀμάχῳ
597 2076 708 2130 τῶν
730 2075 977 2147 νομίμων
1015 2076 1326 2145 κεφαλαίων
1374 2079 1726 2142 καταστάσει,
1757 2079 1818 2130 οὑ

1809 2099 1818 2129 ι
1920 2076 2363 2131 convenientiam
2395 2091 2774 2146 saepenumero
2820 2076 3234 2140 labefactarent,
3268 2077 3324 2130 in
3348 2091 3483 2131 eon-

245 2165 477 2236 στέρξας
503 2167 596 2219 ἐπὶ
628 2167 860 2231 τούτοις,
904 2167 1042 2222 ἀλλά
1081 2168 1303 2239 ἄμεινόν
1330 2186 1383 2222 τι
1420 2169 1724 2237 διανοηθεὶς
1751 2171 1818 2239 τῇ

245 2256 492 2326 πολιτείᾳ
527 2255 665 2327 μετά
691 2257 863 2310 ταῦτα
895 2258 1234 2328 χαρίζεσθαι,
1273 2259 1460 2312 ἔλαθεν
1487 2255 1568 2322 οἷς
1596 2258 1820 2328 ὕστερον

245 2347 607 2418 ἐνομοθέτησε
649 2348 747 2403 καὶ
788 2348 866 2419 τῷ
907 2348 1108 2420 πρώτῳ
1146 2349 1526 2419 λυμηνάμενος
1557 2350 1704 2421 ἔργῳ
1725 2349 1819 2403 καὶ

243 2437 306 2490 τδ
331 2437 582 2508 δεύτερον
609 2439 710 2492 οὐκ
737 2440 1110 2508 ἐργασάμενος
1154 2441 1461 2510 ἄμεμπτον,
1512 2440 1820 2508 ἀντιλογίας

245 2529 342 2581 καὶ
366 2529 537 2601 ἔριδος
567 2533 630 2583 ἑκ
655 2531 755 2601 τῆς
795 2531 1018 2603 ὕστερον
1065 2533 1213 2602 αὒτῷ
1255 2533 1651 2604 πεπραγμένης
1684 2531 1817 2586 ὑπο-

246 2621 449 2684 θέσεως
487 2623 588 2674 οὐκ
614 2621 798 2691 ὀλίγης
827 2622 962 2693 πρὸς
997 2621 1096 2692 τήν
1126 2622 1395 2693 προτέραν
1419 2623 1820 2692 άνακεκινημέ-

244 2726 366 2778 νης.
403 2710 493 2778 Τῷ
524 2711 625 2780 μὲν
655 2707 748 2764 οὖν
789 2712 974 2782 οίκείῳ
1019 2713 1250 2783 καμάτῳ
1289 2713 1463 2775 οὕτως
1487 2713 1556 2766 δι’
1578 2712 1771 2766 ἑαυτοῦ
1792 2715 1821 2768 ό

253 2796 628 2863 ἰουστινιανὸς
673 2800 1006 2870 ιλωσήσατο.
1051 2801 1127 2854 οὐ
1194 2801 1304 2872 μὴν
1346 2801 1482 2856 ἀλλά
1531 2803 1623 2856 καὶ
1656 2802 1821 2872 μέχρι

239 2888 340 2942 τοῦ
363 2888 460 2942 νῦν
478 2889 538 2954 ἐξ
559 2889 768 2943 ἐκείνου
793 2890 888 2944 τοῦ
913 2891 1107 2962 καιροῦ
1131 2892 1257 2964 άρτι
1286 2893 1388 2964 μὲν
1415 2893 1521 2947 ὑπὸ
1539 2893 1820 2964 νεωτέρων

243 2980 636 3049 θεσπισμάτων
662 2981 790 3052 άρτι
813 2982 871 3034 δὲ
903 2982 1007 3036 ὑπὸ
1037 2983 1334 3053 συνηθειῶν
1362 2986 1705 3038 ἀθεσπίστων
1726 2985 1822 3039 καὶ

246 3071 418 3139 μόνην
443 3071 894 3142 προδαλλομίνων
921 3074 1072 3143 ίσχὺν
1093 3073 1191 3145 τήν
1209 3075 1318 3128 τῶν
1337 3076 1512 3145 δχλων
1529 3077 1821 3147 ἀρέσκειαν

243 3158 447 3228 πολλῆς
499 3162 890 3232 ἐπιγενομένης
930 3163 1315 3234 καινοτομίας,
1372 3165 1569 3236 μικροῦ
1611 3166 1680 3220 τὰ
1709 3166 1819 3220 τῶν

243 3252 428 3321 νόμων
452 3253 802 3323 συγκέχυται,
840 3255 935 3307 καὶ
972 3254 1084 3308 ἀνω
1120 3257 1215 3310 καὶ
1260 3256 1409 3309 κάτω
1453 3259 1820 3329 πεττευόμενα

243 3342 310 3394 τὰ
340 3343 642 3412 πράγματα
679 3344 921 3415 φέρεται.
948 3346 1046 3398 Διά
1066 3345 1241 3411 τοῦτο,
1279 3345 1438 3417 εἴπερ
1474 3363 1527 3398 τι
1555 3347 1703 3410 ἄλλο,
1730 3347 1821 3400 καὶ

241 3433 436 3485 τούτου
483 3434 614 3503 ήμῖν
664 3434 772 3486 τῶν
830 3435 1273 3504 ἀναγκαιοτάτων
1327 3439 1408 3498 είς
1457 3437 1518 3489 τὸ
1565 3437 1820 3507 προνοίας

243 3522 751 3595 ἁντιλαμὸανούσης
791 3528 972 3594 τυχεῖν
1022 3525 1173 3590 ἀξίου
1212 3527 1614 3596 πραγματείαν,
1653 3526 1818 3579 ἔτιδὲ

244 3614 343 3668 καὶ
364 3615 464 3677 τὰς
491 3617 570 3678 είς
597 3615 696 3687 τήν
717 3617 825 3670 τῶν
852 3619 1196 3688 πραγμάτων
1227 3618 1489 3690 διοίκησιν
1518 3618 1819 3690 παρελθού-

244 3722 346 3767 σας
380 3705 662 3773 συνηθείας
704 3707 1152 3778 ἐπισκεψάμενοι,
1191 3709 1300 3762 τῶν
1355 3710 1455 3780 μὲν
1495 3711 1672 3780 νόμων
1720 3710 1819 3781 τήν

241 3797 557 3863 ἀντιλογίαν
619 3799 1148 3868 άπεσκευασάμεθα,
1207 3803 1316 3855 πᾶν
1377 3802 1672 3855 ἀντίπαλον
1726 3803 1820 3856 καὶ

244 3888 386 3958 πρὸς
413 3889 512 3958 τὴν
553 3891 821 3960 φέρουσαν
861 3892 1084 3962 ἀγωγὴν
1104 3892 1211 3945 τῶν
1251 3895 1587 3965 πραγμάτων
1624 3894 1820 3965 ἀθέμι-

242 3996 338 4032 τον
379 3981 479 4050 τῆς
519 3982 750 4052 νομικῆς
802 3982 958 4048 ἀξίας
1007 3985 1610 4057 ἀποχειροτονήσαντες,
1650 3987 1748 4050 τὰς
1775 3987 1819 4039 δ’

242 4071 367 4122 ὅσαι
408 4071 687 4141 συνήθειαι
717 4073 777 4125 οὐ
826 4074 1045 4142 φαύλως
1092 4076 1308 4129 ἐδόκουν
1350 4077 1456 4130 οὐδ’
1512 4077 1820 4142 ὲπιὸλαϐὦς

247 4160 536 4230 ῥυθμίζειν
582 4165 652 4216 τά
689 4165 1010 4235 πράγματα,
1045 4166 1250 4230 ταύτας
1300 4168 1495 4238 μηκέτι
1536 4169 1817 4240 συνηθείας

245 4253 475 4320 ἀλόγους
497 4251 635 4308 εἶναι
666 4257 1078 4321 καταλιπόντες,
1108 4259 1221 4310 ἀλλ’
1250 4260 1330 4322 είς
1352 4259 1596 4324 ἐξουσίαν
1630 4261 1821 4314 θεσπί-

249 4361 459 4412 σματος
495 4349 958 4417 καταστήσαντες,
1013 4349 1128 4404 ἔστι
1179 4351 1224 4403 δ’
1265 4352 1396 4405 ὅπου
1449 4354 1541 4405 καὶ
1588 4355 1720 4424 πρὸς
1763 4355 1822 4407 τὸ

248 4436 458 4506 ἀπηνὲς
504 4438 597 4491 καὶ
647 4439 1068 4510 ἀποτομώτερον
1117 4443 1330 4514 όρῶντα
1373 4445 1465 4498 τὸν
1520 4446 1682 4516 νόμον
1729 4450 1821 4501 καὶ

246 4527 439 4598 ὥσπερ
466 4528 816 4600 ἐξιστάμενον
845 4532 944 4601 τῆς
967 4532 1124 4603 δίκης
1155 4535 1233 4598 είς
1262 4535 1324 4587 τὸ
1346 4537 1545 4599 οίκείον
1569 4539 1661 4591 καὶ
1683 4540 1818 4610 πρέ-

246 4636 350 4671 πον
377 4620 754 4683 συστείλαντες
793 4624 996 4692 σχῆμα,
1028 4625 1120 4678 καὶ
1147 4628 1212 4696 τῇ
1247 4627 1569 4700 ὀφειλομένη
1597 4633 1708 4695 τοῖς
1735 4633 1818 4684 νό-

248 4728 372 4780 μοις
397 4712 712 4786 δικαιοσύνῃ
729 4715 772 4768 ⁸.

1919 2167 2163 2222 eordiam
2226 2166 2568 2237 redegisset,
2607 2167 2813 2236 [itaque
2872 2166 3017 2236 quod
3070 2167 3136 2220 ad
3195 2167 3307 2221 haec
3369 2170 3485 2223 sola

1917 2262 2108 2311 omnes
2132 2256 2416 2310 sententia:
2455 2254 2691 2312 ferenda
2727 2263 2931 2320 essent,
2957 2255 3013 2310 in
3066 2271 3234 2309 unum
3255 2271 3488 2311 consen-

1918 2360 2039 2401 sum
2062 2345 2281 2415 iudices
2319 2347 2703 2415 compulisset,
2733 2360 2942 2415 eosque
2976 2345 3046 2400 ad
3089 2346 3318 2415 paciﬂee
3337 2345 3486 2415 judi-
3544 2338 3549 2342 ’
3605 2335 3611 2341 ’

1917 2435 2179 2502 candum,
2213 2435 2479 2506 legalibus
2509 2437 2765 2507 capitulis
2786 2438 2842 2491 in
2865 2437 3159 2508 tranquillo
3176 2444 3232 2490 et
3257 2436 3325 2492 ab
3338 2436 3488 2491 omni

1918 2527 2272 2585 contentione
2307 2529 2480 2583 libero
2525 2536 2672 2584 statu
2701 2529 3044 2596 constitutis,
3089 2529 3234 2584 inter
3266 2543 3327 2585 se
3357 2543 3490 2584 con-

1922 2617 2211 2673 ciliasset:
2264 2618 2349 2673 bis
2410 2618 2502 2673 ille
2535 2634 2645 2673 non
2693 2626 2985 2674 contentus
3012 2658 3030 2685 ,
3071 2619 3170 2675 sed
3225 2627 3488 2689 praestan-

1918 2710 2028 2764 tius
2045 2710 2156 2780 (l'l)
2173 2709 2452 2781 quidpiam
2472 2709 2528 2764 in
2552 2710 2862 2781 reipublicae
2889 2709 3119 2780 gratiam
3143 2711 3487 2781 postmodum

1920 2799 2196 2858 eonllcere
2225 2802 2498 2872 cogitans,
2528 2803 2850 2874 imprudens
2882 2804 2954 2858 iis
2983 2818 3106 2874 qua:
3127 2812 3313 2874 postea
3370 2812 3486 2858 sta-

1922 2892 2029 2947 tuit
2057 2892 2294 2963 primum
2342 2908 2483 2964 opus
2509 2894 2745 2948 evertit:
2793 2909 2972 2964 neque
3006 2895 3238 2950 alterum
3283 2895 3491 2964 vitupe-

1926 2983 2129 3038 rationi
2178 2997 2289 3037 non
2344 2982 2640 3038 obnoxium
2700 2981 2850 3047 fecit.
2885 2999 3012 3038 cum
3061 2999 3128 3039 ex
3185 2982 3490 3053 posteriore

1924 3075 2102 3146 ipsius
2120 3073 2373 3128 instituto
2390 3089 2499 3128 non
2528 3088 2715 3145 paucae
2743 3074 3009 3130 adversus
3038 3075 3189 3145 prius
3215 3074 3490 3130 suscitata:

1925 3165 2395 3221 contradictiones
2448 3173 2503 3219 et
2567 3167 2955 3223 controversia:
3006 3167 3138 3223 sint.
3185 3167 3361 3236 Atque
3421 3167 3487 3220 ad

1924 3257 2071 3313 hunc
2096 3272 2228 3312 sane
2247 3257 2470 3312 modum
2501 3256 2618 3327 ipse
2649 3255 2994 3313 Justinianus
3026 3273 3058 3312 a
3087 3257 3268 3327 seipso
3295 3257 3486 3311 vitium

1923 3363 2118 3418 passus
2135 3354 2218 3402 est
2236 3347 2371 3418 (18).
2398 3346 2560 3402 Certe
2583 3347 2802 3418 quidem
2825 3365 2949 3404 eum
2975 3362 3150 3419 usque
3174 3349 3240 3402 ad
3271 3349 3487 3402 hodier-

1923 3453 2052 3491 num
2074 3437 2219 3492 diem
2235 3452 2380 3492 nunc
2409 3454 2474 3492 ex
2500 3439 2898 3494 recentioribus
2917 3440 3317 3503 sanctionibus,
3340 3452 3485 3491 nunc

1921 3544 1988 3584 ex
2011 3529 2313 3598 inscriptis,
2347 3536 2402 3583 et
2433 3545 2538 3583 non
2561 3529 2780 3585 aliunde
2795 3546 2958 3601 quam
2976 3530 3121 3599 quod
3150 3529 3480 3584 multitudini

1923 3622 2177 3692 placeant
2209 3623 2588 3676 auctoritatem
2624 3637 2733 3691 pra:
2755 3636 2815 3677 se
2857 3621 3159 3676 ferentibus
3193 3630 3486 3676 consuetu-

1924 3713 2169 3778 dinibus,
2205 3711 2474 3781 permulta
2507 3713 2578 3766 ab
2609 3714 2703 3766 illo
2736 3721 2980 3782 tempore
3029 3715 3283 3766 innovata
3333 3713 3443 3766 sint
3474 3731 3486 3764 :

1923 3819 2116 3878 parum
2148 3805 2322 3871 abest,
2346 3807 2478 3874 quin
2518 3819 2606 3859 res
2639 3804 2829 3875 legalis
2859 3819 3082 3874 prorsus
3105 3806 3322 3859 turbata
3351 3818 3485 3857 con-

1923 3901 2157 3970 fusaque
2197 3902 2304 3963 sit,
2357 3908 2412 3953 et
2461 3899 2771 3952 communis
2825 3899 2949 3952 vita:
2997 3897 3212 3967 negotia
3264 3911 3482 3952 sursum

1921 3990 2178 4046 deorsum
2256 3988 2547 4044 subsultim
2638 3987 2902 4042 ferantur.
2965 3985 3305 4056 Quapmpter
3361 4000 3485 4040 cum

1922 4083 1971 4138 si
2002 4083 2133 4153 quid
2173 4080 2343 4144 aliud,
2383 4080 2489 4135 hoc
2536 4090 2684 4133 certe
2731 4079 2874 4149 quod
2913 4080 3258 4148 opitulatriee
3302 4086 3486 4132 nostra

1924 4171 2194 4227 industria
2229 4180 2282 4224 et
2311 4185 2443 4224 cura
2489 4169 2802 4224 necessario
2854 4169 3094 4239 potiatur
3116 4205 3136 4230 ,
3163 4167 3386 4236 dignum
3419 4166 3484 4220 sit

1925 4271 2219 4318 tractatum
2257 4263 2479 4332 insuper
2517 4268 2572 4314 et
2611 4257 3102 4314 consuetudinibus
3132 4272 3254 4327 qua:
3288 4255 3355 4310 ad
3401 4271 3486 4311 reo

1927 4370 2044 4408 rum
2101 4351 2551 4423 gubernationem
2601 4348 2990 4412 devenissent,
3041 4345 3336 4417 diligenter
3392 4362 3483 4400 ex.-

1925 4446 2105 4500 cussis
2130 4444 2308 4512 legum
2341 4445 2484 4497 luter
2509 4456 2567 4496 se
2597 4439 3088 4495 contradictionem
3122 4438 3446 4495 sustulimus
3472 4461 3482 4494 :

1928 4535 2190 4608 quidquid
2220 4533 2595 4588 adversarium
2621 4540 2676 4586 et
2705 4531 2774 4585 ad
2799 4540 3118 4600 praesentem
3149 4544 3331 4584 rerum
3358 4543 3480 4584 con-

1928 4628 2269 4684 stitutionem
2309 4626 2686 4694 rationemque
2712 4623 2958 4677 illicitum
2984 4629 3154 4686 esset,
3189 4621 3316 4675 huic
3339 4621 3482 4691 lega-

1925 4726 2030 4778 lem
2080 4723 2464 4778 auctoritatem
2517 4721 2842 4790 abrogantes
2887 4731 2902 4770 :
2962 4731 3298 4786 quaecunque
3357 4732 3484 4770 vero

246 4807 682 4864 consuetudines
732 4825 842 4864 non
909 4811 1053 4867 male
1107 4827 1284 4882 neque
1329 4816 1488 4870 noxie
1546 4818 1613 4872 de
1666 4821 1832 4878 rebus
1859 4823 2196 4879 constituere
2227 4815 2569 4882 viderentur,
2599 4815 2697 4869 bas
2735 4828 2860 4868 non,
2898 4812 3134 4882 amplius
3194 4810 3482 4880 inscriptas

248 4906 306 4952 et
330 4901 613 4968 neglectas
634 4901 1068 4958 consuetudines
1100 4919 1320 4959 manere
1351 4906 1600 4970 sivimus,
1629 4911 1725 4964 sed
1760 4914 1826 4968 ad
1858 4915 1994 4984 legis
2022 4913 2128 4967 vim
2160 4924 2223 4964 ae
2272 4915 2600 4979 potestatem
2630 4906 2929 4962 extulimus
2963 4923 2976 4958 :
3039 4903 3237 4959 alicubi
3304 4916 3485 4960 autem

1546 5117 1774 5173 νΑιιιΑε
1807 5118 2210 5177 LECTIONES.

299 5248 318 5280 '
351 5245 418 5302 ll.
440 5247 750 5319 Stephanus
773 5265 828 5306 et
851 5253 1098 5323 Agylaeus
1117 5255 1315 5310 habent
1346 5261 1956 5332 σωματοποιησάμενος.
2033 5263 2054 5295 ⁸
2088 5263 2185 5318 Hic
2209 5261 2426 5334 aliquid
2442 5262 2633 5319 deesse
2653 5260 2878 5316 videtur.

1752 5436 1978 5494 NOTAE.

313 5569 429 5640 (14)
460 5569 888 5640 Σωματοποιίαν.

315 5639 431 5708 «15)
469 5641 554 5709 Τὸ,
580 5639 745 5709 μηδὲν
775 5639 937 5708 ἄγαν.
969 5639 1259 5694 Terentius
1281 5640 1333 5693 in
1373 5641 1575 5692 Andria
1606 5652 1714 5695 act.
1759 5643 1809 5706 l,

315 5657 431 5708 tta)
481 5657 544 5692 ιο
621 5657 745 5709 ηοεν
775 5657 937 5708 αγαν.
981 5657 1333 5694 terenuustu
1373 5657 1575 5692 munia
1606 5657 1714 5695 act.
1759 5657 1809 5706 ι,

241 5725 392 5765 seen.
417 5710 463 5780 l.
491 5727 508 5759 ι
539 5657 862 5765 ltrarbitror
893 5711 1136 5780 apprime
1181 5710 1234 5763 in
1267 5711 1373 5762 vita
1416 5724 1537 5764 esse
1571 5713 1719 5776 utile,
1754 5724 1812 5764 ut

239 5799 309 5834 ne
333 5779 462 5844 quid
499 5780 683 5834 nimis.
709 5797 727 5828 ι

313 5850 424 5917 (l6)
455 5849 644 5913 Σῶμα.
693 5848 783 5905 Sic
821 5865 1018 5917 corpus
1061 5849 1273 5905 Homeri
1327 5849 1545 5914 dicitur,
1580 5851 1614 5902 Ι.
1648 5850 1738 5913 9'2,
1781 5851 1810 5920 ς

1922 5578 1974 5628 2.
2017 5576 2335 5648 ﬂidelegat.
2365 5579 2418 5632 3.

1921 5717 1930 5724 _
1980 5647 2104 5728 _(l__7‘)
2135 5643 2392 5727 {Iudicem
2414 5645 2813 5701 Justinianeum
2851 5647 3093 5717 repetitae
3119 5643 3500 5713 pnelcctionis.

1920 5717 2189 5785 intelligit.

1989 5786 2100 5854 (18)
2141 5785 2201 5839 L.
2240 5785 2328 5847 32,
2358 5785 2388 5857 §
2424 5788 2469 5849 ι,
2511 5785 2563 5839 π.
2597 5785 2661 5839 dc
2692 5786 2912 5856 Legibus.
