4248 6442
267 421 370 481 421!

263 537 373 588 νῶν
396 536 601 605 ἑτέρων
630 536 937 605 προσὸντων
959 537 1017 588 οὐ
1026 557 1056 606 χ
1083 535 1193 600 ἕξει

264 628 473 679 σκόπου
502 628 836 696 χειροτονίαν
857 642 871 656 ·
901 629 933 696 ὴ
969 630 1079 694 γὰρ
1115 630 1384 696 συγγενὴς
1404 630 1444 660 ⁸⁸
1477 628 1717 690 διάθεσις
1745 629 1837 680 καὶ

263 719 404 788 πρὸς
447 717 674 780 τούτους
716 720 1018 789 ὁρᾷ.“Αλλὰ
1048 718 1355 789 προειδότες
1401 716 1558 770 τοῦτο
1605 717 1656 770 οἱ
1708 716 1841 769 θεῖοι

262 809 488 874 κανόνες
523 809 712 863 ἔδοσαν
743 813 855 872 τοῖς
885 811 1208 874 ἐπισκόποις
1249 809 1532 876 ἐξουσίαν,
1565 811 1615 862 εἰ
1647 825 1844 877 συγγε-

263 901 378 962 νεῖς
404 897 514 953 εἷεν
544 902 759 972 ἄποροι,
784 904 848 955 ὲκ
873 902 974 973 τῆς
1004 903 1154 973 ἱερᾶς
1185 901 1474 974 ὑπάρξεως
1503 899 1711 954 τούτων
1738 915 1844 952 πα-

262 994 628 1065 ραμυθεῖσθαι
661 996 759 1066 τὴν
782 997 1036 1068 ἀπορίαν.

1357 418 1720 479 NOVELLE
1756 413 2403 480 CONSTITUTIONES

3406 421 3511 485 430

1228 555 1306 598 τις
1343 537 1525 606 χώραν
1555 538 1690 607 πρὸς
1720 540 1836 589 ἐπι·
1871 565 1884 601 Α

1875 548 1913 601 Α
1941 553 2068 608 erga
2103 539 2303 594 liberos
2335 538 2490 610 (quid
2536 540 2683 594 enim
2721 540 2846 610 quis
2879 538 3028 594 aliud
3055 534 3284 602 dicat?)
3328 548 3513 587 sacras

1944 628 2234 684 facultates
2285 629 2594 687 oblaesurus
2625 631 2894 685 videatur.
2952 629 3154 685 Verum
3203 639 3311 680 non
3369 631 3516 677 recte

1945 735 2070 776 sese
2129 721 2222 775 illa
2288 722 2427 776 ratio
2479 724 2662 779 habet.
2721 721 2814 776 Sic
2883 735 3118 790 namque
3168 732 3272 772 nec
3336 714 3518 769 fratri-

1947 812 2050 866 bus
2080 813 2269 869 aliisve
2297 815 2547 884 cognatis
2586 813 2977 886 superstitibus
3024 824 3310 867 accessum
3362 805 3517 877 quis-

1948 913 2111 968 quam
2143 901 2210 954 ad
2237 902 2611 970 episcopatum
2639 905 2898 958 haberet:
2931 899 3201 972 siquidem
3231 906 3285 953 et
3318 897 3385 951 ad
3418 895 3518 949 bos

1961 989 2250 1059 sanguinis
2285 993 2822 1063 propinquitatisque
2849 992 3066 1048 affectio
3097 988 3340 1057 respicit.
3372 986 3516 1053 Quin

263 1101 319 1150 et
338 1094 443 1148 hoc
476 1096 835 1163 praevidentes
868 1093 1039 1148 divini
1065 1109 1305 1148 canones
1343 1092 1591 1146 fecerunt
1620 1087 1898 1158 episcopis
1952 1094 2301 1155 potestatem,
2345 1097 2404 1142 ut
2460 1089 2506 1144 si
2540 1089 2680 1160 ipsis
2715 1103 2980 1159 pauperes
3034 1089 3251 1161 cognati
3310 1092 3517 1146 essent,

265 1189 484 1242 illorum
525 1189 768 1259 inopiam
819 1204 887 1244 ex
945 1189 1122 1243 sacris
1177 1186 1534 1242 facultatibus
1579 1183 1953 1240 sublevarent.

350 1282 414 1336 Ἦ
439 1279 534 1336 οὖν
559 1285 623 1337 ὲκ
643 1280 780 1336 Θεοῦ
801 1282 1046 1353 βασιλεία
1070 1281 1228 1353 ἡμῶν
1256 1281 1419 1336 τοῦτο
1443 1279 1849 1352 ἁρμοδιώτερον

264 1372 604 1426 κατανοοῦσα
630 1375 744 1436 τοῖς
771 1374 939 1437 θείοις
965 1374 1193 1428 ἕπεσθαι
1218 1372 1538 1450 ἐντάλμασι⁹
1559 1372 1850 1441 σύμφωνον

264 1463 496 1525 ἐκείνοις
518 1464 743 1534 ἐκφέρει
765 1464 951 1534 νόμον,
972 1465 1158 1536 ὥσπερ
1175 1466 1218 1496 "
1248 1464 1431 1527 αὐτοῖς
1452 1464 1602 1516 δοκεῖ
1625 1463 1686 1514 τδ
1715 1462 1849 1533 πρὸς

264 1549 680 1622 ἀρχιερωσύνην
710 1553 1009 1622 ἀνάγεσθαι
1054 1554 1146 1606 τὸν
1191 1552 1343 1619 ἄξιον
1386 1551 1488 1620 τῆς
1529 1551 1697 1624 τιμῆς
1744 1551 1848 1606 κᾶν

262 1635 366 1694 ὦσι
395 1643 556 1708 γοναὶ
584 1644 734 1716 νόμῳ
762 1645 1143 1715 τετιμημέναι,
1163 1644 1335 1706 οὕτως
1354 1641 1612 1714 ὁρίζουσα
1634 1642 1728 1695 τὸν
1753 1644 1848 1698 άν-

262 1733 658 1803 τιφθέγγεσθαι
706 1737 1080 1807 θρασυνθὲντα
1128 1736 1350 1805 νόμον¹³
1388 1735 1547 1804 δίκην
1576 1735 1675 1805 τῆς
1707 1734 1846 1806 θρα-

2036 1274 2243 1333 Nostra
2277 1277 2448 1349 igitur
2496 1279 2852 1350 imperatoria
2894 1294 3021 1350 qua;
3046 1293 3111 1335 ex
3149 1277 3260 1334 Deo
3284 1283 3372 1332 est
3401 1289 3517 1330 ma-

1945 1369 2141 1441 jestas,
2204 1370 2252 1424 si
2301 1370 2580 1426 mandatis
2649 1371 2855 1426 divinis
2908 1372 3224 1433 insistatur,
3269 1366 3321 1422 id
3365 1367 3524 1436 longe

1950 1460 2373 1515 convenientius
2407 1461 2525 1515 fore
2569 1461 3041 1524 animadvertens,
3077 1469 3381 1512 consonam
3415 1456 3523 1508 illis

1950 1547 2163 1620 profert
2191 1547 2366 1618 legem
2398 1568 2412 1603 :
2444 1558 2504 1605 ut
2534 1549 2996 1622 quemadmodum
3049 1549 3182 1619 ipsis
3203 1547 3424 1603 videtur
3455 1545 3521 1597 ad

1951 1643 2271 1715 primarium
2311 1644 2680 1700 sacerdotium
2733 1645 3044 1716 promoveri
3081 1657 3243 1715 posse
3273 1642 3386 1712 (26)
3430 1643 3522 1711 qui

1953 1733 2049 1788 illo
2093 1737 2303 1790 honore
2342 1735 2548 1805 alioqui
2585 1735 2786 1806 dignus
2830 1737 2926 1792 sit.
2964 1737 3182 1791 tametsi
3219 1733 3378 1789 liberi
3422 1733 3523 1800 ipsi

265 1824 500 1896 σύτητος
528 1827 629 1896 τὴν
654 1828 735 1893 είς
763 1829 855 1883 τὸν
884 1828 1076 1884 ἔπειτα
1104 1826 1297 1898 χρόνον
1336 1827 1559 1899 διηνεκῆ
1601 1828 1845 1898 ἀφωνίαν
1876 1893 1884 1899 1

1876 1893 1912 1899 _
1950 1821 2068 1894 lege
2099 1832 2281 1879 tamen
2310 1823 2566 1879 honorati
2596 1827 2731 1888 sint,
2782 1824 2835 1878 id
2869 1824 2942 1878 ita
2967 1823 3130 1879 liceat
3158 1842 3171 1878 :
3207 1829 3262 1880 et
3294 1823 3370 1878 ita
3401 1823 3526 1892 qui-

263 1920 711 1991 εἰσπράττεσθαι.

845 2215 1159 2270 ΔΙΑΤᾹΞΙΣ
1191 2218 1266 2276 Γ’.

261 2297 406 2377 Περί
427 2298 548 2377 Δτρῦ
582 2302 730 2355 κατὰ
759 2301 867 2356 τὸν
897 2305 1008 2377 τῆς
1041 2307 1408 2373 Ἐκκλησίας
1445 2307 1672 2377 θεσμὸν
1704 2308 1845 2373 τοὺς

327 2368 684 2453 μέλλτζντας,
709 2368 1148 2453 παραγγέλαζειν
1176 2368 1262 2453 sic;
1287 2368 1478 2453 ἱερέας
1504 2368 1671 2453 {eis
1696 2368 1844 2441 ,βίοῦ

334 2439 452 2521 τὴν
501 2439 764 2506 ἀγαμίαν
792 2439 1300 2521 (ﬂaminicam,
1423 2439 1846 2521 agonia—two

333 2513 499 2590 γεὶμῳ
542 2513 953 2590 προσομιθεῖῂ.
1017 2515 1308 2590 πρότερον
1351 2516 1704 2584 ἁρμόζεσθαι
1742 2517 1842 2574 καὶ

330 2583 487 2630 οῦτω
520 2583 595 2646 τῇ
622 2583 963 2650 χειροθεσίᾳ
991 2583 1451 2655 προσέρχεσθαι.

932 2697 1179 2754 Ἄλλως.

946 2719 1125 2752 Λλλω
1165 2740 1179 2754 ο

259 2784 403 2853 Περὶ
432 2784 542 2841 τοῦ
591 2788 860 2858 ὀφείλειν
896 2790 1109 2859 ταμεῖν
1129 2719 1292 2860 ςπρὶν
1336 2791 1446 2860 τῆς
1489 2795 1839 2863 ἱερωσύνης.

343 2939 406 2992 ’0
452 2939 613 3003 αὐτὸς
665 2942 917 3012 βασιλεὺς
966 2946 1225 3016 Στεφάνῳ
1253 2946 1332 3017 τῷ
1361 2947 1653 3020 ἁγιωτάτῳ
1682 2950 1843 3021 ἀρχι-

259 3033 549 3100 επισκόπῳ
578 3031 1205 3100 Κωνσταντινουπόλεως
1230 3039 1329 3091 καὶ
1350 3039 1718 3110 οἱκουμενικῷ
1741 3058 1846 3094 παι

257 3135 290 3171 τ
295 3121 524 3191 ριάρχῃ.

1875 1893 1918 1950 Β
1949 1911 2073 1968 dem
2133 1929 2391 1979 censens,
2442 1924 2500 1969 ut
2540 1929 2570 1969 a
2610 1915 2749 1982 lege,
2782 1931 2904 1984 quae
2957 1913 3341 1970 contradicere
3393 1927 3524 1967 ausa

1954 2003 2079 2072 fuit,
2127 2006 2184 2060 in
2240 2007 2483 2062 audacia:
2518 2022 2734 2078 poenam
2777 2017 3098 2077 perpetuum
3160 2007 3214 2061 in
3277 2004 3520 2060 futurum

1945 2098 2195 2169 exigatur
2223 2099 2532 2155 silentium.

2433 2209 2901 2268 CONSTITUTIO
2942 2210 3031 2267 ΙΙΙ.

1951 2298 2020 2353 Ut
2048 2301 2139 2366 qui
2180 2301 2478 2356 sacerdotes
2512 2304 2729 2356 creandi
2784 2312 2908 2356 sunt
2959 2302 3248 2356 secundum
3277 2301 3526 2355 Ecclesia“

2018 2371 2176 2440 ritus,
2203 2386 2268 2422 ea
2298 2371 2406 2440 lege
2451 2384 2715 2435 creentur,
2746 2381 2802 2423 ut
2847 2388 3052 2424 onmem
3082 2372 3322 2437 deinceps
3361 2371 3520 2422 nitar

2015 2438 2253 2493 caelibem
2305 2438 2486 2510 agant,
2548 2451 2640 2494 aut
2692 2442 2740 2496 si
2783 2443 3183 2494 matrimonium
3219 2442 3524 2493 contrahere

2016 2510 2200 2572 velint,
2239 2513 2388 2578 prius
2430 2511 2483 2565 id
2520 2511 2747 2579 faciant,
2781 2527 2845 2565 ac
2875 2511 3063 2565 deinde
3095 2511 3165 2564 ad
3203 2511 3521 2567 creationem

2015 2579 2325 2647 procedant.

2646 2693 2837 2746 Aliter.

1947 2780 2103 2847 Quod
2126 2794 2247 2838 ante
2268 2782 2558 2839 ineundum
2582 2783 2940 2838 sacerdotium
2965 2783 3370 2838 matrimonium
3396 2799 3526 2838 con-

2546 2853 2687 2907 trahi
2712 2854 2922 2911 debeat.

2022 2943 2169 2999 ldem
2220 2945 2525 3015 imperator
2552 2944 2833 3015 Stephano
2862 2945 3216 3002 sanctissimo
3253 2942 3527 3002 Constan-

1947 3033 2307 3104 tinopolitano
2352 3037 2794 3107 archiepiscopo,
2834 3044 2889 3092 et
2936 3035 3267 3107 patriarcha
3303 3037 3527 3094 univer-

1952 3125 2083 3179 sali.
2573 3137 2575 3140 ‘

332 3211 530 3274 Καλῶς
566 3212 625 3279 ἐξ
660 3213 834 3285 ἀρχῆς
876 3215 947 3269 τά
979 3218 1108 3287 περὶ
1151 3217 1261 3270 τῶν
1297 3218 1548 3290 ἱερᾶσθαι
1591 3220 1884 3285 ἀξιωθέν-ί

1875 3222 1919 3280 c
2022 3213 2158 3270 Cum
2189 3215 2454 3271 decenter
2489 3217 2618 3272 inde
2649 3218 2719 3272 ab
2750 3217 2914 3272 initio
2935 3215 3004 3272 de
3026 3216 3097 3272 iis
3130 3216 3225 3286 qui
3264 3215 3528 3271 faciendis

257 3304 430 3355 των¹⁸
473 3303 576 3373 τῆς
622 3305 1083 3377 ὲκκλησιαστικῆς
1127 3309 1334 3374 τάξεως
1366 3311 1720 3383 ὁρισαμένης,
1749 3315 1851 3368 οὐκ

258 3394 438 3463 ὀρθῶς
469 3397 612 3450 κατά
645 3414 708 3465 γε
738 3399 838 3468 ἐμὲ
871 3402 938 3470 τῇ
979 3398 1076 3453 νῦν
1125 3402 1402 3474 κρατούσῃ
1433 3404 1690 3474 ἑπόμενοι
1722 3423 1848 3458 συν-

256 3484 422 3556 ηθείᾳ
443 3487 614 3541 ἐνίοτε
646 3490 1076 3560 κατολιγωροῦσι
1107 3491 1200 3545 τοῦ
1227 3495 1502 3564 ἱερατικοῦ
1533 3498 1847 3567 παραγγέλ-

261 3592 457 3645 ματος.
489 3577 600 3630 Καὶ
626 3579 732 3650 γάρ
756 3580 966 3632 ἐκείνου
995 3581 1429 3650 προστάσσοντος
1450 3586 1563 3646 τοῖς
1593 3583 1848 3654 μέλλουσι

259 3668 668 3735 παραγγέλλειν
700 3671 779 3732 είς
801 3670 846 3701 ¹⁵
883 3671 1097 3738 ἱερέας,
1133 3673 1244 3724 εἴτε
1273 3673 1361 3725 διὰ
1394 3673 1513 3744 βίου
1539 3676 1762 3740 παντὸς,
1797 3677 1848 3730 εί

257 3757 640 3828 τεθαρῤήκασι
665 3761 765 3828 τὴν
794 3761 1130 3828 ἐπαγγελίαν
1158 3764 1231 3834 μὴ
1253 3764 1578 3832 ψεύσασθαι,
1601 3767 1848 3836 ἀγαμίαν

257 3848 693 3915 ἐπαγγείλασθαι
717 3890 732 3912 ,
764 3849 796 3920 ἢ
829 3852 877 3903 εί
911 3851 986 3922 μὴ
1016 3852 1175 3905 τοῦτο
1202 3853 1428 3906 δυνατὸν
1453 3856 1638 3919 αὐτοῖς
1662 3857 1848 3926 φαίνε-

257 3956 374 4003 ται,
401 3941 652 4009 νομίμοις
680 3942 879 4010 γάμοις
913 3943 1251 4014 ἁρμόζεσθαι
1279 3945 1374 3998 καὶ
1398 3944 1543 4000 οὕτω
1573 3947 1671 4017 τῆς
1696 3947 1849 4012 θείας

258 4029 607 4098 λειτουργίας
640 4032 1169 4103 ἀντιλαμϐάνεσθαι·
1218 4038 1251 4105 ἡ
1305 4038 1396 4090 ἐπὶ
1442 4039 1536 4092 τοῦ
1581 4039 1849 4110 παρόντος

259 4120 543 4189 κρατοῦσα
575 4124 832 4193 συνήθεια
860 4129 974 4188 τοῖς
1002 4128 1136 4197 πρὸς
1167 4129 1344 4198 γάμον
1371 4131 1740 4186 συνάπτεσθαι
1763 4133 1850 4186 λο-

259 4210 461 4277 γισμὸν
498 4211 682 4280 ἔχουσι
709 4213 926 4267 δίδωσιν
958 4218 1038 4278 είς
1074 4217 1254 4286 ίερέας
1281 4221 1388 4288 πρὸ
1427 4220 1528 4289 τῆς
1556 4222 1850 4291 μνηστείας

257 4301 458 4365 τελεῖν,
490 4298 611 4356 εἶτα
642 4305 836 4376 μέχρις
884 4306 1025 4361 ὲτῶν
1059 4307 1154 4362 δύο
1192 4309 1271 4378 τῷ
1309 4310 1621 4382 βουλομένῳ
1667 4315 1848 4384 γήμα-

261 4391 390 4446 σθαι
417 4395 699 4464 περαίνειν
731 4397 905 4469 ὸρίζει
933 4399 996 4454 τὸ
1023 4399 1296 4472 βούλημα.

328 4653 503 4707 Τοῦτο
543 4656 725 4711 τοίνυν
754 4660 877 4713 ἐπεὶ
921 4662 998 4732 μὴ
1025 4664 1239 4735 πρέπον
1281 4667 1522 4738 ὁρῶμεν,
1555 4671 1851 4740 κελεύομεν

256 4741 404 4795 κατά
431 4742 491 4796 τὸ
517 4743 726 4800 ἀνωθεν
746 4748 838 4801 καὶ
858 4751 1084 4820 ἀρχαῖον
1103 4755 1202 4822 τῆς
1217 4754 1545 4826 Ἐκκλησίας
1559 4759 1842 4830 διάταγμα

253 4834 356 4897 τὰς
402 4839 738 4906 χειροτονίας
777 4843 1109 4913 προϐαίνειν.
1141 4846 1277 4900 Οὐδὲ
1301 4849 1406 4920 γάρ
1457 4850 1626 4915 ἄξιον,
1651 4855 1778 4917 τοὺς
1805 4856 1848 4886 ¹⁶

1956 3302 2069 3359 Deo
2103 3306 2282 3360 sacris
2309 3305 2460 3376 digni
2512 3316 2722 3372 essent,
2750 3307 3172 3362 ecclesiasticus
3216 3304 3354 3359 ordo
3391 3319 3528 3359 con-

1953 3394 2220 3462 stituerit,
2252 3410 2362 3451 non
2399 3405 2549 3453 recte
2584 3397 2731 3466 (meo
2756 3396 2978 3465 quidem
3004 3395 3240 3465 judicio)
3270 3394 3364 3465 qui
3391 3410 3528 3465 pra--

1950 3488 2129 3544 sentis
2175 3489 2439 3559 temporis
2477 3489 2940 3546 consuetudinem
2989 3495 3324 3558 sequuntur,
3359 3488 3529 3543 inter-

1950 3578 2082 3634 dum
2121 3580 2556 3635 ecCIesiasticam
2593 3578 2948 3634 traditionem
2979 3584 3361 3634 contemnunt.
3391 3576 3528 3632 Nam

1951 3669 2044 3725 ubi
2068 3669 2161 3725 illa
2178 3670 2291 3740 (36)
2312 3670 2559 3734 mandat,
2583 3681 2644 3727 ut
2665 3671 2759 3742 qui
2781 3670 3005 3726 creandi
3039 3669 3356 3725 sacerdotes
3376 3679 3526 3732 sunt,

1955 3772 2048 3815 aut
2075 3776 2172 3832 per
2202 3775 2421 3816 omnem
2463 3763 2655 3827 vitam,
2704 3763 2751 3819 si
2791 3766 3124 3833 promissum
3168 3778 3279 3817 non
3329 3762 3526 3817 falsum

1951 3852 2069 3908 fore
2112 3852 2304 3918 ﬁdam,
2363 3854 2682 3908 caelibatum
2712 3864 2988 3910 voveant:
3019 3862 3115 3910 aut
3137 3855 3182 3910 si
3215 3853 3330 3924 (27)
3374 3853 3527 3908 illum

1947 3956 2170 3998 servare
2206 3943 2550 4012 impossibile
2589 3944 2724 4013 ipsis
2760 3943 3038 4010 videatur,
3073 3943 3379 4015 legitimum
3411 3957 3530 3996 ma-

1952 4034 2270 4088 trimonium
2303 4035 2517 4101 ineant,
2542 4050 2607 4090 ac
2648 4034 2850 4091 deinde
2885 4035 3132 4091 divinum
3163 4033 3526 4090 ministerium

1952 4126 2299 4194 suscipiant;
2335 4127 2685 4182 consuetudo
2717 4142 2840 4194 qua:
2895 4127 2950 4181 in
2987 4127 3247 4198 presenti
3298 4125 3528 4189 obtinet,

1954 4217 2019 4271 iis
2045 4218 2246 4286 quibus
2279 4218 2631 4272 matrimonio
2659 4219 2926 4286 conjungi
2958 4219 3013 4272 in
3043 4218 3229 4272 animo
3253 4226 3362 4282 est,
3391 4231 3530 4271 con-

1951 4307 2100 4362 cedit
2132 4316 2188 4361 ut
2241 4309 2356 4377 (28)
2395 4318 2689 4379 antequam
2729 4325 2957 4364 uxorem
3012 4309 3295 4373 duxerint,
3345 4322 3529 4364 sacer-

1952 4398 2113 4453 dotes
2151 4398 2270 4453 tieri
2329 4401 2567 4468 possint,
2596 4409 2651 4454 et
2694 4401 2892 4457 deinde
2944 4401 3223 4457 biennium
3255 4402 3324 4454 ad
3368 4402 3532 4469 perti-

1954 4489 2209 4544 ciendam
2241 4492 2580 4548 voluntatem
2606 4491 2764 4563 jungi
2785 4491 3138 4548 matrimonio
3165 4491 3369 4548 volenti
3395 4504 3532 4561 pra:-

1883 4559 1927 4615 υ
1955 4582 2161 4636 stituit.

2029 4673 2087 4727 Id
2119 4675 2283 4744 igitur
2314 4677 2444 4745 quia
2475 4675 2797 4730 indecorum
2822 4689 2947 4730 esse
2974 4675 3247 4742 videmus,
3272 4675 3532 4745 iubemus

1954 4773 2016 4818 ut
2046 4766 2114 4821 ad
2138 4775 2295 4824 vetus
2341 4768 2603 4825 Ecclesiae
2639 4778 2695 4824 et
2737 4767 3047 4838 antiquitus
3091 4769 3352 4822 traditum
3401 4783 3526 4836 pra:-

1959 4857 2224 4927 scriptum
2255 4858 2372 4929 (‘29)
2403 4859 2608 4915 dehinc
2647 4859 2960 4915 creationes
2992 4857 3312 4929 procedant.
3349 4857 3534 4928 Neque

1521 4962 1762 5019 VARIE
1794 4964 2215 5027 LECTIONES.

325 5042 624 5133 tinﬁ‘i‘il‘s
662 5051 983 5133 ευγγςηική.
1073 5053 1116 5133 '_’
1175 5051 1320 5133 Bilis.
1346 5057 1794 5133 .praemittitxah
1836 5059 1877 5091 "
1903 5057 2206 5117 Iustiniani
2233 5064 2432 5119 novell.
2473 5062 2598 5116 19.3.
2654 5065 2695 5094 "
2724 5063 2957 5133 Scrimg.
2983 5063 3151 5128 ἀξίων
3181 5061 3310 5133 θεῷ.
3337 5061 3528 5118 Zuich.

253 5111 424 5176 ἀξίων
460 5113 606 5170 θεοῦ.
662 5117 704 5149 ⁸⁵
730 5111 892 5175 codd.
916 5111 1026 5174 o'm.
1059 5124 1159 5186 εἰς.
1224 5111 1406 5187 ¹⁶τοῦς
1430 5128 1580 5181 deest
1618 5130 1670 5182 in
1708 5129 1850 5183 Bals.

1778 5265 2003 5325 ΝΟΤτΕ.

329 5367 548 5452 (Ξθμξι
579 5371 993 5452 ita_abrogat_u_r_
1008 5374 1063 5430 d.
1095 5373 1199 5452 §‘i,
1234 5376 1316 5452 d_e_
1358 5376 1495 5432 Nov.
1522 5395 1579 5452 c._
1615 5381 1665 5446 l,
1712 5381 1740 5452 §
1774 5387 1828 5448 4,

1931 5390 2072 5458 quit,
2128 5389 2607 5448 consuetudinem,
2663 5405 2784 5458 qua:
2826 5388 3121 5450 saccrdmi,
3182 5389 3323 5442 intra
3373 5389 3527 5443 hien-

252 5437 623 5528 ποιητῇ...
654 5437 1353 5528 t,N96.137,c.'2.'adde
1401 5463 1454 5502 c.
1500 5437 1828 5520 ρι-ειιελιιῖειίιί
1934 5437 2090 5514 iiii}.
2128 5437 3526 5528 sataas‘er'gasbu'non;‘;.:.za;.d;s"'.;oe;e;~

252 5526 305 5566 c.
345 5509 414 5562 de
455 5511 826 5566 Svracusana.

326 5578 447 5658 (27)
493 5578 747 5636 Traditio
792 5582 1332 5658 fuitccclesiastica,
1385 5599 1444 5642 ut
1475 5592 1568 5658 qui
1606 5595 1829 5648 creandi

254 5649 577 5706 sacerdotes
606 5661 814 5714 essent,
849 5654 928 5708 vcl
970 5655 1286 5709 caelibatum
1330 5649 1611 5723 voverent,
1670 5666 1746 5716 vel
1785 5665 1832 5718 si

253 5737 381 5800 cum
427 5735 624 5800 vovere
651 5737 757 5800 non
814 5735 1061 5800 possent.
1104 5742 1330 5782 uxorem
1363 5730 1515 5798 prius
1541 5732 1829 5797 ducerent,

251 5799 308 5846 ct
341 5792 816 5862 itaministcrium
848 5795 1212 5862 susciperent.

329 5858 444 5928 (28)
479 5860 591 5916 lloc
619 5858 1255 5929 innuit,tollcnilnmcssc
1273 5887 1358 5925 sui
1379 5875 1660 5931 tcmuoris.
1683 5885 1737 5928 ut
1758 5874 1836 5928 ιιι-

1934 5540 2042 5583 tem
2095 5529 2356 5593 faciebat,
2409 5529 2668 5589 reducta,
2718 5538 2778 5581 ut
2829 5529 3026 5598 inquit,
3085 5529 3253 5584 veteri
3302 5544 3529 5583 consue-

1934 5600 2142 5662 tudine,
2203 5616 2312 5668 qua
2366 5599 2569 5653 futuris
2615 5599 2896 5667 episcopis
2950 5599 3364 5653 matrimonium
3410 5613 3535 5665 per-

1936 5672 2186 5731 missum,
2220 5684 2329 5738 non
2367 5677 2546 5722 tamen
2579 5669 2784 5730 electis,
2820 5673 2853 5721 l.
2889 5668 2976 5722 45.
3020 5670 3153 5724 (20d.
3190 5669 3258 5725 dc
3283 5668 3529 5738 episcoli.

1936 5740 2048 5794 vid.
2080 5726 2212 5792 Nov.
2242 5726 2339 5801 79,
2370 5739 2418 5791 J.
2460 5739 2583 5792 cod.

2014 5811 2123 5873 (29)
2165 5810 2236 5866 Dc
2275 5826 2386 5880 quo
2416 5824 2576 5878 supra
2609 5808 2740 5862 disi.
