4248 6442
795 407 891 470 ιιι

2042 402 2317 464 LEONIS
2354 401 2810 462 PHILOSOPHI

3918 395 4023 455 432

788 516 935 570 enim
954 513 1176 584 dignum
1209 521 1316 578 est,
1351 520 1413 568 ut
1442 512 1540 582 qui
1567 510 1846 583 spirituali
1892 523 2126 566 ascensu
2178 523 2346 579 supra
2376 518 2421 567 Δ
2452 526 2465 578 ι

2343 518 2421 567 ιΔ
2452 511 2589 578 μετά
2642 511 2705 563 τὸ
2747 506 3097 578 ἀνυψωθῆναι
3146 508 3247 576 τῆς
3276 504 3596 574 σωματικῆς
3644 499 4020 562 ταπεινώσεως

789 605 1040 676 corporis
1084 604 1447 673 abjeetionem
1477 610 1532 658 et
1591 602 1783 658 sordes
1830 603 2016 657 evecti
2060 610 2231 667 sunt,
2294 599 2348 653 bi

790 708 1011 750 rursum
1059 692 1125 745 ad
1168 691 1354 746 carnis
1386 691 1498 761 (30)
1548 690 1740 745 sordes
1775 690 2148 745 delabantur:
2200 687 2294 743 sed
2320 703 2352 741 e

790 783 1030 846 diverso,
1063 790 1124 834 ut
1153 780 1399 835 divinum
1438 779 1800 835 ministerium
1826 794 1893 835 ex
1930 779 2181 848 corporis
2228 792 2350 851 sor-

792 873 953 927 dibus
982 880 1242 941 tanquam
1277 872 1332 925 in
1363 871 1530 926 altum
1569 869 1805 941 aliquem
1828 869 2057 941 gradum
2082 882 2350 926 conscen-

789 962 904 1025 dat,
937 962 1357 1016 convenientius
1380 960 1566 1015 fuerit.

1282 1050 1744 1107 CONSTITUTIO
1774 1049 1862 1105 IV.

795 1135 864 1190 Ut
900 1153 1003 1191 non
1029 1138 1183 1191 modo
1233 1138 1547 1191 universalis
1602 1137 1853 1192 Ecclesia
1899 1135 2221 1198 sacerdotes.
2265 1154 2352 1192 ue-

860 1224 979 1260 rum
1036 1209 1195 1260 etiam
1242 1209 1331 1274 qui
1388 1207 1457 1259 ad
1509 1223 1871 1275 quamcunque
1931 1223 2138 1261 sacram
2188 1207 2353 1260 adem

861 1277 1144 1343 pertinent,
1174 1276 1220 1328 si
1253 1277 1308 1329 in
1332 1277 1429 1328 hoc
1468 1287 1732 1339 vocentur,
1770 1276 1913 1329 licite
1939 1292 2095 1329 sacra
2152 1286 2351 1343 myste-

861 1346 947 1397 ria
979 1347 1095 1413 (51)
1142 1360 1397 1411 exponere
1453 1345 1789 1415 divinumque
1832 1345 2033 1399 cultum
2093 1344 2354 1401 celebrare

858 1415 1006 1469 domi
1034 1416 1236 1482 private
1262 1414 1488 1481 possint.

859 1502 1006 1559 Idem
1036 1504 1336 1574 imperator
1353 1504 1633 1575 Stephano
1651 1505 1906 1561 sanctiss.
1929 1504 2349 1578 Constantinop.

790 1594 1205 1667 archiepiscopo
1235 1603 1291 1650 et
1319 1596 1643 1665 patriarcha:
1676 1596 1996 1652 universali.

863 1770 1072 1827 Placuit
1089 1770 1385 1834 veteribus,
1406 1778 1466 1825 ut
1483 1786 1605 1841 qua:
1629 1770 1900 1827 sacriﬁcia
1930 1780 1984 1827 et
2009 1772 2352 1826 communio-

793 1878 892 1919 nes
918 1863 975 1918 in
1002 1863 1229 1934 privatis
1248 1863 1456 1919 aedibus
1489 1864 1644 1927 fiunt,
1673 1865 1741 1919 ab
1772 1863 1891 1918 illis
1945 1862 2349 1927 sacerdotibus,

792 1954 887 2024 qui
936 1954 1004 2008 ad
1069 1954 1350 2025 generales
1404 1954 1665 2009 ecclesias
1721 1954 2032 2023 pertinent,
2082 1955 2213 2010 solis
2262 1970 2355 2009 ce-

798 2044 1112 2111 lebrentur;
1156 2045 1226 2098 ab
1246 2045 1370 2099 aliis
1394 2060 1523 2099 vero
1576 2046 1670 2115 qui
1703 2047 1868 2101 alicui
1916 2047 2006 2100 alii
2061 2060 2230 2101 sacra:
2253 2046 2355 2100 redi

795 2132 1001 2187 addicti
1031 2134 1370 2196 deserviunt,
1408 2135 1731 2205 privatoque
1762 2136 1886 2190 vita:
1923 2136 1976 2189 iu
2024 2144 2167 2189 statu
2201 2146 2354 2199 sunt,

794 2231 855 2279 ut
880 2224 1087 2278 nullum
1111 2240 1288 2294 neque
1317 2225 1552 2280 ollicium
1604 2243 1778 2297 neque
1833 2228 2163 2283 sacrilicium
2194 2226 2355 2297 perli-

794 2312 996 2366 ciatur.
1025 2312 1200 2379 Atque
1223 2313 1325 2367 hoc
1366 2314 1584 2382 quidem
1612 2322 1670 2368 ut
1716 2302 2042 2381 siatuerent,
2077 2314 2357 2386 religionis

793 2404 1189 2459 conservanda:
1224 2417 1390 2458 causa
1422 2404 1477 2456 in
1530 2412 1767 2459 mentem
1812 2406 1922 2461 illis
1958 2407 2176 2461 venisse
2208 2405 2357 2460 vide~

795 2504 906 2559 tur,
940 2508 1051 2561 quo
1082 2493 1337 2549 videlicet
1362 2495 1446 2563 (ut
1475 2495 1754 2563 conjicere
1779 2496 1887 2565 est)
1922 2497 2051 2551 dum
2106 2497 2357 2550 nonnulli

796 2587 1090 2642 sacerdotii
1126 2594 1394 2656 praetextu
1450 2586 1649 2641 lethale
1676 2585 2006 2643 defectionis
2043 2586 2241 2641 malum
2276 2595 2358 2640 te-

794 2682 948 2744 gunt,
996 2691 1100 2730 usu
1158 2689 1269 2729 non
1301 2675 1505 2739 veniat,
1539 2676 1616 2729 uti
1657 2674 1750 2745 qui
1784 2673 2053 2744 proianati
2100 2673 2356 2728 sacriﬁcii

797 2766 1094 2835 particip-s
1160 2765 1386 2828 (iuerint,
1450 2765 1609 2834 longe
1683 2765 1853 2834 magis
1913 2764 2358 2818 contaminemur

792 2870 956 2925 quam
1007 2855 1316 2925 expientur.
1374 2853 1477 2920 Qui
1528 2854 1772 2924 profecto
1817 2868 2006 2908 corum
2041 2853 2132 2922 qui
2172 2852 2359 2906 istius-

798 2947 942 3001 modi
979 2947 1229 3016 religioni
1259 2946 1569 3000 cautionem
1591 2944 1990 3014 excogitarunt,
2044 2943 2358 3011 propositus

799 3038 921 3093 linis
954 3035 1059 3090 hoc
1079 3036 1198 3105 ipso
1234 3036 1458 3089 nomine
1486 3034 1633 3103 quod
1689 3040 2057 3086 sacrosancta:
2088 3030 2211 3085 iidei
2243 3040 2357 3084 sta-

2380 1824 2428 1884 B

2453 600 2559 652 ὑπὸ
2598 601 2700 668 τῆς
2737 599 3115 667 πνευματικῆς
3137 598 3456 659 ἀναϐάσεως
3488 596 3715 657 τούτους
3741 594 3906 645 πάλιν
3933 593 4023 645 ἐπὶ

2450 691 2552 760 τὴν
2596 692 2866 760 σαρκικὴν
2902 689 3267 759 ταπεινότητα
3296 687 3690 748 καταπίπτειν,
3715 681 4023 736 τούναντίον

2450 780 2507 833 δὲ
2541 779 2741 850 μᾶλλον
2773 781 2880 852 χρὴ
2918 781 2993 843 ὡς
3019 780 3105 841 είς
3153 778 3422 833 ἀνάϐασιν
3470 776 3682 845 ὑψηλὴν
3728 775 3827 842 τὴν
3874 772 4022 830 θείαν

2451 868 2793 940 λειτουργίαν
2822 871 2887 923 ἐκ
2908 869 3009 939 τῆς
3034 868 3354 939 σωματικῆς
3380 866 3764 936 ταπεινότητος
3793 861 4019 917 ἀναϐαί-

2453 974 2510 1010 νε
2517 975 2585 1012 ιν.

3022 1049 3331 1103 ΔΙΑΤΔΞΙΣ
3365 1050 3417 1101 Δ⁹
3433 1048 3452 1080 ⁸
3468 1047 3533 1101 ’⁸.

2453 1140 2592 1209 Περὶ
2621 1141 2729 1194 τοῦ
2755 1140 2883 1195 δεῖν
2904 1140 2990 1209 μὴ
3016 1143 3209 1210 μόνον
3232 1140 3372 1210 τοὺς
3396 1138 3507 1210 τῆς
3524 1136 3861 1210 ⁸ινιιιθοληιιῆς
3896 1138 4023 1210 Ἐκ-

2520 1207 2781 1275 κλησιάς
2803 1207 2996 1278 ἱερεῖς,
3018 1207 3187 1264 ’ἀλλὰ
3213 1208 3311 1263 καί
3338 1207 3479 1272 τοὺς
3510 1207 3588 1278 ἐνᾼ
3606 1208 3834 1278 ἑκάστῃ
3865 1207 4023 1272 οίκίᾳ

2521 1276 2913 1362 διαφέροντας
2938 1278 3510 1362 προσκαιωμένοεις
3524 1276 3712 1362 ἀόζεῷς
3740 1276 3846 1362 {bs-
3865 1277 4024 1362 (spec

2518 1345 2939 1419 μυσταγωγίας
2961 1345 3058 1403 καὶ
3091 1345 3370 1415 λατρείας
3400 1347 3552 1400 aliaat
3578 1345 3952 1400 ἐπιτελεῖν-η.

2536 1512 2597 1566 '0
2626 1510 2787 1573 αὐτὸς
2828 1509 3077 1579 βασιλεὺς
3108 1508 3369 1578 Στεφάνῳ
3410 1507 3490 1576 τῷ
3539 1506 3824 1574 ἁγιωτάτῳ
3869 1505 4024 1574 ἀρχι-

2453 1602 2736 1672 επισκόπῳ
2762 1600 3385 1663 Κωνσταντινουπόλεως
3419 1598 3513 1651 καὶ
3535 1596 3899 1666 οἱκουμενικῷ
3921 1612 4025 1650 πα-

2452 1695 2709 1765 τριάρχῃ.

2525 1785 2650 1848 Τοῖς
2686 1783 2783 1853 μὲν
2814 1780 3187 1852 ἀρχαιοτέροις
3217 1779 3363 1845 εδοξε
3392 1781 3489 1844 τάς
3516 1779 3638 1834 κατ’
3660 1777 3842 1842 οἴκους
3873 1779 4023 1847 ἱερα-

2453 1875 2605 1939 τείας
2653 1874 2748 1926 καὶ
2794 1870 3042 1937 συνάξεις
3067 1870 3172 1925 ὑπὸ
3201 1870 3376 1940 μόνων
3394 1869 3728 1924 ἐκτελεῖσθαι
3768 1870 3877 1922 τῶν
3905 1870 4024 1932 ταῖς

2455 1958 3129 2027 καθολικαῖςἘκκλησίαις
3162 1957 3525 2028 διαφερόντων
3553 1955 3763 2027 ἱερέων.
3793 1952 3885 2021 ὑφ’
3909 1952 4025 2005 ἐτέ-

2457 2073 2565 2127 ρων
2605 2055 2682 2119 δὲ,
2713 2053 2763 2106 ο¹ί
2810 2052 2891 2122 τῷ
2932 2051 3065 2121 οἴκῳ
3106 2049 3566 2118 προσανάκεινται
3591 2048 3687 2100 καὶ⁵
3717 2044 4025 2112 ίδιαζούσης

2454 2145 2777 2214 τυγχάνουσι
2803 2142 2920 2210 βίου
2942 2144 3345 2206 καταστάσεως,
3368 2143 3503 2209 μήτε
3526 2137 3864 2207 λειτουργίαν
3888 2137 4025 2205 μήτε

2452 2237 2575 2290 τινὰ
2605 2234 2878 2305 ἱερατείαν
2903 2231 3288 2287 ἰπιτελεῖσθαι.
3317 2230 3488 2284 Τοῦτο
3506 2230 3550 2283 δ’
3575 2229 3749 2281 ἔοικεν
3776 2227 3938 2281 ἕνεκά
3962 2244 4026 2294 γε

2452 2329 2551 2394 τῆς
2580 2327 2708 2397 περὶ
2750 2325 2850 2395 τὴν
2895 2323 3077 2377 πίστιν
3105 2321 3404 2390 ἀσφαλείας
3437 2321 3514 2384 είς
3544 2319 3796 2389 ἐνθύμιον
3842 2318 4027 2379 αὐτοῖς

2453 2416 2701 2470 ἐπελθεῖν
2724 2415 3104 2478 ἀποθεσπίσαι,
3120 2412 3194 2476 ὡς
3219 2414 3285 2466 ἀν
3311 2412 3406 2482 μὴ.
3422 2413 3497 2474 ὡς
3526 2410 3693 2475 εἰκὸς,
3718 2408 3880 2462 τινῶν
3907 2408 4027 2459 επι-

2456 2507 2806 2579 κρυπτόντων
2836 2504 3173 2565 ἀποστασίας
3199 2502 3419 2571 όλεθρον
3451 2502 3509 2553 ὲν
3542 2501 3621 2570 τῷ
3651 2500 3751 2569 τῆς
3798 2498 4027 2568 [spumi-

2456 2616 2553 2668 νης
2584 2600 2857 2668 σχήματι,
2889 2596 3174 2665 συμϐαίνοι
3203 2596 3323 2650 ἀντὶ
3352 2592 3446 2646 τοῦ
3476 2591 3796 2660 ἀγιάζεσθαι
3826 2591 4028 2659 μᾶλλον

2457 2688 2640 2741 πλεῖον
2670 2683 3029 2755 βεϐηλοῦσθαι
3065 2685 3191 2746 τοὺς
3218 2683 3316 2752 τῆς
3342 2682 3551 2735 ἐκείνου
3581 2680 3904 2750 μετέχοντας
3934 2680 4029 2731 ἀν·

2460 2779 2607 2849 ιὲρου
2637 2776 2878 2845 τελετῆς.
2899 2776 2958 2829 ’0
2985 2775 3085 2845 μὲν
3104 2774 3197 2828 οὖν
3220 2772 3419 2835 σκοπὸς
3442 2771 3551 2824 τῶν
3584 2772 3676 2823 ἐπὶ
3708 2768 3835 2821 νοῦν
3870 2767 4027 2837 βαλο-

2462 2873 2636 2943 μένων
2661 2868 2760 2939 τὴν
2787 2866 3044 2936 τοιαύτην
3084 2867 3385 2935 ἀσφάλειαν
3426 2861 3813 2929 ἐπαινούμενός
3847 2876 3905 2913 τε
3934 2859 4028 2912 καὶ

2457 2960 2725 3029 ἀποδοχῆς
2753 2957 2899 3023 ἄξιος
2928 2956 3069 3011 κατά
3097 2956 3255 3009 τοῦτο
3281 2956 3363 3008 ὅτι
3393 2954 3454 3008 τὸ
3481 2953 3716 3021 ἀσφαλὲς
3742 2951 3841 3019 τῆς
3869 2951 4027 3002 εὐσε-

2458 3047 2589 3111 ϐοῦς
2636 3048 2975 3118 προύνόησαν
3004 3046 3260 3108 πίστεως,
3285 3044 3422 3113 πλὴν
3455 3046 3516 3096 οὐ
3537 3044 3578 3075 ⁸⁸
3608 3042 3731 3096 καθ’
3760 3042 3885 3094 ὅσον
3914 3041 4029 3091 {vdo

799 3122 1138 3216 bilimeutum
1170 3120 1574 3185 adinvenerint,
1632 3121 1794 3216 sim-ul
1830 3119 2141 3179 laudabilis.
2192 3118 2353 3172 simul
2379 3154 2426 3216 Ο
2461 3158 2476 3209 ι

2350 3124 2353 3171 ί
2379 3154 2426 3216 C
2461 3157 2624 3209 μισαν
2651 3141 2951 3208 παρασχεῖν
2981 3138 3079 3208 τὴν
3131 3136 3436 3206 ἀσφάλειαν
3473 3135 3569 3188 ἐπὶ
3598 3133 3853 3188 τοσοῦτον
3881 3132 4027 3184 ἔστιν

795 3210 1270 3268 commendatione
1319 3212 1517 3280 dignus
1565 3220 1668 3265 est.
1727 3209 2110 3265 Verumtamen
2166 3219 2359 3278 quate-
2388 3209 2425 3216 “
2462 3230 2472 3280 ι

2352 3238 2359 3251 ’
2388 3209 2425 3216 *
2462 3229 2589 3280 ίδείν
2617 3228 2680 3279 ὲκ
2711 3226 2804 3279 τοῦ
2841 3227 3005 3296 νόμου
3035 3225 3454 3297 περιγινομένην
3477 3223 3645 3294 αὐτὴν
3675 3223 3767 3276 καὶ
3792 3224 4029 3275 ἔκτεινο-

798 3318 903 3358 nus
923 3317 983 3358 se
1012 3301 1327 3357 ﬁrmitatem
1374 3303 1636 3356 allaturos
1688 3302 2095 3365 existimarunt,
2127 3308 2356 3354 eatenus

796 3393 948 3449 illam
978 3407 1046 3447 ex
1079 3392 1196 3461 lege
1224 3407 1581 3461 promauasse
1621 3400 1786 3461 atque
1819 3406 1880 3446 se
1909 3392 2221 3446 extendisse
2247 3406 2354 3446 non

795 3483 1003 3567 videas.
1036 3480 1080 3537 Ε
1111 3482 1330 3539 diverso
1356 3498 1486 3538 vero
1513 3483 1746 3538 subinde
1775 3482 1921 3536 illam
1976 3483 2150 3553 ipsam
2191 3483 2359 3553 legem

798 3573 1071 3645 religiosis
1100 3581 1154 3629 et
1183 3572 1386 3629 divinis
1409 3573 1734 3628 ministeriis
1763 3588 1987 3643 operam
2032 3574 2360 3628 navantibus

796 3667 960 3722 etiam
988 3667 1268 3721 adversari
1302 3665 1664 3735 conspicitur.
1700 3663 1770 3719 Ut
1791 3673 1972 3719 autem
2004 3664 2244 3734 pollutus
2275 3679 2360 3719 sa-

797 3757 1014 3824 cordus,
1046 3758 1139 3828 qui
1172 3766 1337 3813 notus
1391 3773 1498 3811 nou
1530 3764 1638 3821 est,
1672 3757 1891 3825 pollutae
1946 3770 2060 3811 suae
2102 3755 2358 3825 inquina-

800 3850 967 3905 tionis
997 3850 1233 3919 aliquem
1285 3848 1607 3917 participem
1654 3848 1848 3911 faciat,
1910 3846 2206 3902 verisimile
2248 3848 2360 3901 for-

798 3950 943 3997 tasse
970 3951 1056 3997 est
1083 3941 1377 4011 aliquando
1426 3940 1477 3993 id
1509 3939 1770 3995 evenire:
1808 3954 1996 3995 verum
2044 3954 2152 3993 non
2188 3940 2261 3994 ita
2296 3953 2357 3996 ut

798 4046 1015 4102 semper
1045 4040 1100 4087 et
1134 4031 1359 4085 omnino
1412 4030 1522 4085 tale
1571 4029 1830 4099 quiddam
1869 4029 2172 4098 contingat.
2225 4029 2360 4096 Quis

797 4124 943 4179 enim
971 4124 1154 4177 animo
1181 4132 1289 4177 tam
1340 4122 1485 4176 facili
1527 4130 1634 4187 est,
1662 4129 1887 4190 tamque
1944 4122 2127 4176 omnia
2160 4122 2361 4190 promi-

799 4228 930 4267 scua
960 4212 1148 4277 habet,
1181 4219 1239 4266 ut
1272 4228 1434 4282 quem
1475 4227 1583 4267 non
1614 4213 1763 4266 norit
1794 4196 2155 4277 sacerdotem,
2189 4229 2363 4281 neque

797 4305 957 4374 cujus
979 4304 1282 4373 religionis,
1314 4320 1494 4374 neque
1556 4304 1760 4374 quibus
1801 4305 2049 4361 moribus
2080 4306 2173 4364 sit.
2218 4305 2363 4361 hunc

798 4396 867 4450 ad
906 4394 1330 4451 sacriﬁcandum
1355 4395 1620 4451 advocet?
1644 4396 1883 4451 Rursum
1912 4411 2045 4451 vero
2086 4396 2179 4465 qui
2212 4396 2356 4452 defe-

2473 3321 2659 3388 μένην.
2686 3318 3005 3371 Τοὺναντίον
3026 3318 3083 3371 δὲ
3111 3316 3256 3369 ἔστιν
3277 3317 3366 3370 ὅτε
3396 3316 3491 3369 καὶ
3515 3317 3626 3377 τοῖς
3654 3312 3901 3367 εὐσεϐέσι
3935 3313 4030 3364 καὶ

2460 3410 2591 3478 περὶ
2619 3410 2719 3471 τὰς
2750 3408 2900 3470 θείας
2929 3407 3266 3478 λειτουργίας
3294 3406 3532 3478 σπουδὴν
3561 3406 3916 3475 κεκτημένοις
3942 3404 4029 3455 ὲν-

2459 3498 2807 3567 αντιούμενος
2836 3500 2865 3551 ό
2892 3496 3054 3566 νόμος
3080 3498 3295 3569 ὁρᾶται.
3320 3495 3396 3549 Τὸ
3431 3496 3531 3567 μὲν
3558 3497 3667 3565 γὰρ
3690 3496 3782 3547 τὸν
3813 3492 4031 3563 ἀνίερον

2463 3591 2615 3660 ίερέα
2662 3590 2736 3660 μὴ
2780 3588 3056 3659 γνώριμον
3106 3587 3507 3659 καθιστάμενον
3554 3586 3874 3658 μεταδοῦναί
3922 3584 4029 3638 τινί

2461 3697 2591 3733 ποτε
2618 3680 2716 3748 τῆς
2753 3679 2946 3733 ἑαυτοῦ
2980 3679 3196 3750 ἀνιέρου
3221 3678 3593 3748 βεϐηλὼσεως,
3625 3676 3770 3738 είκὸς
3799 3673 4031 3744 συμϐαί-

2460 3788 2572 3825 νειν
2602 3771 2668 3824 ἂν
2700 3771 2846 3833 ἴσως,
2877 3770 3014 3840 πλὴν
3038 3770 3136 3840 οὐχ
3162 3770 3335 3833 οὓτως
3366 3769 3507 3823 ὥστε
3536 3768 3724 3839 τρόπῳ
3748 3767 3911 3819 παντὶ
3930 3766 4028 3835 τὴν

2460 3862 2714 3930 τοιαύτην
2744 3861 2989 3929 γίνεσθαι
3033 3861 3320 3930 σύμϐασιν.
3348 3859 3443 3923 Τίς
3475 3860 3582 3930 γὰρ
3608 3857 3779 3920 οὕτως
3806 3855 4028 3917 εὔκολος

2460 3954 2559 4022 τὴν
2590 3956 2816 4022 γνώμην
2863 3953 2955 4006 καὶ
2981 3953 3289 4023 ἀδιάφορος,
3318 3953 3392 4015 ὡς
3427 3951 3673 4021 ἱερᾶσθαι
3701 3948 4029 4018 προσκαλεῖν

2460 4044 2519 4097 ὃν
2551 4045 2648 4096 οὐκ
2681 4039 2821 4095 οἶδεν
2848 4043 3027 4111 ἱερέα,
3074 4044 3163 4096 καὶ
3192 4038 3255 4096 οὗ
3283 4043 3376 4095 τοῦ
3405 4042 3745 4109 σεϐάσματος
3792 4039 3888 4091 καὶ
3927 4037 4029 4102 τῆς

2461 4133 2733 4196 πολιτείας
2765 4133 3102 4203 καθέστηκεν
3129 4134 3379 4202 ἀμαθήςς
3418 4132 3585 4185 Πάλιν
3625 4132 3683 4184 δὲ
3724 4130 3814 4181 καὶ
3852 4129 3901 4180 οἱ
3930 4128 4029 4196 τὴν

2461 4224 2798 4277 ἀποστασίαν
2824 4222 3118 4284 θάλποντες
3149 4222 3242 4275 καὶ
3265 4223 3496 4292 ἀνιέρως
3527 4218 3894 4289 ἱερατεύοντες
3927 4216 4030 4268 οὐκ

2462 4315 2527 4366 ἂν
2559 4314 2635 4383 μὴ
2664 4313 2798 4382 πρὸς
2827 4313 2951 4374 τοὺς
2985 4312 3221 4373 οἰκείους
3262 4312 3360 4381 τῆς
3395 4310 3709 4370 δυσσεϐείας
3743 4307 4031 4377 βουλήσον-

2464 4421 2553 4457 ται
2587 4404 2857 4456 συνελθεῖν
2876 4419 2889 4431 ·
2924 4403 3063 4457 ὥστε
3090 4402 3119 4455 ὃ
3149 4404 3246 4473 μὲν
3276 4401 3667 4473 ἀσφαλίξεσθαι
3693 4402 3721 4453 ὁ
3746 4399 3908 4467 νόμος
3944 4396 4032 4448 δο-

798 4488 1036 4543 ctionem
1079 4487 1401 4551 moliuntur,
1459 4502 1683 4556 remque
1734 4502 1950 4542 sacram
2006 4489 2362 4558 profananter
2395 4476 2475 4547 D:

2353 4506 2362 4520 ’
2395 4476 2437 4531 Ῑ)
2468 4496 2573 4555 κεῖ,
2600 4495 2660 4547 οὺ
2692 4493 2872 4556 καθὼς
2901 4495 3078 4558 ἔδοξεν
3106 4491 3694 4561 ἀσφαλίζεται.⁹Αλλως
3723 4489 3781 4542 δὲ
3801 4490 3913 4550 τοῖς
3938 4486 4030 4539 εὐ-

798 4580 1028 4645 faeiunt,
1064 4594 1133 4635 ne
1167 4579 1245 4635 illi
1278 4594 1404 4633 cum
1462 4578 1656 4633 alienis
1685 4578 1755 4633 ab
1806 4578 2084 4648 impietate
2120 4595 2363 4637 conven-

797 4679 887 4725 tus
916 4686 1077 4742 agere
1104 4688 1213 4727 non
1240 4671 1429 4733 velint,
1454 4679 1512 4724 ut
1555 4671 1702 4726 unde
1728 4670 1959 4725 stabiliri
1991 4671 2076 4725 lex
2126 4673 2363 4738 videtur,

797 4776 906 4815 non
948 4761 1077 4816 inde
1115 4762 1572 4832 quemadmodum
1619 4761 1987 4815 existimatum
2041 4761 2135 4827 sit,
2190 4763 2362 4818 stabi-

798 4852 984 4907 iiatur.
1016 4849 1154 4907 Tum
1186 4860 1240 4909 et
1273 4851 1612 4921 religiosisin
1637 4851 1823 4906 multis
1859 4851 2189 4907 utilitatibus
2228 4869 2362 4908 con-

2466 4584 2649 4637 σεϐέσι
2682 4584 2877 4654 πολλῆς
2901 4584 3166 4652 ὠφελείας
3193 4583 3502 4653 εὑρίσκεται
3530 4580 3818 4649 γινομένης
3838 4579 3881 4609 ¹⁹
3926 4578 4030 4645 ἒμ-

2466 4677 2660 4729 ποδών.
2691 4675 2823 4745 Θείᾳ
2868 4674 2975 4743 γάρ
3024 4675 3207 4745 χάριτι
3240 4671 3437 4744 μικροῦ
3468 4670 3607 4725 κατά
3639 4671 3814 4723 πάντα
3855 4662 4028 4731 οἷκον,

2461 4767 2523 4819 οὐ
2552 4766 2710 4836 μόνον
2744 4766 2853 4819 τῶν
2873 4767 3371 4835 περιφανεστέρων,
3394 4763 3531 4817 ἀλλά
3558 4764 3650 4816 καὶ
3678 4761 3785 4814 τῶν
3816 4759 4029 4813 εὐτελε-

2464 4858 2691 4929 στέρων,
2717 4858 3019 4927 εὐκτηρεων
3068 4856 3233 4910 οἴκων
3263 4855 3716 4927 ἀνεγηγερμινων
3760 4850 3900 4920 Θεῷ,
3927 4850 4032 4921 τῆς

2054 4987 2289 5042 νΑΒΙΛΞ
2328 4989 2732 5047 LECTIONES.

873 5108 934 5136 ’θ’
966 5106 1247 5182 [.aiidati_lr
1277 5105 1673 5182 ΗανηιειιοριιίὶΔ
1698 5107 1845 5182 Man:
1889 5108 2061 5182 legunt
2089 5109 2175 5182 eil.
2215 5110 2375 5173 1587,
2410 5112 2502 5168 lib.
2563 5130 2601 5176 ι,
2640 5114 2724 5167 tit.
2752 5113 2808 5178 3,
2845 5112 3008 5182 p,

3120 5111 3161 5142 "
3196 5109 3270 5165 cf.
3301 5108 3462 5171 infra,
3491 5123 3615 5163 nov.
3662 5122 3752 5161 xv.
3860 5104 3902 5136 “
3933 5101 4032 5157 Sic

800 5179 1033 5230 correxit
1057 5175 1383 5244 Stephanus,
1411 5177 1569 5232 codd.
1587 5177 1723 5246 πλὴν
1749 5176 1863 5233 τοῦ.
1949 5178 1990 5209 ¹⁹
2016 5178 2207 5237 Melius
2229 5182 2368 5236 forte
2382 5175 2681 5252 γινόμενος.

2286 5293 2518 5351 NOTAE.

871 5385 987 5457 (ὅθ)
1031 5383 1264 5457 Nuptias
1311 5384 1590 5457 intelligit.
1627 5385 1771 5457 Idem
1802 5401 1943 5457 pene
1994 5386 2196 5439 dicitur
2224 5388 2275 5440 in
2320 5388 2358 5441 Ι.

802 5452 893 5517 44,
919 5453 1015 5527 §i,
1040 5469 1183 5527 vers.
1207 5452 1434 5527 Oportet
1458 5452 1594 5506 God.
1632 5455 1700 5527 de
1727 5456 1970 5527 episcop.
2004 5458 2147 5527 quod
2170 5471 2358 5524 parum

802 5522 1033 5579 imuésle
1082 5522 1286 5577 dictum
1330 5524 1547 5575 videtur
1583 5538 1598 5587 ;
1635 5522 1815 5589 τίμιος
1858 5524 1967 5592 γὰρ
2020 5527 2048 5576 ὁ
2079 5522 2251 5591 γάμος
2304 5528 2362 5579 ἐν

805 5598 959 5648 πᾶσι.
983 5592 1118 5647 Hel).
1137 5608 1256 5654 xm,
1280 5608 1422 5663 vers.
1441 5592 1490 5646 4.
1525 5592 1712 5663 Simile
1748 5602 1833 5643 est
1864 5593 2122 5663 quiddam
2147 5595 2359 5663 Syriaci

806 5666 935 5717 dist.
968 5664 1129 5726 82.c.
1172 5664 1226 5724 4,
1280 5671 1335 5714 et
1362 5660 1815 5715 Innucentiidist.
1862 5661 2025 5724 28,c.
2049 5662 2102 5725 2,
2144 5660 2202 5715 et
2227 5666 2361 5719 Gre-

807 5734 943 5803 gOrii
968 5734 1094 5803 dist.
1128 5733 1216 5795 ‘28,
1248 5751 1297 5787 ε.
1322 5733 1665 5803 Priusquam.

879 5803 991 5871 (3|)
1037 5802 1206 5872 Ἱερὰς
1239 5800 1622 5871 μυσταγωγίας
1654 5800 1746 5854 καὶ
1777 5800 2054 5868 λατρείας,
2080 5803 2124 5857 si
2159 5810 2232 5857 ita
2257 5812 2361 5861 cst.

2468 5390 2685 5445 Novella
2735 5387 3031 5443 .lustiniaui
3087 5386 3153 5441 58
3189 5385 3505 5455 abrogatur.
3532 5380 3784 5455 interim”
3813 5380 3915 5433 hoc
3950 5384 4033 5432 vi-

2467 5462 2626 5514 detur
2672 5461 2900 5513 innuere
2960 5458 3229 5512 sacerdoti
3266 5450 3494 5523 privatis
3528 5454 3581 5507 in
3617 5450 3874 5523 domibus
3911 5466 4027 5523 po_-_-.~

2466 5531 2605 5583 mitti
2640 5528 2889 5599 ἱερᾶσθαι
2942 5528 3049 5599 καὶἈ
3093 5517 3499 5599 Δμυστιίγιέυγείν,
3546 5522 3765 5599 ιιι-ἰηιιο
3803 5517 4029 5599 Now-lla

2468 5590 2738 5668 pertineat
2781 5598 2845 5649 ad
2873 5590 3151 5668 sacriﬁcia
3170 5605 3224 5649 et
3270 5590 3799 5668 administrationem
3868 5590 4025 5668 verbi

2466 5656 2585 5738 cap.
2609 5668 2854 5738 Clericos
2870 5666 3007 5738 dist.
3035 5666 3085 5727 i,
3119 5664 3188 5720 de
3208 5673 3536 5729 cuusccrat.,
3569 5670 3627 5716 ut
3649 5671 3703 5716 et
3746 5658 3882 5713 Nov.
3942 5656 4033 5719 ιῦ,

2470 5736 2611 5793 inira
2646 5737 2713 5792 ad
2732 5736 3082 5806 baptismum.
