4248 6442
788 356 893 419 435

2012 358 2286 419 LEOle
2320 361 2777 427 PHILOSOl’l-ll

3928 363 4028 425 Μαί

781 484 811 517 a
855 466 1103 535 principe
1161 465 1368 518 lumine
1401 464 1732 517 collocatum
1786 465 1993 531 lumen)
2024 467 2233 531 dixisti,
2276 483 2345 522 an
2373 470 2458 528 At

2373 470 2422 528 Λ
2448 471 2717 541 θειμένον,
2747 477 2970 544 ἀπορεῖν
3018 477 3174 541 ἔφης,
3206 474 3293 526 οἷα
3342 477 3406 544 δὴ
3458 475 3653 542 νέφους
3689 478 3789 542 τῆς
3819 477 4030 528 ἐκεῖθεν

782 560 1174 614 constitutione
1200 557 1341 612 facta
1371 559 1667 612 monachos
1720 559 2030 613 istiusmodi
2077 560 2346 613 bonorum

783 651 1036 705 dominos
1076 650 1355 718 designari
1399 656 1700 718 oporteret,
1758 665 1826 703 an
1887 664 2017 703 vero
2075 651 2225 719 ipsos
2280 650 2351 703 ab

785 742 1001 794 illorum
1026 740 1274 793 dominio
1320 741 1493 793 arceri
1519 741 1869 794 conveniret:
1898 740 2158 794 nimirum
2199 740 2347 808 quod

786 843 1049 900 tanquam
1109 834 1302 894 nubes,
1360 846 1483 899 quae
1540 833 1699 885 istinc
1734 833 2065 901 ambiguitas
2108 834 2349 898 exsistit,

780 924 1014 979 rationis
1047 924 1249 985 radius,
1280 940 1389 992 quo
1422 939 1605 977 minus
1638 924 1928 993 perspicue
1973 938 2038 976 ea
2074 938 2162 977 res
2200 924 2350 992 diju-

780 1013 952 1067 tlicari
987 1014 1182 1082 possit,
1211 1014 1407 1069 subeat
1426 1022 1481 1067 et
1500 1012 1730 1067 oﬂ‘uscet
1752 1031 1765 1066 :
1789 1013 2051 1082 quoniam
2077 1012 2351 1083 (inquam)

783 1105 851 1158 de
917 1106 1021 1159 hoc
1059 1106 1375 1160 dubitantes
1416 1106 1587 1160 variis
1633 1120 1736 1159 nos
1767 1104 2232 1174 postulationibus
2285 1107 2352 1158 ad

787 1190 952 1259 hujus
980 1191 1055 1244 rei
1084 1190 1593 1245 considerationem
1657 1206 1764 1244 una
1829 1193 2110 1246 vobiscum
2175 1193 2350 1247 susci-

787 1282 1038 1349 piendam
1073 1283 1275 1336 bortati
1310 1285 1480 1337 estis:
1523 1300 1646 1345 nos,
1683 1292 1740 1335 ut
1770 1284 1824 1336 in
1875 1285 2019 1348 aliis,
2078 1284 2149 1337 ita
2178 1295 2231 1336 et
2265 1284 2353 1337 ltic

788 1373 1186 1427 sacerdotalem
1211 1387 1357 1427 tuam
1393 1375 1723 1443 dignitatem
1779 1386 2122 1438 venerantes,
2167 1375 2233 1427 ad
2261 1388 2354 1429 sa-

785 1463 1156 1517 tisfactione»:
1224 1464 1510 1532 petitionis
1571 1474 1676 1519 tua:
1709 1466 2075 1535 accingimur.
2138 1465 2217 1519 Ac
2261 1465 2354 1518 illa

786 1553 1004 1619 quidem
1035 1552 1267 1619 primunt
1298 1568 1327 1606 a
1360 1556 1520 1608 nobis
1551 1556 1832 1617 dicantur,
1882 1571 2004 1624 qua:
2064 1571 2095 1609 a
2149 1556 2357 1609 veteri-

787 1644 890 1696 bus
909 1643 1021 1710 (37)
1045 1643 1111 1697 de
1127 1644 1235 1699 illis
1260 1645 1351 1713 qui
1383 1660 1441 1697 se
1460 1645 1570 1713 jam
1592 1646 1644 1698 in
1671 1645 2031 1701 monasticam
2059 1646 2354 1716 rempublio

785 1747 905 1785 eam
946 1733 1057 1801 (58)
1122 1735 1321 1788 ascribi
1367 1736 1579 1800 volunt,
1634 1737 1937 1791 constituta
1980 1748 2109 1793 sunt
2161 1757 2175 1792 :
2243 1739 2351 1793 illis

787 1839 982 1893 nempe
1012 1824 1080 1879 de
1112 1825 1276 1879 rebus
1330 1827 1448 1880 suis
1513 1829 1668 1895 prius
1733 1830 2043 1882 testandum
2101 1845 2245 1894 esse,
2292 1844 2356 1884 ac
2385 1812 2428 1867 Β

787 1917 988 1970 deinde
1019 1916 1085 1969 ad
1126 1918 1482 1986 concupitmn
1521 1920 1643 1971 vitae
1692 1918 2007 1972 institutum
2050 1922 2353 1989 procedente

788 2005 939 2067 dum,
970 2021 1069 2077 nec
1087 2006 1505 2075 dispositionem
1552 2024 1734 2061 rerum
1764 2024 1990 2065 suarum
2020 2011 2145 2064 vitae
2176 2022 2356 2066 muta-

789 2097 936 2148 tione
962 2096 1395 2166 anticipandam.
1434 2095 1566 2148 Nam
1603 2096 1649 2151 si
1686 2097 1790 2151 hoc
1834 2098 1907 2150 ita
1946 2099 2200 2154 evenisse
2224 2115 2355 2155 con-

788 2192 918 2246 stet,
949 2200 1055 2238 non
1089 2187 1327 2254 amplius
1378 2186 1512 2255 ipsis
1557 2186 1672 2255 jam
1727 2188 1931 2250 tonsis,
1970 2200 2028 2243 ut
2072 2188 2141 2246 de
2194 2191 2357 2245 rebus

786 2275 907 2331 suis
938 2277 1234 2345 quidquam
1266 2286 1515 2331 statuant
1561 2279 1983 2347 permittendum
2041 2295 2201 2335 esse:
2238 2296 2357 2335 om-

790 2383 1023 2436 nemque
1048 2368 1439 2433 substantiam,
1463 2369 1512 2420 in
1543 2384 1651 2435 qua
1681 2371 1913 2424 ecclesia
1935 2372 2078 2427 tonsi
2097 2383 2246 2436 sunt,
2279 2372 2357 2426 illi

712 2440 720 2449 ’
786 2473 1089 2513 cessuram.
1128 2459 1280 2525 Quod
1305 2476 1436 2513 sane
1469 2458 1628 2513 deiis
1658 2461 1750 2529 qui
1788 2463 1950 2514 vitam
2000 2464 2357 2518 monasticam

785 2551 894 2618 jam
936 2550 1248 2612 subierunt,
1274 2552 1561 2605 decretum
1589 2551 1765 2621 (extra
1790 2568 1955 2621 quam
1986 2556 2033 2608 si
2067 2554 2223 2609 liberi
2266 2557 2357 2625 qni

788 2642 1160 2696 barreditatem
1194 2650 1405 2712 petant,
1440 2642 1740 2709 supersint)
1784 2651 1839 2696 et
1881 2644 2171 2714 Optimum,
2193 2654 2250 2701 et
2285 2647 2361 2701 ita

790 2740 843 2784 ut
875 2746 1035 2785 nemo
1062 2732 1241 2801 possit
1265 2732 1485 2794 melius,
1516 2734 1879 2788 constitutum
1923 2744 2046 2790 est:
2108 2746 2221 2790 tum
2262 2752 2362 2792 nec

787 2820 912 2874 addi
961 2836 1063 2875 nec
1097 2821 1263 2875 adimi
1303 2822 1380 2876 illi
1432 2822 1729 2892 quidquam
1779 2836 1963 2894 queat.
2019 2826 2230 2881 Etenim
2265 2830 2360 2897 qui

788 2921 916 2965 ante
950 2920 1210 2965 mutatam
1239 2913 1365 2966 vitae
1390 2916 1682 2979 rationem,
1714 2930 1838 2969 cum
1872 2916 2141 2971 bonorum
2177 2919 2365 2989 dispo—

787 3000 1043 3053 sitionem
1078 3000 1132 3053 in
1202 3001 1435 3054 arbitrio
1474 3018 1576 3056 suo
1618 3005 1854 3073 positam
1892 3005 2139 3070 haberet,
2182 3008 2251 3062 de
2298 3008 2364 3064 iis

787 3098 1028 3145 statuere
1052 3092 1312 3155 noluerit,
1353 3094 1549 3147 merito
1576 3096 1923 3163 postmodum
1949 3097 2003 3151 id
2031 3097 2214 3153 facere
2236 3114 2360 3167 pro-
2385 3134 2429 3191 Ο

790 3181 1026 3244 hibetur,
1063 3193 1112 3235 ut
1140 3182 1234 3251 qui
1269 3196 1328 3235 se
1366 3183 1482 3252 ipse
1512 3185 1564 3237 in
1594 3185 1692 3239 bas
1721 3186 2007 3255 angustias
2037 3187 2355 3256 conjecerit.

787 3271 1082 3342 Propterea
1118 3274 1262 3328 enim
1292 3276 1436 3344 quod
1465 3290 1586 3331 cum
1646 3278 1854 3331 licitum
1901 3280 2003 3349 ipsi
2029 3289 2177 3335 esset
2222 3297 2362 3351 pra:-

785 3370 1077 3437 disponere
1102 3385 1188 3424 res
1212 3386 1342 3431 suas
1368 3378 1696 3424 testamento
1718 3373 1980 3436 noluerit,
2013 3374 2135 3441 ejus
2164 3386 2355 3443 postea

792 3459 1023 3525 faciendi
1062 3462 1401 3525 facultatem,
1427 3471 1689 3532 tanquam
1739 3465 1809 3519 ab
1842 3465 1962 3534 ipso
2022 3466 2359 3531 damnatam,

788 3534 890 3603 sibi
918 3550 1121 3614 adimi,
1181 3550 1232 3603 id
1278 3568 1407 3606 vero
1455 3554 1579 3620 jure
1630 3555 1789 3621 longe
1840 3557 2051 3625 optimo
2101 3559 2357 3610 sustinet.

784 3640 1127 3709 Cmtrroquin
1159 3645 1342 3706 etiam,
1383 3646 1652 3712 quomodo
1688 3662 1792 3698 non
1842 3646 2138 3700 absurdum
2176 3647 2358 3710 fuerit,

788 3732 832 3782 si
863 3732 955 3795 qui
983 3748 1041 3786 se
1090 3734 1157 3785 ab
1210 3733 1376 3798 hujus
1428 3735 1548 3787 vita:
1579 3734 1728 3789 curis
1765 3736 2091 3801 sejunxerit,
2144 3739 2358 3790 illarum

787 3824 965 3874 adhuc
1004 3840 1145 3877 onus
1181 3825 1428 3884 sulTerat,
1488 3826 1727 3895 indeque
1771 3841 2129 3896 promanante
2190 3831 2358 3882 mulc-

788 3910 891 3963 stia
935 3913 1248 3977 prematur?
1274 3911 1498 3964 Liberos
1525 3914 1713 3978 igitur,
1746 3916 1840 3982 qui
1879 3916 1931 3967 in
1960 3917 2356 3969 monachorum

790 4017 1075 4054 ntnnermn
1152 4008 1427 4071 ascriptus
1500 4013 1586 4057 est
1667 4005 2152 4073 (quemadmodum
2221 4008 2358 4075 dixi)

787 4090 1008 4156 thnIItIU
1040 4107 1146 4143 non
1186 4092 1369 4151 liabet.
1401 4108 1505 4144 non
1539 4092 1787 4161 profecto
1823 4094 1925 4147 hoc
1948 4094 2229 4148 decretum
2261 4098 2358 4149 du-

788 4187 942 4232 cretu
972 4180 1128 4231 alteri
1161 4180 1343 4235 cedat.
1383 4180 1451 4232 At
1480 4182 1523 4235 si
1565 4181 1717 4234 liberi
1756 4183 2030 4248 supersint
2059 4185 2188 4251 (non
2210 4185 2356 4237 enim

788 4275 921 4319 tunc
958 4267 1082 4321 illos
1110 4277 1334 4337 propter
1360 4270 1605 4337 parentis
1637 4272 1917 4323 silentium
1964 4272 2165 4325 damno
2215 4274 2353 4327 allici

789 4357 872 4410 fas
908 4364 1103 4423 essetl,
1167 4376 1272 4412 non
1317 4363 1543 4413 omnino
1596 4362 1907 4415 testamenti
1950 4364 2353 4421 ordinationem

2454 564 2783 631 ἀμφιϐολίας
2816 566 3220 633 ὑποτρεχούσης
3250 566 3348 627 τὴν
3382 567 3576 620 ἀκτῖνα
3619 563 3716 615 τοῦ
3761 564 4025 633 λογισμοῦ

2455 654 2593 723 πρὸς
2625 656 2687 708 τὸ
2712 655 2914 727 τρανὴν
2938 656 3173 724 ἐκφῆναι
3212 656 3509 725 διάκρισιν,
3544 656 3653 707 εἴτε
3704 655 3885 722 δεήσοι
3933 657 4030 722 τῆς

2451 746 2705 817 τοιαύτης
2759 748 3071 817 περιουσίας
3130 748 3351 816 κυρίους
3388 743 3527 799 εἶναι
3576 747 3703 807 τοὺς
3760 746 4030 813 μοναστὰς

2452 838 2723 890 ποιεῖσθαι
2757 838 3036 902 διάταξιν,
3072 838 3182 891 εἴτε
3216 835 3448 888 κωλύειν
3494 834 3642 898 ἄξιον
3692 834 3890 896 αὐτοὺς
3934 833 4029 901 τῆς

2452 925 2540 978 ἐπ’
2568 928 2705 996 αὑτῇ
2755 926 3105 995 κυριότητοςο
3158 926 3281 978 ἐπεὶ
3312 920 3408 978 οὖν
3436 923 3565 992 περὶ
3598 921 3758 975 τοῦτο
3774 922 3819 954 ⁸³
3862 924 4030 990 ἀμφι-

2454 1016 2740 1080 ϐάλλοντες
2774 1017 3053 1088 διαφόροις
3089 1017 3232 1085 ἡμᾶς
3270 1015 3582 1084 ἑξαιτήσεσι
3612 1016 3752 1083 πρὸς
3779 1013 3881 1082 τὴν
3914 1012 4031 1064 ἐπί-

2456 1112 2647 1179 σκεψιν
2670 1110 3191 1179 συναντιλαμϐάνειν
3222 1106 3943 1179 προῦτρέψασθε,τιμῶντες
3957 1105 4030 1165 ὡς

2455 1205 2513 1255 ἐν
2543 1204 2655 1264 τοῖς
2692 1203 2871 1264 ἄλλοις
2917 1201 3060 1255 οὕτω
3104 1200 3381 1255 κάνταῦθα
3429 1201 3527 1269 τὴν
3572 1199 3726 1266 ὑμῶν
3752 1197 4029 1265 ῖερότητα,

2455 1292 2592 1361 πρὸς
2634 1291 2733 1358 τὴν
2784 1290 3131 1361 ἐκπλήρωσιν
3175 1286 3557 1356 καθιστάμεθα
3585 1286 3679 1338 τοῦ
3710 1284 4029 1352 αἰτήματος.

2468 1381 2680 1435 Ἐκεῖνα
2707 1381 2763 1432 δὲ
2792 1380 3003 1447 πρῶτον
3031 1379 3271 1449 εἰρήσθω
3295 1380 3447 1446 ἡμῖν,
3477 1378 3575 1430 ὅσα
3602 1392 3667 1443 γε
3710 1376 3828 1435 τοῖς
3860 1372 4029 1424 πάλαι

2455 1470 2797 1540 διώρισται¹⁴⁵
2832 1470 2955 1537 περὶ
3002 1469 3111 1521 τῶν
3153 1469 3279 1537 ἄρτι
3332 1466 3699 1535 βουληθέντων
3749 1461 3889 1531 πρὸς
3935 1461 4033 1527 τὴν

2459 1561 2666 1627 μονήρη
2698 1557 3101 1627 μετατάξασθαι
3140 1556 3416 1608 πολιτείαν
3460 1558 3476 1618 (
3503 1554 3648 1622 φημὶ
3678 1552 3744 1621 δὴ
3777 1551 3910 1619 περὶ
3936 1546 4032 1599 τοῦ

2455 1646 2722 1717 πρότερον
2776 1646 2974 1706 αὐτοὺς
3008 1645 3077 1697 τὰ
3108 1647 3285 1698 οίκεῖα
3333 1644 3631 1712 πράγματα
3672 1637 4029 1697 διατίθεσθαι,

2456 1736 2600 1789 οὕτω
2643 1753 2701 1789 τε
2751 1736 2887 1806 πρὸς
2934 1735 3032 1803 τὴν
3077 1733 3523 1803 ὲπιθυμουμένην
3567 1732 3852 1801 προσιέναι
3878 1727 4030 1780 πολι-

2458 1828 2630 1891 τείαν,
2658 1828 2795 1882 άλλά
2823 1828 2899 1898 μὴ
2929 1826 3333 1897 προλαμϐάνειν
3357 1826 3456 1895 τὴν
3477 1823 3781 1894 μεταϐολὴν
3800 1821 3893 1874 τοῦ
3914 1820 4034 1889 βίου

2456 1920 2554 1987 τὴν
2583 1917 2714 1986 περὶ
2758 1916 2867 1969 τῶν
2913 1916 3257 1987 πραγμάτων
3302 1913 3567 1979 διάταξιν,
3593 1913 3669 1976 ὡς
3701 1911 3753 1964 εί
3778 1927 3842 1977 γε
3874 1908 4035 1962 τοῦτο

2456 2009 2601 2062 οὓτω
2639 2008 2934 2078 συμϐαῖνον
2964 2008 3181 2077 ὀφθείη,
3208 2007 3396 2060 οὐκέτι
3427 2003 3888 2074 ἀποκειραμένοις
3938 2000 4033 2052 αὖ·

2457 2103 2570 2164 τοῖς
2601 2100 3037 2171 ἐπιτραπήσεται
3079 2102 3113 2170 ἡ
3149 2096 3415 2163 διάταξις,
3443 2096 3578 2150 ἀλλά
3608 2094 3847 2167 χωρήσει
3878 2092 4034 2145 πᾶσα

2459 2192 2493 2261 ἡ
2528 2189 2761 2260 ὓπαρξις
2806 2191 2885 2253 είς
2931 2190 3030 2260 τὴν
3075 2191 3132 2242 ἐν
3263 2189 3629 2257 ἀπεκείραντο
3676 2184 4033 2255 ἐκκλησίαν),

2455 2283 2630 2336 ταῦτα
2655 2284 2719 2352 δὴ
2752 2283 2820 2336 τά
2850 2284 2975 2353 περὶ
3006 2281 3115 2335 τῶν
3143 2282 3269 2349 ἄρτι
3300 2279 3635 2348 προσιόντων
3655 2275 3733 2347 τῷ
3757 2273 4035 2345 μοναδικῷ

2463 2378 2561 2448 βίῳ
2594 2378 2925 2449 διωρισμένα
2956 2378 3034 2447 (εί
3080 2377 3154 2445 μὴ
3188 2375 3373 2437 παῖδες
3401 2372 3622 2443 πάρεισι
3646 2369 3746 2440 τὴν
3775 2369 4033 2437 κληρονο·

2464 2469 2595 2538 μίαν
2625 2467 2915 2528 καλοῦντες
2940 2470 2957 2534 )
3003 2466 3201 2535 ἄριστά
3227 2482 3287 2517 τε
3317 2463 3412 2517 καὶ
3438 2464 3513 2526 ὡς
3536 2463 3635 2515 οὐκ
3679 2460 3744 2513 ἄν
3785 2475 3869 2520 τις
3898 2456 4033 2525 φαίη

2460 2558 2682 2627 ἄμεινον
2710 2557 3079 2618 διατέτακται,
3109 2555 3205 2608 καὶ
3232 2553 3357 2608 οὔτε
3385 2570 3440 2605 τι
3474 2551 3790 2623 προσθεῖναι
3822 2548 4035 2607 τούτοις

2461 2647 2571 2700 οὔτ’
2601 2648 2821 2714 ἀφελεῖν
2867 2647 2962 2700 ἀπ’
3000 2646 3180 2698 αὐτῶν
3236 2645 3404 2698 ἐστιν.
3435 2645 3546 2698 Καὶ
3573 2642 3683 2712 γάρ
3732 2642 3761 2693 ὁ
3810 2639 3915 2708 πρὸ
3936 2636 4035 2690 τοῦ

2462 2738 2743 2808 διαμεῖψαι
2773 2737 2873 2809 τὴν
2900 2737 3176 2791 πολιτείαν
3206 2737 3263 2789 δν
3298 2737 3366 2806 τῇ
3392 2734 3601 2787 ἐκείνου
3624 2732 3820 2801 γνώμῃ
3844 2730 4035 2797 κειμέ-

2465 2845 2564 2898 νην
2594 2828 2732 2897 ἔχων
2753 2830 2852 2895 τὴν
2898 2827 3008 2878 τῶν
3050 2824 3403 2895 ὑπαρχόντων
3429 2824 3714 2893 διοίκησιν,
3755 2820 3918 2873 τοῦτο
3958 2819 4033 2888 μὴ

2468 2916 2747 2988 βουληθεὶς
2767 2914 3187 2985 διαπράξασθαι,
3217 2915 3443 2976 είκότως
3476 2913 3613 2982 μετὰ
3637 2909 3809 2965 ταῦτα
3838 2909 4036 2978 ἀπείρ-

2466 3025 2620 3076 γεται
2656 3007 2753 3073 τῆς
2794 3005 3114 3074 ἐπιτροπῆς.
3150 3003 3311 3065 αὐτὸς
3341 3002 3533 3056 ἑαυτὸν
3557 3003 3636 3064 είς
3666 2999 3823 3053 τοῦτο
3871 3015 4038 3052 κατα-

2472 3096 2706 3165 στήσας·
2750 3093 2817 3145 δι’
2837 3087 2913 3145 ὧν
2943 3094 3051 3162 γὰρ
3088 3094 3189 3146 οὑκ
3236 3091 3502 3163 ἐϐουλήθη
3552 3090 3671 3155 ἐξὸν
3721 3088 3871 3158 αὐτῷ
3904 3105 4032 3156 προ-

2460 3186 2788 3256 διῳκηκέναι
2830 3186 2899 3238 τὰ
2936 3184 3238 3253 πράγματα
3257 3225 3272 3247 ,
3324 3185 3422 3253 τὴν
3454 3184 3592 3253 μετά
3618 3182 3792 3235 ταῦτα
3821 3181 3923 3250 τῆς
3952 3180 4035 3243 €5,-

2459 3276 2647 3338 ουσίας
2671 3274 2964 3345 ἀφαίρεσιν
2999 3274 3065 3325 δι’
3091 3272 3284 3325 ἑαυτοῦ
3319 3269 3837 3342 καταψηφιξομένην
3886 3268 4035 3321 εὐλό·

2460 3385 2573 3435 γως
2606 3366 3004 3436 φέρει.¹Ἀλλως
3046 3382 3106 3417 τε
3155 3364 3211 3417 δὲ
3259 3366 3350 3417 καὶ
3396 3363 3512 3426 πῶς
3560 3364 3660 3416 οὐκ
3694 3362 3917 3421 ἄτοπον,
3946 3361 4038 3411 τὸν

2461 3455 2873 3523 ἀποταξάμενον
2921 3456 3039 3515 ταῖς
3078 3453 3172 3505 τοῦ
3222 3454 3336 3522 βίον
3370 3454 3647 3523 φροντίσιν
3693 3453 3773 3504 ἔτι
3825 3451 3887 3502 τὸ
3930 3450 4037 3502 τῶν

2461 3544 2755 3616 φροντίδων
2798 3544 2985 3614 φέρειν
3018 3544 3236 3613 φορτίον
3265 3546 3357 3597 καὶ
3388 3543 3467 3614 τῷ
3496 3543 3703 3596 ἐκεῖθεν
3731 3542 3889 3612 βάρει
3919 3542 4037 3593 πιέ-

2462 3637 2685 3701 ζεσθαις
2722 3635 2981 3697 ’Λπαιδος
3035 3636 3133 3704 μὲν
3178 3630 3292 3697 οὖν,
3317 3635 3505 3705 ὥσπερ
3554 3633 3718 3703 ἔφην,
3754 3633 3909 3696 ὄντος
3944 3632 4037 3684 τοῦ

2462 3728 2599 3797 πρὸς
2631 3728 2900 3796 μοναχοὺς
2934 3726 3399 3796 μεταταξαμένου,
3422 3725 3562 3795 αὕτη
3585 3728 3618 3796 ἡ
3646 3726 3825 3794 ψῆφος
3847 3725 3953 3777 οὐκ
3975 3726 4039 3778 ἂν

2464 3819 2766 3887 ὑπεκσταίη
2792 3817 2959 3887 ψήφῳ
2993 3817 3183 3888 ἑτέρᾳο
3217 3819 3264 3869 εί
3309 3818 3364 3870 δὲ
3400 3817 3618 3887 πάρεισι
3650 3816 3837 3878 παῖδες
3878 3817 4037 3885 (τότε

2462 3911 2569 3980 γὰρ
2608 3910 2705 3978 οὐχ
2736 3910 2883 3962 ὅσιον
2929 3908 3160 3978 ζημιοῦν
3188 3910 3429 3972 ἐκείνους
3470 3910 3559 3962 διά
3586 3909 3684 3979 τὴν
3712 3907 3808 3960 τοῦ
3834 3909 4040 3976 γονέως

2463 4003 2664 4070 σιγὴν),
2694 4003 2754 4053 οὺ
2787 4000 3019 4052 κωλύσει
3049 4000 3328 4062 παντελῶς
3355 4001 3455 4071 τὴν
3496 4000 3737 4064 διάταξιν
3776 4000 3838 4052 τὸ
3869 4017 4038 4068 μονα-

2460 4092 2607 4144 δικὸν
2658 4093 2841 4160 σχῆμα
2862 4131 2877 4153 ,
2914 4092 3047 4145 ἀλλά
3080 4092 3257 4160 δῆλον,
3287 4092 3363 4153 ὡς
3414 4092 3723 4156 διατάξεται
3773 4092 3877 4162 μὲν
3912 4093 4041 4162 περὶ

2461 4182 2569 4235 τῶν
2617 4182 2820 4252 μερῶν,
2852 4181 2887 4236 ἃ
2916 4186 3026 4244 τοῖς
3069 4183 3257 4236 παισὶν
3292 4184 3378 4253 ἴσῃ
3429 4185 3522 4236 καὶ
3556 4185 3773 4254 νομίμῳ
3803 4184 4037 4253 διανομῇ

2462 4273 3005 4343 ὐποκληρωθήσεται,
3038 4274 3132 4326 τοῦ
3182 4273 3238 4325 δὲ
3275 4274 3472 4345 μέρους
3510 4272 3604 4326 τοῦ
3649 4274 3785 4343 πρὸς
3831 4275 4039 4327 ἐκεῖνον

2459 4364 2691 4435 ὁρῶντος
2717 4366 3080 4432 ἀποστήσεται
3112 4365 3144 4432 ἡ
3170 4364 3414 4429 διάταξις
3438 4402 3454 4426 ,
3490 4363 3565 4425 ὡς
3594 4363 3909 4431 ὁλοκλήρως
3941 4363 4038 4414 αὖ·

790 4451 1146 4505 monacbicus
1194 4452 1412 4506 habitus
1474 4453 1735 4522 impediat
1774 4472 1786 4506 :
1849 4455 1946 4508 sed
2001 4456 2350 4512 manifestum
2390 4465 2467 4521 1)·

2390 4465 2433 4521 ι)
2461 4455 2555 4509 τοῦ
2588 4455 2664 4524 τῷ
2693 4456 3039 4524 μοναστηρίῳ
3065 4456 3378 4524 ἀνήκοντος.
3397 4455 3558 4507 Ἀλλά
3601 4455 3697 4507 καὶ
3730 4456 3780 4505 εἰ
3807 4452 4038 4512 θάνατος

788 4544 1036 4612 estquod
1075 4546 1185 4612 (39)
1224 4546 1291 4598 de
1323 4546 1617 4598 liberorum
1652 4545 1995 4613 portionibus
2032 4548 2222 4601 testari
2257 4566 2357 4619 po-

790 4634 938 4697 terit,
971 4650 1093 4700 qtue
1125 4636 1233 4688 illis
1265 4636 1518 4704 aequabili
1569 4636 1918 4705 legitimaque
1966 4636 2244 4694 divisione
2275 4651 2358 4694 at-

791 4723 1124 4777 tribuuntur.
1171 4725 1302 4789 Quae
1330 4741 1456 4779 vero
1512 4741 1639 4795 pars
1669 4728 1733 4779 ad
1781 4726 1956 4795 ipsum
2009 4729 2254 4797 respicit,
2303 4731 2359 4785 in

790 4826 853 4863 ua
885 4814 1194 4866 testamenti
1228 4812 1392 4867 factio
1445 4814 1659 4869 deﬁciat
1688 4833 1698 4866 :
1744 4816 1945 4884 quippe
1977 4830 2099 4882 qute
2148 4816 2357 4889 integra

791 4901 857 4955 ad
887 4904 1278 4957 monasterium
1316 4907 1603 4973 pertineat.
1638 4906 1907 4958 (lauet-um
1940 4907 1984 4959 si
2016 4924 2163 4962 mors
2183 4912 2350 4965 etiam

793 4996 875 5060 (ut
906 4995 1061 5045 multi
1111 5007 1237 5047 sunt
1284 5013 1466 5050 rerum
1523 4997 1885 5049 humanarum
1946 5002 2130 5067 casus)
2173 5002 2359 5058 subito

794 5083 1187 5152 superveniens
1265 5102 1448 5140 rerum
1503 5088 1952 5141 distributionem
2022 5088 2355 5161 intercipiat,

795 5190 970 5243 neque
1020 5186 1148 5229 tunc
1200 5179 1419 5247 quidem
1467 5193 1589 5248 qua:
1651 5178 1835 5231 liberis
1898 5190 2186 5234 succurrat
2239 5184 2357 5239 dis-

2462 4541 2571 4615 (οἷα
2602 4545 2769 4598 πολλὰ
2802 4546 2872 4598 τά
2899 4546 3233 4616 ἀνθρώπινα)
3261 4545 3527 4614 σύντομος
3554 4542 3780 4605 ἐπιστάς
3808 4545 3909 4612 τὴν
3928 4543 4037 4593 τῶν

2462 4638 2803 4709 πραγμάτων
2851 4637 3210 4708 μεσολαϐήσει
3254 4637 3535 4707 διανομὴν,
3563 4635 3674 4688 οὐδ’
3701 4633 3878 4699 οὕτως
3900 4651 4036 4687 παν-

2459 4730 2629 4793 τελῶς
2658 4728 3099 4800 ἀπαρρησίαστος
3137 4730 3170 4798 ἠ
3197 4728 3307 4781 τῶν
3338 4729 3684 4799 πραγμάτων
3717 4732 3831 4791 τοῖς
3878 4730 4037 4782 παισὶ

2465 4822 2732 4893 βοηθοῦσα
2763 4822 3050 4890 διοίκησις,
3075 4820 3211 4874 ἀλλά
3242 4822 3381 4874 κατά
3406 4820 3498 4874 τὸν
3524 4820 3812 4891 εἰρημένον
3833 4821 4035 4890 τρόπον

2463 4915 2533 4968 τά
2557 4915 2764 4975 τούτοις
2807 4914 3151 4982 προσήκοντα
3185 4912 3400 4981 νομίμῳ
3440 4912 3633 4980 δικαίῳ
3666 4912 4031 4981 ἀφορισθήσε-

2465 5025 2573 5069 ται,
2623 5005 2684 5056 ab
2729 5005 2774 5055 δ’
2818 5004 3093 5055 ἐπίλοιπον
3138 5005 3237 5072 τῆς
3286 5002 3569 5073 ὑπάρξεως
3616 5002 3957 5055 οἰκειώσεται

2469 5098 2627 5169 μονή.
2648 5097 2805 5149 Ἀλλὰ
2832 5096 2940 5164 γὰρ
2961 5096 3132 5148 ταῦτα
3153 5096 3281 5165 περὶ
3300 5096 3397 5165 τῆς
3420 5094 3524 5162 πρὸ
3546 5094 3638 5147 τοῦ
3665 5095 3891 5165 μονάδος
3918 5096 4029 5165 βίον

2465 5190 2542 5259 τῷ
2562 5187 2833 5259 ἀνθρώπῳ
2860 5186 3163 5255 προσούσης
3193 5185 3528 5257 περιουσίας.
3546 5185 3659 5252 Ἐφ’
3677 5177 3721 5249 ᾧ
3744 5185 3799 5238 δὲ
3829 5186 3861 5253 ἡ
3884 5186 4030 5253 ὑμῶν

2088 5346 2316 5403 VABIE
2352 5348 2640 5405 LECTION
2648 5348 2746 5403 ES.

857 5458 900 5486 ’³
939 5456 1168 5527 Scrimg.
1226 5459 1434 5513 τούτου.
1517 5462 1559 5491 ³³
1587 5460 1879 5517 Justiniani
1907 5463 2040 5519 Nov.
2092 5468 2211 5529 125,
2263 5485 2316 5522 c.
2348 5468 2438 5524 58.

2309 5577 2514 5634 NOTA'.‘
2524 5619 2536 5631 .

867 5660 1131 5751 (Ἠλείων
1163 5662 1328 5751 vitici:
1372 5663 1619 5751 Illo-l’l‘ilcllj
1653 5666 1837 5751 testati
1898 5680 2002 5719 non
2060 5677 2329 5751 poterant.

796 5728 925 5784 Sim.
956 5730 1007 5793 5,
1044 5748 1162 5799 cap.
1284 5729 1419 5786 Nov.
1452 5734 1536 5785 7U.
1569 5731 1699 5785 Nuv.
1730 5734 1828 5788 125
1852 5776 1866 5801 ,
1909 5752 2026 5804 t‘ap.
2060 5728 2155 5792 '58.

2535 5670 2624 5741 38)
2805 5670 3119 5741 μοναστικῷ
3168 5673 3288 5741 βίῳ.

2535 5740 2647 5810 (59)
2679 5738 2961 5794 νιιΙᾹΝον.
2994 5738 3178 5805 76,’ἰιι’
3206 5738 3297 5797 lin.
3335 5742 3449 5796 Nov
3500 5743 3620 5806 123,
3649 5758 3770 5811 cap.
3798 5744 3889 5798 Z8.
