  <div class='ocr_page' id='page_1' title='image "/cluster/home/n/w/nwhite01/storage/ocr_20150623/107/nnc1.0046980040/280.png"; bbox 0 0 4248 6442; ppageno 0'>
   <div class='ocr_carea' id='block_1_1' title="bbox 223 401 325 462">
    <p class='ocr_par' dir='ltr' id='par_1_1' title="bbox 223 401 325 462">
     <span class='ocr_line' id='line_1_1' title="bbox 223 401 325 462; baseline 0.029 -3"><span class='ocrx_word' id='word_1_1' title='bbox 223 401 325 462; x_wconf 70' lang='grc'><strong>43⁵1</strong></span> 
     </span>
    </p>
   </div>
   <div class='ocr_carea' id='block_1_2' title="bbox 1354 403 2420 468">
    <p class='ocr_par' dir='ltr' id='par_1_2' title="bbox 1354 403 2420 468">
     <span class='ocr_line' id='line_1_2' title="bbox 1354 403 2420 468; baseline 0.008 -9"><span class='ocrx_word' id='word_1_2' title='bbox 1354 403 1715 462; x_wconf 71' lang='lat' dir='ltr'><strong>NUVELL/E</strong></span> <span class='ocrx_word' id='word_1_3' title='bbox 1755 404 2420 468; x_wconf 77' lang='lat' dir='ltr'><strong>CONSTITUTIONES.</strong></span> 
     </span>
    </p>
   </div>
   <div class='ocr_carea' id='block_1_3' title="bbox 3375 414 3480 476">
    <p class='ocr_par' dir='ltr' id='par_1_3' title="bbox 3375 414 3480 476">
     <span class='ocr_line' id='line_1_3' title="bbox 3375 414 3480 476; baseline 0.019 -2"><span class='ocrx_word' id='word_1_4' title='bbox 3375 414 3480 476; x_wconf 73' lang='lat'><strong>438</strong></span> 
     </span>
    </p>
   </div>
   <div class='ocr_carea' id='block_1_4' title="bbox 221 509 1793 584">
    <p class='ocr_par' dir='ltr' id='par_1_4' title="bbox 221 509 1793 581">
     <span class='ocr_line' id='line_1_4' title="bbox 221 509 1793 581; baseline -0.003 -18"><span class='ocrx_word' id='word_1_5' title='bbox 221 513 466 580; x_wconf 77' lang='grc' dir='ltr'>πατρική</span> <span class='ocrx_word' id='word_1_6' title='bbox 499 513 835 578; x_wconf 69' lang='grc' dir='ltr'>μακαριότης</span> <span class='ocrx_word' id='word_1_7' title='bbox 863 509 1058 576; x_wconf 67' lang='grc' dir='ltr'>ὴξὲωσε</span> <span class='ocrx_word' id='word_1_8' title='bbox 1103 512 1162 562; x_wconf 64' lang='grc' dir='ltr'><strong>τὸ</strong></span> <span class='ocrx_word' id='word_1_9' title='bbox 1207 513 1486 580; x_wconf 81' lang='grc' dir='ltr'>θέσπισμα</span> <span class='ocrx_word' id='word_1_10' title='bbox 1516 517 1793 581; x_wconf 75' lang='grc' dir='ltr'>προελθεῖν</span> 
     </span>
    </p>
   </div>
   <div class='ocr_carea' id='block_1_5' title="bbox 1816 509 3479 584">
    <p class='ocr_par' dir='ltr' id='par_1_5' title="bbox 1831 519 3479 584">
     <span class='ocr_line' id='line_1_5' title="bbox 1831 519 3479 584; baseline 0.001 -12"><span class='ocrx_word' id='word_1_11' title='bbox 1831 519 1874 572; x_wconf 80' lang='grc' dir='ltr'><strong>Α</strong></span> <span class='ocrx_word' id='word_1_12' title='bbox 1917 519 2115 584; x_wconf 75' lang='lat' dir='ltr'><strong>positio</strong></span> <span class='ocrx_word' id='word_1_13' title='bbox 2187 521 2416 572; x_wconf 91' lang='lat' dir='ltr'><strong>omnino</strong></span> <span class='ocrx_word' id='word_1_14' title='bbox 2477 522 2820 576; x_wconf 88' lang='lat' dir='ltr'><strong>conticebit:</strong></span> <span class='ocrx_word' id='word_1_15' title='bbox 2886 521 2980 576; x_wconf 85' lang='lat' dir='ltr'><strong>sed</strong></span> <span class='ocrx_word' id='word_1_16' title='bbox 3032 521 3334 576; x_wconf 86' lang='lat' dir='ltr'><strong>secundum</strong></span> <span class='ocrx_word' id='word_1_17' title='bbox 3393 525 3479 575; x_wconf 81' lang='lat' dir='ltr'><strong>tli-</strong></span> 
     </span>
    </p>
   </div>
   <div class='ocr_carea' id='block_1_6' title="bbox 221 599 1796 673">
    <p class='ocr_par' dir='ltr' id='par_1_6' title="bbox 221 599 1796 673">
     <span class='ocr_line' id='line_1_6' title="bbox 221 599 1796 673; baseline 0.001 -19"><span class='ocrx_word' id='word_1_18' title='bbox 221 605 392 671; x_wconf 70' lang='grc' dir='ltr'><strong>(τρημὶ</strong></span> <span class='ocrx_word' id='word_1_19' title='bbox 423 603 488 672; x_wconf 73' lang='grc' dir='ltr'>δὴ</span> <span class='ocrx_word' id='word_1_20' title='bbox 517 604 609 656; x_wconf 75' lang='grc' dir='ltr'>επὶ</span> <span class='ocrx_word' id='word_1_21' title='bbox 641 604 751 664; x_wconf 85' lang='grc' dir='ltr'>τοῖς</span> <span class='ocrx_word' id='word_1_22' title='bbox 783 599 1009 669; x_wconf 77' lang='grc' dir='ltr'>ὕστερον</span> <span class='ocrx_word' id='word_1_23' title='bbox 1042 604 1135 654; x_wconf 77' lang='grc' dir='ltr'>τοὺ</span> <span class='ocrx_word' id='word_1_24' title='bbox 1166 603 1390 670; x_wconf 75' lang='grc' dir='ltr'><strong>μονάδος</strong></span> <span class='ocrx_word' id='word_1_25' title='bbox 1421 604 1538 672; x_wconf 82' lang='grc' dir='ltr'>βίου</span> <span class='ocrx_word' id='word_1_26' title='bbox 1569 622 1796 673; x_wconf 86' lang='grc' dir='ltr'>προσγι-</span> 
     </span>
    </p>
   </div>
   <div class='ocr_carea' id='block_1_7' title="bbox 221 693 1794 763">
    <p class='ocr_par' dir='ltr' id='par_1_7' title="bbox 221 693 1794 763">
     <span class='ocr_line' id='line_1_7' title="bbox 221 693 1794 763; baseline 0.001 -17"><span class='ocrx_word' id='word_1_27' title='bbox 221 695 466 761; x_wconf 80' lang='grc' dir='ltr'>νομὲνοις</span> <span class='ocrx_word' id='word_1_28' title='bbox 515 694 868 763; x_wconf 82' lang='grc' dir='ltr'><strong>πράγμασι),</strong></span> <span class='ocrx_word' id='word_1_29' title='bbox 901 693 1058 746; x_wconf 80' lang='grc' dir='ltr'>τοῦτο</span> <span class='ocrx_word' id='word_1_30' title='bbox 1100 694 1448 762; x_wconf 77' lang='grc' dir='ltr'>θεσπίζομεν,</span> <span class='ocrx_word' id='word_1_31' title='bbox 1481 695 1542 746; x_wconf 86' lang='grc' dir='ltr'>τὸ</span> <span class='ocrx_word' id='word_1_32' title='bbox 1587 697 1651 746; x_wconf 82' lang='grc' dir='ltr'>ἐκ</span> <span class='ocrx_word' id='word_1_33' title='bbox 1701 693 1794 748; x_wconf 79' lang='grc' dir='ltr'><strong>τοῦ</strong></span> 
     </span>
    </p>
   </div>
   <div class='ocr_carea' id='block_1_8' title="bbox 219 783 1798 854">
    <p class='ocr_par' dir='ltr' id='par_1_8' title="bbox 219 783 1798 854">
     <span class='ocr_line' id='line_1_8' title="bbox 219 783 1798 854; baseline 0.001 -18"><span class='ocrx_word' id='word_1_34' title='bbox 219 783 417 854; x_wconf 82' lang='grc' dir='ltr'>καιροῦ</span> <span class='ocrx_word' id='word_1_35' title='bbox 464 785 558 838; x_wconf 82' lang='grc' dir='ltr'><strong>τοῦ</strong></span> <span class='ocrx_word' id='word_1_36' title='bbox 617 784 737 836; x_wconf 81' lang='grc' dir='ltr'>καθ’</span> <span class='ocrx_word' id='word_1_37' title='bbox 783 784 842 837; x_wconf 86' lang='grc' dir='ltr'><strong>ὃν</strong></span> <span class='ocrx_word' id='word_1_38' title='bbox 892 785 1067 837; x_wconf 79' lang='grc' dir='ltr'>εἵλετο</span> <span class='ocrx_word' id='word_1_39' title='bbox 1110 785 1207 854; x_wconf 83' lang='grc' dir='ltr'>τὴν</span> <span class='ocrx_word' id='word_1_40' title='bbox 1261 787 1468 854; x_wconf 85' lang='grc' dir='ltr'><strong>μονήρη</strong></span> <span class='ocrx_word' id='word_1_41' title='bbox 1524 785 1798 838; x_wconf 72' lang='grc' dir='ltr'><strong>πολιτείαν</strong></span> 
     </span>
    </p>
   </div>
   <div class='ocr_carea' id='block_1_9' title="bbox 219 873 1800 944">
    <p class='ocr_par' dir='ltr' id='par_1_9' title="bbox 219 873 1800 944">
     <span class='ocr_line' id='line_1_9' title="bbox 219 873 1800 944; baseline 0.003 -19"><span class='ocrx_word' id='word_1_42' title='bbox 219 873 521 943; x_wconf 67' lang='grc' dir='ltr'>προῖοὼτης</span> <span class='ocrx_word' id='word_1_43' title='bbox 553 873 650 943; x_wconf 81' lang='grc' dir='ltr'>τῆς</span> <span class='ocrx_word' id='word_1_44' title='bbox 693 873 1032 942; x_wconf 78' lang='grc' dir='ltr'><strong>διασκέψεως</strong></span> <span class='ocrx_word' id='word_1_45' title='bbox 1073 873 1317 940; x_wconf 84' lang='grc' dir='ltr'>γίνεσθαι</span> <span class='ocrx_word' id='word_1_46' title='bbox 1350 874 1479 944; x_wconf 79' lang='grc' dir='ltr'>περὶ</span> <span class='ocrx_word' id='word_1_47' title='bbox 1510 874 1618 926; x_wconf 83' lang='grc' dir='ltr'><strong>τῶν</strong></span> <span class='ocrx_word' id='word_1_48' title='bbox 1662 877 1800 944; x_wconf 74' lang='grc' dir='ltr'>μετὰ</span> 
     </span>
    </p>
   </div>
   <div class='ocr_carea' id='block_1_10' title="bbox 219 965 1800 1040">
    <p class='ocr_par' dir='ltr' id='par_1_10' title="bbox 219 965 1800 1040">
     <span class='ocr_line' id='line_1_10' title="bbox 219 965 1800 1040; baseline 0.001 -22"><span class='ocrx_word' id='word_1_49' title='bbox 219 966 396 1018; x_wconf 79' lang='grc' dir='ltr'>ταῦτα</span> <span class='ocrx_word' id='word_1_50' title='bbox 432 966 881 1035; x_wconf 84' lang='grc' dir='ltr'>προσκτηθέντων</span> <span class='ocrx_word' id='word_1_51' title='bbox 910 965 1059 1034; x_wconf 83' lang='grc' dir='ltr'><strong>αὑτῷ</strong></span> <span class='ocrx_word' id='word_1_52' title='bbox 1106 965 1204 1036; x_wconf 80' lang='grc' dir='ltr'>τὴν</span> <span class='ocrx_word' id='word_1_53' title='bbox 1253 966 1548 1038; x_wconf 74' lang='grc' dir='ltr'><strong>διάκρισιν.</strong></span> <span class='ocrx_word' id='word_1_54' title='bbox 1585 969 1659 1020; x_wconf 77' lang='grc' dir='ltr'><strong>Οὐ</strong></span> <span class='ocrx_word' id='word_1_55' title='bbox 1693 970 1800 1040; x_wconf 68' lang='grc' dir='ltr'>γὰρ</span> 
     </span>
    </p>
   </div>
   <div class='ocr_carea' id='block_1_11' title="bbox 217 1055 1802 1128">
    <p class='ocr_par' dir='ltr' id='par_1_11' title="bbox 217 1055 1802 1128">
     <span class='ocr_line' id='line_1_11' title="bbox 217 1055 1802 1128; baseline 0.002 -20"><span class='ocrx_word' id='word_1_56' title='bbox 217 1056 356 1109; x_wconf 80' lang='grc' dir='ltr'>διότι</span> <span class='ocrx_word' id='word_1_57' title='bbox 384 1058 447 1109; x_wconf 87' lang='grc' dir='ltr'>ὲκ</span> <span class='ocrx_word' id='word_1_58' title='bbox 472 1057 569 1126; x_wconf 79' lang='grc' dir='ltr'>τῆς</span> <span class='ocrx_word' id='word_1_59' title='bbox 596 1056 789 1125; x_wconf 85' lang='grc' dir='ltr'><strong>λαῖκῆς</strong></span> <span class='ocrx_word' id='word_1_60' title='bbox 814 1055 1038 1125; x_wconf 80' lang='grc' dir='ltr'>ἀγωγῆς</span> <span class='ocrx_word' id='word_1_61' title='bbox 1067 1057 1201 1126; x_wconf 73' lang='grc' dir='ltr'>πρὸς</span> <span class='ocrx_word' id='word_1_62' title='bbox 1228 1056 1329 1127; x_wconf 82' lang='grc' dir='ltr'>τὴν</span> <span class='ocrx_word' id='word_1_63' title='bbox 1354 1057 1646 1127; x_wconf 86' lang='grc' dir='ltr'>μοναδικὴν</span> <span class='ocrx_word' id='word_1_64' title='bbox 1673 1060 1802 1128; x_wconf 79' lang='grc' dir='ltr'>μεθ-</span> 
     </span>
    </p>
   </div>
   <div class='ocr_carea' id='block_1_12' title="bbox 221 1146 1801 1218">
    <p class='ocr_par' dir='ltr' id='par_1_12' title="bbox 221 1146 1801 1218">
     <span class='ocr_line' id='line_1_12' title="bbox 221 1146 1801 1218; baseline 0.001 -20"><span class='ocrx_word' id='word_1_65' title='bbox 221 1147 532 1216; x_wconf 81' lang='grc' dir='ltr'>ιστάμενος,</span> <span class='ocrx_word' id='word_1_66' title='bbox 563 1147 612 1198; x_wconf 83' lang='grc' dir='ltr'><strong>εί</strong></span> <span class='ocrx_word' id='word_1_67' title='bbox 655 1147 731 1216; x_wconf 78' lang='grc' dir='ltr'><strong>μὴ</strong></span> <span class='ocrx_word' id='word_1_68' title='bbox 763 1147 1025 1217; x_wconf 89' lang='grc' dir='ltr'>πρότερον</span> <span class='ocrx_word' id='word_1_69' title='bbox 1046 1146 1366 1210; x_wconf 88' lang='grc' dir='ltr'>διατίθοιτο,</span> <span class='ocrx_word' id='word_1_70' title='bbox 1397 1147 1499 1217; x_wconf 80' lang='grc' dir='ltr'>τὴν</span> <span class='ocrx_word' id='word_1_71' title='bbox 1528 1148 1622 1200; x_wconf 84' lang='grc' dir='ltr'><strong>τοῦ</strong></span> <span class='ocrx_word' id='word_1_72' title='bbox 1661 1148 1801 1218; x_wconf 86' lang='grc' dir='ltr'><strong>μετά</strong></span> 
     </span>
    </p>
   </div>
   <div class='ocr_carea' id='block_1_13' title="bbox 216 1236 1800 1305">
    <p class='ocr_par' dir='ltr' id='par_1_13' title="bbox 216 1236 1800 1305">
     <span class='ocr_line' id='line_1_13' title="bbox 216 1236 1800 1305; baseline -0.001 -16"><span class='ocrx_word' id='word_1_73' title='bbox 216 1236 392 1290; x_wconf 83' lang='grc' dir='ltr'>ταῦτα</span> <span class='ocrx_word' id='word_1_74' title='bbox 420 1236 752 1289; x_wconf 75' lang='grc' dir='ltr'><strong>διατίθεσθαι</strong></span> <span class='ocrx_word' id='word_1_75' title='bbox 783 1238 1096 1305; x_wconf 82' lang='grc' dir='ltr'>ἀφαιρεῖται</span> <span class='ocrx_word' id='word_1_76' title='bbox 1126 1237 1340 1300; x_wconf 82' lang='grc' dir='ltr'>ἄδειαν,</span> <span class='ocrx_word' id='word_1_77' title='bbox 1367 1237 1454 1290; x_wconf 73' lang='grc' dir='ltr'>διὰ</span> <span class='ocrx_word' id='word_1_78' title='bbox 1502 1237 1661 1289; x_wconf 84' lang='grc' dir='ltr'>τοῦτο</span> <span class='ocrx_word' id='word_1_79' title='bbox 1706 1238 1800 1289; x_wconf 75' lang='grc' dir='ltr'>καὶ</span> 
     </span>
    </p>
   </div>
   <div class='ocr_carea' id='block_1_14' title="bbox 222 1329 1796 1400">
    <p class='ocr_par' dir='ltr' id='par_1_14' title="bbox 222 1329 1796 1400">
     <span class='ocr_line' id='line_1_14' title="bbox 222 1329 1796 1400; baseline -0.001 -19"><span class='ocrx_word' id='word_1_80' title='bbox 222 1331 350 1398; x_wconf 81' lang='grc' dir='ltr'>περὶ</span> <span class='ocrx_word' id='word_1_81' title='bbox 397 1330 505 1381; x_wconf 83' lang='grc' dir='ltr'><strong>τῶν</strong></span> <span class='ocrx_word' id='word_1_82' title='bbox 537 1329 765 1400; x_wconf 79' lang='grc' dir='ltr'>ὕστερον</span> <span class='ocrx_word' id='word_1_83' title='bbox 800 1329 1100 1397; x_wconf 79' lang='grc' dir='ltr'><strong>γεγονότων</strong></span> <span class='ocrx_word' id='word_1_84' title='bbox 1127 1330 1330 1396; x_wconf 76' lang='grc' dir='ltr'><strong>ὁρίζειν</strong></span> <span class='ocrx_word' id='word_1_85' title='bbox 1365 1329 1590 1381; x_wconf 78' lang='grc' dir='ltr'>καθόλου</span> <span class='ocrx_word' id='word_1_86' title='bbox 1622 1330 1796 1380; x_wconf 82' lang='grc' dir='ltr'>κωλυ-</span> 
     </span>
    </p>
   </div>
   <div class='ocr_carea' id='block_1_15' title="bbox 215 1417 1793 1488">
    <p class='ocr_par' dir='ltr' id='par_1_15' title="bbox 215 1417 1793 1488">
     <span class='ocr_line' id='line_1_15' title="bbox 215 1417 1793 1488; baseline 0 -20"><span class='ocrx_word' id='word_1_87' title='bbox 215 1417 356 1483; x_wconf 88' lang='grc' dir='ltr'>θείη.</span> <span class='ocrx_word' id='word_1_88' title='bbox 377 1418 524 1469; x_wconf 83' lang='grc' dir='ltr'>Ἐκεῖ</span> <span class='ocrx_word' id='word_1_89' title='bbox 554 1418 653 1486; x_wconf 85' lang='grc' dir='ltr'><strong>μὲν</strong></span> <span class='ocrx_word' id='word_1_90' title='bbox 687 1418 796 1486; x_wconf 86' lang='grc' dir='ltr'><strong>γὰρ</strong></span> <span class='ocrx_word' id='word_1_91' title='bbox 835 1417 1072 1485; x_wconf 76' lang='grc' dir='ltr'><strong>εὐλόγως</strong></span> <span class='ocrx_word' id='word_1_92' title='bbox 1101 1419 1366 1488; x_wconf 75' lang='grc' dir='ltr'>ἀφῃρεῖτο</span> <span class='ocrx_word' id='word_1_93' title='bbox 1395 1417 1494 1488; x_wconf 84' lang='grc' dir='ltr'>τὴν</span> <span class='ocrx_word' id='word_1_94' title='bbox 1527 1417 1793 1482; x_wconf 77' lang='grc' dir='ltr'><strong>ἐξουσίαν,</strong></span> 
     </span>
    </p>
   </div>
   <div class='ocr_carea' id='block_1_16' title="bbox 214 1509 1794 1580">
    <p class='ocr_par' dir='ltr' id='par_1_16' title="bbox 214 1509 1794 1580">
     <span class='ocr_line' id='line_1_16' title="bbox 214 1509 1794 1580; baseline -0.001 -19"><span class='ocrx_word' id='word_1_95' title='bbox 214 1512 338 1562; x_wconf 77' lang='grc' dir='ltr'>ἐπεὶ</span> <span class='ocrx_word' id='word_1_96' title='bbox 356 1513 413 1561; x_wconf 80' lang='grc' dir='ltr'><strong>ὲν</strong></span> <span class='ocrx_word' id='word_1_97' title='bbox 436 1509 584 1580; x_wconf 82' lang='grc' dir='ltr'><strong>αὑτῷ</strong></span> <span class='ocrx_word' id='word_1_98' title='bbox 597 1509 656 1561; x_wconf 79' lang='grc' dir='ltr'><strong>ὃν</strong></span> <span class='ocrx_word' id='word_1_99' title='bbox 679 1509 1071 1579; x_wconf 79' lang='grc' dir='ltr'>βουλεύσασθαι</span> <span class='ocrx_word' id='word_1_100' title='bbox 1089 1509 1170 1560; x_wconf 78' lang='grc' dir='ltr'>ἔτι</span> <span class='ocrx_word' id='word_1_101' title='bbox 1188 1510 1580 1578; x_wconf 72' lang='grc' dir='ltr'><strong>χρηματίζοντι</strong></span> <span class='ocrx_word' id='word_1_102' title='bbox 1602 1509 1794 1578; x_wconf 81' lang='grc' dir='ltr'><strong>λαῖκῴ,</strong></span> 
     </span>
    </p>
   </div>
   <div class='ocr_carea' id='block_1_17' title="bbox 212 1600 1795 1670">
    <p class='ocr_par' dir='ltr' id='par_1_17' title="bbox 212 1600 1795 1670">
     <span class='ocr_line' id='line_1_17' title="bbox 212 1600 1795 1670; baseline 0 -18"><span class='ocrx_word' id='word_1_103' title='bbox 212 1601 292 1670; x_wconf 84' lang='grc' dir='ltr'>τῷ</span> <span class='ocrx_word' id='word_1_104' title='bbox 345 1602 419 1670; x_wconf 80' lang='grc' dir='ltr'>μὴ</span> <span class='ocrx_word' id='word_1_105' title='bbox 463 1601 622 1653; x_wconf 81' lang='grc' dir='ltr'>τοῦτο</span> <span class='ocrx_word' id='word_1_106' title='bbox 667 1600 870 1670; x_wconf 74' lang='grc' dir='ltr'>πρᾶξαι</span> <span class='ocrx_word' id='word_1_107' title='bbox 904 1601 1065 1661; x_wconf 77' lang='grc' dir='ltr'>αὐτὸς</span> <span class='ocrx_word' id='word_1_108' title='bbox 1112 1601 1306 1652; x_wconf 76' lang='grc' dir='ltr'>ἑαυτὸν</span> <span class='ocrx_word' id='word_1_109' title='bbox 1338 1601 1416 1661; x_wconf 87' lang='grc' dir='ltr'><strong>είς</strong></span> <span class='ocrx_word' id='word_1_110' title='bbox 1456 1601 1612 1651; x_wconf 78' lang='grc' dir='ltr'>τοῦτο</span> <span class='ocrx_word' id='word_1_111' title='bbox 1642 1617 1795 1670; x_wconf 82' lang='grc' dir='ltr'>περι-</span> 
     </span>
    </p>
   </div>
   <div class='ocr_carea' id='block_1_18' title="bbox 215 1690 1796 1761">
    <p class='ocr_par' dir='ltr' id='par_1_18' title="bbox 215 1690 1796 1761">
     <span class='ocr_line' id='line_1_18' title="bbox 215 1690 1796 1761; baseline 0.002 -19"><span class='ocrx_word' id='word_1_112' title='bbox 215 1693 462 1760; x_wconf 86' lang='grc' dir='ltr'>ίστησιν·</span> <span class='ocrx_word' id='word_1_113' title='bbox 501 1690 737 1744; x_wconf 70' lang='grc' dir='ltr'>ἐνταῦθα</span> <span class='ocrx_word' id='word_1_114' title='bbox 771 1692 827 1744; x_wconf 79' lang='grc' dir='ltr'>δὲ</span> <span class='ocrx_word' id='word_1_115' title='bbox 870 1693 973 1744; x_wconf 71' lang='grc' dir='ltr'><strong>οὐκ</strong></span> <span class='ocrx_word' id='word_1_116' title='bbox 1009 1692 1156 1745; x_wconf 78' lang='grc' dir='ltr'>ἔστιν</span> <span class='ocrx_word' id='word_1_117' title='bbox 1188 1694 1393 1761; x_wconf 83' lang='grc' dir='ltr'><strong>ὅμοιον,</strong></span> <span class='ocrx_word' id='word_1_118' title='bbox 1439 1694 1577 1747; x_wconf 78' lang='grc' dir='ltr'>ὥστε</span> <span class='ocrx_word' id='word_1_119' title='bbox 1633 1695 1796 1745; x_wconf 77' lang='grc' dir='ltr'>αὐτόν</span> 
     </span>
    </p>
   </div>
   <div class='ocr_carea' id='block_1_19' title="bbox 207 1781 1795 1853">
    <p class='ocr_par' dir='ltr' id='par_1_19' title="bbox 207 1781 1795 1853">
     <span class='ocr_line' id='line_1_19' title="bbox 207 1781 1795 1853; baseline 0.002 -21"><span class='ocrx_word' id='word_1_120' title='bbox 207 1798 334 1833; x_wconf 78' lang='grc' dir='ltr'>τινα</span> <span class='ocrx_word' id='word_1_121' title='bbox 364 1781 454 1848; x_wconf 75' lang='grc' dir='ltr'><strong>ὑφ’</strong></span> <span class='ocrx_word' id='word_1_122' title='bbox 481 1781 680 1833; x_wconf 75' lang='grc' dir='ltr'>ἑαυτοῦ</span> <span class='ocrx_word' id='word_1_123' title='bbox 713 1781 744 1850; x_wconf 75' lang='grc' dir='ltr'>ἢ</span> <span class='ocrx_word' id='word_1_124' title='bbox 775 1782 863 1850; x_wconf 61' lang='grc' dir='ltr'><strong>ὑφ’</strong></span> <span class='ocrx_word' id='word_1_125' title='bbox 891 1782 1078 1852; x_wconf 79' lang='grc' dir='ltr'>ἑτέρου</span> <span class='ocrx_word' id='word_1_126' title='bbox 1103 1783 1486 1853; x_wconf 83' lang='grc' dir='ltr'>ἀπείργεσθαι.</span> <span class='ocrx_word' id='word_1_127' title='bbox 1524 1784 1585 1836; x_wconf 80' lang='grc' dir='ltr'><strong>ΕΞ</strong></span> <span class='ocrx_word' id='word_1_128' title='bbox 1629 1783 1684 1837; x_wconf 82' lang='grc' dir='ltr'>δέ</span> <span class='ocrx_word' id='word_1_129' title='bbox 1713 1801 1795 1844; x_wconf 86' lang='grc' dir='ltr'><strong>τις</strong></span> 
     </span>
    </p>
   </div>
   <div class='ocr_carea' id='block_1_20' title="bbox 208 1873 1794 1945">
    <p class='ocr_par' dir='ltr' id='par_1_20' title="bbox 208 1873 1794 1945">
     <span class='ocr_line' id='line_1_20' title="bbox 208 1873 1794 1945; baseline 0.003 -20"><span class='ocrx_word' id='word_1_130' title='bbox 208 1873 380 1940; x_wconf 80' lang='grc' dir='ltr'>λέγοι,</span> <span class='ocrx_word' id='word_1_131' title='bbox 399 1875 481 1926; x_wconf 86' lang='grc' dir='ltr'><strong>ὅτι</strong></span> <span class='ocrx_word' id='word_1_132' title='bbox 507 1873 594 1926; x_wconf 78' lang='grc' dir='ltr'>διὰ</span> <span class='ocrx_word' id='word_1_133' title='bbox 615 1875 774 1928; x_wconf 72' lang='grc' dir='ltr'>τοῦτο</span> <span class='ocrx_word' id='word_1_134' title='bbox 794 1877 974 1944; x_wconf 80' lang='grc' dir='ltr'>μόνον,</span> <span class='ocrx_word' id='word_1_135' title='bbox 997 1878 1080 1928; x_wconf 85' lang='grc' dir='ltr'>ὅτι</span> <span class='ocrx_word' id='word_1_136' title='bbox 1109 1877 1358 1945; x_wconf 75' lang='grc' dir='ltr'>μονάζων</span> <span class='ocrx_word' id='word_1_137' title='bbox 1385 1879 1553 1938; x_wconf 71' lang='grc' dir='ltr'>ἐστὶν,</span> <span class='ocrx_word' id='word_1_138' title='bbox 1579 1878 1794 1932; x_wconf 74' lang='grc' dir='ltr'>ἅπαντα</span> 
     </span>
    </p>
   </div>
   <div class='ocr_carea' id='block_1_21' title="bbox 207 1966 1795 2038">
    <p class='ocr_par' dir='ltr' id='par_1_21' title="bbox 207 1966 1795 2038">
     <span class='ocr_line' id='line_1_21' title="bbox 207 1966 1795 2038; baseline 0.004 -22"><span class='ocrx_word' id='word_1_139' title='bbox 207 1966 437 2034; x_wconf 66' lang='grc' dir='ltr'>λήψεται</span> <span class='ocrx_word' id='word_1_140' title='bbox 475 1967 507 2035; x_wconf 79' lang='grc' dir='ltr'>ἡ</span> <span class='ocrx_word' id='word_1_141' title='bbox 542 1967 677 2036; x_wconf 85' lang='grc' dir='ltr'>μονὴ</span> <span class='ocrx_word' id='word_1_142' title='bbox 700 2009 714 2030; x_wconf 84' lang='grc'><strong>,</strong></span> <span class='ocrx_word' id='word_1_143' title='bbox 745 1968 844 2020; x_wconf 82' lang='grc' dir='ltr'><strong>οὐκ</strong></span> <span class='ocrx_word' id='word_1_144' title='bbox 886 1967 1002 2020; x_wconf 77' lang='grc' dir='ltr'>οἶδα</span> <span class='ocrx_word' id='word_1_145' title='bbox 1049 1971 1097 2020; x_wconf 85' lang='grc' dir='ltr'>εί</span> <span class='ocrx_word' id='word_1_146' title='bbox 1143 1971 1424 2038; x_wconf 79' lang='grc' dir='ltr'><strong>πρέποντα</strong></span> <span class='ocrx_word' id='word_1_147' title='bbox 1452 1973 1742 2037; x_wconf 84' lang='grc' dir='ltr'>μονασταῖς</span> <span class='ocrx_word' id='word_1_148' title='bbox 1768 1972 1795 2022; x_wconf 74' lang='grc' dir='ltr'>ὁ</span> 
     </span>
    </p>
   </div>
   <div class='ocr_carea' id='block_1_22' title="bbox 1903 611 3481 682">
    <p class='ocr_par' dir='ltr' id='par_1_22' title="bbox 1903 611 3481 682">
     <span class='ocr_line' id='line_1_22' title="bbox 1903 611 3481 682; baseline 0.002 -23"><span class='ocrx_word' id='word_1_149' title='bbox 1903 619 2050 660; x_wconf 90' lang='lat' dir='ltr'><strong>ctum</strong></span> <span class='ocrx_word' id='word_1_150' title='bbox 2134 611 2394 673; x_wconf 88' lang='lat' dir='ltr'><strong>modum,</strong></span> <span class='ocrx_word' id='word_1_151' title='bbox 2475 627 2596 679; x_wconf 68' lang='lat' dir='ltr'><strong>quae</strong></span> <span class='ocrx_word' id='word_1_152' title='bbox 2671 613 2736 664; x_wconf 90' lang='lat' dir='ltr'><strong>ad</strong></span> <span class='ocrx_word' id='word_1_153' title='bbox 2805 613 2929 667; x_wconf 90' lang='lat' dir='ltr'><strong>illos</strong></span> <span class='ocrx_word' id='word_1_154' title='bbox 3013 613 3289 682; x_wconf 89' lang='lat' dir='ltr'><strong>pertinent</strong></span> <span class='ocrx_word' id='word_1_155' title='bbox 3346 613 3481 680; x_wconf 73' lang='lat' dir='ltr'><strong>legi-</strong></span> 
     </span>
    </p>
   </div>
   <div class='ocr_carea' id='block_1_23' title="bbox 1904 697 3486 768">
    <p class='ocr_par' dir='ltr' id='par_1_23' title="bbox 1904 697 3486 768">
     <span class='ocr_line' id='line_1_23' title="bbox 1904 697 3486 768; baseline 0.004 -20"><span class='ocrx_word' id='word_1_156' title='bbox 1904 697 2038 749; x_wconf 91' lang='lat' dir='ltr'><strong>timo</strong></span> <span class='ocrx_word' id='word_1_157' title='bbox 2091 698 2224 765; x_wconf 83' lang='lat' dir='ltr'><strong>ipsis</strong></span> <span class='ocrx_word' id='word_1_158' title='bbox 2270 699 2424 766; x_wconf 83' lang='lat' dir='ltr'><strong>jure,</strong></span> <span class='ocrx_word' id='word_1_159' title='bbox 2488 701 2891 768; x_wconf 88' lang='lat' dir='ltr'><strong>separabuntur</strong></span> <span class='ocrx_word' id='word_1_160' title='bbox 2950 720 2965 756; x_wconf 89' lang='lat'><strong>:</strong></span> <span class='ocrx_word' id='word_1_161' title='bbox 3027 704 3305 756; x_wconf 82' lang='lat' dir='ltr'><strong>residuum</strong></span> <span class='ocrx_word' id='word_1_162' title='bbox 3385 717 3486 754; x_wconf 87' lang='lat' dir='ltr'><strong>au-</strong></span> 
     </span>
    </p>
   </div>
   <div class='ocr_carea' id='block_1_24' title="bbox 1903 787 3476 862">
    <p class='ocr_par' dir='ltr' id='par_1_24' title="bbox 1903 787 3476 862">
     <span class='ocr_line' id='line_1_24' title="bbox 1903 787 3476 862; baseline 0.004 -26"><span class='ocrx_word' id='word_1_163' title='bbox 1903 795 2007 837; x_wconf 88' lang='lat' dir='ltr'><strong>tem</strong></span> <span class='ocrx_word' id='word_1_164' title='bbox 2071 787 2330 839; x_wconf 88' lang='lat' dir='ltr'><strong>involahit</strong></span> <span class='ocrx_word' id='word_1_165' title='bbox 2384 791 2798 844; x_wconf 74' lang='lat' dir='ltr'><strong>monasterium.</strong></span> <span class='ocrx_word' id='word_1_166' title='bbox 2855 789 3027 858; x_wconf 81' lang='lat' dir='ltr'><strong>Atque</strong></span> <span class='ocrx_word' id='word_1_167' title='bbox 3084 794 3198 846; x_wconf 67' lang='lat' dir='ltr'><strong>haec</strong></span> <span class='ocrx_word' id='word_1_168' title='bbox 3252 790 3476 862; x_wconf 78' lang='lat' dir='ltr'><strong>quidem</strong></span> 
     </span>
    </p>
   </div>
   <div class='ocr_carea' id='block_1_25' title="bbox 1902 872 3481 949">
    <p class='ocr_par' dir='ltr' id='par_1_25' title="bbox 1902 872 3481 949">
     <span class='ocr_line' id='line_1_25' title="bbox 1902 872 3481 949; baseline 0.004 -23"><span class='ocrx_word' id='word_1_169' title='bbox 1902 872 1968 926; x_wconf 93' lang='lat' dir='ltr'><strong>de</strong></span> <span class='ocrx_word' id='word_1_170' title='bbox 2024 874 2173 928; x_wconf 90' lang='lat' dir='ltr'><strong>hisce</strong></span> <span class='ocrx_word' id='word_1_171' title='bbox 2221 874 2574 931; x_wconf 80' lang='lat' dir='ltr'><strong>facultatibus</strong></span> <span class='ocrx_word' id='word_1_172' title='bbox 2605 918 2620 940; x_wconf 90' lang='lat'><strong>,</strong></span> <span class='ocrx_word' id='word_1_173' title='bbox 2661 893 2800 948; x_wconf 90' lang='lat' dir='ltr'><strong>quas</strong></span> <span class='ocrx_word' id='word_1_174' title='bbox 2853 888 2980 931; x_wconf 92' lang='lat' dir='ltr'><strong>ante</strong></span> <span class='ocrx_word' id='word_1_175' title='bbox 3037 892 3345 949; x_wconf 83' lang='lat' dir='ltr'><strong>susceptam</strong></span> <span class='ocrx_word' id='word_1_176' title='bbox 3400 882 3481 933; x_wconf 56' lang='lat' dir='ltr'><strong>vi-</strong></span> 
     </span>
    </p>
   </div>
   <div class='ocr_carea' id='block_1_26' title="bbox 1901 967 3479 1037">
    <p class='ocr_par' dir='ltr' id='par_1_26' title="bbox 1901 967 3479 1037">
     <span class='ocr_line' id='line_1_26' title="bbox 1901 967 3479 1037; baseline 0.006 -22"><span class='ocrx_word' id='word_1_177' title='bbox 1901 973 2009 1015; x_wconf 84' lang='lat' dir='ltr'><strong>tam</strong></span> <span class='ocrx_word' id='word_1_178' title='bbox 2053 967 2410 1019; x_wconf 89' lang='lat' dir='ltr'><strong>monasticam</strong></span> <span class='ocrx_word' id='word_1_179' title='bbox 2466 967 2716 1037; x_wconf 85' lang='lat' dir='ltr'><strong>habuerit</strong></span> <span class='ocrx_word' id='word_1_180' title='bbox 2777 969 3111 1037; x_wconf 66' lang='lat' dir='ltr'><strong>quisquam.‘</strong></span> <span class='ocrx_word' id='word_1_181' title='bbox 3145 968 3349 1024; x_wconf 87' lang='lat' dir='ltr'><strong>Verum</strong></span> <span class='ocrx_word' id='word_1_182' title='bbox 3410 972 3479 1025; x_wconf 88' lang='lat' dir='ltr'><strong>de</strong></span> 
     </span>
    </p>
   </div>
   <div class='ocr_carea' id='block_1_27' title="bbox 1899 1036 3482 1128">
    <p class='ocr_par' dir='ltr' id='par_1_27' title="bbox 1899 1036 3482 1128">
     <span class='ocr_line' id='line_1_27' title="bbox 1899 1036 3482 1128; baseline 0.009 -27"><span class='ocrx_word' id='word_1_183' title='bbox 1899 1068 2009 1121; x_wconf 90' lang='lat' dir='ltr'><strong>quo</strong></span> <span class='ocrx_word' id='word_1_184' title='bbox 2052 1063 2276 1122; x_wconf 88' lang='lat' dir='ltr'><strong>paterna</strong></span> <span class='ocrx_word' id='word_1_185' title='bbox 2333 1064 2511 1110; x_wconf 84' lang='lat' dir='ltr'><strong>vestra</strong></span> <span class='ocrx_word' id='word_1_186' title='bbox 2582 1036 2860 1111; x_wconf 77' lang='lat' dir='ltr'><strong>beatitudo</strong></span> <span class='ocrx_word' id='word_1_187' title='bbox 2925 1036 3148 1128; x_wconf 73' lang='lat' dir='ltr'><strong>prodire</strong></span> <span class='ocrx_word' id='word_1_188' title='bbox 3207 1060 3482 1115; x_wconf 88' lang='lat' dir='ltr'><strong>decretum</strong></span> 
     </span>
    </p>
   </div>
   <div class='ocr_carea' id='block_1_28' title="bbox 1903 1145 3488 1217">
    <p class='ocr_par' dir='ltr' id='par_1_28' title="bbox 1903 1145 3488 1217">
     <span class='ocr_line' id='line_1_28' title="bbox 1903 1145 3488 1217; baseline 0.008 -22"><span class='ocrx_word' id='word_1_189' title='bbox 1903 1145 2056 1212; x_wconf 87' lang='lat' dir='ltr'><strong>petiit</strong></span> <span class='ocrx_word' id='word_1_190' title='bbox 2076 1145 2165 1214; x_wconf 77' lang='lat' dir='ltr'><strong>(de</strong></span> <span class='ocrx_word' id='word_1_191' title='bbox 2201 1146 2268 1199; x_wconf 85' lang='lat' dir='ltr'><strong>iis</strong></span> <span class='ocrx_word' id='word_1_192' title='bbox 2285 1148 2539 1200; x_wconf 85' lang='lat' dir='ltr'><strong>nimirum</strong></span> <span class='ocrx_word' id='word_1_193' title='bbox 2560 1149 2722 1203; x_wconf 86' lang='lat' dir='ltr'><strong>rebus</strong></span> <span class='ocrx_word' id='word_1_194' title='bbox 2736 1163 2856 1217; x_wconf 62' lang='lat' dir='ltr'><strong>qua!</strong></span> <span class='ocrx_word' id='word_1_195' title='bbox 2882 1152 3346 1217; x_wconf 66' lang='lat' dir='ltr'><strong>posthnonasticaa</strong></span> <span class='ocrx_word' id='word_1_196' title='bbox 3364 1154 3488 1207; x_wconf 63' lang='lat' dir='ltr'><strong>vita</strong></span> 
     </span>
    </p>
   </div>
   <div class='ocr_carea' id='block_1_29' title="bbox 1900 1236 3485 1307">
    <p class='ocr_par' dir='ltr' id='par_1_29' title="bbox 1900 1236 3485 1307">
     <span class='ocr_line' id='line_1_29' title="bbox 1900 1236 3485 1307; baseline 0.005 -18"><span class='ocrx_word' id='word_1_197' title='bbox 1900 1236 2302 1304; x_wconf 72' lang='lat' dir='ltr'><strong>Susceptionem</strong></span> <span class='ocrx_word' id='word_1_198' title='bbox 2342 1245 2742 1307; x_wconf 76' lang='lat' dir='ltr'><strong>accesserunt),</strong></span> <span class='ocrx_word' id='word_1_199' title='bbox 2799 1240 2866 1293; x_wconf 86' lang='lat' dir='ltr'><strong>de</strong></span> <span class='ocrx_word' id='word_1_200' title='bbox 2906 1256 2970 1293; x_wconf 91' lang='lat' dir='ltr'><strong>eo</strong></span> <span class='ocrx_word' id='word_1_201' title='bbox 3017 1243 3119 1295; x_wconf 91' lang='lat' dir='ltr'><strong>hoc</strong></span> <span class='ocrx_word' id='word_1_202' title='bbox 3165 1244 3485 1305; x_wconf 81' lang='lat' dir='ltr'><strong>statuimus.</strong></span> 
     </span>
    </p>
   </div>
   <div class='ocr_carea' id='block_1_30' title="bbox 1903 1327 3484 1400">
    <p class='ocr_par' dir='ltr' id='par_1_30' title="bbox 1903 1327 3484 1400">
     <span class='ocr_line' id='line_1_30' title="bbox 1903 1327 3484 1400; baseline 0.004 -22"><span class='ocrx_word' id='word_1_203' title='bbox 1903 1337 1958 1378; x_wconf 85' lang='grc' dir='ltr'><strong>ιιι</strong></span> <span class='ocrx_word' id='word_1_204' title='bbox 1981 1327 2103 1378; x_wconf 75' lang='lat' dir='ltr'><strong>inde</strong></span> <span class='ocrx_word' id='word_1_205' title='bbox 2141 1327 2210 1378; x_wconf 89' lang='lat' dir='ltr'><strong>ab</strong></span> <span class='ocrx_word' id='word_1_206' title='bbox 2239 1343 2304 1378; x_wconf 87' lang='lat' dir='ltr'><strong>eo</strong></span> <span class='ocrx_word' id='word_1_207' title='bbox 2353 1340 2594 1396; x_wconf 87' lang='lat' dir='ltr'><strong>tempore</strong></span> <span class='ocrx_word' id='word_1_208' title='bbox 2619 1348 2684 1384; x_wconf 74' lang='lat' dir='ltr'><strong>ex</strong></span> <span class='ocrx_word' id='word_1_209' title='bbox 2733 1347 2845 1400; x_wconf 90' lang='lat' dir='ltr'><strong>quo</strong></span> <span class='ocrx_word' id='word_1_210' title='bbox 2880 1334 3199 1386; x_wconf 76' lang='lat' dir='ltr'><strong>monastirze</strong></span> <span class='ocrx_word' id='word_1_211' title='bbox 3239 1336 3366 1388; x_wconf 72' lang='lat' dir='ltr'><strong>vita:</strong></span> <span class='ocrx_word' id='word_1_212' title='bbox 3395 1350 3484 1385; x_wconf 90' lang='lat' dir='ltr'><strong>ra-</strong></span> 
     </span>
    </p>
   </div>
   <div class='ocr_carea' id='block_1_31' title="bbox 1902 1418 3478 1489">
    <p class='ocr_par' dir='ltr' id='par_1_31' title="bbox 1902 1418 3478 1489">
     <span class='ocr_line' id='line_1_31' title="bbox 1902 1418 3478 1489; baseline 0.003 -20"><span class='ocrx_word' id='word_1_213' title='bbox 1902 1418 2448 1484; x_wconf 76' lang='lat' dir='ltr'><strong>ti0nemsnsceporit,</strong></span> <span class='ocrx_word' id='word_1_214' title='bbox 2491 1421 2933 1474; x_wconf 60' lang='lat' dir='ltr'><strong>consideratione</strong></span> <span class='ocrx_word' id='word_1_215' title='bbox 2967 1421 3320 1489; x_wconf 77' lang='lat' dir='ltr'><strong>procedente,</strong></span> <span class='ocrx_word' id='word_1_216' title='bbox 3355 1436 3478 1488; x_wconf 65' lang='lat' dir='ltr'><strong>qum</strong></span> 
     </span>
    </p>
   </div>
   <div class='ocr_carea' id='block_1_32' title="bbox 1903 1508 3479 1577">
    <p class='ocr_par' dir='ltr' id='par_1_32' title="bbox 1903 1508 3479 1577">
     <span class='ocr_line' id='line_1_32' title="bbox 1903 1508 3479 1577; baseline 0.005 -21"><span class='ocrx_word' id='word_1_217' title='bbox 1903 1508 2249 1574; x_wconf 84' lang='lat' dir='ltr'><strong>postmodum</strong></span> <span class='ocrx_word' id='word_1_218' title='bbox 2281 1511 2349 1561; x_wconf 87' lang='lat' dir='ltr'><strong>ah</strong></span> <span class='ocrx_word' id='word_1_219' title='bbox 2385 1510 2504 1576; x_wconf 83' lang='lat' dir='ltr'><strong>ipso</strong></span> <span class='ocrx_word' id='word_1_220' title='bbox 2535 1522 2850 1577; x_wconf 87' lang='lat' dir='ltr'><strong>comparata</strong></span> <span class='ocrx_word' id='word_1_221' title='bbox 2890 1521 3042 1574; x_wconf 87' lang='lat' dir='ltr'><strong>sunt,</strong></span> <span class='ocrx_word' id='word_1_222' title='bbox 3073 1511 3479 1564; x_wconf 83' lang='lat' dir='ltr'><strong>discernantur.</strong></span> 
     </span>
    </p>
   </div>
   <div class='ocr_carea' id='block_1_33' title="bbox 1902 1597 3480 1670">
    <p class='ocr_par' dir='ltr' id='par_1_33' title="bbox 1902 1597 3480 1670">
     <span class='ocr_line' id='line_1_33' title="bbox 1902 1597 3480 1670; baseline 0.003 -21"><span class='ocrx_word' id='word_1_223' title='bbox 1902 1597 2015 1649; x_wconf 83' lang='lat' dir='ltr'><strong>Non</strong></span> <span class='ocrx_word' id='word_1_224' title='bbox 2053 1599 2197 1652; x_wconf 85' lang='lat' dir='ltr'><strong>enim</strong></span> <span class='ocrx_word' id='word_1_225' title='bbox 2231 1603 2375 1668; x_wconf 88' lang='lat' dir='ltr'><strong>quod</strong></span> <span class='ocrx_word' id='word_1_226' title='bbox 2409 1602 2499 1669; x_wconf 94' lang='lat' dir='ltr'><strong>qui</strong></span> <span class='ocrx_word' id='word_1_227' title='bbox 2545 1617 2572 1653; x_wconf 94' lang='lat' dir='ltr'><strong>a</strong></span> <span class='ocrx_word' id='word_1_228' title='bbox 2611 1602 2842 1670; x_wconf 88' lang='lat' dir='ltr'><strong>profana</strong></span> <span class='ocrx_word' id='word_1_229' title='bbox 2877 1604 2986 1654; x_wconf 79' lang='lat' dir='ltr'><strong>vita</strong></span> <span class='ocrx_word' id='word_1_230' title='bbox 3021 1603 3085 1654; x_wconf 89' lang='lat' dir='ltr'><strong>ad</strong></span> <span class='ocrx_word' id='word_1_231' title='bbox 3121 1601 3480 1654; x_wconf 86' lang='lat' dir='ltr'><strong>monaSIicam</strong></span> 
     </span>
    </p>
   </div>
   <div class='ocr_carea' id='block_1_34' title="bbox 1899 1691 3478 1761">
    <p class='ocr_par' dir='ltr' id='par_1_34' title="bbox 1899 1691 3478 1761">
     <span class='ocr_line' id='line_1_34' title="bbox 1899 1691 3478 1761; baseline 0 -19"><span class='ocrx_word' id='word_1_232' title='bbox 1899 1692 2118 1754; x_wconf 78' lang='lat' dir='ltr'><strong>transit,</strong></span> <span class='ocrx_word' id='word_1_233' title='bbox 2167 1691 2265 1744; x_wconf 89' lang='lat' dir='ltr'><strong>nisi</strong></span> <span class='ocrx_word' id='word_1_234' title='bbox 2304 1693 2454 1758; x_wconf 87' lang='lat' dir='ltr'><strong>prius</strong></span> <span class='ocrx_word' id='word_1_235' title='bbox 2525 1701 2796 1756; x_wconf 84' lang='lat' dir='ltr'><strong>testetur,</strong></span> <span class='ocrx_word' id='word_1_236' title='bbox 2865 1693 3097 1747; x_wconf 84' lang='lat' dir='ltr'><strong>testandi</strong></span> <span class='ocrx_word' id='word_1_237' title='bbox 3135 1691 3478 1761; x_wconf 86' lang='lat' dir='ltr'><strong>postmodum</strong></span> 
     </span>
    </p>
   </div>
   <div class='ocr_carea' id='block_1_35' title="bbox 1900 1781 3478 1852">
    <p class='ocr_par' dir='ltr' id='par_1_35' title="bbox 1900 1781 3478 1852">
     <span class='ocr_line' id='line_1_35' title="bbox 1900 1781 3478 1852; baseline -0.003 -17"><span class='ocrx_word' id='word_1_238' title='bbox 1900 1783 2163 1835; x_wconf 78' lang='lat' dir='ltr'><strong>facultate</strong></span> <span class='ocrx_word' id='word_1_239' title='bbox 2226 1782 2493 1850; x_wconf 86' lang='lat' dir='ltr'><strong>privatur,</strong></span> <span class='ocrx_word' id='word_1_240' title='bbox 2545 1783 2666 1836; x_wconf 89' lang='lat' dir='ltr'><strong>ideo</strong></span> <span class='ocrx_word' id='word_1_241' title='bbox 2690 1797 2742 1838; x_wconf 87' lang='lat' dir='ltr'><strong>et</strong></span> <span class='ocrx_word' id='word_1_242' title='bbox 2777 1783 2842 1837; x_wconf 90' lang='lat' dir='ltr'><strong>de</strong></span> <span class='ocrx_word' id='word_1_243' title='bbox 2879 1785 2947 1836; x_wconf 90' lang='lat' dir='ltr'><strong>iis</strong></span> <span class='ocrx_word' id='word_1_244' title='bbox 2982 1799 3105 1852; x_wconf 47' lang='lat' dir='ltr'><strong>qua.</strong></span> <span class='ocrx_word' id='word_1_245' title='bbox 3135 1781 3478 1851; x_wconf 89' lang='lat' dir='ltr'><strong>postmodum</strong></span> 
     </span>
    </p>
   </div>
   <div class='ocr_carea' id='block_1_36' title="bbox 1897 1871 3476 1940">
    <p class='ocr_par' dir='ltr' id='par_1_36' title="bbox 1897 1871 3476 1940">
     <span class='ocr_line' id='line_1_36' title="bbox 1897 1871 3476 1940; baseline -0.004 -15"><span class='ocrx_word' id='word_1_246' title='bbox 1897 1871 2278 1940; x_wconf 83' lang='lat' dir='ltr'><strong>conquisierit.</strong></span> <span class='ocrx_word' id='word_1_247' title='bbox 2314 1872 2610 1940; x_wconf 80' lang='lat' dir='ltr'><strong>quidquam</strong></span> <span class='ocrx_word' id='word_1_248' title='bbox 2636 1881 2876 1927; x_wconf 77' lang='lat' dir='ltr'><strong>Statuere</strong></span> <span class='ocrx_word' id='word_1_249' title='bbox 2903 1875 2953 1925; x_wconf 92' lang='lat' dir='ltr'><strong>in</strong></span> <span class='ocrx_word' id='word_1_250' title='bbox 2998 1873 3314 1925; x_wconf 85' lang='lat' dir='ltr'><strong>universum</strong></span> <span class='ocrx_word' id='word_1_251' title='bbox 3350 1886 3476 1937; x_wconf 49' lang='lat' dir='ltr'><strong>pro-</strong></span> 
     </span>
    </p>
   </div>
   <div class='ocr_carea' id='block_1_37' title="bbox 1902 1963 3478 2034">
    <p class='ocr_par' dir='ltr' id='par_1_37' title="bbox 1902 1963 3478 2034">
     <span class='ocr_line' id='line_1_37' title="bbox 1902 1963 3478 2034; baseline -0.004 -18"><span class='ocrx_word' id='word_1_252' title='bbox 1902 1964 2172 2018; x_wconf 82' lang='lat' dir='ltr'><strong>ltibeatur.</strong></span> <span class='ocrx_word' id='word_1_253' title='bbox 2236 1963 2352 2018; x_wconf 84' lang='lat' dir='ltr'><strong>Illic</strong></span> <span class='ocrx_word' id='word_1_254' title='bbox 2414 1980 2654 2032; x_wconf 86' lang='lat' dir='ltr'><strong>namque</strong></span> <span class='ocrx_word' id='word_1_255' title='bbox 2695 1964 2818 2034; x_wconf 89' lang='lat' dir='ltr'><strong>jure</strong></span> <span class='ocrx_word' id='word_1_256' title='bbox 2872 1965 3182 2018; x_wconf 84' lang='lat' dir='ltr'><strong>testamenti</strong></span> <span class='ocrx_word' id='word_1_257' title='bbox 3241 1964 3478 2015; x_wconf 65' lang='lat' dir='ltr'><strong>factiones</strong></span> 
     </span>
    </p>
   </div>
   <div class='ocr_carea' id='block_1_38' title="bbox 206 2054 1793 2129">
    <p class='ocr_par' dir='ltr' id='par_1_38' title="bbox 206 2057 1790 2129">
     <span class='ocr_line' id='line_1_38' title="bbox 206 2057 1790 2129; baseline 0.001 -21"><span class='ocrx_word' id='word_1_258' title='bbox 206 2057 446 2120; x_wconf 81' lang='grc' dir='ltr'>τοιοῦτος</span> <span class='ocrx_word' id='word_1_259' title='bbox 474 2057 754 2127; x_wconf 83' lang='grc' dir='ltr'>νομοθετεῖ</span> <span class='ocrx_word' id='word_1_260' title='bbox 776 2074 787 2086; x_wconf 80' lang='lat'>&#39;</span> <span class='ocrx_word' id='word_1_261' title='bbox 819 2059 1035 2128; x_wconf 79' lang='grc' dir='ltr'>πρῶτον</span> <span class='ocrx_word' id='word_1_262' title='bbox 1077 2059 1196 2127; x_wconf 80' lang='grc' dir='ltr'><strong>μὲν,</strong></span> <span class='ocrx_word' id='word_1_263' title='bbox 1226 2061 1274 2112; x_wconf 83' lang='grc' dir='ltr'><strong>εί</strong></span> <span class='ocrx_word' id='word_1_264' title='bbox 1305 2059 1445 2112; x_wconf 72' lang='grc' dir='ltr'>οὕτω</span> <span class='ocrx_word' id='word_1_265' title='bbox 1469 2061 1549 2112; x_wconf 84' lang='grc' dir='ltr'><strong>δεῖ</strong></span> <span class='ocrx_word' id='word_1_266' title='bbox 1574 2059 1790 2129; x_wconf 82' lang='grc' dir='ltr'>κτημά-</span> 
     </span>
    </p>
   </div>
   <div class='ocr_carea' id='block_1_39' title="bbox 1816 2054 3478 2129">
    <p class='ocr_par' dir='ltr' id='par_1_39' title="bbox 1825 2054 3478 2126">
     <span class='ocr_line' id='line_1_39' title="bbox 1825 2054 3478 2126; baseline -0.003 -16"><span class='ocrx_word' id='word_1_267' title='bbox 1825 2069 1865 2122; x_wconf 80' lang='lat' dir='ltr'><strong>B</strong></span> <span class='ocrx_word' id='word_1_268' title='bbox 1895 2057 2159 2125; x_wconf 84' lang='lat' dir='ltr'><strong>privatur,</strong></span> <span class='ocrx_word' id='word_1_269' title='bbox 2187 2057 2312 2126; x_wconf 86' lang='lat' dir='ltr'><strong>quia</strong></span> <span class='ocrx_word' id='word_1_270' title='bbox 2338 2071 2464 2110; x_wconf 90' lang='lat' dir='ltr'><strong>cum</strong></span> <span class='ocrx_word' id='word_1_271' title='bbox 2496 2057 2596 2125; x_wconf 84' lang='lat' dir='ltr'><strong>ipsi</strong></span> <span class='ocrx_word' id='word_1_272' title='bbox 2629 2057 2682 2110; x_wconf 93' lang='lat' dir='ltr'><strong>in</strong></span> <span class='ocrx_word' id='word_1_273' title='bbox 2728 2056 2956 2124; x_wconf 86' lang='lat' dir='ltr'><strong>profano</strong></span> <span class='ocrx_word' id='word_1_274' title='bbox 2992 2064 3136 2110; x_wconf 87' lang='lat' dir='ltr'><strong>statu</strong></span> <span class='ocrx_word' id='word_1_275' title='bbox 3185 2072 3270 2111; x_wconf 87' lang='lat' dir='ltr'><strong>res</strong></span> <span class='ocrx_word' id='word_1_276' title='bbox 3299 2054 3478 2108; x_wconf 82' lang='lat' dir='ltr'><strong>adimo</strong></span> 
     </span>
    </p>
   </div>
   <div class='ocr_carea' id='block_1_40' title="bbox 205 2148 1796 2221">
    <p class='ocr_par' dir='ltr' id='par_1_40' title="bbox 205 2148 1796 2221">
     <span class='ocr_line' id='line_1_40' title="bbox 205 2148 1796 2221; baseline 0.001 -19"><span class='ocrx_word' id='word_1_277' title='bbox 205 2166 315 2202; x_wconf 86' lang='grc' dir='ltr'>των</span> <span class='ocrx_word' id='word_1_278' title='bbox 360 2148 680 2218; x_wconf 83' lang='grc' dir='ltr'><strong>ἀντέχεσθαι</strong></span> <span class='ocrx_word' id='word_1_279' title='bbox 726 2149 1047 2220; x_wconf 80' lang='grc' dir='ltr'>ἀνθρώπους</span> <span class='ocrx_word' id='word_1_280' title='bbox 1073 2152 1122 2203; x_wconf 83' lang='grc' dir='ltr'><strong>οἳ</strong></span> <span class='ocrx_word' id='word_1_281' title='bbox 1152 2151 1250 2221; x_wconf 83' lang='grc' dir='ltr'><strong>τὴν</strong></span> <span class='ocrx_word' id='word_1_282' title='bbox 1284 2152 1584 2221; x_wconf 76' lang='grc' dir='ltr'>ὑπεροψίαν</span> <span class='ocrx_word' id='word_1_283' title='bbox 1617 2151 1796 2203; x_wconf 80' lang='grc' dir='ltr'>αὐτῶν</span> 
     </span>
    </p>
   </div>
   <div class='ocr_carea' id='block_1_41' title="bbox 204 2241 1794 2310">
    <p class='ocr_par' dir='ltr' id='par_1_41' title="bbox 204 2241 1794 2310">
     <span class='ocr_line' id='line_1_41' title="bbox 204 2241 1794 2310; baseline -0.001 -16"><span class='ocrx_word' id='word_1_284' title='bbox 204 2241 603 2310; x_wconf 69' lang='grc' dir='ltr'>ὲπηγγεῦαντο</span> <span class='ocrx_word' id='word_1_285' title='bbox 621 2258 634 2271; x_wconf 82' lang='lat'><strong><em>°</em></strong></span> <span class='ocrx_word' id='word_1_286' title='bbox 664 2242 852 2294; x_wconf 79' lang='grc' dir='ltr'>ἔπειτα</span> <span class='ocrx_word' id='word_1_287' title='bbox 880 2243 934 2294; x_wconf 85' lang='grc' dir='ltr'>δὲ</span> <span class='ocrx_word' id='word_1_288' title='bbox 961 2243 1056 2294; x_wconf 75' lang='grc' dir='ltr'>καὶ</span> <span class='ocrx_word' id='word_1_289' title='bbox 1086 2245 1370 2310; x_wconf 84' lang='grc' dir='ltr'>συγγενεῖς</span> <span class='ocrx_word' id='word_1_290' title='bbox 1397 2259 1541 2304; x_wconf 88' lang='grc' dir='ltr'>τινες</span> <span class='ocrx_word' id='word_1_291' title='bbox 1565 2242 1794 2310; x_wconf 81' lang='grc' dir='ltr'>πένητες</span> 
     </span>
    </p>
   </div>
   <div class='ocr_carea' id='block_1_42' title="bbox 203 2331 1791 2402">
    <p class='ocr_par' dir='ltr' id='par_1_42' title="bbox 203 2331 1791 2402">
     <span class='ocr_line' id='line_1_42' title="bbox 203 2331 1791 2402; baseline -0.002 -17"><span class='ocrx_word' id='word_1_292' title='bbox 203 2334 235 2402; x_wconf 78' lang='grc' dir='ltr'><strong>ἦ</strong></span> <span class='ocrx_word' id='word_1_293' title='bbox 269 2333 445 2395; x_wconf 79' lang='grc' dir='ltr'>ἄλλως</span> <span class='ocrx_word' id='word_1_294' title='bbox 477 2331 746 2400; x_wconf 85' lang='grc' dir='ltr'>γνώριμοι</span> <span class='ocrx_word' id='word_1_295' title='bbox 786 2333 1117 2401; x_wconf 84' lang='grc' dir='ltr'>τυγχάνουσι</span> <span class='ocrx_word' id='word_1_296' title='bbox 1148 2332 1225 2400; x_wconf 84' lang='grc' dir='ltr'>τῷ</span> <span class='ocrx_word' id='word_1_297' title='bbox 1255 2331 1529 2401; x_wconf 83' lang='grc' dir='ltr'>ἀνθρώπῳ</span> <span class='ocrx_word' id='word_1_298' title='bbox 1563 2331 1791 2401; x_wconf 73' lang='grc' dir='ltr'><strong>χρῄζον-</strong></span> 
     </span>
    </p>
   </div>
   <div class='ocr_carea' id='block_1_43' title="bbox 203 2423 1790 2496">
    <p class='ocr_par' dir='ltr' id='par_1_43' title="bbox 203 2423 1790 2496">
     <span class='ocr_line' id='line_1_43' title="bbox 203 2423 1790 2496; baseline -0.001 -20"><span class='ocrx_word' id='word_1_299' title='bbox 203 2441 294 2487; x_wconf 82' lang='grc' dir='ltr'><strong>τες</strong></span> <span class='ocrx_word' id='word_1_300' title='bbox 340 2423 843 2493; x_wconf 78' lang='grc' dir='ltr'>παραμυθουμένης</span> <span class='ocrx_word' id='word_1_301' title='bbox 887 2424 1088 2496; x_wconf 81' lang='grc' dir='ltr'>χειρὸς,</span> <span class='ocrx_word' id='word_1_302' title='bbox 1127 2423 1242 2486; x_wconf 85' lang='grc' dir='ltr'>πῶς</span> <span class='ocrx_word' id='word_1_303' title='bbox 1271 2424 1371 2476; x_wconf 73' lang='grc' dir='ltr'><strong>οὐκ</strong></span> <span class='ocrx_word' id='word_1_304' title='bbox 1402 2424 1790 2492; x_wconf 75' lang='grc' dir='ltr'><strong>ἀπάνθρωπον,</strong></span> 
     </span>
    </p>
   </div>
   <div class='ocr_carea' id='block_1_44' title="bbox 205 2513 1792 2585">
    <p class='ocr_par' dir='ltr' id='par_1_44' title="bbox 205 2513 1792 2585">
     <span class='ocr_line' id='line_1_44' title="bbox 205 2513 1792 2585; baseline -0.001 -19"><span class='ocrx_word' id='word_1_305' title='bbox 205 2515 479 2585; x_wconf 76' lang='grc' dir='ltr'>μηδεμιᾶς</span> <span class='ocrx_word' id='word_1_306' title='bbox 507 2516 750 2576; x_wconf 77' lang='grc' dir='ltr'>ἐκείνους</span> <span class='ocrx_word' id='word_1_307' title='bbox 780 2515 844 2566; x_wconf 85' lang='grc' dir='ltr'>ὲκ</span> <span class='ocrx_word' id='word_1_308' title='bbox 871 2515 979 2565; x_wconf 83' lang='grc' dir='ltr'>τῶν</span> <span class='ocrx_word' id='word_1_309' title='bbox 1001 2513 1095 2566; x_wconf 75' lang='grc' dir='ltr'><strong>τοῦ</strong></span> <span class='ocrx_word' id='word_1_310' title='bbox 1125 2513 1420 2581; x_wconf 86' lang='grc' dir='ltr'>συγγενοῦς</span> <span class='ocrx_word' id='word_1_311' title='bbox 1446 2514 1792 2584; x_wconf 78' lang='grc' dir='ltr'><strong>πραγμάτων</strong></span> 
     </span>
    </p>
   </div>
   <div class='ocr_carea' id='block_1_45' title="bbox 203 2601 1793 2673">
    <p class='ocr_par' dir='ltr' id='par_1_45' title="bbox 203 2601 1793 2673">
     <span class='ocr_line' id='line_1_45' title="bbox 203 2601 1793 2673; baseline -0.002 -16"><span class='ocrx_word' id='word_1_312' title='bbox 203 2605 486 2669; x_wconf 74' lang='grc' dir='ltr'>ἀξιοῦσθαι</span> <span class='ocrx_word' id='word_1_313' title='bbox 513 2603 867 2673; x_wconf 76' lang='grc' dir='ltr'>παραμυθίας</span> <span class='ocrx_word' id='word_1_314' title='bbox 889 2643 903 2666; x_wconf 83' lang='grc'>,</span> <span class='ocrx_word' id='word_1_315' title='bbox 932 2602 1120 2671; x_wconf 86' lang='grc' dir='ltr'>ὥσπερ</span> <span class='ocrx_word' id='word_1_316' title='bbox 1163 2603 1283 2672; x_wconf 71' lang='grc' dir='ltr'>οὐχὶ</span> <span class='ocrx_word' id='word_1_317' title='bbox 1311 2601 1632 2672; x_wconf 70' lang='grc' dir='ltr'>ξενηλασίαν</span> <span class='ocrx_word' id='word_1_318' title='bbox 1661 2603 1793 2654; x_wconf 76' lang='grc' dir='ltr'><strong>ἀλλά</strong></span> 
     </span>
    </p>
   </div>
   <div class='ocr_carea' id='block_1_46' title="bbox 203 2695 1792 2764">
    <p class='ocr_par' dir='ltr' id='par_1_46' title="bbox 203 2695 1792 2764">
     <span class='ocr_line' id='line_1_46' title="bbox 203 2695 1792 2764; baseline -0.003 -14"><span class='ocrx_word' id='word_1_319' title='bbox 203 2697 544 2764; x_wconf 78' lang='grc' dir='ltr'>συγγενικῶν</span> <span class='ocrx_word' id='word_1_320' title='bbox 575 2696 670 2748; x_wconf 77' lang='grc' dir='ltr'>καὶ</span> <span class='ocrx_word' id='word_1_321' title='bbox 697 2695 866 2763; x_wconf 77' lang='grc' dir='ltr'>φίλων</span> <span class='ocrx_word' id='word_1_322' title='bbox 913 2695 1135 2747; x_wconf 72' lang='grc' dir='ltr'>ἐλασίαν</span> <span class='ocrx_word' id='word_1_323' title='bbox 1179 2696 1298 2747; x_wconf 79' lang='grc' dir='ltr'>δέον</span> <span class='ocrx_word' id='word_1_324' title='bbox 1329 2697 1500 2747; x_wconf 87' lang='grc' dir='ltr'>ποιεῖν</span> <span class='ocrx_word' id='word_1_325' title='bbox 1535 2695 1658 2755; x_wconf 75' lang='grc' dir='ltr'>τοὺς</span> <span class='ocrx_word' id='word_1_326' title='bbox 1693 2711 1792 2762; x_wconf 85' lang='grc' dir='ltr'><strong>μο-</strong></span> 
     </span>
    </p>
   </div>
   <div class='ocr_carea' id='block_1_47' title="bbox 201 2785 1791 2856">
    <p class='ocr_par' dir='ltr' id='par_1_47' title="bbox 201 2785 1791 2856">
     <span class='ocr_line' id='line_1_47' title="bbox 201 2785 1791 2856; baseline 0.001 -16"><span class='ocrx_word' id='word_1_327' title='bbox 201 2790 464 2852; x_wconf 73' lang='grc' dir='ltr'>νάζοντας</span> <span class='ocrx_word' id='word_1_328' title='bbox 513 2789 608 2840; x_wconf 75' lang='grc' dir='ltr'>καὶ</span> <span class='ocrx_word' id='word_1_329' title='bbox 655 2788 833 2839; x_wconf 81' lang='grc' dir='ltr'>πάντα</span> <span class='ocrx_word' id='word_1_330' title='bbox 877 2786 1013 2855; x_wconf 73' lang='grc' dir='ltr'>πρὸς</span> <span class='ocrx_word' id='word_1_331' title='bbox 1058 2787 1286 2848; x_wconf 78' lang='grc' dir='ltr'>ἑαυτοὺς</span> <span class='ocrx_word' id='word_1_332' title='bbox 1314 2785 1515 2848; x_wconf 76' lang='grc' dir='ltr'>ἕλκειν,</span> <span class='ocrx_word' id='word_1_333' title='bbox 1540 2788 1791 2856; x_wconf 84' lang='grc' dir='ltr'>καθάπερ</span> 
     </span>
    </p>
   </div>
   <div class='ocr_carea' id='block_1_48' title="bbox 198 2877 1793 2949">
    <p class='ocr_par' dir='ltr' id='par_1_48' title="bbox 198 2877 1793 2949">
     <span class='ocr_line' id='line_1_48' title="bbox 198 2877 1793 2949; baseline 0 -18"><span class='ocrx_word' id='word_1_334' title='bbox 198 2882 324 2942; x_wconf 81' lang='grc' dir='ltr'>τοὺς</span> <span class='ocrx_word' id='word_1_335' title='bbox 352 2880 702 2947; x_wconf 78' lang='grc' dir='ltr'>πολυφάγους</span> <span class='ocrx_word' id='word_1_336' title='bbox 740 2879 886 2930; x_wconf 72' lang='grc' dir='ltr'>ἐστιν</span> <span class='ocrx_word' id='word_1_337' title='bbox 916 2879 1050 2949; x_wconf 77' lang='grc' dir='ltr'>ὀρᾷν</span> <span class='ocrx_word' id='word_1_338' title='bbox 1083 2877 1144 2928; x_wconf 85' lang='grc' dir='ltr'>οὐ</span> <span class='ocrx_word' id='word_1_339' title='bbox 1177 2877 1528 2946; x_wconf 81' lang='grc' dir='ltr'>βουλομένους</span> <span class='ocrx_word' id='word_1_340' title='bbox 1559 2877 1793 2948; x_wconf 86' lang='grc' dir='ltr'>ἀπόμοι-</span> 
     </span>
    </p>
   </div>
   <div class='ocr_carea' id='block_1_49' title="bbox 201 2967 1792 3039">
    <p class='ocr_par' dir='ltr' id='par_1_49' title="bbox 201 2967 1792 3039">
     <span class='ocr_line' id='line_1_49' title="bbox 201 2967 1792 3039; baseline -0.001 -16"><span class='ocrx_word' id='word_1_341' title='bbox 201 2971 309 3039; x_wconf 84' lang='grc' dir='ltr'><strong>ράν</strong></span> <span class='ocrx_word' id='word_1_342' title='bbox 332 2987 457 3022; x_wconf 87' lang='grc' dir='ltr'>τινα</span> <span class='ocrx_word' id='word_1_343' title='bbox 493 2971 601 3022; x_wconf 86' lang='grc' dir='ltr'>τῶν</span> <span class='ocrx_word' id='word_1_344' title='bbox 633 2969 1058 3038; x_wconf 76' lang='grc' dir='ltr'><strong>παρακειμένων</strong></span> <span class='ocrx_word' id='word_1_345' title='bbox 1087 2970 1198 3030; x_wconf 89' lang='grc' dir='ltr'>τοῖς</span> <span class='ocrx_word' id='word_1_346' title='bbox 1229 2967 1412 3029; x_wconf 80' lang='grc' dir='ltr'>ἀλλοις</span> <span class='ocrx_word' id='word_1_347' title='bbox 1442 2969 1792 3038; x_wconf 76' lang='grc' dir='ltr'>καταλιμπά-</span> 
     </span>
    </p>
   </div>
   <div class='ocr_carea' id='block_1_50' title="bbox 197 3059 1787 3130">
    <p class='ocr_par' dir='ltr' id='par_1_50' title="bbox 197 3059 1787 3130">
     <span class='ocr_line' id='line_1_50' title="bbox 197 3059 1787 3130; baseline -0.002 -15"><span class='ocrx_word' id='word_1_348' title='bbox 197 3080 333 3126; x_wconf 85' lang='grc' dir='ltr'>νειν;</span> <span class='ocrx_word' id='word_1_349' title='bbox 361 3062 500 3114; x_wconf 76' lang='grc' dir='ltr'>υῦτε</span> <span class='ocrx_word' id='word_1_350' title='bbox 527 3063 633 3130; x_wconf 78' lang='grc' dir='ltr'><strong>γὰρ</strong></span> <span class='ocrx_word' id='word_1_351' title='bbox 660 3061 843 3122; x_wconf 83' lang='grc' dir='ltr'>δοῦλος</span> <span class='ocrx_word' id='word_1_352' title='bbox 874 3060 1253 3130; x_wconf 81' lang='grc' dir='ltr'>ἐλευθεροῦται</span> <span class='ocrx_word' id='word_1_353' title='bbox 1281 3059 1524 3120; x_wconf 78' lang='grc' dir='ltr'>δουλείας</span> <span class='ocrx_word' id='word_1_354' title='bbox 1550 3060 1787 3130; x_wconf 83' lang='grc' dir='ltr'>δεσμῶν,</span> 
     </span>
    </p>
   </div>
   <div class='ocr_carea' id='block_1_51' title="bbox 198 3153 1785 3226">
    <p class='ocr_par' dir='ltr' id='par_1_51' title="bbox 198 3153 1785 3226">
     <span class='ocr_line' id='line_1_51' title="bbox 198 3153 1785 3226; baseline -0.001 -19"><span class='ocrx_word' id='word_1_355' title='bbox 198 3159 259 3209; x_wconf 80' lang='grc' dir='ltr'>οὑ</span> <span class='ocrx_word' id='word_1_356' title='bbox 290 3159 463 3226; x_wconf 80' lang='grc' dir='ltr'>πένης</span> <span class='ocrx_word' id='word_1_357' title='bbox 492 3157 676 3208; x_wconf 78' lang='grc' dir='ltr'>οἴκτου</span> <span class='ocrx_word' id='word_1_358' title='bbox 728 3154 1150 3222; x_wconf 80' lang='grc' dir='ltr'>μεταλαγχάνει.</span> <span class='ocrx_word' id='word_1_359' title='bbox 1178 3153 1277 3204; x_wconf 75' lang='grc' dir='ltr'><strong>οὐκ</strong></span> <span class='ocrx_word' id='word_1_360' title='bbox 1309 3153 1465 3215; x_wconf 84' lang='grc' dir='ltr'>ἀλλος</span> <span class='ocrx_word' id='word_1_361' title='bbox 1499 3170 1582 3216; x_wconf 89' lang='grc' dir='ltr'><strong>τις</strong></span> <span class='ocrx_word' id='word_1_362' title='bbox 1617 3153 1785 3220; x_wconf 86' lang='grc' dir='ltr'>ἀνάγ-</span> 
     </span>
    </p>
   </div>
   <div class='ocr_carea' id='block_1_52' title="bbox 198 3242 1785 3315">
    <p class='ocr_par' dir='ltr' id='par_1_52' title="bbox 198 3242 1785 3315">
     <span class='ocr_line' id='line_1_52' title="bbox 198 3242 1785 3315; baseline -0.003 -17"><span class='ocrx_word' id='word_1_363' title='bbox 198 3265 324 3309; x_wconf 84' lang='grc' dir='ltr'>καις</span> <span class='ocrx_word' id='word_1_364' title='bbox 385 3246 704 3315; x_wconf 77' lang='grc' dir='ltr'>πιεζόμενος</span> <span class='ocrx_word' id='word_1_365' title='bbox 765 3242 1121 3312; x_wconf 88' lang='grc' dir='ltr'>παραμυθίας</span> <span class='ocrx_word' id='word_1_366' title='bbox 1179 3242 1421 3312; x_wconf 85' lang='grc' dir='ltr'>εὑρίσκει</span> <span class='ocrx_word' id='word_1_367' title='bbox 1468 3244 1785 3304; x_wconf 81' lang='grc' dir='ltr'>ἀπόλαυσιν,</span> 
     </span>
    </p>
   </div>
   <div class='ocr_carea' id='block_1_53' title="bbox 196 3332 1787 3406">
    <p class='ocr_par' dir='ltr' id='par_1_53' title="bbox 196 3332 1787 3406">
     <span class='ocr_line' id='line_1_53' title="bbox 196 3332 1787 3406; baseline -0.003 -17"><span class='ocrx_word' id='word_1_368' title='bbox 196 3339 384 3406; x_wconf 73' lang='grc' dir='ltr'>πάσης</span> <span class='ocrx_word' id='word_1_369' title='bbox 418 3337 517 3405; x_wconf 80' lang='grc' dir='ltr'>τῆς</span> <span class='ocrx_word' id='word_1_370' title='bbox 552 3334 646 3389; x_wconf 82' lang='grc' dir='ltr'><strong>τοῦ</strong></span> <span class='ocrx_word' id='word_1_371' title='bbox 695 3334 1017 3404; x_wconf 79' lang='grc' dir='ltr'>μονάζοντος</span> <span class='ocrx_word' id='word_1_372' title='bbox 1064 3332 1381 3402; x_wconf 86' lang='grc' dir='ltr'>περιουσίας</span> <span class='ocrx_word' id='word_1_373' title='bbox 1408 3332 1484 3401; x_wconf 84' lang='grc' dir='ltr'>τῷ</span> <span class='ocrx_word' id='word_1_374' title='bbox 1514 3350 1787 3403; x_wconf 83' lang='grc' dir='ltr'>μοναστη-</span> 
     </span>
    </p>
   </div>
   <div class='ocr_carea' id='block_1_54' title="bbox 198 3427 637 3496">
    <p class='ocr_par' dir='ltr' id='par_1_54' title="bbox 198 3427 637 3496">
     <span class='ocr_line' id='line_1_54' title="bbox 198 3427 637 3496; baseline 0.005 -20"><span class='ocrx_word' id='word_1_375' title='bbox 198 3427 300 3496; x_wconf 83' lang='grc' dir='ltr'>ρίῳ</span> <span class='ocrx_word' id='word_1_376' title='bbox 331 3427 637 3495; x_wconf 83' lang='grc' dir='ltr'>διδομένης.</span> 
     </span>
    </p>
   </div>
   <div class='ocr_carea' id='block_1_55' title="bbox 1902 2146 3474 2216">
    <p class='ocr_par' dir='ltr' id='par_1_55' title="bbox 1902 2146 3474 2216">
     <span class='ocr_line' id='line_1_55' title="bbox 1902 2146 3474 2216; baseline -0.004 -17"><span class='ocrx_word' id='word_1_377' title='bbox 1902 2154 2162 2208; x_wconf 85' lang='lat' dir='ltr'><strong>tractant,</strong></span> <span class='ocrx_word' id='word_1_378' title='bbox 2213 2146 2418 2216; x_wconf 87' lang='lat' dir='ltr'><strong>aliquid</strong></span> <span class='ocrx_word' id='word_1_379' title='bbox 2483 2147 2818 2200; x_wconf 89' lang='lat' dir='ltr'><strong>constituere</strong></span> <span class='ocrx_word' id='word_1_380' title='bbox 2868 2148 3139 2215; x_wconf 75' lang='lat' dir='ltr'><strong>integrum</strong></span> <span class='ocrx_word' id='word_1_381' title='bbox 3187 2155 3352 2206; x_wconf 81' lang='lat' dir='ltr'><strong>esset,</strong></span> <span class='ocrx_word' id='word_1_382' title='bbox 3408 2161 3474 2194; x_wconf 87' lang='lat' dir='ltr'><strong>eo</strong></span> 
     </span>
    </p>
   </div>
   <div class='ocr_carea' id='block_1_56' title="bbox 1902 2233 3478 2306">
    <p class='ocr_par' dir='ltr' id='par_1_56' title="bbox 1902 2233 3478 2306">
     <span class='ocr_line' id='line_1_56' title="bbox 1902 2233 3478 2306; baseline -0.003 -17"><span class='ocrx_word' id='word_1_383' title='bbox 1902 2237 2017 2304; x_wconf 78' lang='lat' dir='ltr'><strong>ipso</strong></span> <span class='ocrx_word' id='word_1_384' title='bbox 2055 2237 2202 2304; x_wconf 89' lang='lat' dir='ltr'><strong>quod</strong></span> <span class='ocrx_word' id='word_1_385' title='bbox 2233 2235 2284 2290; x_wconf 90' lang='lat' dir='ltr'><strong>id</strong></span> <span class='ocrx_word' id='word_1_386' title='bbox 2330 2250 2438 2289; x_wconf 92' lang='lat' dir='ltr'><strong>non</strong></span> <span class='ocrx_word' id='word_1_387' title='bbox 2500 2235 2712 2299; x_wconf 78' lang='lat' dir='ltr'><strong>fecerit,</strong></span> <span class='ocrx_word' id='word_1_388' title='bbox 2739 2250 2798 2289; x_wconf 89' lang='lat' dir='ltr'><strong>se</strong></span> <span class='ocrx_word' id='word_1_389' title='bbox 2833 2238 2949 2302; x_wconf 78' lang='lat' dir='ltr'><strong>ipse</strong></span> <span class='ocrx_word' id='word_1_390' title='bbox 3006 2237 3061 2290; x_wconf 91' lang='lat' dir='ltr'><strong>in</strong></span> <span class='ocrx_word' id='word_1_391' title='bbox 3096 2233 3217 2306; x_wconf 80' lang='grc' dir='ltr'><strong>(ιο)</strong></span> <span class='ocrx_word' id='word_1_392' title='bbox 3250 2237 3349 2288; x_wconf 82' lang='lat' dir='ltr'><strong>has</strong></span> <span class='ocrx_word' id='word_1_393' title='bbox 3379 2248 3478 2287; x_wconf 72' lang='lat' dir='ltr'><strong>an-</strong></span> 
     </span>
    </p>
   </div>
   <div class='ocr_carea' id='block_1_57' title="bbox 1900 2325 3474 2396">
    <p class='ocr_par' dir='ltr' id='par_1_57' title="bbox 1900 2325 3474 2396">
     <span class='ocr_line' id='line_1_57' title="bbox 1900 2325 3474 2396; baseline -0.001 -16"><span class='ocrx_word' id='word_1_394' title='bbox 1900 2327 2114 2396; x_wconf 71' lang='lat' dir='ltr'><strong>gustias</strong></span> <span class='ocrx_word' id='word_1_395' title='bbox 2155 2327 2638 2380; x_wconf 85' lang='lat' dir='ltr'><strong>circumcluserit:</strong></span> <span class='ocrx_word' id='word_1_396' title='bbox 2683 2326 2770 2379; x_wconf 89' lang='lat' dir='ltr'><strong>hic</strong></span> <span class='ocrx_word' id='word_1_397' title='bbox 2824 2341 2954 2380; x_wconf 85' lang='lat' dir='ltr'><strong>vero</strong></span> <span class='ocrx_word' id='word_1_398' title='bbox 2983 2325 3118 2380; x_wconf 84' lang='lat' dir='ltr'><strong>nihil</strong></span> <span class='ocrx_word' id='word_1_399' title='bbox 3164 2327 3346 2381; x_wconf 87' lang='lat' dir='ltr'><strong>simile</strong></span> <span class='ocrx_word' id='word_1_400' title='bbox 3392 2338 3474 2380; x_wconf 89' lang='lat' dir='ltr'><strong>est</strong></span> 
     </span>
    </p>
   </div>
   <div class='ocr_carea' id='block_1_58' title="bbox 1902 2417 3470 2487">
    <p class='ocr_par' dir='ltr' id='par_1_58' title="bbox 1902 2417 3470 2487">
     <span class='ocr_line' id='line_1_58' title="bbox 1902 2417 3470 2487; baseline 0.001 -18"><span class='ocrx_word' id='word_1_401' title='bbox 1902 2425 1962 2470; x_wconf 89' lang='grc' dir='ltr'><strong>ιιι</strong></span> <span class='ocrx_word' id='word_1_402' title='bbox 1991 2418 2283 2485; x_wconf 86' lang='lat' dir='ltr'><strong>quisquam</strong></span> <span class='ocrx_word' id='word_1_403' title='bbox 2326 2425 2472 2470; x_wconf 90' lang='lat' dir='ltr'><strong>auta</strong></span> <span class='ocrx_word' id='word_1_404' title='bbox 2505 2417 2710 2485; x_wconf 86' lang='lat' dir='ltr'><strong>seipso.</strong></span> <span class='ocrx_word' id='word_1_405' title='bbox 2735 2419 2917 2471; x_wconf 88' lang='lat' dir='ltr'><strong>autab</strong></span> <span class='ocrx_word' id='word_1_406' title='bbox 2955 2417 3064 2470; x_wconf 91' lang='lat' dir='ltr'><strong>alio</strong></span> <span class='ocrx_word' id='word_1_407' title='bbox 3093 2417 3470 2487; x_wconf 83' lang='lat' dir='ltr'><strong>prohibeatur.</strong></span> 
     </span>
    </p>
   </div>
   <div class='ocr_carea' id='block_1_59' title="bbox 1901 2509 3480 2580">
    <p class='ocr_par' dir='ltr' id='par_1_59' title="bbox 1901 2509 3480 2580">
     <span class='ocr_line' id='line_1_59' title="bbox 1901 2509 3480 2580; baseline 0.002 -21"><span class='ocrx_word' id='word_1_408' title='bbox 1901 2509 2054 2575; x_wconf 87' lang='lat' dir='ltr'><strong>Quod</strong></span> <span class='ocrx_word' id='word_1_409' title='bbox 2088 2509 2133 2562; x_wconf 92' lang='lat' dir='ltr'><strong>si</strong></span> <span class='ocrx_word' id='word_1_410' title='bbox 2168 2509 2291 2577; x_wconf 85' lang='lat' dir='ltr'><strong>quis</strong></span> <span class='ocrx_word' id='word_1_411' title='bbox 2339 2509 2510 2574; x_wconf 89' lang='lat' dir='ltr'><strong>dicat,</strong></span> <span class='ocrx_word' id='word_1_412' title='bbox 2540 2509 2645 2562; x_wconf 87' lang='lat' dir='ltr'><strong>hoc</strong></span> <span class='ocrx_word' id='word_1_413' title='bbox 2680 2511 2800 2563; x_wconf 93' lang='lat' dir='ltr'><strong>solo</strong></span> <span class='ocrx_word' id='word_1_414' title='bbox 2825 2510 3046 2564; x_wconf 86' lang='lat' dir='ltr'><strong>nomine</strong></span> <span class='ocrx_word' id='word_1_415' title='bbox 3098 2510 3245 2580; x_wconf 89' lang='lat' dir='ltr'><strong>quod</strong></span> <span class='ocrx_word' id='word_1_416' title='bbox 3290 2525 3480 2564; x_wconf 78' lang='lat' dir='ltr'><strong>mona-</strong></span> 
     </span>
    </p>
   </div>
   <div class='ocr_carea' id='block_1_60' title="bbox 1899 2601 3472 2671">
    <p class='ocr_par' dir='ltr' id='par_1_60' title="bbox 1899 2601 3472 2671">
     <span class='ocr_line' id='line_1_60' title="bbox 1899 2601 3472 2671; baseline -0.001 -16"><span class='ocrx_word' id='word_1_417' title='bbox 1899 2601 2038 2655; x_wconf 88' lang='lat' dir='ltr'><strong>chus</strong></span> <span class='ocrx_word' id='word_1_418' title='bbox 2083 2601 2194 2663; x_wconf 91' lang='lat' dir='ltr'><strong>sit,</strong></span> <span class='ocrx_word' id='word_1_419' title='bbox 2236 2601 2632 2653; x_wconf 89' lang='lat' dir='ltr'><strong>monasterium</strong></span> <span class='ocrx_word' id='word_1_420' title='bbox 2667 2603 2850 2654; x_wconf 89' lang='lat' dir='ltr'><strong>omnia</strong></span> <span class='ocrx_word' id='word_1_421' title='bbox 2875 2616 2998 2656; x_wconf 88' lang='lat' dir='ltr'><strong>esse</strong></span> <span class='ocrx_word' id='word_1_422' title='bbox 3039 2610 3430 2671; x_wconf 85' lang='lat' dir='ltr'><strong>percepturum</strong></span> <span class='ocrx_word' id='word_1_423' title='bbox 3462 2643 3472 2654; x_wconf 94' lang='lat'><strong>.</strong></span> 
     </span>
    </p>
   </div>
   <div class='ocr_carea' id='block_1_61' title="bbox 1900 2690 3478 2763">
    <p class='ocr_par' dir='ltr' id='par_1_61' title="bbox 1900 2690 3478 2763">
     <span class='ocr_line' id='line_1_61' title="bbox 1900 2690 3478 2763; baseline -0.002 -17"><span class='ocrx_word' id='word_1_424' title='bbox 1900 2691 2045 2746; x_wconf 88' lang='lat' dir='ltr'><strong>haud</strong></span> <span class='ocrx_word' id='word_1_425' title='bbox 2071 2690 2212 2755; x_wconf 77' lang='lat' dir='ltr'><strong>scio,</strong></span> <span class='ocrx_word' id='word_1_426' title='bbox 2240 2690 2287 2746; x_wconf 81' lang='lat' dir='ltr'><strong>si</strong></span> <span class='ocrx_word' id='word_1_427' title='bbox 2313 2691 2650 2756; x_wconf 84' lang='lat' dir='ltr'><strong>istiusmodi,</strong></span> <span class='ocrx_word' id='word_1_428' title='bbox 2702 2709 2824 2763; x_wconf 66' lang='lat' dir='ltr'><strong>quae</strong></span> <span class='ocrx_word' id='word_1_429' title='bbox 2876 2694 3176 2748; x_wconf 84' lang='lat' dir='ltr'><strong>monachos</strong></span> <span class='ocrx_word' id='word_1_430' title='bbox 3225 2695 3478 2756; x_wconf 80' lang='lat' dir='ltr'><strong>deceant,</strong></span> 
     </span>
    </p>
   </div>
   <div class='ocr_carea' id='block_1_62' title="bbox 1899 2781 3476 2854">
    <p class='ocr_par' dir='ltr' id='par_1_62' title="bbox 1899 2781 3476 2854">
     <span class='ocr_line' id='line_1_62' title="bbox 1899 2781 3476 2854; baseline 0.001 -17"><span class='ocrx_word' id='word_1_431' title='bbox 1899 2791 2127 2838; x_wconf 80' lang='lat' dir='ltr'><strong>statuat.</strong></span> <span class='ocrx_word' id='word_1_432' title='bbox 2171 2781 2423 2835; x_wconf 88' lang='lat' dir='ltr'><strong>Primum</strong></span> <span class='ocrx_word' id='word_1_433' title='bbox 2459 2785 2602 2837; x_wconf 80' lang='lat' dir='ltr'><strong>enim</strong></span> <span class='ocrx_word' id='word_1_434' title='bbox 2632 2801 2700 2837; x_wconf 87' lang='lat' dir='ltr'><strong>an</strong></span> <span class='ocrx_word' id='word_1_435' title='bbox 2749 2786 2842 2850; x_wconf 91' lang='lat' dir='ltr'><strong>qui</strong></span> <span class='ocrx_word' id='word_1_436' title='bbox 2882 2785 3133 2840; x_wconf 85' lang='lat' dir='ltr'><strong>homines</strong></span> <span class='ocrx_word' id='word_1_437' title='bbox 3159 2799 3476 2854; x_wconf 79' lang='lat' dir='ltr'><strong>Opuntcon-</strong></span> 
     </span>
    </p>
   </div>
   <div class='ocr_carea' id='block_1_63' title="bbox 1897 2872 3479 2946">
    <p class='ocr_par' dir='ltr' id='par_1_63' title="bbox 1897 2872 3479 2946">
     <span class='ocr_line' id='line_1_63' title="bbox 1897 2872 3479 2946; baseline -0.001 -18"><span class='ocrx_word' id='word_1_438' title='bbox 1897 2881 2166 2942; x_wconf 82' lang='lat' dir='ltr'><strong>templum</strong></span> <span class='ocrx_word' id='word_1_439' title='bbox 2221 2872 2453 2940; x_wconf 81' lang='lat' dir='ltr'><strong>professi</strong></span> <span class='ocrx_word' id='word_1_440' title='bbox 2507 2884 2655 2936; x_wconf 88' lang='lat' dir='ltr'><strong>sunt,</strong></span> <span class='ocrx_word' id='word_1_441' title='bbox 2695 2890 2791 2929; x_wconf 89' lang='lat' dir='ltr'><strong>eos</strong></span> <span class='ocrx_word' id='word_1_442' title='bbox 2831 2875 2904 2928; x_wconf 90' lang='lat' dir='ltr'><strong>ita</strong></span> <span class='ocrx_word' id='word_1_443' title='bbox 2935 2877 3055 2929; x_wconf 87' lang='lat' dir='ltr'><strong>illas</strong></span> <span class='ocrx_word' id='word_1_444' title='bbox 3104 2877 3360 2946; x_wconf 86' lang='lat' dir='ltr'><strong>amplecti</strong></span> <span class='ocrx_word' id='word_1_445' title='bbox 3416 2893 3479 2930; x_wconf 71' lang='lat' dir='ltr'><strong>at:</strong></span> 
     </span>
    </p>
   </div>
   <div class='ocr_carea' id='block_1_64' title="bbox 1897 2966 3467 3034">
    <p class='ocr_par' dir='ltr' id='par_1_64' title="bbox 1897 2966 3467 3034">
     <span class='ocr_line' id='line_1_64' title="bbox 1897 2966 3467 3034; baseline 0.002 -20"><span class='ocrx_word' id='word_1_446' title='bbox 1897 2979 2244 3034; x_wconf 86' lang='lat' dir='ltr'><strong>quacumque</strong></span> <span class='ocrx_word' id='word_1_447' title='bbox 2279 2967 2492 3017; x_wconf 80' lang='lat' dir='ltr'><strong>ratione</strong></span> <span class='ocrx_word' id='word_1_448' title='bbox 2522 2968 2759 3018; x_wconf 84' lang='lat' dir='ltr'><strong>retinere</strong></span> <span class='ocrx_word' id='word_1_449' title='bbox 2793 2967 3088 3020; x_wconf 77' lang='lat' dir='ltr'><strong>convenit?</strong></span> <span class='ocrx_word' id='word_1_450' title='bbox 3124 2966 3327 3020; x_wconf 84' lang='lat' dir='ltr'><strong>Deinde</strong></span> <span class='ocrx_word' id='word_1_451' title='bbox 3356 2968 3467 3019; x_wconf 87' lang='lat' dir='ltr'><strong>sint</strong></span> 
     </span>
    </p>
   </div>
   <div class='ocr_carea' id='block_1_65' title="bbox 1897 3057 3477 3127">
    <p class='ocr_par' dir='ltr' id='par_1_65' title="bbox 1897 3057 3477 3127">
     <span class='ocr_line' id='line_1_65' title="bbox 1897 3057 3477 3127; baseline 0.001 -18"><span class='ocrx_word' id='word_1_452' title='bbox 1897 3057 2061 3110; x_wconf 89' lang='lat' dir='ltr'><strong>alicui</strong></span> <span class='ocrx_word' id='word_1_453' title='bbox 2123 3057 2340 3125; x_wconf 81' lang='lat' dir='ltr'><strong>cognati</strong></span> <span class='ocrx_word' id='word_1_454' title='bbox 2382 3071 2676 3124; x_wconf 65' lang='lat' dir='ltr'><strong>pauperes,</strong></span> <span class='ocrx_word' id='word_1_455' title='bbox 2724 3059 2994 3125; x_wconf 88' lang='lat' dir='ltr'><strong>alioquive</strong></span> <span class='ocrx_word' id='word_1_456' title='bbox 3032 3058 3172 3120; x_wconf 86' lang='lat' dir='ltr'><strong>noti,</strong></span> <span class='ocrx_word' id='word_1_457' title='bbox 3231 3058 3477 3127; x_wconf 88' lang='lat' dir='ltr'><strong>quicon-</strong></span> 
     </span>
    </p>
   </div>
   <div class='ocr_carea' id='block_1_66' title="bbox 1897 3147 3476 3229">
    <p class='ocr_par' dir='ltr' id='par_1_66' title="bbox 1897 3147 3476 3229">
     <span class='ocr_line' id='line_1_66' title="bbox 1897 3147 3476 3229; baseline -0.001 -29"><span class='ocrx_word' id='word_1_458' title='bbox 1897 3148 2157 3201; x_wconf 87' lang='lat' dir='ltr'><strong>solatrice</strong></span> <span class='ocrx_word' id='word_1_459' title='bbox 2209 3163 2372 3200; x_wconf 86' lang='lat' dir='ltr'><strong>manu</strong></span> <span class='ocrx_word' id='word_1_460' title='bbox 2437 3147 2714 3218; x_wconf 80' lang='lat' dir='ltr'><strong>indigeant</strong></span> <span class='ocrx_word' id='word_1_461' title='bbox 2741 3166 2753 3202; x_wconf 93' lang='lat'>:</span> <span class='ocrx_word' id='word_1_462' title='bbox 2778 3147 3058 3229; x_wconf 71' lang='lat' dir='ltr'><strong>quomodo</strong></span> <span class='ocrx_word' id='word_1_463' title='bbox 3100 3164 3209 3202; x_wconf 89' lang='lat' dir='ltr'><strong>non</strong></span> <span class='ocrx_word' id='word_1_464' title='bbox 3241 3150 3310 3202; x_wconf 87' lang='lat' dir='ltr'><strong>ab</strong></span> <span class='ocrx_word' id='word_1_465' title='bbox 3330 3150 3476 3201; x_wconf 91' lang='lat' dir='ltr'><strong>omni</strong></span> 
     </span>
    </p>
   </div>
   <div class='ocr_carea' id='block_1_67' title="bbox 1897 3240 3477 3310">
    <p class='ocr_par' dir='ltr' id='par_1_67' title="bbox 1897 3240 3477 3310">
     <span class='ocr_line' id='line_1_67' title="bbox 1897 3240 3477 3310; baseline -0.001 -17"><span class='ocrx_word' id='word_1_466' title='bbox 1897 3240 2241 3294; x_wconf 87' lang='lat' dir='ltr'><strong>humanitate</strong></span> <span class='ocrx_word' id='word_1_467' title='bbox 2291 3241 2554 3304; x_wconf 85' lang='lat' dir='ltr'><strong>alienum,</strong></span> <span class='ocrx_word' id='word_1_468' title='bbox 2595 3241 2746 3293; x_wconf 92' lang='lat' dir='ltr'><strong>nullo</strong></span> <span class='ocrx_word' id='word_1_469' title='bbox 2802 3241 2928 3295; x_wconf 92' lang='lat' dir='ltr'><strong>illos</strong></span> <span class='ocrx_word' id='word_1_470' title='bbox 2961 3255 3027 3294; x_wconf 86' lang='lat' dir='ltr'><strong>ex</strong></span> <span class='ocrx_word' id='word_1_471' title='bbox 3062 3243 3276 3310; x_wconf 77' lang='lat' dir='ltr'><strong>cognati</strong></span> <span class='ocrx_word' id='word_1_472' title='bbox 3315 3242 3477 3295; x_wconf 71' lang='lat' dir='ltr'><strong>rebus</strong></span> 
     </span>
    </p>
   </div>
   <div class='ocr_carea' id='block_1_68' title="bbox 1896 3331 3472 3401">
    <p class='ocr_par' dir='ltr' id='par_1_68' title="bbox 1896 3331 3472 3401">
     <span class='ocr_line' id='line_1_68' title="bbox 1896 3331 3472 3401; baseline -0.002 -16"><span class='ocrx_word' id='word_1_473' title='bbox 1896 3331 2276 3385; x_wconf 86' lang='lat' dir='ltr'><strong>sublevamine</strong></span> <span class='ocrx_word' id='word_1_474' title='bbox 2329 3331 2572 3401; x_wconf 76' lang='lat' dir='ltr'><strong>dignari,</strong></span> <span class='ocrx_word' id='word_1_475' title='bbox 2599 3340 2859 3400; x_wconf 89' lang='lat' dir='ltr'><strong>tanquam</strong></span> <span class='ocrx_word' id='word_1_476' title='bbox 2897 3347 3006 3384; x_wconf 91' lang='lat' dir='ltr'><strong>non</strong></span> <span class='ocrx_word' id='word_1_477' title='bbox 3035 3331 3197 3384; x_wconf 87' lang='lat' dir='ltr'><strong>modo</strong></span> <span class='ocrx_word' id='word_1_478' title='bbox 3227 3333 3472 3400; x_wconf 77' lang='lat' dir='ltr'><strong>pcregri-</strong></span> 
     </span>
    </p>
   </div>
   <div class='ocr_carea' id='block_1_69' title="bbox 1816 3417 3472 3493">
    <p class='ocr_par' dir='ltr' id='par_1_69' title="bbox 1816 3417 3472 3493">
     <span class='ocr_line' id='line_1_69' title="bbox 1816 3417 3472 3493; baseline -0.001 -16"><span class='ocrx_word' id='word_1_479' title='bbox 1816 3417 1860 3477; x_wconf 88' lang='lat' dir='ltr'><strong>C</strong></span> <span class='ocrx_word' id='word_1_480' title='bbox 1900 3439 2021 3487; x_wconf 88' lang='lat' dir='ltr'><strong>nos,</strong></span> <span class='ocrx_word' id='word_1_481' title='bbox 2066 3425 2158 3476; x_wconf 83' lang='lat' dir='ltr'><strong>sed</strong></span> <span class='ocrx_word' id='word_1_482' title='bbox 2184 3435 2235 3476; x_wconf 92' lang='lat' dir='ltr'><strong>et</strong></span> <span class='ocrx_word' id='word_1_483' title='bbox 2274 3433 2540 3492; x_wconf 72' lang='lat' dir='ltr'><strong>cognatos</strong></span> <span class='ocrx_word' id='word_1_484' title='bbox 2587 3425 2905 3493; x_wconf 88' lang='lat' dir='ltr'><strong>amicosque</strong></span> <span class='ocrx_word' id='word_1_485' title='bbox 2953 3425 3276 3493; x_wconf 89' lang='lat' dir='ltr'><strong>propellere,</strong></span> <span class='ocrx_word' id='word_1_486' title='bbox 3307 3433 3472 3491; x_wconf 64' lang='lat' dir='ltr'><strong>atque</strong></span> 
     </span>
    </p>
   </div>
   <div class='ocr_carea' id='block_1_70' title="bbox 191 3510 3447 3584">
    <p class='ocr_par' dir='ltr' id='par_1_70' title="bbox 191 3510 3447 3584">
     <span class='ocr_line' id='line_1_70' title="bbox 191 3510 3447 3584; baseline -0.002 -14"><span class='ocrx_word' id='word_1_487' title='bbox 191 3520 383 3570; x_wconf 89' lang='lat' dir='ltr'><strong>omnia</strong></span> <span class='ocrx_word' id='word_1_488' title='bbox 443 3517 509 3569; x_wconf 87' lang='lat' dir='ltr'><strong>ad</strong></span> <span class='ocrx_word' id='word_1_489' title='bbox 567 3532 627 3569; x_wconf 88' lang='lat' dir='ltr'><strong>se</strong></span> <span class='ocrx_word' id='word_1_490' title='bbox 685 3514 902 3567; x_wconf 84' lang='lat' dir='ltr'><strong>trahere</strong></span> <span class='ocrx_word' id='word_1_491' title='bbox 971 3510 1257 3566; x_wconf 87' lang='lat' dir='ltr'><strong>monachis</strong></span> <span class='ocrx_word' id='word_1_492' title='bbox 1314 3512 1572 3566; x_wconf 89' lang='lat' dir='ltr'><strong>decorum</strong></span> <span class='ocrx_word' id='word_1_493' title='bbox 1633 3512 1740 3566; x_wconf 89' lang='lat' dir='ltr'><strong>sit?</strong></span> <span class='ocrx_word' id='word_1_494' title='bbox 1797 3515 2255 3583; x_wconf 85' lang='lat' dir='ltr'><strong>quemadmodum</strong></span> <span class='ocrx_word' id='word_1_495' title='bbox 2316 3515 2600 3570; x_wconf 85' lang='lat' dir='ltr'><strong>helluones</strong></span> <span class='ocrx_word' id='word_1_496' title='bbox 2648 3530 2986 3584; x_wconf 83' lang='lat' dir='ltr'><strong>voracesqne</strong></span> <span class='ocrx_word' id='word_1_497' title='bbox 3038 3515 3290 3567; x_wconf 74' lang='lat' dir='ltr'><strong>bomines</strong></span> <span class='ocrx_word' id='word_1_498' title='bbox 3356 3517 3447 3566; x_wconf 90' lang='lat' dir='ltr'><strong>nul</strong></span> 
     </span>
    </p>
   </div>
   <div class='ocr_carea' id='block_1_71' title="bbox 195 3607 2716 3677">
    <p class='ocr_par' dir='ltr' id='par_1_71' title="bbox 195 3607 2716 3677">
     <span class='ocr_line' id='line_1_71' title="bbox 195 3607 2716 3677; baseline 0 -17"><span class='ocrx_word' id='word_1_499' title='bbox 195 3611 302 3662; x_wconf 88' lang='lat' dir='ltr'><strong>lam</strong></span> <span class='ocrx_word' id='word_1_500' title='bbox 365 3608 591 3662; x_wconf 89' lang='lat' dir='ltr'><strong>omnino</strong></span> <span class='ocrx_word' id='word_1_501' title='bbox 639 3617 848 3677; x_wconf 85' lang='lat' dir='ltr'><strong>partem</strong></span> <span class='ocrx_word' id='word_1_502' title='bbox 918 3607 1044 3660; x_wconf 88' lang='lat' dir='ltr'><strong>aliis</strong></span> <span class='ocrx_word' id='word_1_503' title='bbox 1090 3607 1181 3675; x_wconf 92' lang='lat' dir='ltr'><strong>qui</strong></span> <span class='ocrx_word' id='word_1_504' title='bbox 1254 3621 1360 3658; x_wconf 91' lang='lat' dir='ltr'><strong>una</strong></span> <span class='ocrx_word' id='word_1_505' title='bbox 1424 3607 1757 3660; x_wconf 89' lang='lat' dir='ltr'><strong>accumbunt</strong></span> <span class='ocrx_word' id='word_1_506' title='bbox 1825 3609 2133 3675; x_wconf 74' lang='lat' dir='ltr'><strong>relinquent:</strong></span> <span class='ocrx_word' id='word_1_507' title='bbox 2220 3609 2356 3661; x_wconf 87' lang='lat' dir='ltr'><strong>velle</strong></span> <span class='ocrx_word' id='word_1_508' title='bbox 2445 3609 2716 3662; x_wconf 86' lang='lat' dir='ltr'><strong>videmus.</strong></span> 
     </span>
    </p>
   </div>
   <div class='ocr_carea' id='block_1_72' title="bbox 2827 3605 3476 3678">
    <p class='ocr_par' dir='ltr' id='par_1_72' title="bbox 2827 3605 3476 3678">
     <span class='ocr_line' id='line_1_72' title="bbox 2827 3605 3476 3678; baseline -0.012 -18"><span class='ocrx_word' id='word_1_509' title='bbox 2827 3605 3014 3678; x_wconf 83' lang='lat' dir='ltr'><strong>Neque</strong></span> <span class='ocrx_word' id='word_1_510' title='bbox 3059 3608 3204 3661; x_wconf 79' lang='lat' dir='ltr'><strong>enim</strong></span> <span class='ocrx_word' id='word_1_511' title='bbox 3287 3622 3476 3660; x_wconf 65' lang='grc' dir='ltr'>εεινιις</span> 
     </span>
    </p>
   </div>
   <div class='ocr_carea' id='block_1_73' title="bbox 192 3699 3473 3768">
    <p class='ocr_par' dir='ltr' id='par_1_73' title="bbox 192 3699 3473 3768">
     <span class='ocr_line' id='line_1_73' title="bbox 192 3699 3473 3768; baseline -0.002 -11"><span class='ocrx_word' id='word_1_512' title='bbox 192 3702 481 3758; x_wconf 71' lang='lat' dir='ltr'><strong>servitutis</strong></span> <span class='ocrx_word' id='word_1_513' title='bbox 502 3700 738 3753; x_wconf 87' lang='lat' dir='ltr'><strong>vinculis</strong></span> <span class='ocrx_word' id='word_1_514' title='bbox 773 3700 1056 3760; x_wconf 83' lang='lat' dir='ltr'><strong>liberatur,</strong></span> <span class='ocrx_word' id='word_1_515' title='bbox 1091 3713 1267 3766; x_wconf 86' lang='lat' dir='ltr'><strong>neque</strong></span> <span class='ocrx_word' id='word_1_516' title='bbox 1294 3713 1500 3766; x_wconf 67' lang='lat' dir='ltr'><strong>egenus</strong></span> <span class='ocrx_word' id='word_1_517' title='bbox 1540 3699 2023 3753; x_wconf 88' lang='lat' dir='ltr'><strong>commiseratione</strong></span> <span class='ocrx_word' id='word_1_518' title='bbox 2042 3699 2269 3767; x_wconf 92' lang='lat' dir='ltr'><strong>potitur,</strong></span> <span class='ocrx_word' id='word_1_519' title='bbox 2323 3715 2427 3765; x_wconf 83' lang='lat' dir='ltr'><strong>non</strong></span> <span class='ocrx_word' id='word_1_520' title='bbox 2479 3699 2621 3753; x_wconf 88' lang='lat' dir='ltr'><strong>alius</strong></span> <span class='ocrx_word' id='word_1_521' title='bbox 2681 3701 2974 3768; x_wconf 89' lang='lat' dir='ltr'><strong>quisquam</strong></span> <span class='ocrx_word' id='word_1_522' title='bbox 3051 3699 3473 3752; x_wconf 71' lang='lat' dir='ltr'><strong>uecessitatibm</strong></span> 
     </span>
    </p>
   </div>
   <div class='ocr_carea' id='block_1_74' title="bbox 194 3793 2992 3871">
    <p class='ocr_par' dir='ltr' id='par_1_74' title="bbox 194 3793 2992 3871">
     <span class='ocr_line' id='line_1_74' title="bbox 194 3793 2992 3871; baseline -0.002 -18"><span class='ocrx_word' id='word_1_523' title='bbox 194 3813 422 3871; x_wconf 87' lang='lat' dir='ltr'><strong>pressus</strong></span> <span class='ocrx_word' id='word_1_524' title='bbox 450 3797 849 3850; x_wconf 89' lang='lat' dir='ltr'><strong>consolationis</strong></span> <span class='ocrx_word' id='word_1_525' title='bbox 889 3793 1126 3847; x_wconf 87' lang='lat' dir='ltr'><strong>fructum</strong></span> <span class='ocrx_word' id='word_1_526' title='bbox 1154 3794 1380 3858; x_wconf 86' lang='lat' dir='ltr'><strong>invenit,</strong></span> <span class='ocrx_word' id='word_1_527' title='bbox 1414 3809 1538 3847; x_wconf 93' lang='lat' dir='ltr'><strong>cum</strong></span> <span class='ocrx_word' id='word_1_528' title='bbox 1571 3809 1763 3848; x_wconf 83' lang='lat' dir='ltr'><strong>omnes</strong></span> <span class='ocrx_word' id='word_1_529' title='bbox 1799 3796 2050 3848; x_wconf 85' lang='lat' dir='ltr'><strong>monachi</strong></span> <span class='ocrx_word' id='word_1_530' title='bbox 2085 3794 2378 3848; x_wconf 85' lang='lat' dir='ltr'><strong>facultates</strong></span> <span class='ocrx_word' id='word_1_531' title='bbox 2406 3796 2744 3847; x_wconf 85' lang='lat' dir='ltr'><strong>monasterio</strong></span> <span class='ocrx_word' id='word_1_532' title='bbox 2770 3794 2992 3847; x_wconf 88' lang='lat' dir='ltr'><strong>dantur.</strong></span> 
     </span>
    </p>
   </div>
   <div class='ocr_carea' id='block_1_75' title="bbox 261 3888 1780 3960">
    <p class='ocr_par' dir='ltr' id='par_1_75' title="bbox 261 3888 1780 3960">
     <span class='ocr_line' id='line_1_75' title="bbox 261 3888 1780 3960; baseline -0.003 -16"><span class='ocrx_word' id='word_1_533' title='bbox 261 3894 363 3944; x_wconf 80' lang='grc' dir='ltr'>Διά</span> <span class='ocrx_word' id='word_1_534' title='bbox 392 3890 554 3944; x_wconf 81' lang='grc' dir='ltr'>τοῦτο</span> <span class='ocrx_word' id='word_1_535' title='bbox 583 3890 648 3960; x_wconf 84' lang='grc' dir='ltr'>δὴ</span> <span class='ocrx_word' id='word_1_536' title='bbox 681 3889 1036 3957; x_wconf 74' lang='grc' dir='ltr'>θεσπίζομεν,</span> <span class='ocrx_word' id='word_1_537' title='bbox 1062 3889 1172 3940; x_wconf 77' lang='lat' dir='ltr'><strong>ei&quot;</strong></span> <span class='ocrx_word' id='word_1_538' title='bbox 1203 3889 1302 3958; x_wconf 87' lang='grc' dir='ltr'><strong>μὲν</strong></span> <span class='ocrx_word' id='word_1_539' title='bbox 1331 3888 1486 3957; x_wconf 76' lang='grc' dir='ltr'>ὤφθη</span> <span class='ocrx_word' id='word_1_540' title='bbox 1528 3891 1668 3941; x_wconf 81' lang='grc' dir='ltr'>κατὰ</span> <span class='ocrx_word' id='word_1_541' title='bbox 1690 3889 1780 3940; x_wconf 84' lang='grc' dir='ltr'><strong>τὸν</strong></span> 
     </span>
    </p>
   </div>
   <div class='ocr_carea' id='block_1_76' title="bbox 192 3977 1781 4053">
    <p class='ocr_par' dir='ltr' id='par_1_76' title="bbox 192 3977 1781 4053">
     <span class='ocr_line' id='line_1_76' title="bbox 192 3977 1781 4053; baseline -0.006 -16"><span class='ocrx_word' id='word_1_542' title='bbox 192 3983 390 4053; x_wconf 75' lang='grc' dir='ltr'>καιρὸν</span> <span class='ocrx_word' id='word_1_543' title='bbox 435 3982 527 4033; x_wconf 78' lang='grc' dir='ltr'>ὅτε</span> <span class='ocrx_word' id='word_1_544' title='bbox 576 3979 668 4031; x_wconf 79' lang='grc' dir='ltr'><strong>τὸν</strong></span> <span class='ocrx_word' id='word_1_545' title='bbox 708 3979 982 4048; x_wconf 79' lang='grc' dir='ltr'>μοναστὴν</span> <span class='ocrx_word' id='word_1_546' title='bbox 1036 3977 1210 4030; x_wconf 75' lang='grc' dir='ltr'>εἵλετο</span> <span class='ocrx_word' id='word_1_547' title='bbox 1264 3977 1376 4045; x_wconf 89' lang='grc' dir='ltr'>βίον</span> <span class='ocrx_word' id='word_1_548' title='bbox 1422 3980 1451 4029; x_wconf 84' lang='grc' dir='ltr'>ὁ</span> <span class='ocrx_word' id='word_1_549' title='bbox 1498 3978 1781 4048; x_wconf 80' lang='grc' dir='ltr'>ἄνθρωπος</span> 
     </span>
    </p>
   </div>
   <div class='ocr_carea' id='block_1_77' title="bbox 193 4065 1781 4143">
    <p class='ocr_par' dir='ltr' id='par_1_77' title="bbox 193 4065 1781 4143">
     <span class='ocr_line' id='line_1_77' title="bbox 193 4065 1781 4143; baseline -0.004 -15"><span class='ocrx_word' id='word_1_550' title='bbox 193 4072 647 4143; x_wconf 59' lang='grc' dir='ltr'>ἀφιεῳσάμενός</span> <span class='ocrx_word' id='word_1_551' title='bbox 669 4089 720 4123; x_wconf 91' lang='grc' dir='ltr'>τι</span> <span class='ocrx_word' id='word_1_552' title='bbox 743 4073 807 4140; x_wconf 82' lang='grc' dir='ltr'>τῇ</span> <span class='ocrx_word' id='word_1_553' title='bbox 829 4070 1142 4139; x_wconf 80' lang='grc' dir='ltr'>Ἐκκλησία.</span> <span class='ocrx_word' id='word_1_554' title='bbox 1176 4065 1315 4121; x_wconf 76' lang='grc' dir='ltr'>εἶναι</span> <span class='ocrx_word' id='word_1_555' title='bbox 1341 4069 1490 4138; x_wconf 82' lang='grc' dir='ltr'>αὐτῷ</span> <span class='ocrx_word' id='word_1_556' title='bbox 1521 4070 1649 4138; x_wconf 81' lang='grc' dir='ltr'>περὶ</span> <span class='ocrx_word' id='word_1_557' title='bbox 1673 4070 1781 4122; x_wconf 82' lang='grc' dir='ltr'>τῶν</span> 
     </span>
    </p>
   </div>
   <div class='ocr_carea' id='block_1_78' title="bbox 197 4159 1780 4232">
    <p class='ocr_par' dir='ltr' id='par_1_78' title="bbox 197 4159 1780 4232">
     <span class='ocr_line' id='line_1_78' title="bbox 197 4159 1780 4232; baseline -0.003 -18"><span class='ocrx_word' id='word_1_558' title='bbox 197 4165 430 4232; x_wconf 77' lang='grc' dir='ltr'>ὕστερον</span> <span class='ocrx_word' id='word_1_559' title='bbox 461 4161 1012 4231; x_wconf 76' lang='grc' dir='ltr'>προσκεκτημένων²⁰</span> <span class='ocrx_word' id='word_1_560' title='bbox 1043 4159 1301 4212; x_wconf 76' lang='grc' dir='ltr'>ἀόίαστον</span> <span class='ocrx_word' id='word_1_561' title='bbox 1331 4160 1424 4211; x_wconf 73' lang='grc' dir='ltr'>καὶ</span> <span class='ocrx_word' id='word_1_562' title='bbox 1457 4159 1653 4228; x_wconf 88' lang='grc' dir='ltr'>κυρίαν</span> <span class='ocrx_word' id='word_1_563' title='bbox 1683 4162 1780 4230; x_wconf 82' lang='grc' dir='ltr'><strong>τὴν</strong></span> 
     </span>
    </p>
   </div>
   <div class='ocr_carea' id='block_1_79' title="bbox 195 4251 1777 4324">
    <p class='ocr_par' dir='ltr' id='par_1_79' title="bbox 195 4251 1777 4324">
     <span class='ocr_line' id='line_1_79' title="bbox 195 4251 1777 4324; baseline -0.001 -18"><span class='ocrx_word' id='word_1_564' title='bbox 195 4255 426 4324; x_wconf 79' lang='grc' dir='ltr'>γνώμην</span> <span class='ocrx_word' id='word_1_565' title='bbox 456 4252 638 4314; x_wconf 85' lang='grc' dir='ltr'>καθὼς</span> <span class='ocrx_word' id='word_1_566' title='bbox 684 4254 750 4305; x_wconf 83' lang='grc' dir='ltr'><strong>ἂν</strong></span> <span class='ocrx_word' id='word_1_567' title='bbox 801 4253 1117 4323; x_wconf 87' lang='grc' dir='ltr'>προαιροῖτο</span> <span class='ocrx_word' id='word_1_568' title='bbox 1153 4252 1330 4304; x_wconf 80' lang='grc' dir='ltr'>πάντα</span> <span class='ocrx_word' id='word_1_569' title='bbox 1361 4251 1611 4302; x_wconf 90' lang='grc' dir='ltr'>διοικεῖν·</span> <span class='ocrx_word' id='word_1_570' title='bbox 1645 4253 1692 4303; x_wconf 89' lang='grc' dir='ltr'><strong>εί</strong></span> <span class='ocrx_word' id='word_1_571' title='bbox 1723 4253 1777 4304; x_wconf 86' lang='grc' dir='ltr'>δὲ</span> 
     </span>
    </p>
   </div>
   <div class='ocr_carea' id='block_1_80' title="bbox 198 4343 1778 4415">
    <p class='ocr_par' dir='ltr' id='par_1_80' title="bbox 198 4343 1778 4415">
     <span class='ocr_line' id='line_1_80' title="bbox 198 4343 1778 4415; baseline -0.004 -17"><span class='ocrx_word' id='word_1_572' title='bbox 198 4346 368 4415; x_wconf 79' lang='grc' dir='ltr'>μηδὲν</span> <span class='ocrx_word' id='word_1_573' title='bbox 397 4345 533 4407; x_wconf 82' lang='grc' dir='ltr'>ὅλως</span> <span class='ocrx_word' id='word_1_574' title='bbox 563 4343 684 4396; x_wconf 85' lang='grc' dir='ltr'>κατ’</span> <span class='ocrx_word' id='word_1_575' title='bbox 709 4346 882 4411; x_wconf 74' lang='grc' dir='ltr'>ἀρχὰς</span> <span class='ocrx_word' id='word_1_576' title='bbox 913 4343 991 4410; x_wconf 85' lang='grc' dir='ltr'>τῷ</span> <span class='ocrx_word' id='word_1_577' title='bbox 1024 4344 1373 4412; x_wconf 86' lang='grc' dir='ltr'>μοναστηρίῳ</span> <span class='ocrx_word' id='word_1_578' title='bbox 1402 4344 1778 4410; x_wconf 83' lang='grc' dir='ltr'>προεισενήνε-</span> 
     </span>
    </p>
   </div>
   <div class='ocr_carea' id='block_1_81' title="bbox 193 4433 1781 4504">
    <p class='ocr_par' dir='ltr' id='par_1_81' title="bbox 193 4433 1781 4504">
     <span class='ocr_line' id='line_1_81' title="bbox 193 4433 1781 4504; baseline -0.004 -14"><span class='ocrx_word' id='word_1_579' title='bbox 193 4438 402 4498; x_wconf 67' lang='lat' dir='ltr'><strong>attat&quot;,</strong></span> <span class='ocrx_word' id='word_1_580' title='bbox 434 4437 552 4489; x_wconf 85' lang='grc' dir='ltr'>τότε</span> <span class='ocrx_word' id='word_1_581' title='bbox 588 4436 710 4504; x_wconf 82' lang='grc' dir='ltr'>διχῆ</span> <span class='ocrx_word' id='word_1_582' title='bbox 741 4435 838 4504; x_wconf 79' lang='grc' dir='ltr'>τὴν</span> <span class='ocrx_word' id='word_1_583' title='bbox 867 4433 1107 4504; x_wconf 71' lang='grc' dir='ltr'>ὓπαρξιν</span> <span class='ocrx_word' id='word_1_584' title='bbox 1135 4433 1597 4502; x_wconf 66' lang='grc' dir='ltr'>τέμνεσθαι,“τών</span> <span class='ocrx_word' id='word_1_585' title='bbox 1633 4434 1781 4502; x_wconf 82' lang='grc' dir='ltr'>μερί-</span> 
     </span>
    </p>
   </div>
   <div class='ocr_carea' id='block_1_82' title="bbox 190 4525 1780 4598">
    <p class='ocr_par' dir='ltr' id='par_1_82' title="bbox 190 4525 1780 4598">
     <span class='ocr_line' id='line_1_82' title="bbox 190 4525 1780 4598; baseline -0.004 -15"><span class='ocrx_word' id='word_1_586' title='bbox 190 4530 300 4583; x_wconf 86' lang='grc' dir='ltr'>δων</span> <span class='ocrx_word' id='word_1_587' title='bbox 352 4529 455 4597; x_wconf 75' lang='grc' dir='ltr'>τῆς</span> <span class='ocrx_word' id='word_1_588' title='bbox 512 4528 612 4593; x_wconf 85' lang='grc' dir='ltr'><strong>μὲν</strong></span> <span class='ocrx_word' id='word_1_589' title='bbox 647 4529 892 4598; x_wconf 81' lang='grc' dir='ltr'>διμοιρία</span> <span class='ocrx_word' id='word_1_590' title='bbox 929 4526 1532 4595; x_wconf 76' lang='grc' dir='ltr'>συγκεφαλαιουμένης,</span> <span class='ocrx_word' id='word_1_591' title='bbox 1580 4525 1678 4593; x_wconf 80' lang='grc' dir='ltr'>τῆς</span> <span class='ocrx_word' id='word_1_592' title='bbox 1725 4527 1780 4577; x_wconf 84' lang='grc' dir='ltr'>δὲ</span> 
     </span>
    </p>
   </div>
   <div class='ocr_carea' id='block_1_83' title="bbox 1953 3889 3444 3957">
    <p class='ocr_par' dir='ltr' id='par_1_83' title="bbox 1953 3889 3444 3957">
     <span class='ocr_line' id='line_1_83' title="bbox 1953 3889 3444 3957; baseline -0.002 -16"><span class='ocrx_word' id='word_1_593' title='bbox 1953 3891 2029 3941; x_wconf 81' lang='lat' dir='ltr'><strong>Ar</strong></span> <span class='ocrx_word' id='word_1_594' title='bbox 2053 3899 2269 3957; x_wconf 84' lang='lat' dir='ltr'><strong>propter</strong></span> <span class='ocrx_word' id='word_1_595' title='bbox 2288 3891 2390 3944; x_wconf 93' lang='lat' dir='ltr'><strong>hoc</strong></span> <span class='ocrx_word' id='word_1_596' title='bbox 2406 3905 2539 3944; x_wconf 87' lang='lat' dir='ltr'><strong>sane</strong></span> <span class='ocrx_word' id='word_1_597' title='bbox 2553 3891 2867 3950; x_wconf 89' lang='lat' dir='ltr'><strong>statuimus,</strong></span> <span class='ocrx_word' id='word_1_598' title='bbox 2888 3889 3009 3942; x_wconf 90' lang='lat' dir='ltr'><strong>utsi</strong></span> <span class='ocrx_word' id='word_1_599' title='bbox 3031 3890 3178 3957; x_wconf 87' lang='lat' dir='ltr'><strong>quis,</strong></span> <span class='ocrx_word' id='word_1_600' title='bbox 3208 3904 3317 3957; x_wconf 90' lang='lat' dir='ltr'><strong>quo</strong></span> <span class='ocrx_word' id='word_1_601' title='bbox 3336 3895 3444 3942; x_wconf 89' lang='lat' dir='ltr'><strong>tem</strong></span> 
     </span>
    </p>
   </div>
   <div class='ocr_carea' id='block_1_84' title="bbox 1887 3979 3473 4048">
    <p class='ocr_par' dir='ltr' id='par_1_84' title="bbox 1887 3979 3473 4048">
     <span class='ocr_line' id='line_1_84' title="bbox 1887 3979 3473 4048; baseline -0.001 -16"><span class='ocrx_word' id='word_1_602' title='bbox 1887 3996 2016 4048; x_wconf 85' lang='lat' dir='ltr'><strong>pore</strong></span> <span class='ocrx_word' id='word_1_603' title='bbox 2041 3981 2398 4034; x_wconf 84' lang='lat' dir='ltr'><strong>monasticam</strong></span> <span class='ocrx_word' id='word_1_604' title='bbox 2435 3981 2596 4033; x_wconf 87' lang='lat' dir='ltr'><strong>vitam</strong></span> <span class='ocrx_word' id='word_1_605' title='bbox 2621 3981 2885 4048; x_wconf 65' lang='lat' dir='ltr'><strong>suscepit,</strong></span> <span class='ocrx_word' id='word_1_606' title='bbox 2917 3981 3170 4033; x_wconf 71' lang='lat' dir='ltr'><strong>Ecclesiae</strong></span> <span class='ocrx_word' id='word_1_607' title='bbox 3197 3979 3473 4048; x_wconf 82' lang='lat' dir='ltr'><strong>quidpiam</strong></span> 
     </span>
    </p>
   </div>
   <div class='ocr_carea' id='block_1_85' title="bbox 1884 4073 3474 4140">
    <p class='ocr_par' dir='ltr' id='par_1_85' title="bbox 1884 4073 3474 4140">
     <span class='ocr_line' id='line_1_85' title="bbox 1884 4073 3474 4140; baseline -0.004 -16"><span class='ocrx_word' id='word_1_608' title='bbox 1884 4073 2246 4131; x_wconf 84' lang='lat' dir='ltr'><strong>consecrarit.</strong></span> <span class='ocrx_word' id='word_1_609' title='bbox 2277 4074 2352 4124; x_wconf 94' lang='lat' dir='ltr'><strong>illi</strong></span> <span class='ocrx_word' id='word_1_610' title='bbox 2408 4075 2554 4125; x_wconf 88' lang='lat' dir='ltr'><strong>circa</strong></span> <span class='ocrx_word' id='word_1_611' title='bbox 2608 4088 2694 4125; x_wconf 82' lang='lat' dir='ltr'><strong>res</strong></span> <span class='ocrx_word' id='word_1_612' title='bbox 2731 4073 3079 4140; x_wconf 86' lang='lat' dir='ltr'><strong>postmodum</strong></span> <span class='ocrx_word' id='word_1_613' title='bbox 3127 4082 3474 4139; x_wconf 44' lang='lat' dir='ltr'><strong>comparatas</strong></span> 
     </span>
    </p>
   </div>
   <div class='ocr_carea' id='block_1_86' title="bbox 1884 4164 3472 4231">
    <p class='ocr_par' dir='ltr' id='par_1_86' title="bbox 1884 4164 3472 4231">
     <span class='ocr_line' id='line_1_86' title="bbox 1884 4164 3472 4231; baseline -0.003 -17"><span class='ocrx_word' id='word_1_614' title='bbox 1884 4165 2115 4216; x_wconf 84' lang='lat' dir='ltr'><strong>liberum</strong></span> <span class='ocrx_word' id='word_1_615' title='bbox 2144 4175 2434 4231; x_wconf 87' lang='lat' dir='ltr'><strong>ratumque</strong></span> <span class='ocrx_word' id='word_1_616' title='bbox 2461 4164 2729 4231; x_wconf 80' lang='lat' dir='ltr'><strong>judicium</strong></span> <span class='ocrx_word' id='word_1_617' title='bbox 2765 4164 2835 4216; x_wconf 87' lang='lat' dir='ltr'><strong>sit</strong></span> <span class='ocrx_word' id='word_1_618' title='bbox 2865 4165 3000 4227; x_wconf 68' lang='grc'><strong>(41),</strong></span> <span class='ocrx_word' id='word_1_619' title='bbox 3036 4165 3472 4230; x_wconf 81' lang='lat' dir='ltr'><strong>quomodocum—</strong></span> 
     </span>
    </p>
   </div>
   <div class='ocr_carea' id='block_1_87' title="bbox 1882 4254 3473 4322">
    <p class='ocr_par' dir='ltr' id='par_1_87' title="bbox 1882 4254 3473 4322">
     <span class='ocr_line' id='line_1_87' title="bbox 1882 4254 3473 4322; baseline -0.004 -15"><span class='ocrx_word' id='word_1_620' title='bbox 1882 4272 1988 4322; x_wconf 88' lang='lat' dir='ltr'><strong>que</strong></span> <span class='ocrx_word' id='word_1_621' title='bbox 2012 4256 2078 4306; x_wconf 88' lang='lat' dir='ltr'><strong>de</strong></span> <span class='ocrx_word' id='word_1_622' title='bbox 2107 4257 2214 4308; x_wconf 91' lang='lat' dir='ltr'><strong>illis</strong></span> <span class='ocrx_word' id='word_1_623' title='bbox 2244 4264 2486 4309; x_wconf 64' lang='lat' dir='ltr'><strong>statuere</strong></span> <span class='ocrx_word' id='word_1_624' title='bbox 2517 4255 2642 4307; x_wconf 81' lang='lat' dir='ltr'><strong>velit</strong></span> <span class='ocrx_word' id='word_1_625' title='bbox 2666 4255 2778 4307; x_wconf 91' lang='lat' dir='ltr'><strong>:sin</strong></span> <span class='ocrx_word' id='word_1_626' title='bbox 2810 4255 3185 4306; x_wconf 87' lang='lat' dir='ltr'><strong>nihilomnino</strong></span> <span class='ocrx_word' id='word_1_627' title='bbox 3220 4254 3287 4307; x_wconf 79' lang='lat' dir='ltr'><strong>ab</strong></span> <span class='ocrx_word' id='word_1_628' title='bbox 3320 4255 3473 4305; x_wconf 82' lang='lat' dir='ltr'><strong>inito</strong></span> 
     </span>
    </p>
   </div>
   <div class='ocr_carea' id='block_1_88' title="bbox 1885 4345 3459 4406">
    <p class='ocr_par' dir='ltr' id='par_1_88' title="bbox 1885 4345 3459 4406">
     <span class='ocr_line' id='line_1_88' title="bbox 1885 4345 3459 4406; baseline -0.001 -9"><span class='ocrx_word' id='word_1_629' title='bbox 1885 4348 1938 4398; x_wconf 82' lang='lat' dir='ltr'><strong>in</strong></span> <span class='ocrx_word' id='word_1_630' title='bbox 1977 4347 2367 4398; x_wconf 82' lang='lat' dir='ltr'><strong>monasterium</strong></span> <span class='ocrx_word' id='word_1_631' title='bbox 2426 4347 2650 4397; x_wconf 81' lang='lat' dir='ltr'><strong>allatum</strong></span> <span class='ocrx_word' id='word_1_632' title='bbox 2707 4349 2798 4406; x_wconf 84' lang='lat' dir='ltr'><strong>sit,</strong></span> <span class='ocrx_word' id='word_1_633' title='bbox 2829 4355 2944 4397; x_wconf 91' lang='lat' dir='ltr'><strong>tum</strong></span> <span class='ocrx_word' id='word_1_634' title='bbox 2969 4357 3026 4397; x_wconf 88' lang='lat' dir='ltr'><strong>ut</strong></span> <span class='ocrx_word' id='word_1_635' title='bbox 3056 4345 3304 4397; x_wconf 86' lang='lat' dir='ltr'><strong>hilariam</strong></span> <span class='ocrx_word' id='word_1_636' title='bbox 3337 4347 3459 4398; x_wconf 21' lang='lat' dir='ltr'><strong>Sub.</strong></span> 
     </span>
    </p>
   </div>
   <div class='ocr_carea' id='block_1_89' title="bbox 1885 4437 3466 4504">
    <p class='ocr_par' dir='ltr' id='par_1_89' title="bbox 1885 4437 3466 4504">
     <span class='ocr_line' id='line_1_89' title="bbox 1885 4437 3466 4504; baseline -0.004 -13"><span class='ocrx_word' id='word_1_637' title='bbox 1885 4439 2085 4491; x_wconf 83' lang='lat' dir='ltr'><strong>stantia</strong></span> <span class='ocrx_word' id='word_1_638' title='bbox 2117 4438 2414 4501; x_wconf 84' lang='lat' dir='ltr'><strong>dividatur,</strong></span> <span class='ocrx_word' id='word_1_639' title='bbox 2451 4439 2524 4491; x_wconf 86' lang='lat' dir='ltr'><strong>ita</strong></span> <span class='ocrx_word' id='word_1_640' title='bbox 2559 4447 2619 4490; x_wconf 89' lang='lat' dir='ltr'><strong>ut</strong></span> <span class='ocrx_word' id='word_1_641' title='bbox 2657 4454 2762 4490; x_wconf 87' lang='lat' dir='ltr'><strong>una</strong></span> <span class='ocrx_word' id='word_1_642' title='bbox 2791 4453 2915 4504; x_wconf 89' lang='lat' dir='ltr'><strong>pars</strong></span> <span class='ocrx_word' id='word_1_643' title='bbox 2947 4437 2998 4489; x_wconf 90' lang='lat' dir='ltr'><strong>in</strong></span> <span class='ocrx_word' id='word_1_644' title='bbox 3033 4439 3269 4497; x_wconf 84' lang='lat' dir='ltr'><strong>bessem,</strong></span> <span class='ocrx_word' id='word_1_645' title='bbox 3299 4438 3466 4488; x_wconf 82' lang='lat' dir='ltr'><strong>altein</strong></span> 
     </span>
    </p>
   </div>
   <div class='ocr_carea' id='block_1_90' title="bbox 1887 4530 3469 4592">
    <p class='ocr_par' dir='ltr' id='par_1_90' title="bbox 1887 4530 3469 4592">
     <span class='ocr_line' id='line_1_90' title="bbox 1887 4530 3469 4592; baseline 0 -11"><span class='ocrx_word' id='word_1_646' title='bbox 1887 4546 2018 4584; x_wconf 85' lang='lat' dir='ltr'><strong>vero</strong></span> <span class='ocrx_word' id='word_1_647' title='bbox 2051 4531 2103 4590; x_wconf 91' lang='lat' dir='ltr'><strong>in</strong></span> <span class='ocrx_word' id='word_1_648' title='bbox 2145 4531 2397 4584; x_wconf 85' lang='lat' dir='ltr'><strong>trientem</strong></span> <span class='ocrx_word' id='word_1_649' title='bbox 2461 4531 2992 4592; x_wconf 79' lang='lat' dir='ltr'><strong>circumscribatur,</strong></span> <span class='ocrx_word' id='word_1_650' title='bbox 3047 4545 3110 4581; x_wconf 84' lang='lat' dir='ltr'><strong>ac</strong></span> <span class='ocrx_word' id='word_1_651' title='bbox 3169 4530 3469 4582; x_wconf 59' lang='lat' dir='ltr'><strong>monachus</strong></span> 
     </span>
    </p>
   </div>
   <div class='ocr_carea' id='block_1_91' title="bbox 191 4617 1793 4692">
    <p class='ocr_par' dir='ltr' id='par_1_91' title="bbox 191 4617 1782 4691">
     <span class='ocr_line' id='line_1_91' title="bbox 191 4617 1782 4691; baseline -0.004 -17"><span class='ocrx_word' id='word_1_652' title='bbox 191 4622 365 4691; x_wconf 79' lang='grc' dir='ltr'>τρίτῳ</span> <span class='ocrx_word' id='word_1_653' title='bbox 416 4621 571 4690; x_wconf 80' lang='grc' dir='ltr'>μέρει</span> <span class='ocrx_word' id='word_1_654' title='bbox 589 4620 656 4684; x_wconf 77' lang='grc'><strong>⁸⁸,</strong></span> <span class='ocrx_word' id='word_1_655' title='bbox 689 4621 783 4672; x_wconf 75' lang='grc' dir='ltr'>καὶ</span> <span class='ocrx_word' id='word_1_656' title='bbox 831 4619 1166 4672; x_wconf 88' lang='grc' dir='ltr'>διατίθεσθαι</span> <span class='ocrx_word' id='word_1_657' title='bbox 1203 4617 1304 4686; x_wconf 86' lang='grc' dir='ltr'><strong>μὲν</strong></span> <span class='ocrx_word' id='word_1_658' title='bbox 1335 4617 1409 4678; x_wconf 91' lang='grc' dir='ltr'><strong>ώς</strong></span> <span class='ocrx_word' id='word_1_659' title='bbox 1441 4617 1506 4669; x_wconf 82' lang='grc' dir='ltr'><strong>ἄν</strong></span> <span class='ocrx_word' id='word_1_660' title='bbox 1536 4634 1664 4668; x_wconf 79' lang='grc' dir='ltr'>ποτε</span> <span class='ocrx_word' id='word_1_661' title='bbox 1695 4617 1782 4669; x_wconf 85' lang='grc' dir='ltr'><strong>δό-</strong></span> 
     </span>
    </p>
   </div>
   <div class='ocr_carea' id='block_1_92' title="bbox 1816 4617 3461 4692">
    <p class='ocr_par' dir='ltr' id='par_1_92' title="bbox 1817 4621 3461 4692">
     <span class='ocr_line' id='line_1_92' title="bbox 1817 4621 3461 4692; baseline -0.002 -15"><span class='ocrx_word' id='word_1_662' title='bbox 1817 4624 1858 4677; x_wconf 88' lang='grc' dir='ltr'>υ</span> <span class='ocrx_word' id='word_1_663' title='bbox 1885 4623 2377 4692; x_wconf 75' lang='lat' dir='ltr'><strong>quomodoonnque</strong></span> <span class='ocrx_word' id='word_1_664' title='bbox 2429 4622 2530 4690; x_wconf 84' lang='lat' dir='ltr'><strong>ipsi</strong></span> <span class='ocrx_word' id='word_1_665' title='bbox 2588 4626 2766 4674; x_wconf 85' lang='lat' dir='ltr'><strong>visum</strong></span> <span class='ocrx_word' id='word_1_666' title='bbox 2801 4621 2965 4675; x_wconf 84' lang='lat' dir='ltr'><strong>fuerit</strong></span> <span class='ocrx_word' id='word_1_667' title='bbox 3003 4621 3069 4675; x_wconf 84' lang='lat' dir='ltr'><strong>de</strong></span> <span class='ocrx_word' id='word_1_668' title='bbox 3099 4622 3260 4676; x_wconf 87' lang='lat' dir='ltr'><strong>besse</strong></span> <span class='ocrx_word' id='word_1_669' title='bbox 3292 4631 3461 4675; x_wconf 91' lang='lat' dir='ltr'><strong>testa-</strong></span> 
     </span>
    </p>
   </div>
   <div class='ocr_carea' id='block_1_93' title="bbox 192 4708 1778 4782">
    <p class='ocr_par' dir='ltr' id='par_1_93' title="bbox 192 4708 1778 4782">
     <span class='ocr_line' id='line_1_93' title="bbox 192 4708 1778 4782; baseline -0.004 -16"><span class='ocrx_word' id='word_1_670' title='bbox 192 4713 340 4778; x_wconf 74' lang='grc' dir='ltr'>ξσιεν</span> <span class='ocrx_word' id='word_1_671' title='bbox 369 4713 519 4782; x_wconf 87' lang='grc' dir='ltr'><strong>αὑτῷ</strong></span> <span class='ocrx_word' id='word_1_672' title='bbox 559 4711 804 4781; x_wconf 76' lang='grc' dir='ltr'>περὶτοῦ</span> <span class='ocrx_word' id='word_1_673' title='bbox 851 4711 1101 4779; x_wconf 89' lang='grc' dir='ltr'>διμοίρου</span> <span class='ocrx_word' id='word_1_674' title='bbox 1129 4710 1416 4778; x_wconf 78' lang='grc' dir='ltr'>τμήματος</span> <span class='ocrx_word' id='word_1_675' title='bbox 1463 4709 1556 4759; x_wconf 87' lang='grc' dir='ltr'>τὸν</span> <span class='ocrx_word' id='word_1_676' title='bbox 1613 4708 1778 4776; x_wconf 85' lang='grc' dir='ltr'>μονά-</span> 
     </span>
    </p>
   </div>
   <div class='ocr_carea' id='block_1_94' title="bbox 190 4798 1774 4871">
    <p class='ocr_par' dir='ltr' id='par_1_94' title="bbox 190 4798 1774 4871">
     <span class='ocr_line' id='line_1_94' title="bbox 190 4798 1774 4871; baseline -0.005 -14"><span class='ocrx_word' id='word_1_677' title='bbox 190 4803 390 4867; x_wconf 75' lang='grc' dir='ltr'>ζοντα,</span> <span class='ocrx_word' id='word_1_678' title='bbox 423 4805 484 4854; x_wconf 80' lang='grc' dir='ltr'>τὸ</span> <span class='ocrx_word' id='word_1_679' title='bbox 515 4803 693 4871; x_wconf 82' lang='grc' dir='ltr'>τρίτον</span> <span class='ocrx_word' id='word_1_680' title='bbox 723 4803 778 4854; x_wconf 85' lang='grc' dir='ltr'>δὲ</span> <span class='ocrx_word' id='word_1_681' title='bbox 814 4799 1258 4870; x_wconf 76' lang='grc' dir='ltr'>ἀποκληροῦσθαι</span> <span class='ocrx_word' id='word_1_682' title='bbox 1291 4798 1371 4867; x_wconf 81' lang='grc' dir='ltr'>τῷ</span> <span class='ocrx_word' id='word_1_683' title='bbox 1409 4800 1774 4868; x_wconf 84' lang='grc' dir='ltr'>μοναστηρίῳ.</span> 
     </span>
    </p>
   </div>
   <div class='ocr_carea' id='block_1_95' title="bbox 206 4884 1780 4962">
    <p class='ocr_par' dir='ltr' id='par_1_95' title="bbox 206 4884 1780 4962">
     <span class='ocr_line' id='line_1_95' title="bbox 206 4884 1780 4962; baseline -0.003 -15"><span class='ocrx_word' id='word_1_684' title='bbox 206 4896 367 4948; x_wconf 73' lang='grc' dir='ltr'><strong>’Λλλὰ</strong></span> <span class='ocrx_word' id='word_1_685' title='bbox 411 4893 585 4946; x_wconf 79' lang='grc' dir='ltr'>ταῦτα</span> <span class='ocrx_word' id='word_1_686' title='bbox 639 4895 738 4962; x_wconf 80' lang='grc' dir='ltr'><strong>μὲν</strong></span> <span class='ocrx_word' id='word_1_687' title='bbox 789 4893 916 4960; x_wconf 74' lang='grc' dir='ltr'>περὶ</span> <span class='ocrx_word' id='word_1_688' title='bbox 963 4884 1038 4943; x_wconf 80' lang='grc' dir='ltr'><strong>ὧν</strong></span> <span class='ocrx_word' id='word_1_689' title='bbox 1091 4891 1392 4960; x_wconf 76' lang='grc' dir='ltr'>ἐζητήσατε</span> <span class='ocrx_word' id='word_1_690' title='bbox 1423 4890 1482 4941; x_wconf 88' lang='grc' dir='ltr'>τὸ</span> <span class='ocrx_word' id='word_1_691' title='bbox 1515 4890 1780 4958; x_wconf 85' lang='grc' dir='ltr'>ήμέτερον</span> 
     </span>
    </p>
   </div>
   <div class='ocr_carea' id='block_1_96' title="bbox 189 4982 1778 5052">
    <p class='ocr_par' dir='ltr' id='par_1_96' title="bbox 189 4982 1778 5052">
     <span class='ocr_line' id='line_1_96' title="bbox 189 4982 1778 5052; baseline -0.004 -14"><span class='ocrx_word' id='word_1_692' title='bbox 189 4985 530 5038; x_wconf 85' lang='grc' dir='ltr'>ἀπεθέσπισε</span> <span class='ocrx_word' id='word_1_693' title='bbox 566 4986 788 5052; x_wconf 85' lang='grc' dir='ltr'>κράτος.</span> <span class='ocrx_word' id='word_1_694' title='bbox 827 4985 1019 5052; x_wconf 82' lang='grc' dir='ltr'>Δεήσει</span> <span class='ocrx_word' id='word_1_695' title='bbox 1053 4983 1237 5050; x_wconf 75' lang='grc' dir='ltr'>δὲτὴν</span> <span class='ocrx_word' id='word_1_696' title='bbox 1275 4982 1544 5051; x_wconf 80' lang='grc' dir='ltr'>ὑμετέραν</span> <span class='ocrx_word' id='word_1_697' title='bbox 1597 4998 1778 5050; x_wconf 81' lang='grc' dir='ltr'>μακα-</span> 
     </span>
    </p>
   </div>
   <div class='ocr_carea' id='block_1_97' title="bbox 193 5072 1774 5148">
    <p class='ocr_par' dir='ltr' id='par_1_97' title="bbox 193 5072 1774 5148">
     <span class='ocr_line' id='line_1_97' title="bbox 193 5072 1774 5148; baseline -0.005 -18"><span class='ocrx_word' id='word_1_698' title='bbox 193 5081 419 5148; x_wconf 85' lang='grc' dir='ltr'>ριότητα</span> <span class='ocrx_word' id='word_1_699' title='bbox 441 5079 555 5137; x_wconf 85' lang='grc' dir='ltr'>τοῖς</span> <span class='ocrx_word' id='word_1_700' title='bbox 588 5076 678 5127; x_wconf 79' lang='grc' dir='ltr'><strong>ὑπ’</strong></span> <span class='ocrx_word' id='word_1_701' title='bbox 700 5073 868 5144; x_wconf 73' lang='grc' dir='ltr'>αὐτὴν</span> <span class='ocrx_word' id='word_1_702' title='bbox 896 5073 1066 5126; x_wconf 75' lang='grc' dir='ltr'>ἅπασι</span> <span class='ocrx_word' id='word_1_703' title='bbox 1101 5072 1538 5140; x_wconf 78' lang='grc' dir='ltr'>θεοφιλεστάτοις</span> <span class='ocrx_word' id='word_1_704' title='bbox 1569 5089 1774 5141; x_wconf 83' lang='grc' dir='ltr'>μητρο-</span> 
     </span>
    </p>
   </div>
   <div class='ocr_carea' id='block_1_98' title="bbox 190 5163 1778 5236">
    <p class='ocr_par' dir='ltr' id='par_1_98' title="bbox 190 5163 1778 5236">
     <span class='ocr_line' id='line_1_98' title="bbox 190 5163 1778 5236; baseline -0.005 -14"><span class='ocrx_word' id='word_1_705' title='bbox 190 5171 443 5231; x_wconf 86' lang='grc' dir='ltr'>πολίταις</span> <span class='ocrx_word' id='word_1_706' title='bbox 475 5168 674 5236; x_wconf 78' lang='grc' dir='ltr'>ἔκδηλα</span> <span class='ocrx_word' id='word_1_707' title='bbox 708 5167 1048 5234; x_wconf 86' lang='grc' dir='ltr'>καταστῆσαι</span> <span class='ocrx_word' id='word_1_708' title='bbox 1101 5164 1172 5216; x_wconf 73' lang='grc' dir='ltr'><strong>τὰ</strong></span> <span class='ocrx_word' id='word_1_709' title='bbox 1221 5165 1648 5232; x_wconf 79' lang='grc' dir='ltr'>τεθεσπισμένα,</span> <span class='ocrx_word' id='word_1_710' title='bbox 1681 5163 1778 5216; x_wconf 84' lang='grc' dir='ltr'><strong>αὑ-</strong></span> 
     </span>
    </p>
   </div>
   <div class='ocr_carea' id='block_1_99' title="bbox 1885 4714 3463 4782">
    <p class='ocr_par' dir='ltr' id='par_1_99' title="bbox 1885 4714 3463 4782">
     <span class='ocr_line' id='line_1_99' title="bbox 1885 4714 3463 4782; baseline -0.002 -16"><span class='ocrx_word' id='word_1_711' title='bbox 1885 4724 2066 4768; x_wconf 81' lang='lat' dir='ltr'><strong>tnento</strong></span> <span class='ocrx_word' id='word_1_712' title='bbox 2092 4723 2328 4768; x_wconf 90' lang='lat' dir='ltr'><strong>statuat:</strong></span> <span class='ocrx_word' id='word_1_713' title='bbox 2365 4716 2538 4768; x_wconf 88' lang='lat' dir='ltr'><strong>triens</strong></span> <span class='ocrx_word' id='word_1_714' title='bbox 2573 4727 2751 4766; x_wconf 89' lang='lat' dir='ltr'><strong>autem</strong></span> <span class='ocrx_word' id='word_1_715' title='bbox 2778 4714 3084 4782; x_wconf 80' lang='lat' dir='ltr'><strong>applicetur</strong></span> <span class='ocrx_word' id='word_1_716' title='bbox 3108 4714 3463 4766; x_wconf 84' lang='lat' dir='ltr'><strong>monasterio.</strong></span> 
     </span>
    </p>
   </div>
   <div class='ocr_carea' id='block_1_100' title="bbox 1887 4802 3460 4874">
    <p class='ocr_par' dir='ltr' id='par_1_100' title="bbox 1887 4802 3460 4874">
     <span class='ocr_line' id='line_1_100' title="bbox 1887 4802 3460 4874; baseline -0.001 -18"><span class='ocrx_word' id='word_1_717' title='bbox 1887 4807 2060 4874; x_wconf 84' lang='lat' dir='ltr'><strong>Atque</strong></span> <span class='ocrx_word' id='word_1_718' title='bbox 2091 4806 2202 4858; x_wconf 69' lang='lat' dir='ltr'><strong>haec</strong></span> <span class='ocrx_word' id='word_1_719' title='bbox 2233 4806 2475 4872; x_wconf 81' lang='lat' dir='ltr'><strong>quidem.</strong></span> <span class='ocrx_word' id='word_1_720' title='bbox 2507 4805 2573 4857; x_wconf 85' lang='lat' dir='ltr'><strong>de</strong></span> <span class='ocrx_word' id='word_1_721' title='bbox 2606 4805 2807 4872; x_wconf 88' lang='lat' dir='ltr'><strong>quibus</strong></span> <span class='ocrx_word' id='word_1_722' title='bbox 2834 4802 3113 4870; x_wconf 87' lang='lat' dir='ltr'><strong>requisitis</strong></span> <span class='ocrx_word' id='word_1_723' title='bbox 3144 4810 3334 4855; x_wconf 88' lang='lat' dir='ltr'><strong>nostra</strong></span> <span class='ocrx_word' id='word_1_724' title='bbox 3367 4802 3460 4854; x_wconf 89' lang='lat' dir='ltr'><strong>de-</strong></span> 
     </span>
    </p>
   </div>
   <div class='ocr_carea' id='block_1_101' title="bbox 1887 4891 3464 4961">
    <p class='ocr_par' dir='ltr' id='par_1_101' title="bbox 1887 4891 3464 4961">
     <span class='ocr_line' id='line_1_101' title="bbox 1887 4891 3464 4961; baseline -0.003 -15"><span class='ocrx_word' id='word_1_725' title='bbox 1887 4899 2060 4946; x_wconf 78' lang='lat' dir='ltr'><strong>crevit</strong></span> <span class='ocrx_word' id='word_1_726' title='bbox 2081 4895 2340 4961; x_wconf 83' lang='lat' dir='ltr'><strong>potentia.</strong></span> <span class='ocrx_word' id='word_1_727' title='bbox 2368 4892 2654 4960; x_wconf 83' lang='lat' dir='ltr'><strong>Oportebit</strong></span> <span class='ocrx_word' id='word_1_728' title='bbox 2671 4903 2850 4946; x_wconf 92' lang='lat' dir='ltr'><strong>autem</strong></span> <span class='ocrx_word' id='word_1_729' title='bbox 2873 4901 3026 4942; x_wconf 87' lang='lat' dir='ltr'><strong>tuam</strong></span> <span class='ocrx_word' id='word_1_730' title='bbox 3049 4891 3464 4954; x_wconf 80' lang='lat' dir='ltr'><strong>beatitudinem,</strong></span> 
     </span>
    </p>
   </div>
   <div class='ocr_carea' id='block_1_102' title="bbox 1890 4981 3463 5052">
    <p class='ocr_par' dir='ltr' id='par_1_102' title="bbox 1890 4981 3463 5052">
     <span class='ocr_line' id='line_1_102' title="bbox 1890 4981 3463 5052; baseline -0.004 -15"><span class='ocrx_word' id='word_1_731' title='bbox 1890 5000 2012 5052; x_wconf 76' lang='lat' dir='ltr'><strong>qua:</strong></span> <span class='ocrx_word' id='word_1_732' title='bbox 2037 4984 2256 5037; x_wconf 90' lang='lat' dir='ltr'><strong>decreta</strong></span> <span class='ocrx_word' id='word_1_733' title='bbox 2286 4995 2434 5043; x_wconf 89' lang='lat' dir='ltr'><strong>sunt,</strong></span> <span class='ocrx_word' id='word_1_734' title='bbox 2495 4984 2752 5037; x_wconf 90' lang='lat' dir='ltr'><strong>omnibus</strong></span> <span class='ocrx_word' id='word_1_735' title='bbox 2777 4983 2876 5035; x_wconf 92' lang='lat' dir='ltr'><strong>sub</strong></span> <span class='ocrx_word' id='word_1_736' title='bbox 2905 4984 3018 5050; x_wconf 84' lang='lat' dir='ltr'><strong>ipsa</strong></span> <span class='ocrx_word' id='word_1_737' title='bbox 3057 4981 3147 5035; x_wconf 90' lang='lat' dir='ltr'><strong>Dei</strong></span> <span class='ocrx_word' id='word_1_738' title='bbox 3173 4981 3463 5034; x_wconf 81' lang='lat' dir='ltr'><strong>amantiss.</strong></span> 
     </span>
    </p>
   </div>
   <div class='ocr_carea' id='block_1_103' title="bbox 1886 5071 3467 5141">
    <p class='ocr_par' dir='ltr' id='par_1_103' title="bbox 1886 5071 3467 5141">
     <span class='ocr_line' id='line_1_103' title="bbox 1886 5071 3467 5141; baseline -0.001 -16"><span class='ocrx_word' id='word_1_739' title='bbox 1886 5074 2324 5141; x_wconf 89' lang='lat' dir='ltr'><strong>metropolitanis</strong></span> <span class='ocrx_word' id='word_1_740' title='bbox 2373 5073 2554 5125; x_wconf 80' lang='lat' dir='ltr'><strong>facere</strong></span> <span class='ocrx_word' id='word_1_741' title='bbox 2616 5073 2930 5134; x_wconf 80' lang='lat' dir='ltr'><strong>manifesta,</strong></span> <span class='ocrx_word' id='word_1_742' title='bbox 2959 5083 3013 5126; x_wconf 88' lang='lat' dir='ltr'><strong>ct</strong></span> <span class='ocrx_word' id='word_1_743' title='bbox 3059 5073 3162 5126; x_wconf 88' lang='lat' dir='ltr'><strong>hos</strong></span> <span class='ocrx_word' id='word_1_744' title='bbox 3215 5071 3467 5126; x_wconf 77' lang='lat' dir='ltr'><strong>similitt-r</strong></span> 
     </span>
    </p>
   </div>
   <div class='ocr_carea' id='block_1_104' title="bbox 1887 5165 3462 5234">
    <p class='ocr_par' dir='ltr' id='par_1_104' title="bbox 1887 5165 3462 5234">
     <span class='ocr_line' id='line_1_104' title="bbox 1887 5165 3462 5234; baseline -0.001 -16"><span class='ocrx_word' id='word_1_745' title='bbox 1887 5165 1990 5218; x_wconf 85' lang='lat' dir='ltr'><strong>sub</strong></span> <span class='ocrx_word' id='word_1_746' title='bbox 2035 5178 2095 5218; x_wconf 89' lang='lat' dir='ltr'><strong>se</strong></span> <span class='ocrx_word' id='word_1_747' title='bbox 2151 5165 2466 5219; x_wconf 89' lang='lat' dir='ltr'><strong>constitutis</strong></span> <span class='ocrx_word' id='word_1_748' title='bbox 2526 5165 2820 5233; x_wconf 83' lang='lat' dir='ltr'><strong>episcopis,</strong></span> <span class='ocrx_word' id='word_1_749' title='bbox 2860 5204 2875 5226; x_wconf 95' lang='lat'><strong>,</strong></span> <span class='ocrx_word' id='word_1_750' title='bbox 2942 5167 3174 5234; x_wconf 88' lang='lat' dir='ltr'><strong>illosque</strong></span> <span class='ocrx_word' id='word_1_751' title='bbox 3232 5179 3462 5234; x_wconf 85' lang='lat' dir='ltr'><strong>quarum</strong></span> 
     </span>
    </p>
   </div>
   <div class='ocr_carea' id='block_1_105' title="bbox 1516 5305 2195 5361">
    <p class='ocr_par' dir='ltr' id='par_1_105' title="bbox 1516 5305 2195 5361">
     <span class='ocr_line' id='line_1_105' title="bbox 1516 5305 2195 5361; baseline -0.003 -1"><span class='ocrx_word' id='word_1_752' title='bbox 1516 5307 1748 5361; x_wconf 73' lang='lat' dir='ltr'><strong>VAlil/E</strong></span> <span class='ocrx_word' id='word_1_753' title='bbox 1791 5305 2195 5360; x_wconf 72' lang='lat' dir='ltr'><strong>LECTIONES.</strong></span> 
     </span>
    </p>
   </div>
   <div class='ocr_carea' id='block_1_106' title="bbox 256 5419 1459 5490">
    <p class='ocr_par' dir='ltr' id='par_1_106' title="bbox 256 5419 1459 5490">
     <span class='ocr_line' id='line_1_106' title="bbox 256 5419 1459 5490; baseline 0 -17"><span class='ocrx_word' id='word_1_754' title='bbox 256 5423 302 5490; x_wconf 56' lang='grc' dir='ltr'><strong>’ξ</strong></span> <span class='ocrx_word' id='word_1_755' title='bbox 333 5419 471 5490; x_wconf 81' lang='lat' dir='ltr'><strong>Hinc</strong></span> <span class='ocrx_word' id='word_1_756' title='bbox 502 5419 715 5474; x_wconf 91' lang='lat' dir='ltr'><strong>initium</strong></span> <span class='ocrx_word' id='word_1_757' title='bbox 776 5420 905 5490; x_wconf 78' lang='lat' dir='ltr'><strong>facit</strong></span> <span class='ocrx_word' id='word_1_758' title='bbox 937 5423 988 5474; x_wconf 91' lang='lat' dir='ltr'><strong>in</strong></span> <span class='ocrx_word' id='word_1_759' title='bbox 1026 5422 1210 5490; x_wconf 81' lang='lat' dir='ltr'><strong>Eolog.</strong></span> <span class='ocrx_word' id='word_1_760' title='bbox 1247 5438 1370 5475; x_wconf 89' lang='lat' dir='ltr'><strong>nov.</strong></span> <span class='ocrx_word' id='word_1_761' title='bbox 1404 5423 1459 5474; x_wconf 73' lang='grc'><strong>2.</strong></span> 
     </span>
    </p>
   </div>
   <div class='ocr_carea' id='block_1_107' title="bbox 1540 5422 2578 5491">
    <p class='ocr_par' dir='ltr' id='par_1_107' title="bbox 1540 5422 2578 5491">
     <span class='ocr_line' id='line_1_107' title="bbox 1540 5422 2578 5491; baseline -0.003 -15"><span class='ocrx_word' id='word_1_762' title='bbox 1540 5426 1585 5454; x_wconf 70' lang='grc'><strong>’⁵</strong></span> <span class='ocrx_word' id='word_1_763' title='bbox 1615 5422 1776 5476; x_wconf 88' lang='lat' dir='ltr'><strong>codd.</strong></span> <span class='ocrx_word' id='word_1_764' title='bbox 1819 5425 2052 5491; x_wconf 79' lang='lat' dir='ltr'><strong>Scrimg.</strong></span> <span class='ocrx_word' id='word_1_765' title='bbox 2102 5422 2578 5489; x_wconf 82' lang='grc' dir='ltr'>προσεκτημένων.</span> 
     </span>
    </p>
   </div>
   <div class='ocr_carea' id='block_1_108' title="bbox 2676 5421 3460 5498">
    <p class='ocr_par' dir='ltr' id='par_1_108' title="bbox 2676 5421 3460 5498">
     <span class='ocr_line' id='line_1_108' title="bbox 2676 5421 3460 5498; baseline -0.008 -25"><span class='ocrx_word' id='word_1_766' title='bbox 2676 5425 2716 5454; x_wconf 78' lang='grc'><strong>³⁷</strong></span> <span class='ocrx_word' id='word_1_767' title='bbox 2754 5421 2946 5487; x_wconf 66' lang='grc' dir='ltr'>Ειιιοκιι</span> <span class='ocrx_word' id='word_1_768' title='bbox 3014 5421 3460 5498; x_wconf 71' lang='grc' dir='ltr'>προσενήνεκται.</span> 
     </span>
    </p>
   </div>
   <div class='ocr_carea' id='block_1_109' title="bbox 190 5488 3463 5560">
    <p class='ocr_par' dir='ltr' id='par_1_109' title="bbox 190 5488 3463 5560">
     <span class='ocr_line' id='line_1_109' title="bbox 190 5488 3463 5560; baseline 0 -18"><span class='ocrx_word' id='word_1_769' title='bbox 190 5491 235 5521; x_wconf 83' lang='grc'><strong>’⁸</strong></span> <span class='ocrx_word' id='word_1_770' title='bbox 267 5489 356 5542; x_wconf 87' lang='lat' dir='ltr'><strong>Sic</strong></span> <span class='ocrx_word' id='word_1_771' title='bbox 389 5488 584 5552; x_wconf 60' lang='lat' dir='ltr'><strong>Eclom</strong></span> <span class='ocrx_word' id='word_1_772' title='bbox 613 5507 628 5556; x_wconf 88' lang='lat'><strong>;</strong></span> <span class='ocrx_word' id='word_1_773' title='bbox 653 5490 748 5544; x_wconf 81' lang='lat' dir='ltr'><strong>sed</strong></span> <span class='ocrx_word' id='word_1_774' title='bbox 783 5489 1014 5560; x_wconf 77' lang='lat' dir='ltr'><strong>Scrimg.</strong></span> <span class='ocrx_word' id='word_1_775' title='bbox 1054 5488 1240 5545; x_wconf 47' lang='lat' dir='ltr'><strong>Zuit&#39;h.</strong></span> <span class='ocrx_word' id='word_1_776' title='bbox 1299 5503 1353 5546; x_wconf 92' lang='lat' dir='ltr'><strong>et</strong></span> <span class='ocrx_word' id='word_1_777' title='bbox 1401 5492 1620 5547; x_wconf 79' lang='lat' dir='ltr'><strong>Meerm.</strong></span> <span class='ocrx_word' id='word_1_778' title='bbox 1659 5493 1819 5546; x_wconf 73' lang='lat' dir='ltr'><strong>codd.</strong></span> <span class='ocrx_word' id='word_1_779' title='bbox 1875 5488 2074 5546; x_wconf 82' lang='lat' dir='ltr'><strong>habent</strong></span> <span class='ocrx_word' id='word_1_780' title='bbox 2129 5493 2226 5559; x_wconf 73' lang='grc' dir='ltr'>τῆς</span> <span class='ocrx_word' id='word_1_781' title='bbox 2272 5488 2393 5558; x_wconf 75' lang='grc' dir='ltr'>μὲν</span> <span class='ocrx_word' id='word_1_782' title='bbox 2420 5491 2691 5559; x_wconf 75' lang='grc' dir='ltr'>διμοιρίας</span> <span class='ocrx_word' id='word_1_783' title='bbox 2733 5488 3322 5559; x_wconf 65' lang='grc' dir='ltr'>συγκεφαλαιουμένης,</span> <span class='ocrx_word' id='word_1_784' title='bbox 3365 5489 3463 5556; x_wconf 80' lang='grc' dir='ltr'>τῆς</span> 
     </span>
    </p>
   </div>
   <div class='ocr_carea' id='block_1_110' title="bbox 189 5560 705 5630">
    <p class='ocr_par' dir='ltr' id='par_1_110' title="bbox 189 5560 705 5630">
     <span class='ocr_line' id='line_1_110' title="bbox 189 5560 705 5630; baseline 0.002 -19"><span class='ocrx_word' id='word_1_785' title='bbox 189 5560 245 5611; x_wconf 76' lang='grc' dir='ltr'>δὲ</span> <span class='ocrx_word' id='word_1_786' title='bbox 278 5561 468 5629; x_wconf 83' lang='grc' dir='ltr'>τρίτης</span> <span class='ocrx_word' id='word_1_787' title='bbox 503 5560 705 5630; x_wconf 76' lang='grc' dir='ltr'>μέτρῳ.</span> 
     </span>
    </p>
   </div>
   <div class='ocr_carea' id='block_1_111' title="bbox 1707 5658 1941 5714">
    <p class='ocr_par' dir='ltr' id='par_1_111' title="bbox 1707 5658 1941 5714">
     <span class='ocr_line' id='line_1_111' title="bbox 1707 5658 1941 5714; baseline 0 -3"><span class='ocrx_word' id='word_1_788' title='bbox 1707 5658 1941 5714; x_wconf 53' lang='lat' dir='ltr'><strong>NOTAE.</strong></span> 
     </span>
    </p>
   </div>
   <div class='ocr_carea' id='block_1_112' title="bbox 258 5749 1761 5822">
    <p class='ocr_par' dir='ltr' id='par_1_112' title="bbox 258 5749 1761 5822">
     <span class='ocr_line' id='line_1_112' title="bbox 258 5749 1761 5822; baseline 0.003 -21"><span class='ocrx_word' id='word_1_789' title='bbox 258 5749 370 5812; x_wconf 74' lang='grc' dir='ltr'><strong>(ιο)</strong></span> <span class='ocrx_word' id='word_1_790' title='bbox 401 5751 616 5806; x_wconf 74' lang='lat' dir='ltr'><strong>Addet.</strong></span> <span class='ocrx_word' id='word_1_791' title='bbox 647 5753 676 5802; x_wconf 84' lang='lat'><strong>7</strong></span> <span class='ocrx_word' id='word_1_792' title='bbox 728 5751 754 5819; x_wconf 80' lang='lat'>§</span> <span class='ocrx_word' id='word_1_793' title='bbox 805 5753 852 5804; x_wconf 90' lang='grc' dir='ltr'>ι.</span> <span class='ocrx_word' id='word_1_794' title='bbox 891 5751 944 5805; x_wconf 80' lang='grc' dir='ltr'>ιι.</span> <span class='ocrx_word' id='word_1_795' title='bbox 980 5753 1081 5817; x_wconf 81' lang='lat' dir='ltr'><strong>Qui</strong></span> <span class='ocrx_word' id='word_1_796' title='bbox 1117 5755 1387 5808; x_wconf 84' lang='lat' dir='ltr'><strong>satisdarc</strong></span> <span class='ocrx_word' id='word_1_797' title='bbox 1439 5755 1472 5806; x_wconf 94' lang='lat' dir='ltr'><strong>l.</strong></span> <span class='ocrx_word' id='word_1_798' title='bbox 1506 5755 1650 5822; x_wconf 71' lang='lat' dir='ltr'><strong>2§s</strong></span> <span class='ocrx_word' id='word_1_799' title='bbox 1710 5757 1761 5807; x_wconf 84' lang='lat' dir='ltr'><strong>ll.</strong></span> 
     </span>
    </p>
   </div>
   <div class='ocr_carea' id='block_1_113' title="bbox 194 5821 797 5891">
    <p class='ocr_par' dir='ltr' id='par_1_113' title="bbox 194 5821 797 5891">
     <span class='ocr_line' id='line_1_113' title="bbox 194 5821 797 5891; baseline -0.002 -14"><span class='ocrx_word' id='word_1_800' title='bbox 194 5821 250 5877; x_wconf 79' lang='lat' dir='ltr'><strong>Si</strong></span> <span class='ocrx_word' id='word_1_801' title='bbox 279 5822 404 5891; x_wconf 86' lang='lat' dir='ltr'><strong>quis</strong></span> <span class='ocrx_word' id='word_1_802' title='bbox 431 5823 797 5878; x_wconf 82' lang='lat' dir='ltr'><strong>cautionibus.</strong></span> 
     </span>
    </p>
   </div>
   <div class='ocr_carea' id='block_1_114' title="bbox 1949 5743 3454 5819">
    <p class='ocr_par' dir='ltr' id='par_1_114' title="bbox 1949 5743 3454 5819">
     <span class='ocr_line' id='line_1_114' title="bbox 1949 5743 3454 5819; baseline -0.008 -11"><span class='ocrx_word' id='word_1_803' title='bbox 1949 5756 2060 5809; x_wconf 75' lang='grc'><strong>(41)</strong></span> <span class='ocrx_word' id='word_1_804' title='bbox 2092 5753 2150 5804; x_wconf 66' lang='lat' dir='ltr'><strong>lit</strong></span> <span class='ocrx_word' id='word_1_805' title='bbox 2188 5762 2255 5804; x_wconf 80' lang='lat' dir='ltr'><strong>ita</strong></span> <span class='ocrx_word' id='word_1_806' title='bbox 2302 5758 2592 5819; x_wconf 65' lang='lat' dir='ltr'><strong>obtegatur</strong></span> <span class='ocrx_word' id='word_1_807' title='bbox 2633 5747 2853 5803; x_wconf 56' lang='lat' dir='ltr'><strong>Novella</strong></span> <span class='ocrx_word' id='word_1_808' title='bbox 2969 5766 3017 5800; x_wconf 66' lang='grc' dir='ltr'><strong>ς.</strong></span> <span class='ocrx_word' id='word_1_809' title='bbox 3063 5745 3117 5805; x_wconf 80' lang='lat'><strong>5&#39;.</strong></span> <span class='ocrx_word' id='word_1_810' title='bbox 3152 5744 3286 5799; x_wconf 78' lang='lat' dir='ltr'><strong>Nov.</strong></span> <span class='ocrx_word' id='word_1_811' title='bbox 3335 5743 3454 5797; x_wconf 67' lang='lat'><strong>1&#39;23.</strong></span> 
     </span>
    </p>
   </div>
   <div class='ocr_carea' id='block_1_115' title="bbox 1879 5825 2052 5878">
    <p class='ocr_par' dir='ltr' id='par_1_115' title="bbox 1879 5825 2052 5878">
     <span class='ocr_line' id='line_1_115' title="bbox 1879 5825 2052 5878; baseline 0 -2"><span class='ocrx_word' id='word_1_812' title='bbox 1879 5844 1927 5876; x_wconf 78' lang='grc' dir='ltr'><strong>ι’.</strong></span> <span class='ocrx_word' id='word_1_813' title='bbox 1964 5825 2052 5878; x_wconf 74' lang='grc' dir='ltr'><strong>ὃὸ.</strong></span> 
     </span>
    </p>
   </div>
  </div>
