4248 6442
771 417 874 482 439
2023 405 2294 467 LEONIS
2321 397 2776 462 PHILOSOPHI
3911 391 4012 451 116

773 548 961 589 curam
993 530 1169 586 sortiti
1196 536 1322 582 sunt
1343 525 1716 580 ecclesiisista
1741 521 1984 576 indicare
2009 537 2022 574 :
2050 534 2159 589 quo
2188 518 2335 570 vide-
2369 516 2409 570 A
2439 527 2450 544 ‘

2369 516 2409 570 Α
2439 509 2565 570 τούς
2611 526 2670 560 τε
2721 506 3120 578 παραπλησίως
3151 507 3266 568 τοῖς
3299 505 3393 557 ὑπ’
3421 503 3663 569 ἐκείνους
3698 506 4022 571 ἐπισκόποις

776 627 903 680 licet
931 634 983 678 et
1009 624 1060 676 in
1093 635 1328 690 praesens
1359 626 1411 672 et
1437 619 1489 672 in
1531 618 1771 671 futurum
1825 614 1945 668 haec
1977 611 2044 665 ab
2081 609 2338 664 omnibus

2442 599 2763 667 ἐμφανίσαι,
2793 597 3082 660 κάκείνους
3111 597 3233 656 ταῖς
3261 589 3335 648 ὧν
3365 596 3556 665 ἔλαχον
3589 596 3688 665 τὴν
3716 597 4022 669 ἐπιτροπὴν

778 726 893 771 tum
925 719 1345 784 cognoscantur,
1388 720 1498 764 tum
1525 710 1669 763 hunc
1696 706 1763 760 ad
1793 704 2013 760 modum
2049 703 2203 757 (iant.

1267 962 1738 1022 CONSTITUTIO
1767 962 1855 1016 VI.

785 1063 851 1116 Ut
880 1073 1156 1131 utrumque
1211 1070 1410 1118 tempus
1447 1067 1555 1131 tum
1584 1057 1721 1131 quod
1753 1064 1934 1131 suntch
1978 1063 2128 1131 sextg
2151 1055 2348 1131 consti-

853 1134 953 1186 tuit
989 1123 1240 1200 synodus,
1267 1140 1376 1200 tum
1407 1128 1544 1200 quod
1593 1127 1824 1177 decernit
1864 1123 2022 1200 ¹ιίὶιιιιε
2081 1123 2344 1200 Basilius,

849 1204 904 1254 in
934 1203 998 1254 iis
1018 1193 1110 1268 qui
1132 1197 1372 1268 monachi
1400 1193 1516 1264 ﬁeri
1537 1205 1799 1268 statuunt,
1824 1193 2121 1268 observetur
2144 1209 2161 1246 :
2183 1203 2233 1246 et
2257 1193 2348 1246 bo-

855 1263 1043 1324 narum
1101 1269 1217 1338 ejus
1253 1267 1351 1338 qui
1401 1263 1695 1338 ’a_synodo
1747 1263 2042 1338 prmtimto
2121 1273 2348 1338 tempore

853 1330 1138 1392 monachus
1160 1339 1239 1406 ﬁt,
1274 1330 1547 1406 dispositio
1587 1330 1870 1388 secundum
1890 1330 2089 1385 editam
2121 1349 2155 1386 α
2185 1333 2334 1385 nobis

851 1409 1078 1478 formam
1111 1404 1379 1477 procedat.

1477 1558 1664 1612 Aliter.

789 1652 855 1707 Ut
881 1651 1124 1706 decennis
1151 1648 1363 1720 (42-60)
1407 1661 1534 1712 puer
1575 1647 1630 1696 in
1661 1643 2036 1696 monachorum
2069 1654 2343 1693 numerum

1395 1724 1720 1769 assumatur.

855 1813 1002 1867 Idem
1055 1812 1352 1879 imperator
1410 1807 1686 1876 Stephano
1758 1801 2016 1856 sanctiss.
2068 1800 2344 1854 Constan-
2381 1836 2421 1890 Β

784 1903 958 1974 Iinop.
991 1900 1428 1968 archiepiscopo,
1460 1907 1512 1951 et
1542 1894 1865 1964 patriarcha:
1886 1892 2205 1946 universali.

855 2067 974 2133 Quo
1007 2078 1250 2137 tempore
1299 2081 1394 2121 eos
1435 2064 1530 2136 qui
1560 2065 1920 2119 monasticam
1959 2064 2126 2117 vitam
2166 2064 2352 2118 subire

782 2158 1120 2220 desiderant,
1178 2172 1236 2212 re
1259 2157 1543 2225 concupita
1594 2155 1758 2225 potiri
1801 2163 2073 2224 oporteat,
2139 2155 2192 2208 id
2223 2155 2351 2224 quia

787 2263 894 2301 non
946 2263 1112 2301 unum
1148 2255 1312 2316 atque
1346 2249 1509 2310 idem,
1541 2247 1633 2300 sed
1652 2247 1797 2299 aliud
1828 2255 1992 2315 atque
2024 2245 2167 2299 aliud
2191 2261 2219 2298 a
2266 2244 2354 2298 dio

789 2339 929 2393 vinis
987 2339 1188 2392 nostris
1231 2339 1476 2408 patribus
1529 2339 1827 2405 praestitum
1861 2338 1952 2401 sit,
1989 2346 2046 2390 ut
2097 2337 2162 2390 ad
2203 2337 2353 2392 hunc

786 2430 948 2480 etiam
1003 2437 1292 2483 tractatum
1345 2426 1780 2494 dijudicandum,
1843 2437 1899 2481 et
1948 2445 2069 2499 qua:
2122 2430 2352 2483 subesse

785 2515 1004 2569 videtur
1023 2516 1465 2571 contrarietatem
1501 2517 1905 2572 conciliandam
1942 2532 2027 2573 me
2055 2532 2351 2587 compone-

787 2621 928 2673 rem,
948 2606 1202 2661 eﬂ‘ectum
1234 2615 1340 2663 est.

859 2697 1047 2767 Itaque
1060 2714 1179 2768 quae
1195 2714 1423 2768 magnus
1436 2698 1526 2753 ille
1537 2713 1601 2753 ac
1613 2698 1968 2754 admirandus
1983 2699 2225 2754 decernit
2242 2699 2353 2770 (61)

791 2787 1028 2844 Basilius
1091 2789 1175 2858 (ut
1206 2790 1457 2844 videlicet
1508 2789 1602 2858 qui
1665 2790 2044 2844 monachicum
2106 2791 2352 2845 habitum

791 2875 1060 2939 ambiunt,
1084 2875 1296 2930 decimo
1317 2885 1473 2931 sexto
1497 2878 1734 2944 primum
1769 2885 1866 2931 aut
1885 2879 2095 2932 decimo
2121 2880 2356 2949 septimo

790 2967 968 3022 aetatis
1008 2982 1154 3022 anno
1199 2968 1345 3036 digni
1375 2968 1467 3022 illo
1499 2968 1847 3039 habeantur),
1899 2985 2132 3040 quaeque
2166 2981 2355 3027 sancta

790 3067 942 3113 sexta
971 3059 1084 3129 (62)
1119 3059 1341 3113 mandat
1397 3058 1511 3127 (63)
1537 3060 1797 3130 synodus,
1837 3076 1982 3116 anno
1997 3062 2231 3128 decimo,
2264 3064 2356 3132 qui

2443 686 2778 755 ἐκκλησίαις,
2808 684 2947 738 ὥστε
2996 685 3090 738 καὶ
3123 682 3219 736 νῦν
3261 684 3354 736 καὶ
3381 686 3462 746 εἰς
3492 684 3584 737 τὸν
3615 686 3803 740 ἔπειτα
3832 687 4027 757 χρόνον

2444 777 2616 831 ταῦτα
2645 779 2740 832 καὶ
2771 774 3228 845 διαγινώσκεσθαι
3264 777 3398 829 πᾶσι
3436 776 3532 828 καὶΙ
3577 776 3750 840 οὕτως
3789 782 4027 850 πράττε-

2446 869 2592 922 σθαι.

2989 956 3302 1010 unum
3328 959 3412 1022 ς’
3427 960 3493 1010 υ.

2447 1051 2585 1118 Περί
2616 1051 2722 1104 τοῦ
2755 1049 3161 1118 φυλάττεσθαι
3199 1047 3486 1118 ἑκάτερον
3525 1047 3632 1102 τὸν
3677 1050 3884 1115 καιρὸν
3929 1051 4028 1102 ἐπι

2517 1117 2635 1172 τῶν
2683 1117 2952 1180 uomitur-
2978 1117 3447 1187 errwxdtwr,5r
3490 1136 3552 1171 τε
3603 1118 3641 1184 ἡ
3697 1119 3835 1187 ἁγία
3882 1121 4027 1182 ἕκτη

2517 1189 2778 1254 σύνοδος
2809 1187 3174 1255 ἑξεφώνησε.
3210 1193 3307 1238 καί
3337 1185 3411 1238 δν
3451 1190 3483 1239 ὀ
3511 1187 3668 1250 θεῖος
3700 1185 4027 1242 ἀποθεσπί-

2517 1257 2594 1317 (et
2621 1259 2958 1341 Βασίλειος,
2979 1257 3095 1341 τὴς·
3124 1255 3192 1307 δὲ
3231 1255 3347 1341 τῶν
3374 1257 3769 1341 ὑπαρχόντων
3793 1258 4021 1341 ato-Im):

2519 1341 2624 1380 σιν
2671 1327 2777 1380 τοῦ
2822 1325 2970 1379 κατὰ
3015 1326 3121 1377 τὸν
3153 1325 3376 1392 χρόνον
3419 1325 3801 1393 μονὰσαντος
3825 1366 3840 1390 ,
3878 1326 3952 1379 δν
3987 1328 4027 1391 ἠ

2524 1395 2784 1461 σύνοδος
2816 1395 3110 1463 ἐπέκρινα,
3155 1394 3303 1445 κατὰ
3327 1393 3433 1446 τὸν
3457 1397 3558 1463 ὑφ’
3587 1393 3754 1460 ἡμῶν
3777 1396 4028 1450 ἐκτεθει-

2513 1465 2699 1534 μένον
2732 1466 2927 1518 τύπον
2955 1462 3374 1530 προέρχεσθαι.

3103 1554 3358 1606 Ἄλλως.

3128 1572 3303 1606 suum
3343 1591 3358 1605 .

2690 1644 2830 1712 Περὶ
2852 1643 2956 1696 τοῦ
2985 1640 3264 1710 μονάζειν
3301 1572 3553 1710 δεκαετῆ
3581 1643 3786 1700 παῖδα.

2515 1800 2574 1854 '0
2622 1801 2784 1869 αὐτὸς
2827 1798 3080 1868 βασιλεὺς
3124 1797 3383 1868 Στεφάνῳ
3417 1797 3497 1869 τῷ
3544 1799 3835 1870 ἁγιωτάτῳ
3873 1803 4030 1871 ἀρχι-

2449 1892 2733 1961 επισκόπῳ
2764 1888 3391 1952 Κωνσταντινουπόλεως
3422 1888 3518 1942 καὶ
3547 1891 3910 1964 οίκουμενικῷ
3933 1910 4032 1945 πα-

2448 1983 2702 2053 τριάρχῖι·

2517 2073 2578 2126 '0
2600 2073 2806 2143 καιρὸς,
2839 2073 2961 2126 καθ’
2977 2073 3037 2125 ὃν
3060 2073 3144 2125 δεῖ
3168 2073 3293 2135 τοὺς
3327 2073 3405 2145 τῷ
3435 2073 3718 2138 μονάζοντι
3746 2074 3844 2145 βίῳ
3867 2093 4032 2147 προσ.

2455 2165 2589 2218 ιέναι
2639 2165 2959 2233 ἐφιεμένους
3007 2163 3297 2233 τυγχάνειν
3327 2167 3427 2234 τῆς
3454 2165 3754 2234 ἐπιθυμίας
3802 2167 3899 2236 οὐχ
3945 2163 4034 2230 εἷς

2452 2263 2546 2316 κα)⁵
2573 2265 2600 2316 ὁ
2625 2263 2806 2326 αὐτὸς,
2838 2260 2955 2313 ἀλλ’
2988 2259 3177 2329 ἕτερος
3210 2256 3305 2310 καὶ
3336 2257 3522 2328 ῑτερος
3543 2262 3654 2322 τοῖς
3687 2259 3849 2323 θείοις
3870 2261 4035 2330 ἡμῶν

2453 2353 2697 2424 Πατράσι
2731 2350 3108 2421 διωρισμένος.
3143 2348 3223 2410 είς
3255 2347 3316 2399 et
3336 2350 3432 2402 καὶ
3458 2351 3637 2422 τούτῳ
3657 2352 3931 2420 διαιτῆσαι
3951 2353 4033 2421 τῷ

2457 2442 2611 2511 μέρει
2643 2441 2734 2493 κα).
2760 2438 3095 2508 συμϐιϐάσαι
3127 2437 3226 2505 τὴν
3256 2435 3521 2494 δοκοῦσαν
3550 2439 3905 2510 ἐναντιότητα
3935 2459 4036 2494 κα-

2456 2532 2723 2601 ταστῆναι
2744 2529 3216 2601 παρεσκευάσατο.

2524 2704 2883 2775 Τοιγαροῦν⁸⁰
2923 2703 3021 2757 σύν
3053 2720 3111 2756 τε
3141 2703 3220 2773 τῷ
3243 2701 3538 2771 ἁγιωτάτῳ
3583 2700 3900 2770 πατριάρχῃ
3934 2699 4035 2751 καὶ

2456 2798 2566 2858 τοῖς
2589 2795 3024 2863 θεοφιλεστάτοις
3065 2793 3491 2864 μητροπολίταις
3522 2791 3558 2846 ἀ
3584 2807 3645 2844 τε
3680 2791 3853 2859 μέγας
3886 2790 3981 2842 καὶ
4009 2791 4044 2839 ό

2457 2886 2764 2956 θαυμαστὸς
2790 2884 3143 2947 ἀποθεσπίζει
3169 2885 3445 2946 Βασίλειος
3459 2883 3498 2915 ³¹
3529 2882 3695 2952 (φημὶ
3714 2881 3779 2938 δὴ
3808 2880 3953 2934 κατά
3977 2881 4042 2932 τὸ

2462 2977 2852 3031 ἑκκαιδέκατον
2880 2977 2980 3046 τῆς
3009 2976 3228 3046 ἡλικίας
3274 2975 3392 3038 ἔτος
3419 2975 3452 3044 ἢ
3481 2974 3543 3027 τὸ
3573 2972 4038 3026 ἑπτακαιδέκατον

2459 3067 2740 3134 ἀξιοῦσθαι
2762 3067 2854 3120 τοῦ
2883 3067 3147 3137 μονήρους
3173 3067 3448 3136 σχήματος
3471 3065 3596 3126 τοὺς
3621 3063 4038 3130 ἀσπαζομένους

791 3149 1097 3215 istiusmodi
1116 3154 1283 3204 vitam
1308 3161 1673 3220 capesserent,
1692 3153 2068 3223 suscipiendos
2098 3170 2220 3210 esse
2247 3170 2364 3210 mo-
2389 3162 2431 3219 C
2464 3184 2468 3210 ι

2361 3162 2431 3219 Ὀ
2464 3161 2637 3224 αὐτὸ),
2668 3159 2762 3212 καὶ
2810 3158 2954 3226 ἀπερ
3003 3158 3038 3227 ἠ
3088 3157 3217 3224 ἀγία
3250 3155 3382 3225 ἕκτη
3415 3153 3716 3208 ἐντέλλεται
3754 3152 3972 3214 σύνοδος
3993 3154 4038 3184 ⁸¹

790 3253 928 3292 nens
955 3255 968 3290 :
1002 3236 1122 3292 lube
1149 3254 1270 3292 cum
1301 3233 1560 3295 sanctiss.
1600 3241 1911 3309 patriarcha
1940 3241 2142 3312 Deique
2171 3257 2364 3296 aman-

789 3327 1019 3382 tissimis
1043 3329 1472 3398 metropolitanis
1499 3330 1786 3400 diligenter
1808 3332 2196 3400 expendentes,
2227 3349 2364 3387 neu-

791 3428 1240 3473 tram-sacrarum
1275 3420 1450 3489 legum
1468 3421 1704 3474 diximus
1724 3437 1845 3475 esse
1883 3424 2362 3488 contemnendam,

791 3510 886 3568 sed
907 3519 1096 3564 contra
1114 3511 1180 3563 ad
1207 3520 1499 3580 utrumque
1526 3521 1744 3581 tempus
1775 3513 2034 3581 religioso
2053 3515 2243 3568 habitu
2272 3515 2363 3584 qui

793 3599 947 3655 illum
981 3616 1203 3658 sumere
1247 3603 1478 3671 cupiunt
1513 3603 1706 3672 dignos
1740 3603 1939 3658 habere
1983 3604 2261 3673 iubemus.

863 3777 940 3831 De
954 3778 1219 3833 bonorum
1239 3789 1415 3834 autem
1431 3781 1786 3851 dispositione
1800 3781 2004 3848 peculia
2014 3796 2121 3835 rem
2145 3790 2366 3835 sentcn-

791 3869 921 3924 tiam
937 3873 1429 3940 pronuntiavimus,
1451 3881 1508 3927 ut
1525 3889 1715 3941 nempe
1731 3874 1822 3942 qui
1855 3881 2011 3927 sexto
2037 3874 2249 3927 decimo
2275 3885 2367 3929 aut

793 3959 1007 4015 decimo
1021 3962 1473 4029 septimojtonderi
1490 3963 1739 4024 voluerit.
1755 3964 1821 4016 de
1838 3965 2001 4018 rebus
2019 3963 2133 4017 suis
2151 3979 2367 4032 quomo-

795 4051 866 4105 do
886 4051 1030 4113 velit,
1047 4060 1285 4106 statuere
1320 4054 1428 4120 (64)
1457 4055 1648 4122 possit.
1671 4053 1935 4108 Existimo
1962 4055 2103 4108 enim
2123 4065 2366 4123 propter-

795 4156 859 4195 ea
882 4143 1048 4196 etiam
1073 4158 1327 4212 magnum
1353 4145 1501 4196 illum
1531 4143 1786 4198 Basilium
1813 4148 1913 4197 hoc
1936 4154 2148 4213 tempus
2178 4145 2368 4210 huius-

798 4233 941 4286 modi
969 4234 1170 4287 actioni
1217 4235 1500 4299 tribuisse,
1532 4235 1676 4304 quod
1707 4236 1772 4289 ad
1808 4235 1858 4287 id
1905 4236 2158 4302 legitima:
2186 4236 2364 4289 artatis

796 4323 1086 4392 requisitio
1151 4324 1215 4378 ad
1275 4326 1627 4380 statuendum
1665 4325 1731 4378 de
1775 4325 1939 4379 rebus
1983 4326 2096 4380 suis
2138 4326 2364 4391 impedi-

797 4424 983 4469 mento
1014 4430 1123 4468 non
1142 4415 1234 4469 sit.
1269 4414 1370 4480 Qui
1403 4431 1533 4470 vero
1561 4416 1772 4470 decimo
1793 4431 1936 4470 anno
1961 4417 2014 4470 in
2047 4420 2364 4472 monasticm

2463 3251 2672 3319 δεκάτῳ
2701 3249 2809 3301 ἔτει
2843 3247 3260 3318 προτρεπομένη
3290 3246 3387 3315 τὴν
3417 3247 3498 3307 είς
3523 3245 3613 3297 τὸν
3639 3243 3884 3296 τοιοῦτον
3926 3243 4042 3312 βίον

2463 3340 2572 3391 τῶν
2603 3341 2935 3411 προσιόντων
2969 3337 3301 3406 παραδοχὴν,
3335 3335 3508 3388 ταῦτα
3546 3335 4038 3403 διασκοπήσαντες,

2463 3432 2745 3498 οὐδετέρου
2772 3430 2878 3482 τῶν
2908 3430 3068 3498 ίερῶν
3089 3430 3268 3496 νόμων
3294 3427 3604 3495 συνείδομεν
3623 3425 4050 3493 κατολιγωρεῖν,

2467 3522 2580 3575 ἀλλ’
2630 3521 2912 3585 ἀξιοῦσθαι
2978 3520 3078 3588 μὲν
3126 3519 3222 3571 τοῦ
3277 3517 3571 3587 σεόασμίου
3622 3517 4046 3585 πρτστάσσομεν

2469 3609 2745 3678 σχήματος
2771 3607 2890 3660 καθ’
2915 3607 3173 3676 ἑκάτερον
3200 3605 3291 3658 τὸν
3320 3605 3512 3675 χρόνον
3536 3605 3661 3667 τοὺς
3686 3603 4042 3673 βουλομένους

2467 3699 2596 3752 αὐτὸ
2632 3696 3036 3765 ὲπανῃρῆσθαι.

2538 3791 2742 3842 Ἕνεκα
2784 3788 2840 3839 δὲ
2870 3789 2968 3857 τῆς
3000 3786 3109 3840 τῶν
3156 3786 3512 3857 ὑπαρχόντων
3546 3784 3864 3854 διοικήσεως
3893 3784 4040 3852 γνὼ-

2470 3897 2576 3949 μην
2633 3879 2765 3932 ἰδίαν
2808 3878 3224 3947 ἀποφαινόμεθα
3252 3921 3265 3942 ,
3314 3877 3393 3945 τῷ
3449 3876 3549 3946 μὲν
3599 3875 3974 3944 ἑκκαιδεκάτῳ
4006 3876 4039 3943 ἢ

2467 3969 2912 4034 ἑπτακαιδεκάτῳ
2965 3967 3366 4036 ἀποκείρασθαί
3445 3983 3565 4018 τινα
3641 3965 3972 4034 βουληθέντα
3998 3966 4043 3997 ³³

2469 4059 2595 4127 περὶ
2623 4057 2730 4109 τῶν
2765 4056 2982 4107 οἰκείων
3012 4056 3087 4117 ὼς
3116 4055 3182 4107 ἂν
3215 4053 3474 4122 βούληται
3507 4053 3839 4106 διατίθεσθαι
3865 4050 4044 4122 (οἶμαι

2467 4150 2573 4216 γὰρ
2597 4149 2683 4200 διὰ
2715 4147 2868 4199 τοῦτο
2898 4145 2991 4198 καὶ
3025 4145 3111 4196 τὸν
3145 4145 3317 4213 μέγαν
3344 4144 3621 4197 Βασίλειον
3670 4142 3864 4196 τοῦτον
3907 4144 4043 4197 ἀπο-

2465 4237 2648 4291 δοῦναι
2677 4235 2766 4288 τὸν
2794 4235 2983 4304 χρόνον
3012 4237 3078 4304 τῇ
3109 4236 3336 4306 τοιαύτῃ
3371 4233 3565 4303 πράξει
3592 4273 3606 4295 ,
3643 4234 3719 4295 ὡς
3751 4233 3877 4285 κατ’
3899 4234 4043 4285 έκεῖ-

2465 4341 2555 4378 νον
2582 4324 2680 4392 τῆς
2705 4322 2934 4391 νομίμου
2963 4321 3178 4392 ἡλικίας
3202 4323 3366 4391 μηδὲν
3395 4321 3645 4392 έμποδὼιν
3675 4321 3842 4387 οὔσης
3873 4323 3956 4386 είς
3985 4325 4045 4376 τδ

2467 4416 2595 4485 οπερ)⁸
2618 4415 2727 4466 τῶν
2753 4414 2968 4466 οἰκείων
2998 4412 3431 4483 βουλεύσασθαι),
3452 4413 3531 4481 τῷ
3553 4413 3611 4467 δέ
3636 4430 3699 4481 γε
3719 4412 3798 4483 τῷ
3827 4413 4048 4483 δεκάτῳ

801 4505 925 4560 vitae
960 4506 1380 4560 sanctimoniam
1408 4515 1620 4559 mutatu
1641 4515 1784 4560 statu
1821 4508 2057 4562 transire
2087 4508 2140 4561 in
2175 4509 2358 4563 animo
2397 4497 2436 4550 Ι)
2467 4508 2478 4560 1

2397 4497 2436 4550 1)
2467 4507 2574 4560 ἔτει
2608 4507 2743 4576 πρὸς
2773 4505 2834 4558 τὸ
2859 4505 3056 4570 σεμνὸν
3095 4505 3197 4572 τῆς
3245 4505 3537 4573 μοναδικῆς
3567 4505 3841 4567 πολιτείας
3876 4522 4043 4572 μετα-

801 4596 1093 4656 habeat..ut
1110 4613 1285 4665 neque
1305 4597 1429 4650 huic
1458 4598 1717 4650 salutaris
1747 4609 1976 4652 conatus
1997 4598 2356 4667 impedimen-

799 4695 915 4740 tum
947 4687 1162 4754 aliquod
1195 4688 1377 4741 obviet
1415 4688 1538 4757 (hoc
1563 4689 1730 4752 enim,
1764 4699 1825 4742 ut
1857 4688 2091 4752 videtur,
2121 4699 2175 4742 et
2203 4705 2360 4744 sacra

799 4777 1044 4845 synodus
1079 4778 1411 4845 intelligens,
1447 4793 1511 4832 ac
1541 4778 1748 4844 volens,
1805 4787 2020 4847 tempus
2049 4795 2158 4850 quo
2194 4782 2357 4835 vitam

799 4869 1152 4923 monasticam
1180 4870 1330 4922 adire
1350 4878 1513 4928 esset.
1533 4870 1854 4939 ampliavit),
1875 4886 1940 4925 ne
1959 4878 2139 4926 tamen
2169 4873 2214 4926 is
2233 4888 2363 4941 quo-

801 4960 962 5014 modo
991 4960 1297 5016 istiusmodi
1324 4962 1485 5016 vitam
1520 4961 1763 5026 ineundi,
1800 4962 1879 5018 sic
1907 4962 2074 5016 etiam
2103 4963 2170 5017 de
2193 4967 2358 5017 rebus

2463 4596 2723 4661 τάξασθαι
2756 4595 3089 4664 διανοηθέντι
3121 4595 3255 4666 μηδὲ
3288 4593 3462 4664 τούτῳ
3496 4593 3757 4663 κωλύμην
3788 4595 4044 4664 ἀπαντᾷ-θ

2464 4689 2556 4743 τοῦ
2592 4688 2858 4760 σωτηρίου
2884 4686 3308 4756 ἐπιχειρήματος
3335 4684 3517 4754 (τοῦτο
3548 4685 3657 4755 γὰρ
3681 4684 3823 4737 ἔοικε
3848 4685 3891 4716 ³⁵
3917 4701 4042 4737 συν-

2467 4779 2650 4835 ιδοῦσα
2681 4783 2774 4834 καὶ
2799 4781 2832 4849 ὴ
2865 4778 2987 4849 ίερά
3027 4777 3241 4840 σύνοδος
3287 4777 3562 4830 συστείλαι
3597 4776 3688 4828 τὸν
3717 4776 3910 4845 χρόνον
3943 4779 4042 4845 τῆς

2462 4875 2541 4935 είς
2564 4873 2655 4924 τδν
2677 4870 2975 4940 μονάζοντα
3001 4868 3114 4938 βίον
3134 4868 3544 4937 προσαγωγῆς),
3573 4866 3646 4935 μὴ
3676 4866 3863 4934 μέντοι
3889 4867 3987 4917 καὶ
3999 4866 4042 4896 ³⁸

2459 4962 2754 5032 λαμϐάνειν
2805 4961 2965 5014 αὑτὸν
3013 4959 3202 5030 ὥσπερ
3250 4958 3348 5029 τὴν
3378 4959 3459 5020 είς
3495 4957 3585 5011 τὸν
3632 4956 3879 5031 τοιοῦτον
3929 4956 4042 5017 βίον

2085 5052 2321 5108 VARIIE
2360 5052 2770 5109 LECTIONES.

857 5145 902 5176 ”
931 5143 1027 5201 Est
1059 5145 1110 5200 in
1163 5145 1277 5201 Ecl.
1311 5145 1443 5201 Nov.
1480 5164 1561 5202 ιιι.

1666 5150 1709 5181 ³ο
1745 5146 1858 5204 Ecl.
1889 5147 2019 5201 hinc
2049 5148 2263 5218 initium
2297 5150 2463 5218 capit.
2547 5150 2589 5181 “
2619 5147 2805 5218 Basilii
2861 5161 2918 5201 c.
2961 5146 3062 5218 _18.
3149 5145 3194 5218 ξ’
3226 5159 3278 5199 c.
3334 5143 3425 5198 40.

3523 5145 3568 5176 ³³
3593 5143 3706 5199 Ecl.
3754 5159 3863 5196 τινι
3917 5144 4033 5212 ﬂou-

799 5214 1033 5285 ληθέντι.
1105 5214 1152 5247 ³⁵
1185 5214 1277 5270 Sic
1303 5215 1415 5270 Ecl.
1455 5229 1510 5272 et
1550 5218 1615 5270 Η.
1647 5217 1990 5288 Stephanus;
2023 5217 2182 5271 codd.
2207 5227 2261 5272 et
2293 5214 2527 5288 Scrimg.
2556 5219 2630 5282 ὡς
2664 5217 2828 5270 ἔοικε.
2889 5218 2933 5249 ³⁵
2960 5215 3071 5270 Ecl.
3100 5214 3372 5284 μέντοιγε.

2298 5310 2528 5366 ΝΟΤᾹΞ.

872 5399 1080 5470 (12οὸ0)
1110 5397 1237 5470 Vid.
1276 5401 1328 5454 in
1351 5400 1594 5468 Corpore
1635 5399 1899 5470 canonico
1928 5399 2102 5470 (κη.
2138 5399 2366 5454 extr-ade

803 5468 1139 5539 temporibus
1151 5469 1552 5524 ordinationqu
1571 5479 1624 5522 et
1638 5469 1896 5538 qualitate
1912 5468 2357 5539 ordinanulorum,

803 5538 1198 5594 Clementinam
1231 5541 1297 5592 de
1324 5550 1502 5601 alato,
1550 5539 1814 5607 qualitate
1870 5538 2359 5607 pmliciendnrum,

803 5619 924 5663 etc.
961 5609 1012 5673 l,
1043 5610 1097 5670 8,
1133 5607 1219 5663 11.
1253 5607 1323 5662 De
1361 5606 1801 5678 regularib.-cap.
1834 5606 1930 5678 ult.
1963 5607 2035 5678 De
2068 5606 2359 5674 lmnporib.

805 5679 1040 5732 ordinat.
1074 5678 1126 5731 in
1148 5679 1201 5731 6.
1237 5689 1292 5733 et
1317 5676 1665 5732 distinct.77.
1698 5676 1819 5746 cap.
1867 5676 2289 5746 Subdiaconust
2311 5683 2365 5746 et

807 5749 1053 5801 distinct.
1089 5747 1173 5801 73.
1194 5763 1245 5802 c.
1271 5749 1410 5814 Quid
1436 5758 1520 5801 est
1554 5769 1566 5802 :
1595 5757 1648 5800 et
1683 5749 1733 5811 1,
1761 5744 1818 5814 q.
1852 5748 1903 5803 1.
1922 5763 1972 5799 c.
1996 5748 2198 5799 Estcte.
2226 5744 2364 5814 adde

811 5815 1120 5886 VigliumS.
1165 5813 1401 5874 methodi
1442 5818 1576 5882 iuris
1603 5813 1867 5874 ooutilicii
1893 5816 1944 5882 4,
1983 5831 2134 5870 num.
2163 5814 2252 5868 57.
2283 5813 2361 5867 Ab

2474 5399 2700 5453 infantia
2748 5397 2993 5469 potuisse
3054 5396 3350 5452 monachos
3403 5393 3520 5449 ﬁeri
3563 5402 3781 5450 constat
3824 5409 3891 5449 ex
3929 5394 4041 5465 lege

2461 5469 2550 5523 55.
2577 5485 2626 5524 c.
2656 5469 2728 5522 De
2752 5469 2995 5536 episcnp.

2538 5539 2650 5607 (6|)
2683 5538 2738 5591 In
2760 5535 2985 5607 epistola
3018 5536 3083 5591 ad
3106 5535 3570 5605 Amphilochium,
3604 5549 3818 5589 canone
3846 5535 3935 5591 l8.

2540 5606 2632 5676 (62
2661 5608 2716 5660 In
2757 5606 2967 5659 Trullo.

2538 5673 2653 5742 (63)
2679 5676 2902 5730 Canonc
2941 5675 3029 5737 40,
3063 5674 3151 5728 ubi
3175 5675 3285 5730 vid.
3331 5673 3733 5728 Balsamouem.

2538 5747 2649 5816 (61)
2679 5747 2734 5801 Id
2768 5755 2870 5803 cst.
2899 5745 3107 5800 testari.
3135 5745 3282 5800 Adde
3305 5743 3437 5800 Nov.
3470 5743 3503 5797 6
3541 5742 3665 5796 cod.
