4248 6442
209 420 319 479 445

761 521 1086 573 ΔΙΛΤΑΞΙΣ
1123 516 1179 570 θ’
1202 517 1268 572 ⁵⁸.

255 618 400 684 Περὶ
438 614 662 670 δούλου
701 615 1010 684 γεγονότος
1051 605 1343 676 κληρικοῦ
1383 604 1595 672 ἀγνοίᾳ
1632 602 1736 656 τοῦ

804 682 1104 734 δεσπότου
1115 719 1126 731 .

279 778 339 828 Ὀ
370 775 528 835 αὐτὸς
564 771 815 841 βασιλεὺς
851 771 1106 836 Στεφάνῳ
1133 765 1210 831 τῷ
1241 763 1533 830 ἁγιωτάτῳ
1581 761 1673 814 καὶ
1715 762 1790 812 οἱ·

210 867 524 936 κουμενικῷ
549 861 963 932 άρχιεπισκόπῳ
990 851 1633 912 Κωνσταντινουπόλεως.

281 961 362 1028 Τῇ
400 958 533 1026 αὐτῇ
558 956 687 1024 περὶ
707 951 877 1005 τῶνεδ³
931 947 1398 1018 ἐκκλησιαπικῶν
1454 942 1791 1013 πραγμάτων

210 1048 466 1115 εὐταξίας
498 1047 723 1116 προνοίᾳ
749 1044 1024 1113 ἑπόμενοι,
1041 1040 1076 1093 ἃ
1099 1041 1209 1100 τοῖς
1242 1039 1405 1106 ἱεροῖς
1430 1033 1574 1096 ἔδοξε
1601 1032 1790 1085 κανόσι

211 1145 306 1194 καὶ
353 1141 513 1209 ἡμεῖς
548 1134 1101 1205 συνεπιψηφιζόμενοι
1131 1132 1257 1192 τοὺς
1286 1127 1666 1193 ἀντιλέγοντας
1699 1141 1792 1175 πο-

209 1232 452 1293 λιτικοὺς
481 1230 676 1298 νόμους
703 1228 861 1296 δίκην
892 1225 993 1292 τῆς
1027 1221 1336 1289 ἀντιλογίας
1358 1219 1456 1287 τὴν
1485 1219 1549 1268 ὲκ
1577 1215 1685 1268 τῶν
1706 1232 1790 1267 νο-

215 1323 401 1391 μίμων
455 1321 750 1383 διατάξεων
802 1315 1161 1382 ὑπεξαγωγὴν
1223 1309 1401 1366 αὐτῶν
1466 1307 1787 1376 εἰσπραττὸ-

215 1413 378 1480 μεθα.

282 1505 387 1556 Τὸν
408 1505 452 1535 ⁵⁸
478 1505 586 1571 γάρ
628 1500 875 1566 δουλικῆς
923 1498 1021 1564 μὲν
1050 1495 1176 1547 ὄντα
1219 1491 1410 1560 τύχης,
1450 1489 1510 1541 οὐ
1552 1487 1785 1539 συνειδόο

211 1614 304 1658 τος
327 1596 385 1648 δὲ
413 1593 508 1646 τοῦ
529 1592 788 1644 δεσπότου
808 1591 869 1641 τὸ
895 1589 993 1656 τῆς
1035 1583 1331 1654 ἱερωσύνης
1395 1581 1590 1650 σεμνὸν
1618 1578 1786 1643 egim-

216 1704 295 1754 μα
322 1683 744 1754 περιϐαλόμενον
787 1683 927 1733 κατὰ
967 1679 1057 1729 τὸν
1100 1675 1300 1728 σκοπὸν
1355 1673 1454 1741 τῆς
1505 1670 1600 1724 τοῦ
1653 1668 1787 1721 Θεοῦ

218 1775 554 1845 Ἐκκλησίας
584 1774 677 1826 καὶ
699 1775 859 1843 ἡμεῖς
883 1767 1226 1837 διοριζόμείια
1246 1765 1408 1816 πάλιν
1435 1763 1514 1821 εἱς
1528 1761 1626 1829 τὴν
1657 1776 1789 1828 προ-

214 1869 379 1938 τέραν
428 1865 530 1934 τῆς
586 1863 826 1924 δουλείας
875 1856 1343 1914 ἀποκαθίστασθαι
1380 1851 1556 1916 τάξιν,
1595 1853 1803 1919 άπογυυ

218 1957 507 2023 μνωθέντα
529 1954 625 2022 τῆς
642 1953 852 2007 ἐκεῖθεν
883 1952 1229 2022 σεμνότητος,
1254 1948 1346 1999 καὶ
1367 1944 1458 1998 τὸν
1492 1943 1791 1996 ἀπολύοντα

213 2049 378 2114 νόμον
408 2047 450 2078 δ’
503 2045 746 2107 δουλείας
802 2045 893 2096 τὸν
941 2045 1017 2105 εἰς
1084 2042 1266 2109 ἱερέας
1339 2035 1791 2106 παραγγείλαντα

214 2135 402 2186 δοῦλον
428 2135 488 2185 οὔ
525 2134 923 2202 συνεγνωκότος
942 2133 986 2163 ⁸⁸
1019 2129 1114 2184 τοῦ
1176 2127 1526 2190 δεσπόζοντος
1557 2124 1794 2196 ἁνενέρ-

219 2225 388 2288 γητόν
419 2240 476 2274 τε
518 2222 867 2290 καθιστῶμεν
895 2224 985 2273 καὶ
1015 2218 1490 2290 ἀπαρρησίαστον.

770 2311 1081 2364 ΔΙᾹΤΛΞΙΣ
1113 2310 1145 2362 l'
1181 2309 1248 2361 δ’.

219 2405 358 2469 Περὶ
410 2403 636 2455 δούλου
694 2401 1081 2524 μονάσξοῗῗξ
1139 2401 1353 2470 ἀγνοίᾳ
1411 2397 1517 2451 τοῦ
1562 2397 1793 2449 δεσπό-

302 2561 356 2619 Ὀ
384 2563 544 2623 αὐτὸς
589 2562 836 2630 βασιλεὺς
866 2561 1122 2629 Στεφάνῳ
1161 2559 1240 2628 τῷ
1303 2561 1592 2631 ἁγιωτάτῳ
1634 2564 1792 2629 ἀρχι-

216 2655 506 2722 επισκόπῳ
532 2650 1154 2712 Κωνσταντινουπόλεως
1180 2652 1274 2702 καὶ
1299 2651 1661 2720 οἱκουμενικῷ
1692 2669 1789 2703 πα-

218 2748 477 2815 τριάριοι

290 2835 457 2885 Ὅσον
479 2832 520 2864 ⁸¹
571 2831 750 2898 τίμιον
787 2829 960 2883 τδτοῦ
1021 2830 1242 2900 μονάδος
1296 2831 1412 2900 βίου
1466 2833 1792 2900 ἐπάγγελμα

219 2926 315 2978 καὶ
347 2925 396 2976 οἱ
439 2923 532 2974 τὸν
581 2922 818 2991 χρηστὸν
873 2923 1080 2974 ἐκεῖνον
1138 2921 1235 2972 καὶ
1302 2923 1574 2993 μακάριον
1631 2923 1794 2990 ζυγὸν

219 3013 694 3084 ἀναλαμϐάνοντες
728 3012 918 3074 ὁποίας
938 3013 1076 3065 είσὶν
1103 3010 1283 3074 αἰδοῦς
1309 3013 1448 3076 ἄξιοι
1489 3015 1582 3066 καὶ
1608 3013 1794 3080 τιμῆς,

223 3109 385 3175 ἴσμεν
415 3104 510 3156 καὶ
565 3104 718 3155 αὐτοί
751 3119 765 3132 ο
814 3101 1010 3155 οὔκουν
1063 3101 1172 3153 οὐδ’
1203 3104 1290 3154 ἐπ’
1312 3103 1570 3173 άθετήσει
1604 3103 1792 3167 αὑτοῦ,

220 3195 363 3247 ἀλλὰ
415 3194 612 3264 μᾶλλον
635 3193 940 3261 ἁθετήσεως
972 3192 1342 3260 ἐξαιρούμενοι
1403 3193 1571 3245 ταῦτα
1624 3177 1867 3244 διαΟε-(δ

225 3287 443 3350 σπίζειν
499 3285 799 3352 διέγνωμεν
848 3286 942 3335 καὶ
1000 3283 1434 3351 ἀποφαινόμεθα.
1488 3285 1648 3336 Ὅσον
1690 3283 1797 3352 γάρ

221 3375 536 3446 θαυμαστὸν
585 3376 678 3426 καὶ
708 3375 868 3436 Θεῖον,
900 3375 1152 3427 τοσοῦτον
1172 3375 1253 3426 δεῖ
1270 3374 1461 3426 τούτου
1497 3376 1633 3444 μετὰ
1664 3375 1793 3426 Θαυ-

225 3468 440 3535 μαστῆς
462 3466 592 3536 ὅσης
639 3464 920 3527 εὐλαϐείας
953 3465 1310 3530 ἐφάπτεσθαι,
1346 3464 1482 3517 ἀλλὰ
1521 3465 1595 3534 μὴ
1623 3482 1792 3517 κακο-

221 3555 581 3625 γνωμοσύνης
633 3557 904 3624 πρόφασιν
924 3554 983 3606 τὸ
1018 3555 1118 3623 τῆς
1176 3555 1472 3623 μοναδικῆς
1523 3555 1796 3617 πολιτείας

223 3646 497 3698 ποιεῖσθαι
531 3644 843 3711 σεϐάσμιον.
887 3643 1009 3705 Πῶς
1029 3645 1136 3712 γάρ
1163 3643 1260 3694 οὐκ
1295 3644 1409 3695 ἔστι
1444 3661 1794 3711 κακογνωμο-

224 3737 416 3806 σύνης,
465 3736 691 3806 δρασμῷ
723 3733 814 3787 τοῦ
835 3733 1032 3786 οἱκείου
1079 3734 1339 3786 δεσπότου
1388 3735 1522 3805 πρὸς
1580 3736 1796 3804 ἐκείνην

221 3829 323 3898 τὴν
376 3827 648 3880 πολιτείαν
679 3827 931 3896 ἔρχεσθαι
961 3826 1050 3878 τὸν
1073 3826 1288 3894 οίκέτην
1315 3842 1329 3889 ;
1383 3826 1534 3879 Ἐπεὶ
1563 3825 1656 3879 οὖν
1683 3830 1796 3890 τοῖς

223 3918 491 3987 πρότερον
544 3917 960 3986 νενομοθέτηται
985 3918 1029 3949 δ’
1074 3917 1203 3986 περὶ
1263 3915 1465 3969 δούλων
1491 3916 1787 3986 άποδιδραο

221 4010 468 4060 σκόντων
517 4009 610 4060 καὶ
632 4006 775 4060 οὕτω
806 4006 941 4076 πρὸς
966 4006 1056 4059 τὸν
1089 4006 1298 4077 μονήρη
1325 4005 1439 4072 βίον
1461 4008 1790 4076 ἐρχομένων,

227 4098 392 4166 μέχρι
426 4097 523 4166 μὲν
549 4099 730 4168 τρίτον
760 4099 952 4167 χρόνου
982 4097 1143 4166 δήλου
1175 4097 1457 4164 γεγονότος
1482 4097 1576 4148 τοῦ
1619 4097 1793 4164 φυγά-

220 4190 312 4250 δος
340 4189 585 4253 ἐξουσίαν
609 4187 751 4256 ἐχειν
780 4189 870 4239 τὸν
895 4189 1162 4256 δεσπότην
1203 4186 1298 4239 τοῦ
1331 4188 1610 4256 σχήματος
1656 4189 1792 4240 άπο-

223 4279 589 4347 γυμνώσαντα
623 4277 1022 4346 ἀναλαμϐάνειν
1052 4277 1235 4339 αὑτὸν,
1257 4276 1442 4344 τρίτου
1470 4277 1524 4328 δὲ
1552 4277 1790 4344 παρελά‹

225 4383 420 4428 σαντος
487 4367 682 4435 χρόνου
741 4368 799 4417 ὲν
852 4366 931 4434 τῷ
977 4366 1174 4432 ἀφανεῖ
1225 4363 1522 4432 διάγοντοῖ,
1569 4367 1616 4416 εί
1653 4367 1791 4435 μετὰ

218 4457 398 4509 ταῦτα
446 4457 581 4524 πρὸς
635 4455 932 4523 ἐμφάνειαν
987 4454 1313 4522 κατασταίη,
1361 4455 1596 4524 κρείττω
1626 4457 1789 4508 αὑτὸν

221 4548 493 4616 ὑπάρχειν
542 4546 642 4615 τῆς
689 4547 1016 4617 δεσποτικῆς
1067 4547 1315 4610 ἐξουσίας
1367 4551 1460 4600 καὶ
1505 4549 1657 4617 παρὰ
1698 4549 1796 4618 τὴν

223 4640 438 4690 ἐκείνου
493 4637 718 4706 γνώμην
747 4639 1100 4707 χρηματίζειν
1123 4638 1423 4709 ἐλεύθερον·
1453 4641 1574 4690 ἐπεὶ
1598 4635 1690 4692 οὖν
1722 4643 1786 4693 ἐκ

220 4727 416 4780 τούτου
442 4729 654 4790 πολλοῖς
680 4729 892 4799 ὁρῶμεν
923 4730 1177 4799 ἀφορμὴν
1229 4730 1588 4798 ἱγγινομὲνην
1616 4732 1695 4793 εἰς
1728 4732 1788 4783 τὸ

1308 406 1668 469 NOVELLrE
1708 404 2382 466 CONSTITUTIONES.

3334 410 3437 469 446

2395 508 2861 568 CONSTlTUTIO
2917 515 2999 566 lx.

1994 602 2072 654 De
2105 616 2249 655 servo
2285 601 2375 668 qui
2406 601 2684 738 iguo;ar;te
2712 600 2823 670 (78)
2853 607 3062 656 domina
3111 602 3337 656 clericus

2547 687 2608 722 ac
2637 687 2695 724 us
2727 681 2827 733 est,

2547 681 2695 724 actus
2727 681 2827 733 est,

1958 757 2098 812 ldem
2135 758 2430 828 imperator
2468 758 2748 830 Stephano
2806 759 3067 814 sanctiss.
3125 763 3454 818 universali-

1889 866 1994 919 qne
2032 850 2639 918 Constantinopolitano
2665 853 3102 920 archiepiscopo.

1966 939 2150 995 Eidem
2188 953 2350 996 reetaa
2382 958 2563 996 rerum
2593 945 3094 999 ecclesiasticarum
3115 947 3463 1000 constitutio-

1890 1032 1975 1084 nis
1998 1047 2141 1086 curae
2171 1033 2511 1098 insistentes,
2542 1049 2774 1103 quaeque
2801 1036 3176 1089 sacrosanctis
3223 1037 3461 1088 canoni-

1889 1121 1991 1176 bus
2016 1127 2359 1191 placuerunt,
2401 1127 2551 1179 hisce
2600 1140 2702 1179 nos
2745 1124 2908 1177 etiam
2965 1127 3147 1177 album
3191 1125 3463 1178 calculum

1889 1212 2234 1280 adjicientes,
2264 1215 2330 1268 ab
2383 1214 2716 1269 adversariis
2747 1213 3002 1267 civilibus
3053 1215 3261 1281 legibus
3323 1215 3466 1266 hanc

1891 1305 2348 1359 Contradictionis
2378 1321 2616 1373 poenam,
2653 1315 2712 1357 ut
2765 1320 2831 1356 ex
2892 1303 3152 1372 legitimis
3195 1307 3465 1358 constitu-

1892 1391 2134 1444 tionibus
2165 1389 2582 1449 subtrahantur,
2611 1387 2902 1453 exigimus.

1965 1479 2032 1534 Ut
2066 1479 2209 1534 enim
2242 1479 2356 1547 qui,
2380 1493 2502 1530 cum
2524 1477 2740 1531 servilis
2756 1477 3086 1532 conditionis
3117 1487 3281 1539 esset,
3314 1478 3466 1546 igno-

1893 1580 2047 1625 rante
2108 1570 2330 1623 domino
2386 1566 2754 1621 venerandam
2811 1568 3103 1621 sacerdotii
3143 1569 3465 1636 dignitatem

1891 1661 2266 1729 assumpserit,
2320 1660 2557 1712 nudatus
2609 1659 2769 1712 istinc
2819 1666 3182 1726 promanante
3233 1660 3461 1722 honore,

1891 1755 1942 1805 iu
1972 1752 2260 1820 pristinum
2309 1750 2586 1802 servitutis
2625 1750 3005 1803 restitueretur
3065 1757 3266 1803 statum
3305 1788 3320 1812 ,
3379 1765 3466 1802 sc-

1836 1860 1877 1915 B
1907 1843 2144 1896 cundum
2174 1842 2287 1911 (79)
2321 1841 2576 1895 Ecclesia:
2614 1840 2704 1894 Dei
2740 1841 3071 1893 voluntatem
3099 1849 3152 1894 et
3188 1856 3290 1895 nos
3331 1855 3466 1895 con-

1894 1936 2176 1988 stituimus
2204 1934 2336 2002 (80).
2373 1933 2568 2002 Legem
2628 1942 2834 1996 autem,
2896 1947 3017 2002 quae
3056 1947 3275 1986 servum
3310 1933 3465 1999 igno-

1897 2035 2050 2076 rante
2080 2024 2305 2075 domino
2345 2023 2681 2076 sacerdotem
2712 2022 2916 2076 factum
2943 2023 3207 2077 servitute
3239 2023 3460 2088 liberat,

1899 2118 1999 2168 huc
2049 2128 2103 2170 nt
2154 2132 2326 2183 neque
2377 2114 2667 2176 effectum,
2723 2129 2897 2183 neque
2957 2113 3106 2167 fandi
3154 2113 3464 2168 facultatem

1899 2211 2112 2268 habeat,
2146 2207 2466 2277 redigimus.

2382 2296 2844 2351 CONSTITUTIO
2901 2296 2970 2350 Χ.

2042 2390 2114 2443 De
2145 2404 2290 2442 servo
2318 2389 2406 2457 qui
2447 2388 2613 2440 inscio
2655 2388 2868 2440 domino
2890 2387 3322 2457 monachismum

2445 2459 2667 2522 suscepit
2693 2457 2803 2526 (81-
2816 2455 2930 2524 8‘2).

1969 2551 2107 2602 Idem
2152 2549 2398 2617 imperat.
2427 2547 2704 2617 Stephano
2734 2549 2992 2603 sanctiss.
3044 2546 3464 2617 Constantinop.

1897 2640 2332 2709 arcliiopiscOpo,
2369 2649 2424 2692 et
2453 2639 2784 2708 patriarchae
2815 2639 3138 2697 universali.

1967 2837 2142 2902 Quam
2200 2845 2469 2908 praestans
2499 2837 2818 2890 monasticae
2876 2836 2999 2890 vitae
3033 2835 3305 2905 professio
3353 2836 3465 2898 sit,

1898 2925 2100 2994 quique
2156 2939 2321 2980 suave
2351 2924 2485 2978 illud
2517 2931 2573 2978 et
2624 2924 2845 2978 beatum
2875 2923 3066 2992 jugum
3125 2923 3464 2992 suscipiunt,

1897 3025 2101 3087 quanta
2133 3017 2212 3070 illi
2245 3020 2550 3071 reverentia
2581 3024 2636 3069 et
2666 3015 2875 3069 honore
2904 3015 3052 3083 digni
3095 3015 3229 3077 sint,
3258 3018 3467 3070 scimus

1899 3109 2114 3177 quidem
2146 3118 2201 3161 et
2223 3107 2349 3175 ipsi.
2381 3105 2570 3176 Itaque
2603 3121 2712 3160 non
2745 3122 2858 3176 quo
2887 3107 3040 3160 illum
3069 3107 3464 3175 vituperemus.

1902 3201 1996 3254 sed
2023 3199 2203 3270 potius
2224 3213 2336 3266 quo
2362 3197 2764 3266 vituperatione
2820 3197 3146 3263 eximamus,
3181 3197 3297 3250 haec
3344 3205 3462 3251 sta-

1899 3303 2049 3346 tuere
2105 3292 2280 3345 visnm
2313 3299 2421 3352 est,
2451 3297 2526 3343 fet
2552 3305 2867 3344 censemus.
2923 3289 3142 3354 Quanto
3188 3290 3334 3343 enim
3371 3289 3458 3341 illa

1898 3379 2277 3433 admirabilior
2307 3379 2652 3445 diviniorque
2681 3385 2786 3440 est,
2821 3385 2978 3431 tanto
3017 3378 3225 3446 majore
3247 3387 3301 3431 et
3331 3379 3460 3448 qui-

1897 3469 2019 3524 dem
2046 3477 2250 3538 quanta
2279 3470 2514 3523 maxima
2545 3469 2737 3537 attingi
2779 3484 2905 3522 cum
2961 3469 3335 3523 veneratione.
3369 3485 3464 3524 ne-

1898 3573 2170 3629 quaquam
2206 3571 2335 3611 vero
2371 3555 2785 3628 ingratitudinis
2811 3568 2867 3610 et
2913 3554 3280 3624 improbitatis
3315 3555 3457 3607 vela-

1899 3665 2020 3704 men
2050 3664 2114 3702 ac
2139 3656 2459 3717 praetextum
2496 3648 2814 3702 monasticae
2842 3648 2962 3698 vita:
2989 3647 3306 3715 dignitatem
3345 3645 3460 3698 fieri

1896 3747 2129 3808 oportet.
2156 3738 2221 3790 Et
2250 3747 2397 3796 certe
2419 3737 2697 3806 quomodo
2725 3735 3049 3803 improbitas
3088 3735 3316 3788 dicenda
3351 3749 3457 3790 n0n

1895 3840 2002 3891 est,
2035 3835 2078 3884 si
2132 3831 2293 3881 homo
2329 3845 2542 3893 servus,
2579 3830 2863 3881 dominum
2912 3844 3070 3881 suum
3119 3828 3357 3896 fugiens.
3390 3829 3455 3880 ad

1896 3921 2027 3974 illud
2065 3921 2186 3972 vitae
2214 3920 2524 3973 institutum
2557 3919 2852 3972 deveniat?
2880 3920 3147 3984 Quoniam
3203 3919 3364 3987 igitur
3392 3919 3461 3973 de

1895 4012 2068 4068 servis
2092 4011 2332 4079 fugitivis
2353 4010 2418 4063 ad
2444 4013 2604 4062 vitam
2629 4011 2990 4065 monasticam
3015 4011 3455 4068 devcnientibns,

1895 4111 2155 4156 statutum
2186 4116 2214 4151 a
2251 4101 2626 4167 superioribus
2660 4100 2771 4168 (83)
2805 4107 2907 4160 est,
2979 4108 3037 4152 ut
3068 4105 3112 4153 si
3176 4101 3316 4151 intra
3350 4110 3460 4153 tres

1895 4207 2071 4245 annos
2105 4191 2370 4259 fugitiuus
2410 4189 2732 4242 nanifestus
2752 4190 2865 4250 fiat,
2891 4188 3044 4241 illum
3078 4189 3264 4242 habitu
3294 4191 3459 4242 nuda-

1897 4291 2008 4333 tum
2042 4278 2337 4347 recipiendi
2371 4278 2681 4330 facultatem
2711 4277 2969 4330 dominus
2996 4278 3193 4329 habeat
3219 4295 3230 4330 :
3260 4278 3303 4329 si
3331 4293 3458 4328 vero

1895 4385 2066 4439 usque
2098 4371 2149 4422 in
2174 4369 2388 4422 tertium
2423 4385 2624 4420 annum
2661 4369 2973 4435 incognitus
3005 4369 3287 4432 manserit,
3318 4376 3459 4420 tam-

1897 4461 2000 4514 etsi
2041 4461 2390 4527 postmodum
2425 4471 2776 4524 agnoscatur,
2812 4467 2869 4510 ut
2929 4458 3135 4510 domini
3198 4459 3452 4526 potestati

1905 4568 2011 4604 non
2046 4552 2320 4604 obnoxius
2356 4551 2448 4613 sit,
2495 4560 2795 4618 praeterque
2828 4550 2973 4601 illius
3007 4548 3340 4600 voluntatem
3387 4538 3461 4600 ii-

1905 4643 1998 4694 her
2029 4648 2412 4707 nuncnpetnr:
2455 4648 2507 4692 et
2537 4655 2667 4692 vero
2701 4640 2824 4692 inde
2855 4641 3054 4692 inultos
3093 4638 3327 4708 fugiendi
3358 4641 3452 4689 do-

1905 4735 2082 4786 minos
2102 4747 2234 4786 suos
2261 4731 2608 4785 occasionem
2637 4731 2871 4799 cepisse,
2903 4745 2966 4783 ac
2994 4745 3050 4783 re
3077 4730 3306 4782 honesta
3326 4716 3475 4808 ἰηοοι

1487 4885 1716 4939 νΑΒΙᾸΞ
1769 4887 2177 4942 LEC'l‘IONh‘iS.

301 5000 349 5031 “
377 4997 472 5051 Est
503 4997 848 5088 LIIDECIZNQV.
875 5000 1085 5068 quinta.
1119 4998 1332 5088 Citatnr
1367 5015 1402 5080 Oa
1476 4998 1793 5088 B'alsam'one
1849 5001 1899 5052 in
1946 5001 2373 5088 lgoiiimeptario
2432 5001 2497 5052 ad
2565 4999 2741 5088 P‘hotii

228 5089 270 5128 i,
326 5084 452 5137 cap.
509 5066 576 5121 56
645 5078 700 5121 et
745 5070 827 5121 tit.
883 5066 960 5130 iu,
1016 5084 1139 5138 cap.
1175 5069 1231 5133 5,
1287 5070 1451 5136 hujus
1499 5067 1822 5138 Pan-alogiw
1873 5070 2078 5125 μων.
2169 5071 2213 5100 ⁸⁸
2235 5070 2351 5122 Μυιῐ

229 5139 455 5205 I'choga.
545 5135 1054 5191 "Videlnstiniani
1089 5138 1222 5191 Nov.
1263 5138 1382 5197 123,
1438 5153 1489 5190 c.
1526 5137 1609 5189 i7.
1685 5139 1731 5167 “
1774 5138 1883 5191 Ecl.
1937 5140 2351 5205 συνεγνωκότος.

1518 5209 1562 5237 ⁸⁰
1586 5207 1708 5260 cod.
1747 5207 1865 5259 Pari

1836 5212 1916 5260 vis.
1975 5209 2150 5261 1385:
2187 5210 2312 5275 περὶ
2357 5207 2449 5260 τοῦ
2517 5207 2730 5274 οἰκέτην
2764 5207 3072 5275 ἀποδράντα
3122 5205 3215 5255 τοῦ
3260 5205 3458 5275 οἰκείου

229 5139 455 5191 Ecloea.

229 5154 455 5206 r.c|oga.
545 5154 587 5168 τ’
623 5154 1054 5191 νιαεδιιειιιιιειιιι
1089 5154 1222 5191 tvov.
1263 5154 1382 5197 ιιι),

226 5220 322 5261 tnr
362 5223 392 5259 a
437 5206 755 5260 Balsamone
803 5209 934 5259 locis
977 5208 1106 5261 Nov.
1135 5209 1188 5266 9,
1221 5208 1424 5259 citatis.

226 5276 494 5328 δεσπότου
523 5276 724 5346 καὶ-τὸν
753 5277 959 5346 μονήρη
993 5276 1104 5346 βίον
1140 5275 1526 5346 ῥποδεδυκότα.
1589 5277 1630 5306 ⁵¹
1674 5279 1796 5330 cod.
1834 5278 1867 5329 Ρ

1836 5277 1985 5329 Paris
2013 5278 2160 5346 ὃσῳς
2190 5282 2392 5330 rectius
2433 5277 2770 5346 forte___éoou.

2819 4997 3256 5051 Nomocannnem
3346 4993 3456 5048 Tit.

2169 5071 2213 5100 “
2235 5070 2427 5122 Melius
2488 5070 2613 5136 περὶ
2666 5073 2760 5135 τῆς
2815 5069 3045 5136 τῶνεγ⁶⁸
3092 5065 3228 5118 llinc
3270 5065 3460 5132 incipit

2433 5138 2474 5169 δ’
2511 5134 2601 5190 Εὲι
2669 5134 2725 5190 in
2777 5137 2886 5188 Erl.
2939 5134 3073 5186 Nov.
3108 5136 3214 5188 (iet
3273 5137 3460 5185 lamia-

2887 5277 2931 5305 ⁵¹
2969 5274 3263 5328 Justiniani
3322 5271 3458 5324 Nov.

231 5346 362 5408 123,
397 5359 446 5398 c.
481 5346 570 5399 35.
607 5343 1013 5399 Vide'Balsam.
1044 5345 1111 5398 ad
1137 5343 1310 5398 Photii
1351 5343 1650 5399 Noinocan.
1691 5349 1773 5399 tit.
1807 5363 1846 5406 ι,
1875 5362 1924 5398 c.
1953 5347 2041 5411 36,
2096 5343 2410 5415 Pairologiw
2444 5357 2481 5398 t.
2528 5343 2662 5397 CIV.

1740 5476 1972 5531 NOTAE.

303 5574 420 5643 (78)
453 5573 601 5624 Adde
623 5569 758 5643 Nov.
786 5571 908 5635 ηδ,
934 5571 1122 5643 3,17.

302 5639 419 5711 (79)
455 5643 604 5711 Adde
635 5640 894 5711 epist._ad
932 5639 1233 5693 Philemon.

303 5709 587 5780 (souis.
609 5711 663 5762 d.
689 5724 719 5780 ς
777 5709 866 5780 17.

305 5774 512 5844 (St-82)
546 5777 614 5831 Ut
635 5793 664 5830 a
681 5778 902 5830 domino
926 5777 1096 5846 possit
1114 5791 1176 5830 ex
1198 5775 1530 5829 monasterio
1550 5776 1604 5827 in
1623 5774 1792 5828 servi-

1903 5579 2072 5622 tutem
2106 5569 2329 5630 retrahi,
2381 5577 2807 5635 quantocunque
2863 5575 3106 5633 lczizporc
3153 5566 3204 5616 in
3263 5581 3457 5615 uie-na-

1899 5641 2066 5693 sterio
2097 5639 2385 5691 delituerit.

1971 5707 2084 5774 (85)
2114 5706 2248 5760 Nov.
2282 5707 2333 5768 5,
2362 5721 2413 5759 c.
2444 5706 2497 5769 2,
2528 5704 2628 5770 ξι,
2662 5707 2858 5759 versic.
2895 5706 3134 5757 Trieunii
3188 5705 3267 5756 vel
3294 5710 3453 5756 δεξεμ-Ι

1905 5779 2117 5844 expleto
2145 5785 2404 5843 tempore.
