4248 6442
810 418 910 479 44⁵1

2026 408 2303 470 LEONIS
2332 402 2789 467 PHILOSOPHI

3934 409 4044 473 “8

803 521 1028 577 nastica:
1069 518 1188 573 vitae
1216 514 1584 588 professione,
1648 517 1717 574 ad
1753 515 2045 587 tegendam
2097 516 2359 570 malitiam
2387 518 2437 577 Α
2460 531 2480 566 1

2387 518 2437 577 Α
2460 512 2569 566 τῶν
2593 513 2811 566 οἰκείων
2839 511 3115 567 δεσποτῶν
3160 511 3595 582 ἀποδιδράσκειν,
3617 515 3711 569 καὶ
3759 516 4044 587 πράγματι

797 612 949 668 abuti
982 610 1228 665 videmus
1254 607 1500 677 (cuilibet
1528 608 1809 664 enimvero
1839 606 2104 677 perfacile
2157 616 2262 672 est,
2302 616 2363 661 ut

799 703 865 757 ad
920 702 1196 755 triennum
1249 714 1310 755 se
1363 700 1621 764 occultet.
1683 699 1990 770 deindeque
2050 698 2361 753 libertatem

801 797 1213 861 consequatur).

862 963 1146 1029 Jubemus,
1176 971 1235 1018 ut
1266 973 1696 1035 quantocunque
1748 974 1991 1036 tempore
2043 980 2237 1023 servus
2266 968 2360 1023 tali

798 1054 1029 1108 consilio
1088 1055 1392 1109 monachus
1428 1054 1609 1111 factus
1637 1056 1942 1121 delituerit,
1970 1056 2017 1112 si
2059 1057 2240 1127 ipsum
2268 1059 2363 1114 ali-

797 1145 1013 1214 quando
1064 1145 1318 1201 dominus
1378 1146 1641 1207 inveniat,
1698 1147 2061 1203 nihilominus
2094 1151 2141 1203 is
2195 1165 2358 1219 quem

797 1240 940 1290 malo
981 1239 1257 1306 proposito
1278 1238 1521 1291 habitum
1547 1238 1806 1307 sumpsit,
1837 1241 1941 1294 hoc
1970 1244 2357 1312 «κωπίω-(84),

797 1343 1128 1398 rursumque
1153 1329 1207 1382 in
1234 1329 1442 1383 domini
1503 1340 1827 1400 potestatem
1866 1332 2176 1403 subigatur.
2220 1331 2358 1388 Nam

794 1420 936 1487 quod
968 1420 1056 1488 pio
1085 1420 1279 1475 affectu
1330 1422 1576 1474 habitum
1626 1423 1777 1475 illum
1812 1426 2131 1494 sumpserit,
2177 1441 2355 1495 quan-

794 1512 993 1565 tumvis
1022 1511 1072 1565 id
1121 1512 1298 1566 verbis
1349 1513 1464 1581 ipse
1514 1514 1702 1583 lingat,
1737 1531 1803 1567 ne
1835 1516 1941 1568 dici
1985 1517 2207 1584 quidem
2253 1532 2353 1585 po-

793 1610 919 1656 test.
952 1602 1074 1655 Sive
1102 1603 1247 1656 enim
1277 1617 1402 1657 cum
1469 1604 1730 1657 benevolo
1776 1605 2100 1673 placidoque
2132 1606 2357 1660 domino

792 1700 1059 1756 uteretur,
1100 1708 1196 1761 pro
1230 1708 1435 1754 amore,
1497 1694 1624 1746 odio
1678 1707 1967 1765 concepto,
2016 1694 2202 1765 fugere
2263 1696 2358 1751 de-

790 1786 1043 1846 creverit,
1063 1793 1316 1837 extremae
1346 1784 1754 1853 ingratitudiuis
1790 1795 1842 1839 et
1864 1787 2233 1854 improbitatis
2260 1802 2352 1840 ar-

791 1882 1107 1941 gumentum
1146 1872 1349 1927 habes:
1386 1877 1499 1927 sive
1531 1885 1613 1942 (ut
1642 1885 1772 1929 sunt
1802 1890 1891 1929 res
1925 1875 2197 1945 humanm)
2235 1890 2351 1928 mo-

795 1963 970 2016 lestiis
1001 1973 1052 2015 et
1074 1961 1279 2030 injuria
1320 1961 1550 2016 affectus
1579 1978 1685 2015 non
1741 1963 2010 2027 tolerarit,
2048 1978 2111 2018 ac
2142 1963 2354 2017 idcirco

790 2051 1068 2105 dominum
1108 2051 1431 2114 deseruerit,
1457 2052 1730 2119 quomodo
1782 2067 1901 2105 eam
1961 2052 2353 2121 rempubliCam

789 2140 1170 2209 magnifaciet,
1224 2156 1346 2210 qua:
1400 2141 1548 2194 cives
1599 2158 1729 2196 suos
1779 2142 1833 2195 in
1893 2141 2095 2197 Christi
2136 2157 2354 2198 crucem

790 2242 842 2288 et
880 2242 1105 2287 mortem
1127 2235 1478 2286 continenter
1511 2233 1787 2300 respicere
1818 2232 1978 2286 vult?

1244 2321 1708 2378 CUNSTiTUTIO
1765 2323 1861 2377 XI.

792 2412 868 2467 De
893 2429 1041 2466 servo
1065 2413 1154 2481 qui
1178 2412 1451 2481 ignorante
1495 2411 1708 2466 domino
1734 2413 2009 2480 episcopus
2050 2412 2228 2481 [actus
2254 2421 2352 2466 est.

863 2568 1007 2621 idem
1041 2567 1335 2637 imperator
1362 2568 1638 2637 Stephano
1659 2568 1914 2623 sauciiss.
1936 2568 2355 2639 Constantinop.

791 2660 1224 2728 archiepiscopo,
1266 2670 1319 2712 et
1349 2660 1674 2727 patriarcha
1717 2660 2038 2714 universali.

863 2833 1020 2902 Quod
1048 2834 1115 2889 de
1136 2848 1296 2889 servo
1315 2833 1520 2903 (ὃὸ-86)
1548 2833 1641 2902 qui
1665 2834 2031 2891 venerandam
2067 2834 2354 2889 sacerdotii

791 2928 1112 2996 dignitatem
1176 2926 1389 2981 furatus
1434 2930 1527 2991 sit,
1581 2928 1723 2984 idem
1778 2937 1833 2982 et
1882 2928 1951 2982 de
2017 2927 2124 2980 illis
2182 2926 2357 2982 servis

791 3020 993 3090 quibus
1052 3020 1333 3075 nesciente
1390 3021 1612 3075 domino
1662 3021 1731 3075 ad
1803 3019 2050 3090 primarii
2100 3020 2360 3073 sacerdo-

792 3112 849 3163 tii
897 3110 1133 3163 honores
1191 3111 1565 3165 conscendere
1617 3111 1794 3165 visum
1846 3118 1968 3174 est,
2000 3109 2297 3164 statuimus
2340 3125 2354 3161 :

792 3213 851 3257 ut
904 3201 1155 3256 videlicet
1210 3202 1511 3255 secundum
1582 3201 1970 3257 ecclesiasticae
2003 3199 2354 3255 constitutio-

792 3292 877 3346 nis
955 3292 1286 3345 voluntatem
1360 3291 1747 3356 exauctorati,
1804 3291 2010 3345 honore
2069 3290 2126 3344 in
2194 3304 2356 3360 quem

793 3383 933 3436 clam
986 3383 1343 3452 irrepserint,
1386 3384 1703 3452 priventur,
1736 3391 1792 3436 et
1850 3381 1917 3434 ad
1963 3396 2122 3437 suum
2187 3381 2361 3436 servi-

798 3474 1012 3540 lemque
1074 3481 1275 3526 statum
1342 3472 1696 3527 reducantur.
1744 3472 1859 3527 Non
1906 3473 2052 3527 enim
2116 3472 2361 3543 profecto

792 3552 886 3632 qui
924 3564 1048 3617 aliis
1072 3563 1125 3616 in
1154 3563 1320 3619 rebus
1374 3564 1521 3619 furto
1564 3564 1647 3620 vel
1686 3564 1877 3619 fraude
1900 3564 2106 3633 aliquid
2139 3564 2359 3618 subtra-

794 3657 949 3719 hunt,
999 3656 1085 3709 his
1118 3670 1220 3709 non
1279 3658 1439 3711 modo
1463 3673 1527 3712 ea
1565 3672 1689 3727 quae
1721 3658 2099 3713 subtraxerint
2124 3656 2362 3711 retinere

794 3761 904 3800 non
956 3745 1334 3813 concedimus,
1376 3748 1473 3803 sed
1503 3748 1774 3803 interdum
1808 3748 1973 3803 etiam
1992 3756 2053 3804 ut
2082 3748 2359 3802 maleficos

794 3839 1106 3908 puuiemus,
1140 3846 1195 3893 et
1231 3841 1323 3908 qui
1382 3849 1660 3895 tantarum
1718 3856 1898 3896 rerum
1931 3840 2075 3895 furta
2131 3841 2355 3906 audent,

797 3932 898 3985 hos
922 3932 1045 3985 inde
1079 3932 1305 3985 honeste
1339 3932 1538 3994 vivere,
1565 3943 1619 3987 et
1648 3948 1711 3987 ex
1731 3948 1838 3987 uno
1874 3932 2085 3988 fraudis
2118 3933 2359 4003 pessimo

796 4023 1059 4076 exercitio
1114 4022 1225 4076 duo
1279 4025 1524 4079 omnium
1560 4025 1719 4095 longe
1758 4026 2174 4095 pretiosissima,
2209 4025 2367 4080 liber-

795 4121 963 4167 tatem
986 4124 1040 4168 et
1066 4115 1353 4169 sacerdotii
1389 4116 1823 4185 praerogativam,
1857 4116 2054 4171 lucrari
2087 4115 2367 4172 sinemus?

868 4208 1010 4279 Ergo
1040 4212 1086 4265 si
1119 4212 1244 4279 quis
1270 4226 1461 4266 servus
1490 4213 1772 4279 ignorante
1822 4212 2044 4267 domino
2072 4214 2361 4284 episcopus

794 4309 1011 4357 creatus
1062 4302 1153 4366 sit,
1208 4303 1331 4356 inde
1362 4303 1426 4357 ad
1461 4303 1738 4358 servitutis
1790 4303 2047 4375 effugium
2081 4305 2157 4359 nil
2200 4304 2360 4373 juva-

798 4407 907 4447 Illl'.

1263 4568 1732 4626 CONSTITUTIO
1765 4569 1877 4625 XII.

936 4662 1013 4717 De
1049 4662 1374 4731 oﬁiciuarum
1422 4662 1533 4732 (87)
1571 4661 1781 4733 Magna:
1811 4663 2044 4717 ecclesiw
2088 4678 2208 4717 usu.

870 4817 1012 4870 Idem
1082 4817 1376 4886 imperator
1440 4815 1749 4887 Stephano,
1779 4816 2037 4874 sanctiss.
2100 4815 2367 4874 Constan-

799 4906 969 4975 tiuup.
1003 4906 1415 4978 archiepiscopo
1434 4947 1450 4973 ,
1480 4916 1537 4964 et
1566 4909 1888 4979 patriarchae
1918 4909 2233 4966 universali.

863 5083 1256 5140 Constantinus
1296 5085 1433 5156 (88),
1468 5086 1557 5142 hic
1588 5088 1683 5158 qui
1735 5088 1945 5158 primus
1980 5088 2208 5154 Christi,
2267 5106 2370 5147 no-

2466 602 2645 672 σεμνῷ
2698 603 2799 673 (τῷ
2844 602 3116 674 μοναδικῷ
3168 604 3569 674 έπαγγέλματι)
3622 609 3703 668 είς
3759 609 4037 678 πρόφασιν

2461 693 2806 763 άποχρῶνται
2860 695 3194 762 κακουργίας
3249 697 3454 766 (ῥᾴδιον
3495 698 3602 767 γάρ
3649 702 3814 751 παντὶ
3843 699 4037 769 βουλο-

2464 782 2611 853 μένῳ
2674 784 2861 855 οἰκέτῃ
2917 786 3078 854 μέχρι
3110 785 3351 854 τριετίας
3380 788 3643 857 κρύπτειν
3667 790 3882 853 ἑαυτὸν,
3920 786 4043 844 εἶτα

2460 871 2562 942 τῆς
2583 871 2897 943 ἐλευθερίας
2928 875 3025 927 ἀντ
3038 874 3371 940 ιποιείσθαι).

2534 962 2844 1033 Κελεὺομεν
2870 962 2939 1027 ⁸³,
2970 966 3095 1017 ὅσον
3132 965 3195 1018 ἂν
3235 956 3329 1017 καί
3371 965 3611 1020 διαλάθοι
3640 968 3879 1040 δγνὼμῃ
3922 986 4039 1022 τοι-

2460 1053 2602 1126 αύτῃ
2625 1054 2864 1124 μονάσας
2883 1055 3122 1125 οἰκέτης,
3147 1056 3243 1109 ἐὰν
3271 1058 3299 1108 ὀ
3338 1056 3603 1127 δεσπότης
3638 1059 3698 1110 έν
3736 1060 4039 1129 οἰῳδήποτε

2460 1144 2636 1215 καιρῷ
2690 1145 2876 1198 τοῦτον
2927 1145 3169 1215 ἀνεύροι,
3232 1147 3369 1216 ὅπερ
3400 1147 3694 1219 κακούργῳ
3711 1151 4037 1219 προαιρέσει

2461 1235 2850 1306 περιϐέϐληται
2883 1235 3211 1289 ἀποδύεσθαι
3243 1238 3427 1307 σχῆμα
3455 1238 3551 1291 καὶ
3580 1238 3690 1292 ὑπὸ
3717 1240 3816 1310 τὴν
3836 1239 4036 1293 δεσπο-

2459 1326 2617 1395 τικὴν
2670 1326 2918 1391 ἐξουσίαν
2967 1325 3130 1379 πάλιν
3190 1328 3354 1382 αὑτὸν
3407 1329 3873 1387 κατατάττεσθαι.
3903 1333 4040 1387 Οὑδε

2459 1420 2569 1489 γὰρ
2613 1418 2762 1472 εστιν
2787 1420 2981 1483 είπείν,
3006 1417 3080 1481 ὡς
3108 1416 3324 1471 εὑλαϐετ
3353 1417 3756 1472 διαθέσειτοῦτο
3780 1422 4041 1491 περιεϐά-

2458 1509 2600 1573 λετο,
2624 1511 2727 1562 κᾶν
2776 1509 2931 1563 τοῦτο
2959 1509 3137 1577 λέγειν
3163 1507 3324 1571 αὐτὸς
3355 1507 3665 1564 πλάττοιτο.
3710 1511 3812 1562 Ἀν
3832 1528 3891 1564 τε
3926 1512 4037 1582 γὰρ

2457 1598 2669 1660 εὐνοίας
2725 1598 3053 1665 δεσππικῆς
3095 1595 3387 1652 ἀπολαύων
3442 1600 3565 1653 ἀντὶ
3621 1599 3715 1653 τοῦ
3784 1600 4037 1671 στέργειν

2462 1693 2617 1761 μίσος
2649 1687 2936 1743 ἀναλαϐὼν
2969 1690 3195 1758 φεύγειν
3229 1690 3391 1758 ἔγνω,
3423 1691 3661 1761 ὲσχάτης
3680 1692 3879 1756 κακίας
3904 1694 4039 1748 ἀπό-

2456 1781 2621 1846 δειξις
2646 1799 2659 1811 ο
2699 1781 2764 1834 ἀν
2802 1798 2861 1834 τε
2890 1776 2998 1851 (οἵα
3024 1781 3092 1833 τὰ
3121 1780 3457 1852 ἀνθρώπινα)
3491 1780 3752 1850 λυπηρῶν
3774 1798 3935 1835 τινων
3960 1784 4038 1846 είς

2454 1872 2649 1939 πεῖραν
2703 1870 2977 1933 καταστάς
3021 1869 3122 1923 οὑκ
3156 1871 3410 1942 ἤνεγκεν,
3465 1869 3602 1924 ἀλλὰ
3630 1870 3719 1923 διὰ
3754 1870 3914 1925 τοῦτο
3946 1871 4036 1925 τὸν

2451 1960 2714 2029 δεσπότην
2751 1963 3007 2027 ἀπέλιπε,
3056 1962 3173 2025 πῶς
3227 1963 3441 2033 ικείνην
3497 1963 3718 2032 τιμήσει
3746 1962 3846 2032 τὴν
3881 1964 4035 2017 πολι·

2453 2054 2625 2114 τείαν,
2660 2054 2757 2124 ἢ⁸⁸
2786 2056 2912 2117 τοὺς
2947 2055 3168 2119 πολίτας
3221 2055 3311 2108 διά
3365 2055 3564 2117 παντὸς
3620 2056 3835 2125 άφορᾷν
3897 2054 4036 2125 πρὸς

2453 2144 2545 2197 τὸν
2584 2142 2677 2197 τοῦ
2726 2144 2961 2214 Χριστοῦ
3019 2147 3252 2216 σταυρὸν
3302 2145 3396 2199 καὶ
3434 2144 3525 2199 τὸν
3565 2145 3791 2200 θάνατον
3846 2144 4037 2216 βούλε-

2456 2252 2548 2290 ται
2579 2252 2595 2302 ;

2996 2325 3307 2381 ΔΙΑΤΑΞῙΣ
3348 2328 3425 2380 ιΑσ
3440 2329 3507 2382 ⁸³.

2455 2414 2593 2483 Περὶ
2636 2414 2861 2470 δούλου
2920 2418 3234 2537 τεγονὲτος
3250 2417 3617 2538 όὲπισκόπου
3659 2414 3874 2484 ἀγνοίᾳ
3927 2413 4035 2469 τοῦ

3127 2500 3244 2537 ean
3286 2502 3412 2538 του.

3127 2500 3412 2539 εσποτου.

2537 2574 2596 2627 'U
2626 2574 2787 2638 αὑτὸς
2841 2574 3091 2645 βασιλεὺς
3139 2578 3394 2647 Στεφάνῳ
3433 2577 3512 2647 τῷ
3551 2577 3838 2646 ἁγιωτάτῳ
3863 2577 4025 2645 ἀρχι-

2458 2666 2742 2737 επισκόπῳ
2764 2667 3395 2731 Κωνσταντινουπόλεως
3418 2672 3511 2722 καὶ
3535 2668 3896 2738 οίκουμενικῴ
3927 2684 4036 2720 πα-

2463 2758 2720 2828 τριάρχη-

2531 2846 2710 2916 Ὀπερ
2741 2847 2833 2899 tut
2886 2845 2983 2900 τοῦ
3037 2846 3335 2916 κλέψαντος
3395 2845 3607 2900 οἰκέτου
3636 2846 3697 2900 τδ
3722 2846 3825 2916 τῆς
3873 2847 4034 2916 ίερω-

2460 2936 2626 3007 σύνης
2695 2937 2891 3006 σεμνὸν
2947 2938 3185 3008 ἀξίωμα,
3214 2937 3373 2993 τοῦτο
3401 2940 3493 2991 καὶ
3516 2938 3610 2991 tm
3631 2938 3739 2991 τῶν
3772 2942 3852 3001 εις
3878 2939 4037 3009 ἀρχι-

2459 3028 2716 3097 ερατικὴν
2737 3026 3007 3091 δοξάντων
3025 3028 3421 3099 ἀναϐεϐηκέναι
3445 3030 3609 3098 τιμὴν
3633 3028 3863 3081 οἰκετῶν
3884 3029 4037 3098 παρά

2459 3118 2559 3187 τὴν
2580 3115 2806 3187 γνώμην
2830 3117 2924 3170 τοῦ
2949 3118 3152 3170 οἰκείου
3179 3119 3437 3172 δεσπότου
3490 3120 3766 3188 ὁρίζομεν,
3800 3119 3862 3171 τὸ
3893 3120 4037 3173 κατά

2462 3207 2522 3260 τὸ
2552 3206 2797 3276 βούλημα
2848 3210 2947 3277 τῆς
2982 3206 3440 3278 έκκλησιαστικῆς
3482 3208 3778 3273 διατάξεως
3806 3208 4039 3277 ἀποχει-

2466 3297 2801 3369 ροτονεῖσθαι
2858 3297 2959 3367 μὶν
3010 3298 3231 3361 τούτους
3274 3298 3375 3367 τῆς
3414 3300 3472 3351 έν
3513 3293 3913 3369 ᾖκατέστησαν
3940 3296 4038 3348 λά·

2463 3395 2567 3465 θρα
2612 3393 2797 3463 τιμῆς,
2861 3394 2995 3463 πρὸς
3049 3393 3106 3446 δὲ
3134 3393 3194 3445 τὸ
3221 3394 3420 3446 οίκεϊον
3463 3394 3557 3445 καὶ
3600 3392 3785 3446 δοῦλον
3847 3391 4039 3462 σχῆμα

2466 3484 2799 3552 ὑπάγεσθαι.
2830 3484 2903 3537 Οὑ
2944 3484 3053 3553 γάρ
3077 3483 3142 3553 δὴ
3169 3484 3295 3547 τοὺς
3338 3484 3436 3554 μὲν
3469 3483 3642 3547 ἄλλως
3675 3483 4039 3551 ὑφελομένους

2465 3591 2523 3626 τι
2553 3574 2729 3643 κλοπῇ
2792 3572 2886 3624 καὶ
2941 3572 3125 3643 ἀπάτῃ
3155 3572 3215 3624 οὑ
3249 3572 3409 3641 μόνον
3446 3573 3507 3625 οὑ
3549 3572 3976 3642 συγχωρήσομεν
4001 3569 4039 3623 ἀ

2460 3665 2740 3736 ὑφείλοντο
2795 3664 2937 3734 ἔχειν
2987 3664 3364 3733 άναφαίρετα,
3425 3664 3540 3718 ἀλλ’
3594 3665 3761 3717 ἐνίοτε
3822 3664 3918 3717 καὶ
3960 3661 4040 3725 ὡς

2458 3755 2800 3825 κακούργους
2832 3754 3283 3824 τιμωρησόμεθα.
3308 3756 3433 3817 τοὺς
3461 3754 3518 3806 δὲ
3549 3753 3864 3823 τολμῶντας
3891 3750 4039 3805 οῦτω

2461 3843 2711 3915 μεγάλων
2760 3843 3100 3912 πραγμάτων
3131 3842 3359 3906 κλοπὰς,
3414 3843 3637 3906 τούτους
3672 3844 3907 3912 ἐάσομεν
3944 3858 4038 3894 σε·

2464 3932 2611 4003 μνῶς
2635 3932 2699 3983 ὲκ
2724 3929 2817 3983 τοῦ
2842 3930 3037 3999 κλέψαι
3070 3930 3275 3997 διάγειν
3319 3931 3413 3984 καὶ
3437 3931 3554 3994 ένδς
3579 3931 3740 3985 άθλου
3766 3930 4035 3984 κακίστου

2472 4024 2571 4093 τῆς
2613 4022 2825 4091 ἀπάτης
2854 4021 2949 4075 δύο
3001 4020 3306 4091 κερδαίνειν
3343 4022 3411 4076 τά
3455 4022 3783 4092 τιμιώτατα.
3818 4018 4039 4074 ἐλευθε-

2477 4116 2599 4186 ρίαν
2620 4115 2714 4167 καὶ
2738 4112 3036 4183 ἱερωσύνης
3055 4113 3345 4183 προνόμιον
3371 4131 3386 4179 ;

2535 4209 2837 4280 Τοιγαροῦν
2880 4209 2977 4261 καὶ
3001 4207 3053 4259 εί
3071 4209 3117 4239 ⁸⁸
3146 4226 3229 4272 τις
3261 4208 3447 4272 δοῦλος
3475 4206 3551 4260 ὢν
3583 4206 3776 4277 ἀγνοίᾳ
3821 4205 3919 4259 τοῦ
3956 4207 4039 4259 οί-

2463 4302 2609 4355 κείου
2633 4300 2891 4353 δεσπότου
2909 4298 3207 4361 ἐπίσκοπος
3228 4298 3687 4368 κεχειροτόνηται,
3717 4296 3809 4348 καὶ
3825 4291 3977 4359 οὗτος
3991 4296 4037 4327 ⁸⁷

2463 4390 2629 4461 μηδὲν
2660 4390 2726 4442 εκ
2755 4388 2857 4458 τῆς
2910 4387 3166 4457 τοιαύτης
3221 4386 3518 4459 μηθείσθω
3572 4387 3906 4456 χειροτονίας
3957 4386 4037 4448 εἰς

2458 4480 2755 4550 ἀποφυγὴν
2784 4479 2884 4549 τῆς
2910 4478 3155 4540 δουλείας

3024 4566 3335 4622 ΔΙΑΤΑΞΙΣ
3365 4564 3463 4621 ιη’.

2461 4665 2600 4733 Περι
2638 4661 2749 4730 τῆς
2802 4658 2921 4713 τῶν
3396 4656 3601 4779 gestae
3623 4654 3734 4723 τῆς
3756 4656 4038 4725 Μεγάλης

2555 4823 2617 4876 '0
2644 4821 2807 4885 αὑτὸς
2862 4820 3116 4891 βασιλεὺς
3164 4816 3421 4887 Στεφάνῳ
3443 4817 3523 4888 τῷ
3553 4817 3843 4887 ἁγιωτάτῳ
3876 4817 4036 4887 ἀρχι⁶

2468 4912 2754 4982 επισκόπῳ
2838 4906 3461 4971 Κωνσταντινουπόλεως
3517 4908 3617 4963 καὶ
3671 4906 4037 4978 οἰκουμενικῷ

2472 5004 2809 5075 πατριάρχῃ.

2543 5093 2947 5154 Κωνσταντῐνος
2974 5092 3004 5144 δ
3034 5088 3250 5161 πρῶτος
3270 5092 3339 5161 τῇ
3367 5087 3464 5144 τοῦ
3494 5089 3733 5162 Χριστοῦ
3759 5089 3953 5161 κλήσει
3977 5090 4037 5145 τὸ

2095 5246 2328 5304 VARIE
2366 5248 2772 5307 LECTIONES.

870 5365 927 5438 ’ξ’
948 5359 1072 5438 εει,
1099 5358 1492 5438 hinc__i_ncipit._
1534 5361 1581 5438 ξι
1600 5356 2018 5438 _Scrim_g_.jc._
2055 5363 2103 5438 ξ’
2128 5360 2237 5438 _Es_t
2263 5363 2322 5438 in
2374 5364 2489 5438 Ecl.
2528 5364 2665 5438 89v.
2715 5367 2944 5438 septima
2974 5362 3707 5438 etlaudaturngalsamone
3735 5365 3874 5422 locis
3900 5363 4032 5438 Nov.

799 5433 832 5488 9
862 5431 1127 5499 allegatis.
1151 5431 1196 5463 ⁸⁸
1226 5431 1362 5482 Hinc
1384 5427 1577 5499 incipit
1598 5430 1708 5484 Ecl.

801 5502 1073 5557 rubricam
1094 5514 1201 5554 non
1219 5499 1435 5552 habent.

1782 5431 1830 5464 "
1857 5429 1948 5486 Sic
1978 5430 2094 5487 Ecl.
2128 5432 2316 5489 Zuich.
2348 5433 2491 5489 οὑτω
2513 5429 2917 5501 ςΜεειιηι.ὀο‹1.
2949 5436 3030 5497 εις
3054 5433 3137 5488 τό.
3206 5434 3254 5467 ³³
3288 5433 3479 5490 Zuich.
3519 5442 3573 5490 et
3622 5434 3844 5494 λίθοι-ιη.
3874 5436 4034 5491 codd.

2318 5562 2546 5644 now.

874 5684 987 5753 (85)
1006 5681 1082 5737 Ne
1104 5696 1172 5736 ex
1200 5695 1302 5735 sua
1337 5678 1465 5750 fuga
1490 5688 1548 5736 et
1599 5677 1951 5749 improbitate
2002 5678 2351 5735 commodum

803 5759 1187 5820 consequatur.

874 5818 1083 5893 (85-86)
1114 5818 1251 5877 Nov.
1282 5819 1371 5890 9|,
1397 5834 1563 5891 supra
1594 5818 1715 5874 eod.

2537 5677 2651 5746 (ετ)
2679 5678 2892 5735 Novell.
2932 5680 3022 5735 tt.
3054 5679 3267 5736 Novell.
3298 5681 3387 5737 59.

2466 5747 2653 5886 mg?)
2683 5748 2803 5804 Vid.
2863 5749 2920 5804 d.
2951 5748 3089 5806 Nov.
3123 5749 3197 5806 43
3232 5750 3293 5807 in
3322 5750 3526 5822 princ.,
3578 5760 3633 5807 et
3685 5748 3825 5806 Nov.
3857 5750 3929 5807 59
3975 5750 4029 5804 in
