4248 6442
224 421 341 485 453

1317 411 1678 476 NOVELL/E
1718 402 2383 468 CONSTITUTIONES.

3357 404 3460 465 454

222 533 333 598 φῆς
350 525 780 594 ἐξαφανῐζοντος,
804 525 975 576 ἐκεῖνο
993 524 1038 554 ⁸⁸
1060 522 1191 592 ἡμῖν
1214 520 1558 584 θεσπίζεται,
1579 519 1654 580 ὼς
1677 518 1794 570 δια·
1824 522 1872 578 Α
1897 544 1899 556 ι

1782 547 1794 556 -
1824 514 2104 578 Αάεὼιηι
2167 508 2530 580 praeveniente
2587 515 2794 570 morte,
2858 508 3116 577 ipsosque
3176 510 3459 567 hominum

219 614 522 678 τυπώσεως
541 612 909 682 προελθούσης
933 612 1001 664 τά
1019 613 1077 664 ἐν
1096 609 1265 681 ταύτῃ
1290 609 1628 681 διορισθέντα
1643 607 1792 659 ἐσται

221 713 323 781 τῆς
349 712 665 779 ἐκκλησίας,
702 711 749 761 εί
781 709 824 761 δ’
861 707 1042 774 (ὁποῖα
1087 703 1259 757 πολλὰ
1292 702 1448 770 φέρει
1490 699 1549 750 τὸ
1578 697 1792 766 ἄδηλον)

224 801 334 871 πρὸ
384 801 482 867 τῆς
528 799 639 851 τῶν
687 797 907 850 οἰκείων
955 793 1330 863 ἀναρπασθείη
1369 788 1792 852 διατυπώσεως,

223 893 432 945 παίδων
461 892 559 958 μέν
587 889 831 943 ὑπόντων
858 887 986 956 ἄχρι
1012 886 1202 955 τριῶν,
1226 883 1482 950 τέταρτον
1509 883 1671 950 μέρος
1697 879 1796 946 τῆς

227 981 516 1049 ὑπάρξεως
550 976 890 1031 οἰκειώσεται
922 979 956 1045 ή
992 973 1150 1044 μονὴ,
1186 972 1442 1022 ἐπέκεινα
1472 970 1528 1020 δὲ
1560 968 1653 1018 τοῦ
1684 965 1798 1034 τρί-

222 1089 318 1123 του
349 1069 582 1142 ἀριθμοῦ
610 1069 893 1142 προίόντος
920 1065 1014 1118 τοῦ
1044 1064 1143 1132 τῆς
1171 1064 1331 1132 γονῆς
1369 1059 1635 1128 πλήθους,
1668 1073 1795 1120 συγ-

224 1161 579 1224 καταλέξεται
609 1158 668 1210 τὸ
705 1159 1070 1228 μοναστήριον
1110 1157 1223 1214 τοῖς
1258 1153 1419 1205 παισὶ
1447 1188 1462 1212 ,
1490 1151 1583 1200 καὶ
1611 1148 1678 1200 τὰ
1709 1149 1795 1197 ἶσα.

225 1254 307 1304 ἐνὶ
333 1255 540 1304 τούτων
581 1250 795 1318 ἐκάστῳ
831 1247 1056 1315 λήψεται
1086 1248 1149 1297 ἐκ
1178 1246 1356 1310 πάσης
1387 1240 1703 1308 περιουσίας
1729 1233 1794 1306 ἦς

222 1344 323 1408 οὐχ
350 1343 576 1393 ἂπτεται
600 1342 737 1410 χρέα
760 1339 851 1391 τοῦ
879 1339 1222 1407 τεθνηκότος.
1259 1333 1517 1392 ’Λπαιδος
1543 1332 1598 1382 δὲ
1621 1331 1796 1396 ὑπάρο

225 1450 412 1501 χοντος
444 1432 534 1484 τοῦ
564 1434 652 1483 τὸν
700 1431 812 1499 βίον
842 1430 1087 1489 λιπόντος
1110 1467 1124 1489 ,
1157 1426 1249 1477 ἐπὶ
1281 1424 1496 1493 γονεῦσι
1529 1422 1585 1472 δὲ
1615 1421 1796 1471 λιπόν-

223 1539 338 1585 τος,
382 1523 504 1592 διχῆ
549 1521 655 1574 τῶν
701 1521 1011 1591 προσόντων
1043 1517 1436 1587 διαιρουμένων
1487 1516 1520 1582 ἡ
1556 1513 1654 1582 μὲν
1684 1513 1797 1574 τοῖς

223 1615 503 1680 γονεῦσιν,
535 1614 569 1681 ή
599 1613 644 1664 δ’
667 1612 826 1681 ἐτέρα
855 1614 1019 1680 μοῖρα
1042 1608 1120 1678 τῷ
1147 1606 1493 1678 μοναστηρίῳ
1519 1620 1795 1671 παρασχε-

224 1704 475 1773 θήσεται.
507 1704 568 1754 Εί
597 1702 642 1756 δ’
675 1702 880 1773 ἔρημος
920 1700 1006 1770 εἴη
1037 1699 1389 1769 κληρονόμων
1415 1697 1670 1750 ἀνιόντων
1703 1695 1797 1746 καὶ

224 1793 546 1857 κατιόντων,
581 1794 704 1854 τοὺς
741 1794 805 1843 ἐκ
835 1791 1065 1858 πλαγίου
1118 1791 1175 1843 δὲ
1209 1789 1475 1850 εἰσιόντας
1522 1790 1549 1839 ὁ
1597 1787 1796 1853 κλῆρος

1897 605 2176 659 consortio
2216 602 2503 669 eripiente,
2534 597 2805 650 interdum
2839 599 3122 669 proposito
3151 600 3464 656 destituun-

1900 705 1984 750 tur
2017 693 2184 748 :illud
2206 708 2233 744 a
2264 687 2420 744 nobis
2443 689 2719 750 Statuitur,
2753 698 2811 740 ut
2835 689 2879 742 si
2903 697 3297 744 testamentum
3329 705 3462 745 con—

1899 787 2073 839 ditum
2112 787 2206 845 sit,
2227 796 2346 849 qua:
2371 781 2431 834 in
2465 779 2558 832 illo
2604 779 2849 831 ecclesia:
2875 781 3149 849 assignata
3193 792 3344 846 sunt,
3371 795 3461 836 ea-

1897 878 2017 929 dem
2053 875 2128 927 illi
2158 872 2371 926 cedant.
2429 870 2482 922 Si
2539 884 2668 923 vero
2695 871 2775 937 (ut
2797 868 3092 923 identidem
3141 887 3209 924 ex
3264 873 3458 926 mortis

1897 963 2274 1019 inecrtitudine
2298 961 2588 1029 contingit)
2622 969 2909 1029 antequam
2929 959 2996 1014 de
3017 961 3178 1015 rebus
3202 963 3318 1017 suis
3345 972 3461 1017 sta—

1898 1067 2088 1121 tueret,
2119 1063 2337 1109 evectus
2373 1053 2555 1114 fuerit,
2587 1063 2699 1102 tum
2725 1052 2771 1104 si
2796 1052 2863 1104 ad
2906 1061 3016 1106 tres
3047 1066 3273 1106 numero
3306 1051 3462 1106 liberi

1895 1142 2191 1211 supersint,
2250 1137 2607 1205 quadrantem
2659 1137 2922 1190 bonorum
2957 1139 3221 1191 involabit
3268 1154 3463 1192 mona-

1897 1231 2164 1288 sterium:
2219 1227 2302 1282 sin
2367 1228 2508 1280 ultra
2565 1230 2863 1280 ternarium
2918 1243 3203 1281 numerum
3255 1229 3462 1284 sobolis

1898 1321 2184 1376 multitudo
2218 1319 2493 1388 procedet,
2525 1317 2708 1370 liberis
2750 1320 3234 1372 connumerabitur
3264 1335 3460 1372 mona-

1896 1413 2144 1474 sterium,
2179 1420 2230 1463 et
2262 1409 2496 1462 deducto
2536 1423 2644 1460 tere
2697 1408 2896 1471 alieno,
2925 1423 2988 1461 ex
3026 1410 3279 1463 universa
3332 1411 3462 1464 sub.

1897 1503 2114 1563 stantia,
2170 1509 2430 1568 quantum
2458 1499 2700 1564 ipsorum
2739 1499 2971 1566 quisque
3003 1499 3196 1568 capiet.
3231 1499 3384 1564 Quod
3414 1501 3460 1554 si

1896 1593 2187 1646 defunctus
2239 1591 2358 1643 sine
2415 1590 2599 1643 liberis
2629 1589 2946 1655 decesserit,
2997 1600 3251 1660 parentes
3283 1603 3459 1645 autem

1899 1681 2226 1749 superstites
2257 1680 2501 1745 tbabeat,
2552 1680 2714 1734 rebus
2776 1680 3032 1734 bifariam
3087 1682 3301 1745 divisis,
3356 1699 3462 1737 una
3525 1686 3527 1688 ’

1899 1788 2024 1842 pars
2047 1773 2384 1841 parentibus,
2419 1773 2590 1824 altera
2627 1773 2958 1826 monasterio
2991 1773 3370 1841 applic'abitur.
3396 1775 3463 1827 At

228 1885 535 1954 προσίεται,
571 1885 724 1938 αὑτοὶ
755 1883 852 1949 μὲν
883 1883 996 1934 ὅσοι
1039 1882 1104 1933 ἂν
1146 1882 1239 1932 καὶ
1267 1874 1368 1932 ὦσι
1401 1880 1460 1930 τὸ
1489 1879 1668 1946 τρίτον
1703 1875 1788 1943 μέν
1827 1863 1869 1918 Β
1901 1886 1905 1916 ε

1782 1903 1788 1912 .
1827 1863 1869 1918 Β
1901 1865 1946 1917 si
1979 1879 2150 1932 neque
2197 1872 2471 1930 parentes,
2518 1875 2696 1931 neque
2719 1862 2922 1918 liberos
2973 1863 3213 1918 lueretles
3245 1865 3459 1929 habeat,

231 1995 325 2048 ρος
368 1976 873 2048 διανεμήσονται⁶⁹,
913 1975 974 2027 τὸ
1011 1974 1252 2044 δίμοιρον
1289 1973 1346 2025 δὲ
1381 1971 1722 2040 προχωρήσει
1745 1968 1790 1998 "°

226 2073 293 2139 τῇ
329 2070 616 2138 ἐκκλησίᾳ.
649 2068 710 2120 Εἰ
750 2068 997 2136 μέντοιγε
1032 2066 1064 2135 ἢ
1099 2067 1165 2118 δι’
1201 2063 1476 2131 ἄγνοιανῆ
1508 2061 1576 2113 δι’
1606 2060 1795 2128 ἑτέραν

226 2159 349 2212 τινὰ
393 2159 574 2212 αἰτίαν
616 2158 693 2217 είς
723 2154 970 2207 ἐναντίαν
1001 2151 1229 2220 γνώμην
1260 2150 1328 2202 τὰ
1354 2146 1796 2214 διατετυπωμένα

227 2249 596 2316 ἀποκρίνηται
629 2247 729 2313 τῆς
757 2245 989 2313 νομίμου
1022 2242 1413 2310 προαιρέσεως,
1449 2238 1795 2304 θεσπίςομεν,

228 2339 318 2390 τὸν
349 2337 495 2391 κατά
519 2338 610 2389 τὸν
641 2336 806 2388 τόπον
835 2332 1248 2400 θεοφιλέστατιν
1281 2328 1540 2399 ἀρχιερέα
1563 2328 1664 2378 ὃσα
1700 2325 1798 2395 μὲν

229 2429 558 2499 ἀποχρῶντα
585 2429 627 2459 ⁷⁸
672 2428 751 2489 είς
799 2424 1062 2492 διοίκησιν
1115 2421 1408 2488 ἐκκλησίας
1448 2420 1540 2471 καὶ
1584 2417 1694 2468 τῶν
1739 2415 1798 2464 ἐν

230 2521 368 2588 αὑτῇ
406 2517 707 2586 μελλόντων
735 2511 1093 2582 παρεδρεύειν
1125 2505 1620 2578 ἀντιλαμϐάνεσθαι
1644 2543 1656 2565 ,
1689 2505 1800 2564 τοῖς

229 2610 287 2662 δὲ
328 2608 538 2669 λοιποῖς
589 2605 688 2674 τὴν
736 2603 844 2657 τῶν
887 2604 1066 2672 νόμων
1109 2599 1303 2670 βουλὴν
1349 2598 1446 2651 καὶ
1488 2595 1727 2659 διάταξιν
1754 2594 1799 2624 ⁷⁸

229 2699 467 2767 ὃιαιτᾷν.

761 2868 1072 2922 ΔΙᾹΤΔΞΙΣ
1103 2866 1181 2918 lE'
1211 2866 1275 2919 ⁷³.

231 2960 372 3029 Περὶ
401 2961 509 3015 τοὺ
531 2959 754 3024 ἐξεῖναι
772 2960 837 3029 τό
861 2957 1158 3029 σωτήριον
1186 2954 1504 3029 ,Βάοξτιςμα
1528 2951 1599 3004 ἐν
1623 2949 1801 3004 παντὶ

592 3028 833 3082 εὐσεϐεῖ
855 3024 1146 3094 εὐκτηρίφ
1172 3024 1368 3077 τελεῖν
1388 3024 1452 3074 ⁷⁸.

313 3123 377 3176 '0
412 3121 576 3182 αὑτὸς
619 3118 870 3188 βασιλεὺς
904 3117 1156 3184 Στεφάνῳ
1200 3114 1278 3183 τῷ
1319 3110 1603 3180 ἁγιωτάτῳ
1645 3110 1804 3180 ἁρχι-

1903 1962 1957 2008 et
1985 1955 2198 2023 cognati
2233 1955 2296 2007 ad
2332 1954 2706 2008 hereditatem
2782 1955 3069 2023 prodeant,
3106 1955 3207 2024 ipsi
3243 1956 3460 2024 quidem

1901 2055 2248 2114 quotcunque
2301 2044 2524 2108 fuerint,
2557 2045 2809 2098 trientem
2850 2045 2989 2098 inter
3011 2061 3071 2099 se
3109 2046 3458 2109 distribuent,

1900 2148 1991 2190 bes
2016 2151 2143 2188 vero
2175 2137 2416 2189 ecclesiae
2449 2134 2689 2188 accedet.
2726 2134 2921 2188 Verum
2957 2136 3100 2190 enim
3135 2152 3263 2190 vero
3293 2138 3337 2191 si
3363 2147 3461 2191 aut

1899 2239 1992 2292 per
2026 2223 2354 2276 oblivionem
2415 2232 2511 2276 aut
2545 2223 2703 2276 aliam
2766 2224 3080 2293 quampiam
3130 2240 3374 2290 causam,
3402 2227 3455 2281 in

1899 2312 2226 2366 contrariam
2262 2311 2515 2365 laudabili
2549 2311 2901 2381 legitimoque
2959 2313 3238 2381 proposito
3293 2322 3462 2367 testa-

1902 2409 2142 2457 mentum
2191 2401 2516 2457 sententiam
2592 2410 2914 2471 conceptqu
2961 2403 3053 2464 sit,
3084 2412 3144 2454 ut
3188 2404 3307 2468 ejus
3357 2402 3461 2456 loci

1901 2493 2132 2548 antistes
2190 2493 2281 2546 Dei
2322 2487 2754 2555 amantissimus,
2805 2500 3070 2560 quantum
3098 2493 3164 2546 ad
3215 2492 3464 2546 ecclesia:

1900 2599 2195 2654 eorumque
2237 2584 2331 2653 qui
2366 2585 2420 2637 in
2454 2584 2543 2637 illa
2585 2584 2854 2639 asscssuri
2909 2591 3057 2648 sunt,
3111 2583 3464 2638 sustentatio-

1902 2690 2022 2730 nem
2084 2675 2384 2739 sulIecerit,
2433 2675 2675 2729 vindicet
2705 2691 2720 2727 :
2753 2675 2820 2728 de
2854 2674 3082 2744 reliquis
3120 2690 3249 2730 vero
3278 2675 3456 2745 legum

1903 2764 2241 2834 praescriptio
2272 2771 2326 2818 et
2356 2771 2742 2818 testamentum
2774 2763 3100 2831 diiudicent.

2357 2853 2817 2911 CONSTITUTIO
2881 2855 2997 2909 XV.

1945 2948 2011 3002 Ut
2041 2948 2331 3002 salutarem
2359 2947 2680 3008 baptismum
2713 2946 2787 3015 (l)
2832 2947 2886 2998 in
2929 2962 3233 3016 quocunque
3272 2961 3427 3000 sacro

2293 3020 2528 3069 oratorio
2573 3019 2758 3084 peragi
2791 3017 2947 3068 liceat
2976 3016 3074 3085 (2).

1976 3106 2120 3162 Idem
2154 3106 2450 3175 imperator
2487 3104 2762 3175 Stephano
2785 3105 3135 3162 sanctissimo
3155 3104 3464 3161 Constanti»

226 3213 520 3280 επισκόπῳ
542 3207 1160 3268 Κωνσταντινουπόλεως
1189 3205 1286 3258 καὶ
1313 3201 1671 3273 οίκουμενικῴ
1697 3218 1802 3254 πα·
1827 3185 1868 3244 C
1901 3217 1903 3254 :

1582 3201 1671 3272 ,κῷ
1697 3218 1802 3254 πα·
1827 3185 1868 3244 C
1901 3214 2028 3270 nop.
2063 3198 2478 3268 archiepiscopo
2503 3205 2556 3251 et
2586 3197 2908 3266 patriarchae
2938 3197 3259 3253 universali.

226 3304 493 3372 τριάρχῃο

308 3323 364 3356 ια
477 3340 493 3352 .

269 3323 584 3453 ρΚὲχὲὑτος
621 3393 649 3444 ό
684 3391 783 3458 τῆς
822 3389 1124 3457 σεϐασμίας
1163 3386 1330 3455 ἕκτης
1367 3383 1586 3438 συνόδου
1621 3383 1802 3436 κανὼν

231 3483 402 3552 ἱερὸς,
432 3482 490 3542 ὃς
512 3481 578 3532 τὸ
597 3481 740 3533 θεῖον
767 3479 868 3546 τῆς
900 3478 1312 3544 ἀναγεννήσεως
1343 3475 1570 3542 λουτρὸν
1601 3473 1658 3524 ἐν
1690 3474 1800 3534 τοῖς

229 3572 355 3624 κατ’
395 3566 545 3623 οἷκον
591 3567 899 3636 εὑκτηρίοις
951 3565 1222 3618 τελεῖσθαι
1273 3563 1379 3633 ίδία
1427 3565 1489 3616 οὑ
1533 3562 1798 3632 βούλεται,

230 3661 372 3714 ἀλλά
423 3662 480 3712 ἐν
537 3659 716 3726 μόνοις
754 3659 864 3718 τοῖς
909 3656 1042 3724 πρὸς
1092 3654 1152 3706 τὸ
1198 3653 1376 3706 κοινὸν
1418 3651 1802 3723 ἀνιερωμένοις

229 3754 404 3810 ναοῖς,
431 3749 633 3815 ἀδελφά
665 3745 1169 3817 παρακελευόμενος
1193 3745 1305 3804 τοῖς
1332 3742 1383 3793 οἳ
1405 3741 1504 3803 τὰς
1529 3741 1679 3809 ίεράς
1709 3741 1802 3793 θυι

234 3842 358 3903 σίας
392 3842 485 3893 καὶ
515 3840 732 3900 τελετὰς
761 3839 882 3891 κατ’
912 3838 1091 3898 οἴκους
1121 3833 1526 3900 ἀποτρέποντες
1553 3831 1798 3900 γίνεσθαι

229 3933 425 4000 ἔτυχον
451 3930 578 3999 παρ’
601 3929 760 3998 ήμῶν
791 3927 1130 3992 ἐπισκέψεως
1164 3923 1472 3994 ἔμπροσθεν
1498 3925 1567 3987 ⁷⁵,
1601 3922 1800 3991 ὁμοίως

232 4024 330 4076 καὶ
354 4021 586 4090 ἀδελφῆς
611 4021 654 4052 ⁷⁸
685 4019 909 4072 ἐκείνων
938 4016 1360 4086 ἐπανορθώσεως
1390 4013 1659 4077 τεύξεται.

317 4195 602 4266 ὐρίζομεν
634 4190 726 4248 οὖν
753 4193 932 4255 καθὼς
965 4195 1094 4262 περὶ
1126 4192 1348 4253 θυσιῶν,
1382 4189 1522 4242 οὕτω
1549 4189 1644 4242 καὶ
1675 4190 1806 4258 περὶ

230 4287 329 4341 τοῦ
363 4289 405 4318 ⁷⁷
452 4286 718 4356 σωτηρίου
761 4285 1159 4354 βαπτίσματος,
1210 4282 1272 4334 τὸ
1324 4282 1522 4347 ἐξεῖναι
1573 4280 1705 4332 αὑτὸ
1749 4283 1804 4332 ἐν

233 4380 400 4434 παντὶ
430 4378 667 4431 εὐσεϐῶν
696 4377 744 4408 ⁷⁸
775 4377 1049 4446 εὑκτηρίῳ
1089 4376 1201 4436 τοῖς
1240 4373 1581 4443 βουλομένοις
1610 4371 1800 4424 τελεῖν.

229 4472 346 4541 Τὴν
375 4470 485 4539 γὰρ
506 4467 762 4537 τοιαύτην
789 4467 1071 4535 ἀκρίϐειαν
1099 4465 1244 4519 δοκεί
1272 4483 1360 4534 μοι
1397 4463 1723 4533 πεποιῆσθαι
1746 4462 1805 4514 τὸ

232 4561 381 4631 ἱερὸν
413 4559 510 4627 τῆς
543 4557 760 4611 συνόδου
790 4557 1061 4625 διάταγμα
1091 4555 1186 4608 διὰ
1227 4556 1351 4617 τοὺς
1378 4555 1435 4606 ἐν
1476 4554 1664 4623 ἱερέων
1691 4554 1805 4606 ὀνό-

233 4666 368 4717 ματι
403 4649 650 4718 ἀνιέρους
686 4647 780 4700 καὶ
813 4645 1079 4716 βεϐήλους
1126 4645 1254 4707 τοὺς
1296 4644 1390 4695 ὑπ’
1418 4643 1597 4696 αὑτῶν
1637 4660 1806 4711 προσ-

229 4739 531 4809 αγομένους
561 4737 636 4807 τῷ
663 4737 873 4808 λουτρῷ
900 4735 1381 4800 ποιοῦντας,οἳ,ὼς
1410 4734 1575 4797 εἰκὸς,
1610 4735 1666 4785 ἐν
1693 4737 1808 4795 τοῖς

1974 3370 2147 3424 Etiam
2180 3371 2269 3425 hic
2302 3371 2626 3424 veneranda}
2661 3379 2828 3426 sexta:
2851 3371 3040 3439 synodi
3066 3368 3144 3442 (ὅ)
3186 3386 3345 3427 sacer
3369 3386 3464 3426 ca-

1903 3477 2010 3516 non
2065 3460 2162 3531 (4),
2210 3460 2304 3530 qui
2348 3475 2454 3514 non
2495 3460 2550 3514 in
2606 3461 2940 3531 privatarum
2963 3461 3161 3514 :rdium
3205 3462 3466 3517 oratoriis

1904 3567 2174 3616 seorsum,
2201 3551 2296 3605 sed
2321 3551 2496 3605 solum
2531 3549 2587 3604 in
2617 3565 2962 3606 communem
2989 3567 3147 3606 usum
3173 3566 3468 3606 consecra-

1906 3644 1976 3696 tis
2008 3642 2244 3710 templis.
2267 3642 2509 3695 divinam
2558 3641 2989 3710 regenerationis
3029 3642 3288 3696 lationem
3342 3657 3466 3712 per—

1905 3733 1992 3786 tici
2014 3733 2148 3795 vult,
2209 3748 2330 3786 eum
2374 3731 2590 3786 similia
2614 3746 2743 3786 cum
2776 3732 2889 3787 illis
2922 3733 3128 3800 iubeat,
3158 3733 3251 3803 qui
3281 3749 3467 3788 sacro-

1905 3832 2094 3876 sancta
2159 3822 2432 3876 sacriticia
2463 3831 2517 3876 et
2543 3823 2802 3894 mysteria
2845 3824 2899 3876 in
2949 3825 3178 3892 privatis
3209 3825 3461 3880 domibus

1904 3911 2168 3967 celebrari
2201 3919 2386 3965 vetant
2433 3911 2534 3982 (5),
2583 3912 2814 3981 ideoque
2842 3929 2872 3967 a
2913 3915 3072 3969 nobis
3115 3915 3464 3986 jampridem

1905 4005 2302 4059 consideratius
2323 4007 2545 4073 expensi
2576 4014 2703 4059 sunt
2732 4023 2747 4060 :
2777 4015 3036 4078 tanquam
3086 4009 3306 4063 illorum
3345 4026 3469 4080 ger-

1904 4110 2100 4148 manus
2127 4096 2374 4149 similiter
2406 4097 2798 4151 correctionem
2834 4109 3217 4168 causaquetur.

1973 4184 2275 4242 Statuimus
2333 4186 2528 4267 igitur,
2591 4188 3050 4257 quemadmodum
3085 4191 3154 4245 de
3182 4191 3470 4246 sacriﬁciis

1910 4278 1989 4333 sic
2012 4294 2230 4348 quoque
2260 4280 2324 4333 de
2351 4280 2640 4335 salutifero
2664 4282 3014 4351 baptismate,
3050 4292 3109 4337 ut
3133 4293 3187 4338 et
3211 4287 3388 4355 ipsum
3411 4287 3466 4339 in

1908 4384 2235 4439 quocunque
2308 4385 2468 4424 sacro
2521 4373 2765 4426 oratorio
2813 4373 3152 4441 quibuslibet
3207 4390 3470 4445 peragere

1911 4463 2119 4517 licitum
2152 4461 2242 4517 sit.
2270 4460 2406 4515 Nam
2439 4465 2554 4516 lnee
2618 4472 2728 4516 tam
2775 4464 2965 4518 stricte
3024 4479 3244 4520 sacrum
3276 4468 3471 4536 synodi

1911 4552 2193 4606 decretum
2228 4551 2584 4605 constituisse
2639 4552 2772 4606 mibi
2812 4551 3032 4622 quidem
3061 4553 3324 4620 ,videtur,
3357 4571 3476 4624 pro-

1907 4650 2027 4708 pter
2057 4652 2150 4690 cos
2187 4637 2281 4706 qui
2308 4651 2620 4705 quanquam
2649 4637 2997 4692 sacerdotum
3028 4656 3228 4694 nomen
3257 4653 3470 4709 gerant,

1908 4725 2122 4795 profani
2174 4733 2353 4778 tamen
2384 4735 2534 4786 sunt,
2577 4735 2629 4777 ct
2679 4740 2818 4793 quos
2880 4726 2944 4779 ad
2988 4727 3267 4780 lavacrum
3297 4728 3473 4781 addu-

229 4833 340 4885 τῶν
367 4829 639 4898 ὁμοδόξων
677 4829 844 4891 οἴκοις
880 4827 1233 4897 ὑποδυόμενοι
1270 4826 1328 4877 οὑ
1361 4824 1608 4877 τελοῦσιν
1628 4863 1642 4886 ,
1673 4824 1810 4877 ἀλλά

1795 4826 1810 4876 ί
1907 4822 2060 4879 cunt,
2119 4814 2356 4884 pollutos
2415 4815 2681 4868 reddunt:
2722 4815 2816 4885 qui
2842 4816 2946 4884 ,(ut
2976 4815 3229 4885 apparet)
3280 4819 3472 4872 domos

231 4921 548 4976 συντελοῦσι
577 4921 687 4983 τοῖς
718 4917 903 4980 αὑτοῖς
933 4917 1359 4988 προερχομένοις
1385 4916 1450 4964 τ’.
1477 4913 1623 4981 Δὺτη
1667 4911 1723 4962 δὲ
1762 4911 1809 4961 εί

1795 4911 1809 4961 ί
1910 4906 2152 4974 ejusdem
2180 4903 2460 4972 opinionis
2510 4905 2792 4960 hominum
2845 4906 3167 4972 subeuntes,
3208 4921 3319 4960 non
3357 4922 3467 4960 rem

1505 5068 1734 5125 VARle
1774 5063 2174 5121 LECTIONES.

341 5176 386 5206 ⁸⁸
424 5173 561 5226 llinc
620 5171 812 5240 incipit
869 5168 1088 5240 Ecloga.
1174 5167 1217 5197 ⁸⁸
1253 5167 1389 5240 (πρωὶ
1427 5160 1936 5240 διανεμηθήσονται.

235 5243 568 5313 exemplaria
596 5230 830 5313 retinent
859 5230 1226 5313 dnoxpdivtat:
1279 5236 1323 5265 "
1358 5230 1876 5313 SCl‘lllig.__5thEGW.

2021 5153 2067 5184 "
2111 5152 2303 5221 Ecloga
2361 5153 2762 5221 προσχωρήσει.
2863 5153 2902 5182 ⁷⁸
2944 5150 3153 5220 Eclogaa
3213 5150 3472 5221 nonnulla

1982 5224 2026 5256 ⁷³
2059 5220 2320 5275 Citatura
2351 5221 2571 5273 Leunttl.
2605 5221 2720 5274 Jttt‘.
2745 5222 2840 5274 Gi‘.
2879 5223 3035 5274 Rom.
3083 5223 3123 5278 1.
3149 5221 3254 5278 ἓθζ
3290 5220 3349 5280 ΙΙ,
3385 5220 3471 5272 78.

233 5289 1101 5377 niargi'n'ein
1132 5305 1304 5370 εαὺτη
1330 5289 1565 5371 xeat-ai."
1590 5302 1632 5332 ⁷⁸
1655 5299 1930 5377 cf._sttpra
1959 5293 2190 5377 Cpnstit.
2352 5293 2404 5377 ’ξ
2439 5290 2626 5343 Zuicb.
2661 5291 2926 5377 ἀδελφοῖς.
2954 5290 3182 5373 Scrinig.
3206 5289 3470 5357 ἀδελφῶς.

233 5387 276 5415 ⁷⁷
303 5384 598 5437 Balsatnon
625 5380 776 5434 addit
801 5373 949 5431 τοῦδ
1000 5377 1042 5407 ⁷⁸
1079 5374 1314 5441 Scrimg.
1345 5373 1574 5425 εὐσεϐεῖ.

1655 5369 1697 5399 ⁷⁸
1739 5361 2125 5436 Spaugenberg
2153 5361 2501 5417 scribendum
2538 5370 2722 5414 censet
2754 5361 3227 5431 προσερχομένοις.

1750 5477 1981 5534 NOT/E.

302 5617 382 5680 (ι)
414 5608 682 5680 Superius
712 5605 848 5680 divit
885 5603 1008 5680 περὶ
1037 5601 1127 5680 τοῦ
1167 5600 1253 5680 μὴ⁸
1286 5600 1382 5680 τὰς
1402 5597 1586 5680 ..ἱερὰς
1639 5611 1676 5664 μ

230 5666 478 5751 αγωγίας
500 5666 594 5732 καὶ
613 5677 864 5746 λατρείας
911 5666 1045 5725 οῖ’κοι
1083 5666 1367 5724 ἐπιτελεῖν.
1400 5666 1534 5721 Nov.
1561 5667 1596 5719 ι
1617 5704 1635 5730 ,
1661 5678 1806 5718 nunc

229 5753 616 5820 debaplisnlo.
750 5815 761 5820 _
1295 5792 1358 5820 ιη,
1414 5806 1444 5820 η
1579 5807 1612 5820 ..
1663 5805 1690 5820 η
1748 5803 1759 5820 ς

303 5805 522 5894 (ἒ)Ἐυ
585 5821 658 5873 ita
713 5815 1010 5885 abrogatur
1057 5826 1230 5865 canon
1290 5807 1361 5860 59
1413 5806 1615 5878 Synodi
1660 5805 1714 5869 6,
1748 5805 1803 5855 in

1679 5610 1810 5646 υστ-
1913 5589 2121 5644 Trullo.
2156 5586 2302 5638 Adde
2334 5584 2467 5637 Nov.
2516 5582 2604 5636 58.

1987 5659 2140 5728 (3)1"
2171 5655 2407 5728 Trullo§
2439 5654 2517 5704 l7.

1986 5727 2061 5793 (4)
2092 5728 2278 5780 Canon
2307 5727 2393 5777 5S).

1984 5789 2060 5869 (ξ)
2089 5797 2219 5851 Nov.
2250 5797 2303 5858 4,
2333 5794 2359 5862 §
2390 5792 2513 5845 cod.
2550 5789 2682 5844 Nov.
2716 5792 2803 5844 58.
