4248 6442
848 423 952 488 455

2069 419 2261 479 LEON
2274 420 2339 479 lS
2381 414 2828 479 PHILOSOPHI

3989 419 4091 484 456

849 535 1092 593 divinam
1116 532 1342 593 faciunl,
1367 529 1459 584 sed
1487 542 1610 583 eum
1646 529 1714 585 iis
1747 528 1838 598 qui
1894 527 2229 581 conveniunt
2262 527 2418 579 ittau-
2449 532 2526 587 Ατ

2409 556 2418 568 -
2449 532 2493 587 Α
2520 524 2616 577 καὶ
2648 523 2771 577 θεία
2801 523 2896 576 καὶ
2932 525 3065 577 πολὺ
3096 524 3154 577 τὸ
3189 524 3453 593 σωτήριον
3487 525 3681 594 ἔχουσα
3722 523 4086 583 διαδείκνυται

850 625 1047 697 spicati
1077 623 1280 692 aliquid
1305 620 1625 675 moliuntur.
1674 618 1827 673 Hanc
1874 631 2006 672 vero
2042 616 2412 687 provisionem

847 714 1067 771 tametsi
1091 720 1144 767 et
1171 710 1411 764 divinam
1433 724 1577 774 esse,
1599 717 1654 764 et
1673 710 1836 761 multa
1859 706 2116 761 salutaria
2138 705 2417 759 continere

849 807 1099 862 constet,
1158 812 1266 853 non
1329 806 1510 852 tamen
1572 798 1661 850 illa
1710 796 1778 849 ad
1831 795 2131 863 impietatis
2157 796 2347 864 plenos
2384 808 2413 845 a

849 897 966 951 suis
992 894 1139 948 vitiis
1159 892 1493 948 coercendos
1545 889 1798 945 sumciat.
1852 887 1986 941 Nam
2032 895 2086 942 et
2108 902 2198 941 res
2235 886 2411 941 audax

844 996 930 1041 est
963 985 1185 1046 malitia,
1208 984 1465 1050 omnique
1489 980 1671 1043 modo,
1700 979 1903 1033 clausis
1929 978 2089 1031 etiam
2118 976 2412 1037 oratoriis,

847 1078 915 1135 ad
967 1077 1291 1145 explendum
1351 1072 1689 1142 propositum
1748 1085 1931 1133 suum,
1976 1083 2130 1122 suam
2170 1067 2414 1120 inveniat

842 1168 1008 1222 viam.
1045 1165 1430 1219 Verumtamen
1466 1177 1587 1216 eum
1618 1175 1763 1215 nunc
1786 1159 1970 1213 divina
2017 1156 2191 1227 gratia
2220 1169 2413 1209 omnes

842 1270 1114 1327 perversa:
1146 1255 1437 1321 opiniones
1497 1252 1610 1305 sint
1668 1249 1991 1319 proﬂigatae,
2046 1249 2207 1300 etiam
2238 1260 2412 1313 quati-

844 1356 971 1405 tuin
991 1346 1058 1399 ad
1090 1344 1192 1397 hoc
1219 1343 1435 1404 attinet,
1463 1339 1813 1409 quamobrem
1856 1336 2165 1406 reipublica:
2196 1336 2297 1389 lioc
2319 1336 2412 1389 de-

843 1444 1053 1490 cretum
1078 1434 1146 1488 ad
1176 1431 1573 1503 prohibendam
1622 1431 1674 1484 in
1702 1429 2037 1500 privatarum
2060 1427 2258 1480 mdium
2285 1440 2409 1478 ora-

843 1526 1003 1582 toriis
1025 1524 1459 1597 regenerationis
1516 1522 1774 1575 lotionein
1804 1520 2159 1583 obtrudatur,
2201 1518 2406 1572 nullam

839 1616 1096 1688 equidem
1126 1631 1250 1671 esse
1273 1614 1638 1669 necessariam
1671 1625 1894 1664 causam
1920 1610 2100 1664 video.

1296 1701 1767 1759 CONSTITUTIO
1803 1701 1943 1757 XVI.

790 1838 791 1841 η
845 1794 911 1851 Ut
949 1797 1039 1866 qui
1072 1796 1257 1867 viginti
1280 1796 1355 1867 (6)
1388 1812 1555 1849 annos
1600 1794 1752 1916 haec:
1788 1792 2183 1865 Itypodiaconus
2230 1797 2402 1849 creari

1533 1880 1677 1916 noui
1706 1899 1724 1916 .

1532 1880 1724 1932 possit.

908 1957 1055 2012 ldem
1078 1957 1369 2026 imperator
1399 1954 1596 2009 eidem.

908 2047 1080 2102 Vetus
1128 2048 1371 2109 verbum,
1411 2046 1554 2115 quod
1581 2045 1657 2115 (7)
1706 2045 1774 2099 de
1823 2044 1987 2099 rebus
2036 2045 2153 2100 suis
2200 2046 2404 2100 dicenti

839 2153 1001 2194 aures
1029 2152 1154 2191 esse
1173 2119 1493 2205 operiendus
1514 2145 1718 2200 monet,
1759 2149 1884 2189 cuin
1916 2134 1970 2188 in
2000 2135 2121 2189 aliis
2151 2137 2406 2191 omnibus

837 2229 1077 2299 perbelle
1097 2242 1219 2282 sese
1245 2227 1462 2290 habeat,
1508 2234 1623 2278 tum
1667 2225 1755 2279 hic
1786 2225 1942 2294 longe
1970 2241 2095 2281 esse
2121 2228 2406 2296 pulchrius

836 2326 1084 2388 apparet.
1117 2318 1187 2371 At
1224 2330 1483 2385 quorsum
1524 2315 1667 2369 hoc?
1714 2315 1903 2371 Civilis
1942 2317 2018 2387 (8)
2060 2318 2144 2373 lex
2187 2324 2401 2386 statuit,

836 2425 907 2463 nc
935 2410 1111 2462 minor
1141 2407 1329 2476 viginti
1382 2406 1624 2474 quinque
1656 2406 1815 2459 annis
1846 2405 1901 2459 in
1952 2407 2154 2464 divinis
2214 2410 2406 2468 ciliciis

836 2507 1051 2553 creetur
1099 2496 1532 2566 liypoiliaconns;
1595 2495 1877 2549 decretum
1934 2510 2151 2551 sacrum
2205 2509 2401 2556 contra

835 2588 1051 2653 statuit,
1086 2587 1261 2656 utqui
1295 2586 1362 2640 ad
1405 2585 1719 2641 istiusmodi
1768 2586 2145 2643 ministerium
2165 2590 2401 2655 accedit,

835 2679 984 2735 hunc
1010 2678 1308 2749 vigesimus
1336 2692 1512 2731 annus
1536 2676 1604 2730 ad
1642 2677 2048 2733 ordinationem
2077 2681 2363 2749 perducat.

904 2857 1139 2928 Dignum
1175 2856 1360 2923 itaque
1384 2868 1595 2907 sacram
1623 2853 1795 2920 legem
1829 2853 1897 2907 de
1925 2854 2089 2908 rebus
2117 2856 2233 2909 suis
2265 2871 2405 2926 prae-

833 2942 1124 3013 cipientem
1155 2942 1348 2995 audire
1374 2941 1723 3009 imperatoria
1746 2954 1935 2996 nostra
1971 2942 2235 3011 tnajestas
2262 2955 2400 3009 rata,

833 3045 890 3089 et
920 3034 974 3088 in
1004 3033 1257 3088 eamdem
1292 3047 1414 3087 cum
1464 3032 1553 3085 illa
1609 3032 1946 3086 sententiam
1986 3033 2294 3101 descendit,
2350 3046 2405 3089 et

830 3126 1045 3189 statuit,
1092 3133 1151 3178 ut
1209 3125 1299 3192 qui
1357 3124 1422 3177 ad
1471 3122 1789 3192 vigesimum
1848 3138 2053 3177 artuum
2110 3128 2396 3195 pervenit,

2514 612 2742 682 πρόνοια
2761 651 2775 674 ,
2807 612 2956 681 ὅμως
2983 612 3084 663 οὐκ
3115 611 3338 681 ἐξαρκεῖ
3364 613 3491 673 τοὺς
3530 612 3632 681 τῆς
3666 613 3925 675 ἀσεϐείας
3961 617 4088 666 dva-

2514 703 2933 771 πεπλησμένους
2962 703 3059 771 τῆς
3085 702 3296 755 ἑαυτῶν
3324 703 3522 766 κακίας
3550 704 3944 774 ἀναχαιτίζειν.
3979 708 4086 758 Καὶ

2514 801 2621 868 γὰρ
2642 799 2915 868 τολμηρὸν
2940 801 2973 868 ἠ
3018 798 3207 862 κακία,
3251 799 3350 853 καὶ
3382 798 3544 853 παντί
3572 816 3635 866 γε
3667 802 3857 871 τρόπῳ
3899 799 4086 870 χώραν

2512 891 2716 944 οἰκείαν
2732 890 2791 942 εὑ
2800 892 2974 960 ρήσει,
2999 891 3093 943 καὶ
3108 889 3216 942 τῶν
3232 890 3535 960 εὐκτηρίων
3549 892 4077 962 ἀποκεκλεισμένων,

2513 984 2593 1044 είς
2623 983 2970 1051 ἐκπλήρωσιν
2993 982 3093 1051 τῆς
3118 983 3328 1044 οἰκείας
3347 983 3741 1050 προαιρέσεως.
3772 984 3923 1051 Πλὴν
3947 985 4082 1036 ἁλλά

2511 1088 2577 1139 γε
2623 1072 2717 1124 νῦν
2749 1072 2867 1141 θείᾳ
2897 1071 3079 1140 χάριτι
3126 1072 3308 1141 πάσης
3349 1071 3670 1135 κακοδοξίας
3711 1073 4084 1139 ἁπεσκορακι-

2514 1164 2738 1230 σμένης,
2774 1163 2926 1217 οὐδὲν
2968 1163 3065 1215 καὶ
3104 1164 3247 1216 κατὰ
3270 1162 3429 1216 τοῦτο
3461 1162 3523 1215 τὺ
3551 1163 3714 1233 μέρος
3755 1162 3867 1234 ὁρῶ
3904 1178 3997 1230 μοι
4026 1163 4087 1214 τὸ

2508 1252 2685 1323 δόγμα
2719 1253 3157 1324 προϐαλλόμενον
3190 1254 3485 1321 ἀναγκαῖον
3526 1255 3607 1315 είς
3650 1252 3713 1305 τὸ
3749 1251 3984 1306 κωλύειν
4027 1253 4084 1304 ἐν

2507 1346 2622 1405 τοῖς
2650 1348 2772 1399 κατ’
2811 1342 2960 1399 οἷκον
2989 1345 3297 1415 εὐκτηρίοις
3321 1346 3383 1399 τὸ
3410 1346 3632 1417 λουτρὸν
3660 1344 3757 1407 τῖκς
3778 1346 4080 1413 ἀναγεννή-

2510 1453 2667 1501 σεως.

3061 1703 3372 1756 ΔιΑτΑΞιΣ
3400 1703 3515 1770 ις’.

2512 1794 2651 1861 Περὶ
2682 1791 2788 1848 τοῦ
2802 1792 2891 1863 μὴ
2922 1795 3381 1918 χειροτὲἷέῐῖῗιιὲ
3401 1793 3877 1894 Εποδιάκονοντί
3903 1795 4073 1861 ἐτῶν,

2581 1953 2687 2025 [Ὀ
2720 1956 2883 2018 αὐτὸς
2908 1955 3180 2026 βασιλεὺς]
3217 1956 3292 2024 τῷ
3328 1952 3495 2023 αὐτῷ.

2595 2047 2651 2099 ’0
2694 2047 2922 2108 παλαιὸς
2963 2048 3139 2113 λόγος,
3175 2047 3234 2108 ὃς
3266 2046 3646 2115 παρεγγυᾶται
3688 2046 3766 2116 τῷ
3798 2047 3927 2118 περὶ
3971 2048 4080 2099 τῶν

2507 2138 2725 2190 οἰκείων
2768 2138 2977 2206 λέγοντι
3026 2137 3454 2191 ἀναπεταννύειν
3497 2138 3597 2207 τὴν
3638 2140 3809 2208 ἀκοὴν
3837 2180 3853 2203 ,
3899 2140 4082 2203 καλῶς

2506 2226 2602 2280 καὶ
2634 2228 2691 2280 ἐν
2731 2232 2843 2290 τοῖς
2877 2229 3055 2291 ἄλλοις
3094 2229 3294 2282 ἅπασιν
3328 2228 3489 2296 ἔχων,
3525 2228 3758 2283 ἐνταῦθα
3785 2231 3921 2284 πολὺ
3960 2231 4077 2283 δια-

2504 2314 2778 2368 δείκνυται
2812 2316 3067 2369 καλλίων.
3096 2317 3160 2369 Τί
3189 2311 3282 2369 οὖν
3320 2318 3489 2379 ἐστιν,
3526 2316 3556 2369 ὃ
3584 2333 3761 2386 φημι;
3798 2318 4081 2381 Πολιτικὸς

2506 2404 2750 2467 θεσπίζει
2782 2405 2946 2475 νόμος
2965 2405 3033 2468 ἰ,
3064 2406 3156 2458 τὸν
3185 2406 3393 2460 ἐλάττω
3418 2405 3581 2459 πέντε
3606 2407 3701 2459 καὶ
3729 2409 3903 2460 εἴκοσι
3936 2409 4079 2460 ἑτῶν

2508 2497 2584 2565 μὴ
2610 2496 3032 2567 χειροτονεῖσθαι
3055 2496 3135 2559 είς
3160 2497 3500 2567 λειτουργίαν
3523 2496 3897 2551 ὕποδιάκονονσ
3932 2499 4079 2570 ίερὸν

2504 2586 2870 2651 ἀντιθεσπίζει
2910 2587 3124 2656 δόγμα,
3166 2588 3261 2640 τὸν
3290 2588 3425 2655 πρὸς
3465 2588 3565 2658 τὴν
3591 2588 3849 2659 τοιαύτην
3890 2590 4078 2645 διακο-

2502 2676 2618 2729 νίαν
2641 2679 2936 2746 προσιόντα
2960 2679 3053 2731 τὸν
3081 2678 3323 2732 εἰκοστὸν
3351 2679 3543 2750 χρόνον
3581 2681 3823 2749 εἰσάγειν
3866 2684 3947 2746 εις
3976 2683 4078 2753 τὴν

2502 2767 2869 2835 χειροθεσίαν.

2577 2858 2761 2922 Ἄξιον
2787 2855 2880 2911 οὖν
2912 2859 3070 2928 ἡμῶν
3099 2862 3133 2930 ή
3169 2861 3417 2930 βασιλεία
3448 2864 3770 2933 ἡγησαμένη
3801 2862 3897 2916 τοῦ
3930 2863 4077 2932 ίεροῦ

2502 2950 2724 3003 ἀκούειν
2770 2952 2934 3020 νόμου
2986 2953 3044 3005 ὲν
3080 2955 3149 3022 τῇ
3210 2955 3340 3023 περὶ
3388 2955 3497 3006 τῶν
3538 2955 3756 3007 οἰκείων
3809 2954 4074 3019 διατάξει,

2500 3042 2795 3109 τούτῳκαὶ
2839 3042 3249 3113 συμψηφίζεται
3304 3042 3401 3095 καὶ
3450 3044 3644 3112 ὁρίζει,
3684 3044 3777 3095 τὸν
3812 3044 3947 3113 πρὸς
3992 3045 4074 3094 εί-

2506 3130 2696 3183 κοστδν
2734 3130 2853 3193 Ero;
2884 3132 3175 3191 ἐλάσαντα,
3215 3133 3288 3202 μὴ
3322 3134 3420 3203 τῆς
3460 3133 3628 3199 ἄλλης
3668 3134 3948 3202 διαγωγῆς
3978 3135 4077 3187 τοῦ

832 3215 994 3271 modo
1030 3189 1293 3269 anteactae
1323 3214 1448 3269 vita:
1478 3189 1622 3267 ratio
1640 3212 1928 3271 obstaculo
1958 3227 2069 3268 non
2104 3189 2197 3280 sit,
2226 3189 2401 3285 quan;
2428 3189 2468 3245 θ’
2502 3222 2509 3290 ι

2399 3251 2401 3256 ι
2428 3189 2468 3245 c
2502 3220 2620 3290 βίου
2646 3189 2894 3291 έμποδιίιν
2917 3189 3230 3292 ίσταμένής,
3249 3189 3346 3275 ὅσα
3452 3224 3517 3275 ὲκ
3663 3189 3884 3291 ἡλικίας
3905 3189 4076 3291 μηδὲν

832 3315 949 3361 tum
999 3306 1065 3360 ad
1120 3314 1358 3371 aetatem,
1421 3304 1791 3375 bypodiaconi
1824 3303 2063 3361 officium
2114 3310 2400 3379 suscipere

830 3412 940 3453 non
973 3398 1322 3467 impediatur.

950 3489 959 3495 ’
1285 3478 1746 3538 CONSTITUTIO
1775 3481 1944 3538 XVII.

833 3576 908 3630 De
923 3576 1193 3645 puerperis
1224 3574 1434 3644 quando
1482 3573 1780 3645 divinorum
1827 3575 2196 3643 mysteriorum
2221 3578 2398 3643 parti-

897 3643 1032 3715 cipes
1062 3648 1194 3713 [iam
1219 3643 1243 3696 :'
1275 3656 1322 3697 et
1368 3643 1591 3715 quando
1606 3644 1844 3715 infantes
1893 3647 2248 3711 bnpliuulur.
2280 3655 2395 3711 past

896 3711 1255 3785 quadraginta
1290 3714 1522 3767 videlicet
1556 3711 1690 3776 dies,
1721 3723 1874 3766 extra
1901 3729 2060 3782 quam
2092 3715 2139 3767 si
2170 3717 2397 3768 necessi-

896 3797 981 3838 tas
1011 3795 1215 3852 urgeat.

905 3877 1053 3929 ldeut
1084 3876 1385 3942 imperator
1408 3872 1617 3926 eidem.

898 3963 951 4018 ld
978 3964 1124 4033 quod
1172 3961 1451 4015 beatitudo
1518 3970 1609 4013 tua
1639 3961 1903 4030 postulat,
1944 3976 1975 4014 a
2009 3960 2167 4015 vobis
2198 3978 2389 4031 proce-

2500 3315 2579 3375 εἰς
2604 3312 2705 3383 τὴν
2721 3316 2817 3366 τοῦ
2843 3313 3198 3367 ὑποδιακόνου
3232 3314 3571 3384 προχείρισιν
3592 3312 4002 3383 ἐμποδίζεσθαι.

3047 3492 3368 3545 ’ΔΙΔΤΔΞΙΣ
3408 3492 3502 3546 IZ'.

2497 3581 2633 3648 Περὶ
2672 3580 2788 3635 τῶν
2813 3580 3126 3635 τεκουσῶν
3146 3580 3448 3651 γυναικῶν
3477 3582 3622 3634 πότε
3641 3583 3932 3645 ,λαμϐάνει
3954 3582 4077 3635 τῶν

2566 3653 2739 3704 θείων
2751 3651 3121 3719 μυστηρίων,
3147 3651 3249 3719 καὶ
3272 3651 3418 3703 πότε
3434 3652 3508 3703 τὰ
3529 3651 3727 3718 ,ϐρέφη
3745 3651 4074 3715 βαπτίζον-

2566 3738 2661 3773 ται
2689 3718 2822 3789 ἄχρι
2852 3719 2971 3773 τῶν
2993 3718 3052 3789 μ’
3074 3718 3311 3788 ἡμερῶν
3328 3721 3509 3789 χωρὶς
3530 3720 3795 3790 ἀνάγκης
3818 3723 3887 3774 εί.

2568 3879 2588 3951 [
2626 3880 2684 3933 '0
2717 3880 2878 3941 αὐτὸς
2912 3877 3205 3950 βασιλεὺς]
3238 3878 3317 3949 τῷ
3337 3878 3504 3950 αὐτῷ.

2575 3971 2641 4023 Ἦ
2673 3970 2772 4040 μὲν
2817 3966 3041 4036 ἀξίωσις
3075 3970 3177 4037 τῆς
3216 3970 3487 4039 ὑμετέρας
3531 3986 3935 4039 μακαριοτητος
3979 3972 4073 4036 υς]

827 4056 979 4119 dere,
1006 4070 1169 4124 quam
1202 4069 1230 4105 a
1256 4055 1414 4107 nobis
1446 4054 1713 4120 originem
1757 4066 1972 4106 sumere
2007 4067 2071 4107 ac
2120 4053 2393 4122 proﬁcisci
2497 4079 2504 4108 ι

2497 4059 2649 4129 ὑμῶν
2688 4058 2887 4127 μᾶλλον
2921 4059 3103 4111 δικαία
3149 4060 3515 4129 προέρχεσθαι
3552 4055 3641 4128 ἦν,
3679 4061 3711 4129 ἢ
3750 4062 3879 4127 παρ’
3912 4060 4071 4129 ἡμῶν

826 4151 1040 4220 aquius
1077 4148 1273 4202 fuerat.
1312 4148 1386 4199 De
1428 4162 1483 4198 re
1523 4146 1597 4211 (9)
1630 4145 1776 4197 enim
1830 4158 1987 4197 sacra
2046 4147 2391 4200 sanctitatem
2495 4169 2503 4185 ι

2495 4152 2595 4220 τὴν
2637 4150 2851 4216 γένεσιν
2898 4149 3105 4202 λαϐεῖν·
3138 4149 3243 4201 ἔδει
3285 4150 3396 4219 γὰρ
3441 4150 3541 4218 τῆς
3590 4150 3747 4217 ὑμῶν
3792 4151 4071 4218 ίερότητος

827 4253 974 4296 tuam
999 4242 1214 4295 sani-ire
1252 4238 1563 4305 oportebat.
1596 4234 1794 4289 Verum
1819 4236 2079 4305 quoniam
2107 4252 2270 4306 super
2288 4254 2395 4291 uno
2496 4244 2504 4287 t

2391 4260 2395 4284 ι
2496 4240 2772 4309 θέσπισμα
2806 4234 2945 4291 εἶναι
2977 4237 3233 4291 ὑπόθεσιν
3262 4239 3435 4309 ἱεράν.
3473 4239 3625 4293 Ἐπεὶ
3650 4239 3706 4290 δέ
3738 4257 3873 4306 φατε
3904 4240 3982 4301 ὡς
4011 4242 4068 4291 οὐ

824 4334 1093 4389 duntaxat
1118 4333 1297 4400 capite
1327 4328 1622 4383 concilium
1644 4328 1958 4381 consultare
1986 4330 2131 4397 (cum
2161 4328 2228 4383 de
2254 4330 2393 4383 mul-
2493 4334 2501 4381 ὲ

2390 4360 2393 4371 ι
2493 4332 2609 4385 δέον
2638 4332 2720 4398 ἐφ’
2748 4332 2829 4383 ἑνὶ
2857 4331 3137 4400 κεφαλαίῳ
3170 4330 3454 4400 συνοδικὴν
3475 4330 3729 4397 γενέσθαι
3759 4331 4067 4398 διάσκεψιν,

829 4424 902 4480 tis
936 4423 1235 4478 decernere
1285 4419 1505 4474 concilii
1539 4419 1634 4487 sit)
1676 4418 2064 4474 inconveniens
2097 4435 2241 4487 esse,
2294 4436 2393 4475 nos
2496 4443 2506 4476 ‹

2392 4458 2393 4469 ι
2496 4425 2713 4477 συνόδου
2744 4424 2788 4476 δ’
2817 4424 2881 4476 ἂν
2911 4426 2997 4490 εἴη
3028 4423 3189 4495 ἔργον
3216 4424 3477 4492 προάγειν
3512 4424 3727 4492 ψήφους
3751 4463 3766 4486 ,
3799 4423 4069 4493 ἡμέτερον

826 4529 958 4570 vero
982 4522 1037 4568 et
1070 4514 1207 4567 citra
1242 4511 1537 4565 concilium
1568 4509 1849 4563 decretum
1883 4508 2064 4566 facere
2110 4527 2273 4583 posse
2305 4514 2391 4567 di-
2424 4507 2503 4567 Di

2424 4507 2472 4567 D
2496 4515 2553 4567 δὲ
2582 4514 2677 4567 καὶ
2703 4515 2826 4583 δίχα
2854 4514 3074 4566 συνόδου
3102 4513 3409 4566 ἐκτίθεσθαι
3439 4513 3639 4582 δόγμα,
3665 4514 3945 4581 δεχόμενοι
3971 4519 4070 4575 τὴν

825 4608 992 4663 citis:
1030 4604 1462 4661 admonitionem
1500 4601 1893 4670 suscipientes,
1948 4602 2149 4670 quibus
2204 4604 2271 4658 de
2304 4620 2389 4661 re-
2498 4626 2502 4639 ·

2498 4606 2811 4675 προτροπὴν
2830 4599 2905 4657 ὧν
2941 4602 3155 4669 ἀξιοῦτε
3177 4602 3419 4666 διάταξιν
3449 4603 3775 4671 ἐκφέρομεν.
3809 4602 3918 4653 Τοῦ
3956 4604 4069 4654 Κυ-

824 4698 928 4753 bus
982 4696 1405 4767 postulationem
1431 4691 1774 4754 instituistis,
1817 4690 1885 4745 de
1918 4690 1988 4745 iis
2032 4693 2389 4748 constitutio-
2498 4730 2501 4763 γ

2498 4697 2615 4763 ρίου
2638 4697 2817 4749 τοίνυν
2842 4696 2934 4747 καὶ
2956 4695 3205 4765 Σωτῆρος
3221 4695 3396 4764 ἡμῶν,
3416 4694 3556 4746 ὥστε
3580 4693 3655 4763 τῷ
3672 4693 3943 4762 φωτισμῷ
3971 4695 4067 4761 τῆς

823 4804 948 4844 nem
982 4787 1304 4842 emittimus.
1353 4783 1491 4838 Cum
1541 4784 1725 4851 itaque
1756 4780 2021 4837 Dominus
2044 4790 2099 4836 et
2134 4783 2391 4840 Servator
2497 4811 2500 4833 4

2389 4806 2391 4812 λ
2497 4784 2663 4837 αὐτοῦ
2694 4785 2849 4855 δόξης
2876 4784 3428 4854 ὲπιλαμφθῆναιτοὺς
3451 4786 3508 4835 έν
3541 4782 3721 4835 σκότει
3742 4781 4066 4851 διαπορευο·

823 4889 1033 4941 noster,
1063 4892 1171 4946 quo
1201 4872 1494 4943 splendore
1517 4871 1705 4941 gloria:
1734 4870 1913 4939 ipsius
1952 4870 2394 4928 illuminarentur

2388 4890 2394 4904 '
2502 4877 2719 4946 μένους,
2741 4878 2939 4945 σαρκὸς
2973 4878 3129 4946 ἡμῶν
3158 4878 3253 4929 καὶ
3291 4876 3519 4945 αἵματος
3550 4875 3948 4946 παραπλησίως
3976 4895 4065 4927 κε-

821 4968 917 5037 qui
939 4968 993 5021 in
1024 4965 1269 5020 tenebris
1300 4963 1605 5023 ambulant,
1652 4960 1807 5028 juxta
1845 4968 2009 5030 atque
2061 4978 2160 5016 nos
2210 4966 2392 5020 carnis

2388 4986 2392 5017 μ
2497 4968 2907 5034 κοινωνηκὸτος,
2938 4968 3057 5018 λίαν
3079 4965 3267 5036 ἔμοιγε
3286 4964 3502 5018 δοκοῦσι
3527 4968 3743 5035 φρονεῖν
3769 4966 4065 5018 ὑπεναντία

822 5068 987 5127 atque
1042 5055 1332 5125 sanguinis
1379 5052 1552 5106 nostri
1617 5052 1891 5119 particeps
1954 5054 2132 5107 lactus
2193 5053 2388 5109 fuerit:
2496 5078 2499 5092 ι

2387 5078 2388 5106 ;
2496 5060 2562 5127 τῇ
2587 5058 2795 5110 ἐκείνου
2817 5055 3147 5127 σωτηριώδει
3168 5057 3411 5127 προνοίᾳ,
3436 5058 3550 5110 ὅσοι
3576 5056 3651 5126 μὴ
3670 5055 3758 5108 τοῦ
3781 5057 4064 5127 φωτισμοῦ

2101 5185 2335 5242 VARUS
2376 5190 2771 5251 LECTIONES.

927 5307 974 5336 "°
1023 5304 1417 5378 ﬂat-ubrftggen
1458 5301 1835 5378 corrigendum
1896 5310 2046 5378 putat
2077 5309 2153 5352 κε’
2183 5304 2319 5357 ἐτῶν
2344 5307 2480 5360 ἀλλὰ
2521 5315 2589 5361 κ’.
2653 5309 2695 5339 ⁸⁸
2722 5310 3019 5365 Jttstiniani
3056 5309 3190 5364 Nov.
3228 5308 3349 5371 123,
3379 5322 3431 5362 c.
3460 5308 3548 5361 l3.
3637 5307 3685 5337 "
3708 5306 3801 5361 Sic
3824 5306 4059 5377 Scrimg.

821 5378 929 5433 Sed
951 5375 1212 5429 ittZuicb.
1242 5370 1299 5427 ct
1322 5372 1611 5425 Mcertnan.
1649 5370 1769 5422 rod.
1792 5387 1897 5421 non
1935 5372 2079 5422 item.

2326 5472 2547 5543 NUT/E.

2488 5596 2537 5633 e.
2571 5582 2653 5634 l5.

2549 5656 2627 5720 (Si)
2651 5653 2860 5721 Cnique
2884 5663 3043 5721 turpe
3064 5658 3168 5715 est,
3187 5650 3277 5719 jus
3304 5649 3356 5703 in
3377 5666 3486 5721 quo
3512 5642 3756 5705 versatur
3782 5649 4057 5719 ignorare;

2482 5721 2515 5773 I.
2550 5725 2602 5787 ‘2,
2639 5720 2781 5791 §45,
2815 5723 2869 5777 ΙῘ.
2903 5720 3206 5790 ἀοίοτίεἱιιυ
3234 5721 3367 5776 iuris
3409 5720 3491 5774 12.
3522 5721 3749 5785 Quintil.
3782 5722 3839 5776 5.

890 5590 966 5657 (6)
988 5586 1127 5657 Nov.
1146 5585 1239 5657 7'75.
1274 5583 1322 5636 J.
1352 5582 1471 5657 eod.
1496 5595 1615 5657 cap.
1656 5579 1741 5642 l5,
1762 5592 1883 5657 syn.
1902 5575 1958 5637 6,
1981 5575 2271 5657 ἱη“’1“ςιι11ο.

894 5645 970 5729 (τ)
1003 5657 1080 5729 Ne
1103 5656 1317 5729 dicatur
1333 5645 1578 5719 alioquin
1608 5666 1732 5703 cum
1770 5645 1963 5714 poeta:
2022 5645 2367 5700 Dedecnsilie

818 5725 1013 5784 donius
1041 5727 1140 5780 siet
1171 5725 1413 5777 ultimus.

890 5800 967 5861 (ti)
1029 5796 1092 5849 lit
1152 5796 1224 5847 ita
1280 5794 1570 5860 abrogatur
1620 5786 1841 5843 Novella
1892 5783 2184 5841 Justiniani
2238 5787 2360 5847 1:23,
