4248 6442
264 433 364 495 457

1354 436 1711 498 NOVELL/E
1744 436 2413 497 CONSTITUTIONES.

3386 450 3489 515 458

263 543 420 605 ἀξίαν
443 539 879 610 ὑπολαμϐάνουσι
904 542 1003 611 τὴν
1026 544 1149 611 ἄρτι
1171 544 1271 611 μὲν
1293 550 1574 600 τετοκυῖαν
1595 548 1688 600 καὶ
1706 548 1823 599 ὲπί-
1857 557 1896 609 Α
1933 566 1940 588 ι

1802 579 1823 588 -
1857 557 1896 609 Α
1933 547 2104 611 valde,
2138 563 2257 602 mea
2296 550 2520 618 quidem
2555 553 2851 620 sententia,
2901 571 2931 608 a
2981 555 3261 610 salutifera
3304 560 3479 628 ipsius

262 634 441 699 λοχον,
475 631 1031 700 καταλαμϐανομένην
1069 632 1125 685 δὲ
1158 634 1262 685 ὑπὸ
1289 634 1382 686 τοῦ
1414 633 1642 689 θανάτου
1675 637 1828 706 παρά

263 721 429 783 πόδας
462 723 694 783 ἑστῶτος
724 724 819 775 καὶ
848 723 948 789 τὴν
978 723 1318 792 προθεσμίαν
1343 725 1411 794 ἢν
1438 725 1593 778 αὐτοὶ
1619 726 1826 795 ἀναμέ-

257 828 374 863 νειν
398 812 598 863 οἴονται
622 812 787 880 (φημὶ
812 811 876 879 δὴ
905 811 1005 882 τὴν
1036 813 1171 881 μετά
1193 812 1292 883 τὴν
1316 812 1470 865 λύσιν
1485 814 1596 865 τῶν
1620 815 1825 868 ὠδίνων

256 903 701 971 τεσσαρακοστὴν
730 901 983 972 ἡμέραν)
1013 904 1112 955 οὐκ
1141 904 1502 973 ἀναμένοντος
1529 904 1663 958 ἀλλά
1692 905 1821 958 θᾶτ-

256 1011 351 1045 τον
398 993 886 1063 προαρπάζοντος,
936 996 1032 1047 καὶ
1063 994 1150 1047 διὰ
1193 995 1294 1062 τὴν
1335 997 1654 1065 σωματικὴν
1688 998 1825 1049 ἀκα-

255 1083 492 1152 θαρσίαν
518 1083 826 1153 ἀκάθαρτον
849 1085 926 1147 ὡς
954 1083 1169 1155 ἀληθῶς
1197 1087 1257 1150 ἐξ
1280 1086 1583 1156 ἀνθρώπων
1604 1089 1822 1142 ἀπιέναι

254 1173 761 1243 καταπραττόμενοι
787 1173 1014 1243 ταύτην,
1042 1176 1515 1246 ἀμυσταγώγητον
1535 1173 1699 1232 οὖσαν
1728 1180 1822 1233 καὶ

252 1269 353 1333 τῆς
388 1265 475 1317 διὰ
505 1265 596 1317 τοῦ
633 1265 777 1319 θείου
799 1265 1027 1336 λουτροῦ
1055 1266 1374 1335 καθάρσεως
1398 1267 1492 1320 καὶ
1522 1269 1821 1338 ἀναγεννή-

253 1373 395 1419 σεως
417 1356 702 1426 ἀμέτοχον·
728 1357 838 1408 οὐδ’
865 1357 1105 1410 ἐννοοῦσι
1127 1358 1188 1410 τὸ
1211 1358 1439 1427 μέγεθος
1458 1359 1554 1411 τοῦ
1572 1360 1821 1412 κινδύνου

249 1449 347 1498 καὶ
371 1450 472 1517 τῆς
504 1447 727 1518 ζημίας,
760 1448 827 1518 ἢν
848 1448 951 1517 τῆς
976 1449 1158 1503 αὐτῶν
1182 1450 1469 1512 εὐλαϐείας
1495 1451 1558 1503 τὸ
1592 1451 1821 1504 ἀνευλα-

248 1539 344 1599 ὕες
370 1540 461 1589 καὶ
492 1538 757 1607 σφαλερὸν
796 1540 1067 1608 προξενεῖ.
1116 1540 1373 1607 Καίτοιγε
1402 1542 1490 1595 διὰ
1518 1543 1619 1611 τὴν
1647 1544 1820 1613 ὑπερ-

248 1628 415 1693 δολὴν
439 1628 560 1680 οὐδὲ
591 1628 749 1696 λόγου
777 1629 949 1683 δεῖται
980 1632 1013 1697 ἡ
1044 1630 1269 1700 τοιαύτη
1298 1633 1520 1685 ἀτοπία.
1559 1632 1681 1695 Πῶς
1711 1635 1820 1703 γὰρ

248 1716 524 1787 θεμιτδνῆ
554 1718 670 1781 πῶς
691 1719 752 1769 ού
780 1718 1023 1789 λυπηρὸν
1049 1720 1192 1790 Θεῷ,
1218 1721 1278 1784 ὃς
1298 1722 1387 1774 διὰ
1419 1722 1519 1788 τῆς
1544 1724 1623 1784 εἰς
1652 1723 1819 1776 αὐτὸν

248 1810 487 1870 πίστεως
528 1808 750 1876 καὶτῆς
784 1809 843 1860 ὲν
867 1809 942 1878 τῷ
980 1810 1132 1862 ὕδατι
1163 1811 1258 1862 καὶ
1290 1811 1561 1878 πνεύματι
1596 1813 1821 1879 ἀναγενο

1927 636 2266 706 providentia
2292 640 2506 694 diverse
2539 642 2805 707 sentiunt,
2835 652 3102 714 quotquot
3128 662 3245 699 eam
3275 662 3394 714 qure
3417 666 3483 704 ex

1929 732 2128 784 recenti
2158 735 2445 800 puerperio
2470 736 2767 796 decumbit.
2802 745 2858 791 et
2894 750 3067 793 morte
3101 741 3211 811 (10)
3239 758 3348 811 pra:
3375 745 3489 809 lli)

1929 822 2135 877 foribus
2202 825 2562 889 consistente,
2614 844 2713 882 nec
2785 829 2928 883 diem
2983 846 3142 899 quem
3186 833 3286 902 ipsi
3325 849 3491 904 expe-

1929 915 2183 966 ctandum
2233 925 2519 969 autumant
2562 918 3065 989 (quadragesimum
3118 937 3310 989 nempe
3364 935 3488 991 post

1931 1005 2161 1073 partum)
2190 1016 2537 1075 expectante,
2577 1012 2849 1079 cuiusque
2892 1014 3112 1067 obtorto
3160 1013 3312 1068 velut
3340 1017 3483 1071 collo

1927 1097 2295 1164 protraltenle,
2342 1102 2669 1169 corripitur,
2734 1104 3129 1159 illuminatione
3186 1104 3298 1176 (12)
3336 1108 3486 1162 indi-

1925 1202 2083 1253 gnam
2116 1204 2237 1241 csse
2259 1191 2571 1257 opinantur,
2601 1201 2653 1246 et
2686 1202 2743 1245 ut
2775 1193 2845 1246 ob
2868 1196 3123 1264 corporis
3180 1196 3489 1251 immundi-

1926 1279 2052 1331 tiem
2103 1294 2287 1332 revera
2321 1281 2437 1347 (illa
2486 1298 2516 1335 e
2569 1283 2675 1335 vita
2729 1284 3005 1336 immunda
3048 1284 3275 1340 excedat
3314 1286 3491 1356 (quip-

1927 1386 1989 1438 pe
2017 1387 2137 1440 qua:
2162 1374 2217 1425 in
2244 1373 2418 1427 sacris
2445 1387 2550 1426 non
2588 1374 2906 1428 instituatur
2942 1376 3174 1446 (ιδ-14),
3205 1392 3306 1433 nec
3336 1379 3484 1433 sacri

1927 1462 2123 1515 lavacri
2201 1464 2539 1518 lustrationis
2612 1467 3152 1537 regenerationisque
3212 1469 3488 1541 particeps

1924 1551 2038 1620 liat)
2070 1552 2327 1609 eiliciunt.
2380 1555 2565 1623 Neque
2616 1570 2745 1608 vero
2797 1555 2872 1608 illi
2916 1559 3140 1624 periculi
3180 1558 3481 1629 damnique

1927 1641 2399 1708 magnitudinem,
2453 1659 2613 1711 quam
2675 1644 3077 1700 inconsiderata
3136 1648 3378 1715 ipsorum
3432 1658 3491 1704 et

1927 1735 2230 1802 p.-rniciosa
2265 1736 2456 1804 religio
2485 1735 2662 1801 all'ert,
2686 1751 2796 1805 prae
2828 1740 3006 1794 oculis
3038 1739 3262 1794 habent.
3290 1740 3488 1798 Verum

1922 1839 1983 1874 ea
2018 1823 2105 1876 illa
2156 1830 2241 1878 est
2279 1825 2618 1889 absurditas,
2659 1835 2716 1878 ut
2772 1826 3023 1880 oratione
3071 1842 3177 1880 non
3223 1827 3486 1898 indigeat.

244 1900 457 1964 γήσεως
505 1897 759 1967 δωρεῖται
801 1899 902 1966 τὴν
955 1901 1252 1968 σωτηρίαν,
1302 1901 1533 1955 ἄπιστον
1579 1905 1673 1955 καὶ
1718 1905 1819 1973 τῆς
1852 1934 1891 1986 Β

1812 1922 1819 1964 .'
1852 1934 1891 1986 Β
1922 1910 2109 1965 Talem
2160 1912 2303 1966 enim
2333 1914 2620 1968 mulierem
2683 1913 3024 1967 ineredulam
3068 1897 3489 1970 reformatiOue-

244 1987 603 2049 ἀνακλάσεως
636 1989 850 2058 ἐρήμην
892 1988 991 2059 τὴν
1019 1987 1068 2019 ⁸⁸
1098 1991 1383 2059 ἄνθρωπον
1412 1991 1684 2055 ἀπελθεῖν,
1720 1996 1816 2046 καὶ

242 2080 370 2130 ἀντὶ
397 2078 493 2131 τοῦ
513 2079 656 2148 μετά
677 2079 786 2132 τῶν
817 2080 1175 2149 σεσωσμένων
1199 2081 1457 2152 τετάχθαι
1476 2085 1558 2145 εἰς
1582 2083 1683 2152 τὴν
1705 2084 1815 2137 τῶν

242 2170 604 2225 ἀπολωλότων
630 2171 885 2241 ἐρρῖφθαι
918 2173 1100 2242 χώραν
1131 2173 1300 2226 ἕνεκά
1333 2191 1397 2242 γε
1428 2173 1529 2242 τῆς
1562 2173 1814 2243 τοιαύτης

243 2263 575 2332 προφάσεως
594 2281 610 2326 ;

313 2536 425 2607 Τὴν
446 2536 540 2589 οὖν
562 2538 821 2606 τοιαύτην
848 2534 1319 2606 ματαιοφροσύνην
1348 2536 1458 2589 ἀπὸ
1486 2536 1581 2589 τοῦ
1605 2536 1700 2589 νῦν
1720 2537 1814 2589 καὶ

238 2628 318 2688 εἰς
347 2629 441 2678 τὸν
465 2626 663 2679 ’ἔπειτα
693 2627 882 2695 χρόνον
912 2626 1158 2679 ἐκποδὼν
1193 2628 1527 2696 ποιούμενοι,
1558 2628 1813 2697 ὁρίζομεν

240 2720 372 2786 περὶ
415 2718 694 2771 τεκουσῶν
726 2718 1000 2785 γυναικῶν
1052 2719 1147 2770 καὶ
1198 2722 1328 2787 περὶ
1369 2719 1480 2769 τῶν
1508 2718 1554 2750 ⁸⁸
1587 2719 1710 2771 ὅσαι
1747 2722 1811 2787 τῇ

237 2814 444 2881 φυσικῇ
472 2812 738 2881 καθάρσει
766 2810 1296 2878 καταλαμϐάνονται,
1328 2811 1681 2879 ἀνενοχλήτου
1716 2812 1813 2880 μὲν

233 2903 297 2965 ἐξ
333 2903 528 2970 ἑτέρας
557 2902 702 2964 τινὸς
736 2901 1028 2963 διαθέσεως
1058 2905 1287 2970 νοσερᾶς
1314 2902 1413 2970 τῆς
1448 2903 1595 2969 ζωῆς
1633 2903 1814 2955 αὐτῶν

230 2994 586 3063 διατελούσης
607 2994 675 3058 ⁸⁸,
707 2994 1007 3063 ἀμετύχους
1032 2989 1177 3046 εῖναι
1206 2994 1307 3058 τὰς
1335 2995 1434 3061 μὲν
1461 2993 1747 3057 ἀτελέστους
1769 2996 1814 3027 ⁸⁸

231 3085 328 3137 τοῦ
348 3085 657 3154 φωτισμού,
679 3084 781 3147 τὰς
801 3084 859 3138 δὲ
887 3100 954 3155 με
962 3086 1469 3157 μυσταγωγημένας
1485 3085 1593 3137 τῶν
1610 3086 1812 3154 ἀχράν-

231 3194 344 3229 των
383 3178 706 3246 μυστηρίων
736 3177 837 3247 τῆς
865 3176 1220 3247 μεταλήψεως
1251 3180 1413 3247 μέχρι
1439 3177 1540 3245 τῆς
1556 3177 1671 3229 τῶν
1694 3194 1814 3229 τεσ-

232 3269 545 3338 σαράκοντα
579 3268 802 3338 ἡμερῶν
826 3268 1164 3339 προθεσμίας
1190 3285 1206 3298 ο

230 3361 634 3422 καταλαϐόντος
663 3362 756 3413 καὶ
780 3360 825 3391 ⁸⁷
858 3360 1224 3430 κατασχόντος
1270 3361 1363 3413 καὶ
1396 3360 1495 3429 τὴν
1542 3361 1808 3429 διακοπὴν

226 3450 329 3519 τῆς
360 3450 504 3517 ζωῆς
533 3447 902 3511 ἀπειλοῦντος,
925 3449 1093 3501 παντὶ
1107 3449 1292 3519 τρόπῳ
1313 3450 1739 3518 μεταλαγχάνειν
1760 3450 1806 3480 ⁸⁸

225 3540 399 3602 αὖτάς
420 3538 516 3591 τοῦ
539 3540 899 3609 ἀγιάσματος.
926 3540 988 3592 Ei
1008 3540 1118 3609 γὰρ
1140 3542 1390 3604 ἐκείνοις,
1410 3542 1524 3593 ὅσοι
1547 3540 1615 3593 δι’
1641 3542 1805 3608 ὑπερ-

228 3630 396 3692 ϐολὰς
428 3631 946 3700 ἀνοσιουργημάτων
986 3631 1343 3700 ἀπείργονται
1386 3634 1621 3701 μακροῖς
1662 3630 1804 3682 ἔτεσι

226 3720 331 3788 τῆς
362 3718 630 3784 ζωοποιοῦ
660 3721 966 3783 κοινωνίας,
1011 3721 1040 3772 ὁ
1075 3719 1304 3784 θάνατος
1337 3722 1567 3784 ἐπιστὰς
1604 3722 1664 3773 τὸ
1702 3723 1800 3789 ἐμ-

226 3811 542 3881 πρὸθεσμον
591 3810 893 3875 διακόπτει,
943 3813 1037 3863 καὶ
1085 3811 1262 3874 οὐδεὶς
1303 3812 1552 3881 ἀνέχεται
1574 3812 1798 3873 τούτους

223 3902 460 3955 κωλύειν
505 3901 604 3971 τῆς
646 3901 756 3955 τῶν
798 3901 970 3970 ἁγίων
1023 3904 1279 3972 μετοχῆς,
1330 3904 1471 3971 ἦπου
1530 3919 1591 3970 γε
1641 3897 1798 3955 αὗται

221 3993 635 4062 κωλυθήσονται
677 3992 765 4047 διὰ
805 3994 1134 4064 ρυπάσματα
1179 3993 1383 4063 σαρκὸς
1416 3993 1620 4062 φυσικά
1645 4009 1659 4056 ;
1688 3994 1797 4045 Καὶ

221 4084 373 4154 ἅπερ
401 4080 556 4153 οἴμαι
587 4084 679 4137 καὶ
703 4084 781 4153 τῷ
808 4083 1023 4154 παλαιῷ
1052 4083 1390 4138 κεκωλύσθαι
1412 4084 1561 4154 νόμῳ
1583 4085 1674 4135 καὶ
1698 4085 1797 4152 τὴν

220 4176 388 4245 χάριν
424 4174 773 4239 διαδέξασθαι
803 4175 902 4243 τὴν
932 4175 1229 4245 παράδοσιν
1271 4175 1393 4244 οὐχὶ
1425 4173 1677 4226 τοσοῦτον
1710 4174 1799 4227 διὰ

216 4266 321 4333 τὴν
355 4266 673 4332 γυναικείαν
715 4265 919 4334 ταύτην
952 4266 1314 4335 ἀκαθαρσίαν,
1343 4267 1468 4318 ὅσον
1507 4264 1572 4318 δι’
1603 4266 1796 4335 ἐτέρας

219 4361 405 4419 αἰτίας
429 4359 485 4409 ὲν
514 4358 592 4426 τῷ
624 4356 778 4427 βάθει
800 4356 1185 4427 κρυπτομένας
1212 4355 1306 4410 τοῦ
1334 4356 1595 4426 νομοθετὴ
1606 4373 1773 4427 ματος

218 4448 525 4516 Λογίζομαι
571 4448 679 4518 γάρ
727 4447 789 4499 τὸ
843 4447 941 4515 τῆς
996 4446 1289 4515 ἐπιθυμίας
1341 4446 1637 4500 ἀκόλαστον
1685 4447 1794 4498 τῶν

218 4539 483 4610 ἀκρατῶς
514 4539 744 4607 ἐχόντων
769 4538 994 4600 κολάζον
1020 4538 1081 4590 τὸ
1114 4539 1391 4607 θέσπισμα
1419 4538 1576 4591 τοῦτο
1602 4537 1788 4591 διατά-

1917 2016 2023 2069 que
2060 2001 2387 2055 destitutam
2422 2001 2712 2057 discedere
2754 2012 2808 2056 ct
2842 2003 3147 2058 istiusmodi
3169 2006 3236 2058 ob
3262 2018 3488 2059 causam

1918 2106 2015 2158 pro
2038 2106 2104 2145 eo
2147 2094 2293 2161 quod
2340 2094 2485 2147 inter
2523 2093 2821 2149 servandos
2864 2091 3181 2149 collocanda
3230 2105 3396 2161 esset,
3429 2096 3485 2149 in

1918 2184 2250 2248 perditorum
2293 2184 2789 2254 damnatorumque
2857 2187 3035 2238 locum
3100 2185 3285 2254 rejici:
3347 2201 3485 2256 quo-

1920 2274 2082 2324 modo
2115 2269 2221 2332 fas,
2287 2269 2485 2335 Deove,
2527 2270 2620 2339 qui
2646 2285 2743 2340 per
2788 2269 2948 2323 ﬁdem
2994 2269 3046 2321 in
3092 2269 3269 2339 ipsum
3327 2278 3382 2323 et
3430 2271 3487 2326 in

1915 2376 2054 2428 aqua
2110 2359 2424 2431 Spirituque
2465 2363 2955 2430 regenerationem,
3013 2365 3246 2419 salutem
3292 2364 3485 2430 donat.

1915 2470 2022 2505 non
2056 2469 2216 2523 grave
2244 2462 2406 2523 atque
2425 2453 2695 2521 acerbum
2729 2455 2852 2509 est?

1991 2541 2194 2596 Vanam
2256 2544 2423 2613 igitur
2455 2544 2766 2598 istiusmodi
2800 2545 3144 2614 prudentiam
3187 2547 3389 2604 dehinc
3424 2548 3488 2603 in

1921 2633 2162 2688 futurum
2194 2650 2224 2689 e
2263 2635 2442 2689 medio
2482 2635 2729 2690 tollentes
2766 2639 2831 2691 de
2865 2636 3212 2694 mulieribus.
3244 2652 3366 2708 qua:
3394 2653 3485 2692 re-

1914 2737 2046 2779 cens
2089 2731 2440 2793 pepererunt,
2502 2741 2736 2793 quaeque
2788 2727 3028 2780 naturali
3087 2728 3485 2798 expurgatione

1914 2822 2194 2883 occupata:
2222 2826 2371 2880 sunt,
2421 2817 2731 2878 statuimus.
2762 2826 2819 2870 ttt
2864 2819 2909 2873 si
2958 2818 3177 2886 quidem
3204 2818 3310 2874 alia
3338 2833 3481 2889 qua-

1918 2919 2137 2972 enuque
2172 2903 2459 2959 affectione
2514 2905 2762 2960 morbida
2804 2906 3043 2976 ipsarum
3075 2908 3181 2960 vita
3219 2922 3328 2962 non
3391 2917 3473 2962 ιο-

1913 3002 2115 3057 nctur,
2148 3009 2317 3062 usque
2377 2995 2442 3047 ad
2486 2994 2809 3062 praalinitum
2857 2994 3215 3065 quadraginta
3267 2997 3481 3052 dierum

1913 3092 2130 3151 tempus
2160 3092 2416 3151 expertes
2476 3094 2755 3149 maneant,
2786 3084 3028 3139 nondum
3091 3085 3317 3140 initiata:
3349 3084 3478 3141 illu-

1918 3177 2217 3232 minatione
2250 3175 2390 3248 (45).
2427 3176 2492 3231 ad
2525 3193 2683 3232 sacra
2740 3188 2970 3247 receptae
3013 3189 3067 3232 et
3101 3180 3349 3246 initiata,
3389 3195 3480 3236 sa-

1242 3270 1550 3338 νοσήματος
1576 3268 1635 3320 δέ
1663 3284 1806 3331 τινος
1832 3277 1874 3335 c
1907 3277 2316 3322 crosanetorum
2351 3270 2734 3338 mysteriorum
2776 3284 2919 3337 peret

1786 3284 1806 3331 ς
1832 3277 1874 3335 c
1907 3277 2316 3322 crosanctorunt
2351 3270 2734 3338 mysteriorum
2776 3270 3145 3337 perceptione;
3177 3280 3232 3322 at
3262 3270 3308 3325 si
3339 3271 3463 3340 quis

1918 3360 2052 3426 ipsis
2104 3359 2352 3422 morbus,
2405 3360 2497 3428 qui
2532 3360 2652 3412 vita:
2687 3359 3114 3413 internecionem
3176 3360 3479 3429 minitetur,

1915 3447 2266 3515 superveniat
2289 3455 2342 3501 et
2369 3447 2686 3512 incumbat,
2732 3463 3015 3503 sacrarum
3061 3464 3241 3503 rerum
3293 3452 3478 3506 omni-

1915 3539 2019 3593 bus
2052 3538 2228 3593 modis
2260 3539 2555 3608 participes
2583 3538 2733 3592 fiant.
2770 3538 2980 3592 Etenim
3018 3540 3061 3593 si
3096 3540 3203 3593 illis
3230 3539 3344 3610 (l6)
3382 3541 3477 3610 qui

1915 3639 2136 3700 propter
2158 3631 2403 3683 enormia
2436 3629 2641 3697 ﬂagitia
2677 3630 2867 3683 multis
2891 3630 3051 3682 annis
3092 3630 3304 3682 vivitica
3327 3645 3480 3684 com—

1913 3721 2169 3773 munione
2198 3727 2469 3781 arcentur,
2508 3732 2656 3770 mors
2708 3718 2773 3770 ad
2822 3717 3062 3772 obruens
3084 3719 3464 3787 praescriptum

1912 3818 2126 3877 tempus
2183 3808 2396 3872 incidit,
2461 3822 2640 3875 neque
2672 3807 2962 3874 quisquam
3027 3808 3127 3861 ltus
3190 3822 3473 3863 sacrorum

1910 3899 2327 3971 participatione
2360 3898 2649 3966 prohibere
2685 3899 2942 3959 sustinet,
2980 3913 3089 3967 qua
3149 3900 3361 3954 ratione
3388 3899 3473 3953 ha:

1911 3999 2129 4062 propter
2144 3991 2417 4043 naturales
2432 3989 2616 4043 carnis
2632 3988 2824 4042 sordes
2841 3989 3474 4057 proltibebunturmttod

1910 4083 2151 4151 protei-to
2184 4095 2290 4134 non
2322 4089 2430 4132 tam
2468 4088 2689 4148 prepter
2714 4080 3036 4133 muliebrem
3058 4080 3198 4133 lianc
3228 4082 3473 4134 immun-

1905 4178 2113 4238 ditiem,
2145 4190 2305 4242 quant
2335 4173 2406 4228 ob
2439 4174 2577 4228 alias
2622 4187 2821 4228 causas
2864 4173 2917 4227 in
2966 4172 3157 4225 intima
3204 4172 3340 4241 legis
3380 4186 3472 4226 ra-

1906 4272 2052 4323 tione
2100 4267 2430 4330 reconditas,
2482 4276 2536 4321 et
2580 4267 2747 4321 veteri
2791 4267 2905 4335 (ΓΙ)
2957 4265 3290 4335 prohibitum
3345 4279 3471 4319 esse

1906 4358 2043 4427 lege,
2076 4366 2121 4409 cl
2162 4357 2351 4424 gratia:
2385 4366 2599 4426 tempus
2632 4356 2948 4410 traditionis
3002 4357 3122 4410 loco
3154 4358 3469 4425 suscepisse

1904 4458 2056 4518 puto.
2094 4448 2357 4501 Existimo
2380 4447 2652 4508 siquidem
2688 4463 2901 4502 sacram
2927 4448 3096 4516 legem
3128 4447 3179 4500 id
3211 4447 3461 4515 praescri-

1908 4537 2241 4605 psisse.qtto
2294 4542 2602 4603 protervam
2653 4548 2841 4587 eorum
2881 4534 2974 4602 qui
3036 4533 3467 4602 intemperanter

217 4629 329 4695 ξαι,
366 4628 557 4699 ὥσπερ
583 4630 677 4682 καὶ⁵
716 4628 851 4683 ἄλλα
887 4629 1058 4681 πολλὰ
1092 4629 1160 4681 δι’
1194 4630 1396 4700 ἐτέρων
1425 4631 1789 4699 οίκονομεῖται
1824 4644 1865 4698 υ

1787 4668 1789 4677 .
1824 4644 1865 4698 υ
1906 4627 2175 4687 viverent,
2215 4626 2715 4694 concupiscentiam
2747 4623 3078 4694 castigaret:
3113 4623 3464 4691 quemadmo-

1481 4785 1715 4840 νΑιιιΑῑ
1774 4784 2176 4841 ιδΕΩἸῚΟΝΕΒ.

316 4930 364 4962 ⁸³
393 4929 517 4983 Cod.
549 4927 709 4998 ’τὸνΪ⁸
731 4928 792 4998 ⁸⁸,
813 4927 934 4983 Ilaec
955 4944 1066 4982 om.
1099 4927 1353 4998 Sttritng..
1396 4929 1491 4980 st'tl
1534 4928 1737 4998 habent
1763 4927 1977 4991 Zniclt.,

1786 4927 1977 4991 '.nicln.,
2035 4925 2252 4998 Μαρια).
2284 4934 2339 4998 et
2382 4924 2521 4998 llals.
2588 4923 2633 4954 ⁸⁵
2668 4922 3025 4998 ἀνενόχλητον
3051 4922 3150 4998 μὲν
3200 4920 3270 4998 ἐξ.
3297 4921 3463 4998 άλλης

212 4998 592 5067 συντελούσης.
691 4995 739 5028 ⁵⁸
779 4997 1071 5053 Μυεηιιιιιι.
1131 4990 1370 5052 ευιΙ.”ιτι
1420 4998 1566 5051 Bais.
1629 4997 1885 5049 ἀτελέστο

1780 4990 1969 5058 ἱστουςέ
2080 4996 2123 5025 ⁸⁷
2162 4994 2555 5055 καταλαϐόντος
2606 4993 2700 5044 καὶ
2750 4990 2933 5045 omisit
2988 4992 3133 5045 Bals.
3225 4990 3271 5021 ⁸⁸
3312 4992 3457 5043 Bais.

215 5069 423 5138 μεταλα
432 5069 677 5138 μεὰνειν.

1736 5152 1964 5209 NOTAE.

277 5280 393 5347 (l0)
419 5279 691 5346 Puerpera
716 5291 829 5346 prae
874 5276 1085 5332 foribus
1115 5276 1309 5331 mortis
1346 5276 1549 5347 posita,
1586 5276 1625 5330 l.
1661 5278 1760 5330 ult.
1868 5279 1934 5330 ad
1970 5290 2179 5331 sacrato
2237 5275 2699 5330 communionem.
2730 5270 2884 5325 Adde
2926 5271 3175 5328 Pltotium
3218 5287 3371 5327 num.
3402 5273 3457 5336 3,

1871 5363 1923 5402 θ’
1946 5348 2056 5483 litigi.)
2096 5414 2237 5470 Nota
2258 5414 2765 5481 excomtnunicatis,
2791 5414 2984 5469 mortis
3009 5421 3221 5467 tantum
3252 5411 3461 5481 impen-

1875 5486 2055 5539 dentis
2084 5501 2272 5547 causa,
2306 5483 2745 5538 communionem
2770 5486 2911 5540 dari.

1949 5557 2061 5623 (l7)
2094 5554 2257 5607 Mosis
2289 5554 2425 5622 lege,
2454 5553 2647 5623 mulier
2678 5556 2721 5607 si
2759 5553 3073 5609 masculum
3124 5551 3455 5619 peperisset,

1880 5637 2087 5693 septem
2121 5624 2315 5678 diebus
2341 5622 2654 5693 immunda:
2702 5623 2772 5676 ὅθ
2807 5624 3008 5682 diebus
3044 5633 3305 5693 praeterea
3335 5636 3454 5672 ina-

202 5690 407 5766 ptismo
432 5710 543 5749 non
571 5690 811 5748 initiatas
840 5694 987 5766 intra
1040 5694 1206 5766 diem
1231 5693 1304 5766 40
1360 5696 1629 5766 puerperii
1670 5695 1769 5749 ba-
1884 5690 2045 5748 nebat
2090 5694 2141 5746 in
2168 5693 2433 5766 sanguine
2465 5690 3038 5766 pitrilicationissute;
3094 5691 3139 5766 si
3176 5690 3455 5766 feminam,

202 5758 402 5834 ίιιιῑτιτὶ
430 5780 537 5817 non
567 5778 753 5834 posse,
800 5763 906 5816 nisi
942 5778 1107 5834 casus
1142 5758 1533 5834 aliquis—aliud
1556 5766 1761 5833 exigat:
1879 5768 2093 5816 tlnaltus
2125 5758 2441 5833 septimanis
2466 5764 2743 5815 immunda
2772 5780 2784 5816 :
2822 5762 3099 5816 66tiiebus
3127 5761 3177 5834 in
3200 5758 3452 5834 puriﬁca-

199 5825 481 5907 baptisnto
505 5825 751 5890 i-uitiatas
790 5848 899 5887 non
958 5832 1172 5887 admitti
1205 5825 1347 5887 intra
1383 5836 1599 5890 eosdem
1646 5825 1764 5890 dies
1874 5835 2017 5887 tione
2041 5825 2598 5887 nullaint-entsacram
2628 5834 3133 5903 attingere-poterat.
3158 5828 3326 5883 Levit.
3364 5825 3452 5884 l2.

209 5347 240 5420 §
276 5351 324 5403 Ι.
349 5348 412 5401 C.
434 5348 535 5420 qui
563 5350 828 5420 potiores.

275 5420 392 5489 (Il)
429 5414 585 5489 Παρά
618 5416 806 5489 πόδας.
842 5414 1078 5489 Scrimg.

303 5484 701 5555 meomeo,
732 5485 787 5539 id
824 5495 930 5549 est,
980 5484 1273 5554 baptismo.

302 5557 494 5623 15-14)
558 5555 1071 5625 Ἀμυσταγώγητον.

274 5623 391 5696 (15)
411 5627 463 5679 Id
489 5633 596 5685 est,
620 5623 895 5696 baptismo
925 5623 954 5677 :'
1003 5623 1109 5696 ltoc
1140 5623 1321 5696 innuit
1348 5641 1364 5677 :
1396 5626 1654 5680 mulieres
1678 5626 1776 5679 ba-
