4248 6442
798 392 907 458 459

1989 393 2259 454 LEOle
2291 391 2750 457 PHILOSOPHI

3942 394 4049 453 460

803 504 934 556 dum
964 509 1018 555 et
1046 500 1152 554 alia
1183 499 1354 554 multa
1387 513 1483 569 per
1514 500 1616 555 alia
1644 508 1916 569 prrccepta
1961 501 2288 556 ordinantur
2313 514 2366 557 et

2355 514 2368 557 L
2395 514 2443 568 Α
2471 507 2933 579 προσταγμάτων,
2965 505 3040 569 ὡς
3070 505 3136 560 ἂν
3174 505 3262 560 διά
3287 503 3493 558 τούτων
3530 504 3592 556 τὸ
3636 504 3771 574 πρὸς
3804 503 3866 557 τὸ
3909 504 4047 573 θῆλυ

799 594 1251 664 praescribuntur,
1323 609 1434 662 quo
1513 593 1816 648 indomitus
1892 596 2252 664 quorumdam
2314 594 2369 648 in

801 684 1060 736 mulieres
1098 682 1358 737 stimulus
1386 684 1733 739 retundatur.
1773 684 1916 749 Quin
1951 694 2006 739 et
2039 685 2154 740 haec
2185 685 2371 756 provi-

800 774 999 827 dentiae
1042 789 1165 843 qua
1203 773 1375 844 legem
1405 775 1691 829 constituit
1712 778 1962 832 voluntas
1987 785 2093 841 est,
2145 786 2205 831 ιιι
2243 792 2369 847 par-

800 874 890 919 tus
920 878 950 917 a
989 863 1378 934 depravatione
1413 864 1570 920 liberi
1597 865 1728 920 sint.
1769 866 1908 932 Quia
1932 866 2079 921 enim
2101 867 2369 937 quidquid

800 964 994 1010 natura
1024 971 1493 1025 supervacaneum
1549 968 1654 1020 est,
1699 957 1843 1013 idem
1896 959 2271 1028 corruptivum
2313 970 2370 1014 et

801 1044 992 1098 inutile
1043 1051 1148 1109 est,
1184 1043 1332 1114 quod
1364 1044 1453 1098 hic
1501 1045 1727 1115 sanguis
1790 1047 2101 1117 superﬂuus
2132 1048 2229 1111 sit,
2251 1064 2370 1118 qua:

800 1134 878 1188 illi
923 1135 1173 1189 obnoxiae
1210 1143 1420 1198 essent,
1447 1136 1501 1190 in
1543 1137 1890 1193 itntnunditie
1918 1140 1984 1192 ad
2015 1140 2067 1193 id
2104 1141 2368 1211 temporis

799 1223 981 1278 vivere
1012 1224 1133 1277 illas
1163 1224 1247 1276 lex
1273 1221 1469 1290 jubet;
1501 1240 1612 1295 quo
1634 1224 1754 1294 ipso
1784 1225 1948 1280 etiam
1998 1229 2243 1283 nominis
2276 1244 2367 1282 so-

797 1329 871 1370 no
903 1315 1107 1370 lasciva
1158 1317 1606 1384 concupiscentia
1637 1320 1704 1370 ad
1742 1321 2166 1388 temperantiam
2219 1322 2367 1375 redi-

797 1413 980 1476 gatur,
1037 1420 1108 1460 ne
1146 1421 1213 1460 ex
1264 1406 1452 1458 inutili
1489 1415 1545 1461 et
1599 1417 1861 1478 corrupta
1915 1411 2142 1465 materia
2188 1410 2365 1481 ipsum

799 1495 1058 1548 animans
1093 1503 1559 1560 coagmentetur.-

868 1581 934 1635 Et
955 1595 1086 1634 sane
1112 1581 1180 1634 de
1215 1581 1526 1637 infantibus
1577 1585 1827 1638 eumdem
1862 1586 1928 1639 ad
1983 1586 2206 1641 modum
2232 1603 2367 1643 con-

797 1670 1103 1736 stituimus,
1149 1680 1208 1724 ut
1235 1672 1281 1726 si
1312 1688 1415 1726 non
1450 1674 1840 1743 inquietentur,
1869 1678 2230 1749 inimicosque
2261 1696 2358 1733 na-

795 1771 933 1813 tum
959 1775 1122 1815 casus
1158 1769 1436 1829 superent,
1473 1774 1764 1834 antequam
1819 1770 2008 1837 gratiae
2069 1771 2357 1838 splendore

2481 599 2636 651 ἐνίων
2673 599 2774 666 τῆς
2805 598 2982 668 ὁρμῆς
3024 596 3398 666 ἀκατάσχετον
3429 594 3816 664 χαλινούμενον
3846 594 4047 650 ἀνακό-

2479 703 2684 740 πτοιτο.
2708 686 2784 739 Ού
2810 686 2969 756 μόνον
2989 685 3044 738 δέ
3073 684 3208 738 ἀλλά
3234 685 3328 737 καὶ
3349 685 3606 754 προνοίας
3629 685 3747 737 ἐστὶ
3768 685 3836 736 τά
3865 685 4048 736 τικτό-

2481 795 2619 850 μενα
2659 776 2838 846 λώϐης
2875 775 3203 844 καθαρεύειν
3233 775 3624 844 οἰκονομούσης
3657 776 3719 827 τὸ
3743 775 4046 843 θέσπισμα.

2490 871 2643 923 Ἐπεὶ
2670 868 2780 940 γὰρ
2806 869 2951 923 ἅπαν
2981 868 3042 920 τὸ
3064 870 3129 936 τῇ
3156 865 3314 934 φύσει
3344 866 3600 936 περιττὸν
3628 865 3955 935 φθοροποιόν
3986 882 4048 918 τε

2476 960 2574 1014 καὶ
2602 960 2894 1032 ἄχρηστον,
2925 959 3153 1028 περιττά
3176 958 3233 1010 δέ
3270 955 3566 1010 καὶταῦτα
3589 956 3826 1025 ὑπάρχει
3857 957 3929 1008 τὰ
3958 957 4047 1008 αἶ-

2479 1067 2644 1120 ματα,
2675 1049 2771 1112 τάς
2795 1047 3066 1118 φερούσας
3091 1048 3230 1101 αὐτά
3263 1049 3321 1100 ἐν
3349 1045 3664 1118 ἀκαθαρσίᾳ
3693 1047 3812 1100 κατ’
3838 1048 4049 1099 ἐκεῖνον

2475 1142 2567 1195 τὸν
2593 1142 2784 1212 καιρὸν
2823 1141 3032 1209 διάγειν
3073 1141 3102 1192 ὁ
3136 1141 3299 1208 νόμος
3328 1138 3668 1202 ἐντέλλεται,
3692 1141 3840 1199 ὃπως
3877 1137 3922 1169 ⁸⁸
3953 1138 4049 1190 καὶ

2474 1235 2570 1289 ἀπ’
2599 1234 2767 1288 αὑτοῦ
2806 1235 2968 1306 μόνου
3005 1233 3100 1287 τοῦ
3123 1235 3365 1304 ῥήματος
3393 1234 3472 1295 είς
3507 1233 3568 1286 τδ
3605 1233 3843 1302 ἀκρατὲς
3862 1234 3908 1264 ⁹⁶
3949 1250 4043 1285 συ-

2477 1325 2836 1395 στελλομένης
2858 1325 2902 1354 "
2954 1323 3053 1393 τῆς
3101 1324 3403 1377 ἀκολάστου
3437 1323 3730 1393 ἐπιθυμίας
3752 1325 3819 1389 ’⁸,
3855 1324 3931 1392 μὴ
3986 1324 4048 1388 ἐξ

2474 1415 2747 1484 ἀχρήστου
2780 1413 2872 1467 καὶ
2916 1412 3319 1482 διεφθαρμένης
3358 1411 3488 1480 ὕλης
3528 1411 3777 1482 λαμϐάνῃ
3813 1412 3877 1463 τὸ
3905 1411 4045 1475 ζῶον

2473 1505 2572 1572 τὴν
2611 1503 2889 1555 σύστασιν.

2544 1594 2652 1647 Καὶ
2678 1595 2808 1661 περὶ
2834 1593 2944 1644 τῶν
2968 1591 3184 1661 βρεφῶν
3212 1592 3270 1644 δέ
3326 1591 3609 1661 ὁμότροπα
3633 1591 3964 1661 διορίζομεν,
3994 1592 4044 1643 εί

2475 1686 2574 1755 μὲν
2616 1687 2945 1756 ἀνενόχλητα
3000 1685 3085 1755 εἴη
3139 1686 3232 1737 καὶ
3280 1684 3390 1736 τῶν
3448 1685 3514 1752 τῇ
3567 1682 3727 1749 φύσει
3759 1682 4040 1751 πολεμίων

2472 1779 2895 1847 συμπτωμάτων
2944 1777 3246 1845 περίεστιν,
3274 1776 3414 1844 πρὸς
3464 1774 3748 1843 φωτισμὸν
3777 1774 3878 1843 τὴν
3916 1791 4044 1827 τεσ-

796 1850 1160 1914 illustrentur,
1183 1850 1638 1923 quadragesimus
1670 1854 1781 1925 (18)
1826 1856 1944 1912 dies
1986 1867 2354 1928 exspectetur.

2389 1842 2432 1897 Β
2461 1842 2806 1938 σαρακοστὴν
2853 1842 3071 1938 ἡμέραν
3123 1842 3487 1937 ἐκδέχεσθαιλ
3555 1842 3851 1920 ἀκόλουθον
3905 1868 4040 1938 γάρ.

795 1938 1241 2000 Consentaneum
1300 1956 1536 2012 namque
1606 1951 1725 2008 est,
1782 1956 1841 1999 ut
1897 1949 2357 2016 quemadmodum

2355 1981 2357 2004 ι
2458 1961 2647 2028 ὥσπερ
2694 1959 2753 2010 ἐν
2813 1957 2964 2020 ὅλαις
3010 1957 3249 2028 ἡμέραις
3293 1957 3792 2029 τεσσαράκοντατὸ
3822 1958 4036 2028 πλῆρες

798 2027 942 2083 {etus
997 2029 1361 2101 quadraginta
1414 2031 1525 2100 (I9)
1555 2032 1751 2088 diebus
1814 2036 1865 2087 in
1917 2045 2126 2091 natura:
2159 2046 2359 2094 mater-

2459 2049 2833 2120 ἀπολαμῶνει
2866 2049 2964 2119 τῆς
2995 2048 3331 2118 μορφώσεως
3371 2050 3429 2101 ἐν
3459 2048 3536 2118 τῷ
3563 2047 3666 2116 τῆς
3696 2049 3911 2117 φύσεως
3947 2051 4044 2100 καὶ

799 2129 980 2186 noque
1040 2118 1391 2186 receptaculo
1426 2120 1584 2190 plene
1636 2121 2020 2188 informantur,
2060 2126 2140 2180 sic
2191 2127 2354 2181 etiam

2462 2118 2713 2214 μητρικῷ
2737 2141 2895 2212 οἴκῳ,
2922 2118 3102 2204 οὕτως
3133 2143 3190 2194 ἐν
3214 2143 3314 2210 ἴσῳ
3348 2139 3566 2210 ἀριθμῷ
3595 2139 3816 2209 ἡμερῶν
3845 2140 3926 2202 είς
3949 2141 4043 2193 τὸν

798 2207 855 2260 in
887 2209 1085 2278 aequali
1111 2208 1323 2262 dierum
1350 2225 1582 2267 numero
1622 2212 1676 2266 iu
1707 2213 1902 2268 divinae
1929 2216 2115 2285 gloriae
2145 2219 2361 2274 aeterni.

798 2311 902 2366 que
921 2300 1166 2353 omnium
1212 2300 1390 2357 Patris
1438 2303 1660 2357 domum
1715 2310 2034 2374 procedant.
2073 2311 2130 2364 Si
2179 2320 2360 2367 tamen

796 2396 855 2443 et
906 2398 1102 2444 octavo
1166 2405 1198 2444 a
1251 2403 1411 2459 partu
1442 2392 1549 2457 die,
1610 2393 1884 2462 baptizare
1934 2398 2134 2467 aliquis
2194 2402 2362 2469 volet,

801 2493 976 2548 neque
1005 2480 1056 2533 id
1087 2480 1387 2535 absurdum
1439 2483 1626 2538 fuerit.
1668 2483 1932 2540 Dominus
1995 2491 2140 2542 enim
2177 2501 2363 2548 uoster

798 2567 1056 2622 Christus
1084 2577 1280 2624 octavo
1303 2571 1390 2623 die
1429 2571 1822 2638 circumcisus,
1854 2575 2106 2644 imposito
2133 2578 2365 2633 circum-

797 2657 993 2714 cisioni
1059 2658 1186 2722 line,
1219 2676 1318 2722 pro
1370 2661 1471 2714 hac
1515 2661 1732 2716 vivilico
1793 2665 2118 2732 baptismate
2161 2667 2365 2724 initiari

759 2820 766 2826 _
796 2747 1094 2802 concessit.
1132 2745 1331 2802 Verum
1381 2751 1495 2804 haec
1539 2749 1844 2817 obtineant,
1875 2754 1921 2808 si
1947 2756 2094 2808 nulla
2125 2761 2366 2813 necessi-

801 2846 907 2901 tas,
922 2851 1047 2908 qua:
1065 2845 1298 2892 mortem
1331 2841 1588 2906 minetur,
1614 2844 1863 2899 exsistat.
1895 2845 1962 2899 At
1982 2850 2028 2900 si
2063 2848 2365 2916 periculum

798 2925 1020 2997 aliquod
1051 2943 1337 2997 emergens
1363 2931 1468 2983 vim
1499 2932 1622 2985 vitae
1651 2932 1868 3000 inferat,
1898 2938 2045 2990 omni
2084 2936 2366 3006 diligentia

797 3015 1158 3084 omnibusque
1188 3018 1396 3072 viribus
1428 3020 1590 3072 etiam
1633 3021 1774 3074 intra
1807 3033 2061 3078 octavum
2094 3024 2236 3079 diem
2273 3041 2366 3081 sa-

796 3119 944 3160 cram
973 3107 1229 3161 Iotionem
1248 3110 1428 3178 peragi
1455 3112 1751 3179 Oportebit,
1781 3128 1960 3168 ncnon
2008 3116 2346 3173 illuminatus

797 3209 973 3265 neque
1021 3199 1166 3250 sacri
1225 3198 1453 3262 lavacri,
1485 3207 1649 3270 atque
1683 3206 1819 3257 adeo
1871 3205 2071 3258 summi
2113 3198 2366 3262 bonich

797 3301 920 3355 ρει-ε
949 3297 1138 3357 partus
1168 3286 1415 3343 decedat.

1245 3377 1705 3434 CONSTITUTIO
1739 3380 1926 3435 XVIII.

797 3465 869 3522 ω
917 3466 1126 3536 (20-21)
1176 3469 1232 3522 in
1269 3471 1930 3608 sponsa‘libu(5224:)oristituta
1980 3490 2131 3542 paena
2184 3477 2368 3546 exiga-

1479 3557 1540 3591 ur
1686 3581 1699 3593 .

1479 3557 1540 3591 ur
1566 3557 1699 3593 ίΖΖ).

864 3625 1010 3680 Idem
1062 3627 1359 3693 imperator
1399 3627 1647 3697 Styliano
1685 3630 2150 3686 excellentissimo
2180 3648 2365 3688 sacro-

794 3733 914 3771 rum
950 3719 1247 3772 oﬂiciornm
1276 3719 1560 3786 magistro.

870 3805 930 3862 In
956 3809 1214 3862 omnibus
1258 3811 1422 3863 rebus
1457 3819 1511 3862 et
1541 3808 1705 3864 dictis
1734 3812 1881 3881 quod
1920 3816 2267 3880 praestantius
2295 3816 2365 3870 sit

793 3900 973 3971 seligi,
1029 3901 1535 3968 reprehendendum
1593 3917 1702 3956 non
1733 3913 1834 3958 est.
1868 3905 2045 3974 Atque
2088 3914 2217 3961 tunc
2245 3910 2367 3977 qui-

793 3993 938 4056 dem,
971 3999 1031 4044 ut
1058 3992 1260 4061 aliquid
1307 4007 1540 4060 sequare
1577 4000 1670 4046 aut
1698 3995 2084 4050 declinandum
2119 4013 2364 4066 censeas,

794 4097 901 4135 non
969 4097 1158 4136 eorum
1226 4082 1320 4150 qui
1374 4084 1579 4149 aliquid
1639 4093 1732 4137 aut
1793 4085 2001 4140 faciunt
2028 4097 2122 4141 aut
2152 4089 2362 4154 dicunt,

795 4174 1038 4228 habenda
1069 4174 1211 4227 ratio
1241 4174 1373 4229 :sed
1414 4189 1605 4229 eorum
1641 4191 1762 4245 quae
1800 4177 1939 4230 ﬁunt
1965 4187 2058 4230 aut
2086 4179 2363 4244 dicuntur,

796 4266 1209 4332 cognoscendus
1237 4274 1414 4320 status
1442 4278 1544 4320 est.
1572 4268 1781 4322 Idcirco
1807 4269 1952 4338 quod
1981 4273 2364 4326 consuetudini

796 4356 998 4425 placuit
1013 4365 1070 4407 ut
1087 4357 1139 4408 in
1161 4357 1559 4425 sponsaliorum
1582 4361 2053 4428 reprobationibus
2071 4378 2243 4430 poma:
2261 4366 2360 4417 im-

2459 2229 2606 2287 οῐκον
2615 2235 2715 2303 τῆς
2727 2234 2873 2295 θείας
2887 2231 3045 2300 δόξης
3060 2233 3150 2284 καὶ
3165 2232 3333 2284 ἀϊδίου
3346 2233 3562 2285 πάντων
3576 2231 3863 2300 Πατρὸςτά
3873 2235 4046 2284 τικτό·

2465 2340 2601 2394 μενα
2633 2321 2938 2391 προσιέναι.
2973 2321 3109 2374 Είδέ
3129 2322 3222 2373 καὶ
3251 2324 3316 2390 τῇ
3351 2321 3460 2373 ἀπὸ
3490 2320 3598 2373 τῶν
3630 2320 3839 2373 ὠδίνων
3874 2320 4041 2388 ὀγδόῃ

2465 2414 2710 2484 βούλοιτό
2748 2431 2833 2476 τις
2869 2413 3173 2484 βαπτίζειν,
3221 2413 3342 2465 οὐδὲ
3371 2412 3530 2466 τοῦτο
3579 2414 3800 2469 ἀτοπον.
3847 2411 3906 2465 Ὀ
3931 2412 4043 2482 γάρ

2463 2505 2736 2574 Δεσπότης
2753 2504 2909 2574 ἡμῶν
2926 2504 3158 2572 Χριστὸς
3179 2505 3236 2556 ἐν
3252 2503 3424 2573 ταύτῃ
3448 2519 3607 2574 περιτ
3615 2503 3809 2574 μηθεὶς
3829 2505 3925 2557 καὶ
3940 2503 4042 2572 τὴν

2465 2596 2620 2664 λῆξιν
2642 2599 2706 2666 τῇ
2737 2598 3006 2664 περιτομῇ
3038 2594 3270 2658 ἐπιθεὶς,
3300 2595 3573 2664 παρέσχεν
3599 2594 3722 2647 ἀντὶ
3735 2594 3939 2664 ταύτης
3961 2593 4043 2664 τῷ

2468 2688 2717 2757 ζωοποιῷ
2748 2686 3018 2740 τελεῖσθαι
3067 2686 3425 2757 βαπτίσματι.
3467 2687 3633 2739 Ἀλλά
3682 2687 3856 2741 ταῦτα
3916 2687 4040 2755 μὲν,

2468 2779 2518 2829 εί
2575 2776 2816 2845 μηδεμία
2865 2776 3212 2846 παρέστηκεν
3240 2776 3454 2846 ἀνάγκη
3498 2776 3590 2828 τὸν
3622 2775 3852 2828 θάνατον
3878 2779 4039 2830 ἀπει-

2467 2866 2654 2920 λοῦσω
2687 2870 2736 2920 εί
2761 2867 2818 2918 δέ
2867 2885 2920 2920 τι
2971 2869 3143 2919 δεινὸν
3192 2868 3422 2920 ἐπιστάν
3463 2867 3710 2936 βιάζεται
3741 2869 3838 2937 τὴν
3869 2868 4040 2938 ζωὴν,

2469 2958 2618 3029 πάσῃ
2652 2959 2852 3028 σπουδῇ
2906 2957 3000 3012 καὶ
3022 2957 3248 3026 δυνάμει
3276 2959 3369 3011 καὶ
3399 2959 3497 3027 τῆς
3520 2959 3716 3028 ὀγδόης
3744 2959 3896 3022 ἐντὸς
3915 2960 4042 3028 δεή-

2473 3065 2559 3101 σει
2589 3049 3060 3119 καταπράξασθαι,
3114 3050 3189 3119 μὴ
3237 3049 3542 3118 ἀφώτιστον
3590 3050 3844 3103 ἀπελθεῖν
3902 3052 4040 3121 μηδὲ

2355 3175 2372 3201 ,
2400 3156 2448 3219 c
2475 3140 2570 3194 τοῦ
2625 3142 2769 3195 θείου
2822 3141 3048 3213 λουτροῦ
3102 3144 3198 3195 καὶ
3245 3141 3340 3196 τοῦ
3399 3142 3606 3212 ἀγαθοῦ
3655 3144 3926 3214 ἀμέτογον
3976 3145 4042 3198 τὺ

2467 3231 2659 3302 τεχθέν
2693 3232 2763 3286 ’³.

3000 3411 3310 3467 ΔΙΑΤΑΞΙΣ
3349 3415 3458 3468 IH’.

2467 3497 2608 3564 Περὶ
2638 3499 2745 3552 τοῦ
2788 3500 3167 3555 ἀπαιτεῖσθαι
3205 3504 3271 3556 τὸ
3316 3504 3572 3572 γαμικὸν
3609 3505 3943 3573 πρόστιμον
3968 3506 4038 3560 ’⁵.

2561 3651 2619 3703 Ὀ
2657 3652 2817 3714 αὐτὸς
2865 3653 3124 3722 βασιλεὺς
3173 3655 3447 3726 Στυλιανῷ
3483 3655 3562 3726 τῷ
3611 3658 4041 3728 ύπερφυεστάτῳ

2471 3739 2755 3808 μαγίστρῳ
2787 3739 2899 3792 τῶν
2923 3739 3082 3794 θείων
3111 3742 3404 3810 όφφικίων.

2539 3827 2649 3896 Τὴν
2674 3827 2767 3880 τοῦ
2795 3829 3103 3899 κρείττονος
3131 3831 3359 3902 ἐκλογὴν
3387 3834 3445 3884 ἐν
3473 3834 3607 3886 πᾶσι
3632 3835 3726 3887 καὶ
3751 3837 4039 3906 πράγμασι

2467 3919 2562 3970 καὶ
2626 3919 2806 3985 λόγοις
2863 3922 3135 3974 ποιεῖσθαι
3184 3923 3245 3974 ού
3302 3926 3622 3994 νεμεσητὸν,
3683 3927 3777 3979 καὶ
3805 3929 3928 3980 τότε
3962 3932 4042 4000 μὴ

2469 4008 2605 4077 πρὸς
2638 4009 2761 4071 τοὺς
2790 4014 3352 4081 πραγματευομένους
3399 4015 3431 4084 ἢ
3475 4015 3751 4083 λέγοντας,
3785 4019 3920 4086 πρὸς
3979 4021 4038 4071 δέ

2465 4098 2563 4167 τὴν
2598 4098 2706 4152 τῶν
2741 4103 3130 4170 πραττομένων
3193 4105 3288 4156 καὶ
3333 4105 3643 4174 λεγομένων
3702 4111 4039 4162 κατάστασιν

2465 4189 2499 4260 ἢ
2528 4189 2754 4242 ἕπεσθαι
2781 4191 2813 4258 ἢ
2852 4191 2948 4260 τὴν
2974 4192 3214 4257 ἔγκλισιν
3243 4199 3570 4267 προστιμᾷν.
3629 4199 3726 4251 Διά
3758 4199 3917 4252 τοῦτο
3944 4203 4040 4254 καὶ

2466 4279 2501 4331 ἃ
2531 4282 2595 4350 τῇ
2632 4280 2891 4352 συνηθείᾳ
2919 4283 3114 4351 ἤρεσεν
3148 4286 3206 4336 ἐν
3236 4289 3354 4349 ταῖς
3406 4289 3517 4342 τῶν
3552 4293 3857 4359 μνηστειῶν
3909 4294 4039 4346 ἀθε-

2466 4371 2686 4438 τήσεσιν
2719 4373 3028 4426 ἐπικεῖσθαι
3055 4379 3485 4447 προστιμήματα
3516 4385 3626 4444 τοῖς
3651 4384 3865 4453 ὁρμῶσι
3903 4386 4040 4454 πρὸς

795 4446 1064 4502 minerent
1091 4447 1179 4512 iis,
1206 4448 1297 4516 qui
1325 4451 1618 4516 reprobarc
1643 4452 2011 4517 instituerent,
2039 4464 2093 4506 et
2129 4454 2182 4506 id
2215 4455 2268 4507 in
2295 4455 2366 4508 lc-

2355 4484 2366 4496 -
2397 4480 2440 4533 ι)
2468 4461 2566 4530 τὴν
2597 4461 2873 4532 ἀθέτησιν,
2932 4464 3026 4516 καὶ
3056 4465 3225 4518 ταῦτα
3255 4471 3332 4531 εἰς
3366 4471 3531 4539 νόμου
3570 4472 3915 4543 καθιστῶμεν
3956 4493 4040 4527 τι-

794 4538 878 4607 gis
897 4540 1277 4593 auctoritatem
1313 4541 1665 4594 collocamus.
1697 4542 1948 4596 Arbitror
1971 4544 2115 4597 enim
2150 4546 2200 4598 id
2219 4545 2364 4615 quod

2469 4551 2596 4619 μήν.
2654 4547 2824 4621 Οἶμαι
2882 4552 2989 4623 γὰρ
3045 4555 3137 4608 τοῦ
3187 4559 3278 4609 ἐπὶ
3301 4561 3421 4622 ταῖς
3471 4562 3750 4624 τοιαύταις
3806 4567 4041 4634 πράξεσι

792 4627 1177 4683 consuetudini
1209 4630 1387 4682 visum
1435 4639 1540 4693 est,
1573 4645 1637 4684 ea
1669 4631 1786 4700 lege
1809 4647 1930 4700 quae
1963 4633 2031 4686 de
2057 4634 2366 4703 hujusmodi

2355 4638 2368 4691 't
2467 4639 2722 4709 κειμένου
2771 4643 2937 4711 νόμου
2985 4645 3060 4714 μὴ
3106 4647 3286 4716 χεῖρον
3319 4647 3463 4717 ἔχειν
3503 4651 3564 4704 τὸ
3604 4627 4035 4725 δεδογμένονὴτῇ

795 4717 956 4771 rebus
989 4718 1096 4770 lata
1133 4725 1272 4779 crat,
1322 4718 1458 4771 nihil
1508 4719 1925 4788 improbabilius
1979 4739 2125 4786 esse,
2186 4739 2249 4780 ac
2282 4743 2366 4782 res

2355 4745 2369 4782 ἰ
2468 4733 2747 4805 συνηθείᾳ,
2797 4735 2934 4787 ἀλλά
2990 4738 3085 4789 καλ⁵
3138 4739 3217 4800 είς
3265 4740 3326 4793 τὸ
3381 4742 3606 4811 ἄμεινον
3645 4717 3944 4816 ἀναιρέρειν
3972 4717 4039 4799 τά

791 4808 942 4876 ipsas
998 4809 1202 4863 referre
1226 4811 1280 4862 in
1316 4809 1533 4863 melius.
1592 4811 1726 4863 Nam
1754 4827 1878 4864 cum
1913 4812 1993 4866 lcx
2027 4815 2203 4868 ari-liae
2251 4832 2370 4887 pcr-

789 4899 1017 4963 ditione,
1075 4911 1170 4953 aut
1191 4901 1247 4954 in
1279 4900 1502 4970 duplum
1531 4900 1644 4970 (15)
1678 4903 2032 4960 restitutione
2071 4909 2254 4961 solum
2285 4919 2369 4962 te-

2473 4824 2791 4893 πράγματα.
2816 4825 2921 4878 Τοῦ
2956 4828 3063 4896 γὰρ
3085 4829 3251 4898 νόμου
3285 4831 3342 4884 ἐν
3395 4834 3529 4903 μόνῃ
3568 4838 3634 4904 τῇ
3665 4835 3758 4887 τοῦ
3780 4837 4038 4907 ἀρραϐῶ-

2469 4931 2557 4976 νος
2587 4915 2831 4987 ἀπωλείᾳ
2860 4917 2894 4988 ἢ
2929 4917 3090 4990 διπλῇ
3121 4921 3374 4975 ἀποδόσει
3411 4925 3732 4990 κολάζοντος
3768 4928 3871 5000 τὴν
3905 4946 4039 4999 προ-

2138 4997 2366 5055 VARI/3
2408 5003 2810 5060 LECTIONES.

893 5078 2465 5182 fiﬂflﬁ‘i‘i’ﬁﬂ'ﬁ'“L?S:E.ER"BP}:'?;.E9ﬁfltsscril’1m
2494 5099 2665 5182 siser:
2718 5101 3099 5182 βιειιιιειρυεεμ
3127 5107 3374 5182 eum
3403 5111 3567 5171 ὅπως·
3653 5113 3699 5143 ’⁸
3723 5111 4035 5182 Stephanus

789 5158 844 5226 et
875 5151 1122 5218 Agylwns
1145 5154 1432 5226 ἐγκρατες.
1481 5154 1526 5226 ’ξ
1568 5153 1757 5226 Ζιιὶειι.
1787 5151 2228 5226 συστελλομένου.

792 5218 1088 5275 Meenttan.
1110 5218 1231 5276 cod.
1253 5218 1437 5278 τεθέν.
1508 5224 1556 5260 ’⁸
1577 5225 1675 5278 Est
1702 5226 1758 5279 in
1793 5224 1907 5279 Ecl.
1966 5218 2101 5281 Nov.

2305 5167 2843 5248 ".Excidttverbnm
2883 5167 3291 5248 aliquiil,_lorte_
3311 5167 3589 5248 ἀπείργει.
3679 5167 4034 5239 “Zn'tcbaet

2148 5230 2211 5285 10
2237 5239 2291 5285 et
2325 5236 2524 5288 citatnr
2555 5239 2623 5292 ab
2646 5230 2989 5311 llarmenop:
3011 5230 3166 5309 ιν,ἰ.

2347 5326 2580 5383 NOT/E.

862 5403 974 5471 (18)
1007 5402 1114 5456 Leo
1147 5417 1350 5485 monet,
1382 5423 1491 5485 non
1522 5419 1704 5485 tamen
1739 5410 1917 5485 jubet,
1944 5413 2009 5466 ad
2039 5415 2349 5485 quadrage-

793 5474 990 5552 simum
1026 5489 1199 5552 usque
1218 5475 1360 5552 diem
1416 5474 1754 5552 baptismum
1805 5481 2009 5537 dill'erri
2037 5474 2091 5536 iit
2121 5474 2346 5552 inﬁnite,

793 5544 895 5595 nisi
924 5559 1075 5602 mors
1099 5545 1290 5598 infanti
1326 5544 1629 5600 immineat.

2457 5491 2541 5544 tit.
2583 5494 2667 5556 Il,

2527 5423 2737 5548 (ἓξ)ίὲίέ
2767 5424 2954 5548 [assint
3014 5430 3263 5500 Epitome
3294 5435 3436 5503 apud
3483 5435 3948 5509 HarmenOpnluin
3977 5444 4031 5496 Δ»

2523 5562 2636 5646 ςξῖ)
2677 5562 2732 5617 δι
2769 5567 2843 5619 ita
2889 5574 2995 5632 est,
3058 5568 3372 5639 abrogatur,
3437 5576 3472 5630 Ι.
3498 5577 3619 5646 134,
3675 5577 3730 5633 θ’.
3768 5579 3838 5636 dc
3875 5581 4033 5637 verb.

869 5612 978 5699 (I19)
1013 5614 1560 5699 Qna‘dra'gesimodie
1587 5627 1777 5699 partus
1824 5620 2116 5699 formatur,
2144 5635 2202 5675 nt
2232 5625 2344 5699 dixi
2452 5612 2616 5699 obiigv.

790 5681 856 5733 ed
887 5682 922 5733 ι.
948 5686 1077 5765 5,-ιιι
1108 5685 1200 5763 lin._
1221 5681 1276 5738 ίῩ.
1297 5685 1364 5740 de
1409 5687 1554 5765 suis;
1576 5681 1725 5765 Adde
1762 5693 1813 5765 l._
1838 5691 1928 5765 ξιξ),
1961 5692 2016 5747 II.
2052 5681 2118 5748 de
2144 5697 2342 5765 metris,

792 5769 854 5806 va
881 5755 1300 5826 quadragesimo
1324 5772 1492 5824 nono,
1525 5759 1581 5823 5,
1605 5757 1742 5812 Gell.
1795 5761 1862 5818 10

2516 5702 2641 5773 {(23)
2667 5700 2794 5761 Vid.
2827 5706 2866 5761 l.
2895 5707 2951 5774 5,
2980 5707 3044 5765 C.
3073 5709 3140 5768 dc
3165 5713 3472 5784 sponsalib.
