4248 6442
682 5238 685 5241 _
768 5184 829 5253 if;
846 5174 1076 5253 Σεῖραι-ιιι.
1136 5174 1515 5253 ἐξοστρακίζον
1530 5243 1553 5253 ᾳ
1571 5174 1650 5253 τῷ
1666 5174 1774 5253 ’δόγ

772 372 877 434 463

1994 374 2219 431 LEONI
2253 374 2376 431 Plll
2390 372 2709 432 LOSOPIII

3891 373 4000 435 464

772 506 895 544 eum
922 490 1145 552 invenit,
1180 498 1237 543 ut
1262 488 1635 557 susciperetur
1677 506 1690 540 :
1725 486 1918 540 nedum
1962 487 2067 540 vim
2095 488 2329 555 aliquam
2362 491 2407 544 Α
2436 504 2449 554 ι

2325 508 2329 538 ι
2362 491 2407 544 Α
2436 487 2604 554 ρέσει,
2650 489 2846 542 οὔκουν
2875 486 2996 541 οὐδὲ
3024 488 3086 540 τὸ
3132 490 3354 557 ἐνεργὸν
3403 489 3496 541 καὶ
3522 488 3837 558 ἔμπρακτον
3884 489 4002 557 εχει

770 592 826 635 ct
849 578 1161 635 efﬁcaciam.
1208 577 1502 633 Contraria
1532 579 1677 632 enim
1710 580 1901 632 statuit
1936 580 2193 640 naturali,
2215 593 2337 645 quae

774 686 802 727 a
824 671 1138 741 parentibus
1166 671 1353 725 liberis
1370 670 1620 733 debetur,
1644 668 2023 738 :equahilitali,
2043 668 2110 721 ad
2122 685 2337 723 versus-

773 778 877 830 que
932 762 1095 815 filium
1126 764 1267 832 patri
1291 764 1358 817 ad
1383 761 1726 830 iniquitatem
1763 761 2057 814 fenestram
2103 762 2279 829 aperit
2316 778 2330 814 :

773 853 903 918 quin
939 862 991 906 ct
1023 864 1298 922 parentem
1339 862 1395 906 ut
1421 853 1495 906 illi
1552 867 1759 906 morem
1796 858 1947 919 gerat.
1986 852 2334 915 obstrictum,

778 944 1060 995 utendaeio
1112 945 1345 1012 doloque
1400 945 1693 997 obnoxium
1746 944 1922 1009 facit),
1956 951 2334 1012 posteaquam,

779 1036 1025 1101 inquam,
1087 1034 1710 1104 istiusmmliﬁquamdam
1743 1050 1865 1088 esse
1889 1035 2060 1103 legem
2086 1034 2335 1088 animad-

778 1126 1058 1187 vertimus,
1108 1124 1323 1178 tametsi
1350 1123 1512 1177 etiam
1565 1132 1691 1176 ante
1720 1133 1963 1176 nostram
1993 1124 2336 1177 sanctionem

776 1215 945 1283 ipsam
982 1231 1047 1269 ne
1078 1214 1471 1283 susciperetur,
1530 1214 1823 1267 excluserit
1878 1214 2186 1268 communis
2235 1214 2337 1267 ho-

775 1311 975 1359 ntinum
1038 1309 1328 1358 voluntas:
1369 1314 1550 1359 tamen
1602 1319 1703 1358 nos
1735 1304 2091 1360 nihilominus
2121 1319 2335 1358 omnem

774 1396 846 1447 ilii
874 1411 1098 1463 prorsus
1130 1395 1465 1450 [unctionem
1491 1404 1544 1448 et
1569 1410 1726 1447 usum
1755 1396 1976 1449 decreto
2019 1394 2334 1450 adimimus.

770 1488 837 1537 At
857 1487 983 1551 quid
1009 1485 1182 1539 dicit?
1208 1484 1457 1547 Etiamsi,
1492 1485 1685 1553 inquit,
1710 1494 1883 1553 pater,
1915 1500 2036 1538 cum
2065 1486 2117 1538 in
2146 1487 2336 1539 matri-

774 1576 1013 1626 monium
1074 1574 1369 1627 collocaret
1410 1573 1619 1635 filium,
1662 1574 1811 1625 illum
1871 1581 1990 1641 post
2047 1575 2336 1629 decessum

771 1682 930 1719 suum
961 1680 1027 1719 ex
1064 1680 1219 1735 aqua
1265 1672 1420 1734 parte
1464 1678 1588 1718 cum
1631 1664 1753 1717 aliis
1790 1663 2051 1718 fratribus
2085 1673 2338 1732 paterno-

772 1772 892 1809 rum
932 1758 1196 1810 bonorum
1258 1757 1524 1811 ha3redem
1564 1754 1680 1809 fore
1734 1766 1892 1822 pacto
1921 1757 2250 1823 promiserit,
2279 1756 2333 1808 in

774 1855 1041 1914 potestate
1101 1857 1282 1905 tamen
1339 1847 1510 1908 illius,
1577 1846 1622 1900 si
1676 1847 1828 1909 vt-lit,
1881 1848 2004 1905 erit,
2035 1855 2089 1896 ut
2114 1856 2330 1913 paetum

771 1939 1036 2009 ejusmodi
1095 1940 1348 2010 negligat,
1403 1938 1634 2007 aliisque
1676 1938 1861 1990 liberis
1897 1937 2128 2004 amplius
2172 1936 2334 1989 attri-

772 2031 921 2095 buat,
969 2040 1023 2083 et
1052 2031 1126 2083 illi
1181 2030 1269 2084 cui
1321 2044 1533 2098 mquam
1583 2028 1885 2096 portionem
1915 2030 1968 2081 iu
2024 2027 2335 2082 luereditate

771 2132 987 2190 pactum
1012 2121 1365 2182 concedebat,
1399 2121 1662 2173 minorem
1695 2120 1959 2188 assignet.
2013 2117 2125 2170 Huc
2151 2119 2335 2185 itaque

770 2228 1081 2281 quanquam
1114 2212 1314 2280 alioqui
1352 2209 1648 2279 (quomodo
1678 2209 1938 2276 diximus)
1974 2209 2025 2261 in
2055 2209 2329 2277 republica

771 2301 974 2354 uullmu
1014 2302 1190 2356 locum
1246 2299 1463 2362 habeat,
1509 2308 1696 2350 nostro
1734 2296 1899 2349 etiam
1931 2296 2150 2347 decreto
2186 2294 2334 2345 velut

771 2393 827 2445 itt
855 2392 1077 2446 exilium
1105 2390 1393 2461 deiectum,
1454 2387 1711 2442 omnibus
1745 2385 1924 2439 modis
1948 2386 2001 2439 in
2028 2384 2331 2454 rempubli-

768 2497 888 2537 cam
921 2482 1172 2551 ingressu
1208 2481 1585 2551 prohibemus.

841 2572 1143 2626 Statuimus
1194 2586 1344 2637 vero,
1380 2582 1438 2629 ut
1470 2582 1754 2640 parentum
1791 2570 1903 2640 (29)
1930 2584 2089 2624 nemo
2114 2569 2239 2636 jura
2273 2568 2334 2621 fi-

771 2666 991 2729 liorum,
1016 2665 1215 2733 quibus
1235 2679 1359 2718 cum
1413 2664 1638 2733 reliquis
1664 2665 1852 2718 liberis
1871 2663 2133 2732 atqualcm
2162 2663 2334 2716 luere-

770 2756 957 2810 ditatis
996 2756 1297 2825 portiouem
1342 2762 1617 2809 servatum
1651 2756 1716 2807 iri
1749 2756 1803 2808 in
1832 2754 2169 2822 nuptialibus
2202 2768 2335 2806 cun-

772 2848 1038 2902 tractibus
1067 2847 1481 2917 spoponderint,
1512 2847 1776 2900 innovare
1806 2854 1998 2900 tentet.
2032 2843 2101 2898 At
2124 2843 2171 2898 si
2210 2843 2335 2913 quis

772 2935 1051 3003 pactiones
1081 2950 1209 2989 suas
1240 2935 1544 3004 aspernari,
1575 2944 1628 2989 et
1655 2934 1822 2997 illius,
1851 2934 1940 2987 cui
1971 2932 2334 2995 tantumdem,

771 3032 1035 3094 quantum
1072 3026 1162 3077 alii
1195 3024 1391 3079 fratres
1407 3025 1643 3079 habituri
1668 3032 1817 3087 sunt,
1849 3024 2183 3093 promiserit,
2213 3040 2337 3090 por-

2440 581 2711 653 (βούλεται
2767 582 2865 650 μὲν
2907 582 3127 634 ἐναντία
3170 581 3267 649 τῆς
3308 579 3545 647 φυσικῆς
3604 578 3757 648 παρά
3793 579 4003 646 γονέων

2437 672 2648 733 τέκνοις
2690 670 3042 739 ὀφειλομένης
3098 670 3412 738 ίσονομίας,
3472 668 3764 730 ἀδικίαςδέ
3827 669 4003 739 θύραν

2436 762 2688 829 ἀνοίγειθ
2740 762 2879 814 κατὰ
2930 759 3025 813 τοῦ
3084 759 3273 821 παιδὸς
3300 758 3378 828 τῷ
3419 760 3606 829 πατρὶ,
3637 759 3700 810 οὐ
3752 758 3912 826 μόνον
3942 758 4003 810 δὲ

2436 853 2572 909 ἀλλά
2620 854 2713 906 καὶ
2762 854 2853 905 τὸν
2908 852 3102 920 ἐκείνῳ
3141 851 3451 919 ὑπαχθέντα
3507 849 3789 917 πεισθῆναι
3838 848 4005 917 γονέα

2437 946 2663 1014 ψεύδους
2691 945 2784 997 καὶ
2814 943 3029 1011 ἀπάτης
3061 944 3217 1012 ἐνοχῇ
3276 941 3614 1011 περιϐάλλει)
3644 957 3657 970 ·
3695 942 3834 994 ἀλλά
3891 941 4006 1011 γὰρ

2438 1040 2562 1091 ἐπεὶ
2592 1036 2832 1090 τοιοῦτόν
2884 1050 3005 1087 τινα
3062 1035 3493 1103 κατενοήσαμεν,
3551 1034 3600 1086 εί
3626 1033 3719 1085 καὶ
3744 1032 3850 1101 πρδ
3902 1029 4001 1083 τοῦ

2438 1127 3099 1202 ἡμετέρουιθεσπίσματος
3134 1127 3457 1179 ἀπέκλεισεν
3497 1128 3517 1157 ⁷
3568 1126 3716 1197 αὐτῷ
3767 1126 3869 1194 τὴν
3898 1141 4002 1177 πα-

2439 1222 2670 1292 ραδοχὴν
2733 1221 2827 1273 καὶ
2863 1219 3002 1289 αὐτὴ
3050 1218 3160 1272 τῶν
3217 1218 3522 1285 ἀνθρώπων
3567 1220 3599 1286 ἡ
3651 1217 3999 1286 προαίρεσις,

2437 1313 2584 1383 ὅμως
2615 1312 2709 1365 καὶ
2729 1314 2890 1383 ήμεῖς
2908 1311 3135 1378 δόγματι
3158 1311 3238 1367 είς
3266 1306 3504 1375 παντελῆ
3538 1307 3699 1360 αὑτὸν
3724 1305 3999 1375 ἀπραξίαν

2440 1406 2828 1475 περιιστῶμεν.
2864 1402 2928 1455 Τί
2960 1402 3069 1469 γάρ
3100 1416 3269 1467 φησι;
3307 1400 3427 1452 Κᾶν
3454 1400 3791 1467 συμφωνήσῃ
3822 1396 4002 1463 πατὴρ

2438 1494 2676 1556 ἐκδιδοὺς
2696 1494 2831 1563 πρὸς
2860 1493 3033 1560 γάμον
3062 1491 3249 1553 παῖδα,
3278 1488 3420 1541 ὥστε
3473 1488 3616 1558 μετά
3646 1488 3744 1558 τὴν
3801 1485 4001 1539 ἑαυτοῦ

2438 1587 2498 1650 ἐξ
2552 1584 2854 1654 ἀνθρώπων
2908 1581 3255 1652 ἀναχώρησιν
3303 1580 3575 1650 ἰσομοιρίᾳ
3604 1578 3741 1647 μετὰ
3770 1578 3879 1630 τῶν
3909 1577 4001 1629 ἀ).-

2437 1676 2544 1728 λων
2566 1673 2811 1739 ἀδελφῶν
2857 1672 2956 1741 τὴν
2996 1669 3265 1742 πατρικὴν
3316 1668 3737 1739 διακληροῦσθαι
3776 1683 4000 1737 περιου-

2439 1768 2581 1829 σίαν,
2616 1766 2804 1833 κύριός
2838 1766 2953 1816 ἐστι
2994 1762 3279 1832 βουληθεὶς
3305 1762 3393 1825 ἶτὸ
3430 1760 3671 1813 τοιοῦτον
3709 1758 4002 1827 σύμφωνον

2437 1857 2741 1927 ἀτιμάζειν,
2792 1856 2890 1908 καὶ
2926 1856 3042 1915 τοῖς
3077 1854 3177 1921 μὲν
3220 1851 3399 1912 ἄλλοις
3432 1849 3541 1902 τῶν
3580 1848 3788 1901 παίδων
3815 1849 4003 1915 νεῖμαι

2431 1951 2493 2002 τὸ
2521 1949 2703 2009 πλέον,
2733 1947 2927 2016 ἐκείνῳ
2962 1945 3021 1999 δέ
3044 1938 3165 2012 ᾦτδ
3190 1944 3302 1995 ίσον
3325 1940 3658 2011 κληροῦσθαι
3684 1938 3856 1992 ἐδίδου
3883 1938 3907 1969 ⁸
3944 1938 4006 1990 τὸ

2436 2042 2724 2109 σύμφωνον
2744 2038 2953 2091 ἐλάττω
2989 2037 3215 2103 ποιῆσαι
3259 2036 3357 2103 τὴν
3389 2035 3605 2101 μοῖραν.
3646 2029 3862 2082 Τούτων
3903 2028 4005 2097 μὲν

2432 2134 2526 2186 οὖν
2558 2132 2746 2201 ὥσπερ
2772 2130 2982 2198 ἔφημεν
3005 2126 3100 2180 καὶ
3131 2126 3305 2185 ἄλλως
3326 2124 3387 2176 ού
3428 2121 3881 2189 πολιτευομένων,
3906 2117 4003 2171 καὶ

2433 2224 2686 2294 ἡμετέρῳ
2752 2218 3229 2287 ἐξοστρακίζοντες
3283 2217 3304 2247 ⁹
3356 2214 3587 2282 δόγματι
3649 2210 4003 2265 παντάπασιν

2433 2312 2581 2384 αὐτῷ
2600 2313 2699 2382 τὴν
2724 2312 2804 2371 είς
2834 2309 2932 2379 τὴν
2952 2306 3225 2361 πολιτείαν
3249 2304 3530 2374 κωλύομεν
3569 2302 3823 2373 πάροδον.

2507 2582 2848 2652 Θεσπίζομεν
2870 2582 2915 2613 ¹⁶
2939 2579 2996 2633 δέ
3022 2576 3227 2650 μηδένα
3287 2577 3395 2627 τῶν
3441 2573 3644 2642 γονέων
3704 2570 4005 2639 ἐπιχειρεῖν

2434 2677 2502 2728 τά
2527 2677 2710 2727 δίκαια
2741 2673 2852 2726 τῶν
2887 2671 3096 2725 παίδων
3132 2667 3497 2734 καινοτομεῖν,
3539 2666 3681 2725 ὅσοις
3718 2662 3783 2714 ἂν
3810 2663 3864 2711 ὲν
3885 2662 4005 2721 τοῖς

2436 2766 2726 2836 γαμηλίοις
2785 2762 3246 2830 καθωμολόγησαν
3277 2760 3319 2789 ¹¹
3384 2754 3731 2819 συμϐολαίοις
3776 2753 3836 2804 το
3888 2752 4006 2802 ἴσον

2435 2853 2826 2925 διατηρηθῆναι
2892 2851 2987 2905 τοῦ
3023 2851 3228 2919 κλήρου
3288 2847 3423 2917 πρὸς
3451 2844 3578 2907 τοὺς
3628 2842 3846 2905 λοιποὺς
3893 2840 4005 2893 τῶν

2437 2945 2679 2996 παίδωνσ
2742 2940 2818 3003 ὡς
2881 2941 2934 2991 εῐ
2990 2954 3073 3000 τις
3110 2936 3299 3004 ὀφθείη
3357 2934 3466 2986 τῶν
3528 2930 3671 2983 ίδίων
3723 2927 4008 2995 συνθηκῶν

2438 3034 2736 3103 ἀλογήσας,
2767 3030 2860 3084 καὶ
2885 3026 3195 3098 παρασπῶν
3223 3026 3361 3096 πρὸς
3418 3023 3478 3075 τὸ
3524 3023 3743 3074 ἔλαττον
3790 3017 4005 3071 ἐκείνου

771 3118 908 3172 tioni
960 3117 1246 3171 detrahere
1297 3123 1613 3185 compertus
1644 3116 1827 3178 fuerit,
1885 3116 2026 3171 sciat
2057 3116 2125 3178 is,
2160 3114 2336 3184 pmui-
2367 3140 2410 3196 ο
2441 3144 2448 3159 ι

2329 3143 2336 3154 ·
2367 3140 2410 3196 c
2441 3125 2537 3196 τὴν
2565 3124 2776 3194 μερίδα,
2794 3118 3313 3191 ᾧκαθωμολόγησεν
3341 3118 3421 3178 είς
3443 3114 3503 3167 τδ
3546 3115 3658 3166 ἴσον
3689 3113 3801 3173 τοῖς
3822 3109 4006 3172 ἄλλοις

772 3207 942 3261 tentia
965 3215 1228 3261 mutatam
1254 3208 1588 3260 voluntatem
1623 3206 1921 3261 invalidam
1952 3214 2117 3275 atque
2142 3220 2335 3259 vanam

772 3298 1095 3353 habendam.
1121 3297 1197 3351 Ex
1252 3315 1408 3368 aequo
1460 3299 1605 3353 enim
1636 3313 1757 3351 cum
1789 3298 1910 3351 aliis
1957 3297 2221 3351 fratribus
2251 3313 2340 3351 se-

771 3387 1010 3441 cundum
1060 3390 1251 3442 initum
1305 3398 1523 3457 paetum
1563 3388 1707 3442 filius
1751 3388 1805 3441 in
1866 3387 2007 3442 bona
2061 3386 2337 3443 succedet.

770 3479 958 3552 Neque
1022 3496 1153 3535 vero
1216 3482 1556 3534 mendacium
1631 3481 1844 3535 veritati
1919 3480 2163 3549 praeferri
2232 3482 2339 3535 ulla

772 3572 911 3626 ratio
948 3570 1177 3640 patitur,
1237 3586 1337 3626 nec
1387 3586 1601 3640 aequum
1650 3580 1754 3636 est,
1812 3587 1988 3641 neque
2030 3572 2339 3626 rationabili

770 3663 1266 3717 animaliconvenit
1300 3672 1457 3732 pacta
1488 3664 1692 3733 (ὅθ-51)
1725 3675 1990 3720 conventa
2024 3664 2340 3733 perimpro-

773 3752 1047 3808 halionem
1079 3751 1394 3806 adulterari.
1432 3752 1809 3821 Atquisiquid
1840 3752 2008 3815 aliud,
2053 3755 2155 3807 hoc
2194 3761 2343 3808 certe

771 3844 1045 3898 hominem
1085 3844 1234 3899 decet
1261 3844 1397 3911 (5i),
1433 3854 1490 3897 ut
1518 3845 1699 3899 verbis
1736 3846 1852 3899 suis
1878 3845 2036 3899 fidem
2075 3854 2293 3914 praestet
2319 3884 2337 3907 ,

771 3932 874 3989 nisi
908 3933 1211 3987 mendaciis
1270 3934 1553 3987 veritatem
1600 3936 2007 4003 corrumpendo
2042 3936 2342 3989 destitutus

771 4022 1002 4085 ratione,
1055 4038 1243 4076 eorum
1301 4025 1446 4088 albo,
1497 4040 1617 4094 qua:
1685 4027 1900 4079 ratione
1936 4026 2161 4096 praedita
2213 4035 2344 4080 sunt

776 4112 1030 4169 excidere
1081 4112 1229 4167 velit.
1292 4112 1550 4180 Quiuimo
1611 4130 1709 4170 nec
1758 4116 1887 4170 illud
1914 4124 2341 4171 consentaneum

778 4214 885 4269 est,
920 4213 978 4259 ut
1010 4214 1262 4274 parentes
1312 4206 1381 4262 lis
1404 4208 1495 4277 qui
1522 4209 1726 4275 pariter
1775 4223 1843 4262 ex
1876 4208 2011 4275 ipsis
2050 4210 2163 4262 nati
2194 4218 2342 4276 sunt,

773 4310 881 4350 non
948 4312 1132 4366 parem
1193 4314 1382 4352 curam
1440 4300 1772 4361 exhibeant,
1826 4315 2006 4369 neque
2062 4303 2344 4371 aequabili-

775 4396 855 4442 ter
895 4388 1141 4457 ipsorum
1200 4391 1325 4444 vita:
1382 4390 1716 4459 prospiciam
1756 4409 1770 4445 :
1809 4391 1904 4444 sed
1954 4392 2091 4447 alios
2123 4393 2341 4461 quidem

2438 3218 2530 3269 τὸν
2552 3215 2778 3281 ἀδελφὸν
2806 3215 2851 3245 ¹¹
2882 3213 3047 3276 ἕξειν,
3091 3212 3243 3272 ἴστω,
3284 3207 3359 3269 ὡς
3398 3207 3597 3273 ἄκυρος
3659 3202 3806 3271 αὐτῷ
3839 3202 3883 3233 ¹³
3911 3201 4010 3252 καὶ

2444 3307 2645 3377 ματαία
2673 3306 2708 3372 ή
2734 3302 3178 3372 ἐκὶμεταμελείας
3200 3298 3449 3368 βούλησις
3475 3313 3489 3325 ·
3514 3298 3570 3347 ἐν
3592 3296 3689 3362 ἴσῳ
3700 3292 3807 3363 γὰρ
3831 3294 3858 3343 ὁ
3875 3292 4009 3350 παῖς

2439 3401 2553 3462 τοῖς
2585 3398 2763 3459 ἀλλοις
2781 3395 3029 3463 ἀδελφοῖς
3049 3392 3190 3445 κατά
3216 3390 3278 3441 τὸ
3298 3386 3568 3457 προλαῶν
3588 3384 3879 3452 σύμφωνον
3904 3381 4010 3448 τὴν

2443 3488 2760 3558 περιουσίαν
2778 3484 2968 3553 διακλη
2978 3481 3229 3552 ρώαεται.
3245 3481 3319 3534 Οὐ
3337 3478 3444 3547 γάρ
3465 3477 3528 3546 δὴ
3550 3476 3596 3507 ¹⁵
3614 3473 4011 3544 προτιμότερον

2441 3579 2540 3646 τῆς
2586 3576 2846 3646 ἀληθείας
2890 3572 3164 3626 ποιεῖσθαι
3220 3568 3444 3635 εὔλογον
3508 3564 3570 3618 τὸ
3626 3562 3823 3632 ψεῦδος
3849 3600 3865 3624 ,
3896 3558 4011 3611 οὐδ’

2442 3671 2663 3740 ἔννομον
2713 3667 2825 3720 οὐδ’
2870 3664 3113 3734 ἁρμόζον
3150 3658 3357 3728 λογικῷ
3416 3657 3539 3723 ζώῳ
3592 3654 3688 3717 τὰς
3720 3653 3857 3714 ἰδίας
3899 3649 4013 3703 τῶν

2444 3761 2616 3828 λόγων
2639 3756 2928 3828 ὁμολογίας
2968 3754 3035 3807 δι’
3074 3752 3385 3821 ἀθετήσεως
3447 3745 3786 3814 κιϐδηλεύειν
3819 3758 3832 3771 ·
3891 3741 4014 3795 ἀλλ’

2444 3852 2603 3921 εἴπερ
2624 3867 2677 3901 τι
2707 3847 2836 3902 ἀλλο
2859 3845 3020 3898 τοῦτο
3054 3842 3264 3913 πρέπον
3292 3837 3570 3908 ἀνθρώπῳ
3596 3836 3886 3904 φυλάττειν
3915 3831 4013 3883 λό-

2444 3959 2543 4010 γου
2582 3940 2861 4009 ἀλήθειαν,
2894 3938 3029 4004 εἴγε
3048 3936 3123 4003 μὴ
3163 3932 3346 4003 μέλλοι
3389 3932 3448 3982 ἐν
3489 3929 3565 3995 τῷ
3592 3926 3934 3994 διαφθείρειν
3968 3926 4016 3958 ¹¹

2443 4032 2627 4102 ψεύδει
2656 4030 2717 4083 τὸ
2776 4027 2975 4095 ἀληθὲς
3040 4026 3246 4095 ἔρημος
3309 4021 3468 4087 λόγου
3508 4019 3791 4084 γινόμενος
3830 4014 3941 4067 ἀπὸ
3972 4012 4018 4043 ⁸⁸

2444 4123 2666 4191 λογικῆς
2703 4120 2957 4173 ἐκπεσεῖν
2973 4116 3199 4179 τάξεως.
3242 4112 3315 4165 Οὐ
3377 4110 3484 4181 μὴν
3516 4107 3629 4162 οὐδ’
3662 4107 3840 4158 ἐκεῖνο
3866 4103 4018 4165 είκδς

2442 4215 2505 4269 τὸ
2543 4214 2672 4283 περὶ
2713 4212 2838 4273 τοὺς
2895 4210 3025 4270 ἴσως
3076 4204 3344 4274 ἐκφύντας
3400 4203 3476 4273 μὴ
3503 4202 3629 4268 ἴσην
3665 4200 3794 4260 τοὺς
3816 4196 4019 4263 γονέας

2443 4304 2752 4363 δείκνυσθαι
2791 4304 2834 4337 ³⁷
2869 4301 3126 4371 πρόνοιαν
3167 4297 3301 4368 μηδὲ
3328 4296 3457 4365 περὶ
3494 4296 3593 4362 τῆς
3615 4291 3841 4344 ἐκείνων
3870 4288 4021 4357 ζωῆς

2445 4397 2643 4466 ὁμοίως
2668 4391 2992 4463 φροντίζειν,
3045 4390 3181 4443 ἀλλὰ
3212 4388 3341 4450 τοὺς
3382 4385 3480 4455 μὲν
3534 4383 3741 4435 ἐθέλειν
3771 4379 4021 4449 εὐπορώ-

774 4480 1057 4534 uberiores
1079 4479 1370 4535 facultates
1399 4481 1619 4545 habere,
1644 4482 1769 4535 aliis
1790 4497 1922 4535 vero
1940 4483 2073 4537 nihil
2090 4497 2335 4552 parcere,
2369 4477 2417 4535 ι)
2441 4508 2451 4524 ι

2369 4477 2417 4535 D
2441 4505 2599 4560 τερον
2623 4488 2765 4555 ἔχειν
2808 4484 2944 4553 βίον,
2969 4482 3076 4534 τῶν
3096 4482 3153 4533 δὲ
3180 4481 3254 4549 μὴ
3290 4476 3577 4547 φείδεσθαι
3600 4474 3645 4505 ¹⁸
3676 4471 4019 4543 μηδόίκτεί-

772 4586 949 4640 neque
983 4572 1197 4627 illorum
1252 4574 1519 4635 misereri,
1562 4574 1777 4627 tametsi
1812 4574 2003 4642 inopes
2032 4575 2087 4628 iu
2121 4575 2341 4631 miseria

772 4664 970 4717 victuri
1003 4666 1135 4730 sint,
1166 4666 1356 4719 velint.
1401 4665 1669 4718 Caeterum
1696 4680 1912 4734 aequum
1950 4678 2035 4720 est
2060 4675 2118 4719 ut
2144 4682 2344 4737 quem-

773 4755 1064 4809 admodum
1113 4756 1373 4810 omuibus
1430 4756 1621 4810 liberis
1648 4771 1712 4809 ex
1747 4772 1907 4825 isquo
1942 4759 2108 4811 vitam
2143 4758 2346 4829 imper-

775 4842 1031 4910 titisunt,
1073 4846 1146 4899 ita
1178 4846 1433 4900 etiamad
1476 4847 1615 4899 hanc
1673 4845 1961 4902 facultates
2021 4847 2343 4917 impertian-

2442 4596 2575 4651 ρειν,
2610 4580 2658 4631 εί
2696 4574 3046 4645 ἀπορώτερον
3107 4570 3447 4637 διακείμενοι
3513 4564 3762 4635 μέλλοιεν
3817 4563 3878 4614 ἐν
3929 4578 4020 4613 τα-

2438 4668 2714 4738 λαιπωρία
2742 4668 2784 4698 "
2834 4664 3072 4735 βιώσειν.
3141 4658 3308 4713 Ἀλλά
3351 4656 3587 4720 δίκαιον,
3645 4653 3837 4721 ὥσπερ
3882 4652 4020 4703 πᾶσι

2438 4761 2552 4822 τοῖς
2582 4757 2771 4813 παισὶν
2801 4755 3001 4823 ἐπίσης
3022 4754 3070 4785 ¹⁰
3093 4750 3388 4821 μετέδοσαν
3430 4745 3572 4816 βίου,
3609 4743 3756 4796 οὕτω
3794 4743 3892 4793 καὶ
3919 4740 4022 4807 τῆς

2445 4850 2583 4922 πρὸς
2618 4848 2712 4904 τὸν
2774 4847 2887 4916 βίον
2914 4846 2958 4878 ¹¹
3018 4841 3279 4911 εὐπορίας
3348 4835 3731 4909 μεταδιδόναι,
3792 4832 3891 4885 καὶ
3948 4828 4024 4900 μὴ

2080 4980 2312 5037 ῩΑΒΙᾹΞ
2348 4981 2753 5039 LECTIO‘NES.

880 5107 903 5137 ⁸
934 5104 1095 5159 codd.
1132 5105 1336 5170 ἐνάγει.
1402 5106 1421 5135 ⁷
1453 5104 1609 5158 codd.
1646 5104 1953 5168 ἀπέλεισεν,
2002 5106 2196 5159 melius
2252 5106 2391 5161 forte
2435 5106 2754 5160 ἀπέπλευσεν.
2838 5104 2861 5134 ⁸
2892 5101 3087 5154 Zttich.
3114 5107 3169 5153 et
3198 5095 3419 5170 Sieerm.
3446 5092 3681 5170 letGoy.
3767 5085 4023 5170 hluicb.

775 5228 824 5281 δέ
843 5228 1150 5314 Siepltanus
1175 5228 1323 5314 ξέοι-ι’.
1354 5228 1459 5314 τῶν
1491 5228 1794 5309 eadem."
1844 5244 1887 5275 ¹³
1915 5243 2076 5297 Basil.
2106 5228 2569 5314 ναύτούξψῖδήΕοῙέ
2588 5228 2687 5298 δεῖ.
2707 5242 2795 5314 _"_
2822 5240 3014 5314 Egloga
3033 5238 3116 5314 pi

773 5318 901 5369 dum
942 5312 1171 5368 censent
1198 5312 1530 5384 διαφεύγειν.
1600 5315 1643 5345 ¹⁸
1674 5314 1865 5383 Eeloga
1894 5328 2003 5367 om.
2026 5313 2129 5366 ἀπὸ
2167 5322 2220 5368 et
2246 5315 2396 5369 addit
2422 5315 2543 5384 τῆς.

773 5385 1108 5457 φεῷόμενος,
1165 5384 1368 5457 rectius
1430 5382 1597 5457 forte_
1630 5382 1975 5457 scribendum
2036 5384 2401 5457 φειδομένους.

777 5459 817 5489 ’³
854 5452 1010 5511 Deest
1058 5454 1113 5513 in
1151 5452 1448 5518 editis,sed
1489 5453 1757 5524 queloga
1786 5453 2075 5524 reperitur.

1782 5191 1930 5244 ttat-rt.
2010 5174 2052 5205 ¹⁰
2087 5174 2222 5229 Hinc
2264 5177 2451 5244 incipit
2508 5178 2722 5243 Eeloga.

2815 5174 2858 5203 “
2889 5171 3085 5224 Zuich.
3146 5175 3202 5220 et
3250 5164 3473 5218 Mearm.
3540 5156 4024 5228 καθωμολόγησεν.

3116 5237 3228 5288 λλει
3264 5251 3348 5296 τις
3379 5230 3673 5300 διαφέρειν,
3707 5229 4025 5300 alii__|egcu-

2622 5296 2663 5345 ’ί
2707 5310 2819 5364 Ecl.
2868 5296 3295 5362 ἐπίδείκνυσθαι.
3375 5303 3417 5335 ¹⁸
3467 5296 3657 5354 Ζιιίιιιι.
3703 5309 3759 5353 et
3797 5296 4025 5353 Μαι-ιιι.

2490 5366 2540 5416 δῖ
2578 5383 2772 5452 Ecloga
2820 5376 3197 5447 ταλαιπώρως.
3283 5373 3331 5405 ’⁸
3380 5372 3581 5441 Ecloga
3637 5384 3749 5423 om.
3805 5366 4025 5433 ἐπίσης.

2279 5573 2509 5635 NOTAE.

852 5689 963 5759 (29)
992 5687 1109 5743 Dixi
1142 5689 1207 5743 ad
1247 5689 1286 5743 1.
1316 5691 1400 5751 15,
1429 5689 1487 5744 C.
1507 5690 1575 5745 de
1599 5690 1798 5759 pactis.

848 5760 1055 5827 {Sit-5!)
1082 5760 1143 5814 D.
1178 5760 1232 5827 7,
1266 5764 1307 5827 ti.
1344 5762 1395 5826 7,
1428 5760 1480 5814 ιι.
1514 5761 1579 5816 de
1612 5763 1803 5827 pactis-

2490 5686 2641 5817 t.(13?)
2672 5686 2766 5745 Est
2805 5684 2947 5744 enim
2982 5697 3146 5756 grave
3200 5680 3359 5740 ﬁdem
3389 5676 3596 5735 fallere.
3630 5674 3669 5741 Ι,
3705 5674 3755 5741 t,
3784 5671 3853 5730 de
3892 5685 4032 5729 con.

2513 5776 2524 5813 i
2558 5775 2586 5810 ιι
2619 5773 2667 5812 3-.

2459 5773 2667 5815 Slillllﬂ.
