4248 6442
249 411 356 477 469
1335 421 1696 483 NOVELLE
1728 416 2405 492 CONSTITUTIONES.
3384 444 3488 507 470

249 536 450 603 ἕτεροι,
484 533 601 585 ἀλλ’
624 531 788 597 αὑτὸς
821 535 1012 604 ἐχέτω.
1045 535 1170 597 Πῶς
1193 536 1301 605 γάρ
1341 538 1444 590 οὑκ
1470 540 1674 605 ἄδικον,
1698 543 1822 605 τοὺς
1853 536 1896 592 Δ

1807 536 1896 605 ςΔ
1928 537 2071 592 beto.
2133 541 2418 605 Quomodo
2461 544 2606 599 enim
2645 547 2891 618 iniquum
2940 565 3050 606 non
3079 561 3201 618 est,
3247 555 3386 610 alios
3417 573 3484 613 ex

251 627 353 697 μὲν
380 625 694 695 ἀλλοτρίοπ
718 628 782 679 ὲκ
830 628 940 680 τῶν
972 628 1184 680 ἐκείνου
1229 635 1576 701 πραγμάτων
1605 635 1820 702 κερδαίο

1810 663 1820 675 .
1932 629 2077 683 illius
2094 633 2254 684 rebus
2274 635 2483 688 lucrum
2510 636 2735 694 sentire.
2757 639 2932 708 ipsum
2957 657 3106 708 vero,
3129 659 3294 712 supra
3317 648 3487 701 amis-

246 736 382 783 νειν,
444 719 608 773 αὑτὸν
651 718 709 772 δὲ
759 721 895 790 πρὸς
938 725 1006 792 τῇ
1055 723 1417 794 ἀποστερήσει
1444 725 1544 794 τῆς
1581 726 1817 793 συζύγου

1808 744 1817 777 ι
1929 722 2135 776 sionem
2161 725 2432 791 conjugis,
2471 728 2627 783 bonis
2664 730 2828 783 etiam
2859 732 2976 784 suis
3033 734 3146 788 sive
3192 735 3485 794 donatione

245 811 346 862 καὶ
398 809 512 864 τῶν
561 810 780 866 οικείων
827 813 946 882 ἦτοι
1015 813 1108 866 τοῦ
1178 814 1440 870 ὑποόόλου
1497 816 1818 886 ἀποστερεῖ-

1015 813 1108 866 τοὺ
1178 814 1440 870 ὑποόόλου
1497 816 1818 886 ἀποστερεῐ-
1927 822 2149 883 propter
2177 818 2396 885 nuptias
2426 819 2668 885 privari?

247 901 375 953 σθαι
399 901 447 933 ³⁸
471 918 488 967 ;

2375 991 2840 1051 CONSTITUTIO
2868 998 3025 1068 |XXI.

1999 1081 2068 1136 Ut
2097 1082 2209 1154 (62)
2229 1086 2366 1156 dotis
2393 1088 2674 1152 promissio
2697 1105 2762 1141 ea:
2783 1093 3013 1156 paternis
3033 1101 3128 1147 aut
3157 1095 3411 1148 maternis

2345 1155 2490 1210 bonis
2553 1157 2703 1226 facta
2760 1155 3059 1226 praestetur.

1993 1242 2137 1298 Idem
2173 1243 2468 1314 imperator
2511 1245 2759 1317 Styliauo
2798 1248 3163 1306 excellentiss.
3201 1269 3480 1308 sacrorum

761 993 1072 1047 ΔΙΑΤΛΞΙΣ
1098 996 1203 1049 KA’
1231 997 1298 1054 ⁸³.

243 1084 384 1156 Περί
411 1083 946 1156 τοῦ-φυλάττεσθαι
979 1088 1092 1151 τὴν
1117 1090 1480 1156 ἐπαγγελίαν
1506 1090 1614 1156 τῆς
1651 1105 1816 1156 προι-

314 1153 424 1217 κὸς
452 1153 490 1218 ἢ
517 1153 587 1206 ἐκ
608 1155 883 1222 πατρῴας
917 1158 956 1222 ἣ
988 1153 1648 1227 μητρῴαδπεριουσίας
1675 1153 1744 1214 ⁵⁷⁸.

204 1255 212 1260 ’
329 1245 388 1296 '0
419 1246 582 1307 αὐτὸς
649 1247 904 1316 βασιλεὺς
956 1249 1230 1320 Στυλιανῷ
1268 1249 1343 1319 τῷ
1384 1251 1815 1322 ὑπερφυεστάτῳ

243 1337 531 1407 μαγίστρῳ
559 1340 669 1392 τῶν
699 1339 858 1391 θείων
898 1340 1190 1406 όφφικίων.
1919 1364 1920 1375 π

898 1340 1190 1406 όφφικίων.
1919 1336 2220 1391 ciliciorum
2266 1339 2543 1406 magistro.

314 1429 528 1498 Ὠσπερ
579 1431 672 1482 ἐπὶ
716 1429 824 1482 τῶν
873 1430 1216 1497 πλαστίγγων
1267 1431 1501 1500 δρῶμεν,
1529 1432 1659 1486 ὅταν
1690 1433 1811 1486 οὑδὲ
1989 1447 1991 1466 ⁴

1799 1438 1811 1485 ξ
1989 1429 2456 1492 Quemadmodum
2491 1431 2544 1482 in
2577 1431 2712 1484 libra
2762 1433 3034 1493 videmus.
3080 1449 3199 1488 eam
3244 1444 3355 1488 tum
3391 1453 3476 1492 re-

236 1519 383 1571 κατά
417 1519 591 1588 βραχὺ
615 1520 952 1586 τυγχάνωσιν
981 1521 1383 1590 ὲτερορῤεπεῐς,
1400 1522 1521 1575 τότε
1547 1524 1683 1593 πρὸς
1712 1526 1811 1592 τὴν

1800 1542 1811 1573 ο
1918 1525 2004 1571 cte
2056 1517 2124 1570 ad
2183 1533 2365 1570 rerum
2418 1533 2602 1572 earum
2656 1535 2777 1586 qua:
2852 1523 3223 1589 ponderantur
3278 1523 3477 1593 dijudi-

235 1609 348 1662 τῶν
376 1611 784 1680 σταθμωμένων
805 1611 1076 1682 διάκρισιν
1094 1613 1427 1684 ἐπιτηδείους
1445 1613 1610 1676 οὑσας
1633 1633 1812 1685 παρα-

1800 1647 1812 1660 .
1917 1604 2188 1658 cationem
2236 1604 2466 1671 desumi,
2514 1607 2734 1675 quando
2794 1609 2977 1663 lances
3034 1612 3271 1680 aequales
3325 1620 3477 1678 sunt,

234 1697 634 1766 λαμϐάνεσθαι,
671 1700 815 1751 οὑτω
837 1700 931 1753 καὶ
959 1700 1125 1770 νόμον
1153 1702 1242 1755 ὅτε
1273 1703 1405 1772 μηδὲ
1434 1704 1606 1774 βραχῦ
1633 1722 1810 1774 παρα-

1799 1733 1810 1742 .
1915 1711 2093 1764 neque
2151 1695 2230 1748 vel
2278 1697 2546 1749 tantillum
2609 1697 2662 1750 in
2729 1699 2957 1752 alteram
3009 1713 3214 1768 partem
3273 1703 3476 1772 procli-

233 1791 428 1858 τρέπει
453 1791 515 1842 τδ
543 1791 771 1854 δίκαιον,
797 1791 920 1845 τότε
953 1793 1088 1862 πρὸς
1116 1794 1385 1861 διαίτησιν
1412 1796 1520 1846 τῶν
1547 1798 1806 1864 πραγμά-

1796 1828 1806 1838 .
1915 1794 2082 1847 nant,
2121 1784 2192 1837 ita
2247 1800 2464 1852 quoque
2524 1786 2628 1852 lex,
2679 1802 2802 1842 cum
2855 1806 2924 1844 ne
2957 1792 3226 1844 tantillum
3258 1795 3473 1861 quidem

232 1898 345 1932 των
366 1882 498 1934 ὄντα
530 1883 894 1953 προέρχεσθαι
927 1883 1076 1949 ἀξιον
1099 1902 1113 1916 ·
1155 1886 1210 1938 ai
1245 1885 1343 1955 μὲν
1376 1888 1483 1955 γὰρ
1511 1889 1573 1938 τὸ
1622 1888 1753 1954 ἴσον,
1782 1891 1811 1941 6
1844 1875 1909 1940 Β.

1800 1891 1811 1940 5
1844 1875 1998 1943 lijus
2030 1876 2306 1943 intorquet
2349 1891 2413 1930 ac
2438 1876 2716 1943 depravat,
2778 1878 2941 1949 digna
3005 1890 3090 1934 est
3125 1898 3246 1951 qua:
3287 1885 3352 1936 ad
3390 1899 3477 1938 re-

231 1971 291 2022 δὲ
323 1972 383 2024 τὸ
407 1972 616 2026 δίκαιον
654 1974 895 2044 ἀρρεπὲς
922 1975 1197 2041 ὀφείλουσι
1231 1976 1535 2038 διασώζειν,
1569 1979 1631 2029 Τί
1653 1980 1808 2032 τοῦτο

1796 1998 1808 2032 .
1911 1967 2521 2036 rumdijudicationem
2567 1970 2849 2038 procedat.
2883 1971 3034 2027 Illius
3086 1975 3231 2028 enim
3293 1986 3473 2041 partes

231 2065 406 2132 ἔφηνς
458 2064 547 2118 Ἐν
603 2066 715 2126 τοῖς
771 2064 959 2128 κώδιξι
995 2064 1236 2130 διάταξις
1284 2067 1720 2137 ἀναγέγραπται,
1770 2070 1805 2138 ἢ

230 2153 362 2216 τοὺς
416 2154 553 2223 πρὸς
596 2155 774 2224 γάμον
835 2157 1209 2217 συνάπτοντας
1261 2157 1428 2210 τέκνα
1473 2158 1671 2224 γονέας
1708 2158 1806 2221 τάς

231 2246 582 2314 ὑποσχέσεις,
613 2248 734 2300 ὅσαι
787 2251 1019 2316 προῖκας
1070 2249 1102 2316 ἢ
1138 2247 1243 2315 πρὸ
1275 2250 1452 2317 γάμου
1479 2250 1685 2319 δωρεὰς
1708 2252 1803 2302 ὲκ-

229 2337 507 2400 τελοῦσιν,
540 2337 850 2391 ἀπαιτοῦσα
879 2341 924 2370 ⁸⁵
953 2338 1052 2398 οὑκ
1073 2335 1168 2392 οἷδ’
1195 2341 1254 2392 ὄν
1280 2359 1400 2394 τινα
1429 2342 1626 2408 τρόπον
1645 2341 1803 2410 φύρει

227 2429 292 2480 τδ
317 2428 550 2482 δίκαιον.
585 2430 836 2482 Βούλεται
863 2430 971 2499 γὰρ
1007 2431 1494 2501 καθυπεσχημένον
1539 2433 1734 2502 παιδίῳ
1757 2434 1803 2466 ³⁸

229 2520 440 2587 προῖκα
461 2517 496 2586 ἢ
519 2519 628 2589 πρὸ
653 2521 832 2587 γάμου
860 2520 1070 2588 δωρεάν
1108 2519 1201 2570 τὸν
1223 2521 1455 2589 πατέρα,
1488 2521 1802 2590 ἀδιορίστως

231 2610 335 2676 μὲν
380 2610 589 2679 ταύτην
634 2612 1036 2679 πεποιημένον,
1088 2613 1266 2664 πᾶσαν
1318 2612 1384 2663 ὲκ
1437 2612 1547 2664 τῶν
1588 2613 1802 2665 οἰκείων

227 2697 474 2765 πληροῦν
509 2698 608 2768 τὴν
654 2698 950 2767 ὑπόσχεσιν
1004 2701 1094 2752 καὶ
1139 2701 1203 2751 ὲκ
1261 2699 1360 2766 τῆς
1408 2701 1571 2751 αὑτοῦ
1635 2700 1802 2770 μόνης

229 2787 554 2859 περιουσίας
585 2789 715 2859 ὅλην
741 2791 910 2859 αὐτὴν
934 2790 1367 2843 καταῆάλλεσθαι
1387 2806 1402 2820 ο
1427 2790 1801 2860 διορισάμενον

227 2880 286 2932 δὲ
317 2879 416 2932 καὶ
442 2879 615 2941 οὕτως
639 2881 862 2932 είπόντα
893 2881 967 2942 ὡς
993 2883 1102 2934 Ἐκ
1135 2897 1200 2933 τε
1223 2880 1341 2932 τῶν
1363 2881 1522 2948 ἐμῶν
1549 2882 1644 2934 καὶ
1679 2882 1800 2934 τῶν

227 2971 341 3024 τοῦ
365 2971 578 3037 παιδὸς
595 2972 665 3024 τὰ
690 2971 1106 3039 ὑποσχεθέγτα
1142 2971 1398 3039 παρέξω,
1427 2972 1660 3041 ἀπορίας
1701 2972 1798 3041 μὲν

225 3059 396 3112 αὑτὸν
425 3059 766 3128 κατεχούσης
802 3059 969 3129 μηδὲν
1015 3061 1221 3112 ἐκεῖνον
1269 3061 1348 3121 είς
1375 3060 1474 3128 τὴν
1508 3060 1798 3128 ὑπόσχεσιν

226 3148 528 3210 συντελεῖν,
555 3146 652 3199 τοῦ
679 3148 736 3200 δὶ
769 3147 957 3209 παιδὸς
1002 3148 1170 3217 μόνην
1217 3147 1315 3216 τὴν
1349 3146 1582 3216 ὓπαρξιν
1605 3149 1798 3214 ἐκπλη-

226 3237 361 3308 ροῦν
401 3238 438 3291 ἃ
492 3238 760 3306 ὑπέσχετο
817 3240 967 3307 κοινῇ
1023 3237 1446 3305 συμπληρώσειν
1501 3239 1530 3288 6
1586 3239 1794 3303 γονεὺς,

223 3330 467 3400 εὐπόρου
561 3329 655 3382 τοῦ
721 3328 928 3398 πατρὸς
993 3329 1145 3390 ὄντος
1208 3330 1269 3379 τὺ
1328 3327 1595 3381 ἀνάπαλιν
1653 3328 1796 3393 γίνε-

223 3421 374 3484 σθαι,
430 3420 591 3489 μόνου
650 3419 819 3472 αὑτοῦ
882 3422 944 3471 ὲκ
990 3420 1096 3470 τῶν
1134 3419 1348 3470 οἰκείων
1432 3419 1468 3471 ἂ
1530 3419 1795 3488 ὑπέσχετο

220 3510 561 3580 πληροῦντος
588 3512 682 3563 καὶ
708 3511 800 3564 τοῦ
822 3510 1009 3570 παιδὸς
1035 3510 1096 3560 οὑ
1127 3510 1510 3570 κοινωνοῦντος
1535 3525 1548 3539 ο
1585 3509 1690 3562 κᾶν
1720 3510 1792 3577 μὴ

224 3603 391 3670 μόνος
429 3601 564 3655 ἀλλά
617 3603 714 3654 σὺν
755 3601 835 3670 τῷ
865 3601 1016 3652 παιδὶ
1052 3600 1151 3664 τὴν
1183 3601 1471 3666 ὑπόσχεσιν
1509 3598 1794 3669 ἐκπληρώ-

222 3710 342 3744 σειν
370 3692 756 3761 ἐπηγγείλατο,
805 3692 905 3742 οὑκ
947 3691 1097 3752 ἄξιον
1125 3691 1298 3742 οἴεται
1342 3691 1430 3740 τὸν
1461 3691 1624 3743 παῖδα
1648 3709 1791 3760 παρ’

218 3786 369 3852 έχειν
391 3783 480 3835 διά
504 3782 565 3834 τὸ
598 3782 674 3852 μὴ
732 3782 826 3834 καὶ
863 3781 1026 3836 αὑτὸν
1091 3780 1446 3848 ὑποσχέσθαι.
1489 3781 1660 3833 Τοῦτο
1698 3779 1791 3834 οὖν

214 3875 357 3943 ἡμῖν
377 3872 704 3943 παρατροπή
731 3872 775 3902 ⁵⁷
808 3887 891 3933 τις
911 3867 1050 3923 εἶναι
1096 3870 1194 3923 τοῦ
1224 3871 1432 3923 δικαίου
1458 3873 1787 3941 νενόμισται.

214 3962 363 4016 Οὔτε
391 3963 524 4034 γάρ,
553 3963 713 4032 ὁποίᾳ.
737 3961 804 4015 ἂν
828 3962 922 4014 καὶ
960 3961 1256 4030 περισχεθῇ
1279 3964 1306 4013 6
1347 3963 1536 4028 γονεὺς
1567 3964 1789 4032 ἀπορία,

217 4054 390 4123 μόνον
418 4053 512 4105 τὸν
542 4055 706 4106 παῖδα
727 4052 1081 4105 καταϐάλλειν
1113 4052 1182 4104 τά
1211 4053 1565 4122 ὑπεσχημένα
1600 4056 1662 4107 ὲκ
1681 4057 1790 4108 τῶν

211 4145 434 4198 οίκείων
458 4144 770 4213 δικαιοσύνη
796 4144 984 4213 νόμου,
1015 4142 1137 4196 οὔτε
1158 4143 1318 4197 πάλιν
1348 4143 1514 4213 οὔσης
1532 4146 1790 4216 εὐπορίας

212 4237 325 4300 ἔξω
347 4235 430 4289 δεῖ
459 4234 552 4288 τὸν
581 4235 743 4288 παῖδα
801 4235 1082 4298 παντελῶς
1111 4233 1247 4287 εἶναι
1273 4237 1373 4304 τῆς
1411 4240 1787 4308 συνεισφορᾶς,

212 4327 634 4399 χορηγουμένης
656 4328 721 4380 ὲκ
749 4327 857 4380 τῶν
906 4325 1000 4380 τοῦ
1034 4326 1237 4394 γονέως
1264 4328 1364 4394 τῆς
1384 4326 1512 4397 ὅλης
1557 4328 1787 4398 ὑποσχέο

212 4437 354 4480 σεως
360 4456 376 4471 .

1909 2068 2058 2122 sunt,
2088 2061 2604 2128 utzequabilitatem,
2626 2061 2790 2130 hujus
2828 2072 3031 2126 autem.
3063 2075 3122 2117 ut
3143 2066 3233 2132 jus
3263 2068 3462 2123 stabile

1908 2161 2216 2205 conservet.
2253 2152 2319 2202 At
2343 2166 2604 2219 quorsum
2637 2151 2786 2204 lucc?
2824 2152 2883 2206 In
2931 2154 3217 2208 codicibus
3267 2156 3475 2210 descri-

1907 2253 1996 2310 pta
2028 2242 2117 2308 (ιὸ
2149 2241 2237 2305 44)
2277 2241 2596 2294 constitutio
2624 2249 2726 2304 est,
2760 2257 2881 2310 qua:
2935 2242 3063 2295 dum
3095 2261 3125 2297 a
3154 2247 3474 2311 parentibus

1905 2334 1996 2400 qui
2025 2333 2077 2386 in
2114 2332 2522 2386 matrimonium
2554 2331 2753 2385 liberos
2792 2333 3154 2397 collocarunt,
3194 2338 3466 2403 promissa

1905 2425 2052 2478 dotis
2102 2424 2488 2478 douationisve
2537 2434 2760 2491 propter
2802 2425 3021 2494 nuptias
3065 2426 3288 2481 nomine
3329 2427 3469 2481 facta

1903 2513 2091 2581 exigit,
2129 2513 2269 2566 haud
2307 2514 2426 2566 scio
2459 2513 2736 2581 quomodo
2763 2512 2856 2581 jus
2915 2515 3294 2571 commiscent.
3346 2518 3471 2570 Vult

1903 2605 2014 2675 ($5)
2046 2619 2296 2672 namque,
2333 2605 2408 2656 uti
2439 2612 2614 2671 pater,
2647 2606 2739 2672 qui
2802 2619 2901 2674 pro
2923 2605 3131 2670 :liheris
3155 2608 3333 2661 dotem
3364 2609 3468 2662 d0-

1902 2695 2249 2747 nationemve
2286 2701 2506 2762 propter
2544 2696 2762 2761 nuptias
2790 2695 3125 2763 promiserit,
3156 2697 3202 2752 si
3232 2700 3468 2766 promis-

1901 2785 2108 2838 sionem
2149 2783 2462 2838 indistincte
2490 2784 2702 2844 fecerit.
2733 2786 2882 2839 illam
2911 2794 3080 2840 totam
3111 2788 3181 2842 de
3224 2803 3328 2844 suo
3367 2805 3466 2844 ex-

1901 2874 2064 2943 plcat,
2121 2873 2346 2942 suisque
2399 2874 2533 2928 solis
2581 2889 2648 2928 ex
2694 2875 2854 2930 bonis
2889 2877 3206 2946 persolvat:
3263 2877 3348 2931 sin
3379 2877 3466 2930 rli-

1898 2964 2172 3027 st.inxerit,
2211 2966 2465 3034 huncque
2493 2964 2558 3018 ad
2593 2964 2812 3019 modum
2843 2967 3065 3022 locutus
3095 2969 3187 3032 sit,
3228 2966 3310 3019 Ea:
3337 2971 3464 3021 meis

1897 3057 2099 3124 ﬁliique
2130 3057 2277 3108 bouis
2300 3057 2566 3123 promissa
2596 3056 2848 3110 exhibebo
2878 3073 2896 3110 :
2931 3065 3044 3110 tum
3067 3058 3113 3111 si
3156 3059 3314 3126 inops
3367 3060 3459 3119 sit.

1899 3148 2031 3201 nihil
2064 3148 2152 3201 ille
2185 3147 2237 3200 in
2274 3149 2597 3215 promissum
2627 3149 2959 3212 contribuat,
2990 3149 3084 3202 sed
3139 3149 3231 3202 filii
3282 3150 3459 3204 facul-

1899 3248 2058 3302 tates,
2097 3254 2219 3307 quaa
2241 3253 2300 3293 se
2327 3255 2432 3291 una
2461 3255 2584 3292 cum
2631 3241 2743 3293 tilio
2758 3240 3012 3294 daturum
3068 3241 3345 3309 pollicitus
3375 3251 3462 3297 est

1895 3344 2112 3399 parens,
2137 3330 2270 3384 sola:
2298 3331 2548 3398 expleant
2571 3348 2585 3387 :
2619 3331 2715 3385 sed
2744 3332 2789 3387 si
2816 3332 2969 3386 dives
2997 3333 3089 3394 sit,
3119 3334 3454 3387 contrarium

1894 3428 2190 3480 statuatur,
2223 3429 2284 3471 ut
2324 3420 2438 3488 ipse
2473 3421 2622 3475 solus
2669 3423 2736 3475 de
2770 3436 2871 3476 suo
2897 3437 3018 3489 quae
3055 3423 3332 3491 pollicitus
3359 3424 3454 3484 sit,

1891 3509 2123 3573 expleat,
2161 3507 2414 3574 ﬁliusque
2445 3507 2577 3560 nihil
2602 3522 2726 3561 cum
2761 3510 2852 3561 illo
2881 3512 3284 3564 communicet:
3319 3519 3458 3563 tam-

1892 3599 1991 3651 etsi
2017 3613 2122 3650 non
2155 3612 2214 3651 se
2247 3599 2446 3659 solum.
2489 3598 2583 3652 sed
2607 3613 2733 3652 cum
2771 3600 2881 3652 lilio
2910 3602 3237 3668 promissum
3271 3604 3456 3666 exple-

1891 3699 2073 3743 turum
2135 3688 2408 3766 pollicitus
2473 3689 2577 3744 sit:
2613 3690 2757 3757 quod
2807 3691 2996 3753 lilium,
3045 3692 3138 3758 qui
3173 3693 3288 3758 ipse
3345 3707 3452 3744 non

1891 3779 2222 3849 promiserit,
2263 3779 2392 3832 dare
2420 3778 2698 3848 quidpiam
2733 3779 3010 3850 indignum
3056 3790 3297 3850 putetur.
3341 3780 3456 3835 lloc

1895 3871 2076 3938 itaque
2120 3868 2393 3937 aequitatis
2454 3868 2868 3922 subversiouem
2919 3886 3042 3925 esse
3103 3873 3202 3924 rati
3237 3886 3451 3924 sumus.

1892 3963 2026 4016 Nam
2062 3968 2487 4028 quantacunque
2507 3960 2708 4030 iinOpia
2756 3969 3007 4018 teneatur
3053 3977 3270 4028 parens.
3305 3961 3349 4014 si
3388 3960 3454 4013 ll-

1893 4054 1999 4106 lius
2028 4051 2179 4106 solus
2199 4049 2266 4104 de
2289 4067 2390 4104 suo
2421 4053 2690 4119 promissa
2709 4052 2900 4114 solvat,
2926 4051 3300 4119 nullajustitia
3321 4051 3454 4117 legis

1891 4151 2116 4214 apparet
2148 4159 2162 4194 :
2193 4156 2368 4208 neque
2403 4157 2618 4195 rursum
2663 4140 2788 4195 cum
2831 4143 2966 4196 satis
3007 4142 3232 4195 allluens
3269 4157 3450 4194 rerum

1893 4235 2031 4304 patri
2074 4233 2232 4302 capia
2257 4241 2360 4295 est,
2393 4233 2559 4286 [ilium
2613 4233 3040 4288 contributionis
3081 4234 3304 4287 omnino
3330 4247 3454 4288 esse

1886 4333 2185 4395 expertem,
2218 4324 2643 4393 universumque
2673 4325 2999 4394 promissum
3029 4340 3060 4378 a
3095 4334 3319 4394 parente
3351 4339 3450 4378 ex-

1896 4417 2067 4471 hiberi
2104 4415 2388 4470 convenit.

283 4512 378 4564 Διδ
408 4511 501 4563 καὶ
530 4509 856 4580 θεσπίζομεν
883 4510 951 4573 ⁸³,
986 4510 1126 4563 κατά
1152 4510 1280 4582 τοὺς
1324 4508 1421 4562 τοῦ
1452 4511 1654 4578 γονέως
1689 4511 1770 4566 λό-
1810 4517 1849 4570 D
1949 4511 1960 4555 t

1810 4517 1849 4570 ο
1949 4504 2311 4571 Quamobrem
2361 4505 2524 4557 etiam
2553 4507 2844 4561 statuimus
2877 4507 2987 4575 (46)
3008 4514 3063 4559 ιιι
3103 4507 3214 4575 (i7)
3251 4521 3449 4560 secun-

1469 4620 1552 4675 VA
1564 4620 1702 4676 ΒΙᾹΞ
1744 4619 2147 4677 LECTIONES.

279 4717 327 4787 ἐξ
382 4715 579 4787 Hann.
624 4715 951 4787 στερεῖσθαι.
1029 4715 1077 4746 ⁵³
1110 4713 1220 4787 Ecl.
1252 4714 1384 4787 Nov.
1419 4715 1504 4768 15.
1550 4713 1740 4787 Exstat
1771 4713 1912 4787 apud
1967 4710 2155 4787 Hal-tn.
2202 4707 2402 4787 libant.
2459 4707 2638 4787 Iit._8_,_
2663 4713 2811 4787 :pag.
2839 4709 2972 4787 σεο.
3053 4710 3100 4787 ξδ
3130 4710 3184 4787 IAn
3221 4709 3441 4787 "cerni.

205 4797 260 4842 et
277 4786 473 4840 Zuich.
515 4776 851 4854 adscriptum
880 4791 966 4840 est
996 4799 1011 4837 :
1080 4783 1218 4854 αὕτη
1251 4784 1517 4854 ἀνῄρηται
1540 4783 1695 4854 ouis.
1724 4784 1766 4848 ζ’
1797 4776 1888 4836 τοῦ
1930 4789 1997 4835 ια’
2035 4781 2110 4854 τί.
2152 4776 2243 4854 τοᾷ
2290 4776 2438 4854 είβι.
2471 4776 2563 4854 τοῦ
2597 4776 2904 4854 Koangv
2929 4780 3109 4854 Βασιλ.
3243 4782 3322 4832 κο’
3367 4782 3441 4836 τί.

648 4844 961 4924 "'Scrirng,
997 4854 1118 4924 ὅσαι
1143 4844 1368 4923 seposui};
1459 4853 1564 4923 πρὸ
1584 4844 1775 4924 γγάμόυ
1803 4854 2010 4924 δωρεᾶς
2035 4847 2270 4924 εκτελείν
2299 4844 2818 4924 οὖσιν-ἀπαιτοζισαι.
2849 4848 3036 4902 Zuich.
3060 4859 3117 4924 et
3136 4844 3442 4924 'Meertuan.

2457 4916 2502 4947 ”
2561 4917 2719 4972 codd.
2761 4919 3164 4987 κατεσχημένον
3203 4919 3438 4986 παιδίον,

205 4995 477 5066 Stephan.
498 4995 890 5065 ὑπεσχημένον.
929 4993 1084 5064 Agyl.
1120 4983 1493 5064 ὑπεσχημένον
1523 4991 1663 5062 ὑπὲρ
1685 4983 1928 5046 παιδίων.
1986 4990 2030 5026 ⁸⁷
2055 4987 2223 5040 Zuch.
2263 4995 2316 5039 et
2369 4983 2662 5040 Meerman.
2711 4983 3034 5058 περιτροπῆ.
3117 4989 3164 5020 ⁸⁸
3186 4988 3323 5041 Hinc
3351 4983 3436 5041 in;

1713 5152 1951 5211 NOTAE.

205 4875 243 4912 α
288 4873 418 4925 κεφ.
449 4873 563 4909 Ἰταό
648 4873 695 4886 ”
727 4873 961 4923 acrlmg.
997 4873 1118 4906 οσαι
1143 4873 1364 4923 προικος
1387 4873 1420 4924 η
1459 4873 1564 4923 προ
1598 4873 1775 4922 γαμου
1803 4873 2010 4920 οωρεας
2035 4873 2270 4926 εκτελειχ
2299 4873 2358 4898 υυ

205 4927 334 4979 cod.
388 4924 589 4980 habent
644 4923 968 4978 ἀπαιτοῦσα.
1032 4921 1339 4990 Stephanus
1374 4939 1518 4977 corr.
1578 4922 1816 4984 ἐκτελεῖς
1855 4923 1992 4974 εἰσιν
2039 4919 2359 4990 ἀπαιτουσα.

203 5065 340 5135 cipit
362 5065 474 5120 Ecl.

237 5321 244 5328 ν
278 5247 391 5369 (ᾼὲ)
419 5243 608 5385 ξξὶοι
631 5244 752 5313 ejus
782 5243 1016 5300 Novella:
1043 5245 1279 5314 epitome
1299 5245 1440 5316 apud
1475 5245 1757 5312 liarmen.,

237 5330 298 5370 tt.
374 5358 388 5376 .
555 5356 570 5375 .

209 5329 298 5370 ιιι.
334 5329 388 5376 ὅ.
425 5329 452 5376 ᾗ
479 5329 570 5375 ὁὶ.

275 5382 494 5455 (63-4))
523 5383 576 5449 6,
619 5384 663 5455 l.
693 5382 792 5455 ult.
814 5383 968 5455 Cod.
1011 5385 1078 5439 de
1095 5385 1209 5439 dot.
1236 5386 1492 5455 promiss.

275 5457 390 5513 “Si
422 5452 702 5507 sententia
731 5454 784 5506 d.
813 5453 944 5521 legis
977 5455 1197 5507 ultimm.

298 5525 388 5585 66)
424 5522 741 5577 Emeudatio
769 5521 824 5576 (Ι.
857 5523 892 5575 Ι.
921 5525 1146 5580 ultimae.

300 5595 393 5662 67)
434 5591 643 5646 Sensus
671 5603 755 5647 est
787 5601 996 5662 patrem
1030 5596 1097 5658 (si
1152 5593 1303 5648 solus
1335 5593 1515 5647 dotem
1557 5595 1757 5661 promi-

203 5662 296 5725 sit,
330 5663 415 5718 vel
443 5662 795 5716 douationem
833 5672 1050 5731 propter
1077 5663 1318 5730 nuptias)
1362 5664 1536 5716 solum
1563 5663 1700 5731 exigi
1733 5682 1746 5717 :

1869 5243 2202 5313 promiserit,
2262 5255 2424 5312 atque
2475 5244 2548 5296 ita
2620 5250 2852 5311 patrem,
2917 5243 3195 5297 indeﬁnite
3249 5245 3430 5300 dotem

1866 5316 2290 5382 promittentem,
2337 5329 2400 5366 ac
2431 5313 2725 5382 donantem
2784 5324 3004 5381 propter
3057 5315 3295 5382 nuptias.
3344 5332 3432 5369 so-

1864 5381 1972 5436 lum
2028 5399 2133 5435 non
2191 5382 2330 5451 exigi
2372 5402 2384 5434 :
2419 5382 2563 5450 quod
2629 5381 2684 5436 d.
2745 5382 2828 5434 lex
2889 5383 3078 5434 ultima
3133 5381 3430 5439 constitue-

1864 5460 1965 5506 rat.
1996 5452 2100 5504 Alii
2134 5466 2240 5504 non
2276 5451 2410 5503 male
2441 5452 2685 5504 sentiunt
2736 5454 3092 5519 spectandum
3117 5468 3257 5515 esse,
3300 5470 3430 5520 qum

1864 5522 2009 5574 niam
2057 5521 2182 5588 jure
2237 5529 2386 5588 pater
2436 5521 2618 5572 dotem
2667 5520 2875 5573 dederit
2936 5540 2947 5575 :
3001 5533 3058 5573 ut
3106 5524 3151 5576 si
3215 5532 3425 5576 tantum

1863 5599 2010 5643 tutor
2037 5591 2160 5644 lilia:
2216 5601 2306 5641 aut
2336 5597 2520 5648 gestor
2562 5604 2667 5642 nun
2695 5590 2760 5644 de
2811 5593 2925 5644 suis
2987 5591 3147 5646 honis
3181 5593 3428 5644 videatur

1861 5661 2024 5740 filiam
2053 5661 2292 5740 dut_a_ss_e.
2333 5655 2430 5740 V-id
2482 5657 2721 5740 Wurm‘s.
2769 5660 2821 5740 i,
2851 5661 3127 5740 observat.
3161 5661 3277 5740 §7,_
3305 5661 3332 5731 ᾗ
3369 5661 3428 5740 β.

204 5734 248 5786 si
282 5749 410 5786 cum
469 5727 848 5802 ﬁliort‘tliave'
877 5727 1208 5802 promiserit,
1246 5727 1343 5800 pro
1389 5747 1486 5786 sua
1543 5727 1750 5786 tantum
1858 5727 2065 5802 {nterea
2103 5728 2317 5802 videtur
2360 5727 2468 5784 Leo
2529 5736 2754 5786 secutus
2805 5734 2976 5799 legem
3024 5731 3114 5796 “22,
3169 5729 3197 5802 ᾗ
3249 5727 3326 5795 ἰοί
3365 5730 3428 5785 in

205 5811 362 5864 parte
389 5801 692 5868 conveniri,
726 5802 827 5859 nisi
877 5801 942 5860 ex
977 5814 1126 5873 parte
1161 5802 1411 5872 inaequali
1439 5802 1748 5872 specialiter

1858 5798 1949 5855 lin.
1985 5799 2042 5855 Π.
2075 5799 2276 5854 soluto.
