  <div class='ocr_page' id='page_1' title='image "/cluster/home/n/w/nwhite01/storage/ocr_20150623/107/nnc1.0046980040/298.png"; bbox 0 0 4248 6442; ppageno 0'>
   <div class='ocr_carea' id='block_1_1' title="bbox 216 421 324 482">
    <p class='ocr_par' dir='ltr' id='par_1_1' title="bbox 216 421 324 482">
     <span class='ocr_line' id='line_1_1' title="bbox 216 421 324 482; baseline 0.056 -6"><span class='ocrx_word' id='word_1_1' title='bbox 216 421 324 482; x_wconf 68' lang='lat'><strong>4.73</strong></span> 
     </span>
    </p>
   </div>
   <div class='ocr_carea' id='block_1_2' title="bbox 1275 423 2341 491">
    <p class='ocr_par' dir='ltr' id='par_1_2' title="bbox 1275 423 2341 491">
     <span class='ocr_line' id='line_1_2' title="bbox 1275 423 2341 491; baseline 0.006 -7"><span class='ocrx_word' id='word_1_2' title='bbox 1275 423 1470 484; x_wconf 82' lang='lat' dir='ltr'><strong>NOVE</strong></span> <span class='ocrx_word' id='word_1_3' title='bbox 1482 423 1636 484; x_wconf 66' lang='lat' dir='ltr'><strong>LLJE</strong></span> <span class='ocrx_word' id='word_1_4' title='bbox 1660 425 2223 487; x_wconf 72' lang='lat' dir='ltr'><strong>CONSTITUTIDN</strong></span> <span class='ocrx_word' id='word_1_5' title='bbox 2235 431 2341 491; x_wconf 84' lang='lat' dir='ltr'><strong>ES.</strong></span> 
     </span>
    </p>
   </div>
   <div class='ocr_carea' id='block_1_3' title="bbox 3350 437 3454 500">
    <p class='ocr_par' dir='ltr' id='par_1_3' title="bbox 3350 437 3454 500">
     <span class='ocr_line' id='line_1_3' title="bbox 3350 437 3454 500; baseline 0 -1"><span class='ocrx_word' id='word_1_6' title='bbox 3350 437 3454 500; x_wconf 73' lang='grc'><strong>474</strong></span> 
     </span>
    </p>
   </div>
   <div class='ocr_carea' id='block_1_4' title="bbox 223 519 1900 607">
    <p class='ocr_par' dir='ltr' id='par_1_4' title="bbox 223 519 1900 603">
     <span class='ocr_line' id='line_1_4' title="bbox 223 519 1900 603; baseline 0.002 -22"><span class='ocrx_word' id='word_1_7' title='bbox 223 546 323 596; x_wconf 81' lang='grc' dir='ltr'><strong>ραν</strong></span> <span class='ocrx_word' id='word_1_8' title='bbox 344 531 485 592; x_wconf 78' lang='grc' dir='ltr'>ἀξιοῖ</span> <span class='ocrx_word' id='word_1_9' title='bbox 515 529 710 582; x_wconf 74' lang='grc' dir='ltr'>διδόναι</span> <span class='ocrx_word' id='word_1_10' title='bbox 741 533 805 598; x_wconf 79' lang='grc' dir='ltr'>τῇ</span> <span class='ocrx_word' id='word_1_11' title='bbox 841 519 1082 596; x_wconf 72' lang='grc' dir='ltr'>γυναικὶ,</span> <span class='ocrx_word' id='word_1_12' title='bbox 1115 531 1236 583; x_wconf 75' lang='grc' dir='ltr'>οὔτε</span> <span class='ocrx_word' id='word_1_13' title='bbox 1265 533 1361 599; x_wconf 84' lang='grc' dir='ltr'>τῆς</span> <span class='ocrx_word' id='word_1_14' title='bbox 1402 532 1506 596; x_wconf 78' lang='grc' dir='ltr'>ἔξω</span> <span class='ocrx_word' id='word_1_15' title='bbox 1529 534 1786 603; x_wconf 77' lang='grc' dir='ltr'><strong>κειμένης</strong></span> <span class='ocrx_word' id='word_1_16' title='bbox 1815 537 1860 592; x_wconf 78' lang='grc' dir='ltr'>Α</span> <span class='ocrx_word' id='word_1_17' title='bbox 1889 551 1900 602; x_wconf 78' lang='grc' dir='ltr'>ι</span> 
     </span>
    </p>
   </div>
   <div class='ocr_carea' id='block_1_5' title="bbox 1775 519 3452 607">
    <p class='ocr_par' dir='ltr' id='par_1_5' title="bbox 1775 537 3452 607">
     <span class='ocr_line' id='line_1_5' title="bbox 1775 537 3452 607; baseline 0.008 -22"><span class='ocrx_word' id='word_1_18' title='bbox 1775 537 1860 594; x_wconf 73' lang='lat' dir='ltr'><strong>:A</strong></span> <span class='ocrx_word' id='word_1_19' title='bbox 1889 547 2108 604; x_wconf 83' lang='lat' dir='ltr'><strong>prepter</strong></span> <span class='ocrx_word' id='word_1_20' title='bbox 2165 541 2405 607; x_wconf 77' lang='lat' dir='ltr'><strong>nuptias,</strong></span> <span class='ocrx_word' id='word_1_21' title='bbox 2437 555 2504 592; x_wconf 78' lang='lat' dir='ltr'><strong>ex</strong></span> <span class='ocrx_word' id='word_1_22' title='bbox 2559 541 2680 594; x_wconf 85' lang='lat' dir='ltr'><strong>aliis</strong></span> <span class='ocrx_word' id='word_1_23' title='bbox 2727 549 2880 595; x_wconf 72' lang='lat' dir='ltr'><strong>extra</strong></span> <span class='ocrx_word' id='word_1_24' title='bbox 2927 542 3285 597; x_wconf 71' lang='lat' dir='ltr'><strong>donationem</strong></span> <span class='ocrx_word' id='word_1_25' title='bbox 3325 562 3452 598; x_wconf 89' lang='lat' dir='ltr'><strong>eon-</strong></span> 
     </span>
    </p>
   </div>
   <div class='ocr_carea' id='block_1_6' title="bbox 219 620 1778 693">
    <p class='ocr_par' dir='ltr' id='par_1_6' title="bbox 219 620 1778 693">
     <span class='ocr_line' id='line_1_6' title="bbox 219 620 1778 693; baseline 0.003 -22"><span class='ocrx_word' id='word_1_26' title='bbox 219 621 314 672; x_wconf 88' lang='grc' dir='ltr'>τοῦ</span> <span class='ocrx_word' id='word_1_27' title='bbox 365 620 629 674; x_wconf 80' lang='grc' dir='ltr'>ὑποὸόλου</span> <span class='ocrx_word' id='word_1_28' title='bbox 670 623 836 689; x_wconf 77' lang='grc' dir='ltr'>ἄλλης</span> <span class='ocrx_word' id='word_1_29' title='bbox 874 624 917 655; x_wconf 79' lang='grc'>⁶’</span> <span class='ocrx_word' id='word_1_30' title='bbox 950 624 1237 692; x_wconf 79' lang='grc' dir='ltr'><strong>ὑπάρξεως</strong></span> <span class='ocrx_word' id='word_1_31' title='bbox 1280 623 1373 675; x_wconf 79' lang='grc' dir='ltr'><strong>τοῦ</strong></span> <span class='ocrx_word' id='word_1_32' title='bbox 1411 625 1623 693; x_wconf 80' lang='grc' dir='ltr'>ἀνδρὸς,</span> <span class='ocrx_word' id='word_1_33' title='bbox 1661 625 1778 676; x_wconf 80' lang='grc' dir='ltr'>ἀλλ’</span> 
     </span>
    </p>
   </div>
   <div class='ocr_carea' id='block_1_7' title="bbox 215 710 1784 783">
    <p class='ocr_par' dir='ltr' id='par_1_7' title="bbox 215 710 1784 783">
     <span class='ocr_line' id='line_1_7' title="bbox 215 710 1784 783; baseline 0.002 -20"><span class='ocrx_word' id='word_1_34' title='bbox 215 710 358 776; x_wconf 80' lang='grc' dir='ltr'>ὁμοῦ</span> <span class='ocrx_word' id='word_1_35' title='bbox 383 712 560 780; x_wconf 85' lang='grc' dir='ltr'>πάσης</span> <span class='ocrx_word' id='word_1_36' title='bbox 601 713 765 764; x_wconf 75' lang='grc' dir='ltr'>αὑτοῦ</span> <span class='ocrx_word' id='word_1_37' title='bbox 795 714 892 782; x_wconf 86' lang='grc' dir='ltr'>τῆς</span> <span class='ocrx_word' id='word_1_38' title='bbox 933 713 1254 782; x_wconf 72' lang='grc' dir='ltr'><strong>περιουσίας</strong></span> <span class='ocrx_word' id='word_1_39' title='bbox 1277 715 1494 783; x_wconf 78' lang='grc' dir='ltr'>ἐκείνην</span> <span class='ocrx_word' id='word_1_40' title='bbox 1516 715 1784 780; x_wconf 81' lang='grc' dir='ltr'>ἀναλεξα-</span> 
     </span>
    </p>
   </div>
   <div class='ocr_carea' id='block_1_8' title="bbox 223 802 1110 877">
    <p class='ocr_par' dir='ltr' id='par_1_8' title="bbox 223 802 1110 877">
     <span class='ocr_line' id='line_1_8' title="bbox 223 802 1110 877; baseline 0.006 -22"><span class='ocrx_word' id='word_1_41' title='bbox 223 802 360 872; x_wconf 82' lang='grc' dir='ltr'>μένη</span> <span class='ocrx_word' id='word_1_42' title='bbox 386 803 433 834; x_wconf 77' lang='lat'>&quot;</span> <span class='ocrx_word' id='word_1_43' title='bbox 457 806 558 873; x_wconf 81' lang='grc' dir='ltr'><strong>τὴν</strong></span> <span class='ocrx_word' id='word_1_44' title='bbox 587 807 783 874; x_wconf 75' lang='grc' dir='ltr'>μοῖραν</span> <span class='ocrx_word' id='word_1_45' title='bbox 802 807 1110 877; x_wconf 72' lang='grc' dir='ltr'>χαρίζεται.</span> 
     </span>
    </p>
   </div>
   <div class='ocr_carea' id='block_1_9' title="bbox 291 978 1784 1055">
    <p class='ocr_par' dir='ltr' id='par_1_9' title="bbox 291 978 1784 1055">
     <span class='ocr_line' id='line_1_9' title="bbox 291 978 1784 1055; baseline 0.005 -23"><span class='ocrx_word' id='word_1_46' title='bbox 291 981 512 1048; x_wconf 78' lang='grc' dir='ltr'><strong>Ταύτην</strong></span> <span class='ocrx_word' id='word_1_47' title='bbox 563 978 656 1034; x_wconf 82' lang='grc' dir='ltr'>οὖν</span> <span class='ocrx_word' id='word_1_48' title='bbox 708 983 806 1052; x_wconf 84' lang='grc' dir='ltr'>τὴν</span> <span class='ocrx_word' id='word_1_49' title='bbox 841 981 1150 1051; x_wconf 78' lang='grc' dir='ltr'>συνήθειαν,</span> <span class='ocrx_word' id='word_1_50' title='bbox 1178 985 1408 1052; x_wconf 82' lang='grc' dir='ltr'>ἐπείπερ</span> <span class='ocrx_word' id='word_1_51' title='bbox 1437 987 1500 1038; x_wconf 85' lang='grc' dir='ltr'><strong>οὑ</strong></span> <span class='ocrx_word' id='word_1_52' title='bbox 1537 987 1784 1055; x_wconf 73' lang='grc' dir='ltr'>λυπηρὰν</span> 
     </span>
    </p>
   </div>
   <div class='ocr_carea' id='block_1_10' title="bbox 220 1071 1787 1142">
    <p class='ocr_par' dir='ltr' id='par_1_10' title="bbox 220 1071 1787 1142">
     <span class='ocr_line' id='line_1_10' title="bbox 220 1071 1787 1142; baseline 0.003 -20"><span class='ocrx_word' id='word_1_53' title='bbox 220 1071 439 1138; x_wconf 75' lang='grc' dir='ltr'>δρῶμεν</span> <span class='ocrx_word' id='word_1_54' title='bbox 464 1073 577 1132; x_wconf 90' lang='grc' dir='ltr'>τοῖς</span> <span class='ocrx_word' id='word_1_55' title='bbox 614 1073 952 1140; x_wconf 82' lang='grc' dir='ltr'><strong>πράγμασιν,</strong></span> <span class='ocrx_word' id='word_1_56' title='bbox 995 1071 1184 1142; x_wconf 86' lang='grc' dir='ltr'>ὥσπερ</span> <span class='ocrx_word' id='word_1_57' title='bbox 1218 1078 1304 1127; x_wconf 80' lang='grc' dir='ltr'><strong>ἐπ’</strong></span> <span class='ocrx_word' id='word_1_58' title='bbox 1327 1075 1503 1128; x_wconf 79' lang='grc' dir='ltr'>ἄλλων</span> <span class='ocrx_word' id='word_1_59' title='bbox 1535 1076 1787 1130; x_wconf 78' lang='grc' dir='ltr'>ὲδικαιώ·</span> 
     </span>
    </p>
   </div>
   <div class='ocr_carea' id='block_1_11' title="bbox 225 1160 1784 1233">
    <p class='ocr_par' dir='ltr' id='par_1_11' title="bbox 225 1160 1784 1233">
     <span class='ocr_line' id='line_1_11' title="bbox 225 1160 1784 1233; baseline 0.005 -23"><span class='ocrx_word' id='word_1_60' title='bbox 225 1176 423 1224; x_wconf 80' lang='grc' dir='ltr'>σαμεν,</span> <span class='ocrx_word' id='word_1_61' title='bbox 448 1160 614 1229; x_wconf 86' lang='grc' dir='ltr'>νόμου</span> <span class='ocrx_word' id='word_1_62' title='bbox 666 1164 917 1230; x_wconf 85' lang='grc' dir='ltr'>τιμῶμεν</span> <span class='ocrx_word' id='word_1_63' title='bbox 957 1163 1248 1233; x_wconf 78' lang='grc' dir='ltr'>ἀξιώματι,</span> <span class='ocrx_word' id='word_1_64' title='bbox 1284 1165 1379 1216; x_wconf 73' lang='grc' dir='ltr'><strong>καὶ</strong></span> <span class='ocrx_word' id='word_1_65' title='bbox 1410 1164 1550 1217; x_wconf 77' lang='grc' dir='ltr'>ἔστω</span> <span class='ocrx_word' id='word_1_66' title='bbox 1579 1183 1641 1232; x_wconf 90' lang='grc' dir='ltr'><strong>γε</strong></span> <span class='ocrx_word' id='word_1_67' title='bbox 1677 1167 1784 1218; x_wconf 81' lang='grc' dir='ltr'>ἀπὸ</span> 
     </span>
    </p>
   </div>
   <div class='ocr_carea' id='block_1_12' title="bbox 219 1251 1783 1324">
    <p class='ocr_par' dir='ltr' id='par_1_12' title="bbox 219 1251 1783 1324">
     <span class='ocr_line' id='line_1_12' title="bbox 219 1251 1783 1324; baseline 0.005 -23"><span class='ocrx_word' id='word_1_68' title='bbox 219 1251 318 1302; x_wconf 83' lang='grc' dir='ltr'>τοῦ</span> <span class='ocrx_word' id='word_1_69' title='bbox 347 1251 443 1303; x_wconf 83' lang='grc' dir='ltr'>νῦν</span> <span class='ocrx_word' id='word_1_70' title='bbox 472 1255 638 1320; x_wconf 86' lang='grc' dir='ltr'>νόμου</span> <span class='ocrx_word' id='word_1_71' title='bbox 664 1255 817 1320; x_wconf 77' lang='grc' dir='ltr'>ἰσχὺν</span> <span class='ocrx_word' id='word_1_72' title='bbox 847 1254 962 1306; x_wconf 80' lang='grc' dir='ltr'>ἀλλ’</span> <span class='ocrx_word' id='word_1_73' title='bbox 989 1255 1049 1307; x_wconf 87' lang='grc' dir='ltr'><strong>οὐ</strong></span> <span class='ocrx_word' id='word_1_74' title='bbox 1103 1255 1390 1323; x_wconf 77' lang='grc' dir='ltr'>συνηθείας</span> <span class='ocrx_word' id='word_1_75' title='bbox 1444 1259 1783 1324; x_wconf 85' lang='grc' dir='ltr'><strong>κεκτημένη.</strong></span> 
     </span>
    </p>
   </div>
   <div class='ocr_carea' id='block_1_13' title="bbox 222 1339 1786 1416">
    <p class='ocr_par' dir='ltr' id='par_1_13' title="bbox 222 1339 1786 1416">
     <span class='ocr_line' id='line_1_13' title="bbox 222 1339 1786 1416; baseline 0.004 -25"><span class='ocrx_word' id='word_1_76' title='bbox 222 1339 286 1392; x_wconf 78' lang='grc' dir='ltr'><strong>Εἰ</strong></span> <span class='ocrx_word' id='word_1_77' title='bbox 313 1344 560 1408; x_wconf 79' lang='grc' dir='ltr'><strong>μέντοιγε</strong></span> <span class='ocrx_word' id='word_1_78' title='bbox 597 1343 744 1411; x_wconf 83' lang='grc' dir='ltr'><strong>μόνῳ</strong></span> <span class='ocrx_word' id='word_1_79' title='bbox 774 1345 814 1374; x_wconf 91' lang='grc'><strong>⁷¹</strong></span> <span class='ocrx_word' id='word_1_80' title='bbox 840 1345 916 1413; x_wconf 84' lang='grc' dir='ltr'><strong>τῷ</strong></span> <span class='ocrx_word' id='word_1_81' title='bbox 943 1344 1192 1414; x_wconf 80' lang='grc' dir='ltr'>ὑποὸόλῳ</span> <span class='ocrx_word' id='word_1_82' title='bbox 1223 1347 1254 1413; x_wconf 86' lang='grc' dir='ltr'><strong>ἡ</strong></span> <span class='ocrx_word' id='word_1_83' title='bbox 1296 1346 1388 1398; x_wconf 80' lang='grc' dir='ltr'>τοῦ</span> <span class='ocrx_word' id='word_1_84' title='bbox 1439 1349 1630 1416; x_wconf 83' lang='grc' dir='ltr'>ἀνδρὸς</span> <span class='ocrx_word' id='word_1_85' title='bbox 1661 1349 1786 1415; x_wconf 84' lang='grc' dir='ltr'>ἀρι-</span> 
     </span>
    </p>
   </div>
   <div class='ocr_carea' id='block_1_14' title="bbox 223 1432 1786 1502">
    <p class='ocr_par' dir='ltr' id='par_1_14' title="bbox 223 1432 1786 1502">
     <span class='ocr_line' id='line_1_14' title="bbox 223 1432 1786 1502; baseline 0.005 -20"><span class='ocrx_word' id='word_1_86' title='bbox 223 1432 442 1499; x_wconf 80' lang='grc' dir='ltr'>θμεῖται</span> <span class='ocrx_word' id='word_1_87' title='bbox 467 1433 759 1496; x_wconf 77' lang='grc' dir='ltr'>ὑπόστασις</span> <span class='ocrx_word' id='word_1_88' title='bbox 787 1436 938 1486; x_wconf 73' lang='grc' dir='ltr'>πᾶσα</span> <span class='ocrx_word' id='word_1_89' title='bbox 972 1436 1038 1495; x_wconf 75' lang='grc' dir='ltr'><strong>τ’,</strong></span> <span class='ocrx_word' id='word_1_90' title='bbox 1077 1435 1215 1502; x_wconf 89' lang='grc' dir='ltr'><strong>μετὰ</strong></span> <span class='ocrx_word' id='word_1_91' title='bbox 1239 1436 1346 1488; x_wconf 83' lang='grc' dir='ltr'>τῶν</span> <span class='ocrx_word' id='word_1_92' title='bbox 1375 1439 1577 1489; x_wconf 80' lang='grc' dir='ltr'>παίδων</span> <span class='ocrx_word' id='word_1_93' title='bbox 1598 1437 1786 1490; x_wconf 85' lang='grc' dir='ltr'>τούτου</span> 
     </span>
    </p>
   </div>
   <div class='ocr_carea' id='block_1_15' title="bbox 224 1521 1778 1594">
    <p class='ocr_par' dir='ltr' id='par_1_15' title="bbox 224 1521 1778 1594">
     <span class='ocr_line' id='line_1_15' title="bbox 224 1521 1778 1594; baseline 0.003 -23"><span class='ocrx_word' id='word_1_94' title='bbox 224 1521 645 1589; x_wconf 80' lang='grc' dir='ltr'>συνδιακειμένη</span> <span class='ocrx_word' id='word_1_95' title='bbox 677 1525 709 1590; x_wconf 73' lang='grc' dir='ltr'><strong>ἡ</strong></span> <span class='ocrx_word' id='word_1_96' title='bbox 739 1525 922 1591; x_wconf 80' lang='grc' dir='ltr'><strong>μήτηρ</strong></span> <span class='ocrx_word' id='word_1_97' title='bbox 953 1523 1051 1590; x_wconf 79' lang='grc' dir='ltr'>τὴν</span> <span class='ocrx_word' id='word_1_98' title='bbox 1085 1524 1184 1590; x_wconf 81' lang='grc' dir='ltr'><strong>μὲν</strong></span> <span class='ocrx_word' id='word_1_99' title='bbox 1222 1523 1589 1594; x_wconf 77' lang='grc' dir='ltr'>διαφέρουσαν</span> <span class='ocrx_word' id='word_1_100' title='bbox 1640 1525 1778 1592; x_wconf 78' lang='grc' dir='ltr'>αὐτῇ</span> 
     </span>
    </p>
   </div>
   <div class='ocr_carea' id='block_1_16' title="bbox 225 1603 1786 1682">
    <p class='ocr_par' dir='ltr' id='par_1_16' title="bbox 225 1603 1786 1682">
     <span class='ocr_line' id='line_1_16' title="bbox 225 1603 1786 1682; baseline 0.004 -21"><span class='ocrx_word' id='word_1_101' title='bbox 225 1613 421 1679; x_wconf 82' lang='grc' dir='ltr'>μοῖραν</span> <span class='ocrx_word' id='word_1_102' title='bbox 448 1614 528 1675; x_wconf 87' lang='grc' dir='ltr'><strong>είς</strong></span> <span class='ocrx_word' id='word_1_103' title='bbox 553 1613 845 1681; x_wconf 77' lang='grc' dir='ltr'>ὁλόκληρον</span> <span class='ocrx_word' id='word_1_104' title='bbox 877 1603 1214 1682; x_wconf 72' lang='grc' dir='ltr'>ἀπολήψεται</span> <span class='ocrx_word' id='word_1_105' title='bbox 1239 1615 1578 1677; x_wconf 79' lang='grc' dir='ltr'>δεσποτείαν,</span> <span class='ocrx_word' id='word_1_106' title='bbox 1614 1615 1706 1668; x_wconf 81' lang='grc' dir='ltr'>τοῦ</span> <span class='ocrx_word' id='word_1_107' title='bbox 1741 1617 1786 1668; x_wconf 87' lang='grc' dir='ltr'>δ’</span> 
     </span>
    </p>
   </div>
   <div class='ocr_carea' id='block_1_17' title="bbox 221 1704 1774 1777">
    <p class='ocr_par' dir='ltr' id='par_1_17' title="bbox 221 1704 1774 1777">
     <span class='ocr_line' id='line_1_17' title="bbox 221 1704 1774 1777; baseline 0.003 -23"><span class='ocrx_word' id='word_1_108' title='bbox 221 1704 385 1756; x_wconf 79' lang='grc' dir='ltr'>ἄλλου</span> <span class='ocrx_word' id='word_1_109' title='bbox 414 1705 512 1774; x_wconf 78' lang='grc' dir='ltr'>τὴν</span> <span class='ocrx_word' id='word_1_110' title='bbox 558 1704 754 1773; x_wconf 85' lang='grc' dir='ltr'>χρῆσιν</span> <span class='ocrx_word' id='word_1_111' title='bbox 780 1704 914 1769; x_wconf 70' lang='grc' dir='ltr'>ἕξει.</span> <span class='ocrx_word' id='word_1_112' title='bbox 947 1706 1006 1758; x_wconf 78' lang='lat' dir='ltr'><strong>Et</strong></span> <span class='ocrx_word' id='word_1_113' title='bbox 1050 1706 1106 1759; x_wconf 82' lang='grc' dir='ltr'>δὲ</span> <span class='ocrx_word' id='word_1_114' title='bbox 1146 1707 1219 1777; x_wconf 84' lang='grc' dir='ltr'>μὴ</span> <span class='ocrx_word' id='word_1_115' title='bbox 1250 1706 1466 1775; x_wconf 78' lang='grc' dir='ltr'>ἐξαρκεῖ</span> <span class='ocrx_word' id='word_1_116' title='bbox 1499 1709 1634 1775; x_wconf 60' lang='grc' dir='ltr'>προς</span> <span class='ocrx_word' id='word_1_117' title='bbox 1678 1707 1774 1760; x_wconf 79' lang='grc' dir='ltr'><strong>σύ-</strong></span> 
     </span>
    </p>
   </div>
   <div class='ocr_carea' id='block_1_18' title="bbox 220 1797 1781 1867">
    <p class='ocr_par' dir='ltr' id='par_1_18' title="bbox 220 1797 1781 1867">
     <span class='ocr_line' id='line_1_18' title="bbox 220 1797 1781 1867; baseline 0.001 -21"><span class='ocrx_word' id='word_1_118' title='bbox 220 1813 416 1848; x_wconf 78' lang='grc' dir='ltr'>στασιν</span> <span class='ocrx_word' id='word_1_119' title='bbox 472 1797 566 1848; x_wconf 84' lang='grc' dir='ltr'>τοῦ</span> <span class='ocrx_word' id='word_1_120' title='bbox 613 1797 936 1866; x_wconf 74' lang='grc' dir='ltr'>ὐποῦόλουή</span> <span class='ocrx_word' id='word_1_121' title='bbox 992 1798 1298 1867; x_wconf 74' lang='grc' dir='ltr'>περιουσία,</span> <span class='ocrx_word' id='word_1_122' title='bbox 1356 1797 1452 1866; x_wconf 83' lang='grc' dir='ltr'><strong>τὴν</strong></span> <span class='ocrx_word' id='word_1_123' title='bbox 1527 1797 1781 1867; x_wconf 77' lang='grc' dir='ltr'>μοῖρανή</span> 
     </span>
    </p>
   </div>
   <div class='ocr_carea' id='block_1_19' title="bbox 217 1863 1855 1957">
    <p class='ocr_par' dir='ltr' id='par_1_19' title="bbox 217 1863 1855 1957">
     <span class='ocr_line' id='line_1_19' title="bbox 217 1863 1855 1957; baseline 0.002 -20"><span class='ocrx_word' id='word_1_124' title='bbox 217 1889 357 1956; x_wconf 80' lang='grc' dir='ltr'>γυνὴ</span> <span class='ocrx_word' id='word_1_125' title='bbox 389 1887 616 1954; x_wconf 84' lang='grc' dir='ltr'>λήψεται</span> <span class='ocrx_word' id='word_1_126' title='bbox 643 1887 705 1938; x_wconf 84' lang='grc' dir='ltr'><strong>οὐ</strong></span> <span class='ocrx_word' id='word_1_127' title='bbox 739 1887 876 1938; x_wconf 71' lang='grc' dir='ltr'>κατὰ</span> <span class='ocrx_word' id='word_1_128' title='bbox 901 1889 998 1955; x_wconf 80' lang='grc' dir='ltr'>τὴν</span> <span class='ocrx_word' id='word_1_129' title='bbox 1027 1888 1422 1956; x_wconf 82' lang='grc' dir='ltr'>εὑρισκομένην</span> <span class='ocrx_word' id='word_1_130' title='bbox 1465 1888 1559 1940; x_wconf 79' lang='grc' dir='ltr'>τοῦ</span> <span class='ocrx_word' id='word_1_131' title='bbox 1614 1904 1781 1957; x_wconf 81' lang='grc' dir='ltr'>μειω-</span> <span class='ocrx_word' id='word_1_132' title='bbox 1814 1863 1855 1917; x_wconf 74' lang='grc' dir='ltr'><strong>Β</strong></span> 
     </span>
    </p>
   </div>
   <div class='ocr_carea' id='block_1_20' title="bbox 216 1977 1778 2046">
    <p class='ocr_par' dir='ltr' id='par_1_20' title="bbox 216 1977 1778 2046">
     <span class='ocr_line' id='line_1_20' title="bbox 216 1977 1778 2046; baseline 0.002 -18"><span class='ocrx_word' id='word_1_133' title='bbox 216 1979 406 2038; x_wconf 82' lang='grc' dir='ltr'>ίιὲντος</span> <span class='ocrx_word' id='word_1_134' title='bbox 441 1977 706 2030; x_wconf 61' lang='lat' dir='ltr'><strong>amomo</strong></span> <span class='ocrx_word' id='word_1_135' title='bbox 737 1980 1027 2046; x_wconf 75' lang='grc' dir='ltr'>ποσότητα,</span> <span class='ocrx_word' id='word_1_136' title='bbox 1060 1978 1193 2030; x_wconf 80' lang='grc' dir='ltr'>ἀλλὰ</span> <span class='ocrx_word' id='word_1_137' title='bbox 1214 1978 1462 2030; x_wconf 78' lang='grc' dir='ltr'>τοσοῦτον</span> <span class='ocrx_word' id='word_1_138' title='bbox 1488 1978 1686 2046; x_wconf 71' lang='grc' dir='ltr'>ἔχουσα</span> <span class='ocrx_word' id='word_1_139' title='bbox 1713 1981 1778 2044; x_wconf 89' lang='grc'>⁷³,</span> 
     </span>
    </p>
   </div>
   <div class='ocr_carea' id='block_1_21' title="bbox 215 2068 1781 2140">
    <p class='ocr_par' dir='ltr' id='par_1_21' title="bbox 215 2068 1781 2140">
     <span class='ocr_line' id='line_1_21' title="bbox 215 2068 1781 2140; baseline 0.003 -22"><span class='ocrx_word' id='word_1_140' title='bbox 215 2069 343 2119; x_wconf 79' lang='grc' dir='ltr'>ὅσον</span> <span class='ocrx_word' id='word_1_141' title='bbox 383 2070 448 2122; x_wconf 80' lang='grc' dir='ltr'>ἂν</span> <span class='ocrx_word' id='word_1_142' title='bbox 479 2068 656 2138; x_wconf 76' lang='grc' dir='ltr'>ἔσχεν,</span> <span class='ocrx_word' id='word_1_143' title='bbox 682 2071 728 2121; x_wconf 83' lang='grc' dir='ltr'><strong>εί</strong></span> <span class='ocrx_word' id='word_1_144' title='bbox 782 2070 949 2138; x_wconf 81' lang='grc' dir='ltr'>μηδὲν</span> <span class='ocrx_word' id='word_1_145' title='bbox 976 2069 1357 2138; x_wconf 72' lang='grc' dir='ltr'>ἠλαττωμένον</span> <span class='ocrx_word' id='word_1_146' title='bbox 1385 2070 1520 2122; x_wconf 80' lang='grc' dir='ltr'>ἀλλὰ</span> <span class='ocrx_word' id='word_1_147' title='bbox 1577 2072 1781 2140; x_wconf 83' lang='grc' dir='ltr'>πλῆρες</span> 
     </span>
    </p>
   </div>
   <div class='ocr_carea' id='block_1_22' title="bbox 216 2158 1778 2230">
    <p class='ocr_par' dir='ltr' id='par_1_22' title="bbox 216 2158 1778 2230">
     <span class='ocr_line' id='line_1_22' title="bbox 216 2158 1778 2230; baseline 0.002 -20"><span class='ocrx_word' id='word_1_148' title='bbox 216 2159 278 2210; x_wconf 81' lang='grc' dir='ltr'>ὃν</span> <span class='ocrx_word' id='word_1_149' title='bbox 304 2158 368 2211; x_wconf 85' lang='grc' dir='ltr'><strong>τὸ</strong></span> <span class='ocrx_word' id='word_1_150' title='bbox 395 2159 659 2211; x_wconf 75' lang='grc' dir='ltr'>ὑπόῦολον</span> <span class='ocrx_word' id='word_1_151' title='bbox 689 2158 1036 2227; x_wconf 71' lang='grc' dir='ltr'>ὲγνωρίζετο.</span> <span class='ocrx_word' id='word_1_152' title='bbox 1069 2159 1340 2228; x_wconf 84' lang='grc' dir='ltr'>Τοιαύτης</span> <span class='ocrx_word' id='word_1_153' title='bbox 1368 2159 1458 2212; x_wconf 78' lang='grc' dir='ltr'><strong>οὖν</strong></span> <span class='ocrx_word' id='word_1_154' title='bbox 1492 2160 1778 2230; x_wconf 79' lang='grc' dir='ltr'>διδομένης</span> 
     </span>
    </p>
   </div>
   <div class='ocr_carea' id='block_1_23' title="bbox 215 2251 1783 2321">
    <p class='ocr_par' dir='ltr' id='par_1_23' title="bbox 215 2251 1783 2321">
     <span class='ocr_line' id='line_1_23' title="bbox 215 2251 1783 2321; baseline -0.001 -18"><span class='ocrx_word' id='word_1_155' title='bbox 215 2253 284 2320; x_wconf 82' lang='grc' dir='ltr'>τῇ</span> <span class='ocrx_word' id='word_1_156' title='bbox 319 2251 544 2313; x_wconf 76' lang='grc' dir='ltr'>γυναικὶ</span> <span class='ocrx_word' id='word_1_157' title='bbox 593 2251 827 2321; x_wconf 81' lang='grc' dir='ltr'>μερίδος,</span> <span class='ocrx_word' id='word_1_158' title='bbox 866 2251 934 2301; x_wconf 72' lang='grc' dir='ltr'>τὰ</span> <span class='ocrx_word' id='word_1_159' title='bbox 992 2251 1414 2320; x_wconf 77' lang='grc' dir='ltr'>περιλειπόμενα</span> <span class='ocrx_word' id='word_1_160' title='bbox 1467 2252 1608 2304; x_wconf 79' lang='grc' dir='ltr'>ἔστω</span> <span class='ocrx_word' id='word_1_161' title='bbox 1674 2253 1783 2303; x_wconf 82' lang='grc' dir='ltr'><strong>τῶν</strong></span> 
     </span>
    </p>
   </div>
   <div class='ocr_carea' id='block_1_24' title="bbox 217 2341 1780 2413">
    <p class='ocr_par' dir='ltr' id='par_1_24' title="bbox 217 2341 1780 2413">
     <span class='ocr_line' id='line_1_24' title="bbox 217 2341 1780 2413; baseline 0.001 -20"><span class='ocrx_word' id='word_1_162' title='bbox 217 2341 454 2405; x_wconf 83' lang='grc' dir='ltr'>παίδων,</span> <span class='ocrx_word' id='word_1_163' title='bbox 483 2344 532 2394; x_wconf 86' lang='grc' dir='ltr'><strong>εί</strong></span> <span class='ocrx_word' id='word_1_164' title='bbox 583 2342 639 2393; x_wconf 79' lang='grc' dir='ltr'>δὲ</span> <span class='ocrx_word' id='word_1_165' title='bbox 694 2343 860 2408; x_wconf 78' lang='grc' dir='ltr'>μηδὲν</span> <span class='ocrx_word' id='word_1_166' title='bbox 918 2342 1281 2405; x_wconf 82' lang='grc' dir='ltr'>ὑπολείποιτο,</span> <span class='ocrx_word' id='word_1_167' title='bbox 1313 2344 1388 2406; x_wconf 86' lang='grc' dir='ltr'>ὡς</span> <span class='ocrx_word' id='word_1_168' title='bbox 1435 2344 1636 2412; x_wconf 86' lang='grc' dir='ltr'>κλῆρον</span> <span class='ocrx_word' id='word_1_169' title='bbox 1682 2344 1780 2413; x_wconf 82' lang='grc' dir='ltr'>τὴν</span> 
     </span>
    </p>
   </div>
   <div class='ocr_carea' id='block_1_25' title="bbox 215 2431 1783 2501">
    <p class='ocr_par' dir='ltr' id='par_1_25' title="bbox 215 2431 1783 2501">
     <span class='ocr_line' id='line_1_25' title="bbox 215 2431 1783 2501; baseline -0.001 -16"><span class='ocrx_word' id='word_1_170' title='bbox 215 2432 489 2501; x_wconf 74' lang='grc' dir='ltr'>ἁκληρίαν</span> <span class='ocrx_word' id='word_1_171' title='bbox 515 2431 851 2484; x_wconf 80' lang='grc' dir='ltr'>ἀποίσονται.</span> <span class='ocrx_word' id='word_1_172' title='bbox 905 2432 1063 2484; x_wconf 78' lang='grc' dir='ltr'>Ἀλλὰ</span> <span class='ocrx_word' id='word_1_173' title='bbox 1093 2432 1267 2484; x_wconf 82' lang='grc' dir='ltr'>ταῦτα</span> <span class='ocrx_word' id='word_1_174' title='bbox 1301 2433 1399 2500; x_wconf 81' lang='grc' dir='ltr'>μὲν</span> <span class='ocrx_word' id='word_1_175' title='bbox 1435 2432 1563 2500; x_wconf 76' lang='grc' dir='ltr'>περὶ</span> <span class='ocrx_word' id='word_1_176' title='bbox 1594 2449 1783 2498; x_wconf 87' lang='grc' dir='ltr'>γυναι-</span> 
     </span>
    </p>
   </div>
   <div class='ocr_carea' id='block_1_26' title="bbox 215 2521 1782 2590">
    <p class='ocr_par' dir='ltr' id='par_1_26' title="bbox 215 2521 1782 2590">
     <span class='ocr_line' id='line_1_26' title="bbox 215 2521 1782 2590; baseline -0.016 7"><span class='ocrx_word' id='word_1_177' title='bbox 215 2524 333 2585; x_wconf 60' lang='grc' dir='ltr'><strong>κδςο</strong></span> <span class='ocrx_word' id='word_1_178' title='bbox 357 2522 415 2573; x_wconf 78' lang='grc' dir='ltr'>Ὀ</span> <span class='ocrx_word' id='word_1_179' title='bbox 440 2521 580 2590; x_wconf 64' lang='grc' dir='ltr'><strong>ἀνὴρ</strong></span> <span class='ocrx_word' id='word_1_180' title='bbox 613 2521 668 2574; x_wconf 66' lang='grc' dir='ltr'>δὲ</span> <span class='ocrx_word' id='word_1_181' title='bbox 694 2522 860 2583; x_wconf 57' lang='grc' dir='ltr'><strong>άτ’ῧτλιες</strong></span> <span class='ocrx_word' id='word_1_182' title='bbox 902 2522 999 2589; x_wconf 83' lang='grc' dir='ltr'><strong>μὲν</strong></span> <span class='ocrx_word' id='word_1_183' title='bbox 1031 2523 1106 2573; x_wconf 81' lang='grc' dir='ltr'>ὢν</span> <span class='ocrx_word' id='word_1_184' title='bbox 1134 2523 1413 2589; x_wconf 80' lang='grc' dir='ltr'>(καθάπερ</span> <span class='ocrx_word' id='word_1_185' title='bbox 1447 2523 1502 2572; x_wconf 74' lang='grc' dir='ltr'>ἐν</span> <span class='ocrx_word' id='word_1_186' title='bbox 1531 2522 1712 2584; x_wconf 80' lang='grc' dir='ltr'>ἄλλοις</span> <span class='ocrx_word' id='word_1_187' title='bbox 1735 2523 1782 2553; x_wconf 66' lang='grc'><strong>⁷⁵</strong></span> 
     </span>
    </p>
   </div>
   <div class='ocr_carea' id='block_1_27' title="bbox 214 2612 1784 2684">
    <p class='ocr_par' dir='ltr' id='par_1_27' title="bbox 214 2612 1784 2684">
     <span class='ocr_line' id='line_1_27' title="bbox 214 2612 1784 2684; baseline -0.001 -18"><span class='ocrx_word' id='word_1_188' title='bbox 214 2614 527 2684; x_wconf 85' lang='grc' dir='ltr'>διώρθωται</span> <span class='ocrx_word' id='word_1_189' title='bbox 557 2617 649 2668; x_wconf 77' lang='grc' dir='ltr'><strong>καὶ</strong></span> <span class='ocrx_word' id='word_1_190' title='bbox 673 2615 1040 2675; x_wconf 68' lang='grc' dir='ltr'>διατέτακται)</span> <span class='ocrx_word' id='word_1_191' title='bbox 1074 2614 1224 2666; x_wconf 78' lang='grc' dir='ltr'>οὐδὲν</span> <span class='ocrx_word' id='word_1_192' title='bbox 1257 2613 1378 2664; x_wconf 71' lang='grc' dir='ltr'>οὔτε</span> <span class='ocrx_word' id='word_1_193' title='bbox 1409 2614 1635 2682; x_wconf 79' lang='grc' dir='ltr'>λήψεται</span> <span class='ocrx_word' id='word_1_194' title='bbox 1659 2612 1784 2664; x_wconf 78' lang='grc' dir='ltr'>οὔτε</span> 
     </span>
    </p>
   </div>
   <div class='ocr_carea' id='block_1_28' title="bbox 217 2705 1784 2776">
    <p class='ocr_par' dir='ltr' id='par_1_28' title="bbox 217 2705 1784 2776">
     <span class='ocr_line' id='line_1_28' title="bbox 217 2705 1784 2776; baseline 0 -19"><span class='ocrx_word' id='word_1_195' title='bbox 217 2705 654 2775; x_wconf 79' lang='grc' dir='ltr'>ζημιωθήσεται,</span> <span class='ocrx_word' id='word_1_196' title='bbox 691 2709 896 2759; x_wconf 79' lang='grc' dir='ltr'>παίδων</span> <span class='ocrx_word' id='word_1_197' title='bbox 945 2707 1004 2758; x_wconf 73' lang='grc' dir='ltr'>δὲ</span> <span class='ocrx_word' id='word_1_198' title='bbox 1062 2706 1246 2776; x_wconf 81' lang='grc' dir='ltr'>πατὴρ</span> <span class='ocrx_word' id='word_1_199' title='bbox 1298 2706 1537 2774; x_wconf 84' lang='grc' dir='ltr'>γεγονὼς</span> <span class='ocrx_word' id='word_1_200' title='bbox 1579 2706 1674 2760; x_wconf 67' lang='grc' dir='ltr'>καὶ</span> <span class='ocrx_word' id='word_1_201' title='bbox 1711 2705 1784 2776; x_wconf 78' lang='grc' dir='ltr'>μὴ</span> 
     </span>
    </p>
   </div>
   <div class='ocr_carea' id='block_1_29' title="bbox 212 2797 1787 2867">
    <p class='ocr_par' dir='ltr' id='par_1_29' title="bbox 212 2797 1787 2867">
     <span class='ocr_line' id='line_1_29' title="bbox 212 2797 1787 2867; baseline 0.001 -18"><span class='ocrx_word' id='word_1_202' title='bbox 212 2797 491 2866; x_wconf 69' lang='grc' dir='ltr'>δευτέροις</span> <span class='ocrx_word' id='word_1_203' title='bbox 518 2798 714 2865; x_wconf 81' lang='grc' dir='ltr'>γάμοις</span> <span class='ocrx_word' id='word_1_204' title='bbox 746 2798 838 2848; x_wconf 79' lang='grc' dir='ltr'><strong>τὸν</strong></span> <span class='ocrx_word' id='word_1_205' title='bbox 869 2797 1004 2866; x_wconf 79' lang='grc' dir='ltr'>πρὸς</span> <span class='ocrx_word' id='word_1_206' title='bbox 1032 2798 1131 2864; x_wconf 80' lang='grc' dir='ltr'>τὴν</span> <span class='ocrx_word' id='word_1_207' title='bbox 1157 2801 1388 2866; x_wconf 81' lang='grc' dir='ltr'>γυναῖκα</span> <span class='ocrx_word' id='word_1_208' title='bbox 1418 2800 1580 2850; x_wconf 81' lang='grc' dir='ltr'>πόθον</span> <span class='ocrx_word' id='word_1_209' title='bbox 1612 2798 1787 2867; x_wconf 83' lang='grc' dir='ltr'>μαρὰ-</span> 
     </span>
    </p>
   </div>
   <div class='ocr_carea' id='block_1_30' title="bbox 215 2888 1784 2958">
    <p class='ocr_par' dir='ltr' id='par_1_30' title="bbox 215 2888 1784 2958">
     <span class='ocr_line' id='line_1_30' title="bbox 215 2888 1784 2958; baseline 0.001 -20"><span class='ocrx_word' id='word_1_210' title='bbox 215 2905 319 2949; x_wconf 84' lang='grc' dir='ltr'><strong>νας</strong></span> <span class='ocrx_word' id='word_1_211' title='bbox 336 2889 434 2941; x_wconf 71' lang='grc' dir='ltr'>καὶ</span> <span class='ocrx_word' id='word_1_212' title='bbox 445 2889 604 2949; x_wconf 77' lang='grc' dir='ltr'>αὐτὸς</span> <span class='ocrx_word' id='word_1_213' title='bbox 624 2888 852 2956; x_wconf 74' lang='grc' dir='ltr'>λήψεται</span> <span class='ocrx_word' id='word_1_214' title='bbox 875 2891 1066 2958; x_wconf 85' lang='grc' dir='ltr'>μοῖραν</span> <span class='ocrx_word' id='word_1_215' title='bbox 1078 2890 1289 2952; x_wconf 78' lang='grc' dir='ltr'>παιδὸς,</span> <span class='ocrx_word' id='word_1_216' title='bbox 1318 2889 1704 2958; x_wconf 80' lang='grc' dir='ltr'>τεκνοτροφίας</span> <span class='ocrx_word' id='word_1_217' title='bbox 1727 2906 1784 2941; x_wconf 85' lang='grc' dir='ltr'><strong>τε</strong></span> 
     </span>
    </p>
   </div>
   <div class='ocr_carea' id='block_1_31' title="bbox 217 2978 1783 3051">
    <p class='ocr_par' dir='ltr' id='par_1_31' title="bbox 217 2978 1783 3051">
     <span class='ocr_line' id='line_1_31' title="bbox 217 2978 1783 3051; baseline 0.002 -22"><span class='ocrx_word' id='word_1_218' title='bbox 217 2978 385 3031; x_wconf 79' lang='grc' dir='ltr'>ἓνεκα</span> <span class='ocrx_word' id='word_1_219' title='bbox 415 2980 510 3030; x_wconf 77' lang='grc' dir='ltr'><strong>καὶ</strong></span> <span class='ocrx_word' id='word_1_220' title='bbox 541 2980 641 3046; x_wconf 79' lang='grc' dir='ltr'><strong>τῆς</strong></span> <span class='ocrx_word' id='word_1_221' title='bbox 667 2980 1108 3049; x_wconf 83' lang='grc' dir='ltr'>διασεσωσμένης</span> <span class='ocrx_word' id='word_1_222' title='bbox 1135 2979 1284 3050; x_wconf 82' lang='grc' dir='ltr'>αὑτῷ</span> <span class='ocrx_word' id='word_1_223' title='bbox 1306 2979 1442 3050; x_wconf 79' lang='grc' dir='ltr'>πρὸς</span> <span class='ocrx_word' id='word_1_224' title='bbox 1462 2979 1554 3035; x_wconf 77' lang='grc' dir='ltr'><strong>τὸν</strong></span> <span class='ocrx_word' id='word_1_225' title='bbox 1572 2981 1783 3051; x_wconf 83' lang='grc' dir='ltr'>πρῶτον</span> 
     </span>
    </p>
   </div>
   <div class='ocr_carea' id='block_1_32' title="bbox 221 3072 1079 3141">
    <p class='ocr_par' dir='ltr' id='par_1_32' title="bbox 221 3072 1079 3141">
     <span class='ocr_line' id='line_1_32' title="bbox 221 3072 1079 3141; baseline 0.003 -18"><span class='ocrx_word' id='word_1_226' title='bbox 221 3072 404 3140; x_wconf 85' lang='grc' dir='ltr'>γάμον</span> <span class='ocrx_word' id='word_1_227' title='bbox 437 3072 530 3126; x_wconf 71' lang='grc' dir='ltr'><strong>καὶ</strong></span> <span class='ocrx_word' id='word_1_228' title='bbox 550 3073 730 3134; x_wconf 74' lang='grc' dir='ltr'>αἰδοῦς</span> <span class='ocrx_word' id='word_1_229' title='bbox 767 3074 860 3124; x_wconf 77' lang='grc' dir='ltr'>καὶ</span> <span class='ocrx_word' id='word_1_230' title='bbox 891 3073 1079 3141; x_wconf 82' lang='grc' dir='ltr'>τιμῆς.</span> 
     </span>
    </p>
   </div>
   <div class='ocr_carea' id='block_1_33' title="bbox 731 3163 1285 3220">
    <p class='ocr_par' dir='ltr' id='par_1_33' title="bbox 731 3163 1285 3220">
     <span class='ocr_line' id='line_1_33' title="bbox 731 3163 1285 3220; baseline 0.009 -5"><span class='ocrx_word' id='word_1_231' title='bbox 731 3164 1048 3216; x_wconf 75' lang='grc' dir='ltr'><strong>ΔΙΑΤΑΞΙΣ</strong></span> <span class='ocrx_word' id='word_1_232' title='bbox 1088 3163 1191 3218; x_wconf 78' lang='grc' dir='ltr'><strong>ΚΓ</strong></span> <span class='ocrx_word' id='word_1_233' title='bbox 1215 3166 1285 3220; x_wconf 79' lang='grc'><strong>’⁸.</strong></span> 
     </span>
    </p>
   </div>
   <div class='ocr_carea' id='block_1_34' title="bbox 222 3254 1790 3326">
    <p class='ocr_par' dir='ltr' id='par_1_34' title="bbox 222 3254 1790 3326">
     <span class='ocr_line' id='line_1_34' title="bbox 222 3254 1790 3326; baseline 0 -16"><span class='ocrx_word' id='word_1_234' title='bbox 222 3256 365 3326; x_wconf 78' lang='grc' dir='ltr'>Περὶ</span> <span class='ocrx_word' id='word_1_235' title='bbox 394 3255 501 3309; x_wconf 80' lang='grc' dir='ltr'>τοῦ</span> <span class='ocrx_word' id='word_1_236' title='bbox 527 3255 610 3322; x_wconf 76' lang='grc' dir='ltr'>μὴ</span> <span class='ocrx_word' id='word_1_237' title='bbox 636 3254 991 3326; x_wconf 55' lang='grc' dir='ltr'>’μνηστείας</span> <span class='ocrx_word' id='word_1_238' title='bbox 1021 3256 1213 3326; x_wconf 68' lang='grc' dir='ltr'>ποιεῖν</span> <span class='ocrx_word' id='word_1_239' title='bbox 1257 3256 1410 3323; x_wconf 80' lang='grc' dir='ltr'>Ιδίας</span> <span class='ocrx_word' id='word_1_240' title='bbox 1444 3255 1584 3320; x_wconf 86' lang='grc' dir='ltr'>τοὺς</span> <span class='ocrx_word' id='word_1_241' title='bbox 1641 3258 1790 3310; x_wconf 83' lang='grc' dir='ltr'>κατὰ</span> 
     </span>
    </p>
   </div>
   <div class='ocr_carea' id='block_1_35' title="bbox 679 3324 1330 3391">
    <p class='ocr_par' dir='ltr' id='par_1_35' title="bbox 679 3324 1330 3391">
     <span class='ocr_line' id='line_1_35' title="bbox 679 3324 1330 3391; baseline 0.006 -15"><span class='ocrx_word' id='word_1_242' title='bbox 679 3324 785 3376; x_wconf 79' lang='grc' dir='ltr'><strong>τὸν</strong></span> <span class='ocrx_word' id='word_1_243' title='bbox 805 3326 989 3378; x_wconf 77' lang='grc' dir='ltr'>τόπον</span> <span class='ocrx_word' id='word_1_244' title='bbox 1016 3325 1330 3391; x_wconf 77' lang='grc' dir='ltr'>ἄρχοντας.</span> 
     </span>
    </p>
   </div>
   <div class='ocr_carea' id='block_1_36' title="bbox 304 3413 1451 3483">
    <p class='ocr_par' dir='ltr' id='par_1_36' title="bbox 304 3413 1451 3483">
     <span class='ocr_line' id='line_1_36' title="bbox 304 3413 1451 3483; baseline 0.001 -16"><span class='ocrx_word' id='word_1_245' title='bbox 304 3415 366 3467; x_wconf 90' lang='lat'><strong>&#39;0</strong></span> <span class='ocrx_word' id='word_1_246' title='bbox 400 3415 561 3476; x_wconf 80' lang='grc' dir='ltr'>αὐτὸς</span> <span class='ocrx_word' id='word_1_247' title='bbox 597 3413 850 3483; x_wconf 83' lang='grc' dir='ltr'>βασιλεὺς</span> <span class='ocrx_word' id='word_1_248' title='bbox 877 3414 953 3482; x_wconf 84' lang='grc' dir='ltr'>τῷ</span> <span class='ocrx_word' id='word_1_249' title='bbox 981 3415 1130 3482; x_wconf 77' lang='grc' dir='ltr'><strong>αὑτῷ</strong></span> <span class='ocrx_word' id='word_1_250' title='bbox 1157 3414 1451 3483; x_wconf 82' lang='grc' dir='ltr'>Στυλιανῷ.</span> 
     </span>
    </p>
   </div>
   <div class='ocr_carea' id='block_1_37' title="bbox 294 3499 1788 3572">
    <p class='ocr_par' dir='ltr' id='par_1_37' title="bbox 294 3499 1788 3572">
     <span class='ocr_line' id='line_1_37' title="bbox 294 3499 1788 3572; baseline 0 -17"><span class='ocrx_word' id='word_1_251' title='bbox 294 3499 536 3572; x_wconf 64' lang='grc' dir='ltr'>*Ηνμὲν</span> <span class='ocrx_word' id='word_1_252' title='bbox 564 3499 656 3555; x_wconf 78' lang='grc' dir='ltr'><strong>οὖν</strong></span> <span class='ocrx_word' id='word_1_253' title='bbox 699 3502 847 3565; x_wconf 79' lang='grc' dir='ltr'>ἄξιον</span> <span class='ocrx_word' id='word_1_254' title='bbox 902 3504 996 3555; x_wconf 70' lang='grc' dir='ltr'>καὶ</span> <span class='ocrx_word' id='word_1_255' title='bbox 1034 3503 1383 3571; x_wconf 83' lang='grc' dir='ltr'>ἀνθρωπίνης</span> <span class='ocrx_word' id='word_1_256' title='bbox 1423 3504 1664 3566; x_wconf 79' lang='grc' dir='ltr'>διανοίας</span> <span class='ocrx_word' id='word_1_257' title='bbox 1694 3504 1788 3557; x_wconf 69' lang='grc' dir='ltr'>καὶ</span> 
     </span>
    </p>
   </div>
   <div class='ocr_carea' id='block_1_38' title="bbox 223 3593 1785 3665">
    <p class='ocr_par' dir='ltr' id='par_1_38' title="bbox 223 3593 1785 3665">
     <span class='ocr_line' id='line_1_38' title="bbox 223 3593 1785 3665; baseline 0 -17"><span class='ocrx_word' id='word_1_258' title='bbox 223 3594 463 3664; x_wconf 77' lang='grc' dir='ltr'>ἀρχικῆς</span> <span class='ocrx_word' id='word_1_259' title='bbox 522 3593 744 3663; x_wconf 78' lang='grc' dir='ltr'>ἀρετῆς,</span> <span class='ocrx_word' id='word_1_260' title='bbox 777 3595 902 3656; x_wconf 78' lang='grc' dir='ltr'>τοὺς</span> <span class='ocrx_word' id='word_1_261' title='bbox 953 3596 1032 3655; x_wconf 89' lang='grc' dir='ltr'>εἰς</span> <span class='ocrx_word' id='word_1_262' title='bbox 1080 3595 1253 3664; x_wconf 81' lang='grc' dir='ltr'>ἀρχὴν</span> <span class='ocrx_word' id='word_1_263' title='bbox 1298 3596 1785 3665; x_wconf 73' lang='grc' dir='ltr'>προϐαλλομένους,</span> 
     </span>
    </p>
   </div>
   <div class='ocr_carea' id='block_1_39' title="bbox 221 3679 1790 3754">
    <p class='ocr_par' dir='ltr' id='par_1_39' title="bbox 221 3679 1790 3754">
     <span class='ocr_line' id='line_1_39' title="bbox 221 3679 1790 3754; baseline -0.001 -16"><span class='ocrx_word' id='word_1_264' title='bbox 221 3685 345 3738; x_wconf 80' lang='grc' dir='ltr'>ἀνθ’</span> <span class='ocrx_word' id='word_1_265' title='bbox 376 3679 451 3737; x_wconf 84' lang='grc' dir='ltr'>ὧν</span> <span class='ocrx_word' id='word_1_266' title='bbox 481 3684 620 3753; x_wconf 81' lang='grc' dir='ltr'>ὑπὲρ</span> <span class='ocrx_word' id='word_1_267' title='bbox 658 3684 884 3745; x_wconf 77' lang='grc' dir='ltr'>πολλοὺς</span> <span class='ocrx_word' id='word_1_268' title='bbox 926 3685 1050 3746; x_wconf 79' lang='grc' dir='ltr'>τοὺς</span> <span class='ocrx_word' id='word_1_269' title='bbox 1078 3684 1269 3746; x_wconf 74' lang='grc' dir='ltr'>ἄλλους</span> <span class='ocrx_word' id='word_1_270' title='bbox 1295 3685 1453 3754; x_wconf 80' lang='grc' dir='ltr'>δόξης</span> <span class='ocrx_word' id='word_1_271' title='bbox 1479 3688 1790 3739; x_wconf 75' lang='grc' dir='ltr'>ἀπέλαυσαν</span> 
     </span>
    </p>
   </div>
   <div class='ocr_carea' id='block_1_40' title="bbox 223 3772 1788 3848">
    <p class='ocr_par' dir='ltr' id='par_1_40' title="bbox 223 3772 1788 3848">
     <span class='ocr_line' id='line_1_40' title="bbox 223 3772 1788 3848; baseline 0.001 -19"><span class='ocrx_word' id='word_1_272' title='bbox 223 3778 324 3829; x_wconf 74' lang='grc' dir='ltr'><strong>καὶ</strong></span> <span class='ocrx_word' id='word_1_273' title='bbox 357 3775 540 3844; x_wconf 82' lang='grc' dir='ltr'>τιμῆς,</span> <span class='ocrx_word' id='word_1_274' title='bbox 571 3775 819 3839; x_wconf 80' lang='grc' dir='ltr'>εὐλαϐεῖς</span> <span class='ocrx_word' id='word_1_275' title='bbox 857 3772 997 3828; x_wconf 79' lang='grc' dir='ltr'>εἶναι</span> <span class='ocrx_word' id='word_1_276' title='bbox 1025 3778 1152 3845; x_wconf 81' lang='grc' dir='ltr'>περὶ</span> <span class='ocrx_word' id='word_1_277' title='bbox 1192 3777 1290 3846; x_wconf 80' lang='grc' dir='ltr'>τὴν</span> <span class='ocrx_word' id='word_1_278' title='bbox 1325 3777 1661 3848; x_wconf 82' lang='grc' dir='ltr'>συντήρησιν</span> <span class='ocrx_word' id='word_1_279' title='bbox 1694 3783 1788 3831; x_wconf 75' lang='grc' dir='ltr'><strong>καὶ</strong></span> 
     </span>
    </p>
   </div>
   <div class='ocr_carea' id='block_1_41' title="bbox 223 3864 1791 3938">
    <p class='ocr_par' dir='ltr' id='par_1_41' title="bbox 223 3864 1791 3938">
     <span class='ocr_line' id='line_1_41' title="bbox 223 3864 1791 3938; baseline 0.003 -21"><span class='ocrx_word' id='word_1_280' title='bbox 223 3864 478 3935; x_wconf 78' lang='grc' dir='ltr'>φυλακὴν</span> <span class='ocrx_word' id='word_1_281' title='bbox 497 3865 604 3918; x_wconf 86' lang='grc' dir='ltr'><strong>τῶν</strong></span> <span class='ocrx_word' id='word_1_282' title='bbox 627 3865 721 3916; x_wconf 80' lang='grc' dir='ltr'><strong>τοῦ</strong></span> <span class='ocrx_word' id='word_1_283' title='bbox 742 3865 875 3917; x_wconf 79' lang='grc' dir='ltr'>Θεοῦ</span> <span class='ocrx_word' id='word_1_284' title='bbox 924 3868 1384 3936; x_wconf 81' lang='grc' dir='ltr'>προσταγμάτων,</span> <span class='ocrx_word' id='word_1_285' title='bbox 1417 3870 1512 3920; x_wconf 80' lang='grc' dir='ltr'>καὶ</span> <span class='ocrx_word' id='word_1_286' title='bbox 1561 3887 1791 3938; x_wconf 82' lang='grc' dir='ltr'>προνοη-</span> 
     </span>
    </p>
   </div>
   <div class='ocr_carea' id='block_1_42' title="bbox 223 3953 1786 4028">
    <p class='ocr_par' dir='ltr' id='par_1_42' title="bbox 223 3953 1786 4028">
     <span class='ocr_line' id='line_1_42' title="bbox 223 3953 1786 4028; baseline 0.003 -21"><span class='ocrx_word' id='word_1_287' title='bbox 223 3955 397 4017; x_wconf 81' lang='grc' dir='ltr'>τικῶς</span> <span class='ocrx_word' id='word_1_288' title='bbox 431 3953 712 4022; x_wconf 79' lang='grc' dir='ltr'>περιέπειν</span> <span class='ocrx_word' id='word_1_289' title='bbox 736 3953 796 4007; x_wconf 80' lang='grc' dir='ltr'><strong>τὸ</strong></span> <span class='ocrx_word' id='word_1_290' title='bbox 822 3955 1156 4027; x_wconf 83' lang='grc' dir='ltr'>ὑποχείριον,</span> <span class='ocrx_word' id='word_1_291' title='bbox 1197 3957 1332 4010; x_wconf 61' lang='grc' dir='ltr'>ἀλλὰ</span> <span class='ocrx_word' id='word_1_292' title='bbox 1369 3958 1444 4028; x_wconf 83' lang='grc' dir='ltr'>μὴ</span> <span class='ocrx_word' id='word_1_293' title='bbox 1482 3959 1786 4012; x_wconf 76' lang='grc' dir='ltr'>συνολίδειν</span> 
     </span>
    </p>
   </div>
   <div class='ocr_carea' id='block_1_43' title="bbox 1888 627 3449 688">
    <p class='ocr_par' dir='ltr' id='par_1_43' title="bbox 1888 627 3449 688">
     <span class='ocr_line' id='line_1_43' title="bbox 1888 627 3449 688; baseline 0.005 -8"><span class='ocrx_word' id='word_1_294' title='bbox 1888 627 2207 682; x_wconf 78' lang='lat' dir='ltr'><strong>sistentibus</strong></span> <span class='ocrx_word' id='word_1_295' title='bbox 2267 630 2450 682; x_wconf 87' lang='lat' dir='ltr'><strong>mariti</strong></span> <span class='ocrx_word' id='word_1_296' title='bbox 2511 629 2865 685; x_wconf 71' lang='lat' dir='ltr'><strong>facultatibus</strong></span> <span class='ocrx_word' id='word_1_297' title='bbox 2921 633 3083 687; x_wconf 88' lang='lat' dir='ltr'><strong>unius</strong></span> <span class='ocrx_word' id='word_1_298' title='bbox 3153 635 3449 688; x_wconf 85' lang='lat' dir='ltr'><strong>liberorum</strong></span> 
     </span>
    </p>
   </div>
   <div class='ocr_carea' id='block_1_44' title="bbox 1888 717 3452 788">
    <p class='ocr_par' dir='ltr' id='par_1_44' title="bbox 1888 717 3452 788">
     <span class='ocr_line' id='line_1_44' title="bbox 1888 717 3452 788; baseline 0.006 -20"><span class='ocrx_word' id='word_1_299' title='bbox 1888 717 2196 783; x_wconf 83' lang='lat' dir='ltr'><strong>portionem</strong></span> <span class='ocrx_word' id='word_1_300' title='bbox 2223 717 2439 771; x_wconf 79' lang='lat' dir='ltr'><strong>mulieri</strong></span> <span class='ocrx_word' id='word_1_301' title='bbox 2479 717 2595 770; x_wconf 86' lang='lat' dir='ltr'><strong>dari</strong></span> <span class='ocrx_word' id='word_1_302' title='bbox 2629 719 2854 786; x_wconf 79' lang='lat' dir='ltr'><strong>dignum</strong></span> <span class='ocrx_word' id='word_1_303' title='bbox 2905 730 3058 788; x_wconf 88' lang='lat' dir='ltr'><strong>putat</strong></span> <span class='ocrx_word' id='word_1_304' title='bbox 3087 740 3101 776; x_wconf 91' lang='lat'>:</span> <span class='ocrx_word' id='word_1_305' title='bbox 3135 738 3322 777; x_wconf 88' lang='lat' dir='ltr'><strong>verum</strong></span> <span class='ocrx_word' id='word_1_306' title='bbox 3350 726 3452 778; x_wconf 88' lang='lat' dir='ltr'><strong>im-</strong></span> 
     </span>
    </p>
   </div>
   <div class='ocr_carea' id='block_1_45' title="bbox 1887 811 3451 886">
    <p class='ocr_par' dir='ltr' id='par_1_45' title="bbox 1887 811 3451 886">
     <span class='ocr_line' id='line_1_45' title="bbox 1887 811 3451 886; baseline 0.008 -25"><span class='ocrx_word' id='word_1_307' title='bbox 1887 818 2094 864; x_wconf 88' lang='lat' dir='ltr'><strong>mutata</strong></span> <span class='ocrx_word' id='word_1_308' title='bbox 2113 811 2203 864; x_wconf 85' lang='lat' dir='ltr'><strong>illa</strong></span> <span class='ocrx_word' id='word_1_309' title='bbox 2239 811 2508 879; x_wconf 89' lang='lat' dir='ltr'><strong>portione.</strong></span> <span class='ocrx_word' id='word_1_310' title='bbox 2539 813 2785 866; x_wconf 87' lang='lat' dir='ltr'><strong>omnium</strong></span> <span class='ocrx_word' id='word_1_311' title='bbox 2813 813 2926 884; x_wconf 63' lang='grc' dir='ltr'><strong>(σε)</strong></span> <span class='ocrx_word' id='word_1_312' title='bbox 2952 814 3112 869; x_wconf 83' lang='lat' dir='ltr'><strong>simul</strong></span> <span class='ocrx_word' id='word_1_313' title='bbox 3145 819 3317 886; x_wconf 85' lang='lat' dir='ltr'><strong>ipsius</strong></span> <span class='ocrx_word' id='word_1_314' title='bbox 3350 820 3451 873; x_wconf 83' lang='lat' dir='ltr'><strong>bo-</strong></span> 
     </span>
    </p>
   </div>
   <div class='ocr_carea' id='block_1_46' title="bbox 1888 900 2698 969">
    <p class='ocr_par' dir='ltr' id='par_1_46' title="bbox 1888 900 2698 969">
     <span class='ocr_line' id='line_1_46' title="bbox 1888 900 2698 969; baseline 0.001 -16"><span class='ocrx_word' id='word_1_315' title='bbox 1888 914 2080 953; x_wconf 89' lang='lat' dir='ltr'><strong>norum</strong></span> <span class='ocrx_word' id='word_1_316' title='bbox 2112 900 2188 952; x_wconf 90' lang='lat' dir='ltr'><strong>illi</strong></span> <span class='ocrx_word' id='word_1_317' title='bbox 2217 911 2420 967; x_wconf 90' lang='lat' dir='ltr'><strong>partem</strong></span> <span class='ocrx_word' id='word_1_318' title='bbox 2454 902 2698 969; x_wconf 83' lang='lat' dir='ltr'><strong>largitur.</strong></span> 
     </span>
    </p>
   </div>
   <div class='ocr_carea' id='block_1_47' title="bbox 1957 986 3450 1066">
    <p class='ocr_par' dir='ltr' id='par_1_47' title="bbox 1957 986 3450 1066">
     <span class='ocr_line' id='line_1_47' title="bbox 1957 986 3450 1066; baseline 0.008 -27"><span class='ocrx_word' id='word_1_319' title='bbox 1957 986 2110 1040; x_wconf 80' lang='lat' dir='ltr'><strong>Hanc</strong></span> <span class='ocrx_word' id='word_1_320' title='bbox 2161 989 2273 1058; x_wconf 79' lang='lat'><strong>(55)</strong></span> <span class='ocrx_word' id='word_1_321' title='bbox 2332 991 2496 1060; x_wconf 87' lang='lat' dir='ltr'><strong>igitur</strong></span> <span class='ocrx_word' id='word_1_322' title='bbox 2549 993 2996 1048; x_wconf 83' lang='lat' dir='ltr'><strong>consuetudinem</strong></span> <span class='ocrx_word' id='word_1_323' title='bbox 3051 996 3163 1062; x_wconf 59' lang='lat'><strong>(54)</strong></span> <span class='ocrx_word' id='word_1_324' title='bbox 3195 1000 3450 1066; x_wconf 84' lang='lat' dir='ltr'><strong>quoniam</strong></span> 
     </span>
    </p>
   </div>
   <div class='ocr_carea' id='block_1_48' title="bbox 1889 1079 3450 1146">
    <p class='ocr_par' dir='ltr' id='par_1_48' title="bbox 1889 1079 3450 1146">
     <span class='ocr_line' id='line_1_48' title="bbox 1889 1079 3450 1146; baseline 0.006 -16"><span class='ocrx_word' id='word_1_325' title='bbox 1889 1079 2139 1131; x_wconf 84' lang='lat' dir='ltr'><strong>acerbam</strong></span> <span class='ocrx_word' id='word_1_326' title='bbox 2162 1094 2284 1134; x_wconf 89' lang='lat' dir='ltr'><strong>esse</strong></span> <span class='ocrx_word' id='word_1_327' title='bbox 2329 1082 2491 1135; x_wconf 83' lang='lat' dir='ltr'><strong>rebus</strong></span> <span class='ocrx_word' id='word_1_328' title='bbox 2524 1084 2837 1134; x_wconf 80' lang='lat' dir='ltr'><strong>mortalium</strong></span> <span class='ocrx_word' id='word_1_329' title='bbox 2863 1099 2969 1135; x_wconf 90' lang='lat' dir='ltr'><strong>non</strong></span> <span class='ocrx_word' id='word_1_330' title='bbox 3001 1086 3268 1146; x_wconf 84' lang='lat' dir='ltr'><strong>videmus.</strong></span> <span class='ocrx_word' id='word_1_331' title='bbox 3308 1094 3364 1139; x_wconf 90' lang='lat' dir='ltr'><strong>ut</strong></span> <span class='ocrx_word' id='word_1_332' title='bbox 3397 1089 3450 1140; x_wconf 90' lang='lat' dir='ltr'><strong>in</strong></span> 
     </span>
    </p>
   </div>
   <div class='ocr_carea' id='block_1_49' title="bbox 1889 1167 3453 1244">
    <p class='ocr_par' dir='ltr' id='par_1_49' title="bbox 1889 1167 3453 1244">
     <span class='ocr_line' id='line_1_49' title="bbox 1889 1167 3453 1244; baseline 0.006 -23"><span class='ocrx_word' id='word_1_333' title='bbox 1889 1167 2011 1221; x_wconf 87' lang='lat' dir='ltr'><strong>aliis</strong></span> <span class='ocrx_word' id='word_1_334' title='bbox 2063 1170 2223 1222; x_wconf 89' lang='lat' dir='ltr'><strong>etiam</strong></span> <span class='ocrx_word' id='word_1_335' title='bbox 2279 1171 2583 1224; x_wconf 77' lang='lat' dir='ltr'><strong>faciendum</strong></span> <span class='ocrx_word' id='word_1_336' title='bbox 2632 1171 2964 1239; x_wconf 84' lang='lat' dir='ltr'><strong>putavimus.</strong></span> <span class='ocrx_word' id='word_1_337' title='bbox 3020 1176 3154 1242; x_wconf 81' lang='lat' dir='ltr'><strong>legis</strong></span> <span class='ocrx_word' id='word_1_338' title='bbox 3185 1177 3453 1244; x_wconf 85' lang='lat' dir='ltr'><strong>dignitate</strong></span> 
     </span>
    </p>
   </div>
   <div class='ocr_carea' id='block_1_50' title="bbox 1896 1263 3451 1337">
    <p class='ocr_par' dir='ltr' id='par_1_50' title="bbox 1896 1263 3451 1337">
     <span class='ocr_line' id='line_1_50' title="bbox 1896 1263 3451 1337; baseline 0.005 -21"><span class='ocrx_word' id='word_1_339' title='bbox 1896 1263 2247 1319; x_wconf 87' lang='lat' dir='ltr'><strong>honestamus</strong></span> <span class='ocrx_word' id='word_1_340' title='bbox 2284 1282 2299 1318; x_wconf 86' lang='lat'><strong>:</strong></span> <span class='ocrx_word' id='word_1_341' title='bbox 2339 1266 2540 1333; x_wconf 82' lang='lat' dir='ltr'><strong>illaque</strong></span> <span class='ocrx_word' id='word_1_342' title='bbox 2598 1269 2814 1334; x_wconf 84' lang='lat' dir='ltr'><strong>quidem</strong></span> <span class='ocrx_word' id='word_1_343' title='bbox 2873 1269 3075 1322; x_wconf 77' lang='lat' dir='ltr'><strong>dehinc</strong></span> <span class='ocrx_word' id='word_1_344' title='bbox 3126 1271 3233 1322; x_wconf 90' lang='lat' dir='ltr'><strong>vim</strong></span> <span class='ocrx_word' id='word_1_345' title='bbox 3303 1271 3451 1337; x_wconf 71' lang='lat' dir='ltr'><strong>legis.</strong></span> 
     </span>
    </p>
   </div>
   <div class='ocr_carea' id='block_1_51' title="bbox 1891 1360 3453 1429">
    <p class='ocr_par' dir='ltr' id='par_1_51' title="bbox 1891 1360 3453 1429">
     <span class='ocr_line' id='line_1_51' title="bbox 1891 1360 3453 1429; baseline 0.003 -20"><span class='ocrx_word' id='word_1_346' title='bbox 1891 1371 1996 1409; x_wconf 90' lang='lat' dir='ltr'><strong>non</strong></span> <span class='ocrx_word' id='word_1_347' title='bbox 2045 1366 2224 1410; x_wconf 87' lang='lat' dir='ltr'><strong>autem</strong></span> <span class='ocrx_word' id='word_1_348' title='bbox 2278 1360 2694 1412; x_wconf 85' lang='lat' dir='ltr'><strong>consuetudinis</strong></span> <span class='ocrx_word' id='word_1_349' title='bbox 2763 1361 3026 1412; x_wconf 87' lang='lat' dir='ltr'><strong>obtineto.</strong></span> <span class='ocrx_word' id='word_1_350' title='bbox 3067 1362 3143 1414; x_wconf 89' lang='lat' dir='ltr'><strong>Ac</strong></span> <span class='ocrx_word' id='word_1_351' title='bbox 3170 1363 3453 1429; x_wconf 84' lang='lat' dir='ltr'><strong>siquidem</strong></span> 
     </span>
    </p>
   </div>
   <div class='ocr_carea' id='block_1_52' title="bbox 1887 1447 3454 1516">
    <p class='ocr_par' dir='ltr' id='par_1_52' title="bbox 1887 1447 3454 1516">
     <span class='ocr_line' id='line_1_52' title="bbox 1887 1447 3454 1516; baseline 0.004 -14"><span class='ocrx_word' id='word_1_352' title='bbox 1887 1462 2083 1502; x_wconf 82' lang='lat' dir='ltr'><strong>Omnes</strong></span> <span class='ocrx_word' id='word_1_353' title='bbox 2137 1448 2319 1500; x_wconf 88' lang='lat' dir='ltr'><strong>mariti</strong></span> <span class='ocrx_word' id='word_1_354' title='bbox 2355 1447 2638 1500; x_wconf 79' lang='lat' dir='ltr'><strong>facultates</strong></span> <span class='ocrx_word' id='word_1_355' title='bbox 2670 1451 2722 1501; x_wconf 93' lang='lat' dir='ltr'><strong>in</strong></span> <span class='ocrx_word' id='word_1_356' title='bbox 2775 1451 2888 1503; x_wconf 88' lang='lat' dir='ltr'><strong>sola</strong></span> <span class='ocrx_word' id='word_1_357' title='bbox 2919 1451 3130 1516; x_wconf 59' lang='lat'><strong>(55.56)</strong></span> <span class='ocrx_word' id='word_1_358' title='bbox 3163 1453 3454 1508; x_wconf 75' lang='lat' dir='ltr'><strong>donatione</strong></span> 
     </span>
    </p>
   </div>
   <div class='ocr_carea' id='block_1_53' title="bbox 1889 1538 3451 1609">
    <p class='ocr_par' dir='ltr' id='par_1_53' title="bbox 1889 1538 3451 1609">
     <span class='ocr_line' id='line_1_53' title="bbox 1889 1538 3451 1609; baseline 0.006 -21"><span class='ocrx_word' id='word_1_359' title='bbox 1889 1547 2112 1605; x_wconf 80' lang='lat' dir='ltr'><strong>propter</strong></span> <span class='ocrx_word' id='word_1_360' title='bbox 2171 1538 2392 1604; x_wconf 84' lang='lat' dir='ltr'><strong>nuptias</strong></span> <span class='ocrx_word' id='word_1_361' title='bbox 2439 1549 2818 1604; x_wconf 85' lang='lat' dir='ltr'><strong>numerentur,</strong></span> <span class='ocrx_word' id='word_1_362' title='bbox 2872 1555 2998 1594; x_wconf 86' lang='lat' dir='ltr'><strong>cum</strong></span> <span class='ocrx_word' id='word_1_363' title='bbox 3050 1542 3216 1609; x_wconf 86' lang='lat' dir='ltr'><strong>hujus</strong></span> <span class='ocrx_word' id='word_1_364' title='bbox 3265 1543 3451 1598; x_wconf 88' lang='lat' dir='ltr'><strong>liberis</strong></span> 
     </span>
    </p>
   </div>
   <div class='ocr_carea' id='block_1_54' title="bbox 1889 1629 3449 1702">
    <p class='ocr_par' dir='ltr' id='par_1_54' title="bbox 1889 1629 3449 1702">
     <span class='ocr_line' id='line_1_54' title="bbox 1889 1629 3449 1702; baseline 0.006 -23"><span class='ocrx_word' id='word_1_365' title='bbox 1889 1636 2165 1694; x_wconf 84' lang='lat' dir='ltr'><strong>superstes</strong></span> <span class='ocrx_word' id='word_1_366' title='bbox 2189 1637 2364 1683; x_wconf 89' lang='lat' dir='ltr'><strong>mater</strong></span> <span class='ocrx_word' id='word_1_367' title='bbox 2388 1629 2696 1696; x_wconf 84' lang='lat' dir='ltr'><strong>portionem</strong></span> <span class='ocrx_word' id='word_1_368' title='bbox 2720 1645 2840 1698; x_wconf 55' lang='lat' dir='ltr'><strong>quas</strong></span> <span class='ocrx_word' id='word_1_369' title='bbox 2871 1633 2935 1684; x_wconf 85' lang='lat' dir='ltr'><strong>ad</strong></span> <span class='ocrx_word' id='word_1_370' title='bbox 2964 1633 3136 1701; x_wconf 85' lang='lat' dir='ltr'><strong>ipsam</strong></span> <span class='ocrx_word' id='word_1_371' title='bbox 3191 1636 3449 1702; x_wconf 80' lang='lat' dir='ltr'><strong>pertinet.</strong></span> 
     </span>
    </p>
   </div>
   <div class='ocr_carea' id='block_1_55' title="bbox 1891 1718 3452 1789">
    <p class='ocr_par' dir='ltr' id='par_1_55' title="bbox 1891 1718 3452 1789">
     <span class='ocr_line' id='line_1_55' title="bbox 1891 1718 3452 1789; baseline 0.004 -18"><span class='ocrx_word' id='word_1_372' title='bbox 1891 1718 2048 1789; x_wconf 86' lang='lat' dir='ltr'><strong>pleno</strong></span> <span class='ocrx_word' id='word_1_373' title='bbox 2076 1719 2322 1772; x_wconf 90' lang='lat' dir='ltr'><strong>dominio</strong></span> <span class='ocrx_word' id='word_1_374' title='bbox 2351 1719 2627 1786; x_wconf 81' lang='lat' dir='ltr'><strong>,accipiet,</strong></span> <span class='ocrx_word' id='word_1_375' title='bbox 2681 1719 3001 1789; x_wconf 78' lang='lat' dir='ltr'><strong>residuique</strong></span> <span class='ocrx_word' id='word_1_376' title='bbox 3043 1723 3452 1778; x_wconf 82' lang='lat' dir='ltr'><strong>usumtructum</strong></span> 
     </span>
    </p>
   </div>
   <div class='ocr_carea' id='block_1_56' title="bbox 1891 1811 3458 1883">
    <p class='ocr_par' dir='ltr' id='par_1_56' title="bbox 1891 1811 3458 1883">
     <span class='ocr_line' id='line_1_56' title="bbox 1891 1811 3458 1883; baseline 0.002 -19"><span class='ocrx_word' id='word_1_377' title='bbox 1891 1811 2131 1866; x_wconf 87' lang='lat' dir='ltr'><strong>habebit.</strong></span> <span class='ocrx_word' id='word_1_378' title='bbox 2175 1815 2242 1864; x_wconf 76' lang='lat' dir='ltr'><strong>At</strong></span> <span class='ocrx_word' id='word_1_379' title='bbox 2274 1812 2319 1864; x_wconf 89' lang='lat' dir='ltr'><strong>si</strong></span> <span class='ocrx_word' id='word_1_380' title='bbox 2344 1812 2408 1864; x_wconf 91' lang='lat' dir='ltr'><strong>ad</strong></span> <span class='ocrx_word' id='word_1_381' title='bbox 2459 1811 2810 1867; x_wconf 84' lang='lat' dir='ltr'><strong>donationem</strong></span> <span class='ocrx_word' id='word_1_382' title='bbox 2870 1822 3094 1883; x_wconf 88' lang='lat' dir='ltr'><strong>propter</strong></span> <span class='ocrx_word' id='word_1_383' title='bbox 3123 1817 3344 1883; x_wconf 87' lang='lat' dir='ltr'><strong>nuptias</strong></span> <span class='ocrx_word' id='word_1_384' title='bbox 3371 1816 3458 1869; x_wconf 81' lang='lat' dir='ltr'><strong>Ia-</strong></span> 
     </span>
    </p>
   </div>
   <div class='ocr_carea' id='block_1_57' title="bbox 1882 1901 3450 1972">
    <p class='ocr_par' dir='ltr' id='par_1_57' title="bbox 1882 1901 3450 1972">
     <span class='ocr_line' id='line_1_57' title="bbox 1882 1901 3450 1972; baseline 0.002 -17"><span class='ocrx_word' id='word_1_385' title='bbox 1882 1903 2115 1955; x_wconf 84' lang='lat' dir='ltr'><strong>cultates</strong></span> <span class='ocrx_word' id='word_1_386' title='bbox 2172 1917 2278 1954; x_wconf 89' lang='lat' dir='ltr'><strong>non</strong></span> <span class='ocrx_word' id='word_1_387' title='bbox 2336 1901 2624 1962; x_wconf 80' lang='lat' dir='ltr'><strong>sutliciant.</strong></span> <span class='ocrx_word' id='word_1_388' title='bbox 2667 1917 2774 1956; x_wconf 89' lang='lat' dir='ltr'><strong>non</strong></span> <span class='ocrx_word' id='word_1_389' title='bbox 2802 1917 2903 1971; x_wconf 90' lang='lat' dir='ltr'><strong>pro</strong></span> <span class='ocrx_word' id='word_1_390' title='bbox 2928 1902 3238 1972; x_wconf 84' lang='lat' dir='ltr'><strong>quantitate</strong></span> <span class='ocrx_word' id='word_1_391' title='bbox 3270 1904 3450 1958; x_wconf 90' lang='lat' dir='ltr'><strong>immi-</strong></span> 
     </span>
    </p>
   </div>
   <div class='ocr_carea' id='block_1_58' title="bbox 1884 1992 3445 2064">
    <p class='ocr_par' dir='ltr' id='par_1_58' title="bbox 1884 1992 3445 2064">
     <span class='ocr_line' id='line_1_58' title="bbox 1884 1992 3445 2064; baseline 0.001 -17"><span class='ocrx_word' id='word_1_392' title='bbox 1884 2001 2030 2047; x_wconf 65' lang='lat' dir='ltr'><strong>nuta:</strong></span> <span class='ocrx_word' id='word_1_393' title='bbox 2071 1992 2381 2047; x_wconf 85' lang='lat' dir='ltr'><strong>donationis</strong></span> <span class='ocrx_word' id='word_1_394' title='bbox 2435 1993 2744 2062; x_wconf 79' lang='lat' dir='ltr'><strong>portionem</strong></span> <span class='ocrx_word' id='word_1_395' title='bbox 2791 1994 2989 2048; x_wconf 87' lang='lat' dir='ltr'><strong>mulier</strong></span> <span class='ocrx_word' id='word_1_396' title='bbox 3043 1997 3296 2064; x_wconf 87' lang='lat' dir='ltr'><strong>accipiet,</strong></span> <span class='ocrx_word' id='word_1_397' title='bbox 3353 1997 3445 2050; x_wconf 89' lang='lat' dir='ltr'><strong>sed</strong></span> 
     </span>
    </p>
   </div>
   <div class='ocr_carea' id='block_1_59' title="bbox 1883 2083 3454 2152">
    <p class='ocr_par' dir='ltr' id='par_1_59' title="bbox 1883 2083 3454 2152">
     <span class='ocr_line' id='line_1_59' title="bbox 1883 2083 3454 2152; baseline 0.004 -18"><span class='ocrx_word' id='word_1_398' title='bbox 1883 2099 2004 2152; x_wconf 74' lang='lat' dir='ltr'><strong>qua:</strong></span> <span class='ocrx_word' id='word_1_399' title='bbox 2043 2083 2374 2137; x_wconf 81' lang='lat' dir='ltr'><strong>tantumdem</strong></span> <span class='ocrx_word' id='word_1_400' title='bbox 2398 2083 2616 2146; x_wconf 86' lang='lat' dir='ltr'><strong>habeat,</strong></span> <span class='ocrx_word' id='word_1_401' title='bbox 2652 2092 2916 2150; x_wconf 89' lang='lat' dir='ltr'><strong>quantum</strong></span> <span class='ocrx_word' id='word_1_402' title='bbox 2950 2083 3204 2148; x_wconf 81' lang='lat' dir='ltr'><strong>haberet,</strong></span> <span class='ocrx_word' id='word_1_403' title='bbox 3242 2087 3287 2139; x_wconf 86' lang='lat' dir='ltr'><strong>si</strong></span> <span class='ocrx_word' id='word_1_404' title='bbox 3317 2089 3454 2140; x_wconf 87' lang='lat' dir='ltr'><strong>nihil</strong></span> 
     </span>
    </p>
   </div>
   <div class='ocr_carea' id='block_1_60' title="bbox 1886 2173 3451 2243">
    <p class='ocr_par' dir='ltr' id='par_1_60' title="bbox 1886 2173 3451 2243">
     <span class='ocr_line' id='line_1_60' title="bbox 1886 2173 3451 2243; baseline 0 -14"><span class='ocrx_word' id='word_1_405' title='bbox 1886 2175 2167 2229; x_wconf 86' lang='lat' dir='ltr'><strong>imminuta</strong></span> <span class='ocrx_word' id='word_1_406' title='bbox 2205 2185 2259 2226; x_wconf 92' lang='lat' dir='ltr'><strong>et</strong></span> <span class='ocrx_word' id='word_1_407' title='bbox 2291 2175 2447 2241; x_wconf 87' lang='lat' dir='ltr'><strong>plena</strong></span> <span class='ocrx_word' id='word_1_408' title='bbox 2515 2173 2736 2226; x_wconf 87' lang='lat' dir='ltr'><strong>donatio</strong></span> <span class='ocrx_word' id='word_1_409' title='bbox 2766 2181 2986 2243; x_wconf 87' lang='lat' dir='ltr'><strong>propter</strong></span> <span class='ocrx_word' id='word_1_410' title='bbox 3026 2179 3246 2243; x_wconf 80' lang='lat' dir='ltr'><strong>nuptias</strong></span> <span class='ocrx_word' id='word_1_411' title='bbox 3285 2186 3451 2230; x_wconf 75' lang='lat' dir='ltr'><strong>esset.</strong></span> 
     </span>
    </p>
   </div>
   <div class='ocr_carea' id='block_1_61' title="bbox 1889 2267 3452 2338">
    <p class='ocr_par' dir='ltr' id='par_1_61' title="bbox 1889 2267 3452 2338">
     <span class='ocr_line' id='line_1_61' title="bbox 1889 2267 3452 2338; baseline 0.002 -19"><span class='ocrx_word' id='word_1_412' title='bbox 1889 2267 2202 2334; x_wconf 88' lang='lat' dir='ltr'><strong>IIujusmodi</strong></span> <span class='ocrx_word' id='word_1_413' title='bbox 2254 2267 2418 2333; x_wconf 80' lang='lat' dir='ltr'><strong>igitur</strong></span> <span class='ocrx_word' id='word_1_414' title='bbox 2476 2267 2726 2333; x_wconf 87' lang='lat' dir='ltr'><strong>portione</strong></span> <span class='ocrx_word' id='word_1_415' title='bbox 2783 2267 2997 2320; x_wconf 88' lang='lat' dir='ltr'><strong>mulieri</strong></span> <span class='ocrx_word' id='word_1_416' title='bbox 3053 2268 3199 2329; x_wconf 88' lang='lat' dir='ltr'><strong>data,</strong></span> <span class='ocrx_word' id='word_1_417' title='bbox 3244 2270 3452 2338; x_wconf 89' lang='lat' dir='ltr'><strong>reliqua</strong></span> 
     </span>
    </p>
   </div>
   <div class='ocr_carea' id='block_1_62' title="bbox 1885 2355 3450 2427">
    <p class='ocr_par' dir='ltr' id='par_1_62' title="bbox 1885 2355 3450 2427">
     <span class='ocr_line' id='line_1_62' title="bbox 1885 2355 3450 2427; baseline 0.001 -16"><span class='ocrx_word' id='word_1_418' title='bbox 1885 2358 2178 2411; x_wconf 91' lang='lat' dir='ltr'><strong>liberorum</strong></span> <span class='ocrx_word' id='word_1_419' title='bbox 2210 2363 2373 2410; x_wconf 94' lang='lat' dir='ltr'><strong>sunto</strong></span> <span class='ocrx_word' id='word_1_420' title='bbox 2405 2373 2417 2408; x_wconf 95' lang='lat'><strong>:</strong></span> <span class='ocrx_word' id='word_1_421' title='bbox 2445 2365 2521 2418; x_wconf 91' lang='lat' dir='ltr'><strong>ct,</strong></span> <span class='ocrx_word' id='word_1_422' title='bbox 2563 2356 2606 2408; x_wconf 79' lang='lat' dir='ltr'><strong>si</strong></span> <span class='ocrx_word' id='word_1_423' title='bbox 2641 2357 2776 2408; x_wconf 92' lang='lat' dir='ltr'><strong>nihil</strong></span> <span class='ocrx_word' id='word_1_424' title='bbox 2801 2355 3159 2422; x_wconf 69' lang='lat' dir='ltr'><strong>superfuerit,</strong></span> <span class='ocrx_word' id='word_1_425' title='bbox 3191 2366 3450 2427; x_wconf 89' lang='lat' dir='ltr'><strong>tanquam</strong></span> 
     </span>
    </p>
   </div>
   <div class='ocr_carea' id='block_1_63' title="bbox 1886 2445 3446 2516">
    <p class='ocr_par' dir='ltr' id='par_1_63' title="bbox 1886 2445 3446 2516">
     <span class='ocr_line' id='line_1_63' title="bbox 1886 2445 3446 2516; baseline 0 -15"><span class='ocrx_word' id='word_1_426' title='bbox 1886 2446 2254 2501; x_wconf 61' lang='lat' dir='ltr'><strong>hereditatem</strong></span> <span class='ocrx_word' id='word_1_427' title='bbox 2287 2445 2655 2498; x_wconf 83' lang='lat' dir='ltr'><strong>successionis</strong></span> <span class='ocrx_word' id='word_1_428' title='bbox 2692 2445 3048 2512; x_wconf 81' lang='lat' dir='ltr'><strong>privationem</strong></span> <span class='ocrx_word' id='word_1_429' title='bbox 3067 2457 3119 2501; x_wconf 92' lang='lat' dir='ltr'><strong>et</strong></span> <span class='ocrx_word' id='word_1_430' title='bbox 3151 2457 3446 2516; x_wconf 81' lang='lat' dir='ltr'><strong>egestatem</strong></span> 
     </span>
    </p>
   </div>
   <div class='ocr_carea' id='block_1_64' title="bbox 1887 2533 3456 2604">
    <p class='ocr_par' dir='ltr' id='par_1_64' title="bbox 1887 2533 3456 2604">
     <span class='ocr_line' id='line_1_64' title="bbox 1887 2533 3456 2604; baseline 0.002 -14"><span class='ocrx_word' id='word_1_431' title='bbox 1887 2536 1963 2590; x_wconf 93' lang='lat' dir='ltr'><strong>illi</strong></span> <span class='ocrx_word' id='word_1_432' title='bbox 2031 2533 2339 2588; x_wconf 82' lang='lat' dir='ltr'><strong>auierunto.</strong></span> <span class='ocrx_word' id='word_1_433' title='bbox 2394 2535 2570 2604; x_wconf 84' lang='lat' dir='ltr'><strong>Atque</strong></span> <span class='ocrx_word' id='word_1_434' title='bbox 2603 2535 2717 2589; x_wconf 63' lang='lat' dir='ltr'><strong>haec</strong></span> <span class='ocrx_word' id='word_1_435' title='bbox 2744 2536 2965 2604; x_wconf 86' lang='lat' dir='ltr'><strong>quidem</strong></span> <span class='ocrx_word' id='word_1_436' title='bbox 2997 2538 3066 2591; x_wconf 86' lang='lat' dir='ltr'><strong>de</strong></span> <span class='ocrx_word' id='word_1_437' title='bbox 3085 2539 3335 2592; x_wconf 88' lang='lat' dir='ltr'><strong>muliere.</strong></span> <span class='ocrx_word' id='word_1_438' title='bbox 3362 2538 3456 2593; x_wconf 86' lang='lat' dir='ltr'><strong>Vir</strong></span> 
     </span>
    </p>
   </div>
   <div class='ocr_carea' id='block_1_65' title="bbox 1885 2626 3458 2697">
    <p class='ocr_par' dir='ltr' id='par_1_65' title="bbox 1885 2626 3458 2697">
     <span class='ocr_line' id='line_1_65' title="bbox 1885 2626 3458 2697; baseline 0.003 -18"><span class='ocrx_word' id='word_1_439' title='bbox 1885 2635 2066 2680; x_wconf 86' lang='lat' dir='ltr'><strong>autem</strong></span> <span class='ocrx_word' id='word_1_440' title='bbox 2099 2627 2142 2681; x_wconf 91' lang='lat' dir='ltr'><strong>si</strong></span> <span class='ocrx_word' id='word_1_441' title='bbox 2173 2626 2371 2679; x_wconf 88' lang='lat' dir='ltr'><strong>liberos</strong></span> <span class='ocrx_word' id='word_1_442' title='bbox 2431 2641 2541 2679; x_wconf 92' lang='lat' dir='ltr'><strong>non</strong></span> <span class='ocrx_word' id='word_1_443' title='bbox 2590 2626 2788 2679; x_wconf 83' lang='lat' dir='ltr'><strong>habeat</strong></span> <span class='ocrx_word' id='word_1_444' title='bbox 2837 2627 2970 2697; x_wconf 87' lang='lat' dir='ltr'><strong>(quo</strong></span> <span class='ocrx_word' id='word_1_445' title='bbox 2998 2628 3161 2682; x_wconf 91' lang='lat' dir='ltr'><strong>modo</strong></span> <span class='ocrx_word' id='word_1_446' title='bbox 3184 2630 3313 2683; x_wconf 88' lang='lat' dir='ltr'><strong>alibi</strong></span> <span class='ocrx_word' id='word_1_447' title='bbox 3342 2646 3458 2684; x_wconf 88' lang='lat' dir='ltr'><strong>cor-</strong></span> 
     </span>
    </p>
   </div>
   <div class='ocr_carea' id='block_1_66' title="bbox 1889 2717 3454 2791">
    <p class='ocr_par' dir='ltr' id='par_1_66' title="bbox 1889 2717 3454 2791">
     <span class='ocr_line' id='line_1_66' title="bbox 1889 2717 3454 2791; baseline 0.001 -19"><span class='ocrx_word' id='word_1_448' title='bbox 1889 2728 2093 2775; x_wconf 82' lang='lat' dir='ltr'><strong>rectum</strong></span> <span class='ocrx_word' id='word_1_449' title='bbox 2113 2726 2166 2774; x_wconf 84' lang='lat' dir='ltr'><strong>et</strong></span> <span class='ocrx_word' id='word_1_450' title='bbox 2191 2717 2548 2774; x_wconf 81' lang='lat' dir='ltr'><strong>constitutum</strong></span> <span class='ocrx_word' id='word_1_451' title='bbox 2577 2717 2682 2787; x_wconf 79' lang='lat' dir='ltr'><strong>est)</strong></span> <span class='ocrx_word' id='word_1_452' title='bbox 2716 2718 2849 2773; x_wconf 87' lang='lat' dir='ltr'><strong>nihil</strong></span> <span class='ocrx_word' id='word_1_453' title='bbox 2873 2734 3050 2790; x_wconf 88' lang='lat' dir='ltr'><strong>neque</strong></span> <span class='ocrx_word' id='word_1_454' title='bbox 3076 2720 3331 2791; x_wconf 69' lang='lat' dir='ltr'><strong>accipiet,</strong></span> <span class='ocrx_word' id='word_1_455' title='bbox 3367 2737 3454 2775; x_wconf 81' lang='lat' dir='ltr'><strong>ne-</strong></span> 
     </span>
    </p>
   </div>
   <div class='ocr_carea' id='block_1_67' title="bbox 1884 2810 3454 2882">
    <p class='ocr_par' dir='ltr' id='par_1_67' title="bbox 1884 2810 3454 2882">
     <span class='ocr_line' id='line_1_67' title="bbox 1884 2810 3454 2882; baseline 0.002 -18"><span class='ocrx_word' id='word_1_456' title='bbox 1884 2827 1992 2882; x_wconf 91' lang='lat' dir='ltr'><strong>que</strong></span> <span class='ocrx_word' id='word_1_457' title='bbox 2019 2811 2240 2881; x_wconf 85' lang='lat' dir='ltr'><strong>perdet:</strong></span> <span class='ocrx_word' id='word_1_458' title='bbox 2275 2811 2321 2866; x_wconf 90' lang='lat' dir='ltr'><strong>si</strong></span> <span class='ocrx_word' id='word_1_459' title='bbox 2353 2810 2571 2870; x_wconf 87' lang='lat' dir='ltr'><strong>habeat.</strong></span> <span class='ocrx_word' id='word_1_460' title='bbox 2608 2829 2782 2879; x_wconf 83' lang='lat' dir='ltr'><strong>neque</strong></span> <span class='ocrx_word' id='word_1_461' title='bbox 2813 2813 3002 2867; x_wconf 85' lang='lat' dir='ltr'><strong>alteris</strong></span> <span class='ocrx_word' id='word_1_462' title='bbox 3022 2813 3233 2881; x_wconf 86' lang='lat' dir='ltr'><strong>nuptiis</strong></span> <span class='ocrx_word' id='word_1_463' title='bbox 3266 2816 3454 2868; x_wconf 77' lang='lat' dir='ltr'><strong>uxoris</strong></span> 
     </span>
    </p>
   </div>
   <div class='ocr_carea' id='block_1_68' title="bbox 1885 2902 3457 2962">
    <p class='ocr_par' dir='ltr' id='par_1_68' title="bbox 1885 2902 3457 2962">
     <span class='ocr_line' id='line_1_68' title="bbox 1885 2902 3457 2962; baseline -0.001 -5"><span class='ocrx_word' id='word_1_464' title='bbox 1885 2903 2217 2959; x_wconf 82' lang='lat' dir='ltr'><strong>desiderium</strong></span> <span class='ocrx_word' id='word_1_465' title='bbox 2238 2902 2465 2962; x_wconf 89' lang='lat' dir='ltr'><strong>inaniat,</strong></span> <span class='ocrx_word' id='word_1_466' title='bbox 2492 2903 2786 2956; x_wconf 88' lang='lat' dir='ltr'><strong>liberorum</strong></span> <span class='ocrx_word' id='word_1_467' title='bbox 2805 2902 3149 2956; x_wconf 90' lang='lat' dir='ltr'><strong>educationis</strong></span> <span class='ocrx_word' id='word_1_468' title='bbox 3173 2902 3457 2956; x_wconf 59' lang='lat' dir='ltr'><strong>exhibita-</strong></span> 
     </span>
    </p>
   </div>
   <div class='ocr_carea' id='block_1_69' title="bbox 1886 2992 3454 3064">
    <p class='ocr_par' dir='ltr' id='par_1_69' title="bbox 1886 2992 3454 3064">
     <span class='ocr_line' id='line_1_69' title="bbox 1886 2992 3454 3064; baseline -0.001 -19"><span class='ocrx_word' id='word_1_469' title='bbox 1886 3009 1991 3064; x_wconf 90' lang='lat' dir='ltr'><strong>que</strong></span> <span class='ocrx_word' id='word_1_470' title='bbox 2005 2994 2172 3062; x_wconf 85' lang='lat' dir='ltr'><strong>priori</strong></span> <span class='ocrx_word' id='word_1_471' title='bbox 2199 2993 2542 3045; x_wconf 89' lang='lat' dir='ltr'><strong>matrimonio</strong></span> <span class='ocrx_word' id='word_1_472' title='bbox 2564 2993 2880 3046; x_wconf 65' lang='lat' dir='ltr'><strong>reverentia)</strong></span> <span class='ocrx_word' id='word_1_473' title='bbox 2899 3003 2951 3046; x_wconf 89' lang='lat' dir='ltr'><strong>et</strong></span> <span class='ocrx_word' id='word_1_474' title='bbox 3003 2992 3228 3046; x_wconf 84' lang='lat' dir='ltr'><strong>honoris</strong></span> <span class='ocrx_word' id='word_1_475' title='bbox 3259 2994 3454 3058; x_wconf 79' lang='lat' dir='ltr'><strong>gratia,</strong></span> 
     </span>
    </p>
   </div>
   <div class='ocr_carea' id='block_1_70' title="bbox 1887 3082 3301 3152">
    <p class='ocr_par' dir='ltr' id='par_1_70' title="bbox 1887 3082 3301 3152">
     <span class='ocr_line' id='line_1_70' title="bbox 1887 3082 3301 3152; baseline -0.002 -14"><span class='ocrx_word' id='word_1_476' title='bbox 1887 3095 1939 3138; x_wconf 87' lang='lat' dir='ltr'><strong>ct</strong></span> <span class='ocrx_word' id='word_1_477' title='bbox 1971 3086 2088 3152; x_wconf 87' lang='lat' dir='ltr'><strong>ipse</strong></span> <span class='ocrx_word' id='word_1_478' title='bbox 2111 3083 2274 3137; x_wconf 89' lang='lat' dir='ltr'><strong>unius</strong></span> <span class='ocrx_word' id='word_1_479' title='bbox 2298 3082 2595 3134; x_wconf 88' lang='lat' dir='ltr'><strong>liberorum</strong></span> <span class='ocrx_word' id='word_1_480' title='bbox 2626 3084 2930 3149; x_wconf 83' lang='lat' dir='ltr'><strong>portionem</strong></span> <span class='ocrx_word' id='word_1_481' title='bbox 2957 3083 3133 3150; x_wconf 86' lang='lat' dir='ltr'><strong>capiet</strong></span> <span class='ocrx_word' id='word_1_482' title='bbox 3167 3083 3301 3151; x_wconf 76' lang='lat'><strong>(57).</strong></span> 
     </span>
    </p>
   </div>
   <div class='ocr_carea' id='block_1_71' title="bbox 2332 3171 3006 3225">
    <p class='ocr_par' dir='ltr' id='par_1_71' title="bbox 2332 3171 3006 3225">
     <span class='ocr_line' id='line_1_71' title="bbox 2332 3171 3006 3225; baseline 0 -1"><span class='ocrx_word' id='word_1_483' title='bbox 2332 3171 2795 3224; x_wconf 75' lang='lat' dir='ltr'><strong>CONS&#39;I&#39;ITUTIO</strong></span> <span class='ocrx_word' id='word_1_484' title='bbox 2816 3171 3006 3225; x_wconf 76' lang='lat' dir='ltr'><strong>XXIII.</strong></span> 
     </span>
    </p>
   </div>
   <div class='ocr_carea' id='block_1_72' title="bbox 1891 3259 3458 3330">
    <p class='ocr_par' dir='ltr' id='par_1_72' title="bbox 1891 3259 3458 3330">
     <span class='ocr_line' id='line_1_72' title="bbox 1891 3259 3458 3330; baseline -0.003 -15"><span class='ocrx_word' id='word_1_485' title='bbox 1891 3261 1972 3316; x_wconf 88' lang='lat' dir='ltr'><strong>Ne</strong></span> <span class='ocrx_word' id='word_1_486' title='bbox 1995 3262 2242 3330; x_wconf 71' lang='lat' dir='ltr'><strong>pra’sides</strong></span> <span class='ocrx_word' id='word_1_487' title='bbox 2274 3262 2327 3312; x_wconf 85' lang='lat' dir='ltr'><strong>in</strong></span> <span class='ocrx_word' id='word_1_488' title='bbox 2362 3261 2649 3328; x_wconf 77' lang='lat' dir='ltr'><strong>provinciis</strong></span> <span class='ocrx_word' id='word_1_489' title='bbox 2689 3261 2798 3312; x_wconf 82' lang='lat' dir='ltr'><strong>suis</strong></span> <span class='ocrx_word' id='word_1_490' title='bbox 2839 3261 3127 3314; x_wconf 79' lang='lat' dir='ltr'><strong>domestica</strong></span> <span class='ocrx_word' id='word_1_491' title='bbox 3158 3259 3270 3330; x_wconf 88' lang='lat'><strong>(58)</strong></span> <span class='ocrx_word' id='word_1_492' title='bbox 3301 3276 3458 3328; x_wconf 87' lang='lat' dir='ltr'><strong>spon-</strong></span> 
     </span>
    </p>
   </div>
   <div class='ocr_carea' id='block_1_73' title="bbox 2402 3331 2936 3384">
    <p class='ocr_par' dir='ltr' id='par_1_73' title="bbox 2402 3331 2936 3384">
     <span class='ocr_line' id='line_1_73' title="bbox 2402 3331 2936 3384; baseline 0.002 -2"><span class='ocrx_word' id='word_1_493' title='bbox 2402 3331 2540 3382; x_wconf 78' lang='lat' dir='ltr'><strong>salia</strong></span> <span class='ocrx_word' id='word_1_494' title='bbox 2597 3331 2936 3384; x_wconf 72' lang='lat' dir='ltr'><strong>contrahant.</strong></span> 
     </span>
    </p>
   </div>
   <div class='ocr_carea' id='block_1_74' title="bbox 1958 3421 2911 3492">
    <p class='ocr_par' dir='ltr' id='par_1_74' title="bbox 1958 3421 2911 3492">
     <span class='ocr_line' id='line_1_74' title="bbox 1958 3421 2911 3492; baseline 0 -16"><span class='ocrx_word' id='word_1_495' title='bbox 1958 3423 2105 3476; x_wconf 87' lang='lat' dir='ltr'><strong>Idem</strong></span> <span class='ocrx_word' id='word_1_496' title='bbox 2123 3422 2418 3492; x_wconf 79' lang='lat' dir='ltr'><strong>imperator</strong></span> <span class='ocrx_word' id='word_1_497' title='bbox 2440 3423 2615 3475; x_wconf 89' lang='lat' dir='ltr'><strong>eidem</strong></span> <span class='ocrx_word' id='word_1_498' title='bbox 2639 3421 2911 3492; x_wconf 87' lang='lat' dir='ltr'><strong>Styliano.</strong></span> 
     </span>
    </p>
   </div>
   <div class='ocr_carea' id='block_1_75' title="bbox 1959 3511 3462 3580">
    <p class='ocr_par' dir='ltr' id='par_1_75' title="bbox 1959 3511 3462 3580">
     <span class='ocr_line' id='line_1_75' title="bbox 1959 3511 3462 3580; baseline -0.002 -14"><span class='ocrx_word' id='word_1_499' title='bbox 1959 3512 2192 3580; x_wconf 83' lang='lat' dir='ltr'><strong>Dignum</strong></span> <span class='ocrx_word' id='word_1_500' title='bbox 2237 3512 2424 3566; x_wconf 79' lang='lat' dir='ltr'><strong>hercle</strong></span> <span class='ocrx_word' id='word_1_501' title='bbox 2480 3513 2717 3566; x_wconf 87' lang='lat' dir='ltr'><strong>humano</strong></span> <span class='ocrx_word' id='word_1_502' title='bbox 2755 3512 2982 3577; x_wconf 80' lang='lat' dir='ltr'><strong>ingenio</strong></span> <span class='ocrx_word' id='word_1_503' title='bbox 3013 3511 3462 3580; x_wconf 82' lang='lat' dir='ltr'><strong>magistratuum-</strong></span> 
     </span>
    </p>
   </div>
   <div class='ocr_carea' id='block_1_76' title="bbox 1888 3599 3460 3671">
    <p class='ocr_par' dir='ltr' id='par_1_76' title="bbox 1888 3599 3460 3671">
     <span class='ocr_line' id='line_1_76' title="bbox 1888 3599 3460 3671; baseline -0.004 -15"><span class='ocrx_word' id='word_1_504' title='bbox 1888 3615 1996 3671; x_wconf 85' lang='lat' dir='ltr'><strong>que</strong></span> <span class='ocrx_word' id='word_1_505' title='bbox 2027 3600 2226 3654; x_wconf 83' lang='lat' dir='ltr'><strong>virtute</strong></span> <span class='ocrx_word' id='word_1_506' title='bbox 2250 3599 2490 3662; x_wconf 80' lang='lat' dir='ltr'><strong>esset,&#39;si</strong></span> <span class='ocrx_word' id='word_1_507' title='bbox 2522 3599 2615 3667; x_wconf 91' lang='lat' dir='ltr'><strong>qui</strong></span> <span class='ocrx_word' id='word_1_508' title='bbox 2649 3599 2703 3650; x_wconf 91' lang='lat' dir='ltr'><strong>in</strong></span> <span class='ocrx_word' id='word_1_509' title='bbox 2745 3599 3124 3666; x_wconf 78' lang='lat' dir='ltr'><strong>magistratum</strong></span> <span class='ocrx_word' id='word_1_510' title='bbox 3163 3611 3460 3651; x_wconf 86' lang='lat' dir='ltr'><strong>assumun-</strong></span> 
     </span>
    </p>
   </div>
   <div class='ocr_carea' id='block_1_77' title="bbox 1888 3686 3457 3760">
    <p class='ocr_par' dir='ltr' id='par_1_77' title="bbox 1888 3686 3457 3760">
     <span class='ocr_line' id='line_1_77' title="bbox 1888 3686 3457 3760; baseline -0.004 -15"><span class='ocrx_word' id='word_1_511' title='bbox 1888 3702 1979 3745; x_wconf 91' lang='lat' dir='ltr'><strong>tur</strong></span> <span class='ocrx_word' id='word_1_512' title='bbox 2023 3707 2090 3745; x_wconf 92' lang='lat' dir='ltr'><strong>co</strong></span> <span class='ocrx_word' id='word_1_513' title='bbox 2116 3690 2260 3760; x_wconf 86' lang='lat' dir='ltr'><strong>quod</strong></span> <span class='ocrx_word' id='word_1_514' title='bbox 2321 3706 2485 3760; x_wconf 83' lang='lat' dir='ltr'><strong>supra</strong></span> <span class='ocrx_word' id='word_1_515' title='bbox 2518 3690 2717 3742; x_wconf 82' lang='lat' dir='ltr'><strong>multos</strong></span> <span class='ocrx_word' id='word_1_516' title='bbox 2755 3689 2892 3741; x_wconf 89' lang='lat' dir='ltr'><strong>alios</strong></span> <span class='ocrx_word' id='word_1_517' title='bbox 2938 3687 3114 3756; x_wconf 85' lang='lat' dir='ltr'><strong>gloria</strong></span> <span class='ocrx_word' id='word_1_518' title='bbox 3149 3694 3206 3739; x_wconf 91' lang='lat' dir='ltr'><strong>et</strong></span> <span class='ocrx_word' id='word_1_519' title='bbox 3248 3686 3457 3738; x_wconf 88' lang='lat' dir='ltr'><strong>honore</strong></span> 
     </span>
    </p>
   </div>
   <div class='ocr_carea' id='block_1_78' title="bbox 1890 3774 3463 3846">
    <p class='ocr_par' dir='ltr' id='par_1_78' title="bbox 1890 3774 3463 3846">
     <span class='ocr_line' id='line_1_78' title="bbox 1890 3774 3463 3846; baseline -0.005 -14"><span class='ocrx_word' id='word_1_520' title='bbox 1890 3778 2161 3841; x_wconf 78' lang='lat' dir='ltr'><strong>fruuntur,</strong></span> <span class='ocrx_word' id='word_1_521' title='bbox 2213 3777 2466 3846; x_wconf 86' lang='lat' dir='ltr'><strong>religiose</strong></span> <span class='ocrx_word' id='word_1_522' title='bbox 2524 3777 2612 3828; x_wconf 77' lang='lat' dir='ltr'><strong>ltei</strong></span> <span class='ocrx_word' id='word_1_523' title='bbox 2679 3785 2945 3843; x_wconf 76' lang='lat' dir='ltr'><strong>przecepta</strong></span> <span class='ocrx_word' id='word_1_524' title='bbox 2993 3774 3352 3829; x_wconf 87' lang='lat' dir='ltr'><strong>observarent</strong></span> <span class='ocrx_word' id='word_1_525' title='bbox 3409 3781 3463 3824; x_wconf 81' lang='lat' dir='ltr'><strong>et</strong></span> 
     </span>
    </p>
   </div>
   <div class='ocr_carea' id='block_1_79' title="bbox 1889 3867 3460 3937">
    <p class='ocr_par' dir='ltr' id='par_1_79' title="bbox 1889 3867 3460 3937">
     <span class='ocr_line' id='line_1_79' title="bbox 1889 3867 3460 3937; baseline -0.006 -14"><span class='ocrx_word' id='word_1_526' title='bbox 1889 3869 2248 3926; x_wconf 84' lang='lat' dir='ltr'><strong>custodirent.</strong></span> <span class='ocrx_word' id='word_1_527' title='bbox 2285 3868 2620 3937; x_wconf 84' lang='lat' dir='ltr'><strong>provideque</strong></span> <span class='ocrx_word' id='word_1_528' title='bbox 2647 3867 2990 3920; x_wconf 88' lang='lat' dir='ltr'><strong>subditorum</strong></span> <span class='ocrx_word' id='word_1_529' title='bbox 3039 3881 3130 3920; x_wconf 88' lang='lat' dir='ltr'><strong>res</strong></span> <span class='ocrx_word' id='word_1_530' title='bbox 3183 3873 3460 3923; x_wconf 79' lang='lat' dir='ltr'><strong>curarent.</strong></span> 
     </span>
    </p>
   </div>
   <div class='ocr_carea' id='block_1_80' title="bbox 1890 3958 3461 4028">
    <p class='ocr_par' dir='ltr' id='par_1_80' title="bbox 1890 3958 3461 4028">
     <span class='ocr_line' id='line_1_80' title="bbox 1890 3958 3461 4028; baseline -0.004 -15"><span class='ocrx_word' id='word_1_531' title='bbox 1890 3974 2238 4028; x_wconf 84' lang='lat' dir='ltr'><strong>nequaquam</strong></span> <span class='ocrx_word' id='word_1_532' title='bbox 2275 3975 2404 4014; x_wconf 79' lang='lat' dir='ltr'><strong>vero</strong></span> <span class='ocrx_word' id='word_1_533' title='bbox 2453 3962 2575 4014; x_wconf 81' lang='lat' dir='ltr'><strong>illos</strong></span> <span class='ocrx_word' id='word_1_534' title='bbox 2646 3959 2800 4028; x_wconf 81' lang='lat' dir='ltr'><strong>gravi</strong></span> <span class='ocrx_word' id='word_1_535' title='bbox 2856 3973 3020 4012; x_wconf 89' lang='lat' dir='ltr'><strong>manu</strong></span> <span class='ocrx_word' id='word_1_536' title='bbox 3069 3958 3461 4027; x_wconf 82' lang='lat' dir='ltr'><strong>opprimerent.</strong></span> 
     </span>
    </p>
   </div>
   <div class='ocr_carea' id='block_1_81' title="bbox 1487 4071 2163 4128">
    <p class='ocr_par' dir='ltr' id='par_1_81' title="bbox 1487 4071 2163 4128">
     <span class='ocr_line' id='line_1_81' title="bbox 1487 4071 2163 4128; baseline 0.001 -2"><span class='ocrx_word' id='word_1_537' title='bbox 1487 4073 1720 4128; x_wconf 77' lang='lat' dir='ltr'><strong>VARUE</strong></span> <span class='ocrx_word' id='word_1_538' title='bbox 1761 4071 2163 4127; x_wconf 69' lang='lat' dir='ltr'><strong>LECTIONES.</strong></span> 
     </span>
    </p>
   </div>
   <div class='ocr_carea' id='block_1_82' title="bbox 335 4163 814 4224">
    <p class='ocr_par' dir='ltr' id='par_1_82' title="bbox 335 4163 814 4224">
     <span class='ocr_line' id='line_1_82' title="bbox 335 4163 814 4224; baseline 0.006 -10"><span class='ocrx_word' id='word_1_539' title='bbox 335 4163 381 4198; x_wconf 77' lang='lat'><strong>&quot;</strong></span> <span class='ocrx_word' id='word_1_540' title='bbox 433 4165 594 4219; x_wconf 72' lang='lat' dir='ltr'><strong>codd.</strong></span> <span class='ocrx_word' id='word_1_541' title='bbox 621 4164 814 4224; x_wconf 74' lang='grc' dir='ltr'>ἄλλως.</span> 
     </span>
    </p>
   </div>
   <div class='ocr_carea' id='block_1_83' title="bbox 224 4233 2157 4300">
    <p class='ocr_par' dir='ltr' id='par_1_83' title="bbox 224 4233 2157 4300">
     <span class='ocr_line' id='line_1_83' title="bbox 224 4233 2157 4300; baseline -0.002 -13"><span class='ocrx_word' id='word_1_542' title='bbox 224 4251 322 4287; x_wconf 86' lang='grc' dir='ltr'><strong>του</strong></span> <span class='ocrx_word' id='word_1_543' title='bbox 369 4234 804 4300; x_wconf 68' lang='grc' dir='ltr'>συναπολήψεται</span> <span class='ocrx_word' id='word_1_544' title='bbox 851 4234 1166 4286; x_wconf 81' lang='grc' dir='ltr'>δεσποτείαν</span> <span class='ocrx_word' id='word_1_545' title='bbox 1215 4235 1395 4296; x_wconf 82' lang='lat' dir='ltr'><strong>habet,</strong></span> <span class='ocrx_word' id='word_1_546' title='bbox 1430 4233 1752 4286; x_wconf 88' lang='lat' dir='ltr'><strong>iutermedia</strong></span> <span class='ocrx_word' id='word_1_547' title='bbox 1785 4250 1913 4286; x_wconf 86' lang='lat' dir='ltr'><strong>vero</strong></span> <span class='ocrx_word' id='word_1_548' title='bbox 1936 4235 2157 4286; x_wconf 83' lang='lat' dir='ltr'><strong>Omittit.</strong></span> 
     </span>
    </p>
   </div>
   <div class='ocr_carea' id='block_1_84' title="bbox 627 4302 2294 4372">
    <p class='ocr_par' dir='ltr' id='par_1_84' title="bbox 627 4302 2294 4372">
     <span class='ocr_line' id='line_1_84' title="bbox 627 4302 2294 4372; baseline 0 -18"><span class='ocrx_word' id='word_1_549' title='bbox 627 4306 673 4335; x_wconf 80' lang='grc'><strong>⁷³</strong></span> <span class='ocrx_word' id='word_1_550' title='bbox 731 4303 824 4356; x_wconf 79' lang='lat' dir='ltr'><strong>Est</strong></span> <span class='ocrx_word' id='word_1_551' title='bbox 851 4306 980 4372; x_wconf 55' lang='lat' dir='ltr'><strong>‘IScI.</strong></span> <span class='ocrx_word' id='word_1_552' title='bbox 1017 4303 1151 4356; x_wconf 80' lang='lat' dir='ltr'><strong>Nov.</strong></span> <span class='ocrx_word' id='word_1_553' title='bbox 1178 4304 1244 4355; x_wconf 83' lang='lat' dir='ltr'><strong>l5</strong></span> <span class='ocrx_word' id='word_1_554' title='bbox 1274 4311 1326 4356; x_wconf 85' lang='lat' dir='ltr'><strong>et</strong></span> <span class='ocrx_word' id='word_1_555' title='bbox 1359 4303 1548 4370; x_wconf 84' lang='lat' dir='ltr'><strong>incipit</strong></span> <span class='ocrx_word' id='word_1_556' title='bbox 1580 4302 1720 4355; x_wconf 79' lang='lat' dir='ltr'><strong>infra</strong></span> <span class='ocrx_word' id='word_1_557' title='bbox 1756 4304 1922 4355; x_wconf 82' lang='lat' dir='ltr'><strong>verbo</strong></span> <span class='ocrx_word' id='word_1_558' title='bbox 1945 4302 2294 4370; x_wconf 77' lang='grc' dir='ltr'>θεσπίζομεν.</span> 
     </span>
    </p>
   </div>
   <div class='ocr_carea' id='block_1_85' title="bbox 226 4305 538 4358">
    <p class='ocr_par' dir='ltr' id='par_1_85' title="bbox 226 4305 538 4358">
     <span class='ocr_line' id='line_1_85' title="bbox 226 4305 538 4358; baseline 0.006 -2"><span class='ocrx_word' id='word_1_559' title='bbox 226 4313 411 4358; x_wconf 89' lang='lat' dir='ltr'><strong>const.</strong></span> <span class='ocrx_word' id='word_1_560' title='bbox 451 4305 538 4358; x_wconf 73' lang='grc'><strong>20.</strong></span> 
     </span>
    </p>
   </div>
   <div class='ocr_carea' id='block_1_86' title="bbox 894 4158 3448 4233">
    <p class='ocr_par' dir='ltr' id='par_1_86' title="bbox 894 4158 3448 4233">
     <span class='ocr_line' id='line_1_86' title="bbox 894 4158 3448 4233; baseline -0.003 -16"><span class='ocrx_word' id='word_1_561' title='bbox 894 4165 937 4195; x_wconf 90' lang='grc'><strong>¹¹⁰</strong></span> <span class='ocrx_word' id='word_1_562' title='bbox 967 4164 1198 4232; x_wconf 85' lang='lat' dir='ltr'><strong>Scrimg.</strong></span> <span class='ocrx_word' id='word_1_563' title='bbox 1220 4163 1684 4232; x_wconf 82' lang='grc' dir='ltr'>ἀνταλλαξαμένη.</span> <span class='ocrx_word' id='word_1_564' title='bbox 1754 4166 1797 4196; x_wconf 75' lang='grc'><strong>’⁸</strong></span> <span class='ocrx_word' id='word_1_565' title='bbox 1826 4164 1940 4218; x_wconf 81' lang='lat' dir='ltr'><strong>Ecl.</strong></span> <span class='ocrx_word' id='word_1_566' title='bbox 1977 4179 2163 4233; x_wconf 69' lang='lat' dir='ltr'><strong>prmm.</strong></span> <span class='ocrx_word' id='word_1_567' title='bbox 2197 4163 2277 4214; x_wconf 75' lang='grc' dir='ltr'><strong>ἐν.</strong></span> <span class='ocrx_word' id='word_1_568' title='bbox 2309 4164 2378 4233; x_wconf 50' lang='grc' dir='ltr'><strong>ξ’</strong></span> <span class='ocrx_word' id='word_1_569' title='bbox 2404 4161 2514 4214; x_wconf 82' lang='lat' dir='ltr'><strong>Ecl.</strong></span> <span class='ocrx_word' id='word_1_570' title='bbox 2555 4159 2944 4233; x_wconf 57' lang='lat' dir='ltr'><strong>:ivuog__pscii</strong></span> <span class='ocrx_word' id='word_1_571' title='bbox 2968 4159 3074 4210; x_wconf 76' lang='grc' dir='ltr'><strong>τῶν</strong></span> <span class='ocrx_word' id='word_1_572' title='bbox 3109 4158 3448 4233; x_wconf 62' lang='grc' dir='ltr'>παίδωντοῦ-</span> 
     </span>
    </p>
   </div>
   <div class='ocr_carea' id='block_1_87' title="bbox 2243 4227 3464 4301">
    <p class='ocr_par' dir='ltr' id='par_1_87' title="bbox 2243 4227 3464 4301">
     <span class='ocr_line' id='line_1_87' title="bbox 2243 4227 3464 4301; baseline -0.006 -17"><span class='ocrx_word' id='word_1_573' title='bbox 2243 4235 2287 4264; x_wconf 87' lang='grc'><strong>⁷³</strong></span> <span class='ocrx_word' id='word_1_574' title='bbox 2308 4231 2516 4301; x_wconf 78' lang='lat' dir='ltr'><strong>Reliqui</strong></span> <span class='ocrx_word' id='word_1_575' title='bbox 2549 4243 2740 4300; x_wconf 69' lang='lat' dir='ltr'><strong>pnetcr</strong></span> <span class='ocrx_word' id='word_1_576' title='bbox 2774 4229 2884 4284; x_wconf 82' lang='lat' dir='ltr'><strong>Ecl.</strong></span> <span class='ocrx_word' id='word_1_577' title='bbox 2917 4230 3168 4299; x_wconf 76' lang='grc' dir='ltr'>ἔχουσαν.</span> <span class='ocrx_word' id='word_1_578' title='bbox 3228 4227 3275 4258; x_wconf 76' lang='grc'><strong>⁷⁸</strong></span> <span class='ocrx_word' id='word_1_579' title='bbox 3295 4228 3464 4295; x_wconf 65' lang='lat' dir='ltr'><strong>Supra</strong></span> 
     </span>
    </p>
   </div>
   <div class='ocr_carea' id='block_1_88' title="bbox 1725 4392 1956 4448">
    <p class='ocr_par' dir='ltr' id='par_1_88' title="bbox 1725 4392 1956 4448">
     <span class='ocr_line' id='line_1_88' title="bbox 1725 4392 1956 4448; baseline 0.013 -4"><span class='ocrx_word' id='word_1_580' title='bbox 1725 4392 1956 4448; x_wconf 70' lang='lat' dir='ltr'><strong>NOTA‘J.</strong></span> 
     </span>
    </p>
   </div>
   <div class='ocr_carea' id='block_1_89' title="bbox 302 4486 1786 4561">
    <p class='ocr_par' dir='ltr' id='par_1_89' title="bbox 302 4486 1786 4561">
     <span class='ocr_line' id='line_1_89' title="bbox 302 4486 1786 4561; baseline -0.007 -15"><span class='ocrx_word' id='word_1_581' title='bbox 302 4493 416 4561; x_wconf 75' lang='lat'><strong>(5&#39;2)</strong></span> <span class='ocrx_word' id='word_1_582' title='bbox 448 4492 554 4545; x_wconf 81' lang='lat' dir='ltr'><strong>Res</strong></span> <span class='ocrx_word' id='word_1_583' title='bbox 580 4491 652 4543; x_wconf 89' lang='lat' dir='ltr'><strong>ita</strong></span> <span class='ocrx_word' id='word_1_584' title='bbox 679 4488 1053 4561; x_wconf 65' lang='lat' dir='ltr'><strong>constituenda</strong></span> <span class='ocrx_word' id='word_1_585' title='bbox 1085 4494 1200 4561; x_wconf 77' lang='lat' dir='ltr'><strong>est:</strong></span> <span class='ocrx_word' id='word_1_586' title='bbox 1258 4486 1472 4561; x_wconf 74' lang='lat' dir='ltr'><strong>Cpujux</strong></span> <span class='ocrx_word' id='word_1_587' title='bbox 1504 4496 1786 4561; x_wconf 75' lang='lat' dir='ltr'><strong>superstes</strong></span> 
     </span>
    </p>
   </div>
   <div class='ocr_carea' id='block_1_90' title="bbox 226 4555 1786 4625">
    <p class='ocr_par' dir='ltr' id='par_1_90' title="bbox 226 4555 1786 4625">
     <span class='ocr_line' id='line_1_90' title="bbox 226 4555 1786 4625; baseline -0.007 -8"><span class='ocrx_word' id='word_1_588' title='bbox 226 4555 336 4617; x_wconf 84' lang='lat' dir='ltr'><strong>non</strong></span> <span class='ocrx_word' id='word_1_589' title='bbox 365 4555 695 4614; x_wconf 73' lang='lat' dir='ltr'><strong>contrahi-us</strong></span> <span class='ocrx_word' id='word_1_590' title='bbox 724 4560 990 4614; x_wconf 70' lang='lat' dir='ltr'><strong>sreundas</strong></span> <span class='ocrx_word' id='word_1_591' title='bbox 1021 4555 1262 4623; x_wconf 80' lang='lat' dir='ltr'><strong>nuptias.</strong></span> <span class='ocrx_word' id='word_1_592' title='bbox 1297 4557 1445 4608; x_wconf 80' lang='lat' dir='ltr'><strong>lucra</strong></span> <span class='ocrx_word' id='word_1_593' title='bbox 1508 4557 1786 4625; x_wconf 84' lang='lat' dir='ltr'><strong>sponsalia</strong></span> 
     </span>
    </p>
   </div>
   <div class='ocr_carea' id='block_1_91' title="bbox 226 4625 1788 4702">
    <p class='ocr_par' dir='ltr' id='par_1_91' title="bbox 226 4625 1788 4702">
     <span class='ocr_line' id='line_1_91' title="bbox 226 4625 1788 4702; baseline -0.003 -20"><span class='ocrx_word' id='word_1_594' title='bbox 226 4641 444 4702; x_wconf 80' lang='lat' dir='ltr'><strong>poterat</strong></span> <span class='ocrx_word' id='word_1_595' title='bbox 471 4630 727 4702; x_wconf 75' lang='lat' dir='ltr'><strong>alienare.</strong></span> <span class='ocrx_word' id='word_1_596' title='bbox 767 4628 904 4702; x_wconf 41' lang='grc' dir='ltr'>μηδ,</span> <span class='ocrx_word' id='word_1_597' title='bbox 937 4628 1118 4702; x_wconf 90' lang='lat' dir='ltr'><strong>in</strong></span> <span class='ocrx_word' id='word_1_598' title='bbox 1155 4627 1189 4677; x_wconf 89' lang='grc' dir='ltr'><strong>Ι.</strong></span> <span class='ocrx_word' id='word_1_599' title='bbox 1301 4626 1352 4677; x_wconf 90' lang='lat' dir='ltr'><strong>in</strong></span> <span class='ocrx_word' id='word_1_600' title='bbox 1379 4625 1468 4702; x_wconf 65' lang='lat' dir='ltr'><strong>tio.</strong></span> <span class='ocrx_word' id='word_1_601' title='bbox 1497 4626 1532 4677; x_wconf 90' lang='lat' dir='ltr'><strong>I.</strong></span> <span class='ocrx_word' id='word_1_602' title='bbox 1567 4627 1619 4688; x_wconf 87' lang='lat'><strong>8,</strong></span> <span class='ocrx_word' id='word_1_603' title='bbox 1655 4625 1699 4694; x_wconf 82' lang='lat'><strong>§.</strong></span> <span class='ocrx_word' id='word_1_604' title='bbox 1740 4629 1788 4684; x_wconf 83' lang='grc' dir='ltr'><strong>-Ι,</strong></span> 
     </span>
    </p>
   </div>
   <div class='ocr_carea' id='block_1_92' title="bbox 227 4696 1790 4764">
    <p class='ocr_par' dir='ltr' id='par_1_92' title="bbox 227 4696 1790 4764">
     <span class='ocr_line' id='line_1_92' title="bbox 227 4696 1790 4764; baseline -0.004 -12"><span class='ocrx_word' id='word_1_605' title='bbox 227 4696 290 4754; x_wconf 74' lang='lat' dir='ltr'><strong>i2.</strong></span> <span class='ocrx_word' id='word_1_606' title='bbox 312 4702 380 4753; x_wconf 86' lang='lat' dir='ltr'><strong>de</strong></span> <span class='ocrx_word' id='word_1_607' title='bbox 409 4699 632 4752; x_wconf 84' lang='lat' dir='ltr'><strong>sccuml.</strong></span> <span class='ocrx_word' id='word_1_608' title='bbox 669 4699 890 4764; x_wconf 83' lang='lat' dir='ltr'><strong>nuptiis,</strong></span> <span class='ocrx_word' id='word_1_609' title='bbox 919 4705 976 4748; x_wconf 87' lang='lat' dir='ltr'><strong>ut</strong></span> <span class='ocrx_word' id='word_1_610' title='bbox 1009 4697 1133 4748; x_wconf 88' lang='lat' dir='ltr'><strong>hinc</strong></span> <span class='ocrx_word' id='word_1_611' title='bbox 1155 4696 1380 4764; x_wconf 75' lang='lat' dir='ltr'><strong>colligas</strong></span> <span class='ocrx_word' id='word_1_612' title='bbox 1416 4697 1627 4761; x_wconf 86' lang='lat' dir='ltr'><strong>plenam</strong></span> <span class='ocrx_word' id='word_1_613' title='bbox 1667 4711 1790 4761; x_wconf 61' lang='lat' dir='ltr'><strong>pro«</strong></span> 
     </span>
    </p>
   </div>
   <div class='ocr_carea' id='block_1_93' title="bbox 231 4763 1789 4838">
    <p class='ocr_par' dir='ltr' id='par_1_93' title="bbox 231 4763 1789 4838">
     <span class='ocr_line' id='line_1_93' title="bbox 231 4763 1789 4838; baseline -0.004 -15"><span class='ocrx_word' id='word_1_614' title='bbox 231 4773 517 4838; x_wconf 81' lang='lat' dir='ltr'><strong>prietatem</strong></span> <span class='ocrx_word' id='word_1_615' title='bbox 543 4763 805 4820; x_wconf 88' lang='lat' dir='ltr'><strong>bonorum</strong></span> <span class='ocrx_word' id='word_1_616' title='bbox 836 4767 1155 4838; x_wconf 82' lang='lat' dir='ltr'><strong>uuptialium</strong></span> <span class='ocrx_word' id='word_1_617' title='bbox 1179 4765 1341 4817; x_wconf 88' lang='lat' dir='ltr'><strong>veteri</strong></span> <span class='ocrx_word' id='word_1_618' title='bbox 1362 4763 1484 4830; x_wconf 87' lang='lat' dir='ltr'><strong>jure</strong></span> <span class='ocrx_word' id='word_1_619' title='bbox 1513 4765 1789 4838; x_wconf 81' lang='lat' dir='ltr'><strong>habuisse.</strong></span> 
     </span>
    </p>
   </div>
   <div class='ocr_carea' id='block_1_94' title="bbox 227 4837 1791 4955">
    <p class='ocr_par' dir='ltr' id='par_1_94' title="bbox 227 4837 1791 4955">
     <span class='ocr_line' id='line_1_94' title="bbox 227 4837 1791 4955; baseline -0.006 -61"><span class='ocrx_word' id='word_1_620' title='bbox 227 4842 427 4894; x_wconf 74' lang='lat' dir='ltr'><strong>I&#39;o~tra</strong></span> <span class='ocrx_word' id='word_1_621' title='bbox 451 4838 804 4890; x_wconf 88' lang='lat' dir='ltr'><strong>constitutum</strong></span> <span class='ocrx_word' id='word_1_622' title='bbox 842 4837 940 4888; x_wconf 76' lang='lat' dir='ltr'><strong>fuit</strong></span> <span class='ocrx_word' id='word_1_623' title='bbox 974 4844 1031 4886; x_wconf 87' lang='grc' dir='ltr'><strong>ιιι</strong></span> <span class='ocrx_word' id='word_1_624' title='bbox 1053 4850 1239 4886; x_wconf 85' lang='lat' dir='ltr'><strong>carum</strong></span> <span class='ocrx_word' id='word_1_625' title='bbox 1275 4849 1452 4885; x_wconf 86' lang='lat' dir='ltr'><strong>rerum</strong></span> <span class='ocrx_word' id='word_1_626' title='bbox 1491 4837 1791 4955; x_wconf 74' lang='lat' dir='ltr'><strong>proprietas</strong></span> 
     </span>
     <span class='ocr_line' id='line_1_95' title="bbox 228 4901 1791 4955; baseline -0.002 0"><span class='ocrx_word' id='word_1_627' title='bbox 228 4912 530 4955; x_wconf 78' lang='lat' dir='ltr'><strong>liberorum</strong></span> <span class='ocrx_word' id='word_1_628' title='bbox 561 4917 728 4955; x_wconf 77' lang='lat' dir='ltr'><strong>esset.</strong></span> <span class='ocrx_word' id='word_1_629' title='bbox 773 4906 823 4955; x_wconf 93' lang='lat' dir='ltr'><strong>id</strong></span> <span class='ocrx_word' id='word_1_630' title='bbox 855 4912 959 4955; x_wconf 87' lang='lat' dir='ltr'><strong>est.</strong></span> <span class='ocrx_word' id='word_1_631' title='bbox 987 4920 1052 4955; x_wconf 85' lang='lat' dir='ltr'><strong>ne</strong></span> <span class='ocrx_word' id='word_1_632' title='bbox 1080 4905 1132 4955; x_wconf 91' lang='lat' dir='ltr'><strong>in</strong></span> <span class='ocrx_word' id='word_1_633' title='bbox 1179 4901 1550 4955; x_wconf 62' lang='lat' dir='ltr'><strong>praeiudicium</strong></span> <span class='ocrx_word' id='word_1_634' title='bbox 1619 4904 1791 4955; x_wconf 88' lang='lat' dir='ltr'><strong>ihero-</strong></span> 
     </span>
    </p>
   </div>
   <div class='ocr_carea' id='block_1_95' title="bbox 228 4901 1791 4970">
    <p class='ocr_par' dir='ltr' id='par_1_95' title="bbox 228 4901 1791 4970">
     <span class='ocr_line' id='line_1_96' title="bbox 228 4901 1791 4970; baseline -0.007 -7"><span class='ocrx_word' id='word_1_635' title='bbox 228 4912 530 4963; x_wconf 83' lang='lat' dir='ltr'><strong>Iiherorum</strong></span> <span class='ocrx_word' id='word_1_636' title='bbox 561 4917 728 4966; x_wconf 80' lang='lat' dir='ltr'><strong>esset.</strong></span> <span class='ocrx_word' id='word_1_637' title='bbox 773 4906 823 4957; x_wconf 91' lang='lat' dir='ltr'><strong>id</strong></span> <span class='ocrx_word' id='word_1_638' title='bbox 855 4912 959 4964; x_wconf 90' lang='lat' dir='ltr'><strong>est,</strong></span> <span class='ocrx_word' id='word_1_639' title='bbox 987 4920 1052 4957; x_wconf 87' lang='lat' dir='ltr'><strong>ne</strong></span> <span class='ocrx_word' id='word_1_640' title='bbox 1080 4905 1132 4955; x_wconf 91' lang='lat' dir='ltr'><strong>in</strong></span> <span class='ocrx_word' id='word_1_641' title='bbox 1179 4901 1550 4970; x_wconf 62' lang='lat' dir='ltr'><strong>praeiudicium</strong></span> <span class='ocrx_word' id='word_1_642' title='bbox 1597 4901 1791 4956; x_wconf 87' lang='lat' dir='ltr'><strong>libero-</strong></span> 
     </span>
    </p>
   </div>
   <div class='ocr_carea' id='block_1_96' title="bbox 227 4970 1786 5034">
    <p class='ocr_par' dir='ltr' id='par_1_96' title="bbox 227 4970 1786 5034">
     <span class='ocr_line' id='line_1_97' title="bbox 227 4970 1786 5034; baseline -0.006 -2"><span class='ocrx_word' id='word_1_643' title='bbox 227 4996 352 5032; x_wconf 89' lang='lat' dir='ltr'><strong>rum</strong></span> <span class='ocrx_word' id='word_1_644' title='bbox 416 4977 766 5030; x_wconf 88' lang='lat' dir='ltr'><strong>alienaretur.</strong></span> <span class='ocrx_word' id='word_1_645' title='bbox 824 4973 958 5026; x_wconf 86' lang='lat' dir='ltr'><strong>Nov.</strong></span> <span class='ocrx_word' id='word_1_646' title='bbox 988 4975 1044 5034; x_wconf 68' lang='grc'>2,</span> <span class='ocrx_word' id='word_1_647' title='bbox 1077 4988 1124 5023; x_wconf 90' lang='lat' dir='ltr'><strong>c.</strong></span> <span class='ocrx_word' id='word_1_648' title='bbox 1158 4973 1212 5024; x_wconf 79' lang='grc'><strong>2.</strong></span> <span class='ocrx_word' id='word_1_649' title='bbox 1245 4970 1341 5024; x_wconf 89' lang='lat' dir='ltr'><strong>Cui</strong></span> <span class='ocrx_word' id='word_1_650' title='bbox 1411 4973 1786 5025; x_wconf 87' lang='lat' dir='ltr'><strong>constitutioni</strong></span> 
     </span>
    </p>
   </div>
   <div class='ocr_carea' id='block_1_97' title="bbox 228 5041 1791 5113">
    <p class='ocr_par' dir='ltr' id='par_1_97' title="bbox 228 5041 1791 5113">
     <span class='ocr_line' id='line_1_98' title="bbox 228 5041 1791 5113; baseline -0.006 -14"><span class='ocrx_word' id='word_1_651' title='bbox 228 5056 422 5113; x_wconf 83' lang='lat' dir='ltr'><strong>postea</strong></span> <span class='ocrx_word' id='word_1_652' title='bbox 473 5047 815 5113; x_wconf 76' lang='lat' dir='ltr'><strong>derogatum,</strong></span> <span class='ocrx_word' id='word_1_653' title='bbox 859 5041 1130 5113; x_wconf 68' lang='lat' dir='ltr'><strong>alienandi</strong></span> <span class='ocrx_word' id='word_1_654' title='bbox 1173 5041 1442 5113; x_wconf 72' lang='lat' dir='ltr'><strong>lacullate</strong></span> <span class='ocrx_word' id='word_1_655' title='bbox 1474 5042 1791 5108; x_wconf 74' lang='lat' dir='ltr'><strong>parentibus</strong></span> 
     </span>
    </p>
   </div>
   <div class='ocr_carea' id='block_1_98' title="bbox 229 5109 1789 5186">
    <p class='ocr_par' dir='ltr' id='par_1_98' title="bbox 229 5109 1789 5186">
     <span class='ocr_line' id='line_1_99' title="bbox 229 5109 1789 5186; baseline -0.006 -15"><span class='ocrx_word' id='word_1_656' title='bbox 229 5109 495 5186; x_wconf 61' lang='lat' dir='ltr'><strong>iterttiissa</strong></span> <span class='ocrx_word' id='word_1_657' title='bbox 531 5109 666 5186; x_wconf 55' lang='lat' dir='ltr'><strong>Nor.</strong></span> <span class='ocrx_word' id='word_1_658' title='bbox 686 5113 781 5186; x_wconf 63' lang='lat'><strong>2:2.</strong></span> <span class='ocrx_word' id='word_1_659' title='bbox 806 5110 1048 5186; x_wconf 45' lang='lat'><strong>(8.20.5.</strong></span> <span class='ocrx_word' id='word_1_660' title='bbox 1079 5111 1128 5186; x_wconf 56' lang='grc' dir='ltr'><strong>ί,</strong></span> <span class='ocrx_word' id='word_1_661' title='bbox 1171 5112 1240 5163; x_wconf 87' lang='lat' dir='ltr'><strong>ibi</strong></span> <span class='ocrx_word' id='word_1_662' title='bbox 1272 5126 1487 5186; x_wconf 61' lang='lat' dir='ltr'><strong>omnem</strong></span> <span class='ocrx_word' id='word_1_663' title='bbox 1517 5113 1789 5186; x_wconf 70' lang='lat' dir='ltr'><strong>licentiam</strong></span> 
     </span>
    </p>
   </div>
   <div class='ocr_carea' id='block_1_99' title="bbox 227 5179 1794 5248">
    <p class='ocr_par' dir='ltr' id='par_1_99' title="bbox 227 5179 1794 5248">
     <span class='ocr_line' id='line_1_100' title="bbox 227 5179 1794 5248; baseline -0.006 -7"><span class='ocrx_word' id='word_1_664' title='bbox 227 5179 512 5241; x_wconf 81' lang='lat' dir='ltr'><strong>habebunt</strong></span> <span class='ocrx_word' id='word_1_665' title='bbox 566 5183 932 5235; x_wconf 86' lang='lat' dir='ltr'><strong>alienationis.</strong></span> <span class='ocrx_word' id='word_1_666' title='bbox 972 5181 1138 5232; x_wconf 84' lang='lat' dir='ltr'><strong>Paulo</strong></span> <span class='ocrx_word' id='word_1_667' title='bbox 1186 5187 1328 5248; x_wconf 89' lang='lat' dir='ltr'><strong>post,</strong></span> <span class='ocrx_word' id='word_1_668' title='bbox 1387 5179 1618 5233; x_wconf 80' lang='lat' dir='ltr'><strong>facultas</strong></span> <span class='ocrx_word' id='word_1_669' title='bbox 1662 5181 1794 5232; x_wconf 86' lang='lat' dir='ltr'><strong>alic-</strong></span> 
     </span>
    </p>
   </div>
   <div class='ocr_carea' id='block_1_100' title="bbox 229 5249 1787 5318">
    <p class='ocr_par' dir='ltr' id='par_1_100' title="bbox 229 5249 1787 5318">
     <span class='ocr_line' id='line_1_101' title="bbox 229 5249 1787 5318; baseline -0.005 -8"><span class='ocrx_word' id='word_1_670' title='bbox 229 5254 402 5310; x_wconf 83' lang='lat' dir='ltr'><strong>nandi</strong></span> <span class='ocrx_word' id='word_1_671' title='bbox 435 5251 642 5306; x_wconf 70' lang='lat' dir='ltr'><strong>eisde&#39;n</strong></span> <span class='ocrx_word' id='word_1_672' title='bbox 677 5250 775 5304; x_wconf 82' lang='lat' dir='ltr'><strong>fuit</strong></span> <span class='ocrx_word' id='word_1_673' title='bbox 806 5250 1067 5318; x_wconf 83' lang='lat' dir='ltr'><strong>denegata</strong></span> <span class='ocrx_word' id='word_1_674' title='bbox 1103 5249 1235 5302; x_wconf 83' lang='lat' dir='ltr'><strong>Nov.</strong></span> <span class='ocrx_word' id='word_1_675' title='bbox 1263 5249 1351 5312; x_wconf 88' lang='lat'><strong>98,</strong></span> <span class='ocrx_word' id='word_1_676' title='bbox 1371 5264 1418 5301; x_wconf 90' lang='lat' dir='ltr'><strong>c.</strong></span> <span class='ocrx_word' id='word_1_677' title='bbox 1453 5253 1502 5312; x_wconf 81' lang='lat' dir='ltr'><strong>t,</strong></span> <span class='ocrx_word' id='word_1_678' title='bbox 1539 5250 1590 5301; x_wconf 92' lang='lat' dir='ltr'><strong>in</strong></span> <span class='ocrx_word' id='word_1_679' title='bbox 1616 5251 1787 5317; x_wconf 90' lang='lat' dir='ltr'><strong>princ.</strong></span> 
     </span>
    </p>
   </div>
   <div class='ocr_carea' id='block_1_101' title="bbox 230 5318 1792 5384">
    <p class='ocr_par' dir='ltr' id='par_1_101' title="bbox 230 5318 1792 5384">
     <span class='ocr_line' id='line_1_102' title="bbox 230 5318 1792 5384; baseline -0.005 -5"><span class='ocrx_word' id='word_1_680' title='bbox 230 5324 434 5379; x_wconf 84' lang='lat' dir='ltr'><strong>abhinc</strong></span> <span class='ocrx_word' id='word_1_681' title='bbox 461 5331 702 5384; x_wconf 90' lang='lat' dir='ltr'><strong>cautum,</strong></span> <span class='ocrx_word' id='word_1_682' title='bbox 746 5329 802 5372; x_wconf 93' lang='lat' dir='ltr'><strong>ut</strong></span> <span class='ocrx_word' id='word_1_683' title='bbox 832 5319 993 5372; x_wconf 84' lang='lat' dir='ltr'><strong>rebus</strong></span> <span class='ocrx_word' id='word_1_684' title='bbox 1033 5321 1084 5372; x_wconf 92' lang='lat' dir='ltr'><strong>iu</strong></span> <span class='ocrx_word' id='word_1_685' title='bbox 1131 5319 1232 5371; x_wconf 88' lang='lat' dir='ltr'><strong>illis</strong></span> <span class='ocrx_word' id='word_1_686' title='bbox 1293 5329 1463 5372; x_wconf 85' lang='lat' dir='ltr'><strong>mater</strong></span> <span class='ocrx_word' id='word_1_687' title='bbox 1513 5318 1792 5371; x_wconf 76' lang='lat' dir='ltr'><strong>usumiru-</strong></span> 
     </span>
    </p>
   </div>
   <div class='ocr_carea' id='block_1_102' title="bbox 230 5388 1793 5457">
    <p class='ocr_par' dir='ltr' id='par_1_102' title="bbox 230 5388 1793 5457">
     <span class='ocr_line' id='line_1_103' title="bbox 230 5388 1793 5457; baseline -0.004 -10"><span class='ocrx_word' id='word_1_688' title='bbox 230 5405 385 5447; x_wconf 88' lang='lat' dir='ltr'><strong>ctmu</strong></span> <span class='ocrx_word' id='word_1_689' title='bbox 413 5400 465 5442; x_wconf 90' lang='lat' dir='ltr'><strong>et</strong></span> <span class='ocrx_word' id='word_1_690' title='bbox 493 5405 558 5441; x_wconf 89' lang='lat' dir='ltr'><strong>eo</strong></span> <span class='ocrx_word' id='word_1_691' title='bbox 580 5392 815 5456; x_wconf 87' lang='lat' dir='ltr'><strong>amplius</strong></span> <span class='ocrx_word' id='word_1_692' title='bbox 831 5390 1035 5441; x_wconf 86' lang='lat' dir='ltr'><strong>virilem</strong></span> <span class='ocrx_word' id='word_1_693' title='bbox 1057 5388 1402 5457; x_wconf 81' lang='lat' dir='ltr'><strong>proprietatis</strong></span> <span class='ocrx_word' id='word_1_694' title='bbox 1433 5403 1793 5454; x_wconf 88' lang='lat' dir='ltr'><strong>consequere-</strong></span> 
     </span>
    </p>
   </div>
   <div class='ocr_carea' id='block_1_103' title="bbox 233 5457 1793 5522">
    <p class='ocr_par' dir='ltr' id='par_1_103' title="bbox 233 5457 1793 5522">
     <span class='ocr_line' id='line_1_104' title="bbox 233 5457 1793 5522; baseline -0.004 -6"><span class='ocrx_word' id='word_1_695' title='bbox 233 5473 328 5516; x_wconf 90' lang='lat' dir='ltr'><strong>tur</strong></span> <span class='ocrx_word' id='word_1_696' title='bbox 356 5460 564 5512; x_wconf 80' lang='lat' dir='ltr'><strong>Novell.</strong></span> <span class='ocrx_word' id='word_1_697' title='bbox 601 5458 721 5521; x_wconf 73' lang='lat'><strong>1‘27,</strong></span> <span class='ocrx_word' id='word_1_698' title='bbox 755 5476 803 5513; x_wconf 91' lang='lat' dir='ltr'><strong>c.</strong></span> <span class='ocrx_word' id='word_1_699' title='bbox 825 5459 880 5510; x_wconf 60' lang='grc' dir='ltr'><strong>ἓ.</strong></span> <span class='ocrx_word' id='word_1_700' title='bbox 907 5457 1036 5511; x_wconf 86' lang='lat' dir='ltr'><strong>Post</strong></span> <span class='ocrx_word' id='word_1_701' title='bbox 1069 5463 1202 5511; x_wconf 87' lang='lat' dir='ltr'><strong>hanc</strong></span> <span class='ocrx_word' id='word_1_702' title='bbox 1230 5458 1398 5522; x_wconf 73' lang='lat' dir='ltr'><strong>legem</strong></span> <span class='ocrx_word' id='word_1_703' title='bbox 1441 5458 1543 5509; x_wconf 87' lang='lat' dir='ltr'><strong>alia</strong></span> <span class='ocrx_word' id='word_1_704' title='bbox 1577 5472 1793 5509; x_wconf 79' lang='lat' dir='ltr'><strong>succes-</strong></span> 
     </span>
    </p>
   </div>
   <div class='ocr_carea' id='block_1_104' title="bbox 233 5526 1792 5596">
    <p class='ocr_par' dir='ltr' id='par_1_104' title="bbox 233 5526 1792 5596">
     <span class='ocr_line' id='line_1_105' title="bbox 233 5526 1792 5596; baseline -0.004 -12"><span class='ocrx_word' id='word_1_705' title='bbox 233 5536 352 5589; x_wconf 87' lang='lat' dir='ltr'><strong>sit.</strong></span> <span class='ocrx_word' id='word_1_706' title='bbox 403 5545 522 5596; x_wconf 68' lang='lat' dir='ltr'><strong>quae</strong></span> <span class='ocrx_word' id='word_1_707' title='bbox 584 5544 688 5580; x_wconf 89' lang='lat' dir='ltr'><strong>non</strong></span> <span class='ocrx_word' id='word_1_708' title='bbox 741 5529 903 5581; x_wconf 85' lang='lat' dir='ltr'><strong>mdo</strong></span> <span class='ocrx_word' id='word_1_709' title='bbox 974 5526 1372 5580; x_wconf 80' lang='lat' dir='ltr'><strong>usuml&#39;ructum</strong></span> <span class='ocrx_word' id='word_1_710' title='bbox 1413 5565 1428 5588; x_wconf 95' lang='lat'><strong>,</strong></span> <span class='ocrx_word' id='word_1_711' title='bbox 1472 5527 1792 5592; x_wconf 86' lang='lat' dir='ltr'><strong>virilemque</strong></span> 
     </span>
    </p>
   </div>
   <div class='ocr_carea' id='block_1_105' title="bbox 235 5596 1790 5666">
    <p class='ocr_par' dir='ltr' id='par_1_105' title="bbox 235 5596 1790 5666">
     <span class='ocr_line' id='line_1_106' title="bbox 235 5596 1790 5666; baseline -0.005 -11"><span class='ocrx_word' id='word_1_712' title='bbox 235 5601 551 5655; x_wconf 81' lang='lat' dir='ltr'><strong>donationis</strong></span> <span class='ocrx_word' id='word_1_713' title='bbox 595 5607 812 5666; x_wconf 75' lang='lat' dir='ltr'><strong>propter</strong></span> <span class='ocrx_word' id='word_1_714' title='bbox 837 5599 1052 5663; x_wconf 83' lang='lat' dir='ltr'><strong>nuptias</strong></span> <span class='ocrx_word' id='word_1_715' title='bbox 1089 5596 1334 5654; x_wconf 81' lang='lat' dir='ltr'><strong>indulst.</strong></span> <span class='ocrx_word' id='word_1_716' title='bbox 1379 5596 1472 5648; x_wconf 85' lang='lat' dir='ltr'><strong>sed</strong></span> <span class='ocrx_word' id='word_1_717' title='bbox 1500 5604 1552 5646; x_wconf 91' lang='lat' dir='ltr'><strong>ct</strong></span> <span class='ocrx_word' id='word_1_718' title='bbox 1583 5596 1790 5648; x_wconf 85' lang='lat' dir='ltr'><strong>virilem</strong></span> 
     </span>
    </p>
   </div>
   <div class='ocr_carea' id='block_1_106' title="bbox 235 5665 1787 5737">
    <p class='ocr_par' dir='ltr' id='par_1_106' title="bbox 235 5665 1787 5737">
     <span class='ocr_line' id='line_1_107' title="bbox 235 5665 1787 5737; baseline -0.006 -13"><span class='ocrx_word' id='word_1_719' title='bbox 235 5675 290 5724; x_wconf 83' lang='lat' dir='ltr'><strong>in</strong></span> <span class='ocrx_word' id='word_1_720' title='bbox 323 5669 445 5721; x_wconf 83' lang='lat' dir='ltr'><strong>aliis</strong></span> <span class='ocrx_word' id='word_1_721' title='bbox 480 5668 660 5719; x_wconf 87' lang='lat' dir='ltr'><strong>mariti</strong></span> <span class='ocrx_word' id='word_1_722' title='bbox 697 5665 869 5721; x_wconf 81' lang='lat' dir='ltr'><strong>bonis</strong></span> <span class='ocrx_word' id='word_1_723' title='bbox 899 5666 926 5737; x_wconf 84' lang='lat'>§</span> <span class='ocrx_word' id='word_1_724' title='bbox 955 5668 1077 5737; x_wconf 89' lang='lat' dir='ltr'><strong>eod.</strong></span> <span class='ocrx_word' id='word_1_725' title='bbox 1136 5667 1205 5718; x_wconf 90' lang='lat' dir='ltr'><strong>ibi</strong></span> <span class='ocrx_word' id='word_1_726' title='bbox 1252 5680 1314 5716; x_wconf 87' lang='lat' dir='ltr'><strong>ac</strong></span> <span class='ocrx_word' id='word_1_727' title='bbox 1348 5665 1633 5737; x_wconf 76' lang='lat' dir='ltr'><strong>posterior</strong></span> <span class='ocrx_word' id='word_1_728' title='bbox 1684 5665 1787 5737; x_wconf 62' lang='lat' dir='ltr'><strong>lex.</strong></span> 
     </span>
    </p>
   </div>
   <div class='ocr_carea' id='block_1_107' title="bbox 236 5735 1790 5804">
    <p class='ocr_par' dir='ltr' id='par_1_107' title="bbox 236 5735 1790 5804">
     <span class='ocr_line' id='line_1_108' title="bbox 236 5735 1790 5804; baseline -0.005 -11"><span class='ocrx_word' id='word_1_729' title='bbox 236 5742 340 5793; x_wconf 78' lang='lat' dir='ltr'><strong>llis</strong></span> <span class='ocrx_word' id='word_1_730' title='bbox 405 5738 665 5789; x_wconf 77' lang='lat' dir='ltr'><strong>successit</strong></span> <span class='ocrx_word' id='word_1_731' title='bbox 725 5735 1079 5799; x_wconf 74' lang='lat' dir='ltr'><strong>consuetudo,</strong></span> <span class='ocrx_word' id='word_1_732' title='bbox 1129 5751 1233 5804; x_wconf 68' lang='lat' dir='ltr'><strong>qui</strong></span> <span class='ocrx_word' id='word_1_733' title='bbox 1290 5737 1446 5786; x_wconf 89' lang='lat' dir='ltr'><strong>matri</strong></span> <span class='ocrx_word' id='word_1_734' title='bbox 1499 5735 1790 5786; x_wconf 83' lang='lat' dir='ltr'><strong>abstineuti</strong></span> 
     </span>
    </p>
   </div>
   <div class='ocr_carea' id='block_1_108' title="bbox 239 5803 1791 5874">
    <p class='ocr_par' dir='ltr' id='par_1_108' title="bbox 239 5803 1791 5874">
     <span class='ocr_line' id='line_1_109' title="bbox 239 5803 1791 5874; baseline -0.005 -9"><span class='ocrx_word' id='word_1_735' title='bbox 239 5807 504 5865; x_wconf 76' lang='lat' dir='ltr'><strong>secundis</strong></span> <span class='ocrx_word' id='word_1_736' title='bbox 552 5806 755 5874; x_wconf 90' lang='lat' dir='ltr'><strong>nuptiis</strong></span> <span class='ocrx_word' id='word_1_737' title='bbox 801 5821 1058 5859; x_wconf 88' lang='lat' dir='ltr'><strong>concessa</strong></span> <span class='ocrx_word' id='word_1_738' title='bbox 1111 5803 1192 5859; x_wconf 69' lang='grc' dir='ltr'>ρει</span> <span class='ocrx_word' id='word_1_739' title='bbox 1250 5804 1422 5856; x_wconf 85' lang='lat' dir='ltr'><strong>virilis</strong></span> <span class='ocrx_word' id='word_1_740' title='bbox 1452 5803 1504 5856; x_wconf 92' lang='lat' dir='ltr'><strong>in</strong></span> <span class='ocrx_word' id='word_1_741' title='bbox 1536 5805 1791 5857; x_wconf 89' lang='lat' dir='ltr'><strong>omnibus</strong></span> 
     </span>
    </p>
   </div>
   <div class='ocr_carea' id='block_1_109' title="bbox 1893 4475 3462 4553">
    <p class='ocr_par' dir='ltr' id='par_1_109' title="bbox 1893 4475 3462 4553">
     <span class='ocr_line' id='line_1_110' title="bbox 1893 4475 3462 4553; baseline -0.004 -17"><span class='ocrx_word' id='word_1_742' title='bbox 1893 4486 2069 4539; x_wconf 86' lang='lat' dir='ltr'><strong>mariti</strong></span> <span class='ocrx_word' id='word_1_743' title='bbox 2109 4485 2292 4546; x_wconf 83' lang='lat' dir='ltr'><strong>bonis,</strong></span> <span class='ocrx_word' id='word_1_744' title='bbox 2354 4498 2627 4553; x_wconf 86' lang='lat' dir='ltr'><strong>quamque</strong></span> <span class='ocrx_word' id='word_1_745' title='bbox 2671 4482 2778 4535; x_wconf 68' lang='lat' dir='ltr'><strong>Imo</strong></span> <span class='ocrx_word' id='word_1_746' title='bbox 2811 4482 2896 4533; x_wconf 85' lang='lat' dir='ltr'><strong>hic</strong></span> <span class='ocrx_word' id='word_1_747' title='bbox 2924 4480 3231 4553; x_wconf 73' lang='lat' dir='ltr'><strong>conﬁrmat.</strong></span> <span class='ocrx_word' id='word_1_748' title='bbox 3256 4475 3326 4532; x_wconf 87' lang='lat' dir='ltr'><strong>Ut</strong></span> <span class='ocrx_word' id='word_1_749' title='bbox 3356 4479 3462 4553; x_wconf 70' lang='grc' dir='ltr'>ιιτο(</span> 
     </span>
    </p>
   </div>
   <div class='ocr_carea' id='block_1_110' title="bbox 1896 4551 3464 4622">
    <p class='ocr_par' dir='ltr' id='par_1_110' title="bbox 1896 4551 3464 4622">
     <span class='ocr_line' id='line_1_111' title="bbox 1896 4551 3464 4622; baseline -0.001 -19"><span class='ocrx_word' id='word_1_750' title='bbox 1896 4555 2238 4608; x_wconf 71' lang='lat' dir='ltr'><strong>consuetudo</strong></span> <span class='ocrx_word' id='word_1_751' title='bbox 2266 4555 2484 4608; x_wconf 76' lang='lat' dir='ltr'><strong>dill‘crat</strong></span> <span class='ocrx_word' id='word_1_752' title='bbox 2517 4551 2551 4605; x_wconf 12' lang='lat' dir='ltr'><strong>ai</strong></span> <span class='ocrx_word' id='word_1_753' title='bbox 2580 4555 2694 4622; x_wconf 77' lang='lat' dir='ltr'><strong>lege</strong></span> <span class='ocrx_word' id='word_1_754' title='bbox 2725 4553 2791 4606; x_wconf 88' lang='lat' dir='ltr'><strong>de</strong></span> <span class='ocrx_word' id='word_1_755' title='bbox 2816 4568 2922 4620; x_wconf 88' lang='lat' dir='ltr'><strong>qua</strong></span> <span class='ocrx_word' id='word_1_756' title='bbox 2951 4552 3152 4622; x_wconf 75' lang='lat' dir='ltr'><strong>dictum</strong></span> <span class='ocrx_word' id='word_1_757' title='bbox 3179 4558 3325 4622; x_wconf 56' lang='lat' dir='ltr'><strong>ests.</strong></span> <span class='ocrx_word' id='word_1_758' title='bbox 3346 4551 3464 4601; x_wconf 76' lang='lat' dir='ltr'><strong>cod.</strong></span> 
     </span>
    </p>
   </div>
   <div class='ocr_carea' id='block_1_111' title="bbox 1899 4617 3464 4691">
    <p class='ocr_par' dir='ltr' id='par_1_111' title="bbox 1899 4617 3464 4691">
     <span class='ocr_line' id='line_1_112' title="bbox 1899 4617 3464 4691; baseline -0.004 -17"><span class='ocrx_word' id='word_1_759' title='bbox 1899 4625 1991 4685; x_wconf 81' lang='lat' dir='ltr'><strong>ibi,</strong></span> <span class='ocrx_word' id='word_1_760' title='bbox 2021 4641 2082 4676; x_wconf 83' lang='lat' dir='ltr'><strong>ac</strong></span> <span class='ocrx_word' id='word_1_761' title='bbox 2117 4624 2313 4679; x_wconf 89' lang='lat' dir='ltr'><strong>deinde</strong></span> <span class='ocrx_word' id='word_1_762' title='bbox 2373 4617 2657 4691; x_wconf 58' lang='lat' dir='ltr'><strong>posterior&#39;</strong></span> <span class='ocrx_word' id='word_1_763' title='bbox 2702 4623 2807 4684; x_wconf 83' lang='lat' dir='ltr'><strong>lex,</strong></span> <span class='ocrx_word' id='word_1_764' title='bbox 2834 4617 2951 4672; x_wconf 50' lang='lat' dir='ltr'><strong>&#39;non</strong></span> <span class='ocrx_word' id='word_1_765' title='bbox 2986 4620 3163 4691; x_wconf 72' lang='lat' dir='ltr'><strong>video.</strong></span> <span class='ocrx_word' id='word_1_766' title='bbox 3199 4617 3325 4691; x_wconf 73' lang='lat' dir='ltr'><strong>Mihi</strong></span> <span class='ocrx_word' id='word_1_767' title='bbox 3361 4633 3464 4668; x_wconf 84' lang='lat' dir='ltr'><strong>non</strong></span> 
     </span>
    </p>
   </div>
   <div class='ocr_carea' id='block_1_112' title="bbox 1894 4688 3463 4754">
    <p class='ocr_par' dir='ltr' id='par_1_112' title="bbox 1894 4688 3463 4754">
     <span class='ocr_line' id='line_1_113' title="bbox 1894 4688 3463 4754; baseline -0.004 -10"><span class='ocrx_word' id='word_1_768' title='bbox 1894 4694 2150 4746; x_wconf 87' lang='lat' dir='ltr'><strong>videntur</strong></span> <span class='ocrx_word' id='word_1_769' title='bbox 2208 4688 2518 4754; x_wconf 84' lang='lat' dir='ltr'><strong>dissimilia,</strong></span> <span class='ocrx_word' id='word_1_770' title='bbox 2576 4693 2692 4744; x_wconf 86' lang='lat' dir='ltr'><strong>dari</strong></span> <span class='ocrx_word' id='word_1_771' title='bbox 2729 4691 2883 4742; x_wconf 85' lang='lat' dir='ltr'><strong>matri</strong></span> <span class='ocrx_word' id='word_1_772' title='bbox 2951 4689 3160 4739; x_wconf 84' lang='lat' dir='ltr'><strong>virilem</strong></span> <span class='ocrx_word' id='word_1_773' title='bbox 3202 4688 3253 4737; x_wconf 91' lang='lat' dir='ltr'><strong>in</strong></span> <span class='ocrx_word' id='word_1_774' title='bbox 3305 4691 3463 4737; x_wconf 59' lang='lat' dir='ltr'><strong>t&#39;t&#39;IItt.“</strong></span> 
     </span>
    </p>
   </div>
   <div class='ocr_carea' id='block_1_113' title="bbox 1895 4757 3462 4831">
    <p class='ocr_par' dir='ltr' id='par_1_113' title="bbox 1895 4757 3462 4831">
     <span class='ocr_line' id='line_1_114' title="bbox 1895 4757 3462 4831; baseline -0.006 -16"><span class='ocrx_word' id='word_1_775' title='bbox 1895 4764 2112 4817; x_wconf 90' lang='lat' dir='ltr'><strong>donatis</strong></span> <span class='ocrx_word' id='word_1_776' title='bbox 2166 4774 2385 4831; x_wconf 88' lang='lat' dir='ltr'><strong>propter</strong></span> <span class='ocrx_word' id='word_1_777' title='bbox 2447 4763 2664 4830; x_wconf 84' lang='lat' dir='ltr'><strong>nuptias</strong></span> <span class='ocrx_word' id='word_1_778' title='bbox 2700 4770 2752 4814; x_wconf 92' lang='lat' dir='ltr'><strong>et</strong></span> <span class='ocrx_word' id='word_1_779' title='bbox 2786 4760 2907 4831; x_wconf 79' lang='lat' dir='ltr'><strong>aliis</strong></span> <span class='ocrx_word' id='word_1_780' title='bbox 2951 4757 3373 4831; x_wconf 80' lang='lat' dir='ltr'><strong>bonis__mariti,</strong></span> <span class='ocrx_word' id='word_1_781' title='bbox 3408 4767 3462 4831; x_wconf 79' lang='lat' dir='ltr'><strong>ut</strong></span> 
     </span>
    </p>
   </div>
   <div class='ocr_carea' id='block_1_114' title="bbox 1897 4826 3463 4894">
    <p class='ocr_par' dir='ltr' id='par_1_114' title="bbox 1897 4826 3463 4894">
     <span class='ocr_line' id='line_1_115' title="bbox 1897 4826 3463 4894; baseline -0.004 -11"><span class='ocrx_word' id='word_1_782' title='bbox 1897 4832 2118 4894; x_wconf 85' lang='lat' dir='ltr'><strong>ibidem,</strong></span> <span class='ocrx_word' id='word_1_783' title='bbox 2153 4826 2405 4884; x_wconf 62' lang='lat' dir='ltr'><strong>eti-idem</strong></span> <span class='ocrx_word' id='word_1_784' title='bbox 2460 4826 2574 4883; x_wconf 73' lang='lat' dir='ltr'><strong>dari</strong></span> <span class='ocrx_word' id='word_1_785' title='bbox 2633 4833 2834 4883; x_wconf 82' lang='lat' dir='ltr'><strong>virilem</strong></span> <span class='ocrx_word' id='word_1_786' title='bbox 2870 4829 2922 4879; x_wconf 86' lang='lat' dir='ltr'><strong>iu</strong></span> <span class='ocrx_word' id='word_1_787' title='bbox 2983 4827 3239 4879; x_wconf 87' lang='lat' dir='ltr'><strong>omnibus</strong></span> <span class='ocrx_word' id='word_1_788' title='bbox 3286 4826 3463 4877; x_wconf 86' lang='lat' dir='ltr'><strong>mariti</strong></span> 
     </span>
    </p>
   </div>
   <div class='ocr_carea' id='block_1_115' title="bbox 1897 4894 3465 4960">
    <p class='ocr_par' dir='ltr' id='par_1_115' title="bbox 1897 4894 3465 4960">
     <span class='ocr_line' id='line_1_116' title="bbox 1897 4894 3465 4960; baseline -0.003 -9"><span class='ocrx_word' id='word_1_789' title='bbox 1897 4902 2073 4955; x_wconf 89' lang='lat' dir='ltr'><strong>bonis.</strong></span> <span class='ocrx_word' id='word_1_790' title='bbox 2113 4904 2177 4956; x_wconf 90' lang='lat' dir='ltr'><strong>Ut</strong></span> <span class='ocrx_word' id='word_1_791' title='bbox 2207 4903 2333 4954; x_wconf 86' lang='lat' dir='ltr'><strong>hinc</strong></span> <span class='ocrx_word' id='word_1_792' title='bbox 2355 4910 2548 4954; x_wconf 86' lang='lat' dir='ltr'><strong>notare</strong></span> <span class='ocrx_word' id='word_1_793' title='bbox 2581 4901 2737 4953; x_wconf 86' lang='lat' dir='ltr'><strong>liceat</strong></span> <span class='ocrx_word' id='word_1_794' title='bbox 2765 4913 2868 4950; x_wconf 90' lang='lat' dir='ltr'><strong>non</strong></span> <span class='ocrx_word' id='word_1_795' title='bbox 2895 4910 3017 4950; x_wconf 88' lang='lat' dir='ltr'><strong>esse</strong></span> <span class='ocrx_word' id='word_1_796' title='bbox 3037 4896 3104 4948; x_wconf 89' lang='lat' dir='ltr'><strong>de</strong></span> <span class='ocrx_word' id='word_1_797' title='bbox 3125 4894 3294 4949; x_wconf 88' lang='lat' dir='ltr'><strong>nihilo</strong></span> <span class='ocrx_word' id='word_1_798' title='bbox 3320 4895 3465 4960; x_wconf 78' lang='lat' dir='ltr'><strong>quod</strong></span> 
     </span>
    </p>
   </div>
   <div class='ocr_carea' id='block_1_116' title="bbox 1898 4961 3466 5035">
    <p class='ocr_par' dir='ltr' id='par_1_116' title="bbox 1898 4961 3466 5035">
     <span class='ocr_line' id='line_1_117' title="bbox 1898 4961 3466 5035; baseline -0.003 -15"><span class='ocrx_word' id='word_1_799' title='bbox 1898 4969 2332 5034; x_wconf 83' lang='lat' dir='ltr'><strong>IIartttenopuItts</strong></span> <span class='ocrx_word' id='word_1_800' title='bbox 2362 4971 2542 5035; x_wconf 90' lang='lat' dir='ltr'><strong>operis</strong></span> <span class='ocrx_word' id='word_1_801' title='bbox 2573 4970 2652 5021; x_wconf 84' lang='lat' dir='ltr'><strong>sui</strong></span> <span class='ocrx_word' id='word_1_802' title='bbox 2721 4969 2875 5020; x_wconf 85' lang='lat' dir='ltr'><strong>initio</strong></span> <span class='ocrx_word' id='word_1_803' title='bbox 2929 4965 3134 5027; x_wconf 81' lang='lat' dir='ltr'><strong>retulit,</strong></span> <span class='ocrx_word' id='word_1_804' title='bbox 3184 4961 3466 5018; x_wconf 83' lang='lat' dir='ltr'><strong>Trihonia-</strong></span> 
     </span>
    </p>
   </div>
   <div class='ocr_carea' id='block_1_117' title="bbox 1895 5036 3000 5106">
    <p class='ocr_par' dir='ltr' id='par_1_117' title="bbox 1895 5036 3000 5106">
     <span class='ocr_line' id='line_1_118' title="bbox 1895 5036 3000 5106; baseline -0.004 -16"><span class='ocrx_word' id='word_1_805' title='bbox 1895 5055 2023 5090; x_wconf 87' lang='lat' dir='ltr'><strong>num</strong></span> <span class='ocrx_word' id='word_1_806' title='bbox 2054 5041 2230 5106; x_wconf 83' lang='lat' dir='ltr'><strong>pretio</strong></span> <span class='ocrx_word' id='word_1_807' title='bbox 2267 5041 2410 5105; x_wconf 80' lang='lat' dir='ltr'><strong>leges</strong></span> <span class='ocrx_word' id='word_1_808' title='bbox 2440 5040 2622 5092; x_wconf 71' lang='lat' dir='ltr'><strong>ﬁxisso</strong></span> <span class='ocrx_word' id='word_1_809' title='bbox 2647 5047 2699 5090; x_wconf 85' lang='lat' dir='ltr'><strong>et</strong></span> <span class='ocrx_word' id='word_1_810' title='bbox 2733 5036 3000 5106; x_wconf 62' lang='lat' dir='ltr'><strong>I&#39;t!li\i$St‘..</strong></span> 
     </span>
    </p>
   </div>
   <div class='ocr_carea' id='block_1_118' title="bbox 1964 5105 3039 5174">
    <p class='ocr_par' dir='ltr' id='par_1_118' title="bbox 1964 5105 3039 5174">
     <span class='ocr_line' id='line_1_119' title="bbox 1964 5105 3039 5174; baseline -0.006 -14"><span class='ocrx_word' id='word_1_811' title='bbox 1964 5105 2076 5172; x_wconf 75' lang='grc'><strong>(55)</strong></span> <span class='ocrx_word' id='word_1_812' title='bbox 2111 5110 2297 5161; x_wconf 71' lang='lat' dir='ltr'><strong>Esstat</strong></span> <span class='ocrx_word' id='word_1_813' title='bbox 2338 5109 2380 5159; x_wconf 80' lang='grc' dir='ltr'><strong>ι.</strong></span> <span class='ocrx_word' id='word_1_814' title='bbox 2417 5107 2742 5174; x_wconf 85' lang='lat' dir='ltr'><strong>Ilarmenop.</strong></span> <span class='ocrx_word' id='word_1_815' title='bbox 2779 5106 2862 5164; x_wconf 78' lang='lat' dir='ltr'><strong>lt),</strong></span> <span class='ocrx_word' id='word_1_816' title='bbox 2901 5105 2926 5170; x_wconf 50' lang='grc' dir='ltr'>ᾗ</span> <span class='ocrx_word' id='word_1_817' title='bbox 2961 5106 3039 5155; x_wconf 91' lang='lat' dir='ltr'><strong>ll.</strong></span> 
     </span>
    </p>
   </div>
   <div class='ocr_carea' id='block_1_119' title="bbox 1965 5170 3467 5246">
    <p class='ocr_par' dir='ltr' id='par_1_119' title="bbox 1965 5170 3467 5246">
     <span class='ocr_line' id='line_1_120' title="bbox 1965 5170 3467 5246; baseline -0.005 -17"><span class='ocrx_word' id='word_1_818' title='bbox 1965 5170 2076 5246; x_wconf 74' lang='grc' dir='ltr'><strong>(δι)</strong></span> <span class='ocrx_word' id='word_1_819' title='bbox 2110 5178 2257 5230; x_wconf 86' lang='lat' dir='ltr'><strong>Ilanc</strong></span> <span class='ocrx_word' id='word_1_820' title='bbox 2315 5170 2772 5231; x_wconf 55' lang='lat' dir='ltr'><strong>consuetudmﬁ-m</strong></span> <span class='ocrx_word' id='word_1_821' title='bbox 2807 5179 2998 5245; x_wconf 69' lang='lat' dir='ltr'><strong>probat</strong></span> <span class='ocrx_word' id='word_1_822' title='bbox 3044 5172 3152 5227; x_wconf 87' lang='lat' dir='ltr'><strong>Leo</strong></span> <span class='ocrx_word' id='word_1_823' title='bbox 3183 5187 3325 5226; x_wconf 86' lang='lat' dir='ltr'><strong>vers.</strong></span> <span class='ocrx_word' id='word_1_824' title='bbox 3355 5170 3467 5223; x_wconf 86' lang='lat' dir='ltr'><strong>Hoc</strong></span> 
     </span>
    </p>
   </div>
   <div class='ocr_carea' id='block_1_120' title="bbox 1895 5247 2270 5317">
    <p class='ocr_par' dir='ltr' id='par_1_120' title="bbox 1895 5247 2270 5317">
     <span class='ocr_line' id='line_1_121' title="bbox 1895 5247 2270 5317; baseline 0 -18"><span class='ocrx_word' id='word_1_825' title='bbox 1895 5247 2050 5317; x_wconf 69' lang='lat' dir='ltr'><strong>igitur</strong></span> <span class='ocrx_word' id='word_1_826' title='bbox 2077 5248 2115 5308; x_wconf 85' lang='lat' dir='ltr'><strong>j.</strong></span> <span class='ocrx_word' id='word_1_827' title='bbox 2147 5248 2270 5317; x_wconf 73' lang='lat' dir='ltr'><strong>eod.</strong></span> 
     </span>
    </p>
   </div>
   <div class='ocr_carea' id='block_1_121' title="bbox 1965 5316 2496 5386">
    <p class='ocr_par' dir='ltr' id='par_1_121' title="bbox 1965 5316 2496 5386">
     <span class='ocr_line' id='line_1_122' title="bbox 1965 5316 2496 5386; baseline 0 -17"><span class='ocrx_word' id='word_1_828' title='bbox 1965 5316 2164 5384; x_wconf 82' lang='lat'><strong>(55-56)</strong></span> <span class='ocrx_word' id='word_1_829' title='bbox 2202 5316 2496 5386; x_wconf 76' lang='grc' dir='ltr'>Ὑποεάλῳ,</span> 
     </span>
    </p>
   </div>
   <div class='ocr_carea' id='block_1_122' title="bbox 1966 5378 3467 5453">
    <p class='ocr_par' dir='ltr' id='par_1_122' title="bbox 1966 5378 3467 5453">
     <span class='ocr_line' id='line_1_123' title="bbox 1966 5378 3467 5453; baseline -0.004 -16"><span class='ocrx_word' id='word_1_830' title='bbox 1966 5378 2076 5453; x_wconf 81' lang='grc'><strong>(57)</strong></span> <span class='ocrx_word' id='word_1_831' title='bbox 2099 5378 2255 5439; x_wconf 69' lang='grc' dir='ltr'>ΡΙίιτξι</span> <span class='ocrx_word' id='word_1_832' title='bbox 2289 5385 2409 5440; x_wconf 87' lang='lat' dir='ltr'><strong>vide</strong></span> <span class='ocrx_word' id='word_1_833' title='bbox 2441 5378 2507 5440; x_wconf 79' lang='lat' dir='ltr'><strong>ad</strong></span> <span class='ocrx_word' id='word_1_834' title='bbox 2537 5385 2681 5438; x_wconf 85' lang='lat' dir='ltr'><strong>hunc</strong></span> <span class='ocrx_word' id='word_1_835' title='bbox 2711 5384 2888 5438; x_wconf 90' lang='lat' dir='ltr'><strong>locum</strong></span> <span class='ocrx_word' id='word_1_836' title='bbox 2917 5380 3059 5450; x_wconf 89' lang='lat' dir='ltr'><strong>apud</strong></span> <span class='ocrx_word' id='word_1_837' title='bbox 3092 5378 3467 5445; x_wconf 83' lang='lat' dir='ltr'><strong>IIarmequu-</strong></span> 
     </span>
    </p>
   </div>
   <div class='ocr_carea' id='block_1_123' title="bbox 1898 5456 2230 5512">
    <p class='ocr_par' dir='ltr' id='par_1_123' title="bbox 1898 5456 2230 5512">
     <span class='ocr_line' id='line_1_124' title="bbox 1898 5456 2230 5512; baseline 0.015 -5"><span class='ocrx_word' id='word_1_838' title='bbox 1898 5456 2008 5509; x_wconf 91' lang='lat' dir='ltr'><strong>lum</strong></span> <span class='ocrx_word' id='word_1_839' title='bbox 2049 5456 2098 5512; x_wconf 64' lang='grc' dir='ltr'><strong>ξ.</strong></span> <span class='ocrx_word' id='word_1_840' title='bbox 2143 5456 2230 5512; x_wconf 65' lang='grc'><strong>12.</strong></span> 
     </span>
    </p>
   </div>
   <div class='ocr_carea' id='block_1_124' title="bbox 1967 5455 3465 5592">
    <p class='ocr_par' dir='ltr' id='par_1_124' title="bbox 1967 5455 3465 5592">
     <span class='ocr_line' id='line_1_125' title="bbox 2176 5457 2207 5490; baseline 0 -6"><span class='ocrx_word' id='word_1_841' title='bbox 2176 5457 2207 5490; x_wconf 65' lang='grc' dir='ltr'>ο)</span> 
     </span>
     <span class='ocr_line' id='line_1_126' title="bbox 1967 5455 3465 5592; baseline -0.005 -16"><span class='ocrx_word' id='word_1_842' title='bbox 1967 5455 2296 5588; x_wconf 31' lang='grc' dir='ltr'><strong>(Ιὲὶὸξθιόῖξεῑ,</strong></span> <span class='ocrx_word' id='word_1_843' title='bbox 2324 5524 2465 5592; x_wconf 91' lang='lat' dir='ltr'><strong>quod</strong></span> <span class='ocrx_word' id='word_1_844' title='bbox 2498 5533 2661 5577; x_wconf 89' lang='lat' dir='ltr'><strong>antea</strong></span> <span class='ocrx_word' id='word_1_845' title='bbox 2709 5524 3066 5577; x_wconf 84' lang='lat' dir='ltr'><strong>constitutum</strong></span> <span class='ocrx_word' id='word_1_846' title='bbox 3099 5519 3465 5592; x_wconf 75' lang='lat' dir='ltr'><strong>neprmsides</strong></span> 
     </span>
    </p>
   </div>
   <div class='ocr_carea' id='block_1_125' title="bbox 1898 5590 3464 5659">
    <p class='ocr_par' dir='ltr' id='par_1_125' title="bbox 1898 5590 3464 5659">
     <span class='ocr_line' id='line_1_127' title="bbox 1898 5590 3464 5659; baseline -0.005 -13"><span class='ocrx_word' id='word_1_847' title='bbox 1898 5609 2157 5647; x_wconf 88' lang='lat' dir='ltr'><strong>eorumve</strong></span> <span class='ocrx_word' id='word_1_848' title='bbox 2190 5596 2276 5647; x_wconf 83' lang='lat' dir='ltr'><strong>tibi</strong></span> <span class='ocrx_word' id='word_1_849' title='bbox 2310 5590 2372 5646; x_wconf 84' lang='lat' dir='ltr'><strong>ac</strong></span> <span class='ocrx_word' id='word_1_850' title='bbox 2397 5594 2680 5647; x_wconf 78' lang='lat' dir='ltr'><strong>domestici</strong></span> <span class='ocrx_word' id='word_1_851' title='bbox 2732 5594 2949 5659; x_wconf 69' lang='lat' dir='ltr'><strong>lttlplius</strong></span> <span class='ocrx_word' id='word_1_852' title='bbox 2982 5590 3375 5644; x_wconf 87' lang='lat' dir='ltr'><strong>contraherent</strong></span> <span class='ocrx_word' id='word_1_853' title='bbox 3410 5605 3464 5638; x_wconf 77' lang='grc' dir='ltr'>ιι.</span> 
     </span>
    </p>
   </div>
   <div class='ocr_carea' id='block_1_126' title="bbox 1900 5659 3435 5732">
    <p class='ocr_par' dir='ltr' id='par_1_126' title="bbox 1900 5659 3435 5732">
     <span class='ocr_line' id='line_1_128' title="bbox 1900 5659 3435 5732; baseline -0.005 -17"><span class='ocrx_word' id='word_1_854' title='bbox 1900 5665 2199 5732; x_wconf 84' lang='lat' dir='ltr'><strong>provincia.</strong></span> <span class='ocrx_word' id='word_1_855' title='bbox 2237 5665 2284 5716; x_wconf 90' lang='lat' dir='ltr'><strong>id</strong></span> <span class='ocrx_word' id='word_1_856' title='bbox 2318 5665 2414 5716; x_wconf 88' lang='lat' dir='ltr'><strong>hac</strong></span> <span class='ocrx_word' id='word_1_857' title='bbox 2444 5663 2665 5717; x_wconf 54' lang='lat' dir='ltr'><strong>Not-clla</strong></span> <span class='ocrx_word' id='word_1_858' title='bbox 2694 5663 3006 5716; x_wconf 76' lang='lat' dir='ltr'><strong>extenditur</strong></span> <span class='ocrx_word' id='word_1_859' title='bbox 3035 5664 3104 5714; x_wconf 90' lang='lat' dir='ltr'><strong>ad</strong></span> <span class='ocrx_word' id='word_1_860' title='bbox 3137 5659 3276 5711; x_wconf 80' lang='lat' dir='ltr'><strong>ﬁlias</strong></span> <span class='ocrx_word' id='word_1_861' title='bbox 3328 5674 3435 5725; x_wconf 67' lang='lat' dir='ltr'><strong>prae</strong></span> 
     </span>
    </p>
   </div>
   <div class='ocr_carea' id='block_1_127' title="bbox 1898 5733 2829 5802">
    <p class='ocr_par' dir='ltr' id='par_1_127' title="bbox 1898 5733 2829 5802">
     <span class='ocr_line' id='line_1_129' title="bbox 1898 5733 2829 5802; baseline -0.004 -15"><span class='ocrx_word' id='word_1_862' title='bbox 1898 5733 2053 5799; x_wconf 83' lang='lat' dir='ltr'><strong>sidis,</strong></span> <span class='ocrx_word' id='word_1_863' title='bbox 2080 5735 2238 5802; x_wconf 80' lang='lat' dir='ltr'><strong>idque</strong></span> <span class='ocrx_word' id='word_1_864' title='bbox 2273 5734 2473 5802; x_wconf 85' lang='lat' dir='ltr'><strong>adjecit</strong></span> <span class='ocrx_word' id='word_1_865' title='bbox 2503 5735 2602 5802; x_wconf 76' lang='lat' dir='ltr'><strong>legi</strong></span> <span class='ocrx_word' id='word_1_866' title='bbox 2637 5733 2829 5785; x_wconf 79' lang='lat' dir='ltr'><strong>veteri.</strong></span> 
     </span>
    </p>
   </div>
  </div>
