4248 6442
779 382 881 445 475

1966 384 2243 446 LEONIS
2268 379 2729 443 PIIILOSOPIII

3929 378 4035 437 ‘76

778 497 848 549 At
878 492 1003 562 quia
1042 498 1172 546 sunt
1195 504 1332 558 quos
1364 488 1514 545 ferox
1537 488 1869 562 iniquusque
1888 493 2109 550 animus
2139 510 2171 549 e
2200 499 2347 549 recta
2379 493 2423 551 A
2452 518 2455 539 ι

2379 493 2423 551 Α
2452 491 2651 551 αὐτοὺς
2708 486 2851 560 χειρὶ
2908 487 3130 558 βαρείᾳ.
3168 484 3324 539 Ἐπεὶ
3357 484 3403 538 δ’
3435 484 3603 547 ἐστιν,
3648 483 3743 545 οὓς
3779 482 3813 552 ἠ
3860 482 4036 551 βίαιος

781 591 1173 652 praeceptorum
1213 582 1411 635 semita
1446 584 1790 647 exorbitans,
1824 586 1877 640 in
1919 600 2233 654 perversam
2268 596 2354 658 ty-

782 674 1172 738 rannicamqne
1210 672 1563 739 cupiditatem
1597 673 1772 737 ducit,
1804 686 1858 730 et
1888 693 1985 745 pro
2044 677 2360 747 reipublicae

782 777 911 817 cura
950 759 1158 815 elferati
1200 762 1369 814 animi
1404 762 1744 829 propositum
1773 765 2032 821 exhibere
2058 766 2206 828 facit,
2238 775 2359 822 tan-

782 867 941 920 quam
1004 851 1128 905 illos
1182 850 1519 905 reirenatura
1561 852 1644 906 lex
1679 853 1790 923 (59)
1838 865 1996 911 vetus
2044 858 2255 919 statuit,
2292 874 2360 913 ne

792 940 1053 1010 praesides
1084 942 1137 994 in
1164 941 1277 994 suis
1320 940 1619 1008 provinciis
1657 952 1972 997 contractus
2001 956 2055 998 et
2083 947 2359 1015 sponsalia

784 1030 1006 1083 ineundi
1049 1031 1363 1086 facultatem
1425 1032 1714 1087 haberent.
1749 1037 1928 1102 Atque
1961 1036 2099 1089 lianc
2138 1037 2357 1105 quidem

778 1120 920 1189 juris
981 1122 1251 1176 rationem
1304 1137 1429 1176 cum
1460 1124 1513 1177 in
1547 1124 1696 1188 ﬁliis,
1770 1127 2082 1195 nepotibus,
2137 1137 2193 1180 et
2236 1128 2359 1183 aliis

783 1212 1183 1278 constituisset,
1224 1213 1458 1267 ﬁliarum
1494 1214 1854 1271 elocationem
1899 1234 2008 1273 non
2058 1218 2357 1289 prohibuit.

858 1491 970 1546 Hoc
1003 1492 1169 1559 igitur
1206 1506 1306 1546 nos
1343 1500 1601 1559 tauquam
1641 1493 1789 1561 quod
1823 1493 1964 1548 desit
1997 1494 2109 1565 (60)
2141 1498 2363 1563 optimae

788 1584 890 1652 legi
959 1582 1300 1650 adjicientes,
1361 1582 1678 1645 statuimus,
1718 1591 1776 1634 ut
1808 1585 2009 1652 quibus
2038 1588 2365 1652 praesidatus

784 1673 1031 1737 obvenit,
1053 1671 1513 1741 quemadmodum
1547 1672 1688 1727 ﬁlios
1717 1673 1963 1743 aliosque
1994 1674 2166 1728 virilis
2197 1690 2364 1731 sexus

787 1772 1053 1833 cognatos
1077 1773 1131 1818 et
1154 1763 1510 1828 domesticos,
1566 1764 1638 1818 ita
1679 1779 1899 1834 quoque
1929 1764 2070 1819 ﬁlias
2119 1764 2362 1834 aliasque

789 1854 1035 1908 feriiinini
1105 1870 1270 1909 sexus
1302 1870 1590 1922 personas,
1636 1854 1689 1908 in
1717 1857 1834 1910 suis
1892 1857 2098 1926 quique
2140 1857 2363 1924 provin-

787 1945 887 1998 ciis
911 1945 963 1997 in
1000 1945 1405 1998 matrimonium
1440 1945 1714 2000 collocare
1761 1947 2174 2015 prohibeantur.
2218 1947 2361 2013 Quid

787 2038 931 2091 enim
962 2052 1142 2091 causae
1171 2045 1257 2091 est
1314 2052 1484 2106 quare
1508 2036 1671 2100 ﬁlius,
1704 2045 1756 2091 et
1784 2037 1829 2092 si
1863 2038 1987 2106 quis
2012 2039 2158 2093 alius
2187 2040 2364 2093 virilis

790 2142 958 2181 sexus
990 2135 1094 2189 est,
1158 2128 1379 2182 decreto
1439 2129 1713 2183 obnoxius
1751 2130 1843 2192 sit,
1872 2128 1979 2182 ﬁlia
2010 2145 2141 2184 vero
2163 2146 2191 2183 a
2229 2132 2364 2201 legis

788 2219 1167 2271 observatione
1218 2218 1394 2272 libera
1450 2220 1804 2287 permaneat?
1872 2234 1996 2273 cum
2060 2223 2363 2288 praesertim

787 2308 964 2360 virilis
990 2323 1153 2362 sexus
1180 2324 1555 2377 saepenumero
1587 2310 1775 2365 multis
1802 2318 1856 2363 et
1876 2309 2051 2365 modis
2077 2318 2131 2365 et
2152 2311 2365 2365 exerci-

793 2399 889 2452 tiis
929 2400 1054 2463 sibi,
1081 2401 1296 2470 conjugi
1336 2402 1587 2469 aliisque,
1619 2417 1759 2469 qttos
1791 2401 2022 2457 alliuitas
2056 2402 2364 2471 conjunxit,

797 2489 946 2542 utilis
972 2504 1096 2543 esse
1156 2490 1349 2558 possit.
1390 2488 1522 2543 Nam
1550 2491 1845 2558 dignitates
1880 2490 2117 2545 fortasse
2166 2506 2367 2547 conse-

795 2585 979 2642 cutus,
1011 2585 1104 2632 aut
1148 2589 1454 2633 mercatura
1502 2580 1684 2651 aliqua
1732 2581 2002 2645 instituta,
2050 2582 2225 2639 aliave
2265 2600 2364 2639 su-

793 2669 1094 2723 stentanda:
1132 2670 1255 2724 vita:
1299 2686 1431 2725 cura
1484 2682 1754 2742 suscepta,
1816 2687 1992 2740 neque
2043 2674 2146 2728 sibi
2206 2676 2367 2743 (quo-

796 2759 959 2811 modo
994 2759 1130 2828 dixi)
1162 2776 1339 2829 neque
1371 2762 1495 2817 aliis
1534 2764 1857 2832 propinquis
1908 2764 2118 2819 inutilis
2179 2765 2365 2820 fuerit.

794 2844 927 2910 Quae
955 2856 1014 2901 ut
1034 2848 1321 2904 muliebris
1380 2864 1543 2905 sexus
1577 2851 1792 2915 subeat,
1851 2867 1962 2905 non
1994 2852 2110 2907 fere
2136 2853 2367 2909 idoneus

795 2943 902 2990 est.

1227 3026 1695 3084 CONSTITUTIO
1738 3027 1929 3083 XXIV.

2460 583 2554 634 καὶ
2610 582 2793 644 ἄδικος
2840 578 3033 649 γνώμη
3094 579 3195 648 τῆς
3241 576 3459 639 εὐθείας
3494 576 3805 647 ἐκφέρουσα
3843 573 4037 640 τρίϐου

2458 673 2567 726 τῶν
2591 674 2823 725 ἐντολῶν
2852 672 2973 740 άγει
3002 671 3085 731 είς
3114 672 3213 741 τὴν
3241 668 3686 739 διεστραμμένην
3720 668 3816 722 καὶ
3834 681 4038 735 τυραν-

2460 764 2615 833 νικὴν
2644 742 3097 828 πλεονεξίανδιαί.
3139 762 3261 813 ἀντὶ
3318 760 3575 831 προνοίας
3636 758 3873 829 ἀρχικῆς
3917 757 4039 811 ἐπι-

2460 855 2773 908 δείκνυσθαι
2813 852 3223 922 παρασκευάζει
3278 850 3377 919 τὴν
3432 850 3613 919 βιαίαν
3660 850 3989 917 προαίρεσιν
4019 892 4035 913 ,

2462 948 2648 1019 ὥσπερ
2675 946 3040 1013 ἀναχαιτίζων
3071 943 3298 1004 παλαιὸς
3331 941 3586 1004 ἐθέσπιζε
3612 943 3775 1010 νόμος
3806 940 3935 1002 τοὺς
3976 942 4037 992 ἐν

2463 1039 2668 1107 ἑκάστη
2724 1035 2962 1104 ἐπαρχίᾳ
3018 1032 3455 1104 ήγεμονεύοντας
3503 1032 3575 1099 μὴ
3635 1032 3779 1099 ἐχειν
3846 1031 4039 1084 ἄδειαν

2466 1126 2888 1193 συναλλάγματα
2912 1122 3007 1175 καὶ
3033 1122 3329 1191 μνηστείας
3365 1123 3558 1180 ποιεῖν,
3597 1119 3693 1170 καὶ
3732 1119 3830 1188 τὴν
3874 1118 4038 1186 ἀκρί-

2463 1219 2617 1269 ϐειαν
2646 1216 2854 1285 ταύτην
2890 1213 2982 1266 ἐπὶ
3009 1212 3142 1265 υίῶν
3173 1213 3266 1267 καὶ
3293 1211 3532 1279 ἐγγόνων
3583 1210 3677 1261 καὶ
3712 1207 3822 1259 τῶν
3859 1208 4039 1261 ἄλλων

2462 1310 2792 1377 ὁρισάμενος
2845 1305 3090 1377 ἀρρένων
3127 1302 3433 1370 συγγενῶν,
3466 1299 3785 1368 θυγατέρων
3826 1297 4042 1350 ἔκδοσιν

2465 1403 2566 1454 οὐκ
2600 1401 2843 1453 ἐκώλυσε
2856 1438 2870 1453 .

2554 1491 2727 1544 Τοῦτο
2776 1490 2871 1543 οὖν
2931 1491 3007 1551 ὼς
3059 1489 3305 1541 ἐλλεῖπον
3362 1490 3429 1557 τῇ
3492 1487 3687 1558 ἀρίστῃ
3746 1482 4039 1553 νομοθεσία

2468 1584 2864 1655 προστιθέντες
2899 1584 3060 1651 ἡμεῖς
3113 1580 3463 1649 θεσπίξομεν,
3488 1580 3678 1648 ὥσπερ
3707 1579 3834 1639 τοὺς
3878 1577 4031 1638 υίοὺς

2468 1677 2719 1737 καὶτοὺς
2749 1673 2944 1734 ἄλλους
2981 1672 3219 1743 ἄρρενας
3280 1673 3563 1738 συγγενεῖς
3616 1671 3712 1722 καὶ
3767 1666 4036 1729 οἰκείους.

2466 1768 2610 1821 οὕτω
2629 1766 2724 1818 καὶ
2750 1762 3058 1833 θυγατέρας
3080 1764 3175 1814 καὶ
3208 1763 3275 1813 τά
3308 1759 3441 1815 ἄλλα
3463 1758 3557 1811 τοῦ
3592 1758 3787 1828 θήλεος
3829 1754 4040 1825 μέρους

2465 1858 2735 1925 πρόσωπα
2763 1853 2870 1906 τῶν
2908 1853 2965 1904 ἐν
2998 1850 3206 1919 ἐκάστῃ
3254 1849 3493 1919 ἐπαρχίᾳ
3543 1847 3909 1915 διαλαχόντων
3938 1844 4042 1912 ἄρα

2465 1962 2581 2015 χειν
2638 1946 2715 2007 είς
2768 1941 3067 2012 μνηστείαν
3095 1940 3293 1992 διδόναι
3334 1938 3659 1992 κωλύεσθαι.
3699 1936 3798 1989 Διά
3833 1937 3886 1989 τί
3928 1934 4041 2003 γὰρ

2464 2038 2576 2097 υίὸς
2610 2034 2709 2104 μὲν
2745 2035 2839 2088 καὶ⁵
2876 2034 2929 2086 εἴ
2970 2049 3053 2094 τις
3086 2032 3272 2101 ἕτερος
3302 2030 3410 2082 τῶν
3439 2030 3685 2100 ἀρρένων
3732 2026 4043 2097 προσώπων

2466 2125 2815 2178 ὑποκείσεται
2870 2121 2948 2192 τῷ
2989 2121 3329 2192 ψηφίσματι,
3356 2119 3610 2189 θυγάτηρ
3659 2118 3715 2171 δὲ
3748 2116 3843 2170 τοῦ
3871 2117 4042 2183 νόμου

2466 2216 2734 2285 κρείττων
2786 2214 3063 2282 διαμενεῖ;
3130 2212 3307 2265 καίτοι
3342 2209 3605 2265 πολλάκις
3665 2207 3760 2262 τοῦ
3806 2208 4042 2277 ἄρρενος

2469 2308 2665 2376 μέρους
2692 2305 2901 2367 πολλοῖς
2917 2306 3011 2358 καὶ
3034 2304 3255 2373 τρόποις
3282 2305 3375 2356 καὶ
3403 2301 3833 2371 ἐπιτηδεύμασιν
3855 2297 4043 2363 ἐαυτῷ

2466 2414 2525 2449 τε
2545 2397 2639 2450 καὶ
2650 2400 2716 2466 τῇ
2762 2394 3216 2466 μεμνηστευμένῃ
3233 2394 3327 2445 καὶ
3352 2396 3462 2456 τοῖς
3482 2392 3658 2452 ἄλλοις
3676 2391 3721 2421 ’⁸
3751 2389 3842 2452 οὓς
3873 2391 3907 2458 ἡ
3939 2406 4045 2457 κη-

2467 2488 2586 2541 δεία
2608 2485 2815 2555 συνῆψε
2837 2485 3138 2555 δυναμένου
3159 2483 3433 2553 χρησίμου
3462 2482 3737 2551 γενέσθαι.
3756 2480 3912 2549 Τάχα
3932 2480 4047 2546 γάρ

2469 2578 2501 2648 ἦ
2535 2576 2843 2647 ἀξιώματος
2881 2574 3251 2638 ἐπιϐατεῦσας
3289 2574 3321 2645 ἢ
3362 2574 3637 2644 ἐμπορίαν
3665 2573 3784 2626 τινὰ
3839 2570 4045 2642 μετιὼν

2467 2669 2501 2738 ἢ
2531 2668 2704 2731 ἄλλως
2732 2666 2827 2721 τοῦ
2851 2668 3055 2719 οἰκείου
3096 2666 3213 2732 βίου
3241 2665 3565 2735 ἐπιμέλειαν
3596 2662 3904 2727 ἀναλαϐὼν,
3926 2663 4043 2716 ὥσ-

2469 2775 2575 2827 περ
2624 2759 2783 2827 ἔφην,
2834 2755 2952 2811 οὔθ’
2993 2756 3175 2824 ἐαυτῷ
3242 2754 3369 2808 οὔτε
3417 2756 3530 2816 τοῖς
3578 2753 3759 2815 ἄλλοις
3807 2752 4042 2813 οἰκείοις

2470 2850 2775 2919 ἀχρήσιμός
2799 2851 2976 2913 ἐστιν,
3001 2845 3077 2902 ὧν
3098 2847 3251 2901 οὐδὲν
3272 2846 3333 2901 τὺ
3356 2846 3490 2916 θῆλυ
3509 2843 3867 2916 μετέρχεσθαι
3891 2844 4051 2912 γένος

2468 2940 2546 3003 ὡς
2565 2940 2634 2992 τά
2667 2940 2837 2993 πολλά
2862 2940 3186 3008 ἐπιτηδείως
3205 2938 3343 3007 ἔχει.

3015 3028 3327 3082 ΔῙΛΤΑΞΙΣ
3363 3028 3486 3080 KA’.

800 3113 883 3169 Ne
909 3116 1010 3185 ﬁlii
1035 3120 1308 3174 naturales
1337 3137 1457 3175 cum
1509 3123 1765 3200 adoptivis
1800 3124 2200 3180 matrimonium
2241 3143 2364 3182 con-
2392 3137 2437 3200 ο
2470 3152 2477 3179 λ

2392 3137 2437 3200 c
2470 3125 2606 3195 Περὶ
2631 3124 2739 3180 τοῦ
2762 3125 2848 3194 μὴ
2883 3125 3095 3195 γαμεῖν
3119 3126 3189 3178 τὰ
3212 3124 3395 3178 τέκνα
3422 3122 3495 3176 τὰ
3533 3122 3761 3191 φυσικὰ
3792 3122 3864 3174 τὰ
3886 3120 4050 3175 θετά.

1456 3192 1690 3245 trahant.

866 3278 1012 3335 Idem
1038 3280 1330 3347 imperator
1363 3281 1538 3336 eidem
1570 3283 1840 3353 Styliano.

869 3369 1045 3433 Multi,
1069 3368 1197 3423 dum
1226 3369 1407 3438 prisca
1428 3371 1636 3439 (61-62)
1667 3382 1909 3443 tempora
1936 3373 2190 3431 laudibus
2225 3377 2366 3430 cele-

798 3461 981 3527 brant,
1041 3462 1215 3530 prima
1272 3461 1380 3515 illis
1407 3462 1459 3515 in
1482 3462 1805 3519 ordinaudis
1858 3467 2367 3536 constituendisque.

801 3552 967 3607 rebus
1022 3553 1263 3607 tribuere
1316 3552 1525 3607 volunt.
1554 3555 1732 3623 Atque
1758 3556 1847 3611 illa
1880 3557 1932 3612 in
1963 3558 2239 3627 plerisque
2280 3575 2368 3615 re-

800 3645 1044 3698 centiora
1095 3645 1335 3709 vincere,
1402 3647 1521 3699 scio
1545 3646 1761 3713 quidem
1801 3657 1856 3702 et
1887 3663 1988 3718 ego
2030 3666 2045 3703 :
2085 3661 2366 3704 verumta-

803 3749 927 3790 men
974 3735 1028 3787 in
1067 3736 1345 3790 nonnullis
1409 3736 1554 3789 vinci
1620 3740 1781 3790 etiam
1811 3738 1985 3792 video.
2017 3738 2081 3793 Et
2106 3754 2230 3793 eum
2258 3756 2366 3795 non

803 3839 974 3893 pauca
1034 3824 1166 3889 sint,
1224 3824 1277 3878 in
1343 3825 1541 3893 quibus
1586 3841 1615 3879 a
1657 3828 2056 3884 recentioribus
2106 3833 2370 3900 tempori-

805 3915 906 3968 bus
937 3915 1026 3967 illa
1058 3923 1403 3983 superentur,
1441 3925 1552 3969 tum
1577 3933 1707 3972 vero
1746 3920 1977 3974 maxime
2019 3920 2073 3975 in
2125 3923 2371 3991 adoptio-

805 4006 967 4061 nibus
1007 4006 1059 4059 id
1096 4006 1208 4061 ﬁeri
1246 4010 1585 4076 conspicitur
1623 4027 1636 4063 :
1676 4026 1814 4079 quas
1861 4012 1981 4066 illas
2042 4014 2365 4083 adoptiones

805 4099 1119 4167 neutiquam
1165 4097 1378 4153 decenti
1431 4116 1553 4153 cum
1587 4103 1693 4154 ritu
1720 4113 1773 4156 et
1813 4114 2012 4157 ornatu
2070 4105 2369 4170 faciebant,

804 4184 932 4238 dum
974 4184 1108 4239 citra
1145 4185 1352 4255 (63-64)
1397 4187 1638 4242 divinum
1672 4191 2000 4245 sacriﬁcium
2053 4193 2372 4263 divinosque

803 4283 996 4328 cantus
1029 4272 1294 4329 iaciebant
1334 4294 1346 4329 :
1379 4285 1433 4331 et
1465 4278 1556 4347 qui
1600 4280 1843 4349 adoptari
1914 4281 2132 4349 vellent,
2162 4283 2215 4337 id
2264 4285 2372 4338 illis

804 4366 1122 4434 simpliciter
1150 4367 1264 4422 ﬁeri
1295 4368 1378 4423 lex
1402 4370 1771 4438 permittebat.
1809 4371 1967 4427 Unde
2010 4376 2373 4430 usuveniebat

803 4470 1060 4523 persaepe,
1088 4464 1148 4510 ut
1176 4457 1288 4525 (65)
1329 4460 1537 4513 sororis
1566 4461 1859 4530 appellatio
1891 4463 1945 4516 in
1972 4464 2158 4519 uxoris
2186 4473 2372 4519 trans-

2550 3294 2608 3348 Ὀ
2636 3296 2795 3358 αὐτὸς
2824 3296 3076 3365 βασιλεὺς
3107 3297 3185 3365 τῷ
3214 3297 3361 3367 αὐτῷ
3391 3295 3684 3366 Στυλιανῷ.

2537 3387 2731 3439 Πολλοὶ
2775 3387 2866 3440 τὸν
2917 3388 3286 3460 πρεσϐύτερον
3338 3389 3529 3458 χρόνον
3584 3386 4054 3458 ἀποσεμνύνοντες

2471 3477 2750 3547 βούλονται
2789 3480 3055 3548 πρεσϐεῖα
3084 3481 3272 3549 νέμειν
3309 3480 3467 3551 ἀὺτῷ
3500 3479 3600 3549 τῆς
3639 3481 3749 3534 τῶν
3786 3481 4051 3550 πραγμά-

2468 3587 2575 3621 των
2616 3568 2823 3633 τάξεώς
2863 3588 2925 3624 τε
2960 3573 3053 3625 καὶ
3087 3574 3471 3636 καταστάσεως
3495 3588 3510 3603 ο
3551 3570 3663 3639 ἐγὼ
3698 3570 3756 3623 δέ
3799 3567 3918 3623 οῖδα
3951 3569 4053 3639 μὲν

2468 3659 2630 3711 αὑτὸν
2656 3658 2750 3711 τοῦ
2788 3660 3055 3729 νεωτέρου
3081 3662 3275 3729 χρόνου
3306 3664 3529 3727 κρατεῖν
3557 3662 3614 3713 ἐν
3648 3659 3925 3722 πλείστοις
3944 3697 3961 3721 ,
3990 3660 4051 3711 οὐ

2474 3749 2578 3819 μὴν
2619 3750 2756 3803 ἀλλά
2790 3751 3182 3820 ἐλαττούμενον
3226 3752 3282 3805 ἐν
3325 3770 3437 3804 τισι
3475 3750 3715 3820 καθορῶ.
3751 3752 3965 3802 Ὄντων
3996 3748 4054 3801 δὲ

2471 3838 2568 3889 οὐκ
2591 3837 2786 3905 ὀλίγων
2815 3840 2872 3890 ἐν
2896 3838 2977 3901 οἷς
3007 3841 3111 3893 ὑπὸ
3134 3840 3227 3892 τοῦ
3263 3840 3529 3909 νεωτέρου
3559 3838 4053 3905 παρευδοκιμεῖται

2472 3927 2686 3997 χρόνου,
2740 3929 2975 3997 μάλιστα
3022 3931 3081 3981 ἐν
3119 3929 3198 3998 τῷ
3231 3912 3397 3999 μέρει
3440 3928 3546 3981 τῶν
3578 3926 3861 3979 υίοθεσιῶν
3895 3925 4054 3978 τοῦτο

2473 4018 2696 4085 πάσχων
2738 4020 2955 4087 ὁρᾶται,
2996 4020 3063 4081 ἃς
3106 4020 3423 4072 παντάπασι
3478 4019 3554 4087 μὴ
3599 4017 3741 4071 κατά
3772 4017 4052 4087 πρέποντα

2474 4107 2678 4176 κόσμον
2704 4111 2869 4173 ποιεῖ,
2905 4110 3034 4162 ἄνευ
3077 4110 3301 4178 τελετῆς
3328 4110 3481 4171 θείας
3518 4109 3614 4161 καὶ
3645 4107 3807 4177 ίερῶν
3838 4107 3994 4176 ᾠδῶν
4012 4108 4051 4138 τ’

2474 4198 2677 4261 ταύτας
2734 4200 3096 4269 ποιούμενος,
3150 4201 3264 4254 ἀλλ’
3302 4202 3488 4263 ἁπλῶς
3543 4202 3655 4263 τοῖς
3709 4199 4049 4269 βουλομένοις

2474 4289 2834 4343 υἱοθετεῖσοαι
2879 4291 3041 4360 μόνον
3075 4292 3309 4353 διδόντος
3340 4291 3432 4344 τοῦ
3465 4292 3654 4360 νόμου.
3696 4290 3785 4357 Ἐξ
3818 4286 3882 4344 οὗ
3915 4308 4049 4361 συμ-

2476 4382 2647 4437 ϐαίνει
2690 4384 2950 4446 πολλάκις
3000 4385 3100 4456 τὴν
3149 4384 3384 4455 ἀδελφὴν
3432 4384 3627 4452 κλῆσιν
3678 4384 3761 4445 είς
3815 4382 4049 4451 γαμικὸν

2477 4471 2834 4539 μεταπίπτειν
2870 4472 3075 4542 σχῆμα,
3107 4475 3202 4525 καλ.
3238 4474 3271 4541 η
3306 4471 3442 4534 τέως
3468 4473 3525 4533 ἐν
3552 4469 3598 4501 ⁷⁸
3626 4469 3898 4537 θυγατρὸς
3924 4465 4049 4522 οὖσα

804 4548 925 4610 iret,
945 4558 999 4602 et
1026 4565 1147 4619 qua:
1178 4549 1355 4618 puella
1394 4551 1557 4618 paulo
1585 4559 1713 4606 ante
1746 4552 1862 4623 ﬁlia~
1890 4553 2033 4607 dicta
2064 4563 2232 4622 esset,
2263 4572 2368 4610 nu-
2402 4542 2446 4598 Ῐ)
2474 4579 2481 4614 :

2402 4542 2446 4598 Ῐ)
2474 4562 2609 4631 κόρη
2640 4564 2719 4625 εἰς
2755 4563 2853 4633 τὴν
2889 4563 3167 4633 νυμφικὴν
3202 4562 3547 4633 μετετίθετο,
3581 4560 3615 4630 ἢ
3653 4558 3767 4622 υἱὸς
3804 4561 3932 4614 ἀντὶ
3961 4559 4048 4613 τοῦ

2089 4714 2325 4769 VARIAS
2362 4716 2762 4774 LECTIONES.

876 4854 923 4882 ’⁸
951 4852 1129 4924 ἄλλοις
1179 4852 1230 4903 in
1280 4848 1395 4905 Ecl.
1436 4850 1610 4904 abest.
1666 4851 1710 4879 ’⁷
1733 4849 1823 4904 Sic
1876 4849 2014 4905 bene
2064 4851 2301 4906 correxit
2350 4849 2707 4924 Stephanus;
2746 4852 2904 4909 codd.
2944 4853 3169 4908 ὠδίνων.

807 4923 991 4990 Iigitur
1024 4922 1235 4990 κλήσει.

3280 4854 3327 4886 ’³
3359 4852 3592 4923 Scrimg.
3622 4854 3707 4907 ἐκ.
3760 4854 4055 4911 Subintel-

2299 5014 2530 5073 NOTIE.

876 5148 986 5229 (ὅθ)
1051 5146 1115 5201 L.
1153 5163 1247 5202 un.
1275 5146 1336 5203 C.
1383 5149 1429 5204 si
1464 5157 1643 5204 rector
1689 5148 1980 5218 provincia:
2021 5149 2101 5203 vel
2152 5150 2217 5204 ad
2247 5167 2370 5205 cum

809 5229 1099 5288 pertint-nt.

880 5286 995 5357 (60)
1016 5285 1262 5360 Quodde
1292 5288 1404 5342 ﬁlio
1432 5290 1792 5345 constitutum
1821 5288 1983 5344 fuerit
2007 5289 2060 5343 in
2086 5289 2232 5343 dicta
2258 5290 2374 5360 lege

812 5356 997 5417 unica,
1040 5356 1105 5409 ad
1141 5358 1277 5410 ﬁlias
1301 5360 1631 5413 extenditur.

885 5425 1271 5499 (61-62)Et_iani
1327 5436 1447 5496 post
1484 5428 1800 5499 dissolutam
1850 5429 2205 5499 iadnptinnem
2266 5448 2279 5484 :
2323 5442 2376 5483 et

810 5495 994 5553 ita'lex
1020 5497 1106 5561 l7,
1137 5496 1190 5547 ll.
1221 5495 1292 5553 De
1328 5495 1434 5552 ritu
1470 5498 1781 5565 nuptiarum
1813 5495 2123 5565 abrogatur.

914 5516 994 5551 iex
1020 5516 1040 5549 ι
1066 5516 1106 5561 ι,
1137 5516 1190 5547 ιι.
1222 5516 1292 5553 uc
1328 5516 1434 5552 ritu
1470 5516 1541 5553 nu
1585 5516 1781 5552 uarum
1813 5516 2123 5565 abrogatur.

882 5566 1089 5637 (ϐὅσϐι)
1119 5566 1500 5637 Ἂνευτελετῆς
1542 5516 1714 5631 θείας,
1762 5568 1855 5619 καὶ
1891 5568 2050 5637 ίερῶν
2091 5568 2263 5637 ᾠδῶν,
2297 5576 2381 5622 est

811 5639 954 5691 enim
979 5638 1051 5689 ita
1079 5635 1363 5699 legendum
1384 5635 1717 5706 ρτοώδίνων,
1737 5638 1874 5690 adde
1892 5635 2023 5692 Νον.
2078 5635 2165 5691 8⁷9.
2220 5638 2380 5691 Vete-

815 5723 901 5761 res
929 5706 1064 5759 citra
1083 5706 1326 5760 divinum
1358 5709 1685 5762 sacriﬁcium
1710 5707 1994 5761 etdivinos
2016 5717 2207 5772 cantus
2238 5708 2369 5759 ado-

814 5778 1053 5837 ptionem
1084 5776 1373 5832 faciebant.
1408 5777 1562 5838 Quod
1586 5778 1840 5835 emendat
1871 5776 1976 5834 Leo
2000 5777 2099 5831 bac
2128 5776 2369 5832 Novella.

2552 5154 2664 5225 (65)
2734 5153 2790 5209 Si
2826 5154 2987 5225 inter
3046 5152 3334 5221 adoptivos
3382 5152 3776 5225 permittuntur
3818 5152 4053 5225 nuptia',

2485 5222 2732 5281 necesse!
2758 5224 2862 5279 erit
2892 5231 2951 5277 ut
2981 5239 3101 5293 qua:
3141 5222 3647 5293 auteamibiisoror
3694 5222 3881 5293 (tuerit,
3919 5238 4055 5276 uxor

2481 5310 2604 5348 esse
2635 5295 2803 5363 possit
2834 5311 2847 5346 :
2882 5301 2942 5347 ut
2964 5291 3085 5361 qua:
3115 5292 3245 5346 mihi
3280 5292 3387 5363 ﬁlia
3419 5292 3672 5363 adoptiva
3694 5291 3879 5363 fuerit,
3902 5301 4054 5360 post-

2483 5361 2702 5417 modum
2734 5362 2868 5417 mihi
2900 5379 3071 5417 nurus
3097 5363 3202 5416 sit:
3228 5363 3273 5417 si
3306 5362 3416 5415 lilio
3433 5376 3554 5415 meo
3586 5361 3847 5429 adoptivo
3876 5375 4053 5415 meam

2491 5435 2653 5486 tiliam
2713 5447 2937 5487 uxorem
2988 5434 3186 5486 ducere
3229 5432 3412 5497 liceat,
3470 5432 3684 5486 eveniet
3710 5444 3955 5499 quoque,
3995 5442 4055 5483 ut

2489 5504 2581 5571 qui
2604 5502 2746 5556 ﬁlius
2775 5509 2935 5555 antea
2966 5503 3094 5554 milii
3135 5500 3485 5571 fuerit,idem
3526 5499 3658 5553 mihi
3684 5500 3757 5571 sit
3786 5502 4055 5571 gener,_si

2492 5567 2655 5629 ﬁliam
2709 5586 2884 5625 meam
2934 5571 3242 5640 adoptivam
3306 5567 3929 5640 ducerepermittatur.
3960 5567 4056 5621 Est

2488 5650 2671 5695 autem
2706 5640 2942 5694 absurda
2996 5637 3279 5693 nominum
3323 5638 3621 5706 conlusio;
3668 5652 3798 5710 ergo
3832 5637 4057 5693 etinter

2488 5712 2680 5768 fratres
2697 5710 2981 5780 adoptivos
3009 5709 3226 5778 nuptiae.
