4248 6442
190 424 298 486 4η
1255 414 1619 479 ΝονΕιιιιε
1658 409 2332 474 CONSTITUTIONES.
3337 413 3445 478 478

194 530 340 586 εἷναι
362 529 519 582 τοῦτο
536 529 580 560 ’⁸
601 527 846 596 γαμϐρὸς
871 524 1221 595 ἐγνωρίζετο,
1244 527 1509 593 γαμικαῖς
1529 523 1770 592 ὁμιλίαις
1801 529 1845 582 Α

1801 529 1845 582 Α
1876 533 1974 572 rus
2005 519 2227 572 nomine
2276 516 2722 584 eompellaretur,
2753 519 3005 574 autﬁlius
3039 519 3320 588 quiesset,
3347 537 3447 589 pro

193 619 588 691 ἁρμοζομένων
619 618 713 669 τοῦ
745 635 803 669 τε
834 616 994 684 φύσει
1027 615 1213 678 παιδὸς
1253 616 1346 666 καὶ
1371 615 1429 665 ὃν
1470 617 1505 682 ἡ
1537 612 1779 664 υἱοθεσία

1768 629 1779 663 ι
1883 622 1950 661 eo
1974 622 2140 676 gener
2167 615 2558 679 agnosceretur
2582 623 2598 659 :
2628 608 2846 674 quando
2871 609 3121 662 videlicet
3154 609 3445 671 naturalis,

197 715 282 775 είς
309 712 407 781 τὴν
438 711 544 762 τῶν
580 707 785 761 παίδων
815 708 936 775 ἵστη
976 705 1128 770 τάξιν
1151 743 1166 767 ,
1197 703 1348 756 οὐδὲν
1383 702 1780 769 ὑπολογιζομέ-

1766 729 1780 741 -
1882 717 2156 771 quemque
2211 703 2434 770 adoptio
2460 704 2512 756 in
2545 703 2781 756 liliorum
2829 702 3075 757 ordinem
3124 703 3443 763 collocarat,

197 819 297 872 νης
336 802 440 870 τῆς
473 798 723 868 πράξεως
753 797 839 849 διὰ
869 797 926 848 τὸ
972 794 1047 864 μὴ
1087 794 1312 863 τελετῆς
1348 794 1501 865 ἱερᾶς
1546 791 1776 860 μεσολα-

199 894 403 961 ϐοὐσης
438 891 642 943 ἐκεῖθέν
686 907 807 942 τινα
858 887 1098 940 κώλυσιν
1133 887 1381 954 ἀπαντᾷν
1413 884 1549 954 πρὸς
1576 883 1637 934 τὸ
1680 897 1779 948 γα-

203 988 364 1053 μικδν
386 979 738 1032 συνοικέσιον.

1886 790 2276 844 matrimoniali
2303 792 2631 843 ('OIIItttel‘clO
2663 793 2806 845 inter
2850 806 2909 844 se
2944 791 3328 860 jnngerentur,
3382 802 3448 841 ac

1884 896 2089 949 susque
2133 881 2310 950 deque
2372 880 2522 933 istaec
2560 881 2703 933 actio
2745 881 3044 934 haberetur
3079 897 3092 932 :
3122 877 3268 949 quod
3320 893 3445 931 cum

1887 985 2105 1026 sacrum
2167 970 2534 1027 ministerium
2597 985 2704 1024 non
2758 971 3172 1037 intervenisset,
3236 969 3445 1024 nullum

199 1072 330 1128 inde
357 1072 424 1125 ad
476 1068 923 1124 matrimonialem
975 1067 1426 1122 consuetudinem
1492 1066 1780 1119 exsisteret
1809 1061 2174 1118 obstaculum.

287 1162 446 1215 Ἀλλᾶ
473 1162 642 1214 πάλαι
683 1160 781 1229 μὲν
811 1159 949 1211 κατὰ
987 1157 1146 1224 λόγον
1176 1157 1252 1228 μὴ
1270 1159 1316 1189 ⁸ο
1342 1156 1773 1224 υίοθετουμένων

199 1257 545 1323 προσήκοντα
579 1254 628 1305 εί
671 1252 764 1304 καὶ
793 1253 821 1302 ὁ
871 1250 1047 1318 γάμος
1077 1249 1190 1318 ἔχει
1240 1266 1356 1311 πως
1376 1251 1420 1281 ⁸⁸
1459 1249 1521 1301 τὸ
1567 1247 1773 1310 ἄδοξον,

200 1346 354 1412 ὅμως
393 1344 515 1410 οὐχὶ
565 1342 658 1394 καὶ
692 1339 1040 1407 παρανομίας
1091 1340 1380 1407 ἀνέχεται,
1414 1337 1510 1390 νῦν
1549 1337 1606 1388 δὲ
1636 1334 1776 1387 κατὰ

203 1438 380 1504 θεσμίι
413 1435 701 1504 γινομένης
741 1432 839 1484 καὶ
868 1431 1147 1500 πρέποντα
1178 1429 1272 1481 καὶ
1311 1429 1496 1482 δίκαια
1520 1427 1617 1494 τῆς
1651 1427 1773 1478 υἱο-

203 1530 497 1598 θετήσεως,
524 1527 617 1578 καὶ
651 1524 738 1576 διὰ
767 1523 987 1591 τελετῆς
1015 1522 1164 1590 ἱερᾶς
1198 1521 1304 1573 τῶν
1343 1521 1443 1589 μὲν
1469 1521 1547 1580 είς
1575 1517 1774 1585 γονέων

199 1621 351 1682 τάξιν
395 1615 807 1686 καθισταμένων
847 1613 956 1666 τῶν
987 1612 1044 1665 δὲ
1076 1612 1154 1675 εἰς
1182 1611 1278 1680 τὴν
1299 1611 1346 1643 ⁸³
1380 1610 1489 1661 τῶν
1529 1609 1734 1662 παίδων
1755 1644 1771 1668 ,

1944 1155 2211 1210 Caeterum
2241 1155 2371 1209 olim
2404 1169 2526 1209 cum
2557 1155 2770 1210 decenti
2811 1155 3022 1209 ratione
3069 1171 3177 1209 non
3214 1155 3444 1224 adopta-

1875 1256 2046 1312 retur,
2078 1261 2392 1316 quanquam
2444 1249 2852 1301 matrimonium
2915 1246 3026 1316 (66)
3051 1247 3252 1301 infame
3288 1248 3446 1316 quid—

1876 1335 2000 1388 dam
2026 1338 2500 1407 complecteretur,
2554 1355 2662 1392 non
2714 1350 2894 1392 tamen
2934 1338 3201 1393 nefarium
3243 1340 3444 1408 aliquid

1877 1427 2211 1483 continebat.
2235 1427 2436 1484 Verum
2458 1446 2602 1484 nunc
2625 1446 2748 1484 cum
2771 1431 2988 1500 adoptio
3005 1430 3304 1486 secundum
3335 1431 3448 1501 (67)

1882 1518 2020 1573 ritus
2050 1529 2161 1572 tum
2191 1518 2421 1575 decoros
2454 1529 2567 1574 tum
2582 1521 2763 1589 justos
2797 1521 2911 1583 ﬁat,
2934 1530 2987 1574 et
3010 1537 3105 1588 per
3123 1535 3447 1575 sacrosanc-

1881 1615 1994 1662 tum
2047 1610 2158 1679 (68)
2216 1612 2548 1666 sacriﬁcium
2585 1613 2636 1664 bi
2669 1613 2723 1666 in
2766 1621 3052 1682 parentum
3105 1611 3304 1674 locum,
3368 1612 3446 1665 illi

199 1705 808 1774 οὐκέτιλπεριλείπεται
851 1700 1007 1767 λόγος
1053 1698 1133 1762 είς
1184 1700 1362 1766 γάμον
1411 1695 1773 1749 συνάπτεσθαι

1766 1713 1773 1746 '.
1879 1713 2010 1754 vero
2037 1700 2092 1752 in
2120 1699 2350 1755 ﬁliorum
2374 1703 2464 1769 jus
2501 1705 2754 1767 subeant,
2791 1704 2942 1758 nulla
2973 1705 3210 1773 amplius
3237 1705 3443 1774 reliqua

199 1800 310 1857 τοῖς
349 1797 490 1848 κατὰ
531 1794 693 1861 φύσιν
737 1792 831 1844 τοῦ
880 1788 1339 1859 υἰοποιησαμένου
1377 1787 1422 1818 ⁸³
1457 1786 1616 1838 παισὶ
1649 1785 1774 1847 τοὺς

1768 1801 1774 1842 .'
1879 1789 2022 1842 ratio
2086 1797 2189 1853 est,
2224 1799 2282 1843 ut
2314 1793 2406 1845 lilii
2449 1793 2689 1862 adeptivi
2744 1810 2866 1847 cum
2897 1795 3224 1848 naturaliter
3248 1795 3445 1864 genitis

203 1886 546 1954 εἰσποιητοὺς
573 1884 788 1946 παῖδας.
822 1879 1125 1951 Τοιγαροῦν
1155 1878 1247 1932 καὶ
1281 1877 1628 1943 θεσπίζομεν,
1669 1894 1773 1947 μη-
1810 1867 1849 1921 Β
1877 1880 1880 1931 3

1766 1867 1932 1932 -Βίη
1992 1881 2401 1936 matrimonium
2462 1892 2879 1939 connectantur.
2958 1883 3229 1950 Quocirca
3283 1886 3443 1941 etiam

200 1974 390 2040 δαμῶς
436 1973 636 2038 ἐξεῖναι
698 1973 825 2033 τοὺς
876 1970 1045 2031 οὕτως
1101 1967 1512 2036 ὑποόεὸηκότας
1556 1967 1615 2018 τὸ
1668 1969 1774 2019 τῶν

203 2062 452 2129 ἀδελφῶν
484 2063 652 2130 ὄνομα
699 2060 835 2129 πρὸς
888 2059 949 2110 τὸ
995 2057 1095 2127 τῆς
1150 2056 1412 2123 συζυγίας
1460 2058 1576 2109 ἀντὶ
1613 2059 1713 2124 τῆς
1729 2055 1776 2085 ⁸⁸

203 2154 567 2224 ἁδελφότητος
600 2148 1060 2222 μεθαρμόζεσθαι.

719 2241 1028 2295 ΔΙΑΤΑΞΙΣ
1064 2240 1171 2293 ΚΕ¹
1191 2240 1260 2294 ⁸⁵.

201 2336 342 2402 Περὶ
405 2335 643 2398 λύσεως
713 2332 1224 2454 ὐπεξυυσιόὲητος
1279 2330 1376 2383 καὶ
1435 2328 1777 2392 ἀναδόσεως

867 2417 1041 2454 ποοικ
1080 2421 1131 2454 c.

867 2417 1131 2469 προικος.

283 2494 344 2549 ’0
375 2493 531 2556 αὐτὸς
560 2491 811 2562 βασιλεὺς
846 2491 924 2561 τῷ
945 2490 1095 2562 αὐτῷ
1125 2491 1420 2560 Στυλιανῷ.

276 2589 349 2638 Ἀ
380 2588 490 2647 τοῖς
535 2584 909 2653 ἀρχαιοτέροις
942 2583 1050 2636 τῶν
1081 2582 1498 2652 αὐτοκρατόρων
1526 2581 1651 2650 περὶ
1679 2580 1773 2632 λύε

201 2694 343 2740 σεως
376 2674 824 2745 ὑπεξουσιότητος
843 2674 890 2707 ⁸⁵
913 2672 1355 2744 νενομοθέτηται,
1388 2671 1529 2727 καλά
1556 2672 1776 2741 γελδντα

201 2770 300 2820 καὶ
323 2767 457 2832 ἀξια
479 2767 831 2836 καινοτομίας
853 2764 1104 2835 ἀνώτερα
1129 2769 1529 2836 συντηρείσθαι,
1551 2768 1651 2820 οὐκ
1681 2762 1775 2820 οἷδ’

196 2859 353 2918 ὅπως
378 2858 479 2908 οὐκ
502 2856 661 2926 ἔτυχε
678 2855 780 2924 τῆς
798 2839 1180 2925 προσηκούσης
1207 2855 1409 2918 αἰδοῦς,
1441 2856 1559 2909 ἀλλ’
1584 2858 1778 2925 ὁρᾶται

200 2948 255 2998 εί
310 2947 405 2999 καὶ
454 2946 528 3015 μὴ
555 2945 726 2997 1παντί.
771 2945 926 3014 μέρει
972 2945 1086 2998 ἀλλ’
1131 2941 1226 2998 οὖν
1262 2946 1638 3014 ἀτιμαζόμενα
1676 2947 1778 2998 οὐκ

199 3036 402 3106 ὀρθῶς.
444 3034 664 3096 Δούλοις
705 3035 804 3104 μὲν
834 3036 942 3104 γὰρ
983 3034 1295 3104 ἐλευθερίας
1347 3033 1670 3104 ἠξιωμένοις
1702 3037 1775 3106 μὴ

202 3124 468 3189 καθάπαξ
495 3125 785 3194 ὀριζόντων
806 3125 849 3157 ⁸⁷
876 3124 1241 3192 ἀναφαίρετον
1267 3122 1406 3177 εἶναι
1437 3125 1497 3178 τὸ
1525 3124 1774 3195 δώρημα,

1879 1973 2192 2035 statuimus,
2219 1983 2277 2026 ut
2311 1977 2403 2044 qui
2452 1990 2516 2031 eo
2550 1977 2710 2030 modo
2738 1976 2967 2031 fratrum
3020 1993 3218 2032 nomen
3266 1979 3447 2033 subie-

1877 2063 2005 2125 rint,
2042 2064 2108 2117 iis
2166 2080 2511 2133 nequaquam
2575 2077 2788 2121 mutato
2839 2068 3202 2125 fraternitatis
3241 2069 3363 2139 jure
3390 2069 3446 2123 in

1877 2148 2287 2205 matrimonium
2311 2153 2468 2223 jungi
2495 2154 2675 2207 liceat.

2323 2242 2791 2299 CONSTITUTIO
2813 2245 2981 2300 XXV.

2048 2331 2122 2385 De
2164 2334 2615 2400 emancipatione,
2655 2345 2705 2388 et
2743 2336 2889 2390 dotis
2921 2339 3275 2393 restitutione.

1878 2493 1891 2533 .'
1945 2490 2094 2544 Idem
2124 2491 2424 2560 imperator
2452 2489 2628 2546 eidem
2643 2489 2922 2562 Styliano.

1947 2582 2077 2648 Quae
2105 2597 2134 2635 a
2164 2583 2440 2637 veteribus
2462 2583 2888 2650 imperatoribus
2921 2582 2990 2638 de
3011 2585 3450 2655 emancipatione

1877 2673 2171 2728 constituta
2201 2679 2352 2736 sunt,
2387 2673 2608 2726 eximial
2640 2673 2729 2726 illa
2755 2674 2997 2742 quidem,
3034 2675 3304 2745 dignaque
3329 2694 3452 2747 qua:

1877 2768 1946 2821 ab
2002 2765 2355 2819 innovatione
2408 2765 2576 2820 libera
2632 2775 3066 2830 conserventur,
3120 2768 3263 2822 haud
3337 2770 3454 2824 scio

1877 2855 2154 2926 quomodo
2199 2870 2308 2910 non
2349 2853 2632 2911 decentem
2668 2857 3031 2910 reverentiam
3063 2859 3401 2915 obtinuerint
3433 2877 3448 2914 :

1877 2948 1995 3010 sed,
2023 2947 2238 3000 tametsi
2268 2961 2376 2998 non
2426 2946 2672 3007 omnino,
2705 2953 2762 2997 at
2822 2955 2974 3000 certe
3030 2945 3237 3016 despici
3271 2957 3451 3002 tamen

1876 3037 2194 3086 cernantur.
2223 3026 2342 3083 Non
2375 3039 2525 3083 recte
2557 3044 2712 3082 sane.
2747 3027 2902 3092 Quod
2938 3027 3085 3082 enim
3118 3038 3452 3090 statuerunt,

1879 3122 2053 3176 servis
2084 3120 2333 3174 libertate
2362 3118 2579 3173 donatis
2609 3134 2718 3172 non
2758 3133 2992 3187 prorsus
3017 3118 3204 3172 offerri
3232 3120 3452 3175 muniﬁ-

201 3216 321 3269 ἀλλ’
351 3218 399 3267 εί
423 3217 468 3246 ⁸³
491 3216 685 3284 γνώμῃ
717 3215 978 3285 πονηρίας
1005 3214 1158 3281 ἁλοίη
1187 3232 1268 3276 τις
1299 3216 1396 3284 μιᾷ
1429 3215 1538 3266 τῶν
1569 3216 1775 3284 ἁπηγοο
1805 3205 1847 3261 C

1773 3247 1775 3255 ι
1805 3205 1847 3261 C
1880 3215 2115 3268 centiam
2142 3227 2323 3282 posse,
2357 3209 2452 3264 sed
2476 3209 2523 3263 si
2554 3209 2679 3280 quis
2716 3208 2771 3264 in
2801 3223 2964 3262 unam
3032 3209 3270 3278 aliquam
3315 3212 3450 3265 vetio

205 3306 493 3376 ρευμένων
527 3306 718 3358 αἰτιῶν
750 3305 784 3374 ἣ
819 3305 881 3356 τὸ
902 3304 1001 3372 τῆς
1037 3303 1346 3375 ἐλευθερίας
1377 3303 1595 3374 ἀξίωμα
1627 3307 1779 3375 ἰσχὺν
1878 3319 1882 3355 ι

1777 3326 1779 3339 ι
1878 3314 2054 3359 tarum
2085 3318 2401 3368 causarum,
2450 3317 2572 3372 qua:
2602 3303 2872 3357 libertatis
2892 3302 3206 3372 dignitatem
3249 3303 3302 3355 in
3334 3317 3454 3357 ser-

202 3399 319 3465 ἐχει
350 3396 490 3466 πρὸς
523 3396 708 3464 σχῆμα
736 3394 980 3457 δουλείας
1011 3397 1343 3463 μεταποιεῖν,
1372 3395 1533 3448 πάλιν
1563 3397 1644 3457 είς
1671 3397 1779 3448 τῶν

1774 3416 1779 3439 ι
1879 3395 2069 3450 vitutis
2094 3395 2338 3449 habitum
2362 3393 2758 3448 transformare
2788 3405 3039 3463 possunt,
3085 3395 3227 3448 malo
3266 3395 3451 3447 animo

202 3488 411 3540 δούλων
443 3487 541 3556 τὴν
572 3485 757 3555 χώραν
796 3485 1047 3554 ἄγεσθαι,
1088 3485 1376 3538 ἀκούουσιν
1403 3487 1645 3549 εὐλαϐῶς
1688 3490 1780 3539 καὶ
1878 3515 1879 3524 ι

1771 3505 1780 3538 ι
1878 3485 2224 3540 commisisse
2256 3483 2777 3552 deprehenderetur,
2813 3484 2896 3537 uti
2940 3495 3052 3537 tum
3085 3498 3302 3538 rursum
3335 3483 3448 3552 (69)

200 3578 414 3646 τιμῶσι
442 3577 504 3628 τὸ
521 3577 895 3645 νομοθέτημα,
920 3577 1118 3637 παῖδας
1141 3575 1197 3626 δὲ
1220 3575 1365 3640 ἅπαξ
1390 3575 1487 3642 τῆς
1512 3575 1713 3642 γονέως
1732 3577 1782 3608 ⁸⁸

1770 3578 1782 3606 ⁸
1882 3577 1939 3629 in
1964 3589 2246 3630 servorum
2295 3574 2475 3628 locum
2525 3573 2884 3628 deduceretur
2933 3591 2947 3627 :
3017 3575 3139 3627 illos
3192 3573 3447 3641 religio»:

203 3669 645 3736 ἀπολελυμένους
668 3667 916 3730 ἐξουσίας
933 3667 1338 3734 ἐπιτρεπόντων
1357 3666 1434 3736 τῷ
1451 3668 1780 3737 αὺτεξουσίῳ

1768 3686 1780 3719 ι
1887 3680 2080 3720 omnes
2137 3665 2388 3729 audiunt,
2452 3664 2695 3733 legisque
2763 3665 3023 3718 lationem
3093 3673 3445 3718 venerantur.

202 3758 304 3826 τῆς
357 3759 582 3828 γνώμης
637 3759 723 3811 διὰ
775 3758 974 3820 παντὸς
1022 3759 1396 3828 ἀποχρῆσθαι,
1435 3759 1532 3828 οὐχ
1578 3761 1778 3829 ὁμοίως

1775 3780 1778 3788 -
1884 3758 2040 3824 Quod
2079 3771 2210 3810 vero
2245 3756 2454 3819 liberis,
2487 3765 2776 3825 parentum
2813 3763 3078 3825 potestate
3095 3755 3263 3810 semel
3311 3754 3452 3808 libe-

204 3849 390 3913 ἔδοξεν
434 3849 654 3903 ἀκούειν
701 3849 807 3902 οὐδ’
852 3849 928 3911 ὡς
960 3849 1267 3917 ἀθετήσεως
1315 3849 1547 3918 κρείττω
1585 3849 1773 3903 θεσπι-

204 3939 408 4002 ζόντων
453 3939 700 4007 στέργειν
757 3938 817 4026 τὸ
865 3937 1071 4007 δόγμα,
1127 3937 1242 3990 ἀλλ’
1293 3937 1485 4006 ὁρᾶται
1530 3939 1772 4008 σήμερον

1888 3851 2041 3914 ratis,
2082 3849 2256 3903 libera
2296 3848 2461 3901 animi
2505 3849 2784 3901 voluntate
2832 3863 2930 3916 per
2967 3848 3149 3900 omnia
3182 3847 3338 3916 plene
3372 3844 3452 3900 uti

1879 3939 2204 4007 permittunt
2235 3937 2349 4006 (70)
2377 3950 2485 3989 non
2513 3935 2687 3989 visum
2721 3945 2808 3988 est
2860 3933 3218 3998 audiendum,
3251 3948 3448 4002 neque,

1466 4052 1696 4108 VABIYE
1735 4050 2142 4110 LECTIONES.

275 4145 323 4178 ”
355 4142 587 4212 Scrjmg.
610 4144 723 4197 τοῦ.
775 4145 820 4176 ⁸ο
862 4142 1006 4197 Bals.
1033 4143 1107 4212 μὴ

201 4219 292 4272 τά.
367 4213 414 4244 ⁸⁸
445 4210 882 4282 Reliqui'praeter
905 4210 1046 4264 Bals.
1081 4210 1192 4282 τοῖς
1224 4213 1740 4282 λυίοποιησαμένοις.

199 4283 483 4349 εξουσιῶν.
510 4350 540 4361 ﬂ
565 4283 610 4315 ⁸⁷
649 4280 1016 4361 supplendum
1037 4280 1148 4361 τῶν
1175 4280 1616 4361 αὐτοκρατέρὰξν.
1675 4285 1719 4313 ⁸⁸
1755 4283 1845 4336 Sic
1881 4284 2120 4361 correxi}-
2137 4281 2479 4361 Stcpbanus;
2512 4281 2733 4361 codalzij
2765 4281 2976 4359 ywbpn.

1137 4141 1275 4195 κατὰ
1296 4141 1495 4209 λόγονί
1551 4146 1595 4176 ⁸¹
1631 4146 1790 4200 codd.
1825 4145 1848 4196 ἔ

1851 4140 3037 4245 mamma
3120 4141 3183 4245 ,τ
3214 4140 3447 4243 Sam

1931 4214 2072 4266 Bals.
2111 4214 2229 4264 ἀντὶ
2256 4212 2350 4264 τοῦ
2387 4211 2506 4280 τῆς.
2567 4212 2611 4243 ⁸³
2642 4211 2734 4264 Est
2790 4213 2901 4264 Ecl.
2943 4212 3076 4265 Nov.
3120 4212 3204 4265 16.
3273 4214 3318 4243 ⁸⁸
3348 4211 3453 4270 in}.

3061 4282 3105 4312 ⁸³
3130 4283 3222 4335 Sic
3260 4296 3449 4340 emen-

199 4359 472 4410 daveruut
509 4349 819 4423 Stephanus
879 4359 934 4406 et
976 4349 1363 4420 Oseubruggeu
1398 4367 1412 4414 ;
1448 4349 1681 4422 sci-iung.
1711 4356 1822 4414 τοῖς
1854 4353 2051 4419 γονεῖς.
2087 4349 2277 4403 Zuieb.
2309 4362 2362 4404 et
2394 4349 2612 4404 bleerm.
2637 4349 2732 4420 τῆς
2755 4351 2935 4418 γονῆς.

1701 4442 1933 4497 NOTAE.

275 4540 393 4608 (66)
425 4537 832 4593 Matrimonium
890 4538 1032 4608 inter
1080 4537 1301 4592 fratrem
1364 4536 1675 4608 adoptivum
1722 4549 1774 4592 et
1806 4545 1851 4602 υ
1879 4537 2009 4607 quin
2034 4539 2234 4608 usitata
2276 4537 2419 4608 apud
2452 4535 2730 4608 Romanos
2756 4536 3177 4608 adoptione,jus
3207 4539 3291 4593 sui
3326 4539 3446 4593 bae-

203 4607 456 4666 sororem
514 4607 823 4676 adoptivam
866 4607 1070 4661 infame
1143 4608 1418 4662 veteribus
1480 4607 1604 4672 fuit,
1664 4622 1770 4661 non

204 4691 393 4732 tamen
426 4676 718 4730 nefarium.

272 4748 388 4813 (67)
419 4745 654 4814 Adeptio
720 4745 834 4799 ﬁeri
896 4745 1057 4798 debet
1103 4746 1211 4798 ritu
1263 4744 1485 4809 decoro,
1505 4755 1557 4799 et
1587 4760 1776 4799 sacro-

200 4826 402 4882 saneto
425 4816 696 4868 sacriﬁcio
722 4815 1064 4882 interposito.

271 4876 388 4950 (68)
426 4883 524 4934 Διὰ
561 4883 783 4949 τελετῆς
811 4876 982 4950 ἱερᾶς.
1015 4881 1189 4950 Hujus
1224 4882 1638 4936 constitutionis
1663 4898 1774 4936 me-

197 4957 364 5008 minit
397 4952 596 5004 alicubi
651 4950 968 5005 Theodorus
1019 4950 1327 5013 Balsamon,
1380 4954 1574 5020 quibus
1632 4954 1769 5008 adde

197 5035 252 5076 ct
294 5023 658 5091 illudugenus
712 5020 1018 5091 adoptionis
1048 5021 1187 5089 quod
1235 5021 1395 5074 ﬁebat
1458 5038 1550 5090 per
1591 5021 1766 5091 bapti-

197 5089 555 5155 smum._ﬂuc
578 5089 964 5160 etialn_referri
1001 5100 1174 5157 potest
1209 5094 1426 5159 adoptio
1452 5089 1546 5160 per
1585 5089 1757 5154 arma,

196 5179 303 5230 qua
323 5160 700 5230 Theodericus
723 5157 1244 5230 llerulorum_regem
1270 5157 1436 5213 ﬁlium
1453 5157 1465 5160 ⁷
1489 5161 1592 5213 sibi
1631 5160 1760 5214 fecit

195 5227 518 5284 Cassiodor.
549 5228 602 5288 4,
658 5227 866 5287 \',ariar.
932 5237 986 5283 et
1037 5227 1376 5284 Justinianus
1429 5230 1764 5282 Atalaricum

196 5297 568 5353 Cassiodorus
591 5297 643 5358 8,
685 5295 900 5350 Variar.
938 5298 1217 5352 Desiderio
1250 5300 1553 5353 concordiae
1592 5297 1769 5353 factus

198 5377 283 5422 est
311 5381 410 5436 per
457 5381 608 5419 arma
644 5365 806 5420 ﬁlius.
833 5366 976 5421 ldem
1012 5377 1206 5421 auctor
1231 5369 1323 5424 lib.
1357 5370 1408 5422 8.
1441 5366 1769 5436 Gcnsimun-

196 5439 304 5491 dus
331 5435 502 5490 armis
522 5436 664 5505 illius
684 5436 864 5505 factus
892 5447 996 5490 est.
1016 5437 1314 5505 Proc0pius
1343 5439 1394 5502 l,
1424 5436 1548 5489 Belli
1569 5435 1772 5490 Persici

197 5506 391 5568 refert,
427 5519 554 5558 cum
585 5504 832 5558 Cabades
857 5504 1145 5560 Persarum
1182 5504 1271 5559 rex
1301 5506 1517 5561 Justino
1537 5507 1775 5572 impera-

196 5577 304 5628 tori
358 5588 544 5642 pacem
574 5575 885 5640 obtulisset,
916 5577 959 5628 si
993 5577 1251 5629 Cosroem
1279 5591 1344 5629 ex
1378 5591 1568 5630 sorore
1603 5576 1774 5628 ﬁlium

196 5648 485 5712 adoptaret
518 5659 530 5693 :
560 5645 790 5697 consilio
825 5643 1004 5698 Procli
1057 5644 1334 5698 .lustinum
1399 5645 1769 5713 respondisse,

197 5721 447 5782 paratum
469 5728 529 5766 se
550 5714 600 5764 id
628 5713 824 5777 facere,
854 5716 944 5767 sed
968 5717 1037 5767 ita
1065 5725 1122 5767 ut
1144 5715 1430 5767 barbarum
1460 5717 1694 5775 deceret,
1724 5714 1776 5766 id

196 5794 303 5849 est,
335 5798 430 5852 per
451 5796 622 5846 arma,
651 5799 757 5838 non
782 5798 877 5851 per
901 5785 1205 5840 litterarum
1230 5786 1589 5840 instrumenta
1609 5801 1622 5837 :
1645 5785 1778 5837 alio-

1885 4605 2030 4661 redis
2047 4607 2239 4661 Cosroi
2257 4607 2552 4660 tribuisset.
2578 4605 2704 4657 Erat
2720 4615 2772 4657 et
2786 4607 2934 4676 aliud
2953 4623 3120 4676 genus
3140 4611 3444 4676 ad0ptinnis

1878 4691 1975 4745 per
1995 4692 2227 4745 comam,
2257 4677 2384 4745 sive
2403 4691 2498 4743 per
2523 4676 2772 4740 capillos.
2797 4673 3270 4730 l’aulfMonacbus
3297 4680 3348 4740 6,
3380 4681 3445 4732 de

1875 4744 2044 4812 gestis
2070 4744 2579 4813 Longobardnrum.
2608 4747 2765 4796 Circa
2798 4745 2910 4797 haec
2941 4755 3182 4812 tempora
3209 4747 3442 4802 Carolus

1875 4814 2209 4868 Francorum
2248 4817 2502 4883 princeps
2544 4813 2714 4866 ﬁlium
2753 4829 2912 4867 suum
2939 4815 3005 4866 ad
3039 4815 3442 4884 Luitprandum

1874 4886 2044 4945 misit,
2076 4893 2133 4938 ut
2195 4885 2316 4952 ejus
2354 4886 2509 4952 juxta
2560 4898 2764 4955 morem
2817 4885 3075 4955 capillum
3112 4887 3438 4955 susciperet,

1873 4955 2108 5021 quiejus
2152 4956 2432 5008 caesariem
2485 4953 2754 5017 incidens,
2788 4953 2835 5006 ei
2865 4963 3019 5021 pater
3066 4954 3292 5010 enectus
3335 4953 3440 5021 est,

1873 5021 1934 5076 P.
1973 5023 2244 5077 PllllfBUlll
2275 5026 2325 5085 l,
2363 5024 2482 5074 adv.
2518 5023 2569 5073 1.

1945 5094 2056 5156 (69)
2089 5093 2150 5145 L.
2176 5092 2230 5150 2,
2265 5091 2325 5145 C.
2363 5093 2436 5144 De
2474 5090 2704 5144 libertis.

1948 5161 2059 5231 (70)
2091 5161 2325 5228 Legibus
2351 5161 2635 5215 solvuntur
2671 5160 2823 5213 liberi
2857 5161 3027 5228 patria
3060 5170 3321 5230 potestate
3350 5179 3444 5230 per

1875 5231 2366 5299 emancipationem
2389 5248 2403 5282 :
2421 5239 2746 5284 revocantur
2760 5242 2938 5282 tamen
2954 5232 3006 5283 in
3029 5233 3192 5299 patris
3207 5240 3440 5300 potesta-

1878 5308 1986 5354 tem
2017 5301 2424 5367 ingratitudinis
2445 5314 2609 5353 causa
2636 5301 2670 5352 Ι.
2695 5300 2841 5351 unic.
2863 5300 2922 5352 C.
2956 5302 3028 5354 lie
3057 5302 3282 5367 ingratis
3306 5303 3440 5355 libe-

1875 5371 1972 5424 ris.
2001 5369 2154 5435 Quod
2182 5385 2302 5423 cum
2337 5371 2406 5422 ita
2436 5372 2529 5432 sit,
2577 5368 2669 5437 qui
2723 5369 2780 5420 ﬁt
2814 5378 2868 5419 ut
2891 5367 2998 5422 Leo
3027 5371 3172 5422 dicat
3202 5371 3303 5423 bne
3334 5387 3440 5423 nnn

1875 5439 2243 5493 audiendum?
2261 5438 2373 5493 hno
2393 5455 2502 5508 quo
2526 5440 2649 5508 jure
2669 5438 2988 5506 simpliciter
3006 5439 3207 5492 dicitur
3234 5441 3440 5507 legibus

1877 5509 2115 5576 permitti
2150 5510 2361 5577 plenam
2412 5507 2649 5562 omnino
2690 5516 3012 5576 potestatem
3060 5509 3438 5576 emancipatis,

1878 5581 2193 5646 nullamque
2229 5581 2556 5631 mentionem
2584 5577 2713 5629 facit
2772 5578 3180 5645 ingratitudinis
3228 5579 3438 5646 legibus

1876 5649 2187 5701 damnatae?
2217 5646 2331 5698 Non
2359 5648 2521 5701 modo
2562 5649 2650 5701 hic
2695 5647 2848 5701 loeus
2882 5657 2964 5702 est
2992 5656 3311 5716 corruptus,
3346 5651 3438 5704 sed

1881 5719 2090 5787 integra
2126 5717 2369 5771 Novella.
