4248 6442
259 408 363 474 431

1322 411 1681 471 NOVELLIE
1718 410 2381 471 CONSTITUTIONES.

3398 416 3502 478 482

262 525 404 589 πρὸς
452 522 729 595 διαγωγὴν
782 522 1263 592 ίδιογνωμονοῦσαν
1286 524 1332 554 ’⁸
1367 521 1568 595 ¹ὀφθείη
1619 523 1774 590 μόνον
1812 524 1838 572 ὁ
1871 530 1912 581 Α

1827 524 1838 572 3
1871 530 1912 581 Α
1945 537 2068 575 vere
2099 522 2241 576 tilius
2276 524 2521 575 videatur
2557 522 2692 589 (sive
2739 524 2789 576 id
2831 525 2951 592 ejus
2991 526 3170 578 vrrbis
3208 527 3368 596 cujus
3404 534 3504 584 sub

268 616 398 677 παῖς
432 617 707 677 καταστὰς
740 616 827 684 (ἄν
852 633 909 667 τε
943 615 1162 685 γλώσσῃ
1195 615 1352 667 τοῦτο
1393 613 1737 681 ὡμολόγηται
1774 604 1834 663 οὗ

262 706 359 757 ὑπ’
393 705 640 767 ἐξουσίαν
659 705 852 767 ἐτέλει,
882 707 944 759 ἄν
971 723 1028 757 τε
1052 708 1095 737 ⁹⁷
1130 705 1349 772 γλῶσσα
1380 705 1476 769 μὲν
1502 704 1560 755 οὐ
1598 704 1836 772 παρέσχε

262 793 443 856 τοῦτο,
476 794 652 855 ἄλλως
680 794 735 845 δὲ
760 796 804 826 ⁸⁸
834 796 1024 864 γνώμη
1061 794 1319 846 σιωπῶσα
1351 793 1442 844 καὶ
1471 793 1613 856 ἰδίως
1643 793 1837 862 ῥυθμι-

261 885 478 953 ζομένῳ
507 884 584 952 τῷ
610 886 763 937 παιδὶ
795 887 891 938 οὐκ
910 886 1317 953 ὲναντιουμένη,
1345 885 1476 937 ἀλλά
1508 884 1839 953 παραχωρή-

262 994 404 1027 σασα
436 976 555 1027 καθ’
599 977 792 1029 ἑαυτὸν
824 978 1101 1047 διάγειν),
1133 977 1237 1030 κᾶν
1332 980 1575 1047 γαμικῆς
1620 976 1836 1044 ὁμιλίας

260 1068 389 1131 ἔξω,
440 1063 580 1119 εἶναι
617 1070 767 1139 αὐτῷ
814 1069 1200 1139 κεκυρωμένον
1253 1070 1312 1119 τὸ
1359 1066 1726 1131 αὐτεξούσιον.
1778 1068 1837 1117 Ei

259 1162 373 1225 γὰρ
399 1158 575 1209 δοῦλοι
604 1159 750 1223 ἀπαξ
778 1159 1059 1226 ἀφειμένοι
1085 1156 1249 1224 ζυγοῦ
1284 1157 1358 1228 μὴ
1393 1156 1621 1225 πονηροὶ
1649 1156 1839 1223 ὀφθέν-

257 1265 352 1308 τες
390 1248 513 1317 οὐχὶ
542 1250 704 1301 πάλιν
741 1250 919 1301 ἕλκειν
943 1248 1105 1300 αὐτὸν
1143 1248 1562 1315 ἀναγκάζονται,
1598 1247 1711 1305 πῶς
1739 1248 1837 1299 οὐκ

257 1341 487 1400 ἄτοπον,
512 1340 949 1408 ἀπολελυμένους
972 1342 1098 1402 τοὺς
1129 1341 1323 1401 παῖδας
1357 1339 1521 1391 πάλιν
1549 1338 1700 1406 ἄγειν
1735 1339 1838 1391 ὑπὸ

258 1433 450 1496 ζυγὸν,
485 1432 581 1482 καὶ⁵
611 1431 685 1501 μὴ
719 1433 957 1497 μετεῖναι
987 1432 1169 1491 αὐτοῖς
1196 1430 1367 1482 ἀϊδίου
1399 1423 1835 1500 ὲλευθερίας,ἦς,

257 1522 453 1590 ὥσπερ
482 1520 641 1591 ἔφην,
688 1520 784 1573 καὶ
813 1519 986 1573 δοῦλοι
1018 1518 1412 1585 ἀπολαύουσιν;

772 1721 1085 1773 suum:
1121 1722 1333 1789 qu".

1943 619 2212 679 potestate
2243 613 2409 681 degit,
2434 626 2760 666 concessum
2796 614 2979 677 fuerit,
3014 616 3131 670 sive
3166 617 3349 671 verbis
3381 620 3503 687 qui-

1940 702 2059 753 dem
2113 718 2437 757 concessum
2491 720 2601 757 non
2664 706 2757 767 sit,
2790 707 2884 758 sed
2939 721 3249 763 consensus
3303 712 3507 765 tacitus

1942 796 2051 861 (78)
2088 797 2200 850 tilio
2232 800 2354 850 vitae
2404 801 2646 853 rationes
2679 800 2975 866 separatim
3037 801 3344 856 instituenti
3392 820 3502 858 non

1941 890 2265 944 adversatus
2324 891 2417 952 sit,
2470 907 2657 944 verum
2689 892 2868 961 ipsmn
2901 905 3001 944 suo
3050 893 3209 945 modo
3256 910 3503 950 seorsum

1940 979 2123 1032 vivere
2152 981 2483 1047 permiserit)
2502 983 2719 1036 tametsi
2752 982 2863 1050 (79)
2896 998 2925 1035 a
2955 983 3192 1054 conjugii
3235 999 3505 1041 commer-

1939 1071 2028 1123 cio
2069 1071 2206 1124 liber
2247 1073 2337 1132 sit,
2370 1073 2466 1140 jus
2518 1082 2695 1126 tamen
2737 1074 2891 1127 liberi
2950 1076 3166 1128 arbitrii
3200 1084 3381 1129 ratum
3424 1078 3503 1131 illi

1938 1171 1992 1215 et
2024 1163 2408 1216 conﬁrmatum
2459 1164 2547 1217 sit.
2578 1163 2788 1218 Etenim
2842 1167 2883 1219 si
2944 1168 3087 1220 servi
3149 1168 3316 1222 semel
3372 1171 3507 1237 jugo

1937 1254 2149 1317 emissi,
2178 1254 2306 1305 dum
2356 1254 2481 1306 mali
2514 1270 2620 1307 non
2655 1264 2942 1323 apparent,
2979 1257 3173 1310 iterum
3225 1257 3357 1310 illud
3392 1266 3506 1310 tra-

1937 1346 2065 1398 here
2115 1360 2219 1399 non
2265 1355 2554 1414 coguntur,
2614 1348 2887 1414 quomodo
2936 1348 3214 1415 indignum
3263 1365 3369 1402 non
3398 1359 3502 1411 cst,

1939 1436 2078 1489 ﬁlios
2108 1436 2281 1504 patria
2309 1445 2579 1503 potestate
2637 1437 2895 1489 liberatos
2949 1437 3130 1490 denuo
3166 1438 3269 1491 sub
3309 1440 3502 1507 jugum

1940 1527 2179 1585 mittere.
2208 1527 2466 1594 ipsosque
2493 1536 2751 1595 perpetua
2794 1528 3067 1589 libertate,
3115 1544 3245 1598 qua,
3274 1545 3505 1599 quomo-

1939 1615 2010 1669 do
2059 1615 2194 1679 dixi,
2228 1617 2550 1670 servietiam
2587 1618 2865 1680 fruuntur,
2907 1628 3159 1687 expertes
3190 1620 3355 1674 esse?

2367 1726 2831 1782 CONSTITUTIO
2874 1726 3064 1781 XXVI.

255 1840 400 1907 Περὶ
448 1840 555 1892 τοῦ
598 1837 991 1892 υίοποιεῖσθαι
1026 1838 1359 1915 εὐνούχους
1389 1836 1489 1890 καὶ
1525 1835 1831 1903 γυναῖκας.
1868 1874 1909 1928 Β

1827 1876 1831 1887 .
1868 1874 1909 1928 Β
1944 1835 2010 1890 Ut
2059 1838 2171 1905 (80)
2208 1839 2430 1891 eunuchi
2457 1848 2505 1891 et
2566 1841 2810 1892 mulieres
2851 1840 3101 1906 adoptare
3139 1841 3339 1908 possint
3372 1842 3504 1910 (8i).

340 1933 401 1982 Ὀ
453 1931 615 1991 αὐτὸς
672 1929 921 1999 βασιλεὺς
957 1929 1229 1998 Στυλιανῷ
1277 1928 1355 1997 τῷ
1408 1928 1833 1997 ὑπερφυεστάτῳ

259 2022 552 2091 μαγίστρῳ
581 2021 689 2073 τῶν
721 2020 878 2071 θείων
912 2021 1204 2087 όφφικίων.

328 2113 489 2178 Μέγα
525 2113 619 2164 καὶ
666 2112 850 2178 τίμιον
884 2109 1191 2179 ὰιθρώποις
1223 2109 1375 2178 παρά
1408 2108 1499 2161 τοῦ
1534 2108 1832 2170 πλάσαντος

254 2203 394 2254 θεοῦ
418 2201 591 2271 δῶρον
620 2203 647 2253 ὁ
676 2202 853 2269 γάμος
878 2216 891 2230 '
924 2201 984 2252 οὐ
1016 2200 1124 2269 γὰρ
1156 2199 1319 2268 μόνον
1338 2199 1703 2270 δαπανωμένῃ
1733 2197 1831 2249 θα-

258 2296 408 2362 νάτῳ
459 2292 644 2361 βοηθεί
680 2296 745 2361 τῇ
778 2292 957 2359 φύσει,
1009 2292 1104 2345 καὶ
1138 2292 1233 2361 τὴν
1266 2290 1525 2361 διαμονὴν
1545 2293 1559 2321 ¹
1585 2290 1662 2360 τῷ
1689 2291 1835 2356 γένει

262 2387 574 2457 χαρίζεται,
606 2387 704 2438 οὐκ
735 2387 839 2437 ἑῶν
878 2386 968 2439 ὑπ’
988 2386 1195 2438 ἐκείνου
1229 2385 1666 2455 κατανεμομενον
1698 2401 1835 2435 παν-

257 2478 434 2540 τελῶς
485 2478 830 2547 διαρρυῆναι,
871 2478 1006 2530 ἀλλά
1044 2478 1137 2529 καὶ
1183 2477 1356 2538 ἄλλως
1402 2477 1491 2528 διὰ
1516 2478 1614 2545 τῆς
1660 2474 1837 2528 παιδο·

258 2571 452 2631 ποιίας
501 2570 710 2638 μεγάλα
751 2570 829 2636 τῷ
854 2570 1180 2637 ἀνθρωπίνῳ
1208 2567 1569 2637 χαριζόμενος
1604 2568 1720 2637 βίῳ.
1772 2566 1836 2619 Τί

256 2662 371 2728 γάρ
397 2660 653 2730 ήδύτερον
704 2662 785 2720 είς
831 2658 1100 2727 θυμηδίαν
1128 2657 1434 2728 ἀνθρώπων
1472 2659 1568 2726 τῆς
1597 2660 1661 2710 ὲκ
1706 2658 1838 2709 παί-

257 2752 366 2803 δων
400 2750 774 2819 εὐερροσύνηςς
821 2749 873 2801 τί
918 2749 963 2801 δ’
998 2749 1421 2820 ὡφελιμώτερον
1457 2751 1515 2801 ὲν
1546 2752 1660 2811 τοῖς
1695 2750 1838 2801 κατά

257 2846 353 2896 τὸν
381 2844 494 2913 βίον
546 2844 833 2913 πράγμασι
864 2846 976 2904 τοῖς
1004 2860 1064 2894 τε
1094 2842 1274 2905 ἄλλοις
1304 2843 1399 2894 καὶ
1426 2840 1461 2894 ἃ
1494 2842 1629 2909 πρὸς
1659 2840 1837 2909 γῆρας

260 2938 394 3004 ἡμῖν
422 2935 691 3004 συναντᾷ;
722 2936 786 3004 τῇ
818 2934 927 3004 γάρ
955 2933 1064 2985 τῶν
1093 2921 1299 2987 παίδων
1324 2930 1612 3001 ἐπικουρίᾳ
1638 2932 1836 2998 κουφό·

265 3041 425 3093 τερον
452 3024 510 3075 τὺ
541 3022 770 3093 βαρῦνον
792 3022 883 3075 τοῦ
913 3012 1099 3090 γήρως
1129 3021 1344 3089 ὁρᾶται.
1389 3020 1548 3072 Ἀλλὰ
1572 3020 1680 3089 γάρ
1708 3019 1837 3071 ταύ-

260 3131 363 3181 της
384 3114 484 3181 τῆς
512 3112 778 3180 ὠφελείας
803 3113 927 3164 ἐπεὶ
953 3112 1028 3181 μὴ
1054 3113 1219 3163 πᾶσιν
1246 3111 1361 3163 ἔστι
1394 3111 1716 3180 μεταλαχεῖν
1745 3112 1831 3163 διά

2010 1927 2154 1982 Idem
2188 1930 2482 1997 imperator
2515 1928 2761 2000 Styliano
2804 1932 3265 1988 excellentissimo
3317 1949 3505 1988 sacro-

1943 2039 2061 2076 rum
2093 2024 2397 2079 olliciortnn
2437 2030 2712 2095 magistro.

2014 2114 2262 2182 Magnum
2299 2130 2431 2170 sane
2488 2116 2871 2186 excellensque
2922 2116 3126 2171 donum
3172 2116 3283 2187 (82)
3330 2133 3357 2170 a
3402 2118 3508 2171 Deo

1942 2213 2190 2257 creatore
2239 2205 2303 2257 ad
2375 2207 2635 2260 mortales
2685 2210 3029 2274 promanavit
3066 2210 3498 2262 matrimonium.

1940 2292 2058 2347 Non
2120 2294 2283 2350 modo
2347 2296 2491 2349 enim
2565 2306 2773 2351 natura:
2820 2299 3011 2353 mortis
3089 2301 3340 2370 ingluviei
3408 2304 3509 2357 oba

1944 2386 2119 2441 noxiae
2151 2402 2308 2456 opem
2366 2386 2490 2445 fert.
2526 2387 2875 2457 humanoque
2910 2390 3095 2459 generi
3168 2393 3510 2462 perpetuitas

1944 2494 2048 2541 tem
2088 2486 2376 2554 elargitur,
2418 2486 2471 2540 id
2498 2487 2626 2540 dum
2660 2485 2730 2538 ab
2757 2486 2847 2539 illa
2881 2487 3215 2555 depascitur,
3258 2504 3363 2541 non
3393 2503 3511 2540 om-

1943 2574 2071 2625 nino
2100 2572 2347 2641 deperire
2392 2573 2611 2627 sinens:
2642 2589 2825 2626 verum
2861 2574 3026 2627 etiam
3075 2590 3170 2642 per
3214 2574 3509 2627 liberorum

1944 2660 2378 2726 procreationem
2436 2675 2730 2728 permagna
2788 2661 2990 2729 alioqui
3048 2663 3335 2716 hominum
3382 2665 3511 2717 vita:

1943 2756 2190 2817 praestat.
2246 2748 2379 2802 Nam
2428 2751 2560 2820 quid
2590 2768 2653 2805 ea
2704 2766 2824 2818 qua:
2870 2768 2935 2803 ex
2970 2752 3159 2806 liberis
3208 2754 3511 2822 percipitur

1943 2841 2220 2908 voluptate
2234 2841 2298 2895 ad
2320 2842 2675 2895 oblectandos
2695 2842 2975 2896 hominum
3011 2844 3223 2897 animos
3254 2845 3509 2898 suavius?

1944 2942 2035 2983 aut
2076 2946 2205 2986 vero
2239 2932 2369 3001 quid
2391 2933 2444 2986 in
2479 2935 2731 2987 humana:
2757 2934 2881 2985 vitae
2926 2934 3183 3002 negotiis,
3215 2948 3339 2989 cum
3367 2935 3506 3001 aliis,

1948 3033 2056 3075 tum
2099 3038 2221 3092 quae
2256 3027 2309 3076 in
2364 3034 2645 3079 senectute
2695 3025 2851 3077 nobis
2883 3038 2941 3079 se
2984 3024 3240 3090 oﬁ‘erunt,
3280 3026 3510 3080 utilius?

1946 3113 2140 3167 Levari
2169 3124 2321 3167 certe
2350 3117 2650 3168 senectutis
2700 3116 2977 3169 molestias
3012 3115 3309 3170 liberorum
3345 3117 3509 3170 mini-

257 3204 363 3272 τῆς
395 3203 489 3254 τοῦ
529 3204 708 3271 γάμου
750 3201 990 3270 ὁμιλίας,
1021 3200 1288 3271 ὲόουλήθη
1324 3200 1506 3270 νόμος,
1534 3201 1627 3252 καὶ
1658 3202 1837 3262 καλῶς
1867 3212 1909 3268 C

1828 3212 1909 3268 :C
1944 3205 2111 3259 sterio
2157 3205 2430 3259 videmus.
2482 3204 2678 3257 Verum
2722 3205 2984 3274 quoniam
3048 3220 3167 3259 eam
3219 3206 3505 3260 utilitatem

259 3295 557 3362 ἐϐουλήθη,
611 3293 789 3363 οἰκείᾳ
836 3293 1217 3364 φιλανθρωπίᾳ
1263 3295 1389 3356 τοὺς
1434 3294 1512 3362 μὴ
1547 3294 1697 3361 παρά
1742 3293 1839 3359 τῆς

264 3387 483 3451 φύσεως
530 3385 793 3445 λαϐόντας
841 3383 901 3434 τὸ
932 3384 1103 3453 δῶρον
1147 3383 1530 3452 εὐεργετῆσαι.
1566 3382 1713 3451 Πλὴν
1741 3384 1839 3433 οὐκ

264 3481 349 3538 εἰς
395 3477 601 3537 πάντας
639 3474 870 3540 ἐφύλαξε
923 3475 1021 3543 τὴν
1060 3473 1379 3543 προαίρεσιν
1428 3471 1692 3539 ἀνελλιπῆ
1743 3474 1839 3539 τὴν

264 3565 588 3635 εὐεργεσίαν
636 3562 1022 3630 πεποιημένος.
1079 3562 1206 3623 Τοῖς
1266 3562 1363 3630 μὲν
1424 3561 1531 3631 γάρ
1569 3562 1839 3631 παρέσχεν

260 3656 513 3720 ἐξουσίαν
547 3655 640 3705 καὶ
668 3655 791 3722 δίχα
832 3653 1012 3721 γάμου
1054 3650 1326 3704 ποιεῖσθαι
1358 3653 1576 3715 παῖδας,
1610 3657 1736 3715 τοὺς
1782 3652 1838 3704 δὲ

256 3744 602 3814 ἀμετόχους²
638 3742 736 3810 τῆς
769 3742 991 3811 χάριτος
1038 3742 1209 3806 εἴασε,
1267 3742 1509 3807 καίτοιγε
1559 3743 1648 3793 τὸν
1693 3742 1839 3804 ἅπαξ

257 3833 343 3892 είς
372 3830 532 3881 τοῦτο
563 3831 909 3881 καταστάντα
951 3830 1113 3897 νόμον
1153 3827 1237 3895 ἐφ’
1272 3822 1316 3893 ᾧ
1352 3826 1511 3880 λῦσαι
1540 3828 1637 3899 τὴν
1674 3832 1839 3881 ἀπαι-

254 3922 380 3973 δίαν
400 3922 513 3981 τοῖς
541 3919 947 3989 στερουμένοις,
977 3918 1043 3968 δι’
1069 3918 1263 3970 ἑαυτοῦ
1290 3919 1573 3971 δεικνύντα
1596 3919 1850 3987 πατέρας*

258 4005 343 4070 οἷς
376 4012 441 4061 ἐκ
468 4010 562 4061 τοῦ
611 4010 788 4078 γάμου
835 4008 994 4060 τοῦτο
1028 4003 1170 4062 εἷναι
1202 4010 1262 4061 οὐ
1294 4010 1535 4076 γέγονεν,
1582 4011 1661 4070 είς
1695 4010 1836 4060 πάν-

258 4118 365 4162 τας
418 4100 588 4169 ἐχρῆν
636 4090 947 4151 διανοιόάσαι
998 4099 1095 4168 τὴν
1148 4100 1478 4169 φιλοτιμίαν.
1545 4099 1686 4150 Ἀλλ’
1742 4101 1838 4169 οὐχ

255 4192 405 4244 οὕτω
446 4192 715 4259 βούλεται,
751 4190 1145 4259 ἀποπέμπεται
1171 4191 1228 4243 δὲ
1255 4191 1497 4255 τούτους,
1537 4192 1585 4242 οἳ
1620 4193 1687 4244 τά
1716 4209 1837 4244 και-

258 4284 504 4355 ριώτατα
544 4283 877 4351 ὲζτδμίωνται
912 4284 1006 4335 καὶ
1051 4282 1145 4344 οὓς
1176 4278 1243 4352 ἦν
1290 4284 1436 4346 είκὸς
1481 4284 1839 4353 ἠδικημένους

256 4377 355 4427 καὶ
410 4375 509 4442 τῆς
555 4374 875 4426 παιδοποιοῦ
903 4375 1293 4447 ἀφῃρημένους
1330 4374 1612 4444 δυνάμεως
1644 4375 1837 4427 οίκτεί-

258 4482 395 4532 ρειν.
440 4464 550 4516 Καὶ
597 4466 630 4531 ἡ
664 4464 810 4516 αἰτία
844 4464 940 4531 τῆς
964 4463 1357 4532 ἀποπέμψεως,
1395 4464 1497 4521 ὅτι,
1525 4463 1707 4532 φησὶν,
1741 4463 1835 4525 οὓς

1943 3311 2036 3362 per
2067 3296 2403 3349 matrimonii
2440 3296 2835 3350 commercium
2881 3297 3145 3365 consequi
3174 3311 3281 3351 non
3316 3313 3509 3353 omnes

1944 3384 2174 3446 valeant,
2204 3384 2375 3436 voluit
2402 3383 2508 3445 lex,
2540 3393 2595 3437 et
2625 3393 2771 3438 recte
2800 3383 3040 3452 quidem,
3097 3386 3150 3439 in
3191 3402 3285 3439 eos
3309 3388 3403 3455 qui
3455 3389 3506 3440 id

1940 3473 2143 3527 donum
2185 3490 2213 3527 a
2245 3486 2438 3528 natura
2474 3491 2580 3528 non
2623 3479 2982 3545 accepissent,
3036 3492 3133 3531 sua
3172 3478 3507 3548 benignitate

1944 3566 2263 3619 beneﬁcium
2298 3568 2570 3621 conferre.
2606 3567 2672 3621 At
2707 3570 2756 3622 id
2788 3572 3127 3638 propositum
3160 3585 3266 3624 non
3318 3571 3389 3622 ita
3415 3586 3503 3623 er-

1942 3671 2009 3725 ga
2041 3671 2233 3711 omnes
2258 3660 2514 3720 servavit,
2545 3666 2602 3711 ut
2647 3660 2794 3711 omni
2829 3658 3045 3713 defectu
3082 3675 3313 3713 vacuum
3344 3660 3507 3714 bene-

1940 3748 2122 3801 ﬁcium
2156 3749 2331 3803 daret.
2368 3741 2505 3805 Aliis
2545 3752 2689 3803 enim
2739 3761 2888 3805 cxtra
2944 3752 3351 3805 matrimonium
3391 3753 3505 3821 (85)

1939 3839 2258 3907 acquirendi
2318 3840 2519 3895 lihcros
2576 3848 2899 3909 potestatem
2935 3844 3086 3907 l'ecit,
3151 3844 3291 3898 alios
3343 3845 3506 3911 hujus

1938 3931 2310 3985 beneﬁcentize
2327 3940 2582 3986 exsortes
2602 3932 2843 4001 reliquit.
2868 3932 3190 4003 Quanquam
3208 3937 3327 4003 ejus
3347 3937 3503 4003 legis,

1938 4037 2058 4091 qua:
2092 4021 2147 4074 in
2182 4022 2286 4075 hoc
2312 4024 2478 4077 semel
2500 4025 2641 4077 edita
2674 4034 2817 4079 esset
2854 4036 2911 4078 ut
2941 4027 3236 4078 liberorum
3271 4026 3508 4079 orbitate

1937 4114 2030 4182 qui
2056 4114 2240 4168 nullos
2271 4115 2554 4180 haberent,
2588 4117 2852 4171 liberaret
2902 4133 2965 4171 ac
3016 4134 3112 4173 sua
3144 4133 3247 4187 ope
3296 4128 3504 4186 patres,

1939 4205 2141 4274 quibus
2163 4221 2227 4258 ex
2262 4207 2612 4259 matrimonio
2644 4210 2695 4259 id
2725 4224 2847 4263 esse
2884 4223 2990 4262 non
3040 4209 3388 4277 contigisset,
3424 4208 3506 4263 ef-

1940 4297 2142 4357 ﬁceret,
2164 4297 2437 4364 pertinere
2463 4296 2528 4349 ad
2554 4313 2741 4352 omnes
2765 4299 3177 4353 beneﬁcentiam
3214 4303 3507 4354 convenie-

1946 4386 2062 4438 bat.
2112 4384 2307 4439 Verum
2345 4385 2435 4438 illa
2467 4386 2518 4438 id
2554 4394 2629 4438 ita
2663 4402 2771 4440 non
2810 4388 2958 4451 vult,
3013 4387 3107 4441 sed
3154 4388 3330 4455 rejicit
3381 4388 3504 4441 illos

1938 4476 2032 4543 qui
2069 4476 2289 4528 lethatia
2329 4477 2480 4545 passi
2532 4487 2693 4531 sunt:
2732 4492 2963 4546 quorum
2995 4486 3174 4530 tamen
3225 4479 3369 4547 quod
3421 4478 3505 4531 in-

252 4558 289 4623 ἡ
326 4553 489 4620 φύσις
522 4553 627 4624 οὐκ,
659 4547 769 4606 οἶδε
801 4554 965 4622 γονῆς
1012 4553 1401 4622 κληρονόμους,
1433 4553 1643 4615 τούτοις
1670 4553 1778 4605 οὐδ’
1807 4558 1834 4605 ὁ
1868 4548 1911 4600 D

1825 4558 1834 4605 5
1868 4548 1911 4600 Ῐ)
1936 4563 2084 4631 juria
2116 4564 2297 4618 atfecti
2328 4604 2343 4628 ,
2376 4567 2788 4635 generandique
2841 4566 3098 4621 facultate
3134 4566 3333 4636 privati
3370 4567 3502 4629 sint,

254 4646 421 4712 νόμος
474 4644 727 4713 τοιαύτης
792 4644 1093 4712 μεταδώσει
1146 4644 1530 4713 κληρονομίας.
1590 4645 1728 4706 Τοὺς
1777 4646 1834 4697 δὲ

1942 4654 2197 4709 misereri
2228 4670 2325 4723 par
2359 4666 2496 4710 crat.
2556 4656 2806 4726 Repulsa:
2850 4668 3029 4711 autem
3081 4672 3305 4711 causam
3365 4658 3503 4712 hanc

1528 4782 1760 4839 VARUE
1802 4784 2203 4847 LEC'HONES.

367 4923 1128 5002 “Ecl.epovapoveﬁeav._
1175 4923 1218 4953 ⁸⁷
1256 4922 1327 4974 Ita
1360 4922 1555 5002 Zttich.
1620 4934 1672 4976 et
1711 4925 1823 5002 _Ecl.
1860 4926 2101 5002 ﬁeritng.
2155 4931 2319 5002 sive._
2353 4932 2498 4985 "Ita
2527 4934 2662 4997 Ecl.,
2694 4933 2888 5002 reliqui
2918 4935 3043 5001 γάρ.
3098 4934 3142 4965 9’
3185 4933 3278 4988 Est
3302 4934 3354 4986 in
3385 4932 3501 4993 Ecl.

255 4997 396 5048 δον.
429 4995 509 5045 I7.
572 4996 584 5023 '
613 4996 703 5046 Sic
734 4996 973 5046 correxit
999 4995 1286 5060 Agylazus;
1324 4993 1481 5045 codd.
1507 4993 1787 5063 διανομήν.
1858 4998 1878 5027 ³
1911 4998 2001 5052 Sic
2026 4993 2264 5053 correxit
2300 4993 2846 5071 Stephanus;'Codd'.
2875 4993 3155 5072 μετόχους.

1803 5134 1843 5185 Ν
1850 5134 2026 5190 OT/E.

331 5270 447 5339 (78)
488 5268 682 5323 Tacito
713 5284 991 5323 consensu
1028 5270 1172 5325 ﬁlius
1201 5269 1572 5337 emancipatus
1601 5271 1824 5336 dicitur,

255 5343 304 5396 si
344 5351 501 5409 patre
534 5356 641 5391 non
673 5341 958 5406 ignorante
978 5342 1271 5409 separatim
1293 5341 1532 5393 rationes
1567 5341 1826 5407 instituit,

256 5420 360 5464 aut
392 5410 625 5464 scorsim
654 5413 804 5465 vivnt.
840 5412 1058 5479 tametsi
1102 5411 1390 5479 conjugcm
1428 5426 1535 5462 non
1570 5412 1749 5473 habet,
1774 5425 1828 5464 et

256 5483 334 5533 ita
392 5481 692 5546 abrogatur
734 5479 768 5528 Ι.
806 5479 860 5537 5.
913 5478 973 5531 C.
1006 5478 1079 5532 De
1138 5478 1471 5546 emaucwat.
1517 5496 1636 5547 quae
1666 5492 1827 5549 negat

256 5550 430 5603 modo
457 5563 729 5601 consensu
758 5550 921 5617 (citra
962 5550 1361 5603 solemnitatem
1412 5549 1726 5618 verborum)
1763 5555 1825 5603 li-

254 5622 368 5673 lios
389 5618 748 5684 emancipari.

328 5686 443 5756 (79)
471 5690 552 5739 An
589 5688 640 5739 id
665 5685 882 5738 videtur
907 5688 1045 5741 velle
1065 5729 1078 5752 ,
1126 5688 1263 5739 lilios
1293 5690 1497 5757 nuptiis
1525 5698 1825 5743 contractis

253 5759 542 5813 voluntate
574 5764 789 5824 patrum
825 5757 989 5809 tacite
1021 5763 1392 5826 emancipatos
1439 5760 1609 5814 videri
1636 5761 1658 5809 ’ἒ
1709 5758 1823 5812 Non

533 5848 801 5908 ΡΑτιιοῐ..
837 5850 952 5907 Gn.
984 5850 1164 5908 CVII.

1942 5280 2201 5346 arbitror,
2229 5286 2584 5352 quantumvis
2608 5287 2661 5341 itl
2712 5287 2900 5341 multis
2932 5287 3067 5340 locis
3115 5287 3275 5339 hodie
3313 5290 3383 5341 sit
3431 5306 3512 5342 rc-

1938 5361 2183 5417 ceptum.

1941 5422 2121 5542 Detgtit)
2147 5423 2454 5559 Sbrogatur
2482 5423 2507 5493 §
2536 5425 2569 5479 9
2620 5424 2791 5479 lnstit.
2824 5425 2897 5480 De
2934 5425 3120 5493 adopt.
3157 5425 3189 5479 Ι.
3215 5425 3270 5489 Ξ),
3306 5424 3335 5497 §
3368 5428 3416 5491 i,
3454 5428 3507 5480 ti.

2076 5508 2142 5543 ιο
2188 5532 2200 5543 .

2076 5508 2200 5543 llOD.

2009 5557 2120 5627 (81)
2149 5557 2292 5623 ἀνω,
2318 5562 2522 5617 dicitur
2550 5564 2640 5627 9.1,
2675 5562 2860 5618 “arm.
2892 5564 2945 5629 8,
2978 5566 3033 5620 4.

2009 5630 2123 5696 (82)
2162 5631 2295 5683 Nov.
2330 5633 2420 5694 22,
2448 5632 2581 5687 Nov.
2614 5633 2703 5687 59.

2013 5701 2123 5767 (85)
2153 5699 2256 5756 Per
2290 5706 2633 5771 ιιιΙυνιιθιιειιι
2658 5705 2781 5761 SCtl.

2991 5856 3057 5914 16
