4248 6442
804 407 911 469 483
2054 405 2325 468 LEONIS
2363 400 2824 465 PIIILOSOPIII
3944 406 4055 471 434

803 519 979 590 ponit,
1008 519 1151 588 quod
1178 515 1355 571 dicat:
1380 514 1529 581 Quos
1564 514 1778 585 (St-85)
1803 523 1993 570 natura
2026 515 2091 569 ad
2117 531 2381 584 generan-
2410 520 2456 576 Α

2375 546 2381 553 -
2410 520 2456 576 Α
2482 512 2589 581 ἀρα
2627 512 2751 581 οὐχὶ
2797 516 2829 583 ἠ
2861 513 3041 580 ιρύσις,
3070 513 3208 568 ἀλλά
3239 513 3540 587 ἀνθρώπων
3570 514 3753 568 ἀδικία
3783 517 3882 585 τὴν
3921 518 4052 585 κλη-

803 607 936 662 dum
967 622 1074 659 non
1112 606 1341 659 idoneos
1399 606 1637 667 noverit.
1693 607 1792 659 hos
1844 620 2023 675 neque
2060 606 2229 672 legem
2280 608 2381 660 hoc

1399 606 1637 667 noverit.
1693 607 1792 659 hos
1844 620 2023 675 neque
2060 606 2229 672 legem
2280 608 2381 660 hoc
2491 602 2743 671 ρονομίαν
2775 604 3042 671 ἀφείλετο.

804 697 1067 752 beneﬂcio
1091 696 1435 751 alfecturam.
1464 698 1535 752 At
1567 711 1695 752 vero
1731 711 1837 751 non
1874 696 1989 767 (86)
2029 704 2251 761 natura,
2285 696 2380 750 sed

805 790 1085 845 hominum
1109 790 1312 858 injuria
1336 790 1423 846 his
1455 789 1753 861 generandi
1791 788 1899 842 vim
1932 789 2157 843 ademit.

872 877 978 944 Qui
1007 880 1283 947 homines,
1350 882 1394 935 si
1428 890 1627 950 praeter
1671 880 1931 949 injuriam
1966 895 2128 950 quam
2161 878 2229 934 ab
2280 879 2379 932 ho-

803 970 1045 1026 minibus
1072 973 1721 1034 sustinuerunt,alteram
1754 987 1852 1042 per
1905 972 2055 1043 leges
2087 986 2197 1027 non
2247 970 2375 1024 sub-

804 1062 1207 1132 irent.dignum
1234 1064 1349 1116 fore
1384 1065 1731 1131 imperatoria
1756 1074 1943 1118 nostra
1972 1064 2229 1133 majeStas
2260 1070 2376 1114 rata

2481 1050 2703 1119 ὑπέχειν
2733 1049 2755 1081 ³
2785 1049 2875 1102 διὰ
2917 1049 3012 1103 τοῦ
3051 1052 3216 1120 νόμου
3254 1051 3476 1121 ζημίαν,
3518 1055 3759 1120 θεσπίζει
3788 1059 3811 1088 ⁸
3868 1060 4054 1127 βουλο-

804 1153 1016 1217 statuit,
1050 1160 1107 1205 ut
1137 1153 1181 1206 si
1215 1153 1480 1222 adoptare
1512 1154 1732 1218 vellent,
1778 1156 2005 1210 liberam
2051 1156 2103 1209 id
2137 1153 2374 1208 faciendi

2483 1142 2675 1210 μένους
2718 1141 3076 1196 υἱοποιεῖσθαι
3106 1143 3384 1197 ἀκώλυτον
3440 1146 3582 1215 ἔχειν
3623 1148 3720 1218 τὴν
3771 1149 4051 1221 βούλησιν.

804 1249 1129 1310 potestatem
1196 1242 1461 1296 haberem
1534 1244 1669 1312 (87).
1742 1242 2009 1299 Existimo
2047 1244 2191 1298 enim
2247 1243 2360 1297 illic
2478 1248 2481 1271 ¹

2478 1227 2647 1302 Οἶμαι
2677 1234 2787 1303 γὰρ
2811 1234 2928 1287 ἐκεῖ
2959 1234 3161 1303 μᾶλλον
3199 1236 3505 1305 ἀναγκαίαν
3524 1241 3752 1309 ὁρᾶσθαι
3782 1241 3881 1310 τὴν
3908 1245 3930 1275 ⁸
3954 1246 4050 1297 213'-

806 1330 1136 1386 bencticium
1171 1334 1350 1401 magis
1378 1348 1498 1387 esse
1530 1334 1925 1400 necessarium,
1968 1333 2057 1387 ubi
2108 1332 2229 1401 ejus
2270 1334 2374 1387 im-
2476 1342 2483 1373 ι

2476 1324 2754 1393 εργεσίαν,
2803 1320 2865 1379 οὑ
2908 1325 2969 1377 τὸ
3007 1324 3066 1390 ἐξ
3115 1327 3284 1398 αὑτῆς
3324 1327 3600 1398 ὠφέλιμον
3629 1315 4052 1403 χρειωδέστερον

802 1418 1031 1487 pensius
1057 1420 1354 1488 requiritur
1404 1418 1631 1473 utilitas.
1690 1418 1970 1474 Eunuchis
2010 1428 2196 1475 autem
2231 1436 2371 1490 ιιι-αι-
2478 1440 2479 1445 η

2478 1415 2743 1482 πέφυκεν.
2770 1414 3057 1483 Εὑνούχοις
3084 1415 3142 1467 δὲ
3194 1418 3433 1486 μάλιστα
3460 1419 3493 1488 ἡ
3524 1421 3587 1471 ἑκ
3614 1420 3707 1473 τοῦ
3735 1424 3902 1491 νόμον
3923 1442 4053 1477 παι-

805 1511 962 1578 eipue
1017 1511 1310 1563 liberorum
1341 1510 1657 1579 acquisitio,
1693 1526 1815 1580 quae
1836 1527 1931 1581 per
1963 1513 2134 1582 legem
2179 1515 2256 1575 tit.
2292 1521 2375 1568 est
2473 1504 2482 1554 ί

2473 1503 2683 1556 δοποιία
2705 1504 2957 1558 τοσοῦτον
2975 1507 3395 1579 χρειωδεστάτη,
3418 1509 3540 1561 ὅσον
3568 1512 3660 1562 καὶ
3690 1512 3849 1578 μόνον
3873 1516 4052 1586 τούτῳ

805 1602 1137 1663 necessaria,
1176 1615 1353 1670 eoque
1380 1602 1574 1671 magis,
1605 1602 1752 1670 quod
1786 1618 1892 1655 una
1926 1604 2026 1657 hac
2052 1603 2289 1665 ratione,
2316 1612 2373 1656 ιιι
2474 1595 2482 1646 ἒ

2474 1594 2810 1663 λαμϐάνουσι
2851 1598 2928 1666 τῷ
2976 1598 3161 1668 τρόπῳ
3207 1598 3269 1650 τὸ
3318 1594 3457 1653 εἶναι
3493 1602 3758 1671 πατέρες·
3806 1606 3901 1655 καὶ
3942 1606 4051 1674 τῆς

2556 866 2663 929 Οὓς
2693 868 2727 937 ἡ
2751 866 3000 937 βασιλεία
3027 868 3182 940 ἡμῶν
3214 870 3277 923 εὑ
3314 870 3457 941 ἔχειν
3490 873 3940 945 ὑπολαμϐάνουσα
3975 880 4053 948 μὴ

2482 959 2617 1029 πρὸς
2650 960 2714 1027 τῇ
2738 957 2914 1027 ζημίᾳ
2933 959 3001 1028 ἢν
3028 960 3087 1027 ἐξ
3115 958 3416 1029 ἀνθρώπων
3450 963 3761 1033 ὑπέστησαν
3789 967 4053 1038 δευτέραν

805 1701 987 1760 patres
1009 1692 1143 1754 sint,
1178 1703 1590 1761 consequantur
1635 1694 1818 1760 itaque
1855 1693 2149 1746 liberorum
2212 1694 2373 1747 mini-

805 1783 973 1836 sterio
1011 1782 1147 1851 ipsis
1190 1782 1295 1834 frui
1325 1781 1644 1850 contingat:
1675 1797 1784 1852 quo
1816 1782 2172 1836 inhumanum
2199 1794 2372 1849 esset,

2477 1687 2627 1757 παρά
2648 1687 2780 1738 υίῶν
2809 1687 3107 1757 θεραπείας
3126 1688 3298 1753 οὑτως
3317 1692 3502 1755 αὐτοῖς
3516 1693 3844 1747 ἀπολαύσειν
3873 1696 4050 1766 ὑπάρ-

2477 1777 2558 1843 ξει
2588 1780 2630 1842 ⁸,
2677 1773 2746 1849 ἦς
2774 1778 2873 1831 οὐκ
2924 1779 3040 1832 ἐστι
3084 1780 3467 1850 φιλάνθρωπον
3512 1783 3595 1836 ὅτι
3645 1786 3755 1837 τῶν
3802 1786 4045 1856 γονίμων

805 1873 873 1937 si,
900 1849 1047 1943 quod
1109 1873 1443 1942 genitalibus
1493 1849 1708 1943 privati
1752 1874 1881 1938 sint,
1940 1876 2166 1944 insuper
2208 1876 2374 1928 etiam
2407 1849 2482 1917 Bt

2371 1900 2374 1927 κ
2407 1849 2449 1905 Β
2476 1868 2874 1938 ἀπεστέρηνται
2900 1870 3106 1941 μορίων
3130 1849 3664 1943 συναποστερεῖσθαι.
3698 1849 3838 1929 Ἀλλ’
3859 1849 4048 1949 ὥσπερ

807 1967 1177 2035 privarentur.
1217 1965 1322 2021 Sed
1382 1966 1837 2035 quemadmodum
1873 1965 1988 2035 (88)
2013 1968 2102 2020 cui
2142 1966 2254 2035 (89)
2281 1981 2376 2020 vo-

806 2058 882 2111 cis
917 2072 1050 2110 usus
1083 2058 1371 2125 ademptus
1401 2066 1506 2119 est,
1540 2072 1660 2126 qua:
1687 2057 1882 2127 linguae
1917 2058 2102 2111 munia
2127 2066 2258 2112 sunt
2280 2073 2373 2129 per

806 2161 1024 2199 manum
1052 2146 1372 2215 adimplere,
1404 2154 1458 2199 et
1484 2147 1575 2215 qui
1607 2161 1915 2201 sermonem
1946 2147 2116 2203 labris
2150 2148 2375 2204 fundere

806 2237 1013 2307 nequit,
1039 2251 1134 2306 per
1168 2236 1497 2306 scripturam
1524 2238 1589 2289 ad
1622 2238 1959 2293 ordinandas
1981 2253 2067 2292 res
2094 2253 2223 2293 suas
2248 2255 2375 2311 pro-

806 2328 995 2381 cedere
1035 2343 1141 2380 uon
1169 2326 1490 2397 prohibetur
1523 2327 1665 2396 (90).
1730 2328 1802 2380 ita
1861 2344 2038 2397 neque
2083 2329 2201 2398 qui,
2230 2329 2375 2399 quod

806 2414 1131 2485 genitalibus
1163 2415 1360 2484 privati
1392 2424 1541 2476 sunt.
1574 2416 1775 2470 liberos
1825 2432 1935 2471 non
1995 2418 2215 2483 habent,
2279 2419 2376 2472 ho-

806 2522 925 2559 rum
984 2506 1346 2575 indigentiam
1406 2508 1512 2562 alio
1561 2508 1723 2561 modo
1784 2524 2143 2579 compensare
2188 2520 2374 2566 vetan-

806 2595 931 2651 dum
962 2608 1065 2653 est.

1230 2690 1699 2747 CONSTITUTIO
1730 2691 1944 2748 XXVII.

912 2781 980 2833 Ut
1006 2782 1209 2848 pariter
1235 2784 1347 2853 (91)
1378 2786 1619 2838 omnibus
1654 2785 1766 2855 (9‘2)
1803 2787 2059 2852 adoptare
2105 2785 2278 2838 liceat.

885 2869 1028 2924 Idem
1054 2871 1347 2941 imperator
1397 2875 1572 2928 eidem
1606 2873 1878 2945 Styliauo.

875 2961 1013 3013 Cum
1054 2977 1149 3016 eos
1177 2964 1269 3031 qui
1303 2978 1401 3017 sua
1446 2964 1726 3019 industria
1777 2980 1888 3019 rem
1924 2964 2159 3034 aliquam
2188 2964 2379 3019 huma-

808 3063 889 3103 na:
904 3051 1024 3105 vitae
1043 3054 1227 3105 utilem
1252 3054 1573 3110 adinvcnire
1590 3055 1835 3119 student,
1856 3056 1909 3109 in
1930 3056 2378 3111 rommuneillam

2474 1958 2503 2009 ὁ
2540 1958 2727 2026 φωνῆς
2750 1959 3198 2030 ἀποτετμημένος
3226 1963 3289 2015 οὐ
3317 1963 3618 2018 κεκώλυται
3644 1965 3715 2018 τά
3743 1967 3843 2036 τῆς
3876 1969 4049 2035 γλώτ-

2475 2064 2575 2117 της
2610 2049 2959 2119 ἀναπληροῦν
2983 2050 3071 2103 διὰ
3101 2053 3200 2121 τῆς
3229 2054 3431 2125 χειρὸς,
3462 2056 3571 2109 οὑδ*
3598 2056 3658 2119 ὃς
3684 2058 3705 2087 ⁷
3735 2060 3935 2130 ἀπορεῖ
3961 2061 4048 2114 λό-

2476 2155 2570 2206 γον
2600 2138 2690 2192 διά
2718 2140 2943 2208 χειλέων
2976 2142 3326 2213 ἐρεύξασθαι,
3361 2144 3552 2200 τοῦτον
3584 2147 3673 2201 ὁιά
3701 2150 3799 2219 τῆς
3828 2154 4048 2221 γραφῆς

2478 2233 2555 2293 εἰς
2585 2231 2684 2301 τὴν
2711 2234 2838 2301 περὶ
2870 2233 2977 2286 τῶν
3009 2234 3227 2288 οἰκείων
3258 2236 3501 2301 διάταξιν
3534 2241 3793 2309 προάγειν
3814 2243 4051 2313 ἀποτρέ-

2477 2338 2659 2386 πεται,
2684 2322 2829 2375 οὕτω
2859 2322 3105 2393 προσῆκε
3126 2326 3147 2357 ⁸
3177 2326 3272 2379 καὶ
3307 2329 3433 2391 τοὺς
3465 2329 3751 2399 ἀφαιρέσει
3778 2332 3888 2384 τῶν
3922 2351 4051 2385 παι-

2478 2413 2708 2467 δοποιῶν
2763 2414 2939 2485 μελῶν
2967 2431 3026 2467 τε
3075 2415 3169 2467 καὶ
3211 2419 3417 2487 μορίων
3450 2422 3470 2453 ⁸
3502 2422 3667 2491 γονῆς
3709 2422 4049 2495 ἀποροῦντας

2481 2503 2556 2573 μὴ
2584 2503 2811 2557 κωλύειν
2844 2505 3015 2575 ἑτέρῳ
3058 2504 3247 2576 τρόπῳ
3294 2512 3735 2580 παραμυθεῖσθαι
3766 2514 3878 2583 τὴν
3911 2515 4050 2568 ἀπο-

2479 2594 2619 2665 ρίαν.

2943 2693 3259 2748 ΔΙΑΤΔΞΙΣ
3304 2691 3409 2747 KZ'
3452 2694 3588 2747 ¹⁶’¹¹.

2654 2785 2791 2852 Περὶ
2822 2784 2928 2839 τοῦ
2955 2786 3176 2854 ἐπίσης
3203 2787 3434 2851 πάντας
3461 2785 3874 2842 υιοθετεῖσθαι.

2561 2875 2621 2927 Ὀ
2650 2875 2811 2938 αὐτὸς
2843 2876 3097 2944 βασιλεὺς
3130 2876 3404 2946 Στυλιανῷ
3436 2876 3515 2945 τῷ
3546 2877 3716 2943 αὐτῷ.

2551 2965 2661 3019 Καὶ
2702 2966 2882 3029 καλῶς
2908 2968 2952 2998 ¹⁸
2979 2967 3187 3036 πρέπον
3240 2968 3473 3037 ὑπάρχει
3526 2966 3625 3036 τὴν
3670 2967 3939 3035 ὠφέλειαν
3998 2971 4056 3020 ἐν

2484 3054 2649 3125 κοινῷ
2676 3055 3063 3109 κατατίθεσθαι
3091 3056 3218 3118 τοὺς
3256 3056 3443 3123 ὄφελός
3474 3073 3528 3109 τι
3568 3054 3808 3125 ἐξευρεῖν
3842 3056 3922 3124 τῷ
3954 3058 4055 3126 βίῳ

802 3156 1140 3211 proponere,
1195 3158 1360 3212 quam
1413 3145 1525 3215 (93)
1562 3146 1729 3201 certis
1768 3147 2083 3201 hominibus
2116 3149 2380 3201 devovere
2405 3168 2451 3231 ρ

2375 3167 2451 3231 :C
2485 3148 2739 3210 σπουδαῖς
2786 3147 3014 3209 οἰκείαις
3068 3147 3537 3218 προθυμηθέντας,
3587 3146 3708 3216 ἥτὸ
3762 3147 4052 3216 βούλεσθαι

807 3232 1055 3299 aliosque
1113 3234 1234 3301 ejus
1279 3246 1531 3304 expertes
1570 3237 1889 3307 relinquere
1920 3237 2230 3292 decentius
2270 3239 2375 3291 sit:

808 3334 921 3378 tum
957 3340 1083 3380 vero
1114 3328 1271 3395 longe
1306 3329 1474 3398 magis
1526 3328 1705 3399 legum
1731 3330 2057 3385 beneﬁcium
2088 3344 2381 3384 commune

808 3431 940 3471 esse
974 3420 1249 3471 convenit.
1301 3418 1433 3472 Nam
1480 3419 1624 3473 sicut
1662 3422 1767 3475 sub
1814 3422 2082 3491 principe.
2141 3422 2379 3487 virtute,

813 3508 893 3561 sic
924 3508 1028 3562 sub
1062 3509 1294 3579 legibus.
1325 3517 1595 3578 quotquot
1626 3511 1735 3566 illis
1764 3526 2022 3579 paremus
2061 3520 2222 3581 atque
2247 3511 2383 3566 sub-

809 3598 909 3651 diti
941 3615 1158 3662 sumus.
1195 3601 1413 3655 illarum
1440 3601 1707 3656 beneficio
1744 3604 1796 3655 in
1829 3618 2120 3659 commune
2149 3603 2254 3659 frui
2287 3604 2381 3658 de-

814 3690 1029 3745 hemus.
1061 3694 1131 3743 At
1168 3692 1296 3761 quid
1328 3692 1430 3746 sibi
1481 3693 1594 3745 vult
1651 3694 1752 3747 hoc
1810 3695 2179 3763 prommium?
2222 3696 2378 3761 Quod

810 3796 934 3833 eum
960 3781 1256 3836 liberorum
1287 3784 1523 3838 orbitate
1558 3782 1804 3838 infelices
1864 3785 2098 3840 liberare
2142 3786 2377 3841 infortu-

812 3873 1015 3927 niolcx
1054 3873 1235 3937 vellet,
1276 3873 1556 3943 adoptare,
1603 3883 1658 3928 et
1698 3873 1841 3944 quod
1892 3888 1922 3927 α
1950 3882 2146 3929 natura
2206 3877 2379 3947 accipi

814 3978 925 4018 non
950 3973 1161 4034 posset,
1188 3966 1445 4034 opinione
1469 3979 1811 4035 comparare,
1851 3964 2097 4036 jubendo
2120 3983 2225 4022 non
2248 3982 2381 4039 erga

814 4070 1009 4110 omnes
1043 4056 1295 4111 similiter
1332 4057 1565 4111 servarit
1594 4056 1935 4126 propositum
1964 4074 1977 4111 :
2031 4068 2194 4128 atque
2225 4061 2375 4115 viros

813 4144 1034 4216 quidem
1068 4154 1121 4200 et
1152 4145 1429 4209 mulieres,
1453 4159 1587 4215 quas
1618 4153 1811 4201 natura
1857 4156 2146 4217 postquam
2173 4155 2375 4204 matres

2480 3240 2670 3310 μέχρις
2700 3238 2856 3290 ἐνίων
2889 3236 3194 3306 προσώπων
3229 3238 3586 3307 περιορίζειν,
3621 3238 3745 3299 τοὺς
3768 3238 3812 3290 δ’
3858 3239 4055 3300 ἄλλους

2478 3328 2777 3399 ἀμετόχους
2811 3327 3015 3396 ταύτης
3054 3327 3175 3395 ὲᾷν,
3210 3326 3345 3379 πολὺ
3384 3327 3440 3380 δὲ
3483 3327 3643 3380 πλέον
3684 3328 3931 3397 προσῆκε
3956 3332 4056 3400 τὴν

2478 3419 2544 3471 ὲκ
2568 3416 2677 3471 τῶν
2715 3418 2895 3487 νόμων
2928 3418 3246 3488 εὐεργεσίαν
3288 3413 3427 3470 εἶναι
3463 3420 3669 3487 κοινήν.
3700 3419 3919 3489 Ὠσπερ
3947 3421 4055 3489 γάρ

2481 3508 2574 3561 ἐπὶ
2602 3508 2861 3579 ἄρχοντος
2883 3508 3105 3576 ἀρετῆς,
3142 3506 3283 3560 οὑτω
3310 3508 3405 3561 καὶ
3434 3508 3526 3559 ἐπὶ
3556 3508 3733 3576 νόμων
3760 3510 4054 3577 ὀφείλομεν

2482 3601 2636 3669 κοινῇ
2675 3597 2768 3651 τοῦ
2790 3597 3000 3651 ἐκεῖθεν
3029 3597 3325 3651 ἀπολαύειν
3360 3596 3526 3651 καλοῦ
3555 3598 3698 3651 ἅπαν
3727 3598 3786 3651 τὸ
3813 3600 4055 3669 ἀρχόμε-

2482 3692 2572 3743 νόν
2596 3707 2655 3743 τε
2680 3691 2773 3743 καὶ
2794 3691 3169 3759 ὑποκείμενον.
3194 3690 3259 3741 Τί
3282 3688 3440 3742 τοῦτο
3466 3691 3613 3758 λέγει
3642 3690 3701 3742 τὸ
3730 3692 4053 3759 προοίμιονς

2484 3780 2610 3835 Ὀτι
2622 3783 2733 3841 τοῖς
2749 3780 3039 3849 ἀτυχοῦσιν
3064 3780 3319 3834 ἀπαιδίαν
3341 3780 3488 3832 λύειν
3514 3779 3832 3849 βουλόμενος
3855 3780 4053 3833 τὸδυσο

2479 3873 2703 3943 τύχημα
2749 3872 2912 3941 νόμος
2951 3872 3008 3925 ὲν
3049 3870 3133 3941 τῷ⁸
3165 3872 3522 3925 υίοθετεῐσθαι
3566 3873 3932 3940 προστάσσειν
3960 3875 4054 3925 καὶ

2480 3967 2675 4038 γνώμῃ
2707 3968 2881 4018 ἐκεῖνο
2914 3963 3145 4018 κτᾶσθαι
3172 3964 3201 4016 ὃ
3232 3963 3310 4034 μὴ
3333 3963 3563 4033 εὔπορον
3601 3963 3645 3993 ’³
3684 3963 3871 4016 λαϐεῖν
3902 3965 4054 4033 παρὰ

2482 4058 2583 4124 τῆς
2626 4055 2861 4123 φύσεως,
2914 4056 2975 4107 οὑ
3022 4054 3159 4125 πρὸς
3204 4053 3413 4114 πάντας
3462 4052 3661 4121 ὁμοίως
3694 4051 3919 4105 διέσωσε
3955 4054 4055 4119 τὴν

2483 4147 2823 4219 προαίρεσιν,
2855 4144 2969 4198 ἀλλ’
2998 4144 3218 4214 ἀνδράσι
3246 4143 3345 4213 μὲν
3374 4144 3468 4197 καὶ
3490 4140 3753 4211 γυναιξὶν,
3788 4142 3855 4205 ἀς
3885 4142 4055 4209 ἐγνώ-

2082 4325 2315 4382 ‘i'AllIAS
2350 4325 2752 4383 LECTIONES.

882 4446 989 4518 [ιη
1027 4445 1222 4518 Ζιιίοιι.
1250 4453 1305 4518 et
1338 4445 1709 4518 Meerm._cod.
1729 4448 1973 4518 ἐπέχειν.
2050 4448 2068 4479 ³
2092 4447 2230 4503 Hinc
2263 4447 2585 4518 incipitEcl.
2656 4450 2676 4479 '
2709 4445 2821 4518 Ecl.
2847 4443 2999 4499 addit
3022 4445 3221 4518 ﬁcum
3258 4484 3262 4487 -
3300 4441 3320 4472 ⁸
3342 4439 3457 4518 εει,
3487 4439 3771 4518 ὑπάρξιυζ-
3835 4447 3856 4478 "
3878 4440 4052 4518 Cedd.

812 4517 861 4589 ὃ,
902 4516 1017 4589 Ec_l.
1051 4515 1263 4589 ot’l6’_&v
1284 4516 1503 4589 ἀπορῇ).⁸
1523 4584 1543 4589 _
1570 4515 1592 4546 ⁸
1619 4514 1707 4589 Ita;
1728 4514 2040 4589 E_c|.i$odd.
2074 4520 2133 4589 τὸ
2164 4514 2461 4589 προσήκειν
2496 4518 2577 4571 vel
2610 4516 2913 4589 προσήκει..

1669 4587 1711 4616 ³⁸
1751 4586 2061 4655 Stephanus
2098 4586 2378 4657 legendum
2410 4596 2565 4657 putat

816 4587 930 4618 ’σου
950 4586 1045 4641 Est
1082 4587 1137 4639 in
1170 4586 1284 4641 Ecl.
1312 4584 1457 4641 Nov.
1482 4584 1569 4639 18.

815 4655 957 4713 forte
975 4656 1285 4726 εὐποροῦσι.

3026 4514 3047 4544 ⁹
3075 4511 3189 4566 Ecl.
3223 4525 3333 4565 non
3369 4510 3526 4562 habet
3566 4525 3625 4561 τε
3671 4510 3767 4561 καὶ

2686 4516 2913 4586 ιοσηκει.
3026 4514 3047 4544 ’
3075 4514 3189 4566 Ecl.
3223 4525 3333 4565 non
3369 4514 3526 4562 habet
3566 4525 3625 4561 τε
3671 4514 3767 4561 καὶ
3826 4514 4052 4633 ᾓορίων.

2686 4602 2804 4649 ιωςς
2874 4584 3127 4655 Agylteus
3173 4582 3274 4652 legi
3308 4579 3423 4634 vult
3471 4577 3690 4648 μᾶλλον.
3752 4579 3795 4610 ⁸³
3878 4583 4052 4637 actius

3878 4583 4057 4637 actius

2311 4769 2543 4826 NOTAE.

887 4887 1100 4961 (84-85)
1125 4885 1282 4961 Ratio
1310 4887 1594 4961 dubitandi
1621 4892 1855 4961 sumitur
1884 4906 1948 4946 ex
1975 4891 2003 4961 ᾗ
2026 4893 2279 4947 9.1ustit.
2301 4891 2376 4946 De
2406 4902 2450 4956 1)
2554 4890 2666 4960 (88)
2691 4888 2853 4944 Ratio
2910 4885 3194 4961 decidendi
3236 4885 3386 4961 satis
3417 4883 3669 4961 elegans.
3712 4881 3902 4961 Possis
3940 4895 3993 4939 et
4022 4901 4052 4938 a

815 4958 1004 5033 adept.
1035 4958 1071 5009 l.
1103 4961 1161 5033 ᾖ.
1192 4956 1288 5033 §l,
1326 4958 1379 5012 tl‘.
1408 4957 1483 5013 De
1505 4960 1687 5033 adopt.
1717 4958 1903 5033 Potest
1934 4956 2015 5033 sic
2036 4978 2099 5016 ea
2130 4962 2318 5033 augeri
2347 4979 2359 5013 :

816 5029 1097 5100 utet-edem
1130 5028 1413 5100 instituere
1441 5030 1715 5100 eunuchis
1750 5047 1855 5084 non
1894 5032 2067 5096 licuit,
2092 5034 2127 5086 ι.
2162 5028 2281 5100 θξς
2318 5034 2363 5095 l,

816 5098 873 5151 ﬂ'.
901 5096 973 5150 De
1006 5096 1186 5166 liber.,
1231 5098 1313 5152 vel
1351 5099 1757 5153 matrimonium
1798 5101 2145 5166 contrahere,
2203 5096 2364 5164 l.'59,

818 5168 871 5239 in
897 5165 1079 5239 tituli.
1107 5166 1179 5239 De
1203 5168 1323 5239 jure
1354 5169 1466 5221 dot.
1492 5184 1507 5231 ;
1533 5182 1656 5221 nam
1684 5170 1828 5239 quod
1860 5171 2081 5237 dicitur,
2104 5185 2202 5239 pro
2223 5185 2369 5224 mor-

819 5238 968 5290 hosis
998 5236 1205 5299 haberi,
1232 5237 1283 5291 id
1317 5238 1489 5292 levius
1516 5248 1619 5301 est,
1676 5236 1717 5293 ιζ
1752 5240 1804 5304 7,
1840 5240 1895 5294 ll.
1928 5241 2001 5296 De
2030 5236 2219 5295 atdilit.
2255 5239 2367 5292 llo-

815 5309 902 5359 die
918 5315 1303 5360 testamentum
1316 5307 1495 5362 facere
1514 5318 1770 5374 possunt,
1796 5310 1831 5361 l.
1852 5312 1905 5375 5,
1929 5312 1991 5363 (ἰ.
2014 5310 2117 5376 Qui
2149 5319 2366 5363 testam.

884 5376 995 5445 (86)
1035 5376 1277 5429 Eunuchi
1307 5392 1412 5431 non
1481 5376 1613 5429 lium
1640 5390 1855 5445 natura,
1888 5388 1945 5432 ut
1978 5381 2102 5433 hic:
2144 5380 2272 5433 licet
2318 5380 2372 5431 in

816 5446 1144 5515 quibusdam
1178 5447 1514 5514 spadonibus
1541 5457 1730 5502 contra
1787 5450 1821 5502 Ι.
1859 5448 1981 5514 128,
2011 5450 2065 5503 ll'.
2122 5449 2195 5503 De
2222 5448 2371 5501 verb.

816 5518 921 5583 sig.
949 5517 1152 5585 quibus
1208 5517 1426 5585 adoptio
1456 5519 1723 5585 permissa
1776 5519 1812 5573 ι.
1868 5520 1958 5582 40,
1996 5523 2049 5574 in
2084 5519 2179 5573 ﬁn.
2210 5516 2266 5573 (Γ.
2302 5516 2377 5570 [λε

817 5585 1252 5653 adop.Diﬂ'eruttt
1272 5590 1415 5641 enim
1436 5602 1465 5640 a
1480 5589 1733 5643 castratis
1757 5592 1823 5644 de
1844 5591 2045 5658 quibus
2064 5591 2152 5645 hic
2168 5591 2374 5659 agitur;

817 5655 929 5708 dixi
960 5656 1022 5708 :ttl
1051 5655 1111 5708 Ι).
1137 5657 1170 5709 Ι.
1215 5657 1337 5709 ηδ.

861 5657 929 5708 lxi
960 5657 1022 5708 :ttl
1051 5657 1111 5708 Ι).
1137 5657 1170 5709 Ι.
1215 5657 1337 5710 ηδ.

893 5726 1004 5791 (87)
1031 5724 1167 5800 Olim
1196 5728 1423 5800 castrati
1455 5728 1713 5799 adoptare
1753 5744 1861 5785 non
1917 5738 2192 5800 poterant,
2225 5737 2279 5785 ct
2306 5730 2379 5783 ita

821 5793 1111 5865 abrogatur
1141 5796 1243 5865 9'9,
1276 5796 1331 5850 d.
1369 5814 1385 5847 t
1430 5800 1481 5853 1.

2479 4954 2726 5015 δίιιίἰιῖἱιι
2757 4962 2922 5013 etiam
2957 4958 3283 5012 continuare
3324 4972 3336 5007 ε
3371 4954 3522 5007 Licet
3567 4954 3842 5007 eunuchis
3875 4962 4053 5008 testa-

2475 5042 2719 5153 nhentum
2771 5031 2974 5094 facere,
3025 5027 3190 5089 1.10,
3238 5025 3302 5079 ϐ.
3346 5023 3448 5089 Qui
3507 5030 3859 5088 testamenta,
3918 5039 4053 5094 ergo

2476 5114 2505 5151 a
2549 5108 2760 5153 outare.

2476 5108 2760 5153 adoutare.

2550 5165 2662 5240 (89)
2693 5169 2755 5240 1..
2782 5168 2872 5232 10,
2905 5166 2963 5221 ll‘.
2992 5165 3096 5231 Qui
3126 5168 3476 5240 testamenta.

2549 5232 2661 5309 (90)
2691 5238 2755 5309 Et
2783 5256 2815 5291 e
2836 5247 3028 5309 contra
3054 5236 3147 5309 qui
3178 5250 3372 5288 manus
3410 5234 3617 5299 amisit,
3640 5232 3824 5290 verbis
3850 5234 4050 5288 testari

2478 5306 2752 5381 potesttl.
2775 5309 2870 5381 sil,
2904 5306 2958 5360 Π.
2991 5307 3095 5381 Qui
3124 5312 3477 5381 testamenta.

2546 5380 2659 5447 (9i)
2686 5377 2745 5434 2.
2774 5377 2959 5431 llarm.
2986 5376 3041 5440 8,
3063 5374 3090 5446 §
3110 5376 3165 5437 ι,

2550 5440 2661 5517 (9ὶ)
2701 5450 2876 5500 Etiam
2922 5440 3143 5517 feminis
3202 5459 3341 5517 qua;
3369 5456 3649 5517 nunquam
3695 5441 3903 5517 liberos
3948 5440 4052 5493 ha-

2480 5510 2737 5581 buerunt,
2770 5528 2823 5571 et
2868 5518 2941 5571 ita
2992 5510 3285 5586 abrogatur
3322 5513 3348 5583 §
3383 5511 3470 5566 10.
3508 5510 3635 5567 ⁷Ιιιει
3694 5510 3766 5565 De
3791 5511 3956 5580 adop.
3998 5522 4056 5564 et

2483 5592 2518 5643 Ι.
2554 5589 2605 5647 5.
2639 5588 2809 5659 C.7De
2843 5588 3026 5659 adopt.
3093 5656 3104 5659 _
3406 5652 3417 5659 _
3858 5648 3873 5659 _
3898 5646 3912 5659 ,

2561 5659 2671 5728 (95)
2702 5648 2987 5725 Super-line
3015 5656 3111 5728 uni
3134 5662 3228 5728 aut
3264 5652 3453 5728 paucis
3482 5651 3766 5728 scribitur.
3786 5719 3799 5728 _
3820 5648 4055 5728 ubimest

2488 5716 2666 5784 causa
2706 5716 3054 5780 cunctorum.
3080 5716 3324 5779 Salviait.
3383 5721 3452 5775 ad
3489 5721 3687 5777 eccles.
3720 5718 3877 5775 Adde
3910 5716 4053 5772 Nov.

2488 5801 2627 5855 Just.
2668 5798 2757 5862 60,
2792 5811 2911 5867 cap.
2947 5795 2999 5863 l,
3041 5797 3097 5851 itt
3129 5794 3226 5849 litt.
