4248 6442
759 393 857 459 487

1996 393 2269 456 LEONIS
2307 393 2407 455 PH
2417 393 2768 455 ILOSOPHI

3897 392 4008 456 488

760 524 926 579 quam
951 515 1302 580 pepererunt,
1328 521 1518 564 verum
1545 508 1710 564 etiam
1737 519 1856 574 quae
1878 514 2081 561 matres
2095 509 2323 562 exstite-
2354 516 2401 572 Α
2427 527 2437 559 l

2354 516 2401 572 Δ
2427 508 2700 571 υῐθοεσίας
2729 508 2985 578 ἀπείργει
3021 508 3089 572 ⁸⁷,
3130 506 3267 562 ἀλλὰ
3307 505 3406 561 καὶ
3448 506 3548 569 τὰς
3585 505 3845 575 ὀφθείσας
3898 526 4008 578 μη-

761 609 910 657 runt.
931 601 996 651 ah
1010 600 1302 668 adoptione
1319 609 1486 653 arcet.
1510 598 1734 652 Femina
1750 599 1892 650 enim
1914 598 1996 666 (ut
2013 597 2097 650 lex
2118 597 2230 666 (99)
2254 599 2328 651 iu-

762 693 902 759 quit)
920 691 1104 743 habere
1117 692 1169 742 in
1183 690 1636 758 potestateliberos
1653 705 1751 741 non
1767 697 1954 757 potest.
1979 687 2177 743 Deinde
2194 689 2324 757 (1-4)

762 796 880 850 quae
905 781 1007 834 hoc
1043 785 1223 835 sanxit
1259 783 1363 841 lex,
1404 783 1643 850 loquitur
1665 780 1733 834 de
1763 782 1872 835 illis
1893 781 2036 849 quia
2060 779 2329 834 matribus

765 871 1078 925 recedentes
1102 887 1349 926 seorsum
1384 887 1481 926 suo
1514 871 1780 924 arbitratu
1840 872 2018 924 vivere
2068 871 2278 924 malunt
2313 888 2326 924 :

765 977 872 1014 non
908 963 1036 1016 item
1067 979 1193 1015 vero
1223 963 1289 1015 de
1321 964 1386 1015 iis
1416 963 1508 1030 qui
1545 971 1791 1016 materna
1837 962 2064 1030 imperia
2097 961 2330 1016 libenter

761 1054 998 1106 tolerant
1028 1054 1377 1122 ipsarmnque
1410 1053 1743 1124 praescriptis
1776 1068 1872 1121 per
1899 1067 2116 1107 omnem
2169 1053 2331 1105 vitam

764 1158 953 1212 parere
1003 1150 1427 1212 propoSuerunt.
1480 1143 1598 1197 Non
1661 1143 1825 1213 igitur
1872 1142 2245 1195 obedientiam
2272 1147 2330 1194 et

762 1233 1079 1287 famulatum
1136 1233 1526 1297 voluntarium,
1576 1247 1889 1302 quanquam
1930 1232 1978 1286 is
2027 1246 2188 1286 rarus
2237 1229 2330 1296 sit,

762 1325 846 1378 lex
879 1325 1128 1393 prohibet
1165 1341 1179 1378 :
1213 1324 1309 1378 sed
1372 1325 1484 1377 illic
1523 1324 1725 1378 fetnina
1755 1332 2026 1393 potestate
2067 1323 2332 1392 privatur,

763 1415 856 1470 ubi
895 1416 1194 1470 voluntatis
1221 1429 1486 1470 assensus
1537 1416 1604 1469 ad
1637 1415 2000 1471 obedientiam
2052 1431 2159 1468 non
2199 1415 2330 1469 coit.

761 1504 895 1559 Nam
918 1508 962 1560 si
990 1505 1091 1558 hoc
1119 1505 1186 1557 ita
1202 1503 1294 1570 sit,
1314 1504 1589 1573 quomodo
1605 1506 1786 1559 multa:
1810 1515 2009 1558 matres
2027 1503 2138 1572 jam
2161 1505 2336 1558 viduae

762 1596 963 1650 liberos
992 1609 1178 1648 secum
1209 1611 1314 1647 una
1348 1595 1591 1651 viventes
1610 1603 1663 1650 et
1687 1593 1938 1648 subditos
1952 1595 2016 1647 ad
2033 1603 2334 1648 extremum

761 1700 932 1754 usque
963 1684 1105 1739 diem
1139 1684 1341 1738 habent
1372 1695 1424 1740 et
1452 1687 1689 1739 animam
1732 1687 1788 1739 in
1818 1685 2040 1739 illorum
2084 1685 2336 1739 manibus

759 1776 1101 1844 exspirantes
1125 1784 1382 1828 materna:
1414 1775 1812 1831 benedictionis
1833 1785 1886 1832 et
1916 1791 2136 1831 suarum
2159 1776 2336 1832 facul-

760 1875 933 1920 tatum
959 1867 1079 1920 illos
1104 1865 1420 1936 relinquunt
1443 1867 1732 1924 hmredes?

832 2043 1004 2098 Porro
1032 2056 1086 2100 et
1116 2045 1245 2098 illud
1280 2046 1446 2099 etiam
1481 2045 1829 2115 imperatoria
1861 2053 2048 2100 nostra
2073 2045 2335 2115 maiestas

760 2136 996 2206 benigne
1029 2138 1263 2192 subditis
1301 2139 1553 2208 largitur,
1592 2147 1649 2190 ut
1686 2155 1786 2192 non
1820 2139 1974 2192 modo
2001 2137 2067 2191 ab
2105 2138 2335 2207 impera~

760 2234 870 2280 tore
926 2226 1410 2294 (quemadmodum
1463 2230 1797 2283 vetustiores
1823 2227 1900 2297 (5)
1939 2228 2084 2296 leges
2133 2242 2328 2296 praece-

759 2317 935 2386 pere),
962 2318 1055 2371 sed
1074 2318 1235 2372 etiam
1258 2335 1285 2372 a
1311 2335 1658 2388 quocunque,
1695 2320 1785 2372 cui
1815 2318 2194 2387 cujuscunque
2227 2319 2332 2374 loci

761 2407 933 2461 rectio
967 2408 1206 2477 injuncta
1230 2410 1358 2470 erit,
1388 2409 1483 2478 qui
1511 2409 1770 2478 adoptare
1796 2409 1961 2474 volet,
1996 2407 2050 2462 id
2079 2406 2332 2464 faciendo

761 2499 1075 2553 facultatem
1107 2499 1358 2569 accipere
1384 2502 1579 2569 possit.

1178 2589 1642 2645 CONSTITUTIO
1666 2587 1908 2646 XXVIII.

762 2680 880 2743 Quo
907 2687 1133 2746 tempore
1155 2680 1232 2748 (6)
1265 2690 1315 2733 et
1346 2697 1378 2732 a
1407 2680 1594 2748 quibus
1621 2695 1798 2733 rerum
1842 2694 2067 2734 suarum
2095 2680 2331 2734 admini-

1073 2753 1265 2802 stratio
1295 2750 1497 2802 adultis
1526 2751 1760 2804 concedi
1802 2750 2012 2805 debeat.

829 2903 977 2960 Idem
1005 2905 1136 2974 imp.
1191 2902 1439 2973 Styliano
1495 2902 1864 2959 excellentiss.
1897 2917 2186 2959 sacrorum
2216 2903 2332 2958 olli-

759 2999 972 3053 ciorum
1004 2997 1293 3065 magistro.

829 3088 1280 3157 Quandoquidem
1342 3089 1447 3140 hoc
1479 3087 1644 3140 etiam
1705 3085 2112 3155 legislatoribus
2173 3094 2330 3140 recte

2428 596 2612 666 τέρας·
2647 593 2815 664 Θῆλυ
2831 597 2959 666 γὰρ,
2979 595 3054 657 ὥς
3072 613 3225 664 φησι,
3258 599 3584 663 πρόσωπον
3599 595 4013 662 ὑπεξουσίους

2427 685 2500 737 οὐ
2514 683 2762 736 δύναται
2773 683 2805 736 ἐ
2807 701 2938 752 χειν
2952 682 3189 749 παῖδας.
3207 684 3435 737 Ἔπειτα
3449 683 3505 737 δὲ
3519 684 3548 735 ό
3563 682 3721 736 τοῦτο
3736 685 4012 748 θεσπίζων

2430 777 2593 844 νόμος
2618 774 2747 844 περὶ
2771 775 2996 828 ἐκείνων
3022 774 3194 842 λέγει,
3227 776 3342 828 ὅσοι
3374 776 3728 846 προκρίνουσι
3761 776 3873 829 τῶν
3900 795 4012 846 pr,-

2429 865 2601 934 τέρων
2643 863 2961 927 διαστάντες
3019 865 3166 926 ἰδίως
3218 864 3615 934 ρυθμιζόμενον
3666 866 3812 936 ἔχειν
3857 867 4008 936 βίον,

2430 957 2548 1010 ἀλλ’
2577 957 2638 1009 οὐ
2685 956 3072 1026 περὶτούτων,
3119 958 3236 1009 ὅσοι
3281 956 3382 1027 τὴν
3433 957 3708 1027 μητρικὴν
3755 960 4011 1025 ἐξουσίαν

2429 1047 2604 1118 ἡδέως
2639 1048 2864 1118 φέρουσι
2915 1048 3012 1101 καὶ
3059 1047 3150 1101 διὰ
3201 1047 3318 1117 βίου
3352 1048 3451 1118 τὴν
3490 1048 3773 1117 ὑποταγὴν
3815 1051 4009 1113 αὐταῖς

2434 1136 2628 1202 σώζειν
2652 1138 2978 1206 ἐγνώκασιν.
3009 1137 3218 1192 Οὔκουν
3243 1141 3271 1191 ὁ
3303 1140 3466 1209 νόμος
3495 1139 3596 1211 τὴν
3633 1141 3744 1192 ἀπὸ
3780 1139 4011 1210 γνώμης

2435 1230 2717 1302 ὑποταγὴν
2741 1232 2836 1285 καὶ
2860 1229 3160 1295 οίκείωσιν,
3193 1232 3336 1302 ὅπερ
3369 1232 3463 1285 καὶ
3501 1233 3738 1286 ἐνταῦθα
3769 1232 4008 1302 συμϐαί-

2435 1339 2536 1386 νει,
2568 1324 2670 1377 οὐκ
2710 1323 3066 1393 ἀπαγορεύει,
3107 1323 3225 1376 ἀλλ’
3260 1325 3378 1376 ἐκεῖ
3422 1323 3486 1376 τὸ
3531 1323 3667 1393 θῆλυ
3714 1325 4009 1394 πρόσωπον

2435 1412 2752 1484 ἀφαιρεῖται
2789 1414 2889 1484 τὴν
2939 1413 3212 1479 ἐξουσίαν,
3255 1409 3317 1467 οὗ
3347 1413 3573 1483 γνώμης
3612 1414 3928 1484 ἐκουσιότης
3959 1413 4010 1446 ⁸⁸

2435 1503 2514 1564 είς
2558 1503 2840 1573 ὑποταγὴν
2884 1503 2946 1555 οὺ
2992 1505 3335 1573 συνέρχεται.
3376 1503 3531 1556 Ἐπεὶ
3565 1506 3614 1556 εἰ
3661 1504 3838 1569 τοῦτο,
3886 1505 4009 1567 πῶς

2436 1591 2629 1644 πολλαὶ
2650 1592 2760 1644 τῶν
2809 1593 3068 1662 μητέρων
3104 1594 3494 1663 κεχηρωμὲναι
3540 1595 3736 1658 παῖδάς
3761 1612 3822 1647 τε
3865 1611 4009 1664 συμ-

2436 1681 2689 1746 ϐιοῦντας
2741 1684 2838 1736 καί⁸
2880 1684 3355 1753 ὑποταττομένους
3411 1685 3577 1755 μέχρι
3624 1687 3724 1755 τῆς
3769 1687 4010 1756 ἐσχάτης

2438 1771 2652 1840 ἔχουσιν
2678 1773 2914 1844 ἡμέρας,
2941 1775 3036 1827 καὶ
3075 1775 3134 1826 ἐν
3161 1776 3348 1844 χερσὶν
3389 1776 3570 1829 αὐτῶν
3592 1778 3690 1845 τὴν
3726 1777 3874 1845 ζωὴν
3903 1795 4011 1830 κα-

2362 1849 2410 1907 Β
2436 1865 2728 1919 ταλύουσαι
2754 1866 2854 1933 τῆς
2897 1882 2958 1919 τε
2990 1866 3264 1936 μητρυιῆς
3294 1867 3546 1936 εὐλογίας
3578 1871 3672 1922 καὶ
3700 1868 3808 1921 τῶν
3832 1886 4010 1941 προσ-

2434 1956 2602 2010 όντων
2630 1957 3103 2026 καταλιμπάνουσι
3130 1959 3500 2029 κληρονόμους
3526 1979 3541 2027 ;

2501 2046 2612 2103 Καὶ
2659 2049 2820 2100 τοῦτο
2848 2049 2906 2101 δὲ
2930 2051 2964 2119 ὴ
3000 2049 3247 2120 βασιλεία
3271 2051 3431 2122 ἡμῶν
3473 2053 3537 2104 τὺ
3564 2053 3875 2122 ὑποχείριον
3914 2073 4008 2122 φι-

2431 2139 2752 2210 λοτιμεῖται,
2763 2138 2920 2194 ὥστε
2929 2140 3016 2208 μὴ
3027 2143 3223 2208 μόνον
3239 2145 3400 2211 παρὰ
3408 2144 3715 2209 ,ϐασιλέως
3727 2144 3930 2215 (καθὼς
3952 2147 4006 2200 οί

2433 2231 2670 2301 πρόσθεν
2694 2232 2997 2302 ἐπέτρεπον
3016 2233 3197 2302 νόμοι)
3228 2235 3320 2286 τὸν
3354 2235 3714 2291 υίοθετεῖσθαι
3745 2237 4010 2308 βουλόμε-

2432 2338 2541 2385 νον,
2576 2321 2716 2375 ἀλλὰ
2738 2325 2832 2377 καὶ
2857 2323 3010 2393 παρὰ
3039 2323 3243 2386 παντὸς
3272 2323 3368 2376 τοῦ
3405 2325 3528 2378 καθ’
3549 2328 3788 2398 ἑκάστην
3816 2329 4007 2400 χώραν

2429 2411 2490 2463 τὸ
2518 2412 2712 2482 ἄρχειν
2759 2415 2854 2467 καὶ
2875 2415 3087 2468 διέπειν
3131 2415 3390 2485 λαχόντος
3418 2416 3518 2487 τὴν
3563 2417 3815 2484 ἐξουσίαν
3863 2420 4006 2491 λαμ-

2431 2500 2636 2557 δάνειν.

2971 2592 3282 2648 ΔΙΑΤΔΞΙΣ
3317 2597 3451 2650 κη’.

2431 2684 2570 2764 Περὶ
2597 2684 2703 2764 τοᾷ
2751 2687 3156 2764 καιρρῦηκαθ*
3202 2689 3276 2764 ὃν
3317 2689 3412 2742 δεῖ
3456 2693 3595 2764 τοὺς
3640 2695 3858 2758 παῖδας
3892 2696 4010 2761 τὴν

2502 2755 2619 2876 αξη-
2632 2757 2867 2810 οὶκειων
2882 2755 3188 2826 διοίκησιν
3218 2755 3666 2832 ἐγχειρίζεσθαι,
3707 2765 3804 2818 καί
3837 2755 4007 2833 ξιαριῖ

2505 2842 2537 2876 τ
2563 2841 2690 2889 νος.

2514 2913 2572 2966 ’0
2608 2913 2770 2978 αὐτὸς
2809 2905 3063 2986 βασιλεὺς
3114 2919 3392 2992 Στυλιανῷ
3440 2922 3518 2992 τῷ
3573 2925 4010 2996 ὑπερφυεστάτῳ

2435 3003 2729 3074 μαγίστρῳ
2747 3005 2859 3058 τῶν
2887 3007 3048 3060 θείων
3078 3009 3368 3078 ὀφφικίων.

2517 3093 2733 3164 Ἐπειδὴ
2760 3097 2853 3148 καὶ
2883 3096 3043 3150 τοῦτο
3072 3099 3252 3161 καλῶς
3279 3103 3392 3164 τοῖς
3424 3103 3741 3172 νομοθέταις
3776 3105 3923 3171 εδοξε
3949 3108 4010 3160 τὸ

760 3181 987 3250 placuit,
1027 3188 1084 3233 ut
1114 3178 1188 3249 (7)
1223 3178 1530 3231 minoribus
1582 3185 1861 3231 curatores
1899 3177 2329 3246 praeliccrentur,
2360 3189 2404 3246 ο

2360 3189 2404 3246 c
2438 3186 2622 3239 παισὶν
2671 3186 3110 3258 ὠρφανισμένοις
3159 3193 3490 3265 ἐγκαθιστᾷν
3535 3197 3886 3267 ἐπιτρόπους,
3940 3201 4009 3252 δι’

758 3275 853 3342 qui
881 3279 1168 3341 parentum
1198 3271 1263 3324 de
1303 3271 1409 3325 illis
1450 3284 1640 3324 curam
1692 3270 2033 3339 supplentes,
2069 3277 2125 3323 et
2157 3271 2334 3324 aetatis

760 3367 1188 3420 imbecillitatem
1219 3380 1364 3418 curae
1398 3364 1686 3426 haberent,
1712 3374 1766 3417 et
1801 3365 1945 3417 bona
1974 3362 2333 3418 convenienti

761 3457 1135 3512 sollicitudine
1168 3457 1337 3509 illmsa
1365 3464 1790 3519 conservarent,
1837 3456 1984 3520 quod
2008 3454 2338 3523 lcgislationi

761 3540 909 3603 re'cte
931 3565 990 3602 se
1021 3548 1239 3601 babenti
1287 3547 1461 3607 deest,
1497 3561 1563 3600 ex
1589 3546 1748 3600 nobis
1774 3545 2085 3600 addendum
2118 3548 2338 3616 putavi-

763 3655 904 3693 mus.
938 3639 1007 3690 At
1043 3639 1165 3704 quis
1220 3637 1308 3690 ille
1360 3637 1606 3689 defectus
1637 3636 1980 3700 estIQuoda
2019 3637 2136 3691 solo
2170 3637 2340 3706 impe-

763 3739 968 3793 ratore,
1023 3729 1198 3796 jussis
1250 3727 1503 3780 recedere
1543 3727 1920 3793 curatoribus,
1951 3743 2131 3781 rerum
2162 3727 2341 3782 admi-

763 3821 1146 3875 nistrationem
1209 3817 1345 3871 tradi
1414 3817 1773 3871 minoribus:
1826 3817 1990 3886 idque
2045 3833 2168 3872 cum
2225 3818 2337 3885 jam

763 3913 1042 3983 praelinitzc
1071 3911 1248 3964 artatis
1283 3909 1503 3963 modum
1543 3908 1827 3977 attigerint
1883 3908 2066 3978 (quem
2091 3908 2339 3962 maribus

769 4005 1097 4063 vicesimus,
1152 4000 1367 4054 feminis
1419 4013 1546 4054 vero
1593 3998 1840 4053 decimus
1893 4007 2120 4053 Octavus
2163 4013 2341 4053 annus

761 4094 998 4162 tribuit),
1031 4101 1084 4147 et
1112 4101 1368 4160 tanquam
1421 4089 1486 4142 ad
1513 4089 1650 4142 hanc
1710 4100 1944 4152 aetatem,
1980 4105 2086 4158 qua
2139 4105 2332 4159 sapere

760 4192 1017 4252 recteque
1069 4190 1232 4251 atque
1266 4182 1474 4234 utiliter
1507 4195 1594 4234 res
1632 4196 1760 4235 suas
1801 4179 2187 4234 administrare
2218 4196 2338 4250 pos-

759 4283 910 4341 sunt,
941 4275 1052 4343 jam
1083 4275 1466 4343 pervenerint,
1501 4273 1555 4325 in
1591 4272 1802 4339 plenam
1870 4285 2050 4324 rerum
2109 4288 2334 4326 suarum

757 4374 1084 4436 potestatem
1121 4364 1381 4419 collocari
1430 4363 1578 4416 velit.
1620 4361 1815 4416 Verum
1855 4363 2112 4432 quoniam
2151 4371 2208 4415 ut
2243 4378 2333 4416 sa-

761 4459 932 4526 piant,
974 4457 1228 4511 omnibus
1287 4471 1394 4509 non
1440 4456 1628 4509 eadem
1671 4464 1830 4508 aetate
1883 4454 2186 4523 contingit,
2223 4472 2331 4509 non

2437 3270 2514 3328 ὧν
2543 3277 2576 3341 ἠ
2625 3278 2734 3329 τῶν
2767 3280 3020 3349 πατέρων
3059 3283 3519 3356 ἀναπληρουμένη
3571 3288 3753 3352 αὐτοῖς
3784 3291 4010 3360 πρόνοια

2436 3363 2504 3418 δι’
2526 3367 2844 3434 ἐπιμελείας
2890 3371 2989 3438 μὲν
3018 3371 3079 3423 τὸ
3116 3374 3214 3442 τῆς
3253 3375 3470 3444 ἡλικίας
3511 3381 3744 3430 ποιεῖται
3777 3381 4009 3444 ἁπαλὸν,

2436 3457 2506 3510 τὰ
2560 3459 2871 3529 ὑπάρχοντα
2919 3462 2976 3514 δὲ
3021 3466 3142 3525 ταῖς
3182 3464 3427 3529 δεούσαις
3473 3470 3750 3537 φροντίσιν
3796 3472 4010 3541 ἀϐλαϐῆ

2440 3552 2714 3619 συντηρεῖ,
2745 3550 2822 3618 τῷ
2860 3551 3038 3614 καλῶς
3063 3553 3393 3625 διακειμένῳ
3415 3557 3515 3625 τῆς
3536 3561 3856 3628 νομοθεσίας
3887 3579 4014 3615 συν·

2439 3639 2651 3708 είδομεν
2678 3639 2706 3692 ὃ
2739 3641 2913 3694 λείπει
2946 3645 3078 3712 παρ’
3116 3646 3326 3697 ἑαυτῶν
3359 3649 3690 3717 προσθεῖναι.
3727 3652 3791 3703 Τί
3825 3648 3920 3705 οὖν
3951 3655 4015 3706 τὸ

2440 3729 2684 3782 ἐλλεῖπον
2708 3727 2808 3802 ἧνς
2841 3733 2912 3784 Τὸ
2947 3733 3228 3802 βούλεσθαι
3259 3737 3405 3806 παρὰ
3437 3740 3597 3808 μόνου
3630 3739 3892 3809 βασιλέως
3919 3762 4014 3797 κε-

2441 3817 2688 3884 λεύοντος
2714 3822 3026 3887 ἐξίστασθαι
3053 3826 3180 3887 τοὺς
3202 3828 3555 3898 κουράτωρας
3592 3831 3690 3900 τῆς
3726 3833 3832 3884 τῶν
3865 3853 4010 3903 πρα-

2439 3910 2664 3978 γμάτων
2719 3911 3056 3980 διοικήσεως,
3108 3917 3508 3986 ἐγχειρίζεσθαι
3540 3920 3595 3972 δὲ
3645 3923 3772 3984 τοὺς
3811 3927 4012 3990 παῖδας

2440 4001 2606 4072 αὐτὴν
2653 4003 3026 4068 ἀπολαϐόντας
3072 4008 3168 4076 τῆς
3203 4010 3418 4078 ἡλικίας
3466 4011 3525 4064 τὸ
3573 4014 3790 4084 μέτρον,
3819 4017 3848 4068 ὃ
3897 4021 4012 4080 τοῖς

2443 4093 2543 4162 μὲν
2570 4095 2793 4166 ἄρρεσιν
2817 4098 2845 4148 ὁ
2865 4097 3106 4159 είκοστδς
3127 4100 3390 4170 ἀπονέμει
3413 4103 3602 4173 χρόνος
3621 4143 3638 4168 ,
3669 4109 3790 4169 ταῖς
3827 4107 3885 4160 δὲ
3916 4109 4014 4178 θη-

2438 4181 2610 4247 λείαις
2630 4187 2657 4235 ό
2685 4184 2867 4252 ὄγδοος
2896 4187 2990 4240 καὶ
3017 4188 3238 4252 δέκατος
3269 4190 3333 4253 ",
3364 4190 3440 4254 ὡς
3470 4193 3548 4256 είς
3577 4193 3728 4265 ὥραν
3753 4195 4012 4269 ,ἐλθόντας

2439 4275 2752 4344 φρονήσεως
2797 4277 3004 4329 καὶτοῦ
3048 4279 3115 4330 τὰ
3159 4281 3332 4332 οίκετα
3387 4281 3646 4336 δύνασθαι
3699 4285 3880 4351 καλῶς
3915 4290 4007 4341 καὶ

2439 4366 2824 4436 συμφερόντως
2872 4369 3174 4438 οἰκονομεῖν
3234 4371 3326 4422 ἐπὶ
3369 4372 3468 4441 τῆς
3511 4374 3829 4440 δεσποτείας
3875 4379 4012 4433 καθα

2439 4458 2707 4512 ίστασθαι.
2734 4460 2873 4512 ’Δλλ’
2899 4462 3020 4512 ἐπεὶ
3045 4463 3143 4532 οὐχ
3173 4464 3373 4532 ὁμοίως
3408 4467 3541 4518 πᾶσι
3569 4467 3629 4519 τὸ
3653 4471 3873 4536 φρονεῖν
3903 4488 4010 4523 πα-

763 4555 834 4601 ita
873 4549 1196 4616 simpliciter
1221 4546 1410 4611 statui,
1479 4560 1655 4613 nequc
1685 4559 1750 4597 cx
1788 4544 1906 4598 sola
1942 4551 2102 4597 zetate
2141 4544 2208 4597 ad
2246 4561 2329 4599 rc-
2361 4545 2440 4618 D‘

2361 4545 2404 4598 D
2433 4549 2732 4618 ραγίνεται,
2786 4551 2893 4604 ἔδει
2918 4554 2965 4583 ¹⁰
3001 4553 3078 4623 μὴ
3107 4553 3295 4617 ἁπλῶς
3340 4555 3485 4608 οὕτω
3518 4557 3820 4623 θεσπίζειν,
3871 4561 4007 4631 μηδὲ

763 4655 882 4692 rum
911 4654 1133 4694 suarum
1165 4639 1610 4707 gubernationem
1635 4636 1841 4704 pariter
1875 4650 2066 4690 omnes
2097 4636 2324 4704 produci
2433 4658 2440 4686 ε

2433 4640 2642 4701 πάντας
2676 4641 2810 4710 όμοῦ
2841 4641 2945 4694 ὑπὸ
2975 4643 3137 4710 μόνου
3168 4643 3262 4696 τοῦ
3307 4645 3499 4712 καιροῦ
3527 4648 3606 4707 είς
3639 4646 3738 4716 τὴν
3778 4647 3891 4698 τῶν
3925 4651 4008 4700 οξ-

759 4731 1048 4798 oportebat
1079 4747 1095 4795 ;
1126 4730 1220 4783 sed
1248 4738 1366 4781 erat
1396 4741 1558 4794 quam
1591 4733 1802 4778 aatatem
1832 4725 2097 4794 cujusque
2134 4741 2326 4780 eorum
2433 4745 2436 4777 :

2433 4728 2593 4780 κείων
2619 4729 2868 4792 ἐξουσίαν
2897 4731 3258 4800 προάγεσθαι,
3284 4734 3420 4787 ἀλλὰ
3450 4735 3572 4786 καθ’
3601 4735 3661 4787 δν
3689 4737 4007 4790 ἀπαιτεῖται

757 4821 848 4889 qui
905 4835 1088 4873 rerum
1150 4834 1372 4873 suarmn
1434 4817 1962 4870 administrationem
2014 4817 2325 4885 suscepturi
2429 4835 2434 4869 ς

2429 4817 2620 4886 καιρὸν
2664 4819 2774 4871 τῶν
2797 4821 2896 4888 τὴν
2931 4821 2973 4852 ²¹
3003 4822 3324 4875 δεσποτείαν
3357 4826 3856 4896 προχειριζομένων
3902 4844 4004 4879 κα-

754 4919 980 4976 esscnt,
1034 4919 1213 4965 status
1282 4908 1632 4977 requireret,
1694 4906 2116 4975 inspiciendum.
2181 4906 2323 4972 Quid
2426 4927 2431 4941 ι

2426 4911 2705 4971 τάστασις.
2740 4911 2804 4962 Τί
2837 4912 2945 4982 γάρ
2965 4931 2979 4978 ;
3003 4913 3030 4965 ό
3059 4913 3159 4982 μὲν
3185 4916 3234 4965 εί
3262 4915 3307 4945 “
3334 4915 3675 4985 ὑπερελάσας
3695 4915 3789 4968 τὸν
3810 4916 4007 4986 χρόνον

755 5000 940 5053 enim?
967 5014 1037 5053 an
1056 5015 1182 5055 cum
1210 5000 1322 5062 hic,
1360 5007 1648 5069 postquam
1679 5011 1798 5051 eam
1821 5003 2035 5051 atatem
2066 5013 2324 5067 egressus
2425 5019 2432 5048 ι

2425 4999 2577 5055 οὔπω
2615 5003 2693 5065 είς
2724 5002 2787 5055 τὸ
2817 5005 3033 5073 φρονεῖν
3065 5003 3313 5073 ἀφίκετο,
3357 5006 3451 5058 τοῦ
3478 5007 3758 5070 δεσπόζειν
3786 5007 4004 5077 κριθείη

2039 5135 2272 5191 νΑιιιΑε
2325 5137 2730 5197 LECTIONES.

824 5230 866 5304 ’τ
891 5229 1006 5285 ECI-
1033 5230 1312 5304 ἀπείρξειε
1371 5230 1412 5261 ¹⁶
1436 5230 1525 5304 δὶα
1554 5227 1668 5304 Ed.
1696 5225 1940 5304 Codd..et
1953 5227 2083 5304 editi
2112 5227 2312 5304 habent
2341 5248 2358 5304 :_
2385 5231 2521 5301 ὅπερ
2539 5235 2634 5285 καὶ
2651 5233 2792 5288 καθὰ
2820 5236 3105 5304 συμϐαίνει
3126 5235 3480 5304 ἀπαγορεύει,
3507 5234 3623 5287 ἀλλ’
3641 5237 3755 5288 ἐκεῖ
3777 5235 3841 5288 τὸ
3861 5235 4002 5304 θῆλυ

757 5301 1046 5381 aptam?
1091 5289 1523 5381 ἀφέἕρξῖταιτὴν
1551 5296 1815 5381 ἐξουσίαν»
1842 5289 1910 5381 κοῦ
1941 5289 2503 5381 Mevia?de
2553 5304 2595 5381 ξ’
2628 5289 3142 5381 δρρριεηίίυιηκςιί-
3197 5289 3628 5381 ἔδέίειςοὶιέξίι
3663 5289 4000 5381 Stephanis-

754 5367 924 5424 tlodd.
951 5371 1098 5423 εἴδει.
1143 5367 1151 5369 ’
1191 5367 1241 5400 ’⁸7
1259 5369 1695 5424 Prannittendum
1729 5380 1927 5421 censeo
1953 5367 2063 5421 ἐπί.
2122 5369 2165 5398 ¹²
2193 5368 2367 5422 Codd.
2392 5367 2439 5423 εἰ
2461 5373 2489 5424 ὁ
2518 5373 2635 5442 μὲν,
2670 5367 2974 5443 Stephanus
2991 5378 3038 5429 εί
3063 5376 3120 5440 ὃς
3151 5375 3252 5446 μὲν
3273 5375 3368 5429 καὶ
3390 5375 3612 5446 ὑπερελ.
3638 5367 3776 5438 -ὃξ
3811 5375 3890 5431 δέ.

2277 5462 2505 5524 NOTAE.

827 5555 939 5622 (99)
963 5555 1084 5610 Vid.
1118 5556 1155 5608 l.
1185 5555 1238 5619 5,
1265 5557 1326 5609 tl.
1369 5554 1444 5610 De
1475 5553 1659 5623 adopt.
1699 5553 1728 5623 ᾗ
1766 5555 1850 5608 l0.

828 5627 968 5708 (Ife)
1007 5625 1239 5708 ψει-,ηυξ
1269 5627 1452 5695 adopt.
1487 5623 1609 5693 Ulp.
1629 5624 1684 5690 8,
1712 5623 1815 5694 ἐξ).

936 5695 1261 5819 iziagﬁi'géie
1286 5781 1351 5819 xx
1385 5773 1438 5818 et
1469 5780 1624 5819 xvlu.
1656 5763 1759 5828 Qui
1794 5779 1900 5818 non
1928 5778 2141 5832 semper
2162 5780 2308 5820 anno

2430 5568 2617 5641 xx_aut
2662 5561 3023 5642 .xvut.rquod
3077 5561 3201 5616 addi
3257 5570 3473 5632 oportet
3502 5560 3604 5619 lrsi
3633 5557 3769 5623 2,6.
3806 5557 3883 5615 De
3915 5559 4003 5620 his

2427 5645 2518 5698 thI
2552 5646 2764 5683 velitaut
2798 5641 2995 5684 mtatts.

2498 5702 2574 5766 (7i
2600 5700 2729 5754 Inst.
2763 5700 2834 5753 De
2857 5711 3032 5754 curat.
