4248 6442
256 431 368 496 489

1356 438 1718 498 NOVELLAS
1783 437 2459 499 CONSTITUTIONES.

3414 438 3521 505 490

254 547 432 611 ἄξιος,
459 545 489 597 ό
515 545 571 598 δὲ
598 547 647 599 εί
678 545 771 600 τοῦ
804 544 998 619 καιροῦ
1041 543 1262 598 ἔλαττον
1288 543 1427 614 ἔχων
1456 546 1553 597 οὐκ
1587 545 1841 598 ἐλαττοῦ-
1868 556 1920 615 Α

1868 550 2038 615 Αείι,
2077 548 2320 602 nomium
2385 553 2568 600 autem
2623 544 2759 599 satis
2810 545 3005 615 sapere
3052 546 3311 616 cmperit,
3346 548 3520 604 admi-

251 655 346 689 ται
387 638 703 709 φρονήσεως
734 641 828 693 καὶ
879 638 974 693 τοῦ
1009 638 1184 709 ὀρθῶς
1220 637 1288 689 τά
1335 638 1636 706 πράγματα
1670 653 1840 705 μετα-

252 728 628 798 χειρίζεσθαι,
678 730 1111 800 άπειρχθήσεται
1142 731 1243 799 τῆς
1294 728 1647 798 διοικήσεως;
1686 728 1843 781 Ἐπεὶ

255 814 351 872 οὖν
380 822 481 890 οὐχ
508 816 672 891 ἧττον
702 823 843 874 κατὰ
876 821 1003 875 νοῦν
1030 822 1062 890 ἥ
1089 822 1149 873 τὸ
1180 821 1341 891 σῶμα
1374 820 1724 891 διαφέρουσιν
1744 821 1839 875 ἄν-

252 911 490 982 θρωποι.
534 916 632 967 καὶ
672 915 722 968 οἱ
754 916 852 984 μὲν
881 914 1297 983 εὐσταθέστεροι
1330 914 1421 966 τὸν
1462 914 1717 983 λογισμὸν
1747 915 1843 967 καὶ

252 1005 366 1073 πρὸ
394 1005 490 1058 τοῦ
526 1009 917 1077 νενομισμένου
947 1006 1164 1077 καιροῦ,
1192 1008 1240 1059 οξ
1265 1008 1320 1059 δὲ
1356 1008 1448 1059 καὶ
1474 1006 1840 1074 ὑπερϐάλλον-

248 1113 344 1160 τες
376 1098 540 1151 αὐτὸν
568 1101 626 1151 ἐν
656 1098 912 1153 εὐσταθεῖ
942 1100 1039 1169 τήν
1070 1100 1309 1152 διάνοιαν
1341 1100 1401 1152 οὺ
1430 1101 1732 1169 πεπήγασι,
1763 1100 1842 1170 τῷ

247 1185 315 1255 δὴ
349 1188 523 1242 ταῦτα
570 1188 854 1259 βούλεσθαι
905 1189 1137 1253 ἐλλιπῶς
1188 1189 1331 1259 ἐχειν
1374 1189 1477 1259 τὴν
1519 1187 1839 1257 νομοθεσίαν

249 1280 450 1345 ἐποίει,
483 1282 578 1333 καὶ
608 1282 781 1343 ἄλλως
804 1283 861 1336 δέ
900 1300 1015 1344 πως
1042 1282 1259 1354 πρῶτον
1292 1283 1411 1351 μὲν,
1443 1282 1525 1335 ὅτι
1557 1282 1632 1353 μὴ
1660 1283 1842 1354 ῥᾴδιον

252 1371 457 1441 μᾶλλον
494 1372 550 1425 δὲ
580 1374 860 1438 παντελῶς
900 1374 1162 1426 ἀδύνατον
1204 1376 1339 1443 πρὸς
1384 1374 1594 1435 πάντας
1633 1373 1843 1427 διαϐαί-

250 1479 363 1513 νειν
395 1462 491 1515 τοῦ
523 1465 816 1533 νομοθέτου
854 1464 915 1517 τὺ
942 1463 1211 1535 βούλημα.
1244 1465 1370 1528 Πῶς
1398 1464 1508 1533 γάρ
1533 1464 1581 1517 οί
1612 1463 1717 1533 γῆς
1746 1467 1842 1518 καὶ

251 1552 529 1624 Θαλάσσης
568 1559 799 1627 μακροῖς
833 1555 1198 1627 διειργόμενοι
1240 1556 1627 1627 διαστήμασιν,
1660 1558 1745 1608 ἵνα
1773 1558 1841 1611 τά

251 1643 390 1695 ἄλλα
420 1644 653 1717 δυσχερῆ
688 1645 785 1699 τοῦ
825 1646 941 1716 βίου
972 1648 1141 1711 ἐάσω,
1170 1647 1361 1710 νόσους
1413 1649 1509 1701 καὶ
1549 1647 1749 1716 φόϐους
1784 1647 1843 1712 ἐξ

256 1735 556 1806 ἐπιϐουλῆς
603 1738 813 1809 ἐχθρῶν
848 1739 940 1793 καὶ
972 1739 1150 1810 μελῶν
1194 1740 1474 1812 πηρώσεις
1499 1742 1546 1812 (ὃ
1580 1742 1842 1804 πολλάκις

258 1827 372 1879 οὐδ’
407 1830 500 1881 ἐπὶ
551 1829 736 1900 χώρας
782 1831 963 1886 δίδωσι
1014 1834 1283 1903 προϊέναι,
1333 1832 1407 1902 μὴ
1445 1835 1526 1886 δτι
1568 1850 1631 1901 γε
1675 1834 1842 1903 ὑπερ-

1946 639 2277 694 uistratione
2307 636 2509 707 dignus
2535 633 2816 704 judicatus
2837 633 3003 688 fuerit
3032 634 3174 700 :ille,
3204 648 3520 705 quanquam

1943 733 2243 786 etiamnum
2294 728 2441 783 infra
2462 742 2579 782 eam
2610 733 2824 779 :etatem
2871 725 2963 791 sit,
2998 726 3286 795 prudentia
3340 736 3523 781 tamen

1944 839 2053 877 non
2110 822 2464 885 destituatur,
2500 830 2557 872 ut
2588 826 2735 871 recte
2765 832 2854 871 res
2896 832 3023 871 suas
3054 816 3524 874 administrandas

1946 914 2228 983 suscipere
2265 928 2372 966 non
2419 911 2610 981 possit,
2636 910 2705 964 ab
2740 907 3221 963 administratione
3251 910 3524 965 arcendus

1944 1006 2093 1061 erit?
2149 1002 2380 1071 Quando
2432 1002 2599 1071 igitur
2672 1016 2782 1055 non
2843 1000 3027 1055 minus
3102 1000 3287 1054 animo
3355 1016 3521 1072 quam

1945 1112 2174 1169 corpore
2209 1096 2352 1150 inter
2382 1108 2504 1150 sese
2530 1093 2779 1147 homines
2823 1090 3104 1156 differunt,
3136 1100 3191 1144 et
3218 1091 3311 1144 alii
3349 1094 3517 1146 etiam

1947 1199 2073 1245 ante
2104 1188 2409 1259 legitimum
2443 1192 2663 1254 tempus
2706 1183 2974 1237 rationem
3003 1184 3143 1238 bene
3164 1182 3523 1237 constitutam

1947 1281 2171 1342 habent,
2253 1278 2375 1333 aliis
2430 1292 2559 1332 vero
2608 1276 2771 1330 etiam
2834 1275 2886 1329 id
2930 1274 3309 1344 supergressis
3366 1289 3522 1329 mens

1947 1372 2189 1427 nondum
2232 1369 2473 1423 stabilita
2515 1374 2621 1430 cst,
2670 1363 2818 1435 quod
2883 1365 2968 1418 lex
3006 1365 3119 1419 haec
3151 1366 3225 1419 ita
3263 1364 3523 1429 vellet,ut

1945 1462 2265 1518 defectuosa
2324 1458 2518 1513 eadem
2582 1464 2751 1519 esset,
2785 1455 2995 1510 factum
3016 1463 3122 1510 est.
3162 1455 3305 1521 Quin
3330 1466 3383 1511 et
3412 1458 3521 1510 alia

1947 1554 2111 1621 hujus
2173 1548 2531 1622 legislationis
2584 1548 2927 1603 incommoda
2986 1556 3138 1603 sunt.
3171 1548 3250 1602 Ac
3285 1549 3521 1617 primum

1944 1643 2165 1714 quidem
2196 1641 2340 1709 quod
2368 1637 2604 1701 dillicilc,
2641 1638 2751 1691 imo
2776 1653 2904 1691 vero
2938 1654 3162 1706 prorsus
3184 1638 3521 1707 impossibile

1946 1737 2038 1801 sit,
2070 1742 2130 1788 ut
2156 1734 2223 1787 ad
2270 1747 2459 1787 omnes
2505 1730 2837 1803 legislatoris
2906 1732 3160 1786 voluntas
3220 1732 3514 1802 pertingat.

1946 1825 2232 1893 Quomodo
2263 1838 2497 1892 namque
2527 1823 2619 1892 qui
2651 1823 2829 1893 longis
2857 1832 3017 1877 terra:
3054 1824 3334 1892 marisque
3359 1825 3519 1879 disti-

255 1921 442 1990 ορίους
474 1923 791 1977 στέλλεσθαι
825 1925 1097 1996 πορείας),
1136 1926 1249 1989 πῶς
1272 1927 1330 1978 οῦ
1364 1925 1693 1995 κωλυόμενοι
1718 1926 1843 1977 τοῦ-ι
1876 1916 1917 1970 Β

1841 1958 1843 1965 ν
1876 1916 1917 1970 Β
1947 1926 2145 1973 nentur
2175 1915 2481 1971 intervallis
2505 1917 2587 1983 (ut
2606 1915 2822 1969 interim
2841 1913 2978 1968 alias
3000 1915 3126 1967 vita:
3150 1914 3518 1977 dillieullates,

246 2028 362 2075 τοις
405 2014 499 2065 καὶ
535 2015 747 2085 μυρίοις
776 2016 1009 2087 ἑτέροις,
1036 2016 1072 2070 ἃ
1108 2017 1206 2086 τὴν
1246 2016 1594 2088 ἀνθρωπίνην
1620 2018 1836 2086 συνέχει

246 2099 417 2172 ζωὴν,
448 2107 601 2175 παρά
645 2108 813 2177 μόνης
837 2110 937 2177 τῆς
984 2108 1269 2179 βασιλικῆς
1318 2109 1695 2172 κατανεύσεως
1731 2109 1839 2163 τῶν

244 2191 463 2244 οἰκείων
492 2197 833 2265 πραγμάτων
863 2196 1259 2267 ἀξιωθήσονται
1290 2197 1391 2266 τῆς
1415 2199 1756 2269 ἐπιτροπῆς;

1950 2018 2008 2065 ut
2039 2010 2283 2069 morbos,
2310 2007 2638 2062 insidiarum
2671 2005 2954 2060 hostilium
2992 2014 3193 2069 metus,
3240 2005 3520 2059 membro-

1947 2116 2180 2170 rumque
2210 2097 2582 2153 mutilationes
2622 2098 2870 2151 omittam
2913 2113 2925 2149 :
2961 2112 3081 2167 qua:
3109 2111 3350 2165 persaape
3375 2096 3520 2148 ditii-

1937 2193 2192 2253 cultates,
2224 2205 2290 2245 ne
2312 2194 2364 2245 in
2398 2192 2519 2260 ipso
2564 2188 2783 2258 quidem
2827 2188 3093 2242 domicilii
3126 2188 3247 2241 loco
3277 2188 3517 2257 prodire,

244 2284 449 2339 nedum
475 2286 825 2358 longinquam
860 2289 1257 2359 profectionem
1282 2289 1569 2358 suscipere
1604 2289 1971 2358 permittunt),
2022 2286 2321 2355 quomodo,
2372 2283 2640 2352 inquam,
2708 2282 2860 2336 hisce
2928 2283 3347 2350 sexcentisque,
3399 2293 3522 2348 quae

244 2381 558 2434 mortalium
597 2383 763 2436 vitam
800 2383 1035 2437 allidunt
1095 2385 1259 2440 rebus
1307 2383 1429 2438 aliis
1447 2384 1828 2439 adolescentes
1870 2382 2137 2452 impediti,
2168 2393 2347 2433 rerum
2367 2392 2589 2433 suarum
2637 2376 3168 2431 administrationem
3223 2377 3293 2429 ab
3360 2376 3521 2429 unius

243 2472 594 2535 imperatoris
626 2483 757 2527 nutu
786 2476 1011 2542 petent?

315 2560 498 2629 Ὅπερ
542 2557 656 2627 οῦν,
686 2563 867 2627 καθὼς
910 2564 1221 2637 ἔμπροσθεν
1262 2564 1498 2634 ἔφημεν,
1545 2566 1712 2618 ἐνέδει
1756 2569 1823 2635 τῇ

242 2650 579 2721 νομοθεσίᾳ,
626 2655 1214 2725 προσαναπληροῦντες
1271 2656 1432 2708 τοῦτο
1488 2656 1823 2724 κελεύομεν,

243 2742 361 2802 τοῖς
405 2740 507 2811 ήδη
568 2743 922 2813 διαϐεϐηκόσι
973 2746 1081 2798 τῶν
1140 2746 1347 2800 παίδων
1387 2747 1475 2799 τὸν
1522 2747 1687 2816 ἀτελῆ
1730 2748 1828 2817 τῆς

244 2830 469 2897 ἡλικίας
501 2834 693 2904 καιρὸν
736 2836 1006 2905 (τουτέστι
1047 2840 1160 2902 τοίς
1199 2840 1298 2909 μὲν
1350 2839 1577 2909 ἀνδράσι
1615 2839 1705 2893 τὸν
1752 2840 1830 2891 εί-

249 2923 472 2989 κοστὸν,
508 2927 629 2989 ταῖς
658 2926 902 2998 θηλείαις
932 2930 988 2982 δέ
1036 2930 1127 2983 τὸν
1173 2932 1686 3003 ὀκτωκαιδέκατον),
1733 2935 1829 2986 καὶ

248 3012 480 3084 γνώμης
543 3020 876 3074 καταστάσει
926 3021 1371 3093 ῥυθμιζομένοις.
1420 3029 1514 3077 καὶ
1562 3026 1826 3096 φρόνησιν

250 3105 706 3176 συλλεξαμένοις,
743 3112 833 3181 ὑφ’
860 3108 928 3185 ἦς
963 3114 1023 3166 τὸ
1054 3114 1317 3179 δεσπόζον
1358 3118 1740 3187 ἠνιοχούμενον
1772 3119 1832 3170 οὐ

246 3194 572 3267 λυμανεῖται
614 3204 727 3266 τοῖς
776 3205 1104 3275 πράγμασιν
1150 3208 1259 3260 οὐδ’
1297 3209 1611 3273 ἐπι6λα6ὦς
1646 3212 1829 3275 αὐτοῖς

245 3289 310 3339 τὸ
359 3288 647 3355 δεσπόζειν
674 3293 869 3366 ὀφθείη
926 3298 1298 3367 παρασχεθέν,
1345 3300 1444 3370 τὴν
1478 3301 1587 3353 τῶν
1615 3303 1831 3355 οἰκείων

2001 2562 2158 2629 Quod
2182 2575 2311 2630 ergo
2332 2561 2498 2629 (sicut
2520 2557 2772 2625 superius
2792 2556 3053 2625 diximus)
3077 2557 3399 2627 legislationi
3419 2558 3514 2612 de-

1941 2652 2545 2720 erat,idadimplcntes,
2569 2650 2850 2716 jubemus,
2880 2659 2937 2702 ut
2966 2650 3134 2720 (8-l0)
3158 2652 3251 2721 qui
3283 2654 3519 2721 puberes

1934 2746 2265 2815 imperfectae
2321 2744 2498 2797 aetatis
2557 2744 2904 2811 tempusjam
2939 2753 3271 2812 superarunt
3308 2744 3513 2814 (mares

1936 2854 2129 2908 nempe
2158 2852 2363 2891 annum
2388 2836 2480 2898 20,
2512 2835 2726 2889 feminae
2751 2851 2883 2890 vero
2907 2836 2993 2906 l8)
3021 2838 3381 2907 animumque
3445 2838 3515 2892 ad

1935 2943 2023 2983 res
2055 2929 2322 2999 gerendas
2354 2926 2611 2982 idoneum
2652 2928 2879 2994 habent,
2909 2942 2969 2983 ac
2994 2929 3364 2998 prudentiam,
3392 2946 3516 3000 quac

1938 3019 2349 3074 administratio
2396 3017 2672 3073 refrenata
2730 3034 2817 3073 res
2852 3034 2961 3073 non
2994 3020 3304 3085 Iabefactet,
3337 3030 3395 3074 ut
3420 3022 3513 3076 illa

1936 3118 2199 3164 nocenter
2244 3124 2512 3163 concessa
2580 3123 2685 3161 non
2731 3108 3001 3176 videatur,
3040 3112 3382 3181 collegerunt
3427 3114 3513 3169 his

1934 3200 2096 3270 plena
2158 3215 2341 3255 rerum
2377 3214 2603 3253 suarum
2646 3201 2948 3256 auctoritas
2985 3203 3163 3256 detur.
3188 3203 3512 3273 Accipiunlo

1936 3290 2119 3363 itaque
2153 3289 2230 3356 hi,
2263 3290 2524 3360 justaque
2571 3300 2835 3359 potestate
2878 3307 2965 3348 res
3014 3308 3145 3348 suas
3184 3303 3408 3363 agunto.
3445 3296 3511 3348 At

248 3379 553 3449 ἐπιτροπὴν
598 3382 871 3438 δίδοσθαι·
922 3388 1102 3439 τοίνυν
1156 3381 1301 3440 οῦτοι
1345 3391 1439 3441 καὶ
1496 3390 1829 3460 λαϐέτωσαν,
1860 3396 1902 3453 C

1860 3396 1902 3453 (ς
1937 3382 2138 3450 quibus
2177 3381 2384 3449 rerum!
2413 3390 2559 3436 recte
2606 3383 2974 3451 gerendarum
3019 3383 3290 3453 judicium
3332 3385 3510 3440 adhuc

247 3466 349 3521 καὶ
374 3469 805 3535 δεσποζέτωσαν.
861 3477 924 3528 Οἱ
948 3477 993 3529 δ’
1027 3477 1108 3529 ἔτι
1136 3478 1401 3548 λογισμοῦ
1432 3480 1523 3531 τοῦ
1558 3482 1819 3553 κυϐερνή⁸

248 3575 444 3625 σοντος
474 3563 674 3628 ἐνδεεῖς
702 3567 796 3619 καὶ
839 3567 929 3619 διὰ
955 3568 1115 3621 τοῦτο
1145 3569 1434 3637 μέλλοντες
1482 3571 1603 3623 ἀντὶ
1632 3571 1724 3624 τοῦ
1750 3573 1833 3625 δε-

250 3652 481 3717 σπόζειν
516 3656 690 3724 (αὐτοὶ
734 3658 836 3709 ὑπὸ
878 3660 1066 3722 ἀνοίας
1100 3659 1510 3731 δεσποζόμενοι)
1546 3664 1830 3733 ἐπιζήμιοι

250 3743 469 3805 ἑαυτοῖς
525 3745 811 3814 ὑπάρξειν,
867 3746 968 3800 κᾶν
1019 3748 1166 3819 πέρα
1218 3750 1313 3801 τοῦ
1360 3751 1556 3820 καιροῦ
1604 3753 1831 3821 ἥκοντες

246 3832 512 3902 ὁριῖινται,
544 3836 606 3888 οὑ
636 3836 895 3906 λήψονται
919 3855 932 3868 ·
961 3842 1010 3892 εί
1040 3841 1150 3910 γὰρ
1173 3841 1309 3911 ὅπερ
1334 3836 1400 3910 ἦν
1424 3844 1643 3907 σκοπὸς,
1672 3843 1732 3897 τὸ
1763 3845 1830 3897 τά

248 3927 601 3996 προσήκοντα
655 3928 839 3993 καλῶς
884 3932 1331 4002 οἰκονομεῖσθαι,
1385 3932 1546 3986 τοῦτο
1600 3934 1679 3986 ἔτι
1730 3937 1829 3989 οὐκ

246 4014 402 4067 εστιν
442 4017 732 4088 ἐπίδημον,
782 4021 899 4083 πῶς
930 4023 1036 4075 κᾶν
1070 4023 1338 4093 ἐπίδημος
1384 4024 1417 4094 ἡ
1453 4024 1670 4093 ἡλικία,
1708 4028 1829 4078 ἐπι·

249 4107 473 4174 σφαλῶς
497 4114 680 4173 αὐτοῖς
711 4113 1105 4182 ἐμπιστευθείη
1132 4113 1168 4167 ἃ
1193 4117 1257 4185 τῇ
1291 4114 1506 4185 ἐκείνης
1537 4118 1829 4189 ἐπιστασίᾳ

244 4196 310 4245 οὐ
346 4195 526 4259 καλῶς
571 4200 1010 4270 διοικηθήσεται;
1053 4200 1215 4253 Οὕτω
1260 4203 1316 4254 δὲ
1346 4203 1453 4272 ἀρα
1493 4203 1584 4254 καὶ
1616 4203 1829 4256 δυνατοὶ

243 4286 400 4349 ὄντες
426 4288 742 4359 πράγμασιν
766 4292 1096 4353 ἐπιστατεῖν,
1131 4292 1233 4345 κᾶν
1265 4292 1339 4361 μὴ
1383 4293 1524 4364 πρδς
1568 4295 1660 4347 τὸν
1700 4312 1821 4347 και-

251 4378 345 4443 ρὸν
376 4376 620 4444 ἔφθασαν
652 4382 752 4449 τῆς
800 4381 1157 4446 ἐπιστασίας,
1206 4383 1266 4433 οὺ
1303 4383 1733 4455 κωλυθήσονται·
1767 4384 1826 4437 ἓν

246 4469 357 4536 γάρ
412 4466 473 4519 τὸ
530 4467 894 4539 ζητούμενον,
941 4472 1002 4525 τὸ
1046 4471 1123 4543 μὴ
1172 4472 1518 4543 λυμήνασθαι
1566 4479 1678 4540 τοῖς
1727 4478 1826 4530 ὑπ-

244 4558 510 4627 άρχουσιν
530 4602 547 4624 ,
593 4554 655 4614 οῦ
691 4564 1073 4634 παραστάντος
1103 4566 1354 4636 περιττόν
1380 4566 1497 4621 ἐστι
1529 4568 1617 4621 τὸν
1633 4569 1679 4600 ’³
1704 4587 1822 4621 και-

247 4650 343 4720 ρὸν
373 4652 689 4721 ἀναμένειν.

1934 3472 2112 3534 deest,
2148 3485 2214 3525 eo
2240 3470 2386 3540 quod
2420 3471 2523 3525 sibi
2557 3473 2692 3540 ipsis
2739 3473 2953 3542 (utpote
3018 3476 3112 3542 qui
3152 3489 3276 3528 cum
3313 3477 3511 3543 guber-

1935 3577 2068 3618 nare
2097 3564 2349 3628 debeant,
2380 3563 2764 3633 imprudentia:
2800 3565 3030 3632 imperio
3052 3568 3334 3636 regantur)
3358 3566 3509 3619 dam-

1933 3656 2055 3709 nosi
2116 3656 2277 3709 futuri
2327 3657 2476 3717 sint,
2523 3656 2736 3709 etiamsi
2783 3656 2835 3710 id
2880 3665 3095 3727 tempus
3137 3660 3507 3727 praetergressi

1933 3744 2156 3809 fuerint,
2195 3761 2301 3798 non
2326 3746 2649 3815 percipient.
2687 3746 2742 3799 Si
2797 3746 3040 3816 quidem,
3098 3747 3191 3817 qui
3249 3749 3507 3817 proposi-

1932 3846 2021 3893 tus
2054 3839 2178 3891 linis
2225 3846 2369 3899 erat,
2400 3847 2459 3892 ut
2491 3841 2631 3892 bona
2694 3852 2840 3894 recte
2887 3841 3423 3903 administrarentur,
3461 3842 3507 3896 is

1930 3928 2163 3980 necdum
2216 3943 2457 3997 praesens
2500 3929 2589 3992 sit,
2626 3944 2732 3998 qua
2759 3931 2993 3997 ratione,
3029 3947 3341 4002 quanquam
3372 3942 3506 3988 mtas

1931 4018 2236 4081 advenerit,
2293 4035 2417 4073 cum
2463 4020 2707 4090 periculo
2735 4021 2871 4090 ipsis
2919 4024 3355 4088 committentur,
3383 4040 3505 4094 (μιίο

1932 4108 2106 4176 ipsius
2133 4111 2526 4177 procuratione
2576 4126 2683 4165 non
2743 4122 2893 4165 recte
2928 4113 3507 4168 administrabuutur?

1928 4199 2008 4253 Ad
2046 4200 2191 4255 hunc
2232 4217 2363 4271 ergo
2396 4203 2615 4255 modum
2640 4204 2731 4271 qui
2758 4206 2920 4257 rebus
2952 4205 3245 4274 prudenter
3268 4221 3503 4275 praeesse

1929 4302 2204 4362 poterunt,
2251 4296 2468 4349 tametsi
2498 4296 2611 4365 (ll)
2642 4296 2708 4350 ad
2734 4295 3234 4352 administrationis
3287 4306 3502 4369 tempus

1928 4384 2072 4438 haud
2102 4385 2233 4439 dum
2271 4388 2645 4454 pervenerint,
2682 4404 2790 4441 non
2825 4388 3283 4458 prohibebuntur.
3324 4388 3502 4445 Unum

1925 4485 2009 4529 est
2029 4477 2173 4530 enim
2202 4479 2345 4547 quod
2382 4479 2703 4548 requiritur,
2745 4495 2815 4534 ne
2868 4480 3008 4534 bona
3072 4479 3497 4536 labefactentur.

1926 4567 2077 4634 Quod
2120 4584 2245 4622 cum
2297 4570 2459 4633 adsit,
2523 4585 2995 4639 supervacaneum
3036 4581 3120 4627 est
3153 4582 3365 4629 aetatem
3397 4589 3495 4629 ex-

1927 4668 2195 4728 spectare.

318 4744 431 4797 Καὶ
465 4745 541 4816 μὴ
600 4747 763 4816 μόνον
811 4748 869 4801 δὲ
923 4747 1259 4818 βασιλείαν“
1305 4752 1405 4823 τὴν
1451 4753 1559 4805 τῶν
1610 4754 1823 4807 οἰκείων
1852 4730 1899 4790 D

1817 4772 1823 4799 ν
1852 4730 1899 4790 Ῑ)
1999 4754 2061 4806 Ει
2086 4768 2193 4807 non
2222 4762 2429 4807 tantum
2484 4755 2783 4824 imperator
2836 4772 3017 4812 rerum
3049 4774 3270 4813 suarum
3304 4776 3494 4830 procu-

243 4838 597 4906 πραγμάτων
640 4839 943 4912 ἐπιτροπὴν
990 4842 1085 4895 καὶ
1142 4842 1413 4913 διοίκησιν
1473 4846 1821 4917 ἐγχειρίζειν,

1924 4845 2189 4898 rationem
2264 4845 2908 4917 administrationemque
2964 4850 3263 4914 concedet,
3302 4867 3490 4905 verum

242 4926 385 4982 ἀλλὰ
408 4930 504 4981 καὶ
532 4930 659 4993 τοὺς
681 4932 739 4984 ἐν
774 4932 991 5003 ἑκάστῳ
1024 4933 1217 5004 ἄρχειν
1260 4934 1525 5006 λαχόντας
1554 4938 1704 5007 τόπῳ
1729 4940 1825 4992 καὶ

1817 4958 1825 4991 ι
1920 4938 2082 4991 etiam
2126 4936 2236 5005 (12)
2262 4936 2469 5006 quibus
2508 4938 2779 5007 cujusque
2817 4939 2920 4993 loci
2956 4941 3309 5010 magistratus
3354 4943 3494 4995 obti-

245 5020 456 5088 κρίνειν
486 5022 547 5074 τὸ
582 5023 862 5077 ἀκώλυτον
908 5023 1150 5095 ἔχοντας.
1204 5025 1361 5079 Οὕτω
1400 5028 1508 5099 γὰρ
1536 5028 1687 5098 καὶὴ
1728 5029 1821 5082 τοῦ
1918 5048 1922 5091 ί

1811 5030 1821 5079 i
1918 5029 2077 5096 gerit,
2109 5028 2435 5098 plenamque
2480 5029 2926 5097 jurisdictionem
2980 5030 3202 5087 habent.
3235 5034 3313 5085 lta
3344 5034 3488 5086 enim

244 5109 539 5179 νομοθέτου
574 5114 803 5182 πρόνοια
838 5114 1045 5177 πάντας
1089 5113 1271 5183 ὀνήσει
1307 5116 1431 5179 τοὺς
1485 5116 1819 5187 χρῄζοντας,

242 5203 339 5254 καὶ
362 5203 391 5256 ὀ
415 5202 580 5272 νόμος
609 5204 811 5274 μᾶλλον
847 5206 907 5257 τὸ
936 5206 1135 5258 οἰκεῖον
1170 5206 1477 5277 ἐνεργήσει.

1921 5117 2248 5180 legislatoris
2298 5119 2638 5189 providentia
2685 5120 2943 5175 omnibus
3000 5122 3097 5190 qui
3147 5122 3488 5192 indigebunt,

1918 5210 2066 5264 utilis
2094 5209 2220 5275 erit,
2254 5219 2418 5281 atque
2448 5212 2536 5266 lex
2562 5211 2669 5265 vim
2700 5225 2855 5266 suam
2874 5211 3049 5282 magis
3078 5221 3314 5267 exseret.

1561 5346 1795 5404 VARUS
1830 5348 2232 5405 LECTIONES.

346 5457 396 5490 ³⁸
443 5455 618 5512 Codd.
673 5471 728 5514 et
784 5458 913 5514 editi
949 5460 1028 5515 τό.

1118 5461 1163 5493 ’⁸
1186 5461 1381 5517 Zuich.
1406 5470 1461 5517 et
1496 5461 1717 5519 Meerm.
1742 5462 1984 5534 βασιλέα.
2022 5463 2256 5534 Scrimg.
2306 5466 2635 5525 ϐασιλεύειν.

1750 5582 1977 5639 NOTAE.

322 5686 512 5762 (δέω).
536 5686 662 5743 Vid.
697 5687 872 5762 C._De
902 5690 1000 5762 his
1027 5691 1120 5758 qui
1148 5691 1375 5762 _veniam
1403 5701 1550 5747 aetat.
1584 5694 1771 5762 impet.

296 5758 627 5882 l(1|_i)ldque
664 5759 1005 5833 additurlegi
1043 5762 1098 5817 2.
1131 5758 1193 5815 C.
1228 5759 1302 5816 De
1333 5762 1418 5818 his
1467 5764 1558 5833 qui
1596 5758 1810 5820 veniam

243 5843 291 5885 z
317 5844 347 5882 a
378 5844 444 5882 IS.

1993 5699 2104 5776 (l2)
2157 5701 2324 5776 idque
2375 5702 2594 5776 additur
2645 5705 2749 5776 legi
2785 5707 2835 5773 l,
2865 5707 2919 5773 2,
2951 5707 3006 5773 3,
3035 5709 3087 5765 4.
3120 5708 3260 5768 Cod.
3289 5710 3363 5769 De
3398 5713 3491 5772 his

1922 5772 2013 5837 qui
2049 5771 2261 5826 veniam
2284 5774 2482 5829 atatis.
