4248 6442
774 364 881 436 491
1244 465 1711 527 CONSTITUTIO
1742 465 1927 522 XXIX.

780 568 847 627 Ut
879 567 1198 626 ancillarum
1228 571 1415 632 partus
1455 562 1595 629 apud
1635 560 1801 613 alium
1846 556 2039 620 editus,
2091 556 2157 608 ad
2182 555 2347 623 ipsius

1278 632 1552 685 dominum
1580 638 1853 699 sequatur.

851 854 999 910 ldem
1024 856 1324 924 imperator
1348 849 1526 905 eidem
1549 845 1817 917 Styliano.

847 943 1317 1012 Quemadmodum
1352 941 1498 995 hunc
1522 949 1852 999 sermonem,
1888 936 1979 1003 qui
2003 929 2206 986 nullam
2244 946 2354 1000 pra:

781 1057 839 1093 se
865 1039 969 1094 fert
1012 1035 1278 1093 mendacii
1318 1031 1752 1104 perversitatem,
1799 1040 1985 1080 verum
2024 1039 2150 1079 esse
2191 1032 2354 1093 atque

786 1137 995 1183 rectum
1023 1129 1250 1189 scimus,
1292 1125 1367 1178 ita
1421 1123 1587 1178 etiam
1648 1132 1830 1174 veram
1863 1117 2059 1187 legem,
2090 1132 2212 1186 qua:
2246 1116 2351 1168 ini—

779 1220 988 1287 quitate
1022 1216 1260 1286 perverti
1283 1231 1392 1270 non
1424 1211 1873 1283 deprehenditur.
1901 1209 2079 1278 Atque
2112 1207 2250 1260 adeo
2305 1206 2352 1258 si

780 1326 887 1379 qua
915 1311 966 1364 id
997 1324 1106 1365 non
1128 1308 1406 1369 observat,
1426 1321 1488 1359 ea
1513 1305 1594 1357 lex
1630 1315 1738 1355 non
1770 1309 1877 1363 est,
1897 1297 2146 1369 quamvis
2172 1310 2235 1349 ea
2255 1310 2352 1363 ap-

782 1399 1074 1470 pellatione
1094 1399 1256 1466 digna
1273 1395 1456 1449 habita
1479 1392 1570 1447 sit.
1588 1393 1645 1445 Si
1662 1390 1807 1445 enim
1837 1389 1939 1442 hoc
1955 1387 2086 1456 legis
2102 1395 2183 1440 est
2216 1385 2262 1457 (1
2274 1383 2354 1454 3),

780 1504 837 1546 ut
887 1494 1071 1560 cuique
1118 1490 1210 1557 jus
1266 1502 1419 1541 suum
1477 1484 1699 1547 tribuat,
1751 1479 2025 1551 quomodo
2080 1493 2202 1549 quae
2253 1478 2357 1531 hoc

782 1598 890 1635 non
928 1587 1167 1650 praestat,
1219 1578 1305 1632 lex
1335 1576 1473 1631 erit?
1505 1575 1576 1629 At
1613 1587 1736 1628 cum
1772 1571 1891 1625 aliae
1935 1569 2100 1624 etiam
2135 1568 2357 1624 nomine

779 1680 940 1723 tenus
987 1669 1133 1737 leges
1173 1667 1227 1722 id
1254 1666 1595 1721 committere
1646 1661 2002 1733 deprehensae
2058 1670 2207 1723 sunt,
2236 1666 2348 1712 tum

784 1774 912 1814 vero
938 1759 1030 1813 illa
1060 1757 1174 1828 (Μ)
1226 1755 1481 1817 maxime,
1518 1766 1640 1821 qua:
1692 1758 1907 1819 partum
1943 1748 2179 1809 ancillae,
2232 1761 2355 1814 qua:

2022 352 2300 417 LEONIS
2328 347 2784 412 PHILOSOPHI

3922 349 4038 412 492

2994 454 3309 510 ΔΙΑΤΔΞΙΣ
3346 455 3471 510 KO'.

2452 547 2592 616 Περὶ
2616 548 2719 601 τοῦ
2746 546 2896 615 δεῖν,
2928 546 3233 614 τεκούσης
3259 547 3629 616 θεραπαίνης
3653 548 3742 616 μὴ
3771 546 3934 614 παρὰ
3954 545 4041 612 τῷ

2527 619 2727 680 οἰκείῳ
2770 618 3042 685 δεσπότῃ
3069 656 3084 680 ,
3127 617 3291 672 ἀλλὰ
3347 616 3483 685 παρ’
3535 616 3744 685 ἑτέρῳ,
3798 621 3906 670 τόν
3942 618 4042 669 τό-

2522 704 2635 740 κον
2660 687 2781 753 ἅμα
2805 685 2882 754 τῇ
2914 687 3177 756 τεκούσῃ
3205 686 3357 756 πρὸς
3382 688 3489 741 τὸν
3542 686 3765 742 οἰκεῖον
3820 686 4043 740 δεσπό-

2524 774 2636 823 την
2651 756 3042 824 ἀπέρχεσθαι.

2534 850 2594 901 '0
2618 849 2781 911 αὐτὸς
2811 848 3063 919 βασιλεὺς
3087 848 3369 919 Στυλιανῷ
3389 848 3470 919 τῷ
3500 849 3672 919 αὐτῷ.

2526 942 2741 1010 Ὠσπερ
2767 940 2942 1011 ἀληθῆ
2966 941 3061 994 καὶ
3090 941 3251 1011 ὀρθὸν
3289 940 3450 1010 λόγον
3478 941 3639 1012 ίσμεν
3667 940 3759 994 τὸν
3799 939 4035 1009 ψεύδους

2451 1031 2782 1102 διαστροφὴν
2816 1032 2916 1084 οὐκ
2948 1030 3308 1101 ἐμφαίνοντα,
3340 1030 3485 1085 οὕτω
3508 1031 3604 1084 καὶ
3629 1030 3807 1101 ἀληθῆ
3841 1030 4035 1098 νόμον,

2453 1122 2513 1186 ὃς
2542 1121 2620 1192 μὴ
2649 1121 2934 1192 ἐλέγχεται
2961 1121 3042 1191 τῷ
3091 1121 3264 1191 ἀδίκῳ
3307 1123 3799 1193 παρατρεπόμενος
3818 1138 3831 1151 ·
3876 1120 3954 1183 ὡς
3983 1120 4039 1173 εἰ

2455 1215 2523 1282 γέ
2551 1231 2637 1277 τις
2669 1214 2831 1267 τοῦτο
2859 1213 2922 1266 οὐ
2949 1211 3225 1278 διασώζει,
3257 1212 3359 1266 οὐκ
3391 1213 3459 1267 ἂν
3489 1213 3574 1280 εἴη
3601 1214 3783 1282 νόμος,
3803 1213 3907 1265 κᾶν
3933 1212 4038 1279 τῆς

2453 1306 2712 1375 τοιαύτης
2746 1307 3122 1376 προσηγορίας
3154 1304 3405 1374 ἠξίωται.
3438 1305 3502 1358 Ei
3532 1304 3642 1375 γὰρ
3672 1303 3832 1357 τοῦτο
3862 1302 4035 1371 νόμου

2455 1400 2525 1453 τό
2541 1399 2745 1469 νέμειν
2779 1398 2925 1466 ὅπερ
2954 1398 3190 1465 ἑκάστῳ
3204 1398 3513 1466 ἁρμόδιον,
3555 1397 3670 1458 πῶς
3702 1397 3731 1448 ό
3764 1396 3840 1465 μὴ
3875 1393 4038 1447 τοῦτο

2459 1492 2629 1544 ποιῶν
2670 1491 2833 1561 νόμος
2876 1489 3059 1555 ἔσταις
3097 1489 3461 1561 Πεφὼρανται
3499 1487 3600 1557 μὲν
3640 1485 3705 1556 δὴ
3735 1486 3828 1538 καὶ
3854 1485 4038 1553 ἕτεροι

2459 1580 2790 1650 καλούμενοι
2842 1580 2996 1650 νόμοι
3037 1579 3197 1634 τοῦτο
3246 1578 3542 1645 παθόντες,
3608 1578 3709 1648 οὐχ
3758 1570 3923 1648 ἦττον
3978 1575 4035 1627 δὲ

2459 1672 2712 1735 κάκεῖνος
2731 1673 2777 1703 ³⁸
2806 1672 2836 1724 ό
2857 1672 2957 1741 τὴν
2986 1670 3150 1741 γονὴν
3178 1672 3279 1740 τῆς
3310 1671 3386 1740 μὴ
3426 1670 3581 1740 παρά
3610 1668 3687 1739 τῷ
3726 1668 3917 1737 οίκείῳ
3950 1667 4037 1719 δε-

2460 1762 2656 1836 σπότῃ,
2687 1761 2824 1816 ἀλλὰ
2848 1763 2978 1833 παρ’
3004 1762 3194 1832 ἑτέρῳ,
3224 1762 3258 1832 ἢ
3284 1762 3561 1832 συλήσεως
3584 1760 3772 1830 τρόπῳ
3799 1758 3831 1828 ἢ
3864 1759 4040 1829 ἑτέρῳ

783 1866 890 1903 non
918 1817 1399 1918 apud‘dominum,
1424 1842 1518 1897 sed
1538 1817 1903 1895 'furtoﬁaliove
1945 1838 2106 1892 modo
2141 1834 2349 1891 subdu-
2386 1817 2460 1891 Β.

2386 1817 2432 1875 Β
2454 1857 2562 1909 τινὶ
2721 1817 2939 1919 ὠδίνας.
2958 1817 3381 1924 ἀπολυσαμιένης
3405 1817 3780 1927 θεραπαίνης,
3815 1817 4036 1904 ἐπειδᾶν

782 1951 891 2003 cta,
927 1938 1069 2008 apud
1096 1938 1262 1991 alium
1292 1934 1601 2006 quempiam
1628 1929 1860 2000 peperit,
1902 1938 2192 1999 postquam
2223 1927 2353 1981 faei-

783 2044 887 2083 nus
930 2025 1189 2090 innotuit,
1220 2040 1328 2079 non
1369 2038 1492 2077 eum
1536 2029 1711 2074 matre
1764 2018 1831 2072 ad
1863 2033 2022 2073 suum
2068 2018 2350 2072 dominum

782 2119 954 2184 abire,
991 2117 1086 2172 sed
1115 2118 1184 2172 ab
1214 2119 1318 2171 hoc
1351 2123 1513 2186 quem
1560 2117 1725 2172 alieni
1770 2118 2031 2187 mancipii
2071 2116 2352 2171 dominum

785 2214 957 2266 tuisse
986 2217 1227 2275 constat,
1251 2210 1480 2264 detineri
1502 2208 1680 2280 jubet.

856 2304 974 2356 Hoc
1010 2303 1200 2371 itaque
1225 2300 1356 2370 quia
1391 2314 1501 2353 non
1539 2309 1687 2354 recte
1711 2314 1772 2355 se
1813 2300 2014 2355 trahere
2038 2299 2211 2354 visum
2243 2307 2352 2361 est,

783 2391 1134 2446 convenienti
1160 2389 1369 2444 medela
1411 2404 1516 2446 nos
1553 2389 1784 2460 dignati,
1839 2391 1917 2444 uti
1955 2404 2093 2446 suus
2120 2400 2352 2445 matrem

786 2493 975 2555 partus
1014 2490 1296 2552 sequatur,
1318 2480 1597 2549 iubemus.
1632 2479 1746 2534 Non
1778 2485 1922 2534 enim
1946 2482 2077 2552 quia
2108 2480 2356 2551 lur,quae

786 2578 871 2630 lex
895 2574 1121 2629 domino
1154 2573 1387 2642 persolvi
1435 2572 1633 2627 debere
1667 2571 1955 2638 decernit,
1990 2574 2225 2635 obtinet,
2273 2573 2357 2628 id-

782 2668 935 2722 eirco
966 2668 1129 2720 etiam
1160 2666 1249 2719 ille
1281 2665 1492 2718 ancillae
1520 2679 1637 2719 suae
1672 2675 1830 2734 partu
1854 2666 2078 2734 privari,
2117 2680 2357 2734 eumque

784 2755 1149 2815 aliusluerari
1187 2754 1370 2811 debet.
1420 2755 1503 2809 Ad
1554 2755 1766 2809 lucrum
1824 2764 2006 2811 autem
2053 2755 2183 2811 huic
2215 2756 2353 2812 satis

785 2851 880 2913 sit.
913 2846 1058 2918 quod
1082 2846 1196 2916 (l5)
1227 2846 1317 2902 illa
1340 2846 1408 2901 ad
1436 2846 1803 2902 ministerium
1831 2862 1931 2918 pro
1953 2848 2188 2903 arbitrio
2220 2862 2356 2902 usus

781 2950 889 2998 est.
930 2942 1000 2998 Αι
1030 2940 1452 3009 dixeritaliquis
1494 2958 1508 2993 :
1542 2938 1649 2994 Sed
1688 2940 1736 2995 si
1760 2940 1893 3010 quid
1929 2941 1983 2994 in
2018 2941 2191 3007 illam,
2224 2940 2354 2995 dum

2453 1946 2516 1999 τὺ
2547 1944 2919 2015 κακούργημα
2964 1946 3045 2009 εἰς
3088 1945 3291 2013 γνῶσιν
3321 1944 3450 2018 ἔλθῃ
3476 1984 3490 2009 ,
3528 1942 4037 2015 παρακελευόμενος

2458 2038 2535 2108 μὴ
2561 2038 2659 2090 σὺν
2682 2039 2747 2107 τῇ
2779 2036 2951 2106 μητρὶ
2981 2036 3119 2106 πρὸς
3151 2037 3243 2088 τὸν
3272 2038 3471 2089 οἰκεῖον
3496 2036 3767 2104 δεσπότην
3794 2035 4036 2104 ἀπέρχε-

2457 2128 2606 2195 σθαι,
2622 2127 2760 2182 ἀλλά
2788 2127 3270 2199 παρακατέχεσθαι
3300 2127 3408 2181 ὑπὸ
3430 2126 3645 2193 τούτου,
3664 2126 3723 2190 ὃς
3749 2124 4036 2194 ἀλλοτρίου

2455 2223 2740 2291 κτήματος
2774 2219 2934 2289 ὤφθη
2963 2220 3254 2289 δεσπότης.

2524 2304 2696 2359 Τοῦτο
2723 2305 2815 2359 οὖν
2846 2308 2968 2359 ἐπεὶ
3000 2308 3075 2377 μὴ
3106 2306 3289 2370 καλῶς
3332 2306 3481 2377 ἔχειν
3529 2308 3699 2372 δοκεῖ,
3729 2308 3828 2376 τῆς
3859 2321 4035 2376 προσ-

2454 2396 2697 2467 ηκούσης
2728 2396 3027 2465 θεραπείας
3057 2396 3336 2461 ἀξιοῦντες
3357 2400 3519 2469 ήμεῖς
3544 2396 4038 2468 παρακελευόμεθα

2453 2488 2521 2555 τῇ
2545 2486 2780 2557 τεκούσῃ
2809 2487 2904 2539 τὸν
2931 2487 3063 2539 ἴδιον
3090 2486 3249 2540 τόκον
3274 2486 3612 2541 ἀκολουθεῖν.
3640 2486 3715 2539 Οὐ
3749 2484 3858 2556 γὰρ
3892 2485 3977 2538 ὅτι
4004 2484 4036 2535 ό

2454 2577 2699 2649 κλέπτης
2750 2579 2943 2648 ὑπέχει
2991 2577 3029 2632 δ.
3078 2578 3307 2647 διορίζει
3354 2579 3384 2630 ό
3435 2579 3601 2647 νόμος
3651 2577 3813 2629 αὑτὸν
3857 2591 4037 2629 καταο

2457 2673 2676 2728 ϐάλλειν
2704 2672 2785 2743 τῷ
2816 2673 3053 2742 δεσπότῃ
3078 2712 3092 2737 ,
3126 2672 3216 2725 διὰ
3258 2671 3419 2725 τοῦτο
3468 2672 3905 2742 ἀποστερήσεται
3939 2670 4040 2740 μὲν

2456 2766 2622 2830 αὐτὸς
2650 2765 2743 2818 τὸν
2767 2764 2926 2816 τόκον
2961 2764 3061 2832 τῆς
3104 2762 3316 2824 οἰκείας
3358 2761 3698 2831 θεραπαίνης
3721 2800 3736 2822 ,
3775 2760 4041 2831 κερδήσει

2453 2852 2512 2907 δὲ
2538 2850 2731 2905 τοῦτον
2763 2851 2952 2914 ἄλλος’
2988 2851 3151 2921 ἀρκεῖ
3172 2852 3279 2920 γάρ
3302 2852 3479 2921 τούτῳ
3523 2850 3660 2921 πρὸς
3696 2849 3909 2919 κέρδος,
3938 2850 4042 2903 ὅσα

2456 2944 2537 3006 εἰς
2590 2941 2898 3013 ὑπηρεσίαν
2950 2941 3087 3011 αὐτῇ
3144 2941 3521 3010 ἀπεχρήσατο.
3583 2941 3774 3005 Nat",
3847 2943 4039 3009 φησιν,

784 3031 1048 3103 possedit,
1112 3030 1461 3101 impenderit,
1513 3039 1728 3100 oportet
1762 3039 1817 3085 et
1864 3032 2043 3101 ipsum
2085 3047 2151 3087 ex
2180 3034 2359 3104 pretio
2457 3061 2461 3083 ι

2457 3031 2574 3088 ἀλλ’
2631 3033 2680 3085 εί
2732 3032 2900 3101 τιμὴν
2959 3032 3100 3102 ὑπὲρ
3154 3030 3325 3101 αὐτῆς
3379 3031 3802 3101 κατατιθέμενος
3866 3031 4044 3095 οὕτως

788 3123 1021 3177 lucrari:
1051 3121 1284 3191 ideoque
1319 3121 1563 3175 alienum
1595 3136 1705 3177 non
1736 3130 1821 3177 est
1852 3133 2067 3191 partum
2094 3123 2237 3191 apud
2277 3123 2357 3193 ip-
2381 3152 2428 3216 ε
2460 3128 2465 3178 i

2381 3152 2428 3216 ε
2460 3127 2750 3198 ἐκτήσατο,
2777 3123 2857 3177 δεῖ
2883 3140 2937 3176 τι
2966 3123 3062 3175 καὶ
3083 3120 3272 3176 τοῦτον
3306 3123 3610 3194 κερδαίνειν
3641 3124 3703 3175 ἑκ
3734 3120 3831 3175 τοῦ
3874 3124 4042 3192 τιμή·

785 3229 908 3270 sum
942 3227 1285 3284 permanere.
1313 3214 1479 3281 Atqui
1515 3212 1561 3268 si
1588 3214 1859 3284 quispiam
1910 3214 1977 3269 ad
1998 3214 2355 3270 detinendum
2395 3212 2426 3216 “
2460 3273 2462 3285 Α

2395 3212 2426 3216 “
2460 3234 2670 3289 ματος,
2720 3217 2817 3270 καὶ
2855 3215 2946 3269 διὰ
2986 3214 3148 3267 τοῦτο
3176 3215 3239 3267 τὸ
3275 3215 3468 3285 τεχθὲν
3516 3216 3616 3269 οὐκ
3656 3214 3860 3268 ἄτοπον
3905 3214 4042 3284 παρ’

788 3305 961 3361 fetum
995 3304 1101 3358 hoc
1166 3302 1433 3357 rationem
1480 3304 1724 3374 przebere
1775 3312 1951 3374 putat,
1990 3305 2263 3375 quomodo
2299 3314 2359 3358 ut
2457 3329 2465 3361 ι

2457 3308 2608 3378 αύτῷ
2630 3308 2925 3378 διαμένειν.
2965 3305 3106 3358 Ἀλλ’
3131 3308 3178 3358 εί
3205 3306 3368 3359 τοῦτό
3410 3323 3496 3368 τις
3523 3305 3747 3373 εὔλογον
3770 3299 3915 3360 εἶναι
3947 3322 4040 3358 voc

785 3396 875 3451 ille
911 3403 1146 3449 matrem
1202 3396 1357 3465 sequi
1389 3395 1606 3460 debeat,
1658 3410 1689 3448 a
1734 3394 1960 3449 domino
2016 3396 2357 3465 persolutum

2462 3400 2610 3472 μίξει
2646 3400 2727 3461 είς
2769 3397 3102 3467 κατάσχεσιν
3129 3396 3225 3449 τοῦ
3266 3396 3551 3466 κυήματος
3570 3434 3586 3461 ,
3618 3396 3737 3459 πῶς
3758 3395 3861 3448 οὐκ
3888 3396 4045 3448 εὐλο-

788 3484 1023 3554 pretium
1079 3499 1189 3539 non
1253 3484 1517 3555 majorem
1557 3485 1866 3555 praebebit?
1901 3487 2045 3552 Quin
2080 3486 2358 3552 quomodo

786 3574 1202 3629 convenientius
1226 3589 1334 3628 non
1366 3582 1471 3638 est,
1506 3574 1553 3629 si
1585 3575 1680 3645 qui
1715 3576 1971 3644 perdidit.
2000 3576 2236 3647 indeque
2261 3578 2359 3635 do-

791 3666 935 3719 lorcs
970 3665 1025 3719 in
1060 3665 1227 3719 corde
1277 3666 1527 3735 pertulit,
1579 3681 1645 3719 ex
1693 3668 2011 3721 accessione
2040 3667 2363 3723 delinimeu-

790 3764 908 3806 tum
945 3753 1189 3817 sentiat,
1216 3768 1379 3823 quam
1406 3755 1450 3806 si
1477 3754 1570 3808 ille
1605 3769 1726 3809 eam
1759 3753 1977 3820 habeat,
2007 3758 2101 3826 qui
2136 3767 2359 3828 praeter-

787 3861 951 3913 quam
981 3845 1126 3915 quod
1172 3845 1310 3899 nihil
1355 3845 1541 3899 amisit
1581 3844 1676 3917 (ab
1729 3847 1824 3902 illo
1886 3849 2035 3903 enim
2091 3851 2183 3919 qui
2213 3850 2360 3906 furto

789 3937 1116 3993 subductam
1150 3939 1408 3994 ancillam
1470 3939 1572 4008 ipsi
1625 3940 1891 4009 vendidit,
1926 3944 2160 4011 pretium
2197 3958 2359 3999 recu-

792 4044 988 4098 perare
1015 4029 1187 4098 licet),
1234 4029 1445 4083 ancilla:
1499 4029 1664 4084 etiam
1698 4031 2070 4086 ministerium
2115 4033 2361 4088 lucratus

788 4122 916 4177 est?
942 4119 1266 4192 Neutiquam
1301 4138 1423 4191 ergo
1459 4121 1757 4190 (quomodo
1803 4122 2066 4193 diximus)
2122 4123 2361 4178 detinea-

791 4224 879 4266 tur
908 4227 1115 4281 partus,
1154 4212 1248 4267 sed
1274 4212 1735 4283 quemadmodum
1770 4224 2021 4279 matrem,
2066 4213 2147 4269 sic
2196 4215 2360 4268 etiam

794 4306 963 4358 lilium
996 4304 1148 4374 prior
1174 4304 1670 4359 dominushabeat.
1704 4304 1829 4359 Sive
1848 4306 1992 4359 enim
2016 4306 2109 4375 qui
2154 4304 2360 4360 furtum

794 4395 1089 4461 commisit,
1121 4391 1274 4448 dives
1310 4394 1402 4454 sit.
1438 4402 1664 4463 tumque
1720 4394 1822 4461 ipsi
1854 4395 1999 4463 quod
2034 4397 2175 4449 male
2207 4410 2363 4451 acce-

2458 3492 2698 3563 γὼτερον
2730 3490 2808 3553 εἰς
2836 3490 2898 3541 τὸ
2926 3487 3157 3541 ἕπεσθαι
3190 3490 3223 3559 ή
3255 3486 3352 3541 τοῦ
3400 3485 3595 3558 πρώην
3638 3487 3904 3540 δεσπότου
3945 3486 4043 3540 τοῦ

2456 3579 2765 3647 τιμήματος
2793 3574 3146 3645 προλαϐοῦσα
3186 3574 3504 3646 καταϐολής
3535 3574 3653 3638 πῶς
3680 3574 3727 3627 δ’
3757 3575 3862 3628 οὐκ
3885 3575 4042 3628 εστιν

2452 3666 2868 3740 ἁρμοδιώτερον
2892 3666 2983 3719 τὸν
3015 3666 3328 3721 ὑποστάντα
3358 3667 3461 3735 τὴν
3484 3666 3766 3721 ἀπώλειαν
3794 3667 3893 3720 καὶ
3918 3670 4043 3730 ταῖς

2460 3756 2673 3811 ἐκεῖθεν
2699 3756 2958 3826 ἀλγηδόσι
2988 3755 3322 3827 βεϐλημένον
3350 3756 3449 3825 τήν
3475 3754 3705 3827 καρδίαν
3737 3754 3817 3825 τῷ
3848 3755 4041 3824 κέρδει

2462 3848 2886 3920 θεραπεύεσθαι,
2913 3847 3051 3901 ἀλλὰ
3079 3846 3153 3918 μή
3196 3848 3407 3900 ἐκεῖνον
3431 3845 3591 3899 τοῦτο
3615 3844 3783 3916 ἔχειν,
3816 3847 3877 3909 ὃς
3903 3846 4043 3917 πρὸς

2463 3939 2540 4008 τῷ
2589 3939 2755 4009 μηδὲν
2810 3938 3216 3993 ἀπολωλεκέναι
3253 3938 3454 4007 (ἔξεστι
3480 3938 3590 4008 γὰρ
3619 3937 3768 4009 αὐτῷ
3792 3939 4045 4008 ἀναλαμ-

2462 4030 2646 4085 δάνειν
2674 4029 2734 4083 τὸ
2766 4030 2983 4099 τίμημα
3008 4028 3134 4099 παρ’
3153 4024 3213 4082 οὗ
3234 4029 3553 4098 κλαπεῖσαή
3589 4029 3896 4100 θεράπαινα
3944 4033 4045 4083 ἁπ-

2460 4120 2797 4189 ημπόληται)
2813 4119 2907 4171 καὶ
2928 4119 2995 4171 τὰ
3015 4119 3114 4171 ὅσα
3134 4118 3516 4187 ὑπηρετήσατο
3537 4119 3803 4189 κερδήσας
3818 4121 4043 4189 όρᾶταις

2467 4209 2749 4280 Οὐδαμῶς
2797 4205 2912 4265 οὖν
2958 4208 3028 4261 ὲν
3077 4208 3309 4278 κατοχῇ
3338 4209 3530 4273 ἔσται,
3579 4208 3760 4270 καθὼς
3802 4208 4040 4278 ἔφημεν,

2463 4302 2528 4355 τὸ
2564 4301 2795 4370 τεχθὲν,
2827 4300 2941 4353 ἀλλ’
2968 4293 3156 4369 ὥσπερ
3180 4300 3279 4369 τὴν
3304 4300 3534 4370 μητέρα,
3569 4298 3713 4353 οὕτω
3738 4300 3829 4352 καὶ
3855 4301 3917 4353 τὸ
3951 4300 4039 4352 τέ-

2466 4412 2592 4449 κνον
2632 4397 2661 4447 ό
2708 4394 2972 4465 πρότερος
3003 4392 3114 4457 ἔξει
3144 4393 3431 4463 δεσπότης.
3460 4395 3559 4447 "Av
3609 4412 3668 4447 τε
3707 4394 3817 4461 γὰρ
3860 4397 3887 4447 ό
3943 4394 4044 4463 τὴν

796 4489 891 4559 pit,
928 4487 1048 4557 ejus
1100 4487 1340 4556 pretium
1402 4486 1612 4548 reddat,
1668 4486 1807 4539 nihil
1854 4487 2092 4556 amplius
2152 4489 2362 4558 negotii
2394 4482 2439 4539 D

2394 4482 2439 4539 D
2474 4487 2682 4557 κλοπὴν
2727 4486 3104 4558 ἐργασάμενος
3150 4485 3258 4538 τῶν
3300 4485 3550 4554 εὐπόρων
3577 4481 3647 4558 ᾗ,
3697 4484 4040 4547 ἀποδιδόντος

797 4587 996 4634 restet:
1030 4578 1146 4633 sive
1174 4586 1426 4631 mortuus
1456 4589 1551 4629 aut
1587 4578 1742 4633 vivus
1770 4576 1951 4633 adhuc
1987 4580 2170 4648 inopia
2203 4581 2360 4636 labo-

794 4676 899 4731 ret,
928 4676 986 4721 ut
1009 4683 1130 4737 qua:
1148 4666 1231 4720 lex
1260 4681 1291 4720 a
1323 4665 1540 4720 furibus
1555 4667 1750 4735 exigit,
1772 4669 2058 4723 exsolvere
2092 4682 2353 4741 nequeat,

796 4771 910 4814 tum
939 4775 1069 4815 vero
1088 4776 1307 4830 quoque
1357 4763 1449 4829 qui
1490 4758 1744 4812 ancillam
1796 4760 2002 4822 amisit,
2053 4762 2175 4829 ejus
2209 4764 2358 4817 cala-

796 4854 1034 4909 mitatem
1067 4853 1159 4908 ﬁlii
1200 4869 1325 4909 cum
1354 4859 1527 4908 matre
1552 4850 1862 4920 receptione
1904 4849 2122 4907 deliniri
2150 4856 2364 4923 aequius

797 4941 888 4993 sit.

2467 4576 2631 4632 αὐτοῦ
2648 4577 2691 4605 ³⁷
2740 4576 2918 4645 ήνπερ
2983 4574 3166 4638 κακῶς
3216 4574 3377 4628 ἔλαϐε
3424 4575 3625 4645 τιμὴν,
3672 4576 3827 4627 οὐδὲν
3880 4576 4045 4627 πλέον

2466 4668 2943 4737 πολυπραγμονεῖν
2980 4666 3220 4735 ὀφείλει,
3254 4666 3319 4720 ἄν
3340 4684 3399 4719 τε
3441 4666 3638 4729 θανὼν,
3682 4664 3715 4735 ἢ
3754 4663 3865 4728 ζῶν
3923 4666 4045 4733 μὲν,

2467 4759 2690 4830 ἀπορῶν
2737 4760 2794 4812 δὲ
2841 4762 2920 4822 είς
2974 4759 3182 4812 ἔκτισιν
3215 4758 3249 4812 ἃ
3279 4760 3409 4821 τοὺς
3452 4758 3785 4821 κλέπτοντας
3817 4760 3845 4810 ό
3876 4758 4047 4827 νόμος

2468 4851 2881 4921 εἰσπράττεται,
2939 4851 3036 4903 καὶ
3071 4852 3243 4913 οὓτως
3268 4850 3607 4920 δικαιότερον
3633 4851 3727 4901 τὸν
3757 4848 4047 4901 ἀπολωλεο

2472 4943 2605 4995 κότα
2655 4942 2755 5012 τὴν
2806 4941 3142 5012 θεράπαιναν
3170 4943 3236 5010 τῇ
3264 4939 3359 4993 τοῦ
3404 4941 3592 5003 παιδὸς
3642 4940 3740 4992 σὺν
3766 4941 3835 5008 τῇ
3873 4940 4043 5008 μητρὶ

2475 5032 2744 5103 ἀναλήψει
2774 5031 3279 5104 παραμυθήσασθαι
3304 5033 3402 5100 τὴν
3427 5030 3727 5086 ἀπώλειαν.

2074 5182 2304 5243 VARle
2344 5190 2745 5248 LECTIONES.

840 5307 886 5338 τι
917 5303 1152 5377 Scrimg.
1184 5292 1231 5358 δ’
1255 5304 1478 5364 ἐκεῖνος.
1550 5272 1784 5356 "coda.
1820 5300 1936 5355 καί.
1997 5301 2303 5375 "Scrimg.
2360 5306 2529 5377 αὐτῷ.

2282 5443 2509 5501 NOTAE.

870 5587 981 5654 (ιδ)
1018 5588 1080 5640 L.
1114 5585 1277 5651 10,Π.
1315 5585 1387 5638 De
1411 5586 1626 5654 justitia
1650 5596 1704 5641 et
1740 5588 1885 5655 jure.

867 5657 979 5728 (ιε)
1010 5656 1071 5728 ιι.
1104 5658 1193 5728 10,
1225 5659 1280 5710 in
1342 5655 1433 5720 tiu,
1475 5658 1509 5710 Ι.
1542 5658 1630 5720 55,
1690 5656 1747 5712 ll'.
1801 5658 1874 5712 De
1912 5672 2141 5728 usucap.
2195 5658 2231 5710 1.
2267 5658 2360 5721 48,

793 5722 979 5798 ᾗ
1009 5725 1083 5798 i_)c
1114 5727 1223 5780 fur.

867 5797 979 5869 ([5)
1011 5796 1080 5850 Ex
1134 5798 1233 5852 hoc
1277 5797 1398 5852 loco
1450 5808 1626 5869 potest
1669 5798 1909 5864 defendi,
1965 5806 2200 5853 tutorem
2265 5815 2360 5870 pu-

2460 5591 2605 5661 pilla:
2621 5591 2838 5662 plenam
2863 5587 3251 5662 alimentorum
3265 5582 3600 5662 pensionem
3634 5585 3921 5662 imputare_
3933 5600 4047 5662 non

2461 5654 2644 5732 posse,
2677 5662 2725 5714 si
2760 5660 2975 5729 pupilla:
2998 5655 3319 5712 ministerio
3340 5668 3503 5709 suum
3533 5654 3599 5710 ad
3644 5654 4045 5726 compendium

2462 5749 2596 5788 usus
2619 5731 2810 5788 fuerit.
