4248 6442
242 384 361 453 493

820 508 1132 565 ΔΙΑΤΑΞΙΣ
1170 514 1248 568 A'.

370 619 509 689 Περὶ
546 619 738 691 νόμον
763 620 979 690 ζῶντος
1004 628 1108 681 τοῦ
1137 630 1426 698 προτέρου
1457 633 1698 702 ἀνδρὸς.

328 776 394 831 ’0
424 779 587 842 αὐτὸς
611 779 869 849 βασιλεὺς
898 782 1179 853 Στυλιανῷ
1207 784 1287 854 τῷ
1316 786 1486 859 αύτῷ.

322 870 537 940 ’Ὠσπερ
581 870 690 926 τῶν
734 875 1154 944 πεφωραμένων
1200 878 1380 946 νόμων
1416 881 1491 948 μὴ
1536 880 1829 946 λυσιτελῶς

247 962 398 1029 ἔχειν
420 964 486 1032 τῇ
516 961 762 1034 πολιτείᾳ
784 966 1092 1033 ἀναγκαίαν
1117 968 1290 1022 ἐποίει
1322 968 1424 1041 τὴν
1455 972 1548 1025 ἐπὶ
1585 973 1647 1025 τὸ
1672 975 1833 1044 ἄμει-

247 1069 344 1105 νον
395 1054 740 1126 μετασκευὴν
779 1059 811 1125 ὴ
868 1057 1055 1113 δικαία
1099 1062 1201 1130 τῆς
1245 1062 1525 1126 πολιτείας
1579 1065 1828 1135 πρόνοια,

246 1143 397 1197 οὕτω
426 1146 520 1199 καὶ
555 1148 683 1209 τοὺς
709 1147 888 1218 ὀρθῶς
917 1150 1142 1219 ἔχοντας
1186 1152 1296 1204 τῶν
1331 1154 1511 1224 νόμων
1543 1156 1638 1209 καὶ
1670 1157 1834 1226 μηδὲν

247 1237 378 1299 τοὺς
436 1236 798 1307 πειθομένους
844 1241 1309 1309 παραλυποῦντας
1360 1244 1470 1297 τῶν
1532 1246 1608 1316 μὴ
1662 1246 1836 1310 οὕτως

251 1327 493 1397 ἐχόντων
543 1328 667 1399 μηδ’
703 1331 785 1393 εἰς
830 1331 891 1383 τὸ
937 1332 1146 1386 ἄλυπον
1189 1335 1315 1397 τοὺς
1358 1336 1631 1407 ὑπηκόους
1680 1356 1835 1408 περι-

255 1418 524 1472 ιστάντων
549 1420 648 1488 τῆς
691 1422 861 1492 αὐτῆς
893 1422 960 1475 ἂν
989 1423 1074 1493 εἴη
1117 1426 1373 1494 προνοίας
1414 1426 1575 1497 ἔργον
1618 1430 1837 1497 ἐκλέγε-

255 1509 387 1562 σθαι
422 1511 518 1563 καὶ
551 1513 891 1583 προκρίνειν,
931 1514 1152 1568 ἐπειδὰν
1198 1518 1326 1586 περ).
1367 1518 1461 1571 τοῦ
1501 1521 1664 1574 αὑτοῦ
1695 1522 1836 1592 πρά-

251 1617 466 1668 γματος
491 1601 585 1655 δύο
613 1602 870 1672 ἀλλήλοις
904 1604 1206 1673 μαχόμενοι
1232 1606 1475 1676 ὁρίζουσι
1507 1608 1683 1679 νόμοι.
1713 1609 1836 1675 Πῶς

254 1693 369 1761 γὰρ
404 1694 470 1746 ἂν
506 1696 590 1763 εἴη
620 1694 780 1763 λόγον
806 1696 950 1765 ἔχον,
990 1700 1329 1768 στρατηγοὺς
1375 1700 1475 1770 μέν
1509 1705 1602 1755 καὶ
1645 1703 1839 1773 ἄρχον-

1324 404 1685 467 NOVELLE
1719 406 2390 472 CONSTITUTIONES.

1860 524 1907 581 Α

3396 408 3504 472 494

2379 514 2844 572 CONSTITUTIO
2891 515 3058 572 XXX.

1974 632 2050 685 De
2074 631 2290 685 muliere
2331 645 2451 699 qua:
2480 630 2591 683 vivo
2633 631 2827 685 utarito
2874 632 3011 685 alios
3035 630 3098 685 de
3129 630 3471 685 matrimonio

2492 700 2772 766 compellat
2808 702 2942 771 (16).

2010 792 2157 848 Idem
2200 799 2496 861 Imperator
2527 790 2704 846 eidem
2745 789 3014 861 Styliano.

2006 882 2074 937 Ut
2092 898 2215 938 cum
2241 883 2388 953 leges
2416 883 2726 951 reipublica:
2753 881 2977 935 inutiles
3000 882 3506 951 deprehenduntur,

1936 976 2247 1031 necessario
2294 975 2414 1029 illas
2465 975 2611 1042 justa
2667 975 2985 1043 reipublicae
3041 974 3385 1043 providentia
3450 974 3506 1026 in

1939 1072 2136 1124 melius
2168 1068 2572 1123 transformat:
2607 1069 2681 1121 ita
2700 1085 2919 1137 quoque
2942 1068 3185 1137 ejusdem
3219 1066 3512 1136 providen-

1938 1164 2025 1216 tia:
2050 1179 2250 1217 munus
2278 1164 2371 1228 sit,
2412 1170 2471 1216 ut
2500 1163 2651 1230 leges
2697 1169 2842 1215 recte
2882 1162 3218 1217 constitutas
3262 1160 3507 1230 nihilque

1939 1256 2187 1309 subditos
2214 1254 2605 1309 contristantes
2638 1268 2666 1307 a
2701 1254 2843 1308 male
2863 1255 3179 1309 constitutis
3222 1252 3507 1306 subditos-

1937 1364 2044 1416 qne
2074 1348 2543 1401 eontristantibus
2605 1345 2823 1414 seligat,
2882 1344 3077 1413 hisque
3129 1346 3251 1399 illas
3283 1356 3513 1411 antepo-

1940 1448 2065 1493 nat:
2096 1442 2397 1509 prazsertim
2450 1453 2580 1492 vero
2618 1436 2839 1506 quando
2870 1437 3058 1493 eadem
3092 1437 3158 1491 de
3187 1451 3242 1489 re
3277 1435 3395 1488 tltt.e
3429 1436 3513 1487 iu-

1940 1538 2022 1584 ter
2069 1530 2182 1600 (l7)
2250 1546 2310 1585 se
2364 1537 2672 1599 pugnantes
2708 1529 2856 1598 leges
2911 1534 3192 1583 statuunt.
3228 1524 3514 1592 Quomodo

1940 1623 2088 1678 enim
2113 1622 2327 1675 ratione
2350 1620 2549 1673 fultum
2584 1620 2678 1683 sit,
2720 1620 2767 1674 si
2809 1632 2935 1672 cum
2975 1618 3146 1673 duces
3181 1626 3346 1687 atque
3374 1631 3513 1686 preco

1942 1713 2071 1769 lecti
2102 1728 2168 1767 ex
2197 1710 2478 1782 peioribus
2510 1711 2921 1781 prmstantiores
2969 1711 3267 1781 eligantur,
3317 1719 3373 1765 et
3418 1709 3514 1778 qui

251 1801 354 1849 τας
401 1785 512 1839 τῶν
556 1787 817 1858 χειρόνων
868 1788 1193 1856 ἐκλέγεσθαι
1243 1794 1371 1854 τοὺς
1416 1793 1693 1861 ἀμείνους,
1744 1796 1838 1847 καὶ
1870 1865 1908 1874 ⁸

1833 1834 1838 1847 ι
1870 1865 1908 1874 κ
1944 1806 1997 1857 in
2029 1802 2428 1874 gubernatione
2473 1802 2539 1855 ad
2591 1801 2943 1856 subditorum
2976 1799 3272 1855 utilitatem
3326 1800 3510 1853 omnia

253 1880 575 1947 προκρίνειν
625 1879 850 1944 τούτους
873 1921 888 1946 ,
947 1874 1021 1934 ὧν
1055 1883 1089 1951 ἡ
1117 1882 1263 1953 ἁρχὴ
1302 1883 1439 1953 πρὸς
1466 1884 1527 1937 τὸ
1558 1886 1839 1955 συμφέρον
1870 1865 1912 1919 Β

1812 1905 1839 1939 ν
1870 1865 1912 1919 Β
1944 1865 2141 1952 facturi
2172 1905 2460 1967 putantur,
2497 1901 2922 1963 preponantur:
2975 1907 3081 1946 non
3116 1891 3246 1946 item
3283 1906 3350 1945 ex
3389 1891 3489 1958 legi

252 1970 504 2039 διαθήσει
535 1970 627 2023 τὸν
664 1971 779 2042 βίον
815 1972 924 2025 τῶν
966 1974 1289 2044 ἀρχομένων
1318 1975 1585 2046 (καίτοιγε
1614 1979 1716 2030 οὐκ
1746 1971 1864 2031 ἀεὶ¹

258 2062 551 2131 μέλλουσιν
579 2065 812 2135 ἄρχειν),
846 2067 1027 2135 νόμων
1058 2066 1137 2132 δὲ,
1185 2060 1265 2130 οἷς
1301 2067 1495 2139 μέχρις
1527 2069 1593 2123 ἂν
1626 2071 1658 2139 ή
1688 2072 1839 2124 πολι-

252 2154 380 2206 τεία
416 2156 736 2208 συνίσταται
784 2156 846 2207 τὸ
883 2157 1074 2227 ἄρχειν
1103 2156 1325 2221 δίδοται,
1378 2157 1454 2228 μὴ
1495 2161 1622 2223 τοὺς
1669 2160 1837 2230 βελτὶο

256 2262 422 2307 στους
450 2245 636 2308 ἀξιοῦν
670 2247 915 2314 είσάγειν
942 2250 1023 2311 είς
1054 2250 1153 2314 τὴν
1187 2248 1381 2318 ἀρχὴν,
1415 2250 1553 2303 ἀλλὰ
1593 2253 1716 2315 τοὺς
1742 2253 1840 2323 τῆς

255 2337 507 2406 χείρονος
538 2337 733 2407 μοίρας
784 2338 878 2392 καὶ
917 2337 1009 2401 οὓς
1056 2339 1224 2391 καλὸν
1256 2337 1323 2412 ἦν
1356 2340 1492 2412 μηδέ
1535 2340 1596 2394 τὸ
1624 2342 1840 2412 πρῶτον

255 2432 341 2493 είς
375 2430 575 2497 γνῶσιν
603 2431 777 2484 ἐλθεῖν
800 2450 815 2497 ;

328 2521 397 2573 Τί
420 2521 619 2589 δήποτε
643 2522 798 2576 ταῦθ’
817 2524 964 2593 ’ἡμῖν
992 2523 1207 2595 εἴρηται
1231 2541 1245 2587 ;
1289 2525 1665 2590 Ἰουστινιανὸς
1696 2529 1839 2581 ἐκεῖ·

256 2630 369 2675 νος,
395 2606 458 2665 οῦ
494 2614 634 2682 μετὰ
676 2615 775 2683 τῆς
816 2616 1098 2679 εὐσεϐείας
1136 2618 1230 2670 καὶ
1274 2619 1306 2687 ἠ
1346 2618 1475 2684 περὶ
1505 2618 1564 2671 τὸ
1597 2619 1839 2688 ὑπήκοον

257 2706 479 2776 φροντὶς
511 2706 772 2775 ἐσέμνυνε
821 2707 883 2761 τδ
934 2709 1193 2777 διάδημα,
1237 2710 1504 2779 πρότερον
1536 2711 1670 2780 περὶ
1715 2711 1837 2765 δια-

256 2794 471 2857 λύσεως
502 2796 700 2865 γάμων
750 2796 1034 2867 θέσπισμα
1068 2797 1328 2869 θέμενος,
1380 2799 1455 2862 ὡς
1501 2801 1661 2872 εἰπερ
1703 2801 1839 2873 γυνὴ

257 2886 341 2937 ἔτι
390 2885 485 2939 τοῦ
526 2887 717 2957 ἀνδρὸς
759 2889 817 2940 ἐν
846 2888 1012 2951 ζῶσιν
1053 2889 1205 2952 ὄντος
1246 2892 1375 2961 περ)⁵
1418 2892 1612 2961 γάμων
1663 2895 1836 2962 αὐτῆς

257 2976 433 3046 ἐτέρῳ
457 2976 818 3049 διαλεγομένη
851 2978 1066 3047 ὀφθείη,
1110 2980 1309 3050 μηκέτι
1336 2981 1538 3044 ἐξεῖναι
1568 2982 1738 3053 αὐτὴν
1760 2984 1839 3054 τῷ

258 3067 418 3137 ἀνδρὶ
451 3069 823 3139 συνηρμόσθαι
853 3070 930 3134 ὼς
974 3072 1178 3124 οἰκεῖον
1210 3072 1395 3141 μέλος,
1446 3073 1563 3127 ἀλλ’
1595 3073 1671 3138 ὡς
1718 3075 1835 3127 ἐπί-

258 3156 455 3209 ϐουλον
500 3157 969 3229 διαρρήγνυσθαι,
1016 3159 1242 3228 ὕστερον
1271 3160 1435 3224 αὐτὸς
1473 3161 1653 3232 έαυτῷ
1686 3165 1837 3217 ἀντι·
1865 3196 1908 3254 c

254 3248 435 3317 λέγων
470 3249 570 3301 οὒκ
592 3251 877 3319 ἐπιτρέπει
909 3249 999 3304 διὰ
1024 3250 1229 3321 ταύτην
1259 3252 1356 3323 τὴν
1385 3252 1566 3307 αἰτίαν
1586 3254 1837 3327 διασπᾷν

253 3341 350 3393 τὸν
380 3341 582 3410 γάμον.
630 3341 821 3409 Ἡμεῖς
865 3341 960 3394 οῦν
1012 3343 1212 3412 μᾶλλον
1264 3343 1363 3413 τὴν
1410 3344 1688 3416 προτέραν
1740 3347 1835 3400 τοῦ

253 3431 453 3498 ἀνδρὸς
489 3431 716 3501 γνώμην
767 3433 1151 3488 λυσιτελοῦσαν
1182 3435 1417 3504 ὁρῶντες
1463 3436 1545 3508 τῷ
1587 3437 1709 3507 βίῳ,
1761 3440 1836 3501 ὡς

254 3520 325 3573 δι’
360 3514 437 3575 ὧν
483 3523 924 3593 παρακελεύεται
968 3522 1415 3593 ἀσφαλιζομένην
1452 3525 1547 3577 καὶ
1591 3542 1835 3597 προανα-

256 3613 568 3667 κόπτουσαν
598 3613 695 3676 τὰς
726 3614 869 3667 κατὰ
908 3613 1018 3667 τῶν
1045 3614 1242 3685 γάμων
1271 3615 1564 3679 ἐπιϐουλὰς
1585 3656 1600 3681 ,
1631 3617 1838 3681 ταύτην

252 3702 311 3755 δὲ
341 3702 451 3773 ἄρα
484 3702 866 3757 πολιτεύεσθαι
896 3704 1060 3774 νόμον
1099 3706 1449 3776 ἐκφέροντες,
1490 3708 1556 3777 ἢν
1575 3708 1618 3738 ’⁵³
1648 3708 1837 3779 ἐπιτη-

259 3793 542 3861 ρεῖσθαι²⁹
574 3794 846 3863 φέρουσαν
876 3794 1210 3864 παλινῳδίαν
1255 3797 1283 3849 ό
1326 3796 1464 3869 ἀνὴρ
1502 3794 1633 3870 ᾖσεν
1659 3799 1737 3862 εἰς
1778 3799 1838 3851 τὸ

256 3884 361 3952 τῆς
405 3884 684 3949 πολιτείας
724 3886 884 3955 ἡμῶν
919 3886 1146 3957 θέατρον
1190 3886 1376 3957 χώραν
1431 3888 1707 3958 εὑρίσκειν
1740 3891 1838 3942 οὐκ

254 3977 647 4048 ἐπιτρέπομεν.
696 3979 762 4031 El’
784 3995 869 4042 τις
911 3979 1005 4032 οῦν
1038 3978 1119 4032 ἐτι
1148 3979 1241 4032 τοῦ
1273 3979 1467 4051 ἀνδρὸς
1492 3981 1776 4051 περιόντος
1793 3982 1837 4013 ³ο

258 4069 399 4140 πρὸς
427 4069 637 4140 γάμους
683 4071 855 4142 ἑτέρῳ
904 4072 1363 4141 κοινολογουμένη
1411 4071 1626 4143 ὀφθείη,
1654 4068 1743 4127 οἷα
1771 4075 1835 4145 δὴ

253 4159 400 4230 αὑτὴ
436 4162 635 4229 ἑαυτὴν
669 4161 851 4231 μιαρῴ
885 4164 1196 4233 φρονήματι
1219 4163 1618 4235 ἀπορρηγνῦσα
1646 4166 1738 4218 καὶ
1771 4169 1836 4236 τῇ

254 4250 353 4303 τοῦ
382 4251 563 4322 γάμου
594 4253 837 4306 διαλύσει
880 4254 1075 4307 τούτου
1123 4254 1571 4325 άπορῤαγήσεται
1594 4296 1610 4320 ,
1643 4257 1730 4309 ναὶ
1772 4256 1838 4327 δὴ

256 4343 354 4395 καὶ⁵
376 4359 485 4413 χρη
493 4346 753 4412 ματικαῖς
785 4344 1230 4416 ὑποϐληθήσεται
1265 4349 1500 4410 ποιναῖς,
1520 4340 1609 4409 αἷς
1632 4348 1839 4418 ἐνέχον-

254 4453 351 4489 ται
379 4436 438 4489 αί
463 4434 550 4488 διὰ
575 4437 701 4500 τοὺς
729 4437 923 4501 ἄλλους
948 4437 1185 4507 τρόπους
1213 4437 1323 4491 τῶν
1352 4437 1566 4508 ἀνδρῶν
1591 4438 1837 4493 διασπώ-

1944 1987 2068 2051 bus,
2108 1986 2313 2056 quibus
2364 1984 2539 2038 donec
2587 1984 2893 2053 respublica
2946 1983 3237 2047 consistet,
3283 1995 3516 2051 praeesse

1941 2078 2125 2141 datur,
2157 2093 2280 2131 eum
2309 2086 2501 2131 contra
2544 2086 2896 2145 lemporanea
2937 2074 3139 2129 ducum
3192 2075 3515 2144 praefectura

1944 2172 2036 2237 sit,
2072 2185 2180 2226 nou
2210 2170 2700 2240 praestantissimae,
2753 2166 2850 2222 sed
2880 2166 3086 2237 pejoris
3140 2177 3303 2231 notas,
3346 2181 3515 2233 quas-

1942 2277 2047 2331 que
2076 2276 2255 2330 ncque
2282 2275 2312 2313 a
2338 2258 2613 2329 principio
2645 2258 2957 2312 innotuisse
2981 2257 3281 2320 decuisset,
3316 2256 3382 2310 ad
3415 2271 3515 2326 gu-

1944 2352 2245 2406 bernacula
2275 2349 2656 2406 deducantur?

2001 2533 2073 2581 At
2089 2542 2351 2596 quorsmn
2379 2528 2493 2582 lucc
2519 2542 2548 2581 a
2582 2526 2742 2581 nobis
2766 2526 2913 2578 dicta
2952 2524 3120 2580 sunt?
3170 2524 3515 2578 Justiuiauus

1941 2618 2032 2674 ille
2056 2620 2214 2686 cuius
2239 2616 2487 2672 diadema
2513 2625 2711 2687 praeter
2758 2617 3104 2686 religionem,
3160 2615 3505 2671 subditorum

1941 2725 2072 2765 cura
2106 2709 2271 2764 etiam
2299 2704 2603 2773 decoravit,
2638 2720 2762 2760 cum
2796 2706 2951 2775 prius
2983 2704 3096 2775 (18)
3131 2706 3199 2759 de
3241 2704 3518 2760 solutione

1950 2798 2425 2853 matrimoniorum
2483 2796 2822 2851 sanctionem
2872 2796 3171 2861 edidisset,
3205 2804 3265 2849 ut
3315 2794 3359 2850 si
3392 2810 3517 2850 mu-

1941 2891 2043 2946 lier
2102 2890 2299 2943 marito
2350 2889 2651 2943 etiamnum
2711 2887 3011 2955 superstite
3060 2887 3129 2942 de
3161 2887 3518 2942 matrimonio

1941 2998 2067 3038 cum
2099 2983 2273 3035 altero
2296 2988 2441 3048 agat,
2475 2993 2586 3033 non
2605 2978 2840 3046 amplius
2867 2977 3039 3040 illam,
3073 2986 3132 3031 ut
3156 2977 3331 3046 ipsius
3351 2991 3519 3033 mem:

1940 3076 2100 3131 brum
2138 3073 2242 3143 ipsi
2277 3071 2433 3142 jungi
2471 3072 2654 3136 liceat,
2693 3070 2788 3124 sed
2823 3086 2922 3125 ceu
2954 3070 3263 3125 insidiatrix
3304 3069 3371 3122 ab
3398 3068 3516 3137 ipso

1941 3168 2238 3222 avellatur:
2275 3163 2624 3235 postmodum
2662 3162 2775 3232 (l9)
2815 3162 2918 3217 sibi
2954 3164 3070 3229 ipse
3097 3161 3513 3226 conti-adiectis,

1940 3259 2010 3313 ob
2052 3258 2192 3311 hanc
2222 3270 2447 3310 causam
2482 3254 2667 3308 dirimi
2723 3270 2829 3309 non
2869 3254 3142 3323 permittit
3172 3252 3287 3323 (20)
3320 3253 3517 3307 matri-

1941 3350 2209 3403 monium.
2238 3347 2349 3401 Nos
2383 3350 2567 3416 itaque
2601 3347 2838 3417 priorem
2866 3345 3109 3400 bominis
3157 3345 3516 3408 voluntatem,

1941 3452 2001 3495 ut
2039 3440 2270 3510 quaehis
2299 3440 2434 3508 ipsis
2462 3454 2584 3507 qua:
2636 3439 2831 3492 statuit
2870 3439 3187 3503 roboretur,
3221 3447 3277 3491 et
3326 3438 3521 3490 adver-

1941 3547 2038 3587 sus
2094 3532 2444 3585 matrimonia
2479 3531 2707 3585 insidias
2765 3530 3047 3598 praecidat,
3087 3529 3340 3583 humana:
3398 3530 3522 3581 vita:

1940 3614 2433 3670 coudueibiliorem
2473 3629 2596 3669 esse
2634 3614 3036 3683 intelligentes,
3076 3628 3201 3668 eam
3246 3614 3363 3683 lege
3411 3613 3519 3665 lata

1941 3708 1995 3761 in
2021 3706 2298 3777 republica
2329 3703 2888 3779 observarijubemus
2932 3722 2945 3757 :
2985 3718 3150 3772 quam
3208 3718 3336 3757 vero
3389 3719 3521 3757 can-

1943 3807 2053 3852 tata
2083 3796 2355 3867 palinodia
2385 3794 2679 3863 evulgavit,
2704 3809 2824 3848 eam
2862 3793 2917 3847 in
2975 3793 3289 3859 reipublica:
3318 3801 3521 3848 nostra:

1942 3890 2156 3944 theatro
2186 3889 2366 3941 locum
2406 3886 2652 3941 invenire
2684 3901 2791 3939 non
2856 3885 3244 3954 permittimus.
3299 3882 3355 3937 Si
3414 3900 3521 3953 qua

1941 3981 2110 4049 igitur
2146 3980 2345 4033 marito
2366 3978 2545 4032 adhuc
2592 3978 2736 4041 vivo,
2779 3976 2847 4030 de
2895 3975 3275 4030 contrahendo
3328 3975 3519 4029 matri-

1941 4072 2126 4125 monio
2178 4086 2303 4125 cum
2350 4070 2525 4124 altero
2556 4082 2867 4123 sermonem
2908 4068 3172 4123 habuisse
3218 4069 3521 4138 deprehen-

1941 4164 2135 4227 datur,
2164 4171 2225 4216 ut
2266 4176 2389 4232 qua:
2426 4176 2486 4216 se
2516 4161 2631 4231 ipsa
2666 4159 2875 4215 nefario
2902 4164 3178 4229 proposito
3218 4160 3520 4229 abruperit,

1940 4266 1993 4311 et
2020 4255 2355 4310 matrimonii
2423 4253 2701 4309 solutione
2755 4252 2823 4307 ab
2888 4252 2980 4305 illo
3034 4252 3415 4314 absnahetur,
3469 4262 3523 4304 et

1941 4349 2186 4419 profecto
2212 4347 2375 4402 etiam
2396 4346 2728 4415 pecuniariis
2759 4346 2959 4415 poenis,
2984 4343 3189 4413 quibus
3222 4359 3349 4414 quas
3397 4344 3521 4397 aliis

1928 4440 2121 4494 ‘modis
2149 4454 2179 4492 a
2210 4439 2426 4493 maritis
2474 4438 2808 4500 avellantur,
2871 4436 3126 4491 obnoxia:
3159 4444 3310 4499 sunt,
3346 4434 3519 4502 subji-

259 4546 448 4599 μεναι.
486 4529 553 4583 Ἠ
587 4530 696 4601 γὰρ
741 4530 832 4584 διὰ
875 4530 975 4599 τῆς
1021 4530 1264 4601 γαμικῆς
1297 4531 1561 4602 ἁρμονίας
1594 4533 1673 4595 είς
1710 4531 1840 4602 μίαν
1865 4534 1919 4594 D

1839 4533 2145 4594 ‘Dcietur.
2175 4532 2309 4598 Qua:
2362 4531 2509 4586 enim
2567 4530 2906 4585 matrimonii
2949 4544 3214 4599 compage
3244 4528 3298 4582 in
3351 4544 3516 4582 unam

257 4621 360 4690 μὲν
384 4622 566 4691 σάρκα
590 4620 669 4691 τῷ
700 4622 857 4692 ἀνδρὶ
889 4622 1301 4692 χρηματίσασα,
1337 4622 1399 4675 ού
1428 4624 1733 4693 στέργουσα
1758 4623 1836 4689 δὲ,

252 4712 373 4767 ἀλλ’
402 4711 540 4783 ὁμοῦ
579 4714 678 4784 μὲν
717 4716 775 4767 ἐν
817 4712 895 4783 τῷ
941 4713 1083 4782 πρὸς
1111 4714 1299 4783 ἓτερον
1328 4712 1549 4783 βλέπειν
1576 4714 1667 4767 τὸν
1705 4732 1835 4767 συν-

258 4806 581 4877 αρμόσαντα
607 4805 862 4875 Πλάστην
894 4804 1193 4875 ὑϐρίζουσα
1221 4846 1233 4869 ,
1262 4804 1397 4874 ὁμοῦ
1422 4805 1479 4858 δέ
1508 4806 1603 4858 καὶ
1638 4806 1714 4876 τῷ
1745 4823 1837 4859 συ-

253 4899 409 4969 ζύγῳ
453 4897 648 4968 ἐχθρὸν
700 4898 961 4969 φρόνημα
1015 4898 1279 4969 φέρουσα,
1326 4898 1444 4961 πῶς
1503 4898 1564 4952 ού
1613 4898 1837 4962 δικαίως

253 4989 397 5057 αὐτὴ
430 4989 633 5058 ἑαυτὴν
667 4986 1133 5059 προαποτεμοῦσα
1165 4988 1447 5054 παντελῶς
1464 4990 1563 5060 τῆς
1590 4989 1835 5053 ἐνώσεως

252 5082 702 5153 ἁποκοπήσεται;
743 5083 795 5135 τί
824 5081 932 5152 γὰρ
979 5080 1045 5134 ἂν
1083 5080 1165 5133 ἔτι
1211 5079 1402 5152 ὀφθείη
1446 5082 1709 5152 ἐχέγγυον
1741 5082 1835 5136 τοῦ

1947 4623 2061 4695 (ﬁt)
2092 4637 2314 4678 carnem
2336 4637 2461 4676 cum
2507 4622 2708 4676 marito
2731 4622 2885 4686 coiit,
2940 4636 3049 4676 non
3089 4620 3393 4689 acquiescit
3424 4636 3521 4673 an-

1944 4714 2197 4779 tem,sed
2229 4714 2410 4781 'sitnul
2462 4713 2529 4766 ad
2580 4714 2745 4767 alium
2804 4710 3149 4781 respiciendo
3203 4711 3518 4765 Creatorem

1944 4807 2038 4877 qui
2071 4808 2218 4860 illam
2253 4804 2563 4873 conjunxit,
2625 4803 2957 4858 contumelia
3009 4803 3193 4865 allicit,
3251 4802 3415 4857 simul
3465 4802 3518 4854 in

1945 4901 2198 4953 maritum
2252 4897 2437 4951 hostili
2476 4896 2657 4950 animo
2696 4903 2780 4951 est
2830 4937 2846 4961 ,
2908 4894 3184 4965 quomodo
3213 4908 3321 4948 non
3368 4892 3519 4962 juste

1944 4990 2059 5045 haec
2087 5005 2214 5044 cum
2230 4990 2385 5058 prius
2417 5003 2477 5044 se
2502 4988 2622 5057 ipsa
2665 5004 2695 5043 a
2728 4988 3123 5057 conjunctione
3157 5000 3388 5056 prorsus
3417 4985 3516 5039 ab-

1944 5083 2185 5151 ruperit,
2252 5082 2648 5139 abscindetur?
2717 5078 2783 5135 Et
2847 5095 2979 5137 sane
3028 5078 3251 5151 quando
3321 5074 3521 5132 mulier

1530 5220 1765 5275 VARIJE
1802 5218 2199 5277 LECTIONES.

340 5352 389 5387 ³⁸
420 5352 595 5410 Codd.
635 5353 716 5407 ὃν.
774 5355 819 5386 ⁸⁹
845 5353 1019 5410 Codd.
1044 5356 1410 5426 ἐπιτηρειται.
1470 5356 1513 5387 ³⁸
1537 5355 1770 5427 Scrimg.
1803 5358 2091 5425 παρόντος.

1787 5495 2015 5551 ΝΟΤᾸΞ.

329 5606 450 5679 (16)
472 5604 801 5679 Dimittenda
829 5624 894 5664 ex
930 5609 1063 5664 Nov.
1094 5612 1184 5672 22,
1223 5626 1271 5662 c.
1305 5610 1357 5673 6,
1410 5610 1437 5679 ᾗ
1490 5611 1533 5668 Ι.
1582 5610 1820 5677 neglecta

248 5680 391 5734 Eur.
430 5675 557 5739 117,
591 5692 644 5730 c.
667 5678 794 5741 8,et
823 5681 895 5733 ita
919 5680 1197 5734 reducitur
1235 5681 1300 5733 ad
1334 5675 1469 5734 Nov.
1501 5680 1589 5732 22.

321 5747 441 5821 (1η
471 5746 797 5821 ’έντινρμίαι
822 5750 1093 5821 interdiuu
1130 5749 1324 5821 injure
1363 5759 1681 5804 occurrunt.

329 5814 448 5890 (18)
480 5814 616 5872 Nov.
640 5814 731 5887 2‘3,
769 5834 818 5875 c.
861 5818 945 5885 16,
979 5818 1077 5889 §l.

2004 5610 2117 5676 (ιθ)
2150 5609 2281 5662 Nov.
2336 5610 2450 5674 ιιι,
2481 5626 2527 5662 ς.
2570 5611 2695 5674 8,.1.

1932 5752 1981 5806 d.
2005 5683 2117 5748 (20)
2153 5680 2356 5734 Saltem
2394 5696 2498 5735 non
2533 5691 2860 5737 numeratur
2913 5682 3053 5736 inter
3092 5688 3291 5735 causas
3342 5688 3510 5742 repu-

1973 5766 2165 5805 IOI'llttt.

1973 5770 1982 5804 Ι
2028 5770 2165 5802 ΙΊΙΙΙΙ.

1990 5770 2125 5883 002])
2153 5820 2285 5876 Gen.
2313 5835 2371 5886 ll,
2390 5836 2531 5877 \‘crs.
2550 5823 2614 5877 “ll
2639 5842 2649 5885 ;
2676 5823 2861 5879 Matth.
2886 5841 2994 5889 λη,
3014 5838 3160 5879 vers.
3184 5823 3235 5889 5;
3253 5823 3383 5880 an.
3402 5837 3512 5881 xw.
