4248 6442
776 372 881 435 495

1985 381 2178 444 LEON
2186 384 2258 444 IS
2281 384 2747 447 PHILOSOPIH

3928 381 4042 445 496

775 490 1035 552 protervo
1070 483 1353 553 proposito
1384 482 1605 538 oculum
1635 483 1852 555 (ἓξ-25)
1888 501 1916 541 a
1967 492 2213 546 membro
2247 508 2351 547 suo
2383 498 2433 556 Α

2383 498 2433 556 Α
2461 494 2631 563 ἐχθρὰ
2658 496 2874 563 φρονεῖ-ι
2899 492 2977 562 τῷ
3005 492 3163 561 ἀνδρὶ
3194 491 3296 561 τὴν
3322 493 3557 559 γυναῖκα
3583 538 3593 553 ,
3623 491 3786 545 dmin
3817 492 4046 557 ἀσελγεί

775 580 1052 639 avertens,
1107 575 1159 627 in
1218 576 1457 629 alienum
1494 578 1773 647 respicere
1833 581 2035 649 gestit:
2076 597 2197 649 qua:
2237 583 2347 638 alia

774 665 932 731 signa
957 673 1010 717 et
1043 666 1358 721 testimonia
1382 669 1557 737 ipsam
1589 670 1641 723 in
1714 673 1971 726 maritum
2007 673 2226 727 hostilia
2256 690 2353 729 co-

774 756 883 823 gila
895 772 948 808 re
973 757 1300 813 desideres?

1199 851 1671 909 CONSTITUTiO
1732 853 1925 909 XXXI.

778 938 845 991 εἰ
884 937 998 1006 (‘24)
1032 956 1150 1009 qua:
1191 942 1382 995 mulier
1416 943 1607 1013 mariti
1636 944 1758 996 odio
1796 942 2034 1007 abortat,
2083 948 2355 1013 repudiari

1268 1012 1457 1066 abillo
1504 1016 1670 1081 possit
1727 1014 1863 1082 (ἳῦ).

856 1163 998 1219 Idem
1026 1166 1325 1234 imperator
1377 1168 1555 1221 cidem
1592 1167 1860 1238 Slyliauo.

845 1258 950 1322 Qui
984 1259 1258 1314 hominem
1293 1275 1323 1313 e
1364 1259 1479 1329 (26)
1507 1270 1652 1314 terra
1700 1258 1931 1328 creavit,
1986 1275 2140 1319 costa
2180 1267 2357 1336 ipsius

778 1350 833 1405 in
860 1352 1145 1406 mulierem
1187 1352 1612 1419 transformata,
1664 1356 1987 1426 adiutricem
2036 1358 2151 1427 (27)
2184 1362 2259 1415 illi
2290 1378 2355 1417 ex

777 1442 952 1509 ipsius
991 1444 1255 1497 membris
1279 1446 1587 1514 conjunxit,
1618 1464 1730 1517 quo
1764 1449 2018 1505 videlicet
2050 1466 2164 1506 sua:
2186 1470 2343 1510 crea-

776 1533 945 1585 tionis
974 1547 1196 1588 causam
1217 1536 1309 1589 illa
1335 1551 1700 1605 cognoscens,
1737 1539 1823 1594 vel
1861 1540 1990 1595 hinc
2014 1542 2217 1607 discat,
2249 1560 2357 1614 qua

777 1626 891 1691 lege
918 1642 1047 1696 erga
1076 1629 1393 1698 coniugem,
1429 1631 1869 1686 benevolentiam
1902 1643 2069 1705 atque
2108 1652 2353 1692 amorem

775 1716 1269 1775 ineoutaminatum
1302 1733 1612 1776 conservet.
1648 1721 1783 1788 Quae
1818 1725 1984 1794 igitur
2012 1728 2084 1780 ita
2115 1729 2355 1781 animata

2462 586 2772 654 φρονήματι
2824 583 2919 635 τοῦ
2959 584 3167 635 οἰκείου
3219 582 3416 652 μέλους
3465 582 3558 634 τὸν
3591 582 3874 651 ὀφθαλμὸν
3904 586 4049 636 ἀπο-

2462 675 2773 744 στρέφουσα
2800 674 3066 743 ἀλλοτρίῳ
3091 672 3421 735 ὲνατενίζειν
3458 673 3634 743 ἔρωτα
3667 673 3861 744 φέρεις

2954 853 3272 908 ΔΙΛΤΑΞΙΣ
3312 853 3417 906 ΛΑ⁸
3446 854 3513 907 ³⁸.

2458 947 2599 1013 Περὶ
2655 945 2767 1000 τοῦ
2792 945 2898 998 τὸν
2932 945 3124 1011 ἄνδρα
3166 944 3507 1013 χωρίζεσθαι
3533 944 3643 1011 τῆς
3688 945 3916 999 ἑαυτοῦ
3940 964 4050 1014 γυ-

2529 1017 2756 1081 ναικὸς,
2805 1016 2952 1067 ὅταν
2995 1014 3070 1067 δι’
3103 1016 3432 1082 ἀπέχθειαν
3482 1015 3597 1082 τὴν
3647 1015 3797 1083 πρὸς
3854 1018 4053 1070 αὑτὸν

2530 1087 2977 1157 ἀμᾷλὼσκουσα
3010 1083 3275 1153 φωραθῇ.
3491 1089 3504 1111 ⁵

2542 1178 2601 1230 ’0
2624 1176 2786 1239 αὐτὸς
2823 1176 3078 1245 βασιλεὺς
3112 1175 3391 1245 Στυλιανῷ
3418 1176 3497 1245 τῷ
3533 1176 3703 1246 αὐτῷ.

2543 1268 2602 1320 Ὀ
2626 1268 2836 1329 πλάσας
2874 1267 3160 1337 ἄνθρωπον
3198 1268 3306 1323 ἀπὸ
3339 1270 3441 1337 γῆς
3475 1268 3801 1334 ὲξόἰκείων
3855 1267 4039 1338 μεὶῶ.

2461 1358 2656 1428 βοηθὸν
2690 1359 2840 1427 αὐτῷ
2870 1360 3132 1410 συνάπτει
3158 1359 3258 1426 τὴν
3276 1354 3518 1427 πλευρὰν
3551 1362 3631 1421 είς
3660 1363 3899 1426 γυναῖκα
3922 1360 4043 1413 δια-

2461 1451 2699 1513 πλάσας,
2735 1451 2822 1502 ἵνα
2867 1451 2967 1520 τὴν
3005 1450 3206 1519 ἑαυτῆς
3260 1449 3603 1520 ἐπισταμένη
3652 1451 3751 1521 τῆς
3794 1453 4052 1515 πλάσεως

2460 1542 2641 1595 αἰτίαν
2682 1542 2777 1595 καὶ
2818 1541 3072 1594 ἐντεῦθεν
3120 1542 3444 1612 παιδεύηται
3494 1537 3605 1595 οἷόν
3648 1561 3755 1595 τινι
3811 1545 3963 1612 νόμῳ
3992 1546 4067 1596 τὸ·

2462 1634 2598 1703 πρὸς
2638 1633 2728 1686 τὸν
2757 1633 3026 1701 ὁμόζυγον
3072 1632 3283 1697 εὔνουν,
3328 1635 3418 1685 καὶ
3460 1632 3611 1706 σώζῃ
3643 1634 3791 1703 αὖτῷ
3826 1636 3886 1688 τὸ
3925 1634 4051 1702 φίλ-

2460 1742 2588 1793 τρον
2612 1724 2918 1778 ἀνόθευτον.
2956 1722 3018 1777 'H
3054 1723 3152 1793 μὲν
3174 1719 3267 1776 οὖν
3299 1724 3443 1777 οὓτω
3481 1725 3754 1795 φρονοῦσα
3787 1728 3882 1777 καὶ
3911 1724 4052 1792 γνὼ-

774 1816 877 1870 est,
923 1808 1469 1879 benevolentiamque
1527 1826 1685 1865 suam
1742 1813 1940 1866 marito
1984 1814 2245 1877 custodit,
2274 1830 2355 1869 re-
2383 1827 2431 1885 Β

2383 1827 2431 1885 Β
2463 1835 2573 1887 μην
2607 1816 2813 1869 οἰκείαν
2835 1814 2914 1885 τῷ
2935 1814 3092 1885 ἀνδρὶ
3122 1815 3388 1884 τηροῦσα,
3423 1816 3616 1886 βοηθός
3642 1819 3701 1869 τέ
3733 1819 3884 1870 ἐστιν
3922 1818 4047 1887 ἀλη.

774 1914 900 1951 vera
930 1901 1020 1953 illa
1051 1901 1368 1957 auxiliatrix
1412 1912 1516 1967 est,
1560 1918 1738 1973 neque
1764 1903 2085 1958 Conditoris
2116 1907 2352 1972 promis-

772 2008 893 2045 sum
937 1992 1105 2047 fallit:
1132 2010 1255 2062 qua:
1282 2010 1410 2050 vero
1438 1996 1660 2050 diverso
1699 1996 1887 2050 animo
1925 2006 2032 2060 est,
2069 2012 2179 2051 non
2230 2016 2351 2051 aiu—

774 2086 914 2154 plius
940 2102 1115 2154 neque
1138 2088 1375 2141 hocesse
1398 2090 1769 2155 cognoscitur,
1806 2104 2003 2157 neque,
2038 2104 2351 2159 quanquam

770 2178 1089 2245 conjugium
1130 2179 1183 2232 in
1221 2195 1389 2232 unum
1418 2180 1567 2233 illam
1615 2195 1741 2234 cum
1783 2182 1978 2235 marito
2026 2197 2223 2251 cogere
2249 2196 2352 2235 an-

771 2269 952 2323 nismn
1012 2269 1195 2333 fuerit,
1228 2286 1361 2324 caro
1419 2287 1483 2325 ex
1518 2286 1707 2332 carne,
1758 2273 2141 2328 membrumve
2174 2273 2350 2343 ipsius

770 2368 879 2413 est.

839 2449 1053 2505 Idcirco
1080 2467 1204 2505 cum
1255 2454 1320 2507 de
1377 2454 1622 2517 muliere,
1660 2469 1781 2522 qua:
1802 2456 2352 2525 propterinimicitias

768 2557 907 2611 quas
931 2558 1055 2597 cum
1081 2547 1281 2599 marito
1311 2545 1493 2611 habet,
1512 2544 1580 2601 de
1607 2546 1876 2602 industria
1893 2547 2194 2602 abortando
2212 2549 2347 2617 (28),

769 2652 951 2705 neque
996 2638 1051 2691 in
1089 2637 1215 2691 vita:
1266 2639 1444 2692 lucem
1496 2637 1661 2692 fetum
1712 2638 2089 2707 producendo,
2124 2640 2351 2694 seminis

768 2729 946 2797 ipsius
975 2727 1215 2782 fructum
1240 2730 1531 2799 opprimit,
1567 2729 1689 2783 dua;
1716 2730 1867 2799 leges
1904 2730 2028 2784 lata:
2054 2731 2184 2793 sint,
2214 2745 2350 2799 qua-

768 2833 892 2872 rum
925 2834 1031 2872 una
1067 2819 1179 2887 (‘29)
1212 2820 1508 2889 repudiare
1544 2819 1743 2889 injuria
1786 2818 2043 2874 affectum
2090 2823 2348 2875 maritum

771 2910 977 2975 iubeat,
1009 2911 1180 2965 altera
1216 2911 1331 2980 (30)
1375 2927 1504 2965 vero
1552 2926 1660 2965 non
1703 2912 1983 2981 permittat
2032 2929 2045 2964 :
2084 2926 2205 2975 nos,
2246 2911 2348 2979 legi

767 3002 1066 3054 divortium
1100 3001 1357 3056 suadenti
1387 3001 1780 3065 assentientes,
1817 3001 1893 3054 illi
1948 3010 2005 3053 ut
2030 3002 2205 3055 multo
2238 3000 2352 3053 uti-

771 3093 891 3146 liori
918 3093 1297 3147 auctoritatem
1315 3092 1700 3145 attribuimus.
1747 3091 2001 3145 Alienum
2038 3091 2184 3145 enim
2216 3090 2348 3145 mihi

2460 1908 2569 1971 θὼς
2602 1909 2697 1962 καὶ
2724 1908 2823 1973 τὴν
2850 1907 2945 1960 τοῦ
2975 1906 3284 1970 Πλάσαντος
3310 1909 3369 1960 οὐ
3394 1908 3698 1977 ψευδομένη
3734 1908 4047 1979 ὑπόσχεσιν,

2458 2000 2490 2066 ἡ
2528 1999 2573 2051 δ’
2602 1999 2847 2051 ἐναντίον
2876 1998 3135 2068 φρόνημα
3169 1999 3489 2069 κτησαμένη
3522 1999 3705 2051 οὐκέτι
3729 1999 3852 2051 οὒτε
3887 1998 4047 2051 τοῦτο

2458 2089 2806 2161 γνωρίζεται,
2855 2089 2979 2142 οὒτε
3015 2088 3153 2159 σὰρξ
3187 2092 3249 2141 ὲκ
3279 2090 3379 2159 τῆς
3416 2091 3670 2161 σαρκδςῆ
3712 2089 3873 2159 μέλος
3903 2092 4048 2143 ὲκεί-

2456 2198 2547 2233 νου
2597 2180 2947 2246 καθίσταται,
2996 2180 3099 2235 κᾶν
3131 2182 3164 2250 ή
3202 2182 3471 2249 συνάφεια
3525 2182 3661 2252 πρὸς
3712 2182 3770 2235 ἓν
3816 2184 4047 2249 ἀγαγεῖν

2456 2277 2710 2330 ἔσπευσε.

2524 2458 2622 2509 Διὰ
2657 2455 2817 2508 τοῦτο
2854 2456 2985 2523 περὶ
3018 2454 3277 2522 γυναικὸς
3314 2455 3408 2508 δύο
3464 2454 3734 2524 κειμένων
3772 2452 3978 2522 νόμων,
4013 2456 4046 2524 ἡ

2452 2540 2518 2593 δι’
2551 2541 2845 2611 ἀπέχθειαν
2877 2541 2979 2610 τὴν
3016 2540 3153 2610 πρὸς
3189 2540 3282 2593 τὸν
3326 2542 3497 2611 ἄνδρα
3548 2542 3627 2612 τῷ
3672 2543 3886 2596 ἐκείνου
3942 2543 4045 2611 τῆς

2454 2633 2666 2701 σπορᾶς
2708 2631 2910 2701 καρπῷ
2943 2630 3271 2700 λυμαίνεται
3316 2631 3723 2700 ἁμῦλώσκουσα
3763 2634 3858 2687 καὶ
3910 2634 4047 2701 πρὸς

2455 2722 2572 2794 βίου
2600 2723 2718 2791 φῶς
2746 2724 2845 2775 οὐκ
2876 2724 3086 2790 ἄγουσα
3116 2722 3215 2792 τὴν
3249 2723 3412 2791 γονὴν
3442 2724 3663 2784 ἑκοῦσα.
3702 2726 3794 2777 καὶ
3820 2724 3917 2776 τοῦ
3949 2724 4048 2794 μὲν

2454 2813 2784 2885 χωρίζεσθαι
2818 2814 2911 2866 τὸν
2948 2813 3307 2883 ἀδικούμενον
3345 2813 3681 2877 κελεύοντος,
3720 2816 3811 2867 τοῦ
3846 2814 3905 2867 δὲ
3946 2815 4047 2866 οὐκ

2454 2905 2864 2977 ἐπιτρέποντος,
2912 2908 3078 2975 ἡμεῖς
3114 2905 3190 2968 ὡς
3243 2905 3678 2975 λυσιτελεστέρῳ
3719 2907 3863 2960 κατὰ
3907 2906 4047 2960 πολὺ

2455 2997 2872 3069 προστιθέμενοι
2895 2998 2973 3068 τῷ
3002 2997 3293 3068 χωρίζοντι
3324 2997 3519 3065 ἐκείνῳ
3539 2998 3601 3048 τὸ
3625 2996 3792 3066 κῦρος
3815 2997 4057 3066 προσνέο-

2460 3105 2652 3160 μομεν.
2708 3090 2948 3143 Ἄτοπον
2997 3090 3107 3159 γάρ
3175 3106 3266 3159 μοι
3316 3089 3567 3158 φαίνεται
3617 3090 3711 3141 κα).
3766 3088 4051 3152 παντελῶς

769 3200 799 3236 a
835 3185 1075 3248 ratione,
1107 3199 1454 3254 prorsusque
1478 3185 1730 3253 iniquum
1763 3183 2079 3246 videtur,ut
2100 3199 2222 3252 quae
2240 3192 2349 3236 tam
2381 3158 2424 3217 ο

2381 3158 2424 3217 c
2457 3158 2664 3245 ἄδικον,
2699 3181 2798 3250 τὴν
2863 3180 3008 3234 οὕτω
3062 3158 3357 3251 προφανῶς
3404 3180 3503 3251 τὴν
3552 3180 3690 3249 πρὸς
3740 3181 3829 3232 τὸν
3880 3181 4050 3249 ἄνδρα

771 3281 1019 3343 apertum
1050 3275 1105 3328 in
1131 3273 1389 3328 maritum
1421 3275 1607 3329 odium
1650 3274 1918 3342 suscepit,
1956 3282 2014 3326 ut
2063 3273 2238 3341 ipsius
2265 3288 2353 3326 se-

773 3378 896 3417 men
933 3364 1215 3433 disperdat
1247 3362 1562 3432 (utinterim
1598 3363 1868 3426 omittam,
1900 3365 2046 3433 quod
2073 3362 2350 3417 communi

774 3460 983 3506 natura!
1024 3452 1281 3508 insidiata
1318 3453 1447 3519 sit),
1496 3453 1596 3521 ipsi
1639 3452 1937 3506 cohabitet.
1980 3451 2113 3505 Nam
2154 3453 2203 3506 si
2256 3453 2351 3522 qui

774 3544 933 3595 :ihcui
996 3542 1090 3596 alii
1145 3544 1296 3611 operi
1349 3544 1611 3598 damnum
1646 3542 1911 3607 inferunt,
1945 3559 2041 3597 eos
2088 3552 2351 3613 tanquam

774 3633 1027 3688 inimicos
1060 3648 1400 3697 aversamur,
1449 3632 1725 3701 quomodo
1748 3648 1866 3686 eam
1900 3649 2020 3703 qum
2054 3649 2352 3703 procrean—

773 3729 968 3778 dorum
1008 3725 1304 3778 liberorum
1352 3724 1525 3794 operi,
1562 3734 1673 3777 tum
1732 3726 1971 3780 maxime
2020 3726 2352 3791 necessario,

775 3825 888 3867 tum
920 3816 1373 3885 prmstantissimo
1413 3831 1612 3869 noxam
1656 3815 1805 3880 fecit,
1859 3817 1974 3887 ipse
2032 3818 2123 3885 qui
2150 3820 2354 3873 damno

776 3907 999 3963 .‘tﬂCClIIS
1030 3917 1134 3973 est,
1170 3917 1229 3961 ut
1255 3924 1411 3964 suam
1457 3908 1599 3977 apud
1650 3924 1709 3962 se
1740 3908 1942 3962 habere
1995 3909 2214 3978 poterit,
2249 3925 2353 3964 nec

775 4008 832 4051 ut
865 3999 1257 4053 insidiatricem
1299 4008 1353 4052 et
1413 4000 1625 4054 hostem
1678 3998 1966 4053 dimittet?
2005 4000 2161 4065 Quod
2197 4002 2353 4055 insu-

776 4107 869 4159 per
897 4091 1212 4147 evidentius
1248 4092 1466 4161 signum
1532 4092 1783 4160 requiras
1812 4100 1871 4145 ut
1914 4093 2199 4146 mulierem
2234 4108 2351 4147 ma-

772 4191 880 4235 nto
933 4181 1212 4236 inimicam
1245 4197 1369 4235 esse
1413 4181 1758 4250 cognoscas?
1793 4179 2084 4246 Quomodo
2136 4181 2190 4235 id
2228 4183 2352 4237 inde

776 4271 1133 4326 manifestum
1166 4287 1275 4325 non
1307 4280 1410 4331 est.
1440 4271 1586 4339 quod
1620 4272 1749 4325 dum
1784 4269 2050 4325 adversus
2073 4271 2226 4324 illum
2250 4271 2350 4326 ho-

772 4364 914 4417 stilia
938 4364 1161 4433 cogitat,
1192 4364 1245 4417 in
1271 4366 1436 4418 vitam
1464 4379 1755 4432 progressu
1788 4363 1953 4417 fetum
1978 4362 2351 4433 privat?Quo.

772 4451 933 4504 modo
960 4451 1128 4521 igitur
1162 4452 1373 4503 dictum
1417 4450 1671 4505 est:l.ex
1725 4465 1847 4519 qua:
1906 4452 2055 4520 ipsos
2108 4458 2345 4518 separat,

768 4541 1037 4603 obtineto,
1087 4540 1432 4608 IllarilUSflllt‘
1472 4539 1763 4594 secedendi
1793 4554 1822 4593 a
1852 4539 2087 4594 muliere
2138 4539 2192 4592 in
2243 4539 2347 4593 hoc

770 4631 1018 4685 facinore
1081 4631 1423 4701 deprehensa
1487 4630 1811 4683 facultatem
1869 4631 2086 4683 habeto.
2130 4629 2265 4683 Nam
2298 4631 2343 4683 si

767 4739 887 4791 qua:
915 4724 1094 4778 solum
1128 4734 1283 4779 extra
1318 4726 1431 4791 (5|)
1458 4723 1603 4778 :cdes
1627 4724 1851 4786 mansit,
1880 4730 1973 4775 aut
2008 4737 2133 4775 cum
2169 4722 2344 4776 homi-

2455 3269 2782 3337 δυσμένειαν
2812 3270 3238 3342 ὲπανῃρημένην
3269 3270 3338 3323 δι’
3369 3264 3446 3323 ὧν
3484 3269 3564 3339 τῷ
3610 3269 3823 3323 ἐκείνου
3870 3270 4051 3324 λωϐᾶ-

2455 3374 2545 3411 ται
2580 3360 2855 3428 σπέρματι
2888 3359 3120 3429 (ἀφίημι
3160 3360 3294 3428 γὰρ,
3321 3360 3403 3412 ὅτι
3450 3360 3545 3413 καὶ
3577 3359 3676 3428 τῆς
3711 3358 3899 3428 κοινῆς
3930 3360 4049 3412 tti-

2457 3450 2647 3512 6ου).ος
2676 3449 2928 3518 φύσεως)
2969 3450 3414 3517 συγκατοικίξειν
3450 3449 3621 3523 αὐτῷ,
3654 3450 3716 3501 Εἰ
3772 3450 3884 3519 γὰρ
3923 3443 4052 3514 toi»;

2457 3540 2537 3603 εἷς
2566 3558 2617 3593 τι
2666 3540 2855 3610 ἕτερον
2900 3539 3059 3610 ἔργον
3092 3526 3298 3613 βλάϐην
3328 3541 3684 3611 ποιουμένους
3714 3540 3790 3601 ὡς
3817 3540 4051 3610 ὲχθροῦς

2455 3632 2902 3702 ἀποτρεπόμεοα,
2928 3632 3045 3695 πῶς
3072 3632 3138 3685 ἂν
3171 3633 3273 3703 τὴν
3306 3634 3385 3694 ei;
3418 3632 3478 3684 τὸ
3500 3632 3721 3684 πάντων
3752 3632 4050 3698 ἀναγκαιό-

2455 3740 2619 3777 τατον
2660 3725 2755 3775 καὶ
2790 3722 3120 3793 τιμιώτατον
3163 3723 3261 3793 τῆς
3302 3723 3654 3783 παιδοποιίας
3710 3722 3875 3793 ἔργον
3914 3723 4049 3773 ἁνυ-

2458 3812 2590 3883 στὴν
2612 3813 2655 3844 “
2683 3811 2889 3882 ζημίαν
2930 3812 3207 3885 φέρουσαν
3272 3811 3347 3875 ὡς
3381 3812 3590 3872 οἰκείαν
3616 3812 3725 3877 ἕξει
3761 3813 3790 3863 ὁ
3822 3812 4048 3880 {aptati-

2459 3922 2620 3975 μενος
2661 3906 2793 3973 παρ’
2832 3903 3033 3974 ἑαυτῷ,
3066 3904 3182 3957 ἀλλ’
3222 3905 3321 3965 οὐκ
3369 3903 3767 3971 ἀττοττέμψεται⁵
3811 3902 3889 3964 ὡς
3932 3904 4048 3955 ἐπί-

2456 3996 2645 4075 ϐουλον
2676 3998 2769 4048 καὶ
2815 3995 3116 4063 πολεμίανς
3149 3995 3216 4048 Τί
3252 3984 3369 4075 γὰρ
3394 3996 3462 4049 ἂν
3504 3996 3902 4065 ἐναργέστερον
3939 4012 4045 4064 ση-

2457 4073 2609 4153 μεῖον
2645 4086 2965 4155 ἐπιζητήσει
2998 4084 3101 4150 ἔτι,
3128 4085 3270 4138 ὦστε
3318 4073 3447 4139 ἰδεῖν
3471 4089 3554 4139 ὅτι
3582 4087 3809 4148 δύσνους
3836 4090 3875 4156 ἡ
3910 4090 4050 4155 γυνὴ

2453 4177 2531 4246 τῷ
2562 4177 2745 4247 ἀνδρίς
2775 4177 2891 4240 πῶς
2923 4177 2967 4229 δ’
2995 4178 3117 4247 οὐχ).
3142 4176 3525 4249 φανερδνξότι
3554 4180 3612 4231 ἐν
3644 4179 3722 4248 τῷ
3746 4182 3872 4232 κατ’
3904 4178 4044 4232 ἑκεί-

2454 4288 2545 4322 νου
2583 4272 2801 4339 φρονεῖν
2830 4270 2927 4337 τῆς
2953 4271 3090 4340 πρὸς
3118 4270 3179 4323 τὸ
3203 4270 3305 4340 ζῇν
3344 4271 3583 4341 παρόδου
3621 4272 3925 4340 ἀποστερεῖ
3948 4270 4049 4339 τὴν

2454 4365 2645 4431 γονήν;
2677 4363 2891 4428 Ὠσπερ
2912 4358 3004 4415 οὗν
3038 4364 3279 4432 εῐρηται,
3326 4364 3385 4416 '0
3410 4363 3638 4415 διὶστῶιῖ
3671 4364 3871 4424 αὐτοὺς
3916 4379 4045 4430 κρα-

2453 4453 2615 4507 τεῖτω
2643 4454 2830 4522 νόμος,
2854 4455 2948 4505 καὶ
2964 4453 3149 4507 ἄδειαν
3183 4455 3212 4507 ὁ
3237 4456 3487 4524 γαμέτης
3505 4454 3677 4523 ἐχέτω
3706 4437 4047 4523 ~Imp-Iastia:

2456 4546 2557 4613 τῆς
2592 4544 2687 4596 ἐπὶ
2720 4543 2947 4611 τοιούτῳ
2970 4543 3280 4613 τολμήματι
3311 4538 3719 4614 πεφωραμένης
3753 4546 4044 4611 γυναικός.

2456 4635 2518 4687 Εἰ
2542 4634 2652 4703 γὰρ
2683 4632 2778 4685 καὶ
2812 4632 2971 4702 μόνον
3002 4631 3109 4697 ἔξω
3161 4632 3426 4700 μείνασαν
3466 4633 3569 4703 τῆς
3596 4634 3797 4697 οἰκίας,
3828 4634 3861 4703 ἢ
3899 4649 4045 4701 συμ-

2454 4726 2643 4778 ποσίου
2697 4722 3075 4793 μετασχοῦσαν
3108 4724 3421 4793 προσώποις
3451 4720 3534 4789 οἷς
3586 4726 3648 4777 οὐ
3699 4724 4042 4793 νενᾶμισται,

2068 4883 2304 4940 VARUE
2335 4884 2741 4943 LECTIONES.

830 5003 872 5076 εί
898 5003 1173 5076 Laulatnr
1202 5005 1270 5057 ab
1300 5003 1631 5071 llarmenop.
1668 5002 1766 5056 lib.
1798 5019 1869 5064 IV,
1917 5003 1998 5057 tit.
2024 5003 2107 5069 12,
2132 5020 2183 5074 p.
2215 5004 2341 5058 σιτ.
2433 5005 2477 5036 ³³
2499 5003 2669 5060 Codd.
2705 5002 2772 5056 ἂν
2806 5003 2867 5056 οὗ
2898 5004 3017 5071 τήν.
3045 5003 3237 5076 Steph.
3269 5004 3601 5075 ἀκροτάτην,
3633 4958 4029 5073 δῃειιιςέιιιιετε

766 5074 919 5145 ἀνδρὶ
953 5075 1053 5144 τήν
1098 5075 1383 5145 legendum
1413 5083 1768 5128 consuerunt.

2233 5189 2465 5246 ΝΟΤᾸΕ.

836 5332 1046 5399 (22-23)
1086 5331 1294 5385 Tertul.
1343 5331 1439 5385 lih.
1491 5329 1562 5381 De
1605 5329 1851 5384 velandis
1905 5331 2209 5400 virginibus
2268 5332 2344 5387 ait

766 5404 988 5471 nuptias
1015 5402 1083 5457 de
1113 5403 1298 5455 animo
1323 5410 1376 5455 et
1407 5400 1601 5453 aﬂecIu
1634 5401 1769 5459 fieri.
1793 5403 2255 5471 quemadmodum
2286 5415 2339 5457 et

766 5486 1039 5539 stuprum.
1066 5471 1221 5525 Adde
1241 5471 1427 5525 Matth.
1464 5488 1516 5531 ι’,
1549 5487 1690 5524 vers.
1729 5471 1815 5523 9.8.

836 5544 947 5609 (2H)
988 5544 1180 5597 Exstat
1216 5542 1355 5610 apud
1381 5544 1433 5596 4.
1470 5542 1654 5594 llnmt.
1706 5541 1911 5607 I-‘2,§6.

837 5613 948 5681 (25)
982 5614 1053 5668 lit
1085 5612 1220 5665 Nov.
1255 5612 1457 5666 Justin.
1492 5611 1582 5668 2‘1.
1618 5628 1667 5664 c.
1708 5612 1791 5681 I6.
1832 5611 1857 5674 ξ
1898 5614 1946 5671 Ι.
1987 5614 2162 5668 fuerat
2199 5630 2335 5668 con-

767 5680 1021 5736 sirtutum
1069 5700 1081 5733 :
1144 5682 1412 5738 omissum
1466 5698 1595 5736 vero
1647 5682 1700 5735 in
1748 5680 1883 5737 Nov.
1923 5685 2043 5749 117,
2097 5702 2146 5739 c.
2182 5685 2235 5750 8,
2284 5688 2336 5739 in

765 5756 855 5807 fin.

830 5824 941 5892 (9J5)
965 5824 1165 5879 (lenes.
1202 5840 1261 5877 ιι.

2523 5332 2638 5401 (θὶῚ)
2667 5331 2862 5388 Mulier
2891 5350 2955 5391 et
2983 5335 3105 5390 viro
3127 5343 3182 5391 et
3214 5346 3437 5403 propter
3467 5337 3667 5388 virum.
3728 5330 3946 5403 'l'crtul.
3981 5332 4036 5396 ὃ,

2452 5402 2717 5457 adversus
2752 5403 3086 5458 Marcinnem
3109 5418 3161 5459 et
3186 5401 3279 5460 lih.
3306 5401 3379 5459 De
3411 5405 3627 5459 veland.
3656 5401 3919 5461 virginib-

2530 5473 2644 5540 (28)
2676 5472 2751 5527 De
2783 5476 2976 5530 abortu
3014 5476 3136 5530 vide
3166 5478 3199 5529 I.
3234 5476 3287 5540 8,
3333 5477 3406 5532 De
3462 5477 3627 5530 sicar.
3672 5473 3710 5526 Ι.
3744 5470 3816 5525 59
3856 5470 3916 5525 ﬂ'.
3956 5469 4035 5526 De

2488 5560 2648 5600 mnis.

2450 5561 2648 5615 pmms.

2522 5612 2634 5682 (29)
2661 5611 2795 5666 Nov.
2831 5614 3112 5679 22,c.16,
3150 5616 3175 5683 ξ
3210 5616 3257 5669 ι.

2521 5685 2636 5749 (50)
2664 5684 2797 5736 Nov.
2822 5685 2943 5745 117,
2977 5701 3028 5737 c.
3062 5687 3115 5748 8,
3144 5690 3197 5740 in
3225 5687 3317 5741 lld.

2524 5754 2636 5822 (5|)
2674 5753 2732 5805 ll.
2765 5753 2897 5807 Nov.
2930 5756 3047 5816 ll7.
3083 5773 3133 5810 c.
3167 5758 3221 5823 8,
3257 5774 3397 5813 vers.
3440 5758 3497 5813 Si
3532 5760 3757 5816 uolente
3797 5762 3921 5818 vim
3953 5760 4037 5818 fs~

2454 5825 2530 5881 ris
2555 5824 2777 5878 domum
2804 5828 3088 5881 manserit.
