4248 6442
228 389 335 453 497
1308 390 1671 452 NOVELLE
1702 389 1905 451 CONS'

1823 387 2267 451 lS’l‘lTUTlON
2273 390 2381 452 ES.
3390 384 3500 453 498

231 503 337 571 τῆς
366 498 615 571 γαμικῆς
647 499 944 569 συναφείας
972 500 1002 553 δ
1040 499 1205 571 νόμος
1234 497 1407 569 αυτὴν
1453 498 1633 567 διιστᾷ
1659 497 1806 560 (καί-
1841 505 1887 560 Α

1841 505 1887 560 Α
1918 494 2079 550 nibus
2105 510 2231 550 cum
2255 495 2461 567 quibus
2479 509 2587 551 non
2608 495 2827 552 deceret
2845 494 3133 551 convivata
3162 493 3376 565 (52-33)
3397 505 3500 558 est,

227 609 383 660 τοιγε
411 589 651 644 ἐνταῦθα
675 591 774 660 οὐχ
797 590 944 644 οὕτω
965 590 1269 661 περιφανὲς
1290 589 1487 657 ὁρᾶται
1520 588 1827 658 μαρτύριον

1938 588 2079 643 lianc
2105 588 2244 643 lexa
2285 602 2428 643 nexu
2450 588 2842 643 matrimoniali
2889 595 3110 659 separat
3133 588 3280 653 (cum
3321 594 3506 640 tamen

224 683 330 752 τῆς
363 684 500 754 πρὸς
534 683 626 736 τὸν
647 681 814 753 ἀνδρα
835 682 1183 753 δυσμενείας,
1206 681 1592 750 συνενεχθῆναι
1608 681 1649 711 ³³
1667 679 1827 732 τοῦτο

1826 712 1827 721 η
1935 677 2024 730 ltic
2050 681 2103 730 in
2132 679 2390 733 maritum
2425 678 2537 732 odii
2567 677 2776 731 nullum
2815 688 2922 730 tant
2981 678 3209 731 evidens
3261 676 3503 729 testimoo

229 777 372 841 abtﬁ
404 772 646 826 τοιοῦτον
689 770 838 834 είκδς
868 772 963 826 καὶ
1007 771 1232 841 μηδενὸς
1264 770 1600 839 ἀδικήματος
1621 766 1698 837 τῷ
1724 766 1826 833 γά-

1935 769 2083 821 niutn
2108 768 2202 830 sit.
2231 777 2286 823 et
2312 770 2585 824 accidisse
2618 769 2672 823 id
2701 768 2775 822 illi
2804 768 2944 822 citra
2992 769 3324 824 matrimonii
3361 769 3506 837 inju-

234 884 321 935 μῳ
343 864 753 933 συμϐαίνοντος)
771 903 787 925 ,
814 862 938 917 τίνα
960 863 1120 931 λόγον
1153 863 1288 927 ἕξει,
1332 862 1430 932 τὴν
1468 862 1546 921 είς
1574 854 1825 911 τοσοῦτον

1935 860 2072 913 riam
2101 859 2270 913 videri
2302 861 2466 914 etiam
2495 862 2721 930 possit),
2748 860 2912 929 cujus
2959 861 3191 916 rationis
3231 863 3356 928 erit,
3380 877 3502 917 eam

233 956 336 1024 μὲν
380 957 653 1009 ἐλάσασαν
706 956 917 1025 μίσους,
944 953 1087 1007 οὕτω
1132 954 1188 1006 δὲ
1218 953 1398 1007 ἄδικον
1444 950 1540 1003 καὶ
1581 950 1706 1019 περὶ
1734 946 1825 1000 τὸν

1930 966 2052 1019 quae
2083 959 2296 1005 tantum
2342 959 2562 1021 tamque
2588 953 2641 1005 in
2678 955 2935 1006 maritum
2977 963 3034 1006 et
3061 961 3311 1006 naturam
3350 954 3502 1022 inju-

229 1049 401 1119 ἄνδρα
427 1050 523 1100 καὶ
545 1049 674 1116 περὶ
699 1047 797 1118 τὴν
828 1046 992 1116 φύσιν
1027 1045 1103 1115 μὴ
1131 1044 1522 1110 διαζευγνύειν,
1565 1042 1614 1093 εί
1667 1037 1824 1092 τοῦτο

226 1142 375 1193 δοκεί
402 1140 479 1211 τῷ
503 1141 673 1211 ἀνδρὶ,
697 1139 810 1193 ἀλλ’
834 1138 1150 1210 ἐπιτρέπειν
1185 1137 1430 1191 σύνοικον
1466 1134 1630 1204 ἔχειν,
1657 1134 1690 1203 ἢ
1727 1133 1823 1199 ἐφ-

227 1233 439 1304 εδρεύει
470 1236 537 1304 τῇ
570 1233 779 1286 ἐκείνου
806 1232 951 1302 Cum;

794 1346 1109 1400 ΔΙΑΤΔΞΙΣ
1147 1346 1275 1400 ΛΒ’.

228 1464 370 1532 Περι
407 1463 515 1518 τοῦ
569 1463 663 1517 ἐπ’
694 1462 1017 1533 αὐτοφώρῳ
1066 1462 1323 1526 ἁλόντος
1383 1458 1601 1528 μοιχοῦ
1639 1458 1676 1525 ἣ
1694 1473 1821 1525 μοι·

864 1532 1140 1601 χαλίδος.

307 1647 371 1701 '0
401 1648 567 1712 αὐτὸς
599 1647 855 1719 βασιλεὺς
878 1644 1156 1715 Στυλιανῷ
1181 1644 1262 1716 τῷ
1293 1642 1464 1712 αὐτῷ.

295 1742 374 1794 Τὸ
422 1744 522 1812 τῆς
596 1739 840 1811 μοιχείας
903 1738 1036 1807 ἄγος
1090 1740 1248 1808 εῐπερ
1286 1754 1338 1790 τι
1383 1735 1511 1790 ἄλλο
1564 1733 1673 1786 τῶν
1721 1734 1817 1786 ἀν-

1933 1041 2071 1094 rinm
2096 1041 2278 1095 odium
2311 1037 2652 1111 conceperit,
2680 1058 2789 1097 non
2821 1043 3164 1113 disjungere,
3193 1045 3238 1099 si
3278 1045 3354 1098 ita
3382 1062 3501 1099 ma-

1932 1133 2035 1186 rito
2062 1132 2331 1196 videatur,
2362 1143 2417 1188 et
2439 1133 2637 1203 jubere
2663 1135 2841 1204 ipsum
2876 1151 3098 1190 uxorem
3129 1136 3353 1201 habere,
3383 1152 3504 1206 qua:

1931 1221 2103 1292 ipsius
2125 1224 2248 1278 vitae
2273 1224 2561 1278 insidietur
2592 1225 2615 1277 ?
3366 1221 3384 1236 “

2279 1338 2743 1393 coxsrtrurto
2777 1337 2970 1394 χχχιι
3005 1342 3137 1407 (δι).

2034 1455 2111 1509 De
2131 1455 2387 1508 adulteris
2423 1456 2705 1523 manifesto
2740 1456 2855 1525 (55)
2891 1455 3224 1524 deprehensis
3256 1455 3392 1525 (56).

1997 1654 2143 1708 idem
2179 1656 2480 1726 imperator
2507 1655 2686 1711 eidem
2727 1656 2999 1727 Styliauo.

1995 1744 2260 1801 Adulterii
2315 1749 2511 1802 scelus~
2550 1748 2594 1802 si
2634 1749 2785 1818 quod
2841 1748 2990 1802 aliud
3020 1763 3238 1818 gravem
3272 1748 3501 1804 horren-

234 1852 387 1889 οσιου
396 1851 501 1903 ργη
511 1832 695 1902 μάτων
726 1831 952 1903 βαρεῖαν
973 1835 1067 1885 καὶ
1082 1830 1320 1900 φοϐερὰν
1336 1829 1559 1881 ἀπαιτεῖ
1580 1826 1677 1897 τὴν
1695 1843 1815 1877 ποιο
1848 1857 1890 1912 Β

1848 1857 1890 1912 Β
1922 1837 2161 1907 dantque
2207 1852 2426 1907 pmnatn
2488 1839 2695 1908 exigit,
2750 1848 2803 1893 et
2851 1842 2948 1909 (ut
2990 1845 3161 1910 puto)
3216 1839 3496 1894 homicidii

227 1926 325 1994 νὴν
351 1923 469 1988 καὶ,
495 1918 672 1991 οἶμαι,
698 1921 772 1991 μὴ
810 1919 1165 1991 ἀνδροφονίας
1195 1916 1621 1987 ἑλαττουμένην·
1653 1918 1681 1969 ὁ
1713 1915 1810 1985 μὲν

1915 1944 2073 2001 pmna
2138 1944 2245 1983 non
2323 1931 2612 1985 minorem.
2678 1929 2958 1986 Homicida
3034 1933 3179 1988 enim
3254 1947 3498 2005 persaepe

227 2018 340 2084 γὰρ
367 2015 466 2082 τῆς
502 2011 815 2084 μιαιφονίας
844 2010 1082 2081 ἐργάτης
1129 2009 1247 2071 ἑνός
1282 2025 1427 2069 τινος
1455 2008 1713 2067 πολλάκις
1742 2009 1807 2076 τῇ

232 2105 511 2175 μιαιφόνῳ
560 2104 705 2173 χειρὶ
737 2103 1035 2172 ἀνατρέπει
1063 2102 1154 2154 τὸν
1184 2100 1320 2170 βίον,
1350 2101 1379 2152 ὁ
1406 2100 1461 2151 δὲ
1489 2098 1683 2169 μιαρὸς
1716 2098 1811 2166 τῆς

233 2195 483 2266 μοιχείας
540 2194 783 2264 ἐργάτης
834 2192 1105 2245 πλείστων
1153 2190 1294 2243 ὅσων
1324 2189 1588 2256 ἀνέτρεψε
1641 2188 1811 2256 βίους,

229 2289 446 2356 ἀνδρὸς,
480 2288 708 2350 παίδων,
738 2282 1018 2351 συγγενῶν
1038 2283 1236 2346 ἄλλων,
1266 2285 1365 2353 μιᾷ
1396 2281 1577 2350 πληγῇ
1608 2280 1816 2341 πάντας

229 2382 298 2448 τῇ
333 2378 447 2430 τῶν
482 2378 677 2447 γάμων
705 2377 1033 2446 ἀνατρέπων
1063 2374 1422 2446 διασπαράξει
1441 2374 1505 2427 ³⁵.
1534 2373 1679 2442 Πλὴν
1702 2372 1815 2424 ἀλλ’

231 2472 362 2524 ἐπεὶ
390 2470 560 2524 πάλαι
580 2470 727 2539 φόνῳ
746 2469 1061 2538 τιμωμένης
1081 2470 1126 2501 ³⁸
1147 2469 1242 2539 τῆς
1268 2466 1648 2537 ἀνοσιουργίας
1673 2465 1816 2531 ἔδοξε

232 2565 349 2625 τοῖς
385 2562 522 2631 μετά
558 2561 732 2614 ταῦτα
765 2560 1286 2631 φιλανθρωποτέραν
1317 2560 1572 2629 ἐκφέρειν
1614 2560 1816 2629 ψῆφον,

238 2656 331 2709 ἀεὶ
362 2655 418 2706 δέ
450 2672 569 2716 πως
595 2656 743 2723 ἡμᾶς
775 2655 809 2723 ἡ
844 2653 1336 2723 φιλανθρωποτέρα
1364 2653 1654 2719 ἐφέλκεται
1680 2650 1819 2719 γνὼ-

240 2763 347 2817 μη,
385 2747 454 2817 ἣν
482 2749 683 2799 ἐκεῖνοι
727 2746 936 2816 ὥρισαν
959 2747 1006 2780 ³⁸
1044 2746 1319 2816 τιμωρίαν
1360 2746 1529 2817 (φημὶ
1560 2745 1624 2813 δὴ
1657 2744 1754 2812 τῆς
1778 2744 1820 2775 ιτ

236 2839 390 2909 ῥινὸς
433 2841 641 2909 ἐκτομῇ
694 2838 1039 2909 ἀμφοτέρους
1085 2839 1212 2900 τοὺς
1257 2838 1475 2904 ὲναγεῖς
1521 2834 1824 2888 ὑποϐάλλε-

238 2929 413 2998 σθαι),
450 2928 610 2981 τοῦτο
632 2929 726 2981 καὶ⁸
752 2930 916 2999 ἡμεῖς
963 2928 1240 2998 ὁρίζομεν.
1286 2927 1449 2980 Ἀλλά
1473 2916 1567 2980 τοῦ
1607 2927 1707 2997 μὲν
1728 2929 1823 2980 ἁν-

233 3022 673 3090 οτιονργήματος
700 3019 840 3073 ἔστω
867 3021 1026 3073 τοῦτο
1052 3021 1234 3089 ποινή.

329 3111 619 3164 Ἐπεὶ³⁸δὲ
654 3112 750 3165 καὶ
796 3097 890 3164 τὸν
922 3110 1092 3181 ἄνδρα
1127 3111 1234 3180 χρὴ
1271 3110 1393 3164 ἀντὶ
1421 3110 1521 3179 τῆς
1560 3109 1828 3180 τοσαύτης

236 3203 460 3267 ἀδικίας
511 3204 587 3274 μὴ
644 3202 1079 3274 ἀπαραμύθητον
1097 3203 1141 3234 ³⁹
1174 3202 1341 3273 ἔχειν.
1365 3202 1535 3271 ἐχέτω
1557 3201 1818 3271 παραμύ-
1848 3185 1891 3242 (ἶ

241 3282 361 3347 θιον
396 3298 460 3347 ἐκ
487 3294 581 3347 τοῦ
606 3294 706 3365 τὴν
733 3296 938 3363 προῖκα
967 3292 1265 3362 λαμϐάνειν
1294 3292 1394 3362 τῆς
1415 3292 1676 3361 ὀφθείσης
1702 3292 1819 3345 ἀδί-

244 3403 346 3438 κου
405 3385 537 3453 περὶ
584 3385 653 3436 τὰ
706 3384 921 3452 γαμικὰ
971 3382 1158 3434 δίκαια
1205 3382 1482 3450 γυναικός.
1545 3383 1723 3451 Αὐτὴν
1765 3382 1820 3434 δὲ

246 3477 516 3546 μηδαμῶς
542 3474 801 3544 ἀφίεσθαι
850 3473 959 3527 τῶν
1005 3474 1198 3543 γάμων
1255 3472 1664 3544 κατορχεῖσθαι,
1698 3473 1820 3543 μηδ’

244 3568 439 3638 ὥσπερ
468 3561 632 3619 ἆθλον
662 3564 960 3633 λαμϐάνειν
978 3564 1022 3595 ⁸⁸
1048 3565 1105 3615 ὲν
1137 3565 1205 3634 τῇ
1250 3563 1360 3615 τῶν
1408 3563 1571 3634 ῥινῶν
1612 3567 1819 3634 ἐκτομῇ

242 3644 419 3719 ἀδεῶς
448 3656 508 3707 τὸ
541 3655 727 3707 λοιπὸν
752 3658 865 3719 τοῖς
893 3654 1216 3717 ἀκολάστοις
1252 3653 1679 3723 συμπλέκεσθαι,
1707 3653 1822 3707 ἀλλ’

246 3750 308 3801 ὲν
354 3746 703 3817 μοναστηρίῳ
753 3743 1166 3816 περιορίζεσθαι
1213 3744 1353 3815 ὑπὲρ
1382 3740 1449 3814 ἧς
1480 3747 1825 3814 παρανομίας

246 3839 608 3908 τετόλμηκεν,
665 3838 724 3889 ὲν
780 3836 1042 3906 συντριϐῇ
1086 3835 1185 3905 τῆς
1212 3833 1389 3904 ψυχῆς
1427 3836 1827 3906 εὐμενεστέραν

248 3932 420 3999 ἑαυτῇ
442 3931 538 3999 τὴν
570 3928 781 3982 ἐκεῖθεν
808 3926 1124 3980 καθιστῶσα
1143 3927 1323 3998 δίκην,
1353 3927 1446 3979 καὶ
1480 3928 1615 3996 πρὸς
1649 3928 1826 3996 ἔρωτα

252 4024 356 4094 μὲν
397 4020 491 4074 τοῦ
529 4022 797 4091 μονήρους
832 4018 949 4089 βίου
995 4019 1346 4087 καταστάσης
1381 4020 1548 4088 αὐτῆς
1578 4023 1673 4072 καὶ
1702 4020 1827 4072 τοῦ·

246 4132 343 4168 τον
389 4112 817 4182 ὲπανελομένης,
862 4113 963 4181 τὴν
1012 4110 1333 4179 περιουσίαν
1355 4111 1456 4179 ὂση
1496 4109 1828 4181 κεχώρισται

245 4206 351 4274 τῆς
378 4203 603 4273 προικὸς
622 4201 747 4264 τούς
770 4218 828 4254 τε
860 4201 1058 4263 παῖδας
1092 4201 1184 4253 καὶ
1211 4203 1275 4253 τὸ
1305 4202 1667 4271 μοναστήριον
1696 4220 1821 4256 συν-

248 4295 653 4365 διανείμασθαι,
681 4294 729 4346 εί
753 4293 810 4346 δὲ
837 4292 912 4362 μὴ
951 4292 1138 4355 παῖδες
1175 4295 1422 4362 παρεῖεν,
1449 4294 1563 4345 ἀντ’
1596 4294 1820 4349 ἐκείνων

1913 2023 2078 2076 unius
2131 2030 2341 2075 tantum
2402 2023 2759 2092 sanguinaria
2815 2039 2977 2078 manu
3033 2026 3201 2078 vitam
3244 2027 3493 2079 evertit:

1914 2115 2180 2169 scelestus
2206 2130 2337 2167 vero
2387 2115 2643 2169 adulterii
2700 2126 3046 2185 perpetrator
3103 2132 3266 2186 quam
3322 2117 3496 2186 pluri-

1917 2220 2035 2259 mos
2066 2205 2180 2259 lere
2215 2207 2282 2258 do
2318 2207 2496 2259 medio
2551 2208 2727 2271 tollit,
2786 2196 3075 2274 maritum,
3137 2210 3371 2273 liberos,
3404 2224 3497 2263 en-

1917 2304 2149 2365 gnatus,
2216 2297 2495 2365 aliosque,
2559 2299 2689 2351 dum
2750 2316 2858 2353 uno
2912 2302 3141 2379 vulnere
3194 2302 3497 2355 dilacerata

1919 2388 2268 2441 matrimonio
2294 2404 2486 2445 omnes
2535 2392 2861 2460 prosternit.
2925 2392 3313 2446 Verumtamen
3344 2395 3493 2457 quia,

1919 2495 2042 2533 cum
2063 2481 2190 2533 olim
2219 2481 2272 2533 id
2296 2481 2510 2536 facinus
2536 2492 2711 2538 morte
2739 2483 2949 2552 (57-59)
2980 2484 3288 2552 puniretur,
3318 2485 3497 2539 visum

1920 2583 2004 2627 est
2036 2574 2430 2643 posterioribus
2471 2576 2741 2631 mitiorem
2775 2578 3024 2647 proferre
3060 2578 3407 2644 sententiam,
3433 2592 3499 2632 ac

1922 2679 2051 2718 vero
2071 2678 2286 2733 semper
2316 2680 2416 2720 nos
2447 2665 2561 2721 fere
2581 2668 2646 2722 ad
2673 2668 2985 2737 benigniora
3024 2671 3312 2733 trahimur,
3334 2685 3498 2739 quam

1922 2754 2001 2807 illi
2059 2753 2466 2807 constituerunt
2528 2772 2767 2825 prunam,
2816 2767 2875 2810 ut
2919 2773 3114 2827 nempe
3144 2774 3313 2815 nasus
3383 2758 3499 2828 (40)

1926 2844 2262 2899 detestandis
2292 2845 2405 2901 illis
2433 2847 2707 2902 ambobus
2732 2848 3115 2915 abscindatur,
3144 2850 3288 2905 hanc
3309 2858 3363 2907 et
3398 2867 3501 2907 nos

1925 2935 2243 2992 statuimus.
2264 2938 2440 3007 Atque
2474 2937 2590 2993 ltzec
2612 2939 2832 3010 quidem
2863 2938 3059 2995 nefarii
3086 2942 3249 2997 istius
3279 2944 3502 2999 sceleris

1928 3038 2047 3083 esto
2076 3042 2261 3099 paena.
2568 3102 2569 3105 η

2001 3120 2080 3175 Ac
2098 3122 2358 3191 quoniam
2390 3122 2646 3179 maritum
2674 3137 2773 3193 pro
2799 3131 2949 3178 tanta
2969 3122 3171 3193 injuria
3202 3126 3339 3179 citra
3370 3141 3503 3179 con-

1924 3212 2247 3268 solationem
2277 3214 2510 3283 relinqui
2548 3230 2655 3268 non
2691 3222 2933 3284 oportet,
2960 3216 3014 3269 in
3046 3217 3380 3288 matrimonii
3412 3216 3504 3284 jus

1924 3300 2140 3369 injuria:
2176 3303 2426 3357 mulieris
2460 3303 2574 3371 (M)
2602 3303 2783 3357 dotem
2845 3304 3201 3374 percipiendo
3224 3320 3283 3359 se
3307 3321 3505 3359 conso-

1925 3394 2087 3449 lator.
2120 3395 2349 3465 Insuper
2375 3396 2589 3450 mulieri
2615 3397 2680 3448 ad
2702 3396 2905 3449 alteras
2928 3397 3146 3465 nuptias
3171 3397 3498 3465 prosultare,

1926 3500 2123 3554 neque,
2143 3488 2300 3553 quasi
2327 3485 2378 3539 in
2397 3477 2515 3540 nasi
2534 3486 2877 3541 abscissione
2900 3489 3182 3555 praemium
3203 3477 3501 3558 acoeperit,

1927 3575 2096 3629 libere
2124 3576 2177 3628 in
2209 3585 2483 3645 posterum
2513 3592 2573 3631 se
2603 3592 2727 3631 cum
2781 3577 3091 3633 libidinosis
3122 3579 3501 3642 connniseere,

1927 3680 2275 3735 nequaquam
2298 3666 2625 3735 permittitor
2652 3683 2666 3719 :
2698 3667 2794 3721 sed
2821 3668 2892 3721 ob
2915 3669 3096 3722 scelus
3117 3669 3501 3732 commissum,

1928 3758 1983 3811 in
2020 3758 2409 3813 monasterium
2435 3760 2549 3827 (ubi
2573 3759 2625 3813 in
2658 3760 2991 3815 contritione
3023 3763 3218 3814 anima:
3245 3762 3502 3817 leviorem

1926 3849 2030 3903 sibi
2051 3864 2265 3919 poenam
2291 3848 2480 3920 faciat)
2515 3851 2661 3905 velut
2692 3851 2744 3905 in
2776 3852 3028 3906 exsilium
3055 3852 3383 3906 detruditor.
3415 3852 3501 3916 Et,

1928 3940 1971 3992 si
2004 3939 2322 3993 monasﬁcae
2348 3940 2472 3994 vitae
2500 3940 2775 3995 desiderio
2823 3950 3100 4009 correpta,
3132 3943 3277 3996 illam
3307 3959 3501 3996 susce-

1928 4030 2090 4099 perit,
2117 4046 2458 4096 utracunque
2491 4034 2662 4103 ipsius
2695 4034 2830 4087 bona
2857 4050 2884 4087 a
2916 4034 3044 4089 dote
3071 4042 3319 4103 separata
3344 4044 3495 4098 sunt,

1923 4135 1986 4173 ea
2021 4122 2175 4175 liberi
2203 4130 2258 4177 et
2289 4125 2682 4179 monasterium
2737 4128 2875 4179 inter
2901 4141 2959 4178 se
2989 4126 3364 4180 distribuunto
3390 4145 3403 4178 :
3452 4128 3500 4179 si

1926 4210 2085 4266 liberi
2135 4214 2270 4267 nulli
2324 4216 2624 4285 supersint,
2663 4233 2762 4287 pro
2803 4218 2913 4271 illis
2944 4227 3217 4287 parentes,
3247 4227 3302 4273 et
3333 4220 3376 4272 si
3409 4233 3503 4271 ne-

1925 4316 2033 4370 que
2058 4304 2109 4356 lti
2141 4313 2290 4369 sunt,
2313 4306 2403 4359 alii
2437 4322 2653 4377 cognati
2673 4308 2739 4362 ad
2764 4309 3086 4364 divisionem
3120 4312 3461 4365 adducuntor
3486 4350 3502 4364 .

248 4387 333 4447 είς
360 4384 463 4455 τὴν
490 4382 751 4452 διανομὴν
777 4378 1126 4451 ἐσάγεσθαιίδί
1160 4382 1289 4442 τοὺς
1320 4381 1539 4449 γονέας,
1572 4382 1622 4434 εί
1648 4382 1704 4435 δὲ
1726 4385 1820 4437 καὶ
1859 4404 1905 4459 υ

1859 4404 1905 4459 υ
1930 4392 2086 4459 Quod
2127 4395 2172 4449 si
2228 4396 2282 4451 in
2332 4397 2564 4469 profano
2600 4400 2783 4455 habitu
2816 4418 2847 4457 e
2889 4402 2997 4455 vita
3043 4403 3269 4458 excedat
3302 4443 3317 4467 ,
3378 4417 3502 4456 cum

1551 4564 1787 4621 VARIZE
1825 4569 2239 4633 LECTIONES.

317 4706 364 4737 ³⁸
386 4702 574 4767 Steph.
600 4702 724 4755 ἐπεὶ
769 4717 946 4755 συνεν.
979 4702 1061 4755 vel
1094 4718 1272 4757 συνεν.

1324 4704 1466 4778 γὰρ...
1496 4705 1646 4778 ῥεγι.
1673 4713 1765 4764 καὶ
1789 4731 1968 4771 συνεν.

2063 4717 2113 4793 '1
2268 4718 2579 4793 διαπράξει.
2669 4722 2715 4754 ³⁸
2730 4721 2864 4775 Cod.
2897 4721 3502 4793 unusrtpmpoupévn;

260 4778 307 4863 ἒξ
336 4770 1961 4863 ΙξεέλἓηρκξξξῇᾹ-ξξὸξὲἰιιιετἐπειδή.
1996 4787 2040 4818 ³⁸

260 4839 1428 4932 §ed‘&0}?v_‘_§1lf§fﬁl_\ffég9tiﬁlfjfégatt
1448 4857 1592 4904 recte
1635 4839 1841 4909 habet;
1896 4839 1957 4909 οἰδ
1996 4839 2738 4917 eum;sarta‘xo'stvgea
2778 4839 3499 4932 artaititis‘a'gatt5;}:

258 4916 417 4970 tinet.
472 4912 517 4943 “
545 4911 658 4967 Ecl.
691 4909 770 4972 είς
787 4911 886 4977 τὴν
909 4910 1078 4981 νομὴν
1118 4911 1452 4978 εἰσάγεσθαι.

1778 5061 2009 5120 NOTAE.

329 5192 546 5271 (δίε-55)
582 5191 720 5271 Nov.
749 5193 842 5251 22.
861 5194 1151 5271 c.15,_§2,
1174 5194 1310 5271 Nov.
1337 5197 1460 5262 117,
1486 5212 1536 5252 e.
1557 5200 1609 5265 8,
1642 5199 1742 5271 ξι.
1770 5218 1819 5254 (ο.

261 5264 347 5319 ibi
369 5267 414 5319 si
446 5279 574 5318 cum
621 5264 755 5319 viris
791 5264 1066 5320 extraneis
1114 5268 1333 5323 nolente
1398 5264 1603 5324 marito
1642 5264 1827 5326 convi-

261 5344 448 5469 νθξξὶδ
483 5402 698 5456 Decima
723 5417 863 5455 nona
892 5403 1090 5457 dicitur
1121 5405 1190 5457 ab
1220 5405 1407 5461 llarm.
1433 5408 1486 5467 6.
1522 5411 1606 5461 tit.
1632 5410 1687 5463 (Ξ.

330 5474 447 5541 (55)
478 5471 909 5543 Ἐπάύτοφὼρῳ
938 5473 1047 5526 dixi
1084 5475 1149 5528 ad
1180 5476 1215 5529 Ι.
1273 5477 1363 5539 25,
1391 5480 1443 5531 π.
1470 5478 1537 5531 de
1570 5482 1741 5535 adult.
1776 5484 1827 5535 in

258 5543 509 5625 ﬂagranti
542 5543 743 5598 delicto
787 5544 1163 5613 deprehensis.
1209 5546 1330 5602 Gal.
1378 5559 1587 5602 trouvez
1634 5570 1729 5605 sur
1784 5554 1829 5608 le

260 5614 547 5760 {236)};
574 5697 776 5760 eorum
833 5697 973 5760 nova
1004 5697 1166 5751 paena
1206 5688 1454 5760 :Aquippe
1488 5703 1652 5743 nasus
1687 5707 1825 5760 prae.

403 5752 665 5829 adulteris
697 5752 919 5821 jubetur
939 5753 1041 5809 hac
1067 5752 1475 5822 constitutione,
1509 5763 1652 5829 quod
1678 5752 1824 5817 ἐρίου

265 5824 421 5878 ribus
450 5824 660 5894 legibus
686 5838 794 5878 non
825 5834 963 5879 erat.

2006 5207 2233 5283 ρει-βε»)
2258 5210 2595 5283 Adulterium
2630 5211 2762 5267 olim
2795 5222 2971 5267 morte
3000 5213 3343 5283 puniebatur,
3383 5218 3494 5274 vid.

1938 5280 1974 5335 1.
2005 5277 2097 5341 50.
2129 5280 2180 5333 in
2206 5280 2297 5337 litt.
2324 5281 2376 5335 ίΐ.
2408 5282 2471 5335 ad
2505 5283 2539 5335 I.
2561 5281 2670 5336 Jul.
2707 5283 2777 5337 de
2809 5283 2976 5337 adult.

2006 5349 2133 5421 (Mil
2170 5349 2611 5421 llarmenopnlns
2649 5353 2879 5419 d.,loco.
2919 5351 3008 5407 Sic
3031 5369 3227 5410 manus
3285 5355 3497 5413 furibus

1974 5419 2302 5495 ranciduntnr
2322 5421 2375 5495 in
2404 5419 2742 5495 bongobard.
2774 5424 2811 5475 l.
2839 5422 2910 5495 De
2941 5424 3196 5479 latronib.
3220 5426 3257 5481 Ι.
3289 5425 3343 5479 Si
3373 5429 3497 5495 quis

1959 5498 2078 5564 atro
2095 5491 2160 5564 de
2175 5490 2335 5564 [urtis
2354 5492 2405 5543 in
2423 5490 2766 5564 Longoltard.
2782 5503 2835 5564 et
2856 5493 2906 5545 in
2926 5496 3155 5562 patriam
3172 5490 3495 5564 conspiran—

1936 5560 2084 5631 tibus
2110 5559 2144 5631 l.
2180 5559 2254 5631 De
2285 5559 2777 5631 cottSpiratoribus,
2810 5562 2882 5615 De
2909 5559 3378 5631 aggressionibfin
3410 5568 3497 5619 via

1938 5630 2167 5701 lactisin
2197 5630 2298 5701 leg.
2329 5629 2572 5699 Longoli.
2611 5630 2749 5687 Nov.
2804 5629 3069 5701 154,enp.
3114 5635 3200 5698 15,
3251 5651 3395 5689 vers.
3439 5634 3494 5689 Si

1933 5713 2060 5751 vero
2084 5699 2332 5770 criminis
2359 5702 2609 5766 qualitas,
2642 5701 2732 5754 ubi
2751 5702 2817 5755 de
2843 5699 3030 5770 pedis,
3049 5719 3261 5770 manus,
3283 5707 3499 5760 aurium

1934 5775 1987 5822 ει
2010 5768 2223 5821 nariutn
2254 5770 2625 5834 amputatiouc
2652 5771 2785 5834 dixi,
2809 5768 2862 5826 et
2883 5789 2964 5826 exc
2984 5768 3264 5827 uacatione.

2003 5837 2115 5907 (41)
2158 5838 2276 5894 Vid.
2310 5837 2443 5895 Nov.
2480 5840 2601 5907 154,
2632 5857 2682 5896 c.
2725 5841 2822 5910 10;
2854 5852 2907 5897 et
2938 5841 3070 5899 Nov.
3111 5843 3229 5910 117,
3251 5858 3301 5899 c.
3332 5845 3388 5904 8.
