4248 6442
246 413 356 482 501

1357 416 1718 480 ΝυνΕιιΑς
1747 412 2422 477 CONSTITUTIONES.

3395 412 3496 476 502

244 530 486 598 λέγουσι,
516 529 616 599 τῆς
643 527 816 598 τύχης
846 526 882 599 ἡ
926 528 1179 600 ἀνισότης
1207 529 1268 582 οὐ
1310 529 1584 599 συγχωρεῖ
1637 526 1818 597 μένειν
1844 526 1896 586 Α

1844 526 1896 586 Α
1921 522 2096 587 aiunt)
2128 520 2332 575 durare
2377 518 2781 574 matrimonium
2818 521 3052 575 fortunae
3100 533 3208 574 non
3237 520 3349 590 (46)
3375 540 3498 591 per-

240 621 342 676 τδν
363 621 566 689 γάμον,
603 619 722 682 πῶς
754 621 804 673 εἰ
840 620 978 691 πρὸς
1007 618 1324 690 ἐλευθερίαν
1356 617 1766 686 ἐπανακληθείη
1795 618 1824 668 ὁ

240 709 776 779 αἰχμάλωτος,μετά
820 709 919 780 τὴν
952 708 1047 762 τοῦ
1073 710 1254 778 γά-μου
1293 709 1535 762 διάλυσιν
1574 707 1712 777 πρὸς
1763 706 1824 758 τὸ

246 801 365 853 ἶσον
382 800 785 871 ἐπανελθούσης
814 802 916 871 τῆς
960 801 1133 871 τύχης
1180 801 1274 854 καὶ
1302 799 1630 870 ἀμφοτέρων
1668 799 1822 853 ἐλευ-

246 891 452 960 θερίως
476 891 761 970 βιούντων,
786 893 887 945 οὐκ
910 895 989 956 είς
1018 892 1079 945 τὸ
1111 891 1225 945 ἴσον
1263 895 1291 946 ὁ
1313 894 1488 964 γάμος
1524 893 1688 947 πάλιν
1722 894 1824 945 ἐπ-

244 981 631 1046 ανελεύσεται;
663 982 771 1034 Ποῦ
814 982 870 1034 δὲ
905 982 967 1034 τδ
1003 982 1385 1052 φιλάνθρωπον
1426 982 1687 1052 καθαρὸν,
1723 982 1823 1051 ζη-

248 1067 415 1137 μιοῦν
471 1069 572 1138 μέν
620 1072 686 1140 τῇ
721 1069 831 1123 τῶν
885 1072 1237 1126 οἰκειοτάτων
1279 1072 1458 1142 μελῶν
1513 1071 1820 1142 ἀφαιρέσει,

246 1162 545 1233 πειρᾶσθαι
594 1163 652 1215 δέ
693 1163 793 1233 τὴν
833 1161 1034 1232 ζημίαν
1093 1161 1535 1234 παραμυθεῖσθαι
1608 1162 1823 1215 ἀντεισ-

247 1257 445 1322 αγωγῇ
472 1254 578 1306 τῶν
620 1255 795 1308 ἄλλων
827 1255 1156 1324 κτημάτων;
1186 1255 1309 1318 Πῶς
1337 1255 1394 1308 δὲ
1419 1256 1580 1325 μέχρι
1597 1254 1688 1307 καὶ
1715 1253 1824 1305 τῶν

245 1341 603 1408 φαυλοτάτων
634 1343 803 1413 αὐτῆς
829 1343 1149 1414 περιουσίας
1192 1344 1300 1398 τῶν
1333 1341 1692 1413 αἰχμαλώτων
1733 1341 1822 1394 λο-

248 1435 466 1502 γίζεται
492 1438 536 1467 ⁸⁸
573 1435 994 1505 φυλαττομένων
1037 1437 1221 1498 αὐτοῖς
1260 1434 1366 1489 τῶν
1411 1434 1657 1498 δικαίων,
1704 1432 1824 1501 οὐχὶ

246 1526 546 1580 πάνδεινον
570 1528 616 1558 ⁸³
640 1525 720 1596 τῷ
765 1526 974 1596 μείζονι
1007 1527 1166 1597 μέρει
1192 1525 1358 1595 (φημὶ
1402 1523 1468 1594 δὴ
1511 1527 1575 1594 τῇ
1611 1524 1704 1578 τοῦ
1744 1526 1823 1576 oi-

245 1616 403 1669 κείου
433 1617 629 1686 μέλους
670 1618 1024 1689 συντηρήσει)
1073 1619 1404 1672 κινδυνεύειν
1441 1617 1636 1678 αὐτοὺς
1680 1616 1753 1686 μὴ
1777 1616 1824 1646 ⁵⁸

245 1709 452 1776 ὁμοίως
474 1708 761 1775 ἀξιοῦσθαι
783 1710 892 1763 τῶν
919 1711 1166 1777 δικαίων,
1185 1711 1300 1764 ἀλλ’
1317 1709 1454 1764 εἶναι
1469 1711 1822 1780 ἀνεπίσχετον

245 1801 348 1872 τὴν
382 1801 610 1872 ζημίαν,
639 1805 688 1856 εἰ
710 1802 871 1856 τοῦτο
898 1805 988 1856 ἐπὶ
1013 1803 1240 1874 γνώμην
1267 1804 1392 1872 ἦκοι
1422 1803 1634 1873 θατέρῳ
1665 1803 1820 1872 μέρει

1926 615 2094 668 mittit
2125 611 2490 681 inaequalitas,
2522 611 2796 680 quomodo
2824 611 2867 663 si
2903 611 2968 663 ad
3004 613 3309 665 libertatem
3343 626 3499 668 revo-

1923 713 2076 758 cetur
2094 705 2362 772 captivus,
2381 716 2506 757 cum
2551 708 2675 771 post
2720 701 3496 757 matrimoniidissolutionem

1922 795 1987 848 ad
2012 794 2431 864 aequabilitatem
2466 792 2684 848 fortuna
2735 793 3224 863 redeat,amboqne
3254 797 3307 849 in
3334 796 3498 849 liber-

1922 892 2034 938 tate
2098 884 2302 946 vivant,
2371 885 2440 938 ad
2492 884 2853 953 aequalitatem
2927 871 3328 939 matrimonium
3388 903 3497 940 non

1921 974 2162 1028 redibit?
2221 973 2351 1039 Quae
2407 989 2534 1028 vero
2587 975 2678 1028 illa
2733 975 2952 1030 sincera
3013 977 3499 1047 bnmauitas,qu:e

1922 1069 2382 1124 amicissimorum
2417 1069 2782 1122 membrorum
2821 1071 3198 1124 subtractione
3237 1072 3495 1127 damnum

1924 1158 2149 1219 inferre,
2185 1158 2526 1227 aliorumque
2554 1159 2947 1214 substitutions
2977 1162 3029 1214 id
3057 1164 3214 1230 quasi
3287 1167 3496 1218 sarcire

1922 1249 2186 1305 conatur?
2213 1248 2511 1314 ‘Quomodo
2568 1248 2801 1310 item,et
2829 1250 2872 1302 si
2920 1267 3093 1319 usque
3123 1253 3187 1306 ad
3230 1253 3496 1307 vilissima

1921 1359 2148 1413 qumque
2177 1343 2514 1412 captivorum
2565 1341 2873 1395 substantia
2915 1337 3040 1409 jure
3068 1351 3322 1412 statuque
3352 1345 3498 1413 ipso-

1923 1451 2041 1488 rum
2071 1435 2282 1504 integro
2307 1443 2543 1499 taxetur,
2569 1435 2694 1487 illos
2717 1448 2823 1486 non
2848 1432 2920 1485 ita
2942 1437 3320 1502 pra‘stantiore
3347 1446 3499 1504 parte

1923 1525 2027 1590 (sui
2087 1540 2285 1594 nempe
2314 1524 2538 1578 membri
2584 1525 3029 1595 conservatione)
3070 1534 3262 1593 .atque
3311 1541 3495 1579 rerum

1923 1630 2144 1672 suarum
2167 1615 2291 1685 jure
2314 1615 2610 1683 periclitari
2644 1617 2801 1676 velle,
2833 1602 3303 1684 immensumque
3351 1619 3499 1668 dam-

1923 1723 2052 1762 nmn
2089 1705 2223 1771 fore,
2261 1707 2307 1761 si
2338 1707 2508 1760 altera
2537 1722 2664 1774 pars
2702 1709 3006 1760 membrum
3033 1723 3189 1761 suum
3226 1708 3499 1776 negligere

1923 1800 1977 1854 in
2009 1800 2253 1853 animum
2279 1798 2524 1860 inducat.
2552 1813 2658 1851 non
2691 1814 2954 1868 perquam
2982 1808 3066 1853 est
3099 1798 3498 1852 manili-stum?

243 1871 514 1962 ἀλογῆσαι
549 1893 647 1947 τοῦ
677 1895 877 1948 οἰκείου
906 1871 1098 1964 μέλους
1114 1871 1216 1961 ;7T-i
1233 1871 1326 1949 οὖν
1354 1912 1496 1964 φημι
1537 1871 1824 1963 ἐγώξἘάν
1849 1871 1897 1930 Β

1822 1871 1897 1931 ιΒ
1925 1891 2063 1957 Quid
2098 1891 2263 1959 igitur
2296 1890 2435 1960 ego?
2462 1890 2520 1944 Si
2542 1905 2666 1942 cum
2693 1891 2867 1944 altera
2920 1906 3048 1960 pars
3079 1891 3133 1944 in
3181 1892 3499 1958 captivitate

243 2001 354 2054 περ
386 1983 482 2036 τοῦ
515 1983 634 2048 ἐνὸς
663 1985 866 2054 μέρους
895 1986 953 2037 ἐν
990 1984 1338 2055 αἰχμαλωσίᾳ
1365 1985 1540 2048 ὄντος,
1563 1985 1624 2038 τὸ
1658 1983 1818 2039 ἀπεί-

243 2093 414 2143 ρατον
458 2076 864 2146 διαμεμενηκὺς
900 2077 1001 2146 τῆς
1031 2077 1407 2146 αἰχμαλωσίας
1450 2077 1638 2147 ἐτέρου
1684 2077 1822 2148 πρὸς

240 2167 545 2236 συνάφειαν
576 2167 697 2232 ἴδοι,
726 2167 1016 2222 ἐπανέλθοι
1047 2169 1103 2221 δέ
1131 2169 1228 2237 τῆς
1253 2167 1630 2237 αἰχμαλωσίας
1661 2167 1726 2220 τὸ
1762 2171 1821 2222 ἐν

237 2256 416 2328 ταύτῃ
447 2258 881 2328 κατεσχημένον,
903 2258 1091 2312 ἄδειαν
1107 2253 1247 2311 εἶναι
1276 2257 1426 2327 αὐτῷ
1445 2257 1491 2289 ⁵⁸
1521 2256 1582 2309 τὸ
1599 2258 1819 2324 οἰκεῖον,

239 2352 290 2404 εἰ
328 2351 595 2420 βούλοιτο,
643 2352 1126 2422 ἐπαναλαμϐάνειν
1167 2352 1364 2423 μέλος,
1413 2352 1507 2406 καὶ
1556 2352 1821 2423 μηδαμῶς

237 2445 379 2498 διότι
421 2444 594 2515 ἑτέρῳ
628 2445 874 2515 συνήφθη
903 2447 1030 2508 τοὺς
1071 2445 1131 2510 ἐξ
1175 2446 1351 2516 ἀρχῆς
1377 2445 1821 2513 καιωτομεῖσθαι

238 2535 480 2605 γάμους.
533 2535 597 2588 Εἰ
635 2535 745 2604 γὰρ
796 2537 829 2605 ή
880 2535 1150 2606 γενομένη
1184 2535 1324 2606 πρὸς
1357 2535 1543 2606 ἕτερον
1593 2533 1822 2604 ὕστερον

240 2623 511 2691 συνάφεια
540 2624 682 2690 δόξει
712 2625 855 2678 τισὶν
884 2625 1167 2687 ἀδιάλυτος
1191 2624 1258 2678 ἀν
1283 2626 1580 2696 διαμεῖναι,
1613 2625 1729 2688 πῶς
1757 2626 1820 2678 οὐ

236 2713 581 2782 δικαιότερον
629 2715 664 2783 ἠ
698 2712 938 2784 ἀρχῆθεν
985 2713 1097 2768 τῶν
1141 2715 1337 2784 γάμων
1377 2715 1641 2784 συνάφεια
1685 2716 1822 2786 πρὸς

237 2805 342 2874 τὴν
371 2804 584 2858 οἰκείαν
608 2805 946 2858 κατάστασιν
976 2805 1431 2872 ἐπανελεύσεταις
1467 2807 1563 2860 καὶ
1592 2808 1662 2872 εἰ,
1685 2807 1821 2860 διότι

235 2893 510 2965 ἀλλοτρίῳ
559 2894 716 2964 μέρει
763 2893 1058 2962 συνῆπται,
1111 2895 1212 2948 οὐκ
1237 2895 1526 2962 ἐπιτρέπει
1577 2912 1665 2957 τις
1699 2894 1819 2947 δια-

242 2987 412 3056 σπᾷν,
447 2984 569 3048 πῶς
598 2985 702 3039 οὐκ
729 2983 974 3055 εὔλογον,
998 2986 1133 3040 διότι
1163 2986 1258 3040 τοῦ
1295 2989 1501 3040 οἰκείου
1531 2986 1820 3057 ἀπερράγη

243 3077 448 3149 μέρους
473 3077 542 3141 ³⁸,
570 3075 730 3130 τοῦτο
758 3076 896 3147 πρὸς
927 3077 1029 3145 τὴν
1077 3077 1216 3130 ἰδίαν
1262 3076 1573 3146 οἰκειότητα
1619 3093 1822 3146 συναρ-

1921 1982 2014 2044 sit,
2061 1980 2232 2035 altera
2255 1995 2377 2050 quae
2407 1994 2438 2033 a
2475 1979 2795 2048 captivitate
2817 1981 2987 2034 libera
3016 1983 3238 2045 mansit,
3275 1983 3341 2034 ad
3365 1982 3498 2035 alte-

1922 2075 2038 2128 rius
2089 2072 2403 2141 conjugium
2457 2073 2762 2140 respexerit
2799 2112 2816 2136 ,
2852 2072 3196 2139 postliminio
3246 2087 3376 2126 vero
3412 2088 3494 2124 re-

1920 2173 2165 2220 vertatur
2193 2180 2313 2234 qua:
2336 2165 2388 2218 in
2421 2165 2737 2233 captivitate
2765 2164 2986 2218 detenta
3020 2165 3122 2218 fuit
3146 2185 3158 2218 :
3183 2175 3242 2218 ut
3277 2164 3352 2217 illi
3382 2164 3496 2235 {47)

1921 2258 1965 2312 si
1993 2257 2143 2320 velit,
2188 2271 2348 2310 suum
2390 2255 2695 2308 membrum
2732 2255 3028 2323 recipiendi
3059 2256 3288 2309 facultas
3314 2255 3405 2318 sit,
3436 2269 3499 2307 ac

1921 2366 2266 2421 nequaquam
2307 2349 2480 2419 ~quod
2539 2351 2696 2403 alteri
2722 2349 3076 2417 conjunctum
3124 2349 3309 2408 fuerit.
3344 2351 3498 2417 prius

1922 2443 2335 2498 matrimonium
2372 2443 2687 2502 innovetur;
2722 2441 2777 2495 Si
2806 2441 2951 2494 enim
3001 2441 3318 2508 coniugium
3374 2455 3497 2492 cum

1921 2535 2094 2588 altero
2137 2525 2488 2603 postmodum
2528 2533 2725 2586 initum
2762 2532 3036 2586 videbitur
3073 2532 3349 2599 aliquibus
3385 2531 3501 2585 dis-

1921 2625 2060 2680 solvi
2087 2638 2196 2678 nou
2227 2633 2503 2693 oportere,
2535 2622 2815 2692 quomodo
2849 2638 2957 2675 non
2985 2622 3198 2690 aequius
3229 2621 3417 2683 fuerit,
3450 2621 3496 2674 si

1923 2717 2133 2783 primus
2167 2716 2498 2769 matrimonii
2533 2730 2707 2769 nexus
2742 2714 2796 2767 in
2828 2729 2992 2768 suum
3053 2722 3257 2768 statum
3313 2728 3500 2767 rever—

1921 2803 2106 2859 tatur?
2137 2803 2200 2858 Et
2226 2805 2359 2859 sieo
2393 2804 2535 2874 quod
2583 2805 2776 2858 aliena:
2826 2805 2964 2873 parti
2995 2805 3351 2872 conjunctum
3403 2805 3499 2866 sit,

1927 2897 1979 2951 id
2011 2897 2283 2967 quispiam
2351 2897 2509 2951 avelli
2547 2913 2653 2951 non
2687 2897 3005 2965 permittat:
3037 2895 3312 2965 quomodo
3349 2894 3498 2963 quod

1921 3002 1951 3040 a
1974 3003 2072 3041 sua
2103 2996 2258 3055 parte
2317 2988 2610 3058 abruptum
2645 2987 2736 3053 sit,
2771 2987 2822 3040 id
2864 2988 2916 3040 in
2941 3002 3101 3042 suum
3135 2987 3312 3040 locum
3340 2985 3500 3039 resti-

1923 3079 2022 3141 tui,
2069 3079 2270 3132 rationi
2332 3094 2444 3132 non
2496 3079 2660 3132 fuerit
2685 3087 3120 3132 consentaneum
3156 3078 3178 3130 *ί
3207 3079 3273 3132 At
3303 3077 3502 3130 dixerit

241 3163 464 3232 μόζεινς
496 3163 608 3217 Καί
654 3164 700 3196 ⁸⁷
751 3180 938 3235 φησιν,
975 3164 1139 3217 Ἀλλά
1187 3165 1378 3235 κέρδος
1437 3165 1647 3233 γίνεται
1710 3165 1890 3225 τῶνε

1844 3165 1890 3225 C
1921 3170 2167 3239 aliquis:
2221 3171 2326 3224 Sed
2371 3170 2426 3224 in
2451 3169 2663 3223 lucrum
2709 3169 2940 3238 captivis
2993 3167 3138 3222 cedit
3199 3167 3342 3236 quod
3376 3181 3499 3234 pro-

237 3254 608 3326 αἰχμαλώτων
631 3257 695 3310 ἐκ
733 3255 834 3324 τῆς
857 3256 1000 3310 κατά
1036 3257 1368 3327 προπέτειαν
1409 3256 1519 3310 τῶν
1548 3256 1818 3326 δευτέρων

237 3350 440 3416 γάμων
470 3347 686 3416 ὁμιλίας
726 3349 759 3415 ἡ
792 3348 1170 3416 ἀντεισαγωγὴ
1216 3349 1315 3417 τῆς
1349 3347 1631 3408 ἐκτίσεως.
1678 3346 1816 3400 Ἀλλ’

235 3433 398 3502 οὗτος
433 3440 462 3490 ό
488 3438 646 3505 λόγος
674 3438 901 3507 ἄμεινον
931 3438 976 3470 ⁸⁸
1005 3433 1073 3509 ἦν
1106 3437 1182 3508 μὴ
1207 3439 1291 3490 ὅτι
1334 3454 1397 3504 γε
1429 3436 1651 3505 χειλέων
1679 3453 1814 3506 προ-

221 3530 444 3594 ελθεῖν,
473 3529 610 3584 ἀλλά
638 3529 758 3602 μηδ’
793 3531 887 3583 ἐπὶ
925 3529 1166 3584 διάνοιαν
1203 3529 1314 3582 τῶν
1344 3529 1520 3582 ταῦτα
1547 3545 1818 3599 πεφρονη-

237 3623 416 3677 κότων
436 3621 858 3692 ἀναϐεϐηκέναι.
880 3620 1007 3684 ῐιῶς
1028 3622 1135 3692 γὰρ
1157 3621 1258 3674 οὐκ
1281 3621 1522 3690 ἐσχάτως
1543 3622 1624 3683 εἰς
1645 3619 1816 3690 φρένα

233 3713 512 3784 δυστυχὴς
547 3714 642 3766 καὶ
685 3713 911 3783 ἄπορος,
939 3711 1001 3775 δς
1029 3713 1123 3765 τοῦ
1152 3712 1356 3766 οἰκείου
1392 3712 1588 3780 μέλους
1620 3713 1817 3768 ἀλλάτ-

234 3823 398 3860 τεται
429 3806 691 3876 χρήματα
710 3821 725 3869 ;

308 3898 654 3967 Θεσπίζομεν
690 3898 736 3930 ⁸⁹
777 3893 893 3964 οὖν,
933 3897 1199 3968 μηδαμῶς
1227 3897 1306 3952 ἔτι
1347 3896 1487 3967 πρὸς
1518 3898 1815 3964 συνάφειαν

235 3994 434 4064 ἐτέρου
462 3993 555 4045 τὸν
584 3993 879 4064 ἀπείρατον
911 3993 1263 4064 μεμενηκότα
1303 3993 1402 4062 τῆς
1433 3992 1815 4061 αἰχμαλωσίας

236 4085 521 4157 ἔρχεσθαι,
546 4084 661 4138 ἀλλ’
685 4085 832 4148 ὅσοις
853 4085 921 4139 ἂν
951 4085 1153 4154 δήποτε
1187 4085 1404 4154 χρόνοις
1438 4086 1496 4137 ἐν
1540 4083 1818 4152 αἰχμαλω-

237 4176 335 4246 σίᾳ
451 4176 498 4207 ⁸⁸
538 4175 598 4229 τὺ
653 4178 770 4229 ἐκεῖ
815 4175 1368 4245 ταλαιπωρούμενον,
1409 4174 1724 4244 περιμένειν
1757 4173 1816 4225 τὸ

236 4267 450 4337 ἕτερον,
489 4267 592 4320 κᾶν
624 4269 758 4336 μήτε
807 4267 1086 4338 ἔγγραφος
1116 4265 1347 4336 δήλωσις
1382 4267 1519 4335 μήτε
1571 4266 1816 4334 ἄγραφος

237 4358 452 4412 ἐκεῖθεν
480 4358 901 4428 καταλαμϐάνῃ.
944 4356 1034 4410 Εἰ
1063 4357 1121 4410 δέ
1153 4356 1307 4425 παρὰ
1347 4356 1494 4409 τόνδε
1522 4357 1614 4408 τὸν
1652 4356 1815 4425 νόμον

1921 3272 2040 3332 pter
2074 3264 2303 3316 alterum
2353 3261 2660 3315 temeritate
2694 3267 3032 3313 contractum
3069 3259 3498 3320 matrimonium,

1919 3367 2017 3421 per
2064 3351 2567 3429 compensationem
2621 3364 2799 3419 pinnas
2856 3347 3081 3401 nomine
3125 3348 3496 3400 introductum

1919 3453 2023 3499 est.
2061 3444 2260 3498 Verum
2313 3442 2461 3496 hunc
2495 3456 2808 3496 sermonem
2860 3458 2970 3497 non
3013 3440 3139 3493 dico
3188 3454 3295 3492 non
3330 3437 3500 3493 labris

1919 3534 2172 3605 exprimi,
2233 3533 2328 3589 sed
2375 3547 2444 3587 ne
2496 3532 2550 3586 in
2609 3543 2844 3587 mentem
2897 3532 3116 3601 quidem
3177 3531 3500 3586 auctoribus

1919 3628 2039 3697 ejus
2069 3629 2254 3682 venire
2288 3627 2486 3682 melius
2534 3626 2723 3680 fuerit.
2763 3623 2898 3678 Nam
2938 3622 3354 3694 quomodoille,
3403 3623 3498 3690 qui

1919 3721 2223 3774 membrum
2261 3733 2420 3774 suum
2458 3717 2705 3788 pecuniis
2733 3725 3059 3782 commutat,
3091 3731 3200 3768 nou
3253 3723 3498 3769 extrema

1916 3810 2117 3865 mentis
2144 3809 2462 3864 infelicitate
2483 3817 2537 3862 et
2575 3809 2802 3877 penuria
2834 3807 3088 3861 laborat?

1989 3901 2279 3956 Sancimus
2303 3902 2506 3969 itaque,
2563 3910 2622 3954 ut
2669 3913 3017 3968 nequaquam
3081 3899 3318 3966 amplius
3375 3913 3497 3966 quae

1918 4009 2044 4062 pars
2090 3993 2409 4048 aservitute
2443 3992 2649 4045 intacta
2697 3991 2919 4052 mansit,
2957 3987 3025 4043 ad
3074 3990 3300 4045 alterius
3367 4004 3497 4044 cou-

1913 4087 2121 4156 jngium
2170 4084 2422 4154 procedat
2461 4083 2595 4138 :sed
2631 4091 2985 4151 quotcunque
3027 4081 3188 4135 annis
3238 4082 3409 4134 altera
3437 4081 3491 4133 in

1919 4178 2199 4233 servitutis
2234 4177 2455 4230 miseria
2504 4175 2869 4236 detinebitur,
2929 4174 3146 4227 tametsi
3205 4174 3317 4243 (48)
3365 4174 3494 4227 inde

1918 4268 2120 4322 nullam
2152 4281 2329 4335 neque
2364 4265 2431 4320 de
2456 4267 2689 4334 scripto,
2743 4279 2921 4328 neque
2950 4264 3090 4317 citra
3124 4265 3393 4332 scriptum
3420 4265 3497 4319 si-

1915 4360 2317 4429 gniﬁcationem
2351 4360 2608 4427 accipiat,
2641 4358 2787 4410 illam
2822 4364 3127 4424 exspectet.
3161 4357 3224 4412 Et
3277 4358 3420 4426 quod
3447 4359 3491 4412 si

239 4448 554 4520 βουληθεῖέν
580 4466 725 4513 τινες
764 4453 830 4519 τῇ
868 4450 1004 4519 πρὸς
1043 4448 1331 4519 δευτέρους
1379 4450 1589 4517 γάμους
1624 4448 1812 4518 ὁμιλίᾳ
1839 4493 1892 4552 D

1839 4493 1892 4552 Β
1917 4457 2116 4519 praeter
2151 4450 2291 4503 hanc
2317 4450 2487 4518 legem
2537 4449 2766 4503 alterius
2797 4450 3132 4502 matrimonii
3160 4450 3493 4505 commercio

235 4543 350 4596 τῶν
394 4541 678 4612 προτέρων
725 4542 1160 4612 διαρρήγνυσθαι
1209 4542 1303 4594 καὶ
1349 4541 1471 4610 οὐχ).
1519 4540 1665 4593 κατὰ
1715 4539 1812 4608 τὴν
1841 4539 1887 4552 ν

1841 4539 1887 4552 ν
1918 4556 1947 4594 a
1982 4542 2161 4611 priore
2204 4541 2450 4610 abrumpi
2496 4541 2664 4609 aliqui
2721 4540 2913 4604 velint,
2946 4541 3111 4609 idque
3141 4556 3250 4594 non
3292 4555 3494 4596 secun-

236 4635 627 4705 παρατήρησιν
667 4634 766 4702 τὴν
809 4637 866 4685 ἐν
892 4637 958 4703 τῇ
1007 4632 1107 4703 ριζν
1130 4634 1307 4704 -νεαρᾷ
1328 4632 1370 4663 ⁶¹
1409 4631 1675 4701 περὶτῶν
1713 4648 1814 4698 γυ-

236 4725 444 4779 ναικῶν
477 4724 588 4777 τῶν
629 4727 685 4777 ἐν
719 4725 1020 4790 ἐξπεδίτοις
1049 4725 1219 4778 ὄντων
1263 4719 1553 4794 κειμένην,
1577 4726 1814 4778 ἴστωσαν

236 4818 313 4880 ὡς
342 4821 463 4878 ταῖς
514 4819 727 4878 ποιναῖς
767 4816 1145 4869 ὑποκείσονται
1189 4819 1308 4879 ταῖς
1341 4817 1398 4869 ἐν
1436 4819 1500 4886 τῇ
1544 4817 1812 4888 εἰρημένῃ

235 4906 481 4970 διατάξει
517 4904 908 4974 τεταγμέναις,
963 4905 1207 4974 δηλονότι
1250 4906 1432 4968 ἀδείας
1481 4904 1685 4974 οὔσης,
1736 4906 1811 4968 ώς

238 4997 474 5068 ἔφαμεν,
531 4996 581 5049 εἰ
611 4994 979 5068 ἀναρρυσθείη
1019 4995 1119 5066 τῆς
1173 4994 1553 5066 αἰχμαλωσίας
1598 4995 1659 5053 τὸ
1702 4996 1819 5048 ἐκεῖ

1915 4635 2043 4687 dum
2071 4633 2510 4689 observationem
2558 4633 2609 4686 in
2660 4632 2879 4688 Novella
2934 4634 3232 4688 centesima
3276 4636 3489 4688 decima

1914 4725 2142 4794 septima
2207 4725 2275 4779 de
2318 4725 2586 4778 uxoribus
2643 4739 2857 4788 eorum,
2915 4727 3007 4794 qui
3062 4727 3113 4780 in
3148 4728 3493 4796 expeditione

1915 4823 2042 4867 sunt
2073 4815 2263 4899 relata,
2293 4813 2382 4866 ﬁat
2410 4831 2424 4866 :
2455 4815 2672 4867 sciunto
2717 4815 2814 4876 illi,
2851 4815 2994 4884 quod
3032 4817 3226 4885 positis
3267 4817 3320 4869 in
3348 4816 3492 4869 dicta

1915 4905 2308 4959 constitutione
2356 4906 2982 4974 pmnissubjacebuut.
3049 4907 3276 4976 Insuper
3325 4909 3490 4961 etiam

1923 4997 2404 5067 (quemadmodum
2428 4998 2692 5065 diximus)
2719 4999 2836 5053 utsi
2865 5000 3264 5084 qni‘servitutis
3293 5015 3488 5053 mrum-

1511 5134 1740 5191 VARLE
1781 5134 2185 5192 LECTIONES.

302 5301 351 5334 ³³
376 5298 556 5353 Locus
572 5303 884 5368 corruptus.
902 5294 1236 5368 Stephanus,
1268 5307 1510 5368 quocum
1525 5294 1774 5368 Agyltens
1822 5294 1949 5368 facit
1977 5313 1989 5348 :
2015 5295 2203 5368 πῶςδὲ
2232 5297 2282 5348 εἰ
2301 5297 2460 5366 μέχρι
2485 5298 2575 5350 καὶ
2603 5298 2712 5350 τῶν
2742 5298 2904 5363 φειυλ.
2928 5298 3150 5368 αύτῆςὴ
3180 5299 3483 5368 περιουσία.

234 5369 462 5425 Rectius
482 5368 634 5446 lor-te
672 5387 685 5446 ς
724 5362 841 5429 πῶς
895 5362 1044 5446 δςᾼᾉέἰ
1075 5364 1255 5446 ,μέχρι
1288 5362 1389 5446 καὶ
1444 5362 1562 5446 τιῦχ
1600 5362 1948 5446 φαυλοτάτων
1996 5366 2175 5446 ap;sz
2209 5362 2512 5446 περιουσία,
2545 5368 2662 5421 κτλ.
2799 5368 2955 5446 agyl‘.
2993 5362 3486 5446 uinoqkoxj._Min_tts

233 5449 406 5493 recte.
482 5438 528 5470 “
563 5436 726 5493 Forte
752 5435 1186 5493 nmmittcndmn
1233 5435 1348 5488 καί.

232 5523 385 5564 corr.
412 5508 673 5578 ἀμείνων.

1451 5435 1496 5466 ⁸⁸
1529 5431 1783 5504 Scrimg._
1797 5435 1952 5504 αὐτῇ.

777 5507 799 5539 ⁸
834 5504 950 5560 Ecl.
973 5504 1140 5575 incip.
1215 5504 1260 5536 ⁸⁸
1298 5503 1375 5558 lta
1399 5502 1515 5558 Ecl.
1538 5498 1736 5558 Codd.’
1753 5498 1842 5574 ἦν.

2027 5436 2073 5509 _“
2106 5435 2371 5509 Legerim,
2409 5437 2622 5509 μέλους.
2722 5435 2985 5509 'fStepli.
3017 5435 3163 5493 ναε.’
3211 5435 3259 5471 ⁵⁸
3289 5438 3481 5507 Steph.

1935 5505 1977 5536 “
2007 5503 2299 5560 Iustiniani
2327 5503 2463 5560 Nov.
2495 5508 2616 5570 117,
2648 5522 2698 5562 c.
2729 5508 2816 5562 11.

1808 5642 2041 5700 NOTAE.

308 5760 423 5832 (ιδ)
451 5761 513 5816 L.
541 5759 634 5832 βᾶ.
660 5757 720 5812 π.
767 5757 842 5832 De
875 5758 1001 5832 ritu
1023 5758 1082 5832 ;_l
1124 5757 1185 5832 1,
1317 5755 1583 5832 Dedivor.
1608 5773 1621 5823 ;
1650 5766 1684 5813 I.
1724 5758 1810 5820 19,

237 5837 278 5894 1.
305 5826 493 5901 εσίσ.
533 5830 758 5897 Soluto,
791 5829 828 5884 l.
869 5827 1005 5900 ηδ
1037 5827 1090 5895 1,
1116 5826 1170 5883 fl.
1204 5826 1548 5898 Decaptivis.

1991 5757 2104 5824 (47)
2137 5756 2340 5812 Novell.
2367 5757 2487 5821 117,
2527 5771 2648 5826 cap.
2684 5758 2763 5811 ll.
2914 5754 2921 5762 ’

1995 5828 2108 5898 (48)
2137 5827 2292 5894 Quod
2322 5828 2639 5900 exigebatur
2674 5830 2796 5883 d.c.
2830 5828 2916 5884 11.
