4248 6442
760 421 867 485 503

1980 419 2175 482 LEON
2188 422 2254 481 IS
2293 415 2722 481 PHILOSOPH
2731 420 2759 480 Ι

3928 424 4038 487 504

760 548 861 586 nas
924 530 1181 592 sustinet,
1227 529 1512 593 liberetur,
1565 544 1725 585 suum
1758 529 1807 584 si
1850 530 1983 585 velit
2041 533 2343 586 membrum
2375 533 2415 589 Α

2375 533 2415 589 Α
2446 526 2988 600 ταλαιπωρούμενον,
3008 546 3067 583 το
3097 532 3316 596 οἰκεῖον,
3343 529 3390 584 ει
3420 529 3682 601 βούλοιτο,
3717 531 4042 606 ὲνεαναλαμ-

759 626 1010 696 recipiat,
1042 624 1249 678 licebit.

1175 710 1641 767 CONSTITUTIO
1670 711 1915 766 XXXIV.

930 807 1003 860 Bc
1031 814 1206 859 tutore
1245 804 1337 875 qui
1367 806 1628 873 pupillam
1662 822 1817 859 suam
1853 807 1968 873 (i9)
1998 808 2171 861 vitiat.

833 969 974 1025 Idem
1012 972 1313 1039 imperator
1345 969 1523 1022 eidem
1566 967 1835 1040 Styliano.

832 1065 1052 1120 Nefaria
1078 1082 1166 1120 res
1196 1074 1302 1127 est,
1331 1065 1377 1117 si
1423 1061 1526 1124 illi.
1577 1064 1645 1118 de
1681 1066 1880 1134 quibus
1909 1080 1971 1118 ea
2004 1066 2347 1133 exspectatio

763 1156 943 1211 fuerat
977 1157 1133 1226 quasi
1170 1155 1327 1224 probi
1380 1154 1552 1210 futuri
1595 1166 1798 1215 eSseut.
1833 1172 1956 1211 cum
2010 1159 2077 1210 ab
2111 1158 2219 1210 illis
2249 1159 2343 1227 qni

758 1247 922 1301 talem
948 1246 1014 1300 de
1045 1247 1177 1314 ipsis
1229 1246 1547 1316 opinionem
1586 1258 1977 1313 conceperant,
2009 1247 2123 1317 jam
2155 1248 2345 1318 aliqua

761 1339 866 1392 fide
892 1339 1038 1407 digni
1075 1338 1242 1391 habiti
1274 1340 1404 1401 sint,
1427 1354 1524 1405 pro
1558 1338 1716 1391 bonis
1752 1348 1914 1406 atque
1947 1339 2340 1394 lidisinimicos

755 1440 811 1482 et
844 1430 1040 1481 infidos
1073 1444 1131 1482 se
1155 1428 1540 1482 cxhibeantJn
1575 1429 1682 1482 illis
1722 1439 1901 1482 autem
1930 1431 2131 1498 quibus
2158 1431 2337 1499 pupil-

758 1523 942 1577 lorum
982 1520 1209 1574 obvenit
1258 1535 1413 1582 cnra,
1468 1521 1511 1573 si
1580 1535 1700 1574 cum
1750 1521 1974 1588 pupillis
2025 1522 2344 1577 salutariter

758 1611 1072 1680 prospicere
1101 1608 1356 1671 debeant,
1402 1610 1643 1675 ipsorum
1697 1623 1984 1662 eversores
2041 1610 2344 1677 exsistant,

764 1710 918 1753 tanto
956 1700 1007 1751 id
1047 1699 1228 1753 scelus
1289 1700 1513 1767 gravius
1542 1699 1656 1765 (51)
1704 1708 1809 1762 est,
1859 1706 2069 1768 quanto
2124 1701 2344 1755 illorum

763 1790 898 1844 fides
929 1789 995 1842 ab
1016 1788 1108 1850 iis,
1134 1788 1226 1856 qui
1258 1788 1309 1840 id
1339 1788 1873 1856 ipsisinjunxernnt,
1910 1789 2343 1858 majorjudicata

2451 619 2635 674 ϐάνειν
2664 620 2847 690 μέλος.

2955 714 3271 768 ΔΙΑΤΑΞΙΣ
3326 715 3427 770 Μ’
3461 716 3527 773 ⁸⁸³.

2448 808 2587 877 Περὶ
2628 807 2954 876 ἐπιτρόπου
2976 808 3466 932 φθεὲρὲἔςτίρςξὴν
3485 808 4042 879 ἐπιτροπευομένην

2533 969 2591 1022 '0
2620 968 2784 1032 αὐτὸς
2819 968 3071 1037 βασιλεὺς
3111 969 3387 1039 Στυλιανῷ
3411 968 3491 1040 τῷ
3515 970 3686 1039 αὐτῷ.

2519 1060 2702 1113 Δεινδν
2767 1061 2867 1129 μὲν
2922 1062 3051 1123 τοὺς
3114 1062 3230 1114 ὅσοι
3282 1062 3510 1132 χρηστοὶ
3575 1061 4043 1131 προσδοκηθέντες

2449 1152 2672 1205 ἔσεσθαι
2722 1153 2829 1205 ὑπὸ
2861 1152 2970 1205 τῶν
3015 1154 3513 1222 πῳσδοκησάντων
3564 1156 3802 1218 πίστεως
3863 1155 4038 1223 ἠξιω-

2451 1244 2601 1313 μένοι
2629 1243 2795 1307 τινὸς,
2822 1245 2945 1297 ἀντὶ
2974 1244 3065 1297 τοῦ
3097 1243 3337 1313 ἀγαθοὺς
3381 1245 3476 1297 καὶ
3504 1246 3728 1309 πιστοὺς
3779 1247 4041 1315 ὀφθῆναι.

2449 1338 2680 1408 ἐχθροὺς
2731 1340 3116 1409 ἀποφανθῆναι
3174 1339 3272 1392 καὶ
3315 1339 3603 1402 ἀπίστους.
3661 1338 3929 1391 Τοσοῦτον
3982 1338 4041 1389 δὲ

2450 1428 2766 1498 ὑπέρδεινον
2792 1428 2852 1481 τὸ
2902 1429 3071 1483 κακὸν
3118 1429 3211 1481 ἐπὶ
3262 1428 3374 1482 τῶν
3404 1428 3677 1497 λαχόντων
3718 1428 4042 1498 ὀρφανικῶν

2451 1518 2661 1572 παίδων
2708 1520 3034 1591 ἐπιτροπὴν,
3078 1515 3197 1572 εἶτα
3220 1522 3265 1552 ⁸⁸
3310 1522 3431 1573 ἀντὶ
3462 1519 3558 1573 τοῦ
3605 1523 3871 1591 σωτήριον
3905 1524 4043 1592 πρό-

2448 1627 2601 1663 νοιαν
2653 1611 2764 1664 τῶν
2818 1613 3334 1682 ὲπιτροπευομένων
3370 1615 3519 1682 σχεῖν
3565 1614 3763 1675 αὐτοὺς
3802 1615 4041 1683 ὀφθῆναι

2447 1701 2654 1753 τούτων
2679 1702 3072 1770 λυμαντικοὺς,
3107 1705 3219 1773 ὅσῳ
3249 1703 3293 1736 ⁸⁸
3325 1704 3418 1756 καὶ
3445 1702 3690 1773 μείζονος
3717 1705 4037 1774 ἠξιώθησαν

2453 1793 2697 1862 πίστεως
2722 1796 2876 1865 εταρά
2898 1795 3007 1859 τῶν
3033 1798 3112 1859 εἰς
3133 1796 3293 1849 τοῦτο
3317 1798 3782 1867 καταστησάντων
3816 1799 4035 1861 αὐτούς.

755 1891 860 1936 eSt.
888 1879 1117 1933 Constat
1162 1880 1328 1938 enim.
1354 1880 1496 1945 quod
1526 1896 1723 1947 parens
1757 1894 2083 1949 persuasum
2118 1883 2347 1951 habens,
2384 1887 2426 1942 Β

2384 1887 2426 1942 Β
2455 1884 2624 1954 Δῆλον
2653 1886 2782 1956 γὰρ,
2811 1886 2885 1949 ὡς
2914 1888 3280 1957 πεπεισμένος
3307 1890 3336 1941 ὁ
3369 1890 3562 1956 γονεὺς
3595 1889 3687 1953 οὓς
3713 1889 4036 1942 καταλείπει

756 1988 896 2039 quos
920 1970 1198 2038 pupillaris
1216 1971 1393 2023 aetatis
1413 1971 1668 2039 relinquit
1695 1972 1915 2033 liberos.
1936 1976 2005 2027 ab
2028 1977 2191 2029 cocui
2207 1992 2339 2032 cura

757 2060 1143 2117 committenda
1188 2069 1291 2123 est,
1325 2070 1613 2129 paternum
1655 2065 2021 2131 patrocinium
2053 2082 2338 2137 sensuros,

756 2172 875 2210 eam
907 2158 992 2209 cui
1027 2158 1097 2209 ita
1128 2157 1263 2218 fidit,
1290 2155 1601 2210 demamlat.
1636 2156 1803 2213 liecte
1826 2160 1994 2228 igitur
2022 2166 2337 2231 superiores

757 2244 956 2305 ferere.
998 2247 1091 2315 qui
1127 2262 1225 2316 pro
1266 2256 1417 2312 patre
1465 2259 1955 2317 conservatorequ
1988 2254 2204 2321 pupillae
2248 2256 2342 2309 de-

758 2336 1088 2404 prehensum
1133 2339 1439 2390 vitiatorem
1475 2340 1785 2407 puniernnt.
1819 2340 2190 2412 Dcportationi
2224 2347 2336 2417 (52)

758 2431 899 2483 cnim
929 2430 1071 2484 hunc
1111 2430 1441 2497 subjiciunt,
1478 2447 1543 2486 ac
1573 2435 1835 2487 bonorum
1866 2436 2168 2503 privatione
2197 2442 2337 2494 mul-

758 2530 893 2575 tant.
947 2520 1144 2575 Vcrnm
1192 2523 1244 2576 in
1295 2522 1492 2576 decora
1526 2526 1708 2592 specie
1766 2527 2023 2582 decorum
2064 2546 2168 2585 non
2213 2548 2336 2589 ser-

759 2620 986 2672 varunt.
1045 2628 1220 2681 neque
1290 2614 1451 2666 ullam
1527 2616 1726 2684 injnria
1793 2617 1997 2672 affecta:
2041 2622 2337 2692 graviaque

759 2717 926 2770 passa:
979 2705 1169 2772 puellae
1199 2746 1212 2768 ,
1255 2715 1314 2757 ut
1365 2706 1511 2759 illius
1576 2706 1876 2763 infortunio
1929 2724 2334 2779 succurrerent,

760 2792 1073 2859 suscepisse
1102 2807 1290 2844 curatn
1329 2793 1614 2859 videnlur,
1679 2794 1807 2849 dum
1879 2799 2145 2854 vitialoris
2196 2802 2335 2857 bona

760 2894 810 2931 In
877 2879 1066 2933 fiscum
1124 2889 1367 2933 statuunt
1416 2896 1537 2935 esse
1601 2882 1883 2938 inferenda
1920 2926 1935 2950 ,
1985 2903 2093 2941 non
2158 2891 2336 2944 anim-

760 2970 1105 3025 advertentes
1145 2970 1272 3024 hinc
1316 2972 1451 3035 fieri,
1487 2981 1549 3026 nt
1580 2974 1767 3029 ulcisci
1803 2977 2022 3044 quidem
2079 2978 2334 3046 injuriam

762 3062 924 3126 velle,
954 3062 1049 3117 sed
1080 3063 1134 3116 in
1168 3064 1581 3132 propositonon
1601 3067 1899 3134 persistere
1929 3068 2332 3125 existimentur.

760 3149 862 3205 Ubi
895 3150 1038 3203 enim
1070 3150 1284 3219 injuriae
1304 3152 1457 3209 ultio.
1478 3153 1698 3221 quando
1730 3153 1931 3222 injuria
1965 3156 2161 3212 affecto
2185 3161 2336 3213 dam-

2447 1977 2649 2040 παῖδας
2684 1978 3017 2047 ὀρφανικοὺς
3048 1980 3324 2049 πατρικῆς
3346 1979 3673 2034 ἀπολαύσειν
3698 1981 4039 2051 προστασίας

2446 2066 2601 2135 παρὰ
2658 2067 2754 2120 τοῦ
2806 2069 2907 2138 τὴν
2962 2072 3265 2141 ἐπιτροπὴν
3312 2071 3800 2142 ὲγχειριζομένου,
3852 2072 4038 2124 δίδωσι

2442 2157 2647 2228 ταύτην
2700 2158 2871 2229 αὐτῷ.
2932 2159 3128 2225 Καλῶς
3191 2157 3285 2215 οὖν
3347 2164 3396 2215 οἱ
3461 2163 3569 2233 πρὸ
3643 2161 3799 2231 ἡμῶν
3868 2179 4041 2230 τιμω-

2448 2251 2696 2319 ρούμενοι.
2754 2252 2846 2305 τὸν
2898 2253 3016 2305 ἀντὶ
3076 2254 3300 2324 πατρὸς,
3355 2254 3473 2307 ἀντὶ
3538 2256 3780 2325 σωτῆρος
3845 2255 4039 2316 παιδὸς

2441 2340 2747 2411 ὀρφανικῆς
2780 2342 3126 2413 δεδειγμένον
3173 2346 3383 2415 φθορέα
3433 2345 3653 2416 (ὲξορῖᾳ
3686 2346 3795 2415 γὰρ
3846 2345 4040 2399 τοῦτον

2446 2431 2842 2497 ὑποϐάλλουσι,
2876 2436 2969 2487 καὶ
3000 2436 3110 2488 τῶν
3142 2438 3453 2503 προσόντων
3488 2436 3741 2507 ζημιοῦσι
3776 2439 3842 2505 τῇ
3874 2439 4040 2505 ἀφαι-

2446 2522 2647 2592 ρέσει),
2683 2523 2784 2576 οὐκ
2814 2524 3091 2594 ἐφύλαξαν
3115 2527 3161 2558 ⁸⁸
3189 2527 3284 2579 ἐπὶ
3312 2527 3480 2579 καλοῦ
3527 2530 3807 2597 σχήματος
3837 2527 3899 2580 τὸ
3926 2545 4029 2581 και

2440 2613 2532 2666 λὸν
2570 2653 2585 2676 ,
2636 2615 2744 2667 οὐδ’
2811 2616 3001 2686 ἥντινα
3038 2620 3167 2685 περὶ
3220 2616 3315 2671 τοῦ
3370 2617 3700 2686 ὑϐρισμένου
3744 2618 3841 2671 καὶ
3888 2618 4038 2671 δεινὰ

2442 2704 2704 2768 παθόντος
2732 2707 2956 2773 γυναίου
2988 2707 3129 2778 ὑπὲρ
3149 2707 3241 2760 τοῦ
3275 2707 3487 2778 βοηθεῖν
3504 2708 3546 2739 δ’
3578 2711 3643 2778 τῇ
3662 2708 3869 2776 ταύτης
3907 2708 4038 2760 δυσ-

2438 2799 2603 2868 τυχίᾳ.
2653 2796 3025 2867 λαμϐάνοντες
3068 2800 3307 2871 ὁρῶνται
3339 2801 3628 2869 πρόνοιαν,
3663 2800 3721 2852 ἐν
3751 2799 3845 2868 τῷζ
3869 2799 4037 2868 διορί-

2441 2888 2631 2953 ζεσθαι
2657 2890 2757 2955 τὴν
2795 2889 2890 2943 τοῦ
2923 2890 3169 2959 φθορέως
3214 2890 3448 2959 ὕπαρξιν
3485 2890 3621 2958 πρὸς
3669 2891 3730 2942 τὸ
3771 2890 4039 2959 δημόσιον

2439 2977 2693 3046 ἄγεσθαι,
2716 2978 2779 3031 οὐ
2810 2979 3113 3041 συνιδόντες
3129 2979 3195 3046 ⁸⁸,
3215 2979 3291 3042 ὡς
3314 2980 3380 3033 ὲκ
3405 2978 3597 3030 τούτου
3622 2976 3829 3045 γίνεται
3853 2977 4040 3040 αὐτοῖς

2444 3069 2689 3139 νομίζειν
2732 3070 2951 3124 ἀδικίαν
2999 3070 3334 3141 ἀμύνασθαι,
3383 3072 3460 3141 μὴ
3514 3069 3695 3141 μέντοι
3736 3069 3933 3131 σώζειν
3979 3068 4042 3120 τὸ

2444 3159 2714 3230 βούλημα.
2751 3160 2861 3213 Ποῦ
2895 3160 3005 3232 γάρ
3054 3162 3273 3225 ἀδικίας
3317 3161 3523 3232 ἄμυνα,
3576 3162 3651 3230 μὴ
3692 3159 3787 3212 τοῦ
3831 3160 4043 3228 ἀδικη-

760 3255 890 3293 num
920 3240 1119 3304 injuria
1153 3241 1339 3293 datum
1374 3258 1481 3295 non
1534 3246 1856 3309 resarcitur,
1901 3261 2078 3315 neque
2115 3263 2223 3316 qua
2252 3257 2333 3304 te-
2358 3258 2402 3316 α
2436 3268 2437 3283 ι

2365 3258 2402 3316 ε
2436 3252 2617 3315 θέντος
2633 3252 3112 3322 ἀπολαμϐάνοντος
3129 3253 3189 3305 τὸ
3198 3253 3442 3324 ἀδίκημα
3459 3252 3596 3322 μηδὲ
3605 3251 3703 3321 τὴν
3727 3249 4042 3319 κατασχοῦ-

761 3338 919 3383 netur
951 3329 1317 3383 calamitatem
1354 3330 1489 3398 legis
1537 3332 1743 3386 auxilio
1776 3332 2007 3404 ell‘ugit?
2033 3336 2205 3401 Quale
2237 3353 2336 3393 au-

761 3428 868 3471 tem
895 3418 1228 3473 calamitatis
1284 3422 1478 3488 puella:
1528 3427 1612 3476 est
1638 3420 1922 3491 effugium,
1981 3429 2202 3495 quando
2230 3445 2340 3483 non

761 3510 923 3564 modo
951 3510 1239 3563 infortunii
1277 3513 1794 3580 compensationem
1828 3530 1939 3569 non
1982 3518 2212 3580 invenit,
2245 3519 2341 3574 sed

762 3600 970 3652 lucrum
1004 3598 1116 3668 (55)
1149 3599 1316 3650 etiam
1352 3614 1649 3668 progressu
1701 3601 1884 3654 artatis
1923 3617 1989 3657 ex
2020 3618 2121 3659 suo
2172 3606 2339 3663 dede-

763 3705 889 3746 core
920 3699 1084 3758 atque
1115 3689 1337 3744 infamia
1391 3702 1638 3759 paratum
1667 3708 1790 3747 esse
1824 3695 1967 3748 videt
2001 3696 2024 3748 ?

834 3781 904 3837 Ut.
932 3784 1098 3851 igitur
1140 3784 1243 3834 hoc
1281 3782 1417 3852 lege,
1481 3791 1740 3850 tanquam
1776 3785 1888 3855 (Si)
1923 3789 2184 3856 probrum
2237 3792 2341 3846 ali-

764 3877 906 3943 quod
941 3875 1366 3946 reprehensione
1420 3874 1725 3931 aﬂ'ricatum
1792 3894 2122 3949 purgemus,
2165 3894 2225 3936 ut
2258 3886 2341 3938 vi-

766 3966 981 4020 tiatoris
1031 3966 1172 4019 bona
1215 3966 1268 4018 in
1339 3964 1527 4019 fiscum
1571 3966 1913 4031 deferantur,
1964 3971 2341 4041 abrogamus:

768 4061 1017 4128 iubemus
1052 4068 1260 4121 antem,
1294 4066 1354 4111 ut
1385 4075 1449 4111 eo
1485 4061 1815 4122 concedant,
1844 4078 1953 4131 quo
1984 4064 2224 4131 ipsorum
2249 4068 2347 4121 do-

767 4152 948 4206 minus
978 4152 1235 4220 injuriam
1270 4158 1323 4203 et
1358 4150 1721 4205 infortunium
1747 4154 2062 4223 projecerit.

1186 4326 1653 4384 CONSTI'I‘UTIO
1696 4328 1917 4384 XXXV.

877 4419 956 4474 De
990 4420 1225 4488 raptoris
1263 4421 1505 4491 uirginis,
1541 4436 1824 4491 eorumque
1859 4423 1948 4491 qui
1974 4424 2027 4476 in
2052 4434 2209 4491 raptu

1217 4490 1529 4557 adfuerunt,
1566 4506 1718 4557 paena
1754 4490 1891 4561 (55).

845 4581 993 4635 idem
1029 4580 1330 4649 imperator
1360 4579 1536 4633 eidem
1580 4579 1850 4652 Styliano.

842 4672 1031 4744 Neque
1064 4672 1207 4744 quod
1226 4671 1617 4729 ecclesiasticae
1643 4674 1743 4745 legi
1794 4676 2141 4747 rebellemus,
2167 4697 2345 4752 neque

2444 3360 2546 3396 σαν
2568 3343 2733 3398 αὐτὸν
2750 3346 3033 3415 συμφορὰν
3045 3344 3134 3397 διὰ
3146 3345 3245 3409 τῆς
3260 3343 3355 3397 τοῦ
3374 3345 3543 3412 νόμου
3557 3344 3884 3412 ἐπικουρίας
3901 3344 4041 3397 ἀπο·

2444 3438 2736 3505 φυγόντος;
2765 3436 2904 3490 Ποία
2938 3438 2984 3490 δ’
3009 3437 3267 3507 ἀποφυγὴ
3292 3436 3370 3506 τῷ
3398 3436 3713 3506 γυναίῳτῆς
3727 3437 4041 3505 συμφορᾶς,

2443 3530 2532 3582 ὅτε
2553 3529 2795 3599 οὐμόνον
2808 3530 2869 3582 οὐ
2891 3530 2934 3562 ⁸⁸
2963 3527 3312 3600 παραμύθιον
3329 3528 3573 3597 εὑρίσκει
3602 3528 3699 3598 τῆς
3724 3526 4042 3595 δυστυχίας,

2444 3620 2579 3673 ἀλλά
2611 3622 2706 3674 καὶ
2739 3621 3097 3691 ποριζόμενον
3143 3620 3319 3690 ἑτέρῳ
3347 3621 3394 3652 ⁷ο
3439 3620 3631 3690 κέρδος
3687 3620 3790 3689 ὁρᾷ
3832 3620 3899 3671 ὲκ
3945 3618 4044 3688 τῆς

2448 3710 2584 3775 ιδίας
2611 3710 2823 3782 ὕϐρεως
2854 3712 2949 3765 καὶ
2972 3712 3015 3743 τι
3047 3711 3313 3782 αἰσχύνης
3340 3729 3356 3777 ;

2519 3803 2636 3856 Ἵνα
2675 3799 2767 3856 οὖν
2798 3802 2989 3872 ὥσπερ
3024 3802 3217 3870 κηλῖδα
3264 3800 3456 3872 μῶμόν
3489 3801 3533 3831 τ’
3584 3817 3708 3853 τινα
3770 3799 3851 3868 τῷ
3887 3801 4041 3870 νόμῳ

2447 3890 2920 3963 προστριϐομένην
2972 3891 3326 3961 καθάρωμεν.
3390 3891 3451 3942 τὸ
3503 3890 3913 3958 προσφέρεσθαι
3962 3890 4042 3961 τῷ

2448 3981 2696 4050 δημοσίῳ
2740 3982 2842 4050 τὴν
2873 3980 3109 4051 ὓπαρξιν
3151 3979 3248 4033 τοῦ
3285 3979 3534 4050 φθορέως
3568 3978 4039 4048 ἀποθεσπίζομεν,

2451 4073 2751 4141 κελεύομεν
2781 4072 2838 4125 δὲ
2880 4073 2999 4124 ἐκεῖ
3043 4070 3252 4142 ταύτην
3284 4073 3528 4135 ἀπιέναι,
3567 4062 3628 4122 οὗ
3677 4069 3777 4138 τὴν
3820 4070 4043 4123 ἀδικίαν

2450 4166 2541 4219 καὶ
2570 4165 2631 4217 τὸ
2662 4163 2985 4234 δυστύχημα
3028 4165 3058 4215 ὁ
3086 4164 3186 4234 τῆς
3233 4162 3522 4234 ὑπάρξεως
3562 4160 3753 4231 κύριος
3799 4160 4043 4213 κατεϐά-

2450 4256 2592 4309 λετο.

2959 4345 3270 4401 ΔΙΑΤΑΞΙΣ
3318 4345 3420 4398 ΔΕ¹
3456 4344 3523 4396 ⁷³.

2680 4439 2820 4507 Περὶ
2855 4438 3132 4509 ἁρπαγῆς
3169 4438 3269 4492 καὶ
3301 4436 3449 4502 ,βίας
3485 4434 3797 4500 γυναικός.

2538 4596 2597 4647 '0
2622 4596 2781 4661 αὐτὸς
2809 4596 3063 4666 βασιλεὺς
3096 4593 3373 4664 Στυλιανῷ
3401 4593 3481 4665 τῷ
3505 4592 3676 4661 αὐτῷ.

2526 4686 2664 4739 Οὔτε
2702 4689 2840 4759 πρὸς
2872 4687 2964 4743 τὸν
3012 4685 3469 4757 ἐκκλησιαστικὸν
3504 4681 4043 4753 ἁπαυθαδιαζόμενοι

2067 4820 2159 4875 VA
2171 4823 2307 4879 flle
2341 4824 2636 4885 LECTION
2647 4828 2750 4885 ES.

830 4952 1025 5038 f’nEcl.
1049 4950 1297 5038 Fovgl’:
1338 4960 1406 5038 _"
1439 4954 1922 5038 153ρ1.“<ε›(1ειῖραν-τοςε
1984 4958 2028 4989 ⁸⁸
2053 4959 2290 5038 _Scrimg.
2320 4963 2694 5038 omittiteita.
2726 4967 2783 5038 ’ξ
2805 4966 2920 5022 Ecl.
2952 4966 3095 5038 ὅσον.
3165 4968 3459 5038 “Scrimg.
3480 4970 3637 5038 ὲφύλ.
3662 4970 3740 5024 δέ.
3790 4970 3835 5002 ⁸⁷
3866 4963 4043 5038 Codd;

781 5026 854 5110 μὴ
886 5024 1144 5110 μηθέν..
1170 5030 1237 5110 ’⁸⁸
1407 5024 1726 5110 συνςιδίξξεςζ
1804 5029 1850 5060 ⁶⁹
1875 5028 2102 5110 iegatio
2130 5024 2429 5110 supplenda
2451 5044 2597 5110 erat.
2657 5037 2704 5110 ’ἢ
2744 5036 2921 5110 Qodd.
2956 5036 3184 5110 ὕστερον
3213 5024 3561 5110 έτξσρίεοὶ.
3593 5042 3801 5110 ἕτερον.
3869 5024 3914 5073 ί¹
3948 5036 4045 5087 καὶ

775 5098 928 5179 deest
947 5094 1489 5179 in-Codd_.,hliabetu_r
1513 5100 1564 5151 in
1596 5098 1812 5167 Ecloga.
1890 5101 1933 5132 ⁷³
1965 5094 2037 5179 ita
2064 5101 2177 5154 Ecl.
2199 5094 2369 5179 codd.
2392 5105 2567 5177 μώμῳ
2588 5106 2901 5163 τινά.Εόι·ιο
2926 5094 3215 5179 μωμητήν.
3272 5108 3319 5139 ⁷³
3346 5094 3463 5165 Ecl.
3496 5094 3628 5167 Nov.
3656 5094 3729 5165 ἓξ
3748 5094 3803 5166 et
3836 5110 4047 5165 citalur

779 5167 919 5234 ε-νιιιι
946 5164 1091 5222 Bals.
1129 5168 1196 5222 ad
1234 5168 1410 5224 Pbotii
1449 5164 1914 5234 Nomocauonem,
1946 5171 2030 5224 tit.
2072 5186 2147 5236 Ix,
2186 5188 2235 5227 c.
2261 5173 2350 5228 29.

2289 5305 2525 5363 NOTAE.

850 5442 1040 5518 (49)lg
1076 5455 1178 5518 est,
1214 5444 1372 5511 cujus
1422 5447 1643 5501 tutelam
1690 5448 1771 5501 vel
1819 5463 2009 5501 curam
2059 5447 2219 5518 gerit,
2260 5446 2346 5502 vel

778 5514 968 5587 gessit.
996 5513 1059 5587 Et
1083 5514 1155 5568 ita
1185 5518 1551 5587 communiter
1591 5518 1817 5587 intelligi
1858 5519 2043 5572 tradit.

845 5584 963 5704 l(.50)
1000 5584 1195 5640 Clarus
1226 5586 1281 5651 5,
1314 5597 1456 5641 sent.
1491 5587 1517 5657 §
1549 5584 1878 5655 Fornicaiin,
1912 5606 2056 5646 vers.
2084 5588 2217 5645 Cum
2249 5604 2345 5661 pn-

886 5670 967 5704 lis.

824 5668 858 5704 ll
886 5670 967 5708 118.

824 5667 858 5704 ιι
886 5670 967 5708 ns.

785 5667 818 5723 ρ
860 5723 972 5798 (51)
996 5724 1235 5793 Eiusque
1255 5727 1419 5798 bonis
1452 5728 1666 5798 pupilla:
1688 5729 1793 5781 vim
1813 5744 1987 5796 passa:
2005 5728 2344 5788 addicendis.

790 5806 898 5847 non
938 5794 1090 5867 fisco,
1129 5805 1188 5849 ut
1217 5797 1346 5850 olim
1396 5794 1498 5867 leg.
1528 5794 1643 5851 'an.
1676 5798 1740 5852 (Σ.
1781 5794 1837 5851 Si
1866 5801 1991 5867 quis
2040 5816 2159 5855 eam
2189 5801 2350 5867 cujus

792 5876 940 5920 tutor
971 5865 1151 5931 fuerit,
1176 5865 1501 5937 corruperit.
1539 5868 1668 5926 Duci
1699 5865 1965 5939 proditbri
2000 5865 2351 5941 comparatur

2456 5446 2939 5572 ViOisaellepl'lpillw
2984 5454 3153 5501 tutor.
3184 5444 3558 5513 Quintilianus
3591 5444 3884 5502 declamat.
3914 5447 4045 5503 281.

2524 5531 2536 5572 Ι
2720 5558 2733 5571 .
2793 5556 2805 5570 .
2836 5534 2930 5571 1111.

2663 5519 3025 5659 ἓοριιξὲιῗενον
3046 5586 3427 5659 ἓτερονέτεσιν
3449 5586 3640 5659 κέρδος
3660 5588 3765 5657 ὁρᾷ
3808 5583 4031 5659 Scrimg

2449 5656 2813 5729 ποριζόμενον
2838 5658 3025 5728 ἕτερον
3054 5656 3265 5729 κέρδος.
3287 5656 3478 5729 (Συῇιισ.
3510 5657 3598 5717 17.
3631 5656 3856 5729 observ.
3893 5656 3990 5711 52.

2529 5729 2643 5797 (54)
2662 5728 2884 5798 Ὥσπερ
2905 5726 3099 5797 κηλίδα
3126 5726 3321 5797 μώμῳ.
3350 5727 3650 5798 Scrimgcr.
3705 5726 3902 5797 ὥσπερ
3942 5742 4057 5795 κη-

2456 5799 2577 5853 λίδα
2605 5799 2815 5866 μῶμον,
2847 5797 3042 5866 Ctijac.
3066 5799 3123 5852 ὁ,
3163 5799 3201 5851 Ι.

2533 5865 2645 5940 (55)
2677 5865 3035 5925 Mutaturlex
3063 5868 3223 5924 unica
3255 5868 3318 5925 C.
3353 5869 3428 5926 Dc
3462 5878 3621 5941 raptu
3654 5870 3858 5941 virgin.
3905 5865 4050 5925 adde
