4248 6442
198 376 308 441 505

1297 366 1661 429 NOVELLE
1712 365 2382 427 CONSTITUTIONES.

3344 373 3451 435 ωδ

195 489 384 556 νόμον,
412 482 537 539 οὔτε
561 485 653 538 τὸν
690 481 791 553 τῆς
820 481 1094 545 πολιτείας
1123 479 1309 544 ἁπλῶς
1341 479 1769 552 συγκροτῶντες
1798 483 1846 540 Α

1768 499 1769 504 π
1798 483 1846 540 Α
1874 477 2019 546 quod
2047 477 2259 533 civilem
2286 479 2609 549 simpliciter
2634 484 2977 549 collidamus,
3005 484 3145 539 lianc
3184 483 3445 542 adversus

195 576 300 645 τὴν
333 577 461 647 περὶ
498 574 595 628 τοῦ
627 572 851 644 κορικοῦ
893 573 1143 642 ἅρπαγος
1175 569 1402 641 γνώμην
1446 573 1770 644 ικφέρομεν,

196 667 318 717 ἀλλ’
341 662 451 718 οἷον
475 666 594 717 ὀδόν
624 681 748 717 τινα
785 662 878 717 τοῦ
906 661 1020 732 βίου
1048 664 1161 724 τοῖς
1191 661 1482 732 πράγμασι
1514 665 1614 732 τὴν
1641 680 1774 732 συμ-

197 757 479 826 φέρουσαν
526 757 991 826 κατανοήσαντες,
1040 753 1270 824 ἐπείπερ
1319 755 1533 823 εῐδομεν
1573 756 1640 824 τῇ
1677 751 1772 806 τοῦ

202 845 354 912 ἱεροῦ
409 845 726 914 συμπαθείᾳ,
792 844 959 912 νόμου
997 843 1187 912 ὥσπερ
1246 843 1662 914 ἀναιδευόμενον
1715 844 1776 896 τὸ

201 935 403 997 κακὸν,
435 937 501 1005 τῇ
531 935 586 988 δὲ
635 935 729 988 τοῦ
767 933 1049 986 πολιτικοῦ
1079 932 1247 1002 νόμου
1289 935 1563 1004 αύστηρίᾳ
1605 952 1776 988 κατα-

203 1026 583 1095 στελλόμενον,
618 1025 710 1077 διὰ
741 1023 900 1076 τοῦτο
929 1025 1029 1092 τῆς
1061 1024 1262 1093 μᾶλλον
1293 1024 1677 1093 ἐπαμυνούσης
1705 1027 1772 1095 τῇ

201 1117 540 1170 καταστάσει
601 1117 709 1168 τῶν
760 1116 1102 1184 πραγμάτων
1145 1115 1446 1183 ἐγενόμεθα
1494 1118 1772 1185 προνοίας.

201 1206 473 1260 Βούλεται
511 1208 610 1276 μὲν
638 1207 747 1276 γὰρ
775 1207 804 1257 ό
846 1206 1121 1268 πολιτικὸς
1177 1206 1343 1274 νόμος
1383 1205 1443 1258 ού
1482 1205 1640 1276 μόνον
1684 1208 1776 1258 τὸν

198 1300 268 1350 δι’
300 1300 558 1367 ἁρπαγῆς
581 1300 676 1351 καὶ
704 1299 822 1367 βίας
856 1297 1056 1367 φθορέα
1081 1298 1336 1365 γεγονότα
1364 1298 1531 1368 κόρης
1563 1298 1776 1367 θανάτῳ

199 1390 648 1460 ὑπαγορευθῆναι
678 1390 749 1448 ’⁵,
788 1389 867 1441 ἔτι
905 1389 961 1442 δὲ
998 1390 1093 1442 καὶ
1130 1389 1267 1458 πρὸς
1299 1390 1364 1459 τῇ
1403 1387 1498 1440 τοῦ
1546 1389 1776 1442 θανάτου

201 1480 328 1550 δίκῃ
382 1481 477 1533 καὶ
529 1480 627 1549 τὴν
658 1479 891 1550 ὕπαρξιν
946 1480 1330 1548 ἀφαιρεῖσθαι,
1363 1479 1492 1531 ὅταν
1536 1481 1777 1546 εὐγενεῖς

201 1565 338 1622 ὦσιν
365 1571 424 1622 αἱ
449 1570 825 1640 φθειρόμεναι,
851 1569 988 1623 ἀλλά
1024 1570 1334 1633 κάκείνους,
1364 1569 1415 1622 οἳ
1465 1570 1778 1639 συναντιλή-

202 1677 406 1732 πτορες
455 1660 716 1731 ὤφθησαν
753 1659 848 1712 τοῦ
905 1661 1436 1732 ἀνοσιουργήματος,
1471 1661 1570 1730 τὴν
1607 1661 1779 1728 αὐτὴν

203 1749 534 1816 ὑφίστασθαι
560 1751 750 1819 ποινὴν
779 1750 874 1802 καὶ
896 1748 1122 1820 ζημίαν,
1154 1751 1246 1803 καὶ
1267 1751 1424 1803 τοῦτο
1449 1749 1692 1817 γίνεσθαι
1730 1749 1777 1780 ⁷⁸

1875 567 2105 639 virginis
2160 579 2432 637 raptorem
2504 574 2832 629 sententiam
2902 576 3291 644 proferimus:
3353 577 3445 628 sul

1875 669 2230 732 posteaquam
2265 663 2410 716 velut
2443 663 2528 716 via
2563 664 2795 732 quadam
2827 670 2993 721 rebus
3028 666 3285 720 humanis
3311 680 3447 718 eon-

1875 754 2098 808 dueibili
2160 752 2505 823 investigata,
2547 755 3027 808 commiseratione
3086 770 3257 809 sacrae
3317 753 3451 820 legis

1877 846 1928 898 id
1963 843 2168 896 malum
2205 844 2363 911 quasi
2397 845 2754 922 insolescere,
2787 844 2965 898 civilis
3022 861 3152 897 vero
3193 845 3327 911 legis
3347 858 3448 894 au-

1877 938 2126 992 steritate
2159 938 2446 1005 supprimi,
2499 940 2858 1007 cognovimus
2890 979 2906 1003 ,
2963 939 3017 991 in
3054 954 3174 992 eam
3230 949 3449 992 senten-

1877 1029 2029 1091 tiam,
2066 1028 2211 1081 unde
2246 1042 2425 1080 rerum
2486 1032 2650 1083 statui
2707 1033 2828 1100 plus
2885 1031 3115 1085 subsidii
3161 1038 3324 1092 esset,
3367 1032 3450 1083 in-

1876 1118 2228 1171 clinavimus.
2264 1115 2387 1169 Vult
2414 1127 2593 1170 autem
2622 1120 2799 1174 civilis
2836 1121 2919 1173 lex
2958 1121 3091 1188 (56),
3130 1130 3185 1172 ut
3225 1135 3331 1172 non
3360 1137 3448 1173 so-

1876 1210 1986 1264 lum
2021 1209 2116 1276 qui
2148 1224 2242 1277 per
2280 1219 2492 1276 raptum
2549 1220 2604 1263 et
2652 1212 2758 1261 vim
2819 1211 3088 1278 virginem
3153 1211 3445 1279 ingenuam

1877 1301 2168 1368 stupravit,
2204 1303 2364 1354 morti
2391 1300 2701 1362 addicatur,
2743 1302 3077 1370 insuperque
3107 1319 3274 1372 supra
3301 1318 3447 1356 mor-

1877 1387 1950 1442 tis
2007 1387 2470 1454 adjudicationem
2517 1388 2679 1442 bonis
2743 1391 3011 1456 privetur,
3059 1405 3245 1442 verum
3280 1393 3444 1443 etiam

1877 1479 1973 1549 qui
2003 1479 2057 1531 in
2091 1478 2298 1531 scelere
2331 1478 2654 1546 adjumento
2686 1477 2910 1530 luerunt
2967 1479 3213 1531 eamdem
3247 1487 3298 1530 et
3329 1495 3447 1546 poe-

1877 1582 2002 1622 nam
2032 1575 2086 1620 et
2116 1568 2341 1619 multam
2373 1569 2717 1622 sustineant:
2745 1568 2908 1636 idque
2956 1577 3070 1622 tum
3101 1569 3290 1630 etiam,
3321 1583 3446 1618 cum

1881 1656 2188 1710 voluntarie
2223 1671 2282 1709 se
2308 1657 2504 1710 mulier
2545 1657 2749 1724 raptori
2785 1657 3012 1710 dedidit.
3056 1657 3195 1721 Quin
3241 1667 3295 1710 et
3328 1657 3449 1723 ejus

1879 1757 2113 1817 patrem,
2152 1747 2196 1800 si
2247 1745 2370 1799 facti
2410 1749 2666 1801 conscius
2717 1747 2904 1811 fuerit,
2939 1748 3316 1816 deportatione
3347 1764 3448 1816 pu-

200 1839 400 1904 οὖτως,
435 1839 540 1892 κᾶν
593 1841 793 1909 ἑαυτὴν
820 1838 1024 1892 ἑκοῦσα
1068 1841 1102 1909 ἡ
1137 1841 1275 1909 γυνὴ
1319 1839 1398 1909 τῷ
1438 1841 1650 1909 ἆρπαγι
1691 1840 1778 1892 ὲνο
1808 1816 1850 1872 Β

1771 1867 1778 1879 ι
1808 1816 1850 1872 Β
1880 1839 1979 1892 nit.
2010 1836 2196 1904 Neque
2229 1849 2356 1890 vero
2385 1843 2516 1889 tunc
2542 1837 2741 1900 solum,
2768 1838 2862 1891 sed
2883 1838 3067 1901 etiam,
3100 1839 3145 1892 si
3183 1853 3305 1890 cum
3339 1853 3448 1906 quo

200 1933 494 2002 εχείρισεν.
532 1932 608 1984 Ού
656 1933 765 2002 μὴν
799 1933 936 1988 ἀλλά
971 1931 1188 1985 καὶτὸν
1225 1931 1432 2001 ταύτης
1472 1930 1684 2001 πατέρα
1718 1932 1778 1983 ὲν
1873 1942 1877 1978 4

1771 1949 1778 1978 ν
1873 1937 2118 1998 tempore
2162 1939 2353 1996 raptus
2421 1932 2893 1994 committeretur,
2941 1930 3063 1997 ejus
3106 1931 3179 1984 rei
3227 1931 3448 1998 ignarus

203 2023 511 2093 συνειδήσει
544 2025 893 2077 καταστάντα
919 2023 1018 2092 τῆς
1043 2021 1296 2092 πράξεως
1323 2022 1590 2093 ὑπερορίᾳ
1620 2022 1780 2075 κολά-

1767 2051 1780 2062 -
1881 2021 2067 2080 fiterit,
2103 2022 2284 2073 ﬁliolae
2334 2021 2676 2073 vitiationem
2715 2021 3059 2088 postmodum
3121 2021 3270 2089 parvi
3311 2035 3444 2086 nen-

202 2117 320 2180 ζει⁸
350 2119 446 2168 καὶ
477 2115 538 2168 ού
589 2114 842 2167 τοσοῦτον
883 2113 1066 2184 μόνον,
1097 2113 1232 2166 ἀλλὰ
1281 2113 1376 2166 καὶ
1427 2114 1474 2163 εξ
1505 2113 1580 2180 μὴ
1629 2110 1784 2179 παρά

1772 2128 1784 2162 ι
1881 2109 1997 2169 dat,
2032 2125 2235 2177 reoque
2263 2110 2535 2177 judicium
2568 2110 2831 2170 remittat,
2863 2121 2954 2163 aut
2991 2111 3300 2162 istiusmodi
3333 2125 3449 2161 ma-

199 2206 293 2258 τδν
316 2205 531 2273 καιρὸν,
552 2205 675 2258 καθ’
698 2205 757 2257 δν
781 2206 817 2274 ἠ
840 2205 1066 2275 ἁρπαγὴ
1087 2202 1436 2272 τετόλμηται,
1463 2200 1718 2262 συνειδὼς
1736 2201 1783 2231 ⁷⁸

1770 2201 1783 2231 ⁵
1881 2201 2199 2254 trimonium
2237 2201 2524 2268 approbet,
2559 2201 2614 2254 in
2655 2203 2882 2254 incuria:
2919 2217 3134 2268 poenam
3190 2201 3447 2269 deportat.-

199 2295 509 2364 ἐλέγχεται,
540 2296 691 2364 ὅμως
729 2295 788 2347 δὲ
811 2294 1095 2366 “όλιγωρίᾳ
1122 2293 1298 2355 διδοὺς
1338 2293 1438 2361 τὴν
1481 2290 1575 2342 τοῦ
1605 2291 1780 2356 θυγα-

199 2386 356 2454 τρίου
396 2385 696 2453 διαφθοράν
721 2386 817 2438 καὶ
845 2386 1026 2452 ἀφιεὶς
1055 2385 1155 2451 τῆς
1183 2383 1338 2453 δίκης
1368 2381 1458 2433 τδν
1508 2382 1710 2450 ἔνοχον,
1742 2379 1775 2449 ἦ

1889 2293 2088 2345 tionem
2146 2294 2434 2346 sustineat.
2475 2292 2653 2362 Atque
2711 2295 2823 2346 haec
2890 2293 3110 2361 quidem
3169 2294 3448 2349 veteribus

1888 2381 2159 2447 placuere.

199 2476 290 2527 τὸν
318 2476 564 2530 τοιοῦτον
595 2477 768 2547 γάμον
789 2476 1209 2545 ἀποδεχόμενος,
1231 2471 1424 2543 ποινὴν
1445 2473 1639 2543 ὑπέχει
1669 2474 1772 2545 τῆς
1808 2472 2100 2543 ὀλιγωρίας
2144 2471 2322 2542 φυγὴν
2344 2472 2655 2542 ὑπερόριον.
2727 2472 2913 2526 Ταῦτα
2959 2473 3059 2543 μὲν
3119 2472 3292 2526 ἐδόκει
3338 2475 3452 2541 τοῖς

199 2568 392 2623 πάλαι.

283 2703 346 2756 'U
374 2702 419 2754 δ’
446 2701 773 2772 ἀείμνηστος
806 2699 966 2768 ἡμῶν
994 2697 1177 2767 πατὴρ
1216 2699 1321 2750 οὐκ
1354 2697 1434 2759 είς
1477 2696 1646 2765 μόνην
1676 2693 1774 2759 τὴν

201 2794 462 2866 ἁρπαγὴν
491 2792 586 2845 τοῦ
619 2792 842 2859 γυναίου
891 2791 1304 2857 ἀποσκοπήσας,
1338 2787 1474 2841 ἀλλά
1516 2786 1611 2839 καὶ
1646 2785 1782 2855 πρὸς

209 2889 276 2940 τὰ
310 2886 447 2939 ἄλλα
487 2883 1042 2954 παρακολουθῄματα,
1076 2879 1213 2950 πρὸς
1241 2882 1427 2932 ἐκεῖνα
1471 2878 1571 2948 τὴν
1601 2877 1783 2945 ψῆφον

1955 2687 2154 2741 Verum
2195 2685 2538 2753 sempiternae
2573 2688 2850 2740 memoriae
2903 2697 3055 2756 pater
3108 2697 3296 2744 noster
3343 2705 3454 2746 non

1886 2789 2097 2835 tantum
2134 2781 2188 2834 in
2235 2779 2479 2834 mulieris
2534 2792 2770 2849 raptum,
2820 2797 3003 2835 verum
3054 2785 3217 2837 etiam
3265 2786 3320 2839 in
3342 2787 3456 2840 cir-

1886 2871 2246 2926 cumstantias
2299 2871 2489 2926 oculos
2551 2872 2840 2942 dirigens,
2885 2874 2952 2926 ad
3021 2876 3168 2928 illaut
3231 2888 3456 2932 senten-

200 2977 589 3049 ἑναρμόζεται,
639 2976 735 3028 καὶ
771 2974 1036 3035 θεσπίζει,
1081 2973 1222 3043 μετά
1290 2972 1387 3040 μὲν
1435 2969 1614 3022 ὃπλων
1666 2968 1788 3038 ἦτοι

1773 2984 1788 3019 ι
1885 2963 2016 3016 tiam
2073 2960 2454 3015 accommodat
2486 2976 2550 3015 ac
2600 2963 2802 3025 sancit,
2866 2971 2924 3015 ut
2965 2964 3011 3017 si
3069 2979 3193 3017 cum
3257 2968 3450 3031 armis,

203 3070 378 3140 ξιφῶν
405 3069 440 3138 ἢ
470 3067 648 3122 ἄλλων
671 3065 840 3118 τινῶν
873 3064 998 3116 ἄνευ
1042 3063 1228 3132 ξίφους
1276 3059 1636 3130 ἀναιρετικῶν
1687 3057 1786 3124 τῆς

1776 3074 1786 3118 ;
1891 3052 2008 3107 sive
2041 3051 2240 3121 gladiis
2266 3051 2458 3104 aliisve
2517 3053 2796 3104 nonnullis
2845 3063 3041 3120 praeter
3089 3055 3328 3122 gladium
3377 3057 3453 3110 le-

200 3157 468 3230 ἀρπαγῆς
507 3153 907 3223 γεγενημένης,
965 3151 1109 3218 ξίφει
1138 3148 1501 3217 τιμωρεῖσθαι
1536 3147 1628 3200 τὸν
1663 3145 1782 3214 βια-
1809 3158 1852 3215 c

1775 3158 1852 3215 ιο
1902 3143 2103 3194 talibus
2146 3150 2337 3208 raptus
2384 3141 2715 3194 couunissus
2749 3140 2860 3202 sit,
2909 3141 3002 3208 qui
3057 3153 3271 3210 raptum
3307 3145 3452 3208 l'ecit,

204 3251 470 3319 σάμενον,
533 3246 609 3308 ὠς
657 3245 725 3297 δι’
755 3238 832 3297 ὧν
898 3241 1017 3312 μεθ’
1058 3240 1238 3294 ὃπλων
1288 3239 1382 3292 ἐπὶ
1424 3239 1526 3307 τὴν
1584 3237 1782 3306 πρᾶξιν

203 3342 512 3408 ἐχώρησεν,
539 3338 641 3388 οὐκ
665 3336 818 3399 ὄντος
848 3332 1015 3388 αὑτοῦ
1065 3335 1162 3386 καὶ
1206 3332 1520 3401 μιαιφονίας
1565 3328 1776 3382 ἀθώουο

199 3433 330 3492 τοὺς
367 3429 424 3481 δὲ
461 3428 994 3496 συνεπειλημμένους
1023 3425 1056 3494 ἢ
1089 3424 1395 3486 συνειδότας
1425 3423 1472 3454 ’⁸
1506 3423 1541 3493 ἢ
1575 3438 1782 3474 συνεισ-

204 3521 442 3588 άγοντας
471 3519 517 3550 ’⁷
573 3516 809 3587 σπουδὴν
857 3515 1004 3586 ῥινὸς
1037 3516 1245 3584 ἐκτομῇ
1291 3513 1385 3567 καὶ
1420 3513 1639 3582 μάστιξι
1688 3513 1783 3564 καὶ

201 3611 431 3680 κουρείᾳ
465 3612 532 3679 τῇ
561 3610 618 3660 ὲν
657 3608 776 3679 χρῷ
801 3606 1166 3677 τιμωρεῖσθαι
1188 3623 1203 3637 ·
1237 3604 1414 3658 ὅπλων
1447 3604 1504 3657 δὲ
1539 3605 1614 3674 μὴ
1645 3620 1784 3673 συμ-

201 3701 492 3770 παρόντων
527 3701 592 3768 τῇ
627 3697 738 3768 βία,
771 3696 848 3768 μὴ
868 3696 913 3728 ’⁸
943 3697 1104 3766 μέχρι
1127 3695 1288 3764 φόνου
1316 3695 1415 3763 τὴν
1442 3693 1599 3761 δίκην
1625 3693 1781 3762 όρᾷν,

202 3793 280 3855 ὡς
323 3793 442 3845 οὐδὲ
473 3791 571 3860 τῆς
629 3789 946 3858 μιαιφονίας
985 3788 1169 3858 χώραν
1217 3785 1472 3856 ἐχούσης,
1512 3785 1648 3837 ἀλλά
1691 3784 1783 3836 τὸν

207 3886 307 3956 μὲν
338 3885 606 3953 αὐθέντην
646 3884 744 3950 τῆς
798 3883 1059 3952 άρπαγῆς
1116 3883 1197 3943 είς
1244 3881 1426 3952 χειρὸς
1455 3877 1783 3932 κινδυνεύειν

200 3975 521 4044 ἀποκοπὴν,
561 3975 688 4035 τοὺς
735 3974 791 4027 δὲ
834 3972 1459 4043 συνυπουργησαμένους
1515 3970 1548 4038 ἢ
1589 3987 1782 4022 κοινωο

203 4071 478 4140 νήσαντας
508 4067 681 4129 ἄλλως
729 4065 946 4136 μάστιξι
1005 4065 1099 4117 καὶ
1131 4063 1353 4133 κουρείᾳ
1378 4063 1472 4115 καὶ
1517 4060 1783 4131 ὑπερορίᾳ

203 4159 304 4228 τὴν
331 4158 488 4228 δίκην
516 4155 960 4226 είσπράττεσθαι.
998 4155 1133 4224 Περὶ
1187 4153 1289 4224 μὲν
1337 4152 1430 4205 οὖν
1456 4153 1555 4222 τῆς
1589 4153 1669 4214 είς
1719 4149 1782 4202 τὸ

206 4249 370 4318 σῶμα
402 4247 607 4318 ζημίας
635 4241 793 4310 οὗτος
817 4247 952 4316 ὅρος
983 4261 999 4276 ·
1034 4244 1070 4298 ἀ
1106 4243 1152 4296 δ’
1183 4246 1263 4306 εἰς
1291 4244 1548 4314 χρήματα
1577 4243 1778 4312 ἀφορᾷ,

204 4338 382 4392 ταῦτα
410 4341 471 4392 τδ
511 4339 916 4409 ἀμεταποίητον
955 4336 1049 4388 καὶ
1101 4335 1324 4402 ἐνεργὸν
1360 4333 1780 4403 συγκεχώρηται

205 4432 400 4500 φέρειν
431 4430 531 4500 τῆς
571 4429 808 4500 ἀρχῆθεν
834 4427 1176 4498 νομοθεσίας.
1223 4425 1384 4480 Ἀλλά
1415 4425 1589 4481 ταῦτα
1615 4426 1713 4496 μὲν
1746 4427 1775 4478 ό

1884 3233 2063 3302 gladio
2094 3231 2351 3300 puniatur
2379 3270 2395 3294 ,
2440 3238 2627 3298 utpote
2652 3230 2745 3299 qui
2774 3245 2840 3285 eo
2864 3230 3008 3300 quod
3035 3245 3160 3284 cum
3194 3234 3364 3288 armis
3385 3237 3452 3288 ad

1886 3325 1937 3377 id
1968 3324 2170 3376 factum
2207 3323 2561 3390 processerit,
2597 3337 2775 3390 neque
2815 3322 2884 3375 ab
2910 3323 3207 3376 homicidio
3251 3323 3452 3377 immu-

1885 3417 1970 3470 nis
2024 3417 2096 3469 sit
2155 3431 2168 3468 :
2230 3414 2324 3482 qui
2387 3428 2516 3466 vero
2577 3415 2857 3482 suppetias
2928 3414 3194 3478 tulerint,
3252 3416 3449 3470 [active

1885 3511 2289 3574 perpetratores
2338 3504 2712 3571 susceperint,
2765 3517 2900 3555 naso
2947 3507 3291 3565 mutilentur,
3327 3522 3450 3558 ver-

1884 3594 2164 3655 berentur,
2197 3602 2251 3646 et
2275 3602 2402 3646 cute
2425 3604 2586 3646 tenus
2606 3594 2952 3647 tondeanlur.
2983 3593 3210 3658 Quando
3263 3607 3446 3650 autem

1884 3700 2032 3738 arma
2087 3685 2354 3738 violentia:
2412 3684 2657 3737 adhibita
2715 3700 2822 3736 non
2893 3695 3106 3747 essent,
3176 3694 3235 3738 ut
3299 3701 3448 3738 mor-

1884 3782 1990 3827 tem
2023 3775 2295 3829 Sententia
2326 3789 2434 3828 non
2479 3783 2710 3841 spectet,
2739 3775 2885 3843 quod
2947 3791 3138 3842 nempe
3189 3783 3320 3828 tunc
3353 3777 3452 3827 lto-

1884 3865 2163 3920 micidimn
2191 3867 2373 3918 locum
2397 3881 2503 3919 non
2533 3866 2784 3918 habuerit
2832 3883 2846 3919 :
2890 3867 2982 3919 sed
3028 3878 3214 3934 raptus
3260 3877 3453 3919 auctor

1883 3973 2080 4012 manus
2103 3957 2314 4027 (57-60)
2342 3957 2681 4010 mutilatione
2700 3957 3062 4025 periclitetur;
3090 3957 3180 4024 qni
3205 3973 3331 4011 vero
3353 3961 3453 4011 mi-

1882 4049 2170 4104 nisterium
2240 4049 2606 4117 praebuerint,
2657 4047 2928 4117 alioquive
2974 4063 3034 4101 se
3079 4049 3170 4102 isti
3223 4050 3302 4102 rei
3347 4049 3450 4102 im—

1885 4140 2230 4202 miscuerint,
2267 4139 2610 4200 verberibus,
2669 4147 2894 4192 tonsura
2954 4148 3008 4192 et
3057 4139 3442 4208 deportatione

1882 4244 2073 4300 ρωπος
2089 4229 2349 4298 pendant.
2381 4232 2460 4282 Ac
2488 4244 2622 4282 sane
2648 4229 2952 4297 corporalis
2981 4243 3156 4296 penu:
3207 4229 3319 4282 haec
3367 4241 3450 4281 est

1882 4323 2178 4391 descriptio
2209 4339 2222 4375 :
2255 4319 2401 4388 quod
2436 4335 2568 4374 vero
2622 4320 2686 4373 ad
2725 4322 3096 4388 pecuniariam
3135 4321 3349 4384 attinet,
3379 4335 3447 4371 Im

1895 4428 1924 4466 a
1955 4412 2230 4480 primitiva
2260 4409 2600 4480 legislatione
2626 4417 2888 4472 mutetur,
2913 4410 3143 4478 ejusque
3195 4409 3445 4462 eﬂ'ectum

203 4484 859 4594 ημ.ίτερος¹ἀποθὲσ’πίζει
884 4484 1068 4590 πατήρ
1090 4534 1103 4548 ⁸
1134 4484 1212 4582 οἷς
1235 4519 1527 4589 σύμψηφον
1549 4484 1774 4587 xvii)qu
1807 4484 1850 4539 ο

1770 4535 1774 4555 μ
1807 4484 1850 4539 D
1881 4503 2133 4563 retineat,
2151 4501 2490 4569 permittitur
2517 4498 2654 4568 (6i).
2693 4501 2868 4567 Atque
2886 4499 2999 4550 haec
3032 4498 3256 4566 quidem
3295 4506 3447 4564 pater

205 4613 301 4668 καὶ
329 4616 492 4683 ἡμεῖς
512 4613 898 4682 ἀναδεχόμενοι
922 4613 1024 4681 τήν
1054 4628 1114 4663 τε
1144 4611 1202 4663 ἐν
1222 4609 1301 4679 τῷ
1340 4609 1566 4679 παρόντι
1596 4607 1774 4678 καιρῷ

204 4702 303 4756 καὶ
331 4701 412 4771 τῷ
437 4701 691 4755 Emme."
706 4701 872 4771 τιμήν
891 4717 952 4753 τε
977 4699 1074 4753 καὶ
1097 4699 1380 4770 ἐνέργειαν
1397 4701 1465 4769 τῇ
1486 4697 1776 4769 νομοθεσίᾳ

203 4792 719 4865 έπισφραγιζόμεθα

1877 4600 2066 4647 noster
2091 4592 2290 4656 sancit,
2326 4606 2560 4659 quorum
2613 4597 2668 4643 et
2696 4606 2798 4644 nos
2849 4589 3288 4657 approbatricem
3319 4603 3446 4641 seu-

1879 4682 2106 4736 tentiam
2167 4682 2561 4750 suscipientes.
2621 4679 3017 4747 legislationem
3081 4678 3226 4731 illam
3283 4686 3338 4731 et
3391 4678 3445 4729 in

1879 4787 2123 4843 praesens
2147 4779 2202 4825 et
2232 4771 2288 4825 in
2318 4770 2565 4826 futurum
2606 4771 2936 4824 auctoritate
2961 4777 3016 4822 et
3068 4768 3266 4823 ell‘ectu
3288 4767 3442 4822 obsi—

1883 4863 2187 4933 gnavimus.

1516 5041 1752 5098 VARIE
1792 5039 2192 5097 LECTIONES.

251 5233 303 5268 ‘"
337 5230 529 5285 Zuich.
563 5238 618 5284 et
651 5227 868 5284 lleerm.
896 5229 1218 5296 ὑπάγεσθαι.
1303 5229 1347 5259 ⁷⁸
1375 5225 1608 5296 δαείωδέ
1630 5221 1931 5296 γενέσθαι.Δ
1988 5221 2036 5296 '_‘
2059 5218 2234 5274 Codd.
2271 5219 2586 5278 συνειδότος.

2670 5216 2712 5248 ⁷⁷
2743 5216 2821 5270 Ita
2869 5214 2982 5270 Ecl.
3038 5213 3208 5269 Codd.
3269 5211 3445 5267 συνεί-

205 5319 402 5365 σοντας
435 5302 760 5368 ἀγαγόντας.
810 5299 856 5332 ⁷⁸
881 5297 995 5352 Ecl.
1020 5289 1188 5368 μηδέ.
1242 5297 1286 5329 ⁷⁸
1316 5297 1390 5350 Ita
1422 5294 1536 5349 Ecl.
1558 5289 1742 5348 Codd.
1770 5292 1848 5362 τῷ
1885 5292 1964 5354 εἰς
2002 5289 2213 5343 ἒπειτα.

1687 5451 1913 5509 ΝΟΤΑΕ.

205 5599 419 5654 Novell.
460 5599 561 5653 ηδ
603 5607 659 5653 et
687 5597 810 5662 150,
843 5597 1000 5653 Deea
1030 5610 1152 5666 qua;
1203 5595 1404 5663 raptori
1458 5608 1563 5650 suo
1589 5593 1766 5661 nubit,

206 5668 475 5736 b,llarm.
501 5669 552 5734 7,
581 5669 728 5722 Clar.
762 5668 816 5733 5,
857 5677 998 5724 sent.
1034 5669 1062 5738 ς
1101 5666 1325 5736 Itaptus.

281 5739 395 5808 (56)
426 5739 486 5792 D.
511 5741 548 5792 l.
579 5754 674 5792 un.

1946 5587 2158 5657 (57-60)
2196 5590 2267 5645 De
2317 5605 2514 5643 manus
2570 5587 2912 5641 mutilatione
2966 5585 3031 5637 ad
3103 5582 3235 5636 Nov.
3298 5581 3392 5637 £51

1876 5674 1925 5714 ρ.
1949 5661 2062 5799 ἐῶ.)
2097 5728 2278 5799 anue
2309 5731 2360 5782 in
2395 5744 2450 5782 re
2480 5729 2615 5783 nillil
2642 5737 2881 5782 mutatur
2910 5726 2963 5779 d.
2997 5727 3031 5778 l.
3062 5727 3236 5778 unté'a.
