4248 6442
808 397 910 462 507
2015 408 2289 473 LEONIS
2317 412 2773 476 PHILOSOPHI
3966 415 4079 483 508

1225 509 1692 567 CONSTITUTIO
1722 511 1964 568 XXXVI.
2410 519 2457 576 Α

1892 512 1964 568 Vl.
2410 519 2457 576 A
2984 522 3298 576 ΔΙΔΤΛΞΙΣ
3325 523 3442 590 ac:
3505 522 3569 576 κο.

1032 599 1098 655 Ut
1145 605 1339 670 captivi
1370 605 1516 672 ﬁlius
1560 605 1675 676 (63)
1709 607 1875 661 laceres
1921 608 1988 661 sit
2026 609 2165 679 (64).
2498 618 2634 682 Περί
2661 634 2709 669 τι

2498 618 2634 682 Περί
2661 615 2766 669 τοῦ
2791 616 3189 686 κληρονομεῖν
3203 617 3310 669 τὸν
3334 615 3439 669 τοῦ
3461 618 3522 668 αἰ
3526 616 3844 684 ηλαλὼτου
3871 618 4077 674 παῖδα.

889 692 1029 748 Idem
1061 694 1360 763 imperator
1397 697 1573 752 eidem
1608 698 1882 770 Styliano.

2585 707 2642 760 '0
2667 707 2829 770 αὐτὸς
2863 707 3115 777 βασιλεὺς
3144 705 3418 776 Στυλιανῷ
3455 704 3536 777 τῷ
3564 705 3735 778 αὐτῷ.

885 786 943 840 Si
979 787 1211 856 reipubl.
1240 792 1678 846 sustentaculum
1707 791 1820 863 (65)
1855 801 2022 864 atque
2056 795 2388 852 fundamen-

2571 798 2636 853 Εἰ
2673 797 2775 866 τῆς
2806 797 3087 860 πολιτείας
3121 795 3429 866 ἐρείσματα
3471 800 3566 851 καὶ
3605 798 3869 869 κρηπῖδες
3905 801 3954 854 οί
3985 799 4077 854 νό-

814 883 927 928 tum
951 885 1081 931 sunt
1113 878 1280 948 leges,
1316 890 1465 938 certe
1500 892 1556 936 ut
1587 882 1681 936 illa
1713 883 1770 937 in
1801 891 1924 939 tuto
1968 885 2063 950 sit,
2090 888 2386 942 sanitatem

2502 907 2614 961 μοι,
2643 889 2699 942 εί
2721 906 2781 957 γε
2809 887 2993 958 μέλλοι
3026 887 3164 958 αὑτὴ
3194 889 3238 920 ⁸⁸
3287 890 3346 941 ὲν
3381 887 3460 958 τῷ
3493 889 3730 958 ἀσφαλεῖ
3756 886 3918 951 εἶναι,
3954 890 4083 951 τοὺς

814 965 960 1035 leges
984 979 1316 1026 conservent
1351 980 1587 1042 oportet.
1632 972 1793 1044 Legis
1854 985 2032 1030 autem
2094 979 2386 1034 sanitatem

2499 982 2696 1048 νόμους
2719 979 2824 1049 χρὴ
2853 978 2914 1031 τὸ
2952 978 3107 1046 ὑγιὲς
3147 976 3456 1041 διασώζειν.
3488 979 3674 1050 Νόμου
3709 982 3764 1034 δὲ
3811 982 4004 1047 ὑγείαν
4026 980 4081 1032 τί

811 1059 942 1127 quid
971 1060 1120 1115 aliud
1148 1079 1311 1133 quam
1329 1066 1642 1135 aequitatem
1669 1067 1794 1136 quis
1831 1067 2022 1122 dicat?
2053 1069 2215 1124 Circa
2248 1071 2388 1126 hanc

2499 1073 2564 1126 ἄν
2590 1089 2674 1135 τις
2694 1071 2822 1124 ἄλλο
2853 1071 2887 1136 ἢ
2918 1069 2980 1122 τὸ
3019 1069 3230 1124 δίκαιον
3264 1069 3435 1140 φαίης
3470 1072 3607 1142 Περί
3653 1073 3844 1126 τούτου
3878 1073 3924 1104 ⁸¹
3959 1069 4079 1138 οὖν,

814 1150 1022 1221 itaque,
1054 1170 1162 1223 quo
1191 1156 1362 1224 leges,
1399 1172 1522 1225 quae
1575 1159 1974 1228 rempublicam
2012 1171 2258 1216 nostram
2289 1181 2388 1234 gu-

2499 1165 2642 1218 ῶστε
2703 1165 2930 1226 δικαίως
2988 1164 3295 1218 διακεῖσθαι
3349 1166 3480 1228 τοὺς
3529 1165 3578 1218 οἳ
3643 1165 3740 1235 τὴν
3800 1166 4080 1236 ἡμετέραν

811 1244 1066 1309 hernant,
1089 1247 1436 1316 aequabiliter
1460 1265 1585 1305 sese
1610 1251 1844 1306 habeant
1865 1292 1878 1316 ,
1914 1253 2277 1322 cogitationes
2298 1273 2391 1310 no-

2497 1255 2691 1323 ἄγουσι
2729 1256 3003 1328 πολιτείαν
3043 1255 3263 1324 νόμους,
3294 1256 3384 1309 ἀεὶ
3429 1256 3753 1326 στρέφοντες
3803 1256 3903 1327 τὴν
3956 1255 4079 1309 διᾶ-

812 1345 959 1390 stras
989 1337 1339 1394 obvertcntes
1372 1341 1540 1410 legem
1559 1341 1672 1411 (66)
1701 1343 1871 1408 illam,
1895 1358 2015 1412 quae.
2041 1360 2163 1399 eum
2191 1348 2285 1415 qui
2320 1364 2385 1402 ex

2497 1364 2665 1412 νοιαν,
2693 1349 2789 1399 καὶ
2819 1349 2909 1400 τὸν
2936 1348 3100 1418 νόμον
3123 1348 3348 1411 ἐκεῖνον,
3378 1347 3436 1409 ὃς
3470 1347 3718 1416 βούλεται
3748 1347 3837 1400 τδν
3872 1349 3938 1400 ὲκ
3985 1347 4080 1399 δύο

811 1426 1030 1481 duobus
1097 1430 1332 1498 captivis
1388 1441 1554 1488 natus
1625 1444 1713 1488 est
1779 1433 2049 1490 haercdem
2116 1436 2388 1492 honorum

2497 1435 2859 1506 αἰχμαλώτων
2885 1438 2930 1468 ⁸³
2956 1438 3093 1508 μηδὲ
3146 1437 3508 1508 κληρονομεῖν
3549 1437 3660 1490 τῶν
3709 1438 4080 1508 διαφερόντων

809 1517 930 1586 ejus
957 1521 1201 1588 parentis
1247 1524 1350 1591 .qni
1415 1525 1557 1593 apud
1606 1527 1791 1580 hostes
1842 1526 2068 1588 mansit.
2122 1527 2238 1582 lieri
2277 1546 2387 1584 non

2495 1530 2590 1585 τοῦ
2621 1532 2678 1584 ἐν
2703 1534 2816 1594 τοῖς
2847 1531 3127 1601 πολεμίοις
3155 1531 3548 1603 μεμενηκότος,
3573 1531 3762 1584 τοῦτον
3790 1531 3882 1584 οὖν
3910 1547 4083 1583 κατα-

810 1606 966 1658 vult:
1000 1609 1160 1672 hanc,
1213 1608 1458 1678 inquam,
1515 1611 1728 1681 legem,
1788 1628 1855 1667 ne
1909 1613 2086 1684 legum
2151 1620 2390 1675 sanitate

2496 1625 2786 1693 νοήσαντες
2849 1623 3228 1678 κινδυνεύοντα
3279 1624 3375 1692 τῆς
3443 1623 3552 1676 τῶν
3631 1626 3812 1694 νόμων
3887 1621 4081 1690 ὑγείας

811 1697 955 1765 (qua:
983 1698 1218 1766 aequitas
1247 1700 1351 1769 est)
1380 1701 1650 1770 privetur,
1711 1705 2011 1773 periclitari
2037 1707 2390 1764 animadver-

2499 1719 2665 1787 (ἥπερ
2691 1717 2736 1748 ⁸⁸
2767 1717 2885 1768 ἐστί
2913 1716 2974 1769 τὸ
2997 1717 3230 1784 δίκαιον)
3261 1715 3682 1787 ἀποστερεῖσθαι
3739 1716 4084 1785 μετασκευά-

811 1793 1009 1852 tentes,
1035 1788 1183 1842 illam
1211 1789 1278 1843 ad
1315 1793 1608 1848 sanitatem
1651 1796 2044 1852 transformare
2087 1800 2382 1857 voluimus.
2424 1875 2457 1880 _

2424 1875 2457 1880 _
2498 1807 2612 1872 ζειν
2639 1808 2803 1863 αὑτὸν
2829 1808 2965 1878 πρὸς
3000 1807 3060 1860 τὸ
3091 1807 3242 1874 ὑγιὲς
3271 1807 3756 1878 προεθυμήθημεν.
3799 1811 3926 1861 Ὀτι
3970 1811 4083 1880 γὰρ

806 1875 942 1932 Nam
977 1881 1122 1948 quod
1179 1881 1380 1952 injuste
1411 1883 1561 1939 istud
1609 1895 1836 1952 statuat,
1871 1901 1980 1941 non
2020 1887 2244 1944 diﬂieile
2298 1907 2392 1946 co-
2424 1875 2466 1932 Β

2424 1875 2596 1953 Βούκ
2655 1901 2880 1963 ἐνδίκως
2932 1897 3108 1954 ταῦτα
3154 1899 3351 1970 ὁρίζει,
3415 1899 3478 1952 οὐ
3531 1901 3768 1970 χαλεπὸν
3822 1902 4080 1954 συνιδεῖν.

808 1969 962 2039 gnitu
998 1983 1103 2026 est.
1131 1970 1306 2037 Quam
1344 1975 1490 2027 enim
1551 1975 1658 2028 vim
1693 1977 1940 2032 locorum
1971 1989 2168 2042 natura
2202 1981 2266 2036 ad
2293 1983 2391 2036 nd-

2493 1993 2627 2044 Τίνα
2659 1993 2770 2062 γὰρ
2806 1992 2959 2062 ἰσχὺν
2985 1993 3018 2062 ὴ
3048 1991 3158 2044 τῶν
3189 1969 3370 2046 τόπων
3409 1993 3608 2061 ἰδιότης
3638 1991 3750 2062 ἔχει
3778 1993 3988 2064 ὁρίζειν
4003 1993 4082 2062 τῷ

809 2063 1160 2117 scribendam
1193 2064 1309 2119 [ilio
1345 2066 1724 2122 haereditatem
1784 2071 1989 2126 habet?
2025 2073 2210 2144 Neque
2261 2089 2391 2130 vero

2495 2083 2647 2136 παιδὶ
2671 2083 2770 2155 τὴν
2801 2083 3214 2154 κληρονομίαν;
3252 2083 3313 2136 οὐ
3348 2084 3458 2154 γὰρ
3495 2084 3559 2156 δὴ
3589 2084 3765 2138 ἐκεῖνό
3808 2102 3894 2148 τις
3947 2085 4084 2138 ἀνθ-

807 2153 914 2208 hoc
965 2155 1253 2225 quisquam
1292 2158 1543 2227 objiciat,
1571 2163 1719 2229 quod
1780 2178 1906 2217 cum
1942 2181 2144 2234 parcns
2195 2184 2391 2224 servus

2493 2153 2780 2246 υποφέρέι,
2807 2175 2882 2238 ώς
2908 2174 3098 2227 δούλου
3121 2153 3557 2247 χρηματίζοντος
3584 2178 3680 2230 τοῦ
3698 2178 3904 2246 γονέως
3920 2179 4084 2232 διὰτὸ

809 2245 900 2307 sit,
925 2258 1150 2315 propter
1181 2250 1436 2304 servilem
1500 2255 1876 2310 conditionem
1937 2257 2080 2313 ﬁlius
2143 2260 2392 2316 cxhaeres

2493 2245 2745 2325 δουλικὸν
2778 2271 2965 2340 σχῆμα
2995 2272 3024 2323 ό
3053 2245 3184 2333 παῖς
3207 2245 3522 2340 ἀπόκληρος
3558 2245 3737 2327 ἔσται.
3770 2273 3898 2337 Πῶς
3923 2273 4035 2342 γὰρ
4058 2278 4084 2327 ό

806 2337 936 2393 erit.
969 2337 1259 2404 Quomodo
1291 2343 1436 2396 enim
1472 2345 1651 2399 civilis
1709 2347 1816 2413 lex,
1863 2365 2004 2418 quae,
2038 2351 2082 2406 si
2113 2353 2389 2421 captivum

2495 2365 2660 2431 νόμος
2712 2337 3157 2432 τῆς-πολιτείας,
3189 2362 3249 2426 ὃς
3295 2365 3344 2416 εἰ
3532 2365 3869 2435 αἰχμαλώτῳ
3928 2337 4083 2430 λύσις

806 2428 1029 2485 liberari
1059 2434 1405 2503 contigisset,
1428 2435 1577 2491 illum
1605 2438 1836 2494 liberum
1858 2452 2207 2510 agnosceret,
2233 2460 2299 2500 ex
2322 2461 2390 2500 eo

2493 2428 2737 2518 ἐγεγόνει
2769 2428 2879 2522 ⁷τῆς
2908 2451 3308 2521 αἰχμαλωσίας,
3345 2428 3643 2523 ἐλευθέραν-
3675 2428 3868 2506 τοῦτον
3896 2428 4083 2522 ὲγνώέ

807 2531 996 2576 natum
1017 2524 1246 2578 liberum
1273 2527 1540 2583 heredem
1567 2547 1810 2588 essenon
1845 2535 2141 2603 permittet,
2171 2539 2266 2592 sed
2296 2538 2391 2608 qui

2495 2545 2667 2615 ριζεν,
2695 2543 2756 2596 οὐ
2789 2545 3133 2614 συγχωρήσει
3164 2543 3242 2613 τῷ
3263 2542 3322 2608 ἐξ
3354 2544 3565 2598 ἐκείνου
3596 2544 3756 2614 φύντι
3803 2547 4083 2617 ἐλευθέρῳ

807 2615 948 2682 apud
974 2614 1164 2672 hostes
1184 2627 1289 2681 est,
1305 2634 1463 2674 servo
1481 2621 1748 2677 honorum
1763 2626 2290 2682 administrationem
2303 2629 2396 2683 da-

2493 2614 2875 2706 κληρονομεῖν,
2909 2635 3043 2688 ἀλλά
3071 2638 3140 2706 τῇ
3185 2637 3242 2689 ὲν
3287 2639 3401 2699 τοῖς
3463 2637 3722 2707 πολέμοις
3775 2639 3822 2670 ⁸⁸
3863 2614 4084 2710 δουλεία

807 2705 905 2759 hit.
925 2705 1063 2760 Tum
1087 2708 1251 2762 etiam
1276 2709 1342 2763 ad
1362 2726 1522 2780 quem
1552 2717 1752 2783 captivi
1779 2717 1918 2771 bona
1945 2718 2145 2788 aliquis
2162 2721 2396 2789 pertine-

2492 2705 2751 2796 τὴνίπερί
2788 2725 2979 2779 τούτου
3026 2725 3330 2796 ἐπιτροπὴν
3375 2727 3537 2781 δώσει
3561 2746 3576 2794 ;
3599 2729 3717 2781 Τίνι
3747 2729 3802 2782 δὲ
3831 2732 3929 2784 καὶ
3964 2731 4083 2783 δια·

808 2811 867 2850 re
899 2799 1146 2868 putabit?
1167 2801 1248 2855 Ad
1272 2807 1640 2873 cognatosne?
1658 2811 2011 2877 Atquomodo
2036 2812 2273 2867 servitus
2297 2813 2395 2868 ob-

2495 2819 2685 2888 φέρειν
2723 2818 2966 2888 οἰήσεταί
3008 2836 3093 2882 τις
3121 2819 3193 2872 τά
3221 2819 3314 2872 τοῦ
3367 2821 3753 2890 αἰχμαλώτους
3785 2823 3914 2887 Τοῖς
3950 2842 4083 2893 συγ-

806 2888 1012 2946 sistcns
1038 2892 1122 2947 his
1139 2894 1204 2947 ad
1224 2894 1596 2954 hereditatem
1619 2900 1904 2956 introitum
1927 2918 2036 2958 non
2067 2906 2390 2974 praacludit?

2495 2912 2678 2978 γενέσι
2712 2928 2727 2978 ;
2765 2910 2878 2964 Καὶ
2910 2911 3027 2973 πῶς
3072 2910 3172 2963 οὐκ
3200 2888 3505 2967 ἀπαντῶσα
3543 2915 3576 2983 ἡ
3609 2914 3821 2967 δουλεία
3867 2888 4083 2979 τούτοις

804 2983 909 3038 Aut
942 2988 1241 3055 quomodo,
1297 2991 1498 3058 quibus
1521 2996 1855 3061 permissum
1897 3005 2002 3063 est,
2061 3013 2170 3053 non
2227 3001 2387 3072 longe

2494 3005 2573 3067 εἰς
2607 3002 2705 3073 τὴν
2736 3002 3104 3074 κληρονομίαν
3151 3003 3251 3072 τὴν
3294 3004 3500 3056 εἴσοδον
3543 3005 3831 3059 ἀποκλείει
3859 3023 3874 3071 ;
3905 3007 3939 3077 ἦ
3968 3007 4082 3070 πῶς

806 3077 962 3146 prius
989 3078 1233 3136 lneredes
1283 3097 1408 3138 esse
1438 3084 1670 3140 licebit?
1700 3089 1782 3142 An
1841 3105 1972 3144 vero
2033 3091 2167 3146 lisco
2205 3094 2388 3150 danda

2492 3097 2556 3149 οὐ
2595 3096 2731 3149 πολὺ
2780 3095 3046 3166 πρότερον
3071 3094 3285 3161 ἐξέσται
3326 3095 3689 3167 κληρονομεῖν
3718 3100 4083 3168 συγκεχώρηο

803 3169 1009 3223 erunt?
1046 3171 1243 3225 Verum
1278 3176 1556 3244 quomodo
1587 3179 1878 3244 manifesta
1909 3181 2001 3235 illa
2038 3183 2239 3253 injuria
2265 3203 2375 3242 non
2410 3210 2458 3270 ς

2410 3210 2458 3270 c
2491 3203 2583 3239 ται
2601 3186 2666 3239 ⁸⁸.
2703 3185 2857 3240 Ἀλλά
2886 3185 2964 3255 τῷ
2987 3186 3232 3258 δημοσίῳ
3262 3186 3546 3256 δοθήσεται
3570 3206 3585 3253 ;
3617 3188 3727 3243 Καὶ
3748 3190 3870 3250 πῶς
3893 3191 3958 3243 οὗ
3983 3208 4082 3243 πε-

803 3260 930 3312 est?
953 3259 1010 3314 Si
1033 3263 1234 3318 etenim
1261 3267 1458 3320 rationi
1483 3283 1787 3324 consonum
1816 3281 1920 3337 est,
1955 3281 2012 3326 ut
2039 3276 2384 3345 captivorum
2416 3259 2458 3270 ‘-

2416 3259 2458 3270 _
2491 3277 2716 3348 ριφανὲς
2748 3277 2808 3330 τδ
2845 3278 3092 3346 ἀδίκημα
3123 3294 3138 3342 ;
3175 3277 3239 3330 Εἰ
3286 3278 3396 3350 γὰρ
3431 3280 3495 3332 ἐκ
3543 3279 3638 3332 τοῦ
3686 3282 3952 3350 δημοσίου
3995 3283 4081 3336 εὕ-

804 3349 964 3405 libcri
992 3367 1023 3407 e
1052 3355 1272 3423 publico
1316 3359 1622 3414 subsidium
1673 3363 1913 3418 sentiant
1944 3380 1957 3416 :
1986 3367 2261 3434 quomodo
2290 3384 2384 3424 ca-

2487 3371 2644 3438 λογόν
2677 3371 2796 3423 ἔστι
2817 3370 2944 3433 τοὺς
2973 3370 3335 3440 αἰχμαλώτων
3362 3349 3636 3438 ἐκφύντας
3669 3349 3921 3444 βοηθείας
3949 3393 4082 3440 τυγ-

806 3442 942 3512 ptivi
966 3443 1138 3499 tilium
1164 3447 1325 3502 bonis
1356 3450 1582 3518 privari,
1611 3450 1810 3522 illaque
1842 3453 1977 3508 ﬁsco
1999 3457 2249 3522 attribui,
2275 3473 2385 3514 non

2487 3458 2694 3526 χάνειν,
2723 3457 2842 3521 πῶς
2887 3459 3010 3527 οὐχί
3051 3459 3360 3530 περιφανὴς
3391 3461 3597 3526 ἀδικία,
3632 3463 3723 3515 τὸν
3755 3442 3858 3517 τοῦ
3914 3468 4082 3535 αἰχμ-

801 3547 1066 3614 ρεικιιιιιηι
1097 3537 1322 3593 evidens
1351 3540 1556 3610 injuria
1587 3545 1699 3598 est?
1727 3544 1936 3610 Quodsi
1975 3562 2384 3616 smpennmero,

2487 3545 2694 3601 αλώτου
2727 3548 2826 3617 μὲν
2860 3548 3026 3602 παῖδα
3055 3550 3154 3619 τῆς
3183 3550 3499 3618 περιουσίας
3527 3552 3875 3623 ἀποστερεῖν,
3913 3572 4081 3626 προσ-

805 3638 932 3678 cum
963 3629 1212 3684 nonnulli
1250 3641 1510 3700 parentes
1540 3635 1782 3703 graviter
1819 3638 2163 3692 conscientia
2199 3639 2382 3707 abusi,

2488 3639 2672 3707 νέμειν
2700 3639 2756 3692 δὲ
2794 3638 3000 3710 ταύτην
3033 3640 3111 3710 τῷ
3157 3640 3440 3712 δημοσίῳ;
3476 3643 3538 3695 Εἰ
3563 3639 3619 3695 δὲ
3661 3644 3756 3696 καὶ
3815 3645 4080 3709 πολλάκις

803 3718 1112 3788 atqueideo
1135 3722 1308 3789 poenis
1369 3724 1624 3792 subjecti.
1653 3729 1958 3798 acerbeque
2001 3745 2032 3784 e
2061 3733 2201 3786 vivis
2253 3734 2385 3788 sub.

2487 3730 2646 3784 ἐνίων
2672 3733 2878 3800 γονέων
2911 3732 3132 3802 πονηρῷ
3159 3733 3203 3764 ⁸⁷
3263 3733 3737 3805 ἀποχρησαμένων
3789 3738 4080 3801 συνειδότι,

799 3807 896 3862 lati
947 3819 1111 3874 sunt,
1138 3811 1297 3867 liberi
1327 3829 1516 3868 eorum
1547 3819 1871 3874 substantia:
1891 3819 2101 3876 domini
2121 3839 2245 3880 esse
2266 3825 2384 3897 lege

2489 3823 2583 3876 καί
2620 3823 2710 3876 διὰ
2738 3822 2898 3877 τοῦτο
2927 3823 3222 3895 τιμωρίαις
3248 3825 3709 3896 ὑποϐεϐλημένων
3735 3831 3832 3881 καὶ
3865 3831 4081 3901 πικρῶς

800 3915 912 3954 non
943 3902 1145 3973 (67-68)
1165 3906 1528 3975 prohibentur
1550 3927 1563 3963 :
1584 3926 1706 3980 qua:
1729 3912 1871 3967 ratio
1893 3924 1998 3979 est,
2027 3918 2385 3983 quamobrem

2489 3914 2547 3979 ἐξ
2579 3912 2882 3985 ἀνθρώπων
2908 3915 3321 3985 ἠφανισμένων,
3345 3918 3394 3970 οἱ
3450 3917 3640 3982 παῖδες
3670 3920 3729 3972 οὐ
3776 3921 4081 3976 κωλύονται

800 3993 1022 4060 quando
1054 3995 1203 4064 pium
1235 3999 1577 4068 propositum
1613 4013 1867 4070 parentes
1897 4005 2122 4060 decorat
2153 4007 2232 4068 (et
2253 4009 2381 4078 qui-

2489 4007 2639 4078 νόμῳ
2669 4007 2848 4079 κύριοι
2884 4007 2983 4076 τῆς
3034 4010 3356 4078 περιουσίας
3401 4011 3788 4076 καθίστασθαι,
3815 4014 3942 4066 τίνα
3991 4015 4081 4068 λό-

800 4084 929 4137 dem
972 4085 1027 4138 in
1068 4084 1194 4140 ﬁdei
1232 4090 1610 4146 testimonium
1664 4095 1871 4149 etfnsns
1900 4097 2147 4164 sanguis,
2180 4107 2241 4152 ut
2269 4101 2387 4154 exi-

2489 4115 2585 4166 γον
2640 4098 2774 4167 ἔχει,
2802 4098 2937 4150 διότι
2987 4100 3310 4170 προαίρεσις
3358 4101 3591 4172 εὐσεϐὴς
3646 4103 3900 4173 σεμνύνει
3954 4106 4082 4169 τοὺς

800 4175 945 4230 mius
1003 4177 1248 4245 ipsorum
1304 4182 1522 4237 animus
1578 4199 1919 4257 magnusque
1977 4189 2207 4258 spiritus
2252 4193 2388 4262 ipsis

2489 4188 2683 4256 γονέας
2721 4187 3003 4257 (πολλάκις
3035 4189 3092 4241 δὲ
3118 4189 3213 4242 καὶ
3239 4191 3545 4260 μαρτυρίου
3576 4184 3714 4258 αἷμα
3741 4192 3800 4244 τὸ
3828 4192 4081 4262 λαμπρὸν

800 4267 966 4320 etiam
994 4269 1174 4339 impiis
1207 4272 1476 4328 miracqu
1507 4285 1672 4342 esset,
1708 4293 1951 4348 persaepe
1985 4280 2188 4352 effecit)
2228 4283 2386 4340 liberi

2488 4279 2583 4332 τοῦ
2610 4279 2958 4349 φρονήματος
2994 4279 3174 4333 αὐτῶν
3203 4282 3298 4332 καὶ
3353 4281 3411 4332 ὲν
3465 4283 3648 4344 αὐτοῖς
3681 4283 4081 4354 θαυμαστωθῆ-

802 4354 1120 4412 facultatum
1160 4360 1402 4430 ipsorum
1437 4363 1642 4418 domini
1677 4383 1799 4422 esse
1823 4385 1931 4423 non
1959 4372 2388 4440 permittantur?

2489 4387 2576 4423 ναι
2613 4371 2726 4432 τοῖς
2759 4370 2984 4423 ἀσεϐέσι
3031 4372 3446 4442 πεποίηκε),μὴ
3494 4378 3800 4444 συγχωρεῖν
3852 4379 3966 4439 τοῖς
4023 4379 4082 4443 ἐξ

799 4446 1154 4519 Nequaquam
1209 4454 1393 4522 itaque
1451 4459 1774 4514 constitutio
1805 4461 1920 4532 (69)
1973 4465 2064 4518 illa
2105 4479 2238 4520 sana
2261 4482 2387 4524 esse

2488 4461 2715 4514 ἐκείνων
2766 4463 2947 4531 φυεῖσι
2983 4463 3207 4532 κυρίους
3247 4463 3293 4496 ⁸⁸
3324 4459 3465 4516 εἶναι
3503 4463 3612 4517 τῶν
3675 4466 4080 4536 ὑπαρχόντωνς

801 4547 1004 4596 nostra:
1039 4544 1312 4612 majestati
1346 4547 1582 4603 videtur.
2411 4559 2456 4612 D

2411 4559 2456 4612 D
2485 4553 2750 4625 Οὐδαμῶς
2805 4553 2898 4608 οὖν
2946 4554 3025 4624 τῷ
3058 4555 3313 4626 ἡμετέρῳ
3344 4555 3537 4624 κράτει
3584 4556 3750 4624 ὑγιῶς
3790 4558 3990 4628 ἔχουσα
4045 4563 4078 4632 ἠ

2490 4646 2740 4714 διάταξις
2774 4648 3049 4717 φαίνεται.

869 4717 1057 4788 anue
1097 4733 1320 4792 propter
1345 4728 1647 4790 sancimus,
1691 4733 1765 4786 uti
1795 4731 2078 4805 deinceps,
2111 4738 2228 4795 sive
2257 4754 2380 4794 cum

2564 4739 2661 4791 Διά
2681 4739 2726 4770 ⁸⁹
2753 4737 2914 4792 τοῦτο
2943 4737 3277 4805 θεσπίζομεν
3319 4737 3429 4790 ἀπὸ
3471 4738 3568 4791 τοῦ
3601 4739 3718 4802 νῦν,
3750 4739 3818 4794 ἄν
3864 4759 3928 4794 τε
3981 4743 4079 4797 τοῦ

797 4811 1134 4880 captivitatis
1168 4817 1402 4886 caligine
1429 4822 1750 4879 circumfusi
1782 4839 2037 4894 parentes
2073 4842 2280 4895 essent,
2325 4835 2380 4888 in

2491 4831 2588 4898 τῆς
2611 4829 2990 4898 αἰχμαλωσίας
3013 4826 3178 4894 ζόφου
3242 4830 3676 4898 περικεχυμένου
3726 4835 3826 4895 ,τοῖς
3854 4835 4078 4900 γονεῦσι

799 4901 974 4958 lucem
1017 4907 1217 4976 prodiit
1247 4909 1413 4978 filius,
1441 4913 1557 4968 sive
1586 4917 1748 4970 etiam
1779 4918 1833 4973 in
1870 4919 2144 4978 libertatis
2197 4926 2381 4994 splen-

2491 4923 2629 4992 πρὸς
2679 4921 2852 4989 αὑγάς
2887 4921 3042 4990 ἡλίου
3083 4917 3256 4992 ἦλθεν
3294 4923 3322 4974 ό
3351 4924 3501 4985 παῖς,
3545 4923 3610 4976 ἄν
3659 4941 3718 4975 τε
3771 4925 3878 4978 ὑπὸ
3933 4929 4079 4996 φωτί

2110 5077 2342 5133 νΑΒιλΕ
2382 5077 2676 5134 LECTION
2684 5076 2766 5130 ES

889 5176 935 5263 ξο
963 5174 1084 5263 Ecl.
1119 5175 1256 5263 l‘iov.
1286 5178 1375 5234 2'5.
1458 5181 1511 5263 ξι
1545 5179 1822 5263 Znich._et
1852 5186 2300 5263 licerm._aﬁm._
2359 5189 2627 5263 fSteph.
2661 5190 2892 5263 etAgyl.
2924 5205 3070 5244 corr.
3126 5188 3304 5243 τοῦτο.
3405 5191 3641 5263 “Codd.
3667 5195 4078 5263 αἰχμαλωσίαν.

801 5245 848 5277 ⁸⁸
879 5246 1079 5329 Ζιιὶοιιλ
1106 5256 1159 5302 et
1178 5248 1401 5329 _Meerm.
1425 5251 1605 5329 εζπερ.
1659 5255 1704 5286 ⁸³
1743 5257 1979 5329 Scritng.
2008 5245 2246 5314 τούτων.’
2268 5260 2374 5314 Sed
2400 5260 2466 5314 de
2499 5245 2664 5314 tutela
2701 5245 2994 5314 liberorum
3025 5275 3368 5329 nequaquam
3392 5245 3640 5329 agitur.“
3669 5245 3928 5324 “tocius
3953 5245 4080 5327 cur:

801 5271 847 5277 --
881 5271 1069 5300 autc".
1106 5271 1401 5304 umecrm.
1425 5271 1544 5304 ειπε
1592 5294 1605 5307 .
1659 5271 1704 5286 ον
1743 5271 1979 5325 bcrttng.
2008 5271 2230 5314 τουτων.
2268 5271 2374 5314 Sed
2400 5271 2466 5314 de
2499 5271 2664 5314 tutela
2702 5271 2994 5314 liberorum
3025 5275 3368 5328 nequaquam
3392 5271 3593 5329 agitur.
3669 5271 3712 5297 "'
3743 5271 3928 5324 Lacus
3953 5291 4080 5327 cor-

801 5327 1032 5401 ruptus:
1047 5315 1240 5401 Steph:
1259 5329 1319 5401 et
1349 5323 1499 5401 Agyl:
1527 5271 1608 5387 οἷς
1641 5327 2070 5401 συγκεχώρηται.
2118 5330 2402 5398 legendum
2433 5331 2738 5401 conjiciutu.
2798 5349 2811 5383 :
2882 5330 3018 5384 Beck
3052 5327 3132 5394 οἷς
3184 5331 3319 5401 noli;
3365 5332 3522 5399 πρότ.
3555 5331 3780 5392 Rectius
3838 5338 4081 5399 fortasse

799 5386 1042 5456 ἑξωτικῷ
1077 5402 1175 5456 pro
1225 5386 1444 5453 ἐξέστᾱί
1486 5386 1793 5465 legendum.
1816 5386 1847 5397 ”
1879 5386 1921 5430 “'7
1954 5386 2196 5470 Scrimg:
2241 5400 2515 5472 πονηρῶς.
2540 5386 2559 5401 ’
2612 5401 2657 5433 ⁸⁸
2696 5397 2734 5452 F
2739 5409 2858 5456 orte
2896 5386 3132 5466 κυρίοιςξ
3217 5400 3262 5431 ⁸⁹
3295 5386 3421 5458 Inc:
3440 5401 3556 5458 Ecl.

2323 5516 2557 5574 NOTAE.

1125 5614 1192 5703 Id.
1214 5620 1579 5703 est,_captivo
1605 5631 1786 5703 natus.
1872 5695 1882 5703 .
2008 5619 2011 5621 ’
2570 5631 2683 5703 (65)
2705 5630 2928 5703 ᾼιίιίε..
2959 5629 3014 5695 2,
3047 5630 3104 5687 π.
3136 5630 3211 5688 De
3235 5632 3397 5703 lcgib.
3437 5630 3646 5688 Novell.
3685 5631 3832 5691 Just.
3881 5636 4007 5697 165.

881 5682 1479 5771 ttiilQIimlu-eeresneit
1496 5703 1618 5771 erat
1642 5694 1747 5748 nisi
1778 5695 1938 5771 amho
1959 5706 2223 5771 parcntcs
2244 5709 2387 5770 post-
2705 5682 2907 5771 ῧξῙε-ἳξ

805 5754 1020 5878 iugale
1044 5757 1359 5823 rediissem,
1384 5767 1440 5814 et
1468 5761 1542 5815 ita
1566 5764 1865 5834 abrogatur
1892 5766 1928 5820 l.
1950 5754 2002 5835 ἱ,
2025 5768 2086 5825 υ.
2111 5754 2184 5826 De
2208 5754 2377 5842 posit.
2803 5770 2940 5896 1Viid.
2963 5770 3002 5829 l.
3052 5772 3106 5839 6,
3141 5771 3193 5827 tl.
3231 5772 3306 5830 De
3333 5775 3462 5830 bon.
3495 5774 3739 5837 damnat.
