4248 6442
212 409 326 473 509

1316 401 1686 463 NOVELLA".
1720 399 2400 461 CONSTITUTIONES.

3374 401 3482 464 510

212 516 534 587 ἐλευθερίας
577 515 679 578 τὰς
708 512 906 577 ὠδῖνας
943 511 1184 566 ἀπέλυσε
1235 512 1305 576 ’⁸,
1328 512 1396 564 τὰ
1445 510 1552 564 τῶν
1599 515 1800 578 γονέων
1833 518 1876 571 Α

1833 518 1876 571 Α
1907 508 2041 563 dore
2091 509 2269 578 ipsum
2335 518 2511 564 mater
2569 511 2797 578 peperit,
2824 517 3116 578 parentum
3157 508 3481 563 substantia:

214 606 648 677 κληρονομείτω,
680 605 784 660 κάν
804 622 864 657 τε
899 604 1233 675 ἀμφοτέροις
1261 605 1372 664 τοῖς
1425 601 1643 669 γονεῦσι
1689 601 1800 654 τῶν

211 697 317 764 τῆς
354 696 734 767 αἰχμαλωσίας
775 695 1051 764 δεσμῶνή
1092 695 1243 757 λύσις
1290 693 1577 763 περιέσται
1626 693 1659 762 ἢ
1701 693 1798 762 μὴ,

214 787 320 840 κάν
348 805 406 841 τε
434 788 553 850 ἐνὸς
621 787 978 857 τετυχηκότος
997 785 1039 815 ⁸⁸
1081 786 1179 855 τῆς
1209 783 1416 846 λύσεως
1476 783 1699 851 θάτερος
1744 784 1802 833 ἐν

214 883 333 944 τοῖς
395 881 613 948 δεσμοῖς
660 882 759 947 τῆς
802 880 1093 947 συμφορᾶς
1145 876 1508 946 καταστρέψει
1545 876 1636 928 τὸν
1667 874 1802 944 βίον,

217 973 322 1025 κᾶν
352 987 413 1022 τε
446 972 750 1041 ἀμφότεροι
786 973 836 1024 οἰ
870 973 1044 1039 γονεῖς
1073 973 1131 1024 ἐν
1150 971 1217 1040 τῇ
1241 968 1591 1040 αἰχμαλωσίᾳ
1615 968 1804 1021 τελευ-

215 1066 500 1129 τήσωσιν·
535 1063 586 1113 εἰ
631 1060 708 1132 μὴ
763 1060 874 1131 ἄρα
923 1076 986 1129 γε
1037 1059 1135 1128 τὴν
1188 1058 1448 1128 τελευτὴν
1512 1057 1805 1128 προφθάσῃ

218 1152 542 1222 διαθέμενος
571 1168 586 1180 ·
623 1152 746 1204 τότε
771 1153 882 1223 γὰρ
906 1153 1092 1204 ἐκεῖνα
1123 1151 1551 1221 κληρονομήσει,
1580 1150 1616 1205 ἃ
1647 1154 1705 1205 ὲν
1736 1155 1804 1223 τῇ

229 1242 397 1312 βουλῇ
420 1243 513 1296 τοῦ
549 1243 871 1314 διαθεμένου
898 1244 1101 1311 γονέως
1140 1245 1342 1308 κεῖται,
1397 1241 1805 1312 φυλαττομένης

218 1335 300 1403 τῷ
347 1333 501 1386 παιδὶ
524 1335 622 1404 τῆς
653 1339 717 1389 ἐκ
742 1335 838 1388 τοῦ
871 1337 1039 1404 νόμου
1073 1335 1471 1406 τετραουγκίου
1525 1335 1801 1405 βοηθείας.

769 1425 1082 1479 ΔΙΑΤΑΞΙΣ
1127 1426 1250 1481 ΛΖ’.

221 1517 364 1584 Περί
402 1518 509 1571 τοῦ
549 1519 650 1571 τὸν
706 1519 1182 1586 ἐλευθερωθέντα
1231 1519 1460 1573 δοῦλον
1487 1520 1559 1571 οὐ
1614 1518 1806 1584 μόνον

294 1589 445 1641 κατὰ
478 1597 547 1640 τά
599 1587 759 1641 ἄλλα
811 1589 1038 1656 διάγειν
1090 1587 1454 1655 ἐλευθέρως,
1505 1588 1804 1649 ἀλλὰ,καί

296 1658 428 1725 περὶ
452 1655 571 1708 τῶν
590 1659 824 1712 οἰκείων
851 1655 948 1711 ἐπ’
974 1660 1180 1724 ἁδείας
1208 1660 1374 1726 ἔχειν
1413 1658 1804 1712 διατίθεσθαι.

307 1749 368 1801 Ὀ
400 1749 562 1811 αὐτὸς
591 1749 845 1818 βασιλεὺς
881 1750 1155 1820 Στυλιανῷ
1176 1749 1253 1821 τῷ
1283 1751 1454 1821 αὐτῷ.

1906 603 2078 656 lueres
2101 604 2171 655 sit
2209 620 2222 654 :
2251 602 2418 668 quue
2441 601 2558 655 sive
2582 601 2850 655 ambolms
2886 600 3209 670 parentibus
3243 614 3274 652 e
3307 602 3482 667 capti-

1905 695 2088 749 vitatis
2125 696 2360 749 vinculis
2388 695 2607 750 liberari
2625 695 2927 762 continget,
2947 702 3043 746 aut
3066 708 3169 747 non
3192 709 3205 746 :
3225 693 3342 746 sive
3368 692 3484 758 (7t!)

1904 801 2027 840 eum
2097 804 2241 842 unus
2294 803 2486 841 eorum
2546 787 2856 841 libertatem
2906 796 3100 839 nactus
3135 787 3227 845 sit.
3256 786 3398 839 alter
3429 785 3483 836 in

1906 877 2238 932 calamitatis
2296 879 2534 932 vinculis
2581 879 2749 931 vitam
2808 876 3013 930 ﬁniet:
3076 877 3191 930 sive
3246 876 3488 944 denique

1908 979 2134 1039 uterque
2157 985 2359 1040 parens
2386 974 2442 1023 in
2472 971 2786 1039 captivitate
2821 970 3110 1032 morietur,
3145 977 3300 1021 extra
3321 983 3486 1037 quam

1908 1065 1953 1116 si
1989 1071 2218 1116 mortem
2272 1071 2605 1118 testamento
2628 1065 2913 1119 condendo
2949 1060 3304 1132 prteveniant.
3333 1060 3488 1113 'I'unc

1907 1157 2051 1210 enim
2083 1157 2159 1210 illi
2194 1173 2335 1225 quos
2389 1164 2621 1210 testator
2672 1141 2930 1219 voluerit‘,
2985 1153 3228 1208 haeredes
3279 1161 3487 1206 erunt:

1909 1259 2090 1303 tamen
2117 1257 2175 1303 ut
2205 1251 2420 1304 trientis
2473 1249 2778 1320 legitimum
2817 1247 3126 1302 subsidium
3163 1246 3276 1299 ﬁlio
3298 1260 3490 1301 serve-

1909 1349 2016 1394 tur.

2294 1431 2759 1486 CONSTITUTIO
2833 1429 2976 1483 XXX
2991 1433 3100 1484 \‘II.

1913 1529 1976 1584 Ut
2006 1527 2209 1581 domini
2274 1535 2584 1579 testamento
2631 1527 3015 1584 manumissus,
3060 1525 3108 1576 si
3169 1525 3327 1577 illum
3396 1525 3490 1574 de—

1978 1600 2196 1650 cessisse
2248 1599 2550 1663 aditamque
2596 1596 2690 1664 jus
2727 1596 3089 1648 [nereditatem
3132 1611 3245 1648 esse
3269 1597 3493 1664 ignoret,

1983 1670 2167 1720 testari
2195 1669 2361 1735 possit
2395 1667 2528 1734 (7|).

1981 1760 2127 1813 Idem
2167 1759 2466 1827 imperator
2501 1758 2677 1810 eidem
2714 1757 2981 1828 Styliaun.

294 1843 406 1896 Καὶ
432 1842 511 1912 τῷ
528 1843 754 1915 παρόντι
777 1845 928 1915 νόμῳ
944 1844 1243 1897 ὲλλείποντι
1263 1843 1400 1914 πρὸς
1427 1843 1636 1896 τελείαν
1654 1843 1814 1896 κατά-
1841 1855 1889 1915 Β

1841 1855 1889 1915 Β
1990 1850 2254 1906 Praesenti
2276 1849 2442 1903 etiam
2487 1849 2592 1918 legi
2636 1851 2791 1919 plena
2824 1853 3166 1908 absolutione
3201 1851 3491 1914 deficienti,

227 1951 421 1986 στασιν
434 1936 569 2004 ὅπερ
584 1937 723 1989 ἐνδεῖ
745 1937 938 1989 τούτου
954 1939 1018 2005 τῇ
1048 1935 1335 2006 προσθήκῃ
1359 1936 1419 1987 τὸ
1437 1935 1647 2003 πρέπον
1665 1934 1813 2004 αὑτῷ

223 2026 480 2080 ἀποδιδόα
489 2045 587 2096 μεν
616 2026 968 2097 σχῆμα.Φησὶ
980 2028 1156 2080 τοίνυν
1172 2028 1298 2097 περὶ
1313 2026 1522 2079 οἰκέτου
1536 2028 1594 2081 ὲν
1622 2027 1815 2079 δεσπο-

225 2122 353 2187 τικῇ
380 2118 886 2172 αὑτοῦδιατυπώσει
917 2119 1225 2190 ὁρισθέντος
1250 2119 1560 2189 ἐλευθερίας
1587 2119 1816 2189 ἀξιωθῆ-

224 2210 667 2278 ναι,ἀγνοοῦντος
693 2210 828 2263 δὲτὸ
848 2212 1123 2280 διάταγμα
1150 2211 1342 2264 mea
1364 2212 1522 2264 τοῦτο
1534 2213 1816 2279 λογισμοῖς

223 2303 550 2371 ἀμφιϐόλοις
567 2302 878 2372 ἐλευθερίας
895 2305 1274 2373 ἀντεχομένου,
1288 2303 1423 2366 τέως
1439 2303 1536 2372 μὲν
1553 2302 1817 2373 μηδαμῶς

225 2395 394 2448 αὑτὸν
421 2395 509 2447 διὰ
533 2393 633 2465 τὴν
662 2395 886 2462 ἄγνοιαν
914 2397 1011 2465 τῆς
1037 2395 1349 2466 ἐλευθερίας
1373 2396 1813 2465 ἀποστερεῖσθαι,

225 2485 366 2538 ἀλλά
392 2485 599 2552 διάγειν
615 2488 776 2540 αὑτὸν
798 2487 1466 2558 ἐλευθέρως,διατίθισθαι
1485 2487 1541 2540 δὲ
1558 2487 1719 2540 αὑτὸν
1741 2486 1816 2549 ὠς

226 2577 518 2646 ἐλεύθερον
535 2578 620 2629 ἐπ’
637 2577 818 2640 ἀδείας
836 2577 912 2648 μὴ
928 2577 1070 2647 ἔχειν
1085 2593 1099 2608 ο
1119 2572 1231 2631 οἷον
1245 2578 1542 2646 μεταγνοὺς
1561 2579 1721 2647 μέχρι
1737 2578 1816 2629 τέο

226 2669 356 2730 λους
380 2671 448 2738 ἢν
463 2669 676 2722 δίδωσιν
693 2670 1006 2740 ἐλευθερίαν
1021 2669 1175 2739 αὐτῷ
1196 2672 1467 2740 παρεῖναι.
1488 2671 1578 2740 Μὴ
1608 2669 1816 2739 γάροῦ-

227 2775 332 2829 σης
353 2761 602 2825 ἐξουσίας
636 2761 712 2824 ὼς
736 2761 1005 2832 ἐλευθέρῳ
1023 2762 1353 2815 διατίθεσθαι
1378 2762 1446 2814 τὰ
1479 2764 1672 2824 οἰκεῖα,
1702 2763 1822 2825 πῶς

227 2851 355 2920 οὐχὶ
402 2851 567 2905 πάλιν
615 2853 751 2921 πρὸς
799 2852 897 2923 τὴν
947 2854 1218 2925 προτέραν
1257 2853 1520 2922 ἐπανήξει
1548 2853 1819 2918 δουλείαν;

318 2942 512 3011 Ἡμεῖς
538 2939 632 2996 οὖν
662 2961 864 3015 φαμεν,
898 2946 1194 3016 ἐπειδήπερ
1223 2946 1378 3010 τάξιν
1408 2947 1502 2998 καὶ
1547 2946 1822 3016 διαγωγὴν

235 3032 532 3102 ἐλευθέραν
550 3035 824 3104 παρέσχεν
854 3036 883 3086 ὁ
913 3035 1098 3106 νόμος,
1125 3037 1221 3089 καὶ⁸
1249 3037 1318 3090 τά
1348 3035 1482 3090 ἄλλα
1511 3036 1768 3107 παρέξειν
1787 3038 1823 3092 ἃ

1916 1944 2036 2014 ejus
2065 1943 2210 2014 quod
2243 1943 2398 1998 deest
2433 1942 2716 1998 additione
2761 1943 3016 1998 decoram
3053 1947 3282 1999 formam
3318 1947 3496 2014 impo-

1917 2039 2119 2092 nimus.
2178 2037 2270 2090 Ait
2332 2046 2512 2089 autem
2547 2035 2682 2105 (7‘2),
2743 2053 2959 2091 servum
2994 2040 3086 2107 qui
3137 2055 3259 2092 cum
3289 2036 3496 2092 domini

1917 2130 2003 2182 sui
2057 2135 2385 2182 testamento
2453 2128 2588 2181 liber
2639 2144 2765 2183 esse
2809 2130 2998 2198 jussus
3047 2131 3141 2191 sit,
3170 2131 3221 2183 id
3257 2132 3497 2198 ignorat,

1921 2220 2151 2288 ideoque
2210 2218 2437 2273 incertis
2508 2221 2816 2274 rationibus
2904 2221 3210 2274 libertatem
3265 2221 3498 2281 obtinet,

1920 2310 2128 2364 interea
2185 2326 2531 2380 nequaquam
2569 2320 2790 2381 propter
2830 2311 3194 2381 ignorantiam
3251 2313 3502 2366 libertate

1920 2399 2150 2469 privari,
2183 2401 2277 2453 sed
2310 2401 2364 2452 in
2399 2400 2652 2454 libertate
2683 2401 2865 2454 vivere
2902 2420 2915 2455 ε
2952 2410 3008 2455 ιιι
3037 2412 3220 2456 autem
3242 2413 3501 2470 tanquam

1921 2490 2056 2544 liber
2100 2498 2348 2554 testetur,
2388 2491 2564 2560 ipsqu
2595 2500 2918 2560 potestatem
2945 2509 3052 2547 non
3081 2494 3316 2547 habere:
3345 2494 3503 2562 quasi

1920 2582 2176 2638 videlicet
2228 2583 2376 2636 illam
2433 2586 2719 2651 pmniteat,
2781 2600 2946 2653 quam
2989 2586 3300 2639 libertatem
3330 2585 3502 2647 dedit,

1922 2673 2064 2725 lianc
2102 2673 2205 2741 ipsi
2238 2681 2506 2742 perpetuo
2569 2685 2925 2744 “competere.
2982 2675 3118 2730 Cum
3151 2679 3297 2730 enim
3329 2675 3405 2728 illi
3447 2683 3506 2727 ut

1923 2766 2099 2820 libero
2132 2766 2200 2819 de
2233 2767 2395 2820 rebus
2432 2768 2549 2823 suis
2577 2769 2818 2823 testandi
2847 2768 3078 2823 facultas
3106 2785 3214 2823 non
3250 2767 3346 2834 sit,
3366 2782 3508 2839 quo-

1926 2856 2091 2911 modo
2116 2871 2223 2910 non
2255 2857 2320 2911 ad
2343 2859 2633 2927 pristinam
2668 2860 2983 2913 servitutem
3018 2861 3189 2914 redit?

1991 2945 2104 3001 Nos
2127 2948 2317 3016 itaque
2356 2947 2619 3011 dicimus,
2673 2956 3030 3018 posteaquam
3099 2950 3330 3020 gradum
3391 2958 3508 3003 sta-

1925 3049 2152 3109 tumque
2181 3039 2303 3092 vitze
2344 3040 2582 3094 liberum
2615 3043 2853 3110 praebuit
2881 3044 2987 3106 lex,
3026 3042 3173 3095 illam
3199 3043 3366 3096 etiam
3395 3044 3508 3110 (⁸75)

233 3130 304 3196 τῇ
341 3126 626 3198 ἐλευθερίᾳ
670 3127 985 3182 συνέπεται.
1019 3127 1083 3181 Εἰ
1111 3128 1219 3196 γὰρ
1250 3129 1480 3183 κωλύειν
1520 3130 1684 3183 αὑτὸν
1716 3132 1822 3183 ἔδει

1927 3132 2032 3184 alia
2062 3146 2185 3200 quae
2228 3131 2537 3187 libertatem
2565 3134 2921 3196 comitantur,
2957 3134 3336 3201 praebituram.
3373 3131 3505 3185 Nam

235 3222 307 3271 τά
358 3219 468 3272 τῶν
525 3220 831 3291 ἐλευθέρων
866 3221 1150 3291 πράττειν,
1183 3222 1236 3273 τί
1292 3222 1390 3292 τὴν
1435 3222 1750 3292 ἐλευθερίαν
1776 3223 1822 3253 ’⁸
1851 3201 1895 3258 C

1851 3201 1895 3258 (ἶ
1929 3222 1975 3275 si
2001 3224 2178 3290 ipsum
2222 3223 2402 3276 facere
2469 3239 2591 3292 quae
2626 3224 2945 3277 hominibus
3006 3224 3197 3277 liberis
3245 3224 3509 3277 duntaxat

236 3310 339 3361 οὐκ
406 3310 720 3374 ἐκώλυσεν;
782 3310 940 3364 Ἀλλά
1011 3311 1216 3363 τούτων
1257 3312 1408 3376 ἄξιον
1471 3312 1674 3382 κρίνων
1725 3312 1772 3344 ’³
1809 3350 1824 3376 ,

238 3403 362 3464 πῶς
419 3402 541 3470 οὐχὶ
593 3402 866 3455 κάκείνων
920 3401 1144 3468 ἀξιώσει
1203 3403 1313 3456 τῶν
1371 3405 1739 3474 πραγμάτων,
1790 3403 1826 3455 ἃ

239 3493 418 3542 ποιεῖν
432 3489 639 3559 κυρίως
651 3489 697 3521 ³⁸
716 3489 829 3558 ἔχει
841 3489 902 3542 τὸ
921 3490 1022 3559 τῆς
1038 3490 1351 3561 ἐλευθερίας
1371 3491 1593 3560 ἀξίωμα
1609 3508 1623 3554 ;
1643 3491 1828 3544 Ἔστω

238 3585 538 3654 τοιγαροῦν
575 3588 604 3637 ὁ
660 3585 1102 3655 ἠλευθερωμένος
1141 3585 1356 3656 ἀληθῶς
1402 3587 1704 3656 ἐλεύθερος,
1731 3588 1827 3639 καὶ

239 3678 570 3732 διατιθέσθω
591 3680 720 3748 περί¹
749 3677 857 3730 τῶν
885 3677 1132 3744 οἰκείων,
1161 3679 1262 3730 ὅσα
1291 3677 1586 3747 δεσποτικὴ
1630 3677 1826 3746 γνώμη

242 3772 450 3824 ἔδωκεν
505 3771 655 3822 αὑτῶ
716 3772 1062 3841 ἀναφαίρετα
1093 3810 1108 3833 ,
1168 3771 1242 3833 ὡς
1299 3771 1366 3824 ἂν
1423 3770 1666 3841 βούλοιτο
1715 3771 1829 3823 δια-

242 3862 517 3916 τίθεσθαι.
573 3865 649 3915 Ui:
715 3863 824 3934 γὰρ
884 3863 1094 3935 πρέπον
1136 3865 1193 3916 ἐν
1233 3863 1312 3931 τῷ
1379 3863 1599 3934 φανερῷ
1661 3863 1829 3934 τιμὴν

242 3955 348 4022 τῆς
396 3955 714 4025 ἐλευθερίας
739 3955 974 4009 λαϐόντα.
1004 3955 1070 4007 δι’
1099 3953 1368 4024 ὑπόληψιν
1402 3955 1596 4024 ἄδηλον
1627 3955 1828 4026 ἀτιμά-

244 4047 442 4113 ζεσθαι
474 4048 570 4101 καὶ
593 4048 689 4100 τοῦ
716 4047 1018 4102 διατιθέναι
1047 4046 1437 4119 ἀπείργεσθαι.

810 4226 1122 4281 ΔΙΑΤΑΞΙΣ
1153 4226 1286 4282 AH'.

1931 3315 2117 3379 licent,
2165 3315 2461 3382 prohibere
2491 3315 2806 3384 oportebat,
2840 3316 2960 3384 ipsa
2997 3330 3130 3369 vero
3164 3315 3215 3368 id
3247 3331 3354 3370 non
3383 3331 3510 3384 pro.

1931 3404 2127 3464 liibuit,
2152 3403 2245 3457 sed
2265 3403 2489 3473 (lignum
2512 3406 2663 3457 illum
2685 3405 2776 3473 qui
2798 3405 2990 3459 istltaac
3024 3406 3506 3474 faciatjudieavit:

1929 3510 2102 3563 quare
2132 3494 2262 3548 item
2303 3495 2426 3549 istis
2460 3495 2778 3550 actionibus
2817 3511 2939 3566 qua:
2970 3498 3190 3566 proprie
3244 3497 3512 3550 libertatis

1928 3583 2184 3653 dignitati
2218 3594 2564 3653 competunt,
2601 3586 2752 3639 illum
2804 3603 2913 3640 non
2971 3587 3325 3657 dignabitur?
3379 3587 3513 3641 Esto

1929 3673 2100 3742 igitur
2134 3672 2385 3742 libertate
2441 3674 2702 3738 donatus,
2738 3691 2925 3729 revera
2976 3675 3136 3737 liber,
3177 3677 3512 3745 statuitoque

1930 3767 2000 3821 de
2035 3768 2197 3820 rebus
2231 3781 2371 3836 quas
2404 3767 2480 3819 illi
2508 3767 2770 3822 dominus
2816 3769 3047 3823 eximias
3080 3770 3250 3832 dedit,
3284 3784 3513 3838 quomo-

1933 3860 2228 3926 doeunque
2288 3859 2466 3912 visum
2515 3859 2608 3913 sit.
2655 3858 2774 3913 Non
2815 3863 2973 3914 decet
3012 3863 3188 3927 enim,
3226 3870 3284 3915 ut
3317 3863 3410 3931 qui
3444 3862 3513 3914 li-

1936 3952 2164 4005 bertatis
2223 3951 2544 4021 dignitatem
2582 3951 2876 4006 manifeste
2920 3953 3154 4021 accepit,
3185 3954 3256 4007 ob
3288 3953 3400 4023 (74)
3431 3952 3515 4004 in-

1933 4051 2140 4096 certam
2192 4044 2566 4111 suspicionem
2617 4045 2916 4113 ignominia
2949 4045 3236 4109 adiciatur,
3292 4056 3513 4114 atquea

1934 4133 2188 4189 testando
2220 4143 2495 4188 arceatur.

2324 4224 2800 4281 CONSTITUTIO
2825 4227 3119 4283 XXXVIII.

249 4320 392 4393 Περὶ
427 4319 536 4393 {of}
557 4319 699 4393 τοὺς
724 4317 1282 4393 ,βασιλέως-οἰκέτας
1300 4319 1433 4393 asp!
1457 4318 1574 4372 τῶν
1601 4322 1835 4393 οἰκείων

1942 4317 2010 4372 Ut
2055 4320 2389 4386 imperatoris
2419 4321 2536 4393 (‘75)
2595 4322 2729 4373 servi
2777 4322 2840 4376 de
2887 4325 3038 4376 rebus
3089 4324 3199 4377 suis
3254 4324 3513 4393 quomodo

427 4388 506 4442 ἂν
529 4390 879 4453 ,βούλωνται
911 4389 1146 4459 ὁρίζειν,
1191 4386 1412 4455 ζῶντάς
1460 4407 1524 4444 τε
1573 4391 1672 4444 καί
1727 4393 1836 4444 τὸν

316 4460 464 4523 ,βίον
491 4461 928 4525 καταλύοντας.

338 4553 399 4604 ὐ
428 4553 588 4614 αὐτὸς
626 4552 883 4623 βασιλεὺς
938 4555 1211 4626 Στυλιανῷ
1239 4555 1317 4625 τῷ
1347 4553 1516 4625 αὐτῷ.

340 4645 495 4714 Ἐμοὶ
520 4646 668 4698 δοκεῖ
695 4650 788 4699 καὶ
812 4645 973 4698 τοῦτο
996 4647 1282 4712 πλεονεξία
1301 4664 1385 4709 τις
1411 4643 1570 4710 εἶναι,
1603 4646 1651 4698 εἰ
1670 4646 1764 4698 καὶ
1777 4647 1837 4698 τὸ

2351 4391 2539 4457 velint,
2566 4402 2800 4444 statuere
2849 4395 3074 4462 possint.

1868 4533 1914 4588 Ῑ)
2010 4546 2157 4601 Idem
2197 4547 2496 4617 imperator
2533 4549 2710 4603 eidem
2735 4548 3004 4617 Styliano.

2012 4642 2127 4695 Hoc
2156 4655 2392 4710 quoque,
2433 4655 2744 4710 quanquam
2781 4642 3122 4710 plausibilem
3152 4656 3260 4709 prae
3294 4657 3353 4696 se
3391 4658 3518 4711 spe-

252 4739 494 4808 πρᾶγμα
527 4740 716 4809 σχῆμα
767 4741 1132 4810 εὐπρόσωπον
1160 4739 1450 4793 ὑποδύεται
1494 4739 1594 4808 τὴν
1630 4739 1694 4790 ἐκ
1741 4735 1837 4790 τοῦ

1941 4734 2081 4790 ciem
2113 4733 2361 4804 (legalem
2417 4748 2612 4802 nempe
2656 4733 3082 4802 ordinationem)
3121 4732 3278 4798 lerat,
3347 4734 3517 4803 aequi-

255 4831 428 4900 νόμου
462 4831 732 4897 διάταξιν,
764 4833 910 4901 λέγω
937 4833 1000 4902 δὴ
1034 4833 1096 4887 τὺ
1142 4832 1216 4904 μὴ
1245 4835 1360 4895 τοῖς
1396 4832 1639 4893 οἰκέταις
1660 4847 1838 4900 παρα-

256 4925 462 4994 χωρεῖν
491 4924 622 4993 περὶ
675 4923 784 4976 τῶν
818 4924 1036 4976 οἰκείων
1095 4923 1437 4993 πραγμάτων
1478 4921 1836 4984 διατίθεσθαι,

1940 4836 2109 4881 tatem
2149 4826 2280 4880 mihi
2316 4834 2498 4879 tamen
2552 4825 2822 4880 excedere
2879 4825 3126 4892 videtur;
3169 4826 3291 4880 dico
3313 4837 3516 4890 autem,

1941 4921 2086 4990 quod
2114 4921 2289 4976 servis
2318 4920 2385 4975 de
2416 4920 2580 4974 rebus
2605 4921 2724 4974 suis
2750 4927 2992 4975 statuere
3019 4935 3125 4973 non
3150 4920 3518 4989 permittitur;

1545 5054 1782 5118 ἾΑΒΙᾹΞ
1819 5053 2112 5108 LECTION
2122 5054 2225 5109 ES.

308 5156 356 5187 "
388 5152 483 5208 Ste
522 5153 578 5207 h.
621 5160 676 5207 et
701 5151 880 5223 Agyl.,
916 5150 1191 5222 supplent,
1218 5151 1252 5213 ὴ
1327 5149 1490 5220 ήτηρ.
1539 5149 1581 5179 ἰ
1613 5146 1726 5201 Ecl.
1763 5145 2136 5214 ἐντυχηκότος.
2193 5146 2240 5176 ’⁸
2273 5143 2448 5199 Verba
2465 5145 2518 5197 τί
2544 5145 2641 5214 τὴν
2675 5144 2854 5225 ἐλευθ.
2882 5145 3024 5215 apud
3056 5147 3285 5218 Scrimg.
3307 5149 3522 5204 excide-

309 5235 386 5255 ...ι
487 5169 535 5255 rs
561 5223 712 5255 0mm
761 5224 966 5255 νεῖμε...
1016 5220 1149 5255 Πυριτ
1174 5239 1185 5250 -
1212 5167 1414 5255 vnit...“
1462 5218 1750 5255 Διὶῑνηιυει
1783 5217 1862 5255 υρΙ
1891 5216 2069 5255 humu:
2142 5215 2189 5248 οι
2223 5215 2389 5255 Zuinh
2448 5226 2494 5255 οι
2534 5215 2749 5255 Manu-nr
2777 5233 2943 5255 mmn-
2995 5215 3144 5255 ιιωηι
3181 5219 3358 5255 ἰηοηιι.

256 5235 412 5281 runt.

514 5223 535 5254 ³
561 5214 1185 5292 (ἐθάψῖρίνεινξΒεοίιτ
1212 5214 1560 5290 κρίνωνῖΑΙὶἰ
1579 5218 1753 5287 κρίνει
1783 5217 1866 5270 vel
1890 5216 2092 5284 ἔκρινε.
2142 5215 2189 5248 ⁸⁸
2223 5215 2412 5270 Zuich.
2448 5226 2500 5270 et
2534 5215 2754 5270 Meerm.
2777 5214 2964 5285 κῦρος.
2993 5215 3145 5271 Haud
3179 5214 3378 5290 inepte.

1791 5325 2017 5383 ΝΟΤίΕ.

333 5429 448 5502 (70)
483 5425 548 5481 Et
571 5429 675 5483 hoc
704 5425 964 5496 adjicitur
995 5425 1050 5478 (Ι.
1083 5424 1122 5482 Ι.
1153 5424 1204 5487 1,
1254 5421 1390 5477 Cod.
1457 5421 1530 5477 De
1596 5424 1843 5493 postlim.

483 5570 549 5693 Et
569 5571 662 5693 Iita‘
685 5569 984 5639 abrogatur
1014 5566 1051 5620 I.
1080 5565 1169 5628 14,
1202 5561 1258 5616 II.
1287 5561 1393 5628 Qui
1421 5570 1549 5618 test.

435 5650 452 5709 )
531 5680 546 5694 ·
592 5682 602 5694 ·
656 5679 706 5712 ,1
1386 5705 1396 5712 .

435 5650 602 5709 )D.I.
641 5650 690 5693 ι.

335 5705 452 5782 (73)
485 5713 620 5764 Data
655 5710 924 5782 libertate,
958 5719 1078 5782 qua:
1117 5705 1437 5782 necessario
1490 5717 1847 5782 consequuti:

265 5770 358 5836 tur
391 5770 724 5844 libertatem,
778 5770 916 5834 data
941 5770 1107 5829 eiiam
1165 5775 1446 5840 videntur,
1477 5790 1590 5844 arg.
1625 5770 1758 5835 ne,
1792 5770 1845 5823 IT.

268 5853 345 5909 De
372 5851 650 5921 jurisdict.

2021 5415 2130 5490 (74)
2161 5415 2234 5490 Ea
2268 5416 2406 5490 ίιιίι⁸
2429 5417 2572 5470 ratio
2622 5417 2939 5490 decidendi
2969 5420 3264 5486 veteribus,
3319 5420 3387 5474 de
3415 5437 3522 5490 qua

1946 5488 2060 5540 vitl.
2099 5489 2134 5539 Ι.
2177 5487 2230 5550 4,
2267 5489 2318 5540 in
2381 5486 2473 5547 (in,
2536 5490 2571 5541 Ι.
2622 5488 2708 5550 15,
2751 5488 2804 5542 II”.
2843 5489 2945 5553 Qui
2992 5500 3311 5544 testamenta
3347 5510 3359 5543 :
3394 5486 3444 5543 l._
3470 5495 3521 5557 1,

1952 5558 2006 5611 ll.
2041 5558 2301 5628 Delegat.
2336 5558 2401 5619 ὃς
2445 5557 2658 5626 Ulpian.
2696 5559 2787 5620 20,
2820 5557 2847 5628 ς
2890 5560 2970 5611 ll.

2027 5626 2139 5697 (75)
2162 5629 2243 5680 Ad
2272 5629 2523 5682 eumdem
2572 5629 2802 5700 modum
2827 5626 2967 5700 olim
2997 5631 3172 5686 servis
3195 5632 3380 5700 populi
3420 5630 3526 5684 Ro-

1955 5701 2100 5754 mani
2136 5701 2324 5751 testari
2359 5700 2532 5751 licuit.
2568 5699 2693 5766 Ulp.
2731 5698 2823 5761 20,
2860 5703 2910 5751 in
2942 5697 3036 5752 lin.
3071 5697 3246 5754 servis
3270 5697 3528 5769 privata-

1959 5784 2074 5823 rum
2098 5779 2193 5819 aut
2226 5769 2470 5823 civitatis
2502 5785 2610 5824 non
2643 5771 2821 5837 licuit,
2854 5771 2890 5825 l.
2917 5769 3004 5836 16,
3043 5771 3077 5823 Ι.
3107 5771 3195 5843 17,
3220 5770 3276 5826 li.
3322 5771 3424 5838 Qui
3455 5782 3528 5826 te-

1957 5846 2247 5897 stamenta.
