4248 6442
819 420 918 488 ιιι

1997 415 2275 478 ΕΕΟΝΙΒ
2309 412 2766 476 PHILOSOPHI

3981 409 4096 475 512

819 531 914 585 sed
935 543 1056 598 quae
1083 527 1360 582 laboribus
1387 530 1506 579 suis
1531 523 1828 592 arduisque
1850 525 1931 591 (ut
1953 525 2230 592 conjicere
2257 525 2404 591 licet)
2438 531 2476 583 Α

2438 531 2476 583 Α
2509 523 2644 575 ἀλλὰ.
2673 523 2781 573 τῶν
2838 524 3098 590 καμάτων
3129 521 3310 574 αὐτῶν
3334 521 3428 573 καὶ
3457 521 3584 581 τῶν,
3618 521 3692 584 ὡς
3721 522 3890 587 six-31;,
3920 541 4093 577 ποιυο

820 621 1093 675 molcstiis
1149 619 1489 687 quaesierint,
1518 635 1580 672 ea
1635 618 1905 686 cujusque
1956 615 2168 669 domini
2209 630 2404 669 manus

820 713 1103 782 colligunt.
1137 712 1214 764 Ac
1238 725 1375 765 sane
1412 710 1598 763 mirari
1630 710 1798 773 subit,
1833 705 2114 775 quomodo
2149 707 2218 758 ab
2242 705 2403 758 initio

821 804 928 856 lata
959 806 1039 856 lex
1078 803 1213 855 nihil
1265 801 1662 856 moderationis
1724 813 1902 868 neque
1959 798 2236 867 aequitatis
2274 797 2404 851 huic

822 896 898 947 rei
931 895 1263 948 attribuerit.
1321 893 1707 947 Verumtamen
1748 889 1784 943 ii
1811 889 2069 959 equibus
2134 898 2261 941 nata
2299 888 2402 940 ista

822 990 902 1041 lex
967 999 1072 1054 est,
1110 999 1273 1058 atque
1303 989 1438 1042 adeo
1470 989 1554 1041 lex
1607 988 1727 1058 ipsa
1763 988 1832 1043 ab
1867 988 2012 1051 aliis,
2049 996 2108 1040 ut
2135 986 2404 1055 cujusque

818 1083 1074 1131 voluntas
1125 1077 1248 1140 fert,
1284 1076 1675 1146 approbantor.
1711 1075 2021 1146 Egoautem
2055 1091 2402 1147 nequaquam

821 1166 946 1220 illos
991 1167 1182 1234 probo,
1237 1181 1416 1235 neque
1475 1167 1606 1220 illud
1674 1169 1936 1236 placitum
1974 1167 2029 1220 in
2090 1169 2263 1222 servis
2291 1166 2402 1237 (76)

820 1257 958 1310 meis
1011 1257 1260 1311 obtinere
1313 1260 1536 1310 sinam:
1573 1256 1670 1311 sed
1726 1267 1945 1322 contra,
2013 1258 2230 1326 plenam
2266 1259 2404 1325 ipsis

819 1345 1378 1400 administrandarutn
1436 1363 1618 1401 rerum
1683 1362 1908 1402 suarum
1951 1357 2282 1416 potestatem
2319 1347 2400 1399 fa-

819 1454 924 1491 CH).

894 1529 970 1582 Ex
1006 1531 1109 1582 hoc
1135 1531 1317 1599 itaque
1357 1539 1602 1600 tempore
1638 1531 1692 1584 in
1741 1546 1961 1585 omnem
2021 1531 2402 1600 posteritatem

822 1620 1164 1688 imperatoris
1227 1622 1372 1675 servi
1431 1637 1612 1674 rerum
1668 1637 1894 1675 suarum
1950 1639 2141 1678 revera
2195 1624 2402 1678 domini

821 1723 984 1766 sunto
1023 1731 1035 1765 :
1071 1713 1142 1765 ita
1174 1729 1328 1775 sane,
1375 1721 1432 1766 ut
1476 1714 1592 1767 sive
1653 1715 1776 1768 sani
1846 1718 1979 1781 sint,
2045 1717 2160 1770 sive
2213 1716 2403 1786 agroti

820 1812 1049 1859 mortem
1084 1805 1373 1860 imminere
1397 1814 1610 1874 putent,
1653 1807 1720 1860 de
1748 1807 1913 1860 rebus
1943 1807 2063 1861 suis
2091 1823 2190 1875 pro
2252 1807 2400 1860 arbi-

821 1896 929 1948 trio
988 1895 1294 1950 statuendi
1343 1905 1611 1966 potestate
1658 1913 1765 1949 non
1828 1901 2117 1965 priventur

823 1989 1101 2042 servitutis
1151 1989 1368 2042 nomine
1395 2003 1457 2040 ex
1496 2002 1676 2040 rerum
1747 2002 1886 2056 quas
1923 1984 2277 2056 posscderint
2306 1984 2408 2038 do—

824 2078 994 2130 ntinio
1047 2077 1410 2145 expelluntur.
1454 2075 1527 2131 De
1578 2077 1928 2146 imperatoris
1997 2076 2168 2147 igitur
2234 2077 2411 2132 servis

824 2176 939 2230 lucc
999 2177 1212 2230 novitcr
1271 2177 1379 2230 lata
1428 2177 1514 2230 lex
1571 2184 1712 2238 esto,
1766 2176 2121 2245 vigoremque
2181 2173 2410 2228 habeto.

823 2268 1239 2340 llagistratibus
1294 2281 1474 2323 autem
1511 2271 1845 2338 reliquaeque
1880 2267 2212 2338 promiscuae
2245 2266 2410 2335 plebi,

826 2361 872 2415 si
906 2361 1033 2414 huic
1067 2371 1255 2414 nostro
1283 2361 1487 2429 placito
1536 2360 1893 2428 acquiescere
1923 2358 2120 2422 nolint,
2156 2355 2223 2410 ad
2256 2364 2404 2410 veter

826 2466 944 2506 rem
985 2451 1054 2504 de
1077 2452 1376 2506 servilibus
1435 2450 1594 2504 bonis
1633 2449 1804 2519 legem
1844 2448 2122 2519 respicere
2154 2447 2239 2502 fas
2271 2456 2412 2503 esto.

1239 2751 1716 2812 CONSTITUTIO
1763 2751 1974 2805 XXXIX
1992 2792 2004 2806 .

833 2875 899 2932 Ut
930 2872 1182 2945 prodigus
1207 2886 1325 2940 qua:
1377 2884 1440 2924 e1.
1476 2885 1530 2921 re
1561 2868 1726 2988 ipsius
1785 2868 1888 2919 sint
1921 2864 2034 2934 (77)
2101 2862 2274 2930 facere
2300 2861 2413 2928 (78)

1531 2955 1669 2988 υυδδί
1705 2976 1717 2987 .

1568 2955 1717 2990 υδδιι.

1568 2956 1717 2990 υδδιι.

900 3033 1042 3088 Idem
1079 3033 1380 3102 imperator
1409 2956 1584 3084 eideiJn
1624 3026 1893 3096 Styliano.
2129 3083 2134 3086 _

900 3121 1212 3176 Mor-talium
1251 3135 1411 3174 nemo
1444 3118 1509 3171 ad
1547 3131 1667 3170 eam
1696 3114 2100 3168 absolutionem
2142 3115 2415 3182 pervenit,

2512 618 2688 670 πόνων
2718 614 2936 685 μόχθων
2964 614 3064 684 τὴν
3109 615 3304 683 κτῆσιν
3336 613 3437 681 τὴν
3494 615 3728 667 ἑκάστου
3755 613 4096 686 δεσποτικὴν

2510 713 2670 779 χεῖρα
2689 706 2967 774 συλλέγειν
3004 720 3018 735 ⁸
3045 708 3141 758 καὶ
3163 703 3428 773 Θαυμὰζω
3448 705 3540 758 τὸν
3570 705 3629 772 ἐξ
3659 707 3832 776 ἀρχῆς
3860 702 4099 775 Θέμενον

2508 804 2601 857 τὸν
2628 802 2811 871 νόμον,
2842 799 2957 861 πῶς
2984 799 3136 852 οὐδέν
3166 815 3219 850 τι
3255 799 3474 869 μέτριον
3494 799 3588 849 καὶ
3636 799 3876 862 ἐπιεικὲς
3913 801 4098 869 τούτῳ

2512 895 2860 964 προσένειμε.
2903 891 3048 961 Πλὴν
3092 890 3211 944 ἀλλ’
3253 893 3396 945 οἵτε
3429 891 3662 959 πατέρες
3709 893 3802 944 τοῦ
3843 892 4095 945 τοιούτου

2509 985 2676 1054 νόμον
2708 985 2803 1036 καὶ
2841 985 2870 1034 ὁ
2906 983 3069 1047 νόμος
3123 981 3400 1051 ἐχέτωσαν
3461 982 3614 1051 παρὰ
3657 985 3766 1045 τοῖς
3801 983 3983 1045 ἄλλοις
4033 984 4098 1035 τὸ

2512 1076 2834 1139 ἀποδεκτδν,
2861 1076 2938 1138 ὼς
2967 1077 3001 1145 ἡ
3033 1074 3263 1127 ἑκάστου
3295 1074 3451 1142 φέρει
3485 1075 3701 1144 γνώμη,
3727 1074 3836 1142 ἐγὼ
3871 1075 3925 1126 δὲ
3965 1076 4095 1127 τού-

2509 1187 2623 1232 τοις
2672 1167 2924 1236 οὐδαμῶς
2962 1167 3222 1236 ἀπονέμω
3269 1166 3454 1235 χώραν
3499 1166 3795 1237 ἀποδοχῆς,
3827 1165 3936 1218 οὐδ’
4000 1169 4096 1220 ἐπὶ

2510 1265 2622 1325 τοῖς
2655 1262 2805 1331 ἐμοῖς
2853 1259 3096 1322 οἰκέταις
3144 1259 3487 1329 συγχωρήσω
3544 1259 3758 1312 κεῖσθαι
3801 1260 3864 1311 τι
3888 1260 4093 1328 δόγμα,

2512 1354 2694 1406 πᾶσαν
2731 1351 2913 1404 ἄδειαν
2953 1351 3082 1419 περὶ
3109 1349 3210 1416 τῆς
3241 1350 3351 1402 τῶν
3381 1349 3724 1419 πραγμάτοιν
3766 1351 4096 1421 διοικήσεως

2511 1443 2723 1504 τούτοις
2750 1441 3124 1511 παρεχόμενος
3152 1441 3223 1491 ⁸⁵.

2577 1533 2884 1604 Τοιγαροῦν
2939 1532 3046 1585 ἀπὸ
3087 1530 3180 1583 τοῦ
3212 1531 3308 1583 νῦν
3355 1533 3452 1585 καὶ
3501 1533 3636 1603 πρὸς
3667 1533 3758 1586 τὸν
3796 1534 4097 1601 μετέπειτα

2513 1626 2625 1696 βίυν
2643 1625 2886 1678 ἔστωσαν
2913 1625 2961 1676 οἱ
2980 1622 3241 1693 βασιλέως
3275 1623 3484 1676 οἰκέται
3511 1623 3580 1676 τὰ
3595 1626 3770 1677 οἰκεία
3790 1627 4096 1696 πράγματα

2510 1717 2725 1786 ἀληθῶς
2788 1717 2965 1768 οἰκεῖα
3009 1710 3360 1784 κεκτημένοι,
3419 1715 3478 1765 ὲν
3521 1714 3599 1783 τῷ
3653 1714 3728 1786 μὴ
3785 1716 3884 1785 τὴν
3948 1717 4098 1781 ἔξω)-

2513 1816 2634 1869 σίαν
2688 1809 3041 1882 ἀφαιρεῖσθαι
3091 1810 3166 1873 ὡς
3222 1809 3289 1863 ἂν
3353 1807 3647 1877 βούλωνται
3713 1810 3844 1878 περὶ
3917 1810 4099 1862 αὐτῶν

2157 1937 2170 1959 9
2218 1912 2399 1965 neque
2435 1891 2475 1945 Β
2512 1905 2749 1976 ὁρίζειν,
2803 1903 2866 1955 ἄν
2913 1919 2974 1954 τε
3036 1901 3171 1968 πρὸς
3227 1899 3378 1969 ἡλίου
3442 1900 3618 1967 αὐγὰς
3686 1901 4099 1970 περιστρέφων-

2513 2010 2623 2056 ται,
2683 1994 2747 2047 ἄν
2783 2009 2840 2044 τε
2871 1987 2961 2043 τὸν
3006 1989 3119 2059 βίον
3165 1982 3266 2042 ὦσι
3325 1988 3708 2053 καταλύοντες,
3745 1989 3871 2059 μηδ’
3933 1991 4099 2042 ’ἑνεκα

2513 2084 2612 2153 τῆς
2663 2083 2908 2146 δουλείας
2964 2074 3039 2134 ὧν
3109 2080 3354 2150 ὑπῆρχον
3388 2082 3568 2151 κύριοι
3626 2082 3974 2151 πραγμάτων
4019 2081 4103 2146 ἑξ-

2515 2175 2656 2228 ωὒού
2668 2192 2822 2244 μενοι
2876 2173 2976 2242 τῆς
3009 2172 3352 2242 κυριότητος,
3383 2172 3516 2241 Περὶ
3549 2172 3648 2240 μὲν
3681 2172 3772 2225 οὖν
3835 2172 4100 2242 βασιλέως

2515 2268 2742 2321 οἰκετῶν
2777 2259 2933 2327 οὗτος
2972 2263 3304 2316 κεκαινίσοω
3325 2265 3420 2317 καὶ
3460 2265 3733 2334 κρατείτω
3763 2265 3954 2333 νόμος,
3988 2270 4098 2328 τοῖς

2515 2361 2561 2415 δ’
2583 2362 2810 2429 ἄρχουσι
2842 2359 2939 2410 καὶ
2961 2356 3040 2426 τῷ
3062 2355 3206 2425 ἄλλῳ
3235 2357 3334 2425 τῆς
3365 2356 3646 2419 πολιτείας
3670 2354 4030 2426 πληρώματι,
4053 2358 4106 2409 εἴ

2516 2469 2580 2519 γε
2615 2450 2689 2520 μὴ
2722 2448 2994 2519 βούλοιντο
3023 2446 3156 2517 πρὸς
3187 2446 3288 2514 τὴν
3317 2447 3594 2517 ἡμετέραν
3616 2449 3844 2517 γνώμην
3864 2451 4100 2520 ἀφορᾷυ,

2516 2541 2732 2607 ἐξέσται
2776 2541 2913 2610 πρὸς
2945 2540 3034 2590 τὸν
3068 2538 3296 2610 ἀρχαῖον
3341 2537 3474 2608 περὶ
3517 2538 3626 2590 τῶν
3655 2537 3920 2593 δουλικῶν
3967 2557 4106 2610 πρα-

2516 2631 2747 2702 γμάτων
2777 2631 2942 2700 νόμον
2966 2631 3121 2701 ὁρᾷν.

3031 2745 3347 2798 ΔΙΑΤΑΞΙΣ
3397 2744 3500 2797 ΔΘ’
3535 2744 3602 2797 ⁹⁶.

2520 2859 2659 2928 Περὶ
2688 2857 2795 2912 τοῦ
2836 2857 2944 2912 τὸν
2987 2856 3226 2910 ἄσωτον
3261 2858 3333 2910 τὰ
3387 2857 3774 2926 συμφέροντα
3831 2856 4105 2913 διοικεῖν.

2609 3017 2665 3068 Ὁ
2694 3015 2854 3076 αὐτὸς
2883 3013 3135 3083 βασιλεὺς
3165 3013 3439 3083 Στυλιανῷ
3467 3013 3544 3083 τῷ
3579 3013 3746 3082 αὐτῷ.

2596 3107 2788 3170 Οὐδεὶς
2815 3108 2874 3160 ὲν
2914 3105 3224 3176 ἀνθρώποις
3255 3106 3426 3169 οὕτως
3461 3109 3542 3168 εἰς
3590 3106 3758 3174 ἄκρον
3791 3106 4109 3175 κατήντησε

830 3226 891 3270 ut
924 3232 1030 3269 non
1064 3213 1300 3268 obnoxie
1350 3207 1644 3277 aliquando
1706 3222 1795 3260 res
1853 3222 1981 3260 suas
2028 3215 2212 3276 gerat;
2247 3223 2422 3274 neque
2447 3233 2490 3290 α

2447 3233 2490 3290 C
2522 3199 2883 3269 τελειότητος,
2910 3198 2988 3260 ὡς
3032 3197 3302 3267 μηδέποτε
3328 3199 3647 3267 ἀσύμφορόν
3678 3213 3728 3248 τι
3749 3195 3935 3264 ἑαυτῴ
3964 3213 4108 3262 πρα-

830 3307 1122 3374 qnisquam
1168 3303 1244 3370 (ni
1279 3300 1458 3365 fallor)
1503 3300 1574 3351 ita
1638 3298 1866 3366 desipit,
1899 3297 2033 3366 quin
2089 3297 2285 3350 crebro
2315 3299 2419 3352 sibi

833 3399 988 3452 utilis
1023 3412 1148 3451 esse
1181 3393 1377 3464 possit.
1405 3392 1592 3461 ﬁeque
1623 3391 1767 3442 enim
1793 3389 1885 3458 qui
1915 3390 1968 3440 in
2001 3387 2258 3442 omnibus
2289 3403 2421 3456 pru-

830 3492 1035 3544 dentia:
1081 3504 1197 3542 sua:
1253 3488 1393 3551 ﬁdit,
1429 3487 1578 3538 hunc
1613 3483 1798 3536 omnia
1859 3481 2422 3550 irrcprehcnsibiliter

835 3584 1016 3637 facere
1049 3582 1181 3636 sinit
1211 3581 1356 3633 Deus
1393 3596 1405 3630 :
1440 3593 1617 3646 neque
1650 3576 1814 3635 idem,
1845 3589 1968 3626 cum
2011 3584 2228 3627 creator
2272 3589 2422 3627 crea-

833 3687 1080 3744 tumque
1109 3689 1222 3728 sua:
1246 3680 1469 3726 curator
1494 3671 1584 3730 sit,
1623 3668 1822 3721 mentis
1852 3665 2068 3735 inopem
2106 3681 2202 3733 per
2235 3668 2419 3718 omnia

839 3784 904 3820 ex
931 3765 1304 3836 imprudentia
1340 3761 1600 3816 frustrari
1656 3757 1945 3826 permittit.
2010 3755 2281 3810 l’rael‘atus
2320 3757 2423 3810 hoc

833 3875 956 3914 sum
1013 3865 1236 3926 propter
1303 3855 1449 3907 illam
1487 3854 1655 3921 legem
1689 3848 1825 3918 (79),
1885 3863 2006 3916 quae
2041 3851 2326 3916 prmligum
2355 3847 2424 3900 de

837 3952 1001 4004 rebus
1031 3949 1150 4003 suis
1173 3946 1472 4016 quidquam
1506 3952 1600 3996 aut
1620 3942 1757 3996 velle
1779 3947 1872 3993 aut
1896 3949 2138 3993 statuere
2167 3941 2424 3994 omnibus

839 4042 1018 4096 modis
1049 4039 1326 4109 prohibet.
1357 4036 1533 4101 Quam
1576 4034 1797 4104 quidem
1835 4032 2029 4101 legem,
2065 4030 2334 4098 conjectis
2367 4032 2422 4084 in

833 4150 925 4189 res
956 4143 1140 4202 gestas
1179 4129 1379 4190 oculis,
1423 4141 1521 4195 pro
1563 4126 1784 4177 illarunt
1817 4126 2052 4180 ratione,
2088 4137 2196 4173 non
2236 4129 2419 4174 autem

836 4228 911 4280 ita
949 4224 1278 4292 simpliciter
1347 4220 1569 4275 sancire
1606 4257 1621 4281 ,
1653 4227 1708 4271 et
1747 4217 1792 4271 si
1841 4215 1974 4284 quid
2034 4213 2298 4266 inutiliter
2331 4227 2425 4281 ge-

836 4327 984 4374 stum
1023 4323 1194 4378 esset,
1259 4327 1367 4365 non
1425 4310 1714 4362 admittere
1743 4347 1758 4370 ,
1789 4309 1841 4360 in
1884 4321 1994 4374 quo
2057 4319 2187 4358 vero
2239 4304 2423 4374 aliqua

837 4408 1046 4463 utilitas
1100 4411 1427 4466 verteretur,
1454 4403 1505 4454 id
1561 4401 1849 4468 suscipere
1905 4397 2213 4466 oportebat.
2266 4395 2423 4449 Nunc

837 4516 970 4557 vero
1007 4499 1142 4552 nihil
1187 4494 1496 4550 istiusmodi
1531 4492 1864 4562 praescribit,
1892 4489 1986 4544 sed
2019 4490 2073 4542 in
2105 4489 2420 4543 universum

2523 3287 2894 3358 γματεύεσοαι
2927 3327 2943 3351 ,
3010 3288 3102 3338 καὶ
3157 3285 3335 3348 οὐδεὶς
3389 3285 3563 3347 οὕτως
3633 3280 3786 3354 οἶμαι
3838 3282 4109 3351 δυστυχὴς

2523 3381 2706 3451 ἄκρως
2735 3381 2814 3442 εἰς
2847 3377 3073 3449 φρένας,
3093 3380 3167 3440 ὡς
3203 3377 3278 3447 μὴ
3308 3377 3571 3438 πολλάκις
3608 3376 3786 3445 ἐαυτῷ
3824 3377 4107 3446 χρήσιμος

2523 3470 2799 3539 γενέσθαι.
2825 3467 2964 3521 Οὔτε
3006 3469 3115 3537 γὰρ
3159 3470 3249 3520 τὸν
3308 3468 3481 3535 πάντη
3518 3470 3584 3536 τῇ
3636 3465 3832 3519 ἑαυτοῦ
3890 3465 4112 3517 συνέσει

2524 3557 2832 3629 θαρροῦντα
2864 3557 3043 3610 πάντα
3072 3556 3332 3627 πράττειν
3356 3557 3709 3626 ἀνεμεσήτως
3748 3556 3816 3624 ἐᾷ
3844 3556 3906 3608 τὸ
3933 3556 4109 3616 Osirin,

2524 3649 2646 3701 οὔτε
2691 3649 2781 3702 τὸν
2816 3648 2976 3701 ἐνδεᾶ
3005 3648 3271 3709 συνέσεως
3314 3647 3559 3715 πλάστης
3603 3645 3676 3699 ὢν
3705 3647 3798 3698 καὶ
3847 3644 3944 3698 τοῦ
3980 3645 4111 3697 ἰδίου

2527 3741 2842 3810 πλάσματος
2873 3739 3127 3809 κηδεμὼν
3156 3739 3248 3791 διὰ
3278 3739 3474 3801 παντὸς
3511 3738 3705 3807 ἀφίησι
3746 3741 3814 3806 τῇ
3845 3739 4112 3807 ἀσυνεσίᾳ

2527 3831 2876 3898 σφάλλεσθαι.
2914 3829 3088 3883 Τοῦτο
3127 3830 3609 3902 ἐπροοιμιασάμην
3659 3829 3726 3882 δι’
3761 3830 3976 3881 ἐκεῖνον
4023 3831 4113 3880 τον

2525 3925 2713 3995 νόμον,
2741 3925 2800 3986 ὃς
2857 3925 3206 3978 παντάπασιν
3255 3923 3565 3976 ἀποκωλύει
3613 3921 3704 3973 τὸν
3738 3923 3952 3974 ἄσωτον
3985 3923 4114 3990 περὶ

2524 4017 2632 4068 τῶν
2671 4015 2940 4084 οἰκείωνῆ
2985 4014 3275 4084 βούλεσθαί
3305 4032 3358 4066 τι
3391 4013 3424 4084 ἢ
3454 4012 3812 4066 διατίθεσθαι.
3843 4011 4113 4078 Καίτοιγε

2525 4109 2691 4176 ἐχρῆν
2715 4106 2984 4176 ἐνορῶντα
3017 4107 3094 4168 είς
3124 4105 3194 4157 τὰ
3215 4104 3498 4174 οἱκονομού
3509 4122 3645 4174 μενα
3684 4105 3818 4179 πρὸς
3842 4105 3948 4173 τὴν
3967 4103 4114 4156 ὲκεί-

2526 4218 2633 4253 νων
2685 4199 2962 4262 Θεσπίςειν
2997 4199 3350 4262 κατάστασιν,
3381 4199 3517 4251 ἀλλά
3567 4198 3641 4267 μὴ
3691 4195 3865 4259 οὕτως
3897 4195 4112 4259 ἁπλῶς,

2526 4297 2621 4346 καὶ
2667 4293 2718 4345 εί
2763 4292 2864 4362 μὲν
2894 4292 2938 4324 ⁹⁷
2988 4290 3308 4362 ἀσύμφορον
3339 4309 3388 4342 τι
3421 4290 3818 4359 διῳκονόμητο,
3852 4289 3932 4358 μὴ
3962 4289 4114 4357 δέχε-

2528 4387 2677 4452 σθαι,
2712 4389 2760 4439 εἰ
2784 4385 2840 4439 δὲ
2902 4384 3200 4448 λυσιτελὲς,
3235 4381 3629 4451 καταδέχεσθαι
3653 4397 3666 4410 ’
3701 4381 3796 4433 νῦν
3851 4379 3913 4434 δὲ
3962 4381 4116 4433 οὐδὲν

2525 4481 2768 4533 τοιοῦτον
2789 4475 3034 4546 διορίζει,
3057 4475 3191 4527 ἀλλά
3209 4473 3467 4539 καοάπαξ
3497 4471 3777 4526 ἀποκλείει
3806 4469 3888 4540 τῷ
3916 4471 4116 4540 ἀσώτῳ

837 4593 1064 4665 prodigo
1098 4591 1166 4644 de
1197 4589 1364 4644 rebus
1402 4585 1520 4639 suis
1553 4582 1899 4638 consultandi
1957 4587 2278 4649 potestatem
2310 4579 2427 4633 adi-
2457 4614 2502 4667 θ

1820 4582 1899 4635 udi
1957 4587 2278 4649 potestatem
2310 4579 2427 4633 adi-
2457 4573 2625 4667 θτὴν
2674 4571 2802 4640 περὶ
2853 4568 2962 4621 τῶν
3023 4567 3241 4620 οἰκείων
3284 4565 3497 4634 βουλήν.

837 4689 957 4742 ιιιὶι.

910 4777 968 4831 Id
996 4790 1096 4828 nos
1121 4779 1273 4827 recto
1305 4769 1510 4839 judicio
1539 4781 1645 4819 non
1691 4763 1989 4820 convenire
2008 4762 2277 4832 suspicati
2301 4802 2314 4825 ,
2341 4762 2422 4816 lo-

838 4887 958 4942 gem
996 4869 1143 4921 illam
1182 4864 1517 4920 rclaxantcs.
1556 4857 1874 4918 statuimus,
1909 4862 1965 4907 ut
2007 4869 2128 4923 qua;
2153 4854 2420 4923 judicium

840 4971 1135 5016 erroneum
1154 4952 1412 5023 quodque
1435 4948 1723 5019 prodigum
1748 4945 2015 5013 designet,
2036 4944 2226 5007 dictet,
2247 4959 2423 5012 neque

842 5050 1257 5122 approbatione,
1283 5058 1460 5112 neque
1478 5043 1617 5094 conli
1630 5039 1898 5091 rmationc
1914 5037 2076 5106 digna
2099 5037 2420 5098 habeantur,

2597 4747 2769 4800 Τοῦτο
2795 4748 2956 4816 ἡμεῖς
2978 4743 3113 4814 ὀροῇ
3139 4743 3305 4811 ψήφῳ
3336 4743 3410 4810 μὴ
3457 4741 3754 4810 προσήκειν
3799 4737 4115 4807 ὑπολαμϐἀο

2529 4851 2712 4896 νοντες
2747 4833 3181 4900 διαστειλάμενοι
3225 4830 3558 4898 θεσπίζομεν
3611 4827 3678 4889 9⁸,
3739 4826 3778 4878 ἃ
3837 4828 3942 4896 μὲν
3999 4829 4117 4897 κρί-

2532 4943 2616 4990 σις
2640 4925 2958 4994 ἐσφαλμένη
2982 4925 3186 4977 καὶτὸν
3209 4923 3416 4975 ἄσωτον
3438 4919 3926 4990 χαρακτηρίζουσα
3945 4919 4110 4987 λέγει.

2536 5020 2674 5090 μήτε.
2732 5018 3002 5086 ἀποδοχῆς
3057 5018 3194 5086 μήτε
3265 5015 3558 5083 κυρώσεως
3623 5012 4041 5076 ἀξιούσθωσαν,
4084 5011 4118 5063 Ξ

2157 5189 2394 5245 VARle
2435 5184 2842 5243 LECTIONES.

890 5297 936 5328 9'
970 5292 1140 5348 Codd.
1161 5293 1342 5346 ἄδειαν
1363 5284 1902 5364 *παρεχόμενονιπερὶ
1925 5283 2023 5353 τῆς
2047 5312 2119 5326 -—
2141 5283 2354 5342 τούτοις
2396 5277 2729 5348 παρέχομαι.

843 5366 1016 5420 Codd.
1049 5365 1151 5416 κᾶν
1188 5364 1284 5432 μή.
1360 5360 1405 5391 ⁸⁸
1433 5355 1627 5426 Incipit
1681 5355 1792 5407 licl.

2821 5274 2867 5305 ³⁸
2897 5271 3014 5326 Ecl.
3050 5267 3186 5322 Nov.
3217 5267 3308 5321 24.
3417 5262 3558 5316 "Ita
3582 5277 3727 5318 corr.
3761 5262 4114 5334 Stephanus;

2375 5458 2606 5536 Νοτίε.

924 5579 1036 5647 (Ἡῑ)
1077 5577 1179 5630 Lex
1205 5585 1286 5630 cst
1309 5571 1587 5643 specialis,
1610 5585 1731 5639 quae
1761 5567 1828 5647 ad
1861 5579 2053 5645 omnes
2087 5573 2276 5647 servos
2313 5572 2418 5640 non

851 5631 1496 5720 porrigitur:interdum
1546 5631 1728 5720 tamen
1798 5636 2151 5720 humaniores
2204 5631 2417 5720 domini

851 5702 1030 5774 servi;
1073 5719 1258 5770 testari
1297 5715 1716 5781 permittebant;
1764 5707 1861 5764 sed
1910 5706 2052 5759 inter
2080 5702 2419 5756 domesticos

850 5798 1088 5843 tantmn.
1121 5787 1240 5840 Vid.
1269 5786 1408 5838 Plin.
1437 5782 1488 5843 8,
1515 5797 1567 5835 c.
1598 5780 1683 5833 16.

1192 5837 1569 5922 συμφέροντα,
1623 5861 1677 5904 ct
1731 5849 1806 5902 ita
1848 5838 2250 5913 θυι-οεδιπέὲ
2287 5837 2420 5893 Inst.

2527 5555 2697 5621 Quib.
2719 5571 2826 5608 non
2855 5561 2938 5607 est
2959 5552 3214 5621 permiss.
3245 5547 3374 5603 facit
3406 5551 3442 5602 Ι.
3471 5548 3520 5610 1,
3543 5545 3598 5601 ﬂ'.
3634 5546 3709 5601 De
3730 5544 4116 5606 curatoribus;

2530 5567 2697 5621 ututi.
2719 5571 2826 5608 non
2855 5567 2938 5607 ρει
2993 5567 3214 5606 ermtss.
3245 5567 3295 5602 Ia

2530 5628 2617 5680 \‘itl
2666 5627 2702 5678 I.
2741 5625 2827 5687 18,
2861 5623 2916 5676 α’.
2947 5567 3049 5687 81ιί
3079 5631 3296 5675 leslttnt.

2607 5697 2716 5763 (78)
2752 5683 2886 5746 Tum
2922 5683 3062 5763 inter
3099 5687 3634 5763 vivgos._tu_:n‘ntot'tis
3661 5700 3832 5741 causa
3850 5683 3896 5753 j.
3921 5683 4047 5738 eod.

2611 5758 2719 5834 (7‘3)
2753 5765 2812 5817 ι).
2854 5763 2880 5832 §
2924 5764 2987 5830 ‘2;
3021 5761 3075 5815 d.
3104 5761 3140 5814 ι.
3172 5761 3234 5825 1;
3266 5759 3321 5814 ti.
3347 5760 3382 5812 Ι.
3419 5758 3503 5812 18.
