4248 6442
778 376 885 445 515

1934 370 2207 431 LEONIS
2242 370 2370 441 l’IIl
2384 371 2537 430 LUSt
2549 370 2698 430 lPIII

3911 369 4018 432 5ιὸ

768 488 910 556 ipsis
931 485 1313 544 decreverunt,
1347 494 1537 535 verum
1569 479 1730 532 etiam
1764 476 1875 545 (87)
1898 476 2071 543 ipsam
2109 477 2339 545 captivi-
2370 484 2413 538 Α

2370 484 2413 538 Α
2445 478 2627 544 ἕτερον
2660 476 2758 542 τὴν
2788 474 3171 544 αἰχμαλωσίαν
3200 472 3548 526 ἐπιτείνουσι.
3587 474 3707 537 Πῶς
3748 476 3855 544 γὰρ
3892 478 4022 544 οὐχὶ

765 589 930 635 tatem
964 576 1067 629 alio
1097 572 1257 627 modo
1280 572 1598 625 intendunt.
1624 568 1907 634 Quomodo
1938 567 2081 620 enim
2113 581 2332 619 rursum

762 669 883 723 illos
912 667 964 719 in
1023 664 1390 734 captivitatem
1449 676 1555 714 nou
1612 658 1855 713 ducunt?
1922 666 2015 709 aut
2063 654 2337 723 quomodo

762 760 966 813 malum
1007 756 1491 825 irrecreabilisque
1524 754 1748 806 tristitia
1780 765 1884 803 non
1921 750 2242 817 adaugetur,
2284 756 2337 796 et

762 856 940 902 morte
1005 846 1340 900 acerbiorem
1411 844 1464 895 iu
1536 841 1700 893 corde
1773 839 2022 905 captivus
2096 852 2337 891 circum-

764 938 949 990 lerens
976 936 1247 993 aculemn,
1277 932 1440 985 rebus
1464 929 1674 982 excedit
1699 928 1971 992 Immanis,
1994 927 2212 996 quando
2232 939 2340 978 non

767 1028 942 1080 solum
978 1026 1031 1079 in
1066 1023 1381 1093 captivitate
1397 1022 1564 1075 vitam
1586 1020 1723 1080 ﬁuit,
1756 1034 1940 1073 verum
1968 1019 2129 1071 etiam
2159 1017 2204 1071 si
2233 1032 2339 1086 qua

767 1116 906 1184 apud
926 1114 1266 1168 contribulcs
1288 1113 1427 1166 bona
1452 1111 1636 1168 habet,
1657 1111 1725 1163 de
1754 1108 1838 1162 his
1858 1109 1933 1160 illi
1968 1108 2340 1161 constituendi

767 1214 1012 1276 potestas
1031 1219 1136 1257 n0u
1166 1212 1270 1266 est,
1289 1202 1382 1255 sed
1404 1202 1522 1254 suis
1545 1200 1709 1253 rebus
1736 1207 1996 1266 tanquam
2029 1199 2224 1251 alienis
2247 1214 2338 1251 ex-

769 1298 992 1365 pellitur
1028 1311 1042 1347 :
1076 1302 1130 1348 et
1184 1308 1305 1361 qua:
1344 1292 1462 1346 suis
1530 1290 1807 1344 laboribus
1861 1289 2160 1357 quaesierit,
2216 1304 2343 1357 pro-

765 1401 870 1453 que
898 1383 1097 1452 quibus
1135 1391 1393 1450 suscepto
1422 1380 1668 1448 periculo
1696 1380 1750 1432 in
1803 1380 2134 1446 captivorum
2172 1378 2341 1430 iulor-

767 1474 981 1527 tunium
1021 1473 1233 1533 incidit,
1267 1473 1336 1524 ab
1370 1472 1561 1523 horum
1624 1469 2033 1538 dispensatione
2091 1469 2345 1538 ejicitur‘!

767 1563 1054 1629 Quomodo
1078 1564 1226 1624 item,
1252 1564 1294 1615 si
1319 1575 1457 1630 quos
1474 1561 1809 1613 necessarios
1837 1560 2083 1627 captivus
2102 1560 2261 1612 habet
2289 1569 2347 1613 ut

770 1654 993 1714 liberos,
1018 1666 1263 1713 uxorem,
1284 1649 1603 1707 fratres.aut
1623 1650 1778 1713 alios,
1797 1665 1936 1718 quos
1950 1649 2015 1702 ad
2034 1651 2204 1718 ipsius
2234 1651 2345 1703 ha:-

770 1744 1059 1796 reditatem
1093 1743 1176 1794 lex
1206 1748 1386 1804 vocat,
1415 1741 1450 1794 ii
1482 1756 1593 1795 non
1618 1742 1867 1794 similiter
1897 1755 2084 1793 omnes
2102 1741 2347 1794 obversis

2444 566 2666 627 τούτους
2700 564 2864 617 πάλιν
2914 562 3404 634 αἰχμαλωτίζουσιν
3433 581 3447 628 ;
3504 565 3534 632 ἢ
3584 565 3695 627 πῶς
3728 566 3830 617 οὒκ
3864 564 4027 628 αὒξε-

2443 674 2532 710 ται
2584 657 2645 709 τὸ
2694 654 2865 708 δεινὸν
2925 656 3017 705 καὶ
3065 655 3227 721 ἄλγος
3275 654 3725 722 ἀπαραμύθητον,
3775 656 3871 707 καὶ
3924 656 4022 707 τοῦ

2447 747 2678 801 Θανάτου
2732 748 2954 815 κέντρον
3010 745 3411 814 ἐπωδυνότερον
3467 746 3607 797 κατὰ
3646 748 3742 814 τῆς
3788 746 4024 815 καρδίας

2445 837 2789 905 αἰχμάλωτος
2836 834 3018 905 φέρων
3066 832 3251 886 ἄπεισι
3300 836 3407 886 τών
3458 834 3836 903 ἀνθρωπίνων,
3890 837 4024 888 ὅταν

2445 928 2503 978 ού
2570 927 2729 995 μόνον
2788 927 2845 979 ἐν
2918 924 3263 994 αἰχμαλωσίᾳ
3320 928 3669 995 καταστρέψῃ
3724 928 3816 977 τὸν
3865 926 4023 994 βίον,

2449 1017 2705 1069 ἀλλὰκαὶ
2760 1018 2815 1069 εί
2859 1036 2979 1071 τινα
3032 1018 3088 1068 ἐν
3142 1017 3250 1076 τοῖς
3305 1016 3595 1084 ὁμοφύλοις
3651 1010 3790 1068 οἶδεν
3838 1017 4024 1085 ἐαυτῷ

2453 1106 2757 1177 προσοῦσαν
2794 1108 3047 1177 ὓπαρξιν,
3095 1107 3223 1174 περὶ
3260 1106 3460 1174 ταύτης
3491 1109 3590 1159 οὐκ
3622 1107 3735 1159 ἔστι
3767 1108 4024 1175 βουλεύε-

2453 1201 2575 1252 σθαι
2624 1199 2832 1267 κύριος,
2877 1200 2990 1250 ἀλλ’
3044 1198 3325 1261 ἐξωθεῖται
3370 1197 3479 1249 τῶν
3518 1200 3731 1250 οίκείι-ιν
3763 1199 3841 1259 ὡς
3873 1199 4027 1250 ἀλλο-

2449 1292 2637 1359 τρίων,
2666 1288 2759 1341 καὶ
2811 1286 2918 1338 τῶν
2965 1289 3149 1350 πόνοις
3198 1288 3418 1349 οἰκείοις
3466 1290 3773 1357 κτηθέντων
3818 1291 3919 1358 τῆς
3948 1290 4028 1339 0!-

2453 1381 2710 1448 κονομίας
2774 1377 3135 1442 ἐκϐάλλεται,
3197 1372 3273 1431 ὧν
3333 1380 3536 1440 ἐκεῖνος
3589 1378 4029 1447 προκινδυνεύων

2450 1472 2530 1531 είς
2588 1470 2656 1522 τὰ
2700 1470 2809 1522 τῶν
2863 1469 3211 1541 δορυλήπτων
3268 1471 3506 1538 κατέστη
3544 1467 3733 1533 Servi;
3792 1470 3919 1531 Πῶς
3946 1471 4027 1529 δὲ,

2452 1559 2503 1610 εἴ
2528 1558 2668 1618 τινές
2695 1562 2797 1611 εἰσι
2818 1558 2895 1629 τῷ
2931 1556 3260 1627 αἰχμαλώτῳ
3291 1561 3431 1612 κατὰ
3454 1560 3607 1627 γένος
3645 1558 4027 1628 διαψέροντες,

2451 1647 2484 1714 ἢ
2515 1648 2678 1700 τέκνα
2720 1650 2753 1717 ἢ
2798 1649 2999 1719 γυνὴῆ
3036 1648 3237 1718 ἀδελφὴ
3265 1648 3298 1717 ἢ
3329 1648 3508 1720 ἕτεροι
3551 1647 3642 1711 οὓς
3695 1648 4033 1717 ἐπικλήρους

2453 1734 2594 1791 οἶδεν
2642 1741 2671 1791 ὁ
2722 1739 2907 1808 νόμος,
2964 1739 3086 1808 οὐχὶ
3136 1738 3333 1799 πάντες
3381 1739 3580 1805 ὁμοίως
3636 1737 3769 1805 πρὸς
3820 1737 3921 1805 τὴν
3974 1739 4036 1800 ἐξ

770 1830 1297 1886 inhtereditatem-ab
1330 1831 1590 1884 intestato
1635 1830 1699 1883 ad
1725 1845 1783 1884 se
1805 1829 2190 1883 devolvendam
2222 1844 2352 1882 ocu-
2387 1828 2425 1884 Β

2387 1828 2425 1884 Β
2456 1830 2735 1882 ἀδιαθέτου
2789 1830 3094 1899 ἐρχομένην
3148 1829 3330 1889 αὐτοῖς
3382 1827 3746 1896 κληρονομίαν
3798 1827 4035 1879 ἀποϐλέ-

772 1920 865 1983 lis,
898 1935 1086 1974 curam
1115 1920 1379 1974 liberandi
1413 1918 1633 1987 captivi,
1658 1919 1804 1971 illius
1838 1921 2235 1986 consequendae
2262 1934 2356 1987 spe

777 2028 876 2069 sua
906 2012 1199 2068 omittent?
1229 2011 1488 2064 Novimus
1518 2010 1786 2078 siquidem
1848 2024 1935 2063 res
1983 2009 2270 2071 humanas,
2298 2018 2355 2063 ut

783 2101 944 2172 pauci
980 2100 1270 2155 admodum
1298 2116 1483 2155 verum
1521 2115 1760 2153 amorem
1802 2104 2150 2165 conservent,
2202 2101 2351 2167 ejus-

773 2206 884 2262 que
908 2191 1074 2244 unius
1103 2192 1277 2259 gratia
1308 2191 1372 2243 ad
1407 2190 1786 2259 Opitulandum
1835 2190 2143 2243 calamitate
2171 2191 2351 2259 impli-

778 2281 904 2337 citis
923 2296 1219 2351 paucorum
1246 2281 1462 2335 animus
1489 2281 1776 2334 excitetur.
1810 2284 1874 2332 At
1900 2282 1992 2347 qui
2027 2296 2121 2349 spe
2160 2280 2353 2333 nanci-

785 2372 1001 2426 scenda:
1032 2371 1316 2438 cujusdam
1354 2370 1811 2424 remunerationis
1851 2371 1915 2422 ad
1946 2370 2231 2423 ferendum
2266 2372 2348 2423 iu-

777 2461 1088 2529 digentibus
1138 2459 1401 2512 auxilium
1429 2458 1745 2528 procedant,
1782 2458 1975 2512 borum
2006 2473 2137 2513 sane
2202 2463 2357 2528 longe

784 2554 1059 2607 maximus
1087 2565 1171 2608 est
1192 2567 1472 2606 numerus.
1527 2552 1644 2618 Qua
1685 2568 1743 2606 re
1779 2554 1960 2622 itaque
1995 2553 2122 2605 moti
2154 2567 2355 2621 cogna-

780 2652 871 2696 tus
889 2644 1136 2711 aliusque
1155 2642 1427 2710 quispiam
1461 2640 1801 2708 captivorum
1823 2639 2126 2707 suscipiant
2143 2640 2357 2693 curam?

796 2730 853 2784 Si
885 2730 1102 2800 quidem
1133 2731 1407 2786 statuendi
1466 2729 1700 2784 facultas
1753 2730 1820 2783 de
1867 2728 2031 2784 rebus
2062 2729 2175 2783 suis
2225 2730 2356 2797 ipsis

782 2830 957 2884 esset,
988 2822 1237 2876 nonnulli
1272 2821 1514 2875 laborem
1579 2821 1901 2874 damnosum
1930 2820 2034 2873 sibi
2064 2833 2172 2872 non
2208 2818 2356 2872 futu-

790 2924 911 2962 rum
946 2916 1286 2977 reputantes,
1331 2922 1437 2960 non
1476 2907 1716 2976 segniter
1742 2907 1895 2959 illum
1923 2907 2231 2974 suscepturi
2269 2920 2356 2959 es-

795 3004 941 3049 sent.
976 2994 1291 3063 Cogitat-ent
1326 2996 1528 3047 ctenim
1592 3002 1675 3062 (ut
1708 2994 2007 3047 verisimile
2035 2994 2142 3062 est)
2185 2995 2230 3048 si
2263 3003 2348 3046 aut

791 3094 1025 3140 renatus
1052 3086 1294 3153 ipsorum
1331 3084 1398 3137 ad
1440 3085 1600 3138 ﬁnem
1625 3085 2011 3146 deduceretur,
2046 3086 2355 3151 captivique

784 3178 1093 3230 libertatem
1123 3185 1619 3245 consequerentur,
1650 3191 1709 3230 se
1747 3192 1949 3230 munus
1984 3177 2207 3244 aliquod
2233 3191 2356 3231 esse

787 3280 890 3332 pro
925 3280 1091 3334 opera
1124 3279 1223 3319 sua
1243 3274 1297 3319 et
1349 3266 1533 3318 labore
1588 3276 1935 3335 accepturos,
1997 3276 2090 3318 aut
2120 3268 2282 3320 etiam
2317 3269 2361 3320 si

785 3367 1015 3411 conatus
1039 3356 1195 3410 linem
1233 3372 1381 3411 mors
1406 3359 1763 3426 przeveniens,
1798 3360 2071 3427 captitum
2100 3358 2167 3413 de
2188 3360 2365 3412 medio

788 3447 1029 3519 tolleret,
1068 3447 1222 3500 illum
1288 3448 1342 3500 in
1384 3454 1710 3502 testamento
1765 3463 1864 3502 suo
1910 3464 2034 3501 eum
2069 3451 2157 3513 qui
2194 3451 2366 3517 ipsius

784 3529 973 3593 etlram
1044 3538 1356 3600 habuisset,
1392 3540 1598 3605 majore
1636 3540 1886 3607 portione
1920 3554 2083 3607 quam
2128 3542 2247 3592 illos
2272 3540 2364 3608 qui

786 3630 968 3698 ipsum
1002 3628 1384 3697 neglexissent
1411 3627 1785 3695 dignaturum.
1814 3627 1931 3680 Non
1990 3630 2136 3682 enim
2174 3630 2366 3682 imme-

786 3735 993 3772 morem
1024 3717 1139 3770 fore
1204 3720 1405 3786 ipsum,
1441 3733 1617 3787 neque
1647 3719 1863 3773 labores
1914 3720 2067 3772 nihili
2095 3720 2364 3774 facturum

790 3807 1223 3861 arbitrarentur.
1275 3806 1388 3859 liae
1423 3807 1588 3875 igitur
1647 3808 1859 3862 ratione
1891 3808 2368 3876 (quemadmodum

789 3896 920 3962 dixi)
964 3894 1207 3947 futurum
1241 3903 1410 3957 esset,
1455 3895 1531 3946 uti
1570 3896 1737 3965 aliqui
1800 3912 1904 3948 neu
1934 3897 2280 3967 indiligenter
2303 3899 2369 3953 ad

791 4004 1195 4057 liberandorum
1259 4004 1599 4073 captivorum
1662 4019 1848 4057 curant
1912 4020 2033 4060 sese
2074 4008 2367 4072 erigerent.

788 4090 945 4145 Nunc
972 4108 1098 4145 vero
1127 4108 1250 4146 cum
1282 4093 1335 4144 bi
1395 4093 1583 4147 testari
1624 4094 2042 4162 prohibeantur,
2078 4097 2157 4149 illi
2189 4108 2369 4150 autem

792 4184 864 4237 ab
899 4185 1164 4237 intestato
1241 4184 1496 4237 haztcdes
1535 4185 1588 4237 in
1647 4186 1786 4238 bona
1835 4184 2171 4251 roneedant,
2228 4187 2369 4242 haud

793 4278 929 4340 snio,
965 4276 1032 4338 si,
1071 4275 1166 4344 qui
1203 4274 1641 4342 proliherationc
1670 4276 1883 4330 labores
1908 4278 2189 4344 suscipiat,
2221 4279 2372 4346 quis-

793 4381 958 4434 quam
1024 4365 1261 4419 inveniri
1295 4366 1491 4433 possit.
1533 4364 1925 4421 Successionis
1955 4368 2099 4421 enim
2136 4370 2203 4422 ab
2233 4372 2374 4423 inte-

2458 1922 2654 1991 ψαντες
2710 1924 2774 1991 τῇ
2824 1920 3028 1988 ταύτης
3072 1920 3247 1972 ἐλπίδι
3295 1920 3392 1989 τὴν
3424 1919 3550 1987 περί
3589 1918 3682 1971 τοῦ
3737 1918 4038 1985 συγγενοῦς

2458 2013 2805 2083 αἰχμαλώτου
2832 2015 2930 2083 τῆς
2962 2011 3275 2079 ἐλευθερίας
3301 2012 3643 2079 παρήσουσιν
3665 2009 3988 2075 ἐπιμέλειαν
4022 2025 4037 2069 ;

2463 2104 2650 2169 Ἰσμεν
2681 2102 2788 2172 γὰρ
2829 2101 2889 2153 τὸ
2942 2100 3305 2168 ἀνθρώπινον,
3368 2099 3444 2161 ὡς
3498 2096 3856 2166 εὐαρίθμητοι
3914 2096 4040 2147 λίαν

2456 2191 2680 2261 φίλτρον
2744 2191 2996 2261 ἀληθινὸν
3065 2190 3411 2252 διασώζουσι,
3461 2190 3553 2240 καὶ
3614 2187 3802 2239 τούτου
3876 2186 4041 2254 μόνον

2457 2284 2618 2335 ἕνεκα
2670 2284 2803 2353 προς
2857 2282 3110 2351 βοήθειαν
3154 2281 3264 2334 τῶν
3320 2282 3589 2342 ἀλγεινοῖς
3634 2276 4041 2349 περιστοιχιξο-

2460 2375 2634 2443 μένων
2675 2375 2709 2442 ἡ
2767 2373 2963 2441 γνώμη
3020 2373 3205 2432 αὐτοῖς
3256 2373 3622 2438 ἐπεγείρεται,
3682 2371 3731 2420 οἱ
3791 2369 4039 2419 πλεῖστοι

2456 2465 2514 2517 δὲ
2546 2464 2837 2534 προσδοκίᾳ
2869 2463 2962 2515 τοῦ
2997 2465 3182 2530 τυχεῖν
3213 2478 3359 2521 τινος
3407 2462 3631 2529 χάριτος
3655 2459 3746 2513 ἐπὶ
3779 2458 4039 2528 βοήθειαν

2457 2556 2694 2624 χωροῦσι
2739 2554 2847 2606 τῶν
2894 2552 3207 2622 χρῃζόντων
3259 2551 3356 2619 τῆς
3405 2550 3675 2618 βοηθείας.
3721 2550 3891 2602 Πόθεν
3946 2545 4044 2600 οὖν

2459 2647 2598 2714 ὑπὲρ
2642 2645 2751 2697 τῶν
2792 2644 3155 2713 αἰχμαλώτων
3186 2643 3218 2712 ἢ
3250 2642 3356 2695 τῶν
3389 2640 3666 2710 συγγενῶν
3712 2658 3797 2702 τις
3844 2640 3879 2709 ἢ
3925 2640 4044 2691 ἓτε-

2461 2752 2551 2806 ρος
2596 2738 2617 2768 ⁸
2675 2735 2933 2789 ἀναλάϐοι
3006 2734 3427 2803 φροντίδι;Ἐί
3486 2734 3585 2801 μὲν
3634 2732 3743 2801 γὰρ
3811 2725 3879 2803 ἦν
3950 2730 4044 2782 ἐπ’

2458 2823 2641 2885 ἁδείας
2672 2824 2855 2885 αὐτοῖς
2889 2824 3018 2892 περὶ
3049 2824 3158 2873 τῶν
3184 2822 3399 2874 οἰκείων
3431 2820 3844 2883 ϐουλεύσασθαι,
3874 2818 4044 2888 ἐμελ-

2458 2914 2550 2966 λόν
2594 2930 2739 2976 τινες
2791 2913 3237 2981 ἀναλογιζόμενοι
3293 2912 3368 2973 ὡς
3433 2913 3532 2963 οὐκ
3579 2912 3814 2981 ἀκερδὴς
3853 2912 4042 2972 αὐτοῖς

2458 3007 2611 3059 ἔσται
2666 3009 2695 3058 ὸ
2744 3006 2926 3067 πόνος,
2996 3004 3070 3073 μὴ
3126 3002 3385 3072 ῥᾳθύμως
3433 3003 3596 3054 αὐτὸν
3640 3002 3997 3071 ἀναδέχεσθαι
4027 3019 4039 3029 ·

2460 3097 2703 3149 ἐνενόουν
2733 3096 2861 3167 γὰρ,
2893 3096 2969 3157 ὡς
3010 3095 3176 3158 εἰκὸς,
3224 3093 3361 3163 ώςῆ
3422 3094 3519 3160 τῆς
3572 3093 3809 3158 σπουδῆς
3862 3094 4045 3144 αὐτῶν

2465 3190 2543 3248 είς
2593 3185 2767 3255 πέρας
2813 3184 3187 3251 διεξελθούσης
3237 3182 3466 3235 καὶτῶν
3496 3181 3859 3250 αἰχμαλώτων
3894 3180 4051 3232 ἐλευο

2466 3276 2652 3346 θερίας
2707 3276 2980 3343 τυχόντων
3031 3276 3047 3305 ⁷
3108 3274 3290 3338 ἕξουσί
3338 3291 3459 3325 τινα
3493 3274 3653 3341 χάριν
3694 3272 3831 3339 ὑπὲρ
3859 3264 3935 3323 ὧν
3964 3274 4048 3322 δι-

2468 3364 2829 3427 εσπούδασαν,
2864 3366 2896 3434 ἢ
2947 3364 3050 3416 κᾶν
3093 3364 3191 3431 τὴν
3226 3361 3448 3414 ἐκείνων
3493 3360 3727 3429 σπουδὴν
3758 3364 3787 3411 ὁ
3812 3360 4050 3421 θάνατος

2469 3457 2788 3527 προφθάσας
2844 3458 2903 3508 ἐν
2952 3458 3171 3524 δεσμοῖς
3220 3456 3348 3508 ὄντα
3394 3455 3548 3507 λάϐοι
3608 3455 3701 3506 τὸν
3733 3454 4049 3521 ἄνθρωπον,

2468 3551 2526 3602 ἐν
2558 3551 2625 3619 τῇ
2657 3548 2789 3618 περὶ
2820 3545 2927 3601 τῶν
2971 3548 3190 3600 οἰκείων
3220 3544 3456 3609 διατάξει
3488 3545 3640 3597 ἔσται
3682 3546 3828 3605 τινος
3864 3544 4053 3594 πλείο·

2469 3658 2558 3704 νος
2612 3641 2781 3707 ἀξιῶν
2836 3640 3052 3711 μερίδος
3099 3638 3191 3691 τὸν
3243 3638 3382 3707 ὑπὲρ
3434 3636 3598 3688 αὑτοῦ
3646 3635 4054 3705 πεφροντικότι

2469 3732 2579 3786 τῶν
2631 3732 2810 3795 ἄλλως
2852 3732 2876 3764 ⁸
2923 3730 3280 3799 ἠμεληκότων
3308 3746 3319 3759 ·
3362 3730 3425 3782 ού
3481 3728 3589 3797 γὰρ
3634 3728 4056 3796 ἀμνημονήσειν

2473 3824 2635 3877 αὑτὸν
2687 3826 2779 3877 καὶ
2836 3825 2989 3893 παρὰ
3037 3822 3239 3889 φαῦλον
3290 3822 3421 3882 τοὺς
3478 3820 3670 3881 πόνους
3723 3817 4057 3886 ποιήσεσθαι

2475 3915 2877 3984 ὑπελάμϐανον.
2931 3914 3153 3975 Τούτοις
3207 3909 3321 3976 οὖν,
3364 3911 3549 3978 ὥσπερ
3599 3911 3769 3977 ἔφην,
3815 3911 3930 3968 τοῖς
3968 3907 4058 3960 λο-

2474 4008 2693 4076 γισμοῖς
2751 4004 2976 4074 ἔμελλόν
3015 4021 3157 4064 τινες
3205 4004 3267 4055 οὺ
3326 4001 3585 4071 ῥᾳθύμως
3640 4002 3719 4061 εἰς
3769 4002 3869 4066 τὴν
3915 3999 4063 4067 ὑπὲρ

2477 4095 2791 4165 ἐλευθερίας
2817 4095 2926 4146 τών
2974 4092 3335 4161 αἰχμαλώτων
3364 4091 3601 4158 σπουδὴν
3630 4089 4013 4142 διανίστασθσι
4047 4107 4060 4120 ·

2476 4186 2571 4240 νῦν
2630 4186 2708 4250 δὲ,
2766 4186 2875 4236 τῶν
2933 4185 3030 4252 μὲν
3080 4183 3441 4252 κωλυομένων
3488 4180 3895 4240 διατάττεσθαι,
3950 4181 4064 4232 τῶν

2476 4278 2533 4331 δὲ
2576 4277 2635 4341 ἐξ
2672 4276 2952 4329 ἀδιαθέτου
3004 4276 3358 4344 κληρονόμων
3400 4275 3480 4335 εἰς
3527 4274 3626 4341 τὴν
3689 4270 3926 4340 ὓπαρξιν
3963 4273 4067 4340 ἐμ-

2479 4368 2795 4427 ϐαινόντων,
2851 4369 2953 4419 οὐκ
3009 4363 3125 4417 οἶδα
3184 4366 3236 4417 εἴ
3282 4382 3364 4426 τις
3428 4364 3676 4432 εὑρεθείη
3736 4365 3865 4425 τοὺς
3918 4364 4065 4431 ὑπὲρ

794 4466 937 4509 stato
971 4470 1097 4523 spes
1134 4465 1420 4522 metusque
1483 4471 1549 4508 ne
1613 4457 1664 4508 in
1722 4472 1917 4509 vanum
1976 4459 2294 4521 laboretur,
2328 4462 2373 4513 si
2411 4461 2458 4520 D

2411 4456 2582 4524 υτῆς
2624 4455 2976 4524 ἀναρρύσεως
3020 4456 3211 4515 πόνους
3254 4453 3665 4521 ἀναδεξόμενος,
3720 4453 3794 4503 Ἰι
3843 4468 3903 4502 τε
3951 4454 4066 4521 vi?

805 4548 944 4599 l'urte
988 4546 1364 4598 liberationem
1424 4562 1572 4599 ututs
1622 4559 1929 4615 pervertat,
1988 4552 2373 4621 captivumque

794 4637 959 4689 rebus
996 4635 1250 4702 Immanis
1297 4636 1522 4697 eximat,
1577 4634 1823 4690 homines
1876 4637 2145 4693 tardiores
2197 4639 2279 4708 (ut
2309 4655 2375 4694 ue

797 4744 1025 4799 prorsus
1082 4729 1267 4780 animo
1306 4728 1517 4781 alienos
1566 4727 1769 4796 diram)
1822 4728 1889 4782 ad
1946 4731 2370 4799 aggrediendum

2483 4547 2637 4609 ἐλπὶς
2672 4546 2769 4614 τῆς
2811 4546 2871 4609 ἐξ
2918 4544 3200 4599 ἀδισθέτου
3248 4544 3636 4613 κληρονομίας,
3684 4544 3780 4596 καὶ
3829 4545 3865 4612 ἡ
3911 4544 4069 4595 ἐνθύ-

2484 4622 2649 4708 μησιξ
2690 4637 2785 4689 τοῦ
2833 4639 2906 4705 μή
2965 4652 3094 4688 ποτε
3145 4635 3231 4688 διὰ
3265 4635 3430 4702 κενῆς
3468 4634 3655 4703 κάμοι,
3687 4634 3782 4694 τὰς
3811 4634 4012 4687 ἑαυτοῦ
4045 4636 4067 4665 ⁹

2482 4727 2719 4789 σπουδὰς
2777 4727 2872 4778 τοῦ
2904 4728 3137 4780 θανάτου
3201 4724 3566 4796 προλαϐόντος
3619 4726 3712 4777 καὶ
3747 4724 3841 4777 τὸν
3900 4727 4071 4793 αἰχμ-

795 4820 946 4874 lacit.
1009 4817 1165 4882 Quod
1218 4833 1352 4871 sane
1412 4832 1520 4870 non
1569 4816 1757 4870 itidem
1818 4820 2253 4888 contingeret,si
2288 4822 2369 4876 lex

794 4909 1011 4960 illorum
1041 4915 1367 4961 testamenta
1389 4910 1544 4962 irrita
1579 4923 1686 4962 non
1742 4908 1970 4962 faceret.
1998 4908 2115 4963 Jam
2165 4926 2294 4963 vero
2324 4915 2368 4965 si

794 4998 1088 5051 liberandae
1149 5000 1343 5051 anim-e
1377 5000 1612 5068 pretium
1671 5000 1906 5070 propria:
1968 5000 2238 5069 cujusque
2297 5004 2375 5055 fa-

794 5092 1030 5145 cultates
1063 5098 1212 5152 sunt,
1240 5092 1517 5158 quomodo
1547 5094 1733 5147 nonin
1773 5093 1877 5147 hoc
1952 5096 2116 5147 etiam
2173 5097 2372 5164 captivi

796 5184 1053 5251 injuriam
1088 5183 1249 5252 longe
1286 5183 1576 5237 maximam
1608 5185 1902 5247 sustinent,
1938 5184 2085 5252 quod
2106 5184 2235 5238 dum
2263 5203 2370 5239 non

798 5273 1050 5326 sinuntut
1100 5287 1131 5325 a
1167 5274 1284 5341 lege
1322 5272 1388 5325 de
1461 5271 1623 5324 rebus
1672 5271 1788 5325 suis
1843 5279 2108 5335 Statuere,
2157 5274 2374 5327 etiamsi

2479 4818 2685 4872 ἀλωτον
2745 4818 2812 4882 ,ἐξ
2863 4818 3165 4890 ἀνθρώπων
3222 4817 3580 4885 ἀφανίσαντος
3615 4856 3630 4881 ,
3702 4816 4073 4885 ὀκνηρότερον

2484 4912 2598 4980 (ἵνα
2650 4910 2724 4980 μὴ
2780 4912 2923 4979 λέγω
2984 4910 3262 4973 παντελῶς
3320 4910 3661 4980 ἀπρόθυμον)
3719 4911 3864 4960 ποιεῖ
3933 4908 4075 4978 πρὸς

2479 5003 2577 5074 τὴν
2624 5003 2998 5071 ἐπιχείρησιν,
3054 5001 3192 5071 ὅπερ
3240 5000 3423 5053 οὐκέτι
3468 4999 3668 5069 ὁμοίως
3724 4998 4072 5059 συνέϐαινεν,

2482 5095 2531 5145 εἰ
2593 5094 2668 5164 μὴ
2716 5095 2921 5162 ἄκυρον
2978 5095 3161 5155 αὐτοῖς
3212 5093 3247 5161 ἡ
3289 5092 3580 5160 νομοθεσία
3634 5090 3929 5161 εἰργάζετο
3974 5092 4076 5159 τὴν

2479 5183 2743 5247 διάταξιν.
2781 5184 2844 5236 Εἰ
2870 5184 2927 5235 δὲ
2967 5183 3074 5251 γὰρ
3127 5182 3322 5251 λύτρον
3366 5182 3549 5251 ψυχῆς
3603 5184 3635 5249 ἡ
3695 5180 3802 5231 ἰδία
3850 5181 4073 5247 κτῆσις,

2483 5275 2597 5338 πῶς
2642 5276 2761 5346 οὐχὶ
2812 5275 3078 5329 καὶκατὰ
3114 5272 3272 5327 τοῦτο
3302 5273 3517 5330 ἀδικίαν
3569 5272 3882 5341 ἀκροτάτην
3940 5272 4077 5323 ὐπο-

2090 5403 2321 5458 νΑιιιίΕ
2358 5406 2762 5462 LECTIONICS.

854 5497 875 5527 ⁸
908 5494 1094 5569 Steph.
1127 5494 1241 5569 vult
1276 5494 1553 5569 étqipoc._
1616 5491 1867 5569 f_Zttielt.
1905 5503 1958 5545 et
1979 5490 2197 5569 §lecrm.
2222 5495 2314 5548 τοῦ
2337 5498 2531 5566 αἰχμαλ

1420 5510 1505 5554 ioc.
1525 5562 1553 5569 _
1616 5491 1867 5569 :’_Ztticb.
1905 5503 1958 5545 et
1979 5490 2197 5569 §lecrm.
2222 5495 2314 5548 τοῦ
2337 5497 2683 5566 αἰχμαλώτου
2720 5497 2797 5550 ἐλ.
2828 5497 3097 5567 τυχόντος.

803 5567 1111 5633 Stephanus
1141 5574 1195 5619 et
1216 5565 1483 5633 Agylaens.
1516 5562 1687 5617 Codd.
1710 5565 1787 5625 εἰς
1811 5562 2023 5613 ἑαυτοῦ.

3199 5495 3221 5527 ⁸
3258 5493 3448 5550 Melius
3477 5489 3671 5546 ἄλλων.
3754 5490 3777 5520 ⁸
3805 5487 3900 5544 Sic
3928 5504 4079 5546 corr.

2308 5651 2536 5710 ΝΟΤᾹῘ.

875 5751 984 5814 (87)
1016 5750 1208 5804 Amic-ti
1229 5747 1548 5804 sublevandi
1596 5757 1744 5810 sunt,
1774 5758 1879 5799 non
1930 5744 2192 5797 onerandi
2240 5744 2375 5799 Nov.
2417 5746 2505 5810 ‘26,
2541 5747 2676 5799 inl'ra
2711 5745 2831 5798 cod.
