4248 6442
274 393 385 462 517

1367 419 1724 482 ΝΟνΕιιΑε
1766 422 2433 495 CONSTITUTIONES.

3416 451 3521 515 518

280 510 541 578 μένουσιν
591 517 640 568 οἱ
705 521 1062 590 αἰχμάλωτοι,
1124 527 1223 580 οὐκ
1281 530 1509 599 ἐώμενοι
1558 535 1707 604 παρά
1757 535 1851 587 τοῦ
1880 572 1891 593 λ

1890 539 1929 593 Α
1958 537 2123 592 velint
2157 557 2254 610 pro
2281 548 2569 602 animabus
2601 550 2718 605 suis
2740 554 2874 607 nihil
2935 570 3115 611 rerum
3142 572 3365 612 suarum
3398 576 3522 616 ero-

274 602 447 669 νόμου
480 606 609 671 περὶ
656 608 765 661 τῶν
813 614 1125 682 προσόντων
1168 618 1390 689 ὁρίζειν,
1444 622 1509 675 ἂν
1542 602 1697 677 τοῦτο
1729 627 1853 683 Βού-

272 687 498 753 λωνται,
526 693 666 763 ὑπὲρ
697 695 872 769 ψυχῆς
899 701 1079 755 αὐτῶν
1114 722 1236 758 τινα
1276 708 1689 781 διανενεμῆσθαι
1740 715 1848 766 τῶν

270 782 654 849 πραγμάτων;
701 786 911 857 Ἐτιγε
947 791 1055 862 μὴν
1104 797 1198 849 καὶ
1241 799 1309 851 τὰ
1361 801 1491 870 περὶ
1537 802 1847 874 ἐλευθερίας

268 867 495 931 ἀτόπως
527 873 591 923 ἐκ
620 874 808 929 τούτου
843 879 1183 953 διακείμενα,
1227 887 1323 941 καὶ
1364 890 1425 942 τὸ
1478 892 1676 960 μᾶλλον
1725 896 1848 953 ἀτο-

270 953 554 1019 πώτατον,
620 962 701 1013 ὅτι
774 966 848 1034 μὴ
908 967 1191 1041 διδομένης
1262 975 1444 1038 ἀδείας
1479 953 1617 1042 ’τοῖς
1685 982 1848 1051 αἰχμ-

268 1042 505 1109 αλώτοις
547 1050 825 1107 διαθέσθαι
856 1059 1226 1118 ἀνακύπτουσι
1246 1067 1503 1132 πολλάκις
1536 1073 1634 1139 τῆς
1666 1075 1842 1144 ὑπάρ-

270 1134 411 1198 ξεως
472 1142 752 1214 κτήτορες,
793 1147 888 1211 οὓς
945 1153 978 1220 ἡ
1036 1154 1143 1208 τῶν
1198 1159 1461 1229 ἐχθίστων
1510 1134 1623 1233 εἶχε
1685 1134 1847 1237 μοῖρα

269 1226 366 1277 καὶ
418 1230 526 1283 οὐδ’
572 1235 763 1306 ἐνορᾷν
797 1240 997 1305 αὐτοὺς
1024 1244 1082 1297 ἐν
1119 1244 1286 1309 ζῶσιν
1337 1250 1489 1314 ὄντες
1549 1254 1844 1325 ἠνείχοντο,

262 1310 329 1392 οὗ
380 1320 432 1370 τί
476 1321 541 1372 ἂν
579 1324 663 1393 εἴη
720 1329 1093 1399 φαυλότερονς
1143 1337 1315 1390 Τοῦτο
1360 1336 1452 1393 οὖν
1502 1344 1673 1406 οὕτως
1724 1345 1845 1414 ἕχον

267 1408 368 1459 οὐκ
398 1410 541 1475 ἔδοξε
576 1418 640 1484 τῇ
688 1416 931 1490 βασιλεία
979 1424 1135 1492 ἡμῶν
1169 1426 1375 1482 δίκαιον
1422 1435 1689 1502 παριδεῖν,
1730 1437 1842 1489 ἀλλ’

267 1498 460 1569 ὥσπερ
524 1506 582 1555 ἐν
643 1511 757 1570 τοῖς
817 1511 996 1577 ἄλλοις
1053 1519 1195 1572 κατά
1258 1498 1637 1592 δύναμιν-τὴν
1693 1530 1844 1599 παρὰ

265 1584 363 1637 τοῦ
398 1589 709 1656 κρείττονος
744 1595 1029 1669 διδομένην
1074 1602 1216 1657 ὥστε
1270 1610 1371 1677 τὴν
1418 1612 1693 1682 ἡμετέραν
1744 1633 1843 1669 πο-

264 1675 479 1732 λιτείαν
548 1682 616 1735 εὗ
676 1686 1129 1761 ὀιοικονομεῖσθαι
1188 1702 1646 1772 πεφροντίκαμεν,
1700 1707 1841 1762 οὕτω

262 1769 403 1836 πρὶς
431 1770 494 1822 τὸ
532 1774 754 1840 ἄμεινον
813 1783 906 1833 καὶ
948 1783 1019 1837 τὰ
1058 1789 1188 1856 περὶ
1218 1788 1327 1842 τῶν
1352 1794 1713 1862 αἰχμαλώτων
1737 1801 1837 1852 ἐπ-

256 1860 525 1927 ανορθοῦν
557 1866 950 1942 διεγνώκαμεν.

333 1950 678 2024 Θεσπίζομεν
704 1960 743 1991 ³⁸
777 1963 980 2031 τοίνυν,
1016 1967 1124 2020 ἀπὸ
1150 1970 1245 2023 τοῦ
1276 1975 1541 2044 παρόντος
1575 1981 1836 2051 μηδαμῶς

254 2043 390 2133 τοὺς
431 2046 490 2094 ἐν
540 2050 893 2125 αἰχμαλωσίᾳ
945 2057 1024 2128 τῷ
1064 2060 1385 2131 ἁπείργοντι
1439 2043 1836 2133 αὐτούς-διατέ-

256 2127 450 2181 θεσοαι
501 2133 652 2203 νόμῳ
704 2137 894 2213 ὥσπερ
932 2146 1024 2197 καὶ
1069 2148 1129 2199 τὸ
1182 2127 1448 2225 πρότερον
1497 2127 1834 2225 ὑποκεῖσθαι,

255 2217 377 2270 ἀλλ’
450 2221 650 2285 ἐξεῖναι
707 2228 954 2299 τούτοις,
1014 2239 1062 2290 εί
1127 2217 1236 2307 μὲν*
1280 2217 1394 2296 οίόνν
1455 2265 1514 2300 τε
1566 2217 1837 2321 παρουσία

254 2311 420 2364 πέντε
495 2319 812 2389 μαρτύρων,
872 2328 919 2377 εξ
990 2328 1046 2381 δὲ
1116 2333 1190 2403 μὴ
1247 2336 1434 2404 τριῶν,
1495 2341 1601 2393 εἴτε
1646 2311 1833 2414 γραφῇ

254 2404 597 2473 παραδοῦναι
664 2412 764 2482 τὴν
825 2414 1082 2485 βούλησιν
1142 2425 1253 2477 εἴτε
1313 2429 1547 2501 ἀγράφῳ
1595 2434 1836 2500 διατάξει

253 2496 595 2561 ἐκτίθεσθαι.
648 2504 892 2573 δηλονότι
953 2512 1102 2582 ὅρκῳ
1152 2516 1515 2585 βεϐαιούντων
1582 2526 1695 2579 τῶν
1757 2532 1837 2592 εἰς

252 2586 356 2654 τὴν
414 2595 725 2663 μαρτυρίαν
779 2602 1252 2672 παραληφθέντων
1305 2612 1366 2663 τὸ
1420 2586 1836 2688 ἀπαραποίητον

252 2679 319 2747 τῇ
356 2677 450 2731 τοῦ
488 2683 909 2753 τελευτήσαντος
938 2696 1290 2762 διατυπώσει,
1322 2699 1387 2755 ἄν
1426 2719 1486 2755 τε
1516 2706 1717 2759 παίδων
1749 2710 1835 2761 ὃν·

254 2781 365 2818 των
392 2771 633 2835 ἐκείνους
661 2778 1038 2835 καταλείποιτο
1055 2785 1097 2815 ¹⁰
1131 2786 1233 2853 τῆς
1254 2801 1569 2857 περιουσίας
1594 2798 1832 2866 κυρίους,

254 2855 323 2908 ἄν
353 2873 411 2909 τε
439 2861 512 2927 μὴ
542 2864 736 2927 παῖδας
760 2866 896 2934 ἔχων
922 2871 1139 2940 ἐτέρους
1170 2878 1252 2937 είς
1279 2855 1368 2931 τδν
1394 2881 1593 2951 κλῆρον
1620 2855 1834 2960 eiusdemi;

252 2948 330 3002 Οὐ
366 2950 472 3022 γὰρ
508 2954 715 3008 δίκαιον
739 2959 1037 3029 ἡγούμεθα,
1062 2965 1188 3028 τοὺς
1220 2948 1835 3045 ἐπίσηςημετέχοντάς

251 3038 347 3090 τοῦ
383 3042 566 3095 κοινοῦ
610 3045 710 3115 τῆς
762 3049 1034 3115 πολιτείας
1080 3054 1343 3125 ὀνόματος
1370 3038 1475 3131 ⁷μὴ
1508 3038 1617 3135 ’ἴσῃ
1642 3038 1837 3139 ’.μοίρᾷ

248 3130 362 3183 τῶν
418 3135 513 3187 τοῦ
570 3136 736 3206 νόμου
809 3141 1035 3196 δικαίων
1091 3150 1386 3218 τιμᾶσθαι,
1447 3155 1571 3208 καθ’
1626 3158 1720 3222 οὓς
1774 3162 1835 3213 τὸ

248 3224 525 3291 ὁμόφυλον
577 3230 944 3298 πολιτεύεται,
1002 3238 1136 3292 ἀλλὰ
1190 3244 1317 3306 τοὺς
1360 3246 1461 3313 μὲν
1502 3250 1832 3321 ἀπειράτους

248 3317 635 3385 αίχμαλωσίας
680 3323 827 3393 ἔχειν
873 3329 1122 3393 ἐξουσίαν
1158 3335 1234 3398 ὡς
1289 3338 1475 3401 αὐτοῖς
1507 3317 1655 3395 δοκεῖ
1705 3347 1831 3416 περὶ

249 3409 361 3459 τῶν
396 3410 544 3463 ἰδίων
575 3411 949 3481 βουλεύεσθαι,
982 3423 1109 3485 τοὺς
1142 3424 1197 3477 δὲ
1233 3427 1330 3496 μὴ,
1354 3427 1543 3501 ὥσπερ
1581 3409 1830 3504 ἔγκλημα

250 3496 475 3565 ἔχοντας
503 3500 587 3551 ὅτι
602 3504 1072 3576 προπολεμοῦντες
1088 3511 1195 3564 τῶν
1225 3516 1510 3584 ὁμοφύλων
1532 3521 1611 3581 είς
1637 3524 1830 3590 πεῖραν

245 3587 505 3653 ἁλώσεως
530 3588 709 3660 ἦλθον.
757 3597 816 3648 Εἰ
862 3600 1111 3669 μέντοιγέ
1164 3622 1246 3668 τις
1294 3607 1401 3659 τῶν
1421 3587 1825 3685 δορυαλώτωνῆ

246 3678 531 3750 ἐθελοντὴς
567 3682 599 3751 ἢ
636 3684 725 3753 ὑφ’
755 3683 831 3741 ὧν
855 3693 1135 3762 κατέχεται
1166 3696 1209 3729 ¹¹
1262 3697 1382 3766 βίαν
1417 3702 1703 3771 ὑπομένων
1736 3707 1828 3759 ἐπὶ

244 3769 460 3839 ταύτην
497 3774 643 3827 ἔλθοι
670 3778 769 3842 τὴν
795 3782 1042 3853 γνώμην,
1074 3786 1213 3840 ὥστε
1241 3792 1306 3843 τά
1336 3792 1501 3846 αὑτοῦ
1528 3769 1826 3865 πράγματα

243 3860 327 3921 εἰς
360 3861 485 3923 τοὺς
518 3864 809 3935 πολεμίους
862 3875 1060 3940 χωρεῖν
1108 3874 1468 3942 διατυπῶσαι,
1502 3884 1622 3936 τότε
1670 3887 1823 3941 οὖδας

248 3950 369 4018 μῶς
398 3953 469 4005 τά
502 3953 792 4024 δεδογμένα
834 3961 1028 4028 βέϐαια
1065 3964 1218 4019 ἔσται
1244 3968 1307 4027 ⁸³,
1337 3971 1452 4021 ἀλλ’
1482 3972 1558 4035 ὡς
1583 3975 1658 4044 μὴ
1682 3980 1822 4031 κατὰ

240 4041 306 4091 τὸ
335 4042 545 4109 πρέπον
569 4045 648 4114 τῷ
679 4048 1019 4117 Χριστιανῶν
1039 4053 1081 4084 ¹⁸
1104 4056 1456 4127 πολιτεύματι
1480 4068 1821 4138 γεγενημένη

242 4132 562 4187 ἐκπεσεῖται
585 4138 616 4203 ἡ
645 4140 961 4204 διάταξιςυί,

321 4224 507 4278 Ταῦτα
559 4228 659 4296 μὲν
701 4231 972 4300 διωρίσθω
1023 4239 1154 4308 περὶ
1199 4241 1309 4293 τῶν
1347 4244 1579 4318 διαθήκῃ
1628 4250 1688 4301 τὸ
1721 4252 1820 4319 τῆς

240 4312 393 4381 ζωῆς
421 4316 573 4379 τέλος
600 4323 960 4390 προφθάσαιη
1003 4327 1413 4400 διανοηθέντων.
1636 4342 1667 4409 ή

238 4402 381 4467 λειος
428 4407 699 4467 ἐπιστᾶσα
748 4415 843 4468 τοῦ
877 4417 994 4485 βίου
1022 4422 1203 4490 ἡμέρα
1233 4424 1290 4490 ἐξ
1322 4426 1627 4496 ἀνθρώπων
1656 4402 1816 4486 aete-

238 4496 397 4549 θετον
420 4501 677 4568 ἀφανίσοι
709 4506 800 4557 τὸν
845 4508 1152 4579 ἄνθρωπον,
1188 4516 1469 4585 παρόντων
1527 4523 1626 4588 μέν
1653 4540 1815 4578 τινων
1848 4545 1891 4598 D

237 4583 320 4651 οἷς
345 4592 374 4641 ὁ
414 4593 617 4662 κλῆρος
640 4596 887 4668 διαφέρει
936 4603 1194 4658 ἀνιόντων
1322 4583 1640 4677 κατιόντων,
1684 4620 1822 4683 πρὸς

236 4680 434 4745 αὐτοὺς
480 4685 512 4753 ὴ
571 4692 856 4757 περιουσία
877 4694 1221 4763 πορεύσεται,
1248 4700 1323 4769 μὴ
1349 4701 1538 4767 ὄντων,
1569 4705 1623 4758 δέ
1659 4725 1821 4763 τινων

1870 1890 1917 1941 Α

1953 646 2082 698 gare
2101 639 2360 701 possent?
2381 642 2461 692 Ad
2496 642 2610 696 haac
2652 659 2815 712 porro
2848 661 2971 699 cum
3004 648 3345 706 Iiberationis
3381 654 3522 706 ratio

1954 723 2079 778 hinc
2102 725 2495 792 absurditatem
2527 737 2839 800 contrahat,
2876 746 2990 791 tum
3028 756 3155 797 vero
3218 744 3393 798 multo
3424 745 3522 798 ab.

1953 817 2334 874 surdissimum
2387 832 2496 888 est,
2530 828 2673 894 quod
2703 832 2830 881 dum
2855 831 3088 884 testandi
3149 834 3379 889 facultas
3427 834 3522 889 ca-

1954 905 2114 972 ptivis
2146 923 2254 962 non
2286 911 2472 976 datur,
2505 912 2819 983 frequenter
2847 919 2924 972 illi
2996 922 3090 989 qui
3151 922 3520 981 inimicissimi

1954 993 2064 1063 (88)
2100 996 2353 1062 fuissent.
2384 1019 2635 1074 quosque
2657 1008 2781 1075 ipsi,
2812 1010 2857 1063 si
2879 1011 3154 1075 viverent,
3186 1029 3252 1067 ne
3272 1019 3521 1084 aspicere

1949 1086 2169 1154 quidem
2192 1095 2547 1161 sustinerent,
2588 1099 2805 1152 illorum
2849 1100 3161 1158 facultatem
3188 1107 3395 1161 domini
3420 1126 3517 1163 ex-

1948 1180 2171 1234 sistant.
2211 1182 2348 1249 Qua,
2377 1201 2581 1257 quteso,
2640 1202 2690 1246 te
2720 1193 2849 1261 quid
2885 1197 3057 1262 possit
3108 1213 3230 1254 esse
3268 1199 3521 1267 turpius?

1950 1270 2062 1327 lloc
2088 1274 2253 1344 igitur
2282 1293 2402 1331 cum
2446 1281 2590 1335 hunc
2629 1284 2693 1336 ad
2726 1284 2948 1337 modum
2982 1302 3104 1341 sese
3143 1291 3361 1355 habeat,
3408 1306 3520 1346 non

1949 1364 2147 1433 negligi
2172 1366 2370 1455 depere
2426 1370 2692 1437 majestati
2759 1383 2961 1427 nostra:
3009 1376 3185 1430 visum
3247 1390 3328 1432 est
3369 1398 3380 1432 :
3421 1382 3517 1435 sed

1946 1453 2405 1515 quemadmOdum
2447 1458 2501 1509 in
2528 1460 2648 1513 aliis
2682 1476 2777 1529 pro
2824 1464 3031 1519 viribus
3066 1465 3330 1523 divinitus
3356 1471 3517 1526 nobis

1946 1538 2113 1601 datis,
2150 1551 2206 1593 ut
2242 1554 2389 1597 recte
2427 1549 2733 1615 respublica
2769 1560 2954 1606 nostra
2989 1555 3325 1624 gubernetur
3361 1560 3517 1613 solli-

1944 1627 2051 1681 cite
2080 1630 2324 1699 egimus;
2351 1635 2431 1688 sic
2459 1644 2512 1689 et
2543 1637 2610 1691 de
2670 1641 2899 1707 captivis
2954 1649 3249 1720 tractatum
3309 1648 3363 1701 iu
3402 1664 3518 1703 me-

1944 1716 2049 1772 lius
2081 1721 2355 1790 corrigere
2379 1725 2740 1782 decrevimus.

2011 1981 2587 2051 Sancimus'autemnt
2622 1994 2808 2049 dehinc
2850 2001 3063 2066 captivi,
3116 2019 3238 2072 qua:
3286 2005 3435 2074 ipsos
3481 2020 3514 2062 α

1940 2077 2193 2130 testando
2228 2092 2399 2145 arcet,
2445 2084 2547 2153 legi
2596 2089 2914 2157 neutiquam
2969 2093 3193 2147 obnoxii
3236 2097 3381 2151 sint:
3412 2101 3509 2153 sed

1940 2173 1999 2217 ut
2048 2167 2183 2234 ipsis
2222 2169 2289 2237 (si
2324 2174 2585 2239 possibile
2603 2176 2696 2244 sit)
2725 2181 2992 2248 quinque,
3032 2182 3116 2236 sin
3169 2184 3375 2245 minus,
3412 2189 3513 2239 tri-

1938 2257 2040 2312 bus
2065 2259 2299 2315 testibus
2330 2266 2695 2343 praesentibus
2743 2272 2884 2337 (82)),
2917 2286 3222 2327 extretnam
3262 2278 3513 2331 volunta-

1938 2353 2069 2410 tem,
2111 2349 2227 2404 sive
2255 2351 2451 2408 litteris
2483 2359 2895 2423 commendare,
2930 2361 3047 2424 sive
3076 2362 3191 2430 (90)
3222 2364 3342 2419 sine
3377 2367 3514 2419 scri-

1948 2447 2044 2526 pto
2082 2443 2443 2509 pronuntiare
2484 2447 2682 2502 liceat:
2718 2460 2897 2535 tamen
2930 2463 2988 2507 ut
3013 2455 3106 2522 qui
3141 2456 3208 2509 ad
3258 2459 3513 2513 testimo-

1937 2529 2089 2583 nium
2118 2537 2390 2605 assumpti
2428 2546 2576 2599 sunt,
2624 2529 2813 2595 revera
2853 2542 2999 2596 illam
3030 2545 3271 2599 defuncti
3316 2548 3512 2603 volun-

1916 2627 2103 2679 ,tatem
2138 2639 2260 2678 csso.
2288 2627 2651 2695 jurejurando
2676 2631 2979 2687 allirment:
3028 2636 3191 2705 idque
3238 2638 3355 2692 sive
3382 2653 3508 2693 cum

1936 2711 2090 2767 liberi
2133 2716 2373 2782 subsint,
2404 2719 2526 2773 illos
2568 2721 2837 2775 bonorum
2870 2739 3095 2779 suorum
3158 2729 3401 2783 hearedes
3426 2745 3510 2785 re-

1939 2806 2214 2875 linquant,
2245 2809 2360 2866 sive
2391 2826 2513 2865 cum
2552 2814 2754 2868 liberos
2789 2832 2897 2871 non
2955 2819 3219 2885 habeant,
3276 2821 3417 2878 alios
3450 2822 3505 2878 in

1938 2899 2308 2957 haereditatetu
2344 2905 2720 2962 introducam.
2742 2908 2982 2979 Αἰτιιιιιιιι
3030 2913 3175 2966 enim
3213 2928 3322 2968 non
3354 2926 3510 2984 puta-

1937 3005 2061 3045 mus
2092 2994 2259 3062 utqui
2286 2998 2598 3051 communis
2627 2999 2943 3067 reipublicae
2988 3002 3230 3059 nominis
3277 3006 3501 3074 aequali~

1938 3087 2020 3134 ter
2070 3084 2365 3153 participes
2425 3096 2573 3146 sunt.
2619 3091 2977 3161 ejusdemque
3019 3108 3139 3148 esse
3169 3098 3349 3165 gentis
3378 3112 3502 3151 cen-

1856 3217 1900 3277 Ο
1939 3183 2169 3229 sentur:
2204 3192 2312 3230 non
2344 3181 2597 3247 tequabili
2624 3197 2688 3236 ex
2722 3184 2839 3252 lege
2872 3186 2995 3252 jure
3033 3188 3403 3243 honorentur:
3448 3200 3508 3245 ut

1938 3267 2188 3320 videlicet
2231 3270 2324 3337 qui
2366 3271 2523 3325 liberi
2561 3287 2589 3326 a
2632 3276 2899 3331 servitute
2933 3288 3084 3342 sunt,
3133 3282 3410 3335 statuendi
3437 3282 3506 3337 de

1934 3358 2098 3411 rebus
2137 3361 2274 3421 suis,
2300 3369 2356 3413 ut
2389 3362 2564 3415 visum
2584 3374 2689 3428 est,
2710 3375 3030 3433 potestatem
3063 3370 3297 3425 habeant
3327 3388 3341 3423 :
3375 3373 3506 3441 qui-

1932 3445 2035 3499 bus
2071 3462 2199 3501 vero
2229 3450 2316 3501 illa
2351 3466 2545 3508 manus
2581 3453 2762 3508 intulit
2818 3458 2972 3524 quasi
3022 3458 3237 3528 culpam
3273 3466 3503 3515 commi-

1931 3537 2282 3609 serint,quod
2316 3558 2412 3610 pro
2444 3544 2736 3600 tribulibus
2768 3551 3236 3617 propugnandoin
3268 3554 3504 3622 captivi-

1931 3632 2061 3685 tatis
2079 3636 2456 3690 neCessitatem
2476 3639 2935 3705 devenerint,uon
2958 3643 3502 3715 item(9ll).Ca:terum

1929 3724 1975 3777 si
2004 3725 2344 3792 captivorum
2371 3728 2643 3798 quisp‘am
2695 3740 2788 3784 aut
2825 3748 2921 3786 sua
2954 3743 3151 3804 sponte
3187 3744 3279 3790 aut
3308 3753 3499 3792 eorum

1926 3830 2160 3883 quorum
2193 3818 2244 3869 in
2272 3828 2541 3886 potestate
2566 3830 2671 3885 est,
2700 3825 2747 3876 vi
2777 3824 3022 3890 adactus,
3042 3827 3143 3882 hoc
3170 3828 3220 3880 in
3256 3830 3502 3884 animum

1925 3906 2267 3972 inducat,uti
2299 3924 2384 3964 res
2410 3926 2541 3965 suas
2573 3915 2638 3965 ad
2667 3914 2855 3969 hostes
2877 3918 3181 3973 concedere
3200 3928 3502 3976 testamen-
3572 3936 3581 3943 ‘

1926 3996 2178 4063 tojubeat
2201 4015 2213 4047 :
2238 4015 2580 4069 nequaquam
2601 4011 2731 4059 tunc
2751 4005 3006 4074 placitum
3022 4008 3193 4074 ipsius
3207 4020 3385 4064 ratum
3406 4012 3496 4067 sit:

1922 4088 2193 4157 quasique
2215 4105 2321 4143 non
2356 4108 2453 4159 pro
2489 4094 2602 4163 (92)
2629 4098 2830 4151 decoro
2874 4100 3186 4166 reipublicae
3222 4102 3489 4157 Christia-

1924 4193 2007 4231 nae
2041 4190 2422 4237 testamentum
2459 4183 2661 4238 factum
2694 4187 2798 4250 siti,
2852 4190 2905 4241 in
2943 4189 3157 4244 irritum
3219 4195 3494 4247 concidat.

1992 4271 2168 4339 Atque
2199 4271 2314 4325 hzce
2367 4275 2589 4343 quidem
2639 4277 2705 4332 de
2736 4279 2802 4332 iis
2834 4281 2925 4349 qui
2966 4282 3090 4335 vita!
3140 4284 3299 4338 linem
3325 4296 3495 4341 testa-

1923 4366 2107 4408 mento
2142 4352 2555 4416 anteverterunt
2607 4367 2819 4419 saneita
2857 4379 3042 4425 sunto.
3068 4370 3127 4425 Si
3183 4389 3303 4427 vero
3364 4379 3495 4429 ulti~

1922 4457 2035 4495 mus
2096 4446 2217 4498 vita:
2270 4447 2387 4502 dies
2451 4451 2636 4504 subito
2711 4453 2787 4507 illi
2854 4460 3257 4525 supervenerit,
3328 4471 3495 4530 atque

1924 4531 2214 4590 intestatus
2254 4537 2364 4605 t95)
2398 4539 2465 4593 de
2486 4542 2667 4595 medio
2695 4545 2945 4601 sublatus
2977 4549 3051 4601 sit
3080 4567 3092 4602 :
3128 4560 3242 4604 tum
3283 4554 3329 4607 si
3370 4556 3486 4622 qui,

1924 4625 1988 4680 ad
2029 4643 2167 4695 quos
2211 4630 2503 4686 hat-reditas
2535 4635 2793 4706 pertinet,
2831 4638 2947 4691 sive
2993 4641 3374 4707 ascendentes,
3418 4645 3497 4698 si-

1922 4734 1986 4773 ve
2023 4719 2421 4777 descendentes
2448 4728 2754 4793 supersint,
2783 4729 2849 4781 ad
2882 4729 2980 4783 hos
3001 4730 3092 4783 illa
3133 4745 3191 4785 se
3226 4733 3489 4801 conferet;

1526 4869 1763 4928 VAlilAS
1796 4878 2205 4935 LECTIONES.

310 4964 355 5043 ξ’
388 4961 726 5043 Ιῃυὶρίῑβρι,
783 4969 920 5043 Nov.
950 4973 1039 5043 ‘25.
1151 4977 1197 5008 "
1239 4978 1351 5034 Ecl.
1401 4985 1710 5043 καταλίποι.

1802 4995 1842 5025 ¹¹
1882 4996 2073 5052 Zuich.
2124 5008 2176 5052 et
2234 4999 2453 5055 Meerm.
2502 4995 2731 5066 ἐπίσως’

2784 5009 2826 5037 ¹²
2876 5007 3158 5081 Ecl._atld_it
3196 5013 3487 5081 πολεμίων.

509 5031 517 5033 ⁷
1268 5031 1349 5034 ί’“’
1404 5031 1710 5043 ’””””””“’”⁶⁹
1882 5031 2073 5052 "unt".
2124 5031 2176 5052 τι
2234 5031 2365 5053 1"»ch
2383 5031 2453 5055 ΙΙΙ.
2502 5031 2706 5066 δηιοως
2785 5031 2825 5037 ““
2876 5031 2984 5061 DCI.
3016 5031 3158 5064 EIUUII
3196 5031 3487 5081 πολεμιων,

234 5033 281 5064 ³⁸
310 5031 549 5102 δετίηιει
581 5037 748 5090 ἐστίν.
788 5041 832 5071 ”
860 5040 950 5095 Sic
986 5042 1099 5099 Ecl.
1135 5046 1332 5105 C0dd.:
1371 5056 1509 5107 κατὰ
1538 5057 1628 5109 τὸν
1657 5062 1933 5129 πρέποντα
1970 5069 2281 5137 χριστιανῴ.
2315 5072 2356 5102 ’⁸
2382 5070 2616 5139 Scrimg.
2638 5074 2892 5138 διάθεσις.
2928 5078 2970 5108 ⁸⁸
2994 5077 3070 5132 Ita
3092 5079 3207 5134 Ecl.
3234 5084 3488 5153 Scritug.:

234 5103 364 5153 περὶ
390 5102 489 5153 τὴν
510 5104 776 5153 διαθήκην
828 5139 900 5148 -
946 5116 1250 5153 πηωηθνιηε.
1310 5137 1432 5153 ηιμ..
1471 5128 1784 5153 ιη.--ι,.,....ι-
1832 5150 1875 5153 ,γ
2022 5139 2055 5153 -.
2179 5138 2210 5153 ,η
2319 5140 2329 5153 .
2449 5150 2456 5153 Α
2508 5146 2521 5153 -
2615 5146 2625 5153 .

233 5103 364 5173 περὶ
390 5102 489 5174 τὴν
510 5104 776 5178 διαθήκην
828 5139 900 5148 -
946 5102 1283 5183 προφθάσει,
1456 5102 1947 5198 ἶοὲἓίξὲὶῗᾶεἶὶὲζυ
1971 5102 2471 5209 'ifiﬁinst‘é'pnfét'
2490 5102 2959 5213 ‘tigiftfuiln.

1739 5244 1970 5305 ΝΟΤιΕ.

300 5336 416 5426 (βξ)
453 5337 1173 5426 Durum_videtur‘ca_ptivis
1219 5352 1382 5426 adimi
1427 5358 1661 5411 testandi
1716 5377 1809 5426 po-

227 5416 507 5485 testatettt,
538 5425 605 5463 ne
636 5411 877 5481 alioquin
935 5411 1023 5469 ad'
1050 5434 1239 5474 eorum
1301 5411 1558 5479 inimicos
1614 5411 1803 5485 eorum

230 5480 373 5530 bona
402 5480 747 5535 deferantur.

278 5549 392 5614 (89)
421 5548 639 5672 (ialptivi
682 5558 1074 5615 testamentum
1103 5558 1285 5615 facere
1322 5562 1523 5619 debent
1576 5570 1807 5627 testibus

278 5632 442 5670 mesen
475 5636 486 5670 I
531 5635 615 5672 US.

228 5631 615 5683 prmsenltbus.

303 5688 656 5779 I(90)l(2.aptivi
694 5699 1290 5779 testamentumfaeette
1331 5716 1562 5779 possunt
1597 5710 1805 5779 scripto

227 5757 314 5810 vel
338 5757 730 5819 verbis'coram
760 5768 1005 5837 quinque
1028 5771 1110 5825 vel
1160 5757 1346 5829 tribus
1375 5757 1802 5839 testibus,"iiisi
1849 5801 1854 5813 ·

1910 5369 2195 5446 invitisua
2222 5373 2361 5446 bona
2404 5374 2469 5427 ad
2509 5375 2695 5431 hostes
2727 5378 2875 5446 ipsos
2940 5385 3235 5436 transmitti
3300 5386 3485 5441 volue-

1909 5442 2121 5513 Νηρεῖ,
2155 5434 2490 5513 ΙΙιιίῚιιοιιορ.
2524 5446 2572 5499 1.

1980 5509 2327 5586 (9I)_Captivi
2355 5509 2543 5570 tes-tari
2578 5527 2831 5586 possunt,
2867 5520 2983 5576 sive
3041 5523 3245 5578 liberos
3288 5526 3488 5579 habue-

1909 5580 2041 5640 rint,
2070 5582 2187 5633 sive
2213 5598 2322 5635 non
2363 5580 2671 5640 habuerint.
2721 5583 2727 5600 ’

1980 5650 2279 5737 (9ῒλ1ςατά
2320 5654 2411 5737 τίω-ν
2455 5656 2717 5737 πιρέποντ,
2756 5658 3203 5731 δει’ἱιιιςοι“.κατὰ
3248 5664 3307 5718 τὸ
3354 5664 3488 5737 πρέ.

1916 5736 2035 5777 πον.
2065 5719 2327 5791 Cujaeius
2367 5724 2418 5787 7,
2452 5719 2570 5779 obs.
2608 5727 2698 5781 52.
