4248 6442
791 354 901 423 519
2068 360 2344 423 LEONIS
2372 364 2836 430 PHILOSOPHI
3964 383 4073 447 5-20

789 474 837 529 si
872 484 1001 525 vero
1028 468 1163 525 nulli
1215 468 1327 524 sint
1364 468 1431 521 ad
1490 484 1631 538 quos
1678 471 1946 525 bonorum
1975 472 2221 531 defuncti
2274 490 2367 531 ca-
2395 484 2443 541 Α

2395 484 2443 541 Α
2472 482 2781 553 προσώπων
2793 482 2931 553 πρὸς
2942 481 3034 546 οὓς
3045 486 3078 554 ὴ
3098 486 3431 557 κληρονομία
3441 491 3544 560 όρᾷ
3554 488 3662 542 τῶν
3676 489 3767 543 τοῦ
3782 490 3840 555 ἐξ
3857 493 4071 564 ἀνθρὼ-

788 564 928 633 ptivi
981 561 1266 616 successio
1328 570 1537 631 spectet
1590 563 1736 632 (dico
1769 579 1907 633 quos
1953 581 2133 637 neque
2167 584 2365 623 ascen-

2474 590 2594 625 πων
2628 572 3021 639 ἀφανισθέντος
3054 575 3407 643 αἰχμαλώτου
3439 577 3782 648 πραγμάτων
3810 561 3981 650 (φημὶ
4002 579 4070 649 δὴ

789 655 983 709 dentes
1025 668 1201 722 neque
1238 651 1639 709 descendentes
1686 653 1931 711 defuncti
1970 658 2180 714 familia
2203 675 2369 730 agno-

2476 666 2611 734 μήτε
2630 664 2723 726 οὓς
2738 665 2986 729 ἀνιόντας
3001 666 3138 737 μήτε
3150 667 3245 729 οὒς
3268 670 3555 733 κατιόντας
3567 670 3859 724 οἰκειοῦται
3880 672 3942 724 τὸ
3968 671 4069 724 τοῦ

788 746 937 815 scit),
997 746 1232 814 primum
1305 745 1647 801 considerari
1687 762 1756 801 an
1819 749 2098 819 aliquibus
2144 751 2364 815 debeat,

2468 755 2790 824 τεθνηκότος
2801 756 3000 826 γένος),
3020 758 3285 828 πρότερον
3308 761 3579 813 σιιοπεῖνί⁷
3612 764 3710 831 μὲν
3743 760 4066 830 κελεύομεν,

785 836 1098 906 deindeque
1132 836 1370 891 deducto
1402 852 1509 892 aere
1547 838 1726 893 alieno
1756 840 1965 911 reliqua
2021 841 2273 897 bifariam
2311 843 2365 897 in

2471 849 2525 900 εί
2546 862 2687 899 τισιν
2716 846 3003 918 ὑπόχρεως
3047 843 3139 919 ἦν,
3173 850 3266 902 καὶ
3307 850 3419 903 τῶν
3445 850 3625 921 χρεῶν
3659 850 4066 922 ὑπεξαιρουμέ-

784 932 1037 983 trientem
1060 935 1114 982 et
1140 928 1357 983 bessem
1406 927 1688 992 dividi,ac
1741 933 1996 986 trientem
2048 933 2265 987 demqu
2308 934 2362 988 in

2473 955 2577 990 νων
2612 938 2683 992 τὰ
2712 938 3146 1010 περιλειπόμενα
3175 940 3481 1012 πράγματα
3530 942 3651 1012 διχῆ
3702 943 4061 1012 διαιρεῖσθαι,

782 1022 1161 1091 crogationem
1194 1034 1294 1089 pro
1324 1018 1503 1072 anima
1540 1017 1847 1076 faciendam
1897 1024 2168 1093 separari,
2226 1025 2362 1081 alte.

2468 1032 2548 1094 εἰς
2577 1046 2637 1083 τε
2662 1031 2851 1101 τρίτον
2875 1032 2972 1084 καὶ
3016 1032 3287 1103 δίμοιρον,
3336 1035 3429 1087 καὶ
3485 1033 3547 1085 τὸ
3600 1033 3699 1101 μὲν
3749 1033 3933 1101 τρίτον
3979 1036 4061 1096 εἰς

784 1127 902 1164 ram
936 1122 1118 1167 autem
1159 1121 1367 1181 partem
1428 1111 1483 1164 in
1519 1110 1711 1166 fiscum
1760 1115 1928 1183 recipi
1984 1115 2244 1185 jubemus
2281 1126 2363 1171 ta-

2463 1120 2562 1191 τὴν
2591 1120 2733 1192 ὑπὲρ
2751 1122 2929 1192 ψυχῆς
2958 1123 3221 1194 διανομὴν
3264 1125 3542 1195 ἀφορίζειν
3564 1125 3629 1187 ’⁸,
3653 1124 3749 1179 τοῦ
3781 1126 3835 1178 δὲ
3865 1126 4060 1195 ἑτέρου

784 1220 907 1259 men
938 1214 996 1258 ut
1036 1205 1178 1259 servi
1232 1202 1321 1259 his
1362 1218 1470 1257 non
1527 1203 1967 1261 immisceamur.
2029 1206 2143 1263 Hos
2186 1209 2357 1271 enim,

2466 1212 2675 1282 μέρους
2726 1215 2785 1265 ἐν
2833 1217 2948 1279 τοῖς
3006 1215 3303 1284 βασιλείοις
3342 1217 3589 1286 ταμείοις
3646 1216 3896 1286 γίνεσθαι
3966 1219 4063 1288 τὴν

783 1296 886 1350 nisi
911 1311 983 1349 ολδ
1014 1296 1253 1347 alienum
1282 1292 1491 1348 exsolvi
1518 1307 1624 1346 non
1652 1296 1848 1363 possit,
1874 1313 2068 1353 omnes
2102 1298 2354 1352 libertate

2460 1302 2751 1373 ἀνάληψιν,
2788 1304 2919 1359 ἄνευ
2979 1308 3234 1376 μέντοιγε
3268 1307 3380 1361 τῶν
3426 1308 3677 1365 οἰκετῶν.
3706 1308 3892 1363 Ταῦτα
3925 1308 4059 1378 γὰρ,

783 1387 1042 1442 honorari
1068 1387 1347 1443 volumus.

2461 1395 2510 1447 εἰ
2563 1394 2638 1465 μὴ
2686 1396 2797 1448 τῶν
2850 1396 3028 1466 χρεῶν
3085 1402 3118 1469 ὴ
3167 1399 3520 1469 ὲκπλήρωσις
3569 1399 3815 1453 ἐκποδὼν
3869 1403 4056 1468 σταίη,

780 1480 959 1532 πάντα
990 1478 1273 1552 ἐλευθερίᾳ
1294 1480 1619 1551 τετιμῆσθαι
1662 1479 1985 1552 βουλόμεθα.
2014 1479 2169 1533 Τὺν¹⁹
2196 1481 2366 1534 αὗτδν
2390 1482 2447 1535 δὲ
2466 1485 2637 1538 τύπον
2664 1485 2947 1557 τηρεῖσθαι
2978 1487 3078 1555 τῆς
3102 1490 3212 1543 τῶν
3236 1492 3580 1561 πραγμάτων
3603 1490 3924 1562 διοικήσεως
3963 1491 4062 1544 καὶ

780 1570 864 1634 ἐφ’
895 1564 971 1625 ὧν
999 1573 1060 1626 οὐ
1083 1573 1302 1641 πάρεισι
1330 1573 1488 1643 χρέα,
1515 1573 1665 1636 ὅταν,
1696 1571 1771 1633 ὡς
1815 1572 2052 1641 εἴρηται,
2105 1570 2457 1641 κληρονόμων
2477 1576 2683 1645 ἄπορος
2705 1578 2857 1631 ἀπίοι
2876 1578 2969 1632 τοῦ
2994 1578 3109 1648 βίου
3136 1579 3164 1631 ὁ
3185 1583 3250 1651 τῇ
3280 1582 3628 1653 αἰχμαλωσίᾳ
3658 1583 3911 1653 κάτοχος.

846 1663 981 1729 Quae
999 1663 1187 1718 eadem
1212 1679 1395 1718 rerum
1420 1663 1889 1733 disponendarum
1947 1662 2122 1717 forma
2158 1674 2351 1719 custo-
2386 1671 2432 1729 Β

2386 1671 2432 1729 Β
2551 1669 2615 1720 Ἦ
2659 1670 2757 1737 μὲν
2788 1667 2883 1725 οὖν
2927 1675 3007 1735 είς
3052 1674 3296 1728 ἐπίνοιαν
3335 1677 3492 1745 ἡμῶν
3521 1678 3732 1747 ἥκουσα
3776 1676 3907 1745 περὶ
3954 1676 4056 1747 τῆς

778 1755 978 1811 dienda
1000 1755 1126 1818 erit,
1167 1755 1388 1825 quando
1417 1756 1553 1809 nihil
1582 1755 1711 1810 agris
1758 1755 1923 1808 alieni
1971 1753 2156 1818 fuerit,
2185 1753 2360 1809 servi-

2459 1760 2783 1830 νομοθεσίας
2816 1763 2995 1832 ἢτοὺς
3025 1766 3403 1835 αἰχμαλώτους
3454 1768 3639 1821 ἐλύπει
3668 1769 3714 1801 ²⁰
3737 1768 4052 1841 διόρθωσις,

779 1848 992 1917 tutique
1016 1848 1288 1901 obnoxius
1314 1848 1798 1917 (quemadmodum
1849 1847 2057 1901 dictum
2099 1847 2205 1917 est)
2235 1847 2355 1904 sine

2459 1853 2548 1906 διά
2592 1852 2745 1905 τοῦδε
2786 1852 2881 1905 τοῦ
2912 1854 3058 1908 θείου
3105 1856 3263 1926 ήμῶν
3319 1858 3484 1927 νόμου
3518 1858 3823 1912 ὲκτέθειται
3848 1899 3863 1922 ,
3907 1859 3943 1928 ἡ
3992 1858 4051 1911 δὲ

778 1938 1093 1993 heredibus
1159 1939 1480 1994 decesserit.
1512 1938 1646 2004 Qua:
1699 1939 1884 2008 itaque
1937 1938 2094 1993 nobis
2113 1939 2238 2009 ejus
2276 1940 2356 1996 le-

2461 1939 2532 2008 σὴ
2591 1940 3039 2012 μεγαλοπρέπεια
3084 1945 3145 1997 τὸ
3177 1944 3454 2017 θέσπισμα
3494 1949 3539 1979 ¹¹
3588 1950 3703 2011 τοῖς
3735 1948 3840 2001 ὑπὸ
3889 1951 4054 2019 χεῖρα

775 2030 1105 2100 gislationis,
1139 2043 1262 2098 quae
1306 2029 1554 2099 captivos
1609 2029 1998 2092 contristabat,
2024 2029 2079 2083 in
2110 2037 2350 2085 mentem

2460 2030 2803 2097 ἐγνωσμένον
2840 2037 3241 2103 καταστησάτω
3266 2080 3282 2105 ,
3326 2038 3402 2103 ὡς
3450 2039 3515 2093 ἂν
3556 2039 3718 2109 δήλου
3761 2044 3901 2094 πᾶσι
3950 2057 4050 2108 γε-

772 2122 1051 2176 correctio
1080 2122 1249 2185 venit,
1288 2136 1385 2190 per
1411 2136 1624 2175 sacram
1665 2122 1807 2175 hanc
1852 2120 2102 2191 exposita
2132 2133 2218 2178 est
2270 2123 2351 2176 le-

2458 2120 2707 2186 γονότος,
2740 2121 2981 2188 ἅπαντες
3004 2127 3132 2197 περί
3160 2127 3269 2179 τῶν
3299 2130 3534 2196 οἰκείων,
3568 2132 3661 2184 καὶ
3688 2130 3784 2195 οὓς
3817 2134 3850 2203 ἠ
3878 2134 4048 2203 αἰχμ-

773 2227 918 2284 gem.
952 2212 1068 2267 Tua
1089 2222 1268 2267 autent
1302 2213 1706 2282 magnificentia
1738 2211 2084 2266 sanctionem
2110 2210 2350 2266 subditis

2003 2225 2084 2264 em
2110 2210 2350 2266 subditis
2456 2212 2664 2266 αλωσξα
2691 2212 2827 2283 ἔχει,
2858 2215 2935 2278 ὡς
2963 2215 3029 2269 ἂν
3061 2217 3286 2270 ἐθέλωσι
3315 2218 3680 2289 διορίζωνται.

772 2316 960 2361 notam
992 2304 1192 2361 facito:
1223 2320 1332 2375 quo
1362 2320 1486 2359 cum
1512 2306 1834 2367 innotuerit,
1872 2317 2065 2359 omnes
2085 2303 2341 2372 derebus
2370 2308 2506 2369 suis,
2571 2306 2737 2361 etiam
2819 2323 2962 2376 quos
3037 2312 3330 2380 captivitas
3384 2313 3617 2381 detinet,
3706 2331 4048 2389 quocunque

773 2400 937 2455 modo
966 2398 1156 2465 velint,
1198 2406 1466 2453 statuant.

1238 2508 1706 2567 CONSTITUTIO
1749 2512 1885 2569 XLI.

1828 2515 1885 2569 .l.
3006 2514 3321 2568 ΔΙΑΤΑΞΙΣ
3370 2518 3505 2572 MA'.

778 2627 845 2682 Ut
876 2629 932 2681 in
966 2623 1525 2704 ciuitatibus‘q‘uinqne
1549 2621 1784 2704 (93:94),
1811 2624 1890 2704 Ain
1916 2624 2348 2704 itineribus‘vfro

2455 2627 2597 2695 Περί
2618 2627 2724 2704 tofi
2743 2628 2813 2704 ἐν
2828 2629 2946 2697 μὲν
2967 2628 3118 2704 *ταῖς
3147 2632 3367 2704 addam
3394 2632 3492 2704 διὰ
3519 2631 3699 2704 πέιζτε
3721 2636 4045 2704 μαρτύρων

842 2710 892 2751 et
922 2697 1063 2773 agris
1097 2707 1201 2748 tres
1227 2692 1339 2763 (95)
1390 2700 1544 2746 testes
1591 2692 1660 2747 ad
1722 2702 2156 2747 testamentorum
2190 2693 2349 2761 [idem

2521 2692 2853 2773 iquﬁoﬂgl
2910 2692 3392 2773 *τὰς’-διαθήκας,
3444 2703 3516 2753 ἐν
3563 2692 3930 2773 ὀδοιεὲορίωξ
3969 2706 4044 2760 δὲ

848 2767 1133 2835 sufﬁciant.
2520 2788 2525 2819 ε

2520 2768 2621 2854 καὶ
2643 2766 2846 2835 ἀκοοῖς
2862 2769 3273 2823 εὐαπόόεκτον
3298 2770 3453 2824 εἶναι
3478 2772 3577 2825 καί
3598 2773 3716 2841 τὴν
3742 2766 3841 2830 διὰ
3856 2766 4043 2844 tim-Er

2526 2854 2816 2905 κυρωσιν.

844 2925 993 2980 idem
1021 2926 1318 2994 imperator
1344 2922 1519 2977 eidem
1558 2921 1831 2993 Styliano.

2538 2925 2597 2977 ’0
2627 2925 2787 2988 αὐτὸς
2823 2925 3073 2995 βασιλεὺς
3103 2926 3376 2998 Στυλιανῷ
3403 2928 3481 3000 τῷ
3508 2930 3678 3001 αὐτῷ.

843 3021 980 3076 Cum
1019 3019 1282 3073 omnibus
1320 3017 1571 3071 bumanze
1608 3018 1732 3071 vita:
1795 3017 2053 3085 negotiis,
2095 3033 2216 3087 qua
2266 3026 2344 3073 te-
2372 3042 2415 3100 ο

2372 3042 2415 3100 C
2533 3017 2621 3069 Ἐν
2656 3018 2793 3085 πᾶσι
2828 3018 2927 3086 μὲν
2958 3021 3069 3081 τοῖς
3102 3020 3244 3073 κατά
3284 3020 3376 3073 τὸν
3406 3020 3521 3090 βίον
3550 3026 3898 3094 πράγμασιν,
3929 3028 4036 3083 ὅσα

772 3114 938 3168 stium
969 3108 1128 3164 fidem
1164 3109 1475 3179 requirunt,
1504 3108 1632 3163 inde
1660 3109 1829 3162 robur
1843 3107 2037 3164 adesse
2052 3115 2339 3179 oporteat:
2444 3128 2449 3143 ι

2444 3113 2545 3179 τὴν
2570 3108 2658 3162 διὰ
2705 3109 3000 3179 μαρτύρων
3027 3110 3247 3163 ἀπαιτεί
3278 3111 3482 3177 πίστιν,
3514 3113 3867 3184 όςρειλόμενόν
3913 3119 4035 3172 ἐστι

771 3214 903 3256 tunc
938 3215 1069 3255 vero
1104 3199 1343 3254 maxime
1386 3213 1510 3267 quae
1572 3198 1748 3252 ultimi
1804 3198 1933 3252 vitae
1985 3208 2187 3253 nostra:
2238 3196 2349 3252 diei
2443 3216 2448 3232 ι

2443 3201 2729 3269 προσεῖναι
2762 3198 2860 3269 τὴν
2897 3198 2986 3251 διὰ
3012 3199 3217 3252 τούτων
3249 3202 3296 3232 ³⁸
3336 3201 3653 3271 βεϐαίωσιν,
3693 3206 3932 3273 μάλιστα
3970 3208 4034 3261 δὲ

769 3293 1238 3364 contemplatione
1318 3289 1711 3359 dispositiones
1792 3289 1949 3356 fiunt,
2028 3290 2341 3345 istiusmodi

2452 3288 2715 3359 χρῄζουσι
2743 3288 3014 3353 διατάξεις
3042 3291 3108 3353 ⁸³,
3144 3290 3198 3342 αἳ
3244 3290 3485 3355 γίνονται
3521 3296 3656 3365 πρὸς
3684 3298 3785 3365 τὴν
3812 3298 4033 3351 τελείαν

770 3384 1221 3440 corroboratioue
1245 3382 1511 3452 indigent.
1541 3380 1735 3437 Nullus
1761 3383 1906 3437 cnim
1940 3384 2183 3452 reliquus
2214 3398 2331 3435 mo-
2446 3402 2447 3407 π

2446 3379 2606 3449 ἡμῶν
2630 3378 2731 3447 τῆς
2754 3379 2902 3448 ζωῆς
2928 3379 3146 3449 ἡμέραν
3168 3378 3604 3449 ἀποϐλεπόντων,
3636 3383 3737 3453 τῆς
3768 3386 4031 3459 τοιαύτης

2032 3493 2263 3548 VARUE
2306 3490 2716 3548 LECTIONES.

841 3587 889 3657 '1
918 3585 1033 3641 Ecl.
1062 3586 1280 3657 πρῶτον
1314 3589 1412 3657 μὲν
1444 3591 1688 3644 σκοπεῖν.
1766 3590 1809 3623 ’⁸
1839 3588 1951 3643 Ecl.
2002 3582 2383 3657 ἀφορίζεσθαι.
2396 3655 2406 3657 μ
2447 3584 2493 3657 1’
2538 3585 2675 3657 inca
2698 3582 2990 3657 EcllNov.
3032 3584 3122 3638 26.
3144 3654 3156 3657 _
3198 3585 3244 3657 '_°
3286 3583 3377 3640 Sic
3411 3584 3505 3639 Ec.
3535 3587 3705 3642 Codd.
3741 3607 3755 3644 :
3816 3593 4027 3648 ιλύσει.

765 3657 809 3729 τι
852 3654 1050 3729 Ecloga
1097 3652 1204 3711 non
1239 3652 1401 3714 habet
1425 3660 1721 3729 θέσπισμα.
1778 3660 1821 3692 ⁹¹
1852 3652 2285 3729 8οτίιιιέ.έσοῦτο.
2365 3655 2411 3687 ’³
2437 3652 2610 3711 Codd.
2656 3654 2969 3721 διατάξεων,
3015 3654 3158 3724 quod
3190 3653 3345 3726 Agyl.
3404 3670 3550 3713 corr.
3576 3659 3629 3713 in
3659 3661 3865 3716 ἐκεῖναι
3915 3666 4029 3719 τῶν

763 3726 1077 3793 διατάξεων.
1115 3744 1122 3756 ’

2250 3792 2484 3849 NOTAE.

830 3883 1042 3952 (95-94)
1070 3884 1323 3953 Quinque
1346 3884 1402 3939 in
1423 3883 1632 3938 urbano
1654 3900 1669 3946 ;
1690 3884 1899 3949 tres,in
1921 3880 2130 3953 rustico
2156 3890 2329 3935 testa-
2434 3882 2531 3953 ult.
2568 3880 2633 3936 C.
2660 3879 2736 3935 De
2763 3881 3034 3936 codicillis
3065 3883 3101 3936 l.
3128 3881 3219 3945 28,
3262 3882 3316 3953 in
3346 3883 3440 3936 fin.
3471 3881 3534 3935 C.
3566 3882 3663 3953 De,
3703 3890 3939 3936 testam.
3973 3880 4028 3938 lu

761 3962 947 4009 mento
973 3963 1145 4010 testes
1174 3952 1449 4010 subiciunt
1471 3970 1539 4008 ex
1578 3954 1683 4008 hac
1739 3953 1981 4008 Novella.
2031 3952 2331 4017 Quinarius
2432 3952 2568 4005 urbe
2595 3961 2802 4020 septem
2845 3954 3223 4019 requiruntur.
3270 3952 3316 4006 si
3356 3953 3605 4008 extranei
3654 3952 4026 4011 instituantur

758 4039 1025 4079 numerus
1047 4025 1164 4091 lege
1186 4023 1284 4080 Xll
1330 4025 1649 4079 tabularum
1706 4024 1925 4078 videtur
1954 4021 2329 4091 introductus
2433 4021 2738 4091 lmredesl.
2762 4020 2855 4091 21,
2887 4020 2915 4091 ς
2947 4021 3002 4091 2.
3024 4022 3089 4076 C.
3115 4021 3187 4074 De
3216 4030 3460 4087 testam;
3494 4023 3581 4076 sin
3608 4022 3726 4087 filii,
3760 4024 3874 4079 duo
3904 4028 4023 4080 suf-

761 4092 860 4161 ξι.
886 4093 1063 4148 lnstit.
1102 4090 1175 4147 De
1204 4102 1421 4148 testam.
1450 4093 1739 4147 ordinand.
1782 4094 1873 4148 9.0.
1917 4090 2043 4161 Ulp.
2071 4092 2127 4155 2,
2160 4099 2214 4143 et
2243 4106 2329 4143 re-
2431 4090 2647 4161 ficiunt,
2672 4090 2727 4144 d.
2760 4090 2798 4143 l.
2829 4090 2920 4157 2i,
2946 4090 2974 4160 ς
3010 4092 3059 4146 1.
3080 4091 3136 4145 Si
3172 4091 3358 4146 liberis
3386 4093 3539 4146 mixti
3576 4094 3849 4157 extranei,
3872 4096 4024 4160 quod

758 4159 959 4217 ductus
992 4178 1021 4216 a
1064 4162 1267 4218 Basilio
1307 4162 1601 4217 Macedone
1637 4162 1837 4219 Leonis
1882 4159 2046 4231 hujus
2098 4169 2329 4231 parente
2431 4159 2499 4213 ad
2523 4169 2818 4231 extraneos
2850 4159 3058 4231 septem
3092 4162 3492 4231 requiruntur;
3529 4166 3673 4230 quod
3707 4163 3774 4215 ad
3810 4159 4023 4219 liberos

757 4247 909 4286 vers.
938 4231 1074 4285 Cum
1132 4234 1277 4286 enim
1309 4232 1362 4288 J.
1393 4233 1523 4303 eod.
1559 4232 1778 4301 Septem
1828 4228 2018 4303 postea
2089 4228 2325 4303 adhibiti
2429 4232 2537 4283 duo
2559 4229 2836 4303 sufﬁciunt
2863 4228 2984 4300 αξξ
3020 4231 3069 4283 1.
3102 4229 3217 4284 Hoc
3262 4228 3577 4303 addendum
3623 4241 3730 4295 est,
3784 4234 4017 4287 ιιιιιςιιιιι

756 4315 823 4356 ex
852 4304 1358 4365 constitutionibus,
1416 4301 1531 4372 εὖ.
1585 4300 1762 4357 Instit.
1810 4300 1884 4357 De
1945 4309 2069 4356 test.
2133 4300 2319 4353 ordin.
2432 4306 2627 4372 testem
2651 4301 2922 4365 sutlicere,
2948 4305 2994 4356 si
3015 4309 3403 4355 testamentum
3430 4300 4020 4372 fiatcoramprincipe,

753 4373 1079 4456 Specialius.
1114 4369 1693 4456 diceiidiiiit'_est.~ln‘
1730 4372 1952 4456 militari
1992 4379 2321 4456 testamento
2356 4402 2401 4456 ι)
2432 4369 2536 4423 hoc
2561 4374 2862 4456 est_,ipsiiiii
2894 4373 3198 4456 principem
3231 4386 3330 4448 pro
3348 4371 3496 4424 omni
3542 4372 3649 4456 allio
3693 4379 3839 4456 teste
3869 4369 4017 4453 sum.

753 4442 1115 4508 expeditimiis
1155 4453 1422 4509 tempore,
1458 4442 1495 4494 l.
1537 4442 1624 4501 t7,
1655 4440 1716 4495 ι).
1739 4442 1812 4497 De
1843 4448 1969 4496 test.
2000 4440 2161 4492 milit.
2197 4440 2323 4507 (Mi-
2357 4439 2398 4456 ν
2429 4454 2554 4493 cere
2578 4441 2612 4491 ι.
2639 4440 2724 4501 19,
2746 4440 2798 4493 in
2821 4440 2913 4493 fin.
2938 4439 3165 4494 Cod.De
3189 4441 3721 4508 tes‘tam.;quodnon
3752 4441 4015 4507 admitto,

752 4510 835 4564 les
856 4511 997 4564 enim
1032 4512 1169 4563 citra
1210 4522 1426 4579 tempus
1468 4512 1834 4579 expeditionis
1868 4510 2037 4579 domi,
2092 4516 2324 4562 testatus
2426 4518 2481 4563 et
2512 4510 2618 4563 alia
2652 4509 2867 4579 videtur
2889 4510 3011 4579 ejus
3046 4510 3181 4578 legis
3236 4509 3321 4573 19,
3365 4509 3636 4563 sententia
3687 4519 3746 4562 ut
3802 4511 4012 4567 ibidem

752 4587 961 4648 septem
996 4589 1163 4635 testes
1186 4574 1413 4635 adhibet
1438 4574 1556 4650 arg:
1587 4579 1663 4635 De
1689 4584 1723 4634 Ι.
1764 4582 1879 4648 17.)
1910 4574 2104 4650 Testes
2134 4581 2322 4647 requi-
2425 4579 2646 4650 scripsi.
2676 4578 2783 4633 Sed
2807 4588 2864 4633 et
2909 4574 3041 4633 illud
3062 4574 3385 4650 tenendum
3422 4596 3436 4630 :
3469 4580 3593 4645 jure
3622 4580 3895 4633 canonico
3917 4598 4015 4636 va-

750 4647 950 4702 runtur
972 4651 1042 4719 ad
1071 4652 1357 4704 minimum
1392 4647 1574 4704 dno'l.
1607 4651 1699 4718 24,
1731 4651 1767 4705 Ι.
1797 4647 1965 4717 ωλι.
2004 4647 2077 4701 De
2099 4655 2318 4719 testati].
2425 4647 2553 4704 lere
2590 4657 2984 4703 testamentum
3052 4648 3259 4719 factum
3320 4662 3504 4701 coram
3532 4718 3535 4719 ν
3564 4653 3893 4719 presbytero
3954 4661 4012 4706 et

749 4719 911 4774 tnilit.
956 4718 1001 4789 ,δ
1058 4720 1112 4774 1.
1171 4721 1347 4774 Instit.
1400 4720 1472 4789 ρο
1512 4717 1690 4773 milit.
1733 4727 1861 4776 test.
1893 4720 1980 4774 vel
2017 4726 2072 4770 ιιι
2098 4717 2233 4789 ibid.
2264 4718 2319 4771 in
2423 4721 2643 4789 duobus,
2670 4720 2927 4781 testibus,
2953 4735 3002 4773 c.
3038 4717 3175 4771 Cum
3202 4734 3376 4778 esses,
3406 4722 3487 4780 to,
3525 4717 4013 4786 Detestam.Qu3n

748 4789 925 4856 princ.
948 4787 999 4851 1,
1032 4790 1117 4842 tit.
1166 4790 1361 4843 scribit
1400 4787 1759 4858 Theophilus,
1795 4806 1936 4845 unus
1985 4788 2224 4852 sufficit;
2257 4797 2311 4841 ct
2420 4788 2755 4856 eodcmjure
2781 4790 3027 4842 ultimam
3058 4793 3392 4858 voluntatem
3418 4794 3484 4839 a-t
3530 4788 3646 4856 pias
3678 4804 3882 4845 causas
3917 4808 4013 4845 va-

745 4862 793 4911 si
821 4858 989 4912 Leoni
1024 4858 1303 4913 credimus
1328 4856 1997 4930 Novell._‘quadragesima
2044 4860 2097 4910 in
2134 4861 2311 4930 princ.
2423 4859 2534 4930 lere
2558 4874 2744 4912 coram
2770 4861 2986 4914 duobus
3020 4860 3255 4913 testibus
3284 4874 3333 4910 c.
3370 4856 3619 4910 Iielatnni
3658 4859 3742 4921 ii,
3776 4859 3851 4930 De
3881 4871 4011 4916 test.

744 4946 793 4981 δ.
826 4930 978 4993 eod.,
1017 4930 1183 4983 nullis
1219 4931 1450 4984 testibus
1484 4928 1746 4985 adhibitis
1795 4927 1963 4984 inilcs
2001 4927 2191 4981 testari
2222 4942 2317 4995 po-
2420 4928 2489 4982 ad
2518 4930 2631 4984 haec
2654 4931 2782 4997 jure
2811 4931 2963 4982 civili
2995 4930 3180 4994 plures
3220 4943 3383 4997 quam
3440 4936 3649 4996 septem
3720 4928 4010 4987 adhibitos

745 4999 871 5059 tuit,
901 5002 1154 5066 quamvis
1202 5000 1529 5054 Plutarchus
1574 5002 1628 5052 in
1666 4999 1963 5053 Coriolano
2022 4997 2231 5053 scribat
2258 5002 2315 5051 in
2419 5014 2527 5053 non
2561 5014 2779 5055 nocere.
2823 4998 3112 5068 Supeiflua
3148 5014 3385 5067 namque
3411 5008 3669 5068 prosunt,
3715 5014 4008 5068 nunquam

745 5078 1077 5139 tt-Staniento
1104 5070 1390 5139 procincto
1414 5078 1526 5124 tres
1549 5077 1897 5139 autquatuor
1915 5068 2232 5131 adhibitos;
2258 5078 2315 5122 et
2419 5077 2638 5123 nocent.
2666 5068 2820 5124 Paul.
2859 5070 2913 5132 5,
2968 5079 3107 5123 sent.
3161 5068 3215 5129 4,
3269 5068 3296 5139 §
3329 5068 3409 5120 l0.
3450 5068 3595 5134 Quin
3645 5070 3905 5139 snlllcere
3941 5071 4012 5125 ad

743 5138 860 5191 hinc
886 5139 955 5191 de
980 5138 1204 5193 militari
1242 5147 1591 5193 testamento.
1627 5138 1691 5192 ln’
1736 5141 1929 5209 pagani
1972 5154 2102 5209 vcio
2147 5145 2315 5209 testa-
2418 5139 2688 5193 bonorum
2722 5140 3103 5209 possessiones
3158 5138 3419 5209 omnibus
3446 5143 3581 5209 locis
3621 5138 3916 5209 petendas,
3950 5152 4012 5194 ut

743 5218 932 5278 mento
962 5211 1504 5264 variaturnuincrus.
1551 5210 1609 5260 In
1642 5205 1973 5262 testamento
2000 5208 2144 5262 inter
2176 5205 2313 5278 libet
2418 5210 2683 5263 solemnis
2723 5205 2959 5262 'testium
3016 5225 3279 5263 numerus
3329 5207 3609 5261 adhibitus
3647 5207 3861 5278 fuerit,
3893 5227 4010 5278 quo

741 5292 836 5331 ros
862 5276 972 5333 duo
1002 5280 1084 5333 vel
1118 5291 1228 5334 tres
1254 5282 1289 5335 Ι.
1327 5281 1408 5343 ll,
1446 5280 1475 5350 ᾗ
1508 5278 1697 5333 1.Οοιί.
1729 5280 1803 5331 De
1832 5285 2147 5350 testament.
2182 5276 2313 5329 caici
2418 5279 2539 5350 loco
2570 5288 2957 5350 teSIamentum
2983 5278 3186 5331 factum
3215 5293 3341 5333 esse
3378 5276 3682 5350 dicetur_l.
3730 5279 3832 5350 ult.
3860 5276 4005 5350 god.

744 5357 1077 5402 testamento
1105 5351 1186 5404 vel
1212 5359 1339 5403 octo
1369 5346 1759 5419 requiruntur;
1792 5349 1875 5401 vel
1903 5359 2109 5419 septem
2141 5355 2312 5419 testes
2419 5348 2493 5403 De
2518 5359 2734 5403 testam.
2761 5348 2926 5418 quue
2954 5350 3321 5411 communiter
3348 5346 3630 5402 observari
3668 5348 3836 5401 refert
3874 5347 4007 5404 Fer-

742 5430 797 5471 et
824 5433 968 5472 unus
994 5420 1295 5474 tabularius
1320 5421 1357 5472 Ι.
1398 5416 1459 5474 8Ῑ
1495 5419 1635 5474 Cod.
1669 5421 1773 5487 Qui
1818 5416 2036 5473 testam.
2079 5416 2136 5471 In
2188 5417 2313 5488 [εῇ-
2416 5422 2706 5474 rariensis.
2740 5420 2799 5471 In
2831 5416 3069 5472 formula
3113 5420 3282 5488 libelli
3312 5433 3422 5488 quo
3447 5421 3653 5488 petitur
3699 5420 4005 5475 hareditas

742 5490 891 5560 quis,
923 5500 1167 5558 septem;
1222 5493 1265 5542 si
1302 5484 1777 5544 testamentum'iu
1812 5490 2035 5560 scriptis
2078 5490 2171 5540 liat
2196 5484 2224 5556 ὅ
2250 5486 2306 5560 5.
2412 5505 2478 5560 ex
2511 5498 2836 5560 testamento
2859 5489 2950 5560 48,
2977 5490 3037 5560 in
3066 5492 3237 5546 verbo
3272 5484 3550 5545 vannum
3601 5487 3657 5552 6,
3693 5502 3751 5542 n.
3775 5488 3811 5544 4
3839 5498 3900 5545 et
3941 5490 4001 5560 5,

744 5557 878 5612 Inst.
920 5557 998 5613 De
1030 5567 1343 5619 testament.
1398 5561 1653 5613 ordinati.
1705 5559 1849 5625 Quid
1894 5557 1939 5613 si
1984 5557 2313 5625 nuncupati-
2415 5558 2602 5613 Hann.
2634 5560 2684 5621 1,
2721 5558 3019 5628 §Heti'2.

744 5641 870 5680 vum
906 5631 998 5700 tiat
1022 5630 1441 5683 testamentum?
1476 5631 1605 5683 Ituri
1649 5631 1925 5683 sulliciunt
1952 5629 2312 5700 quinque_te-
2488 5628 2599 5700 (93)
2632 5628 2769 5685 Nov.
2802 5630 2892 5685 45.

740 5709 858 5753 Stcs
887 5700 924 5751 ἰ.
952 5699 1052 5753 urit.
1082 5700 1215 5754 Cod.
1253 5700 1327 5753 De
1356 5706 1577 5755 testam.
1604 5712 1661 5753 ut
1690 5712 1743 5755 ct
1793 5705 1845 5752 in
1906 5696 2172 5753 codicillis
2204 5696 2307 5765 leg.
