4248 6442
765 414 870 477 523

2020 401 2295 463 LEONIS
2335 401 2794 465 PIIILOSOPHI

3923 398 4031 463 524

767 521 1000 580 auferat,
1033 523 1146 569 tum
1180 528 1210 567 a
1236 520 1386 567 recta
1437 524 1622 565 rermn
1675 508 2157 563 administratione
2186 521 2343 559 aver-

2448 497 2686 581 φέρουσα
2724 507 3059 580 τῆςιψυχῆς
3107 509 3197 561 καὶ
3242 508 3339 577 τῆς
3388 509 3553 579 ὀρθῆς
3602 507 3710 564 τῶν
3764 515 4031 582 πραγμά.

767 621 864 663 tat.
919 606 1072 662 lianc
1127 605 1298 675 igitur
1343 600 1700 659 obscuritatis
1758 601 2049 671 caliginem
2086 598 2198 653 ubi.
2232 599 2342 653 illis

766 697 1256 754 constitutionibus
1296 711 1417 765 qua:
1455 694 1522 747 de
1554 693 1897 747 testamentis
1948 698 2137 759 agunt,
2167 702 2345 757 neque

769 790 1099 844 mediocrem
1152 803 1348 842 noxam
1412 786 1579 839 rebus
1639 784 1893 846 afferunt,
1948 782 2343 837 circumfusam

769 898 892 939 esse
956 883 1310 954 cognovimus
1345 894 1360 933 :
1416 881 1704 950 pulchrum
1762 877 1879 930 fore
1910 876 2016 930 rati
2049 892 2264 938 sumus,
2298 878 2343 929 si

770 976 893 1030 illas
940 989 1385 1046 repurgaremus,
1436 977 1821 1044 quomodoque
1848 978 2174 1027 testamenta
2211 985 2340 1023 con.

736 1049 999 1131 .lirmari,
1034 1074 1129 1119 aut
1152 1082 1261 1121 non
1297 1074 1564 1135 oporteat,
1584 1064 1705 1134 lege
1729 1079 1843 1118 non
1875 1063 2348 1132 ambigua,neque

769 1171 892 1225 qua:
951 1157 1106 1211 varie
1158 1156 1488 1226 apprehendi
1545 1155 1754 1225 possit,
1808 1154 2186 1208 definiremus.
2240 1150 2345 1217 Qui

770 1257 898 1302 ante
928 1263 1029 1303 nos
1067 1249 1135 1303 de
1173 1247 1518 1303 testamentis
1571 1253 1905 1308 tractarunt,
1960 1244 2219 1299 bifariam
2256 1245 2348 1298 illa

771 1339 1101 1402 diviserunt,
1149 1348 1201 1392 et
1256 1338 1360 1390 alia
1414 1336 1635 1406 quidem
1668 1338 1915 1405 scriptis.
1952 1337 2053 1388 alia
2077 1351 2206 1388 vero
2232 1335 2350 1390 sine

774 1428 996 1497 scriptis
1055 1428 1248 1481 confici
1322 1426 1687 1480 tradiderunt.
1723 1426 1865 1491 Quin
1902 1434 1955 1480 et
1981 1426 2202 1479 modum
2241 1441 2352 1495 quo

775 1527 1067 1588 utrumque
1100 1524 1487 1573 testamentum
1524 1520 1600 1587 (et
1630 1517 1895 1586 scriptum
1922 1525 2211 1586 nempe.et
2243 1532 2349 1568 non

774 1609 1062 1678 scriptum)
1094 1618 1273 1664 ratum
1305 1611 1418 1674 fiat,
1454 1610 1809 1679 subjecerunt
1843 1620 1940 1662 :ut
1981 1612 2185 1678 scripta
2220 1624 2351 1662 con-

776 1699 1015 1752 firmatio
1043 1699 1099 1752 in
1130 1714 1195 1754 eo
1240 1700 1531 1761 consistat,
1581 1698 1727 1766 quod
1780 1698 1998 1752 vivente
2049 1700 2349 1751 etiamnmn

773 1796 1040 1845 testatore
1095 1792 1314 1843 testium
1378 1790 1788 1859 subscriptione
1858 1792 2350 1860 obsignationeque

774 1884 1031 1938 omnibus
1057 1871 1300 1938 numeris
1327 1885 1637 1939 absolutum
1671 1885 1742 1939 sit
1773 1925 1788 1947 ,
1817 1886 2172 1953 rmncupativi
2196 1900 2345 1947 vero,

776 1974 891 2027 sive
915 1990 1023 2027 non
1051 1977 1267 2044 scripti,
1300 1975 1446 2044 quod
1479 1988 1684 2045 septem
1718 1992 1827 2028 non
1884 1977 2090 2045 indigni
2122 1977 2232 2032 fide
2267 1986 2347 2029 te-

782 2073 896 2118 stes
926 2080 986 2119 se
1015 2067 1317 2130 audivisse,
1346 2084 1469 2121 cum
1514 2069 1585 2121 ita
1647 2073 1876 2120 testator
1932 2068 2113 2136 lingua
2154 2084 2250 2122 sua
2285 2069 2351 2123 de

775 2158 941 2210 rebus
1005 2159 1120 2211 suis
1177 2160 1580 2228 pronuntiaret,
1639 2161 2028 2213 confiteantur.
2061 2159 2237 2228 Atque
2266 2161 2349 2214 his

775 2246 921 2304 bunc
950 2249 1017 2302 ad
1054 2251 1272 2304 modum
1324 2248 1669 2312 constitutis,
1738 2260 2042 2304 annectunt
2082 2251 2348 2319 scriptum

774 2349 1184 2405 testamentum,
1210 2341 1310 2394 nisi
1346 2340 1423 2409 (3)
1470 2341 1539 2394 ad
1576 2342 1882 2409 scripturae,
1929 2357 2035 2409 qua
2073 2342 2349 2396 testatoris

772 2436 1032 2488 voluntas
1083 2430 1453 2501 significatur,
1523 2430 1912 2500 perfectionem
1963 2433 2125 2486 simul
2165 2433 2348 2486 omnia

775 2517 1129 2587 conveniant,
1155 2530 1210 2577 et
1236 2522 1462 2576 testium
1521 2522 1975 2590 subscriptiones,
2008 2538 2201 2592 nempe
2229 2540 2350 2591 qua:

773 2613 885 2668 illis
913 2614 980 2667 de
1007 2613 1326 2667 sinceritate
1372 2610 1688 2678 testimonio
1740 2613 1873 2673 sint,
1932 2623 1985 2665 et
2042 2613 2345 2682 signacula,

770 2719 896 2775 quae
939 2701 1442 2770 subscriptionibus
1477 2699 1657 2753 fidem
1705 2702 1983 2767 praebeant
2023 2719 2034 2753 :
2068 2702 2174 2755 nisi
2235 2702 2349 2755 bare

773 2795 937 2850 simul
957 2794 1141 2847 omnia
1172 2794 1440 2861 (inquam)
1476 2793 1790 2859 priusquam
1824 2792 1871 2844 is
1894 2792 2053 2858 cujus
2089 2792 2142 2844 id
2181 2800 2351 2846 testa-

774 2894 1017 2939 mentum
1074 2895 1177 2950 est,
1202 2898 1232 2937 ρ
1261 2884 1368 2937 vita
1439 2883 1684 2944 excedat,
1721 2892 2075 2947 concurrant,
2124 2883 2348 2937 omnino

773 2978 828 3031 id
857 2978 1075 3030 irritum
1111 2992 1255 3041 esse,
1288 2984 1347 3027 ut
1371 2989 1545 3042 neque
1569 2984 1827 3042 tanquam
1851 2975 2138 3042 scriptmn,
2173 2989 2349 3043 neque

775 3076 1036 3136 tanquam
1065 3081 1286 3134 nuncup
1307 3068 1491 3119 ιιίνιιιιι
1523 3064 1717 3123 valeat.
1739 3065 1817 3117 Ex
1844 3077 1955 3132 quo
1987 3079 2120 3117 sane
2149 3078 2349 3133 praeoc-

2442 620 2551 654 των
2604 601 3067 671 παραστρέφουσα
3125 599 3463 669 διοικήσεως.
3519 599 3738 670 Ταύτην
3783 601 3880 655 οὖν
3929 605 4033 673 τὴν

2443 694 2544 761 τῆς
2597 694 2864 761 ἀσαφείας
2912 691 3081 761 ἀχλὺν
3118 690 3243 743 ἐπεὶ
3284 692 3737 762 κατακεχυμένην
3778 694 4031 760 ἐγνώκα-

2450 802 2549 853 μεν
2604 784 2712 835 τῶν
2761 782 3057 848 διατάξεων
3096 781 3339 845 ἐκείνων,
3385 783 3440 834 αἳ
3477 784 3545 836 τὰ
3577 785 3701 853 περὶ
3751 785 4033 856 διαθηκῶν

2445 877 2710 946 ὁρίζουσι,
2738 878 2830 929 καὶ
2859 874 3065 946 βλάϐην
3094 876 3154 928 οὐ
3176 876 3276 945 τὴν
3294 872 3568 943 τυχοῦσαν
3585 878 3699 939 τοῖς
3729 877 4034 946 πράγμασι

2448 968 2675 1039 φέρουσι
2705 967 2770 1032 ³³,
2809 966 2988 1030 καλῶς
3022 966 3167 1036 ἔχειν
3192 965 3537 1035 ὑπελάϐομεν
3564 966 3719 1020 τοῦτο
3747 968 4031 1022 ἀνακαθί-

2452 1082 2573 1135 ραι,
2604 1064 2698 1117 καὶ
2729 1065 2877 1124 ὅπως
2900 1063 2981 1115 δεῖ
3016 1062 3311 1133 κυροῦσθαι
3338 1062 3603 1130 διαθήκας
3635 1062 3668 1132 ἢ
3704 1067 3778 1133 μή
3800 1103 3814 1125 ,
3851 1064 4033 1130 ἀναμ-

2451 1156 2771 1226 φισϐητήτῳ
2809 1155 3043 1223 διορίσαι
3075 1156 3226 1225 νόμῳ
3258 1156 3353 1207 καὶ
3395 1154 3469 1225 μὴ
3505 1154 3801 1234 ἀντιλαϐας
3830 1155 4032 1207 ἑκατέ-

2452 1247 2624 1319 ρωθεν
2650 1248 2845 1316 ἔχοντι.
2882 1247 3021 1315 Ἤδη
3072 1246 3182 1315 γὰρ
3230 1247 3279 1297 oi
3325 1246 3432 1314 πρὸ
3476 1247 3635 1314 ήμῶν
3668 1248 3795 1314 περὶ
3838 1245 4035 1314 διαθη-

2452 1340 2563 1392 κῶν
2589 1339 2632 1371 ³⁸
2671 1339 3016 1402 διαλαϐόντες
3047 1338 3169 1407 διχῆ
3196 1335 3268 1389 τὰ
3300 1338 3427 1405 περὶ
3451 1335 3656 1388 τούτων
3683 1337 3711 1387 δ
3720 1335 3905 1396 ιείλον,
3935 1335 4036 1387 καὶ

2450 1431 2515 1493 ἃς
2552 1432 2652 1500 μὲν
2683 1431 2977 1500 ἐγγράφως
3000 1428 3245 1497 γίνεσθαι
3268 1426 3333 1489 ἃς
3359 1426 3415 1478 δὲ
3436 1427 3702 1496 ἀγράφως
3724 1426 4001 1496 ὡρίσαντο
4018 1465 4034 1488 ,

2451 1523 2543 1574 καὶ
2579 1521 2779 1591 τρόπον
2810 1519 3137 1585 ὑποθέμενοι
3158 1558 3173 1581 ,
3204 1517 3274 1570 δι’
3311 1507 3373 1569 οὗ
3406 1515 3472 1569 ἂν
3504 1516 3711 1585 ἑκάστη
3754 1514 4035 1586 κυρωθεξη

2450 1612 2558 1664 τῶν
2578 1611 2873 1678 διαθηκῶν,
2898 1611 2933 1680 ἦ
2963 1626 3022 1661 τε
3041 1608 3340 1678 ἔγγραφος,
3371 1607 3536 1677 φημὶ,
3567 1608 3657 1659 καὶ
3686 1608 3718 1675 ή
3744 1606 3994 1676 ἄγραφος
4019 1622 4032 1636 ·

2454 1703 2545 1756 καὶ
2573 1704 2607 1772 ή
2648 1700 2746 1771 μὲν
2784 1700 2883 1769 τῆς
2910 1700 3189 1771 ἐγγράφου
3231 1700 3474 1767 κύρωσις
3503 1698 3563 1750 ὲν
3599 1696 3677 1765 τῷ
3703 1696 3803 1765 τὴν
3842 1696 4035 1749 διατύ-

2457 1809 2630 1845 πωσιν
2656 1790 3055 1862 ἀπαρτισθῆναι
3085 1792 3181 1843 καὶ
3211 1790 3334 1851 ταῖς
3358 1789 3653 1859 μαρτύρων
3684 1789 4038 1856 ὑπογραφαίς

2458 1883 2550 1936 καὶ
2582 1884 2694 1944 τοῖς
2736 1882 3147 1951 σφραγίσμασιν
3193 1879 3273 1932 ἐτι
3313 1879 3581 1948 παρόντος
3620 1881 3679 1933 ὲν
3724 1876 4040 1947 ἀνθρώποις

2450 1978 2544 2030 τοῦ
2584 1977 2937 2047 διαθεμένου,
2970 1977 3003 2045 ή
3041 1977 3098 2029 δὲ
3139 1979 3240 2046 τῆς
3280 1975 3534 2044 ἀγράφου
3578 1976 3637 2026 ὲν
3668 1972 3746 2042 τῷ
3793 1974 3956 2025 πέντε
3990 1971 4037 2002 ³³

2455 2070 2736 2138 μάρτυρας
2781 2070 2860 2132 είς
2890 2068 3231 2132 ἀξιοπιστίαν
3278 2068 3380 2119 οὐκ
3414 2065 3752 2136 ἀμφιϐόλοπ
3798 2081 4034 2135 συνομο-

2451 2159 2678 2227 λογῆσαι
2707 2159 2891 2212 λαϐεῖν
2918 2160 3111 2219 ἀκοαῖς
3133 2159 3202 2210 τὰ
3227 2157 3630 2226 διατεταγμένα
3657 2155 3799 2209 αὐτά
3824 2157 4035 2208 ἐκείνου

2451 2255 2515 2320 τῇ
2548 2250 2642 2304 τοῦ
2676 2249 3050 2319 διατιθεμένου
3075 2247 3324 2318 γλώσσῃ.
3354 2246 3573 2300 Τούτων
3596 2247 3651 2299 δὲ
3681 2247 3856 2309 οὕτως
3874 2244 4035 2313 ’ἑχόν-

2450 2360 2557 2395 των
2604 2345 3001 2413 προστάττουσι
3027 2342 3127 2411 τὴν
3175 2340 3455 2409 ἔγγραφον
3506 2339 3799 2409 διαθήκην,
3851 2344 3901 2389 εί
3952 2337 4028 2405 μὴ

2452 2434 2626 2485 πάντα
2666 2433 2805 2503 ὁμοῦ
2839 2433 3082 2485 συνέλθοι
3111 2434 3193 2495 είς
3217 2430 3514 2485 ,τελείωσιν
3543 2430 3588 2462 ³³
3624 2430 3727 2497 τῆς
3756 2429 3975 2500 γραφῆς
4002 2429 4037 2497 ἣ

2454 2524 2647 2593 μηνύει
2681 2524 2782 2592 τὴν
2813 2524 3066 2593 βούλησιν
3096 2522 3191 2575 τοῦ
3213 2520 3538 2590 διαθεμένου
3560 2563 3572 2583 ,
3611 2520 3707 2573 καὶ
3739 2520 4037 2589 μαρτύρων

2452 2615 2767 2685 ὑπογραφαὶ
2793 2615 2966 2685 ταύτῃ
3002 2612 3378 2684 μαρτυροῦσαι
3403 2613 3464 2665 τὸ
3489 2614 3715 2682 γνήσιον
3744 2612 3839 2662 καὶ
3862 2626 4038 2679 σφρα·

2452 2707 2595 2775 γῖδες
2629 2705 2970 2769 ἀξιοπιστίαν
3005 2705 3381 2773 παρεχόμεναι
3415 2705 3534 2766 ταῖς
3566 2703 3941 2771 ὑπογραφαῖς,
3977 2700 4027 2752 εί

2455 2792 2529 2863 μὴ
2558 2792 2729 2845 ταῦτα
2756 2794 2933 2844 πάντα
2968 2791 3101 2858 ὁμοῦ
3156 2791 3438 2860 συνδράμῃ
3471 2792 3603 2860 πρὶν
3646 2791 3678 2860 ἣ
3712 2788 3772 2853 ἐξ
3816 2786 4034 2857 ἀνθρὼ-

2453 2902 2569 2936 πων
2591 2885 2955 2952 ἀφανισθῆναι
2985 2884 3076 2935 τὸν
3110 2877 3171 2936 οὗ
3199 2884 3231 2951 ἡ
3258 2881 3517 2952 διαθήκη,
3549 2881 3886 2950 ἀκυροῦσθαι
3930 2881 4033 2933 αὖ·

2450 2973 2548 3045 τὴν
2574 2977 2668 3027 καὶ
2710 2975 3004 3045 ἐγγράφως
3030 2974 3126 3027 καὶ⁵
3154 2973 3437 3043 ἀγράφως.
3482 2974 3577 3026 Ἐκ
3608 2973 3800 3027 τούτου
3831 2976 3898 3046 δή
3938 2995 4035 3031 του

2453 3065 2878 3135 προσδιορισμοῦ
2900 3065 2944 3096 ⁸⁸
2986 3065 3131 3119 πάνυ
3158 3065 3347 3127 ἀπλῶς
3389 3065 3500 3134 (ἵνα
3526 3064 3601 3135 μὴ
3631 3065 3774 3134 λέγω
3804 3068 3994 3129 κακῶς
4018 3071 4035 3137 )

773 3160 1028 3227 cupativo
1050 3158 1271 3226 placito,
1307 3171 1431 3209 cum
1460 3172 1568 3227 non
1596 3155 1886 3209 admodum
1904 3163 2063 3208 caute
2085 3156 2175 3217 (ne
2208 3155 2342 3209 inte-

2456 3156 2669 3226 ἔχοντος
2695 3156 2956 3226 σύγχυσις
2983 3156 3096 3225 ἔχει
3139 3156 3233 3209 καὶ
3262 3157 3465 3227 ἀπορία
3501 3156 3569 3209 τὰ
3598 3161 3727 3227 περὶ¹
3759 3157 4037 3229 διαθηκῶν

775 3250 876 3303 rim
932 3249 1110 3301 dit-am
1175 3248 1335 3315 male)
1366 3255 1720 3316 conceptum
1764 3248 1860 3311 sit,
1901 3246 2153 3300 confusio
2183 3254 2347 3315 atque

772 3340 1096 3410 ambiguitas
1129 3354 1240 3391 rem
1272 3338 1739 3393 testamentariatn
1780 3337 2006 3390 invadit.
2046 3337 2179 3391 Aliis
2200 3338 2345 3391 enim

770 3433 989 3484 videtur
1012 3438 1394 3484 testamentum
1424 3431 1575 3484 velut
1602 3428 1911 3482 adulterina
1944 3429 2171 3487 semina.
2195 3444 2348 3497 pror-

766 3522 870 3577 sus
894 3520 1263 3589 abjiciendum
1296 3538 1307 3572 :
1347 3530 1408 3573 ut
1450 3520 1574 3573 aliis
1608 3519 1828 3589 quidem
1860 3534 1923 3571 ex
1961 3520 2344 3573 bonisutilita-

772 3626 877 3667 tem
900 3626 1096 3681 capere
1120 3610 1781 3681 permittatur,defunctis
1809 3626 1939 3665 vero
1966 3625 2033 3664 ne
2057 3610 2344 3664 minimum

769 3706 989 3772 quidem
1055 3704 1308 3757 utilitatis
1341 3718 1403 3757 es
1434 3705 1597 3759 rebus
1645 3705 1760 3759 suis
1786 3705 2005 3758 accedat
2041 3722 2053 3756 :
2088 3704 2134 3757 si
2162 3712 2343 3756 tamen

768 3798 1012 3852 defuncti
1046 3797 1341 3850 utilitatem
1397 3797 1634 3862 aliquam
1659 3797 1922 3851 sentiunt.
1961 3796 2219 3849 Sentiunt
2244 3810 2342 3849 an-

771 3898 878 3941 tem
912 3903 1034 3941 cum
1064 3902 1129 3949 ex
1165 3887 1410 3957 ipsorum
1449 3896 1623 3941 morte
1663 3902 1757 3955 per
1794 3886 2041 3940 beneficii
2073 3885 2343 3955 erogatio-

768 3994 894 4033 nem
924 3979 1170 4033 nonnulli
1226 3978 1585 4032 reviviscunt.
1633 3978 1810 4045 Atque
1842 3978 1895 4030 Ιιί
1943 3976 2159 4045 quidem
2182 3977 2345 4047 (quo~

767 4071 934 4126 modo
991 4071 1129 4140 dixi)
1188 4072 1332 4124 hunc
1392 4071 1446 4123 in
1511 4071 1730 4125 modum
1788 4086 1814 4120 a
1875 4085 2056 4124 rerum
2120 4085 2343 4124 suarum

769 4161 1007 4216 utilitate
1070 4162 1345 4215 hominem
1407 4175 1635 4230 prorsus
1667 4174 1855 4214 arcere
1886 4160 2092 4215 volunt.
2134 4158 2346 4225 Quibus

768 4266 899 4307 vero
927 4251 1215 4325 benignior
1265 4252 1535 4306 Sententia
1602 4250 1786 4305 animo
1823 4251 2047 4317 residet,
2086 4250 2140 4305 Ιιί
2174 4259 2343 4307 testa-

699 4354 710 4365 ν
766 4350 975 4406 mento,
1039 4334 1184 4411 quod
1218 4341 1523 4412 sigillorum
1552 4341 1915 4411 impressione
1952 4340 2343 4410 perfectionem

2452 3248 2777 3316 πράγματα.
2824 3242 2920 3310 Οἷς
2952 3249 3050 3315 μὲν
3082 3248 3193 3315 γὰρ
3234 3246 3381 3300 δοκεῖ
3415 3247 3695 3309 παντελῶς
3728 3247 3921 3318 ὥσπερ
3966 3251 4037 3301 τὰ

2454 3336 2583 3387 νόθα
2626 3335 2735 3387 τῶν
2772 3335 3105 3405 σπερμάτων
3144 3335 3427 3403 ἐκρίπτειν
3467 3337 3565 3406 τὴν
3612 3337 3903 3407 διαθήκην,
3944 3340 4039 3393 καὶ

2449 3426 2629 3489 ἄλλοις
2653 3427 2752 3495 μὲν
2771 3428 2834 3480 ἐκ
2861 3428 2959 3494 τῆς
2986 3428 3305 3497 περιουσίας
3330 3429 3651 3497 ἐπιτρέπειν
3680 3430 4036 3498 ὠφελεῖσθαι.

2448 3517 2527 3585 τῷ
2550 3517 2762 3571 θανόντι
2798 3517 2855 3569 δὲ
2882 3518 3002 3570 οὐδὲ
3031 3519 3094 3570 τὸ
3137 3518 3478 3587 βραχύτατον
3521 3519 3790 3587 ὠφελείας
3832 3524 3899 3575 ὲκ
3928 3523 4038 3575 τῶν

2450 3606 2670 3659 οἰκείων
2696 3612 2939 3674 μετεῖναι
2967 3609 3149 3678 (είπερ
3171 3624 3256 3671 τις
3277 3608 3532 3662 θανοῦσιν
3547 3611 3776 3679 ὠφέλεια
3798 3614 4037 3679 γίνεται”

2453 3696 2662 3762 γίνεται
2683 3696 2739 3749 δὲ
2777 3696 3104 3760 ἀναζώντων
3124 3696 3284 3750 ἐνίων
3320 3700 3640 3769 εὐεργεσίας
3664 3700 3799 3770 ἐλέῳ
3827 3703 3893 3754 ὲκ
3938 3703 4041 3772 τῆς

2453 3790 2662 3841 ἐκείνου
2700 3790 3107 3858 ἀποϐιώσεως).
3146 3791 3306 3844 Ἀλλά
3336 3793 3445 3862 γὰρ
3472 3834 3487 3857 ,
3537 3793 3729 3864 ὥσπερ
3771 3790 4041 3858 εἷπον,ὀι

2456 3880 2555 3950 μὲν
2597 3880 2770 3944 οὕτως
2809 3881 3020 3945 ἀξιοῦσι
3052 3883 3330 3946 παντελῶς
3378 3884 3588 3953 εἴργειν
3627 3887 3720 3938 τὸν
3744 3886 4043 3957 ἄνθρωπον

2450 3971 2547 4039 τῆς
2592 3971 2702 4023 τῶν
2739 3971 2958 4023 οἰκείων
3003 3971 3306 4040 ὠφελείας,
3349 3975 3398 4025 οί
3431 3972 3487 4027 δὲ
3522 3974 4041 4045 φιλανθρωπότερον

2448 4061 2781 4131 διακείμενοι
2812 4063 3037 4131 νέμουσι
3082 4065 3148 4133 τῇ
3185 4064 3531 4139 μὴλαϐούσῃ
3576 4066 3815 4139 διαθήκῃ
3841 4068 3903 4120 τὸ
3949 4071 4039 4122 τέ-

2448 4155 2589 4208 λειον
2616 4155 2703 4207 διὰ
2740 4155 2849 4207 τῶν
2881 4155 3215 4223 σφραγίδων,
3244 4138 3294 4209 εί
3328 4158 3420 4210 καὶ
3463 4159 3538 4228 μὴ
3571 4160 3875 4230 ἔγγραφον,
3920 4161 4041 4215 ἀλλ’

2448 4247 2638 4299 ὁποίαν
2675 4246 2742 4300 ἂν
2778 4248 2811 4317 ή
2852 4248 3116 4318 ἀγράφως
3149 4249 3463 4320 κυρουμένη
3494 4250 3727 4322 διαθήκη
3766 4252 4040 4323 λαμϐάνοι

2452 4337 2763 4407 βεϐαίωσιν.

767 4446 877 4484 non
929 4431 1162 4500 accepit,
1194 4432 1240 4484 si
1275 4445 1381 4483 non
1415 4436 1473 4483 ut
1498 4430 1760 4499 scriptum
1814 4438 2134 4494 censeatur,
2185 4440 2334 4486 certe
2358 4441 2541 4487 tamen
2569 4431 2786 4501 qualem
2812 4445 2920 4484 non
2964 4430 3230 4500 scriptum
3280 4440 3335 4487 et
3394 4433 3824 4503 nuncupativum
3886 4437 4039 4488 acci-

768 4524 866 4590 pit.
900 4521 1062 4576 talem
1098 4522 1338 4587 vigorem
1375 4520 1640 4575 tribuunt.

832 4615 944 4670 Nos
964 4617 1151 4685 itaque
1178 4619 1592 4686 perplexitatem
1620 4617 1763 4670 bane
1795 4616 1932 4670 adeo
1961 4616 2126 4671 rebus
2151 4617 2344 4672 buma-

2522 4616 2710 4677 Οὕτως
2735 4611 2830 4668 οὖν
2857 4615 2957 4684 τὴν
2983 4613 3396 4684 ἀμφισϐήτησιν
3422 4614 3629 4685 ταύτην
3658 4616 3795 4685 πρὸς
3828 4617 4039 4687 βλάϐην

768 4707 853 4759 nis
886 4719 1009 4759 esse
1038 4714 1372 4759 nocnmento
1423 4706 1694 4766 videntes,
1728 4706 1779 4758 in
1823 4704 2211 4775 benigniornm
2245 4708 2337 4778 ju-

764 4798 946 4849 dicnm
1011 4795 1343 4849 sententiam
1405 4796 1634 4865 pedibus
1668 4797 1832 4857 imus,
1867 4797 2174 4866 veterisque
2204 4797 2339 4867 legis

764 4886 1055 4957 caliginem
1110 4895 1163 4940 et
1205 4885 1618 4957 ambiguitatem
1682 4887 1735 4939 in
1803 4885 2107 4956 simplicem
2175 4896 2340 4956 atque

763 4986 1006 5046 apertam
1053 4976 1424 5043 cognitionem
1478 4976 1876 5041 convertimus,
1922 4992 1986 5030 ac
2033 4977 2337 5041 sancimus,

768 5081 823 5122 ut
855 5069 930 5139 (ι)
950 5068 1089 5139 quod
1103 5076 1496 5132 testamentum,
1528 5079 1779 5138 respectu
1806 5084 1997 5124 eorum
2022 5085 2145 5140 quae
2194 5070 2338 5126 scri-

2447 4701 2614 4759 οὖσαν
2642 4705 2876 4774 ὁρῶντες
2898 4708 3009 4768 τοίς
3044 4705 3361 4776 πράγμασι,
3391 4706 3492 4775 τῆς
3514 4707 4036 4780 φιλανθρωποτέρας

2447 4796 2557 4849 τῶν
2583 4795 2853 4849 δικαστῶν
2879 4796 3093 4866 μερίδος
3123 4796 3413 4865 γινόμεθα,
3442 4798 3538 4849 καὶ
3562 4797 3657 4851 τοῦ
3684 4799 3922 4851 παλαιοῦ
3951 4801 4038 4852 νό-

2451 4905 2554 4957 μου
2580 4887 2641 4940 τδ
2674 4886 2947 4956 ἀχλυῶδες
2985 4890 3079 4942 καὶ
3119 4887 3412 4959 ἀμφίδοξον
3459 4890 3540 4951 εἰς
3571 4888 3750 4957 ἁπλῆν
3780 4890 3878 4943 καὶ
3907 4909 4039 4961 τρα-

2452 4978 2549 5049 νήν
2577 4978 2984 5049 μεταϐάλλομεν
3010 4980 3235 5049 εἴδησιν.
3275 4980 3577 5050 Τοιγαροῦν
3602 4981 3646 5011 ³¹
3676 4980 4035 5050 θεσπίζομεν,

2452 5070 2551 5140 τὴν
2598 5070 2739 5122 κατά
2784 5069 2850 5122 τά
2893 5071 3179 5139 ὀφείλοντα
3225 5073 3343 5135 ταῖς
3392 5073 3695 5141 ἐγγράφοις
3741 5071 4037 5143 διαθήκαις

2025 5206 2262 5261 VARUS
2296 5204 2700 5261 LECTIONES.

836 5296 877 5328 ³¹
911 5294 1116 5367 Spang.
1137 5296 1320 5367 mallet
1348 5297 1642 5365 φέρουσαν.
1710 5297 1754 5327 ³¹
1788 5295 2021 5367 Serimg.
2053 5297 2395 5367 διαθετικῶν.

2490 5298 2535 5330 ³³
2574 5299 2733 5369 Αςγι.
2772 5299 3055 5369 legendum
3085 5309 3271 5356 censet
3301 5301 3463 5364 ἑπτά,
3500 5275 3679 5357 Locus
3700 5311 4031 5369 corruptus:

761 5356 993 5446 fortasse
1018 5356 1125 5446 ζ’ζῆ
1154 5366 1331 5446 εχει.
1360 5356 1641 5446 constiti“.
1679 5356 2096 5446 prmcedenfem.
2168 5368 2215 5399 “
2251 5366 2439 5446 ZIli-CLI.
2475 5376 2529 5446 et
2572 5356 2794 5446 Meerm:
2822 5356 2918 5424 ἷεί
2954 5370 3028 5446 μή
3057 5370 3235 5446 πάντα
3254 5356 3731 5446 μὸμοῦῥσυνέλθοιη
3751 5356 4035 5446 τελείωσις

758 5435 863 5519 γῆς
905 5434 1483 5519 7.96‘Qj¢X1}‘.,n('-llf?d
1523 5434 1722 5519 βιιιιιιές.
1768 5444 2024 5505 pra-stare
2054 5446 2225 5505 putat.

757 5504 899 5559 πάνυ
924 5504 1130 5567 ἀπλῶς.
1213 5505 1257 5535 ³⁸
1289 5504 1402 5559 Ecl.
1430 5506 1636 5574 int-ipit.

2311 5437 2354 5468 ³⁸
2384 5435 2616 5506 Scritng.
2654 5435 3142 5510 προδιωρισμένου.
3177 5435 3377 5496 Deinde
3405 5439 3611 5511 Spang.
3644 5442 3759 5497 vult
3791 5442 3902 5512 legi
3959 5440 4035 5510 μὴ

2279 5617 2507 5674 ΝΟΤᾹιῖ.

855 5712 909 5772 3)
943 5707 1002 5761 ll.
1039 5710 1087 5773 ᾗ.
1131 5709 1183 5761 ὖ.

829 5780 1133 5842 timemus
1178 5789 1258 5833 est
1301 5795 1327 5831 θ
1369 5778 1546 5836 Leone
1582 5782 1715 5837 nilnl
1764 5785 1851 5838 lnc
1901 5798 2090 5841 eorum
2138 5784 2327 5837 imum-

2450 5715 2576 5772 turi.
2633 5731 2752 5783 qua».
2784 5716 2865 5769 vel
2901 5715 2968 5768 de
2992 5718 3219 5788 scripto,
3286 5718 3368 5773 vel
3422 5718 3797 5789 nuncupatim
3853 5726 4025 5777 testas

2438 5795 2621 5840 ntcntu
2657 5795 2816 5839 cantu
2855 5795 3009 5842 sunt.
