4248 6442
254 362 358 423 537

1329 363 1692 427 NOVELLIE
1724 365 2391 431 CONSTITUTIOXES.

3399 379 3506 441 538

252 477 372 539 οἵας
407 474 646 554 ἀκύρους
676 472 837 533 εἶναι.
867 479 928 532 οι
957 479 1054 548 μὲν
1080 478 1175 533 οὖν
1215 479 1441 533 παλαιοὶ
1475 482 1603 551 περὶ
1650 483 1840 537 τούτου
1868 488 1917 545 Δ

1828 500 1840 536 ι
1868 488 1917 545 Α
1942 486 2241 556 qualesque
2268 492 2460 539 contra
2493 484 2678 539 irritas
2721 500 2849 542 esse
2906 493 3175 556 Oporteat.
3202 485 3378 557 Atque
3409 506 3505 545 ve-

252 564 687 629 διασκοποῦντες
703 566 928 637 γνώμην
949 568 1234 638 ἐξέφηναν,
1261 570 1479 641 εκείνην
1502 570 1603 637 τὴν
1626 570 1835 639 δωρεὰν

250 656 553 709 ἐκπίπτειν
598 657 694 711 τοῦ
744 656 1050 727 βεϐαίου⁷⁵,
1082 659 1116 729 ἢ
1168 661 1408 731 χρυσίων
1459 662 1834 715 πεντακοσίων

250 746 574 816 ὑπερτείνει
610 749 799 818 τιμῆς,
856 752 904 801 εί
939 750 1013 819 μὴ
1068 750 1267 818 πρᾶξις
1298 751 1560 819 δημόσιος
1589 752 1834 820 ἐμφανὲς

249 835 312 887 τὸ
347 837 521 907 δῶρον
544 841 783 907 ποιήσει,
828 840 934 894 κᾶν
992 840 1275 911 ίδιαζούσῃ
1305 843 1399 894 καὶ⁷
1439 842 1835 913 μυστικωτέρᾳ

258 932 450 999 γραφῆ
493 929 589 982 τοῦ
641 930 1032 1000 δωρησαμένου
1065 933 1093 984 ὁ
1122 930 1303 984 λαϐὼν
1353 930 1695 999 ἀποφέρεται
1732 934 1833 1000 τῆς

258 1024 635 1095 προαιρέσεως
659 1026 759 1094 τὴν
794 1025 1098 1095 ἀσφάλειαν
1123 1042 1138 1058 ·
1171 1026 1269 1079 οὐκ
1290 1021 1408 1078 οἶδα
1431 1024 1484 1077 τί
1516 1024 1833 1095 βουλόμενοι

257 1116 437 1187 ταύτῃ
465 1120 532 1187 τῇ
586 1119 817 1187 περιττῇ
865 1117 1306 1187 ἀκριϐολογήσει.
1365 1117 1689 1188 Ἐγγράφως
1726 1119 1835 1188 γάρ

258 1209 841 1280 πεπραγματευμένης
876 1209 978 1279 τῆς
1027 1209 1237 1276 δωρεᾶς
1270 1208 1361 1263 καὶ
1417 1209 1727 1279 μαρτυρίας
1762 1209 1823 1262 οὗ

256 1298 558 1367 δεχομένης
612 1297 1011 1367 παραίτησιν⁷⁶
1043 1295 1215 1367 ταύτῃ
1269 1296 1706 1365 συναπτομένης,
1777 1295 1832 1348 τί

262 1390 427 1443 πλέον
454 1387 931 1459 ἀκριϐολογεῖσθαι
962 1386 1069 1440 ἔδει
1091 1404 1105 1451 ;

344 1483 513 1550 Ἥμῖν
546 1482 591 1512 ⁷⁷
620 1480 803 1533 τοίνυν
828 1478 928 1546 τὴν
957 1477 1247 1547 περίεργον
1278 1478 1326 1510 ⁷⁸
1353 1476 1576 1545 ’ταύτην
1607 1477 1834 1547 ἀκριϐο-

260 1574 451 1642 λογίαν
497 1572 585 1644 (ἣν
634 1571 754 1625 οὐδὲ
802 1570 1135 1639 τηρηθεῖσαν
1180 1570 1226 1601 τ’
1274 1568 1368 1622 ἐπὶ
1392 1568 1618 1639 δωρεαῖς
1697 1568 1835 1631 ὅλως

262 1664 466 1736 ἴσμεν)
496 1664 645 1716 δοκεῖ
691 1662 785 1715 καὶ
819 1660 1153 1731 θεσπίσματι
1199 1658 1615 1713 καταπαύσασιν
1659 1658 1836 1711 ἐκεῖνο

261 1756 639 1819 ὶκθεῖναι,ϊνα
660 1752 895 1823 δωρεάὴ
934 1753 1178 1822 χρυσίων
1239 1750 1583 1820 ὑπερέχουσα
1633 1766 1835 1802 πεντα-

1940 585 2083 631 teres
2116 575 2336 645 quidem
2387 575 2486 629 hac
2515 574 2586 628 de
2615 589 2674 628 re
2702 582 2999 632 tractantes
3059 579 3506 646 pronuntiarunt,

1938 665 2086 719 illam
2119 666 2467 719 donationem
2492 666 2807 727 concidere,
2832 681 2898 719 ne
2927 667 3077 720 ﬁrma
3114 669 3323 737 sitquae
3350 671 3511 737 quin-

1937 765 2221 825 gentorum
2282 771 2572 810 aureormn
2631 770 2898 810 summam
2938 769 3254 827 exsuperat,
3312 759 3417 813 nisi
3453 761 3509 814 in

1938 856 2057 901 acta
2092 845 2311 915 publica
2368 846 2545 900 relata
2569 848 2637 901 sit
2673 864 2687 901 τ
2720 838 3036 918 quanquam
3071 850 3234 903 etiam
3279 851 3511 905 donata-

1938 936 2049 992 rius
2075 936 2396 991 donationis
2426 944 2631 990 certam
2666 938 3046 1003 probationem
3079 940 3510 1009 propria.dona-

1936 1028 2074 1081 toris
2094 1042 2259 1083 manu
2295 1027 2549 1097 privatim
2584 1028 2841 1097 scriptam
2875 1029 3186 1084 abstulerit.
3216 1029 3295 1084 Ac
3316 1031 3509 1085 nescio

1935 1117 2066 1186 quid
2093 1118 2196 1173 sibi
2221 1119 2297 1173 illi
2320 1118 2595 1188 superﬂua
2622 1119 2723 1172 hac
2742 1119 3045 1175 subtilitate
3066 1121 3258 1175 velint.
3281 1121 3509 1188 Quando

1935 1208 2080 1263 enim
2104 1209 2330 1262 donatio
2375 1210 2584 1279 scripto
2617 1194 3059 1277 comprehensa,”
3088 1212 3250 1285 eique
3297 1212 3507 1280 justum

1935 1299 2306 1354 tastimonium
2355 1300 2658 1353 adhibitum
2716 1308 2901 1364 esset,
2953 1315 3218 1370 quorsum
3274 1301 3510 1372 amplius

1934 1399 2191 1444 accurate
2221 1389 2376 1444 linire
2407 1391 2717 1459 oportebat.

2004 1481 2173 1536 Nobis
2206 1485 2392 1551 itaque
2416 1492 2612 1537 exacta
2643 1483 2745 1536 hac
2772 1482 3111 1547 deﬁnitione,
3140 1498 3303 1554 quam
3335 1499 3510 1554 neque

1935 1574 2004 1630 de
2027 1575 2411 1631 donationibus
2451 1575 2653 1630 dictam
2706 1574 2818 1644 (58)
2850 1590 2973 1629 esse
3005 1576 3231 1630 omnino
3278 1577 3508 1640 scimus,

1936 1680 2034 1736 per
2060 1667 2394 1721 sanctionem
2425 1668 2732 1734 consopita,
2779 1666 2912 1719 illud
2964 1682 3268 1736 proponere
3329 1668 3509 1724 visum

1936 1765 2041 1817 est,
2074 1766 2133 1811 ut
2173 1757 2283 1826 ('59)
2317 1759 2362 1810 si
2398 1758 2623 1810 donatio
2652 1772 2773 1826 qua:
2829 1757 3158 1825 quingentos
3186 1773 3381 1814 aureos
3409 1775 3510 1814 ex-

261 1845 467 1901 κοσίων
525 1844 801 1914 ἔγγραφος
852 1844 950 1913 μὲν
974 1841 1109 1896 οὖσα
1186 1839 1518 1908 ἀναθέτητος
1585 1839 1835 1911 διαμένῃ,
1868 1835 1938 1891 Br

1831 1882 1835 1898 μ
1868 1835 1912 1890 Β
1937 1849 2102 1908 cedit.
2136 1850 2190 1903 in
2231 1851 2446 1902 Iittcras
2500 1850 2668 1902 relata
2703 1850 2796 1913 sit,
2829 1859 2946 1904 rata
2985 1860 3303 1920 permaneat
3336 1868 3350 1905 :
3387 1868 3508 1920 qua:

260 1938 542 2007 ἐγγράφου
583 1936 639 1988 δὲ
682 1933 994 1995 συστάσεως
1044 1932 1227 2002 ἐρήμη
1270 1931 1645 2003 γνωριζομένη
1700 1925 1836 1985 ἀϐἐέ

260 2028 417 2090 ϐαιος
545 2024 687 2080 κατά
706 2023 768 2077 τὸ
792 2021 1116 2091 ὕπερϐαἴνον
1162 2022 1358 2090 μέτρον
1403 2019 1514 2073 τῶν
1568 2036 1834 2074 πεντακο-

260 2117 399 2170 σίων
435 2115 811 2185 νομισμάτων,
836 2111 941 2165 κᾶν
984 2111 1088 2165 ὑπὸ
1124 2112 1394 2182 μάρτυσιν
1421 2111 1451 2163 ὁ
1481 2110 1578 2180 τῆς
1622 2111 1834 2181 δωρεᾶς

259 2208 706 2277 ἀντιποιούμενος
759 2223 964 2274 ταυτης
1033 2204 1398 2272 ἀντιποιῆται.
1463 2204 1571 2256 Καὶ
1628 2203 1737 2273 γὰρ
1796 2203 1830 2271 ἡ

262 2300 428 2369 μέχρι
460 2297 571 2350 τῶν
611 2295 984 2348 πεντακοσίων
1019 2292 1328 2362 τιμωμένη,
1354 2293 1403 2344 εί
1454 2292 1548 2346 καὶ
1574 2292 1834 2360 ἄγραφος

260 2390 375 2460 εἴη,
400 2386 550 2457 τρισὶ
604 2387 837 2457 μάρτυσι
902 2383 1214 2454 κυρουμένη
1267 2383 1422 2454 φέρει
1449 2382 1511 2436 τὸ
1566 2381 1780 2451 βέϐαιον
1817 2397 1833 2413 ο

259 2480 356 2532 καὶ
374 2478 493 2532 δέον
518 2478 691 2546 τούτῳ
719 2475 794 2545 τῷ
820 2474 975 2545 τύπῳ
996 2472 1388 2543 ὲξεταζομένας
1411 2470 1670 2541 ἰσχύεινῆ
1693 2471 1830 2525 ἀκυ-

260 2569 491 2645 ροῦσθαι
524 2569 621 2633 τὰς
641 2569 871 2637 δωρεάς.

792 2661 851 2712 ΔΙ
860 2656 1102 2711 ΑΤΔΞΙΣ
1137 2652 1271 2707 NA'.

261 2752 405 2823 Περὶ
443 2751 551 2806 τοῦ
582 2747 923 2823 εὑρεθέντος
995 2742 1325 2823 θηιζᾳυρρῦ,
1377 2742 1526 2823 getes
1553 2743 1717 2810 τίνος
1745 2743 1843 2797 δεῖ

546 2813 664 2874 τόγ’
686 2819 937 2886 εὑρόντα
966 2813 1300 2886 μερίζεσθαι
1345 2814 1552 2869 αὐτῶν.

344 2918 405 2970 '0
434 2916 599 2974 αὐτὸς
628 2914 880 2985 βασιλεὺς
915 2910 1194 2979 Στυλιανῷ
1220 2910 1296 2979 τῷ
1314 2910 1480 2979 αὐτῷ.

328 3002 442 3061 Ἦν
468 3007 567 3076 μὲν
597 3005 800 3074 ἀγαθὸν
852 3005 949 3057 καὶ
1002 3002 1267 3071 σωτήριον
1312 3004 1423 3063 τοῖς
1462 2999 1629 3062 Θείοις
1684 3002 1837 3070 ἡμᾶς

263 3099 361 3151 καὶ
395 3097 683 3167 σωτηρίοις
737 3093 1019 3147 πείθεσθαι
1051 3091 1237 3157 νόμοις
1268 3106 1284 3123 υ
1330 3089 1475 3142 οὕτω
1503 3090 1615 3159 γάρ
1672 3090 1829 3144 πολι-

1934 1956 2064 1995 vero
2110 1943 2319 2010 scripto
2378 1940 2775 2009 comprehensa
2823 1957 2929 1995 non
2989 1951 3094 2004 est,
3130 1958 3229 2011 pro
3251 1958 3316 1997 eo
3348 1944 3507 1997 modo

1932 2032 2026 2102 qui
2058 2033 2386 2103 quingentos
2446 2047 2645 2086 aureos
2694 2032 2929 2096 excedit,
2957 2033 3113 2087 irrita
3146 2035 3255 2088 sit:
3291 2035 3507 2090 tametsi

1936 2124 2258 2178 donatarius
2337 2109 2699 2191 prementibus
2784 2125 3019 2180 testibus
3068 2140 3183 2179 rem
3248 2126 3502 2181 donatam

1934 2216 2163 2285 adeptus
2192 2215 2283 2269 sit.
2319 2215 2534 2267 Etenim
2564 2214 2807 2274 donatio.
2836 2216 2998 2282 cujus
3017 2217 3309 2270 mstimatio
3338 2217 3506 2286 quin-

1934 2314 2126 2377 gentos
2178 2320 2374 2359 aureos
2436 2320 2547 2358 non
2610 2314 2854 2374 superat.
2888 2308 2989 2359 etsi
3052 2308 3363 2377 conscripta
3397 2323 3506 2363 non

1934 2399 2025 2459 sit,
2055 2397 2348 2451 dummodo
2402 2395 2578 2451 tribus
2608 2396 2843 2452 testibus
2870 2398 3243 2462 conﬁrmetur,
3277 2405 3393 2452 rata
3425 2398 3510 2463 ju-

1936 2487 2167 2541 dicatur.
2196 2486 2274 2539 Ad
2312 2486 2453 2540 hanc
2485 2500 2615 2554 ergo
2646 2485 2873 2539 formam
2902 2489 3226 2543 examinata:
3258 2486 3511 2543 donatio—

1937 2594 2055 2642 ncs,
2079 2586 2173 2631 aut
2194 2577 2433 2638 valeant,
2470 2586 2561 2630 aut
2590 2576 2760 2628 irritae
2786 2576 2917 2631 sint.

2429 2649 2899 2721 CONS'I‘ITUTIO
2928 2665 3012 2720 LI.

2078 2756 2157 2811 De
2186 2758 2394 2811 invento
2426 2752 2669 2810 thesauro
2702 2759 2855 2825 cujus
2882 2773 2995 2812 esse
3021 2757 3206 2814 debeat
3233 2760 3370 2831 (ὅθ).

2005 2906 2468 2980 lilemi‘mperator
2496 2906 2672 2965 eidem
2706 2909 2979 2981 Styli’ano.

2008 3001 2215 3055 Bonum
2248 3018 2381 3057 sane
2422 3012 2586 3069 atque
2616 3004 2860 3059 salutare
2903 3011 3074 3069 esset,
3115 3006 3160 3061 si
3195 3005 3396 3063 divinis
3421 3023 3512 3062 sa-

1936 3092 2281 3162 lutiferisqne
2342 3109 2547 3148 morem
2610 3108 2926 3163 gereremus
3003 3096 3235 3164 legibus.
3293 3084 3512 3151 Minime

262 3189 547 3259 τευόμενοι
573 3188 774 3256 ἣκιστα
806 3187 987 3253 νόμων
1042 3181 1398 3252 ἀνθρωπίνων
1459 3182 1830 3251 προσεδεήοη-
1856 3187 1899 3245 c
1933 3205 1939 3234 ς

1856 3187 1899 3245 C
1933 3185 2078 3237 enim
2118 3193 2234 3237 tum
2286 3183 2546 3238 humanis
2592 3185 2983 3255 indigeremus.
3039 3188 3363 3258 illarumque
3393 3190 3512 3243 luce

266 3298 389 3353 μεν,
416 3280 511 3333 καὶ
531 3279 609 3348 τῷ
640 3278 847 3332 ἐκεῖθεν
878 3275 1016 3345 φωτὶ
1043 3273 1302 3342 ἀσφαλῶς
1332 3272 1687 3342 ὁδηγούμενοι
1734 3273 1834 3326 οὐκ

1945 3286 2116 3331 tutam
2176 3277 2313 3331 viam
2372 3288 2860 3343 commoustrante,
2912 3281 3151 3337 humano
3197 3299 3262 3337 ex
3299 3283 3511 3352 legibus

262 3374 333 3428 ἂν
361 3372 461 3441 τῆς
491 3374 557 3425 ὲκ
586 3371 765 3440 νόμων
797 3367 1047 3440 βοηθείας
1077 3364 1428 3436 ἀνθρωπίνης
1452 3364 1532 3427 είς
1576 3364 1767 3435 χρείαν
1788 3364 1835 3396 ⁸ο

1834 3378 1835 3385 ‘
1943 3367 2147 3421 auxilio
2194 3368 2351 3423 nobis
2411 3384 2517 3423 non
2575 3380 2724 3425 esset
2774 3386 2930 3439 opus.
2999 3372 3201 3428 Verum
3253 3375 3511 3443 quoniam

1568 3477 1802 3534 VARUS
1842 3478 2240 3539 LECTIONES.

334 3582 384 3615 "
416 3579 653 3651 Scrimg;
677 3577 1038 3651 ﬂeﬁqlav,_cui
1066 3576 1220 3648 Agyl.
1247 3589 1371 3630 cum
1410 3574 1610 3651 Steph.
1635 3574 1767 3651 addi
1786 3577 1897 3629 vult
1920 3574 2077 3651 εἶναι.
2106 3577 2349 3651 Beﬁaiou‘
2362 3576 2565 3651 habent
2594 3577 2784 3651 Zuiclt.
2812 3587 2861 3651 et
2893 3579 3118 3651 Illeerm.
3185 3579 3509 3651 jf_Sc.rimg.

260 3652 325 3703 οὐ
355 3644 653 3721 δεχομένης
673 3644 805 3719 παρ’
824 3649 1016 3721 αὐτῆς.
1053 3644 1281 3716 pro'quo
1301 3660 1433 3721 cum
1461 3644 2199 3721 ξξερὲίι.ἐνδεχομένης-παρ’
2223 3647 2392 3713 αὐτῆς
2414 3648 2648 3721 editores
2679 3648 3111 3721 ferc‘dftlernnt.
3252 3648 3367 3703 Inc.
3398 3644 3514 3721 Ecl.

261 3722 311 3753 ⁷³
336 3714 451 3775 Ecl.
486 3714 837 3789 ἀπερίεργον.
891 3714 1148 3773 Fortasse
1180 3714 1411 3772 rectius.
1482 3716 1527 3748 ⁷⁸
1565 3714 1739 3769 Codd.
1771 3714 2018 3787 «hvmo;
2048 3714 2165 3772 Ecl.
2198 3732 2321 3770 vero
2344 3717 2697 3788 τηρηθεῖσαν.
2770 3718 2816 3749 ⁸ο
2845 3717 3038 3773 Zuich.
3089 3725 3143 3771 et
3178 3717 3398 3774 lleerm.
3456 3719 3516 3770 ὲν

262 3793 447 3862 χρείᾳ.

1766 3877 2004 3935 NOTAE.

336 3971 756 4095 (ὅεςξηθεϊσαν
783 3968 1011 4037 Scrim.,
1036 3970 1389 4041 τηρηθεῖσαν.
1406 3969 1599 4041 Cujac.
1622 3970 1712 4038 l7,
1731 3972 1834 4027 ob-

336 4060 414 4095 rv.
525 4081 539 4094 .

264 4060 414 4100 serv.
450 4060 539 4095 οἳ.

336 4113 451 4182 (39)
486 4110 655 4165 ϐιτεοί
690 4110 845 4164 aliter
877 4110 1081 4178 legunt,
1130 4117 1191 4165 ut
1238 4109 1420 4167 locum
1465 4125 1588 4166 esse
1644 4123 1835 4165 corru-

266 4196 419 4253 ptum
453 4182 579 4253 hinc
615 4182 956 4253 colligamus.

342 4252 455 4322 (ιθ)
508 4249 823 4322 Thesauri-us
868 4250 1026 4320 cujus
1062 4264 1186 4306 esse
1229 4249 1445 4311 debeat,
1477 4249 1717 4322 breviter
1746 4249 1835 4322 hic

265 4318 564 4377 notemus:
602 4318 949 4374 Thesauruni
996 4336 1103 4373 non
1154 4336 1296 4385 esse,
1349 4318 1494 4388 quod
1524 4320 1706 4387 quivis
1749 4319 1833 4374 vel

267 4392 434 4455 lucri,
468 4390 551 4443 vel
576 4397 778 4455 metus,
804 4390 886 4444 vel
907 4388 1172 4444 custodiae
1197 4404 1361 4445 causa
1391 4389 1495 4444 sub
1521 4396 1667 4443 terra
1690 4404 1827 4444 con:-

262 4463 427 4523 diclit,
459 4459 496 4512 l.
527 4460 616 4530 3i,
656 4459 701 4530 ᾗ.
726 4460 777 4519 1.
802 4458 857 4513 tl‘.
887 4460 959 4515 De
1006 4460 1340 4528 acquirendo
1382 4474 1561 4530 rerum
1613 4477 1632 4530 _:

264 4532 393 4602 quis
453 4527 709 4602 perdidi},
738 4536 847 4602 aut
892 4545 989 4602 per
1032 4527 1466 4602 errorentestm
1498 4527 1663 4582 fundo
1706 4527 1833 4583 inon

265 4596 518 4661 abstulit,
546 4599 584 4652 l.
613 4598 711 4659 67,-
736 4600 790 4653 in
821 4596 916 4653 ﬁn.
947 4597 1001 4653 θ’.
1034 4597 1107 4653 De
1136 4600 1212 4652 rei
1236 4597 1385 4653 vind.
1409 4596 1720 4654 Thesaurus
1758 4606 1842 4653 est

266 4680 426 4724 vetns
479 4669 725 4737 qua'dam
779 4668 1050 4737 depositio
1085 4668 1161 4722 rei
1205 4668 1420 4722 mobilis
1470 4668 1505 4721 Ι.
1539 4683 1633 4721 un.
1663 4668 1726 4722 C.
1768 4666 1843 4723 De

273 4742 523 4795 tliesaur.
548 4752 645 4791 seu
680 4740 910 4807 pecunia
939 4738 1095 4806 cujus
1116 4753 1222 4792 non
1253 4746 1429 4791 exstat
1457 4739 1743 4807 memoria,
1782 4747 1840 4791 ut

267 4825 331 4864 ea
355 4810 467 4875 jam
514 4806 795 4861 dominum
826 4824 932 4861 non
964 4809 1179 4869 habeat,
1213 4807 1267 4861 d.
1300 4808 1336 4860 l.
1362 4806 1455 4873 5|,
1485 4806 1713 4876 ejusque
1737 4807 1838 4859 do-

270 4882 457 4931 minus
479 4882 551 4931 sit
581 4878 799 4945 ignotus
844 4878 898 4931 d.
934 4876 969 4930 l.
1008 4878 1191 4931 unica.
1223 4877 1297 4931 De
1351 4877 1573 4930 invento
1614 4878 1716 4929 hoc
1758 4884 1839 4929 tc-

271 4948 511 5001 nendum
545 4958 646 5007 est,
674 4962 798 4999 cum
823 4948 914 5015 qui
949 4948 1268 5001 thesaurum
1301 4947 1356 4999 in
1396 4960 1496 5015 suo
1520 4959 1647 5000 casu
1682 4946 1837 4999 inve-

273 5018 440 5077 nerit,
470 5016 785 5069 omnimodo
827 5014 985 5071 suum
1031 5015 1227 5069 facere.
1266 5030 1411 5070 vers.
1458 5014 1590 5080 Quae
1619 5015 1836 5083 quidem

275 5089 361 5139 lex
391 5085 534 5139 infra
566 5086 729 5153 idque
751 5101 816 5137 ex
857 5085 1086 5138 naturali
1116 5085 1371 5153 aequitate
1408 5094 1463 5138 et
1495 5085 1554 5137 D.
1578 5083 1837 5153 lladriani

272 5151 667 5209 constitutione
697 5152 724 5224 §
764 5154 855 5219 39,
884 5155 1061 5209 lnstit.
1096 5151 1377 5207 De'rerum
1407 5155 1571 5209 divis.
1610 5151 1724 5206 Non
1755 5162 1840 5208 est

275 5226 419 5279 idem
458 5225 599 5277 ineo
647 5226 740 5291 qui
802 5225 1084 5277 sceleratis
1114 5237 1177 5276 ac
1198 5224 1492 5292 puniendis
1553 5224 1839 5277 sacriﬁciis

273 5294 561 5363 repererit,
586 5292 645 5348 d.
668 5294 705 5347 ι.
741 5294 913 5358 unic.;
951 5308 1075 5347 nam
1098 5300 1169 5363 et
1211 5294 1527 5347 thesaurum
1560 5293 1839 5363 inventum

274 5361 498 5443 amittit,
527 5371 585 5443 et
614 5363 939 5443 eq‘amplius
978 5361 1160 5431 puniri
1200 5372 1411 5443 potest,
1447 5364 1620 5443 arg.l.
1662 5362 1749 5443 ίξ),

277 5432 355 5487 De
374 5432 614 5487 sicariis.
661 5431 859 5502 Eadem
906 5447 1043 5500 pene
1088 5442 1215 5485 sunt
1264 5433 1316 5484 in
1348 5448 1413 5486 eo
1434 5433 1526 5502 qui
1554 5431 1608 5486 in
1636 5431 1849 5501 privati

275 5503 447 5556 fundo
467 5511 523 5555 et
562 5501 759 5565 alieno,
791 5500 915 5555 data
946 5514 1132 5569 opera,
1183 5516 1292 5555 non
1340 5500 1556 5555 volente
1602 5500 1840 5556 invitove

274 5573 501 5625 domino
531 5572 849 5626 thesaurum
889 5579 1401 5639 perscrutatnr,aut
1432 5577 1580 5624 certe
1635 5572 1839 5639 princi-

277 5642 364 5709 pis
398 5641 669 5708 permissu
696 5658 710 5694 :
742 5638 940 5709 quippe
997 5639 1248 5709 inventor
1277 5638 1427 5693 fundi
1476 5638 1697 5694 domino
1725 5641 1839 5693 the-

277 5708 501 5779 Sanrutn
572 5708 792 5763 reddere
846 5708 1157 5779 cogitur,d.
1193 5711 1228 5761 l.
1264 5712 1412 5763 unic.
1449 5709 1588 5774 Quid
1632 5711 1678 5763 si
1728 5725 1836 5762 non

279 5778 486 5844 studio,
524 5779 618 5834 sed
644 5794 797 5843 casu,
826 5778 953 5848 puta
985 5779 1054 5833 ab
1082 5788 1295 5839 aratore
1319 5780 1399 5833 vel
1453 5781 1668 5843 colono,
1700 5779 1754 5831 d.
1798 5780 1834 5831 l.

1942 3988 2039 4027 un.
2076 3971 2130 4026 in
2166 3971 2258 4025 ﬁn.
2289 3971 2374 4027 vel
2417 3970 2585 4025 fabris
2610 3968 2673 4023 ad
2698 3968 2892 4022 domus
2922 3967 3273 4023 refectionem
3303 3967 3516 4021 adhibi-

1946 4043 2040 4105 tis,
2072 4041 2109 4095 l.
2142 4041 2231 4105 67,
2268 4039 2322 4094 ll‘.
2362 4040 2435 4096 De
2471 4042 2546 4094 rei
2573 4038 2773 4092 vindic.
2809 4039 3102 4091 thesaurus
3122 4038 3194 4091 sit
3220 4041 3516 4105 repertus?

1953 4111 2227 4164 dividetur
2257 4111 2401 4164 inter
2432 4108 2583 4163 fundi
2604 4109 2883 4160 dominum
2911 4114 2962 4161 et
2996 4108 3332 4159 inventorem
3364 4122 3513 4165 vers.

1927 4179 2180 4248 jubemns
2200 4181 2339 4233 infra
2355 4179 2478 4233 eod.
2501 4179 2556 4233 d.
2582 4178 2614 4232 Ι.
2637 4175 2972 4248 unic.'dict.§
2991 4174 3234 4248 Q9,»Quid
3253 4176 3297 4227 si
3323 4175 3375 4227 in
3401 4178 3516 4232 loco

1940 4264 2101 4304 sacro
2131 4250 2209 4301 vel
2245 4251 2502 4316 religioso
2544 4248 2615 4316 sit
2648 4246 2941 4316 repertus?
2990 4245 3299 4316 Hadrianus
3342 4253 3514 4316 totum

1934 4318 2210 4372 concessit
2229 4313 2496 4371 inventori
2520 4316 2574 4386 d,
2595 4315 2621 4386 §
2642 4316 2729 4386 ὅθ.
2750 4315 3005 4386 Divivero
3028 4314 3221 4386 fratres
3237 4313 3518 4386 dimidium

1934 4389 2068 4441 ﬁsco
2119 4388 2389 4441 dederunt
2420 4390 2455 4441 Ι.
2479 4388 2532 4450 3,
2556 4382 2662 4455 §3,
2696 4384 2769 4439 De
2790 4386 2913 4455 jure
2947 4385 3083 4437 ﬁsci.
3112 4382 3232 4436 Jam
3272 4385 3366 4455 _ltic
3396 4389 3517 4455 opi-

1688 4460 1833 4529 quod
1866 4480 1910 4535 D
1939 4458 2159 4538 niomnn
2189 4458 2345 4510 turba
2384 4452 2665 4538 nas_cit_irr._
2689 4452 2985 4538 Accursins
3023 4456 3229 4538 dictum
3266 4452 3293 4523 δ
3344 4452 3515 4538 trice-

1943 4527 2142 4580 simum
2176 4542 2376 4580 nonum
2412 4527 2573 4581 refert
2602 4525 2667 4577 ad
2711 4524 3019 4592 mquitatem
3048 4543 3060 4576 :
3085 4521 3287 4592 dictam
3346 4522 3517 4592 legem

1944 4599 2182 4659 tertiam,
2210 4596 2385 4663 adjns
2440 4596 2733 4655 strictum;
2780 4591 2995 4660 'Angclo
3059 4593 3201 4645 dicta
3233 4591 3517 4663 lette’rtia

1943 4666 2217 4735 displicet.
2264 4661 2379 4719 ﬁsci
2432 4667 2551 4718 loco
2580 4662 2868 4735 ecclesiam
2904 4661 3514 4735 substituenti.._Zoane-

1943 4728 2049 4790 rus'
2071 4736 2124 4789 in
2155 4735 2300 4789 dicta
2327 4736 2439 4804 lege
2479 4734 2636 4787 tertia
2663 4733 2817 4804 “legit
2851 4748 2970 4804 non»
3029 4733 3192 4804 etiam
3217 4728 3509 4804 religiosis.

1944 4821 2055 4871 quo
2092 4805 2307 4857 nomine
2373 4802 2793 4873 reprehenditur
2821 4802 3112 4873 ahltuherto
3141 4802 3190 4862 l,
3224 4812 3423 4873 recept.
3452 4802 3505 4855 5.

1941 4876 2126 4939 anac.
2163 4874 2214 4935 5,
2246 4870 2462 4927 observ.
2518 4873 2568 4937 5,
2601 4873 2767 4925 refert
2826 4871 3026 4923 dictum
3059 4870 3229 4939 legem
3266 4872 3510 4939 tertiam

1942 4936 2218 4997 ari-locum
2285 4936 2606 5009 religiosum
2651 4941 2742 5008 qui
2772 4936 3133 5009 sitpnblicus
3168 4937 3223 4991 d.
3258 4937 3285 5007 ς
3328 4936 3519 5009 59ξκιι

1943 5014 2286 5082 religiosum,
2311 5008 2407 5082 qui
2431 5015 2501 5082 sit
2534 5012 2781 5082 nullius._
2820 5008 3110 5082 Fornerius
3138 5011 3196 5071 εὶ,
3260 5008 3513 5082 selectio.

1942 5078 2174 5140 nuni26.
2201 5078 2407 5135 dictum
2440 5081 2466 5149 ᾗ
2493 5083 2560 5135 39
2589 5079 2863 5141 emendat,
2915 5078 3151 5146 legitque
3204 5094 3268 5129 ac
3320 5078 3370 5149 si
3395 5078 3519 5149 quis

1942 5168 2041 5222 pro
2076 5162 2129 5204 at
2159 5152 2203 5204 si
2235 5154 2377 5219 quis.
2409 5146 2475 5205 eo
2509 5166 2676 5205 sensu
2710 5168 2725 5215 ;
2761 5150 2809 5201 ei
2835 5149 2926 5222 qui
2968 5149 3284 5222 thesaurum
3315 5146 3520 5222 inloco

1941 5217 2199 5288 religioso
2248 5217 2772 5275 'im'enitdintidium
2801 5219 3016 5279 cedere,
3052 5232 3116 5270 ac
3168 5218 3212 5270 si
3250 5217 3301 5269 in
3330 5218 3513 5288 alieno

1941 5286 2255 5360 reperisset,
2297 5291 2379 5346 sic
2411 5292 2611 5350 sentio,
2640 5288 3029 5360 Justinianmn
3060 5286 3508 5360 repudiatadivo-

1941 5355 2061 5414 rum
2092 5360 2324 5413 fratrum
2355 5361 2644 5419 sententia,
2682 5359 2741 5412 ll.
2774 5356 3032 5409 Hadriani
3063 5355 3517 5409 constitutionem

1941 5430 2214 5497 amplecti.
2246 5431 2385 5493 Quid
2425 5431 2468 5482 si
2503 5431 2555 5481 in
2583 5428 2816 5479 (liesaris
2873 5427 3008 5486 ﬁsci,
3041 5427 3123 5497 vel
3156 5424 3514 5497 publico,_vel

1940 5494 2177 5554 civitatis
2210 5500 2331 5551 loco
2351 5500 2644 5551 thesaurus
2685 5498 2756 5547 sit
2791 5494 3065 5562 repertus?
3108 5496 3359 5547 inventor
3385 5494 3511 5547 the-

1940 5584 2164 5622 saurum
2197 5584 2319 5621 cum
2355 5569 2482 5621 ﬁsco
2513 5580 2579 5619 ac
2636 5566 2858 5618 civitate
2892 5563 3099 5616 dividet
3151 5579 3212 5616 ea
3241 5564 3515 5615 constitu-

1939 5640 2087 5692 tione
2119 5637 2376 5691 lladriani
2409 5638 2460 5706 d.
2505 5634 2532 5706 §
2569 5635 2658 5706 59.
2716 5632 2879 5706 Plura
2929 5632 2995 5706 de
3046 5633 3361 5706 inventione
3388 5632 3514 5706 t_be-

1939 5709 2183 5769 sanri,et
2215 5708 2301 5760 cui
2331 5699 2660 5760 cedat'vide
2717 5702 2861 5772 apud
2932 5700 3269 5756 Fcrrandum
3294 5699 3351 5767 2,
3392 5701 3501 5755 Ex-

1939 5778 2289 5846 plicationutn
2325 5776 2414 5829 28.
