  <div class='ocr_page' id='page_1' title='image "/cluster/home/n/w/nwhite01/storage/ocr_20150623/107/nnc1.0046980040/331.png"; bbox 0 0 4248 6442; ppageno 0'>
   <div class='ocr_carea' id='block_1_1' title="bbox 775 399 883 462">
    <p class='ocr_par' dir='ltr' id='par_1_1' title="bbox 775 399 883 462">
     <span class='ocr_line' id='line_1_1' title="bbox 775 399 883 462; baseline 0 -1"><span class='ocrx_word' id='word_1_1' title='bbox 775 399 883 462; x_wconf 79' lang='lat'><strong>539</strong></span> 
     </span>
    </p>
   </div>
   <div class='ocr_carea' id='block_1_2' title="bbox 2035 398 2810 461">
    <p class='ocr_par' dir='ltr' id='par_1_2' title="bbox 2035 398 2810 461">
     <span class='ocr_line' id='line_1_2' title="bbox 2035 398 2810 461; baseline 0 -2"><span class='ocrx_word' id='word_1_2' title='bbox 2035 400 2232 461; x_wconf 84' lang='lat' dir='ltr'><strong>LEON</strong></span> <span class='ocrx_word' id='word_1_3' title='bbox 2244 401 2313 460; x_wconf 83' lang='lat' dir='ltr'><strong>IS</strong></span> <span class='ocrx_word' id='word_1_4' title='bbox 2350 401 2448 458; x_wconf 77' lang='lat' dir='ltr'><strong>Pii</strong></span> <span class='ocrx_word' id='word_1_5' title='bbox 2459 400 2477 457; x_wconf 86' lang='lat' dir='ltr'><strong>l</strong></span> <span class='ocrx_word' id='word_1_6' title='bbox 2488 398 2810 459; x_wconf 81' lang='lat' dir='ltr'><strong>LOSOPIII</strong></span> 
     </span>
    </p>
   </div>
   <div class='ocr_carea' id='block_1_3' title="bbox 3939 401 4043 462">
    <p class='ocr_par' dir='ltr' id='par_1_3' title="bbox 3939 401 4043 462">
     <span class='ocr_line' id='line_1_3' title="bbox 3939 401 4043 462; baseline 0.019 -4"><span class='ocrx_word' id='word_1_7' title='bbox 3939 401 4043 462; x_wconf 60' lang='lat'><strong>540</strong></span> 
     </span>
    </p>
   </div>
   <div class='ocr_carea' id='block_1_4' title="bbox 773 511 2450 586">
    <p class='ocr_par' dir='ltr' id='par_1_4' title="bbox 773 513 2424 586">
     <span class='ocr_line' id='line_1_4' title="bbox 773 513 2424 586; baseline 0.003 -21"><span class='ocrx_word' id='word_1_8' title='bbox 773 527 934 566; x_wconf 74' lang='lat' dir='ltr'><strong>emno</strong></span> <span class='ocrx_word' id='word_1_9' title='bbox 965 521 1126 581; x_wconf 87' lang='lat' dir='ltr'><strong>atque</strong></span> <span class='ocrx_word' id='word_1_10' title='bbox 1170 513 1280 564; x_wconf 85' lang='lat' dir='ltr'><strong>luto</strong></span> <span class='ocrx_word' id='word_1_11' title='bbox 1311 525 1500 566; x_wconf 87' lang='lat' dir='ltr'><strong>omnes</strong></span> <span class='ocrx_word' id='word_1_12' title='bbox 1538 526 1838 583; x_wconf 75' lang='lat' dir='ltr'><strong>emergere,</strong></span> <span class='ocrx_word' id='word_1_13' title='bbox 1877 514 2187 584; x_wconf 78' lang='lat' dir='ltr'><strong>divinisque</strong></span> <span class='ocrx_word' id='word_1_14' title='bbox 2215 533 2350 586; x_wconf 83' lang='lat' dir='ltr'><strong>pra:-</strong></span> <span class='ocrx_word' id='word_1_15' title='bbox 2383 518 2424 570; x_wconf 69' lang='grc' dir='ltr'><strong>Α</strong></span> 
     </span>
    </p>
   </div>
   <div class='ocr_carea' id='block_1_5' title="bbox 2364 511 4041 586">
    <p class='ocr_par' dir='ltr' id='par_1_5' title="bbox 2383 511 4041 584">
     <span class='ocr_line' id='line_1_5' title="bbox 2383 511 4041 584; baseline -0.002 -14"><span class='ocrx_word' id='word_1_16' title='bbox 2383 518 2424 570; x_wconf 68' lang='grc' dir='ltr'><strong>Α</strong></span> <span class='ocrx_word' id='word_1_17' title='bbox 2454 513 2819 584; x_wconf 82' lang='grc' dir='ltr'>κατέστημεν.</span> <span class='ocrx_word' id='word_1_18' title='bbox 2865 512 3001 567; x_wconf 80' lang='grc' dir='ltr'>Ἀλλ’</span> <span class='ocrx_word' id='word_1_19' title='bbox 3069 514 3192 566; x_wconf 66' lang='grc' dir='ltr'>ἐπεὶ</span> <span class='ocrx_word' id='word_1_20' title='bbox 3252 513 3342 566; x_wconf 74' lang='grc' dir='ltr'>τοῦ</span> <span class='ocrx_word' id='word_1_21' title='bbox 3399 511 3568 581; x_wconf 71' lang='grc' dir='ltr'>πηλοῦ</span> <span class='ocrx_word' id='word_1_22' title='bbox 3607 513 3700 565; x_wconf 70' lang='grc' dir='ltr'><strong>καὶ</strong></span> <span class='ocrx_word' id='word_1_23' title='bbox 3769 515 3856 581; x_wconf 76' lang='grc' dir='ltr'>τῆς</span> <span class='ocrx_word' id='word_1_24' title='bbox 3895 514 4041 578; x_wconf 68' lang='grc' dir='ltr'>ἰλύος</span> 
     </span>
    </p>
   </div>
   <div class='ocr_carea' id='block_1_6' title="bbox 775 603 2346 670">
    <p class='ocr_par' dir='ltr' id='par_1_6' title="bbox 775 603 2346 670">
     <span class='ocr_line' id='line_1_6' title="bbox 775 603 2346 670; baseline 0.004 -16"><span class='ocrx_word' id='word_1_25' title='bbox 775 604 950 670; x_wconf 83' lang='lat' dir='ltr'><strong>eeptis</strong></span> <span class='ocrx_word' id='word_1_26' title='bbox 981 604 1033 656; x_wconf 93' lang='lat' dir='ltr'><strong>in</strong></span> <span class='ocrx_word' id='word_1_27' title='bbox 1060 603 1260 655; x_wconf 77' lang='lat' dir='ltr'><strong>ctelum</strong></span> <span class='ocrx_word' id='word_1_28' title='bbox 1326 603 1648 659; x_wconf 89' lang='lat' dir='ltr'><strong>tollentibus</strong></span> <span class='ocrx_word' id='word_1_29' title='bbox 1703 605 1903 658; x_wconf 84' lang='lat' dir='ltr'><strong>elevari</strong></span> <span class='ocrx_word' id='word_1_30' title='bbox 1968 605 2187 662; x_wconf 79' lang='lat' dir='ltr'><strong>diliicile</strong></span> <span class='ocrx_word' id='word_1_31' title='bbox 2213 616 2298 663; x_wconf 89' lang='lat' dir='ltr'><strong>est</strong></span> <span class='ocrx_word' id='word_1_32' title='bbox 2334 627 2346 661; x_wconf 92' lang='lat'><strong>:</strong></span> 
     </span>
    </p>
   </div>
   <div class='ocr_carea' id='block_1_7' title="bbox 775 693 2351 769">
    <p class='ocr_par' dir='ltr' id='par_1_7' title="bbox 775 693 2351 769">
     <span class='ocr_line' id='line_1_7' title="bbox 775 693 2351 769; baseline 0.004 -23"><span class='ocrx_word' id='word_1_33' title='bbox 775 693 1014 746; x_wconf 88' lang='lat' dir='ltr'><strong>humano</strong></span> <span class='ocrx_word' id='word_1_34' title='bbox 1073 693 1258 761; x_wconf 82' lang='lat' dir='ltr'><strong>generi</strong></span> <span class='ocrx_word' id='word_1_35' title='bbox 1319 695 1548 749; x_wconf 93' lang='lat' dir='ltr'><strong>salutem</strong></span> <span class='ocrx_word' id='word_1_36' title='bbox 1601 696 2032 752; x_wconf 64' lang='lat' dir='ltr'><strong>aiambumana</strong></span> <span class='ocrx_word' id='word_1_37' title='bbox 2063 701 2351 769; x_wconf 78' lang='lat' dir='ltr'><strong>prudentia</strong></span> 
     </span>
    </p>
   </div>
   <div class='ocr_carea' id='block_1_8' title="bbox 775 785 2354 856">
    <p class='ocr_par' dir='ltr' id='par_1_8' title="bbox 775 785 2354 856">
     <span class='ocr_line' id='line_1_8' title="bbox 775 785 2354 856; baseline 0.004 -17"><span class='ocrx_word' id='word_1_38' title='bbox 775 802 872 855; x_wconf 86' lang='lat' dir='ltr'><strong>per</strong></span> <span class='ocrx_word' id='word_1_39' title='bbox 903 786 1047 854; x_wconf 80' lang='lat' dir='ltr'><strong>leges</strong></span> <span class='ocrx_word' id='word_1_40' title='bbox 1073 801 1202 839; x_wconf 89' lang='lat' dir='ltr'><strong>suas</strong></span> <span class='ocrx_word' id='word_1_41' title='bbox 1249 786 1547 840; x_wconf 82' lang='lat' dir='ltr'><strong>adinvenit.‘</strong></span> <span class='ocrx_word' id='word_1_42' title='bbox 1605 785 1950 856; x_wconf 75' lang='lat' dir='ltr'><strong>Quapropter</strong></span> <span class='ocrx_word' id='word_1_43' title='bbox 2000 791 2164 845; x_wconf 88' lang='lat' dir='ltr'><strong>etiam</strong></span> <span class='ocrx_word' id='word_1_44' title='bbox 2206 806 2354 846; x_wconf 91' lang='lat' dir='ltr'><strong>nunc</strong></span> 
     </span>
    </p>
   </div>
   <div class='ocr_carea' id='block_1_9' title="bbox 774 878 2352 946">
    <p class='ocr_par' dir='ltr' id='par_1_9' title="bbox 774 878 2352 946">
     <span class='ocr_line' id='line_1_9' title="bbox 774 878 2352 946; baseline 0.006 -16"><span class='ocrx_word' id='word_1_45' title='bbox 774 892 920 940; x_wconf 89' lang='lat' dir='ltr'><strong>cum,</strong></span> <span class='ocrx_word' id='word_1_46' title='bbox 949 891 1260 946; x_wconf 81' lang='lat' dir='ltr'><strong>quanquam</strong></span> <span class='ocrx_word' id='word_1_47' title='bbox 1291 878 1553 933; x_wconf 80' lang='lat' dir='ltr'><strong>Dominus</strong></span> <span class='ocrx_word' id='word_1_48' title='bbox 1583 886 1636 931; x_wconf 91' lang='lat' dir='ltr'><strong>et</strong></span> <span class='ocrx_word' id='word_1_49' title='bbox 1678 878 1936 936; x_wconf 86' lang='lat' dir='ltr'><strong>Servator</strong></span> <span class='ocrx_word' id='word_1_50' title='bbox 1972 892 2158 937; x_wconf 90' lang='lat' dir='ltr'><strong>noster</strong></span> <span class='ocrx_word' id='word_1_51' title='bbox 2187 883 2352 939; x_wconf 88' lang='lat' dir='ltr'><strong>mise-</strong></span> 
     </span>
    </p>
   </div>
   <div class='ocr_carea' id='block_1_10' title="bbox 775 968 2352 1042">
    <p class='ocr_par' dir='ltr' id='par_1_10' title="bbox 775 968 2352 1042">
     <span class='ocr_line' id='line_1_10' title="bbox 775 968 2352 1042; baseline 0.006 -20"><span class='ocrx_word' id='word_1_52' title='bbox 775 968 1019 1022; x_wconf 83' lang='lat' dir='ltr'><strong>ricordes</strong></span> <span class='ocrx_word' id='word_1_53' title='bbox 1049 984 1172 1023; x_wconf 89' lang='lat' dir='ltr'><strong>esse</strong></span> <span class='ocrx_word' id='word_1_54' title='bbox 1201 984 1502 1037; x_wconf 89' lang='lat' dir='ltr'><strong>eorumque</strong></span> <span class='ocrx_word' id='word_1_55' title='bbox 1531 970 1623 1037; x_wconf 88' lang='lat' dir='ltr'><strong>qui</strong></span> <span class='ocrx_word' id='word_1_56' title='bbox 1649 971 1832 1038; x_wconf 79' lang='lat' dir='ltr'><strong>inopia</strong></span> <span class='ocrx_word' id='word_1_57' title='bbox 1866 983 2193 1042; x_wconf 88' lang='lat' dir='ltr'><strong>premuntur</strong></span> <span class='ocrx_word' id='word_1_58' title='bbox 2226 975 2352 1032; x_wconf 90' lang='lat' dir='ltr'><strong>illos</strong></span> 
     </span>
    </p>
   </div>
   <div class='ocr_carea' id='block_1_11' title="bbox 772 1060 2351 1137">
    <p class='ocr_par' dir='ltr' id='par_1_11' title="bbox 772 1060 2351 1137">
     <span class='ocr_line' id='line_1_11' title="bbox 772 1060 2351 1137; baseline 0.007 -25"><span class='ocrx_word' id='word_1_59' title='bbox 772 1061 864 1128; x_wconf 87' lang='lat' dir='ltr'><strong>qui</strong></span> <span class='ocrx_word' id='word_1_60' title='bbox 918 1061 1087 1128; x_wconf 90' lang='lat' dir='ltr'><strong>ipsius</strong></span> <span class='ocrx_word' id='word_1_61' title='bbox 1136 1061 1293 1114; x_wconf 82' lang='lat' dir='ltr'><strong>donis</strong></span> <span class='ocrx_word' id='word_1_62' title='bbox 1322 1060 1567 1116; x_wconf 76' lang='lat' dir='ltr'><strong>fruentes</strong></span> <span class='ocrx_word' id='word_1_63' title='bbox 1600 1063 1652 1116; x_wconf 93' lang='lat' dir='ltr'><strong>in</strong></span> <span class='ocrx_word' id='word_1_64' title='bbox 1684 1064 1926 1119; x_wconf 89' lang='lat' dir='ltr'><strong>allluenti</strong></span> <span class='ocrx_word' id='word_1_65' title='bbox 1983 1081 2168 1120; x_wconf 88' lang='lat' dir='ltr'><strong>rerum</strong></span> <span class='ocrx_word' id='word_1_66' title='bbox 2193 1070 2351 1137; x_wconf 87' lang='lat' dir='ltr'><strong>copia</strong></span> 
     </span>
    </p>
   </div>
   <div class='ocr_carea' id='block_1_12' title="bbox 774 1154 2351 1224">
    <p class='ocr_par' dir='ltr' id='par_1_12' title="bbox 774 1154 2351 1224">
     <span class='ocr_line' id='line_1_12' title="bbox 774 1154 2351 1224; baseline 0.005 -19"><span class='ocrx_word' id='word_1_67' title='bbox 774 1155 985 1219; x_wconf 84' lang='lat' dir='ltr'><strong>vivunt,</strong></span> <span class='ocrx_word' id='word_1_68' title='bbox 1019 1154 1286 1223; x_wconf 81' lang='lat' dir='ltr'><strong>angustiis</strong></span> <span class='ocrx_word' id='word_1_69' title='bbox 1317 1168 1643 1208; x_wconf 90' lang='lat' dir='ltr'><strong>succurrere</strong></span> <span class='ocrx_word' id='word_1_70' title='bbox 1681 1156 1930 1224; x_wconf 83' lang='lat' dir='ltr'><strong>jusserit,</strong></span> <span class='ocrx_word' id='word_1_71' title='bbox 1989 1159 2236 1212; x_wconf 90' lang='lat' dir='ltr'><strong>nonnulli</strong></span> <span class='ocrx_word' id='word_1_72' title='bbox 2267 1167 2351 1213; x_wconf 87' lang='lat' dir='ltr'><strong>ta-</strong></span> 
     </span>
    </p>
   </div>
   <div class='ocr_carea' id='block_1_13' title="bbox 773 1243 2350 1314">
    <p class='ocr_par' dir='ltr' id='par_1_13' title="bbox 773 1243 2350 1314">
     <span class='ocr_line' id='line_1_13' title="bbox 773 1243 2350 1314; baseline 0.003 -17"><span class='ocrx_word' id='word_1_73' title='bbox 773 1262 895 1298; x_wconf 83' lang='lat' dir='ltr'><strong>men</strong></span> <span class='ocrx_word' id='word_1_74' title='bbox 923 1246 996 1298; x_wconf 92' lang='lat' dir='ltr'><strong>ita</strong></span> <span class='ocrx_word' id='word_1_75' title='bbox 1029 1246 1080 1297; x_wconf 91' lang='lat' dir='ltr'><strong>in</strong></span> <span class='ocrx_word' id='word_1_76' title='bbox 1136 1243 1424 1296; x_wconf 83' lang='lat' dir='ltr'><strong>Dominum</strong></span> <span class='ocrx_word' id='word_1_77' title='bbox 1470 1245 1693 1314; x_wconf 76' lang='lat' dir='ltr'><strong>ingrati,</strong></span> <span class='ocrx_word' id='word_1_78' title='bbox 1743 1261 1976 1314; x_wconf 82' lang='lat' dir='ltr'><strong>ergaque</strong></span> <span class='ocrx_word' id='word_1_79' title='bbox 2006 1261 2350 1304; x_wconf 86' lang='lat' dir='ltr'><strong>communem</strong></span> 
     </span>
    </p>
   </div>
   <div class='ocr_carea' id='block_1_14' title="bbox 776 1334 2351 1406">
    <p class='ocr_par' dir='ltr' id='par_1_14' title="bbox 776 1334 2351 1406">
     <span class='ocr_line' id='line_1_14' title="bbox 776 1334 2351 1406; baseline 0.006 -22"><span class='ocrx_word' id='word_1_80' title='bbox 776 1334 1052 1385; x_wconf 81' lang='lat' dir='ltr'><strong>hominum</strong></span> <span class='ocrx_word' id='word_1_81' title='bbox 1094 1334 1474 1400; x_wconf 80' lang='lat' dir='ltr'><strong>cognationem</strong></span> <span class='ocrx_word' id='word_1_82' title='bbox 1531 1335 2032 1389; x_wconf 86' lang='lat' dir='ltr'><strong>commiserationis</strong></span> <span class='ocrx_word' id='word_1_83' title='bbox 2094 1347 2351 1406; x_wconf 79' lang='lat' dir='ltr'><strong>expertes</strong></span> 
     </span>
    </p>
   </div>
   <div class='ocr_carea' id='block_1_15' title="bbox 774 1423 2351 1497">
    <p class='ocr_par' dir='ltr' id='par_1_15' title="bbox 774 1423 2351 1497">
     <span class='ocr_line' id='line_1_15' title="bbox 774 1423 2351 1497; baseline 0.008 -25"><span class='ocrx_word' id='word_1_84' title='bbox 774 1432 922 1485; x_wconf 69' lang='lat' dir='ltr'><strong>sunt,</strong></span> <span class='ocrx_word' id='word_1_85' title='bbox 956 1434 1013 1474; x_wconf 90' lang='lat' dir='ltr'><strong>ut</strong></span> <span class='ocrx_word' id='word_1_86' title='bbox 1041 1439 1147 1475; x_wconf 91' lang='lat' dir='ltr'><strong>non</strong></span> <span class='ocrx_word' id='word_1_87' title='bbox 1180 1423 1343 1476; x_wconf 88' lang='lat' dir='ltr'><strong>modo</strong></span> <span class='ocrx_word' id='word_1_88' title='bbox 1374 1440 1480 1476; x_wconf 83' lang='lat' dir='ltr'><strong>non</strong></span> <span class='ocrx_word' id='word_1_89' title='bbox 1507 1425 1794 1492; x_wconf 81' lang='lat' dir='ltr'><strong>benignam</strong></span> <span class='ocrx_word' id='word_1_90' title='bbox 1823 1440 2040 1479; x_wconf 90' lang='lat' dir='ltr'><strong>manum</strong></span> <span class='ocrx_word' id='word_1_91' title='bbox 2062 1431 2351 1497; x_wconf 80' lang='lat' dir='ltr'><strong>egentibus</strong></span> 
     </span>
    </p>
   </div>
   <div class='ocr_carea' id='block_1_16' title="bbox 775 1514 2352 1590">
    <p class='ocr_par' dir='ltr' id='par_1_16' title="bbox 775 1514 2352 1590">
     <span class='ocr_line' id='line_1_16' title="bbox 775 1514 2352 1590; baseline 0.008 -28"><span class='ocrx_word' id='word_1_92' title='bbox 775 1515 1070 1579; x_wconf 70' lang='lat' dir='ltr'><strong>pnebeant,</strong></span> <span class='ocrx_word' id='word_1_93' title='bbox 1145 1530 1330 1568; x_wconf 89' lang='lat' dir='ltr'><strong>vermu</strong></span> <span class='ocrx_word' id='word_1_94' title='bbox 1395 1514 1582 1578; x_wconf 84' lang='lat' dir='ltr'><strong>etiam,</strong></span> <span class='ocrx_word' id='word_1_95' title='bbox 1630 1524 1892 1584; x_wconf 84' lang='lat' dir='ltr'><strong>tanquam</strong></span> <span class='ocrx_word' id='word_1_96' title='bbox 1943 1518 2078 1572; x_wconf 88' lang='lat' dir='ltr'><strong>solis</strong></span> <span class='ocrx_word' id='word_1_97' title='bbox 2130 1535 2352 1590; x_wconf 79' lang='lat' dir='ltr'><strong>quoque</strong></span> 
     </span>
    </p>
   </div>
   <div class='ocr_carea' id='block_1_17' title="bbox 771 1605 2347 1678">
    <p class='ocr_par' dir='ltr' id='par_1_17' title="bbox 771 1605 2347 1678">
     <span class='ocr_line' id='line_1_17' title="bbox 771 1605 2347 1678; baseline 0.004 -19"><span class='ocrx_word' id='word_1_98' title='bbox 771 1605 942 1659; x_wconf 85' lang='lat' dir='ltr'><strong>radiis</strong></span> <span class='ocrx_word' id='word_1_99' title='bbox 983 1606 1210 1660; x_wconf 79' lang='lat' dir='ltr'><strong>tetricos</strong></span> <span class='ocrx_word' id='word_1_100' title='bbox 1267 1608 1560 1660; x_wconf 76' lang='lat' dir='ltr'><strong>thesauros</strong></span> <span class='ocrx_word' id='word_1_101' title='bbox 1585 1622 1716 1660; x_wconf 89' lang='lat' dir='ltr'><strong>suos</strong></span> <span class='ocrx_word' id='word_1_102' title='bbox 1765 1610 2012 1678; x_wconf 80' lang='lat' dir='ltr'><strong>aspicere</strong></span> <span class='ocrx_word' id='word_1_103' title='bbox 2049 1611 2347 1675; x_wconf 82' lang='lat' dir='ltr'><strong>invideant,</strong></span> 
     </span>
    </p>
   </div>
   <div class='ocr_carea' id='block_1_18' title="bbox 774 1697 2350 1758">
    <p class='ocr_par' dir='ltr' id='par_1_18' title="bbox 774 1697 2350 1758">
     <span class='ocr_line' id='line_1_18' title="bbox 774 1697 2350 1758; baseline 0.004 -8"><span class='ocrx_word' id='word_1_104' title='bbox 774 1699 826 1750; x_wconf 91' lang='lat' dir='ltr'><strong>in</strong></span> <span class='ocrx_word' id='word_1_105' title='bbox 859 1710 1055 1752; x_wconf 83' lang='lat' dir='ltr'><strong>terram</strong></span> <span class='ocrx_word' id='word_1_106' title='bbox 1089 1699 1210 1751; x_wconf 86' lang='lat' dir='ltr'><strong>i-llos</strong></span> <span class='ocrx_word' id='word_1_107' title='bbox 1237 1697 1519 1750; x_wconf 84' lang='lat' dir='ltr'><strong>delodiant</strong></span> <span class='ocrx_word' id='word_1_108' title='bbox 1544 1717 1556 1751; x_wconf 91' lang='lat'><strong>:</strong></span> <span class='ocrx_word' id='word_1_109' title='bbox 1584 1699 1970 1754; x_wconf 91' lang='lat' dir='ltr'><strong>deinhumano</strong></span> <span class='ocrx_word' id='word_1_110' title='bbox 1993 1703 2096 1756; x_wconf 90' lang='lat' dir='ltr'><strong>hoc</strong></span> <span class='ocrx_word' id='word_1_111' title='bbox 2130 1703 2350 1758; x_wconf 87' lang='lat' dir='ltr'><strong>invento</strong></span> 
     </span>
    </p>
   </div>
   <div class='ocr_carea' id='block_1_19' title="bbox 773 1790 2346 1863">
    <p class='ocr_par' dir='ltr' id='par_1_19' title="bbox 773 1790 2346 1863">
     <span class='ocr_line' id='line_1_19' title="bbox 773 1790 2346 1863; baseline 0.003 -22"><span class='ocrx_word' id='word_1_112' title='bbox 773 1791 826 1841; x_wconf 89' lang='lat' dir='ltr'><strong>in</strong></span> <span class='ocrx_word' id='word_1_113' title='bbox 855 1790 1089 1841; x_wconf 66' lang='lat' dir='ltr'><strong>medium</strong></span> <span class='ocrx_word' id='word_1_114' title='bbox 1161 1791 1332 1858; x_wconf 81' lang='lat' dir='ltr'><strong>legem</strong></span> <span class='ocrx_word' id='word_1_115' title='bbox 1395 1790 1616 1858; x_wconf 86' lang='lat' dir='ltr'><strong>prodire</strong></span> <span class='ocrx_word' id='word_1_116' title='bbox 1648 1795 1914 1859; x_wconf 88' lang='lat' dir='ltr'><strong>eportuit.</strong></span> <span class='ocrx_word' id='word_1_117' title='bbox 1948 1795 2080 1857; x_wconf 65' lang='lat' dir='ltr'><strong>Quae</strong></span> <span class='ocrx_word' id='word_1_118' title='bbox 2127 1795 2346 1863; x_wconf 84' lang='lat' dir='ltr'><strong>quidem</strong></span> 
     </span>
    </p>
   </div>
   <div class='ocr_carea' id='block_1_20' title="bbox 770 1881 2346 1953">
    <p class='ocr_par' dir='ltr' id='par_1_20' title="bbox 770 1881 2346 1953">
     <span class='ocr_line' id='line_1_20' title="bbox 770 1881 2346 1953; baseline 0.004 -21"><span class='ocrx_word' id='word_1_119' title='bbox 770 1881 856 1932; x_wconf 78' lang='lat' dir='ltr'><strong>lea:</strong></span> <span class='ocrx_word' id='word_1_120' title='bbox 883 1896 1006 1934; x_wconf 89' lang='lat' dir='ltr'><strong>cum</strong></span> <span class='ocrx_word' id='word_1_121' title='bbox 1055 1881 1184 1933; x_wconf 90' lang='lat' dir='ltr'><strong>olim</strong></span> <span class='ocrx_word' id='word_1_122' title='bbox 1223 1882 1329 1934; x_wconf 91' lang='lat' dir='ltr'><strong>lata</strong></span> <span class='ocrx_word' id='word_1_123' title='bbox 1379 1885 1482 1935; x_wconf 82' lang='lat' dir='ltr'><strong>l&#39;uei</strong></span> <span class='ocrx_word' id='word_1_124' title='bbox 1500 1883 1558 1942; x_wconf 93' lang='lat' dir='ltr'><strong>it,</strong></span> <span class='ocrx_word' id='word_1_125' title='bbox 1605 1883 1744 1934; x_wconf 85' lang='lat' dir='ltr'><strong>victa</strong></span> <span class='ocrx_word' id='word_1_126' title='bbox 1785 1891 1964 1937; x_wconf 89' lang='lat' dir='ltr'><strong>autem</strong></span> <span class='ocrx_word' id='word_1_127' title='bbox 2001 1885 2346 1953; x_wconf 89' lang='lat' dir='ltr'><strong>postmodum</strong></span> 
     </span>
    </p>
   </div>
   <div class='ocr_carea' id='block_1_21' title="bbox 770 1971 2345 2042">
    <p class='ocr_par' dir='ltr' id='par_1_21' title="bbox 770 1971 2345 2042">
     <span class='ocr_line' id='line_1_21' title="bbox 770 1971 2345 2042; baseline 0.004 -21"><span class='ocrx_word' id='word_1_128' title='bbox 770 1987 800 2021; x_wconf 71' lang='grc' dir='ltr'><strong>,ι</strong></span> <span class='ocrx_word' id='word_1_129' title='bbox 835 1971 1148 2039; x_wconf 84' lang='lat' dir='ltr'><strong>cupiditate,</strong></span> <span class='ocrx_word' id='word_1_130' title='bbox 1212 1989 1335 2041; x_wconf 75' lang='lat' dir='ltr'><strong>qua:</strong></span> <span class='ocrx_word' id='word_1_131' title='bbox 1394 1975 1593 2027; x_wconf 81' lang='lat' dir='ltr'><strong>inultas</strong></span> <span class='ocrx_word' id='word_1_132' title='bbox 1626 1975 1876 2042; x_wconf 80' lang='lat' dir='ltr'><strong>egregias</strong></span> <span class='ocrx_word' id='word_1_133' title='bbox 1905 1990 1993 2030; x_wconf 91' lang='lat' dir='ltr'><strong>res</strong></span> <span class='ocrx_word' id='word_1_134' title='bbox 2031 1976 2345 2042; x_wconf 79' lang='lat' dir='ltr'><strong>labefactat,</strong></span> 
     </span>
    </p>
   </div>
   <div class='ocr_carea' id='block_1_22' title="bbox 770 2067 2351 2135">
    <p class='ocr_par' dir='ltr' id='par_1_22' title="bbox 770 2067 2351 2135">
     <span class='ocr_line' id='line_1_22' title="bbox 770 2067 2351 2135; baseline 0.003 -18"><span class='ocrx_word' id='word_1_135' title='bbox 770 2068 839 2117; x_wconf 84' lang='lat' dir='ltr'><strong>ab</strong></span> <span class='ocrx_word' id='word_1_136' title='bbox 863 2067 1162 2135; x_wconf 72' lang='lat' dir='ltr'><strong>eademque</strong></span> <span class='ocrx_word' id='word_1_137' title='bbox 1194 2082 1292 2121; x_wconf 87' lang='lat' dir='ltr'><strong>sun</strong></span> <span class='ocrx_word' id='word_1_138' title='bbox 1323 2069 1506 2135; x_wconf 82' lang='lat' dir='ltr'><strong>vigore</strong></span> <span class='ocrx_word' id='word_1_139' title='bbox 1535 2068 1746 2135; x_wconf 88' lang='lat' dir='ltr'><strong>privata</strong></span> <span class='ocrx_word' id='word_1_140' title='bbox 1787 2069 1860 2124; x_wconf 84' lang='lat' dir='ltr'><strong>sit</strong></span> <span class='ocrx_word' id='word_1_141' title='bbox 1903 2087 1916 2123; x_wconf 91' lang='lat'><strong>:</strong></span> <span class='ocrx_word' id='word_1_142' title='bbox 1950 2085 2095 2124; x_wconf 91' lang='lat' dir='ltr'><strong>nunc</strong></span> <span class='ocrx_word' id='word_1_143' title='bbox 2133 2072 2202 2124; x_wconf 87' lang='lat' dir='ltr'><strong>ab</strong></span> <span class='ocrx_word' id='word_1_144' title='bbox 2248 2071 2351 2124; x_wconf 87' lang='lat' dir='ltr'><strong>im-</strong></span> 
     </span>
    </p>
   </div>
   <div class='ocr_carea' id='block_1_23' title="bbox 771 2153 2347 2226">
    <p class='ocr_par' dir='ltr' id='par_1_23' title="bbox 771 2153 2347 2226">
     <span class='ocr_line' id='line_1_23' title="bbox 771 2153 2347 2226; baseline 0.008 -24"><span class='ocrx_word' id='word_1_145' title='bbox 771 2153 1039 2217; x_wconf 82' lang='lat' dir='ltr'><strong>peratoria</strong></span> <span class='ocrx_word' id='word_1_146' title='bbox 1069 2167 1256 2208; x_wconf 79' lang='lat' dir='ltr'><strong>nosu&#39;a</strong></span> <span class='ocrx_word' id='word_1_147' title='bbox 1285 2154 1573 2222; x_wconf 84' lang='lat' dir='ltr'><strong>majestate</strong></span> <span class='ocrx_word' id='word_1_148' title='bbox 1606 2157 1659 2210; x_wconf 92' lang='lat' dir='ltr'><strong>in</strong></span> <span class='ocrx_word' id='word_1_149' title='bbox 1693 2157 1969 2226; x_wconf 82' lang='lat' dir='ltr'><strong>integrum</strong></span> <span class='ocrx_word' id='word_1_150' title='bbox 2021 2159 2347 2215; x_wconf 84' lang='lat' dir='ltr'><strong>restituitur.</strong></span> 
     </span>
    </p>
   </div>
   <div class='ocr_carea' id='block_1_24' title="bbox 767 2237 2352 2314">
    <p class='ocr_par' dir='ltr' id='par_1_24' title="bbox 767 2237 2352 2314">
     <span class='ocr_line' id='line_1_24' title="bbox 767 2237 2352 2314; baseline 0.006 -22"><span class='ocrx_word' id='word_1_151' title='bbox 767 2237 1002 2293; x_wconf 79' lang='lat' dir='ltr'><strong>Jnhebat</strong></span> <span class='ocrx_word' id='word_1_152' title='bbox 1034 2249 1216 2294; x_wconf 87' lang='lat' dir='ltr'><strong>autem</strong></span> <span class='ocrx_word' id='word_1_153' title='bbox 1279 2243 1371 2296; x_wconf 89' lang='lat' dir='ltr'><strong>illa</strong></span> <span class='ocrx_word' id='word_1_154' title='bbox 1425 2244 1563 2311; x_wconf 59' lang='lat' dir='ltr'><strong>(il),</strong></span> <span class='ocrx_word' id='word_1_155' title='bbox 1601 2256 1659 2298; x_wconf 91' lang='lat' dir='ltr'><strong>ut</strong></span> <span class='ocrx_word' id='word_1_156' title='bbox 1693 2246 1787 2314; x_wconf 89' lang='lat' dir='ltr'><strong>qui</strong></span> <span class='ocrx_word' id='word_1_157' title='bbox 1822 2245 1877 2300; x_wconf 93' lang='lat' dir='ltr'><strong>in</strong></span> <span class='ocrx_word' id='word_1_158' title='bbox 1901 2245 2185 2301; x_wconf 78' lang='lat' dir='ltr'><strong>defossum</strong></span> <span class='ocrx_word' id='word_1_159' title='bbox 2229 2249 2352 2302; x_wconf 82' lang='lat' dir='ltr'><strong>tlte-</strong></span> 
     </span>
    </p>
   </div>
   <div class='ocr_carea' id='block_1_25' title="bbox 770 2331 2351 2405">
    <p class='ocr_par' dir='ltr' id='par_1_25' title="bbox 770 2331 2351 2405">
     <span class='ocr_line' id='line_1_25' title="bbox 770 2331 2351 2405; baseline 0.004 -21"><span class='ocrx_word' id='word_1_160' title='bbox 770 2333 1028 2384; x_wconf 83' lang='lat' dir='ltr'><strong>s:mrum‘</strong></span> <span class='ocrx_word' id='word_1_161' title='bbox 1064 2331 1380 2394; x_wconf 79' lang='lat' dir='ltr'><strong>incidisset,</strong></span> <span class='ocrx_word' id='word_1_162' title='bbox 1415 2335 1456 2384; x_wconf 84' lang='lat' dir='ltr'><strong>si</strong></span> <span class='ocrx_word' id='word_1_163' title='bbox 1493 2333 1756 2400; x_wconf 75' lang='lat' dir='ltr'><strong>praedium</strong></span> <span class='ocrx_word' id='word_1_164' title='bbox 1818 2335 1870 2388; x_wconf 92' lang='lat' dir='ltr'><strong>in</strong></span> <span class='ocrx_word' id='word_1_165' title='bbox 1923 2351 2034 2405; x_wconf 92' lang='lat' dir='ltr'><strong>quo</strong></span> <span class='ocrx_word' id='word_1_166' title='bbox 2096 2338 2351 2391; x_wconf 83' lang='lat' dir='ltr'><strong>inventus</strong></span> 
     </span>
    </p>
   </div>
   <div class='ocr_carea' id='block_1_26' title="bbox 769 2419 2350 2496">
    <p class='ocr_par' dir='ltr' id='par_1_26' title="bbox 769 2419 2350 2496">
     <span class='ocr_line' id='line_1_26' title="bbox 769 2419 2350 2496; baseline 0.005 -24"><span class='ocrx_word' id='word_1_167' title='bbox 769 2428 938 2482; x_wconf 80' lang='lat' dir='ltr'><strong>eSset,</strong></span> <span class='ocrx_word' id='word_1_168' title='bbox 972 2419 1038 2472; x_wconf 86' lang='lat' dir='ltr'><strong>ad</strong></span> <span class='ocrx_word' id='word_1_169' title='bbox 1069 2422 1370 2490; x_wconf 89' lang='lat' dir='ltr'><strong>principem</strong></span> <span class='ocrx_word' id='word_1_170' title='bbox 1411 2424 1522 2491; x_wconf 67' lang='lat'><strong>(.52)</strong></span> <span class='ocrx_word' id='word_1_171' title='bbox 1578 2424 1896 2492; x_wconf 87' lang='lat' dir='ltr'><strong>pertineret,</strong></span> <span class='ocrx_word' id='word_1_172' title='bbox 1950 2426 2221 2496; x_wconf 83' lang='lat' dir='ltr'><strong>alioqnive</strong></span> <span class='ocrx_word' id='word_1_173' title='bbox 2250 2444 2350 2496; x_wconf 88' lang='lat' dir='ltr'><strong>pu-</strong></span> 
     </span>
    </p>
   </div>
   <div class='ocr_carea' id='block_1_27' title="bbox 771 2511 2348 2587">
    <p class='ocr_par' dir='ltr' id='par_1_27' title="bbox 771 2511 2348 2587">
     <span class='ocr_line' id='line_1_27' title="bbox 771 2511 2348 2587; baseline 0.008 -27"><span class='ocrx_word' id='word_1_174' title='bbox 771 2511 972 2562; x_wconf 87' lang='lat' dir='ltr'><strong>blicum</strong></span> <span class='ocrx_word' id='word_1_175' title='bbox 1005 2519 1171 2575; x_wconf 83' lang='lat' dir='ltr'><strong>esset,</strong></span> <span class='ocrx_word' id='word_1_176' title='bbox 1232 2513 1382 2566; x_wconf 89' lang='lat' dir='ltr'><strong>illum</strong></span> <span class='ocrx_word' id='word_1_177' title='bbox 1415 2529 1479 2568; x_wconf 78' lang='lat' dir='ltr'><strong>ex</strong></span> <span class='ocrx_word' id='word_1_178' title='bbox 1511 2529 1670 2584; x_wconf 61' lang='lat' dir='ltr'><strong>teque</strong></span> <span class='ocrx_word' id='word_1_179' title='bbox 1703 2529 1827 2569; x_wconf 89' lang='lat' dir='ltr'><strong>cum</strong></span> <span class='ocrx_word' id='word_1_180' title='bbox 1861 2516 1994 2571; x_wconf 83' lang='lat' dir='ltr'><strong>lisco</strong></span> <span class='ocrx_word' id='word_1_181' title='bbox 2026 2521 2348 2587; x_wconf 88' lang='lat' dir='ltr'><strong>partiretur,</strong></span> 
     </span>
    </p>
   </div>
   <div class='ocr_carea' id='block_1_28' title="bbox 770 2602 2348 2682">
    <p class='ocr_par' dir='ltr' id='par_1_28' title="bbox 770 2602 2348 2682">
     <span class='ocr_line' id='line_1_28' title="bbox 770 2602 2348 2682; baseline 0.008 -28"><span class='ocrx_word' id='word_1_182' title='bbox 770 2602 815 2654; x_wconf 87' lang='lat' dir='ltr'><strong>si</strong></span> <span class='ocrx_word' id='word_1_183' title='bbox 842 2618 968 2656; x_wconf 82' lang='lat' dir='ltr'><strong>vero</strong></span> <span class='ocrx_word' id='word_1_184' title='bbox 997 2605 1151 2659; x_wconf 82' lang='lat' dir='ltr'><strong>locus</strong></span> <span class='ocrx_word' id='word_1_185' title='bbox 1207 2607 1351 2660; x_wconf 90' lang='lat' dir='ltr'><strong>unde</strong></span> <span class='ocrx_word' id='word_1_186' title='bbox 1405 2607 1696 2663; x_wconf 87' lang='lat' dir='ltr'><strong>thesaurus</strong></span> <span class='ocrx_word' id='word_1_187' title='bbox 1732 2611 1786 2663; x_wconf 92' lang='lat' dir='ltr'><strong>in</strong></span> <span class='ocrx_word' id='word_1_188' title='bbox 1819 2611 1998 2664; x_wconf 89' lang='lat' dir='ltr'><strong>lucem</strong></span> <span class='ocrx_word' id='word_1_189' title='bbox 2028 2613 2348 2682; x_wconf 86' lang='lat' dir='ltr'><strong>prodiisset,</strong></span> 
     </span>
    </p>
   </div>
   <div class='ocr_carea' id='block_1_29' title="bbox 771 2695 2347 2770">
    <p class='ocr_par' dir='ltr' id='par_1_29' title="bbox 771 2695 2347 2770">
     <span class='ocr_line' id='line_1_29' title="bbox 771 2695 2347 2770; baseline 0.007 -27"><span class='ocrx_word' id='word_1_190' title='bbox 771 2707 947 2761; x_wconf 79' lang='lat' dir='ltr'><strong>neque</strong></span> <span class='ocrx_word' id='word_1_191' title='bbox 980 2695 1048 2747; x_wconf 93' lang='lat' dir='ltr'><strong>ad</strong></span> <span class='ocrx_word' id='word_1_192' title='bbox 1102 2695 1405 2765; x_wconf 84' lang='lat' dir='ltr'><strong>principem</strong></span> <span class='ocrx_word' id='word_1_193' title='bbox 1458 2698 1787 2765; x_wconf 80' lang='lat' dir='ltr'><strong>pertineret,</strong></span> <span class='ocrx_word' id='word_1_194' title='bbox 1843 2714 2019 2766; x_wconf 89' lang='lat' dir='ltr'><strong>neque</strong></span> <span class='ocrx_word' id='word_1_195' title='bbox 2064 2703 2347 2770; x_wconf 86' lang='lat' dir='ltr'><strong>publicus,</strong></span> 
     </span>
    </p>
   </div>
   <div class='ocr_carea' id='block_1_30' title="bbox 768 2783 2350 2859">
    <p class='ocr_par' dir='ltr' id='par_1_30' title="bbox 768 2783 2350 2859">
     <span class='ocr_line' id='line_1_30' title="bbox 768 2783 2350 2859; baseline 0.006 -23"><span class='ocrx_word' id='word_1_196' title='bbox 768 2783 863 2837; x_wconf 89' lang='lat' dir='ltr'><strong>sed</strong></span> <span class='ocrx_word' id='word_1_197' title='bbox 891 2785 1115 2841; x_wconf 84' lang='lat' dir='ltr'><strong>alterius</strong></span> <span class='ocrx_word' id='word_1_198' title='bbox 1140 2786 1446 2856; x_wconf 88' lang='lat' dir='ltr'><strong>cujuspiam</strong></span> <span class='ocrx_word' id='word_1_199' title='bbox 1476 2797 1642 2850; x_wconf 88' lang='lat' dir='ltr'><strong>esset,</strong></span> <span class='ocrx_word' id='word_1_200' title='bbox 1678 2789 1724 2843; x_wconf 91' lang='lat' dir='ltr'><strong>is</strong></span> <span class='ocrx_word' id='word_1_201' title='bbox 1758 2791 2062 2857; x_wconf 71' lang='lat' dir='ltr'><strong>aequalibus</strong></span> <span class='ocrx_word' id='word_1_202' title='bbox 2103 2792 2350 2859; x_wconf 85' lang='lat' dir='ltr'><strong>partibus</strong></span> 
     </span>
    </p>
   </div>
   <div class='ocr_carea' id='block_1_31' title="bbox 767 2876 2341 2948">
    <p class='ocr_par' dir='ltr' id='par_1_31' title="bbox 767 2876 2341 2948">
     <span class='ocr_line' id='line_1_31' title="bbox 767 2876 2341 2948; baseline 0.006 -21"><span class='ocrx_word' id='word_1_203' title='bbox 767 2876 909 2932; x_wconf 78' lang='lat' dir='ltr'><strong>inter</strong></span> <span class='ocrx_word' id='word_1_204' title='bbox 940 2876 1280 2932; x_wconf 89' lang='lat' dir='ltr'><strong>inventorem</strong></span> <span class='ocrx_word' id='word_1_205' title='bbox 1321 2879 1614 2948; x_wconf 72' lang='lat' dir='ltr'><strong>prmdiique</strong></span> <span class='ocrx_word' id='word_1_206' title='bbox 1635 2881 1920 2934; x_wconf 74' lang='lat' dir='ltr'><strong>deminuit)</strong></span> <span class='ocrx_word' id='word_1_207' title='bbox 1949 2881 2291 2936; x_wconf 86' lang='lat' dir='ltr'><strong>divideretur</strong></span> <span class='ocrx_word' id='word_1_208' title='bbox 2329 2902 2341 2937; x_wconf 91' lang='lat'>:</span> 
     </span>
    </p>
   </div>
   <div class='ocr_carea' id='block_1_32' title="bbox 767 2966 2350 3042">
    <p class='ocr_par' dir='ltr' id='par_1_32' title="bbox 767 2966 2350 3042">
     <span class='ocr_line' id='line_1_32' title="bbox 767 2966 2350 3042; baseline 0.006 -23"><span class='ocrx_word' id='word_1_209' title='bbox 767 2966 1002 3036; x_wconf 85' lang='lat' dir='ltr'><strong>denique</strong></span> <span class='ocrx_word' id='word_1_210' title='bbox 1030 2970 1073 3023; x_wconf 89' lang='lat' dir='ltr'><strong>si</strong></span> <span class='ocrx_word' id='word_1_211' title='bbox 1101 2969 1403 3026; x_wconf 88' lang='lat' dir='ltr'><strong>inventoris</strong></span> <span class='ocrx_word' id='word_1_212' title='bbox 1439 2970 1702 3040; x_wconf 68' lang='lat' dir='ltr'><strong>prmdium</strong></span> <span class='ocrx_word' id='word_1_213' title='bbox 1756 2979 1927 3036; x_wconf 85' lang='lat' dir='ltr'><strong>esset,</strong></span> <span class='ocrx_word' id='word_1_214' title='bbox 1984 2973 2086 3042; x_wconf 81' lang='lat' dir='ltr'><strong>ipsi</strong></span> <span class='ocrx_word' id='word_1_215' title='bbox 2143 2989 2232 3028; x_wconf 86' lang='lat' dir='ltr'><strong>res</strong></span> <span class='ocrx_word' id='word_1_216' title='bbox 2268 2976 2350 3028; x_wconf 88' lang='lat' dir='ltr'><strong>in-</strong></span> 
     </span>
    </p>
   </div>
   <div class='ocr_carea' id='block_1_33' title="bbox 767 3061 2346 3134">
    <p class='ocr_par' dir='ltr' id='par_1_33' title="bbox 767 3061 2346 3134">
     <span class='ocr_line' id='line_1_33' title="bbox 767 3061 2346 3134; baseline 0.006 -23"><span class='ocrx_word' id='word_1_217' title='bbox 767 3069 929 3112; x_wconf 83' lang='lat' dir='ltr'><strong>venta</strong></span> <span class='ocrx_word' id='word_1_218' title='bbox 959 3061 1214 3115; x_wconf 80' lang='lat' dir='ltr'><strong>universa</strong></span> <span class='ocrx_word' id='word_1_219' title='bbox 1247 3063 1487 3117; x_wconf 90' lang='lat' dir='ltr'><strong>cederet.</strong></span> <span class='ocrx_word' id='word_1_220' title='bbox 1541 3063 1715 3131; x_wconf 81' lang='lat' dir='ltr'><strong>Atque</strong></span> <span class='ocrx_word' id='word_1_221' title='bbox 1739 3064 1853 3118; x_wconf 68' lang='lat' dir='ltr'><strong>haec</strong></span> <span class='ocrx_word' id='word_1_222' title='bbox 1885 3066 2108 3134; x_wconf 89' lang='lat' dir='ltr'><strong>quidem</strong></span> <span class='ocrx_word' id='word_1_223' title='bbox 2142 3067 2225 3121; x_wconf 76' lang='lat' dir='ltr'><strong>lex</strong></span> <span class='ocrx_word' id='word_1_224' title='bbox 2256 3067 2346 3120; x_wconf 91' lang='lat' dir='ltr'><strong>illa</strong></span> 
     </span>
    </p>
   </div>
   <div class='ocr_carea' id='block_1_34' title="bbox 767 3150 2348 3224">
    <p class='ocr_par' dir='ltr' id='par_1_34' title="bbox 767 3150 2348 3224">
     <span class='ocr_line' id='line_1_34' title="bbox 767 3150 2348 3224; baseline 0.006 -21"><span class='ocrx_word' id='word_1_225' title='bbox 767 3151 969 3203; x_wconf 79' lang='lat' dir='ltr'><strong>sanxit.</strong></span> <span class='ocrx_word' id='word_1_226' title='bbox 1004 3150 1200 3204; x_wconf 71' lang='lat' dir='ltr'><strong>\‘crusn</strong></span> <span class='ocrx_word' id='word_1_227' title='bbox 1262 3152 1374 3221; x_wconf 65' lang='grc'><strong>(45)</strong></span> <span class='ocrx_word' id='word_1_228' title='bbox 1419 3168 1672 3221; x_wconf 82' lang='lat' dir='ltr'><strong>perversa</strong></span> <span class='ocrx_word' id='word_1_229' title='bbox 1731 3157 2004 3224; x_wconf 85' lang='lat' dir='ltr'><strong>cupiditas</strong></span> <span class='ocrx_word' id='word_1_230' title='bbox 2052 3157 2194 3212; x_wconf 87' lang='lat' dir='ltr'><strong>haud</strong></span> <span class='ocrx_word' id='word_1_231' title='bbox 2230 3157 2348 3212; x_wconf 91' lang='lat' dir='ltr'><strong>scio</strong></span> 
     </span>
    </p>
   </div>
   <div class='ocr_carea' id='block_1_35' title="bbox 766 3244 2342 3316">
    <p class='ocr_par' dir='ltr' id='par_1_35' title="bbox 766 3244 2342 3316">
     <span class='ocr_line' id='line_1_35' title="bbox 766 3244 2342 3316; baseline 0.006 -23"><span class='ocrx_word' id='word_1_232' title='bbox 766 3244 1042 3308; x_wconf 86' lang='lat' dir='ltr'><strong>quomodo</strong></span> <span class='ocrx_word' id='word_1_233' title='bbox 1077 3245 1164 3296; x_wconf 87' lang='lat' dir='ltr'><strong>illa</strong></span> <span class='ocrx_word' id='word_1_234' title='bbox 1212 3245 1649 3314; x_wconf 85' lang='lat' dir='ltr'><strong>circumscripta,</strong></span> <span class='ocrx_word' id='word_1_235' title='bbox 1683 3246 1980 3316; x_wconf 77' lang='lat' dir='ltr'><strong>iniqunquc</strong></span> <span class='ocrx_word' id='word_1_236' title='bbox 2030 3248 2184 3302; x_wconf 88' lang='lat' dir='ltr'><strong>lucro</strong></span> <span class='ocrx_word' id='word_1_237' title='bbox 2206 3249 2342 3304; x_wconf 79' lang='lat' dir='ltr'><strong>ﬁsco</strong></span> 
     </span>
    </p>
   </div>
   <div class='ocr_carea' id='block_1_36' title="bbox 766 3333 2340 3406">
    <p class='ocr_par' dir='ltr' id='par_1_36' title="bbox 766 3333 2340 3406">
     <span class='ocr_line' id='line_1_36' title="bbox 766 3333 2340 3406; baseline 0.007 -23"><span class='ocrx_word' id='word_1_238' title='bbox 766 3333 986 3397; x_wconf 85' lang='lat' dir='ltr'><strong>donato,</strong></span> <span class='ocrx_word' id='word_1_239' title='bbox 1015 3336 1088 3387; x_wconf 91' lang='lat' dir='ltr'><strong>illi</strong></span> <span class='ocrx_word' id='word_1_240' title='bbox 1121 3335 1174 3388; x_wconf 91' lang='lat' dir='ltr'><strong>in</strong></span> <span class='ocrx_word' id='word_1_241' title='bbox 1203 3336 1348 3389; x_wconf 89' lang='lat' dir='ltr'><strong>hunc</strong></span> <span class='ocrx_word' id='word_1_242' title='bbox 1371 3351 1544 3406; x_wconf 84' lang='lat' dir='ltr'><strong>usque</strong></span> <span class='ocrx_word' id='word_1_243' title='bbox 1565 3337 1706 3391; x_wconf 88' lang='lat' dir='ltr'><strong>diem</strong></span> <span class='ocrx_word' id='word_1_244' title='bbox 1727 3338 2007 3391; x_wconf 87' lang='lat' dir='ltr'><strong>inventum</strong></span> <span class='ocrx_word' id='word_1_245' title='bbox 2023 3339 2340 3394; x_wconf 89' lang='lat' dir='ltr'><strong>thesaurum</strong></span> 
     </span>
    </p>
   </div>
   <div class='ocr_carea' id='block_1_37' title="bbox 766 3423 2344 3498">
    <p class='ocr_par' dir='ltr' id='par_1_37' title="bbox 766 3423 2344 3498">
     <span class='ocr_line' id='line_1_37' title="bbox 766 3423 2344 3498; baseline 0.006 -24"><span class='ocrx_word' id='word_1_246' title='bbox 766 3423 1042 3483; x_wconf 78' lang='lat' dir='ltr'><strong>attribuit,</strong></span> <span class='ocrx_word' id='word_1_247' title='bbox 1076 3425 1360 3494; x_wconf 72' lang='lat' dir='ltr'><strong>legemque</strong></span> <span class='ocrx_word' id='word_1_248' title='bbox 1390 3428 1619 3480; x_wconf 88' lang='lat' dir='ltr'><strong>otiosam</strong></span> <span class='ocrx_word' id='word_1_249' title='bbox 1652 3427 1908 3481; x_wconf 88' lang='lat' dir='ltr'><strong>reddidit.</strong></span> <span class='ocrx_word' id='word_1_250' title='bbox 1941 3429 2008 3481; x_wconf 83' lang='lat' dir='ltr'><strong>At</strong></span> <span class='ocrx_word' id='word_1_251' title='bbox 2037 3429 2166 3498; x_wconf 88' lang='lat' dir='ltr'><strong>quid</strong></span> <span class='ocrx_word' id='word_1_252' title='bbox 2214 3429 2344 3483; x_wconf 92' lang='lat' dir='ltr'><strong>hinc</strong></span> 
     </span>
    </p>
   </div>
   <div class='ocr_carea' id='block_1_38' title="bbox 766 3515 2346 3583">
    <p class='ocr_par' dir='ltr' id='par_1_38' title="bbox 766 3515 2346 3583">
     <span class='ocr_line' id='line_1_38' title="bbox 766 3515 2346 3583; baseline 0.006 -16"><span class='ocrx_word' id='word_1_253' title='bbox 766 3515 1074 3583; x_wconf 65' lang='lat' dir='ltr'><strong>contingit?</strong></span> <span class='ocrx_word' id='word_1_254' title='bbox 1100 3517 1201 3581; x_wconf 79' lang='lat' dir='ltr'><strong>Qui</strong></span> <span class='ocrx_word' id='word_1_255' title='bbox 1237 3517 1434 3572; x_wconf 81' lang='lat' dir='ltr'><strong>alicubi</strong></span> <span class='ocrx_word' id='word_1_256' title='bbox 1476 3519 1791 3574; x_wconf 87' lang='lat' dir='ltr'><strong>reconditos</strong></span> <span class='ocrx_word' id='word_1_257' title='bbox 1845 3519 2018 3574; x_wconf 88' lang='lat' dir='ltr'><strong>laterc</strong></span> <span class='ocrx_word' id='word_1_258' title='bbox 2052 3520 2346 3578; x_wconf 82' lang='lat' dir='ltr'><strong>thesauros</strong></span> 
     </span>
    </p>
   </div>
   <div class='ocr_carea' id='block_1_39' title="bbox 767 3608 2342 3680">
    <p class='ocr_par' dir='ltr' id='par_1_39' title="bbox 767 3608 2342 3680">
     <span class='ocr_line' id='line_1_39' title="bbox 767 3608 2342 3680; baseline 0.005 -21"><span class='ocrx_word' id='word_1_259' title='bbox 767 3608 1110 3670; x_wconf 83' lang='lat' dir='ltr'><strong>seiunt,dmn</strong></span> <span class='ocrx_word' id='word_1_260' title='bbox 1135 3609 1273 3661; x_wconf 79' lang='lat' dir='ltr'><strong>alios</strong></span> <span class='ocrx_word' id='word_1_261' title='bbox 1299 3609 1580 3663; x_wconf 86' lang='lat' dir='ltr'><strong>laboribus</strong></span> <span class='ocrx_word' id='word_1_262' title='bbox 1600 3610 1716 3663; x_wconf 92' lang='lat' dir='ltr'><strong>suis</strong></span> <span class='ocrx_word' id='word_1_263' title='bbox 1746 3611 2056 3680; x_wconf 75' lang='lat' dir='ltr'><strong>gavisurus,</strong></span> <span class='ocrx_word' id='word_1_264' title='bbox 2078 3627 2138 3667; x_wconf 88' lang='lat' dir='ltr'><strong>se</strong></span> <span class='ocrx_word' id='word_1_265' title='bbox 2163 3624 2342 3667; x_wconf 85' lang='lat' dir='ltr'><strong>autem</strong></span> 
     </span>
    </p>
   </div>
   <div class='ocr_carea' id='block_1_40' title="bbox 769 3697 2338 3769">
    <p class='ocr_par' dir='ltr' id='par_1_40' title="bbox 769 3697 2338 3769">
     <span class='ocr_line' id='line_1_40' title="bbox 769 3697 2338 3769; baseline 0.006 -19"><span class='ocrx_word' id='word_1_266' title='bbox 769 3697 974 3751; x_wconf 85' lang='lat' dir='ltr'><strong>frustra</strong></span> <span class='ocrx_word' id='word_1_267' title='bbox 1003 3699 1124 3752; x_wconf 86' lang='lat' dir='ltr'><strong>illos</strong></span> <span class='ocrx_word' id='word_1_268' title='bbox 1159 3697 1499 3764; x_wconf 86' lang='lat' dir='ltr'><strong>subdituros,</strong></span> <span class='ocrx_word' id='word_1_269' title='bbox 1531 3700 1662 3769; x_wconf 92' lang='lat' dir='ltr'><strong>quin</strong></span> <span class='ocrx_word' id='word_1_270' title='bbox 1699 3711 1753 3754; x_wconf 89' lang='lat' dir='ltr'><strong>et</strong></span> <span class='ocrx_word' id='word_1_271' title='bbox 1812 3701 2089 3756; x_wconf 84' lang='lat' dir='ltr'><strong>interdum</strong></span> <span class='ocrx_word' id='word_1_272' title='bbox 2115 3705 2338 3760; x_wconf 83' lang='lat' dir='ltr'><strong>acerbis</strong></span> 
     </span>
    </p>
   </div>
   <div class='ocr_carea' id='block_1_41' title="bbox 766 3790 2335 3858">
    <p class='ocr_par' dir='ltr' id='par_1_41' title="bbox 766 3790 2335 3858">
     <span class='ocr_line' id='line_1_41' title="bbox 766 3790 2335 3858; baseline 0.005 -17"><span class='ocrx_word' id='word_1_273' title='bbox 766 3790 1262 3844; x_wconf 80' lang='lat' dir='ltr'><strong>examinationibns</strong></span> <span class='ocrx_word' id='word_1_274' title='bbox 1327 3790 1704 3858; x_wconf 83' lang='lat' dir='ltr'><strong>subjiciendos</strong></span> <span class='ocrx_word' id='word_1_275' title='bbox 1759 3792 2140 3858; x_wconf 84' lang='lat' dir='ltr'><strong>considerant,</strong></span> <span class='ocrx_word' id='word_1_276' title='bbox 2211 3797 2335 3850; x_wconf 88' lang='lat' dir='ltr'><strong>illos</strong></span> 
     </span>
    </p>
   </div>
   <div class='ocr_carea' id='block_1_42' title="bbox 767 3881 2346 3952">
    <p class='ocr_par' dir='ltr' id='par_1_42' title="bbox 767 3881 2346 3952">
     <span class='ocr_line' id='line_1_42' title="bbox 767 3881 2346 3952; baseline 0.005 -20"><span class='ocrx_word' id='word_1_277' title='bbox 767 3881 1095 3948; x_wconf 72' lang='lat' dir='ltr'><strong>investigare</strong></span> <span class='ocrx_word' id='word_1_278' title='bbox 1125 3881 1440 3950; x_wconf 79' lang='lat' dir='ltr'><strong>negligunt:</strong></span> <span class='ocrx_word' id='word_1_279' title='bbox 1475 3882 1666 3950; x_wconf 89' lang='lat' dir='ltr'><strong>itaque</strong></span> <span class='ocrx_word' id='word_1_280' title='bbox 1706 3883 1758 3934; x_wconf 92' lang='lat' dir='ltr'><strong>in</strong></span> <span class='ocrx_word' id='word_1_281' title='bbox 1792 3893 2114 3952; x_wconf 76' lang='lat' dir='ltr'><strong>perpetuum</strong></span> <span class='ocrx_word' id='word_1_282' title='bbox 2152 3900 2346 3940; x_wconf 86' lang='lat' dir='ltr'><strong>recon-</strong></span> 
     </span>
    </p>
   </div>
   <div class='ocr_carea' id='block_1_43' title="bbox 765 3972 2343 4045">
    <p class='ocr_par' dir='ltr' id='par_1_43' title="bbox 765 3972 2343 4045">
     <span class='ocr_line' id='line_1_43' title="bbox 765 3972 2343 4045; baseline 0.007 -22"><span class='ocrx_word' id='word_1_283' title='bbox 765 3972 878 4024; x_wconf 90' lang='lat' dir='ltr'><strong>dita</strong></span> <span class='ocrx_word' id='word_1_284' title='bbox 913 3980 1498 4042; x_wconf 68' lang='lat' dir='ltr'><strong>manentetpereunt,</strong></span> <span class='ocrx_word' id='word_1_285' title='bbox 1545 3989 1666 4042; x_wconf 76' lang='lat' dir='ltr'><strong>qua:</strong></span> <span class='ocrx_word' id='word_1_286' title='bbox 1713 3977 1768 4028; x_wconf 93' lang='lat' dir='ltr'><strong>in</strong></span> <span class='ocrx_word' id='word_1_287' title='bbox 1837 3975 2012 4028; x_wconf 89' lang='lat' dir='ltr'><strong>lucem</strong></span> <span class='ocrx_word' id='word_1_288' title='bbox 2078 3978 2343 4045; x_wconf 86' lang='lat' dir='ltr'><strong>producta</strong></span> 
     </span>
    </p>
   </div>
   <div class='ocr_carea' id='block_1_44' title="bbox 766 4065 2167 4131">
    <p class='ocr_par' dir='ltr' id='par_1_44' title="bbox 766 4065 2167 4131">
     <span class='ocr_line' id='line_1_44' title="bbox 766 4065 2167 4131; baseline 0.004 -17"><span class='ocrx_word' id='word_1_289' title='bbox 766 4079 1020 4131; x_wconf 72' lang='lat' dir='ltr'><strong>maguum</strong></span> <span class='ocrx_word' id='word_1_290' title='bbox 1053 4065 1365 4119; x_wconf 90' lang='lat' dir='ltr'><strong>hominibus</strong></span> <span class='ocrx_word' id='word_1_291' title='bbox 1395 4074 1554 4118; x_wconf 87' lang='lat' dir='ltr'><strong>erant</strong></span> <span class='ocrx_word' id='word_1_292' title='bbox 1587 4066 1871 4120; x_wconf 88' lang='lat' dir='ltr'><strong>utilitatem</strong></span> <span class='ocrx_word' id='word_1_293' title='bbox 1911 4067 2167 4120; x_wconf 89' lang='lat' dir='ltr'><strong>allatura.</strong></span> 
     </span>
    </p>
   </div>
   <div class='ocr_carea' id='block_1_45' title="bbox 835 4237 2342 4310">
    <p class='ocr_par' dir='ltr' id='par_1_45' title="bbox 835 4237 2342 4310">
     <span class='ocr_line' id='line_1_45' title="bbox 835 4237 2342 4310; baseline 0.007 -21"><span class='ocrx_word' id='word_1_294' title='bbox 835 4237 1096 4294; x_wconf 82' lang='lat' dir='ltr'><strong>.Iubemus</strong></span> <span class='ocrx_word' id='word_1_295' title='bbox 1119 4255 1270 4309; x_wconf 77' lang='lat' dir='ltr'><strong>ergo,</strong></span> <span class='ocrx_word' id='word_1_296' title='bbox 1298 4241 1376 4293; x_wconf 86' lang='lat' dir='ltr'><strong>uti</strong></span> <span class='ocrx_word' id='word_1_297' title='bbox 1411 4241 1524 4310; x_wconf 70' lang='grc'><strong>(44)</strong></span> <span class='ocrx_word' id='word_1_298' title='bbox 1567 4241 1814 4309; x_wconf 76' lang='lat' dir='ltr'><strong>deinceps</strong></span> <span class='ocrx_word' id='word_1_299' title='bbox 1862 4245 2161 4296; x_wconf 83' lang='lat' dir='ltr'><strong>secundum</strong></span> <span class='ocrx_word' id='word_1_300' title='bbox 2193 4257 2342 4300; x_wconf 85' lang='lat' dir='ltr'><strong>vete-</strong></span> 
     </span>
    </p>
   </div>
   <div class='ocr_carea' id='block_1_46' title="bbox 765 4330 2341 4404">
    <p class='ocr_par' dir='ltr' id='par_1_46' title="bbox 765 4330 2341 4404">
     <span class='ocr_line' id='line_1_46' title="bbox 765 4330 2341 4404; baseline 0.008 -22"><span class='ocrx_word' id='word_1_301' title='bbox 765 4330 842 4384; x_wconf 87' lang='lat' dir='ltr'><strong>ris</strong></span> <span class='ocrx_word' id='word_1_302' title='bbox 871 4331 1002 4398; x_wconf 85' lang='lat' dir='ltr'><strong>legis</strong></span> <span class='ocrx_word' id='word_1_303' title='bbox 1032 4333 1339 4400; x_wconf 72' lang='lat' dir='ltr'><strong>a3quitatem</strong></span> <span class='ocrx_word' id='word_1_304' title='bbox 1368 4333 1687 4401; x_wconf 88' lang='lat' dir='ltr'><strong>judicetur;</strong></span> <span class='ocrx_word' id='word_1_305' title='bbox 1714 4345 1767 4390; x_wconf 90' lang='lat' dir='ltr'><strong>et</strong></span> <span class='ocrx_word' id='word_1_306' title='bbox 1793 4336 2014 4404; x_wconf 88' lang='lat' dir='ltr'><strong>quando</strong></span> <span class='ocrx_word' id='word_1_307' title='bbox 2047 4337 2341 4395; x_wconf 89' lang='lat' dir='ltr'><strong>thesaurus</strong></span> 
     </span>
    </p>
   </div>
   <div class='ocr_carea' id='block_1_47' title="bbox 766 4421 2336 4492">
    <p class='ocr_par' dir='ltr' id='par_1_47' title="bbox 766 4421 2336 4492">
     <span class='ocr_line' id='line_1_47' title="bbox 766 4421 2336 4492; baseline 0.006 -18"><span class='ocrx_word' id='word_1_308' title='bbox 766 4421 966 4490; x_wconf 88' lang='lat' dir='ltr'><strong>aliquis</strong></span> <span class='ocrx_word' id='word_1_309' title='bbox 992 4425 1245 4479; x_wconf 79' lang='lat' dir='ltr'><strong>inventus</strong></span> <span class='ocrx_word' id='word_1_310' title='bbox 1279 4425 1466 4487; x_wconf 77' lang='lat' dir='ltr'><strong>fuerit,</strong></span> <span class='ocrx_word' id='word_1_311' title='bbox 1517 4427 1562 4480; x_wconf 90' lang='lat' dir='ltr'><strong>si</strong></span> <span class='ocrx_word' id='word_1_312' title='bbox 1602 4426 1755 4480; x_wconf 90' lang='lat' dir='ltr'><strong>locus</strong></span> <span class='ocrx_word' id='word_1_313' title='bbox 1799 4428 1889 4480; x_wconf 89' lang='lat' dir='ltr'><strong>ubi</strong></span> <span class='ocrx_word' id='word_1_314' title='bbox 1945 4427 2202 4482; x_wconf 83' lang='lat' dir='ltr'><strong>inventus</strong></span> <span class='ocrx_word' id='word_1_315' title='bbox 2231 4440 2336 4492; x_wconf 88' lang='lat' dir='ltr'><strong>est,</strong></span> 
     </span>
    </p>
   </div>
   <div class='ocr_carea' id='block_1_48' title="bbox 2456 597 4043 670">
    <p class='ocr_par' dir='ltr' id='par_1_48' title="bbox 2456 597 4043 670">
     <span class='ocr_line' id='line_1_48' title="bbox 2456 597 4043 670; baseline 0.001 -19"><span class='ocrx_word' id='word_1_316' title='bbox 2456 599 2691 669; x_wconf 72' lang='grc' dir='ltr'>χαλεπὸν</span> <span class='ocrx_word' id='word_1_317' title='bbox 2752 601 3006 670; x_wconf 80' lang='grc' dir='ltr'>ὑ-ιτεράνω</span> <span class='ocrx_word' id='word_1_318' title='bbox 3056 601 3267 662; x_wconf 83' lang='grc' dir='ltr'><strong>πάντας</strong></span> <span class='ocrx_word' id='word_1_319' title='bbox 3306 598 3560 666; x_wconf 82' lang='grc' dir='ltr'>γενέσθαι</span> <span class='ocrx_word' id='word_1_320' title='bbox 3591 597 3684 652; x_wconf 75' lang='grc' dir='ltr'>καὶ</span> <span class='ocrx_word' id='word_1_321' title='bbox 3736 601 3851 662; x_wconf 86' lang='grc' dir='ltr'>τοῖς</span> <span class='ocrx_word' id='word_1_322' title='bbox 3903 602 4043 666; x_wconf 71' lang='grc' dir='ltr'>πρὸς</span> 
     </span>
    </p>
   </div>
   <div class='ocr_carea' id='block_1_49' title="bbox 2452 691 4041 764">
    <p class='ocr_par' dir='ltr' id='par_1_49' title="bbox 2452 691 4041 764">
     <span class='ocr_line' id='line_1_49' title="bbox 2452 691 4041 764; baseline -0.001 -20"><span class='ocrx_word' id='word_1_323' title='bbox 2452 692 2680 764; x_wconf 75' lang='grc' dir='ltr'>οὐρανὸν</span> <span class='ocrx_word' id='word_1_324' title='bbox 2731 692 3019 761; x_wconf 76' lang='grc' dir='ltr'><strong>ἐπαίρουσι</strong></span> <span class='ocrx_word' id='word_1_325' title='bbox 3089 692 3256 755; x_wconf 78' lang='grc' dir='ltr'><strong>θείοις</strong></span> <span class='ocrx_word' id='word_1_326' title='bbox 3323 693 3654 761; x_wconf 79' lang='grc' dir='ltr'>ἐντάλμασιν</span> <span class='ocrx_word' id='word_1_327' title='bbox 3704 691 4041 760; x_wconf 75' lang='grc' dir='ltr'><strong>ἐπαρθῆναι,</strong></span> 
     </span>
    </p>
   </div>
   <div class='ocr_carea' id='block_1_50' title="bbox 2453 782 4040 855">
    <p class='ocr_par' dir='ltr' id='par_1_50' title="bbox 2453 782 4040 855">
     <span class='ocr_line' id='line_1_50' title="bbox 2453 782 4040 855; baseline -0.002 -19"><span class='ocrx_word' id='word_1_328' title='bbox 2453 784 2647 855; x_wconf 78' lang='grc' dir='ltr'><strong>ἐφεῦρε</strong></span> <span class='ocrx_word' id='word_1_329' title='bbox 2674 785 2827 852; x_wconf 77' lang='grc' dir='ltr'>καὶὴ</span> <span class='ocrx_word' id='word_1_330' title='bbox 2867 784 3182 853; x_wconf 78' lang='grc' dir='ltr'><strong>ἀνθρωπίνη</strong></span> <span class='ocrx_word' id='word_1_331' title='bbox 3219 782 3447 854; x_wconf 84' lang='grc' dir='ltr'>πρόνοια</span> <span class='ocrx_word' id='word_1_332' title='bbox 3491 783 3580 836; x_wconf 70' lang='grc' dir='ltr'><strong>διὰ</strong></span> <span class='ocrx_word' id='word_1_333' title='bbox 3637 783 3931 852; x_wconf 82' lang='grc' dir='ltr'><strong>δογμάτων</strong></span> <span class='ocrx_word' id='word_1_334' title='bbox 3956 786 4040 837; x_wconf 64' lang='grc' dir='ltr'>οἱ.</span> 
     </span>
    </p>
   </div>
   <div class='ocr_carea' id='block_1_51' title="bbox 2453 874 4042 948">
    <p class='ocr_par' dir='ltr' id='par_1_51' title="bbox 2453 874 4042 948">
     <span class='ocr_line' id='line_1_51' title="bbox 2453 874 4042 948; baseline -0.003 -18"><span class='ocrx_word' id='word_1_335' title='bbox 2453 877 2616 930; x_wconf 82' lang='grc' dir='ltr'>κείων</span> <span class='ocrx_word' id='word_1_336' title='bbox 2666 877 2942 948; x_wconf 78' lang='grc' dir='ltr'><strong>σωτηρίαν</strong></span> <span class='ocrx_word' id='word_1_337' title='bbox 2974 876 3052 947; x_wconf 81' lang='grc' dir='ltr'><strong>τῷ</strong></span> <span class='ocrx_word' id='word_1_338' title='bbox 3079 875 3408 946; x_wconf 82' lang='grc' dir='ltr'><strong>ἀνθρωπίνῳ</strong></span> <span class='ocrx_word' id='word_1_339' title='bbox 3437 875 3559 946; x_wconf 84' lang='grc' dir='ltr'>βίῳ.</span> <span class='ocrx_word' id='word_1_340' title='bbox 3602 877 3700 928; x_wconf 73' lang='grc' dir='ltr'>Διὰ</span> <span class='ocrx_word' id='word_1_341' title='bbox 3748 874 3910 928; x_wconf 66' lang='grc' dir='ltr'>τοῦτο</span> <span class='ocrx_word' id='word_1_342' title='bbox 3942 875 4042 926; x_wconf 81' lang='grc' dir='ltr'>καὶ</span> 
     </span>
    </p>
   </div>
   <div class='ocr_carea' id='block_1_52' title="bbox 2453 967 4039 1038">
    <p class='ocr_par' dir='ltr' id='par_1_52' title="bbox 2453 967 4039 1038">
     <span class='ocr_line' id='line_1_52' title="bbox 2453 967 4039 1038; baseline -0.002 -18"><span class='ocrx_word' id='word_1_343' title='bbox 2453 969 2546 1020; x_wconf 85' lang='grc' dir='ltr'>νῦν</span> <span class='ocrx_word' id='word_1_344' title='bbox 2571 1008 2586 1034; x_wconf 91' lang='grc'><strong>,</strong></span> <span class='ocrx_word' id='word_1_345' title='bbox 2616 967 2708 1020; x_wconf 80' lang='grc' dir='ltr'>τοῦ</span> <span class='ocrx_word' id='word_1_346' title='bbox 2754 969 3023 1022; x_wconf 86' lang='grc' dir='ltr'>Δεσπότου</span> <span class='ocrx_word' id='word_1_347' title='bbox 3058 969 3152 1021; x_wconf 72' lang='grc' dir='ltr'>καὶ</span> <span class='ocrx_word' id='word_1_348' title='bbox 3187 968 3439 1038; x_wconf 81' lang='grc' dir='ltr'><strong>Σωτῆρος</strong></span> <span class='ocrx_word' id='word_1_349' title='bbox 3469 967 3628 1036; x_wconf 79' lang='grc' dir='ltr'>ἡμῶν</span> <span class='ocrx_word' id='word_1_350' title='bbox 3682 967 4039 1035; x_wconf 82' lang='grc' dir='ltr'>οἰκτίρμονας</span> 
     </span>
    </p>
   </div>
   <div class='ocr_carea' id='block_1_53' title="bbox 2451 1055 4040 1129">
    <p class='ocr_par' dir='ltr' id='par_1_53' title="bbox 2451 1055 4040 1129">
     <span class='ocr_line' id='line_1_53' title="bbox 2451 1055 4040 1129; baseline -0.003 -18"><span class='ocrx_word' id='word_1_351' title='bbox 2451 1055 2587 1111; x_wconf 77' lang='grc' dir='ltr'>εἶναι</span> <span class='ocrx_word' id='word_1_352' title='bbox 2613 1061 3076 1129; x_wconf 87' lang='grc' dir='ltr'>παρεγγυωμένου</span> <span class='ocrx_word' id='word_1_353' title='bbox 3098 1097 3114 1120; x_wconf 85' lang='grc'><strong>.</strong></span> <span class='ocrx_word' id='word_1_354' title='bbox 3146 1060 3241 1112; x_wconf 75' lang='grc' dir='ltr'>καὶ</span> <span class='ocrx_word' id='word_1_355' title='bbox 3277 1059 3388 1112; x_wconf 80' lang='grc' dir='ltr'>τῶν</span> <span class='ocrx_word' id='word_1_356' title='bbox 3443 1057 3648 1128; x_wconf 77' lang='grc' dir='ltr'>ἀπορίᾳ</span> <span class='ocrx_word' id='word_1_357' title='bbox 3692 1057 4040 1125; x_wconf 71' lang='grc' dir='ltr'>πιεζομένων</span> 
     </span>
    </p>
   </div>
   <div class='ocr_carea' id='block_1_54' title="bbox 2451 1148 4040 1220">
    <p class='ocr_par' dir='ltr' id='par_1_54' title="bbox 2451 1148 4040 1220">
     <span class='ocr_line' id='line_1_54' title="bbox 2451 1148 4040 1220; baseline -0.003 -17"><span class='ocrx_word' id='word_1_358' title='bbox 2451 1152 2599 1216; x_wconf 82' lang='grc' dir='ltr'>τοὺς,</span> <span class='ocrx_word' id='word_1_359' title='bbox 2624 1153 2739 1203; x_wconf 79' lang='grc' dir='ltr'>ὅσοι</span> <span class='ocrx_word' id='word_1_360' title='bbox 2765 1151 2876 1203; x_wconf 82' lang='grc' dir='ltr'><strong>τῶν</strong></span> <span class='ocrx_word' id='word_1_361' title='bbox 2904 1151 3116 1202; x_wconf 83' lang='grc' dir='ltr'>ἐκείνου</span> <span class='ocrx_word' id='word_1_362' title='bbox 3147 1151 3367 1220; x_wconf 87' lang='grc' dir='ltr'>δωρεων</span> <span class='ocrx_word' id='word_1_363' title='bbox 3397 1149 3762 1211; x_wconf 66' lang='grc' dir='ltr'>ἀπολαύοντες</span> <span class='ocrx_word' id='word_1_364' title='bbox 3790 1151 3846 1201; x_wconf 80' lang='grc' dir='ltr'><strong>ὲν</strong></span> <span class='ocrx_word' id='word_1_365' title='bbox 3874 1148 4040 1200; x_wconf 86' lang='grc' dir='ltr'>εὑπο-</span> 
     </span>
    </p>
   </div>
   <div class='ocr_carea' id='block_1_55' title="bbox 2457 1238 4045 1314">
    <p class='ocr_par' dir='ltr' id='par_1_55' title="bbox 2457 1238 4045 1314">
     <span class='ocr_line' id='line_1_55' title="bbox 2457 1238 4045 1314; baseline -0.004 -18"><span class='ocrx_word' id='word_1_366' title='bbox 2457 1245 2547 1314; x_wconf 75' lang='grc' dir='ltr'><strong>ρία</strong></span> <span class='ocrx_word' id='word_1_367' title='bbox 2577 1243 2871 1307; x_wconf 77' lang='grc' dir='ltr'>διαϐιοῦσι,</span> <span class='ocrx_word' id='word_1_368' title='bbox 2901 1244 3348 1314; x_wconf 82' lang='grc' dir='ltr'>παραμυθεῖσθαι</span> <span class='ocrx_word' id='word_1_369' title='bbox 3376 1243 3475 1312; x_wconf 75' lang='grc' dir='ltr'>τὴν</span> <span class='ocrx_word' id='word_1_370' title='bbox 3494 1241 3878 1308; x_wconf 75' lang='grc' dir='ltr'>στενοχωρίαν,</span> <span class='ocrx_word' id='word_1_371' title='bbox 3897 1238 4045 1290; x_wconf 75' lang='grc' dir='ltr'>ἐπεί·</span> 
     </span>
    </p>
   </div>
   <div class='ocr_carea' id='block_1_56' title="bbox 2453 1329 4034 1405">
    <p class='ocr_par' dir='ltr' id='par_1_56' title="bbox 2453 1329 4034 1405">
     <span class='ocr_line' id='line_1_56' title="bbox 2453 1329 4034 1405; baseline -0.004 -19"><span class='ocrx_word' id='word_1_372' title='bbox 2453 1351 2558 1404; x_wconf 87' lang='grc' dir='ltr'><strong>περ</strong></span> <span class='ocrx_word' id='word_1_373' title='bbox 2588 1335 2730 1397; x_wconf 83' lang='grc' dir='ltr'>τινὲς</span> <span class='ocrx_word' id='word_1_374' title='bbox 2765 1335 3050 1405; x_wconf 81' lang='grc' dir='ltr'>ἀχάριστοι</span> <span class='ocrx_word' id='word_1_375' title='bbox 3089 1334 3189 1402; x_wconf 83' lang='grc' dir='ltr'><strong>μὲν</strong></span> <span class='ocrx_word' id='word_1_376' title='bbox 3232 1334 3362 1403; x_wconf 74' lang='grc' dir='ltr'>περὶ</span> <span class='ocrx_word' id='word_1_377' title='bbox 3407 1333 3498 1385; x_wconf 76' lang='grc' dir='ltr'>τὸν</span> <span class='ocrx_word' id='word_1_378' title='bbox 3527 1331 3796 1400; x_wconf 76' lang='grc' dir='ltr'>δεσπότην</span> <span class='ocrx_word' id='word_1_379' title='bbox 3853 1329 4034 1390; x_wconf 76' lang='grc' dir='ltr'>ὅντες,</span> 
     </span>
    </p>
   </div>
   <div class='ocr_carea' id='block_1_57' title="bbox 2451 1419 4037 1495">
    <p class='ocr_par' dir='ltr' id='par_1_57' title="bbox 2451 1419 4037 1495">
     <span class='ocr_line' id='line_1_57' title="bbox 2451 1419 4037 1495; baseline -0.004 -19"><span class='ocrx_word' id='word_1_380' title='bbox 2451 1424 2796 1492; x_wconf 72' lang='grc' dir='ltr'>ἀσυμπαθεῖς</span> <span class='ocrx_word' id='word_1_381' title='bbox 2825 1424 2883 1476; x_wconf 79' lang='grc' dir='ltr'>δὲ</span> <span class='ocrx_word' id='word_1_382' title='bbox 2913 1425 3044 1495; x_wconf 74' lang='grc' dir='ltr'>περὶ</span> <span class='ocrx_word' id='word_1_383' title='bbox 3072 1425 3132 1476; x_wconf 83' lang='grc' dir='ltr'><strong>τὸ</strong></span> <span class='ocrx_word' id='word_1_384' title='bbox 3160 1424 3438 1490; x_wconf 79' lang='grc' dir='ltr'>συγγενὲς,</span> <span class='ocrx_word' id='word_1_385' title='bbox 3489 1422 3549 1474; x_wconf 83' lang='grc' dir='ltr'><strong>οὑ</strong></span> <span class='ocrx_word' id='word_1_386' title='bbox 3580 1421 3736 1488; x_wconf 86' lang='grc' dir='ltr'>μόνον</span> <span class='ocrx_word' id='word_1_387' title='bbox 3764 1420 3864 1471; x_wconf 79' lang='grc' dir='ltr'><strong>οὑκ</strong></span> <span class='ocrx_word' id='word_1_388' title='bbox 3912 1419 4037 1487; x_wconf 75' lang='grc' dir='ltr'>όρέο</span> 
     </span>
    </p>
   </div>
   <div class='ocr_carea' id='block_1_58' title="bbox 2451 1507 4041 1586">
    <p class='ocr_par' dir='ltr' id='par_1_58' title="bbox 2451 1507 4041 1586">
     <span class='ocr_line' id='line_1_58' title="bbox 2451 1507 4041 1586; baseline -0.006 -20"><span class='ocrx_word' id='word_1_389' title='bbox 2451 1531 2606 1577; x_wconf 82' lang='grc' dir='ltr'>γουσι</span> <span class='ocrx_word' id='word_1_390' title='bbox 2636 1517 2794 1586; x_wconf 82' lang='grc' dir='ltr'>χεῖρα</span> <span class='ocrx_word' id='word_1_391' title='bbox 2825 1513 2975 1566; x_wconf 82' lang='grc' dir='ltr'>ὲλέου</span> <span class='ocrx_word' id='word_1_392' title='bbox 3014 1517 3126 1575; x_wconf 78' lang='grc' dir='ltr'>τοῖς</span> <span class='ocrx_word' id='word_1_393' title='bbox 3153 1514 3468 1585; x_wconf 72' lang='grc' dir='ltr'>χρῄζουσιν,</span> <span class='ocrx_word' id='word_1_394' title='bbox 3519 1511 3632 1563; x_wconf 81' lang='grc' dir='ltr'>ἀλλ’</span> <span class='ocrx_word' id='word_1_395' title='bbox 3661 1509 3809 1561; x_wconf 83' lang='grc' dir='ltr'>ὦσπε</span> <span class='ocrx_word' id='word_1_396' title='bbox 3820 1526 3851 1578; x_wconf 92' lang='grc' dir='ltr'><strong>ρ</strong></span> <span class='ocrx_word' id='word_1_397' title='bbox 3910 1507 4041 1575; x_wconf 61' lang='lat' dir='ltr'><strong>c900-</strong></span> 
     </span>
    </p>
   </div>
   <div class='ocr_carea' id='block_1_59' title="bbox 2450 1600 4039 1672">
    <p class='ocr_par' dir='ltr' id='par_1_59' title="bbox 2450 1600 4039 1672">
     <span class='ocr_line' id='line_1_59' title="bbox 2450 1600 4039 1672; baseline -0.003 -16"><span class='ocrx_word' id='word_1_398' title='bbox 2450 1605 2669 1668; x_wconf 86' lang='grc' dir='ltr'>νοῦντες</span> <span class='ocrx_word' id='word_1_399' title='bbox 2697 1605 2792 1658; x_wconf 83' lang='grc' dir='ltr'>καὶ</span> <span class='ocrx_word' id='word_1_400' title='bbox 2818 1603 3016 1671; x_wconf 77' lang='grc' dir='ltr'><strong>αὐγαῖς</strong></span> <span class='ocrx_word' id='word_1_401' title='bbox 3065 1605 3219 1672; x_wconf 70' lang='grc' dir='ltr'>ἡλίου</span> <span class='ocrx_word' id='word_1_402' title='bbox 3247 1606 3374 1667; x_wconf 76' lang='grc' dir='ltr'>τοὺς</span> <span class='ocrx_word' id='word_1_403' title='bbox 3430 1601 3639 1655; x_wconf 80' lang='grc' dir='ltr'>ἑαυτῶν</span> <span class='ocrx_word' id='word_1_404' title='bbox 3673 1600 4039 1670; x_wconf 64' lang='grc' dir='ltr'>σκυθρωποὺς</span> 
     </span>
    </p>
   </div>
   <div class='ocr_carea' id='block_1_60' title="bbox 2451 1693 4038 1768">
    <p class='ocr_par' dir='ltr' id='par_1_60' title="bbox 2451 1693 4038 1768">
     <span class='ocr_line' id='line_1_60' title="bbox 2451 1693 4038 1768; baseline -0.003 -20"><span class='ocrx_word' id='word_1_405' title='bbox 2451 1697 2583 1768; x_wconf 80' lang='grc' dir='ltr'>ὁρᾷν</span> <span class='ocrx_word' id='word_1_406' title='bbox 2637 1698 2964 1768; x_wconf 76' lang='grc' dir='ltr'>θησαυροὺς,</span> <span class='ocrx_word' id='word_1_407' title='bbox 3011 1699 3081 1767; x_wconf 83' lang='grc' dir='ltr'>γῇ</span> <span class='ocrx_word' id='word_1_408' title='bbox 3113 1696 3338 1758; x_wconf 81' lang='grc' dir='ltr'>τούτους</span> <span class='ocrx_word' id='word_1_409' title='bbox 3367 1694 3813 1764; x_wconf 70' lang='grc' dir='ltr'>κατορύττουσιν,</span> <span class='ocrx_word' id='word_1_410' title='bbox 3847 1693 4038 1758; x_wconf 79' lang='grc' dir='ltr'>ἐδέησε</span> 
     </span>
    </p>
   </div>
   <div class='ocr_carea' id='block_1_61' title="bbox 2453 1785 4040 1860">
    <p class='ocr_par' dir='ltr' id='par_1_61' title="bbox 2453 1785 4040 1860">
     <span class='ocr_line' id='line_1_61' title="bbox 2453 1785 4040 1860; baseline -0.004 -20"><span class='ocrx_word' id='word_1_411' title='bbox 2453 1789 2548 1841; x_wconf 67' lang='grc' dir='ltr'><strong>καὶ</strong></span> <span class='ocrx_word' id='word_1_412' title='bbox 2579 1791 2707 1858; x_wconf 75' lang='grc' dir='ltr'>περὶ</span> <span class='ocrx_word' id='word_1_413' title='bbox 2737 1788 2941 1858; x_wconf 83' lang='grc' dir='ltr'>ταύτης</span> <span class='ocrx_word' id='word_1_414' title='bbox 2998 1791 3098 1860; x_wconf 82' lang='grc' dir='ltr'><strong>τῆς</strong></span> <span class='ocrx_word' id='word_1_415' title='bbox 3139 1786 3510 1858; x_wconf 84' lang='grc' dir='ltr'>ἀπανθρώπου</span> <span class='ocrx_word' id='word_1_416' title='bbox 3568 1786 3812 1847; x_wconf 74' lang='grc' dir='ltr'>ἐπινοίας</span> <span class='ocrx_word' id='word_1_417' title='bbox 3872 1785 4040 1851; x_wconf 86' lang='grc' dir='ltr'>νόμον</span> 
     </span>
    </p>
   </div>
   <div class='ocr_carea' id='block_1_62' title="bbox 2454 1877 4040 1950">
    <p class='ocr_par' dir='ltr' id='par_1_62' title="bbox 2454 1877 4040 1950">
     <span class='ocr_line' id='line_1_62' title="bbox 2454 1877 4040 1950; baseline -0.005 -17"><span class='ocrx_word' id='word_1_418' title='bbox 2454 1881 2532 1942; x_wconf 88' lang='grc' dir='ltr'>εἰς</span> <span class='ocrx_word' id='word_1_419' title='bbox 2563 1879 2677 1950; x_wconf 77' lang='grc' dir='ltr'>βίον</span> <span class='ocrx_word' id='word_1_420' title='bbox 2701 1881 2894 1934; x_wconf 79' lang='grc' dir='ltr'>ἐλθεῖν.</span> <span class='ocrx_word' id='word_1_421' title='bbox 2947 1883 3042 1942; x_wconf 88' lang='grc' dir='ltr'>Ὃς</span> <span class='ocrx_word' id='word_1_422' title='bbox 3068 1881 3237 1934; x_wconf 84' lang='grc' dir='ltr'>πάλαι</span> <span class='ocrx_word' id='word_1_423' title='bbox 3272 1880 3370 1948; x_wconf 84' lang='grc' dir='ltr'><strong>μὲν</strong></span> <span class='ocrx_word' id='word_1_424' title='bbox 3419 1879 3821 1948; x_wconf 79' lang='grc' dir='ltr'>ὲκτεθειμένος.</span> <span class='ocrx_word' id='word_1_425' title='bbox 3848 1877 4040 1929; x_wconf 77' lang='grc' dir='ltr'>πλεον-</span> 
     </span>
    </p>
   </div>
   <div class='ocr_carea' id='block_1_63' title="bbox 2452 1966 4043 2043">
    <p class='ocr_par' dir='ltr' id='par_1_63' title="bbox 2452 1966 4043 2043">
     <span class='ocr_line' id='line_1_63' title="bbox 2452 1966 4043 2043; baseline -0.002 -21"><span class='ocrx_word' id='word_1_426' title='bbox 2452 1970 2702 2041; x_wconf 80' lang='grc' dir='ltr'>εκτηθεὶς</span> <span class='ocrx_word' id='word_1_427' title='bbox 2735 1973 2790 2024; x_wconf 80' lang='grc' dir='ltr'>δὲ</span> <span class='ocrx_word' id='word_1_428' title='bbox 2841 1974 2971 2041; x_wconf 88' lang='grc' dir='ltr'>παρ’</span> <span class='ocrx_word' id='word_1_429' title='bbox 3011 1966 3082 2043; x_wconf 87' lang='grc' dir='ltr'>ἦς</span> <span class='ocrx_word' id='word_1_430' title='bbox 3128 1972 3300 2024; x_wconf 79' lang='grc' dir='ltr'>πολλά</span> <span class='ocrx_word' id='word_1_431' title='bbox 3354 1971 3461 2023; x_wconf 82' lang='grc' dir='ltr'><strong>τῶν</strong></span> <span class='ocrx_word' id='word_1_432' title='bbox 3491 1969 3673 2022; x_wconf 82' lang='grc' dir='ltr'>καλῶν</span> <span class='ocrx_word' id='word_1_433' title='bbox 3696 1969 4043 2037; x_wconf 70' lang='grc' dir='ltr'>διαλυμαίνε-</span> 
     </span>
    </p>
   </div>
   <div class='ocr_carea' id='block_1_64' title="bbox 2451 2060 4042 2128">
    <p class='ocr_par' dir='ltr' id='par_1_64' title="bbox 2451 2060 4042 2128">
     <span class='ocr_line' id='line_1_64' title="bbox 2451 2060 4042 2128; baseline -0.003 -14"><span class='ocrx_word' id='word_1_434' title='bbox 2451 2078 2541 2114; x_wconf 89' lang='grc' dir='ltr'>ται</span> <span class='ocrx_word' id='word_1_435' title='bbox 2613 2062 2930 2126; x_wconf 77' lang='grc' dir='ltr'>πλεονεξίας</span> <span class='ocrx_word' id='word_1_436' title='bbox 2995 2063 3091 2115; x_wconf 69' lang='grc' dir='ltr'><strong>καὶ</strong></span> <span class='ocrx_word' id='word_1_437' title='bbox 3131 2063 3234 2114; x_wconf 79' lang='grc' dir='ltr'>ὑπ’</span> <span class='ocrx_word' id='word_1_438' title='bbox 3289 2063 3459 2126; x_wconf 78' lang='grc' dir='ltr'>αὑτῆς</span> <span class='ocrx_word' id='word_1_439' title='bbox 3489 2062 3549 2114; x_wconf 70' lang='grc' dir='ltr'>τὸ</span> <span class='ocrx_word' id='word_1_440' title='bbox 3585 2063 3785 2113; x_wconf 70' lang='grc' dir='ltr'>οἰκεῖον</span> <span class='ocrx_word' id='word_1_441' title='bbox 3833 2060 4042 2128; x_wconf 74' lang='grc' dir='ltr'>κράτος</span> 
     </span>
    </p>
   </div>
   <div class='ocr_carea' id='block_1_65' title="bbox 2451 2147 4041 2224">
    <p class='ocr_par' dir='ltr' id='par_1_65' title="bbox 2451 2147 4041 2224">
     <span class='ocr_line' id='line_1_65' title="bbox 2451 2147 4041 2224; baseline -0.004 -19"><span class='ocrx_word' id='word_1_442' title='bbox 2451 2151 2850 2224; x_wconf 76' lang='grc' dir='ltr'>ἀφῃρημένος,</span> <span class='ocrx_word' id='word_1_443' title='bbox 2897 2151 2995 2204; x_wconf 84' lang='grc' dir='ltr'>νῦν</span> <span class='ocrx_word' id='word_1_444' title='bbox 3081 2153 3231 2220; x_wconf 87' lang='grc' dir='ltr'><strong>παρά</strong></span> <span class='ocrx_word' id='word_1_445' title='bbox 3277 2152 3374 2220; x_wconf 82' lang='grc' dir='ltr'>τῆς</span> <span class='ocrx_word' id='word_1_446' title='bbox 3415 2151 3693 2221; x_wconf 75' lang='grc' dir='ltr'>ἡμετέρας</span> <span class='ocrx_word' id='word_1_447' title='bbox 3761 2147 4041 2216; x_wconf 70' lang='grc' dir='ltr'>βασιλείας</span> 
     </span>
    </p>
   </div>
   <div class='ocr_carea' id='block_1_66' title="bbox 2450 2240 4043 2314">
    <p class='ocr_par' dir='ltr' id='par_1_66' title="bbox 2450 2240 4043 2314">
     <span class='ocr_line' id='line_1_66' title="bbox 2450 2240 4043 2314; baseline -0.003 -18"><span class='ocrx_word' id='word_1_448' title='bbox 2450 2245 2607 2297; x_wconf 86' lang='grc' dir='ltr'>τοῦτο</span> <span class='ocrx_word' id='word_1_449' title='bbox 2665 2245 2826 2297; x_wconf 78' lang='grc' dir='ltr'>πάλιν</span> <span class='ocrx_word' id='word_1_450' title='bbox 2875 2245 3289 2314; x_wconf 70' lang='grc' dir='ltr'>ἀνακομίζεται.</span> <span class='ocrx_word' id='word_1_451' title='bbox 3346 2244 3599 2296; x_wconf 77' lang='grc' dir='ltr'>Ἐκέλευε</span> <span class='ocrx_word' id='word_1_452' title='bbox 3658 2244 3764 2311; x_wconf 71' lang='grc' dir='ltr'><strong>γὰρ</strong></span> <span class='ocrx_word' id='word_1_453' title='bbox 3797 2243 3825 2294; x_wconf 86' lang='grc' dir='ltr'><strong>ό</strong></span> <span class='ocrx_word' id='word_1_454' title='bbox 3875 2240 4043 2308; x_wconf 85' lang='grc' dir='ltr'>νόμος</span> 
     </span>
    </p>
   </div>
   <div class='ocr_carea' id='block_1_67' title="bbox 2453 2332 4040 2406">
    <p class='ocr_par' dir='ltr' id='par_1_67' title="bbox 2453 2332 4040 2406">
     <span class='ocr_line' id='line_1_67' title="bbox 2453 2332 4040 2406; baseline 0.004 -20"><span class='ocrx_word' id='word_1_455' title='bbox 2453 2335 2540 2386; x_wconf 77' lang='grc' dir='ltr'><strong>τὸν</strong></span> <span class='ocrx_word' id='word_1_456' title='bbox 2570 2334 2647 2404; x_wconf 82' lang='grc' dir='ltr'>τῷ</span> <span class='ocrx_word' id='word_1_457' title='bbox 2683 2336 3164 2406; x_wconf 80' lang='grc' dir='ltr'>κατορωρυγμένῳ</span> <span class='ocrx_word' id='word_1_458' title='bbox 3192 2336 3555 2405; x_wconf 71' lang='grc' dir='ltr'>περιτυχόντα</span> <span class='ocrx_word' id='word_1_459' title='bbox 3594 2332 3859 2402; x_wconf 86' lang='grc' dir='ltr'>θησαυρῷ</span> <span class='ocrx_word' id='word_1_460' title='bbox 3883 2333 3954 2392; x_wconf 73' lang='grc'><strong>⁸⁸,</strong></span> <span class='ocrx_word' id='word_1_461' title='bbox 3994 2333 4040 2382; x_wconf 78' lang='grc' dir='ltr'><strong>-εΞ</strong></span> 
     </span>
    </p>
   </div>
   <div class='ocr_carea' id='block_1_68' title="bbox 2455 2424 4043 2497">
    <p class='ocr_par' dir='ltr' id='par_1_68' title="bbox 2455 2424 4043 2497">
     <span class='ocr_line' id='line_1_68' title="bbox 2455 2424 4043 2497; baseline -0.001 -22"><span class='ocrx_word' id='word_1_462' title='bbox 2455 2426 2554 2492; x_wconf 81' lang='grc' dir='ltr'><strong>μὲν</strong></span> <span class='ocrx_word' id='word_1_463' title='bbox 2586 2425 2867 2494; x_wconf 76' lang='grc' dir='ltr'>βασιλικὸν</span> <span class='ocrx_word' id='word_1_464' title='bbox 2902 2427 2987 2494; x_wconf 79' lang='grc' dir='ltr'>εἴη</span> <span class='ocrx_word' id='word_1_465' title='bbox 3020 2427 3079 2478; x_wconf 77' lang='grc' dir='ltr'>τὸ</span> <span class='ocrx_word' id='word_1_466' title='bbox 3109 2428 3312 2497; x_wconf 77' lang='grc' dir='ltr'>χωρίον</span> <span class='ocrx_word' id='word_1_467' title='bbox 3341 2427 3373 2497; x_wconf 84' lang='grc' dir='ltr'><strong>ἦ</strong></span> <span class='ocrx_word' id='word_1_468' title='bbox 3399 2425 3656 2495; x_wconf 83' lang='grc' dir='ltr'>δημόσιον</span> <span class='ocrx_word' id='word_1_469' title='bbox 3689 2425 3887 2486; x_wconf 81' lang='grc' dir='ltr'>ἄλλως.</span> <span class='ocrx_word' id='word_1_470' title='bbox 3923 2424 4043 2475; x_wconf 76' lang='grc' dir='ltr'>δια-</span> 
     </span>
    </p>
   </div>
   <div class='ocr_carea' id='block_1_69' title="bbox 2451 2515 4043 2586">
    <p class='ocr_par' dir='ltr' id='par_1_69' title="bbox 2451 2515 4043 2586">
     <span class='ocr_line' id='line_1_69' title="bbox 2451 2515 4043 2586; baseline -0.001 -18"><span class='ocrx_word' id='word_1_471' title='bbox 2451 2515 2785 2585; x_wconf 80' lang='grc' dir='ltr'>κληροῦσθαι</span> <span class='ocrx_word' id='word_1_472' title='bbox 2831 2517 2920 2569; x_wconf 70' lang='grc' dir='ltr'>τὸν</span> <span class='ocrx_word' id='word_1_473' title='bbox 2981 2519 3212 2586; x_wconf 77' lang='grc' dir='ltr'>εὑρόντα</span> <span class='ocrx_word' id='word_1_474' title='bbox 3264 2519 3359 2571; x_wconf 72' lang='grc' dir='ltr'><strong>καὶ</strong></span> <span class='ocrx_word' id='word_1_475' title='bbox 3399 2519 3464 2570; x_wconf 85' lang='grc' dir='ltr'><strong>τὸ</strong></span> <span class='ocrx_word' id='word_1_476' title='bbox 3517 2517 3773 2586; x_wconf 82' lang='grc' dir='ltr'>δημόσιον</span> <span class='ocrx_word' id='word_1_477' title='bbox 3839 2516 4043 2579; x_wconf 70' lang='grc' dir='ltr'>ἐπίσης</span> 
     </span>
    </p>
   </div>
   <div class='ocr_carea' id='block_1_70' title="bbox 2450 2605 4043 2677">
    <p class='ocr_par' dir='ltr' id='par_1_70' title="bbox 2450 2605 4043 2677">
     <span class='ocr_line' id='line_1_70' title="bbox 2450 2605 4043 2677; baseline 0 -20"><span class='ocrx_word' id='word_1_478' title='bbox 2450 2605 2512 2658; x_wconf 74' lang='grc' dir='ltr'>τὸ</span> <span class='ocrx_word' id='word_1_479' title='bbox 2545 2605 2763 2676; x_wconf 78' lang='grc' dir='ltr'>εὕρημα</span> <span class='ocrx_word' id='word_1_480' title='bbox 2789 2625 2800 2636; x_wconf 87' lang='grc'><strong>·</strong></span> <span class='ocrx_word' id='word_1_481' title='bbox 2835 2609 2882 2660; x_wconf 87' lang='grc' dir='ltr'><strong>εί</strong></span> <span class='ocrx_word' id='word_1_482' title='bbox 2912 2607 2956 2661; x_wconf 80' lang='grc' dir='ltr'>δ’</span> <span class='ocrx_word' id='word_1_483' title='bbox 2981 2611 3008 2660; x_wconf 86' lang='grc' dir='ltr'>ὁ</span> <span class='ocrx_word' id='word_1_484' title='bbox 3039 2611 3228 2670; x_wconf 83' lang='grc' dir='ltr'>τόπος,</span> <span class='ocrx_word' id='word_1_485' title='bbox 3259 2608 3317 2672; x_wconf 84' lang='grc' dir='ltr'>ὃς</span> <span class='ocrx_word' id='word_1_486' title='bbox 3344 2609 3436 2660; x_wconf 72' lang='grc' dir='ltr'>τὸν</span> <span class='ocrx_word' id='word_1_487' title='bbox 3478 2607 3752 2677; x_wconf 66' lang='grc' dir='ltr'>θησαυρὸν</span> <span class='ocrx_word' id='word_1_488' title='bbox 3783 2608 3862 2668; x_wconf 85' lang='grc' dir='ltr'><strong>είς</strong></span> <span class='ocrx_word' id='word_1_489' title='bbox 3921 2607 4043 2675; x_wconf 80' lang='grc' dir='ltr'><strong>φῶς</strong></span> 
     </span>
    </p>
   </div>
   <div class='ocr_carea' id='block_1_71' title="bbox 2451 2691 4042 2766">
    <p class='ocr_par' dir='ltr' id='par_1_71' title="bbox 2451 2691 4042 2766">
     <span class='ocr_line' id='line_1_71' title="bbox 2451 2691 4042 2766; baseline 0.003 -23"><span class='ocrx_word' id='word_1_490' title='bbox 2451 2691 2704 2762; x_wconf 73' lang='grc' dir='ltr'>ἤνεγκεν,</span> <span class='ocrx_word' id='word_1_491' title='bbox 2733 2693 2857 2746; x_wconf 82' lang='grc' dir='ltr'>οὑτε</span> <span class='ocrx_word' id='word_1_492' title='bbox 2889 2696 3157 2764; x_wconf 81' lang='grc' dir='ltr'>βασίλειος</span> <span class='ocrx_word' id='word_1_493' title='bbox 3185 2695 3309 2750; x_wconf 73' lang='grc' dir='ltr'>οὔτε</span> <span class='ocrx_word' id='word_1_494' title='bbox 3359 2696 3622 2766; x_wconf 81' lang='grc' dir='ltr'>δημόσιος</span> <span class='ocrx_word' id='word_1_495' title='bbox 3679 2696 3792 2750; x_wconf 81' lang='grc' dir='ltr'>ἀλλ’</span> <span class='ocrx_word' id='word_1_496' title='bbox 3847 2697 4042 2764; x_wconf 78' lang='grc' dir='ltr'>ἑτέρου</span> 
     </span>
    </p>
   </div>
   <div class='ocr_carea' id='block_1_72' title="bbox 2449 2782 4042 2858">
    <p class='ocr_par' dir='ltr' id='par_1_72' title="bbox 2449 2782 4042 2858">
     <span class='ocr_line' id='line_1_72' title="bbox 2449 2782 4042 2858; baseline 0.004 -25"><span class='ocrx_word' id='word_1_497' title='bbox 2449 2782 2593 2844; x_wconf 71' lang='grc' dir='ltr'>τινος</span> <span class='ocrx_word' id='word_1_498' title='bbox 2621 2785 2937 2854; x_wconf 85' lang='grc' dir='ltr'>προσώπου.</span> <span class='ocrx_word' id='word_1_499' title='bbox 2983 2787 3317 2858; x_wconf 81' lang='grc' dir='ltr'>ἀμφοτέροις</span> <span class='ocrx_word' id='word_1_500' title='bbox 3351 2787 3552 2858; x_wconf 78' lang='grc' dir='ltr'>ὁμοίως</span> <span class='ocrx_word' id='word_1_501' title='bbox 3583 2788 3665 2858; x_wconf 83' lang='grc' dir='ltr'>τῷ</span> <span class='ocrx_word' id='word_1_502' title='bbox 3711 2805 3768 2840; x_wconf 87' lang='grc' dir='ltr'><strong>τε</strong></span> <span class='ocrx_word' id='word_1_503' title='bbox 3806 2805 4042 2857; x_wconf 87' lang='grc' dir='ltr'>περιτυ-</span> 
     </span>
    </p>
   </div>
   <div class='ocr_carea' id='block_1_73' title="bbox 2451 2873 4041 2951">
    <p class='ocr_par' dir='ltr' id='par_1_73' title="bbox 2451 2873 4041 2951">
     <span class='ocr_line' id='line_1_73' title="bbox 2451 2873 4041 2951; baseline 0.003 -27"><span class='ocrx_word' id='word_1_504' title='bbox 2451 2873 2598 2941; x_wconf 84' lang='grc' dir='ltr'>χόντι</span> <span class='ocrx_word' id='word_1_505' title='bbox 2625 2875 2716 2927; x_wconf 72' lang='grc' dir='ltr'>καὶ</span> <span class='ocrx_word' id='word_1_506' title='bbox 2752 2874 2832 2945; x_wconf 81' lang='grc' dir='ltr'>τῷ</span> <span class='ocrx_word' id='word_1_507' title='bbox 2868 2875 2963 2928; x_wconf 80' lang='grc' dir='ltr'><strong>τοὺ</strong></span> <span class='ocrx_word' id='word_1_508' title='bbox 3013 2875 3218 2944; x_wconf 86' lang='grc' dir='ltr'>χωρίου</span> <span class='ocrx_word' id='word_1_509' title='bbox 3267 2878 3505 2951; x_wconf 84' lang='grc' dir='ltr'>δεσπότῃ</span> <span class='ocrx_word' id='word_1_510' title='bbox 3554 2878 3710 2932; x_wconf 76' lang='grc' dir='ltr'>τοῦτο</span> <span class='ocrx_word' id='word_1_511' title='bbox 3735 2878 3781 2908; x_wconf 81' lang='grc'><strong>⁸⁸</strong></span> <span class='ocrx_word' id='word_1_512' title='bbox 3833 2877 4041 2946; x_wconf 77' lang='grc' dir='ltr'>ἐπίσης</span> 
     </span>
    </p>
   </div>
   <div class='ocr_carea' id='block_1_74' title="bbox 2447 2963 4038 3038">
    <p class='ocr_par' dir='ltr' id='par_1_74' title="bbox 2447 2963 4038 3038">
     <span class='ocr_line' id='line_1_74' title="bbox 2447 2963 4038 3038; baseline 0.003 -23"><span class='ocrx_word' id='word_1_513' title='bbox 2447 2963 2834 3033; x_wconf 83' lang='grc' dir='ltr'>διανέμεσθαι·</span> <span class='ocrx_word' id='word_1_514' title='bbox 2869 2968 2916 3019; x_wconf 88' lang='grc' dir='ltr'><strong>εί</strong></span> <span class='ocrx_word' id='word_1_515' title='bbox 2951 2966 3006 3019; x_wconf 82' lang='grc' dir='ltr'>δὲ</span> <span class='ocrx_word' id='word_1_516' title='bbox 3048 2968 3144 3020; x_wconf 85' lang='grc' dir='ltr'>τοῦ</span> <span class='ocrx_word' id='word_1_517' title='bbox 3187 2968 3439 3036; x_wconf 82' lang='grc' dir='ltr'>εὑρόντος</span> <span class='ocrx_word' id='word_1_518' title='bbox 3487 2969 3547 3021; x_wconf 83' lang='grc' dir='ltr'><strong>τὸ</strong></span> <span class='ocrx_word' id='word_1_519' title='bbox 3591 2970 3814 3038; x_wconf 86' lang='grc' dir='ltr'>χωρίον,</span> <span class='ocrx_word' id='word_1_520' title='bbox 3865 2967 4038 3022; x_wconf 77' lang='grc' dir='ltr'>αὑτοῦ</span> 
     </span>
    </p>
   </div>
   <div class='ocr_carea' id='block_1_75' title="bbox 2450 3054 4039 3128">
    <p class='ocr_par' dir='ltr' id='par_1_75' title="bbox 2450 3054 4039 3128">
     <span class='ocr_line' id='line_1_75' title="bbox 2450 3054 4039 3128; baseline 0.004 -22"><span class='ocrx_word' id='word_1_521' title='bbox 2450 3056 2544 3108; x_wconf 73' lang='grc' dir='ltr'><strong>καὶ</strong></span> <span class='ocrx_word' id='word_1_522' title='bbox 2573 3056 2634 3108; x_wconf 84' lang='grc' dir='ltr'><strong>τὸ</strong></span> <span class='ocrx_word' id='word_1_523' title='bbox 2664 3057 2772 3108; x_wconf 79' lang='grc' dir='ltr'><strong>πᾶν</strong></span> <span class='ocrx_word' id='word_1_524' title='bbox 2811 3055 3035 3127; x_wconf 80' lang='grc' dir='ltr'>εὕρημα</span> <span class='ocrx_word' id='word_1_525' title='bbox 3067 3054 3229 3114; x_wconf 74' lang='grc' dir='ltr'>εἶναι.</span> <span class='ocrx_word' id='word_1_526' title='bbox 3261 3059 3475 3112; x_wconf 78' lang='grc' dir='ltr'>Ταὺ0⁹ὁ</span> <span class='ocrx_word' id='word_1_527' title='bbox 3507 3061 3674 3128; x_wconf 87' lang='grc' dir='ltr'>νόμος</span> <span class='ocrx_word' id='word_1_528' title='bbox 3720 3061 4039 3113; x_wconf 79' lang='grc' dir='ltr'>ἐθέσπισεν.</span> 
     </span>
    </p>
   </div>
   <div class='ocr_carea' id='block_1_76' title="bbox 2375 3144 4034 3239">
    <p class='ocr_par' dir='ltr' id='par_1_76' title="bbox 2375 3144 4034 3239">
     <span class='ocr_line' id='line_1_76' title="bbox 2375 3144 4034 3239; baseline 0.004 -41"><span class='ocrx_word' id='word_1_529' title='bbox 2375 3184 2416 3239; x_wconf 74' lang='lat' dir='ltr'><strong>c</strong></span> <span class='ocrx_word' id='word_1_530' title='bbox 2451 3144 2591 3198; x_wconf 81' lang='grc' dir='ltr'>Ἀλλ’</span> <span class='ocrx_word' id='word_1_531' title='bbox 2626 3147 2661 3216; x_wconf 78' lang='grc' dir='ltr'><strong>ἡ</strong></span> <span class='ocrx_word' id='word_1_532' title='bbox 2694 3147 2874 3216; x_wconf 84' lang='grc' dir='ltr'>φαύλη</span> <span class='ocrx_word' id='word_1_533' title='bbox 2905 3148 3190 3212; x_wconf 78' lang='grc' dir='ltr'>πλεονεξία</span> <span class='ocrx_word' id='word_1_534' title='bbox 3215 3150 3315 3202; x_wconf 90' lang='grc' dir='ltr'><strong>οὑκ</strong></span> <span class='ocrx_word' id='word_1_535' title='bbox 3346 3147 3442 3202; x_wconf 74' lang='grc' dir='ltr'>οἶδ’</span> <span class='ocrx_word' id='word_1_536' title='bbox 3475 3151 3623 3214; x_wconf 85' lang='grc' dir='ltr'>ὅπως</span> <span class='ocrx_word' id='word_1_537' title='bbox 3670 3150 3864 3202; x_wconf 75' lang='grc' dir='ltr'>τοῦττν</span> <span class='ocrx_word' id='word_1_538' title='bbox 3919 3168 4034 3204; x_wconf 81' lang='grc' dir='ltr'>πα·</span> 
     </span>
    </p>
   </div>
   <div class='ocr_carea' id='block_1_77' title="bbox 2451 3237 4040 3311">
    <p class='ocr_par' dir='ltr' id='par_1_77' title="bbox 2451 3237 4040 3311">
     <span class='ocr_line' id='line_1_77' title="bbox 2451 3237 4040 3311; baseline 0.004 -24"><span class='ocrx_word' id='word_1_539' title='bbox 2451 3237 2876 3306; x_wconf 84' lang='grc' dir='ltr'>ραλογισαμένη,</span> <span class='ocrx_word' id='word_1_540' title='bbox 2913 3239 3104 3308; x_wconf 86' lang='grc' dir='ltr'>κέρδος</span> <span class='ocrx_word' id='word_1_541' title='bbox 3154 3240 3338 3293; x_wconf 85' lang='grc' dir='ltr'>ἄδικον</span> <span class='ocrx_word' id='word_1_542' title='bbox 3390 3241 3467 3310; x_wconf 78' lang='grc' dir='ltr'>τῷ</span> <span class='ocrx_word' id='word_1_543' title='bbox 3495 3241 3743 3310; x_wconf 84' lang='grc' dir='ltr'>δημοσίῳ</span> <span class='ocrx_word' id='word_1_544' title='bbox 3807 3243 4040 3311; x_wconf 75' lang='grc' dir='ltr'>χαριζο-</span> 
     </span>
    </p>
   </div>
   <div class='ocr_carea' id='block_1_78' title="bbox 2447 3325 4041 3401">
    <p class='ocr_par' dir='ltr' id='par_1_78' title="bbox 2447 3325 4041 3401">
     <span class='ocr_line' id='line_1_78' title="bbox 2447 3325 4041 3401; baseline 0.004 -24"><span class='ocrx_word' id='word_1_545' title='bbox 2447 3325 2584 3396; x_wconf 85' lang='grc' dir='ltr'>μένη</span> <span class='ocrx_word' id='word_1_546' title='bbox 2615 3327 2810 3395; x_wconf 75' lang='grc' dir='ltr'>ἐκείνῳ</span> <span class='ocrx_word' id='word_1_547' title='bbox 2844 3328 3007 3398; x_wconf 81' lang='grc' dir='ltr'>μέχρι</span> <span class='ocrx_word' id='word_1_548' title='bbox 3035 3328 3129 3381; x_wconf 76' lang='grc' dir='ltr'>τοῦ</span> <span class='ocrx_word' id='word_1_549' title='bbox 3160 3329 3256 3382; x_wconf 81' lang='grc' dir='ltr'>νῦν</span> <span class='ocrx_word' id='word_1_550' title='bbox 3282 3330 3373 3383; x_wconf 70' lang='grc' dir='ltr'>τὸν</span> <span class='ocrx_word' id='word_1_551' title='bbox 3407 3332 3798 3401; x_wconf 81' lang='grc' dir='ltr'>εὑρισκόμενον</span> <span class='ocrx_word' id='word_1_552' title='bbox 3847 3332 4041 3385; x_wconf 81' lang='grc' dir='ltr'>δίδωσι</span> 
     </span>
    </p>
   </div>
   <div class='ocr_carea' id='block_1_79' title="bbox 2444 3415 4041 3492">
    <p class='ocr_par' dir='ltr' id='par_1_79' title="bbox 2444 3415 4041 3492">
     <span class='ocr_line' id='line_1_79' title="bbox 2444 3415 4041 3492; baseline 0.006 -24"><span class='ocrx_word' id='word_1_553' title='bbox 2444 3415 2714 3487; x_wconf 83' lang='grc' dir='ltr'>θησαυρὸν</span> <span class='ocrx_word' id='word_1_554' title='bbox 2742 3420 2821 3482; x_wconf 82' lang='grc' dir='ltr'>εἰς</span> <span class='ocrx_word' id='word_1_555' title='bbox 2873 3420 3148 3488; x_wconf 79' lang='grc' dir='ltr'>ἀπραξίαν</span> <span class='ocrx_word' id='word_1_556' title='bbox 3181 3422 3272 3474; x_wconf 81' lang='grc' dir='ltr'><strong>τὸν</strong></span> <span class='ocrx_word' id='word_1_557' title='bbox 3329 3421 3493 3491; x_wconf 86' lang='grc' dir='ltr'>νόμον</span> <span class='ocrx_word' id='word_1_558' title='bbox 3536 3423 3939 3492; x_wconf 77' lang='grc' dir='ltr'>περιστήσασα.</span> <span class='ocrx_word' id='word_1_559' title='bbox 3971 3424 4041 3477; x_wconf 80' lang='grc' dir='ltr'>Τί</span> 
     </span>
    </p>
   </div>
   <div class='ocr_carea' id='block_1_80' title="bbox 2443 3505 4040 3584">
    <p class='ocr_par' dir='ltr' id='par_1_80' title="bbox 2443 3505 4040 3584">
     <span class='ocr_line' id='line_1_80' title="bbox 2443 3505 4040 3584; baseline 0.004 -23"><span class='ocrx_word' id='word_1_560' title='bbox 2443 3505 2538 3562; x_wconf 77' lang='grc' dir='ltr'><strong>οὖν</strong></span> <span class='ocrx_word' id='word_1_561' title='bbox 2571 3511 2633 3562; x_wconf 80' lang='grc' dir='ltr'>ἐκ</span> <span class='ocrx_word' id='word_1_562' title='bbox 2665 3509 2854 3564; x_wconf 91' lang='grc' dir='ltr'>τούτου</span> <span class='ocrx_word' id='word_1_563' title='bbox 2889 3512 3178 3581; x_wconf 71' lang='grc' dir='ltr'>συμϐαίνει</span> <span class='ocrx_word' id='word_1_564' title='bbox 3205 3530 3218 3576; x_wconf 88' lang='lat'><strong>;</strong></span> <span class='ocrx_word' id='word_1_565' title='bbox 3259 3513 3460 3580; x_wconf 81' lang='grc' dir='ltr'>γνῶσιν</span> <span class='ocrx_word' id='word_1_566' title='bbox 3489 3514 3705 3584; x_wconf 82' lang='grc' dir='ltr'>ἔχοντες</span> <span class='ocrx_word' id='word_1_567' title='bbox 3731 3515 4040 3583; x_wconf 79' lang='grc' dir='ltr'>θησαυρῶν</span> 
     </span>
    </p>
   </div>
   <div class='ocr_carea' id='block_1_81' title="bbox 2445 3602 4040 3672">
    <p class='ocr_par' dir='ltr' id='par_1_81' title="bbox 2445 3602 4040 3672">
     <span class='ocr_line' id='line_1_81' title="bbox 2445 3602 4040 3672; baseline 0.004 -19"><span class='ocrx_word' id='word_1_568' title='bbox 2445 3603 2971 3672; x_wconf 80' lang='grc' dir='ltr'>κατορωρυγμένων,</span> <span class='ocrx_word' id='word_1_569' title='bbox 2997 3602 3326 3667; x_wconf 82' lang='grc' dir='ltr'>ἐννοοῦντες,</span> <span class='ocrx_word' id='word_1_570' title='bbox 3367 3608 3448 3659; x_wconf 85' lang='grc' dir='ltr'>ὅτι</span> <span class='ocrx_word' id='word_1_571' title='bbox 3471 3610 3582 3670; x_wconf 86' lang='grc' dir='ltr'>τοῖς</span> <span class='ocrx_word' id='word_1_572' title='bbox 3615 3605 3795 3660; x_wconf 76' lang='grc' dir='ltr'>αὐτῶν</span> <span class='ocrx_word' id='word_1_573' title='bbox 3849 3607 4040 3670; x_wconf 67' lang='grc' dir='ltr'>πόνοις</span> 
     </span>
    </p>
   </div>
   <div class='ocr_carea' id='block_1_82' title="bbox 2446 3692 4040 3766">
    <p class='ocr_par' dir='ltr' id='par_1_82' title="bbox 2446 3692 4040 3766">
     <span class='ocr_line' id='line_1_82' title="bbox 2446 3692 4040 3766; baseline 0.004 -22"><span class='ocrx_word' id='word_1_574' title='bbox 2446 3692 2776 3763; x_wconf 77' lang='grc' dir='ltr'>ἡσθήσονται</span> <span class='ocrx_word' id='word_1_575' title='bbox 2815 3693 3024 3762; x_wconf 73' lang='grc' dir='ltr'>ἕτεροι.</span> <span class='ocrx_word' id='word_1_576' title='bbox 3085 3696 3242 3748; x_wconf 80' lang='grc' dir='ltr'>αὑτοὶ</span> <span class='ocrx_word' id='word_1_577' title='bbox 3287 3696 3344 3748; x_wconf 82' lang='grc' dir='ltr'>δὲ</span> <span class='ocrx_word' id='word_1_578' title='bbox 3401 3698 3582 3766; x_wconf 81' lang='grc' dir='ltr'>μάτην</span> <span class='ocrx_word' id='word_1_579' title='bbox 3635 3699 4040 3766; x_wconf 75' lang='grc' dir='ltr'>ὑποστήσονται</span> 
     </span>
    </p>
   </div>
   <div class='ocr_carea' id='block_1_83' title="bbox 2442 3783 4040 3857">
    <p class='ocr_par' dir='ltr' id='par_1_83' title="bbox 2442 3783 4040 3857">
     <span class='ocr_line' id='line_1_83' title="bbox 2442 3783 4040 3857; baseline 0.003 -22"><span class='ocrx_word' id='word_1_580' title='bbox 2442 3783 2535 3835; x_wconf 82' lang='grc' dir='ltr'><strong>τὸν</strong></span> <span class='ocrx_word' id='word_1_581' title='bbox 2566 3784 2832 3854; x_wconf 71' lang='grc' dir='ltr'>κάματον,</span> <span class='ocrx_word' id='word_1_582' title='bbox 2868 3786 2929 3837; x_wconf 86' lang='grc' dir='ltr'><strong>οὑ</strong></span> <span class='ocrx_word' id='word_1_583' title='bbox 2963 3785 3122 3854; x_wconf 88' lang='grc' dir='ltr'>μόνον</span> <span class='ocrx_word' id='word_1_584' title='bbox 3182 3787 3238 3839; x_wconf 85' lang='grc' dir='ltr'>δὲ</span> <span class='ocrx_word' id='word_1_585' title='bbox 3271 3787 3386 3840; x_wconf 80' lang='grc' dir='ltr'>ἀλλ’</span> <span class='ocrx_word' id='word_1_586' title='bbox 3448 3790 3622 3842; x_wconf 77' lang='grc' dir='ltr'>ἐνίοτε</span> <span class='ocrx_word' id='word_1_587' title='bbox 3657 3790 3749 3842; x_wconf 70' lang='grc' dir='ltr'><strong>καὶ</strong></span> <span class='ocrx_word' id='word_1_588' title='bbox 3806 3792 4040 3857; x_wconf 81' lang='grc' dir='ltr'>πικραῖς</span> 
     </span>
    </p>
   </div>
   <div class='ocr_carea' id='block_1_84' title="bbox 2443 3872 4032 3946">
    <p class='ocr_par' dir='ltr' id='par_1_84' title="bbox 2443 3872 4032 3946">
     <span class='ocr_line' id='line_1_84' title="bbox 2443 3872 4032 3946; baseline 0 -20"><span class='ocrx_word' id='word_1_589' title='bbox 2443 3872 2754 3937; x_wconf 80' lang='grc' dir='ltr'>ὲξετάσεσιν</span> <span class='ocrx_word' id='word_1_590' title='bbox 2795 3873 3302 3943; x_wconf 79' lang='grc' dir='ltr'>ὑποϐεδλήσονται,</span> <span class='ocrx_word' id='word_1_591' title='bbox 3342 3876 3492 3945; x_wconf 85' lang='grc' dir='ltr'><strong>παρά</strong></span> <span class='ocrx_word' id='word_1_592' title='bbox 3548 3875 3753 3946; x_wconf 80' lang='grc' dir='ltr'>φαῦλον</span> <span class='ocrx_word' id='word_1_593' title='bbox 3811 3876 4032 3928; x_wconf 75' lang='grc' dir='ltr'>ποιοῦν-</span> 
     </span>
    </p>
   </div>
   <div class='ocr_carea' id='block_1_85' title="bbox 2443 3962 4037 4032">
    <p class='ocr_par' dir='ltr' id='par_1_85' title="bbox 2443 3962 4037 4032">
     <span class='ocr_line' id='line_1_85' title="bbox 2443 3962 4037 4032; baseline 0.004 -19"><span class='ocrx_word' id='word_1_594' title='bbox 2443 3979 2534 4016; x_wconf 85' lang='grc' dir='ltr'><strong>ται</strong></span> <span class='ocrx_word' id='word_1_595' title='bbox 2564 3962 2664 4032; x_wconf 77' lang='grc' dir='ltr'><strong>τὴν</strong></span> <span class='ocrx_word' id='word_1_596' title='bbox 2710 3963 2934 4032; x_wconf 80' lang='grc' dir='ltr'>ἔρευναν</span> <span class='ocrx_word' id='word_1_597' title='bbox 2961 3964 3054 4016; x_wconf 74' lang='grc' dir='ltr'>καὶ</span> <span class='ocrx_word' id='word_1_598' title='bbox 3103 3963 3373 4030; x_wconf 73' lang='grc' dir='ltr'>λαμϐάνει</span> <span class='ocrx_word' id='word_1_599' title='bbox 3403 3964 3574 4029; x_wconf 85' lang='grc' dir='ltr'>οὑτως</span> <span class='ocrx_word' id='word_1_600' title='bbox 3625 3965 3843 4029; x_wconf 87' lang='grc' dir='ltr'>αἰώνιος</span> <span class='ocrx_word' id='word_1_601' title='bbox 3900 3967 4037 4019; x_wconf 69' lang='grc' dir='ltr'><strong>ἀπό⁶</strong></span> 
     </span>
    </p>
   </div>
   <div class='ocr_carea' id='block_1_86' title="bbox 2445 4051 4039 4128">
    <p class='ocr_par' dir='ltr' id='par_1_86' title="bbox 2445 4051 4039 4128">
     <span class='ocr_line' id='line_1_86' title="bbox 2445 4051 4039 4128; baseline 0.005 -24"><span class='ocrx_word' id='word_1_602' title='bbox 2445 4053 2644 4122; x_wconf 72' lang='grc' dir='ltr'>κρυψις</span> <span class='ocrx_word' id='word_1_603' title='bbox 2675 4055 2768 4106; x_wconf 72' lang='grc' dir='ltr'><strong>καὶ</strong></span> <span class='ocrx_word' id='word_1_604' title='bbox 2791 4053 3058 4121; x_wconf 80' lang='grc' dir='ltr'>ἀπώλεια,</span> <span class='ocrx_word' id='word_1_605' title='bbox 3087 4051 3216 4126; x_wconf 83' lang='grc' dir='ltr'>ὧνὴ</span> <span class='ocrx_word' id='word_1_606' title='bbox 3250 4057 3562 4128; x_wconf 78' lang='grc' dir='ltr'>φανέρωσις</span> <span class='ocrx_word' id='word_1_607' title='bbox 3615 4057 3889 4126; x_wconf 67' lang='grc' dir='ltr'>ὠφέλειαν</span> <span class='ocrx_word' id='word_1_608' title='bbox 3941 4059 4039 4111; x_wconf 81' lang='grc' dir='ltr'>ἀν-</span> 
     </span>
    </p>
   </div>
   <div class='ocr_carea' id='block_1_87' title="bbox 2447 4142 3465 4218">
    <p class='ocr_par' dir='ltr' id='par_1_87' title="bbox 2447 4142 3465 4218">
     <span class='ocr_line' id='line_1_87' title="bbox 2447 4142 3465 4218; baseline 0.01 -24"><span class='ocrx_word' id='word_1_609' title='bbox 2447 4142 2688 4212; x_wconf 87' lang='grc' dir='ltr'>θρώποις</span> <span class='ocrx_word' id='word_1_610' title='bbox 2724 4145 2916 4214; x_wconf 80' lang='grc' dir='ltr'>ἔμελλε</span> <span class='ocrx_word' id='word_1_611' title='bbox 2950 4148 3465 4218; x_wconf 84' lang='grc' dir='ltr'>πραγματεύεσθαι.</span> 
     </span>
    </p>
   </div>
   <div class='ocr_carea' id='block_1_88' title="bbox 2519 4257 4038 4332">
    <p class='ocr_par' dir='ltr' id='par_1_88' title="bbox 2519 4257 4038 4332">
     <span class='ocr_line' id='line_1_88' title="bbox 2519 4257 4038 4332; baseline 0.003 -22"><span class='ocrx_word' id='word_1_612' title='bbox 2519 4257 2833 4327; x_wconf 79' lang='grc' dir='ltr'>Κελεύομεν</span> <span class='ocrx_word' id='word_1_613' title='bbox 2862 4261 3064 4323; x_wconf 86' lang='grc' dir='ltr'>τοίνυν,</span> <span class='ocrx_word' id='word_1_614' title='bbox 3098 4261 3241 4314; x_wconf 81' lang='grc' dir='ltr'><strong>κατά</strong></span> <span class='ocrx_word' id='word_1_615' title='bbox 3268 4262 3365 4329; x_wconf 79' lang='grc' dir='ltr'>τὴν</span> <span class='ocrx_word' id='word_1_616' title='bbox 3425 4261 3778 4330; x_wconf 81' lang='grc' dir='ltr'>δικαιοσύνην</span> <span class='ocrx_word' id='word_1_617' title='bbox 3803 4261 3902 4314; x_wconf 75' lang='grc' dir='ltr'>τοῦ</span> <span class='ocrx_word' id='word_1_618' title='bbox 3931 4263 4038 4332; x_wconf 84' lang='grc' dir='ltr'>ἀρ-</span> 
     </span>
    </p>
   </div>
   <div class='ocr_carea' id='block_1_89' title="bbox 2444 4350 4038 4424">
    <p class='ocr_par' dir='ltr' id='par_1_89' title="bbox 2444 4350 4038 4424">
     <span class='ocr_line' id='line_1_89' title="bbox 2444 4350 4038 4424; baseline 0.003 -22"><span class='ocrx_word' id='word_1_619' title='bbox 2444 4351 2600 4419; x_wconf 88' lang='grc' dir='ltr'>χαίου</span> <span class='ocrx_word' id='word_1_620' title='bbox 2653 4350 2820 4420; x_wconf 89' lang='grc' dir='ltr'>νόμου</span> <span class='ocrx_word' id='word_1_621' title='bbox 2903 4352 2998 4405; x_wconf 79' lang='grc' dir='ltr'><strong>καὶ</strong></span> <span class='ocrx_word' id='word_1_622' title='bbox 3068 4353 3178 4405; x_wconf 83' lang='grc' dir='ltr'><strong>ἀπὸ</strong></span> <span class='ocrx_word' id='word_1_623' title='bbox 3250 4354 3346 4406; x_wconf 77' lang='grc' dir='ltr'><strong>τοῦ</strong></span> <span class='ocrx_word' id='word_1_624' title='bbox 3400 4354 3667 4424; x_wconf 84' lang='grc' dir='ltr'>παρόντος</span> <span class='ocrx_word' id='word_1_625' title='bbox 3729 4356 3982 4420; x_wconf 82' lang='grc' dir='ltr'>γίνεσθαι</span> <span class='ocrx_word' id='word_1_626' title='bbox 4020 4399 4038 4423; x_wconf 83' lang='grc'><strong>,</strong></span> 
     </span>
    </p>
   </div>
   <div class='ocr_carea' id='block_1_90' title="bbox 2443 4441 4036 4514">
    <p class='ocr_par' dir='ltr' id='par_1_90' title="bbox 2443 4441 4036 4514">
     <span class='ocr_line' id='line_1_90' title="bbox 2443 4441 4036 4514; baseline 0.004 -22"><span class='ocrx_word' id='word_1_627' title='bbox 2443 4442 2540 4493; x_wconf 76' lang='grc' dir='ltr'>καὶ</span> <span class='ocrx_word' id='word_1_628' title='bbox 2571 4441 2850 4512; x_wconf 83' lang='grc' dir='ltr'>θησαυροῦ</span> <span class='ocrx_word' id='word_1_629' title='bbox 2901 4444 3240 4514; x_wconf 84' lang='grc' dir='ltr'>εὑρεθέντος,</span> <span class='ocrx_word' id='word_1_630' title='bbox 3276 4446 3327 4497; x_wconf 86' lang='grc' dir='ltr'><strong>εί</strong></span> <span class='ocrx_word' id='word_1_631' title='bbox 3357 4444 3456 4514; x_wconf 85' lang='grc' dir='ltr'>μὲν</span> <span class='ocrx_word' id='word_1_632' title='bbox 3485 4447 3513 4498; x_wconf 84' lang='grc' dir='ltr'><strong>ό</strong></span> <span class='ocrx_word' id='word_1_633' title='bbox 3569 4445 3762 4498; x_wconf 83' lang='grc' dir='ltr'>τοῦτον</span> <span class='ocrx_word' id='word_1_634' title='bbox 3822 4447 4036 4514; x_wconf 75' lang='grc' dir='ltr'>ἐξαγα-</span> 
     </span>
    </p>
   </div>
   <div class='ocr_carea' id='block_1_91' title="bbox 773 4514 2450 4607">
    <p class='ocr_par' dir='ltr' id='par_1_91' title="bbox 773 4514 2450 4602">
     <span class='ocr_line' id='line_1_91' title="bbox 773 4514 2450 4602; baseline 0.009 -37"><span class='ocrx_word' id='word_1_635' title='bbox 773 4514 826 4566; x_wconf 93' lang='lat' dir='ltr'><strong>in</strong></span> <span class='ocrx_word' id='word_1_636' title='bbox 861 4515 1095 4584; x_wconf 81' lang='lat' dir='ltr'><strong>publicis</strong></span> <span class='ocrx_word' id='word_1_637' title='bbox 1155 4516 1592 4586; x_wconf 79' lang='lat' dir='ltr'><strong>imperatoriisre</strong></span> <span class='ocrx_word' id='word_1_638' title='bbox 1632 4517 1817 4602; x_wconf 50' lang='lat' dir='ltr'><strong>fundis</strong></span> <span class='ocrx_word' id='word_1_639' title='bbox 1865 4519 1957 4580; x_wconf 91' lang='lat' dir='ltr'><strong>sit,</strong></span> <span class='ocrx_word' id='word_1_640' title='bbox 1993 4519 2246 4575; x_wconf 76' lang='lat' dir='ltr'><strong>inventor</strong></span> <span class='ocrx_word' id='word_1_641' title='bbox 2271 4522 2340 4576; x_wconf 89' lang='lat' dir='ltr'><strong>il-</strong></span> <span class='ocrx_word' id='word_1_642' title='bbox 2372 4523 2450 4580; x_wconf 86' lang='lat' dir='ltr'><strong>D-</strong></span> 
     </span>
    </p>
   </div>
   <div class='ocr_carea' id='block_1_92' title="bbox 2360 4514 4037 4607">
    <p class='ocr_par' dir='ltr' id='par_1_92' title="bbox 2372 4523 4037 4607">
     <span class='ocr_line' id='line_1_92' title="bbox 2372 4523 4037 4607; baseline 0.005 -25"><span class='ocrx_word' id='word_1_643' title='bbox 2372 4523 2418 4580; x_wconf 84' lang='lat' dir='ltr'><strong>D</strong></span> <span class='ocrx_word' id='word_1_644' title='bbox 2442 4533 2556 4599; x_wconf 88' lang='grc' dir='ltr'>γὼν</span> <span class='ocrx_word' id='word_1_645' title='bbox 2575 4533 2740 4596; x_wconf 85' lang='grc' dir='ltr'>τόπος</span> <span class='ocrx_word' id='word_1_646' title='bbox 2766 4533 2874 4587; x_wconf 83' lang='grc' dir='ltr'><strong>τῶν</strong></span> <span class='ocrx_word' id='word_1_647' title='bbox 2921 4535 3198 4606; x_wconf 86' lang='grc' dir='ltr'>δημοσίων</span> <span class='ocrx_word' id='word_1_648' title='bbox 3229 4536 3262 4604; x_wconf 82' lang='grc' dir='ltr'>ἢ</span> <span class='ocrx_word' id='word_1_649' title='bbox 3301 4536 3411 4588; x_wconf 84' lang='grc' dir='ltr'><strong>τῶν</strong></span> <span class='ocrx_word' id='word_1_650' title='bbox 3455 4535 3747 4605; x_wconf 86' lang='grc' dir='ltr'>βασιλείων</span> <span class='ocrx_word' id='word_1_651' title='bbox 3796 4539 3885 4607; x_wconf 80' lang='grc' dir='ltr'><strong>εἴη</strong></span> <span class='ocrx_word' id='word_1_652' title='bbox 3917 4557 4037 4607; x_wconf 87' lang='grc' dir='ltr'>χω-</span> 
     </span>
    </p>
   </div>
   <div class='ocr_carea' id='block_1_93' title="bbox 763 4604 2343 4680">
    <p class='ocr_par' dir='ltr' id='par_1_93' title="bbox 763 4604 2343 4680">
     <span class='ocr_line' id='line_1_93' title="bbox 763 4604 2343 4680; baseline 0.009 -26"><span class='ocrx_word' id='word_1_653' title='bbox 763 4604 875 4654; x_wconf 90' lang='lat' dir='ltr'><strong>lum</strong></span> <span class='ocrx_word' id='word_1_654' title='bbox 905 4619 1031 4656; x_wconf 89' lang='lat' dir='ltr'><strong>enm</strong></span> <span class='ocrx_word' id='word_1_655' title='bbox 1070 4606 1202 4659; x_wconf 84' lang='lat' dir='ltr'><strong>tisco</strong></span> <span class='ocrx_word' id='word_1_656' title='bbox 1267 4607 1566 4675; x_wconf 89' lang='lat' dir='ltr'><strong>partiatur:</strong></span> <span class='ocrx_word' id='word_1_657' title='bbox 1624 4609 1668 4661; x_wconf 91' lang='lat' dir='ltr'><strong>si</strong></span> <span class='ocrx_word' id='word_1_658' title='bbox 1719 4624 1850 4663; x_wconf 79' lang='lat' dir='ltr'><strong>vero</strong></span> <span class='ocrx_word' id='word_1_659' title='bbox 1899 4610 2128 4666; x_wconf 90' lang='lat' dir='ltr'><strong>alterius</strong></span> <span class='ocrx_word' id='word_1_660' title='bbox 2153 4612 2343 4680; x_wconf 51' lang='lat' dir='ltr'><strong>cujus.</strong></span> 
     </span>
    </p>
   </div>
   <div class='ocr_carea' id='block_1_94' title="bbox 765 4692 2340 4766">
    <p class='ocr_par' dir='ltr' id='par_1_94' title="bbox 765 4692 2340 4766">
     <span class='ocr_line' id='line_1_94' title="bbox 765 4692 2340 4766; baseline 0.01 -24"><span class='ocrx_word' id='word_1_661' title='bbox 765 4693 906 4761; x_wconf 83' lang='lat' dir='ltr'><strong>piam</strong></span> <span class='ocrx_word' id='word_1_662' title='bbox 935 4692 1026 4754; x_wconf 90' lang='lat' dir='ltr'><strong>sit,</strong></span> <span class='ocrx_word' id='word_1_663' title='bbox 1062 4695 1231 4748; x_wconf 89' lang='lat' dir='ltr'><strong>simili</strong></span> <span class='ocrx_word' id='word_1_664' title='bbox 1263 4697 1425 4751; x_wconf 90' lang='lat' dir='ltr'><strong>modo</strong></span> <span class='ocrx_word' id='word_1_665' title='bbox 1458 4697 1637 4766; x_wconf 89' lang='lat' dir='ltr'><strong>ipsum</strong></span> <span class='ocrx_word' id='word_1_666' title='bbox 1661 4705 1718 4751; x_wconf 85' lang='lat' dir='ltr'><strong>et</strong></span> <span class='ocrx_word' id='word_1_667' title='bbox 1767 4699 2043 4763; x_wconf 83' lang='lat' dir='ltr'><strong>inventor,</strong></span> <span class='ocrx_word' id='word_1_668' title='bbox 2069 4710 2122 4754; x_wconf 90' lang='lat' dir='ltr'><strong>et</strong></span> <span class='ocrx_word' id='word_1_669' title='bbox 2151 4701 2254 4754; x_wconf 87' lang='lat' dir='ltr'><strong>loci</strong></span> <span class='ocrx_word' id='word_1_670' title='bbox 2286 4705 2340 4757; x_wconf 91' lang='lat' dir='ltr'><strong>in</strong></span> 
     </span>
    </p>
   </div>
   <div class='ocr_carea' id='block_1_95' title="bbox 762 4785 2339 4859">
    <p class='ocr_par' dir='ltr' id='par_1_95' title="bbox 762 4785 2339 4859">
     <span class='ocr_line' id='line_1_95' title="bbox 762 4785 2339 4859; baseline 0.011 -27"><span class='ocrx_word' id='word_1_671' title='bbox 762 4797 871 4851; x_wconf 90' lang='lat' dir='ltr'><strong>quo</strong></span> <span class='ocrx_word' id='word_1_672' title='bbox 902 4785 1212 4859; x_wconf 81' lang='lat' dir='ltr'><strong>thesaurus_</strong></span> <span class='ocrx_word' id='word_1_673' title='bbox 1236 4788 1491 4843; x_wconf 83' lang='lat' dir='ltr'><strong>inventus</strong></span> <span class='ocrx_word' id='word_1_674' title='bbox 1519 4799 1602 4843; x_wconf 91' lang='lat' dir='ltr'><strong>est</strong></span> <span class='ocrx_word' id='word_1_675' title='bbox 1635 4789 1894 4845; x_wconf 88' lang='lat' dir='ltr'><strong>dominus</strong></span> <span class='ocrx_word' id='word_1_676' title='bbox 1939 4789 2082 4846; x_wconf 90' lang='lat' dir='ltr'><strong>inter</strong></span> <span class='ocrx_word' id='word_1_677' title='bbox 2113 4808 2172 4846; x_wconf 89' lang='lat' dir='ltr'><strong>se</strong></span> <span class='ocrx_word' id='word_1_678' title='bbox 2198 4794 2339 4849; x_wconf 88' lang='lat' dir='ltr'><strong>divi-</strong></span> 
     </span>
    </p>
   </div>
   <div class='ocr_carea' id='block_1_96' title="bbox 761 4873 2350 4953">
    <p class='ocr_par' dir='ltr' id='par_1_96' title="bbox 761 4873 2350 4953">
     <span class='ocr_line' id='line_1_96' title="bbox 761 4873 2350 4953; baseline 0.011 -31"><span class='ocrx_word' id='word_1_679' title='bbox 761 4877 914 4925; x_wconf 85' lang='lat' dir='ltr'><strong>dant.</strong></span> <span class='ocrx_word' id='word_1_680' title='bbox 943 4873 1214 4928; x_wconf 68' lang='lat' dir='ltr'><strong>Caeteruin</strong></span> <span class='ocrx_word' id='word_1_681' title='bbox 1263 4877 1308 4930; x_wconf 90' lang='lat' dir='ltr'><strong>si</strong></span> <span class='ocrx_word' id='word_1_682' title='bbox 1345 4878 1626 4946; x_wconf 89' lang='lat' dir='ltr'><strong>improbus</strong></span> <span class='ocrx_word' id='word_1_683' title='bbox 1652 4895 1793 4943; x_wconf 86' lang='lat' dir='ltr'><strong>esse,</strong></span> <span class='ocrx_word' id='word_1_684' title='bbox 1820 4895 1998 4949; x_wconf 90' lang='lat' dir='ltr'><strong>neque</strong></span> <span class='ocrx_word' id='word_1_685' title='bbox 2056 4883 2350 4953; x_wconf 82' lang='lat' dir='ltr'><strong>quidquid~</strong></span> 
     </span>
    </p>
   </div>
   <div class='ocr_carea' id='block_1_97' title="bbox 763 4965 2335 5035">
    <p class='ocr_par' dir='ltr' id='par_1_97' title="bbox 763 4965 2335 5035">
     <span class='ocr_line' id='line_1_97' title="bbox 763 4965 2335 5035; baseline 0.013 -24"><span class='ocrx_word' id='word_1_686' title='bbox 763 4965 1301 5030; x_wconf 81' lang='lat' dir='ltr'><strong>repereritconﬁteri</strong></span> <span class='ocrx_word' id='word_1_687' title='bbox 1342 4969 1596 5023; x_wconf 89' lang='lat' dir='ltr'><strong>inventor</strong></span> <span class='ocrx_word' id='word_1_688' title='bbox 1651 4985 1814 5024; x_wconf 91' lang='lat' dir='ltr'><strong>omne</strong></span> <span class='ocrx_word' id='word_1_689' title='bbox 1860 4972 2009 5035; x_wconf 85' lang='lat' dir='ltr'><strong>velit,</strong></span> <span class='ocrx_word' id='word_1_690' title='bbox 2057 4975 2151 5028; x_wconf 89' lang='lat' dir='ltr'><strong>sed</strong></span> <span class='ocrx_word' id='word_1_691' title='bbox 2209 4975 2335 5031; x_wconf 91' lang='lat' dir='ltr'><strong>dolo</strong></span> 
     </span>
    </p>
   </div>
   <div class='ocr_carea' id='block_1_98' title="bbox 763 5054 2323 5132">
    <p class='ocr_par' dir='ltr' id='par_1_98' title="bbox 763 5054 2323 5132">
     <span class='ocr_line' id='line_1_98' title="bbox 763 5054 2323 5132; baseline 0.012 -29"><span class='ocrx_word' id='word_1_692' title='bbox 763 5054 1171 5126; x_wconf 85' lang='lat' dir='ltr'><strong>ineodaciisque</strong></span> <span class='ocrx_word' id='word_1_693' title='bbox 1192 5073 1256 5112; x_wconf 82' lang='lat' dir='ltr'><strong>ex</strong></span> <span class='ocrx_word' id='word_1_694' title='bbox 1294 5074 1352 5114; x_wconf 90' lang='lat' dir='ltr'><strong>re</strong></span> <span class='ocrx_word' id='word_1_695' title='bbox 1375 5068 1592 5130; x_wconf 86' lang='lat' dir='ltr'><strong>reperta</strong></span> <span class='ocrx_word' id='word_1_696' title='bbox 1643 5063 1907 5117; x_wconf 90' lang='lat' dir='ltr'><strong>nonnulla</strong></span> <span class='ocrx_word' id='word_1_697' title='bbox 1942 5065 2221 5132; x_wconf 89' lang='lat' dir='ltr'><strong>detineat;</strong></span> <span class='ocrx_word' id='word_1_698' title='bbox 2271 5069 2323 5122; x_wconf 91' lang='lat' dir='ltr'><strong>in</strong></span> 
     </span>
    </p>
   </div>
   <div class='ocr_carea' id='block_1_99' title="bbox 2445 4623 4038 4697">
    <p class='ocr_par' dir='ltr' id='par_1_99' title="bbox 2445 4623 4038 4697">
     <span class='ocr_line' id='line_1_99' title="bbox 2445 4623 4038 4697; baseline 0.006 -24"><span class='ocrx_word' id='word_1_699' title='bbox 2445 4623 2598 4693; x_wconf 86' lang='grc' dir='ltr'>ρίων,</span> <span class='ocrx_word' id='word_1_700' title='bbox 2633 4624 2775 4692; x_wconf 88' lang='grc' dir='ltr'><strong>μετά</strong></span> <span class='ocrx_word' id='word_1_701' title='bbox 2851 4625 2946 4679; x_wconf 81' lang='grc' dir='ltr'>τοῦ</span> <span class='ocrx_word' id='word_1_702' title='bbox 2993 4626 3259 4696; x_wconf 87' lang='grc' dir='ltr'>δημοσίου</span> <span class='ocrx_word' id='word_1_703' title='bbox 3297 4627 3388 4679; x_wconf 74' lang='grc' dir='ltr'><strong>τὸν</strong></span> <span class='ocrx_word' id='word_1_704' title='bbox 3434 4628 3761 4697; x_wconf 83' lang='grc' dir='ltr'>εὑρίσκοντα</span> <span class='ocrx_word' id='word_1_705' title='bbox 3809 4628 4038 4697; x_wconf 77' lang='grc' dir='ltr'>μερίζε-</span> 
     </span>
    </p>
   </div>
   <div class='ocr_carea' id='block_1_100' title="bbox 2441 4715 4038 4790">
    <p class='ocr_par' dir='ltr' id='par_1_100' title="bbox 2441 4715 4038 4790">
     <span class='ocr_line' id='line_1_100' title="bbox 2441 4715 4038 4790; baseline 0.003 -23"><span class='ocrx_word' id='word_1_706' title='bbox 2441 4715 2590 4778; x_wconf 89' lang='grc' dir='ltr'>σθαι,</span> <span class='ocrx_word' id='word_1_707' title='bbox 2628 4719 2677 4768; x_wconf 84' lang='grc' dir='ltr'><strong>εί</strong></span> <span class='ocrx_word' id='word_1_708' title='bbox 2733 4716 2780 4768; x_wconf 86' lang='grc' dir='ltr'>δ’</span> <span class='ocrx_word' id='word_1_709' title='bbox 2826 4717 3014 4788; x_wconf 78' lang='grc' dir='ltr'>ἑτέρου</span> <span class='ocrx_word' id='word_1_710' title='bbox 3071 4718 3219 4780; x_wconf 85' lang='grc' dir='ltr'>τινὸς</span> <span class='ocrx_word' id='word_1_711' title='bbox 3281 4717 3600 4788; x_wconf 82' lang='grc' dir='ltr'>προσώπου,</span> <span class='ocrx_word' id='word_1_712' title='bbox 3656 4721 4038 4790; x_wconf 81' lang='grc' dir='ltr'>παραπλησίῳ</span> 
     </span>
    </p>
   </div>
   <div class='ocr_carea' id='block_1_101' title="bbox 2441 4806 4036 4881">
    <p class='ocr_par' dir='ltr' id='par_1_101' title="bbox 2441 4806 4036 4881">
     <span class='ocr_line' id='line_1_101' title="bbox 2441 4806 4036 4881; baseline 0.004 -21"><span class='ocrx_word' id='word_1_713' title='bbox 2441 4806 2628 4876; x_wconf 85' lang='grc' dir='ltr'>τρόπῳ</span> <span class='ocrx_word' id='word_1_714' title='bbox 2675 4806 2836 4859; x_wconf 82' lang='grc' dir='ltr'>αὑτόν</span> <span class='ocrx_word' id='word_1_715' title='bbox 2889 4826 2949 4862; x_wconf 87' lang='grc' dir='ltr'><strong>τε</strong></span> <span class='ocrx_word' id='word_1_716' title='bbox 2997 4810 3090 4862; x_wconf 80' lang='grc' dir='ltr'>τὸν</span> <span class='ocrx_word' id='word_1_717' title='bbox 3152 4811 3475 4881; x_wconf 85' lang='grc' dir='ltr'>εὑρίσκοντα</span> <span class='ocrx_word' id='word_1_718' title='bbox 3517 4811 3566 4842; x_wconf 81' lang='grc'><strong>⁸³</strong></span> <span class='ocrx_word' id='word_1_719' title='bbox 3596 4811 3691 4863; x_wconf 77' lang='grc' dir='ltr'><strong>καὶ</strong></span> <span class='ocrx_word' id='word_1_720' title='bbox 3717 4811 3810 4863; x_wconf 85' lang='grc' dir='ltr'><strong>τὸν</strong></span> <span class='ocrx_word' id='word_1_721' title='bbox 3833 4811 4036 4878; x_wconf 80' lang='grc' dir='ltr'>κύριον</span> 
     </span>
    </p>
   </div>
   <div class='ocr_carea' id='block_1_102' title="bbox 2439 4897 4038 4975">
    <p class='ocr_par' dir='ltr' id='par_1_102' title="bbox 2439 4897 4038 4975">
     <span class='ocr_line' id='line_1_102' title="bbox 2439 4897 4038 4975; baseline 0.004 -25"><span class='ocrx_word' id='word_1_722' title='bbox 2439 4897 2534 4950; x_wconf 84' lang='grc' dir='ltr'>τοῦ</span> <span class='ocrx_word' id='word_1_723' title='bbox 2560 4899 2651 4952; x_wconf 74' lang='grc' dir='ltr'>τὸν</span> <span class='ocrx_word' id='word_1_724' title='bbox 2686 4899 2961 4969; x_wconf 82' lang='grc' dir='ltr'>θησαυρὸν</span> <span class='ocrx_word' id='word_1_725' title='bbox 3006 4902 3292 4965; x_wconf 86' lang='grc' dir='ltr'>ἀναδόντος</span> <span class='ocrx_word' id='word_1_726' title='bbox 3349 4904 3551 4974; x_wconf 81' lang='grc' dir='ltr'>χωρίου</span> <span class='ocrx_word' id='word_1_727' title='bbox 3603 4904 3702 4972; x_wconf 78' lang='grc' dir='ltr'><strong>τὴν</strong></span> <span class='ocrx_word' id='word_1_728' title='bbox 3762 4903 4038 4975; x_wconf 73' lang='grc' dir='ltr'>διανομὴν</span> 
     </span>
    </p>
   </div>
   <div class='ocr_carea' id='block_1_103' title="bbox 2443 4989 4036 5062">
    <p class='ocr_par' dir='ltr' id='par_1_103' title="bbox 2443 4989 4036 5062">
     <span class='ocr_line' id='line_1_103' title="bbox 2443 4989 4036 5062; baseline 0.004 -22"><span class='ocrx_word' id='word_1_729' title='bbox 2443 4989 2736 5044; x_wconf 85' lang='grc' dir='ltr'>ποιεῖσθαι.</span> <span class='ocrx_word' id='word_1_730' title='bbox 2758 4990 2821 5042; x_wconf 88' lang='grc' dir='ltr'><strong>Εἰ</strong></span> <span class='ocrx_word' id='word_1_731' title='bbox 2855 4993 3106 5059; x_wconf 80' lang='grc' dir='ltr'>μέντοιγε</span> <span class='ocrx_word' id='word_1_732' title='bbox 3135 4993 3271 5062; x_wconf 81' lang='grc' dir='ltr'>πρὸς</span> <span class='ocrx_word' id='word_1_733' title='bbox 3305 4993 3696 5062; x_wconf 81' lang='grc' dir='ltr'>ἀγνωμοσύνην</span> <span class='ocrx_word' id='word_1_734' title='bbox 3725 4994 3824 5047; x_wconf 83' lang='grc' dir='ltr'>ἴδοι</span> <span class='ocrx_word' id='word_1_735' title='bbox 3845 4997 3876 5046; x_wconf 82' lang='grc' dir='ltr'><strong>ό</strong></span> <span class='ocrx_word' id='word_1_736' title='bbox 3900 4995 4036 5047; x_wconf 82' lang='grc' dir='ltr'><strong>τοῦ-</strong></span> 
     </span>
    </p>
   </div>
   <div class='ocr_carea' id='block_1_104' title="bbox 2430 5075 4037 5152">
    <p class='ocr_par' dir='ltr' id='par_1_104' title="bbox 2430 5075 4037 5152">
     <span class='ocr_line' id='line_1_104' title="bbox 2430 5075 4037 5152; baseline 0.005 -28"><span class='ocrx_word' id='word_1_737' title='bbox 2430 5089 2523 5125; x_wconf 85' lang='grc' dir='ltr'><strong>τον</strong></span> <span class='ocrx_word' id='word_1_738' title='bbox 2569 5075 2748 5143; x_wconf 88' lang='grc' dir='ltr'>εὑρὼν</span> <span class='ocrx_word' id='word_1_739' title='bbox 2811 5077 2906 5129; x_wconf 73' lang='grc' dir='ltr'><strong>καὶ</strong></span> <span class='ocrx_word' id='word_1_740' title='bbox 2955 5076 3032 5148; x_wconf 83' lang='grc' dir='ltr'>μὴ</span> <span class='ocrx_word' id='word_1_741' title='bbox 3062 5079 3169 5132; x_wconf 80' lang='grc' dir='ltr'>πᾶν</span> <span class='ocrx_word' id='word_1_742' title='bbox 3215 5079 3279 5131; x_wconf 84' lang='grc' dir='ltr'><strong>τδ</strong></span> <span class='ocrx_word' id='word_1_743' title='bbox 3336 5080 3566 5152; x_wconf 74' lang='grc' dir='ltr'>εὑρηθὲν</span> <span class='ocrx_word' id='word_1_744' title='bbox 3623 5079 4037 5150; x_wconf 85' lang='grc' dir='ltr'>ἀνομολογῆσαι</span> 
     </span>
    </p>
   </div>
   <div class='ocr_carea' id='block_1_105' title="bbox 2050 5219 2736 5286">
    <p class='ocr_par' dir='ltr' id='par_1_105' title="bbox 2050 5219 2736 5286">
     <span class='ocr_line' id='line_1_105' title="bbox 2050 5219 2736 5286; baseline 0.022 -14"><span class='ocrx_word' id='word_1_745' title='bbox 2050 5219 2284 5276; x_wconf 65' lang='grc' dir='ltr'>νΑιιιίΕ</span> <span class='ocrx_word' id='word_1_746' title='bbox 2327 5224 2736 5286; x_wconf 79' lang='lat' dir='ltr'><strong>LECTIONES.</strong></span> 
     </span>
    </p>
   </div>
   <div class='ocr_carea' id='block_1_106' title="bbox 831 5303 4033 5398">
    <p class='ocr_par' dir='ltr' id='par_1_106' title="bbox 831 5303 4033 5398">
     <span class='ocr_line' id='line_1_106' title="bbox 831 5303 4033 5398; baseline 0.007 -40"><span class='ocrx_word' id='word_1_747' title='bbox 831 5303 874 5334; x_wconf 83' lang='grc'><strong>⁸¹</strong></span> <span class='ocrx_word' id='word_1_748' title='bbox 908 5303 1139 5393; x_wconf 76' lang='lat' dir='ltr'><strong>Scrimg.</strong></span> <span class='ocrx_word' id='word_1_749' title='bbox 1171 5308 1260 5398; x_wconf 59' lang='grc' dir='ltr'><strong>τον</strong></span> <span class='ocrx_word' id='word_1_750' title='bbox 1290 5312 1783 5383; x_wconf 82' lang='grc' dir='ltr'>κατορωρυγμένον</span> <span class='ocrx_word' id='word_1_751' title='bbox 1807 5341 1878 5355; x_wconf 91' lang='lat'><strong>-—</strong></span> <span class='ocrx_word' id='word_1_752' title='bbox 1910 5312 2206 5386; x_wconf 85' lang='grc' dir='ltr'>θησαυρόν.</span> <span class='ocrx_word' id='word_1_753' title='bbox 2243 5316 2435 5374; x_wconf 88' lang='lat' dir='ltr'><strong>Zuich.</strong></span> <span class='ocrx_word' id='word_1_754' title='bbox 2473 5333 2526 5377; x_wconf 87' lang='lat' dir='ltr'><strong>et</strong></span> <span class='ocrx_word' id='word_1_755' title='bbox 2553 5324 2776 5382; x_wconf 85' lang='lat' dir='ltr'><strong>Meerm.</strong></span> <span class='ocrx_word' id='word_1_756' title='bbox 2809 5327 2888 5398; x_wconf 80' lang='grc' dir='ltr'>τῷ</span> <span class='ocrx_word' id='word_1_757' title='bbox 2927 5329 3045 5382; x_wconf 85' lang='grc' dir='ltr'>κτλ.</span> <span class='ocrx_word' id='word_1_758' title='bbox 3105 5329 3151 5360; x_wconf 76' lang='grc'><strong>⁸⁸</strong></span> <span class='ocrx_word' id='word_1_759' title='bbox 3169 5327 3363 5384; x_wconf 81' lang='lat' dir='ltr'><strong>Melius</strong></span> <span class='ocrx_word' id='word_1_760' title='bbox 3389 5329 3601 5393; x_wconf 77' lang='grc' dir='ltr'>τοῦτον,</span> <span class='ocrx_word' id='word_1_761' title='bbox 3666 5328 3712 5359; x_wconf 77' lang='grc'>⁸³</span> <span class='ocrx_word' id='word_1_762' title='bbox 3743 5327 3944 5385; x_wconf 87' lang='lat' dir='ltr'><strong>Znich.</strong></span> <span class='ocrx_word' id='word_1_763' title='bbox 3979 5340 4033 5382; x_wconf 83' lang='lat' dir='ltr'><strong>el</strong></span> 
     </span>
    </p>
   </div>
   <div class='ocr_carea' id='block_1_107' title="bbox 762 5373 1313 5448">
    <p class='ocr_par' dir='ltr' id='par_1_107' title="bbox 762 5373 1313 5448">
     <span class='ocr_line' id='line_1_107' title="bbox 762 5373 1313 5448; baseline 0.015 -24"><span class='ocrx_word' id='word_1_764' title='bbox 762 5373 984 5429; x_wconf 79' lang='lat' dir='ltr'><strong>Meerm.</strong></span> <span class='ocrx_word' id='word_1_765' title='bbox 1019 5373 1313 5448; x_wconf 81' lang='grc' dir='ltr'>εὑρηκότα.</span> 
     </span>
    </p>
   </div>
   <div class='ocr_carea' id='block_1_108' title="bbox 2286 5500 2516 5558">
    <p class='ocr_par' dir='ltr' id='par_1_108' title="bbox 2286 5500 2516 5558">
     <span class='ocr_line' id='line_1_108' title="bbox 2286 5500 2516 5558; baseline 0.017 -4"><span class='ocrx_word' id='word_1_766' title='bbox 2286 5500 2516 5558; x_wconf 65' lang='grc' dir='ltr'>ΝΟιίΕ.</span> 
     </span>
    </p>
   </div>
   <div class='ocr_carea' id='block_1_109' title="bbox 755 5549 2337 5716">
    <p class='ocr_par' dir='ltr' id='par_1_109' title="bbox 755 5549 2337 5716">
     <span class='ocr_line' id='line_1_109' title="bbox 755 5549 2337 5716; baseline 0.005 -76"><span class='ocrx_word' id='word_1_767' title='bbox 755 5549 1124 5708; x_wconf 39' lang='grc' dir='ltr'><strong>Ιηρῃὶνὶῐξει</strong></span> <span class='ocrx_word' id='word_1_768' title='bbox 1155 5585 1208 5648; x_wconf 81' lang='grc'>5,</span> <span class='ocrx_word' id='word_1_769' title='bbox 1245 5585 1271 5655; x_wconf 68' lang='grc' dir='ltr'><strong>ς</strong></span> <span class='ocrx_word' id='word_1_770' title='bbox 1307 5587 1392 5650; x_wconf 89' lang='lat' dir='ltr'><strong>l0,</strong></span> <span class='ocrx_word' id='word_1_771' title='bbox 1433 5587 1490 5643; x_wconf 61' lang='lat' dir='ltr'><strong>ll&quot;.</strong></span> <span class='ocrx_word' id='word_1_772' title='bbox 1517 5588 1591 5644; x_wconf 85' lang='lat' dir='ltr'><strong>De</strong></span> <span class='ocrx_word' id='word_1_773' title='bbox 1623 5589 1731 5657; x_wconf 79' lang='lat' dir='ltr'><strong>jur.</strong></span> <span class='ocrx_word' id='word_1_774' title='bbox 1762 5589 1875 5716; x_wconf 47' lang='lat' dir='ltr'><strong>ﬁs’ci</strong></span> <span class='ocrx_word' id='word_1_775' title='bbox 1911 5591 1938 5660; x_wconf 61' lang='grc' dir='ltr'>ἑ</span> <span class='ocrx_word' id='word_1_776' title='bbox 1975 5592 2064 5657; x_wconf 74' lang='lat'><strong>59,</strong></span> <span class='ocrx_word' id='word_1_777' title='bbox 2093 5590 2224 5646; x_wconf 90' lang='lat' dir='ltr'><strong>Inst.</strong></span> <span class='ocrx_word' id='word_1_778' title='bbox 2265 5549 2337 5648; x_wconf 48' lang='lat' dir='ltr'><strong>D—c</strong></span> 
     </span>
    </p>
   </div>
   <div class='ocr_carea' id='block_1_110' title="bbox 840 5723 1543 5796">
    <p class='ocr_par' dir='ltr' id='par_1_110' title="bbox 840 5723 1543 5796">
     <span class='ocr_line' id='line_1_110' title="bbox 840 5723 1543 5796; baseline 0.009 -20"><span class='ocrx_word' id='word_1_779' title='bbox 840 5723 955 5796; x_wconf 60' lang='grc' dir='ltr'>(ιιι)</span> <span class='ocrx_word' id='word_1_780' title='bbox 984 5724 1043 5796; x_wconf 46' lang='grc' dir='ltr'>ι),</span> <span class='ocrx_word' id='word_1_781' title='bbox 1074 5724 1100 5794; x_wconf 82' lang='lat'><strong>§</strong></span> <span class='ocrx_word' id='word_1_782' title='bbox 1143 5724 1229 5786; x_wconf 85' lang='grc' dir='ltr'><strong>ιο,</strong></span> <span class='ocrx_word' id='word_1_783' title='bbox 1261 5727 1393 5780; x_wconf 85' lang='lat' dir='ltr'><strong>dict.</strong></span> <span class='ocrx_word' id='word_1_784' title='bbox 1429 5727 1455 5796; x_wconf 85' lang='lat'><strong>§</strong></span> <span class='ocrx_word' id='word_1_785' title='bbox 1491 5729 1543 5782; x_wconf 86' lang='lat'><strong>9.</strong></span> 
     </span>
    </p>
   </div>
   <div class='ocr_carea' id='block_1_111' title="bbox 840 5791 2336 5870">
    <p class='ocr_par' dir='ltr' id='par_1_111' title="bbox 840 5791 2336 5870">
     <span class='ocr_line' id='line_1_111' title="bbox 840 5791 2336 5870; baseline 0.008 -25"><span class='ocrx_word' id='word_1_786' title='bbox 840 5791 955 5862; x_wconf 73' lang='grc'><strong>(45)</strong></span> <span class='ocrx_word' id='word_1_787' title='bbox 998 5791 1108 5850; x_wconf 83' lang='lat' dir='ltr'><strong>Hoc</strong></span> <span class='ocrx_word' id='word_1_788' title='bbox 1132 5796 1308 5852; x_wconf 90' lang='lat' dir='ltr'><strong>innuit</strong></span> <span class='ocrx_word' id='word_1_789' title='bbox 1334 5791 1539 5853; x_wconf 72' lang='lat' dir='ltr'><strong>dictum</strong></span> <span class='ocrx_word' id='word_1_790' title='bbox 1559 5798 1586 5870; x_wconf 62' lang='grc' dir='ltr'>ᾗ</span> <span class='ocrx_word' id='word_1_791' title='bbox 1607 5798 1902 5865; x_wconf 87' lang='lat' dir='ltr'><strong>decimum,</strong></span> <span class='ocrx_word' id='word_1_792' title='bbox 1926 5813 1981 5857; x_wconf 86' lang='lat' dir='ltr'><strong>ct</strong></span> <span class='ocrx_word' id='word_1_793' title='bbox 2015 5801 2147 5857; x_wconf 88' lang='lat' dir='ltr'><strong>dict.</strong></span> <span class='ocrx_word' id='word_1_794' title='bbox 2188 5801 2215 5868; x_wconf 68' lang='grc' dir='ltr'><strong>ς</strong></span> <span class='ocrx_word' id='word_1_795' title='bbox 2243 5818 2336 5857; x_wconf 85' lang='lat' dir='ltr'><strong>no-</strong></span> 
     </span>
    </p>
   </div>
   <div class='ocr_carea' id='block_1_112' title="bbox 2446 5595 3758 5666">
    <p class='ocr_par' dir='ltr' id='par_1_112' title="bbox 2446 5595 3758 5666">
     <span class='ocr_line' id='line_1_112' title="bbox 2446 5595 3758 5666; baseline 0.002 -19"><span class='ocrx_word' id='word_1_796' title='bbox 2446 5612 2600 5656; x_wconf 89' lang='lat' dir='ltr'><strong>num,</strong></span> <span class='ocrx_word' id='word_1_797' title='bbox 2633 5597 2800 5666; x_wconf 77' lang='lat' dir='ltr'><strong>certis</strong></span> <span class='ocrx_word' id='word_1_798' title='bbox 2832 5597 3176 5666; x_wconf 84' lang='lat' dir='ltr'><strong>temporibus</strong></span> <span class='ocrx_word' id='word_1_799' title='bbox 3206 5613 3313 5651; x_wconf 89' lang='lat' dir='ltr'><strong>non</strong></span> <span class='ocrx_word' id='word_1_800' title='bbox 3345 5595 3512 5654; x_wconf 79' lang='lat' dir='ltr'><strong>fuisse</strong></span> <span class='ocrx_word' id='word_1_801' title='bbox 3547 5598 3599 5650; x_wconf 91' lang='lat' dir='ltr'><strong>in</strong></span> <span class='ocrx_word' id='word_1_802' title='bbox 3634 5611 3758 5650; x_wconf 83' lang='lat' dir='ltr'><strong>usu.</strong></span> 
     </span>
    </p>
   </div>
   <div class='ocr_carea' id='block_1_113' title="bbox 2444 5665 4026 5792">
    <p class='ocr_par' dir='ltr' id='par_1_113' title="bbox 2444 5665 4026 5792">
     <span class='ocr_line' id='line_1_113' title="bbox 2499 5665 4026 5737; baseline 0.001 -19"><span class='ocrx_word' id='word_1_803' title='bbox 2499 5666 2628 5734; x_wconf 43' lang='lat'><strong>.(44)</strong></span> <span class='ocrx_word' id='word_1_804' title='bbox 2663 5665 3091 5737; x_wconf 40' lang='lat' dir='ltr'><strong>Sententia&#39;d.§</strong></span> <span class='ocrx_word' id='word_1_805' title='bbox 3129 5669 3210 5734; x_wconf 87' lang='lat' dir='ltr'><strong>l0,</strong></span> <span class='ocrx_word' id='word_1_806' title='bbox 3235 5670 3286 5722; x_wconf 89' lang='lat' dir='ltr'><strong>d.</strong></span> <span class='ocrx_word' id='word_1_807' title='bbox 3323 5666 3351 5735; x_wconf 64' lang='grc' dir='ltr'><strong>ᾖ</strong></span> <span class='ocrx_word' id='word_1_808' title='bbox 3389 5669 3443 5733; x_wconf 85' lang='grc'>9,</span> <span class='ocrx_word' id='word_1_809' title='bbox 3497 5667 3551 5722; x_wconf 92' lang='lat' dir='ltr'><strong>in</strong></span> <span class='ocrx_word' id='word_1_810' title='bbox 3594 5683 3754 5721; x_wconf 90' lang='lat' dir='ltr'><strong>usum</strong></span> <span class='ocrx_word' id='word_1_811' title='bbox 3794 5682 4026 5724; x_wconf 76' lang='lat' dir='ltr'><strong>revoca—</strong></span> 
     </span>
     <span class='ocr_line' id='line_1_114' title="bbox 2444 5733 2836 5792; baseline 0.008 -5"><span class='ocrx_word' id='word_1_812' title='bbox 2444 5741 2535 5789; x_wconf 91' lang='lat' dir='ltr'><strong>tur</strong></span> <span class='ocrx_word' id='word_1_813' title='bbox 2561 5752 2592 5789; x_wconf 87' lang='lat' dir='ltr'><strong>a</strong></span> <span class='ocrx_word' id='word_1_814' title='bbox 2633 5733 2836 5792; x_wconf 83' lang='lat' dir='ltr'><strong>Leone.</strong></span> 
     </span>
    </p>
   </div>
  </div>
