4248 6442
737 388 839 447 547

2002 388 2277 449 LEONIS
2317 386 2778 451 PIIILOSOPHI

3896 398 4005 463 548

740 500 988 552 umnam
1009 495 1300 566 quamdam
1322 506 1485 566 atque
1507 497 1733 567 ﬁguram
1752 499 2140 564 observabant,
2157 509 2329 555 tanto-
2357 518 2399 561 Α

2317 536 2329 545 -
2357 518 2399 561 Α
2432 507 2493 559 Εί
2522 506 2633 575 γὰρ
2666 507 2715 558 οί
2748 506 2916 559 πάλαι
2953 504 3054 569 τὰς
3089 506 3249 570 σκιάς
3291 508 3534 571 καὶτοὺς
3561 508 3766 572 τύπους
3798 512 3994 576 muttiv-

738 604 869 660 pere
894 585 1115 640 Sabbati
1141 585 1285 640 diem
1315 586 1738 651 venerabantur,
1762 597 1822 642 ut
1850 590 1918 643 ab
1934 591 2083 643 omni
2106 590 2317 660 (59-60)

740 693 967 749 prorsus
1023 691 1191 748 opere
1246 677 1589 733 abstinerent
1622 695 1639 734 :
1670 682 1944 748 quomodo
1988 682 2081 751 qui
2130 683 2319 752 gratia:

740 771 915 824 lucem
944 770 1231 840 ipsamque
1283 769 1569 825 veritatem
1617 771 1831 838 colunt,
1866 774 1968 829 hos
1999 789 2125 828 eum
2171 775 2316 831 diem

740 863 831 931 qui
885 876 914 914 a
986 862 1214 915 Domino
1273 860 1484 916 honore
1541 861 1748 918 ditatus
1817 874 1924 929 est,
1982 879 2193 936 nosque
2250 868 2319 921 ab

741 953 893 1006 exitii
931 951 1196 1006 dedecore
1226 951 1501 1017 liberavit,
1532 969 1643 1009 non
1667 958 1919 1010 venerari
1939 972 2037 1025 par
2066 958 2193 1012 est?
2223 966 2318 1014 aut

740 1043 1036 1114 quomodo,
1074 1058 1196 1097 cum
1225 1058 1288 1100 ex
1326 1056 1532 1115 septem
1566 1046 1678 1118 (61)
1723 1048 1919 1102 diebus
1960 1065 2102 1104 unus
2129 1050 2182 1103 in
2217 1051 2318 1104 Do-

740 1136 873 1188 mini
934 1135 1200 1189 honorem
1258 1145 1617 1193 consecratus
1674 1139 1766 1202 sit,
1840 1153 1947 1192 non
1979 1140 2213 1193 aliorum
2251 1143 2315 1195 ad

739 1242 906 1294 opera
940 1242 1040 1281 usu
1073 1235 1360 1281 contentos
1389 1243 1498 1281 non
1518 1243 1660 1294 esse,
1700 1244 1876 1298 neque
1910 1231 2060 1284 illum
2089 1230 2319 1285 Domino

739 1315 998 1367 eximium
1028 1324 1083 1369 et
1136 1316 1459 1371 inviolatum
1509 1333 1841 1375 conservare
1912 1338 1925 1374 :
1987 1322 2080 1375 sed
2137 1322 2317 1392 ipsum

738 1408 902 1461 etiam
934 1408 1215 1480 vulgarem
1248 1412 1450 1475 facere,
1474 1413 1791 1483 nostrisque
1836 1415 2097 1484 operibus
2139 1419 2318 1486 appli~

741 1497 975 1553 candum
1018 1508 1235 1570 putare,
1291 1502 1577 1573 religionis
1610 1519 1719 1559 nou
1771 1514 1854 1561 est
1882 1521 2109 1576 prorsus
2136 1508 2291 1564 disso

741 1591 912 1644 lulaz?

1201 1681 1669 1741 CONSTITUTIO
1744 1685 1855 1741 LV.

749 1769 815 1825 Ut
844 1772 1025 1828 Juda'i
1060 1774 1346 1829 secundum
1376 1778 1764 1832 christianismi
1787 1781 1925 1833 ritus
1963 1782 2139 1835 vivant
2177 1780 2313 1852 (62).

814 1969 961 2023 Idem
997 1969 1298 2040 imperator
1331 1969 1508 2026 eidem
1546 1972 1818 2045 Styliano.

813 2058 919 2127 Qui
973 2061 1104 2115 olim
1135 2063 1370 2132 sceptris
1422 2064 1579 2132 potiti
1634 2072 1786 2128 sunt,
1837 2065 1907 2120 de
1963 2065 2315 2124 Hebraeorum

742 2159 905 2220 gente
937 2152 1080 2221 (qua:
1109 2151 1383 2219 quondam
1403 2152 1583 2221 quoad
1616 2152 1803 2208 divino
1836 2157 2144 2225 patrocinio
2166 2157 2318 2214 fove-

741 2250 916 2306 retur,
976 2242 1182 2313 inclyta
1228 2243 1351 2309 fuit,
1407 2260 1553 2299 nunc
1582 2254 1763 2301 autem
1810 2248 1881 2303 ob
1911 2253 2318 2306 contumaciam

742 2332 799 2386 in
859 2330 1146 2389 Christum
1181 2341 1236 2388 et
1288 2332 1458 2389 Deum
1512 2346 1758 2391 nostrum
1819 2337 1883 2391 in
1913 2339 2320 2397 calamitatibus

743 2426 978 2481 celebris
1002 2436 1107 2491 est,
1136 2425 1384 2482 diversas
1419 2426 1531 2496 (65)
1553 2429 1973 2499 promulgarunt
2002 2431 2171 2500 leges,
2201 2447 2321 2501 qua!

743 2517 811 2571 de
840 2516 1080 2586 ipsorum
1114 2517 1240 2571 vita;
1277 2524 1423 2572 statu
1485 2526 1807 2587 tractantes,
1872 2520 2089 2589 jnbent,
2119 2534 2177 2576 ut
2206 2523 2320 2595 (64)

744 2622 936 2663 sacras
968 2608 1071 2678 ipsi
1104 2606 1427 2679 Scripturas
1470 2609 1670 2681 legant,
1695 2622 1747 2664 et
1776 2628 1842 2666 ne
1873 2628 1904 2665 a
1944 2614 2062 2668 suis
2125 2615 2322 2671 ritibus

746 2706 1078 2753 arceantur:
1110 2698 1243 2767 quin
1284 2698 1452 2753 etiam
1496 2709 1552 2752 ut
1589 2700 1791 2754 liberos
1833 2717 1996 2771 supra
2037 2707 2321 2775 sanguinis

744 2788 1129 2857 cognationem
1146 2789 1585 2845 circumcisionis
1598 2790 1761 2845 etiam
1783 2793 2111 2862 cognatione
2124 2810 2228 2849 suo
2247 2796 2324 2850 in-

745 2879 941 2935 stituto
969 2881 1411 2936 accommodent.
1443 2883 1620 2951 Atque
1652 2884 1764 2937 haec
1792 2885 2033 2951 quidem,
2063 2889 2155 2956 qui
2192 2890 2322 2943 olim

747 2972 828 3040 (ut
859 2970 995 3037 dixi)
1027 2969 1317 3040 imperium
1349 2971 1733 3028 obtinuerunt.
1784 2972 1982 3030 Verum
2015 2981 2326 3034 sacratissi-

744 3076 870 3116 mus
894 3062 1176 3133 princeps,
1204 3063 1296 3118 ille
1326 3079 1393 3118 ex
1416 3064 1576 3134 cujus
1609 3067 1816 3121 semine
1837 3083 1938 3124 nos
1971 3072 2080 3125 nati
2108 3088 2323 3137 sumus,

748 3161 809 3206 ut
838 3155 930 3222 qui
963 3155 1174 3225 majore
1231 3170 1395 3225 quam
1456 3159 1638 3212 caeteri
1665 3158 1862 3214 salutis
1893 3161 2141 3230 ipsorum
2170 3164 2320 3219 desi-

749 3246 904 3300 derio
967 3256 1267 3311 teneretur,
1320 3247 1423 3302 hos
1456 3247 1509 3301 in
1562 3248 1678 3303 sola
1726 3253 2072 3320 superiorum
2142 3255 2320 3323 legum

746 3338 1132 3393 observatione
1168 3337 1481 3407 relinquere
1509 3339 1677 3409 (quod
1715 3351 1839 3396 ante
1867 3343 2019 3397 illum
2054 3347 2145 3399 alii
2185 3349 2325 3401 fece-

746 3430 892 3497 rant)
929 3444 1035 3481 non
1070 3437 1364 3484 contentus
1396 3447 1409 3483 :
1448 3430 1543 3485 sed
1576 3433 1774 3500 partim
1808 3449 2093 3490 sacrorum
2126 3454 2326 3493 oracu-

748 3519 923 3573 lorum
958 3521 1343 3590 explicatione,
1379 3523 1578 3591 partim
1620 3526 1935 3579 eornmdcm
1996 3528 2328 3583 admonitio-

748 3609 913 3664 nibus
939 3609 1004 3663 ad
1038 3610 1331 3664 salutarem
1379 3609 1818 3666 Christianorum
1870 3615 2077 3669 cultum
2139 3618 2327 3672 tradu-

748 3716 903 3763 cens,
932 3701 1145 3755 vivitica
1205 3701 1465 3771 baptismi
1507 3717 1649 3771 aqua
1683 3704 1940 3760 initiavit.
1970 3705 2149 3777 Atque
2180 3710 2325 3777 quod

747 3794 901 3863 ipsos
957 3795 1012 3848 in
1051 3809 1279 3853 .novum
1340 3794 1642 3850 secundum
1709 3795 1993 3851 Christum
2047 3798 2325 3855 hominem

751 3885 1140 3940 transformari
1203 3886 1404 3942 debere
1441 3888 1716 3956 persuasit
1742 3898 2058 3944 utveterem
2090 3890 2329 3961 depone-

750 3987 893 4043 rent,
926 3979 1085 4048 plene
1110 3977 1312 4043 eﬂ‘ecit,
1347 3986 1401 4033 et
1430 3994 1770 4049 quaecunque
1798 3989 2123 4035 vetustatem
2162 3998 2326 4053 sape-

749 4080 894 4137 rent,
946 4071 1425 4126 circumcisionem
1457 4072 1592 4143 (65),
1639 4070 1934 4127 Sabhatnm
1985 4072 2121 4143 (66),
2183 4084 2237 4129 et
2280 4076 2328 4131 si

751 4162 880 4232 quid
906 4163 1054 4216 aliud
1096 4171 1202 4228 est,
1243 4178 1366 4218 cum
1423 4164 1516 4218 illo
1562 4164 1724 4220 simul
1777 4165 1949 4219 exuit.
2001 4165 2165 4235 Atqui
2202 4182 2325 4223 cum

751 4266 906 4310 tanto
934 4272 1059 4310 cum
1094 4255 1290 4312 ell'ectu
1318 4271 1347 4310 a
1375 4255 1602 4312 Judaica
1645 4258 1940 4324 pertinacia
1972 4258 2120 4327 ipsos
2154 4259 2328 4315 dedu-

750 4347 943 4411 xis’set,
974 4363 1084 4402 non
1124 4349 1291 4403 etiam
1354 4348 1631 4418 prioribus
1672 4351 1903 4421 legibus,
1928 4368 2050 4422 quae
2096 4351 2329 4408 Judaico

751 4439 861 4490 ritu
890 4436 1073 4492 vivere
1123 4438 1540 4515 permittebant,
1576 4440 1879 4505 silentium,
1904 4452 1960 4497 et
1986 4444 2328 4500 vacationem

756 4530 982 4585 alterius
1014 4529 1149 4601 legis
1184 4529 1407 4587 decreto
1432 4531 1715 4600 imposuit.

2364 4539 2411 4595 D

2419 616 2509 660 τες
2528 597 2617 651 διὰ
2645 598 2914 667 τοσαύτης
2942 592 3076 667 ἦγον
3099 598 3266 667 τιμῆς
3287 600 3386 669 τὴν
3421 599 3518 653 τοῦ
3543 600 3823 653 Σαῦὕάτου
3860 601 4003 670 ὴμέ-

2422 706 2545 760 ραν,
2600 688 2676 751 ὡς
2736 688 2995 741 παντελεῖ
3025 688 3224 751 αὐτοὺς
3280 689 3562 761 ἀπραξίᾳί
3604 690 3827 754 διδόναι,
3880 692 4002 755 πῶς

2419 781 2567 843 εἰκὸς
2595 779 2689 844 οὓς
2717 780 2751 848 ἠ
2803 780 3341 850 χάριςθεραπευτάς
3373 781 3487 850 ἔχει
3542 782 3635 835 καὶ
3676 785 3709 852 ἡ
3744 782 3999 850 ἀλήθεια,

2418 868 2644 933 τούτους
2684 870 2759 939 μὴ
2788 871 2955 940 τιμᾷν
3010 870 3116 936 τὴν
3146 869 3385 941 ἡμέραν,
3420 871 3456 941 ἢ
3480 872 3501 902 ³
3524 871 3586 924 τὸ
3630 873 3812 942 τίμιον
3846 878 4004 943 παρὰ

2418 960 2517 1015 τοῦ
2547 961 2819 1014 Δεσπότου
2855 960 3157 1031 ἐπλούτησε
3198 962 3292 1015 καὶ
3331 962 3481 1031 ἡμᾶς
3512 962 3854 1033 ἠλευθέρωσε
3900 966 4001 1033 τῆς

2418 1054 2484 1105 ἐκ
2510 1052 2720 1124 φθορᾶς
2740 1052 2991 1122 ἀτιμίας;
3023 1052 3055 1123 ἢ
3089 1053 3207 1116 πῶς
3223 1054 3284 1107 οὗ
3308 1054 3591 1117 παντελῶς
3618 1056 3997 1135 ἁσυνείδητον,

2418 1146 2560 1200 ἑπτὰ
2588 1146 2815 1218 ἡμερῶν
2852 1147 3033 1199 οὐσῶν
3060 1140 3135 1199 ὧν
3162 1147 3243 1210 είς
3295 1147 3632 1219 Δεσποτικὴν
3657 1146 3824 1219 τιμὴν
3854 1146 4005 1201 ἀνεὶ-

2421 1255 2510 1291 ται
2539 1236 2660 1306 μία,
2717 1236 2793 1310 μὴ
2822 1238 2844 1269 ⁸
2876 1236 3166 1307 ἀρκεῖσθαι
3215 1237 3367 1307 ἡμᾶς
3399 1240 3521 1301 ταῖς
3551 1239 3611 1305 ἐξ
3630 1240 3652 1270 ⁸
3680 1240 4002 1309 ἀποκεχρη-

2422 1324 2617 1394 μένους
2661 1328 2743 1387 εἰς
2796 1325 2954 1396 ἔργα,
3002 1326 3133 1378 καὶ⁶
3187 1327 3552 1398 ἀναφαίρετον
3602 1327 3682 1397 τῷ
3745 1328 3998 1397 Δεσπότῃ

2419 1414 2639 1484 ἐκείνην
2683 1418 2894 1485 τηρεῖν,
2933 1416 3069 1469 ἀλλά
3116 1415 3214 1471 καὶ
3256 1419 3469 1489 ταύτην
3521 1417 3953 1472 κοινοποιεῖσθαι
3979 1419 3999 1447 ⁷

2419 1505 2516 1561 καὶ
2544 1505 2654 1559 τῶν
2688 1506 2976 1576 ἡμετέρων
3014 1506 3192 1578 ἔργων
3226 1507 3469 1579 νομίζειν
3489 1509 3713 1579 καιρόνς

2966 1687 3280 1741 ΔΙΛΤΔΞΙΣ
3305 1686 3436 1743 NE'.

2420 1782 2560 1851 Περί
2608 1781 2719 1837 τοῦ
2770 1781 2923 1837 κατὰ
2947 1780 3065 1848 τὴν
3099 1778 3219 1833 τῶν
3247 1780 3621 1846 Χριστιανῶν
3654 1781 3866 1835 πίστιν
3904 1780 4006 1835 Ἕ-

2838 1853 3082 1921 ΰραίους
3134 1852 3579 1912 πολιτεύεσθαι,

2505 1943 2565 1998 ’0
2592 1943 2758 2007 αὐτὸς
2785 1942 3045 2012 βασιλεὺς
3068 1940 3347 2013 Στυλιανῷ
3370 1940 3449 2012 τῷ
3478 1941 3649 2011 αὐτῷ.

2490 2037 2556 2090 Oi
2596 2033 2905 2106 ἔμπροσθεν
2927 2034 3007 2096 είς
3034 2033 3106 2087 τὰ
3136 2034 3397 2102 σκῆπτρα
3440 2031 3814 2094 καταστάντες
3864 2031 3999 2101 περὶ

2420 2127 2516 2183 τοῦ
2554 2127 2723 2183 πάλαι
2752 2125 2851 2197 μὲν
2885 2124 2975 2178 διὰ
3001 2123 3101 2196 τὴν
3136 2123 3273 2195 πρὸς
3301 2123 3501 2185 αὐτοὺς
3545 2122 3731 2176 θεόθεν
3771 2124 4003 2177 ἐπισκο-

2421 2218 2532 2288 πὴν
2557 2214 2910 2287 περιωνύμου
2941 2213 3052 2268 τῶν
3094 2213 3367 2284 Ἐὃραίων
3391 2212 3606 2282 γένους,
3633 2212 3921 2281 γεγονότος
3947 2213 4006 2266 δὲ

2420 2310 2488 2361 ἐκ
2517 2307 2617 2377 τῆς
2643 2306 2780 2375 πρὸς
2832 2304 2925 2357 τὸν
2960 2304 3199 2374 Χριστὸν
3233 2302 3330 2357 καὶ
3369 2302 3504 2356 Θεὸν
3539 2303 3699 2375 ἡμῶν
3740 2304 4008 2368 ἀπονοίας

2422 2394 2772 2468 περιωνύμου
2801 2394 2860 2446 ἐν
2916 2394 3246 2463 συμφοραῖς,
3281 2392 3574 2463 διαφόρους
3619 2392 3868 2458 ἐξέθεντο
3915 2393 4007 2445 νό-

2428 2503 2584 2556 μους,
2612 2485 2662 2538 οἳ
2697 2483 2827 2555 περὶ
2869 2483 3263 2545 καταστάσεως
3289 2484 3388 2552 τῆς
3425 2482 3649 2535 ἐκείνων
3693 2482 3837 2553 ζωῆς
3874 2484 3996 2536 δια-

2422 2578 2799 2648 λαμϐάνοντες
2830 2573 3115 2630 κελεύουσι
3146 2576 3268 2638 ταῖς
3323 2573 3498 2638 θείαις
3526 2574 3772 2645 Γραφαίς
3806 2577 4007 2643 ἐντυγ-

2425 2671 2611 2741 χάνειν
2638 2669 2859 2731 αὐτοὺς,
2905 2668 3002 2721 καὶ
3049 2667 3159 2721 τῶν
3191 2666 3411 2719 οίκείων
3438 2665 3647 2736 ἐθίμων
3702 2666 3776 2736 μὴ
3821 2668 4006 2735 εἴργε-

2428 2762 2576 2828 σθαι,
2602 2759 2739 2814 ἀλλά
2792 2759 2888 2813 καὶ
2917 2758 3045 2821 τοὺς
3092 2757 3291 2821 παῖδας
3320 2756 3458 2827 πρὸς
3482 2759 3551 2828 τῇ
3584 2758 3880 2828 συγγενείᾳ
3906 2756 4006 2810 τοῦ

2426 2858 2661 2926 αἵματος
2684 2855 2780 2908 καὶ
2804 2852 2883 2923 τῷ
2909 2852 2974 2905 ἐκ
3003 2850 3102 2922 τῆς
3133 2850 3438 2921 περιτομῆς
3489 2850 3745 2917 συγγενεῖ
3774 2865 4010 2921 προσοι-

2427 2946 2712 3001 κειοῦσθαι
2753 2944 2975 3007 αὐτούς.
3004 2941 3169 2998 Ἀλλά
3196 2941 3369 2994 ταῦτα
3422 2940 3521 3010 μέν
3565 2942 3616 2994 oi
3666 2939 4005 3011 ἔμπροσθεν,

2428 3041 2503 3103 ὡς
2538 3035 2720 3098 εἷπον,
2750 3038 2829 3099 εἰς
2854 3035 2953 3105 τὴν
2986 3031 3262 3103 βασιλείαν
3285 3030 3669 3102 παρελθόντες.
3725 3032 3783 3085 'O
3811 3032 3868 3085 δὲ
3907 3033 4011 3101 τῆς

2430 3129 2581 3191 θείας
2602 3125 2809 3198 λήξεως
2850 3122 3126 3193 βασιλεὺς,
3159 3113 3221 3172 οὗ
3248 3119 3347 3188 τῆς
3375 3119 3587 3187 σπορᾶς
3618 3118 3751 3187 ἡμῖν
3798 3119 3831 3187 ἡ
3868 3117 4007 3186 βλά-

2347 3209 2391 3272 C
2429 3237 2549 3290 στη,
2587 3218 2682 3272 ἅτε
2722 3216 2788 3287 δὴ
2847 3214 3011 3269 πλέον
3059 3211 3167 3265 τῶν
3208 3208 3387 3264 ἀλλων
3446 3209 3591 3278 σχὼν
3659 3209 3839 3278 ἔρωτα
3907 3211 4012 3278 τῆς

2427 3310 2607 3366 αὐτῶν
2648 3305 2948 3377 σωτηρίας,
2993 3304 3093 3357 οὐκ
3133 3300 3460 3373 ἀρκεσθεὶς⁹
3523 3299 3848 3353 καταλιπεῖν
3892 3300 4014 3353 τού-

2426 3420 2555 3465 τους
2604 3400 2789 3463 καθὼς
2828 3400 2878 3452 οί
2928 3397 3035 3468 πρὸ
3077 3394 3286 3448 ἐκείνου
3322 3394 3381 3446 ἐν
3423 3393 3562 3465 μόνῃ
3590 3394 3658 3462 τῇ
3716 3392 3828 3444 τῶν
3863 3408 4007 3460 προ·-

2426 3492 2701 3546 λαδόντων
2756 3491 2938 3559 νόμων
2987 3485 3255 3550 διατάξει,
3310 3483 3449 3539 ἀλλά
3505 3481 3664 3536 τοῦτο
3733 3482 3834 3552 μὲν
3890 3483 4007 3534 τῶν

2431 3583 2597 3653 ἱερῶν
2627 3581 2827 3649 λογίων
2855 3577 3213 3642 ἀναπτύξεσι,
3244 3573 3408 3627 τοῦτο
3437 3573 3493 3627 δέ
3522 3574 3581 3626 ἐν
3605 3575 3727 3635 ταῖς
3747 3571 3942 3626 αὐτῶν
3967 3573 4014 3604 ¹⁶

2429 3672 2777 3742 νουθετήσεσι
2833 3670 2971 3741 πρὸς
3021 3668 3122 3738 τὴν
3177 3667 3449 3737 σωτήριον
3502 3664 3612 3718 τῶν
3652 3663 4012 3734 Χριστιανῶν

2433 3765 2780 3837 μεταστήσας
2801 3760 3058 3830 λατρείαν
3089 3758 3167 3828 τῷ
3199 3756 3452 3827 ζωοποιῷ
3482 3756 3577 3807 τοῦ
3632 3755 4016 3825 βαπτίσματος

2430 3857 2746 3910 ἐτελείωσεν
2788 3853 2965 3906 ὕδατι.
3000 3849 3112 3904 Καὶ
3143 3849 3291 3920 ἔργῳ
3328 3849 3447 3919 μὲν,
3489 3848 3557 3900 δι’
3589 3841 3664 3899 ῶν
3694 3847 3893 3910 αὐτοὺς
3932 3850 4012 3911 εἰς

2428 3947 2520 4001 τὸν
2542 3946 2661 4001 νέον
2682 3943 2825 3998 κατὰ
2842 3941 3079 4012 Χριστὸν
3121 3939 3477 4010 μορφωθῆναι
3495 3939 3781 4006 ἄνθρωπον
3798 3938 4013 4001 ἔπεισε,

2429 4040 2522 4093 τὸν
2553 4038 2783 4091 παλαιὸν
2805 4033 3117 4090 ἀποθέσθαι
3147 4032 3587 4101 παρεσκεύασεν,
3637 4032 3732 4083 καὶ
3780 4031 3883 4083 ὅσα
3909 4030 4015 4097 τῆς

2432 4130 2793 4199 παλαιότητος
2831 4124 3179 4196 ἐγνωρίζετο,
3222 4123 3551 4194 περιτομὴν,
3582 4120 3863 4174 Σάϐϐατον
3916 4122 4017 4173 καὶ

2433 4225 2560 4277 είτι
2606 4222 2817 4292 ἕτερον,
2876 4220 3072 4287 ἐκείνῳ
3126 4216 3612 4285 συναπημφίασεν.
3672 4214 3817 4267 Ἀλλ’
3867 4214 4018 4266 οὕτω

2436 4314 2536 4385 μὲν
2566 4312 2714 4384 ἔργῳ
2740 4308 2835 4364 τοῦ
2852 4306 3145 4361 Ἰουδαῖκοῦ
3176 4307 3526 4376 φρονήματος
3564 4304 3875 4374 μετατάξας
3915 4304 4018 4357 αύ-

2432 4406 2560 4468 τοὺς
2587 4401 2774 4457 οὐκέτι
2825 4400 2923 4454 καὶ
2985 4397 3153 4469 νόμου
3192 4396 3505 4465 ψηφίσματι
3560 4397 3673 4456 τοῖς
3724 4393 4018 4464 προτέροις

2436 4499 2645 4568 νόμοις,
2674 4495 2727 4548 οἳ
2755 4494 3019 4563 παρεῖχον
3044 4489 3228 4544 ἄδειαν
3260 4485 3571 4549 Ἰουδαϊκῶς
3621 4486 3745 4556 ζῇν,
3782 4485 3879 4539 καὶ
3916 4485 4020 4553 τὴν

2439 4587 2687 4660 ἀφωνίαν
2718 4585 2813 4640 καὶ
2836 4582 3035 4653 ἀργίαν
3055 4579 3367 4635 ἐθέσπισεν.

2049 4789 2141 4844 VA
2151 4792 2291 4847 RIIE
2335 4786 2742 4848 LECTIONES.

828 4910 849 4940 ²
891 4909 1126 4982 Scrimg.
1161 4907 1397 4982 παντελῆ
1425 4907 1562 4982 αὐτῇ
1601 4907 1909 4982 ἀπραξίαν.-
1936 4906 2129 4964 Zuich.
2177 4928 2341 4982 παντ.
2394 4912 2561 4982 ἐαυτῇ
2607 4906 3010 4982 ἀπραξίᾳ-νοῇ

1851 4981 1871 5011 ⁸
1896 4977 1972 5033 lta
2011 4988 2162 5033 recte
2206 4979 2353 5036 Bals.
2398 4966 2571 5034 Codd:
2603 4966 2728 5041 ἔξω.
2781 4966 3199 5041 TParticulam
3238 4966 3355 5041 καὶ,
3381 4983 3505 5041 qua;
3530 4982 3588 5041 Δει
3615 4966 3791 5041 Codd.

757 4980 969 5035 ‘Codd.
1008 4963 1351 5047 negationem
1386 4963 1496 5047 'non
1534 4963 1757 5032 habent.

758 5058 987 5119 praestat
1044 5044 1191 5101 Bals.
1283 5047 1402 5100 ’lta
1459 5046 1653 5101 Zuich.
1694 5056 1749 5103 et
1810 5046 1957 5104 Bals.
2018 5049 2250 5119 Scrimg.
2313 5051 2499 5120 κοινὴν
2557 5044 2847 5101 ποιεῖσθαι.

762 5121 983 5174 Meerm.
1010 5117 1279 5174 ἠρκέσθη.
1301 5118 1448 5174 uuod
1480 5119 1715 5174 fortasse
1751 5128 1991 5174 praestat.
2094 5120 2139 5151 “
2165 5120 2331 5174 Iidem
2355 5117 2584 5173 ἑαυτῶν.

2193 5134 2331 5175 luem
2355 5134 2584 5173 εαυτων.

762 5117 983 5175 Meerm.
1010 5117 1279 5189 ἠρκέσθη,
1301 5118 1448 5186 quod
1480 5119 1715 5174 fortasse
1750 5128 1991 5188 praestat.

3346 4905 3548 4952 raestat.
3622 4895 3644 4967 ξ
3685 4896 3831 4951 Bals.
3872 4897 4017 4967 ἣτις.

3836 4968 4020 5032 abest,

2947 5040 3121 5096 8Nov.
3149 5037 3444 5094 Justiniani
3479 5038 3604 5093 M6.
3679 5037 3918 5092 ’Zuich.
3964 5052 4022 5091 et

2613 4904 2856 4974 ἀπραξίᾳ
2871 4899 3078 4974 iVerior
3093 4898 3258 4974 _Bals.

2270 5228 2503 5287 NOT/E.

840 5322 1050 5393 (59-60)
1076 5322 1357 5377 Iuvenalis
1372 5322 1460 5385 14,
1479 5322 1707 5392 loquens
1721 5320 1788 5376 de
1806 5319 2044 5393 Iudaeis:
2069 5319 2171 5393 Sed
2188 5331 2341 5387 pater

762 5399 817 5453 in
847 5389 1006 5448 rausa
1033 5389 1113 5447 est
1144 5434 1159 5456 ,
1197 5394 1281 5443 cui
1335 5389 1563 5460 septima'
1601 5408 1816 5459 quaeque
1863 5392 1962 5456 fuit
1993 5390 2085 5444 lux
2116 5389 2338 5460 Ignora,

762 5477 819 5523 et
852 5466 1035 5535 Satyr.
1067 5464 1122 5518 6.
1151 5461 1439 5538 Qbserraut
1475 5462 1563 5515 ubi
1592 5464 1730 5538 [este
1759 5476 1900 5538 mero
1945 5459 2341 5538 pedes-abirem

766 5528 1110 5608 regesfcum
1145 5532 1279 5608 dicit
1332 5547 1475 5608 mero
1527 5528 1674 5608 pede,
1720 5531 1823 5582 iter
1868 5528 2093 5608 sabbati
2139 5529 2343 5608 intelli-

767 5598 894 5677 gere
919 5598 1155 5677 videtur,
1183 5601 1383 5668 dequo
1417 5603 1605 5656 Actor.
1630 5602 1684 5664 1,
1745 5616 1887 5654 vers.
1926 5600 2013 5664 l2,
2046 5598 2194 5670 quod
2240 5599 2345 5653 cir-

767 5674 907 5734 citer
935 5674 1075 5743 QQOU
1103 5685 1363 5743 passuum
1380 5682 1517 5725 erat.

840 5747 953 5813 (Gl)
986 5736 1142 5797 Unus
1168 5743 1256 5794 ille
1280 5756 1349 5813 ex_
1370 5750 1576 5813 septem
1602 5739 1795 5796 diebus
1821 5754 1930 5795 non
1952 5746 2035 5796 est
2058 5738 2174 5795 dies
2193 5736 2337 5793 Sab-

768 5810 900 5884 bat‘,
938 5814 1031 5870 scd
1068 5814 1237 5883 prima
1276 5810 1507 5865 sabbati.

2512 5315 2828 5391 (62)_Judaei
2850 5312 3125 5391 iubentur;
3148 5308 3636 5391 ﬁeri_'Chr‘ist_iat_ii,
3664 5315 3720 5391 et
3751 5309 4026 5391 i_ta.abrn-

2442 5378 2764 5459 gaiur'Nov.
2804 5378 2981 5459 Just.__
3024 5381 3149 5459 μθ,
3196 5391 3251 5434 et
3272 5380 3359 5433 tit.
3395 5378 3642 5459 Com-De
3670 5378 3880 5434 ludatis
3909 5392 4026 5448 quo

2443 5450 2771 5530 permissum
2797 5451 3185 5530 c_rat_llebr:eils
3212 5464 3315 5530 suo
3338 5464 3490 5530 more
3516 5450 3719 5504 vivere.

2515 5531 2626 5596 (ϋό)
2653 5526 2765 5580 Cod
2777 5567 2799 5596 ,γ
2823 5524 2895 5577 De
2913 5521 3189 5596 J_It_tl_a:isd.
3216 5518 3353 5573 Nuv.
3384 5517 3508 5573 H6.

2516 5591 2627 5671 (δι’)
2653 5597 2720 5671 ρς.
2747 5595 2897 5671 Μν-
2928 5591 3045 5671 “.0-
3085 5662 3115 5671 Α.

2516 5658 2628 5740 (‘65)
2666 5665 2783 5740 .Vid;
2820 5658 3317 5740 mutaturum;
3380 5727 3395 5740 .
3451 5729 3462 5740 .

2520 5727 2632 5810 (66)
2662 5736 2725 5792 ἐι.
2753 5737 2809 5800 2,
2846 5734 2882 5788 l.
2912 5732 2999 5799 l3,
3027 5731 3161 5787 Cod.
3199 5733 3272 5786 De
3294 5727 3517 5789 ludatis.
