4248 6442
238 433 349 493 553

1363 429 1722 494 NOVELLE
1744 427 2294 491 CONSTITUTION
2303 429 2416 492 ES.

3388 441 3490 500 εει

236 538 384 612 αἷμα
405 544 464 594 ού
491 541 628 610 φάγε
639 541 780 608 σθαι,
798 543 890 596 καὶ
908 541 1058 614 παρά
1079 543 1190 596 τῶν
1215 542 1474 613 κηρύκων
1487 544 1584 614 τῆς
1604 543 1824 614 χάριτος
1850 539 1900 598 Α

1810 558 1824 604 ;
1850 539 1900 598 A
1925 539 2058 596 dum
2087 555 2199 594 non
2226 555 2353 596 esse
2378 539 2655 596 mandavit
2690 540 2849 608 Deus,
2884 542 3052 598 simul
3077 543 3146 598 ab
3175 541 3487 600 istiusmodi

238 634 551 702 ἀπέχεσθαι
595 637 696 703 τῆς
751 635 1009 703 τοιαύτης
1067 633 1494 705 νενομοθέτηται
1541 634 1818 705 βρώσεως.

237 726 352 778 Καὶ
392 724 539 778 οὕτω
567 727 669 778 κάν
694 727 760 794 τῇ
807 724 1014 795 παλαιᾷ
1047 727 1152 778 κάν
1197 729 1264 796 τῇ
1300 726 1395 796 νέᾳ
1454 726 1636 797 χάριτι
1684 743 1822 795 συμο

237 814 438 884 φώνως
471 816 730 885 ἀθεμίτου
751 815 1040 879 δοκοῦντος
1067 815 1166 870 καὶ⁵
1189 815 1498 884 ἀποὸλήτου
1523 816 1617 870 τοῦ
1641 818 1821 887 πράγ-

239 924 456 977 ματος,
498 910 579 970 είς
635 907 891 962 τυσοῦτον
947 907 1269 974 αὐθαδείας,
1303 908 1506 978 μᾶλλον
1551 908 1610 962 δὲ
1639 925 1822 976 παρα-

236 997 477 1069 πληξίας
503 999 731 1068 ἥκουσιν
755 998 1054 1070 ἄνθρωποι,
1108 998 1183 1062 ὡς
1233 999 1358 1070 μηδ’
1409 999 1576 1069 ἑτέρᾳ
1599 998 1710 1050 τῶν
1739 1015 1818 1051 νο-

239 1089 517 1161 μοθεσιῶν
549 1091 778 1160 ὑπέχειν
818 1091 1046 1161 εὐήκοον
1068 1084 1184 1154 οὖς.
1233 1089 1379 1143 Ἀλλ’
1403 1089 1630 1159 ἀναίδην
1645 1090 1694 1142 οί
1719 1089 1819 1159 μὲν

236 1183 470 1252 κέρδους
510 1182 699 1246 ἓνεκα,
732 1185 782 1235 οι
811 1182 870 1235 δὲ
897 1181 958 1234 τὸ
985 1181 1396 1252 γαστρίμαργον
1424 1179 1819 1251 θεραπεύοντες

238 1271 650 1342 καταφρονοῦσι
699 1271 800 1341 μὲν
860 1269 957 1324 τοῦ
1000 1270 1484 1339 παραγγέλματος,
1527 1268 1724 1339 βρῶμα
1759 1268 1819 1320 δὲ

236 1362 523 1416 ποιοῦνται
555 1363 616 1414 τὸ
660 1361 1118 1432 ἀπηγορευμένον
1137 1360 1182 1392 ’⁵
1250 1363 1332 1424 είς
1385 1359 1590 1430 βρῶσιν
1651 1353 1814 1429 αἷμα.

252 1455 625 1524 Ἀνήνεκται¹⁸
651 1453 760 1522 γὰρ
804 1456 925 1514 ταῖς
949 1453 1245 1522 ἡμετέραις
1269 1453 1485 1515 ἀκοαῖς,
1521 1451 1713 1520 ὅτιπερ
1739 1451 1816 1513 ὡς

236 1545 430 1614 χιτῶσι
464 1546 576 1606 τοῖς
610 1543 850 1610 ἐντέροις
877 1544 923 1574 ⁸⁸
954 1541 1110 1595 τοῦτο
1142 1542 1622 1611 διαλαμϐάνοντες,
1646 1540 1817 1594 καθά-

235 1652 347 1704 περ
373 1653 427 1688 τι
457 1635 566 1688 τῶν
602 1633 850 1704 συνήθων
873 1633 1177 1704 βρωμάτων
1202 1632 1404 1686 διδόασι
1435 1635 1500 1702 τῇ
1529 1633 1745 1701 γαστρί.

307 1726 483 1779 Τοῦτο
531 1727 632 1779 οὑκ
695 1726 990 1795 ἀνασχετὸν
1022 1727 1054 1794 ἡ
1091 1723 1341 1793 βασιλεία
1367 1724 1527 1793 ἡμῶν
1561 1721 1815 1792 ὑπολαμ-

235 1816 499 1881 ϐάνουσα,
546 1817 656 1871 οὐδ’
690 1817 834 1870 οὕτω
857 1817 1174 1888 παράνομον
1208 1816 1452 1868 ἐπίνοιαν
1483 1812 1619 1884 πρὸς
1645 1814 1813 1884 μόνην

1926 632 2054 688 cibo
2082 633 2349 688 abstineri
2405 635 2606 691 debere
2639 650 2670 689 a
2718 638 3062 705 praeconibus
3116 641 3306 709 gratia-
3373 641 3487 711 (78)

1923 732 2007 778 est
2039 726 2424 778 constitutum.
2482 724 2547 780 Ει
2570 740 2886 797 quanquam
2937 736 3060 780 tum
3103 734 3303 783 veteris
3361 739 3475 782 tum

1923 828 2078 869 nova:
2105 814 2293 884 gratia:
2327 822 2566 884 tempore
2601 816 2694 870 illa
2752 832 2843 872 res
2897 817 3022 872 vilis
3079 817 3261 872 habita
3310 821 3381 873 sit
3435 828 3488 872 et

1925 902 2133 958 nefaria
2161 923 2174 956 :
2215 920 2282 960 eo
2311 913 2494 960 tamen
2528 909 2912 971 contumaciae,
2942 908 3054 963 imo
3103 910 3370 964 vecordiae
3401 913 3470 963 Im

1922 996 2100 1050 mines
2127 1011 2472 1066 processere,
2510 1005 2569 1051 ut
2618 1000 2799 1053 neutri
2852 1001 2955 1070 legi
2989 1016 3179 1056 aurem
3227 1011 3486 1071 praestent

1921 1087 2272 1157 morigeram.
2303 1091 2370 1144 At
2397 1098 2592 1144 contra
2642 1090 2737 1144 alii
2773 1091 2932 1154 lucri,
2966 1093 3058 1147 alii
3128 1093 3270 1164 gula:
3320 1107 3488 1146 causa

1921 1191 2137 1232 summa
2185 1191 2307 1230 cum
2339 1179 2677 1249 impudentia
2734 1179 3054 1235 mandatum
3100 1192 3464 1237 contemnunt

1920 1264 1976 1318 in
2018 1279 2314 1335 escamque
2361 1281 2470 1335 qua
2521 1267 2666 1322 vesci
2724 1269 2954 1323 vetitum
2997 1276 3117 1335 est,
3166 1272 3489 1338 sanguinem

1918 1366 2266 1411 convertunt.
2323 1355 2599 1410 Perlatum
2639 1360 2784 1414 enim
2829 1359 2895 1414 ad
2933 1374 3098 1415 aures
3141 1369 3356 1416 nostras
3383 1377 3488 1423 est,

1918 1447 2064 1514 quod
2094 1447 2375 1502 intestinis
2407 1457 2667 1517 tanquam
2711 1450 2914 1505 tunicis
2953 1451 3107 1504 illum
3147 1450 3486 1504 inim-citum.

1920 1533 2067 1589 velut
2096 1545 2418 1590 consuetum
2450 1537 2686 1605 aliquem
2720 1536 2900 1590 cibum
2935 1539 3110 1592 ventri
3157 1539 3433 1609 praebeant

1990 1623 2147 1690 Quod
2202 1626 2423 1681 tolerari
2483 1642 2590 1682 non
2641 1626 2842 1684 debere
2894 1629 3239 1698 imperatoria
3303 1643 3487 1685 nostra

1918 1716 2181 1786 majestas
2213 1726 2354 1782 rata,
2391 1733 2568 1788 neque
2592 1727 2702 1772 tam
2743 1720 2914 1790 impio
2951 1721 3055 1775 soli
3095 1723 3235 1792 gulae
3279 1725 3480 1777 inhian-

1919 1809 2056 1863 tium
2123 1809 2406 1865 hominum
2465 1809 2708 1875 invento,
2755 1827 2901 1867 nunc
2951 1821 3220 1884 praecepta
3265 1814 3485 1878 divina,

233 1911 481 1978 γαστέρα
507 1911 817 1978 κεχηνότων
865 1909 1074 1978 ἀνδρῶν
1101 1911 1140 1940 ²⁷
1192 1909 1435 1980 ὑϐρίζειν
1463 1909 1561 1978 μὲν
1589 1909 1708 1963 θεῖα
1729 1911 1813 1962 ὲν·
1843 1911 1886 1966 Β

1810 1940 1813 1948 ,
1843 1911 1886 1966 Β
1917 1915 2063 1954 nunc
2103 1901 2414 1971 reipublicae
2447 1910 2653 1956 nostrae
2690 1903 3027 1959 honestatem
3054 1905 3322 1962 dedecore
3351 1907 3487 1960 allici

229 1999 508 2067 τάλματα,
569 1999 820 2068 ὑϐρίζειν
869 1999 925 2051 δὲ
970 1999 1068 2067 τῆς
1107 2000 1384 2070 ἡμετέρας
1433 2000 1710 2062 πολιτείας
1753 2001 1816 2052 τὸ

230 2089 454 2157 ἔντιμον
498 2089 825 2158 ἀνεχομένη,
872 2089 1082 2142 κελεύει
1120 2090 1181 2142 τὸ
1210 2089 1451 2142 τοιοῦτον
1503 2091 1638 2158 ἄγος
1686 2091 1813 2161 μηδ’

227 2181 349 2241 ὅλος
378 2181 502 2232 τινὰ
535 2182 614 2242 εἰς
644 2181 848 2251 τόλμαν
885 2181 1220 2251 ἐκφέρεσθαι
1268 2182 1626 2252 ἐπιτηδεύειν,
1675 2183 1814 2251 μήτε

231 2273 370 2338 πρὸς
407 2273 617 2326 οἰκείαν
656 2273 854 2343 χρῆσιν
901 2272 1030 2342 μήθ’
1060 2272 1200 2326 ὥστε
1242 2273 1434 2336 ἀλλους
1473 2273 1815 2342 ὠνουμένους

228 2365 418 2429 ἐναγεῖ
467 2364 922 2432 καταμιαίνεσθαι
960 2363 1230 2435 βρώματι.
1284 2363 1394 2417 Καὶ
1429 2364 1562 2416 ῖστω
1591 2365 1698 2429 πᾶς
1731 2381 1814 2428 τις

227 2456 255 2506 ὁ
295 2454 572 2525 φωραθεὶς
603 2455 1052 2527 κατολιγωρήσας
1081 2456 1188 2509 ἀπὸ
1209 2454 1304 2509 τοῦ
1328 2454 1595 2526 παρόντος
1617 2454 1812 2526 καιροῦ

223 2545 321 2596 τοῦ
348 2545 498 2597 θείου
518 2546 871 2616 ὲντάλματος,
897 2546 1076 2600 καὶτὸ
1102 2540 1242 2616 αἷμα
1272 2546 1468 2617 βρῶμα
1489 2547 1811 2616 ποιούμενος

226 2637 356 2706 (κᾶν
386 2653 446 2688 τε
479 2638 808 2707 πιπράσκων
831 2639 933 2692 κάν
973 2655 1033 2691 τε
1077 2639 1384 2707 ὠνούμενος
1412 2638 1521 2707 εῖη)
1542 2678 1556 2700 ,
1581 2638 1657 2701 ὡς
1703 2638 1813 2690 τῶν

226 2743 286 2779 τε
320 2728 635 2797 προσόντων
663 2728 924 2798 δημεύσει
955 2729 1426 2800 ὑποϐληθήσεται,
1457 2729 1552 2782 καὶ
1587 2729 1725 2798 μετά
1755 2728 1814 2781 τὸ

227 2819 308 2880 είς
337 2817 400 2869 τὸ
435 2819 595 2888 σῶμα
639 2821 852 2888 πικρῶς
885 2819 1198 2889 αίκισθῆναι
1229 2821 1321 2872 καὶ
1352 2822 1410 2873 ὲν
1438 2817 1556 2888 χρῴ
1588 2819 1814 2888 κουρείᾳ

227 2911 600 2978 ἀτιμασθῆναι
634 2913 777 2980 φυγῇ
824 2910 922 2980 τῆς
976 2911 1230 2980 πατρίδος
1275 2909 1430 2980 ἁῑδίῳ
1465 2907 1811 2979 ζημιωθήσε-

227 3016 339 3052 ται.
384 2999 510 3052 Ἐπὶ
543 3000 717 3074 ταύτῃ
771 3003 827 3055 δὲ
878 3006 946 3075 τῇ
998 3005 1124 3077 δίκῃ
1179 3006 1272 3058 καὶ
1318 3007 1444 3069 τοὺς
1493 3007 1551 3057 ὲν
1609 3004 1813 3074 ἑκάστῃ

229 3089 382 3142 πόλει
410 3092 750 3162 ἐπάρχοντας
773 3096 846 3166 μὴ
870 3098 1123 3164 ἀφεῖσθαι
1151 3099 1521 3168 ἀνεγκλήτους
1547 3095 1813 3167 προστάσ-

230 3199 418 3249 σομεν,
458 3184 592 3236 ἀλλά
623 3187 718 3237 καὶ
762 3186 958 3249 αὑτοὺς
995 3187 1116 3256 (οὑκ
1150 3188 1215 3240 ἂν
1258 3189 1364 3258 γὰρ
1393 3186 1551 3240 τοῦτο
1582 3200 1811 3254 παρενο-

1919 1993 2220 2057 sustinens,
2246 1992 2422 2062 jubet,
2456 2009 2519 2048 ne
2551 1995 2668 2062 quis
2697 1994 2754 2046 id
2781 1995 2984 2060 scelus,
3015 2011 3193 2066 neque
3224 1997 3292 2051 ad
3329 2015 3488 2053 suum

1918 2099 2101 2148 usum,
2127 2099 2304 2153 neque
2331 2093 2388 2138 ut
2418 2095 2696 2156 emptores
2714 2085 3038 2141 detestanda
3060 2087 3186 2142 cibo
3219 2092 3488 2143 contami-

1916 2183 2135 2238 nentur,
2162 2175 2271 2227 ullo
2290 2174 2451 2228 modo
2469 2189 2726 2229 exercere
2745 2176 2962 2231 audeat.
2993 2178 3066 2231 At
3081 2177 3238 2241 sciat.
3260 2180 3492 2249 quicun-

1915 2279 2022 2334 que
2046 2265 2246 2319 dehinc
2262 2263 2505 2319 divinum
2528 2267 2846 2321 mandatum
2873 2277 3244 2337 contemnere,
3268 2272 3488 2343 sangui-

1915 2372 2153 2426 nemque
2177 2358 2232 2412 in
2253 2358 2434 2412 cibum
2461 2369 2777 2414 convertere
2794 2359 2932 2429 (sive
2948 2361 3166 2427 vendat,
3188 2365 3304 2418 sive
3321 2374 3489 2431 emat)

1913 2450 2289 2519 deprehensus
2321 2451 2506 2515 fuerit,
2537 2465 2597 2504 se
2640 2451 2909 2507 bonorum
2953 2453 3309 2523 publicationi
3357 2459 3488 2511 sub-

1911 2542 2232 2612 jiciendum,
2263 2551 2318 2596 et
2338 2543 2430 2596 ubi
2462 2542 2718 2597 acerbum
2749 2543 2805 2597 in
2831 2544 3054 2600 modum
3078 2545 3261 2616 ﬂagris
3292 2563 3486 2612 caesus,

1914 2649 1976 2688 ac
2007 2646 2133 2688 cute
2167 2644 2327 2688 tenus
2376 2633 2519 2688 {inde
2571 2644 2760 2688 tonsus
2791 2635 2900 2689 erit
2926 2635 3062 2705 (79),
3093 2646 3360 2706 perpetuo
3393 2655 3490 2708 pa-

1918 2725 2034 2778 trite
2068 2725 2259 2778 exsllio
2298 2723 2641 2778 multandum
2671 2739 2812 2780 esse.
2851 2725 2973 2790 Quo
3009 2727 3228 2796 quidem
3260 2729 3313 2782 in
3340 2730 3491 2799 judi-

1914 2815 2031 2881 cio,
2085 2830 2262 2885 neque
2320 2814 2599 2870 civitatum
2653 2816 2998 2886 magistratus
3049 2819 3185 2873 citra
3231 2821 3490 2876 crimina-

1916 2903 2117 2955 tionem
2189 2903 2546 2956 dimittendos
2624 2917 2912 2959 censemus
2966 2924 2980 2960 :
3029 2908 3126 2961 sed
3179 2917 3238 2962 ut
3284 2919 3338 2963 et
3390 2911 3490 2979 ipsi

1915 3007 2114 3062 tneque
2165 2994 2334 3058 enim,
2381 2993 2428 3048 si
2488 2993 2562 3046 illi
2612 2996 2959 3051 eonvenienti
3010 2998 3288 3055 alacritate
3319 3005 3488 3074 magi-

1915 3095 2145 3139 stratum
2185 3086 2518 3158 gessissent,
2568 3087 2622 3142 id
2680 3089 2861 3145 scelus
2909 3093 3264 3150 commissum
3322 3101 3488 3166 esset)

1913 3165 2429 3250 quod'negligenler
2456 3178 2873 3253 socorditerque
2900 3183 3135 3240 subditis
3153 3165 3489 3256 preluerint,

228 3273 406 3340 μεῖτο,
437 3271 486 3322 εί
526 3272 604 3341 τῷ
656 3274 916 3342 πρέποντι
946 3277 1261 3349 δραστηρίῳ
1288 3279 1532 3346 ἀρχικοῖς
1561 3273 1788 3344 ἀνδράσι
1830 3268 1874 3326 C

1526 3293 1532 3336 ;
1561 3273 1788 3344 ἀνδράσι
1830 3268 1874 3326 C
1907 3271 2094 3325 decem
2138 3271 2401 3324 librarum
2435 3271 2551 3324 auri
2590 3271 2817 3326 multam
2850 3274 3203 3331 sustineant..

223 3366 324 3434 τὴν
361 3365 538 3438 ἀρχὴν
570 3367 917 3439 διεκόσμουν)
971 3369 1103 3424 δέκα
1150 3372 1349 3442 λιτρῶν
1385 3369 1590 3443 χρυσοῦ
1625 3367 1828 3440 ζημίαν
1871 3366 2093 3437 ὑπέχειν
2140 3364 2242 3436 τῆς
2277 3363 2513 3436 ἁμελοῠς
2563 3365 2660 3420 καὶ
2733 3366 2980 3439 ῥᾳθύμου
3011 3369 3120 3424 τῶν
3154 3371 3482 3445 ὑποχειρίων

222 3459 573 3520 ἐπιστασίας.

783 3575 1255 3650 manumve.

222 3708 367 3784 Περὶ
397 3709 504 3784 τοῦ
538 3711 648 3764 ἐάν
680 3729 770 3780 τις
798 3713 1112 3784 ἐλεύθερος
1137 3716 1418 3784 πεφυκὼς
1460 3715 1678 3770 ἑαυτὸν
1715 3720 1802 3784 εις

291 3778 584 3857 ﬁngetur
619 3778 1019 3854 άατεμπολοίη,
1072 3778 1156 3856 μὴ
1195 3778 1636 3854 ἀυνεστηκέναι
1689 3778 1803 3856 th}

291 3862 542 3917 πρασιν.

312 3961 376 4014 '0
407 3963 569 4028 αὑτὸς
610 3965 866 4036 βασιλεὺς
898 3966 1176 4038 Στυλιανῷ
1204 3968 1281 4038 τῷ
1311 3969 1484 4040 αύτῷ.

303 4048 399 4116 Εἷς
440 4057 536 4108 καὶ
569 4053 724 4120 οὗτος
752 4060 914 4128 νόμος
963 4061 1079 4112 ἐστὶ
1130 4061 1237 4114 τῶν
1271 4064 1346 4133 μὴ
1389 4065 1709 4134 πρεπόντων
1738 4071 1803 4139 τῇ

222 4142 456 4214 εὐταξίᾳ
512 4146 613 4215 τῆς
662 4149 818 4218 ἡμῶν
850 4151 1124 4215 πολιτείας
1165 4154 1302 4224 μήτε
1335 4155 1604 4227 ἀποδοχῆς
1641 4159 1804 4224 ἀξίων

225 4236 369 4304 μήτε
415 4237 598 4308 χώραν
646 4241 970 4308 ὀφειλόντων
1009 4245 1193 4298 λαϐεῖν
1242 4246 1546 4317 ἐνεργείας,
1599 4249 1656 4312 ὃς
1713 4250 1802 4303 τὸν

2365 3567 2835 3628 CONSTITUTIO
2893 3571 3032 3630 LIX.

2019 3700 2310 3773 Abrogatio
2350 3703 2472 3774 legis
2499 3703 2612 3774 (80)
2636 3722 2752 3774 qua
2782 3708 3042 3765 hominen:
3071 3712 3293 3768 liberum
3327 3732 3383 3772 te

2437 3777 2651 3831 vendere
2681 3780 2960 3846 permittit.

1972 3990 2118 4049 Idem
2174 3995 2470 4065 imperator
2497 3999 2674 4054 eidem
2709 3998 2975 4072 Styliano.

1977 4084 2110 4151 Quae
2133 4087 2217 4141 lex
2248 4087 2523 4143 hominem
2547 4091 2802 4155 liberum,
2837 4096 2931 4167 qui
2961 4104 3070 4150 tam
3107 4096 3286 4168 ignavi
3319 4105 3483 4169 atque

1904 4177 2102 4247 abjecti
2129 4178 2302 4232 animi
2327 4189 2432 4243 est,
2470 4191 2530 4234 ut
2562 4183 2831 4241 libertatis
2857 4187 3175 4256 dignitatem
3214 4191 3482 4248 dedecore

1900 4265 2292 4338 alliciens,quo
2317 4271 2659 4327 exsecrabile
2687 4289 2787 4343 pro
2837 4279 3103 4335 servitute
3137 4282 3477 4351 persolvendi

220 4327 511 4401 ἐλεύθερον
571 4333 669 4403 μὲν
721 4335 1027 4403 πεφυκότα,
1060 4337 1353 4410 φαυλότητι
1395 4339 1451 4394 δὲ
1490 4341 1717 4415 γνώμης
1743 4343 1802 4396 τὸ
1835 4365 1877 4420 ο

1800 4365 1877 4420 ιι)
1911 4357 2072 4426 pretii
2122 4357 2338 4416 lucrum
2394 4327 2705 4432 participet.
2731 4364 2880 4437 (81),
2939 4383 3096 4425 suam
3137 4327 3477 4428 rservitutem

1429 4499 1660 4560 VARUE
1710 4504 2118 4570 LECTIONES.

296 4628 354 4702 “_
385 4628 611 4702 hleerm.
631 4631 1030 4702 ἀπηγορευθέν.

219 4699 380 4770 Agyl.
414 4701 558 4770 conj.
591 4699 916 4772 ἀνθρώπων.

1141 4634 1184 4666 ³³
1206 4633 1395 4691 Zuicb.
1430 4644 1487 4692 et
1516 4638 1744 4696 Mcerm.
1771 4643 2067 4719 ἀνηνέχθη.

2188 4649 2234 4681 ¹⁶
2261 4648 2441 4707 Codd.
2483 4650 2721 4723 ἑτέροις.
2830 4655 2876 4688 ³⁷
2920 4654 3152 4730 Scrimg.
3183 4657 3292 4714 τῶν
3322 4657 3477 4733 ἀνδρ,

1758 4805 1990 4865 NOTAE.

438 4929 557 5006 get.
590 4946 716 5006 xxv,
749 4947 895 5006 vers.
921 4932 1012 4993 ἓξ),
1051 4933 1233 4988 Canon
1274 4933 1460 5006 Apost.
1492 4937 1582 4995 6'2.

291 4999 408 5084 (:79)
439 4999 617 5056 Pana:
660 5002 840 5057 simile
903 5020 1074 5073 genus
1111 5016 1286 5060 exstat
1323 4999 1404 5060 ‘in
1461 5007 1669 5064 Novell.
1701 5011 1791 5079 6'3,

219 5074 405 5211 ὴὶῶᾋῇ
439 5138 602 5194 Liber
653 5142 819 5196 homo
880 5158 938 5197 se
1006 5145 1155 5198 nullo
1219 5147 1378 5201 modo
1431 5151 1666 5205 vendere
1723 5155 1792 5206 ad

220 5212 459 5283 pretium
503 5211 609 5283 sui
648 5213 1076 5281 participat-dum
1140 5227 1313 5283 potest
1348 5236 1361 5271 :
1393 5227 1446 5272 et
1503 5219 1572 5274 ita
1631 5222 1798 5276 abro-

219 5278 379 5356 gatur
429 5278 466 5356 l_.
501 5278 614 5356 5_,_§
642 5278 695 5356 l_,
829 5278 899 5335 De
941 5293 1114 5356 statu;
1141 5278 1186 5356 'l.
1219 5286 1272 5350 6,
1312 5287 1338 5356 §
1383 5288 1434 5349 5,
1484 5289 1538 5342 ﬂ‘.
1594 5292 1664 5344 De
1713 5293 1798 5345 in-

217 5351 398 5417 iusto;
440 5351 475 5406 l.
510 5350 597 5414 14,
635 5351 689 5405 ﬂ'.
729 5355 800 5406 De
831 5355 1029 5422 poenis,
1075 5354 1102 5425 θ
1141 5350 1403 5411 ιιιιιιδῐιι.
1441 5357 1648 5428 Dejure
1672 5377 1798 5430 per-

440 5491 946 5568 Συμμοιράσασθαι.
980 5491 1214 5568 Scrimg.
1252 5496 1321 5568 ad
1359 5498 1590 5568 pretium
1626 5501 1796 5568 parti-

217 5561 709 5638 _eipandum;_l._5,
737 5561 764 5632 §
797 5565 843 5638 lg,
884 5566 938 5638 α’.
989 5563 1062 5618 De
1099 5561 1426 5638 statu;7l._6,
1457 5568 1482 5638 ᾗ
1523 5569 1574 5632 5,
1626 5561 1684 5625 ἱῐ.
1719 5571 1793 5626 De

1902 4945 1950 5024 l_._
1975 4947 2062 5024 16,
2082 4948 2142 5024 _C.
2164 4947 2522 5024 _Deliberali),
2549 4962 2646 5007 aut
2665 4952 2822 5024 cuius
2851 4953 3069 5009 tandem
3089 4957 3321 5024 pretium
3357 4974 3480 5012 ven-

1899 5017 2124 5073 ditionis
2162 5020 2323 5075 istius
2345 5017 2630 5090 aceeplum
2665 5017 2858 5077 ﬁeret?
2891 5040 2959 5077 an
2999 5017 3333 5081 venditoris?
3369 5046 3474 5082 non

1901 5090 2079 5152 video,
2146 5105 2271 5161 cum
2325 5092 2514 5144 statim
2573 5093 2642 5146 ab
2689 5094 2804 5161 ipsa
2858 5093 3175 5150 venditione
3218 5099 3476 5152 venditur

1901 5173 2091 5230 servus
2129 5159 2424 5225 efﬁciatur,
2447 5161 2695 5230 nihilque
2710 5159 2782 5215 ab
2801 5177 2867 5216 eo
2900 5175 3176 5220 momento
3208 5183 3365 5222 suum
3393 5172 3476 5222 vel

1898 5229 2175 5298 proprium
2213 5231 2434 5284 habeat.
2501 5233 2583 5304 An
2608 5229 2924 5299 emptoris?
2970 5250 3036 5288 ne
3094 5236 3147 5288 id
3214 5238 3475 5304 quidem,

1898 5313 2023 5351 nam
2060 5314 2167 5368 qua
2200 5316 2364 5352 manu
2398 5303 2632 5368 pretium
2673 5313 3011 5367 nmneraret,
3065 5303 3253 5358 eadem
3288 5312 3473 5360 statim

1899 5371 2189 5436 reciperet,
2245 5371 2529 5444 nulloque
2572 5382 2851 5444 momento
2890 5376 2942 5426 in
2991 5375 3290 5431 venditoris
3358 5394 3476 5444 per-

1901 5453 2030 5511 sona
2061 5449 2347 5511 constaret
2389 5440 2424 5492 Ι.
2469 5441 2559 5502 79.
2590 5457 2637 5496 s.
2687 5441 2753 5495 de
2795 5458 2918 5511 aeq.
2949 5445 3147 5499 lutet-ed.
3181 5449 3260 5499 An
3297 5440 3479 5499 estra-

1902 5509 1986 5580 nei
2013 5508 2173 5580 ?Non
2201 5511 2360 5564 video
2393 5526 2610 5580 quoque
2643 5508 2970 5580 quemquam
3009 5523 3117 5568 tam
3173 5516 3387 5570 facilem
3423 5519 3476 5570 in

1900 5577 2063 5652 alium
2104 5578 2289 5642 fuisse,
2331 5577 2486 5652 ut:se
2521 5577 2775 5635 'alterius
2829 5577 3199 5652 locupletandi
3256 5589 3338 5640 vel
3395 5587 3479 5652 ju-

217 5629 444 5720 itijusto.
479 5629 506 5700 ς
539 5629 1184 5720 ίῑνίιιειῖιυιξιίυτλρυῑξ.
1339 5629 1791 5720 τὸμοιρίσασθαι
1893 5649 2052 5720 validi
2083 5663 2252 5702 causa
2276 5629 2520 5704 vendere
2571 5652 2716 5704 velit.
2753 5629 3128 5720 ltaquerputo
3188 5629 3478 5710 liberoslet

216 5703 276 5752 τὸ
308 5703 549 5776 τίμημα.
583 5700 950 5776 Tlieopli.ibi.
983 5700 1163 5768 Ωιιιωή
1207 5705 1292 5758 hic
1324 5700 1500 5776 potest
1524 5700 1784 5776 quemad-

1892 5717 2158 5792 ingenuos
2198 5721 2450 5774 homines
2478 5737 2544 5774 eo
2576 5721 2826 5792 redactos
2845 5717 3234 5792 nonnunquam
3276 5726 3468 5781 fuisse.

216 5771 439 5857 modum
480 5773 980 5857 eanen‘clitiolgnatn
1010 5790 1059 5826 Ill
1091 5771 1466 5857 pignoratinnc
1505 5771 1786 5857 minusest
1888 5771 2034 5853 «μΓυιι
2078 5771 2267 5842 herum
2314 5771 2350 5841 7a
2384 5771 2493 5857 quo
2548 5791 2823 5844 alerentur
2883 5771 3154 5847 Intordu'm
3218 5797 3467 5850 nanciscu

217 5841 366 5893 dubii
418 5841 454 5892 Ι.
510 5841 601 5905 ⁸25,
652 5841 677 5904 δ
724 5842 771 5902 1,
811 5842 879 5900 De
913 5843 1120 5898 liberali
1154 5841 1333 5899 'cansa
1388 5859 1432 5900 :.t
1480 5850 1783 5904 ministerio

1885 5859 1964 5910 eis
2005 5861 2283 5917 expediret
2314 5861 2487 5921 iuncis
2514 5877 2677 5919 uuam
2722 5862 2773 5915 in
2809 5875 3066 5918 ncroctua
3119 5867 3467 5922 mendicant..-
