4248 6442
785 422 887 482 555

1992 416 2266 475 LEONIS
2294 415 2749 477 PHILOSOPHI

3905 423 4012 486 556

787 541 1079 598 mercetur,
1111 545 1219 585 non
1250 531 1508 601 castigat,
1542 546 1719 603 neque
1746 530 1931 587 scelus
1972 531 2107 587 illud
2164 533 2344 587 corri-
2369 538 2416 594 Α
2442 551 2464 588 τ

2336 561 2344 572 -
2369 538 2416 594 Α
2442 536 2623 606 τίμιον
2643 537 2744 605 τῆς
2766 536 3082 606 ἐλευθερίας
3103 537 3393 609 ὑϐρίζοντα
3438 537 3650 607 καὶτὴν
3680 531 3887 590 οίκείαν
3908 538 4013 602 ἐμ-

779 621 1164 695 git;prol'ecto
1196 631 1252 677 et
1284 622 1375 675 illa
1428 637 1615 677 earum
1663 637 1771 676 una
1818 631 1921 678 .est
1953 638 2077 691 quae
2132 634 2341 679 rectum

780 712 1094 783 reipublica:
1120 719 1327 767 nostrae
1358 722 1563 767 statum
1614 712 1906 778 dedecent,
1964 728 2028 769 ac
2068 716 2341 784 approba-

776 804 933 857 tione
957 802 1197 872 indigna:
1243 810 1394 869 sunt,
1426 818 1603 872 neque
1636 804 2027 859 auctoritatem
2059 814 2115 861 et
2158 805 2341 861 eﬂlca-

775 893 915 947 eiam
945 892 1201 961 accipere
1230 892 1449 947 debent.
1502 892 1664 947 Illam
1704 894 1892 964 itaque
1927 894 1995 948 de
2024 908 2091 949 eo
2131 896 2225 964 qui
2254 910 2343 952 res

776 998 909 1039 suas
941 984 1014 1037 ita
1048 986 1342 1055 gubernat,
1376 982 1543 1037 latam
1595 986 1789 1055 legem,
1851 998 1974 1053 qua:
2006 984 2340 1041 dementiam

777 1076 989 1127 lirmam
1020 1087 1145 1127 esse
1172 1072 1462 1141 permittit,
1502 1089 1680 1143 neque
1734 1089 1926 1129 eversa
1979 1074 2202 1145 indigna
2249 1075 2340 1129 illa

774 1174 1107 1227 mercatura,
1139 1166 1238 1219 bos
1264 1164 1359 1233 qui
1412 1180 1510 1234 per
1542 1166 1914 1235 insipientiam
1949 1167 2077 1221 talia
2112 1167 2339 1233 faciunt,

776 1255 1223 1324 competentibus
1259 1256 1439 1323 pmnis
1469 1254 1715 1324 subiicit,
1751 1271 1929 1325 neque
1973 1258 2108 1326 legis
2140 1272 2341 1327 pr0po-

775 1346 942 1399 situm
969 1345 1178 1400 scimus
1209 1359 1451 1406 servare,
1483 1359 1661 1410 neque
1692 1360 1817 1415 quae
1873 1348 2229 1400 convenienti
2261 1349 2341 1400 le-

773 1437 937 1507 gibus
1004 1435 1313 1489 reverentia
1380 1434 1650 1503 potiatur,
1699 1436 1916 1506 dignam
1953 1445 2231 1505 putamus.
2284 1436 2340 1490 Si

772 1528 919 1581 enim
943 1526 1089 1596 quod
1115 1525 1228 1596 (82)
1258 1534 1415 1595 pater
1446 1525 1575 1581 ﬁliis
1609 1534 1715 1591 est,
1744 1526 1799 1579 id
1836 1526 1978 1581 idem
2023 1528 2171 1597 leges
2204 1527 2339 1581 civi-

773 1618 876 1673 bus
897 1632 1019 1672 esse
1049 1625 1288 1685 oportet,
1327 1625 1387 1670 ut
1420 1617 1474 1669 in
1494 1617 1598 1669 hoc
1623 1631 1791 1686 unum
1818 1618 1965 1686 quod
1996 1618 2108 1673 illis
2132 1618 2340 1672 condu-

771 1716 861 1759 eat
890 1721 955 1760 ac
984 1706 1227 1760 salutare
1283 1706 1379 1768 sit,
1404 1705 1725 1760 colliment:
1757 1708 2034 1776 quomodo
2067 1707 2210 1760 bane
2263 1707 2337 1761 le.

771 1811 891 1864 gem
924 1794 1015 1864 qui
1042 1803 1254 1848 tantum
1287 1793 1694 1849 incommodum
1730 1804 1897 1864 atque
1954 1795 2214 1851 damnum
2248 1795 2338 1849 in-

773 1887 1031 1942 cumbere
1048 1887 1113 1939 iis
1134 1886 1349 1955 qui-per
1368 1886 1699 1941 dementiam
1720 1886 1774 1940 in
1799 1885 1852 1941 id
1878 1902 1939 1943 se
1960 1887 2336 1957 coniecerunt,

772 1978 924 2040 sinit,
960 1976 1166 2044 legibus
1199 1977 1553 2029 annumerari
1580 1992 1796 2047 aequum
1831 1978 1957 2033 est?
2110 2044 2111 2047 η

845 2062 999 2118 Hanc
1032 2065 1217 2134 itaque
1254 2080 1355 2118 nos
1388 2064 1599 2133 legibus
1640 2075 1958 2136 excerptam
1995 2067 2049 2121 in
2081 2066 2338 2123 exsilium

772 2156 1073 2221 mittentes,
1104 2158 1410 2223 sauciatus,
1441 2166 1499 2210 ut
1531 2158 1578 2211 si
1607 2159 1724 2228 quis
1774 2159 1851 2213 ita
1904 2158 2128 2213 demens
2152 2162 2244 2223 sit,
2278 2166 2339 2213 ut

774 2248 1085 2304 libertatem
1115 2249 1384 2304 servitute
1414 2257 1765 2304 commutans
1796 2265 1857 2305 se
1902 2250 2081 2319 ipsum
2121 2250 2340 2317 vendat,

772 2356 839 2394 ne
858 2339 907 2394 is
930 2348 1252 2394 contractus
1288 2338 1502 2394 validus
1546 2340 1642 2404 sit,
1698 2340 1794 2395 sed
1830 2348 2133 2403 evertatur,
2171 2349 2225 2394 et
2262 2340 2341 2394 si-

773 2432 886 2485 mul
916 2432 1030 2500 ipse
1065 2431 1331 2485 libertatis
1364 2445 1479 2485 sua:
1505 2431 1779 2500 proditor,
1815 2433 1980 2485 simul
2021 2432 2069 2486 is
2096 2431 2339 2501 quicum

770 2525 890 2593 ipso
911 2522 979 2575 ad
1002 2521 1220 2576 facinus
1253 2521 1585 2590 designavit,
1616 2520 1941 2575 verberibus
1982 2521 2339 2590 castigentur,

772 2613 1054 2682 nihiloque
1114 2613 1298 2667 minus
1348 2610 1588 2666 vesania:
1644 2611 1917 2681 mancipio
1995 2611 2219 2665 libertas
2285 2609 2343 2662 in

774 2701 1008 2769 pristino
1035 2713 1138 2755 suo
1161 2708 1309 2755 statu
1340 2708 1614 2755 servetur.

1158 2880 1623 2940 CONSTITUTIO
1674 2881 1769 2937 LX
1822 2881 1957 2954 (8'5).

846 2976 965 3043 Qua
987 2990 1141 3045 pana
1167 2974 1281 3048 (84-)
1303 2982 1628 3030 castratoru
1675 2972 1788 3044 (85)
1847 2971 1995 3042 afﬁci
2027 2970 2270 3027 debeant.

845 3140 990 3196 idem
1020 3140 1322 3211 imperator
1342 3138 1519 3194 eidem
1572 3138 1845 3212 Styliano.

842 3233 1080 3287 Virtutis
1141 3230 1256 3303 (86)
1312 3232 1378 3285 ad
1434 3231 1838 3301 procreandum
1896 3245 1928 3284 a
1962 3230 2073 3284 Deo
2124 3236 2340 3283 natura:

782 3326 1004 3380 inedita:
1034 3323 1280 3378 exsectio
1317 3338 1425 3376 non
1470 3323 1683 3376 minore
1728 3335 1851 3376 cum
1894 3319 2121 3374 audacia
2148 3318 2342 3374 identi-

776 3415 899 3471 dem
928 3414 1315 3477 committitur,
1351 3428 1517 3482 quam
1545 3412 1590 3467 si
1613 3412 1757 3483 apud
1789 3411 1959 3467 Deum
1995 3410 2129 3465 nulli
2164 3425 2341 3480 patum

778 3507 1020 3597 obnoxia
1076 3513 1249 3569 esset,
1299 3519 1425 3558 cum
1479 3514 1661 3558 tamen
1695 3503 1779 3558 vel
1828 3502 2067 3557 maxime
2132 3502 2242 3569 sit;
2289 3509 2344 3557 et

777 3593 1091 3668 quanquam
1120 3597 1402 3650 veteribus
1450 3594 1855 3665 legislatoribus
1877 3608 2023 3649 cura:
2070 3593 2256 3660 fuerit,
2285 3600 2343 3647 ut

780 3690 835 3744 id
872 3690 1075 3743 iiiaIum
1108 3688 1305 3742 ultrice
1336 3687 1452 3757 lege
1480 3672 1850 3750 excideretur,
1876 3699 1984 3755 quo
2037 3684 2345 3754 respublica

784 3780 854 3833 ab
882 3779 1197 3834 istiusmodi
1228 3780 1453 3833 invento
1479 3779 1681 3832 munda
1712 3787 1893 3833 esset:
1922 3776 2066 3831 haud
2120 3778 2236 3832 scio
2262 3785 2348 3831 ta-

782 3886 930 3932 men,
973 3884 1098 3925 cum
1134 3871 1180 3924 si
1215 3871 1300 3924 cui
1337 3870 1454 3933 alii,
1492 3870 1620 3923 huic
1663 3879 1817 3924 certe
1872 3869 2196 3939 praescripto
2243 3869 2343 3923 ob-

783 3963 1099 4030 temperari,
1133 3972 1301 4030 atque
1353 3977 1384 4014 a
1441 3972 1650 4016 natura:
1698 3960 2038 4015 mutilatione
2084 3960 2345 4016 abstineri

785 4066 1000 4121 tequum
1027 4052 1120 4118 sit,
1149 4053 1508 4121 quamobrem
1534 4067 1645 4107 non
1703 4051 1777 4105 ita
1813 4051 2018 4106 faciant
2059 4051 2341 4107 homines:

785 4142 880 4197 sed
912 4152 1172 4213 tanquam
1207 4143 1502 4198 utilitatem
1530 4142 1847 4213 quamdam,
1883 4141 2196 4197 istiusmodi
2249 4142 2347 4197 ad-

2443 627 2809 699 πορευόμενον
2859 628 3138 681 δούλευσιν
3154 629 3200 661 ⁸⁸
3231 630 3327 682 ἐπὶ
3377 629 3516 699 τῷ¹⁹
3572 628 3766 699 κέρδος
3813 626 4015 696 μιαρὸν

2441 718 2564 772 ἀντὶ
2607 719 2708 788 τῆς
2752 720 3000 783 δουλείας
3048 719 3144 772 τοῦ
3182 719 3666 790 καταϐεϐλημένου
3697 718 4011 787 τιμήματο,

2444 809 2938 880 συμμοιράσασθαι,
2973 811 3380 880 ἀσωφρόνιστον
3428 810 3557 874 ἐῶν,
3584 810 3686 862 ούκ
3717 807 4018 878 ἐπανορθοῖ

2440 900 2540 971 τὴν
2575 900 2940 971 παρανομίαν,
2990 900 3293 972 Τοιγαροῦν
3314 900 3409 954 τοῦ
3444 900 3514 954 τὰ
3535 902 3715 954 οἰκεῖα
3743 900 3889 952 οὕτω
3920 915 4011 952 τι·

2443 992 2671 1061 θεμένου
2690 993 2735 1025 ”
2768 992 2861 1045 τὸν
2896 992 3059 1061 νόμον
3097 993 3157 1055 ὃς
3199 994 3524 1063 παραχωρεῖ
3573 991 3674 1059 τὴν
3725 1005 4015 1061 παραφρο-

2442 1082 2608 1152 σύνην
2626 1082 2851 1152 βεϐαίαν
2874 1083 3163 1154 ὑπάρχειν,
3211 1084 3350 1138 ἀλλὰ
3390 1084 3463 1153 μὴ
3492 1083 3631 1153 μετὰ
3651 1080 3746 1135 τοῦ
3789 1080 4016 1149 ἀνατρέ·

2441 1192 2565 1228 πειν
2591 1176 2690 1240 τὴν
2715 1176 2911 1244 ἄτιμον
2939 1176 3212 1248 ἐμπορίαν
3256 1174 3351 1229 καὶ
3373 1177 3588 1238 ποιναῖς
3636 1172 4016 1244 ἁρμοζούσαις

2439 1266 2842 1321 καθυποϐάλλει
2885 1269 3013 1332 τοὺς
3060 1268 3285 1322 τοιαῦτα
3318 1270 3490 1321 ποιεῖν
3518 1266 4013 1336 ἁφρονευομένους,

2437 1358 2561 1411 οὔτε
2574 1359 2741 1428 νόμου
2767 1359 3084 1429 προαίρεσιν
3102 1359 3386 1422 διασώζειν
3404 1358 3561 1427 ἴσμεν
3589 1356 3712 1410 οὔτε
3742 1357 3845 1425 τῆς
3877 1372 4016 1423 πρε-

2439 1449 2649 1516 πούσης
2698 1448 2884 1519 νόμοις
2934 1447 3116 1510 αἰδοῦς
3150 1463 3209 1499 τε
3254 1448 3348 1499 καὶ
3407 1446 3576 1515 τιμῆς
3622 1442 4015 1511 ἐπιτυγχάνειν

2438 1536 2734 1605 νομίζομεν
2770 1537 2942 1603 ἄξιον.
2992 1537 3055 1590 Ei
3078 1536 3187 1607 γὰρ
3213 1536 3351 1606 ὅπερ
3379 1535 3566 1605 πατὴρ
3582 1534 3819 1597 τέκνοις,
3848 1529 4015 1583 τοῦτο

2436 1629 2517 1682 δεῖ
2550 1628 2921 1694 τοῖςπολίταις
2942 1626 3086 1685 εῖναι
3117 1630 3245 1693 τοὺς
3270 1630 3490 1698 νόμους,
3529 1627 3666 1698 πρὸς
3695 1625 3753 1678 ἓν
3776 1625 3821 1657 ³⁸
3849 1624 4015 1694 μόνον

2437 1718 2499 1773 τὸ
2549 1720 2830 1791 συμφέρον
2867 1720 2962 1773 καὶ
3045 1721 3318 1789 σωτήριον
3376 1720 3488 1773 τῶν
3565 1715 4015 1785 πολιτευομένων

2440 1810 2708 1883 ὁρῶντας,
2754 1810 2858 1865 ποῦ
2882 1812 3093 1875 δίκαιος
3130 1805 3288 1874 οὗτος
3321 1811 3510 1881 νόμοις
3532 1805 4012 1875 συνεξετάζεσθαι,

2442 1902 2696 1973 τοιαύτην
2731 1903 2933 1974 βλάϐην
2980 1901 3077 1957 καὶ
3109 1902 3312 1972 ζημίαν
3344 1899 3647 1971 συγχωρῶν
3690 1896 4016 1952 ἐπικεῖσθαι

2440 1994 2554 2056 τοῖς
2573 1992 2816 2061 ἀνοήτως
2832 1992 3057 2056 ἑαυτοὺς
3074 1991 3155 2055 είς
3169 1990 3379 2061 ταύτην
3426 1987 3826 2057 ύποϐεϐληκόσι
3854 2002 3871 2050 ;

2529 2082 2699 2138 Τοῦτο
2721 2081 2812 2136 οὖν
2835 2081 3312 2153 ἐξοστρακίζοντες
3341 2080 3437 2135 καὶ
3460 2079 3571 2132 τῶν
3594 2078 3774 2148 νόμων
3806 2073 4015 2143 ἐκφυλ-

2441 2174 2794 2248 λοφοροῦντες
2842 2175 3003 2244 ἡμεῖς
3035 2173 3387 2243 θεσπίζομεν,
3417 2172 3471 2225 εῖ
3502 2188 3587 2232 τις
3622 2168 3798 2231 οὕτως
3814 2166 4016 2236 ὀφθείη

2438 2265 2711 2336 δυστυχῶν
2735 2264 2817 2328 εις
2842 2264 3066 2335 φρένας,
3089 2263 3187 2316 καὶ
3226 2262 3474 2317 δουλείαν
3503 2260 3821 2330 ἐλευθερίας
3859 2260 4015 2311 ἀντι·

2440 2356 2943 2426 καταλλαττόμενος
2984 2354 3183 2409 ἑαυτὸν
3233 2353 3620 2424 ἀπεμπολοίη,
3652 2352 3728 2421 μὴ
3752 2365 4017 2417 συνεστηο

2441 2448 2615 2512 κέναι,
2645 2446 2781 2500 ἀλλὰ
2807 2445 3209 2518 ἀνατρέπεσθαι
3247 2445 3350 2517 τὴν
3378 2443 3601 2515 πρᾶξιν,
3642 2440 3810 2496 αὑτοῦ
3834 2457 3896 2493 τε
3916 2438 4015 2493 τοῦ

2444 2537 2705 2609 προδότου
2740 2537 2840 2607 τῆς
2881 2538 3020 2600 ιδίας
3047 2536 3367 2607 ἐλευθερίας
3404 2533 3619 2590 καὶτοῦ
3657 2547 4010 2599 συγκακουρ-

2442 2626 2669 2695 γοῦντος
2706 2625 2854 2696 αὐτῷ
2874 2627 3109 2697 πληγαῖς
3140 2644 3199 2680 τε
3234 2630 3314 2691 είς
3355 2627 3419 2680 τὸ
3473 2626 3636 2695 σῶμα
3684 2622 4018 2694 σωφρονιζο-

2444 2717 2644 2787 μένων,
2665 2718 2757 2770 καὶ
2788 2717 2887 2785 τῆς
2914 2717 3232 2788 ἐλευθερίας
3256 2720 3314 2769 ἐν
3339 2717 3416 2788 τῷ
3445 2715 3631 2786 οἰκείῳ
3658 2712 4011 2785 τηρουμένης

2444 2808 2689 2879 σχήματι
2714 2807 2793 2878 τῷ
2817 2811 2917 2880 τῆς
2946 2809 3134 2871 ἀνοίας
3155 2809 3497 2881 ἀνδραπόδῳ.

3022 2901 3333 2953 ΔΙΔΤΑΞΙΣ
3360 2900 3413 2953 Ξ¹
3426 2938 3441 2952 .

2440 2989 2583 3061 Περί
2603 2988 2724 3045 τῶν
2759 2991 3230 3060 εὐνουχιζόντων
3258 2993 3535 3061 τιμωρίας
3564 2991 3767 3057 ἄλλως
3799 2988 3839 3057 ἢ
3864 2985 4018 3042 κατὰ

2898 3064 3009 3116 τὸν
3035 3066 3303 3129 πρόσθεν
3342 3065 3552 3131 νόμον.

2526 3153 2585 3206 '0
2606 3151 2766 3217 αὐτὸς
2806 3152 3060 3223 βασιλεὺς
3094 3152 3368 3223 Στυλιανῷ
3400 3151 3476 3223 τῷ
3506 3150 3677 3221 αὐτῷ.

2512 3244 2757 3314 Πρᾶγμα
2804 3243 3154 3313 τολμώμενον
3189 3243 3289 3314 μὲν
3326 3243 3563 3313 ἀφειδῶς
3616 3243 3693 3305 ὼς
3740 3239 4015 3311 μηδεμιᾶς

2437 3336 2591 3406 παρὰ
2615 3333 2735 3404 Θεῷ
2759 3334 2951 3388 δοκοῦν
2978 3334 3158 3405 ἔνοχον
3173 3335 3350 3405 δίκης,
3397 3333 3632 3403 μάλιστα
3663 3332 3720 3385 δὲ
3760 3331 3822 3385 ὃν
3848 3331 4001 3394 ἄξιον

2436 3425 2631 3495 δίκης,
2676 3426 2711 3496 ἡ
2750 3424 2956 3495 ἐκτομὴ
3000 3426 3100 3495 τῆς
3142 3425 3524 3496 ἐντεθειμένης
3584 3423 3692 3479 ὑπὸ
3738 3420 3877 3476 Θεοῦ
3940 3423 4015 3490 τῇ

2439 3517 2598 3585 φύσει
2649 3516 2927 3581 δυνάμεως
2980 3516 3116 3584 πρὸς
3145 3516 3398 3587 διαδοχὴν
3444 3514 3538 3568 τοῦ
3569 3515 3781 3582 γένους,
3838 3512 4012 3565 πάλαι

2455 3606 2554 3677 μὲν
2575 3606 2905 3676 τιμωροῦντι
2938 3608 3087 3677 νόμῳ
3137 3606 3225 3659 διὰ
3279 3606 3539 3677 προνοίας
3593 3605 3839 3673 ἐγεγόνει
3892 3604 4020 3664 τοῖς

2452 3697 2770 3767 νομοθέταις
2794 3696 2979 3750 λαϐεῖν
3011 3697 3277 3768 ἐκκοπὴν,
3322 3697 3464 3750 ὥστε
3494 3696 3596 3766 τῆς
3613 3694 3870 3763 τοιαύτης
3894 3695 4019 3745 ἐπι-

2452 3785 2602 3848 νοίας
2631 3786 2917 3854 καθαίρειν
2944 3786 3045 3856 τὴν
3067 3785 3342 3855 ἡμετέραν
3368 3784 3667 3838 πολιτείαν·
3691 3783 3792 3835 οὐκ
3817 3777 3935 3835 οἶδα
3961 3781 4021 3833 δὲ

2450 3876 2599 3938 ὅπως
2619 3874 2735 3928 δέον
2755 3876 2911 3945 εἴπερ
2943 3876 3047 3927 τινὶ
3062 3875 3207 3944 ἄλλῳ
3234 3874 3409 3945 τούτῳ
3439 3873 3721 3927 πείθεσθαι
3756 3872 3834 3941 τῷ
3862 3888 4021 3941 παρ-

2458 3964 2768 4033 αγγέλματι
2814 3963 2909 4016 καὶ
2961 3964 3232 4030 φείδεσθαι
3257 3963 3436 4033 λωϐᾷν
3455 3964 3521 4033 τῇ
3552 3962 3731 4030 φύσει,
3755 3960 3853 4029 οὐχ
3876 3958 4023 4011 οὕτω

2451 4054 2719 4119 ποιοῦσιν,
2745 4054 2861 4107 ἀλλ’
2895 4054 3083 4125 ῶσπερ
3097 4071 3150 4107 τι
3186 4055 3294 4107 τῶν
3313 4053 3605 4123 ὠφελίμων
3632 4051 3732 4122 τὴν
3763 4055 3906 4105 κατά
3925 4050 4021 4103 τοῦ

2453 4143 2649 4212 γένους
2699 4144 2957 4215 τοιαύτην
3003 4144 3297 4214 ἐπιϐουλὴν
3346 4144 3705 4215 λογιζόμενοι,
3734 4143 3803 4195 τὰ
3839 4142 3910 4196 δι’
3945 4136 4023 4194 ὧν

2058 4275 2295 4333 ἾΑΒΙᾹΞ
2348 4277 2750 4335 LECTIONES.

858 4397 905 4429 "
933 4394 1124 4449 Zuicli.
1152 4391 1430 4463 δούλωσιν.
1501 4391 1550 4463 ff
1584 4387 1931 4463 Serin1g_.ii:1_tt
1955 4389 2033 4463 τό,
2111 4390 2156 4422 ³ο
2177 4391 2305 4463 Haec
2336 4391 2501 4446 verba
2522 4391 2616 4445 τοῦ
2639 4417 2708 4431 -
2737 4392 3021 4463 τιθεμένου
3051 4400 3144 4446 aut
3172 4403 3428 4462 corrupta
3458 4399 3551 4445 aut
3581 4399 3704 4461 post
3732 4404 4021 4460 παραφρο-

784 4471 948 4528 advrv
968 4462 1285 4520 collocanda
1317 4474 1440 4516 esse
1467 4459 1738 4514 videntur.
1794 4460 1836 4490 ⁸⁸
1873 4459 2064 4513 Zuich.
2095 4474 2204 4518 om.
2226 4460 2308 4517 ἒν.

2270 4574 2504 4632 ΝΟΤιΕ.

781 4671 985 4725 vivere.
1017 4666 1194 4740 Aene
1231 4665 1441 4719 interea
1514 4671 1722 4740 temere
1788 4680 1848 4720 se
1907 4665 1963 4720 in
2025 4668 2341 4740 servitutem
2374 4675 2419 4729 ι)
2447 4685 2615 4740 quum
2649 4670 2722 4725 sit
2752 4670 2953 4724 minori
2976 4668 3168 4737 viginti
3194 4668 3441 4740 quinque
3461 4667 3623 4722 annis
3654 4666 3709 4720 in
3740 4667 4020 4736 integrum

781 4740 998 4793 dedisse
1028 4737 1381 4798 viderentur;
1420 4744 1585 4802 utque
1617 4735 1852 4804 aliquam
1899 4737 2136 4804 speciem
2170 4739 2346 4791 homi-

781 4811 868 4864 nis
925 4805 1146 4877 ingenui
1201 4818 1417 4877 semper
1445 4820 1555 4877 pra:
1583 4818 1643 4857 se
1701 4805 1930 4877 ferrent,
1968 4806 2037 4859 ab
2089 4810 2339 4877 emptore

781 4875 1141 4949 (Theophilus
1195 4875 1376 4949 paulo
1406 4876 1612 4949 aliter“
1633 4887 1747 4926 rem
1777 4875 2033 4942 explicat.
2074 4875 2228 4949 _lnst.
2270 4878 2345 4931 De

776 4940 903 5016 jure
938 4940 1225 5017 personar.
1262 4940 1289 5012 ς
1329 4943 1380 4994 ot
1403 4942 1473 5017 δὲ-
1501 4941 1812 5017 δοῦλοιηθο-
1833 4940 2019 4998 sensu.
2066 4943 2187 5017 Ego
2220 4961 2343 5017 cum

784 5012 972 5085 aliquo
998 5014 1105 5083 egi,
1136 5021 1194 5085 ut
1224 5028 1311 5066 me
1340 5012 1599 5085 venderet
1626 5012 1838 5085 viginti
1870 5016 2107 5085 nummis
2125 5012 2181 5070 et
2241 5016 2343 5070 sibi

782 5081 1069 5158 pro—lucro
1093 5084 1335 5158 quinque
1389 5084 1633 5158 nuberet,
1668 5081 1985 5158 quindecim
2043 5086 2177 5158 milii
2217 5085 2344 5139 red-

785 5151 963 5223 deret)
991 5166 1199 5223 partem
1242 5151 1329 5205 sui
1360 5151 1560 5223 (ipsius
1591 5151 1795 5219 pretii,
1826 5152 2056 5221 ejusque
2115 5156 2343 5208 liberam

784 5221 1217 5296 perpetuamque
1231 5293 1237 5296 _
1270 5290 1282 5296 _
1304 5221 1835 5296 administrationem
1914 5224 2338 5296 stipulabantur.

787 5290 916 5365 hrg'.
942 5296 980 5347 l.
1003 5293 1062 5356 2,
1094 5290 1151 5345 il‘.
1186 5290 1541 5365 Si_ingenuus
1561 5293 1741 5365 ;_quod_
1754 5301 1942 5365 postea
1962 5292 2045 5365 vel
2070 5294 2342 5365 iniquum,

785 5360 1055 5418 mutatum
1089 5368 1175 5417 est
1198 5375 1227 5412 a
1250 5360 1429 5414 Leone
1456 5361 1558 5415 hac

785 5450 910 5488 cum
948 5444 1126 5485 tamen
1178 5433 1265 5485 sui
1318 5430 1491 5498 ipsius
1526 5429 1897 5501 venditionem
1956 5441 2151 5485 natura
2196 5448 2338 5501 quo-

784 5502 1078 5556 dammodo
1103 5509 1362 5569 respuat;
1397 5508 1453 5553 et
1504 5514 1695 5569 parum
1750 5499 2045 5554 admodum
2094 5499 2337 5567 intersit,

786 5582 1022 5627 mortem
1060 5572 1183 5640 quis
1214 5570 1317 5624 sibi
1349 5571 1648 5640 naturalem
1682 5569 1765 5623 vel
1797 5569 2011 5624 civilem
2038 5574 2338 5638 coneiscai,

786 5658 908 5696 cum
938 5638 1098 5696 nemo
1127 5643 1199 5695 sit
1226 5638 1597 5693 membrorum
1627 5653 1852 5691 suorum
1903 5639 2157 5695 dominus
2188 5643 2223 5693 I.
2250 5642 2334 5704 15,

789 5727 833 5766 s.
870 5712 950 5765 Ad
978 5713 1149 5782 legem
1182 5709 1361 5782 Aqui).
1398 5710 1542 5782 quod
1565 5780 1571 5782 _
1598 5709 1863 5782 hominis
1891 5709 2046 5764 liberi
2082 5712 2229 5782 nulla
2266 5713 2338 5764 sit

788 5778 1075 5838 aestimatio
1104 5784 1141 5836 l.
1172 5782 1267 5835 ult.
1297 5780 1353 5835 ll.
1417 5780 1492 5834 De
1522 5780 1607 5833 his
1663 5778 1754 5847 qui
1784 5780 2013 5849 dejccer.
2047 5781 2203 5845 Quod
2237 5782 2340 5833 ini-

1627 5361 1799 5414 ovella
1825 5377 1841 5427 ;
1890 5375 1999 5416 non
2040 5363 2309 5417 immerito
2329 5383 2341 5416 :

2448 4737 2853 4795 restitutionem
2915 4740 2980 4792 ad
3044 4754 3133 4793 res
3187 4752 3317 4793 suas
3350 4737 3640 4792 alienatas
3674 4740 4021 4792 revocandas

2445 4809 2699 4872 concedi,
2733 4824 2837 4863 nec
2886 4814 3070 4862 tamen
3120 4807 3188 4862 ad
3239 4807 3543 4862 libertatem
3602 4806 3862 4861 amissam
3922 4823 4022 4863 seu

2447 4879 2725 4933 venditam
2756 4877 3120 4932 revocandam
3151 4878 3294 4931 dari.

2519 4949 2631 5018 (82)
2659 4946 2769 5003 Lex
2799 4948 2855 5001 id
2882 4957 2977 5018 est
3011 4946 3229 5018 civibus
3262 4944 3407 5015 quod
3435 4954 3603 5018 pater
3623 4945 3869 5018 liberis;
3897 4948 4024 5003 ideo

2446 5014 2648 5100 dicitur
2680 5019 2766 5073 lex
2824 5015 3032 5080 πόλεως
3061 5014 3302 5086 συνθήκη
3360 5014 3539 5085 κοινή,
3592 5016 3630 5069 l.
3660 5014 3715 5081 2,
3747 5014 3803 5069 ιι.
3840 5015 3919 5072 De
3938 5021 4023 5074 le-

2657 5155 2833 5227 Hujus
2862 5155 3097 5212 Novella:
3126 5155 3376 5210 meminit
3400 5155 3688 5210 Balsamon
3719 5153 3787 5208 ad
3837 5170 3893 5209 c.
3924 5156 4021 5220 21,

2442 5226 2535 5289 22,
2561 5226 2652 5281 25.
2687 5226 2874 5297 Apost.

2518 5296 2630 5365 (84)
2657 5296 3011 5365 Castratores
3040 5297 3185 5352 enim
3220 5293 3287 5348 ad
3338 5292 3585 5365 eam‘dem
3635 5307 3882 5365 poenam;
3908 5295 4024 5348 adi-

2446 5362 2736 5435 gebantur.
2768 5364 2817 5420 J.
2846 5366 2970 5421 eod.
3014 5375 3072 5420 et
3129 5365 3342 5420 Novell.
3377 5363 3499 5427 142,
3540 5379 3595 5417 c.
3629 5362 3681 5416 l.
3724 5362 3886 5427 Quod
3921 5365 4025 5418 bac

2446 5436 2843 5505 constitutione
2890 5438 3209 5505 abrogatur.

2516 5505 2629 5573 (85)
2658 5504 2733 5559 De
2762 5499 3179 5565 castratoribns.
3221 5504 3358 5559 adde
3384 5503 3423 5573 ι,
3452 5502 3545 5573 27,
3596 5499 3741 5573 §28_.
3776 5499 3834 5553 θ’.
3861 5502 3942 5573 ad
3975 5504 4015 5559 l.

2446 5570 2787 5657 éq'uiILASLj
2822 5574 2894 5657 ἐς
2932 5575 2968 5628 Ι.
3000 5574 3056 5639 4,
3092 5574 3120 5645 §
3151 5576 3203 5643 1,
3234 5576 3272 5629 l.
3296 5573 3350 5631 6.
3384 5572 3439 5625 [Γ.
3465 5572 3539 5627 De
3575 5570 3828 5636 sucariis;
3859 5570 4021 5627 Paul.

2446 5643 2501 5707 5,
2530 5654 2672 5697 sent.
2700 5642 2791 5706 25⁷,
2822 5642 2849 5713 §
2885 5661 2939 5712 ι.
3098 5642 3115 5645 ’
3190 5642 3193 5643 ⁷

2517 5714 2628 5779 (86)
2653 5715 2947 5783 Δυνάμεως
2977 5712 3114 5783 πρὸς
3135 5712 3384 5782 διαδοχὴν
3422 5710 3514 5763 τοῦ
3542 5710 3733 5779 γένους
3759 5707 4020 5781 δύναμις,

2450 5783 2704 5837 natural.
2737 5783 2791 5845 9,
2825 5783 2879 5835 ll”.
2915 5781 2991 5838 De
3023 5781 3160 5838 lber.
3186 5792 3240 5839 et
3272 5781 3548 5853 posthum.
