4248 6442
226 441 335 506 557

1336 447 1698 509 NOVELLE
1740 446 2408 511 CONSTITUTIONES.

3378 440 3483 504 558

225 564 448 629 γένεσις
474 562 762 634 ἀνθρώπω
814 564 951 637 πρὸς
980 564 1097 636 φῶς
1147 564 1365 637 ἔρχεται
1411 566 1799 639 ἀποκείροντες
1824 566 1878 627 Α

1824 566 1878 627 Α
1902 581 2094 622 versus
2119 565 2418 636 generandi
2453 565 2561 620 vim
2590 565 2821 621 insidias
2846 568 3190 635 reputantes.
3238 559 3479 612 membra

226 652 558 723 ἀνθρώπους
586 653 652 716 ³¹,
716 654 906 725 ἕτερον
958 655 1117 709 αὐτοὶ
1170 657 1401 726 πλάσμα
1458 658 1557 710 καὶ
1581 651 1807 727 οὐχοῖον

225 741 375 798 οἶδεν
398 747 433 816 ή
472 744 568 799 τοῦ
592 745 839 800 Πλάστου
885 747 1046 817 σοφία
1083 747 1162 819 τῷ
1216 747 1407 819 κόσμῳ
1452 749 1811 817 παρεισάγειν

227 838 626 905 φιλονεικοῦσι.
706 838 879 893 Τοῦτο
932 836 1027 894 οὖν
1094 842 1257 911 ἡμεῖς
1351 842 1455 894 οὐκ
1513 840 1743 894 ἀνεκτὸν
1765 840 1811 872 ³³

226 930 517 999 ἡγούμεθα
535 932 807 1003 παριδεῖν,
856 931 993 986 ἀλλά
1016 932 1171 1004 νόμῳ
1208 932 1308 1003 τὴν
1333 933 1466 1003 περὶ
1496 931 1662 986 αὐτοῦ
1688 948 1811 985 ποι-

228 1019 330 1091 νὴν
356 1020 633 1091 ὁρίζοντες
667 1022 993 1094 πειρώμεθα
1042 1024 1142 1076 σὺν
1177 1023 1298 1094 Θεῷ
1332 1025 1434 1094 τῆς
1464 1024 1672 1094 τόλμης
1699 1024 1817 1076 ἐπι-

230 1114 388 1180 σχεῖν
418 1115 543 1174 τοὺς
571 1112 715 1168 οὕτω
755 1115 831 1185 μὴ
854 1114 1341 1184 διευλαϐουμένους
1363 1116 1441 1186 τῷ
1458 1114 1586 1186 θείῳ
1613 1115 1813 1185 λυμαία-

228 1204 424 1258 νεσθαι
475 1205 776 1275 πλάσματι.
822 1205 893 1260 Ἱι
954 1207 1054 1277 μὲν
1107 1205 1200 1260 οὖν
1252 1206 1362 1261 τῶν
1431 1207 1812 1278 προλαϐόντων

234 1297 551 1367 νομοθετῶν
588 1296 769 1366 ψῆφος
793 1296 839 1330 ³⁸
905 1300 1033 1360 τοὺς
1107 1297 1267 1352 τοῦτο
1318 1299 1637 1367 τολμῶντας
1730 1301 1812 1364 εἰς

227 1389 332 1460 τὴν
355 1390 528 1460 αὐτὴν
556 1390 997 1463 ἀντιπεριίστησι
1034 1390 1218 1461 λώϐην
1246 1392 1362 1454 τοῖς
1409 1390 1645 1445 παθοῦσι
1685 1391 1812 1454 τοὺς

228 1482 682 1553 λωϐησαμὲνους,
738 1486 835 1538 καλ⁵
864 1485 1003 1555 ὅπερ
1051 1486 1235 1548 αὐτοῖς
1270 1482 1606 1553 ἐπιθυμητὸν
1632 1481 1812 1549 ἔδοξεν

229 1576 289 1627 ὲν
326 1574 511 1639 ἄλλοις
546 1576 696 1643 ίδείν,
728 1574 888 1632 τοῦτο
931 1579 1027 1631 καὶ
1064 1580 1123 1631 ἐν
1160 1578 1378 1639 ἑαυτοῖς
1407 1577 1451 1609 ³³
1511 1577 1642 1646 ὀρᾷν
1688 1591 1814 1628 κατ-

235 1669 562 1740 επρᾶττετο,
594 1670 654 1724 ού
679 1670 799 1724 λίαν
831 1670 1021 1741 ἔμοιγε
1052 1670 1097 1702 ³⁸
1120 1670 1321 1733 ἀδίκως
1376 1670 1428 1721 εί
1463 1670 1558 1723 καὶ
1590 1668 1666 1739 μὴ
1690 1667 1811 1720 λίαν

231 1761 561 1831 πρεπόντως
586 1764 866 1834 ὁρίζουσα.
913 1763 1050 1817 Οὐδὲ
1105 1762 1212 1834 γὰρ
1252 1764 1334 1816 ὅτι
1374 1763 1578 1823 ἐκεῖνος
1606 1760 1812 1830 ἐτόλμα

228 1845 342 1903 οἷον
380 1850 907 1923 ἀντιπλαστουργεῖν
936 1852 1016 1923 τῷ
1064 1851 1207 1923 Θεῷ,
1265 1850 1355 1905 διὰ
1398 1850 1558 1904 τοῦτο
1602 1851 1697 1904 καὶ
1720 1849 1812 1903 τὸν

229 1940 555 1995 ἐκδικοῦντα
630 1944 921 2013 μιμεῖσθαι
966 1944 1062 1998 καὶ
1115 1943 1640 2012 ἀντιπλαστουργείν
1696 1941 1809 2010 ἔχει

229 2030 438 2095 καλῶς,
485 2031 624 2101 πλὴν
664 2033 799 2086 ἀλλά
843 2033 981 2103 πρός
1019 2048 1082 2099 γε
1114 2032 1215 2101 τὴν
1261 2031 1523 2085 ἀπόνοιαν
1560 2033 1622 2085 ού
1654 2031 1801 2096 λίαν,

227 2120 422 2193 ὥσπερ
451 2120 612 2191 ἔφην,
652 2123 879 2177 ἄτοπον.
938 2122 1063 2176 Ἐπὶ
1077 2120 1250 2192 τούτῳ
1289 2122 1347 2174 δὲ
1376 2122 1468 2175 καὶ
1502 2122 1676 2184 ἄλλως
1702 2123 1810 2173 ὲτι-

230 2215 469 2281 μωρεῖτο
490 2213 617 2275 τοὺς
645 2214 863 2267 ἀνόσιον
919 2213 1084 2283 ἔργον
1104 2212 1441 2282 τολμῶντας·
1481 2214 1552 2268 τά
1606 2229 1666 2264 τε
1696 2211 1807 2281 γὰρ

227 2305 507 2375 προσόντα
536 2304 851 2375 ὲδημοσίου,
898 2306 997 2359 καὶ
1050 2306 1207 2374 ἀϊδίῳ
1247 2308 1395 2373 φυγῇ
1454 2303 1806 2369 κατεδίκαζε,

228 2397 324 2447 καὶ
370 2394 463 2446 τὸν
492 2395 799 2454 ὑποστάντα
849 2396 951 2464 τὴν
1006 2395 1222 2450 ἀδικίαν
1249 2396 1435 2449 δοῦλον
1486 2396 1618 2449 ὄντα
1659 2394 1809 2448 ὲλευ·

228 2486 390 2557 θερίᾳ
413 2485 599 2557 ἐτίμα.
667 2487 737 2540 Ἦ
795 2488 895 2557 μιν
915 2486 1009 2541 οὖν
1052 2487 1162 2541 τῶν
1210 2486 1594 2557 προλαϐόντων
1652 2503 1811 2555 νομο-

228 2579 385 2632 θεσία
411 2578 655 2649 τοιαύτη,
709 2580 871 2650 ἡμεῖς
898 2580 953 2634 δὲ
972 2580 1101 2650 περὶ
1135 2580 1228 2633 τοῦ
1262 2579 1587 2648 πράγματος
1628 2577 1811 2645 ψῆφον

226 2670 560 2737 ἐξάγοντες,
607 2670 670 2723 τὸ
717 2672 819 2739 μὲν
868 2669 1272 2725 ἀντιλωϐἄσθαι
1315 2669 1441 2731 τοὺς
1477 2668 1801 2732 ἐπιϐούλους

226 2761 327 2829 τῆς
360 2761 579 2829 φύσεως
628 2760 998 2833 παραπλησίῳ
1028 2760 1176 2831 λώϐῃ
1219 2758 1658 2830 ἀπαγορεύομεν,
1686 2761 1801 2823 τοῖς

226 2852 273 2905 δ’
317 2852 502 2915 ἄλλοις
560 2851 648 2905 ἐπ’
698 2852 847 2923 αύτῷ
887 2853 1235 2924 ὡρισμένοις,
1282 2854 1333 2904 εί
1385 2853 1478 2903 καὶ
1527 2851 1807 2905 κάνταῦθα

228 2941 368 3014 πρὸς
393 2942 454 2996 τὸ
475 2943 985 3014 φιλανθρωπότερον
1008 2945 1041 3013 ἠ
1059 2943 1182 3012 δίκη
1198 2944 1323 3014 δρᾷ,
1350 2942 1464 2997 ἀλλ’
1479 2937 1573 2997 οὖν
1588 2943 1811 2996 ὑποκεῖ-

231 3034 357 3086 σθαι
383 3033 584 3096 αὐτοὺς
610 3032 708 3086 οὐκ
732 3032 1040 3104 ἀπαρέσκει
1074 3033 1141 3087 ³⁷.

302 3216 651 3288 θεσπίζομεν
679 3214 794 3282 οὖν,
829 3215 1045 3287 πρῶτον
1100 3217 1200 3287 μὲν
1231 3215 1324 3269 τὸν
1361 3213 1784 3287 προσκαλεσάμε

228 3326 320 3363 νον
350 3308 440 3361 τὸν
474 3308 804 3379 ἐνεργοῦντα
838 3309 936 3377 τὴν
974 3307 1349 3377 κατοτεχνίαν,
1376 3306 1463 3377 ἐφ’
1496 3301 1543 3375 ᾧ
1578 3306 1809 3379 ἐνεργῆ-

229 3416 323 3453 σαι
354 3399 423 3465 ³⁸,
480 3400 531 3452 εί
564 3399 662 3469 μὲν
693 3400 738 3431 ³¹
767 3399 846 3469 τῷ
896 3398 1186 3469 καταλόγῳ
1231 3399 1342 3451 τῶν
1377 3397 1663 3467 βασιλείων
1709 3400 1808 3453 ἀν-

228 3489 469 3560 θρώπων
517 3491 681 3550 τελεῖ.
726 3491 1093 3543 ἑκκὸπτεσθαι
1124 3490 1225 3542 ’τοῦ
1263 3490 1588 3558 καταλόγου,
1616 3489 1810 3545 ἔπειτα

227 3580 287 3634 δὲ
314 3581 409 3634 καὶ
469 3581 602 3635 δέκα
636 3581 834 3651 λιτρῶο.⁸
864 3584 1086 3651 χρυσίου
1124 3584 1202 3645 είς
1229 3581 1291 3635 τὸ
1318 3581 1580 3652 δημόσιον
1602 3582 1811 3651 ἀναφε-

231 3673 477 3743 ρομένων
502 3675 706 3742 ζημίαν
731 3674 952 3744 ὑπέχειν
983 3676 1077 3727 καὶ
1112 3674 1275 3743 μέχρι
1304 3672 1434 3726 δέκα
1462 3672 1599 3726 ἑτῶν
1639 3672 1808 3743 ὕπερ-

224 3762 379 3831 όριον
404 3761 503 3826 τῆς
527 3761 784 3833 πατρίδος
809 3762 1079 3830 γενεσθαι,
1104 3763 1196 3815 τθιν
1227 3760 1282 3814 δὲ
1316 3761 1416 3831 τῆς
1454 3762 1813 3832 κακοτεχνίας

225 3850 471 3919 ἐργάτην
504 3868 599 3903 και
639 3851 804 3905 αὐτὸν
842 3851 1059 3920 πρῶτον
1104 3852 1203 3921 μὲν
1231 3851 1457 3920 μάστιξι
1484 3853 1606 3914 ταῖς
1644 3852 1724 3914 είς
1753 3851 1814 3904 τδ

226 3939 393 4009 σῶμα
432 3940 520 3993 καὶ
570 3941 629 3993 εν
672 3942 792 4012 χρῷ
838 3940 1065 4011 κουρείᾳ
1101 3940 1491 4010 ἀτιμάζεσθαι,
1524 3939 1716 3993 ἔπειτα
1757 3940 1813 3993 δὲ

226 4036 325 4084 καὶ
344 4030 455 4084 τῶν
489 4031 658 4086 ὄντων
684 4031 1105 4103 ἀποστερεῖσθαι
1136 4032 1228 4084 καὶ
1261 4032 1363 4101 ἴσῳ
1394 4029 1588 4100 καιροῦ
1629 4031 1814 4101 μέτρῳ

224 4123 333 4191 τῆς
371 4124 705 4194 ἐνεγκούσης
763 4124 1012 4193 φεύγειν.
1078 4123 1137 4177 '0
1178 4123 1235 4176 δὲ
1283 4124 1383 4193 τὴν
1427 4123 1642 4176 ἀδικίαν
1675 4124 1809 4176 ὑπο-

235 4215 396 4273 στὰς.
421 4214 472 4266 εί
506 4214 605 4279 μὲν
660 4214 770 4267 τῶν
820 4215 927 4269 ὕπὸ
955 4214 1198 4268 δουλείαν
1229 4213 1528 4268 τελούντων
1572 4214 1681 4285 είη,
1715 4213 1808 4267 τὸν

228 4304 403 4359 ὑπόλο
427 4323 527 4361 πον
569 4308 760 4378 χρόνον
806 4307 909 4378 τῆς
947 4307 1114 4362 αὐτοῦ
1159 4306 1308 4378 ζωῆς
1344 4307 1595 4378 δουλικῆς
1640 4305 1810 4378 τύχης

1839 1903 1887 1962 Β

1912 673 2034 728 qua-
2072 658 2280 711 homini
2322 656 2582 712 nascendi
2612 672 2837 711 causam
2897 653 3272 726 suppeditant,
3308 649 3484 702 lanci-

1912 758 2064 815 nent,
2098 756 2151 804 et
2176 758 2483 804 creaturam
2528 748 2691 803 aliam
2726 763 2888 816 quam
2940 748 3121 818 qualis
3152 741 3483 800 Conditoris

1912 842 2193 912 sapientiae
2223 841 2509 908 placuerit,
2545 841 2599 896 in
2635 838 2900 894 mundum
2964 838 3320 893 introducere
3358 847 3487 886 con-

1912 932 2160 987 tendant.
2219 928 2335 985 Hoc
2380 929 2545 999 igitur
2600 942 2729 983 cum
2772 927 3007 981 inultum
3056 921 3482 993 relinquendum

1913 1040 2021 1077 non
2070 1032 2348 1092 putemus,
2404 1019 2521 1091 lege
2570 1018 2623 1072 in
2687 1018 2740 1072 id
2778 1030 2996 1087 poenam
3057 1014 3483 1071 constituentes,

1912 1113 2113 1183 quibus
2145 1112 2280 1166 adeo
2306 1109 2549 1164 divinam
2578 1118 2888 1161 creaturam
2914 1105 3234 1162 deformare
3292 1102 3485 1170 religio

1913 1222 2024 1261 non
2062 1214 2166 1268 est,
2211 1218 2402 1258 eorum
2436 1199 2751 1263 audaciam,
2799 1198 3099 1252 auxiliante
3138 1193 3272 1259 Deo,
3312 1193 3489 1261 repri-

1912 1313 2064 1355 mere
2091 1310 2376 1359 conemur,
2406 1309 2471 1349 ac
2526 1292 2875 1363 superiorum
2929 1290 3155 1359 quidem
3204 1286 3490 1356 legislato-

1913 1386 2033 1447 rum
2066 1390 2352 1445 decretum
2373 1402 2468 1442 eos
2511 1384 2603 1456 qui
2628 1385 2681 1440 id
2706 1383 2971 1437 auderent
2992 1380 3060 1435 ad
3086 1380 3200 1449 (87)
3235 1377 3485 1432 eamdem

1914 1482 2311 1538 mutilationem
2334 1493 2500 1550 quam
2537 1479 2659 1533 aliis
2706 1476 3001 1531 intulerint
3026 1471 3216 1541 adigit,
3232 1470 3489 1540 quodque

1914 1575 2019 1646 ipsi
2055 1576 2107 1628 in
2138 1574 2262 1629 aliis
2285 1572 2472 1627 videre
2499 1569 2885 1632 desiderarint,
2913 1566 2967 1621 id
3026 1572 3084 1619 ut
3118 1563 3306 1617 itidem
3338 1562 3389 1615 in
3424 1575 3485 1615 se

1913 1668 2158 1727 videant,
2199 1665 2449 1730 conficit;
2480 1662 2646 1729 idque
2668 1676 2755 1716 me
2778 1660 2983 1730 judice.
3021 1671 3135 1712 non
3178 1657 3252 1709 ita
3281 1663 3480 1723 pneter

1913 1758 2610 1827 mquitatem;quanquam
2681 1766 2791 1807 non
2850 1751 3008 1805 valde
3064 1750 3289 1804 decore.
3361 1743 3481 1798 Non

1913 1852 2058 1906 enim
2089 1849 2219 1920 quia
2260 1848 2351 1903 ille
2381 1856 2693 1901 creaturam
2717 1843 2808 1900 Dei
2837 1842 2992 1913 quasi
3031 1841 3297 1908 reﬁngere
3321 1852 3491 1893 ausus

1918 1955 2000 2001 est
2025 1946 2287 1998 continuo
2309 1940 2581 1995 vindicem
2613 1939 2664 1993 id
2690 1936 2915 2000 imitari,
2947 1943 3003 1992 et
3023 1934 3233 2007 pariter
3263 1932 3374 2002 (88)
3406 1946 3493 1985 re-

1919 2035 2404 2102 ﬁngere,'a:quttni
2460 2039 2567 2085 est.
2637 2026 3047 2092 Verumtamen,
3102 2032 3371 2093 quantum
3421 2019 3488 2075 ad

1921 2128 2201 2179 inventum
2234 2123 2448 2184 attinet,
2484 2136 2593 2173 non
2625 2118 2785 2172 valde
2830 2115 3316 2186 (quemadmodum
3354 2109 3494 2183 dixi)

1920 2218 1973 2273 id
1995 2218 2236 2272 alienum
2268 2222 2376 2268 est.
2408 2211 2486 2265 Ad
2532 2213 2637 2266 hoc
2696 2217 2879 2263 autem
2927 2206 3039 2261 alio
3090 2206 3254 2261 etiam
3307 2204 3491 2263 modo.

1916 2309 2009 2380 qui
2042 2307 2270 2376 impiutn
2319 2303 2425 2357 hoc
2454 2301 2658 2356 factum
2692 2299 2983 2361 auderent,
3023 2295 3313 2366 puniebat.
3345 2294 3494 2348 Bona

1915 2413 2152 2469 namque
2175 2393 2517 2467 publicabat,
2544 2401 2916 2461 perpetuoque
2946 2390 3100 2460 ipsos
3113 2388 3308 2443 exsilio
3338 2387 3493 2457 adju-

1916 2490 2173 2553 dieabat;
2204 2498 2260 2542 et
2295 2487 2390 2560 qui
2424 2485 2685 2555 injuriam
2753 2482 3137 2545 sustinuisset,
3189 2479 3237 2531 si
3296 2491 3492 2532 servus

1917 2592 2084 2647 esset,
2111 2582 2360 2637 libertate
2387 2578 2694 2634 honorabat
2720 2574 2862 2646 (89).
2900 2576 3079 2643 Atque
3144 2569 3493 2641 superiorum

1917 2674 2140 2745 quidem
2163 2671 2443 2727 decretum
2466 2666 2779 2725 istiusmodi
2811 2672 2955 2722 erat.
3005 2663 3117 2719 Nos
3150 2677 3284 2718 vero
3316 2662 3384 2714 de
3434 2676 3494 2713 re

1918 2765 2009 2819 illa
2047 2761 2378 2819 sententiam
2414 2760 2855 2831 pronuntiantes,
2882 2763 3105 2810 natura:
3135 2752 3495 2808 insidiatores

1915 2854 2083 2911 simili
2130 2852 2479 2908 mutilatione
2518 2847 2764 2905 vicissim
2807 2844 3046 2902 mutilari
3104 2842 3494 2914 prohibemus:

1916 2943 2043 2999 aliis
2072 2950 2257 2997 autem
2280 2940 2373 2997 isti
2398 2937 2617 2995 crimini
2643 2934 2970 2992 constitutis
3013 2932 3217 3005 pannis,
3248 2930 3490 3002 (tametsi

1916 3035 2010 3091 bic
2034 3034 2200 3089 etiam
2251 3032 2321 3088 ad
2375 3032 2793 3087 clementiorem
2842 3028 3176 3085 sententiam
3230 3026 3498 3097 respicia-

1916 3127 2061 3196 mus)
2092 3125 2382 3195 subjacere
2402 3124 2553 3194 ipsos
2590 3137 2699 3179 non
2728 3121 2999 3191 displicet.

1989 3217 2281 3274 Sancimus
2313 3215 2516 3285 itaque,
2548 3222 2608 3269 ut
2657 3213 2749 3284 qui
2780 3210 3109 3268 detestanda
3155 3209 3324 3281 hujus
3355 3209 3494 3264 artis

1915 3308 2183 3363 artiliccm
2240 3306 2308 3362 ad
2360 3303 2711 3362 castrandum
2762 3303 3086 3367 advocarit,
3149 3302 3195 3358 si
3260 3302 3316 3357 in
3373 3302 3497 3355 albo

1915 3399 2258 3471 imperatorii
2331 3397 2629 3454 famulatus
2704 3398 2816 3464 sit,
2886 3397 3123 3468 primum
3185 3394 3311 3449 albo
3378 3394 3492 3448 exi-

1912 3499 2131 3557 matur;
2189 3505 2254 3545 ac
2291 3489 2489 3545 deinde
2549 3488 2748 3544 deinde
2788 3488 2976 3543 decem
3036 3487 3157 3540 auri
3224 3485 3381 3540 libris
3439 3486 3492 3537 in

1915 3582 2108 3638 fiscum
2133 3580 2448 3637 dcicrcudis
2480 3580 2747 3636 multatus
2773 3581 2827 3634 in
2850 3580 3177 3635 decennium
3199 3579 3490 3645 relegetur.

1916 3670 2069 3727 Mala:
2129 3686 2256 3726 vero
2295 3671 2456 3727 istius
2508 3671 2644 3728 artis
2699 3671 2938 3736 artifex,
2998 3678 3053 3723 et
3098 3670 3213 3739 ipse
3259 3668 3492 3738 primum

1910 3761 2097 3832 ﬂagris
2152 3772 2387 3832 cuteque
2448 3770 2611 3819 tenus
2685 3754 3367 3823 tonsione‘dcformetur,
3443 3770 3493 3812 et

1909 3852 2104 3907 deinde
2128 3851 2288 3907 bonis
2319 3853 2587 3921 privatus,
2635 3853 2830 3909 eodem
2874 3851 3139 3921 temporis
3166 3852 3343 3920 spatio
3378 3865 3477 3919 pa-

1912 3944 2014 4000 tria
2037 3945 2249 3999 exsulet
2277 3943 2519 4013 (90-93);
2554 3945 2646 4013 qui
2680 3954 2863 4000 autem
2902 3946 3161 4015 iniuriam
3208 3943 3493 4004 sustinuit,

1912 4033 1957 4087 si
1983 4034 2197 4089 servilis
2222 4034 2562 4090 conditionis
2585 4035 2659 4091 sit
2680 4036 2893 4107 reliquo
2931 4036 3054 4090 vitae
3076 4049 3189 4091 suae
3211 4032 3490 4088 curriculo

1916 4124 1984 4177 ab
2014 4124 2102 4177 illa
2129 4125 2265 4179 liber
2293 4126 2435 4191 erit;
2481 4125 2570 4180 sin
2603 4126 2811 4190 liberae,
2856 4138 3122 4197 tanquam
3168 4126 3308 4196 ipse,
3343 4124 3491 4194 quod

1917 4214 2175 4283 iniuriam
2210 4204 2463 4280 admisit,
2483 4216 2605 4288 ejus
2639 4218 2745 4274 sibi
2773 4229 2966 4274 auctor
2996 4218 3089 4281 sit,
3112 4217 3259 4288 quod
3296 4232 3492 4286 passus

1916 4316 2020 4374 est,
2048 4323 2152 4363 suo
2182 4310 2482 4365 consensui
2525 4316 2810 4380 acceptum
2844 4307 2983 4365 feret
3017 4308 3157 4380 (94).
3218 4307 3492 4364 Cmterum
3520 4292 3523 4295 “

1500 4447 1741 4505 ἾΑΒΙΕ
1777 4448 2076 4506 LECTION
2085 4450 2193 4508 ES.

302 4584 349 4617 ι’
372 4582 555 4639 Malim
584 4583 914 4653 ἀνθρώποις.
1014 4586 1060 4617 ιι
1085 4584 1258 4640 mea.

234 4656 279 4687 ³³
313 4654 549 4719 St-rimg.
591 4656 794 4718 αὐτοῖς.

230 4725 415 4796 γήσει.
490 4723 537 4756 ³⁸
561 4722 785 4780 Lacuna
822 4725 912 4780 hic
939 4722 1166 4783 es't'sive
1193 4722 1331 4795 legis
1366 4726 1481 4781 sive
1506 4724 1799 4782 Codicum.

1304 4585 1550 4661 ὴνεκτόν.
1607 4584 1889 4661 §teph.uct
1911 4585 2081 4661 ⁸Λεγι.
2114 4589 2489 4661 ἀνεκδίκητον.

884 4604 914 4646 ῖ.
1014 4604 1060 4617 ··
1085 4604 1258 4640 noua.
1304 4604 1550 4656 ηνεκτον.
1607 4604 1803 4657 διειιιι.
1833 4604 1889 4642 et
1924 4604 2003 4658 ag

884 4655 1094 4737 "Agyl:
1123 4656 1547 4737 ειιρριειδοκεῖνλ
1606 4656 1657 4737 ξιτ
1682 4656 1849 4713 Basil.
1872 4658 1933 4711 οὐ
1955 4604 2037 4712 πά

2587 4589 2949 4647 “Justiniani
2998 4590 3131 4649 Nov.
3183 4591 3308 4657 142,
3349 4608 3401 4647 c.
3439 4596 3490 4648 l.

2035 4676 2096 4711 νυ
2133 4675 2190 4712 τι
2213 4660 2663 4733 ἀπαρεσκόμεθα.
2736 4662 2782 4695 ³⁸
2810 4661 2888 4717 Ita
2918 4661 3085 4718 Basil.
3107 4664 3269 4734 vulgo
3292 4680 3307 4717 :
3335 4664 3491 4735 ἐνερ-

1781 4867 2016 4925 NOTIE.

304 4979 421 5047 (87)
446 4979 506 5034 id
532 4989 635 5040 est,
665 4980 731 5033 ad
759 4978 1007 5034 eamdem
1043 4982 1459 5037 castrationem.

303 5051 421 5137 (ξε)
444 5050 1098 5137 Τσξοιιξιιῄοξξιρφιιοκιιι
1127 5054 1231 5106 tale
1253 5054 1351 5137 qui
1381 5053 1619 5137 patiatur
1649 5055 1797 5137 quod

233 5118 1114 5193 fecit,dell'aliouisjmnadixt
1143 5118 1344 5193 'tnultis
1383 5118 1546 5185 locis,
1595 5118 1800 5193 quibus

231 5192 477 5263 adiunge
502 5189 637 5263 Nov.
663 5189 754 5252 95,
782 5186 832 5244 J.
869 5192 921 5263 l._
940 5192 1040 5263 ult.
1066 5190 1200 5263 God.
1234 5208 1303 5263 ne
1329 5207 1483 5249 sane.
1541 5186 1799 5263 baptism.

232 5263 270 5315 ἰ.
302 5259 501 5313 ungc.
532 5261 607 5313 De
629 5268 871 5313 accusat.
910 5260 947 5313 Ι.
980 5261 1080 5314 ιιΙι.
1110 5259 1176 5314 C.
1233 5259 1307 5315 De
1358 5259 1799 5318 calumniatorib.

236 5333 276 5404 l.
311 5330 444 5389 7.C.
465 5330 596 5404 ad].
618 5327 831 5404 Ju_l._De
851 5330 903 5404 vi
926 5330 1145 5404 publica
1164 5373 1177 5395 ,
1212 5332 1248 5385 l.
1275 5333 1373 5404 ult.
1402 5331 1465 5385 ϐ.
1500 5331 1684 5404 Deliis
1708 5336 1802 5404 qui

236 5397 652 5455 latrones.Nov.
676 5398 863 5457 125m.
882 5399 905 5451 1
924 5397 967 5453 1.
991 5399 1159 5453 Exod.
1181 5416 1295 5461 xxi,
1322 5401 1450 5454 Lev.
1471 5417 1618 5467 xxiv,
1645 5397 1803 5459 Deut.

237 5485 357 5543 xix1
375 5467 565 5543 Μιιιι-ΙιΣ
586 5483 639 5531 v,
662 5469 884 5543 Apocai.
907 5484 1036 5543 xml
1059 5486 1110 5543 c._
1143 5471 1286 5543 quod
1310 5472 1537 5543 debetur
1564 5472 1646 5537 14,
1668 5489 1722 5543 q.
1749 5475 1803 5538 1,

236 5556 289 5594 c.
324 5539 432 5592 Sex
463 5536 900 5607 dilferentiaziﬂ,
924 5554 979 5607 q.
1006 5539 1058 5599 .7,
1086 5536 1211 5595 4.1.
1251 5540 1304 5601 5,
1339 5541 1413 5595 De
1454 5536 1806 5599 contumeliis

237 5621 297 5663 et
337 5608 687 5679 vulneribus
715 5606 1254 5679 l.A6,_C.7Wisigmt.
1302 5611 1402 5664 lib.
1439 5627 1520 5674 γι,
1572 5614 1800 5677 Quintil.

236 5678 379 5751 decl.
409 5677 535 5751 558.
588 5677 715 5740 275,
748 5675 1038 5751 ls_i_dor._5,
1066 5675 1409 5751 Efyiiiol.9.7,
1460 5675 1679 5751 liiodbr.
1715 5684 1801 5747 15,

235 5747 563 5802 Aristoteles
587 5755 767 5801 tamen
791 5747 845 5808 5,
885 5748 1065 5801 Ethic.
1097 5747 1156 5802 ut
1202 5760 1258 5801 et
1278 5750 1418 5815 apud
1454 5749 1688 5806 Gellium
1710 5754 1802 5815 ‘20,

238 5833 290 5870 ιτ.
330 5818 382 5880 1,
413 5815 475 5868 τὸ
504 5816 901 5886 ἀντιπέπονθεν
922 5818 1195 5886 reprobat.
1236 5816 1342 5872 Nec
1380 5830 1463 5872 cst
1490 5823 1655 5874 etiam
1691 5825 1793 5876 ltu-

237 5887 327 5942 die
360 5888 415 5941 in
454 5900 579 5953 usu,
611 5885 718 5939 vid.
748 5883 866 5942 Pet.
899 5883 1061 5958 ϐιὸς.
1096 5888 1186 5954 51,
1222 5897 1489 5958 syntagm.
1533 5891 1623 5945 9.0.

1826 4988 1882 5049 D
1982 4986 2093 5055 (89)
2119 4985 2181 5040 D.
2247 4984 2381 5039 Nov.
2436 4984 2589 5055 “2._
2621 4983 2727 5055 Qui
2760 4983 3235 5055 _publieabantur,
3290 4985 3480 5053 idest,

1915 5052 2119 5127 publici
2151 5054 2354 5127 ﬂebant
2378 5055 2433 5127 _l_.
2463 5055 2515 5119 1,
2551 5053 2615 5127 G.
2651 5054 2725 5109 De
2760 5052 3063 5127 Eunuchis.

1971 5126 2171 5195 (90-95)
2202 5125 2342 5191 Lege
2377 5124 2764 5195 liipuariorum
2805 5124 2851 5195 si
2890 5124 3164 5195 ingenuus
3187 5122 3485 5195 ingenuum

1901 5191 2218 5255 castrasset.
2253 5195 2378 5261 300,
2406 5191 2599 5251 solidis
2628 5191 2969 5248 multabatur
2992 5194 3077 5248 tit.
3106 5191 3160 5256 ϐ,
3194 5192 3222 5262 §
3254 5195 3304 5259 1,
3332 5192 3488 5265 Legis-

1907 5264 2325 5318 Rinuariorum.

1960 5280 2325 5319 ιιιιιίιῑιοτιιιη.

2000 5335 2094 5395 94)
2125 5334 2311 5389 Ρωιιίε
2335 5341 2515 5386 tamen
2546 5331 2943 5386 ecclesiasticis
2984 5329 3301 5399 subjicitur,
3366 5349 3488 5386 nam

1909 5404 1956 5459 si
1983 5402 2226 5459 seiosttm
2252 5402 2523 5457 mutilavit
2547 5417 2614 5455 nc
2637 5402 2791 5456 tieret
2820 5403 3057 5455 clericus
3090 5410 3149 5453 ut
3175 5402 3261 5452 sui
3297 5402 3485 5455 homi-

1907 5473 2028 5528 cida
2060 5470 2282 5543 Deoque
2311 5470 2495 5543 opilici
2522 5471 2699 5543 hostis
2748 5472 3039 5543 judi_catn_r
3066 5486 3120 5543 c._
3171 5470 3475 5543 22,_atiost.

1909 5543 1956 5597 si
1980 5543 2094 5612 jam
2117 5539 2377 5605 clericus,
2410 5540 2725 5611 deponitur,
2753 5539 2837 5612 c._
2858 5541 2950 5595 25.
2983 5539 3122 5605 Quid
3181 5540 3227 5612 si
3256 5539 3489 5612 laicus?

1909 5609 2093 5667 tribus
2124 5613 2285 5665 annis
2314 5609 2661 5681 segregatum
2696 5626 2749 5663 c.
2774 5610 2867 5673 ‘24,
2895 5612 3039 5663 ibid.
3077 5624 3185 5663 non
3216 5609 3358 5663 idem
3400 5622 3487 5661 est

1908 5682 1963 5735 in
2008 5698 2073 5736 eo
2102 5684 2194 5750 qui
2230 5683 2279 5734 vi
2306 5680 2549 5735 hostium
2583 5682 2665 5734 vel
2694 5696 2725 5734 a
2776 5690 3011 5750 tyranno
3074 5680 3485 5747 persecutionis

1908 5761 2458 5856 transpone‘fa'stratus
2483 5759 2590 5816 est,
2623 5759 2718 5804 aut
2744 5752 2837 5821 qui
2865 5761 3026 5804 natus
3068 5756 3154 5805 est
3190 5751 3485 5805 cuum-bus

1912 5824 2072 5887 v.21,
2105 5832 2284 5891 apost.
