4248 6442
753 397 854 455 559

2009 402 2282 462 LEONIS
2327 403 2778 464 PHILOSOPHI

3897 407 4011 475 560

753 503 909 572 siqui
936 504 1274 559 exactionem
1330 504 1616 570 sustinuit,
1671 519 1735 560 ea
1793 505 1869 560 illi
1929 507 2014 578 (ut
2061 525 2206 580 stepe
2242 509 2430 578 lit)Ai

2347 513 2400 573 Α
2424 513 2662 582 ἀμείνων
2688 512 2860 564 ἔσται’
2906 510 2955 563 εἰ
2985 510 3040 563 δὲ
3086 512 3194 564 τῶν
3231 511 3531 581 ἐλευθέρων
3557 511 3889 582 προσώπων,
3923 517 4005 578 ὡς

755 595 1057 649 remedium
1087 595 1328 648 attulerit
1347 595 1481 666 (95),
1503 596 1638 650 nihil
1658 611 1831 666 neque
1849 598 2007 653 nobis
2025 614 2204 669 neque
2217 600 2322 670 legi

758 686 1036 741 adversari
1067 686 1304 740 videtur.
1332 687 1391 741 Id
1427 690 1572 743 enim
1595 696 1849 744 naturam
1880 705 1992 746 non
2031 692 2312 756 mutilare,

762 777 857 832 sed
887 776 965 830 illi
999 791 1322 833 succurrere
1349 784 1456 834 est.

2431 602 2592 662 αὐτὸς
2621 601 2800 672 ἐαυτῷ
2836 601 2904 654 δι’
2934 595 3011 652 ὧν
3055 602 3380 668 κατεδέξατο
3411 603 3513 654 οὑκ
3549 602 3624 656 ὣν
3656 603 3758 673 τῆς
3789 605 4010 668 ἀδικίας

2430 691 2691 758 ἀναίτιος,
2718 693 2816 762 τῆς
2860 691 2906 724 ⁸⁸
2930 691 3137 755 οἰκείας
3183 692 3409 763 γνώμης
3448 694 3584 763 ὅπερ
3631 695 3800 748 ἔπαθε
3847 693 4012 749 τοῦτο

2431 782 2706 853 κερδήσει.
2734 784 2796 836 Εί
2831 783 3081 854 μέντοιγε
3110 780 3219 855 (οἷα
3250 784 3422 838 πολλά
3451 784 3764 855 συμϐαίνει)
3799 786 4009 856 βλάϐην

760 867 1090 930 ὑποστάντος
1135 867 1229 921 τοῦ
1287 868 1425 932 ζώου
1477 869 1586 941 δίή
1636 869 1842 942 ἐκτομὴ
1892 871 1990 943 τὴν
2035 872 2332 942 θεραπείαν
2368 874 2544 946 φέρει,
2574 875 2732 929 τοῦτο
2783 874 2899 929 οὗθ’
2949 877 3105 947 ἡμῖν,
3173 875 3299 931 οὔτε
3346 875 3425 948 τῷ
3489 876 3638 948 νόμῳ
3687 878 4014 932 ὑπεναντίον

759 957 923 1011 δοκεῖ·
952 959 1011 1028 οὑ
1041 960 1149 1032 γάρ
1174 959 1347 1030 λώϐη,
1377 961 1513 1015 ἀλλὰ
1541 962 1765 1032 βοήθεια
1789 963 1884 1018 τοῦ
1913 964 2230 1036 πλάσματος
2260 967 2322 1022 τὸ
2361 966 2595 1039 πρᾶγμά
2619 968 2763 1022 ἐστι.

1213 1051 1680 1109 CONSTITUTIO
1736 1054 1872 1109 LXI.

758 1140 1098 1220 Tributorunt
1128 1154 1421 1209 exactores,
1451 1146 1658 1220 siplus
1685 1147 2101 1220 quamdebeant
2143 1165 2327 1220 euge.

1045 1216 1175 1280 rint,
1200 1233 1301 1284 qua
1320 1231 1472 1283 poma
1495 1216 1608 1288 (96)
1639 1216 1891 1284 afﬁciendi
1917 1220 2047 1272 sint.

826 1299 974 1358 ldcm
1005 1304 1303 1374 imperator
1339 1304 1515 1361 eidem
1557 1305 1824 1376 Styliano.

830 1396 888 1448 Si
913 1403 1116 1449 rectam
1166 1395 1438 1464 aequitatis
1502 1395 1753 1451 semitam
1809 1399 2068 1453 mortales
2118 1397 2330 1470 ingredi

756 1485 978 1548 vellent,
1001 1501 1133 1541 sane
1161 1501 1324 1557 quam
1354 1500 1547 1557 magna
1577 1486 1704 1542 hinc
1755 1489 2030 1543 communi
2068 1489 2192 1542 vitae
2217 1499 2330 1543 tum

756 1575 1058 1642 beatitudo,
1091 1583 1208 1632 tum
1241 1577 1391 1632 salus
1419 1577 1726 1632 accederet.
1762 1577 1878 1632 Non
1901 1579 2044 1633 enim
2087 1580 2326 1634 austeri-

756 1672 923 1719 tatem
946 1679 1057 1735 prte
1086 1681 1144 1721 se
1176 1666 1320 1722 ferre
1349 1666 1757 1737 legislatoribus
1791 1683 1932 1737 opus
1961 1678 2128 1735 esset,
2161 1683 2338 1738 neque

2997 1058 3310 1114 ΔΙΑΤΑΞΙΣ
3335 1055 3461 1114 ΞΜ.

2435 1147 2576 1219 Περὶ
2604 1149 2849 1218 τοῦξπῶς
2863 1149 2959 1202 δεῖ
2977 1151 3324 1217 ζημιοῦσθαι
3339 1151 3482 1220 τοὺς
3502 1150 3806 1219 διοικητὰς
3824 1153 4013 1220 ὑπερο

2897 1220 3280 1286 εκτείνοντας
3308 1221 3381 1273 τὰ
3409 1219 3578 1287 τέλη.

2516 1311 2578 1365 ’0
2606 1309 2767 1374 αὐτὸς
2803 1310 3055 1381 βασιλεὺς
3083 1312 3359 1381 Στυλιανῷ
3390 1312 3469 1382 τῷ
3514 1312 3689 1382 αὑτῷ.

2514 1404 2602 1466 Ὠς
2643 1399 2714 1474 ἦν
2750 1404 3018 1475 μακάριον
3056 1404 3151 1456 καὶ
3182 1404 3261 1472 τῷ
3321 1403 3421 1474 βίῳ
3470 1404 3736 1473 σωτήριον
3782 1403 3883 1472 τὴν
3921 1403 4016 1456 εὑ-

2432 1495 2580 1547 θεῖαν
2605 1495 2698 1548 τοῦ
2730 1496 2938 1549 δικαίου
2972 1494 3160 1564 τρίόον
3193 1493 3481 1562 βούλεσθαι
3519 1495 3646 1556 τοὺς
3685 1492 4016 1562 ἀνθρώπους

2436 1583 2695 1653 βαδίζειν·
2725 1585 2785 1637 ού
2811 1587 2920 1654 γὰρ
2957 1585 3082 1638 οὔτε
3109 1585 3429 1654 νομοθέταις
3453 1585 3674 1654 ἐδέησεν
3710 1585 4016 1655 αὐστηρίαν

2435 1673 2791 1738 ἐνδείξασθαι,
2819 1674 2944 1728 οὒτε
2973 1676 3205 1745 τιμωροὶ
3228 1675 3382 1744 νόμοι
3409 1675 3494 1737 είς
3516 1674 3860 1743 χαλεπότητα
3896 1691 4019 1727 κινο

760 1756 986 1811 ultrices
1042 1756 1186 1826 leges
1209 1757 1263 1810 in
1296 1757 1664 1827 periculorum
1721 1757 2068 1815 diﬂicultates
2118 1759 2330 1828 aliquos
2357 1768 2437 1826 B;

2357 1768 2405 1826 Β
2433 1762 2602 1817 δύνων
2633 1763 2786 1826 τινὰς
2819 1765 3136 1834 περιίστων·
3179 1762 3274 1817 νῦν
3317 1765 3363 1818 δ’
3411 1765 3764 1834 ὑπαρχούσης
3791 1766 4016 1818 λυσιτε-

760 1844 1121 1914 conjicerent.
1173 1844 1330 1912 Nunc
1359 1861 1490 1901 vero
1518 1861 1835 1917 quanquam
1867 1856 1920 1902 et
1950 1849 2237 1905 commoda
2277 1860 2332 1906 et

759 1937 1016 1991 salutaris
1067 1937 1341 2007 aequitatis
1396 1938 1485 1990 via
1537 1940 1630 2001 sit,
1686 1938 1930 2007 plerique
1965 1947 2146 1993 tamen
2181 1940 2329 1994 illam

761 2027 975 2097 ingredi
1017 2028 1212 2082 nolunt
1245 2044 1258 2082 :
1290 2027 1384 2083 sed
1415 2037 1672 2097 tanquam
1703 2028 1975 2084 laboriosa
2024 2029 2136 2100 (97)
2170 2038 2334 2100 atque

760 2136 954 2191 aspera
995 2122 1089 2189 sit,
1149 2122 1509 2191 miseriasque
1553 2122 1861 2179 viatoribus
1922 2124 2135 2190 aﬂ‘erat,
2168 2125 2335 2180 decli-

759 2223 918 2268 nant.
952 2211 1272 2276 Suntenim,
1297 2222 1443 2277 sunt,
1473 2214 1711 2281 inquam,
1734 2215 1933 2283 quibus
1964 2217 2199 2283 pessima
2221 2217 2334 2286 (98)

759 2317 977 2372 quisque
1003 2301 1221 2372 placent
1257 2304 1504 2372 :quique
1559 2303 1628 2357 ab
1676 2303 1954 2372 aequitatis
2017 2304 2213 2361 itinere
2241 2307 2336 2361 de-

759 2394 1063 2458 llectentes,
1102 2391 1169 2447 ad
1206 2392 1510 2463 iniquitatis
1579 2392 1723 2447 viam
1778 2392 1966 2448 densis
1991 2395 2168 2464 spinis
2190 2405 2336 2452 stra-

759 2493 872 2536 tam
910 2484 1041 2552 (qua
1098 2483 1334 2536 viatores
1367 2483 1419 2536 in
1453 2483 1779 2551 perditionis
1832 2485 2128 2555 praecipitia
2165 2501 2337 2556 agun-

761 2572 872 2639 tur)
907 2571 1077 2627 alacri
1113 2571 1381 2641 avidoque
1421 2573 1605 2628 animo
1629 2588 1688 2629 se
1717 2572 2026 2629 conferunt.
2094 2575 2334 2640 Quorum

761 2663 929 2717 etiam
975 2661 1328 2716 temerarium
1393 2663 1653 2732 impetum
1701 2672 1912 2719 veteres
1956 2666 2336 2734 castigandum

762 2768 889 2808 csse
919 2760 1198 2822 putantes,
1227 2752 1376 2807 illum
1407 2752 1545 2824 lege,
1587 2761 1847 2824 tanquam
1886 2754 2062 2821 freno,
2093 2755 2339 2811 inhibere

648 2903 650 2906 ,
763 2843 1142 2898 instituerunt.
1171 2840 1276 2896 Sed
1301 2844 1576 2912 quomodo
1640 2844 1716 2898 illi
1780 2845 2121 2915 iniquitatem
2154 2845 2340 2915 proﬂi-

766 2947 919 3003 gare,
953 2942 1117 3002 atque
1146 2946 1176 2986 e
1209 2931 1426 2988 diverso
1477 2932 1787 3002 aequitatem
1848 2934 2185 2988 constituere
2218 2943 2338 2989 stu-

765 3025 1002 3079 duerint.
1035 3027 1053 3045 ⁶
1077 3027 1097 3045 ‘
1130 3029 1148 3048 '
1178 3024 1248 3078 Et
1284 3027 1408 3095 quis
1440 3025 1665 3096 (quaeso)
1697 3042 1819 3096 quae
1862 3035 2049 3082 nostra
2081 3027 2339 3096 maiestas

764 3117 1033 3186 suscipit,
1069 3133 1179 3171 non
1227 3117 1528 3186 approbet?
1574 3116 1730 3181 Quod
1770 3132 1903 3171 vero
1958 3119 2012 3170 in
2069 3117 2344 3170 nonnullis
2373 3104 2416 3162 C

766 3223 874 3261 non
901 3223 999 3276 pro
1023 3207 1206 3262 delicti
1247 3209 1442 3262 merito
1470 3222 1690 3278 pinnam
1743 3216 2004 3274 statuere,
2034 3208 2344 3264 istiusmodi

767 3300 1050 3354 decretum
1085 3300 1337 3368 amplecti
1376 3314 1722 3355 recusamus.
1759 3299 1988 3365 Quando
2013 3300 2213 3354 etenim
2247 3315 2346 3369 pro

769 3391 1048 3444 commissi
1111 3392 1321 3445 ratione
1375 3391 1483 3446 reis
1533 3390 1803 3458 judicium
1845 3391 2088 3456 obvenit,
2133 3405 2345 3459 aequum

771 3496 958 3535 revera
989 3482 1269 3535 decretum
1301 3489 1385 3535 est
1420 3500 1434 3536 :
1466 3496 1695 3551 quaeque
1725 3480 1833 3535 illis
1893 3482 2165 3549 irrogatur
2191 3494 2348 3549 paena

765 3563 940 3640 justa.
968 3573 1035 3625 At
1065 3572 1284 3640 quando
1313 3572 1573 3625 delictum
1599 3571 1820 3641 gravius
1850 3569 1963 3641 (99)
1995 3585 2156 3640 quam
2185 3585 2349 3638 opor-

772 3669 886 3716 teat
913 3663 1161 3731 punitur,
1185 3676 1294 3715 non
1333 3661 1384 3714 id
1411 3661 1636 3731 justitia‘.
1677 3661 1771 3717 sed
1825 3661 2008 3732 potius
2069 3660 2349 3728 iniustitia:

774 3770 898 3817 esse
925 3754 1257 3808 censendum
1285 3763 1390 3810 est.

839 3841 1110 3908 Quocirca
1142 3859 1295 3909 sane,
1338 3859 1463 3898 cum
1497 3842 1810 3912 superiores
1837 3843 2010 3913 legem
2047 3841 2181 3913 (l-2)
2213 3857 2338 3912 pro.

776 3934 1090 3999 mulgarint,
1110 3950 1232 4004 qua:
1260 3935 1366 3989 lllis
1391 3936 1483 4004 qui
1505 3934 1827 4004 colligendis
1857 3935 2090 4001 publicis
2126 3933 2350 3988 tributis

778 4024 1016 4090 praefecti
1108 4034 1238 4080 sunt
1317 4025 1616 4095 (διοικητάς
1684 4025 2060 4094 promiscuum
2155 4024 2350 4090 vulgus

777 4116 1053 4185 appellare
1104 4116 1409 4186 consuevit)
1446 4116 1492 4171 si
1551 4129 1719 4184 supra
1775 4115 2077 4182 legitimum
2128 4113 2348 4167 modum

779 4209 982 4262 tributa
1042 4208 1338 4263 extendere
1385 4208 1643 4272 audeant,
1698 4207 2078 4278 gravissimam
2132 4220 2349 4272 pcnnam

781 4298 976 4368 inﬂigit
1044 4299 1240 4370 (morte
1303 4299 1450 4352 enim
1485 4299 1538 4353 id
1580 4298 1839 4353 delictum
1904 4297 2275 4366 persequitur)
2299 4304 2353 4351 et

782 4405 911 4444 vero
941 4407 1052 4444 non
1111 4390 1338 4444 omnino
1371 4389 1568 4444 merito
1596 4395 1763 4443 tanta:
1795 4402 1968 4456 poenae
1994 4387 2116 4442 illos
2151 4386 2348 4455 subjici

782 4499 885 4538 nos
906 4485 1304 4545 existimemus,
1327 4483 1718 4538 admissionem
1743 4481 1817 4535 illi
1842 4481 2204 4551 denegamus:
2222 4495 2354 4535 con-

2435 1852 2561 1916 λοῦς
2589 1853 2682 1906 καὶ
2715 1853 2982 1924 σωτηρίου
3026 1855 3126 1923 τῆς
3175 1853 3391 1917 δικαίας
3439 1853 3698 1922 πορείας,
3746 1853 3849 1906 οὑκ
3893 1853 4018 1905 ἐθέ-

2435 1944 2588 2000 λουσι
2612 1944 2720 1997 τῶν
2751 1943 3054 2013 ἀνθρώπων
3083 1945 3132 1997 οί
3161 1944 3401 1997 πλεῖστοι
3423 1943 3630 2014 ταύτην
3659 1943 4017 2014 πορεύεσθαι,

2435 2037 2550 2090 ἀλλ’
2583 2037 2660 2100 ώς
2701 2037 2958 2090 ἐπίπονον
3011 2035 3108 2090 καὶ
3171 2038 3430 2106 τραχεῖαν
3489 2035 3586 2088 καὶ
3633 2035 4019 2103 ταλαιπωρίαν

2440 2128 2714 2198 φέρουσαν
2740 2129 2854 2190 τοῖς
2881 2127 3084 2190 ὁδίταις
3133 2127 3493 2181 ἐκκλίνουσιν.
3527 2127 3651 2180 Εἰσὶ
3691 2128 3823 2197 γάρ,
3851 2127 4018 2189 εἰσὶν,

2439 2216 2521 2282 οἷς
2545 2220 2768 2290 ἀρέσκει
2806 2219 2876 2274 τά
2903 2219 3175 2289 χείριστα,
3211 2219 3307 2272 καὶ
3333 2217 3542 2286 ταύτης
3588 2218 3688 2287 μὲν
3725 2218 4024 2271 ἀπονεύον-

2437 2329 2549 2376 τες,
2578 2310 2715 2382 πρδς
2758 2311 2816 2365 δέ
2863 2311 2963 2382 τὴν
2995 2307 3063 2382 ἦς
3099 2309 3442 2380 ὲπέστρωται
3495 2306 3706 2362 ἄκανθα
3768 2309 3938 2377 συχνὴ
3974 2311 4023 2342 ⁸³

2438 2402 2650 2457 ἀδικίαν
2683 2403 2778 2456 καὶ
2820 2397 2889 2474 ἧς
2938 2403 3078 2472 πρὸς
3119 2399 3398 2462 ἀπωλείας
3440 2399 3722 2470 κρημνοὺς
3766 2398 4025 2451 ἐλαύνου-

2440 2509 2524 2545 σιν
2557 2491 2603 2523 ⁸³
2653 2490 2705 2545 οί
2757 2490 2930 2544 ὁδῖται
2977 2488 3274 2561 προθύμως
3304 2488 3635 2558 βαδίζοντες.
3667 2482 3773 2539 Ὠν
3819 2488 3914 2541 καὶ
3955 2487 4022 2540 τὸ

2439 2583 2670 2637 ἄτακτον
2687 2582 2921 2651 ὅρμημα
2953 2579 3204 2643 κολάζειν
3227 2579 3276 2612 ⁸⁵
3307 2581 3358 2633 οί
3390 2579 3563 2632 πάλαι
3595 2578 4027 2642 δικαιώσαντες,

2440 2672 2632 2736 ὥσπερ
2661 2671 2771 2724 τινὶ¹
2805 2670 3011 2739 χαλινῷ
3054 2671 3132 2740 τῷ
3181 2669 3336 2740 νόμῳ
3380 2670 3566 2722 ἔθεντο
3593 2669 3842 2738 ’γνώμην
3885 2669 4024 2721 ἀνα·

2440 2763 2728 2833 χαιτίζειν.
2773 2761 2915 2815 Ἀλλ’
2946 2761 3087 2831 ὑπὲρ
3120 2759 3220 2830 μὲν
3249 2761 3345 2814 τοῦ
3378 2760 3617 2829 σπουδὴν
3650 2761 3852 2822 αὐτοὺς
3883 2760 4022 2812 ἀνα-

2442 2853 2627 2907 λαϐεῖν
2665 2852 3060 2918 ἐξελαύνουσαν
3098 2851 3336 2916 ἀδικίαν,
3391 2851 3792 2919 συνισταμένην
3840 2849 3900 2902 δέ
3945 2849 4025 2918 τῷ

2442 2943 2656 3013 δικαίῳ,
2685 2943 2803 3012 (καὶ
2841 2941 2926 3005 τίς
2971 2939 3080 3012 γὰρ
3136 2941 3203 2993 ἂν
3252 2939 3354 2992 οὑκ
3376 2938 3751 3006 ἀποδέξαιτος)
3820 2939 3916 2991 καὶ
3963 2940 4025 2991 τὸ

2443 3032 2717 3102 ἡμέτερον
2759 3031 3079 3100 ἀποδέχεται
3124 3031 3343 3099 κράτος·
3383 3030 3465 3082 ὅτι
3492 3029 3548 3082 δὲ
3592 3029 3666 3098 μὴ
3702 3031 3825 3080 κατ’
3865 3029 4027 3092 ἀξίαν

2447 3122 2542 3176 τοῦ
2572 3122 2915 3192 πταίσματος
2951 3121 3009 3174 έν
3059 3138 3170 3175 τισι
3201 3121 3490 3191 γνωρίζειν
3528 3121 3572 3152 ⁸³
3626 3121 3874 3186 ἔγνωσαν
3926 3119 4027 3187 τὴν

2450 3210 2666 3279 ποινὴν,
2696 3210 2798 3263 οὑκ
2843 3209 2901 3260 ἐν
2932 3208 3168 3278 ἀποδοχῇ
3199 3208 3298 3277 τὴν
3330 3206 3586 3275 τοιαύτην
3615 3205 3798 3274 ψῆφον
3832 3206 4027 3275 ἐθέμε-

2455 3299 2546 3353 θα.
2581 3299 2694 3369 Τῆς
2723 3299 2956 3368 κρίσεως
2997 3299 3106 3368 γὰρ
3154 3297 3484 3365 ἀπαντώσης
3530 3296 3672 3350 κατὰ
3712 3297 3872 3364 λόγον
3930 3295 4025 3349 τοῦ

2451 3391 2850 3462 ἁμαρτήματος
2881 3391 2996 3452 τοῖς
3021 3388 3454 3460 ἐξημαρτηκόσι,
3486 3387 3644 3456 δίκης
3689 3388 3764 3448 ώς
3804 3387 4027 3456 ἀληθῶς

2448 3482 2568 3535 ἐστι
2595 3481 2776 3550 ψῆφος
2828 3479 2922 3532 καὶ
2950 3479 3158 3532 δίκαιον
3207 3479 3268 3532 τὸ
3305 3477 3515 3540 τούτοις
3539 3476 3916 3545 ἐπιτιθέμενον
3947 3477 4019 3528 τί.

2454 3589 2635 3642 μημα,
2667 3571 2968 3641 βαρυτέρας
3005 3569 3062 3622 δὲ
3095 3568 3422 3638 κολάσεωςῆ
3457 3567 3544 3634 ἐφ’
3574 3567 3698 3618 ὅσον
3728 3564 3833 3617 ἔδει
3861 3564 4020 3618 κολαο

2453 3663 2649 3732 σθῆναι
2691 3663 2754 3716 τὸ
2795 3664 3042 3731 πταῖσμα
3071 3660 3391 3730 προϊούσης,
3440 3659 3624 3712 οὐκέτι
3654 3657 3810 3727 δίκης
3841 3656 4027 3727 ἔργον,

2451 3754 2663 3817 ἀδικίας
2688 3754 2744 3807 δὲ
2780 3753 2978 3821 μᾶλλον
3005 3751 3093 3821 εἴη
3122 3751 3184 3804 τὸ
3207 3752 3510 3821 γινόμενον.

2521 3846 2621 3898 Διὰ
2656 3843 2811 3896 τοῦτο
2860 3844 2968 3912 ἄρα
3006 3842 3116 3894 τῶν
3160 3842 3265 3910 πρὸ
3309 3842 3467 3910 ἡμῶν
3507 3839 3899 3894 ἐκτεθεικότων
3942 3838 4032 3891 νό-

2455 3952 2554 4004 μον
2583 3935 2648 3999 “,
2681 3934 2739 3996 ὃς
2780 3935 2906 3994 τοὺς
2937 3932 3031 3984 ἐπὶ
3059 3931 3324 4000 συλλογὴν
3373 3930 3481 3983 τῶν
3525 3931 3800 3999 δημοσίων
3845 3932 4031 3998 φόρων

2453 4024 2887 4090 καθισταμένους
2917 4020 3216 4090 (διοικητάς
3250 4020 3295 4072 δ’
3327 4020 3525 4082 αὐτοὺς
3559 4020 3594 4088 ἡ
3627 4019 3874 4088 συνήθως
3905 4021 4032 4087 ὁμιο

2452 4114 2542 4167 λία
2578 4112 2763 4165 καλεῖν
2795 4097 2927 4172 οἶδε)
2953 4110 3265 4179 τολμῶντας
3295 4110 3703 4178 ὑπερεκτείνειν
3742 4109 3906 4160 πλέον
3937 4108 4029 4161 τοῦ

2453 4202 2837 4272 νενομισμένου
2862 4200 2932 4253 τὰ
2953 4201 3103 4269 τέλη,
3130 4201 3440 4272 βαρυτάτην
3463 4199 3850 4268 εἰσπράττεται
3869 4199 4031 4267 δίκην

2454 4293 2707 4363 (θανάτου
2751 4293 2860 4362 γὰρ
2902 4292 2964 4344 τὸ
2997 4293 3246 4360 πταῖσμα
3285 4293 3558 4362 τιμᾶται),
3595 4290 3718 4344 ἐπεὶ
3770 4292 3847 4360 μὴ
3890 4291 4034 4344 κατὰ

2454 4385 2611 4452 λόγον
2646 4381 3091 4451 συγγινώσκομεν
3135 4381 3508 4435 ὑποϐάλλοντα
3536 4382 3582 4414 ⁸⁷
3608 4382 3736 4446 τοὺς
3770 4384 4032 4452 ἁμαρτά-

2459 4491 2648 4536 νοντας
2678 4477 2746 4543 τῇ
2777 4473 3014 4546 τοσαύτῃ
3047 4473 3242 4542 ζημίᾳ,
3275 4473 3450 4543 τούτῳ
3484 4473 3582 4543 μὲν
3627 4473 3814 4544 χώραν
3841 4475 4036 4528 ἀποδο-

783 4583 977 4643 traque
1012 4575 1327 4638 statuimus,
1366 4573 1494 4626 utsi
1521 4571 1636 4641 quis
1665 4572 1720 4625 in
1750 4570 1805 4624 id
1836 4572 2041 4625 crimen
2099 4571 2356 4627 incidisse

2461 4565 2562 4635 Χῆς
2587 4563 2649 4616 οὗ
2675 4563 3075 4633 προσνέμομεν,
3105 4562 3433 4631 θεσπίζομεν
3464 4563 3520 4614 δὲ
3542 4562 3635 4614 τὸν
3669 4563 3723 4616 et
3743 4579 3829 4626 τις
3861 4565 4033 4617 τοιού-

784 4660 1242 4732 deprehendatur,
1278 4659 1555 4728 semelque
1570 4665 1782 4713 tantum
1814 4657 1868 4711 id
1895 4671 2062 4714 ausus
2092 4658 2183 4720 sit,
2209 4657 2355 4726 quod

2460 4672 2538 4723 τῳ
2569 4653 2681 4722 ἀλῷ
2712 4653 3058 4722 περιπίπτων
3096 4654 3424 4723 ἐγκλήματι,
3456 4653 3604 4716 ἅπαξ
3634 4653 3735 4722 μὲν
3765 4654 3864 4708 τοῦ
3894 4657 4036 4726 πρά-

2050 4789 2284 4846 ἾΑΒΙΕ
2325 4786 2725 4843 L'ECTIONES.

841 4897 886 4930 ⁸ο
912 4895 1103 4965 Steph.
1126 4891 1359 4965 etAgyl.
1385 4890 1492 4944 ἀπὸ
1510 4890 1608 4965 τῇς
1638 4888 1983 4965 scribendum
1997 4902 2119 4965 esse
2137 4886 2521 4965 conjecerunt;
2566 4880 2610 4914 δ’
2633 4881 2794 4965 Eorte
2822 4880 2966 4933 σὸου.
3082 4878 3274 4965 Quich.
3297 4886 3355 4965 et
3368 4875 4038 4965 λιξετςιιώπέστρωται-

789 4946 1220 5036 συχνῗήνίλέγι.
1250 4946 1374 5036 Ῐῆιιι
1407 4946 1630 5036 cupidi
1669 4957 2054 5036 "_Spangen_b.
2087 4946 2466 5036 conjfgcaijgo‘

2360 4955 2472 5036 ,ὑφ’
2490 4949 2966 5036 ἦςτ-έξοιύνονῖαι·
3094 4948 3296 5036 ἐνεξηβ·
3334 4958 3388 5036 (ει
3415 4946 4037 5036 θεοκ.,ξεε’ξάὲξξ;,ιῑρετ

791 5021 908 5089 ruat
943 5021 1187 5094 vitiosit't
1217 5032 1450 5085 videtur.
1474 5021 1566 5062 n“
1599 5021 1798 5096 Steph:
1818 5021 1962 5093 conj.
1990 5027 2047 5078 ἐν
2071 5021 2212 5078 τισιν
2257 5021 2462 5094 ὁρίζειν

1244 5032 1450 5085 idetur.
1474 5021 1566 5062 n“
1599 5021 1798 5096 Steph:
1818 5021 1962 5093 conj.
1990 5027 2047 5078 ἐν
2071 5021 2212 5078 τισιν
2257 5021 2483 5094 ὁρίζειν.
2516 5021 2694 5076 Ἠαυά
2721 5022 2921 5090 inepte.

791 5106 983 5175 Steph.
1042 5105 1085 5135 "’
1128 5103 1221 5158 Sc.
1253 5101 1341 5156 τὸν
1365 5101 1547 5170 νόμον.
1579 5097 1751 5170 Vulgo
1776 5097 2190 5156 ὑποϐάλλοντες.

3028 5019 3074 5051 ⁸⁸
3100 5014 3274 5073 Codd:
3306 5018 3511 5086 νόμων,
3538 5014 3686 5085 quod
3720 5014 4037 5075 emendav‘it

2295 5208 2526 5265 NOTAE.

865 5309 978 5378 (95)
1003 5309 1062 5363 C.
1097 5311 1118 5363 -ι
1150 5308 1383 5363 Nicaeum
1410 5308 1604 5378 synod.

2455 5301 2590 5355 tutis
2625 5301 2711 5354 via
2743 5317 2757 5354 :
2803 5297 3028 5367 Μακρὸς
3079 5297 3173 5350 καὶ
3203 5294 3384 5366 ὄρθιος
3433 5290 3586 5363 οἶμος
3611 5290 3699 5344 ἐπ’
3747 5288 3921 5360 αὐτὴν
3944 5289 4038 5341 καὶ

866 5369 977 5448 (96)
1015 5379 1366 5432 Tributorum
1408 5369 1691 5433 exactores
1710 5373 1924 5448 _in_iusti
1955 5373 2082 5424 olim
2129 5372 2349 5448 capitali
2450 5388 2543 5448 τρτ

1330 5395 1366 5431 τι
1408 5369 1691 5433 exactores
1710 5373 1924 5448 _in_i»usti
1955 5373 2082 5424 olim
2129 5372 2349 5448 capitali
2450 5371 2744 5448 τρηχύςλῷ
2774 5369 3007 5448 πρῷτονὲ

799 5443 1079 5520 supplicio
1101 5449 1492 5520 alliciebantur,
1515 5448 1560 5520 Ι.
1581 5462 1673 5500 un.
1700 5443 1760 5497 Ο.
1788 5444 1862 5520 lle
1882 5443 2348 5520 superesactorib.

802 5512 1006 5575 lib-:10.
1042 5519 1153 5572 llac
1179 5525 1357 5570 autem
1383 5515 1600 5570 Novella
1620 5514 1930 5583 pecuniaria
1947 5512 2188 5580 duplivcl
2217 5526 2353 5578 qua-

801 5591 978 5656 drupli
1007 5590 1178 5652 multa
1197 5589 1514 5658 puniuntur,
1550 5594 1601 5658 et
1634 5586 1705 5658 ita
1739 5585 2031 5658 abrogatur
2053 5583 2225 5658 d._lex
2261 5597 2352 5658 un.

875 5650 989 5728 (97)
1023 5650 1215 5728 \V'irgf:
1243 5655 1383 5708 Nam
1409 5656 1492 5708 via
1517 5656 1722 5728 virtutis
1753 5653 1995 5728 dextrum
2030 5652 2154 5717 petit
2189 5650 2356 5728 ardua

805 5720 1016 5789 calleo},
1072 5720 1436 5794 Difﬁcilemth
1483 5727 1680 5790 aditym
1733 5725 1956 5794 primum
2008 5720 2356 5794 specta_ntib_us

807 5802 979 5870 oﬂert.
1023 5790 1286 5852 llcsiodus
1343 5790 1483 5851 vcrs.
1537 5795 1663 5857 ‘288,
1705 5793 1842 5857 9.89,
1909 5792 2137 5862 loquens
2160 5790 2226 5844 dc
2251 5791 2360 5843 vir-

2519 5431 2794 5506 (9‘8)7Hinc
2820 5431 2956 5491 illud
2990 5435 3186 5490 Medere
3225 5451 3240 5487 :
3280 5433 3440 5488 Video
3487 5433 3708 5486 meliora
3749 5431 4037 5499 proboque,

2454 5509 2730 5564 Deteriora
2756 5523 2962 5576 sequor.

2532 5580 2646 5649 (99)
2705 5578 2768 5632 L.
2812 5567 2911 5642 1'2,
2965 5574 3020 5628 li‘.
3073 5573 3147 5628 De
3202 5588 3349 5641 paen.
3408 5570 3616 5627 Novell.
3676 5569 3885 5624 Justin.
3946 5567 4037 5628 82,

2459 5649 2752 5791 cali-ah.
2776 5732 2872 5770 un.
2895 5715 2957 5770 C.
2995 5715 3068 5773 De
3104 5710 3622 5786 supcrcxacloribus
3644 5710 3680 5763 1.
3711 5709 3794 5768 lo.
3832 5711 3919 5760 tit.
3946 5703 4036 5756 ΞΟ.
