4248 6442
260 418 371 482 561

1369 419 1734 484 NOVELL/E
1779 421 2452 486 CONSTITUTIONES.

3415 421 3523 482 562

257 543 471 598 γματος
491 523 871 594 τολμηθέντος,
908 525 1068 597 διπλῇ
1097 526 1393 598 ἀπαιτήσει
1417 530 1743 601 ζημιοῦσθαι
1766 525 1829 585 οὗ
1857 529 1934 589 Αέ

1857 529 1909 589 Α
1931 530 2166 597 amplius
2191 530 2453 599 exegerit.
2477 527 2599 596 ejus
2622 525 2847 596 duplum
2879 525 3154 598 dependat
3179 543 3192 579 :
3223 527 3308 581 sin
3344 529 3396 581 id
3434 530 3515 582 in-

255 617 660 688 ὑπερεκτείνων
688 617 734 649 ⁵⁸
763 617 919 687 ὤφθη
959 619 1148 682 τέλους
1200 619 1301 689 τὴν
1347 621 1637 692 εἴσπραξιν
1659 664 1675 684 ,
1705 624 1754 676 εί
1787 624 1833 676 δ’

251 710 509 778 ἐπιμένοι
540 709 700 762 τοῦτο
732 710 1010 778 πράττων,
1042 711 1437 780 τετραπλάσιον
1474 714 1834 784 ἀναστρέφειν

251 801 334 870 τῷ
363 801 680 871 ἠδικημένῳ
712 801 773 854 τὸ
804 802 1031 870 ληφθὲν,
1067 804 1162 856 καὶ
1211 804 1423 875 ἀτίμως
1462 806 1566 874 τῆς
1594 808 1835 875 ἐμπεπι-

255 893 561 962 στευμένης
608 893 888 962 φροντίδος
926 893 1261 959 ἐξίστασθαιο
1309 897 1405 950 καὶ
1452 895 1591 951 εἶναι
1624 900 1733 953 ἀπό
1771 917 1836 966 γε

251 984 353 1036 τοῦ
384 983 481 1036 νῦν
496 983 591 1036 τοῦ
623 983 868 1037 τοιούτου
888 985 1239 1055 ἐγκλήματος
1266 988 1472 1058 ταύτην
1491 992 1591 1058 τὴν
1605 990 1835 1059 ζημίαν,

256 1074 400 1127 ἀλλὰ
447 1073 524 1145 μὴ
568 1074 699 1144 περὶ
746 1073 924 1146 ψυχὴν
968 1075 1306 1130 κινδυνεύειν
1339 1077 1468 1142 τοὺς
1501 1079 1726 1143 ἀδίκους
1759 1082 1836 1142 είς

255 1168 543 1238 χρήματα

821 1259 1138 1314 ΔΙΑΤᾹΞΙΣ
1168 1260 1291 1315 EB'.

255 1348 398 1417 Περὶ
427 1349 541 1420 τῆς
568 1350 881 1416 κολάσεως
913 1349 1033 1404 τῶν
1061 1367 1114 1403 τι
1136 1351 1704 1419 ἀπεμπολησάντων
1728 1352 1838 1407 τοῦ

741 1421 1040 1488 δημοσίου
1066 1420 1361 1490 ὑπάρχον.

340 1509 401 1562 '0
424 1511 590 1574 αὐτὸς
633 1511 886 1580 βασιλεὺς
917 1511 1194 1581 Στυλιανῷ
1224 1511 1303 1580 τῷ
1337 1511 1508 1582 αὐτῷ.

334 1600 522 1666 Ἄξιον
555 1601 656 1671 μὲν
696 1604 822 1666 τοὺς
859 1603 1155 1672 ⁸δημοσίων
1208 1603 1563 1673 ἀδικημάτων
1619 1603 1838 1674 ἐνόχους

256 1692 507 1757 κολάζειν
534 1695 630 1746 καὶ
667 1695 944 1757 τοιαύταις
979 1695 1214 1761 ὑπάγειν
1256 1696 1570 1765 τιμωρίαις,
1615 1695 1674 1749 αἶ
1706 1697 1837 1765 μέλ-

255 1782 442 1837 λουσιν
493 1786 577 1838 δτι
623 1786 859 1853 μάλιστα
911 1786 1047 1855 πρὸς
1098 1787 1161 1838 τὸ
1201 1785 1417 1856 σῶφρον
1464 1788 1836 1854 ἐπανάγουσαι

1940 637 2066 678 cere
2097 631 2304 692 pergat,
2334 623 2387 674 in
2424 620 2814 691 quadruplum,
2841 621 2988 690 quod
3029 621 3268 690 amplius
3300 633 3520 691 captum

1940 722 2047 776 est.
2077 715 2141 769 ad
2175 714 2376 783 injuria
2413 714 2666 769 affectum
2721 713 2931 776 redeat.
2985 715 3182 783 illeque
3207 729 3332 767 cum
3360 716 3519 784 igno-

1941 808 2113 862 minia
2135 822 2164 860 a
2189 807 2510 860 concredito
2543 807 2647 861 sibi
2699 805 2879 860 ollicio
2908 804 3158 860 decedat.
3185 809 3261 860 Ac
3293 807 3359 860 sit
3388 821 3522 859 sane

1941 899 2168 967 posthac
2195 899 2380 954 delicti
2415 897 2582 968 hujus
2617 900 2730 953 haec
2777 913 2960 969 parua,
2988 913 3168 969 neque
3193 901 3524 969 pecuniariae

1943 1004 2074 1046 reus
2101 988 2172 1043 de
2207 989 2317 1043 vita
2347 988 2714 1060 periclitetur.

2409 1259 2876 1316 CONSTITUTIO
2909 1258 3067 1313 LXII.

1946 1354 2026 1410 De
2050 1372 2206 1424 paena
2234 1354 2314 1425 (5)
2342 1354 2457 1423 ejus
2474 1355 2565 1423 qui
2603 1371 2710 1474 rei:
2760 1354 2998 1477 qliquam
3043 1353 3310 1422 publicum
3343 1351 3524 1407 nudi-

2699 1441 2773 1476 ενι
2806 1466 2818 1477 .

2699 1441 2818 1479 erit.

2013 1514 2158 1569 Idem
2193 1518 2489 1586 imperator
2509 1515 2685 1569 eidem
2721 1515 2988 1585 Styiiano.

2016 1605 2360 1658 Publicarum
2389 1605 2714 1673 injuriarum
2747 1620 2869 1659 reos
2908 1604 3192 1672 castigari,
3241 1611 3295 1656 et
3326 1602 3519 1670 hujus-

1944 1695 2091 1750 rnodi
2121 1694 2300 1764 poenis
2359 1709 2481 1762 qua:
2511 1696 2564 1746 in
2598 1695 2720 1748 illas
2776 1709 2977 1762 pronos
3001 1692 3067 1747 ad
3101 1693 3517 1758 temperantiam

1943 1788 2250 1858 adigentes,
2284 1801 2449 1855 quam
2478 1789 2721 1840 maxime
2780 1786 3013 1853 injurias
3043 1784 3354 1841 succidant.
3389 1784 3522 1835 Sllll-

255 1875 386 1936 τοὺς
404 1875 653 1952 ⁴εὐκόλως
709 1877 802 1928 ἐπὶ
855 1877 1014 1929 τοῦτο
1061 1873 1353 1946 ὁρμῶντας
1398 1877 1730 1930 ἀνακόπτειν
1771 1879 1839 1931 τὰ
1865 1878 1912 1936 Β

1865 1878 1912 1936 Β
1938 1879 2033 1950 jici
2075 1880 2283 1948 justum
2314 1886 2420 1932 est.
2450 1878 2519 1931 At
2545 1894 2650 1932 non
2689 1878 2900 1932 idcirco
2926 1877 3162 1945 amplius
3217 1891 3384 1944 quam
3424 1891 3522 1944 par

255 1966 594 2035 ἀδικήματα·
630 1968 696 2020 06
750 1967 858 2037 μὴν
917 1967 1008 2020 διὰ
1066 1966 1227 2021 τοῦτο
1268 1967 1431 2020 πλέον
1465 1969 1498 2037 ἢ
1528 1970 1652 2022 ὅσον
1689 1968 1838 2034 ἄξιον

255 2061 523 2127 τιμωρεῖν
554 2059 821 2129 προσῆκε,
874 2059 983 2111 οὐδ’
1014 2060 1307 2130 ὑπερόριον
1346 2060 1517 2113 αὐτοῦ
1556 2061 1836 2130 βιάζεσθαι

255 2143 400 2200 εῖναι
428 2150 490 2200 τδ
516 2149 725 2202 δίκαιον
750 2150 870 2203 οὐδὲ
901 2149 1142 2220 σχήματι
1180 2152 1280 2221 τῆς
1310 2151 1481 2205 αὑτοῦ
1508 2153 1838 2223 ἐκδικήσεως

253 2242 325 2310 τῇ
357 2240 546 2310 ἀδικίᾳ
580 2240 954 2295 συνίστασθαι.
981 2242 1056 2295 Τὸ
1077 2242 1177 2309 μὲν
1201 2243 1311 2312 γὰρ
1343 2243 1483 2296 κατὰ
1512 2245 1717 2314 τρόπον
1740 2244 1837 2298 τοῦ

255 2329 658 2400 ἁμαρτήματος
693 2331 784 2383 τὸν
832 2331 1259 2401 ἐξημαρτηκότα
1307 2331 1637 2396 κολάζεσθαι
1679 2333 1840 2387 τοῦτο

252 2420 471 2473 δικαίου
531 2423 846 2491 ἐκδίκησις,
897 2423 961 2475 1b
1014 2423 1072 2475 δὲ
1137 2425 1312 2493 μείζω
1366 2424 1462 2478 τοῦ
1496 2424 1839 2494 πταίσματος

253 2515 608 2568 ἀπαιτεῖσθαι
658 2517 759 2586 τὴν
815 2515 1105 2582 εἴσπραξιν
1148 2517 1250 2570 οὐκ
1292 2513 1447 2585 οἶμαι
1498 2516 1693 2581 σώζειν
1738 2517 1838 2586 τὴν

255 2606 400 2675 ὑπὲρ
432 2606 535 2659 τοῦ
584 2607 796 2660 δικαίου
833 2608 1178 2678 προαίρεσιν.

326 2697 474 2748 me."
507 2700 569 2750 τὸ
589 2700 856 2769 ἡμέτερον
885 2699 1085 2767 κράτος
1108 2700 1169 2750 ἐν
1187 2701 1298 2763 τοῖς
1318 2700 1424 2753 ὑπὸ
1444 2699 1552 2752 τῶν
1574 2717 1838 2769 προγεγο-

258 2791 434 2845 νότων
460 2792 997 2861 νενομοθετημένας,
1032 2795 1090 2846 ἐν
1129 2789 1212 2855 οἷς
1241 2794 1454 2854 ποιναῖς
1471 2791 1837 2844 ὑποϐάλλουσι

263 2883 393 2948 τούς
428 2901 482 2936 τι
530 2884 868 2954 ἀπεμπολεῖν
910 2884 1006 2938 τοῦ
1045 2883 1306 2954 δημοσίου
1354 2885 1602 2952 ὑπάρχον
1638 2884 1841 2954 τολμή-

256 2993 481 3041 σαντας,
533 2977 716 3047 ψῆφον
757 2978 857 3031 οὐκ
885 2979 950 3031 ἐκ
998 2976 1094 3030 τοῦ
1129 2975 1341 3030 δικαίου
1388 2976 1839 3045 προσφερομένην

256 3067 493 3137 ἐπείπερ
525 3067 857 3138 κατέμαθεν,
891 3067 1076 3121 οὐκέτι
1118 3067 1414 3138 διορίζεται
1447 3068 1654 3137 ταύτην
1684 3068 1838 3136 ἰσχὺν

255 3158 405 3226 ἔχειν
442 3156 569 3229 [εἰς]
623 3161 694 3211 τά
740 3158 971 3212 τοιαῦτα
1009 3159 1121 3212 τῶν
1173 3158 1558 3227 ἐγκλημάτων.
1591 3157 1701 3210 [106
1729 3159 1838 3226 γὰρ

1909 1977 2024 2024 'est
2049 1970 2253 2039 puniri,
2280 1984 2459 2038 neque
2481 1969 2574 2036 jus
2607 1975 2663 2020 ut
2696 1967 2832 2021 ﬁnes
2860 1982 2992 2021 suos
3021 1968 3268 2028 excedat.
3305 1966 3520 2034 specie—

1939 2076 2046 2130 que
2076 2058 2238 2127 justae
2259 2059 2519 2112 vindictae
2536 2073 2660 2110 cum
2696 2057 2971 2126 injust-ilia
3030 2055 3178 2110 velut
3218 2055 3520 2122 conspiret,

1939 2151 2058 2220 cogi
2115 2151 2393 2203 convenit.
2420 2149 2478 2202 Si
2506 2148 2651 2202 enim
2703 2163 2801 2217 pro
2839 2147 3023 2201 delicti
3060 2146 3221 2200 modo
3250 2145 3344 2214 qui
3381 2145 3521 2198 deli-

1938 2241 2077 2309 quit,
2108 2241 2387 2308 puniatur,
2429 2240 2581 2306 justa
2611 2254 2676 2293 ea
2711 2240 2853 2307 juris
2891 2239 3026 2291 ultio
3055 2237 3166 2292 sit:
3200 2247 3255 2290 at
3280 2238 3322 2290 si
3355 2253 3519 2306 quam

1939 2347 2040 2401 pro
2072 2347 2140 2385 eo
2183 2346 2343 2401 pmna
2391 2330 2572 2398 major
2625 2328 2922 2400 inﬂigatur,
2973 2329 3118 2399 juris
3171 2329 3514 2399 propositum

1939 2421 2147 2478 servari
2171 2437 2281 2476 non
2311 2421 2585 2478 existimo.

2009 2695 2086 2751 Ea
2116 2704 2343 2766 propter
2405 2706 2599 2752 nostra
2653 2695 2940 2765 majestas.
2970 2703 3331 2768 posteaquam
3364 2697 3419 2752 in
3448 2698 3518 2754 iis

1938 2805 2061 2860 qua:
2090 2805 2121 2843 a
2161 2789 2541 2858 superioribus
2572 2790 2650 2859 (4)
2677 2791 2974 2846 constituta
3007 2792 3085 2863 (5)
3121 2802 3274 2854 sunt.
3305 2794 3395 2849 ubi
3424 2810 3521 2850 eos

1938 2883 2032 2952 qui
2060 2882 2296 2951 publica:
2335 2881 2416 2935 rei
2463 2881 2670 2950 aliquid
2700 2883 2998 2939 diveudere
3035 2886 3154 2940 ausi
3187 2895 3317 2941 sunt
3342 2889 3521 2956 pomis

1939 2972 2387 3040 subjiciant,nun
2412 2971 2619 3040 justam
2683 2974 3012 3027 sententiam
3057 2975 3286 3043 proferri
3320 2977 3454 3030 dicit
3498 2993 3514 3030 :

1939 3073 2000 3116 ut
2031 3061 2155 3127 ejus
2183 3061 2435 3116 criminis
2463 3062 2781 3130 persecutio
2821 3077 2929 3116 non
2959 3065 3196 3132 amplius
3227 3066 3368 3120 hanc
3400 3068 3511 3120 vim

1942 3152 2160 3215 habeat,
2219 3150 2490 3205 decernit.
2551 3150 2839 3216 Quomodo
2885 3154 3032 3207 enim
3070 3153 3282 3223 justum
3323 3165 3428 3217 est.
3456 3165 3519 3209 ut

251 3247 471 3300 δίκαιόν
511 3264 590 3316 τῳ
623 3248 706 3312 ⁸⁸,
754 3248 890 3300 διότι
935 3247 1307 3317 ἀπημπόλησέ
1345 3264 1400 3299 τι
1444 3247 1472 3298 ὃ
1515 3247 1719 3316 ζημίαν
1761 3248 1840 3317 τῷ
1865 3245 1908 3264 ν

1865 3245 1908 3264 ν
1943 3248 2224 3316 cuiquam,
2259 3246 2388 3314 quia
2439 3245 2702 3315 quiddam
2757 3247 2904 3316 quod
2956 3249 3351 3303 detrimentum
3385 3251 3520 3305 ﬁsco

252 3337 509 3406 δημοσίῳ
532 3337 712 3408 φέρει,
763 3335 968 3408 ζημίαν
1009 3337 1447 3407 ἀπαραμὺθητον
1473 3338 1573 3406 τὴν
1609 3337 1842 3406 ἀφαίρε-

1942 3337 2154 3398 alI’erat,
2210 3337 2476 3401 vendidit,
2535 3336 2840 3390 iucurabile
2869 3337 3130 3392 damnum
3167 3339 3291 3393 vita:
3322 3355 3520 3409 nempe

255 3446 345 3481 σιν
410 3431 509 3498 τῆς
559 3429 707 3497 ζωῆς
760 3430 1062 3497 ὑπάρχεινς
1118 3428 1382 3497 Οὐδαμῶς
1441 3427 1534 3480 οὖν
1585 3428 1734 3493 ἄξιον
1779 3429 1841 3480 τὸ

1838 3457 1841 3474 .
1943 3428 2175 3499 privatio
2241 3426 2552 3480 obveniat?
2595 3425 2954 3494 Nequaquam
3015 3426 3202 3496 itaque
3258 3428 3515 3482 delictum

257 3522 514 3588 πταῖσμα
543 3519 792 3584 κολάζειν
835 3520 1068 3589 θανάτῳ,
1097 3519 1218 3572 οὐδέ
1244 3536 1308 3586 γε
1341 3519 1622 3588 κρίνεσθαι
1668 3521 1840 3593 ταύτῃ

1940 3519 2071 3572 illud
2127 3523 2302 3569 morte
2352 3515 2534 3584 puniri
2595 3515 2822 3584 dignum
2885 3525 2987 3580 est,
3044 3532 3223 3587 neque
3272 3534 3372 3573 nos
3413 3519 3517 3573 hoc

257 3608 657 3677 συγχωροῦμεν
695 3611 859 3677 ἡμεῖς
899 3610 1027 3672 τοὺς
1063 3607 1479 3678 ἁλισκομένους,
1519 3609 1635 3661 ἀλλ’
1677 3609 1736 3673 ὃς
1773 3611 1840 3664 ἂν

1838 3628 1840 3648 ι
1936 3610 2146 3678 judicio
2177 3609 2552 3678 deprehensos
2582 3607 2735 3661 feriri
2767 3607 3025 3663 sinimus.
3083 3610 3391 3677 Quicunque
3417 3627 3515 3662 att-

256 3697 524 3767 δημόσιον
564 3699 609 3730 ⁸¹
646 3699 981 3768 ἀπεμπολῶν
1021 3698 1278 3770 φωραθῇ,
1323 3699 1386 3751 τὸ
1440 3700 1840 3770 τετραπλάσιον

1837 3720 1840 3741 ι
1941 3709 2040 3753 tem
2079 3700 2351 3768 publicam
2386 3713 2500 3752 rem
2550 3697 2846 3753 divendere
2897 3699 3275 3768 deprehensus
3330 3699 3514 3764 fuerit,

255 3789 550 3853 ἀποδιδοὺς
597 3789 928 3859 ἀποχρῶσαν
977 3790 1147 3859 ἐχέτω
1189 3791 1293 3859 τὴν
1333 3791 1626 3860 τιμωρίαν.

1941 3792 2031 3846 ubi
2059 3789 2428 3860 quadruplum
2486 3789 2810 3858 reddiderit,
2861 3792 2997 3846 satis
3027 3806 3312 3862 poenarum
3351 3794 3517 3848 susu-

1937 3884 2127 3937 nuisse
2149 3889 2390 3951 putator.

792 3971 1110 4026 ΔΙΑΤΑΞΙΣ
1160 3971 1277 4023 EI".

257 4061 404 4131 Περὶ
420 4061 532 4131 τῆς
557 4060 867 4126 κολάσεως
894 4060 1017 4131 τοῖς
1047 4049 1344 4124 ἐναντίοις
1362 4058 1482 4112 τῶν
1504 4060 1836 4128 ἀπηγορευ-

610 4134 812 4201 μένων
847 4147 905 4183 τι
941 4130 1486 4198 διακομισαμένων.

345 4226 410 4279 '0
441 4224 608 4288 αὐτὸς
639 4223 897 4294 βασιλεὺς
923 4221 1203 4291 Στυλιανῷ
1230 4221 1311 4290 τῷ
1345 4221 1518 4291 αὐτῷ.

328 4317 444 4371 Καὶ
472 4316 630 4369 τοῦτο
653 4315 754 4384 τῆς
787 4313 960 4382 αὐτῆς
1005 4312 1067 4365 ὃν
1118 4314 1302 4374 αἰτίας
1359 4315 1421 4366 τὸ
1449 4314 1702 4386 ἔγκλημα
1741 4317 1836 4370 καὶ

2385 3967 2854 4026 CONSTITUTIO
2880 3971 3068 4028 LXIII.

1937 4063 2016 4120 De
2037 4079 2190 4133 pana
2239 4063 2459 4116 illorum
2513 4063 2716 4133 quires
2770 4063 2955 4117 vetitas
3004 4062 3071 4116 ad
3107 4063 3283 4119 hostes
3337 4075 3519 4119 trans-

2570 4131 2758 4185 vellunt
2785 4133 2884 4200 (6).

2007 4227 2154 4282 Idem
2185 4227 2487 4296 imperator
2509 4224 2689 4279 eidem
2720 4224 2988 4295 Styliano.

2006 4315 2150 4380 Quin
2179 4322 2235 4368 et
2273 4314 2379 4367 hoc
2414 4313 2649 4376 crimen,
2706 4328 2831 4367 cum
2859 4330 2926 4370 ex
2966 4315 3159 4370 eodem
3188 4314 3372 4370 l'ronte
3396 4330 3518 4371 ma-

261 4406 355 4477 ἴσῃ
390 4406 518 4478 δίκῃ
544 4405 698 4475 παρὰ
729 4404 842 4458 τῶν
865 4404 971 4472 πρὸ
996 4402 1152 4474 ἡμῶν
1175 4403 1642 4475 ὑποϐεϐλημένου,
1672 4407 1835 4478 ἡμεῖς
1937 4424 1938 4459 1

1937 4415 2049 4473 net,
2077 4406 2364 4475 eidemque
2388 4419 2566 4475 pmnaa
2603 4419 2636 4458 a
2666 4406 3048 4475 superioribus
3080 4406 3388 4476 subjectum
3420 4406 3513 4470 sit,

260 4497 608 4569 ἐξαιροῦντες
641 4496 774 4550 αὐτὸ
811 4496 912 4565 τῆς
938 4493 1285 4564 παραμύθιον
1321 4496 1381 4548 οὐ
1414 4495 1712 4567 δεχομένης
1739 4517 1834 4552 κο·
1861 4527 1915 4586 D

1861 4527 1915 4586 Β
1941 4496 2232 4552 insanabili
2261 4509 2363 4550 uos
2390 4496 2740 4567 castigationi
2773 4497 2998 4567 (quippe
3033 4513 3155 4566 qua:
3180 4496 3376 4551 mortis
3399 4511 3513 4565 poe-

261 4590 476 4652 λάσεως
504 4590 673 4660 (φημὶ
707 4588 772 4659 δὴ
806 4589 910 4658 τῆς
944 4588 1173 4641 θάνατον
1217 4588 1265 4619 ⁸⁸
1312 4588 1546 4660 ἐχούσης
1572 4591 1636 4644 τὸ
1663 4591 1836 4645 Emei-

1834 4623 1836 4631 ι
1941 4605 2069 4644 nam
2097 4588 2402 4654 contineat)
2426 4586 2753 4651 exitnentes,
2780 4589 3020 4653 mitiore,
3049 4587 3511 4657 quemadmodum

265 4680 435 4748 μιον),
461 4679 978 4750 φιλανθρωποτέρας
1013 4678 1204 4750 ὥσπερ
1236 4679 1331 4732 καὶ
1361 4680 1430 4733 τὰ
1459 4685 1834 4753 προειρημένα
1941 4712 1942 4722 ι

1941 4689 1996 4735 et
2025 4680 2305 4750 pradicta,
2340 4678 2628 4749 dignamur
2656 4694 2838 4746 paena.
2877 4679 2916 4730 Α
2951 4678 3228 4734 veteribus
3258 4677 3339 4747 (7)
3367 4677 3511 4731 enim

261 4770 525 4840 ἀξιοῦμεν
559 4770 735 4839 δίκης.
791 4769 1227 4840 Νενομοθέτηται
1260 4773 1358 4841 μὲν
1383 4773 1490 4840 γὰρ
1526 4776 1638 4835 τοῖς
1667 4774 1836 4828 πάλαι

1835 4814 1836 4821 η
1939 4780 2207 4826 statutum
2255 4777 2341 4825 est
2371 4784 2440 4824 ne
2471 4769 2538 4823 ad
2580 4770 2768 4824 hostes
2809 4778 3278 4839 trnnSportentur,
3309 4769 3512 4837 quibus

263 4863 397 4930 περὶ
459 4860 556 4914 106
616 4861 690 4930 μὴ
736 4861 845 4914 δεῖν
906 4859 1044 4929 πρὸς
1099 4862 1226 4924 τοὺς
1277 4861 1568 4930 πολεμίους
1612 4862 1836 4935 διαπορ-

1834 4895 1836 4901 ι
1940 4862 2018 4916 illi
2053 4860 2250 4916 instrui
2288 4859 2668 4929 llrmioresque
2701 4860 2854 4915 reddi
2905 4861 3140 4930 possint,
3170 4874 3236 4913 ac
3269 4857 3511 4912 sanctio-

264 4951 563 5022 θμεύεσθαι
608 4950 646 5004 ἃ
680 4953 1002 5020 συγκροτεῖν
1031 4950 1229 5013 αὐτοὺς
1261 4951 1447 5020 μέλλει
1479 4952 1576 5004 καὶ
1610 4952 1838 5021 βιαιοτέ-

1691 4952 1838 5005 ιιοτέ-
1946 4952 2036 5008 nis
2063 4953 2341 5006 decretum
2373 4957 2782 5019 contemptores
2815 4951 2882 5007 de
2912 4951 3093 5007 medio
3123 4949 3368 5005 tollebat.

267 5061 395 5116 pou;
426 5042 729 5104 ἀποτελεῖν,
775 5040 868 5093 καὶ
911 5042 1036 5104 τοὺς
1066 5043 1483 5112 καταφρονητάς
1513 5043 1607 5096 τοῦ
1641 5043 2007 5114 θεσπίσματος
2034 5043 2212 5113 ψῆφος
2235 5039 2329 5095 τοῦ
2367 5040 2468 5112 ζῇν
2500 5041 2836 5113 ἐξεκόμιζεν.

1529 5159 1766 5215 VARIJE
1798 5159 2195 5215 LEC'I‘IONES.

345 5248 591 5321 “fmdd.
618 5248 1033 5321 neglegam.
1071 5249 1390 5321 Emendavit
1418 5249 1605 5321 Steph.
1693 5251 1738 5283 ⁸⁸
1756 5250 1929 5307 Codd.
1961 5253 2068 5305 διά.
2103 5249 2292 5320 Steph.
2321 5245 2472 5317 conj.
2497 5247 2585 5300 διὰ
2638 5245 2820 5304 10610.
2897 5251 2946 5283 ”
2970 5249 3162 5305 Zuich.
3193 5259 3246 5306 et
3278 5249 3500 5307 Mccrm.

259 5325 376 5378 τόν.
398 5318 574 5390 Vulgo
609 5318 708 5389 τῷ.
729 5318 783 5351 ’⁸⁸
816 5318 1004 5390 Steph.
1038 5321 1184 5391 conj.
1212 5320 1467 5393 δημόσιόν
1497 5318 1567 5376 τι.
1643 5321 1689 5352 ³⁸
1718 5321 1953 5393 Scrimg.
1987 5318 2242 5378 θανάτου.

1764 5432 1998 5491 NOTAE.

341 5528 416 5596 (5)
446 5528 613 5582 Poma
644 5526 764 5598 ejus
789 5526 882 5596 qui
907 5528 1301 5598 rempublicam
1325 5528 1567 5583 vendidit
1590 5531 1833 5598 quadru-

265 5598 622 5670 plizut_hi_c,
658 5597 787 5650 olim
836 5610 1010 5651 morte
1038 5597 1306 5670 allectus.
1352 5609 1408 5653 et
1427 5599 1502 5654 ita
1531 5597 1833 5670 abrogatur

267 5666 305 5725 l.
332 5669 388 5728 3.
414 5668 451 5720 l.
478 5668 530 5728 4,
551 5666 617 5720 C.
655 5681 777 5736 qua;
802 5681 890 5721 res
915 5667 1072 5722 vendi
1095 5684 1202 5721 non
1229 5683 1374 5735 poss.

345 5739 424 5804 (4)
453 5735 706 5798 Arcadio,
736 5735 974 5793 Honorio
988 5745 1042 5792 ct
1071 5736 1278 5792 Thcud.

345 5804 503 5860 tSlD.
537 5807 572 5860 l.
597 5805 652 5860 3.
674 5805 729 5860 d.
753 5806 790 5860 l.
825 5806 877 5859 ι.

2004 5531 2084 5601 (6)
2115 5530 2281 5584 Pcena
2311 5599 2320 5601 _
2353 5545 2443 5601 res
2478 5529 2702 5601 rvctitas
2741 5529 2808 5601 ad
2857 5533 3046 5601 hostes
3091 5526 3503 5601 itranstjehcntis

1935 5596 2075 5656 olim
2105 5599 2357 5669 capitalis
2415 5600 2536 5663 fuit,
2567 5600 2604 5652 Ι.
2652 5600 2706 5660 ι.
2738 5598 2793 5652 If.
2822 5601 2885 5652 ad
2922 5599 2958 5650 I.
3018 5597 3127 5654 .lul.
3185 5596 3397 5669 majest.
3466 5600 3502 5652 Ι.

1937 5671 1992 5731 I.
2025 5670 2080 5733 2,
2106 5665 2319 5739 ϐζίιιιειι
2367 5685 2453 5725 res
2483 5678 2700 5738 export.
2749 5669 2852 5722 alia
2893 5683 3056 5737 poma
3089 5669 3178 5724 hic
3210 5665 3501 5722 constitub

1937 5751 2084 5876 ιυιίίῖ)
2110 5809 2348 5873 Valente,
2375 5809 2657 5874 Gratiano,
2681 5817 2734 5861 ct
2765 5806 3054 5863 Martiano.
