  <div class='ocr_page' id='page_1' title='image "/cluster/home/n/w/nwhite01/storage/ocr_20150623/107/nnc1.0046980040/343.png"; bbox 0 0 4248 6442; ppageno 0'>
   <div class='ocr_carea' id='block_1_1' title="bbox 759 411 864 473">
    <p class='ocr_par' dir='ltr' id='par_1_1' title="bbox 759 411 864 473">
     <span class='ocr_line' id='line_1_1' title="bbox 759 411 864 473; baseline -0.019 -1"><span class='ocrx_word' id='word_1_1' title='bbox 759 411 864 473; x_wconf 77' lang='grc'><strong>563</strong></span> 
     </span>
    </p>
   </div>
   <div class='ocr_carea' id='block_1_2' title="bbox 749 613 2330 686">
    <p class='ocr_par' dir='ltr' id='par_1_2' title="bbox 749 613 2330 686">
     <span class='ocr_line' id='line_1_2' title="bbox 749 613 2330 686; baseline 0.001 -20"><span class='ocrx_word' id='word_1_2' title='bbox 749 616 902 680; x_wconf 88' lang='lat' dir='ltr'><strong>(licet</strong></span> <span class='ocrx_word' id='word_1_3' title='bbox 929 615 1181 670; x_wconf 85' lang='lat' dir='ltr'><strong>acerbam</strong></span> <span class='ocrx_word' id='word_1_4' title='bbox 1226 613 1495 686; x_wconf 92' lang='lat' dir='ltr'><strong>requirat)</strong></span> <span class='ocrx_word' id='word_1_5' title='bbox 1522 615 1895 685; x_wconf 79' lang='lat' dir='ltr'><strong>assignantes,</strong></span> <span class='ocrx_word' id='word_1_6' title='bbox 1960 614 2089 668; x_wconf 84' lang='lat' dir='ltr'><strong>talia</strong></span> <span class='ocrx_word' id='word_1_7' title='bbox 2118 617 2330 669; x_wconf 79' lang='lat' dir='ltr'><strong>consti-</strong></span> 
     </span>
    </p>
   </div>
   <div class='ocr_carea' id='block_1_3' title="bbox 750 705 2329 776">
    <p class='ocr_par' dir='ltr' id='par_1_3' title="bbox 750 705 2329 776">
     <span class='ocr_line' id='line_1_3' title="bbox 750 705 2329 776; baseline 0.002 -17"><span class='ocrx_word' id='word_1_8' title='bbox 750 708 957 761; x_wconf 86' lang='lat' dir='ltr'><strong>tuimus</strong></span> <span class='ocrx_word' id='word_1_9' title='bbox 996 714 1095 759; x_wconf 91' lang='lat' dir='ltr'><strong>:ut</strong></span> <span class='ocrx_word' id='word_1_10' title='bbox 1125 705 1170 759; x_wconf 91' lang='lat' dir='ltr'><strong>si</strong></span> <span class='ocrx_word' id='word_1_11' title='bbox 1210 706 1366 761; x_wconf 86' lang='lat' dir='ltr'><strong>navis</strong></span> <span class='ocrx_word' id='word_1_12' title='bbox 1426 706 1684 761; x_wconf 89' lang='lat' dir='ltr'><strong>dominus</strong></span> <span class='ocrx_word' id='word_1_13' title='bbox 1720 707 1815 771; x_wconf 89' lang='lat' dir='ltr'><strong>sit,</strong></span> <span class='ocrx_word' id='word_1_14' title='bbox 1851 705 1945 776; x_wconf 90' lang='lat' dir='ltr'><strong>qui</strong></span> <span class='ocrx_word' id='word_1_15' title='bbox 1991 722 2082 761; x_wconf 87' lang='lat' dir='ltr'><strong>res</strong></span> <span class='ocrx_word' id='word_1_16' title='bbox 2132 707 2329 762; x_wconf 85' lang='lat' dir='ltr'><strong>vetitas</strong></span> 
     </span>
    </p>
   </div>
   <div class='ocr_carea' id='block_1_4' title="bbox 749 798 2328 865">
    <p class='ocr_par' dir='ltr' id='par_1_4' title="bbox 749 798 2328 865">
     <span class='ocr_line' id='line_1_4' title="bbox 749 798 2328 865; baseline 0.001 -13"><span class='ocrx_word' id='word_1_17' title='bbox 749 802 815 852; x_wconf 80' lang='lat' dir='ltr'><strong>ad</strong></span> <span class='ocrx_word' id='word_1_18' title='bbox 856 798 1039 853; x_wconf 79' lang='lat' dir='ltr'><strong>hostes</strong></span> <span class='ocrx_word' id='word_1_19' title='bbox 1062 800 1385 865; x_wconf 82' lang='lat' dir='ltr'><strong>transvexit,</strong></span> <span class='ocrx_word' id='word_1_20' title='bbox 1410 799 1814 863; x_wconf 79' lang='lat' dir='ltr'><strong>consiliumque</strong></span> <span class='ocrx_word' id='word_1_21' title='bbox 1841 815 1999 855; x_wconf 90' lang='lat' dir='ltr'><strong>suum</strong></span> <span class='ocrx_word' id='word_1_22' title='bbox 2037 814 2164 854; x_wconf 89' lang='lat' dir='ltr'><strong>cum</strong></span> <span class='ocrx_word' id='word_1_23' title='bbox 2190 814 2328 853; x_wconf 87' lang='lat' dir='ltr'><strong>nau-</strong></span> 
     </span>
    </p>
   </div>
   <div class='ocr_carea' id='block_1_5' title="bbox 751 891 2329 960">
    <p class='ocr_par' dir='ltr' id='par_1_5' title="bbox 751 891 2329 960">
     <span class='ocr_line' id='line_1_5' title="bbox 751 891 2329 960; baseline 0.002 -19"><span class='ocrx_word' id='word_1_24' title='bbox 751 891 820 942; x_wconf 91' lang='lat' dir='ltr'><strong>tis</strong></span> <span class='ocrx_word' id='word_1_25' title='bbox 851 903 960 943; x_wconf 89' lang='lat' dir='ltr'><strong>non</strong></span> <span class='ocrx_word' id='word_1_26' title='bbox 995 891 1444 954; x_wconf 89' lang='lat' dir='ltr'><strong>communicarit,</strong></span> <span class='ocrx_word' id='word_1_27' title='bbox 1483 891 1530 944; x_wconf 90' lang='lat' dir='ltr'><strong>is</strong></span> <span class='ocrx_word' id='word_1_28' title='bbox 1562 891 1716 945; x_wconf 89' lang='lat' dir='ltr'><strong>solus</strong></span> <span class='ocrx_word' id='word_1_29' title='bbox 1764 905 1978 960; x_wconf 62' lang='lat' dir='ltr'><strong>poenam</strong></span> <span class='ocrx_word' id='word_1_30' title='bbox 2024 891 2240 952; x_wconf 88' lang='lat' dir='ltr'><strong>subeat.</strong></span> <span class='ocrx_word' id='word_1_31' title='bbox 2275 898 2329 945; x_wconf 91' lang='lat' dir='ltr'><strong>et</strong></span> 
     </span>
    </p>
   </div>
   <div class='ocr_carea' id='block_1_6' title="bbox 748 980 2330 1049">
    <p class='ocr_par' dir='ltr' id='par_1_6' title="bbox 748 980 2330 1049">
     <span class='ocr_line' id='line_1_6' title="bbox 748 980 2330 1049; baseline 0.001 -16"><span class='ocrx_word' id='word_1_32' title='bbox 748 995 911 1047; x_wconf 90' lang='lat' dir='ltr'><strong>supra</strong></span> <span class='ocrx_word' id='word_1_33' title='bbox 942 983 1257 1034; x_wconf 83' lang='lat' dir='ltr'><strong>universum</strong></span> <span class='ocrx_word' id='word_1_34' title='bbox 1289 981 1443 1036; x_wconf 87' lang='lat' dir='ltr'><strong>navis</strong></span> <span class='ocrx_word' id='word_1_35' title='bbox 1475 996 1636 1045; x_wconf 89' lang='lat' dir='ltr'><strong>onus,</strong></span> <span class='ocrx_word' id='word_1_36' title='bbox 1668 982 1718 1035; x_wconf 92' lang='lat' dir='ltr'><strong>ni</strong></span> <span class='ocrx_word' id='word_1_37' title='bbox 1748 982 1925 1048; x_wconf 80' lang='lat' dir='ltr'><strong>ipsum</strong></span> <span class='ocrx_word' id='word_1_38' title='bbox 1958 980 2140 1049; x_wconf 87' lang='lat' dir='ltr'><strong>inopia</strong></span> <span class='ocrx_word' id='word_1_39' title='bbox 2176 982 2330 1035; x_wconf 79' lang='lat' dir='ltr'><strong>valde</strong></span> 
     </span>
    </p>
   </div>
   <div class='ocr_carea' id='block_1_7' title="bbox 751 1074 2329 1141">
    <p class='ocr_par' dir='ltr' id='par_1_7' title="bbox 751 1074 2329 1141">
     <span class='ocr_line' id='line_1_7' title="bbox 751 1074 2329 1141; baseline 0.004 -21"><span class='ocrx_word' id='word_1_40' title='bbox 751 1080 982 1138; x_wconf 76' lang='lat' dir='ltr'><strong>premat,</strong></span> <span class='ocrx_word' id='word_1_41' title='bbox 1021 1075 1358 1141; x_wconf 85' lang='lat' dir='ltr'><strong>reliquorum</strong></span> <span class='ocrx_word' id='word_1_42' title='bbox 1393 1074 1660 1128; x_wconf 85' lang='lat' dir='ltr'><strong>bonorum</strong></span> <span class='ocrx_word' id='word_1_43' title='bbox 1695 1074 1950 1126; x_wconf 89' lang='lat' dir='ltr'><strong>trientem</strong></span> <span class='ocrx_word' id='word_1_44' title='bbox 1990 1074 2155 1126; x_wconf 88' lang='lat' dir='ltr'><strong>etiam</strong></span> <span class='ocrx_word' id='word_1_45' title='bbox 2198 1075 2329 1126; x_wconf 72' lang='lat' dir='ltr'><strong>tisi-.0</strong></span> 
     </span>
    </p>
   </div>
   <div class='ocr_carea' id='block_1_8' title="bbox 752 1163 2331 1233">
    <p class='ocr_par' dir='ltr' id='par_1_8' title="bbox 752 1163 2331 1233">
     <span class='ocr_line' id='line_1_8' title="bbox 752 1163 2331 1233; baseline 0.001 -19"><span class='ocrx_word' id='word_1_46' title='bbox 752 1163 1043 1233; x_wconf 54' lang='lat' dir='ltr'><strong>dependat.</strong></span> <span class='ocrx_word' id='word_1_47' title='bbox 1095 1165 1152 1218; x_wconf 85' lang='lat' dir='ltr'><strong>Si</strong></span> <span class='ocrx_word' id='word_1_48' title='bbox 1198 1179 1330 1218; x_wconf 82' lang='lat' dir='ltr'><strong>vero</strong></span> <span class='ocrx_word' id='word_1_49' title='bbox 1356 1166 1457 1220; x_wconf 87' lang='lat' dir='ltr'><strong>soli</strong></span> <span class='ocrx_word' id='word_1_50' title='bbox 1492 1172 1670 1217; x_wconf 74' lang='lat' dir='ltr'><strong>nauta:</strong></span> <span class='ocrx_word' id='word_1_51' title='bbox 1718 1166 1800 1225; x_wconf 89' lang='lat' dir='ltr'><strong>(ut</strong></span> <span class='ocrx_word' id='word_1_52' title='bbox 1830 1164 1997 1218; x_wconf 89' lang='lat' dir='ltr'><strong>multa</strong></span> <span class='ocrx_word' id='word_1_53' title='bbox 2058 1164 2163 1218; x_wconf 86' lang='lat' dir='ltr'><strong>illis</strong></span> <span class='ocrx_word' id='word_1_54' title='bbox 2226 1179 2331 1216; x_wconf 87' lang='lat' dir='ltr'><strong>ma-</strong></span> 
     </span>
    </p>
   </div>
   <div class='ocr_carea' id='block_1_9' title="bbox 752 1250 2328 1322">
    <p class='ocr_par' dir='ltr' id='par_1_9' title="bbox 752 1250 2328 1322">
     <span class='ocr_line' id='line_1_9' title="bbox 752 1250 2328 1322; baseline -0.001 -17"><span class='ocrx_word' id='word_1_55' title='bbox 752 1252 993 1307; x_wconf 85' lang='lat' dir='ltr'><strong>litiosum</strong></span> <span class='ocrx_word' id='word_1_56' title='bbox 1033 1269 1194 1309; x_wconf 88' lang='lat' dir='ltr'><strong>suum</strong></span> <span class='ocrx_word' id='word_1_57' title='bbox 1248 1254 1488 1308; x_wconf 90' lang='lat' dir='ltr'><strong>animum</strong></span> <span class='ocrx_word' id='word_1_58' title='bbox 1530 1254 1837 1308; x_wconf 88' lang='lat' dir='ltr'><strong>celantibus</strong></span> <span class='ocrx_word' id='word_1_59' title='bbox 1902 1250 2244 1322; x_wconf 81' lang='lat' dir='ltr'><strong>contingunt)</strong></span> <span class='ocrx_word' id='word_1_60' title='bbox 2278 1251 2328 1303; x_wconf 82' lang='lat' dir='ltr'><strong>id</strong></span> 
     </span>
    </p>
   </div>
   <div class='ocr_carea' id='block_1_10' title="bbox 754 1343 2328 1415">
    <p class='ocr_par' dir='ltr' id='par_1_10' title="bbox 754 1343 2328 1415">
     <span class='ocr_line' id='line_1_10' title="bbox 754 1343 2328 1415; baseline -0.001 -20"><span class='ocrx_word' id='word_1_61' title='bbox 754 1344 967 1400; x_wconf 76' lang='lat' dir='ltr'><strong>facinus</strong></span> <span class='ocrx_word' id='word_1_62' title='bbox 994 1346 1111 1401; x_wconf 87' lang='lat' dir='ltr'><strong>ausi</strong></span> <span class='ocrx_word' id='word_1_63' title='bbox 1143 1346 1275 1410; x_wconf 83' lang='lat' dir='ltr'><strong>sint,</strong></span> <span class='ocrx_word' id='word_1_64' title='bbox 1319 1344 1411 1399; x_wconf 88' lang='lat' dir='ltr'><strong>ille</strong></span> <span class='ocrx_word' id='word_1_65' title='bbox 1438 1344 1661 1415; x_wconf 85' lang='lat' dir='ltr'><strong>quidem</strong></span> <span class='ocrx_word' id='word_1_66' title='bbox 1712 1358 1937 1414; x_wconf 86' lang='lat' dir='ltr'><strong>prorsus</strong></span> <span class='ocrx_word' id='word_1_67' title='bbox 1990 1343 2127 1395; x_wconf 85' lang='lat' dir='ltr'><strong>liber</strong></span> <span class='ocrx_word' id='word_1_68' title='bbox 2184 1350 2328 1405; x_wconf 81' lang='lat' dir='ltr'><strong>esto,</strong></span> 
     </span>
    </p>
   </div>
   <div class='ocr_carea' id='block_1_11' title="bbox 755 1433 2333 1506">
    <p class='ocr_par' dir='ltr' id='par_1_11' title="bbox 755 1433 2333 1506">
     <span class='ocr_line' id='line_1_11' title="bbox 755 1433 2333 1506; baseline -0.001 -19"><span class='ocrx_word' id='word_1_69' title='bbox 755 1436 806 1488; x_wconf 87' lang='lat' dir='ltr'><strong>hi</strong></span> <span class='ocrx_word' id='word_1_70' title='bbox 841 1452 967 1489; x_wconf 74' lang='lat' dir='ltr'><strong>vero</strong></span> <span class='ocrx_word' id='word_1_71' title='bbox 1001 1450 1215 1505; x_wconf 67' lang='lat' dir='ltr'><strong>pinnam</strong></span> <span class='ocrx_word' id='word_1_72' title='bbox 1264 1450 1373 1490; x_wconf 84' lang='lat' dir='ltr'><strong>non</strong></span> <span class='ocrx_word' id='word_1_73' title='bbox 1436 1435 1738 1506; x_wconf 80' lang='lat' dir='ltr'><strong>effugiunto</strong></span> <span class='ocrx_word' id='word_1_74' title='bbox 1767 1452 1780 1487; x_wconf 91' lang='lat'><strong>:</strong></span> <span class='ocrx_word' id='word_1_75' title='bbox 1814 1449 1878 1488; x_wconf 90' lang='lat' dir='ltr'><strong>ac</strong></span> <span class='ocrx_word' id='word_1_76' title='bbox 1917 1434 2155 1501; x_wconf 79' lang='lat' dir='ltr'><strong>primum</strong></span> <span class='ocrx_word' id='word_1_77' title='bbox 2208 1433 2333 1501; x_wconf 82' lang='lat' dir='ltr'><strong>qni-</strong></span> 
     </span>
    </p>
   </div>
   <div class='ocr_carea' id='block_1_12' title="bbox 753 1523 2330 1595">
    <p class='ocr_par' dir='ltr' id='par_1_12' title="bbox 753 1523 2330 1595">
     <span class='ocr_line' id='line_1_12' title="bbox 753 1523 2330 1595; baseline -0.003 -17"><span class='ocrx_word' id='word_1_78' title='bbox 753 1526 873 1579; x_wconf 77' lang='lat' dir='ltr'><strong>dein</strong></span> <span class='ocrx_word' id='word_1_79' title='bbox 920 1525 1103 1595; x_wconf 79' lang='lat' dir='ltr'><strong>ﬂagris</strong></span> <span class='ocrx_word' id='word_1_80' title='bbox 1151 1526 1458 1589; x_wconf 67' lang='lat' dir='ltr'><strong>exeduntor,</strong></span> <span class='ocrx_word' id='word_1_81' title='bbox 1490 1536 1719 1594; x_wconf 85' lang='lat' dir='ltr'><strong>cnthue</strong></span> <span class='ocrx_word' id='word_1_82' title='bbox 1780 1533 1939 1579; x_wconf 87' lang='lat' dir='ltr'><strong>tenus</strong></span> <span class='ocrx_word' id='word_1_83' title='bbox 2001 1523 2330 1577; x_wconf 73' lang='lat' dir='ltr'><strong>tondentur:</strong></span> 
     </span>
    </p>
   </div>
   <div class='ocr_carea' id='block_1_13' title="bbox 752 1616 2331 1685">
    <p class='ocr_par' dir='ltr' id='par_1_13' title="bbox 752 1616 2331 1685">
     <span class='ocr_line' id='line_1_13' title="bbox 752 1616 2331 1685; baseline -0.001 -18"><span class='ocrx_word' id='word_1_84' title='bbox 752 1616 947 1668; x_wconf 85' lang='lat' dir='ltr'><strong>deinde</strong></span> <span class='ocrx_word' id='word_1_85' title='bbox 976 1630 1128 1679; x_wconf 86' lang='lat' dir='ltr'><strong>vero,</strong></span> <span class='ocrx_word' id='word_1_86' title='bbox 1169 1616 1213 1672; x_wconf 87' lang='lat' dir='ltr'><strong>si</strong></span> <span class='ocrx_word' id='word_1_87' title='bbox 1237 1616 1436 1672; x_wconf 86' lang='lat' dir='ltr'><strong>divites</strong></span> <span class='ocrx_word' id='word_1_88' title='bbox 1487 1617 1622 1678; x_wconf 88' lang='lat' dir='ltr'><strong>sint,</strong></span> <span class='ocrx_word' id='word_1_89' title='bbox 1672 1630 1863 1670; x_wconf 91' lang='lat' dir='ltr'><strong>eorum</strong></span> <span class='ocrx_word' id='word_1_90' title='bbox 1922 1630 2044 1685; x_wconf 69' lang='lat' dir='ltr'><strong>qua:</strong></span> <span class='ocrx_word' id='word_1_91' title='bbox 2072 1626 2331 1684; x_wconf 76' lang='lat' dir='ltr'><strong>exporta-</strong></span> 
     </span>
    </p>
   </div>
   <div class='ocr_carea' id='block_1_14' title="bbox 752 1707 2331 1778">
    <p class='ocr_par' dir='ltr' id='par_1_14' title="bbox 752 1707 2331 1778">
     <span class='ocr_line' id='line_1_14' title="bbox 752 1707 2331 1778; baseline -0.001 -17"><span class='ocrx_word' id='word_1_92' title='bbox 752 1717 905 1775; x_wconf 85' lang='lat' dir='ltr'><strong>runt,</strong></span> <span class='ocrx_word' id='word_1_93' title='bbox 932 1707 1236 1778; x_wconf 89' lang='lat' dir='ltr'><strong>quadrnplo</strong></span> <span class='ocrx_word' id='word_1_94' title='bbox 1269 1710 1570 1764; x_wconf 90' lang='lat' dir='ltr'><strong>multantor</strong></span> <span class='ocrx_word' id='word_1_95' title='bbox 1596 1726 1610 1763; x_wconf 89' lang='lat'><strong>:</strong></span> <span class='ocrx_word' id='word_1_96' title='bbox 1638 1709 1682 1764; x_wconf 92' lang='lat' dir='ltr'><strong>si</strong></span> <span class='ocrx_word' id='word_1_97' title='bbox 1720 1710 1911 1778; x_wconf 89' lang='lat' dir='ltr'><strong>inopes</strong></span> <span class='ocrx_word' id='word_1_98' title='bbox 1949 1715 2004 1765; x_wconf 91' lang='lat' dir='ltr'><strong>et</strong></span> <span class='ocrx_word' id='word_1_99' title='bbox 2041 1721 2331 1777; x_wconf 85' lang='lat' dir='ltr'><strong>pauperes,</strong></span> 
     </span>
    </p>
   </div>
   <div class='ocr_carea' id='block_1_15' title="bbox 1992 408 2788 472">
    <p class='ocr_par' dir='ltr' id='par_1_15' title="bbox 1992 408 2788 472">
     <span class='ocr_line' id='line_1_15' title="bbox 1992 408 2788 472; baseline 0.001 -2"><span class='ocrx_word' id='word_1_100' title='bbox 1992 408 2181 470; x_wconf 71' lang='lat' dir='ltr'><strong>LEON</strong></span> <span class='ocrx_word' id='word_1_101' title='bbox 2196 410 2265 469; x_wconf 82' lang='lat' dir='ltr'><strong>IS</strong></span> <span class='ocrx_word' id='word_1_102' title='bbox 2320 410 2452 471; x_wconf 83' lang='lat' dir='ltr'><strong>PIII</strong></span> <span class='ocrx_word' id='word_1_103' title='bbox 2466 410 2788 472; x_wconf 76' lang='lat' dir='ltr'><strong>LOSOPHI</strong></span> 
     </span>
    </p>
   </div>
   <div class='ocr_carea' id='block_1_16' title="bbox 822 521 2404 593">
    <p class='ocr_par' dir='ltr' id='par_1_16' title="bbox 822 521 2404 593">
     <span class='ocr_line' id='line_1_16' title="bbox 822 521 2404 593; baseline -0.001 -16"><span class='ocrx_word' id='word_1_104' title='bbox 822 524 932 578; x_wconf 81' lang='lat' dir='ltr'><strong>Nos</strong></span> <span class='ocrx_word' id='word_1_105' title='bbox 956 538 1086 579; x_wconf 85' lang='lat' dir='ltr'><strong>vero</strong></span> <span class='ocrx_word' id='word_1_106' title='bbox 1117 521 1204 578; x_wconf 91' lang='lat' dir='ltr'><strong>isti</strong></span> <span class='ocrx_word' id='word_1_107' title='bbox 1232 535 1452 593; x_wconf 86' lang='lat' dir='ltr'><strong>quoque</strong></span> <span class='ocrx_word' id='word_1_108' title='bbox 1499 521 1722 577; x_wconf 85' lang='lat' dir='ltr'><strong>crimini</strong></span> <span class='ocrx_word' id='word_1_109' title='bbox 1775 523 2050 577; x_wconf 82' lang='lat' dir='ltr'><strong>mitiorem</strong></span> <span class='ocrx_word' id='word_1_110' title='bbox 2109 538 2326 592; x_wconf 67' lang='lat' dir='ltr'><strong>paruam</strong></span> <span class='ocrx_word' id='word_1_111' title='bbox 2360 534 2404 587; x_wconf 74' lang='grc' dir='ltr'><strong><em>Α</em></strong></span> 
     </span>
    </p>
   </div>
   <div class='ocr_carea' id='block_1_17' title="bbox 2526 522 4037 597">
    <p class='ocr_par' dir='ltr' id='par_1_17' title="bbox 2526 522 4037 597">
     <span class='ocr_line' id='line_1_17' title="bbox 2526 522 4037 597; baseline 0 -19"><span class='ocrx_word' id='word_1_112' title='bbox 2526 524 2723 592; x_wconf 80' lang='grc' dir='ltr'><strong>Ἡμεῖς</strong></span> <span class='ocrx_word' id='word_1_113' title='bbox 2749 524 2806 578; x_wconf 82' lang='grc' dir='ltr'><strong>δὲ</strong></span> <span class='ocrx_word' id='word_1_114' title='bbox 2840 522 2935 577; x_wconf 76' lang='grc' dir='ltr'><strong>καὶ</strong></span> <span class='ocrx_word' id='word_1_115' title='bbox 2963 522 3141 589; x_wconf 83' lang='grc' dir='ltr'><strong>τοῦτο,</strong></span> <span class='ocrx_word' id='word_1_116' title='bbox 3169 522 3218 579; x_wconf 78' lang='grc' dir='ltr'><strong>εί</strong></span> <span class='ocrx_word' id='word_1_117' title='bbox 3256 523 3352 578; x_wconf 72' lang='grc' dir='ltr'><strong>καὶ</strong></span> <span class='ocrx_word' id='word_1_118' title='bbox 3384 524 3635 596; x_wconf 79' lang='grc' dir='ltr'><strong>δριμεῖαν</strong></span> <span class='ocrx_word' id='word_1_119' title='bbox 3668 526 3895 581; x_wconf 85' lang='grc' dir='ltr'><strong>ἀπαιτεῖ</strong></span> <span class='ocrx_word' id='word_1_120' title='bbox 3922 528 4037 597; x_wconf 73' lang='grc' dir='ltr'><strong>τὴν</strong></span> 
     </span>
    </p>
   </div>
   <div class='ocr_carea' id='block_1_18' title="bbox 2430 614 4034 686">
    <p class='ocr_par' dir='ltr' id='par_1_18' title="bbox 2430 614 4034 686">
     <span class='ocr_line' id='line_1_18' title="bbox 2430 614 4034 686; baseline 0.003 -19"><span class='ocrx_word' id='word_1_121' title='bbox 2430 614 2646 683; x_wconf 83' lang='grc' dir='ltr'><strong>ποινὴν,</strong></span> <span class='ocrx_word' id='word_1_122' title='bbox 2677 615 2827 684; x_wconf 78' lang='grc' dir='ltr'><strong>ὅμως</strong></span> <span class='ocrx_word' id='word_1_123' title='bbox 2857 614 3342 686; x_wconf 73' lang='grc' dir='ltr'><strong>φιλανθρωποτέρᾳ</strong></span> <span class='ocrx_word' id='word_1_124' title='bbox 3379 615 3611 681; x_wconf 84' lang='grc' dir='ltr'><strong>διδόντες</strong></span> <span class='ocrx_word' id='word_1_125' title='bbox 3663 618 3889 673; x_wconf 76' lang='grc' dir='ltr'><strong>τοιαῦτα</strong></span> <span class='ocrx_word' id='word_1_126' title='bbox 3936 621 4034 672; x_wconf 85' lang='grc' dir='ltr'><strong>δι-</strong></span> 
     </span>
    </p>
   </div>
   <div class='ocr_carea' id='block_1_19' title="bbox 2430 703 4037 776">
    <p class='ocr_par' dir='ltr' id='par_1_19' title="bbox 2430 703 4037 776">
     <span class='ocr_line' id='line_1_19' title="bbox 2430 703 4037 776; baseline 0.003 -20"><span class='ocrx_word' id='word_1_127' title='bbox 2430 704 2751 772; x_wconf 77' lang='grc' dir='ltr'><strong>οριζόμεθαο</strong></span> <span class='ocrx_word' id='word_1_128' title='bbox 2784 705 2832 757; x_wconf 86' lang='grc' dir='ltr'><strong>εἰ</strong></span> <span class='ocrx_word' id='word_1_129' title='bbox 2864 704 2964 773; x_wconf 81' lang='grc' dir='ltr'><strong>μὲν</strong></span> <span class='ocrx_word' id='word_1_130' title='bbox 2994 703 3082 774; x_wconf 80' lang='grc' dir='ltr'><strong>εἴη</strong></span> <span class='ocrx_word' id='word_1_131' title='bbox 3108 704 3299 774; x_wconf 83' lang='grc' dir='ltr'><strong>κύριος</strong></span> <span class='ocrx_word' id='word_1_132' title='bbox 3331 707 3430 775; x_wconf 86' lang='grc' dir='ltr'><strong>τῆς</strong></span> <span class='ocrx_word' id='word_1_133' title='bbox 3460 706 3597 772; x_wconf 90' lang='grc' dir='ltr'><strong>νεὼς</strong></span> <span class='ocrx_word' id='word_1_134' title='bbox 3620 707 3648 761; x_wconf 85' lang='grc' dir='ltr'>ὁ</span> <span class='ocrx_word' id='word_1_135' title='bbox 3678 707 3786 760; x_wconf 90' lang='grc' dir='ltr'><strong>τῶν</strong></span> <span class='ocrx_word' id='word_1_136' title='bbox 3810 710 4037 776; x_wconf 76' lang='grc' dir='ltr'><strong>ἀπηγο-</strong></span> 
     </span>
    </p>
   </div>
   <div class='ocr_carea' id='block_1_20' title="bbox 2434 793 4034 868">
    <p class='ocr_par' dir='ltr' id='par_1_20' title="bbox 2434 793 4034 868">
     <span class='ocr_line' id='line_1_20' title="bbox 2434 793 4034 868; baseline 0.002 -22"><span class='ocrx_word' id='word_1_137' title='bbox 2434 794 2716 864; x_wconf 81' lang='grc' dir='ltr'><strong>ρευμένων</strong></span> <span class='ocrx_word' id='word_1_138' title='bbox 2745 793 3162 864; x_wconf 75' lang='grc' dir='ltr'><strong>διακομίζεσθαι</strong></span> <span class='ocrx_word' id='word_1_139' title='bbox 3202 797 3315 858; x_wconf 89' lang='grc' dir='ltr'><strong>τοῖς</strong></span> <span class='ocrx_word' id='word_1_140' title='bbox 3342 796 3605 859; x_wconf 78' lang='grc' dir='ltr'><strong>ἐναντίοις</strong></span> <span class='ocrx_word' id='word_1_141' title='bbox 3637 797 3737 868; x_wconf 79' lang='grc' dir='ltr'><strong>τὴν</strong></span> <span class='ocrx_word' id='word_1_142' title='bbox 3780 798 4034 864; x_wconf 79' lang='grc' dir='ltr'><strong>εἰσαγω-</strong></span> 
     </span>
    </p>
   </div>
   <div class='ocr_carea' id='block_1_21' title="bbox 2430 886 4033 958">
    <p class='ocr_par' dir='ltr' id='par_1_21' title="bbox 2430 886 4033 958">
     <span class='ocr_line' id='line_1_21' title="bbox 2430 886 4033 958; baseline -0.007 -5"><span class='ocrx_word' id='word_1_143' title='bbox 2430 886 2534 955; x_wconf 78' lang='grc' dir='ltr'><strong>γῆν</strong></span> <span class='ocrx_word' id='word_1_144' title='bbox 2570 887 2964 957; x_wconf 65' lang='grc' dir='ltr'><strong>ποιησάμενος.</strong></span> <span class='ocrx_word' id='word_1_145' title='bbox 3023 886 3249 957; x_wconf 84' lang='grc' dir='ltr'><strong>γνώμης</strong></span> <span class='ocrx_word' id='word_1_146' title='bbox 3298 888 3373 957; x_wconf 87' lang='grc' dir='ltr'><strong>μὴ</strong></span> <span class='ocrx_word' id='word_1_147' title='bbox 3430 887 3479 919; x_wconf 84' lang='grc'><strong>⁸⁸</strong></span> <span class='ocrx_word' id='word_1_148' title='bbox 3534 891 3876 958; x_wconf 80' lang='grc' dir='ltr'><strong>κοινωνήσας</strong></span> <span class='ocrx_word' id='word_1_149' title='bbox 3907 894 4033 953; x_wconf 84' lang='grc' dir='ltr'><strong>τοῖς</strong></span> 
     </span>
    </p>
   </div>
   <div class='ocr_carea' id='block_1_22' title="bbox 2432 979 4032 1051">
    <p class='ocr_par' dir='ltr' id='par_1_22' title="bbox 2432 979 4032 1051">
     <span class='ocr_line' id='line_1_22' title="bbox 2432 979 4032 1051; baseline 0.004 -20"><span class='ocrx_word' id='word_1_150' title='bbox 2432 979 2680 1044; x_wconf 75' lang='grc' dir='ltr'><strong>ναύταις,</strong></span> <span class='ocrx_word' id='word_1_151' title='bbox 2730 979 2892 1049; x_wconf 85' lang='grc' dir='ltr'><strong>μόνος</strong></span> <span class='ocrx_word' id='word_1_152' title='bbox 2948 979 3265 1048; x_wconf 80' lang='grc' dir='ltr'><strong>ὑφιστάσθω</strong></span> <span class='ocrx_word' id='word_1_153' title='bbox 3312 980 3412 1050; x_wconf 82' lang='grc' dir='ltr'><strong>τὴν</strong></span> <span class='ocrx_word' id='word_1_154' title='bbox 3467 980 3663 1051; x_wconf 85' lang='grc' dir='ltr'><strong>ποινὴν</strong></span> <span class='ocrx_word' id='word_1_155' title='bbox 3723 983 3818 1037; x_wconf 67' lang='grc' dir='ltr'><strong>καὶ</strong></span> <span class='ocrx_word' id='word_1_156' title='bbox 3858 984 3938 1037; x_wconf 82' lang='grc' dir='ltr'><strong>ἐτι</strong></span> <span class='ocrx_word' id='word_1_157' title='bbox 3981 984 4032 1014; x_wconf 72' lang='grc'>⁸⁸</span> 
     </span>
    </p>
   </div>
   <div class='ocr_carea' id='block_1_23' title="bbox 2432 1069 4031 1143">
    <p class='ocr_par' dir='ltr' id='par_1_23' title="bbox 2432 1069 4031 1143">
     <span class='ocr_line' id='line_1_23' title="bbox 2432 1069 4031 1143; baseline 0.003 -20"><span class='ocrx_word' id='word_1_158' title='bbox 2432 1069 2634 1134; x_wconf 76' lang='grc' dir='ltr'><strong>παντὸς</strong></span> <span class='ocrx_word' id='word_1_159' title='bbox 2673 1072 2769 1124; x_wconf 85' lang='grc' dir='ltr'><strong>τοῦ</strong></span> <span class='ocrx_word' id='word_1_160' title='bbox 2824 1070 3025 1140; x_wconf 78' lang='grc' dir='ltr'><strong>φόρτου</strong></span> <span class='ocrx_word' id='word_1_161' title='bbox 3056 1111 3071 1133; x_wconf 93' lang='grc'><strong>,</strong></span> <span class='ocrx_word' id='word_1_162' title='bbox 3115 1071 3210 1124; x_wconf 74' lang='grc' dir='ltr'><strong>καὶ</strong></span> <span class='ocrx_word' id='word_1_163' title='bbox 3267 1073 3320 1124; x_wconf 85' lang='grc' dir='ltr'><strong>εῖ</strong></span> <span class='ocrx_word' id='word_1_164' title='bbox 3357 1089 3422 1140; x_wconf 87' lang='grc' dir='ltr'><strong>γε</strong></span> <span class='ocrx_word' id='word_1_165' title='bbox 3485 1072 3560 1143; x_wconf 85' lang='grc' dir='ltr'><strong>μὴ</strong></span> <span class='ocrx_word' id='word_1_166' title='bbox 3612 1072 3755 1127; x_wconf 77' lang='grc' dir='ltr'><strong>πάνυ</strong></span> <span class='ocrx_word' id='word_1_167' title='bbox 3811 1076 4031 1143; x_wconf 76' lang='grc' dir='ltr'><strong>ἀπορία</strong></span> 
     </span>
    </p>
   </div>
   <div class='ocr_carea' id='block_1_24' title="bbox 2431 1162 4029 1236">
    <p class='ocr_par' dir='ltr' id='par_1_24' title="bbox 2431 1162 4029 1236">
     <span class='ocr_line' id='line_1_24' title="bbox 2431 1162 4029 1236; baseline 0.003 -21"><span class='ocrx_word' id='word_1_168' title='bbox 2431 1162 2630 1229; x_wconf 77' lang='grc' dir='ltr'><strong>πιέζοι,</strong></span> <span class='ocrx_word' id='word_1_169' title='bbox 2672 1163 2765 1216; x_wconf 72' lang='grc' dir='ltr'><strong>καὶ</strong></span> <span class='ocrx_word' id='word_1_170' title='bbox 2789 1163 2979 1233; x_wconf 79' lang='grc' dir='ltr'>τρίτην</span> <span class='ocrx_word' id='word_1_171' title='bbox 3014 1163 3112 1233; x_wconf 84' lang='grc' dir='ltr'><strong>τῆς</strong></span> <span class='ocrx_word' id='word_1_172' title='bbox 3141 1164 3305 1234; x_wconf 84' lang='grc' dir='ltr'>ἄλλης</span> <span class='ocrx_word' id='word_1_173' title='bbox 3365 1165 3685 1233; x_wconf 78' lang='grc' dir='ltr'><strong>περιουσίας</strong></span> <span class='ocrx_word' id='word_1_174' title='bbox 3702 1164 3793 1236; x_wconf 79' lang='grc' dir='ltr'><strong>τῷ</strong></span> <span class='ocrx_word' id='word_1_175' title='bbox 3840 1167 4029 1235; x_wconf 84' lang='grc' dir='ltr'><strong>δημο-</strong></span> 
     </span>
    </p>
   </div>
   <div class='ocr_carea' id='block_1_25' title="bbox 2437 1254 4029 1327">
    <p class='ocr_par' dir='ltr' id='par_1_25' title="bbox 2437 1254 4029 1327">
     <span class='ocr_line' id='line_1_25' title="bbox 2437 1254 4029 1327; baseline 0.004 -21"><span class='ocrx_word' id='word_1_176' title='bbox 2437 1254 2536 1324; x_wconf 84' lang='grc' dir='ltr'><strong>σίῳ</strong></span> <span class='ocrx_word' id='word_1_177' title='bbox 2566 1255 2954 1308; x_wconf 82' lang='grc' dir='ltr'><strong>καταϐαλλέτω</strong></span> <span class='ocrx_word' id='word_1_178' title='bbox 2994 1258 3208 1325; x_wconf 79' lang='grc' dir='ltr'><strong>μοῖραν.</strong></span> <span class='ocrx_word' id='word_1_179' title='bbox 3262 1257 3323 1309; x_wconf 86' lang='grc' dir='ltr'><strong>Εί</strong></span> <span class='ocrx_word' id='word_1_180' title='bbox 3370 1256 3428 1309; x_wconf 83' lang='grc' dir='ltr'><strong>δὲ</strong></span> <span class='ocrx_word' id='word_1_181' title='bbox 3469 1259 3607 1327; x_wconf 73' lang='grc' dir='ltr'><strong>πρὸς</strong></span> <span class='ocrx_word' id='word_1_182' title='bbox 3656 1259 3786 1322; x_wconf 81' lang='grc' dir='ltr'><strong>τοὺς</strong></span> <span class='ocrx_word' id='word_1_183' title='bbox 3815 1259 4029 1322; x_wconf 85' lang='grc' dir='ltr'><strong>ναύτας</strong></span> 
     </span>
    </p>
   </div>
   <div class='ocr_carea' id='block_1_26' title="bbox 2433 1341 4026 1420">
    <p class='ocr_par' dir='ltr' id='par_1_26' title="bbox 2433 1341 4026 1420">
     <span class='ocr_line' id='line_1_26' title="bbox 2433 1341 4026 1420; baseline 0.004 -22"><span class='ocrx_word' id='word_1_184' title='bbox 2433 1345 2495 1398; x_wconf 82' lang='grc' dir='ltr'><strong>τὸ</strong></span> <span class='ocrx_word' id='word_1_185' title='bbox 2515 1344 2784 1416; x_wconf 76' lang='grc' dir='ltr'><strong>τολμηθὲν</strong></span> <span class='ocrx_word' id='word_1_186' title='bbox 2806 1347 2990 1417; x_wconf 78' lang='grc' dir='ltr'><strong>ἀφορᾷ</strong></span> <span class='ocrx_word' id='word_1_187' title='bbox 3025 1341 3135 1415; x_wconf 73' lang='grc' dir='ltr'><strong>(οἷα</strong></span> <span class='ocrx_word' id='word_1_188' title='bbox 3179 1344 3350 1401; x_wconf 83' lang='grc' dir='ltr'><strong>πολλὰ</strong></span> <span class='ocrx_word' id='word_1_189' title='bbox 3383 1348 3674 1418; x_wconf 90' lang='grc' dir='ltr'><strong>συμϐαίνει</strong></span> <span class='ocrx_word' id='word_1_190' title='bbox 3719 1351 3820 1420; x_wconf 82' lang='grc' dir='ltr'><strong>τὴν</strong></span> <span class='ocrx_word' id='word_1_191' title='bbox 3848 1367 4026 1419; x_wconf 81' lang='grc' dir='ltr'><strong>πονη-</strong></span> 
     </span>
    </p>
   </div>
   <div class='ocr_carea' id='block_1_27' title="bbox 2436 1438 4026 1511">
    <p class='ocr_par' dir='ltr' id='par_1_27' title="bbox 2436 1438 4026 1511">
     <span class='ocr_line' id='line_1_27' title="bbox 2436 1438 4026 1511; baseline 0.003 -20"><span class='ocrx_word' id='word_1_192' title='bbox 2436 1439 2561 1509; x_wconf 88' lang='grc' dir='ltr'><strong>ρίαν</strong></span> <span class='ocrx_word' id='word_1_193' title='bbox 2589 1438 3107 1509; x_wconf 75' lang='grc' dir='ltr'><strong>ἀποκρυψαμένων),</strong></span> <span class='ocrx_word' id='word_1_194' title='bbox 3141 1441 3169 1491; x_wconf 87' lang='grc' dir='ltr'><strong>ό</strong></span> <span class='ocrx_word' id='word_1_195' title='bbox 3216 1441 3315 1510; x_wconf 84' lang='grc' dir='ltr'><strong>μὲν</strong></span> <span class='ocrx_word' id='word_1_196' title='bbox 3346 1440 3587 1511; x_wconf 84' lang='grc' dir='ltr'><strong>ἀμείνων</strong></span> <span class='ocrx_word' id='word_1_197' title='bbox 3618 1441 3759 1495; x_wconf 75' lang='grc' dir='ltr'><strong>ἔστω</strong></span> <span class='ocrx_word' id='word_1_198' title='bbox 3799 1444 4026 1511; x_wconf 77' lang='grc' dir='ltr'><strong>ποινῆς,</strong></span> 
     </span>
    </p>
   </div>
   <div class='ocr_carea' id='block_1_28' title="bbox 2432 1529 4027 1604">
    <p class='ocr_par' dir='ltr' id='par_1_28' title="bbox 2432 1529 4027 1604">
     <span class='ocr_line' id='line_1_28' title="bbox 2432 1529 4027 1604; baseline 0.003 -21"><span class='ocrx_word' id='word_1_199' title='bbox 2432 1530 2483 1583; x_wconf 89' lang='grc' dir='ltr'><strong>οί</strong></span> <span class='ocrx_word' id='word_1_200' title='bbox 2527 1530 2593 1582; x_wconf 86' lang='grc' dir='ltr'><strong>δὲ’</strong></span> <span class='ocrx_word' id='word_1_201' title='bbox 2619 1529 2719 1601; x_wconf 84' lang='grc' dir='ltr'><strong>τὴν</strong></span> <span class='ocrx_word' id='word_1_202' title='bbox 2744 1530 2901 1600; x_wconf 84' lang='grc' dir='ltr'><strong>δίκην</strong></span> <span class='ocrx_word' id='word_1_203' title='bbox 2929 1532 2990 1584; x_wconf 76' lang='grc' dir='ltr'><strong>οὐ</strong></span> <span class='ocrx_word' id='word_1_204' title='bbox 3020 1531 3369 1586; x_wconf 81' lang='grc' dir='ltr'><strong>διαλύσουσιν</strong></span> <span class='ocrx_word' id='word_1_205' title='bbox 3390 1534 3458 1596; x_wconf 84' lang='grc'><strong>⁸⁸,</strong></span> <span class='ocrx_word' id='word_1_206' title='bbox 3500 1534 3639 1587; x_wconf 83' lang='grc' dir='ltr'><strong>ἀλλά</strong></span> <span class='ocrx_word' id='word_1_207' title='bbox 3667 1534 3887 1604; x_wconf 86' lang='grc' dir='ltr'><strong>πρῶτον</strong></span> <span class='ocrx_word' id='word_1_208' title='bbox 3920 1535 4027 1604; x_wconf 79' lang='grc' dir='ltr'><strong>μὲν</strong></span> 
     </span>
    </p>
   </div>
   <div class='ocr_carea' id='block_1_29' title="bbox 2431 1618 4028 1695">
    <p class='ocr_par' dir='ltr' id='par_1_29' title="bbox 2431 1618 4028 1695">
     <span class='ocr_line' id='line_1_29' title="bbox 2431 1618 4028 1695; baseline 0.003 -24"><span class='ocrx_word' id='word_1_209' title='bbox 2431 1620 2553 1681; x_wconf 91' lang='grc' dir='ltr'><strong>ταῖς</strong></span> <span class='ocrx_word' id='word_1_210' title='bbox 2587 1619 2669 1682; x_wconf 85' lang='grc' dir='ltr'><strong>είς</strong></span> <span class='ocrx_word' id='word_1_211' title='bbox 2708 1618 2772 1672; x_wconf 78' lang='grc' dir='ltr'><strong>τὸ</strong></span> <span class='ocrx_word' id='word_1_212' title='bbox 2802 1621 2962 1691; x_wconf 86' lang='grc' dir='ltr'><strong>σῶμα</strong></span> <span class='ocrx_word' id='word_1_213' title='bbox 3001 1621 3238 1693; x_wconf 79' lang='grc' dir='ltr'><strong>πληγαῖς</strong></span> <span class='ocrx_word' id='word_1_214' title='bbox 3271 1622 3366 1675; x_wconf 76' lang='grc' dir='ltr'><strong>καὶ</strong></span> <span class='ocrx_word' id='word_1_215' title='bbox 3413 1625 3481 1693; x_wconf 71' lang='grc' dir='ltr'><strong>τῇ</strong></span> <span class='ocrx_word' id='word_1_216' title='bbox 3513 1625 3569 1675; x_wconf 86' lang='grc' dir='ltr'><strong>ἐν</strong></span> <span class='ocrx_word' id='word_1_217' title='bbox 3600 1623 3719 1695; x_wconf 83' lang='grc' dir='ltr'><strong>χρῷ</strong></span> <span class='ocrx_word' id='word_1_218' title='bbox 3758 1624 4028 1694; x_wconf 84' lang='grc' dir='ltr'><strong>τιμωρεί-</strong></span> 
     </span>
    </p>
   </div>
   <div class='ocr_carea' id='block_1_30' title="bbox 2435 1710 4026 1785">
    <p class='ocr_par' dir='ltr' id='par_1_30' title="bbox 2435 1710 4026 1785">
     <span class='ocr_line' id='line_1_30' title="bbox 2435 1710 4026 1785; baseline 0.004 -23"><span class='ocrx_word' id='word_1_219' title='bbox 2435 1710 2652 1763; x_wconf 84' lang='grc' dir='ltr'><strong>σθωσαν</strong></span> <span class='ocrx_word' id='word_1_220' title='bbox 2678 1710 2924 1781; x_wconf 73' lang='grc' dir='ltr'><strong>κουρείᾳ,</strong></span> <span class='ocrx_word' id='word_1_221' title='bbox 2951 1711 3145 1765; x_wconf 74' lang='grc' dir='ltr'><strong>ἔπειτα</strong></span> <span class='ocrx_word' id='word_1_222' title='bbox 3170 1712 3229 1766; x_wconf 78' lang='grc' dir='ltr'><strong>δὲ</strong></span> <span class='ocrx_word' id='word_1_223' title='bbox 3270 1712 3585 1784; x_wconf 82' lang='grc' dir='ltr'><strong>προσούσης</strong></span> <span class='ocrx_word' id='word_1_224' title='bbox 3610 1714 3877 1785; x_wconf 81' lang='grc' dir='ltr'><strong>εὐπορίας</strong></span> <span class='ocrx_word' id='word_1_225' title='bbox 3927 1732 4026 1768; x_wconf 90' lang='grc' dir='ltr'><strong>τε-</strong></span> 
     </span>
    </p>
   </div>
   <div class='ocr_carea' id='block_1_31' title="bbox 752 1798 2429 1877">
    <p class='ocr_par' dir='ltr' id='par_1_31' title="bbox 752 1799 2397 1877">
     <span class='ocr_line' id='line_1_31' title="bbox 752 1799 2397 1877; baseline -0.002 -21"><span class='ocrx_word' id='word_1_226' title='bbox 752 1817 918 1871; x_wconf 82' lang='lat' dir='ltr'><strong>supra</strong></span> <span class='ocrx_word' id='word_1_227' title='bbox 950 1802 1177 1855; x_wconf 86' lang='lat' dir='ltr'><strong>verbera</strong></span> <span class='ocrx_word' id='word_1_228' title='bbox 1212 1800 1633 1872; x_wconf 80' lang='lat' dir='ltr'><strong>ignominiosam</strong></span> <span class='ocrx_word' id='word_1_229' title='bbox 1654 1803 1990 1866; x_wconf 82' lang='lat' dir='ltr'><strong>tonsionem,</strong></span> <span class='ocrx_word' id='word_1_230' title='bbox 2026 1800 2172 1870; x_wconf 86' lang='lat' dir='ltr'><strong>quod</strong></span> <span class='ocrx_word' id='word_1_231' title='bbox 2194 1799 2332 1853; x_wconf 84' lang='lat' dir='ltr'><strong>alios</strong></span> <span class='ocrx_word' id='word_1_232' title='bbox 2363 1871 2397 1877; x_wconf 35' lang='grc' dir='ltr'><strong>λ</strong></span> 
     </span>
    </p>
   </div>
   <div class='ocr_carea' id='block_1_32' title="bbox 2340 1798 4017 1877">
    <p class='ocr_par' dir='ltr' id='par_1_32' title="bbox 2363 1798 4017 1877">
     <span class='ocr_line' id='line_1_32' title="bbox 2363 1798 4017 1877; baseline 0.003 -22"><span class='ocrx_word' id='word_1_233' title='bbox 2363 1871 2397 1877; x_wconf 36' lang='grc' dir='ltr'><strong>λ</strong></span> <span class='ocrx_word' id='word_1_234' title='bbox 2438 1801 2750 1870; x_wconf 84' lang='grc' dir='ltr'><strong>τραπλάσια</strong></span> <span class='ocrx_word' id='word_1_235' title='bbox 2783 1800 3209 1873; x_wconf 76' lang='grc' dir='ltr'><strong>ζημιούσθωσαν</strong></span> <span class='ocrx_word' id='word_1_236' title='bbox 3263 1798 3338 1859; x_wconf 82' lang='grc' dir='ltr'><strong>ὧν</strong></span> <span class='ocrx_word' id='word_1_237' title='bbox 3382 1805 3771 1875; x_wconf 81' lang='grc' dir='ltr'><strong>εἰσαγωγίμων</strong></span> <span class='ocrx_word' id='word_1_238' title='bbox 3816 1808 4017 1877; x_wconf 84' lang='grc' dir='ltr'><strong>ἐποιή-</strong></span> 
     </span>
    </p>
   </div>
   <div class='ocr_carea' id='block_1_33' title="bbox 755 1871 2432 1966">
    <p class='ocr_par' dir='ltr' id='par_1_33' title="bbox 755 1871 2406 1956">
     <span class='ocr_line' id='line_1_33' title="bbox 755 1871 2406 1956; baseline -0.002 -13"><span class='ocrx_word' id='word_1_239' title='bbox 755 1891 811 1945; x_wconf 84' lang='grc' dir='ltr'><strong>ἱιι</strong></span> <span class='ocrx_word' id='word_1_240' title='bbox 859 1890 1174 1945; x_wconf 81' lang='lat' dir='ltr'><strong>servitutem</strong></span> <span class='ocrx_word' id='word_1_241' title='bbox 1238 1877 1590 1956; x_wconf 80' lang='lat' dir='ltr'><strong>tradiderint,</strong></span> <span class='ocrx_word' id='word_1_242' title='bbox 1634 1892 1942 1947; x_wconf 88' lang='lat' dir='ltr'><strong>libertatem</strong></span> <span class='ocrx_word' id='word_1_243' title='bbox 2007 1891 2326 1945; x_wconf 87' lang='lat' dir='ltr'><strong>amittunto.</strong></span> <span class='ocrx_word' id='word_1_244' title='bbox 2363 1871 2406 1930; x_wconf 77' lang='grc' dir='ltr'><strong><em>Β</em></strong></span> 
     </span>
    </p>
   </div>
   <div class='ocr_carea' id='block_1_34' title="bbox 2350 1871 4027 1966">
    <p class='ocr_par' dir='ltr' id='par_1_34' title="bbox 2363 1871 4027 1966">
     <span class='ocr_line' id='line_1_34' title="bbox 2363 1871 4027 1966; baseline 0 -19"><span class='ocrx_word' id='word_1_245' title='bbox 2363 1871 2406 1930; x_wconf 71' lang='grc' dir='ltr'><strong><em>Β</em></strong></span> <span class='ocrx_word' id='word_1_246' title='bbox 2441 1911 2623 1949; x_wconf 74' lang='grc' dir='ltr'><strong>σαντοο</strong></span> <span class='ocrx_word' id='word_1_247' title='bbox 2682 1898 2731 1949; x_wconf 82' lang='grc' dir='ltr'><strong>εί</strong></span> <span class='ocrx_word' id='word_1_248' title='bbox 2760 1894 2804 1948; x_wconf 82' lang='grc' dir='ltr'><strong>δ’</strong></span> <span class='ocrx_word' id='word_1_249' title='bbox 2839 1871 2973 1949; x_wconf 14' lang='grc' dir='ltr'><strong>Ἵεῐεν</strong></span> <span class='ocrx_word' id='word_1_250' title='bbox 3001 1895 3197 1966; x_wconf 76' lang='grc' dir='ltr'><strong>ἄποροί</strong></span> <span class='ocrx_word' id='word_1_251' title='bbox 3243 1912 3304 1948; x_wconf 89' lang='grc' dir='ltr'><strong>τε</strong></span> <span class='ocrx_word' id='word_1_252' title='bbox 3332 1896 3429 1949; x_wconf 73' lang='grc' dir='ltr'><strong>καὶ</strong></span> <span class='ocrx_word' id='word_1_253' title='bbox 3467 1871 3717 1965; x_wconf 65' lang='grc' dir='ltr'><strong>πένητες,</strong></span> <span class='ocrx_word' id='word_1_254' title='bbox 3771 1871 4027 1951; x_wconf 75' lang='grc' dir='ltr'><strong>εστωσαν</strong></span> 
     </span>
    </p>
   </div>
   <div class='ocr_carea' id='block_1_35' title="bbox 753 1982 2333 2053">
    <p class='ocr_par' dir='ltr' id='par_1_35' title="bbox 753 1982 2333 2053">
     <span class='ocr_line' id='line_1_35' title="bbox 753 1982 2333 2053; baseline 0 -18"><span class='ocrx_word' id='word_1_255' title='bbox 753 1982 888 2036; x_wconf 82' lang='lat' dir='ltr'><strong>Nam</strong></span> <span class='ocrx_word' id='word_1_256' title='bbox 925 1983 1043 2052; x_wconf 88' lang='lat' dir='ltr'><strong>qui,</strong></span> <span class='ocrx_word' id='word_1_257' title='bbox 1096 1996 1361 2053; x_wconf 89' lang='lat' dir='ltr'><strong>quantum</strong></span> <span class='ocrx_word' id='word_1_258' title='bbox 1385 1985 1440 2038; x_wconf 91' lang='lat' dir='ltr'><strong>in</strong></span> <span class='ocrx_word' id='word_1_259' title='bbox 1473 1999 1532 2039; x_wconf 88' lang='lat' dir='ltr'><strong>se</strong></span> <span class='ocrx_word' id='word_1_260' title='bbox 1561 1992 1668 2046; x_wconf 83' lang='lat' dir='ltr'><strong>est.</strong></span> <span class='ocrx_word' id='word_1_261' title='bbox 1703 2000 1810 2039; x_wconf 89' lang='lat' dir='ltr'><strong>non</strong></span> <span class='ocrx_word' id='word_1_262' title='bbox 1846 1983 2010 2038; x_wconf 86' lang='lat' dir='ltr'><strong>modo</strong></span> <span class='ocrx_word' id='word_1_263' title='bbox 2042 1983 2333 2052; x_wconf 87' lang='lat' dir='ltr'><strong>quamplu-</strong></span> 
     </span>
    </p>
   </div>
   <div class='ocr_carea' id='block_1_36' title="bbox 754 2074 2333 2142">
    <p class='ocr_par' dir='ltr' id='par_1_36' title="bbox 754 2074 2333 2142">
     <span class='ocr_line' id='line_1_36' title="bbox 754 2074 2333 2142; baseline 0.001 -16"><span class='ocrx_word' id='word_1_264' title='bbox 754 2074 922 2129; x_wconf 85' lang='lat' dir='ltr'><strong>rimos</strong></span> <span class='ocrx_word' id='word_1_265' title='bbox 957 2075 1010 2129; x_wconf 88' lang='lat' dir='ltr'><strong>in</strong></span> <span class='ocrx_word' id='word_1_266' title='bbox 1068 2076 1388 2130; x_wconf 86' lang='lat' dir='ltr'><strong>servitutem</strong></span> <span class='ocrx_word' id='word_1_267' title='bbox 1438 2075 1669 2142; x_wconf 90' lang='lat' dir='ltr'><strong>ducunt,</strong></span> <span class='ocrx_word' id='word_1_268' title='bbox 1713 2075 1807 2131; x_wconf 86' lang='lat' dir='ltr'><strong>sed</strong></span> <span class='ocrx_word' id='word_1_269' title='bbox 1842 2076 2005 2130; x_wconf 90' lang='lat' dir='ltr'><strong>etiam</strong></span> <span class='ocrx_word' id='word_1_270' title='bbox 2057 2075 2333 2129; x_wconf 81' lang='lat' dir='ltr'><strong>communi</strong></span> 
     </span>
    </p>
   </div>
   <div class='ocr_carea' id='block_1_37' title="bbox 752 2165 2336 2228">
    <p class='ocr_par' dir='ltr' id='par_1_37' title="bbox 752 2165 2336 2228">
     <span class='ocr_line' id='line_1_37' title="bbox 752 2165 2336 2228; baseline 0.001 -11"><span class='ocrx_word' id='word_1_271' title='bbox 752 2165 878 2219; x_wconf 69' lang='lat' dir='ltr'><strong>vita:</strong></span> <span class='ocrx_word' id='word_1_272' title='bbox 907 2166 1259 2221; x_wconf 84' lang='lat' dir='ltr'><strong>acerbitatem</strong></span> <span class='ocrx_word' id='word_1_273' title='bbox 1319 2165 1575 2228; x_wconf 70' lang='lat' dir='ltr'><strong>alierum,</strong></span> <span class='ocrx_word' id='word_1_274' title='bbox 1623 2168 1841 2222; x_wconf 86' lang='lat' dir='ltr'><strong>tametsi</strong></span> <span class='ocrx_word' id='word_1_275' title='bbox 1877 2166 1942 2221; x_wconf 88' lang='lat' dir='ltr'><strong>ad</strong></span> <span class='ocrx_word' id='word_1_276' title='bbox 1970 2167 2187 2222; x_wconf 73' lang='lat' dir='ltr'><strong>servilis</strong></span> <span class='ocrx_word' id='word_1_277' title='bbox 2216 2166 2336 2218; x_wconf 66' lang='lat' dir='ltr'><strong>vitae</strong></span> 
     </span>
    </p>
   </div>
   <div class='ocr_carea' id='block_1_38' title="bbox 750 2257 2334 2330">
    <p class='ocr_par' dir='ltr' id='par_1_38' title="bbox 750 2257 2334 2330">
     <span class='ocr_line' id='line_1_38' title="bbox 750 2257 2334 2330; baseline 0 -18"><span class='ocrx_word' id='word_1_278' title='bbox 750 2257 1125 2313; x_wconf 79' lang='lat' dir='ltr'><strong>conditionem</strong></span> <span class='ocrx_word' id='word_1_279' title='bbox 1155 2259 1468 2330; x_wconf 85' lang='lat' dir='ltr'><strong>adigantur,</strong></span> <span class='ocrx_word' id='word_1_280' title='bbox 1500 2261 1793 2315; x_wconf 86' lang='lat' dir='ltr'><strong>mediocris</strong></span> <span class='ocrx_word' id='word_1_281' title='bbox 1826 2271 2005 2313; x_wconf 83' lang='lat' dir='ltr'><strong>tamen</strong></span> <span class='ocrx_word' id='word_1_282' title='bbox 2030 2260 2142 2312; x_wconf 68' lang='lat' dir='ltr'><strong>hmo</strong></span> <span class='ocrx_word' id='word_1_283' title='bbox 2173 2270 2334 2328; x_wconf 78' lang='lat' dir='ltr'><strong>atque</strong></span> 
     </span>
    </p>
   </div>
   <div class='ocr_carea' id='block_1_39' title="bbox 752 2351 2333 2423">
    <p class='ocr_par' dir='ltr' id='par_1_39' title="bbox 752 2351 2333 2423">
     <span class='ocr_line' id='line_1_39' title="bbox 752 2351 2333 2423; baseline 0.001 -20"><span class='ocrx_word' id='word_1_284' title='bbox 752 2351 904 2406; x_wconf 88' lang='lat' dir='ltr'><strong>mitis</strong></span> <span class='ocrx_word' id='word_1_285' title='bbox 923 2365 1083 2420; x_wconf 74' lang='lat' dir='ltr'><strong>pmna</strong></span> <span class='ocrx_word' id='word_1_286' title='bbox 1113 2362 1217 2407; x_wconf 89' lang='lat' dir='ltr'><strong>est.</strong></span> <span class='ocrx_word' id='word_1_287' title='bbox 1253 2353 1428 2423; x_wconf 86' lang='lat' dir='ltr'><strong>Atque</strong></span> <span class='ocrx_word' id='word_1_288' title='bbox 1485 2353 1599 2407; x_wconf 73' lang='lat' dir='ltr'><strong>ltzec</strong></span> <span class='ocrx_word' id='word_1_289' title='bbox 1641 2353 1882 2421; x_wconf 80' lang='lat' dir='ltr'><strong>quidem,</strong></span> <span class='ocrx_word' id='word_1_290' title='bbox 1922 2352 2145 2422; x_wconf 89' lang='lat' dir='ltr'><strong>quando</strong></span> <span class='ocrx_word' id='word_1_291' title='bbox 2179 2366 2333 2405; x_wconf 89' lang='lat' dir='ltr'><strong>com-</strong></span> 
     </span>
    </p>
   </div>
   <div class='ocr_carea' id='block_1_40' title="bbox 755 2441 2335 2513">
    <p class='ocr_par' dir='ltr' id='par_1_40' title="bbox 755 2441 2335 2513">
     <span class='ocr_line' id='line_1_40' title="bbox 755 2441 2335 2513; baseline -0.002 -18"><span class='ocrx_word' id='word_1_292' title='bbox 755 2443 908 2498; x_wconf 89' lang='lat' dir='ltr'><strong>muni</strong></span> <span class='ocrx_word' id='word_1_293' title='bbox 965 2444 1219 2509; x_wconf 89' lang='lat' dir='ltr'><strong>consilio,</strong></span> <span class='ocrx_word' id='word_1_294' title='bbox 1259 2453 1312 2498; x_wconf 88' lang='lat' dir='ltr'><strong>et</strong></span> <span class='ocrx_word' id='word_1_295' title='bbox 1352 2445 1557 2498; x_wconf 89' lang='lat' dir='ltr'><strong>malitia</strong></span> <span class='ocrx_word' id='word_1_296' title='bbox 1613 2460 1701 2499; x_wconf 83' lang='lat' dir='ltr'><strong>res</strong></span> <span class='ocrx_word' id='word_1_297' title='bbox 1775 2452 1925 2513; x_wconf 81' lang='lat' dir='ltr'><strong>gesta</strong></span> <span class='ocrx_word' id='word_1_298' title='bbox 1962 2444 2145 2504; x_wconf 81' lang='lat' dir='ltr'><strong>fuerit,</strong></span> <span class='ocrx_word' id='word_1_299' title='bbox 2181 2450 2240 2494; x_wconf 91' lang='lat' dir='ltr'><strong>ut</strong></span> <span class='ocrx_word' id='word_1_300' title='bbox 2268 2441 2335 2495; x_wconf 87' lang='lat' dir='ltr'><strong>si-</strong></span> 
     </span>
    </p>
   </div>
   <div class='ocr_carea' id='block_1_41' title="bbox 754 2534 2338 2606">
    <p class='ocr_par' dir='ltr' id='par_1_41' title="bbox 754 2534 2338 2606">
     <span class='ocr_line' id='line_1_41' title="bbox 754 2534 2338 2606; baseline -0.003 -17"><span class='ocrx_word' id='word_1_301' title='bbox 754 2537 865 2589; x_wconf 90' lang='lat' dir='ltr'><strong>mul</strong></span> <span class='ocrx_word' id='word_1_302' title='bbox 897 2552 1015 2591; x_wconf 87' lang='lat' dir='ltr'><strong>eam</strong></span> <span class='ocrx_word' id='word_1_303' title='bbox 1058 2545 1461 2606; x_wconf 84' lang='lat' dir='ltr'><strong>perpetrarunt,</strong></span> <span class='ocrx_word' id='word_1_304' title='bbox 1522 2538 1594 2589; x_wconf 90' lang='lat' dir='ltr'><strong>ita</strong></span> <span class='ocrx_word' id='word_1_305' title='bbox 1624 2537 1785 2589; x_wconf 87' lang='lat' dir='ltr'><strong>etiam</strong></span> <span class='ocrx_word' id='word_1_306' title='bbox 1818 2535 2062 2603; x_wconf 80' lang='lat' dir='ltr'><strong>utrisque</strong></span> <span class='ocrx_word' id='word_1_307' title='bbox 2099 2534 2166 2587; x_wconf 87' lang='lat' dir='ltr'><strong>ad</strong></span> <span class='ocrx_word' id='word_1_308' title='bbox 2206 2548 2338 2600; x_wconf 74' lang='lat' dir='ltr'><strong>pra:-</strong></span> 
     </span>
    </p>
   </div>
   <div class='ocr_carea' id='block_1_42' title="bbox 754 2624 2335 2696">
    <p class='ocr_par' dir='ltr' id='par_1_42' title="bbox 754 2624 2335 2696">
     <span class='ocr_line' id='line_1_42' title="bbox 754 2624 2335 2696; baseline -0.003 -13"><span class='ocrx_word' id='word_1_309' title='bbox 754 2630 1006 2683; x_wconf 87' lang='lat' dir='ltr'><strong>stitutum</strong></span> <span class='ocrx_word' id='word_1_310' title='bbox 1036 2645 1064 2681; x_wconf 93' lang='lat' dir='ltr'><strong>a</strong></span> <span class='ocrx_word' id='word_1_311' title='bbox 1095 2629 1255 2684; x_wconf 85' lang='lat' dir='ltr'><strong>nobis</strong></span> <span class='ocrx_word' id='word_1_312' title='bbox 1285 2629 1507 2683; x_wconf 88' lang='lat' dir='ltr'><strong>modum</strong></span> <span class='ocrx_word' id='word_1_313' title='bbox 1556 2626 1913 2696; x_wconf 82' lang='lat' dir='ltr'><strong>castigandis,</strong></span> <span class='ocrx_word' id='word_1_314' title='bbox 1952 2624 2115 2679; x_wconf 90' lang='lat' dir='ltr'><strong>simul</strong></span> <span class='ocrx_word' id='word_1_315' title='bbox 2146 2638 2335 2692; x_wconf 76' lang='lat' dir='ltr'><strong>pmuas</strong></span> 
     </span>
    </p>
   </div>
   <div class='ocr_carea' id='block_1_43' title="bbox 755 2723 1128 2781">
    <p class='ocr_par' dir='ltr' id='par_1_43' title="bbox 755 2723 1128 2781">
     <span class='ocr_line' id='line_1_43' title="bbox 755 2723 1128 2781; baseline -0.011 0"><span class='ocrx_word' id='word_1_316' title='bbox 755 2723 1128 2781; x_wconf 72' lang='lat' dir='ltr'><strong>sustinebunt.</strong></span> 
     </span>
    </p>
   </div>
   <div class='ocr_carea' id='block_1_44' title="bbox 1192 3012 1874 3077">
    <p class='ocr_par' dir='ltr' id='par_1_44' title="bbox 1192 3012 1874 3077">
     <span class='ocr_line' id='line_1_44' title="bbox 1192 3012 1874 3077; baseline -0.015 0"><span class='ocrx_word' id='word_1_317' title='bbox 1192 3014 1657 3077; x_wconf 80' lang='lat' dir='ltr'><strong>CONSTITUTIO</strong></span> <span class='ocrx_word' id='word_1_318' title='bbox 1688 3012 1874 3069; x_wconf 78' lang='lat' dir='ltr'><strong>LXIV.</strong></span> 
     </span>
    </p>
   </div>
   <div class='ocr_carea' id='block_1_45' title="bbox 760 3128 2333 3209">
    <p class='ocr_par' dir='ltr' id='par_1_45' title="bbox 760 3128 2333 3209">
     <span class='ocr_line' id='line_1_45' title="bbox 760 3128 2333 3209; baseline -0.006 -16"><span class='ocrx_word' id='word_1_319' title='bbox 760 3136 837 3198; x_wconf 77' lang='lat' dir='ltr'><strong>De</strong></span> <span class='ocrx_word' id='word_1_320' title='bbox 861 3151 1013 3207; x_wconf 79' lang='lat' dir='ltr'><strong>poma</strong></span> <span class='ocrx_word' id='word_1_321' title='bbox 1039 3152 1219 3191; x_wconf 77' lang='lat' dir='ltr'><strong>eorum</strong></span> <span class='ocrx_word' id='word_1_322' title='bbox 1254 3136 1347 3205; x_wconf 85' lang='lat' dir='ltr'><strong>qui</strong></span> <span class='ocrx_word' id='word_1_323' title='bbox 1376 3132 1720 3203; x_wconf 77' lang='lat' dir='ltr'><strong>naufragium</strong></span> <span class='ocrx_word' id='word_1_324' title='bbox 1746 3128 2131 3209; x_wconf 67' lang='lat' dir='ltr'><strong>syppresserint</strong></span> <span class='ocrx_word' id='word_1_325' title='bbox 2162 3128 2333 3201; x_wconf 89' lang='lat'><strong>(8-9).</strong></span> 
     </span>
    </p>
   </div>
   <div class='ocr_carea' id='block_1_46' title="bbox 826 3294 1804 3370">
    <p class='ocr_par' dir='ltr' id='par_1_46' title="bbox 826 3294 1804 3370">
     <span class='ocr_line' id='line_1_46' title="bbox 826 3294 1804 3370; baseline -0.009 -13"><span class='ocrx_word' id='word_1_326' title='bbox 826 3303 975 3358; x_wconf 75' lang='lat' dir='ltr'><strong>ltlem</strong></span> <span class='ocrx_word' id='word_1_327' title='bbox 1005 3302 1305 3370; x_wconf 84' lang='lat' dir='ltr'><strong>imperator</strong></span> <span class='ocrx_word' id='word_1_328' title='bbox 1324 3296 1499 3353; x_wconf 87' lang='lat' dir='ltr'><strong>eidem</strong></span> <span class='ocrx_word' id='word_1_329' title='bbox 1533 3294 1804 3365; x_wconf 87' lang='lat' dir='ltr'><strong>Styliauo.</strong></span> 
     </span>
    </p>
   </div>
   <div class='ocr_carea' id='block_1_47' title="bbox 826 3382 2336 3458">
    <p class='ocr_par' dir='ltr' id='par_1_47' title="bbox 826 3382 2336 3458">
     <span class='ocr_line' id='line_1_47' title="bbox 826 3382 2336 3458; baseline -0.006 -10"><span class='ocrx_word' id='word_1_330' title='bbox 826 3394 964 3448; x_wconf 87' lang='lat' dir='ltr'><strong>Illud</strong></span> <span class='ocrx_word' id='word_1_331' title='bbox 1019 3392 1183 3447; x_wconf 87' lang='lat' dir='ltr'><strong>etiam</strong></span> <span class='ocrx_word' id='word_1_332' title='bbox 1218 3397 1386 3458; x_wconf 83' lang='lat' dir='ltr'><strong>atque</strong></span> <span class='ocrx_word' id='word_1_333' title='bbox 1415 3388 1580 3442; x_wconf 87' lang='lat' dir='ltr'><strong>etiam</strong></span> <span class='ocrx_word' id='word_1_334' title='bbox 1627 3385 1894 3448; x_wconf 88' lang='lat' dir='ltr'><strong>admiror,</strong></span> <span class='ocrx_word' id='word_1_335' title='bbox 1939 3382 2217 3453; x_wconf 89' lang='lat' dir='ltr'><strong>quomodo</strong></span> <span class='ocrx_word' id='word_1_336' title='bbox 2242 3382 2336 3453; x_wconf 91' lang='lat' dir='ltr'><strong>qui</strong></span> 
     </span>
    </p>
   </div>
   <div class='ocr_carea' id='block_1_48' title="bbox 758 3476 2337 3566">
    <p class='ocr_par' dir='ltr' id='par_1_48' title="bbox 758 3476 2337 3566">
     <span class='ocr_line' id='line_1_48' title="bbox 758 3476 2337 3566; baseline -0.007 -25"><span class='ocrx_word' id='word_1_337' title='bbox 758 3484 1047 3566; x_wconf 68' lang='lat' dir='ltr'><strong>naufragio</strong></span> <span class='ocrx_word' id='word_1_338' title='bbox 1100 3481 1306 3552; x_wconf 74' lang='lat' dir='ltr'><strong>eiectas</strong></span> <span class='ocrx_word' id='word_1_339' title='bbox 1355 3496 1445 3535; x_wconf 80' lang='lat' dir='ltr'><strong>res</strong></span> <span class='ocrx_word' id='word_1_340' title='bbox 1478 3477 1741 3543; x_wconf 80' lang='lat' dir='ltr'><strong>occultat,</strong></span> <span class='ocrx_word' id='word_1_341' title='bbox 1776 3482 1989 3530; x_wconf 88' lang='lat' dir='ltr'><strong>tantum</strong></span> <span class='ocrx_word' id='word_1_342' title='bbox 2013 3476 2337 3544; x_wconf 86' lang='lat' dir='ltr'><strong>delinquere</strong></span> 
     </span>
    </p>
   </div>
   <div class='ocr_carea' id='block_1_49' title="bbox 758 3562 2333 3638">
    <p class='ocr_par' dir='ltr' id='par_1_49' title="bbox 758 3562 2333 3638">
     <span class='ocr_line' id='line_1_49' title="bbox 758 3562 2333 3638; baseline -0.008 -8"><span class='ocrx_word' id='word_1_343' title='bbox 758 3562 1027 3637; x_wconf 78' lang='lat' dir='ltr'><strong>videatur,</strong></span> <span class='ocrx_word' id='word_1_344' title='bbox 1050 3581 1111 3627; x_wconf 92' lang='lat' dir='ltr'><strong>ut</strong></span> <span class='ocrx_word' id='word_1_345' title='bbox 1148 3572 1201 3627; x_wconf 89' lang='lat' dir='ltr'><strong>id</strong></span> <span class='ocrx_word' id='word_1_346' title='bbox 1248 3578 1476 3624; x_wconf 88' lang='lat' dir='ltr'><strong>mortem</strong></span> <span class='ocrx_word' id='word_1_347' title='bbox 1533 3567 1634 3638; x_wconf 88' lang='lat' dir='ltr'><strong>ipsi</strong></span> <span class='ocrx_word' id='word_1_348' title='bbox 1695 3565 1898 3620; x_wconf 79' lang='lat' dir='ltr'><strong>inferre</strong></span> <span class='ocrx_word' id='word_1_349' title='bbox 1949 3565 2146 3619; x_wconf 79' lang='lat' dir='ltr'><strong>debeat</strong></span> <span class='ocrx_word' id='word_1_350' title='bbox 2194 3562 2333 3633; x_wconf 77' lang='grc'><strong>(10).</strong></span> 
     </span>
    </p>
   </div>
   <div class='ocr_carea' id='block_1_50' title="bbox 759 3654 2338 3732">
    <p class='ocr_par' dir='ltr' id='par_1_50' title="bbox 759 3654 2338 3732">
     <span class='ocr_line' id='line_1_50' title="bbox 759 3654 2338 3732; baseline -0.007 -11"><span class='ocrx_word' id='word_1_351' title='bbox 759 3665 916 3732; x_wconf 84' lang='lat' dir='ltr'><strong>Quod</strong></span> <span class='ocrx_word' id='word_1_352' title='bbox 945 3673 1126 3719; x_wconf 90' lang='lat' dir='ltr'><strong>autem</strong></span> <span class='ocrx_word' id='word_1_353' title='bbox 1157 3663 1251 3732; x_wconf 91' lang='lat' dir='ltr'><strong>qui</strong></span> <span class='ocrx_word' id='word_1_354' title='bbox 1281 3662 1403 3716; x_wconf 82' lang='lat' dir='ltr'><strong>illos</strong></span> <span class='ocrx_word' id='word_1_355' title='bbox 1459 3658 1620 3713; x_wconf 70' lang='lat' dir='ltr'><strong>rebus</strong></span> <span class='ocrx_word' id='word_1_356' title='bbox 1651 3658 1769 3714; x_wconf 87' lang='lat' dir='ltr'><strong>suis</strong></span> <span class='ocrx_word' id='word_1_357' title='bbox 1802 3654 2109 3719; x_wconf 81' lang='lat' dir='ltr'><strong>defraudat,</strong></span> <span class='ocrx_word' id='word_1_358' title='bbox 2136 3656 2338 3724; x_wconf 84' lang='lat' dir='ltr'><strong>quibus</strong></span> 
     </span>
    </p>
   </div>
   <div class='ocr_carea' id='block_1_51' title="bbox 761 3747 2338 3826">
    <p class='ocr_par' dir='ltr' id='par_1_51' title="bbox 761 3747 2338 3826">
     <span class='ocr_line' id='line_1_51' title="bbox 761 3747 2338 3826; baseline -0.009 -11"><span class='ocrx_word' id='word_1_359' title='bbox 761 3755 962 3826; x_wconf 79' lang='lat' dir='ltr'><strong>aliquis</strong></span> <span class='ocrx_word' id='word_1_360' title='bbox 1014 3752 1390 3809; x_wconf 84' lang='lat' dir='ltr'><strong>misericordia</strong></span> <span class='ocrx_word' id='word_1_361' title='bbox 1444 3758 1649 3811; x_wconf 86' lang='lat' dir='ltr'><strong>motus,</strong></span> <span class='ocrx_word' id='word_1_362' title='bbox 1714 3748 1797 3804; x_wconf 81' lang='lat' dir='ltr'><strong>vel</strong></span> <span class='ocrx_word' id='word_1_363' title='bbox 1826 3747 1892 3801; x_wconf 88' lang='lat' dir='ltr'><strong>de</strong></span> <span class='ocrx_word' id='word_1_364' title='bbox 1927 3761 2029 3802; x_wconf 90' lang='lat' dir='ltr'><strong>suo</strong></span> <span class='ocrx_word' id='word_1_365' title='bbox 2084 3755 2338 3816; x_wconf 89' lang='lat' dir='ltr'><strong>sumptus</strong></span> 
     </span>
    </p>
   </div>
   <div class='ocr_carea' id='block_1_52' title="bbox 762 3838 2339 3920">
    <p class='ocr_par' dir='ltr' id='par_1_52' title="bbox 762 3838 2339 3920">
     <span class='ocr_line' id='line_1_52' title="bbox 762 3838 2339 3920; baseline -0.008 -14"><span class='ocrx_word' id='word_1_366' title='bbox 762 3847 1092 3920; x_wconf 81' lang='lat' dir='ltr'><strong>suppeditet,</strong></span> <span class='ocrx_word' id='word_1_367' title='bbox 1140 3859 1413 3916; x_wconf 86' lang='lat' dir='ltr'><strong>quemque</strong></span> <span class='ocrx_word' id='word_1_368' title='bbox 1434 3844 1488 3896; x_wconf 92' lang='lat' dir='ltr'><strong>in</strong></span> <span class='ocrx_word' id='word_1_369' title='bbox 1521 3840 1688 3897; x_wconf 81' lang='lat' dir='ltr'><strong>corde</strong></span> <span class='ocrx_word' id='word_1_370' title='bbox 1746 3840 1991 3895; x_wconf 89' lang='lat' dir='ltr'><strong>dolorem</strong></span> <span class='ocrx_word' id='word_1_371' title='bbox 2048 3838 2339 3894; x_wconf 77' lang='lat' dir='ltr'><strong>circumfe-</strong></span> 
     </span>
    </p>
   </div>
   <div class='ocr_carea' id='block_1_53' title="bbox 762 3927 2339 4004">
    <p class='ocr_par' dir='ltr' id='par_1_53' title="bbox 762 3927 2339 4004">
     <span class='ocr_line' id='line_1_53' title="bbox 762 3927 2339 4004; baseline -0.008 -11"><span class='ocrx_word' id='word_1_372' title='bbox 762 3946 916 4002; x_wconf 86' lang='lat' dir='ltr'><strong>runt,</strong></span> <span class='ocrx_word' id='word_1_373' title='bbox 970 3937 1142 3992; x_wconf 86' lang='lat' dir='ltr'><strong>leniat</strong></span> <span class='ocrx_word' id='word_1_374' title='bbox 1212 3934 1359 4004; x_wconf 89' lang='lat' dir='ltr'><strong>(cum</strong></span> <span class='ocrx_word' id='word_1_375' title='bbox 1407 3932 1708 4003; x_wconf 68' lang='lat' dir='ltr'><strong>praesertim</strong></span> <span class='ocrx_word' id='word_1_376' title='bbox 1740 3944 1934 4000; x_wconf 77' lang='lat' dir='ltr'><strong>graves</strong></span> <span class='ocrx_word' id='word_1_377' title='bbox 1985 3927 2339 3982; x_wconf 84' lang='lat' dir='ltr'><strong>eruciatusin</strong></span> 
     </span>
    </p>
   </div>
   <div class='ocr_carea' id='block_1_54' title="bbox 764 4009 2335 4084">
    <p class='ocr_par' dir='ltr' id='par_1_54' title="bbox 764 4009 2335 4084">
     <span class='ocr_line' id='line_1_54' title="bbox 764 4009 2335 4084; baseline -0.01 -1"><span class='ocrx_word' id='word_1_378' title='bbox 764 4031 1033 4083; x_wconf 83' lang='lat' dir='ltr'><strong>bonorum</strong></span> <span class='ocrx_word' id='word_1_379' title='bbox 1091 4009 1399 4078; x_wconf 88' lang='lat' dir='ltr'><strong>amissione</strong></span> <span class='ocrx_word' id='word_1_380' title='bbox 1432 4018 1695 4076; x_wconf 90' lang='lat' dir='ltr'><strong>sustineri</strong></span> <span class='ocrx_word' id='word_1_381' title='bbox 1753 4025 2186 4072; x_wconf 89' lang='lat' dir='ltr'><strong>consentaneum</strong></span> <span class='ocrx_word' id='word_1_382' title='bbox 2218 4014 2335 4084; x_wconf 88' lang='lat' dir='ltr'><strong>sit),</strong></span> 
     </span>
    </p>
   </div>
   <div class='ocr_carea' id='block_1_55' title="bbox 2438 1986 4027 2058">
    <p class='ocr_par' dir='ltr' id='par_1_55' title="bbox 2438 1986 4027 2058">
     <span class='ocr_line' id='line_1_55' title="bbox 2438 1986 4027 2058; baseline -0.003 -17"><span class='ocrx_word' id='word_1_383' title='bbox 2438 1986 2532 2041; x_wconf 82' lang='grc' dir='ltr'><strong>ἐπὶ</strong></span> <span class='ocrx_word' id='word_1_384' title='bbox 2567 1990 2689 2049; x_wconf 86' lang='grc' dir='ltr'><strong>ταῖς</strong></span> <span class='ocrx_word' id='word_1_385' title='bbox 2723 1986 2943 2055; x_wconf 81' lang='grc' dir='ltr'><strong>μάστιξι</strong></span> <span class='ocrx_word' id='word_1_386' title='bbox 2982 1987 3078 2040; x_wconf 73' lang='grc' dir='ltr'><strong>καὶ</strong></span> <span class='ocrx_word' id='word_1_387' title='bbox 3104 1990 3170 2057; x_wconf 80' lang='grc' dir='ltr'><strong>τῇ</strong></span> <span class='ocrx_word' id='word_1_388' title='bbox 3199 1988 3380 2058; x_wconf 86' lang='grc' dir='ltr'><strong>ἀτίμῳ</strong></span> <span class='ocrx_word' id='word_1_389' title='bbox 3406 1988 3517 2042; x_wconf 89' lang='grc' dir='ltr'><strong>τῶν</strong></span> <span class='ocrx_word' id='word_1_390' title='bbox 3546 1989 3749 2057; x_wconf 82' lang='grc' dir='ltr'><strong>τριχῶν</strong></span> <span class='ocrx_word' id='word_1_391' title='bbox 3778 1988 4027 2057; x_wconf 80' lang='grc' dir='ltr'><strong>ἀποϐολῇ</strong></span> 
     </span>
    </p>
   </div>
   <div class='ocr_carea' id='block_1_56' title="bbox 2436 2075 4030 2147">
    <p class='ocr_par' dir='ltr' id='par_1_56' title="bbox 2436 2075 4030 2147">
     <span class='ocr_line' id='line_1_56' title="bbox 2436 2075 4030 2147; baseline 0 -18"><span class='ocrx_word' id='word_1_392' title='bbox 2436 2076 2531 2130; x_wconf 75' lang='grc' dir='ltr'><strong>καὶ</strong></span> <span class='ocrx_word' id='word_1_393' title='bbox 2551 2075 2652 2147; x_wconf 80' lang='grc' dir='ltr'><strong>τὴν</strong></span> <span class='ocrx_word' id='word_1_394' title='bbox 2679 2075 2995 2146; x_wconf 75' lang='grc' dir='ltr'><strong>ἐλευθερίαν</strong></span> <span class='ocrx_word' id='word_1_395' title='bbox 3052 2076 3473 2143; x_wconf 76' lang='grc' dir='ltr'><strong>ἀποϐάλλοντες,</strong></span> <span class='ocrx_word' id='word_1_396' title='bbox 3519 2078 3609 2131; x_wconf 65' lang='grc' dir='ltr'><strong>διὰ</strong></span> <span class='ocrx_word' id='word_1_397' title='bbox 3646 2077 3741 2131; x_wconf 73' lang='grc' dir='ltr'><strong>τοῦ</strong></span> <span class='ocrx_word' id='word_1_398' title='bbox 3771 2078 3818 2109; x_wconf 81' lang='grc'><strong>⁵⁸</strong></span> <span class='ocrx_word' id='word_1_399' title='bbox 3886 2079 4030 2146; x_wconf 60' lang='grc' dir='ltr'><strong>πρὸς</strong></span> 
     </span>
    </p>
   </div>
   <div class='ocr_carea' id='block_1_57' title="bbox 2436 2168 4029 2240">
    <p class='ocr_par' dir='ltr' id='par_1_57' title="bbox 2436 2168 4029 2240">
     <span class='ocr_line' id='line_1_57' title="bbox 2436 2168 4029 2240; baseline 0 -19"><span class='ocrx_word' id='word_1_400' title='bbox 2436 2168 2685 2222; x_wconf 83' lang='grc' dir='ltr'><strong>δουλείαν</strong></span> <span class='ocrx_word' id='word_1_401' title='bbox 2718 2168 2969 2234; x_wconf 77' lang='grc' dir='ltr'><strong>ἐκδότους</strong></span> <span class='ocrx_word' id='word_1_402' title='bbox 2999 2169 3274 2237; x_wconf 84' lang='grc' dir='ltr'><strong>γενέσθαι.</strong></span> <span class='ocrx_word' id='word_1_403' title='bbox 3322 2171 3465 2233; x_wconf 76' lang='grc' dir='ltr'><strong>Τοὺς</strong></span> <span class='ocrx_word' id='word_1_404' title='bbox 3493 2170 3623 2240; x_wconf 86' lang='grc' dir='ltr'><strong>γὰρ,</strong></span> <span class='ocrx_word' id='word_1_405' title='bbox 3650 2172 3775 2223; x_wconf 83' lang='grc' dir='ltr'><strong>ὅσον</strong></span> <span class='ocrx_word' id='word_1_406' title='bbox 3802 2170 3893 2223; x_wconf 82' lang='grc' dir='ltr'><strong>ἐπ’</strong></span> <span class='ocrx_word' id='word_1_407' title='bbox 3924 2169 4029 2223; x_wconf 75' lang='grc' dir='ltr'><strong>αὖ·</strong></span> 
     </span>
    </p>
   </div>
   <div class='ocr_carea' id='block_1_58' title="bbox 2432 2253 4022 2330">
    <p class='ocr_par' dir='ltr' id='par_1_58' title="bbox 2432 2253 4022 2330">
     <span class='ocr_line' id='line_1_58' title="bbox 2432 2253 4022 2330; baseline 0.001 -21"><span class='ocrx_word' id='word_1_408' title='bbox 2432 2258 2557 2323; x_wconf 82' lang='grc' dir='ltr'><strong>τοὺς</strong></span> <span class='ocrx_word' id='word_1_409' title='bbox 2597 2253 2752 2330; x_wconf 74' lang='grc' dir='ltr'><strong>ἧκεν,</strong></span> <span class='ocrx_word' id='word_1_410' title='bbox 2781 2258 2844 2311; x_wconf 79' lang='grc' dir='ltr'><strong>ού</strong></span> <span class='ocrx_word' id='word_1_411' title='bbox 2875 2258 3033 2326; x_wconf 89' lang='grc' dir='ltr'><strong>μόνον</strong></span> <span class='ocrx_word' id='word_1_412' title='bbox 3063 2260 3141 2322; x_wconf 87' lang='grc' dir='ltr'><strong>είς</strong></span> <span class='ocrx_word' id='word_1_413' title='bbox 3161 2257 3407 2311; x_wconf 85' lang='grc' dir='ltr'><strong>δουλείαν</strong></span> <span class='ocrx_word' id='word_1_414' title='bbox 3443 2260 3730 2320; x_wconf 85' lang='grc' dir='ltr'><strong>πλείστους</strong></span> <span class='ocrx_word' id='word_1_415' title='bbox 3760 2258 4022 2325; x_wconf 79' lang='grc' dir='ltr'><strong>ἄγοντας,</strong></span> 
     </span>
    </p>
   </div>
   <div class='ocr_carea' id='block_1_59' title="bbox 2434 2348 4029 2420">
    <p class='ocr_par' dir='ltr' id='par_1_59' title="bbox 2434 2348 4029 2420">
     <span class='ocr_line' id='line_1_59' title="bbox 2434 2348 4029 2420; baseline -0.003 -17"><span class='ocrx_word' id='word_1_416' title='bbox 2434 2348 2572 2403; x_wconf 81' lang='grc' dir='ltr'><strong>ἀλλὰ</strong></span> <span class='ocrx_word' id='word_1_417' title='bbox 2617 2350 2712 2402; x_wconf 75' lang='grc' dir='ltr'><strong>καὶ</strong></span> <span class='ocrx_word' id='word_1_418' title='bbox 2741 2349 2856 2420; x_wconf 82' lang='grc' dir='ltr'><strong>βίον</strong></span> <span class='ocrx_word' id='word_1_419' title='bbox 2883 2349 3097 2420; x_wconf 87' lang='grc' dir='ltr'><strong>πικρῶς</strong></span> <span class='ocrx_word' id='word_1_420' title='bbox 3141 2349 3458 2417; x_wconf 77' lang='grc' dir='ltr'><strong>ἐξάγοντας,</strong></span> <span class='ocrx_word' id='word_1_421' title='bbox 3501 2350 3598 2402; x_wconf 66' lang='grc' dir='ltr'><strong>καὶ</strong></span> <span class='ocrx_word' id='word_1_422' title='bbox 3640 2349 3796 2402; x_wconf 82' lang='grc' dir='ltr'><strong>τοῦτο</strong></span> <span class='ocrx_word' id='word_1_423' title='bbox 3830 2350 4029 2416; x_wconf 80' lang='grc' dir='ltr'><strong>φιλάν-</strong></span> 
     </span>
    </p>
   </div>
   <div class='ocr_carea' id='block_1_60' title="bbox 2437 2442 4029 2515">
    <p class='ocr_par' dir='ltr' id='par_1_60' title="bbox 2437 2442 4029 2515">
     <span class='ocr_line' id='line_1_60' title="bbox 2437 2442 4029 2515; baseline 0.002 -22"><span class='ocrx_word' id='word_1_424' title='bbox 2437 2442 2653 2513; x_wconf 88' lang='grc' dir='ltr'><strong>θρωπον</strong></span> <span class='ocrx_word' id='word_1_425' title='bbox 2682 2443 2727 2474; x_wconf 83' lang='grc'>⁸⁷</span> <span class='ocrx_word' id='word_1_426' title='bbox 2764 2444 2860 2496; x_wconf 78' lang='grc' dir='ltr'><strong>καὶ</strong></span> <span class='ocrx_word' id='word_1_427' title='bbox 2894 2443 3134 2514; x_wconf 83' lang='grc' dir='ltr'><strong>μετρίως</strong></span> <span class='ocrx_word' id='word_1_428' title='bbox 3187 2443 3388 2513; x_wconf 82' lang='grc' dir='ltr'><strong>ἔχουσα</strong></span> <span class='ocrx_word' id='word_1_429' title='bbox 3433 2442 3744 2515; x_wconf 72' lang='grc' dir='ltr'><strong>εἷσπραξις,</strong></span> <span class='ocrx_word' id='word_1_430' title='bbox 3775 2443 3837 2496; x_wconf 79' lang='grc' dir='ltr'><strong>τὸ</strong></span> <span class='ocrx_word' id='word_1_431' title='bbox 3878 2442 4029 2512; x_wconf 76' lang='grc' dir='ltr'><strong>ζωῆς</strong></span> 
     </span>
    </p>
   </div>
   <div class='ocr_carea' id='block_1_61' title="bbox 2434 2532 4027 2605">
    <p class='ocr_par' dir='ltr' id='par_1_61' title="bbox 2434 2532 4027 2605">
     <span class='ocr_line' id='line_1_61' title="bbox 2434 2532 4027 2605; baseline 0.001 -19"><span class='ocrx_word' id='word_1_432' title='bbox 2434 2534 2663 2586; x_wconf 82' lang='grc' dir='ltr'><strong>οίκετῶν</strong></span> <span class='ocrx_word' id='word_1_433' title='bbox 2697 2533 2987 2603; x_wconf 80' lang='grc' dir='ltr'><strong>ἠξιῶσθαι.</strong></span> <span class='ocrx_word' id='word_1_434' title='bbox 3030 2532 3193 2587; x_wconf 81' lang='grc' dir='ltr'><strong>Ἀλλά</strong></span> <span class='ocrx_word' id='word_1_435' title='bbox 3224 2532 3399 2588; x_wconf 82' lang='grc' dir='ltr'><strong>ταῦτα</strong></span> <span class='ocrx_word' id='word_1_436' title='bbox 3436 2535 3534 2604; x_wconf 89' lang='grc' dir='ltr'><strong>μὲν</strong></span> <span class='ocrx_word' id='word_1_437' title='bbox 3576 2534 3804 2605; x_wconf 86' lang='grc' dir='ltr'><strong>γνώμης</strong></span> <span class='ocrx_word' id='word_1_438' title='bbox 3832 2534 4027 2602; x_wconf 73' lang='grc' dir='ltr'><strong>κοινῆς</strong></span> 
     </span>
    </p>
   </div>
   <div class='ocr_carea' id='block_1_62' title="bbox 2434 2623 4030 2694">
    <p class='ocr_par' dir='ltr' id='par_1_62' title="bbox 2434 2623 4030 2694">
     <span class='ocr_line' id='line_1_62' title="bbox 2434 2623 4030 2694; baseline 0.001 -19"><span class='ocrx_word' id='word_1_439' title='bbox 2434 2624 2535 2675; x_wconf 78' lang='grc' dir='ltr'><strong>οὐκ</strong></span> <span class='ocrx_word' id='word_1_440' title='bbox 2564 2624 2718 2686; x_wconf 77' lang='grc' dir='ltr'><strong>ὄντος</strong></span> <span class='ocrx_word' id='word_1_441' title='bbox 2749 2623 2845 2677; x_wconf 79' lang='grc' dir='ltr'><strong>τοῦ</strong></span> <span class='ocrx_word' id='word_1_442' title='bbox 2887 2624 3247 2694; x_wconf 78' lang='grc' dir='ltr'><strong>ἀδικήματος.</strong></span> <span class='ocrx_word' id='word_1_443' title='bbox 3296 2626 3358 2678; x_wconf 83' lang='grc' dir='ltr'><strong>Εἰ</strong></span> <span class='ocrx_word' id='word_1_444' title='bbox 3399 2625 3455 2679; x_wconf 83' lang='grc' dir='ltr'><strong>δὲ</strong></span> <span class='ocrx_word' id='word_1_445' title='bbox 3501 2626 3654 2694; x_wconf 85' lang='grc' dir='ltr'><strong>κοινὴ</strong></span> <span class='ocrx_word' id='word_1_446' title='bbox 3705 2626 3899 2694; x_wconf 64' lang='grc' dir='ltr'><strong>σκέψις</strong></span> <span class='ocrx_word' id='word_1_447' title='bbox 3933 2625 4030 2678; x_wconf 77' lang='grc' dir='ltr'><strong>καὶ</strong></span> 
     </span>
    </p>
   </div>
   <div class='ocr_carea' id='block_1_63' title="bbox 2436 2714 4026 2787">
    <p class='ocr_par' dir='ltr' id='par_1_63' title="bbox 2436 2714 4026 2787">
     <span class='ocr_line' id='line_1_63' title="bbox 2436 2714 4026 2787; baseline -0.002 -19"><span class='ocrx_word' id='word_1_448' title='bbox 2436 2715 2673 2783; x_wconf 87' lang='grc' dir='ltr'><strong>πονηρία</strong></span> <span class='ocrx_word' id='word_1_449' title='bbox 2720 2714 2882 2768; x_wconf 81' lang='grc' dir='ltr'><strong>τοῦτο</strong></span> <span class='ocrx_word' id='word_1_450' title='bbox 2912 2716 3281 2786; x_wconf 79' lang='grc' dir='ltr'><strong>κατέπραξεν,</strong></span> <span class='ocrx_word' id='word_1_451' title='bbox 3319 2716 3509 2787; x_wconf 86' lang='grc' dir='ltr'><strong>ὥσπερ</strong></span> <span class='ocrx_word' id='word_1_452' title='bbox 3537 2715 3674 2787; x_wconf 83' lang='grc' dir='ltr'><strong>ὁμοῦ</strong></span> <span class='ocrx_word' id='word_1_453' title='bbox 3715 2715 3812 2768; x_wconf 73' lang='grc' dir='ltr'><strong>τοῦ</strong></span> <span class='ocrx_word' id='word_1_454' title='bbox 3848 2714 4026 2769; x_wconf 64' lang='grc' dir='ltr'><strong>κακοῦ</strong></span> 
     </span>
    </p>
   </div>
   <div class='ocr_carea' id='block_1_64' title="bbox 2436 2802 4026 2880">
    <p class='ocr_par' dir='ltr' id='par_1_64' title="bbox 2436 2802 4026 2880">
     <span class='ocr_line' id='line_1_64' title="bbox 2436 2802 4026 2880; baseline 0 -21"><span class='ocrx_word' id='word_1_455' title='bbox 2436 2806 2688 2877; x_wconf 80' lang='grc' dir='ltr'><strong>ἐργάται,</strong></span> <span class='ocrx_word' id='word_1_456' title='bbox 2711 2804 2855 2859; x_wconf 79' lang='grc' dir='ltr'><strong>οὕτω</strong></span> <span class='ocrx_word' id='word_1_457' title='bbox 2885 2807 2979 2861; x_wconf 77' lang='grc' dir='ltr'><strong>καὶ</strong></span> <span class='ocrx_word' id='word_1_458' title='bbox 2998 2807 3097 2878; x_wconf 84' lang='grc' dir='ltr'><strong>τὴν</strong></span> <span class='ocrx_word' id='word_1_459' title='bbox 3135 2808 3292 2880; x_wconf 85' lang='grc' dir='ltr'><strong>δίκην</strong></span> <span class='ocrx_word' id='word_1_460' title='bbox 3316 2808 3529 2864; x_wconf 76' lang='grc' dir='ltr'><strong>ἔσονται</strong></span> <span class='ocrx_word' id='word_1_461' title='bbox 3560 2809 3913 2877; x_wconf 80' lang='grc' dir='ltr'><strong>ὑποσχόντες,</strong></span> <span class='ocrx_word' id='word_1_462' title='bbox 3938 2802 4026 2871; x_wconf 75' lang='grc' dir='ltr'><strong>οἷς</strong></span> 
     </span>
    </p>
   </div>
   <div class='ocr_carea' id='block_1_65' title="bbox 2438 2896 4025 2970">
    <p class='ocr_par' dir='ltr' id='par_1_65' title="bbox 2438 2896 4025 2970">
     <span class='ocr_line' id='line_1_65' title="bbox 2438 2896 4025 2970; baseline 0 -18"><span class='ocrx_word' id='word_1_463' title='bbox 2438 2897 2818 2969; x_wconf 78' lang='grc' dir='ltr'><strong>διωρισάμεθα</strong></span> <span class='ocrx_word' id='word_1_464' title='bbox 2850 2898 3079 2970; x_wconf 85' lang='grc' dir='ltr'><strong>τρόποις</strong></span> <span class='ocrx_word' id='word_1_465' title='bbox 3108 2899 3372 2970; x_wconf 84' lang='grc' dir='ltr'><strong>ἐκατέρου</strong></span> <span class='ocrx_word' id='word_1_466' title='bbox 3403 2899 3604 2970; x_wconf 78' lang='grc' dir='ltr'><strong>μέρους</strong></span> <span class='ocrx_word' id='word_1_467' title='bbox 3632 2896 4025 2969; x_wconf 73' lang='grc' dir='ltr'><strong>κολαζομένου.</strong></span> 
     </span>
    </p>
   </div>
   <div class='ocr_carea' id='block_1_66' title="bbox 2994 3008 3468 3064">
    <p class='ocr_par' dir='ltr' id='par_1_66' title="bbox 2994 3008 3468 3064">
     <span class='ocr_line' id='line_1_66' title="bbox 2994 3008 3468 3064; baseline 0.002 -1"><span class='ocrx_word' id='word_1_468' title='bbox 2994 3008 3307 3063; x_wconf 73' lang='grc' dir='ltr'><strong>ΔΙΑΤΑΞΙΣ</strong></span> <span class='ocrx_word' id='word_1_469' title='bbox 3351 3009 3468 3064; x_wconf 75' lang='lat' dir='ltr'><strong>EA’.</strong></span> 
     </span>
    </p>
   </div>
   <div class='ocr_carea' id='block_1_67' title="bbox 2437 3118 4029 3192">
    <p class='ocr_par' dir='ltr' id='par_1_67' title="bbox 2437 3118 4029 3192">
     <span class='ocr_line' id='line_1_67' title="bbox 2437 3118 4029 3192; baseline -0.003 -15"><span class='ocrx_word' id='word_1_470' title='bbox 2437 3124 2580 3192; x_wconf 74' lang='grc' dir='ltr'><strong>Περὶ</strong></span> <span class='ocrx_word' id='word_1_471' title='bbox 2606 3120 2719 3191; x_wconf 83' lang='grc' dir='ltr'><strong>τῆς</strong></span> <span class='ocrx_word' id='word_1_472' title='bbox 2750 3118 3063 3187; x_wconf 72' lang='grc' dir='ltr'><strong>κολάσεως</strong></span> <span class='ocrx_word' id='word_1_473' title='bbox 3091 3121 3212 3175; x_wconf 76' lang='grc' dir='ltr'><strong>τῶν</strong></span> <span class='ocrx_word' id='word_1_474' title='bbox 3247 3118 3772 3189; x_wconf 64' lang='grc' dir='ltr'><strong>ἀποκρυψαμένων</strong></span> <span class='ocrx_word' id='word_1_475' title='bbox 3798 3119 3875 3173; x_wconf 79' lang='grc' dir='ltr'><strong>τὰ</strong></span> <span class='ocrx_word' id='word_1_476' title='bbox 3908 3118 4029 3174; x_wconf 72' lang='grc' dir='ltr'><strong>τῶν</strong></span> 
     </span>
    </p>
   </div>
   <div class='ocr_carea' id='block_1_68' title="bbox 3005 3193 3456 3261">
    <p class='ocr_par' dir='ltr' id='par_1_68' title="bbox 3005 3193 3456 3261">
     <span class='ocr_line' id='line_1_68' title="bbox 3005 3193 3456 3261; baseline -0.002 -15"><span class='ocrx_word' id='word_1_477' title='bbox 3005 3193 3456 3261; x_wconf 77' lang='grc' dir='ltr'><strong>ναυαγούντων.</strong></span> 
     </span>
    </p>
   </div>
   <div class='ocr_carea' id='block_1_69' title="bbox 2519 3280 3654 3354">
    <p class='ocr_par' dir='ltr' id='par_1_69' title="bbox 2519 3280 3654 3354">
     <span class='ocr_line' id='line_1_69' title="bbox 2519 3280 3654 3354; baseline -0.001 -17"><span class='ocrx_word' id='word_1_478' title='bbox 2519 3283 2580 3336; x_wconf 87' lang='lat'><strong>&#39;0</strong></span> <span class='ocrx_word' id='word_1_479' title='bbox 2604 3283 2766 3347; x_wconf 76' lang='grc' dir='ltr'><strong>αὐτὸς</strong></span> <span class='ocrx_word' id='word_1_480' title='bbox 2798 3284 3054 3354; x_wconf 82' lang='grc' dir='ltr'><strong>βασιλεὺς</strong></span> <span class='ocrx_word' id='word_1_481' title='bbox 3082 3282 3360 3350; x_wconf 87' lang='grc' dir='ltr'><strong>Στυλιανῷ</strong></span> <span class='ocrx_word' id='word_1_482' title='bbox 3383 3281 3463 3351; x_wconf 85' lang='grc' dir='ltr'><strong>τῷ</strong></span> <span class='ocrx_word' id='word_1_483' title='bbox 3484 3280 3654 3351; x_wconf 80' lang='grc' dir='ltr'><strong>αὐτῷ.</strong></span> 
     </span>
    </p>
   </div>
   <div class='ocr_carea' id='block_1_70' title="bbox 2521 3370 4027 3443">
    <p class='ocr_par' dir='ltr' id='par_1_70' title="bbox 2521 3370 4027 3443">
     <span class='ocr_line' id='line_1_70' title="bbox 2521 3370 4027 3443; baseline -0.001 -17"><span class='ocrx_word' id='word_1_484' title='bbox 2521 3373 2728 3427; x_wconf 79' lang='grc' dir='ltr'><strong>Ἐκεῖνο</strong></span> <span class='ocrx_word' id='word_1_485' title='bbox 2748 3374 2806 3428; x_wconf 83' lang='grc' dir='ltr'><strong>δὲ</strong></span> <span class='ocrx_word' id='word_1_486' title='bbox 2831 3374 2952 3427; x_wconf 83' lang='grc' dir='ltr'><strong>λίαν</strong></span> <span class='ocrx_word' id='word_1_487' title='bbox 2976 3371 3263 3443; x_wconf 78' lang='grc' dir='ltr'><strong>θαυμάζω,</strong></span> <span class='ocrx_word' id='word_1_488' title='bbox 3288 3372 3406 3435; x_wconf 86' lang='grc' dir='ltr'><strong>πῶς</strong></span> <span class='ocrx_word' id='word_1_489' title='bbox 3433 3374 3463 3425; x_wconf 87' lang='grc' dir='ltr'><strong>ό</strong></span> <span class='ocrx_word' id='word_1_490' title='bbox 3488 3373 3558 3426; x_wconf 81' lang='grc' dir='ltr'><strong>τὰ</strong></span> <span class='ocrx_word' id='word_1_491' title='bbox 3576 3372 3643 3425; x_wconf 84' lang='grc' dir='ltr'><strong>ἐκ</strong></span> <span class='ocrx_word' id='word_1_492' title='bbox 3664 3370 3958 3425; x_wconf 80' lang='grc' dir='ltr'><strong>θαλαττίου</strong></span> <span class='ocrx_word' id='word_1_493' title='bbox 3980 3372 4027 3404; x_wconf 82' lang='grc'>⁸⁸</span> 
     </span>
    </p>
   </div>
   <div class='ocr_carea' id='block_1_71' title="bbox 2438 3465 4026 3541">
    <p class='ocr_par' dir='ltr' id='par_1_71' title="bbox 2438 3465 4026 3541">
     <span class='ocr_line' id='line_1_71' title="bbox 2438 3465 4026 3541; baseline -0.004 -18"><span class='ocrx_word' id='word_1_494' title='bbox 2438 3470 2689 3524; x_wconf 80' lang='grc' dir='ltr'><strong>κινδύνου</strong></span> <span class='ocrx_word' id='word_1_495' title='bbox 2724 3466 3501 3541; x_wconf 62' lang='grc' dir='ltr'><strong>ἀποκρυπτόμενοςδτοσοῦτον</strong></span> <span class='ocrx_word' id='word_1_496' title='bbox 3529 3465 3707 3530; x_wconf 69' lang='grc' dir='ltr'><strong>ἔδοξεν</strong></span> <span class='ocrx_word' id='word_1_497' title='bbox 3733 3466 4026 3537; x_wconf 68' lang='grc' dir='ltr'><strong>ἁμαρτεῖν,</strong></span> 
     </span>
    </p>
   </div>
   <div class='ocr_carea' id='block_1_72' title="bbox 2439 3555 4024 3629">
    <p class='ocr_par' dir='ltr' id='par_1_72' title="bbox 2439 3555 4024 3629">
     <span class='ocr_line' id='line_1_72' title="bbox 2439 3555 4024 3629; baseline -0.001 -18"><span class='ocrx_word' id='word_1_498' title='bbox 2439 3557 2581 3613; x_wconf 82' lang='grc' dir='ltr'><strong>ὥστε</strong></span> <span class='ocrx_word' id='word_1_499' title='bbox 2608 3560 2839 3613; x_wconf 83' lang='grc' dir='ltr'><strong>θάνατον</strong></span> <span class='ocrx_word' id='word_1_500' title='bbox 2860 3560 3088 3627; x_wconf 74' lang='grc' dir='ltr'><strong>ἐπάγειν</strong></span> <span class='ocrx_word' id='word_1_501' title='bbox 3114 3558 3266 3629; x_wconf 83' lang='grc' dir='ltr'><strong>αὐτῷ</strong></span> <span class='ocrx_word' id='word_1_502' title='bbox 3288 3558 3389 3627; x_wconf 83' lang='grc' dir='ltr'><strong>τὴν</strong></span> <span class='ocrx_word' id='word_1_503' title='bbox 3432 3556 3688 3627; x_wconf 83' lang='grc' dir='ltr'><strong>τοιαύτην</strong></span> <span class='ocrx_word' id='word_1_504' title='bbox 3720 3555 4024 3625; x_wconf 73' lang='grc' dir='ltr'><strong>ἁμαρτίαν.</strong></span> 
     </span>
    </p>
   </div>
   <div class='ocr_carea' id='block_1_73' title="bbox 2442 3645 4026 3720">
    <p class='ocr_par' dir='ltr' id='par_1_73' title="bbox 2442 3645 4026 3720">
     <span class='ocr_line' id='line_1_73' title="bbox 2442 3645 4026 3720; baseline -0.004 -18"><span class='ocrx_word' id='word_1_505' title='bbox 2442 3651 2566 3702; x_wconf 81' lang='grc' dir='ltr'><strong>Ὀτι</strong></span> <span class='ocrx_word' id='word_1_506' title='bbox 2595 3651 2695 3720; x_wconf 81' lang='grc' dir='ltr'><strong>μὲν</strong></span> <span class='ocrx_word' id='word_1_507' title='bbox 2717 3651 2825 3720; x_wconf 83' lang='grc' dir='ltr'><strong>γὰρ</strong></span> <span class='ocrx_word' id='word_1_508' title='bbox 2867 3648 3142 3719; x_wconf 85' lang='grc' dir='ltr'><strong>ἁμαρτίαν</strong></span> <span class='ocrx_word' id='word_1_509' title='bbox 3166 3648 3227 3700; x_wconf 82' lang='grc' dir='ltr'><strong>οὐ</strong></span> <span class='ocrx_word' id='word_1_510' title='bbox 3277 3647 3506 3717; x_wconf 85' lang='grc' dir='ltr'><strong>μετρίαν</strong></span> <span class='ocrx_word' id='word_1_511' title='bbox 3533 3646 3729 3716; x_wconf 78' lang='grc' dir='ltr'><strong>τολμᾷ,</strong></span> <span class='ocrx_word' id='word_1_512' title='bbox 3779 3645 4026 3707; x_wconf 79' lang='grc' dir='ltr'><strong>ἐκείνους</strong></span> 
     </span>
    </p>
   </div>
   <div class='ocr_carea' id='block_1_74' title="bbox 2440 3736 4028 3812">
    <p class='ocr_par' dir='ltr' id='par_1_74' title="bbox 2440 3736 4028 3812">
     <span class='ocr_line' id='line_1_74' title="bbox 2440 3736 4028 3812; baseline -0.006 -16"><span class='ocrx_word' id='word_1_513' title='bbox 2440 3742 2762 3812; x_wconf 84' lang='grc' dir='ltr'><strong>ἀποστερῶν</strong></span> <span class='ocrx_word' id='word_1_514' title='bbox 2785 3742 2894 3795; x_wconf 89' lang='grc' dir='ltr'><strong>τῶν</strong></span> <span class='ocrx_word' id='word_1_515' title='bbox 2930 3742 3099 3806; x_wconf 85' lang='grc' dir='ltr'><strong>ίδίων,</strong></span> <span class='ocrx_word' id='word_1_516' title='bbox 3132 3737 3214 3803; x_wconf 78' lang='grc' dir='ltr'><strong>οἷς</strong></span> <span class='ocrx_word' id='word_1_517' title='bbox 3250 3740 3381 3802; x_wconf 75' lang='grc' dir='ltr'><strong>ἴσως</strong></span> <span class='ocrx_word' id='word_1_518' title='bbox 3414 3737 3512 3792; x_wconf 74' lang='grc' dir='ltr'><strong>καὶ</strong></span> <span class='ocrx_word' id='word_1_519' title='bbox 3547 3736 3675 3807; x_wconf 86' lang='grc' dir='ltr'><strong>παρ’</strong></span> <span class='ocrx_word' id='word_1_520' title='bbox 3702 3736 3900 3790; x_wconf 81' lang='grc' dir='ltr'><strong>ἑαυτοῦ</strong></span> <span class='ocrx_word' id='word_1_521' title='bbox 3926 3737 4028 3788; x_wconf 83' lang='grc' dir='ltr'><strong>ἐπ-</strong></span> 
     </span>
    </p>
   </div>
   <div class='ocr_carea' id='block_1_75' title="bbox 2440 3829 4028 3905">
    <p class='ocr_par' dir='ltr' id='par_1_75' title="bbox 2440 3829 4028 3905">
     <span class='ocr_line' id='line_1_75' title="bbox 2440 3829 4028 3905; baseline -0.006 -17"><span class='ocrx_word' id='word_1_522' title='bbox 2440 3833 2628 3905; x_wconf 83' lang='grc' dir='ltr'><strong>αρκῶν</strong></span> <span class='ocrx_word' id='word_1_523' title='bbox 2648 3833 2693 3866; x_wconf 78' lang='grc'><strong>⁸⁸</strong></span> <span class='ocrx_word' id='word_1_524' title='bbox 2722 3850 2806 3897; x_wconf 81' lang='grc' dir='ltr'><strong>τις</strong></span> <span class='ocrx_word' id='word_1_525' title='bbox 2835 3835 2913 3897; x_wconf 83' lang='grc' dir='ltr'><strong>είς</strong></span> <span class='ocrx_word' id='word_1_526' title='bbox 2943 3832 3092 3885; x_wconf 72' lang='grc' dir='ltr'><strong>ἔλεον</strong></span> <span class='ocrx_word' id='word_1_527' title='bbox 3118 3832 3398 3894; x_wconf 72' lang='grc' dir='ltr'><strong>καταστὰς</strong></span> <span class='ocrx_word' id='word_1_528' title='bbox 3424 3830 3528 3883; x_wconf 78' lang='grc' dir='ltr'><strong>οὐκ</strong></span> <span class='ocrx_word' id='word_1_529' title='bbox 3579 3830 3648 3882; x_wconf 80' lang='grc' dir='ltr'><strong>ἂν</strong></span> <span class='ocrx_word' id='word_1_530' title='bbox 3673 3829 3719 3861; x_wconf 69' lang='grc' dir='ltr'><strong>σθ</strong></span> <span class='ocrx_word' id='word_1_531' title='bbox 3759 3829 3831 3895; x_wconf 71' lang='grc' dir='ltr'><strong>ην</strong></span> <span class='ocrx_word' id='word_1_532' title='bbox 3865 3844 4028 3896; x_wconf 87' lang='grc' dir='ltr'><strong>περι-</strong></span> 
     </span>
    </p>
   </div>
   <div class='ocr_carea' id='block_1_76' title="bbox 2443 3919 4030 3995">
    <p class='ocr_par' dir='ltr' id='par_1_76' title="bbox 2443 3919 4030 3995">
     <span class='ocr_line' id='line_1_76' title="bbox 2443 3919 4030 3995; baseline -0.006 -17"><span class='ocrx_word' id='word_1_533' title='bbox 2443 3927 2671 3995; x_wconf 75' lang='grc' dir='ltr'><strong>φέρουσι</strong></span> <span class='ocrx_word' id='word_1_534' title='bbox 2732 3924 2821 3979; x_wconf 88' lang='grc' dir='ltr'><strong>διά</strong></span> <span class='ocrx_word' id='word_1_535' title='bbox 2878 3924 2990 3979; x_wconf 88' lang='grc' dir='ltr'><strong>τῶν</strong></span> <span class='ocrx_word' id='word_1_536' title='bbox 3059 3923 3308 3991; x_wconf 82' lang='grc' dir='ltr'><strong>ἐγκάτων</strong></span> <span class='ocrx_word' id='word_1_537' title='bbox 3365 3922 3563 3990; x_wconf 79' lang='grc' dir='ltr'><strong>ὀδύνην</strong></span> <span class='ocrx_word' id='word_1_538' title='bbox 3618 3919 4030 3986; x_wconf 77' lang='grc' dir='ltr'><strong>καταπραῦνων</strong></span> 
     </span>
    </p>
   </div>
   <div class='ocr_carea' id='block_1_77' title="bbox 2444 4010 4031 4089">
    <p class='ocr_par' dir='ltr' id='par_1_77' title="bbox 2444 4010 4031 4089">
     <span class='ocr_line' id='line_1_77' title="bbox 2444 4010 4031 4089; baseline -0.004 -21"><span class='ocrx_word' id='word_1_539' title='bbox 2444 4016 2632 4087; x_wconf 64' lang='grc' dir='ltr'><strong>ὀφθείη</strong></span> <span class='ocrx_word' id='word_1_540' title='bbox 2657 4016 2826 4089; x_wconf 82' lang='grc' dir='ltr'><strong>(είκδς</strong></span> <span class='ocrx_word' id='word_1_541' title='bbox 2857 4015 2969 4085; x_wconf 82' lang='grc' dir='ltr'><strong>γὰρ</strong></span> <span class='ocrx_word' id='word_1_542' title='bbox 2998 4014 3199 4082; x_wconf 76' lang='grc' dir='ltr'><strong>πολλὴν</strong></span> <span class='ocrx_word' id='word_1_543' title='bbox 3223 4013 3427 4085; x_wconf 78' lang='grc' dir='ltr'><strong>ζημίαν</strong></span> <span class='ocrx_word' id='word_1_544' title='bbox 3454 4010 3676 4066; x_wconf 73' lang='grc' dir='ltr'><strong>καὶτῶν</strong></span> <span class='ocrx_word' id='word_1_545' title='bbox 3700 4010 3873 4063; x_wconf 77' lang='grc' dir='ltr'><strong>ὄντων</strong></span> <span class='ocrx_word' id='word_1_546' title='bbox 3894 4011 4031 4062; x_wconf 79' lang='grc' dir='ltr'><strong>ἀπο-</strong></span> 
     </span>
    </p>
   </div>
   <div class='ocr_carea' id='block_1_78' title="bbox 766 4099 2443 4181">
    <p class='ocr_par' dir='ltr' id='par_1_78' title="bbox 766 4109 2342 4181">
     <span class='ocr_line' id='line_1_78' title="bbox 766 4109 2342 4181; baseline -0.008 -6"><span class='ocrx_word' id='word_1_547' title='bbox 766 4120 856 4175; x_wconf 84' lang='lat' dir='ltr'><strong>ille</strong></span> <span class='ocrx_word' id='word_1_548' title='bbox 877 4134 986 4174; x_wconf 91' lang='lat' dir='ltr'><strong>non</strong></span> <span class='ocrx_word' id='word_1_549' title='bbox 1051 4116 1323 4172; x_wconf 85' lang='lat' dir='ltr'><strong>mediocre</strong></span> <span class='ocrx_word' id='word_1_550' title='bbox 1384 4112 1651 4181; x_wconf 81' lang='lat' dir='ltr'><strong>ﬂagitium</strong></span> <span class='ocrx_word' id='word_1_551' title='bbox 1696 4110 1919 4175; x_wconf 87' lang='lat' dir='ltr'><strong>audeat,</strong></span> <span class='ocrx_word' id='word_1_552' title='bbox 1950 4110 2003 4164; x_wconf 89' lang='lat' dir='ltr'><strong>id</strong></span> <span class='ocrx_word' id='word_1_553' title='bbox 2039 4123 2171 4164; x_wconf 91' lang='lat' dir='ltr'><strong>vero</strong></span> <span class='ocrx_word' id='word_1_554' title='bbox 2220 4109 2342 4163; x_wconf 88' lang='lat' dir='ltr'><strong>luce</strong></span> 
     </span>
    </p>
   </div>
   <div class='ocr_carea' id='block_1_79' title="bbox 2352 4099 4029 4181">
    <p class='ocr_par' dir='ltr' id='par_1_79' title="bbox 2443 4099 4029 4178">
     <span class='ocr_line' id='line_1_79' title="bbox 2443 4099 4029 4178; baseline -0.007 -17"><span class='ocrx_word' id='word_1_555' title='bbox 2443 4106 2607 4178; x_wconf 81' lang='grc' dir='ltr'><strong>ϐολὴν</strong></span> <span class='ocrx_word' id='word_1_556' title='bbox 2636 4105 2976 4177; x_wconf 83' lang='grc' dir='ltr'><strong>ὑπομεῖναι),</strong></span> <span class='ocrx_word' id='word_1_557' title='bbox 3001 4104 3161 4158; x_wconf 83' lang='grc' dir='ltr'><strong>τοῦτο</strong></span> <span class='ocrx_word' id='word_1_558' title='bbox 3185 4104 3298 4158; x_wconf 80' lang='grc' dir='ltr'><strong>τῶν</strong></span> <span class='ocrx_word' id='word_1_559' title='bbox 3330 4102 3676 4172; x_wconf 80' lang='grc' dir='ltr'><strong>φαινομένων</strong></span> <span class='ocrx_word' id='word_1_560' title='bbox 3707 4099 3884 4151; x_wconf 68' lang='grc' dir='ltr'><strong>ἐστίν.</strong></span> <span class='ocrx_word' id='word_1_561' title='bbox 3903 4100 4029 4151; x_wconf 84' lang='grc' dir='ltr'><strong>Ὀτι</strong></span> 
     </span>
    </p>
   </div>
   <div class='ocr_carea' id='block_1_80' title="bbox 764 4183 2441 4276">
    <p class='ocr_par' dir='ltr' id='par_1_80' title="bbox 764 4199 2341 4276">
     <span class='ocr_line' id='line_1_80' title="bbox 764 4199 2341 4276; baseline -0.006 -12"><span class='ocrx_word' id='word_1_562' title='bbox 764 4210 969 4264; x_wconf 81' lang='lat' dir='ltr'><strong>clarius</strong></span> <span class='ocrx_word' id='word_1_563' title='bbox 992 4215 1096 4263; x_wconf 86' lang='lat' dir='ltr'><strong>est.</strong></span> <span class='ocrx_word' id='word_1_564' title='bbox 1153 4206 1315 4276; x_wconf 84' lang='lat' dir='ltr'><strong>Atqui</strong></span> <span class='ocrx_word' id='word_1_565' title='bbox 1343 4202 1489 4274; x_wconf 87' lang='lat' dir='ltr'><strong>quod</strong></span> <span class='ocrx_word' id='word_1_566' title='bbox 1518 4201 1639 4266; x_wconf 86' lang='lat' dir='ltr'><strong>hos,</strong></span> <span class='ocrx_word' id='word_1_567' title='bbox 1668 4215 1807 4270; x_wconf 89' lang='lat' dir='ltr'><strong>quos</strong></span> <span class='ocrx_word' id='word_1_568' title='bbox 1838 4214 2031 4255; x_wconf 83' lang='lat' dir='ltr'><strong>vecors</strong></span> <span class='ocrx_word' id='word_1_569' title='bbox 2064 4199 2341 4269; x_wconf 85' lang='lat' dir='ltr'><strong>cupiditas</strong></span> 
     </span>
    </p>
   </div>
   <div class='ocr_carea' id='block_1_81' title="bbox 2353 4183 4030 4276">
    <p class='ocr_par' dir='ltr' id='par_1_81' title="bbox 2443 4183 4030 4269">
     <span class='ocr_line' id='line_1_81' title="bbox 2443 4183 4030 4269; baseline -0.009 -17"><span class='ocrx_word' id='word_1_570' title='bbox 2443 4198 2502 4253; x_wconf 71' lang='grc' dir='ltr'><strong>δέ</strong></span> <span class='ocrx_word' id='word_1_571' title='bbox 2533 4200 2639 4269; x_wconf 77' lang='grc' dir='ltr'><strong>χρὴ</strong></span> <span class='ocrx_word' id='word_1_572' title='bbox 2673 4197 2822 4267; x_wconf 76' lang='grc' dir='ltr'><strong>ζωῆς</strong></span> <span class='ocrx_word' id='word_1_573' title='bbox 2858 4194 3281 4267; x_wconf 83' lang='grc' dir='ltr'><strong>ἀποστερεῖσθαι</strong></span> <span class='ocrx_word' id='word_1_574' title='bbox 3312 4194 3440 4256; x_wconf 82' lang='grc' dir='ltr'><strong>τοὺς</strong></span> <span class='ocrx_word' id='word_1_575' title='bbox 3472 4191 3596 4245; x_wconf 79' lang='grc' dir='ltr'><strong>καθ’</strong></span> <span class='ocrx_word' id='word_1_576' title='bbox 3634 4183 3711 4244; x_wconf 81' lang='grc' dir='ltr'><strong>ὧν</strong></span> <span class='ocrx_word' id='word_1_577' title='bbox 3748 4190 3782 4258; x_wconf 85' lang='grc' dir='ltr'>ἠ</span> <span class='ocrx_word' id='word_1_578' title='bbox 3820 4188 4030 4257; x_wconf 79' lang='grc' dir='ltr'><strong>ἐκπλη-</strong></span> 
     </span>
    </p>
   </div>
   <div class='ocr_carea' id='block_1_82' title="bbox 768 4280 2445 4367">
    <p class='ocr_par' dir='ltr' id='par_1_82' title="bbox 768 4289 2344 4367">
     <span class='ocr_line' id='line_1_82' title="bbox 768 4289 2344 4367; baseline -0.006 -15"><span class='ocrx_word' id='word_1_579' title='bbox 768 4300 875 4352; x_wconf 79' lang='grc' dir='ltr'><strong>Ιιιιο</strong></span> <span class='ocrx_word' id='word_1_580' title='bbox 925 4295 1161 4367; x_wconf 84' lang='lat' dir='ltr'><strong>impulit,</strong></span> <span class='ocrx_word' id='word_1_581' title='bbox 1220 4296 1328 4348; x_wconf 87' lang='lat' dir='ltr'><strong>vita</strong></span> <span class='ocrx_word' id='word_1_582' title='bbox 1384 4291 1585 4362; x_wconf 86' lang='lat' dir='ltr'><strong>privari</strong></span> <span class='ocrx_word' id='word_1_583' title='bbox 1639 4298 1914 4360; x_wconf 90' lang='lat' dir='ltr'><strong>oporteat,</strong></span> <span class='ocrx_word' id='word_1_584' title='bbox 1964 4290 2068 4344; x_wconf 85' lang='lat' dir='ltr'><strong>hoc</strong></span> <span class='ocrx_word' id='word_1_585' title='bbox 2097 4289 2344 4359; x_wconf 81' lang='lat' dir='ltr'><strong>profecto</strong></span> 
     </span>
    </p>
   </div>
   <div class='ocr_carea' id='block_1_83' title="bbox 2355 4280 4032 4367">
    <p class='ocr_par' dir='ltr' id='par_1_83' title="bbox 2447 4280 4032 4361">
     <span class='ocr_line' id='line_1_83' title="bbox 2447 4280 4032 4361; baseline -0.006 -19"><span class='ocrx_word' id='word_1_586' title='bbox 2447 4292 2527 4356; x_wconf 75' lang='grc' dir='ltr'><strong>εις</strong></span> <span class='ocrx_word' id='word_1_587' title='bbox 2556 4290 2671 4361; x_wconf 74' lang='grc' dir='ltr'><strong>ἔχει</strong></span> <span class='ocrx_word' id='word_1_588' title='bbox 2701 4289 2802 4359; x_wconf 83' lang='grc' dir='ltr'><strong>τὴν</strong></span> <span class='ocrx_word' id='word_1_589' title='bbox 2824 4289 3032 4359; x_wconf 82' lang='grc' dir='ltr'><strong>χώραν,</strong></span> <span class='ocrx_word' id='word_1_590' title='bbox 3072 4287 3231 4341; x_wconf 82' lang='grc' dir='ltr'><strong>τοῦτο</strong></span> <span class='ocrx_word' id='word_1_591' title='bbox 3274 4286 3504 4340; x_wconf 83' lang='grc' dir='ltr'><strong>συνιδεῖν</strong></span> <span class='ocrx_word' id='word_1_592' title='bbox 3540 4282 3641 4335; x_wconf 75' lang='grc' dir='ltr'><strong>οὒκ</strong></span> <span class='ocrx_word' id='word_1_593' title='bbox 3668 4280 3799 4352; x_wconf 74' lang='grc' dir='ltr'><strong>ἔχω.</strong></span> <span class='ocrx_word' id='word_1_594' title='bbox 3822 4281 3890 4334; x_wconf 90' lang='grc' dir='ltr'><strong>Τί</strong></span> <span class='ocrx_word' id='word_1_595' title='bbox 3919 4281 4032 4349; x_wconf 75' lang='grc' dir='ltr'><strong>γὰρ</strong></span> 
     </span>
    </p>
   </div>
   <div class='ocr_carea' id='block_1_84' title="bbox 767 4367 2444 4455">
    <p class='ocr_par' dir='ltr' id='par_1_84' title="bbox 767 4379 2344 4455">
     <span class='ocr_line' id='line_1_84' title="bbox 767 4379 2344 4455; baseline -0.007 -11"><span class='ocrx_word' id='word_1_596' title='bbox 767 4387 1047 4444; x_wconf 88' lang='lat' dir='ltr'><strong>intellectu</strong></span> <span class='ocrx_word' id='word_1_597' title='bbox 1070 4384 1290 4455; x_wconf 86' lang='lat' dir='ltr'><strong>assequi</strong></span> <span class='ocrx_word' id='word_1_598' title='bbox 1317 4397 1550 4454; x_wconf 88' lang='lat' dir='ltr'><strong>nequeo.</strong></span> <span class='ocrx_word' id='word_1_599' title='bbox 1583 4380 1720 4436; x_wconf 85' lang='lat' dir='ltr'><strong>Nam</strong></span> <span class='ocrx_word' id='word_1_600' title='bbox 1749 4379 1881 4450; x_wconf 86' lang='lat' dir='ltr'><strong>quid</strong></span> <span class='ocrx_word' id='word_1_601' title='bbox 1915 4388 2127 4434; x_wconf 90' lang='lat' dir='ltr'><strong>tantum</strong></span> <span class='ocrx_word' id='word_1_602' title='bbox 2188 4379 2344 4433; x_wconf 88' lang='lat' dir='ltr'><strong>abla-</strong></span> 
     </span>
    </p>
   </div>
   <div class='ocr_carea' id='block_1_85' title="bbox 2357 4367 4034 4455">
    <p class='ocr_par' dir='ltr' id='par_1_85' title="bbox 2444 4367 4034 4450">
     <span class='ocr_line' id='line_1_85' title="bbox 2444 4367 4034 4450; baseline -0.006 -14"><span class='ocrx_word' id='word_1_603' title='bbox 2444 4380 2700 4436; x_wconf 80' lang='grc' dir='ltr'><strong>τοσοῦτον</strong></span> <span class='ocrx_word' id='word_1_604' title='bbox 2728 4380 3004 4450; x_wconf 79' lang='grc' dir='ltr'><strong>ἀφείλετο,</strong></span> <span class='ocrx_word' id='word_1_605' title='bbox 3027 4378 3055 4432; x_wconf 83' lang='grc' dir='ltr'><strong>ὃ</strong></span> <span class='ocrx_word' id='word_1_606' title='bbox 3085 4378 3284 4447; x_wconf 73' lang='grc' dir='ltr'><strong>γένοιτ’</strong></span> <span class='ocrx_word' id='word_1_607' title='bbox 3308 4376 3376 4431; x_wconf 82' lang='grc' dir='ltr'><strong>ἂν</strong></span> <span class='ocrx_word' id='word_1_608' title='bbox 3409 4375 3715 4429; x_wconf 80' lang='grc' dir='ltr'><strong>ἰσοστάσιον</strong></span> <span class='ocrx_word' id='word_1_609' title='bbox 3736 4372 3940 4442; x_wconf 72' lang='grc' dir='ltr'><strong>ψυχῆς,</strong></span> <span class='ocrx_word' id='word_1_610' title='bbox 3961 4367 4034 4443; x_wconf 85' lang='grc' dir='ltr'><strong>ἦς</strong></span> 
     </span>
    </p>
   </div>
   <div class='ocr_carea' id='block_1_86' title="bbox 766 4463 2443 4546">
    <p class='ocr_par' dir='ltr' id='par_1_86' title="bbox 766 4471 2405 4546">
     <span class='ocr_line' id='line_1_86' title="bbox 766 4471 2405 4546; baseline -0.006 -11"><span class='ocrx_word' id='word_1_611' title='bbox 766 4493 883 4536; x_wconf 84' lang='grc' dir='ltr'><strong>ιιιιιι</strong></span> <span class='ocrx_word' id='word_1_612' title='bbox 913 4488 1019 4545; x_wconf 85' lang='lat' dir='ltr'><strong>est,</strong></span> <span class='ocrx_word' id='word_1_613' title='bbox 1052 4486 1115 4535; x_wconf 91' lang='lat' dir='ltr'><strong>nt</strong></span> <span class='ocrx_word' id='word_1_614' title='bbox 1134 4494 1259 4534; x_wconf 91' lang='lat' dir='ltr'><strong>cum</strong></span> <span class='ocrx_word' id='word_1_615' title='bbox 1295 4479 1477 4533; x_wconf 89' lang='lat' dir='ltr'><strong>anima</strong></span> <span class='ocrx_word' id='word_1_616' title='bbox 1508 4475 1746 4532; x_wconf 80' lang='lat' dir='ltr'><strong>conferri</strong></span> <span class='ocrx_word' id='word_1_617' title='bbox 1780 4476 1973 4546; x_wconf 78' lang='lat' dir='ltr'><strong>possit,</strong></span> <span class='ocrx_word' id='word_1_618' title='bbox 2000 4488 2109 4543; x_wconf 89' lang='lat' dir='ltr'><strong>qua</strong></span> <span class='ocrx_word' id='word_1_619' title='bbox 2138 4471 2343 4544; x_wconf 86' lang='lat' dir='ltr'><strong>privari</strong></span> <span class='ocrx_word' id='word_1_620' title='bbox 2373 4541 2405 4546; x_wconf 89' lang='lat'>_</span> 
     </span>
    </p>
   </div>
   <div class='ocr_carea' id='block_1_87' title="bbox 2357 4463 4034 4546">
    <p class='ocr_par' dir='ltr' id='par_1_87' title="bbox 2373 4463 4034 4546">
     <span class='ocr_line' id='line_1_87' title="bbox 2373 4463 4034 4546; baseline -0.009 -17"><span class='ocrx_word' id='word_1_621' title='bbox 2373 4541 2405 4546; x_wconf 88' lang='lat'>_</span> <span class='ocrx_word' id='word_1_622' title='bbox 2447 4474 2545 4546; x_wconf 85' lang='grc' dir='ltr'><strong>τὴν</strong></span> <span class='ocrx_word' id='word_1_623' title='bbox 2574 4471 2863 4545; x_wconf 77' lang='grc' dir='ltr'><strong>εἴσπραξιν</strong></span> <span class='ocrx_word' id='word_1_624' title='bbox 2899 4469 3293 4541; x_wconf 83' lang='grc' dir='ltr'><strong>κατακρίνεται</strong></span> <span class='ocrx_word' id='word_1_625' title='bbox 3318 4486 3333 4535; x_wconf 90' lang='lat'><strong>;</strong></span> <span class='ocrx_word' id='word_1_626' title='bbox 3357 4467 3628 4529; x_wconf 73' lang='grc' dir='ltr'><strong>ἷκάκιστος</strong></span> <span class='ocrx_word' id='word_1_627' title='bbox 3673 4465 3771 4535; x_wconf 80' lang='grc' dir='ltr'><strong>μὲν</strong></span> <span class='ocrx_word' id='word_1_628' title='bbox 3806 4463 3904 4516; x_wconf 81' lang='grc' dir='ltr'><strong>οὖν</strong></span> <span class='ocrx_word' id='word_1_629' title='bbox 3938 4463 4034 4516; x_wconf 78' lang='grc' dir='ltr'><strong>καὶ</strong></span> 
     </span>
    </p>
   </div>
   <div class='ocr_carea' id='block_1_88' title="bbox 768 4541 2445 4637">
    <p class='ocr_par' dir='ltr' id='par_1_88' title="bbox 768 4541 2419 4634">
     <span class='ocr_line' id='line_1_88' title="bbox 768 4541 2419 4634; baseline -0.007 -6"><span class='ocrx_word' id='word_1_630' title='bbox 768 4574 966 4628; x_wconf 85' lang='lat' dir='ltr'><strong>debere</strong></span> <span class='ocrx_word' id='word_1_631' title='bbox 997 4541 1087 4627; x_wconf 81' lang='lat' dir='ltr'><strong>ille</strong></span> <span class='ocrx_word' id='word_1_632' title='bbox 1116 4568 1554 4627; x_wconf 81' lang='lat' dir='ltr'><strong>condemnatur?</strong></span> <span class='ocrx_word' id='word_1_633' title='bbox 1603 4541 1886 4621; x_wconf 83' lang='lat' dir='ltr'><strong>Pessimus</strong></span> <span class='ocrx_word' id='word_1_634' title='bbox 1942 4541 2161 4634; x_wconf 79' lang='lat' dir='ltr'><strong>quidem</strong></span> <span class='ocrx_word' id='word_1_635' title='bbox 2195 4568 2343 4617; x_wconf 89' lang='lat' dir='ltr'><strong>certe</strong></span> <span class='ocrx_word' id='word_1_636' title='bbox 2373 4541 2419 4599; x_wconf 77' lang='grc' dir='ltr'><strong>Ῑ)</strong></span> 
     </span>
    </p>
   </div>
   <div class='ocr_carea' id='block_1_89' title="bbox 2359 4541 4036 4637">
    <p class='ocr_par' dir='ltr' id='par_1_89' title="bbox 2373 4541 4036 4637">
     <span class='ocr_line' id='line_1_89' title="bbox 2373 4541 4036 4637; baseline -0.01 -16"><span class='ocrx_word' id='word_1_637' title='bbox 2373 4541 2419 4599; x_wconf 73' lang='lat' dir='ltr'><strong>D</strong></span> <span class='ocrx_word' id='word_1_638' title='bbox 2449 4541 2729 4637; x_wconf 79' lang='grc' dir='ltr'><strong>ἀλιτήριος</strong></span> <span class='ocrx_word' id='word_1_639' title='bbox 2752 4568 2782 4618; x_wconf 87' lang='grc' dir='ltr'>ὁ</span> <span class='ocrx_word' id='word_1_640' title='bbox 2804 4566 3047 4618; x_wconf 87' lang='grc' dir='ltr'><strong>τοιούτου</strong></span> <span class='ocrx_word' id='word_1_641' title='bbox 3079 4560 3305 4632; x_wconf 81' lang='grc' dir='ltr'><strong>κέρδους</strong></span> <span class='ocrx_word' id='word_1_642' title='bbox 3342 4557 3581 4612; x_wconf 84' lang='grc' dir='ltr'><strong>ἐλάττων</strong></span> <span class='ocrx_word' id='word_1_643' title='bbox 3604 4557 3671 4620; x_wconf 72' lang='grc' dir='ltr'><strong>σί,</strong></span> <span class='ocrx_word' id='word_1_644' title='bbox 3703 4553 3863 4607; x_wconf 81' lang='grc' dir='ltr'><strong>τοῦτο</strong></span> <span class='ocrx_word' id='word_1_645' title='bbox 3880 4554 3948 4622; x_wconf 84' lang='grc' dir='ltr'><strong>δὴ</strong></span> <span class='ocrx_word' id='word_1_646' title='bbox 3969 4552 4036 4606; x_wconf 81' lang='grc' dir='ltr'><strong>τὸ</strong></span> 
     </span>
    </p>
   </div>
   <div class='ocr_carea' id='block_1_90' title="bbox 769 4644 2446 4732">
    <p class='ocr_par' dir='ltr' id='par_1_90' title="bbox 769 4654 2343 4732">
     <span class='ocr_line' id='line_1_90' title="bbox 769 4654 2343 4732; baseline -0.007 -13"><span class='ocrx_word' id='word_1_647' title='bbox 769 4675 853 4719; x_wconf 85' lang='lat' dir='ltr'><strong>est</strong></span> <span class='ocrx_word' id='word_1_648' title='bbox 885 4670 939 4718; x_wconf 90' lang='lat' dir='ltr'><strong>et</strong></span> <span class='ocrx_word' id='word_1_649' title='bbox 959 4662 1283 4732; x_wconf 74' lang='lat' dir='ltr'><strong>sacrilegus,</strong></span> <span class='ocrx_word' id='word_1_650' title='bbox 1311 4657 1812 4732; x_wconf 87' lang='lat' dir='ltr'><strong>quiseistiusmodi</strong></span> <span class='ocrx_word' id='word_1_651' title='bbox 1846 4656 2001 4711; x_wconf 88' lang='lat' dir='ltr'><strong>lucro</strong></span> <span class='ocrx_word' id='word_1_652' title='bbox 2024 4654 2300 4724; x_wconf 84' lang='lat' dir='ltr'><strong>mancipat</strong></span> <span class='ocrx_word' id='word_1_653' title='bbox 2328 4670 2343 4708; x_wconf 90' lang='lat'><strong>:</strong></span> 
     </span>
    </p>
   </div>
   <div class='ocr_carea' id='block_1_91' title="bbox 2357 4644 4034 4732">
    <p class='ocr_par' dir='ltr' id='par_1_91' title="bbox 2452 4644 4034 4729">
     <span class='ocr_line' id='line_1_91' title="bbox 2452 4644 4034 4729; baseline -0.012 -15"><span class='ocrx_word' id='word_1_654' title='bbox 2452 4658 2584 4729; x_wconf 85' lang='grc' dir='ltr'><strong>παρ’</strong></span> <span class='ocrx_word' id='word_1_655' title='bbox 2623 4657 2783 4712; x_wconf 88' lang='grc' dir='ltr'><strong>ἐνίων</strong></span> <span class='ocrx_word' id='word_1_656' title='bbox 2835 4654 3144 4725; x_wconf 89' lang='grc' dir='ltr'><strong>γινόμενον,</strong></span> <span class='ocrx_word' id='word_1_657' title='bbox 3200 4648 3510 4721; x_wconf 88' lang='grc' dir='ltr'><strong>περισυλῶν</strong></span> <span class='ocrx_word' id='word_1_658' title='bbox 3562 4646 3919 4716; x_wconf 83' lang='grc' dir='ltr'><strong>τεθνηκότας,</strong></span> <span class='ocrx_word' id='word_1_659' title='bbox 3968 4644 4034 4697; x_wconf 84' lang='grc' dir='ltr'><strong>ού</strong></span> 
     </span>
    </p>
   </div>
   <div class='ocr_carea' id='block_1_92' title="bbox 770 4736 2447 4825">
    <p class='ocr_par' dir='ltr' id='par_1_92' title="bbox 770 4745 2346 4825">
     <span class='ocr_line' id='line_1_92' title="bbox 770 4745 2346 4825; baseline -0.006 -14"><span class='ocrx_word' id='word_1_660' title='bbox 770 4771 835 4811; x_wconf 88' lang='lat' dir='ltr'><strong>ac</strong></span> <span class='ocrx_word' id='word_1_661' title='bbox 873 4769 1009 4812; x_wconf 88' lang='lat' dir='ltr'><strong>sane</strong></span> <span class='ocrx_word' id='word_1_662' title='bbox 1070 4754 1165 4810; x_wconf 81' lang='lat' dir='ltr'><strong>ille</strong></span> <span class='ocrx_word' id='word_1_663' title='bbox 1192 4753 1269 4825; x_wconf 92' lang='lat' dir='ltr'><strong>(id</strong></span> <span class='ocrx_word' id='word_1_664' title='bbox 1299 4753 1448 4823; x_wconf 88' lang='lat' dir='ltr'><strong>quod</strong></span> <span class='ocrx_word' id='word_1_665' title='bbox 1513 4751 1584 4805; x_wconf 88' lang='lat' dir='ltr'><strong>ab</strong></span> <span class='ocrx_word' id='word_1_666' title='bbox 1630 4748 1909 4820; x_wconf 88' lang='lat' dir='ltr'><strong>aliquibus</strong></span> <span class='ocrx_word' id='word_1_667' title='bbox 1962 4745 2042 4816; x_wconf 86' lang='lat' dir='ltr'><strong>ﬁt)</strong></span> <span class='ocrx_word' id='word_1_668' title='bbox 2096 4753 2346 4801; x_wconf 82' lang='lat' dir='ltr'><strong>mortuos</strong></span> 
     </span>
    </p>
   </div>
   <div class='ocr_carea' id='block_1_93' title="bbox 2359 4736 4036 4825">
    <p class='ocr_par' dir='ltr' id='par_1_93' title="bbox 2457 4736 4036 4825">
     <span class='ocr_line' id='line_1_93' title="bbox 2457 4736 4036 4825; baseline -0.011 -22"><span class='ocrx_word' id='word_1_669' title='bbox 2457 4749 2564 4822; x_wconf 79' lang='grc' dir='ltr'><strong>μὴν</strong></span> <span class='ocrx_word' id='word_1_670' title='bbox 2593 4751 2627 4820; x_wconf 79' lang='grc' dir='ltr'><strong>ἡ</strong></span> <span class='ocrx_word' id='word_1_671' title='bbox 2656 4747 2890 4818; x_wconf 89' lang='grc' dir='ltr'><strong>πονηρία</strong></span> <span class='ocrx_word' id='word_1_672' title='bbox 2916 4745 3172 4811; x_wconf 83' lang='grc' dir='ltr'><strong>τοιαύτης</strong></span> <span class='ocrx_word' id='word_1_673' title='bbox 3197 4742 3326 4807; x_wconf 81' lang='grc' dir='ltr'><strong>ἀξία</strong></span> <span class='ocrx_word' id='word_1_674' title='bbox 3354 4741 3531 4809; x_wconf 85' lang='grc' dir='ltr'><strong>δίκης.</strong></span> <span class='ocrx_word' id='word_1_675' title='bbox 3576 4740 3652 4795; x_wconf 76' lang='grc' dir='ltr'><strong>Οὐ</strong></span> <span class='ocrx_word' id='word_1_676' title='bbox 3692 4736 3802 4806; x_wconf 82' lang='grc' dir='ltr'><strong>γὰρ</strong></span> <span class='ocrx_word' id='word_1_677' title='bbox 3825 4736 4036 4825; x_wconf 84' lang='grc' dir='ltr'><strong>δίκαιον</strong></span> 
     </span>
    </p>
   </div>
   <div class='ocr_carea' id='block_1_94' title="bbox 771 4824 2448 4919">
    <p class='ocr_par' dir='ltr' id='par_1_94' title="bbox 771 4824 2348 4919">
     <span class='ocr_line' id='line_1_94' title="bbox 771 4824 2348 4919; baseline -0.007 -16"><span class='ocrx_word' id='word_1_678' title='bbox 771 4847 993 4919; x_wconf 82' lang='lat' dir='ltr'><strong>spoliat.</strong></span> <span class='ocrx_word' id='word_1_679' title='bbox 1045 4824 1437 4901; x_wconf 75' lang='lat' dir='ltr'><strong>Verttmtamen</strong></span> <span class='ocrx_word' id='word_1_680' title='bbox 1488 4842 1544 4899; x_wconf 88' lang='lat' dir='ltr'><strong>id</strong></span> <span class='ocrx_word' id='word_1_681' title='bbox 1609 4841 1822 4897; x_wconf 79' lang='lat' dir='ltr'><strong>facinus</strong></span> <span class='ocrx_word' id='word_1_682' title='bbox 1878 4837 2194 4897; x_wconf 87' lang='lat' dir='ltr'><strong>istiusmodi</strong></span> <span class='ocrx_word' id='word_1_683' title='bbox 2238 4853 2348 4893; x_wconf 94' lang='lat' dir='ltr'><strong>non</strong></span> 
     </span>
    </p>
   </div>
   <div class='ocr_carea' id='block_1_95' title="bbox 2360 4824 4037 4919">
    <p class='ocr_par' dir='ltr' id='par_1_95' title="bbox 2457 4824 4037 4919">
     <span class='ocr_line' id='line_1_95' title="bbox 2457 4824 4037 4919; baseline -0.01 -26"><span class='ocrx_word' id='word_1_684' title='bbox 2457 4840 2580 4893; x_wconf 75' lang='grc' dir='ltr'><strong>ἀντὶ</strong></span> <span class='ocrx_word' id='word_1_685' title='bbox 2614 4838 2941 4910; x_wconf 81' lang='grc' dir='ltr'><strong>πράγματος</strong></span> <span class='ocrx_word' id='word_1_686' title='bbox 2972 4834 3162 4889; x_wconf 80' lang='grc' dir='ltr'><strong>ὑλικοῦ</strong></span> <span class='ocrx_word' id='word_1_687' title='bbox 3193 4834 3285 4887; x_wconf 78' lang='grc' dir='ltr'><strong>καὶ</strong></span> <span class='ocrx_word' id='word_1_688' title='bbox 3319 4831 3534 4901; x_wconf 75' lang='grc' dir='ltr'><strong>ῥέοντος</strong></span> <span class='ocrx_word' id='word_1_689' title='bbox 3567 4825 3865 4919; x_wconf 17' lang='grc' dir='ltr'><strong>ἀῡλονλκαὶ</strong></span> <span class='ocrx_word' id='word_1_690' title='bbox 3898 4824 4037 4919; x_wconf 75' lang='grc' dir='ltr'><strong>ἀθά-</strong></span> 
     </span>
    </p>
   </div>
   <div class='ocr_carea' id='block_1_96' title="bbox 774 4914 2451 5010">
    <p class='ocr_par' dir='ltr' id='par_1_96' title="bbox 774 4914 2348 5010">
     <span class='ocr_line' id='line_1_96' title="bbox 774 4914 2348 5010; baseline -0.004 -15"><span class='ocrx_word' id='word_1_691' title='bbox 774 4914 1017 4995; x_wconf 85' lang='lat' dir='ltr'><strong>meretur</strong></span> <span class='ocrx_word' id='word_1_692' title='bbox 1079 4951 1320 5010; x_wconf 66' lang='lat' dir='ltr'><strong>poenam.</strong></span> <span class='ocrx_word' id='word_1_693' title='bbox 1378 4936 1486 4993; x_wconf 82' lang='lat' dir='ltr'><strong>Pro</strong></span> <span class='ocrx_word' id='word_1_694' title='bbox 1518 4936 1631 5006; x_wconf 78' lang='lat' dir='ltr'><strong>(li)</strong></span> <span class='ocrx_word' id='word_1_695' title='bbox 1673 4949 1735 4991; x_wconf 84' lang='lat' dir='ltr'><strong>re</strong></span> <span class='ocrx_word' id='word_1_696' title='bbox 1784 4933 1932 4992; x_wconf 85' lang='lat' dir='ltr'><strong>enim</strong></span> <span class='ocrx_word' id='word_1_697' title='bbox 1974 4932 2244 4989; x_wconf 89' lang='lat' dir='ltr'><strong>materiali</strong></span> <span class='ocrx_word' id='word_1_698' title='bbox 2292 4940 2348 4988; x_wconf 90' lang='lat' dir='ltr'><strong>et</strong></span> 
     </span>
    </p>
   </div>
   <div class='ocr_carea' id='block_1_97' title="bbox 2362 4914 4039 5010">
    <p class='ocr_par' dir='ltr' id='par_1_97' title="bbox 2458 4914 4039 4999">
     <span class='ocr_line' id='line_1_97' title="bbox 2458 4914 4039 4999; baseline -0.011 -14"><span class='ocrx_word' id='word_1_699' title='bbox 2458 4946 2619 4985; x_wconf 87' lang='grc' dir='ltr'><strong>νατον</strong></span> <span class='ocrx_word' id='word_1_700' title='bbox 2656 4929 2890 4999; x_wconf 78' lang='grc' dir='ltr'><strong>πρᾶγμα</strong></span> <span class='ocrx_word' id='word_1_701' title='bbox 2921 4925 3021 4997; x_wconf 85' lang='grc' dir='ltr'><strong>τὴν</strong></span> <span class='ocrx_word' id='word_1_702' title='bbox 3049 4924 3227 4996; x_wconf 76' lang='grc' dir='ltr'><strong>ψυχὴν</strong></span> <span class='ocrx_word' id='word_1_703' title='bbox 3247 4921 3570 4991; x_wconf 83' lang='grc' dir='ltr'><strong>λαμϐάνειν.</strong></span> <span class='ocrx_word' id='word_1_704' title='bbox 3607 4919 3669 4973; x_wconf 79' lang='lat' dir='ltr'><strong>Ei</strong></span> <span class='ocrx_word' id='word_1_705' title='bbox 3694 4916 3805 4988; x_wconf 77' lang='grc' dir='ltr'><strong>γὰρ</strong></span> <span class='ocrx_word' id='word_1_706' title='bbox 3835 4914 4039 4969; x_wconf 75' lang='grc' dir='ltr'><strong>πολλά-</strong></span> 
     </span>
    </p>
   </div>
   <div class='ocr_carea' id='block_1_98' title="bbox 2110 5065 2793 5124">
    <p class='ocr_par' dir='ltr' id='par_1_98' title="bbox 2110 5065 2793 5124">
     <span class='ocr_line' id='line_1_98' title="bbox 2110 5065 2793 5124; baseline -0.006 0"><span class='ocrx_word' id='word_1_707' title='bbox 2110 5067 2350 5124; x_wconf 71' lang='lat' dir='ltr'><strong>VARl/E</strong></span> <span class='ocrx_word' id='word_1_708' title='bbox 2387 5065 2793 5123; x_wconf 84' lang='lat' dir='ltr'><strong>LECTIONES.</strong></span> 
     </span>
    </p>
   </div>
   <div class='ocr_carea' id='block_1_99' title="bbox 844 5143 4039 5238">
    <p class='ocr_par' dir='ltr' id='par_1_99' title="bbox 844 5143 4039 5238">
     <span class='ocr_line' id='line_1_99' title="bbox 844 5143 4039 5238; baseline -0.008 -16"><span class='ocrx_word' id='word_1_709' title='bbox 844 5167 890 5199; x_wconf 87' lang='lat'><strong>&quot;</strong></span> <span class='ocrx_word' id='word_1_710' title='bbox 922 5168 1155 5238; x_wconf 71' lang='lat' dir='ltr'><strong>Scrimg.</strong></span> <span class='ocrx_word' id='word_1_711' title='bbox 1214 5164 1441 5238; x_wconf 63' lang='grc' dir='ltr'><strong>γνώμην</strong></span> <span class='ocrx_word' id='word_1_712' title='bbox 1504 5164 1622 5235; x_wconf 84' lang='grc' dir='ltr'><strong>μέν.</strong></span> <span class='ocrx_word' id='word_1_713' title='bbox 1658 5160 1803 5238; x_wconf 35' lang='grc' dir='ltr'><strong>,Ποε</strong></span> <span class='ocrx_word' id='word_1_714' title='bbox 2006 5160 2059 5214; x_wconf 90' lang='lat' dir='ltr'><strong>in</strong></span> <span class='ocrx_word' id='word_1_715' title='bbox 2098 5161 2172 5238; x_wconf 67' lang='grc' dir='ltr'><strong>μη</strong></span> <span class='ocrx_word' id='word_1_716' title='bbox 2199 5158 2518 5238; x_wconf 69' lang='lat' dir='ltr'><strong>mutandum</strong></span> <span class='ocrx_word' id='word_1_717' title='bbox 2559 5172 2685 5238; x_wconf 72' lang='lat' dir='ltr'><strong>esse</strong></span> <span class='ocrx_word' id='word_1_718' title='bbox 2744 5156 2880 5238; x_wconf 84' lang='lat' dir='ltr'><strong>vid_i_t</strong></span> <span class='ocrx_word' id='word_1_719' title='bbox 2898 5152 3113 5238; x_wconf 40' lang='lat' dir='ltr'><strong>“Steph.</strong></span> <span class='ocrx_word' id='word_1_720' title='bbox 3163 5143 4039 5238; x_wconf 11' lang='lat' dir='ltr'><strong>_&#39;7‘.Agzl.‘eon_j-.__xaé</strong></span> 
     </span>
    </p>
   </div>
   <div class='ocr_carea' id='block_1_100' title="bbox 778 5163 4042 5308">
    <p class='ocr_par' dir='ltr' id='par_1_100' title="bbox 778 5163 4042 5308">
     <span class='ocr_line' id='line_1_100' title="bbox 844 5163 4039 5272; baseline -0.008 -50"><span class='ocrx_word' id='word_1_721' title='bbox 844 5167 890 5199; x_wconf 87' lang='lat'><strong>&quot;</strong></span> <span class='ocrx_word' id='word_1_722' title='bbox 922 5168 1155 5238; x_wconf 71' lang='lat' dir='ltr'><strong>Scrimg.</strong></span> <span class='ocrx_word' id='word_1_723' title='bbox 1214 5164 1441 5235; x_wconf 83' lang='grc' dir='ltr'><strong>γνώμην</strong></span> <span class='ocrx_word' id='word_1_724' title='bbox 1504 5164 1622 5235; x_wconf 84' lang='grc' dir='ltr'><strong>μέν.</strong></span> <span class='ocrx_word' id='word_1_725' title='bbox 1687 5163 1803 5217; x_wconf 83' lang='lat' dir='ltr'><strong>[Ioc</strong></span> <span class='ocrx_word' id='word_1_726' title='bbox 1844 5163 1943 5232; x_wconf 82' lang='grc' dir='ltr'><strong>μὲν</strong></span> <span class='ocrx_word' id='word_1_727' title='bbox 2006 5163 2059 5214; x_wconf 90' lang='lat' dir='ltr'><strong>in</strong></span> <span class='ocrx_word' id='word_1_728' title='bbox 2098 5163 2172 5230; x_wconf 78' lang='grc' dir='ltr'><strong>μὴ</strong></span> <span class='ocrx_word' id='word_1_729' title='bbox 2199 5163 2518 5213; x_wconf 88' lang='lat' dir='ltr'><strong>mntaudmn</strong></span> <span class='ocrx_word' id='word_1_730' title='bbox 2559 5172 2685 5212; x_wconf 91' lang='lat' dir='ltr'><strong>esse</strong></span> <span class='ocrx_word' id='word_1_731' title='bbox 2744 5163 2880 5211; x_wconf 86' lang='lat' dir='ltr'><strong>vidit</strong></span> <span class='ocrx_word' id='word_1_732' title='bbox 2923 5163 3113 5222; x_wconf 68' lang='lat' dir='ltr'><strong>Steph.</strong></span> <span class='ocrx_word' id='word_1_733' title='bbox 3170 5163 3395 5272; x_wconf 45' lang='lat' dir='ltr'><strong>&quot;.Aggt.</strong></span> <span class='ocrx_word' id='word_1_734' title='bbox 3433 5163 3584 5231; x_wconf 66' lang='lat' dir='ltr'><strong>con].</strong></span> <span class='ocrx_word' id='word_1_735' title='bbox 3623 5163 3718 5197; x_wconf 88' lang='grc' dir='ltr'><strong>και</strong></span> <span class='ocrx_word' id='word_1_736' title='bbox 3744 5163 3839 5196; x_wconf 83' lang='grc' dir='ltr'><strong>επι</strong></span> <span class='ocrx_word' id='word_1_737' title='bbox 3868 5163 4039 5196; x_wconf 86' lang='grc' dir='ltr'><strong>παντι</strong></span> 
     </span>
     <span class='ocr_line' id='line_1_101' title="bbox 778 5212 4042 5308; baseline -0.007 -19"><span class='ocrx_word' id='word_1_738' title='bbox 778 5237 858 5307; x_wconf 81' lang='grc' dir='ltr'><strong>τῷ</strong></span> <span class='ocrx_word' id='word_1_739' title='bbox 883 5239 1090 5308; x_wconf 79' lang='grc' dir='ltr'><strong>φόρτῳ,</strong></span> <span class='ocrx_word' id='word_1_740' title='bbox 1112 5237 1236 5308; x_wconf 34' lang='grc' dir='ltr'><strong>εῐγε-</strong></span> <span class='ocrx_word' id='word_1_741' title='bbox 1258 5235 1464 5305; x_wconf 74' lang='lat' dir='ltr'><strong>Spang.</strong></span> <span class='ocrx_word' id='word_1_742' title='bbox 1494 5233 1741 5308; x_wconf 67' lang='lat' dir='ltr'><strong>mavult_:</strong></span> <span class='ocrx_word' id='word_1_743' title='bbox 1761 5234 1857 5285; x_wconf 83' lang='grc' dir='ltr'><strong>καὶ</strong></span> <span class='ocrx_word' id='word_1_744' title='bbox 1878 5231 1982 5308; x_wconf 59' lang='grc' dir='ltr'><strong>ἐπι</strong></span> <span class='ocrx_word' id='word_1_745' title='bbox 2002 5230 2205 5308; x_wconf 59' lang='grc' dir='ltr'><strong>παντὸς</strong></span> <span class='ocrx_word' id='word_1_746' title='bbox 2231 5228 2336 5308; x_wconf 51' lang='lat' dir='ltr'><strong>tog</strong></span> <span class='ocrx_word' id='word_1_747' title='bbox 2347 5227 2733 5308; x_wconf 40' lang='grc' dir='ltr'><strong>φόρτουκεξγεέ</strong></span> <span class='ocrx_word' id='word_1_748' title='bbox 2824 5228 2869 5259; x_wconf 82' lang='grc'><strong>⁵⁸</strong></span> <span class='ocrx_word' id='word_1_749' title='bbox 2886 5223 3268 5308; x_wconf 45' lang='lat' dir='ltr'><strong>_Stepb:_c&#39;onj.</strong></span> <span class='ocrx_word' id='word_1_750' title='bbox 3326 5307 3329 5308; x_wconf 11' lang='grc' dir='ltr'><em>ν</em></span> <span class='ocrx_word' id='word_1_751' title='bbox 3352 5212 4042 5308; x_wconf 25' lang='grc' dir='ltr'><strong>ιαλυξουσξζᾷερῇιιὲλδια-</strong></span> 
     </span>
    </p>
   </div>
   <div class='ocr_carea' id='block_1_101' title="bbox 781 5282 4040 5377">
    <p class='ocr_par' dir='ltr' id='par_1_101' title="bbox 781 5282 4040 5377">
     <span class='ocr_line' id='line_1_102' title="bbox 781 5282 4040 5377; baseline 0 0"><span class='ocrx_word' id='word_1_752' title='bbox 781 5282 1063 5377; x_wconf 64' lang='grc' dir='ltr'><strong>ᾧῖύξᾶὗᾶῐῖ</strong></span> <span class='ocrx_word' id='word_1_753' title='bbox 1074 5282 1090 5302; x_wconf 93' lang='grc'><em>’</em></span> <span class='ocrx_word' id='word_1_754' title='bbox 1112 5282 2224 5377; x_wconf 53' lang='grc' dir='ltr'><strong>ίίεῖἒέτῖἷιῐὲῗῖἑξξέοῗῈίιὶἐξιὲἀὲέῖιζειεριῖ-</strong></span> <span class='ocrx_word' id='word_1_755' title='bbox 2285 5299 2336 5377; x_wconf 74' lang='lat' dir='ltr'><strong>f&#39;</strong></span> <span class='ocrx_word' id='word_1_756' title='bbox 2359 5282 2791 5377; x_wconf 56' lang='lat' dir='ltr'><strong>&quot;~3.-_--.&#39;_i5553&#39;°°¢&#39;</strong></span> <span class='ocrx_word' id='word_1_757' title='bbox 2816 5282 3023 5377; x_wconf 66' lang='grc' dir='ltr'><strong>ῖτοδςηῖ.</strong></span> <span class='ocrx_word' id='word_1_758' title='bbox 3071 5282 4040 5377; x_wconf 50' lang='grc' dir='ltr'><strong>έὲἀτδνῑαξςέἕὲῗὲῖίῖῖἒξὶάνέξῖῖῑ</strong></span> 
     </span>
    </p>
   </div>
   <div class='ocr_carea' id='block_1_102' title="bbox 780 5352 4038 5445">
    <p class='ocr_par' dir='ltr' id='par_1_102' title="bbox 780 5352 4038 5445">
     <span class='ocr_line' id='line_1_103' title="bbox 780 5352 4038 5445; baseline -0.008 -15"><span class='ocrx_word' id='word_1_759' title='bbox 1101 5376 1149 5413; x_wconf 84' lang='grc'>⁸⁸</span> <span class='ocrx_word' id='word_1_760' title='bbox 1183 5352 2357 5445; x_wconf 46' lang='grc' dir='ltr'><strong>ἐπῐαρκεῖν.</strong></span> <span class='ocrx_word' id='word_1_761' title='bbox 2433 5369 2479 5399; x_wconf 80' lang='grc'><strong>⁸⁸</strong></span> <span class='ocrx_word' id='word_1_762' title='bbox 2510 5352 2704 5423; x_wconf 60' lang='lat' dir='ltr'><strong>Helius</strong></span> <span class='ocrx_word' id='word_1_763' title='bbox 2734 5367 2829 5419; x_wconf 85' lang='grc' dir='ltr'><strong>καί</strong></span> <span class='ocrx_word' id='word_1_764' title='bbox 2854 5352 2952 5435; x_wconf 88' lang='lat' dir='ltr'><strong>pro</strong></span> <span class='ocrx_word' id='word_1_765' title='bbox 2970 5363 3073 5417; x_wconf 83' lang='grc' dir='ltr'><strong>οὑκ</strong></span> <span class='ocrx_word' id='word_1_766' title='bbox 3099 5352 3193 5417; x_wconf 62' lang='grc' dir='ltr'><strong>ἀνί</strong></span> <span class='ocrx_word' id='word_1_767' title='bbox 3261 5361 3305 5393; x_wconf 75' lang='grc'><strong>⁸⁸</strong></span> <span class='ocrx_word' id='word_1_768' title='bbox 3342 5356 3615 5414; x_wconf 82' lang='lat' dir='ltr'><strong>Fortassis</strong></span> <span class='ocrx_word' id='word_1_769' title='bbox 3638 5355 3854 5410; x_wconf 75' lang='grc' dir='ltr'><strong>ιένεκα.</strong></span> <span class='ocrx_word' id='word_1_770' title='bbox 3876 5352 4038 5407; x_wconf 78' lang='lat' dir='ltr'><strong>Certe</strong></span> 
     </span>
    </p>
   </div>
   <div class='ocr_carea' id='block_1_103' title="bbox 784 5448 1467 5520">
    <p class='ocr_par' dir='ltr' id='par_1_103' title="bbox 784 5448 1467 5520">
     <span class='ocr_line' id='line_1_104' title="bbox 784 5448 1467 5520; baseline -0.003 -18"><span class='ocrx_word' id='word_1_771' title='bbox 784 5448 988 5520; x_wconf 77' lang='lat' dir='ltr'><strong>aliquid</strong></span> <span class='ocrx_word' id='word_1_772' title='bbox 1016 5454 1336 5517; x_wconf 89' lang='lat' dir='ltr'><strong>corruptum</strong></span> <span class='ocrx_word' id='word_1_773' title='bbox 1362 5455 1467 5502; x_wconf 86' lang='lat' dir='ltr'><strong>est.</strong></span> 
     </span>
    </p>
   </div>
   <div class='ocr_carea' id='block_1_104' title="bbox 2291 5527 2528 5588">
    <p class='ocr_par' dir='ltr' id='par_1_104' title="bbox 2291 5527 2528 5588">
     <span class='ocr_line' id='line_1_105' title="bbox 2291 5527 2528 5588; baseline -0.004 -3"><span class='ocrx_word' id='word_1_774' title='bbox 2291 5527 2528 5588; x_wconf 71' lang='grc' dir='ltr'><strong>ΝΟΤᾸΞ.</strong></span> 
     </span>
    </p>
   </div>
   <div class='ocr_carea' id='block_1_105' title="bbox 857 5625 2340 5709">
    <p class='ocr_par' dir='ltr' id='par_1_105' title="bbox 857 5625 2340 5709">
     <span class='ocr_line' id='line_1_106' title="bbox 857 5625 2340 5709; baseline -0.009 -17"><span class='ocrx_word' id='word_1_775' title='bbox 857 5637 986 5709; x_wconf 81' lang='lat'><strong>(8-9)</strong></span> <span class='ocrx_word' id='word_1_776' title='bbox 1019 5635 1183 5709; x_wconf 67' lang='lat' dir='ltr'><strong>Poma</strong></span> <span class='ocrx_word' id='word_1_777' title='bbox 1196 5631 1553 5709; x_wconf 76' lang='lat' dir='ltr'><strong>naufragium</strong></span> <span class='ocrx_word' id='word_1_778' title='bbox 1565 5627 1957 5702; x_wconf 85' lang='lat' dir='ltr'><strong>supprimentis</strong></span> <span class='ocrx_word' id='word_1_779' title='bbox 1973 5625 2340 5709; x_wconf 74' lang='lat' dir='ltr'><strong>quadruplum</strong></span> 
     </span>
    </p>
   </div>
   <div class='ocr_carea' id='block_1_106' title="bbox 789 5696 2357 5778">
    <p class='ocr_par' dir='ltr' id='par_1_106' title="bbox 789 5696 2357 5778">
     <span class='ocr_line' id='line_1_107' title="bbox 789 5696 2357 5778; baseline 0.014 -16"><span class='ocrx_word' id='word_1_780' title='bbox 789 5696 878 5763; x_wconf 78' lang='grc' dir='ltr'><strong>ιιιά</strong></span> <span class='ocrx_word' id='word_1_781' title='bbox 909 5696 1374 5778; x_wconf 45' lang='lat' dir='ltr'><strong>consummari</strong></span> <span class='ocrx_word' id='word_1_782' title='bbox 1400 5696 1478 5778; x_wconf 73' lang='grc' dir='ltr'><strong>ἷιξι</strong></span> <span class='ocrx_word' id='word_1_783' title='bbox 1508 5696 1802 5778; x_wconf 41' lang='lat' dir='ltr'><strong>ebriae“?</strong></span> <span class='ocrx_word' id='word_1_784' title='bbox 1832 5696 2227 5778; x_wconf 55' lang='grc' dir='ltr'><strong>ρεηῐηιρηίε»</strong></span> <span class='ocrx_word' id='word_1_785' title='bbox 2250 5709 2357 5778; x_wconf 64' lang='grc' dir='ltr'><strong>ειυδ</strong></span> 
     </span>
    </p>
   </div>
   <div class='ocr_carea' id='block_1_107' title="bbox 786 5765 2356 5838">
    <p class='ocr_par' dir='ltr' id='par_1_107' title="bbox 786 5765 2356 5838">
     <span class='ocr_line' id='line_1_108' title="bbox 786 5765 2356 5838; baseline -0.008 -5"><span class='ocrx_word' id='word_1_786' title='bbox 786 5779 917 5833; x_wconf 76' lang='lat' dir='ltr'><strong>olim</strong></span> <span class='ocrx_word' id='word_1_787' title='bbox 957 5777 1184 5829; x_wconf 77' lang='lat' dir='ltr'><strong>allectus</strong></span> <span class='ocrx_word' id='word_1_788' title='bbox 1233 5765 1355 5836; x_wconf 72' lang='lat' dir='ltr'><strong>fuit,</strong></span> <span class='ocrx_word' id='word_1_789' title='bbox 1375 5772 1485 5827; x_wconf 81' lang='lat' dir='ltr'><strong>vid.</strong></span> <span class='ocrx_word' id='word_1_790' title='bbox 1509 5773 1545 5827; x_wconf 96' lang='lat' dir='ltr'><strong>l.</strong></span> <span class='ocrx_word' id='word_1_791' title='bbox 1574 5765 1713 5838; x_wconf 68' lang='lat' dir='ltr'><strong>5,in</strong></span> <span class='ocrx_word' id='word_1_792' title='bbox 1744 5765 1847 5827; x_wconf 48' lang='lat' dir='ltr'><strong>(in;</strong></span> <span class='ocrx_word' id='word_1_793' title='bbox 1867 5768 1919 5824; x_wconf 76' lang='grc' dir='ltr'><strong>Π.</strong></span> <span class='ocrx_word' id='word_1_794' title='bbox 1966 5767 2040 5823; x_wconf 82' lang='lat' dir='ltr'><strong>De</strong></span> <span class='ocrx_word' id='word_1_795' title='bbox 2069 5765 2356 5833; x_wconf 87' lang='lat' dir='ltr'><strong>inccndio;</strong></span> 
     </span>
    </p>
   </div>
   <div class='ocr_carea' id='block_1_108' title="bbox 789 5843 1484 5918">
    <p class='ocr_par' dir='ltr' id='par_1_108' title="bbox 789 5843 1484 5918">
     <span class='ocr_line' id='line_1_109' title="bbox 789 5843 1484 5918; baseline -0.013 -12"><span class='ocrx_word' id='word_1_796' title='bbox 789 5853 826 5907; x_wconf 90' lang='grc' dir='ltr'><strong>ι.</strong></span> <span class='ocrx_word' id='word_1_797' title='bbox 851 5850 903 5917; x_wconf 77' lang='grc'><strong>5,</strong></span> <span class='ocrx_word' id='word_1_798' title='bbox 936 5846 963 5918; x_wconf 84' lang='lat'><strong>§</strong></span> <span class='ocrx_word' id='word_1_799' title='bbox 989 5846 1042 5910; x_wconf 73' lang='grc'><strong>4,</strong></span> <span class='ocrx_word' id='word_1_800' title='bbox 1068 5845 1123 5901; x_wconf 83' lang='lat' dir='ltr'><strong>ﬂ‘.</strong></span> <span class='ocrx_word' id='word_1_801' title='bbox 1160 5844 1232 5900; x_wconf 81' lang='lat' dir='ltr'><strong>De</strong></span> <span class='ocrx_word' id='word_1_802' title='bbox 1249 5843 1484 5901; x_wconf 78' lang='lat' dir='ltr'><strong>sicariis.</strong></span> 
     </span>
    </p>
   </div>
   <div class='ocr_carea' id='block_1_109' title="bbox 2536 5604 4017 5703">
    <p class='ocr_par' dir='ltr' id='par_1_109' title="bbox 2536 5604 4017 5703">
     <span class='ocr_line' id='line_1_110' title="bbox 2536 5604 4017 5703; baseline -0.009 -28"><span class='ocrx_word' id='word_1_803' title='bbox 2536 5621 2650 5703; x_wconf 60' lang='lat' dir='ltr'><strong>(l0)</strong></span> <span class='ocrx_word' id='word_1_804' title='bbox 2680 5618 2758 5673; x_wconf 79' lang='lat' dir='ltr'><strong>Ex</strong></span> <span class='ocrx_word' id='word_1_805' title='bbox 2785 5616 2840 5672; x_wconf 89' lang='lat' dir='ltr'><strong>d.</strong></span> <span class='ocrx_word' id='word_1_806' title='bbox 2875 5618 2912 5674; x_wconf 94' lang='lat' dir='ltr'><strong>l.</strong></span> <span class='ocrx_word' id='word_1_807' title='bbox 2937 5619 2991 5683; x_wconf 79' lang='grc'><strong>5,</strong></span> <span class='ocrx_word' id='word_1_808' title='bbox 3038 5614 3111 5671; x_wconf 91' lang='lat' dir='ltr'><strong>De</strong></span> <span class='ocrx_word' id='word_1_809' title='bbox 3173 5611 3446 5676; x_wconf 86' lang='lat' dir='ltr'><strong>incendio,</strong></span> <span class='ocrx_word' id='word_1_810' title='bbox 3488 5614 3524 5667; x_wconf 92' lang='lat' dir='ltr'><strong>l.</strong></span> <span class='ocrx_word' id='word_1_811' title='bbox 3552 5605 3659 5679; x_wconf 76' lang='lat'><strong>5,§</strong></span> <span class='ocrx_word' id='word_1_812' title='bbox 3698 5608 3752 5677; x_wconf 72' lang='grc'><strong>4,</strong></span> <span class='ocrx_word' id='word_1_813' title='bbox 3780 5604 3841 5665; x_wconf 78' lang='lat' dir='ltr'><strong>ﬂ.</strong></span> <span class='ocrx_word' id='word_1_814' title='bbox 3862 5604 3939 5663; x_wconf 84' lang='lat' dir='ltr'><strong>De</strong></span> <span class='ocrx_word' id='word_1_815' title='bbox 3964 5604 4017 5662; x_wconf 73' lang='lat' dir='ltr'><strong>si</strong></span> 
     </span>
    </p>
   </div>
   <div class='ocr_carea' id='block_1_110' title="bbox 2465 5707 3450 5831">
    <p class='ocr_par' dir='ltr' id='par_1_110' title="bbox 2465 5707 3450 5831">
     <span class='ocr_line' id='line_1_111' title="bbox 2465 5707 3450 5831; baseline -0.014 -12"><span class='ocrx_word' id='word_1_816' title='bbox 2465 5707 2653 5831; x_wconf 46' lang='lat' dir='ltr'><strong>multa</strong></span> <span class='ocrx_word' id='word_1_817' title='bbox 2682 5758 2923 5817; x_wconf 75' lang='lat' dir='ltr'><strong>Observa</strong></span> <span class='ocrx_word' id='word_1_818' title='bbox 2943 5757 3081 5812; x_wconf 80' lang='lat' dir='ltr'><strong>hanc</strong></span> <span class='ocrx_word' id='word_1_819' title='bbox 3101 5752 3450 5812; x_wconf 83' lang='lat' dir='ltr'><strong>sententiam.</strong></span> 
     </span>
    </p>
   </div>
  </div>
