4248 6442
241 408 352 469 565

1368 404 1730 468 ΝονΕιιΑῑ
1768 404 2439 468 CONSTITUTIONES.

3393 410 3497 475 566

237 529 330 576 κις
351 511 476 566 οὑδὲ
500 512 556 564 ιν
584 511 902 583 πράγμασιν
934 510 1065 580 ὕλης
1087 511 1371 581 τιμωμένη
1399 514 1432 582 η
1479 512 1653 583 ζημία
1686 512 1816 563 πολ-
1847 562 1852 573 ί

1866 518 1894 574 ι
1921 513 2084 581 lluxa,
2108 516 2350 570 materia:
2365 523 2641 586 expertem
2663 524 2827 586 atque
2843 515 3229 576 immortalem.
3257 518 3493 570 animam

236 603 338 671 λὴν
382 602 482 672 τὴν
518 601 824 672 ὑπερϐολὴν
874 601 1008 671 ἔχει,
1045 603 1133 656 ῐνα
1182 603 1258 672 μὴ
1298 602 1376 666 τῷ
1426 602 1819 672 ὑπερϐάλλοντι

235 694 432 764 ὥσπερ
460 694 580 747 τινὰ
612 693 910 765 περίοδονή
944 694 1129 748 ἀδικία
1161 694 1426 767 Ιλαμϐάνῃ
1445 733 1461 757 ,
1509 694 1626 757 πῶς
1646 692 1821 754 οὕτως

237 785 593 854 ἀστάθμητος
621 783 792 854 ζημία
819 785 1119 839 καταλάϐοι
1157 787 1283 847 τοὺς
1329 784 1822 856 ἀποκρυψαμένους

240 877 308 929 τά
337 876 449 928 τῶν
478 875 884 943 ναυαγούντων,
911 877 1012 929 οὑκ
1040 875 1206 946 οὑσης
1226 877 1323 947 τῆς
1348 876 1656 947 ὑπερϐολῆς
1680 876 1822 945 λόγῳ

243 966 440 1036 ῥητῆς,
469 965 537 1037 ἢν
560 965 697 1036 πρὸς
711 966 772 1019 τὸ
797 965 1044 1037 ἀδίκημα
1069 968 1103 1039 ἡ
1138 966 1424 1038 είσπραξις
1447 967 1820 1038 ἁποφέρεται;

314 1237 628 1307 Κελεύομεν
660 1232 753 1291 οὖν
789 1238 884 1298 καὶ
927 1238 1086 1292 τοῦτο
1136 1238 1334 1308 μηκέτι
1385 1238 1558 1300 οὑτως
1609 1237 1828 1290 εὐθύνε-

245 1330 395 1390 σθαι,
418 1329 534 1382 ἀλλ’
568 1329 693 1382 ἀντὶ
713 1329 808 1382 τοῦ
841 1328 1427 1399 παρακατασχεθέντος
1476 1327 1652 1390 εἴδους
1693 1329 1827 1380 ἀπο-

242 1421 481 1474 τιννύειν
502 1420 841 1490 τετραπλοῦν
865 1420 957 1473 τὸν
980 1419 1461 1490 ἀποκρυψάμενον,
1482 1421 1578 1471 καὶ
1605 1417 1833 1487 τοιαύτῃ

242 1513 370 1582 δίκῃ
402 1509 682 1581 ὁρίζεσθαι
703 1511 765 1564 τὸ
795 1510 1126 1581 ἁμάρτημα.

796 1603 1110 1654 ΔῐΑΤΑΞΙΣ
1142 1601 1261 1655 ΞΕ’.

246 1689 390 1758 Περὶ
417 1689 528 1757 τῆς
567 1688 876 1755 κολάσεως
901 1687 1020 1742 τῶν
1049 1692 1382 1759 μαγγανεία
1412 1689 1826 1759 χρησαμένων.

332 1783 390 1835 Ὀ
425 1782 584 1844 αὑτὸς
614 1781 866 1850 βασιλεὺς
897 1781 1172 1850 Στυλιανῷ
1195 1781 1272 1851 τῷ
1309 1781 1478 1851 αὑτῷ.

1924 621 2138 675 nempe,
2164 622 2361 677 capere
2412 607 2558 661 haud
2609 616 2692 664 est
2740 623 2978 678 atquum.
3014 608 3148 660 Nam
3182 607 3227 660 si
3260 621 3499 675 persaepe

1926 711 2102 764 neque
2145 698 2200 752 in
2249 699 2411 753 rebus
2445 698 2823 755 materialibus
2874 698 3044 752 multa
3095 699 3306 752 illatum
3342 696 3498 750 dam-

1925 802 2054 840 num
2103 787 2262 858 longe
2313 799 2558 857 superat,
2588 804 2699 860 quo
2754 789 3006 844 videlicet
3031 789 3176 841 velut
3205 788 3496 843 circuitum

1925 880 2160 948 aliquem
2195 879 2459 949 iniquitas
2495 894 2728 936 excessu
2776 893 2885 933 non
2907 878 3162 934 conﬁciat
3189 894 3202 930 :
3226 876 3496 946 quamob-

1926 986 2041 1026 rem
2083 978 2196 1024 tam
2251 971 2534 1040 inaequalis
2584 985 2743 1040 paena
2777 970 2923 1033 illos,
2956 971 3048 1039 qui
3108 968 3496 1037 naufragorum

1928 1078 2018 1117 res
2055 1063 2358 1126 occultant.
2409 1063 2692 1132 percellat,
2738 1071 2800 1116 ut
2845 1076 3127 1124 excessus.
3159 1074 3321 1127 quem
3364 1059 3499 1113 ultio

1928 1155 1995 1209 ad
2021 1153 2234 1210 facinus
2267 1155 2454 1218 refert,
2481 1154 2710 1221 exprimi
2741 1153 2922 1208 verbis
2962 1161 3214 1220 nequeat.

1997 1246 2261 1301 Jubemus
2297 1247 2483 1315 igitur,
2519 1253 2577 1297 ut
2609 1243 2674 1297 de
2700 1244 2795 1296 hoc
2826 1259 2934 1297 non
2959 1242 3197 1310 amplius
3223 1243 3297 1295 ita
3327 1240 3502 1293 vindi-

1930 1344 2108 1399 cetur,
2141 1336 2235 1389 sed
2253 1351 2351 1403 pro
2376 1351 2436 1390 re
2451 1335 2694 1396 detenta,
2724 1333 2816 1401 qui
2836 1334 3098 1395 occuluit,
3130 1332 3498 1401 quadruplum

1929 1425 2204 1496 dependat
2231 1440 2404 1494 eaque
2434 1441 2593 1494 ptena
2622 1425 2676 1480 id
2710 1424 2970 1479 dilectum
2999 1420 3347 1490 delungatur.

2388 1604 2854 1661 CONSTlTUTIO
2899 1602 3060 1658 LXV.

2237 1699 2313 1753 De
2341 1698 2739 1752 incantatorum
2778 1711 2929 1762 paena
2965 1693 3200 1765 (li-l5).

2006 1789 2149 1844 ldem
2181 1788 2480 1856 imperator
2523 1784 2698 1839 eidem
2743 1782 3009 1853 Styliano.

335 1873 394 1927 Ὀ
427 1874 525 1942 μὲν
566 1872 738 1927 εἰπὼν
789 1873 1107 1943 μέμφεσθαι
1140 1873 1217 1940 τῷ
1253 1873 1383 1943 οϊνῳ
1426 1875 1520 1924 καὶ
1551 1874 1611 1924 τὸ
1644 1875 1830 1926 τούτου

1866 1859 1909 1918 Β
2010 1877 2109 1942 Qui
2163 1885 2383 1944 propter
2429 1873 2542 1942 (Μ)
2601 1870 3027 1926 temulentorum
3079 1868 3506 1937 incompositum

246 1965 488 2036 εὔθυμον
508 1965 950 2036 ἀποστρέφεσθαι
979 1964 1067 2017 διὰ
1095 1965 1158 2018 τὸ
1181 1965 1290 2016 τῶν
1328 1964 1577 2035 μεθύσων
1598 1964 1833 2016 κακοθυ-

251 2076 374 2127 μον,
401 2057 543 2109 ἔοικε
571 2056 658 2109 διά
681 2055 891 2126 φαύλην
918 2055 1115 2126 χρῆσιν
1134 2057 1196 2108 τὸ
1238 2056 1312 2126 μὴ
1343 2056 1464 2108 καθ’
1506 2055 1666 2107 ἑαυτὸ
1695 2052 1834 2120 φαῦ-

250 2155 340 2202 λον
368 2148 428 2200 ὃν
451 2147 748 2219 διασύρειν.
803 2147 946 2214 Ἐγὼ
989 2147 1049 2200 δὲ
1104 2148 1269 2216 νόμον
1320 2145 1700 2215 ὲκτεθειμένον
1729 2143 1833 2196 ὑπὸ

247 2242 359 2295 τῶν
390 2240 560 2294 πάλαι
604 2238 910 2307 νομοθετῶν
943 2237 1438 2306 διασκεπτόμενος,
1491 2237 1549 2300 ὃς
1582 2237 1832 2305 γοητείαν

256 2334 356 2402 μὲν
392 2331 604 2400 φαύλην
636 2327 938 2398 ἡγούμενος
985 2329 1331 2397 τιμωρεῖται,
1365 2327 1527 2380 πάλιν
1579 2329 1623 2380 δ’
1661 2327 1834 2397 αὐτὴν

251 2420 580 2490 ἀποδέχεται
609 2419 729 2489 (οὑκ
749 2420 812 2470 ἐκ
839 2418 939 2488 τῆς
966 2417 1074 2468 τῶν
1118 2417 1416 2487 χρωμένων
1466 2416 1603 2485 αὐτῇ
1638 2433 1834 2484 προαι-

258 2511 462 2581 ρέσεως
493 2510 705 2579 φαύλην
729 2508 1090 2578 δεικνυμένην
1111 2549 1126 2572 ,
1163 2508 1278 2560 ἀλλ’
1304 2506 1518 2560 οίκοοεν
1558 2508 1836 2575 πηγάζου-

255 2617 356 2653 σαν
385 2601 487 2670 τὴν
521 2599 744 2664 κακίαν,
779 2599 967 2666 ὥσπερ
993 2599 1041 2650 οἱ
1088 2597 1370 2667 κοπρῶνες
1400 2597 1498 2666 τὴν
1528 2597 1833 2656 δυσωδίαν),

259 2690 576 2761 μέμφεσθαι
621 2693 734 2753 τοῖς
762 2689 1248 2760 νενομοθετηκόσιν
1282 2690 1382 2742 οὐκ
1416 2688 1482 2741 ἂν
1527 2689 1714 2756 φαίην,
1750 2689 1837 2741 ἵνα

255 2783 314 2834 δὲ
350 2782 428 2851 μὴ
485 2781 786 2850 μέμφοιντο
826 2780 886 2832 τὸ
941 2781 1038 2849 τὴν
1069 2779 1278 2850 μέμψιν
1326 2779 1447 2850 ἔχον
1488 2780 1836 2849 νομοθέτημα

255 2873 614 2942 ἐκκαθαίρειν
641 2874 686 2904 ⁶¹
720 2871 916 2925 δικαιῶ
947 2870 1042 2924 τοῦ
1078 2872 1186 2924 τῶν
1210 2873 1390 2940 νόμων
1426 2871 1674 2940 ἐδάφους.
1709 2871 1840 2925 Βού-

254 2963 410 3015 λεται
446 2962 545 3031 μὲν
581 2960 690 3030 γὰρ
716 2958 959 3012 εὐθύνειν
985 2958 1261 3028 γοητείαν,
1287 2961 1370 3012 ὅτι
1405 2959 1465 3012 τὸ
1504 2961 1720 3030 σῶφρον
1745 2961 1838 3015 τοῦ

257 3053 352 3106 νοῦ
375 3052 756 3123 ἀφαιρουμένη
781 3050 1148 3120 ἀναϐακχεύει
1197 3052 1321 3114 τοὺς
1363 3051 1657 3120 λογισμοὺς
1703 3053 1840 3123 πρὸς

258 3145 510 3215 οἴστρους
538 3143 632 3196 καὶ
667 3142 865 3212 μανίας
889 3143 1181 3213 ἐρωτικὰς,
1230 3143 1554 3212 ἀποδέχεται
1595 3143 1652 3195 δὲ
1678 3145 1840 3198 πάλιν

258 3236 456 3306 αὑτὴν,
487 3235 563 3298 ὡς
595 3235 928 3305 σπερμάτων
975 3235 1070 3286 καὶ
1107 3234 1336 3302 καρπῶν
1389 3234 1688 3304 θεραπείαν
1745 3238 1840 3290 καὶ

257 3327 438 3382 ἄλλων
463 3326 518 3379 δέ
542 3342 705 3380 τινων
735 3325 940 3392 καλῶν,
961 3325 1036 3388 ὡς
1067 3327 1262 3391 οἴεται,
1292 3328 1546 3397 χορηγὸν,
1580 3329 1675 3380 καὶ
1703 3329 1840 3398 ὅπερ

256 3416 334 3477 ὡς
365 3413 649 3467 ἐπίϐουλον
686 3413 926 3479 κολάζει,
963 3413 1122 3466 τοῦτο
1155 3414 1320 3466 πάλιν
1347 3415 1423 3477 ὡς
1470 3415 1765 3486 εὐεργέτην
1793 3416 1839 3447 ⁸³

258 3508 422 3578 τιμᾷ.
468 3506 663 3577 Ἡμεῖς
707 3507 764 3560 δὲ
807 3509 906 3574 τὴν
938 3506 1195 3575 τοιαύτην
1228 3508 1568 3576 μαγγανείαν
1589 3509 1842 3579 ὀλεθρίαν

263 3599 367 3668 μὲν
399 3596 664 3667 ὑπάρχειν
715 3596 1037 3666 πειθόμεθα,
1069 3597 1236 3649 καλοῦ
1266 3597 1322 3649 δέ
1361 3615 1506 3660 τινος
1535 3599 1712 3653 αἰτίαν
1744 3601 1844 3654 οὐκ

259 3689 329 3744 ἂν
360 3689 735 3759 πεισθείημεν,
792 3688 855 3742 El
901 3689 957 3743 δὲ
1009 3691 1102 3743 καὶ
1131 3690 1374 3759 φαίνοιτὸ
1439 3709 1523 3756 τις
1547 3694 1620 3762 ﬁ“
1652 3693 1852 3764 φέρειν’

261 3782 509 3836 τοιοῦτον
531 3783 626 3850 (ὡς
652 3783 799 3836 δοκεῖ
823 3782 899 3852 τῷ
928 3783 1130 3851 ταύτην
1157 3782 1540 3854 ἀποδεχομένῳ
1565 3785 1758 3855 νόμῳ),
1780 3787 1843 3840 οὑ

264 3877 504 3950 χρηστὸν
530 3877 665 3931 ἀλλά
693 3877 884 3949 δέλεαρ
915 3879 1006 3930 καὶ
1037 3877 1215 3948 πάγην
1242 3879 1380 3948 πρὸς
1421 3880 1482 3932 τὸ
1512 3879 1618 3932 τῶν
1660 3882 1846 3935 κακῶν

265 3970 498 4039 ἔσχατον
527 3971 623 4039 τὴν
650 3968 743 4022 τοῦ
764 3969 916 4031 ὄντος
945 3967 1152 4037 ἀγαθοῦ
1192 3967 1465 4022 ἔκπτωσιν
1517 3970 1846 4024 ἀλίσκουσαν

269 4061 430 4130 ῐσμεν
457 4061 502 4092 ⁸³
525 4061 653 4123 τοὺς
675 4058 1032 4128 πειθομένους
1055 4059 1352 4129 δαιμονίοις
1384 4063 1590 4124 σκαιοῖς
1611 4062 1731 4114 ἀντὶ
1752 4062 1845 4115 τοῦ

268 4151 519 4206 Πλάστου
551 4151 647 4204 καὶ
670 4150 941 4203 Δεσπὸτου
963 4151 1316 4221 προσανέχειν
1339 4151 1845 4221 παρασκευάζοντα,

1937 1967 2345 2035 malignumque
2370 1963 2618 2016 animum
2677 1959 3085 2029 reprobandum
3125 1973 3250 2014 esse
3298 1959 3508 2020 vinum,

1937 2061 2166 2128 ejusque
2205 2059 2667 2119 oblectamentun
2694 2051 3085 2113 aversandum,
3109 2052 3242 2105 dicit
3271 2071 3285 2106 :
3320 2067 3401 2106 na:
3421 2052 3512 2105 ille

1939 2157 2162 2221 propter
2187 2162 2506 2216 perversum
2531 2160 2716 2202 usum.
2738 2157 2852 2197 rem
2895 2158 2990 2211 per
3020 2157 3080 2196 se
3137 2156 3248 2195 non
3283 2156 3511 2210 perver-

1941 2257 2058 2296 sam
2087 2237 2364 2307 suggillat.
2400 2236 2513 2303 Ego
2565 2247 2693 2287 vero
2728 2232 3127 2300 promulgatam
3161 2246 3188 2282 a
3229 2227 3511 2282 veteribus

1938 2331 2343 2404 lcgislatoribus
2411 2327 2581 2397 legem
2623 2324 2735 2394 (l5)
2805 2323 3182 2382 considerans,
3241 2334 3361 2373 eam
3392 2333 3515 2388 qute

1939 2427 2102 2479 modo
2135 2426 2607 2478 incantamentum
2650 2416 2851 2470 malum
2884 2428 3008 2467 esse
3061 2422 3201 2472 rata,
3239 2412 3289 2464 id
3322 2411 3505 2481 punit,

1942 2516 2102 2570 modo
2130 2530 2259 2570 vero
2291 2511 2530 2566 admittit
2589 2517 2644 2564 et
2675 2507 2970 2577 approbat,
3018 2519 3318 2574 quanquam
3368 2503 3421 2556 id
3448 2517 3515 2556 ex

1943 2612 2213 2666 utentium
2249 2607 2536 2678 preposito
2584 2607 2788 2658 malum
2841 2616 2948 2656 non
2982 2599 3098 2660 liat,
3156 2594 3252 2648 sed
3287 2609 3386 2648 sua
3423 2607 3519 2645 na-

1941 2705 2062 2756 tura
2099 2701 2420 2762 vitiositate,
2450 2706 2710 2767 tanquam
2757 2690 3104 2760 sterquilinia
3139 2686 3515 2757 graveolentia

1941 2795 2239 2857 scaturiat;
2270 2808 2376 2847 non
2397 2802 2573 2844 tamen
2597 2790 2719 2843 illos
2743 2787 3088 2856 legislatures
3110 2777 3520 2849 reprehenden-

1941 2887 2041 2940 dos
2065 2885 2320 2948 dixerim,
2343 2883 2440 2939 sed
2483 2897 2551 2936 ne
2586 2880 2712 2950 quis
2768 2878 2941 2945 legem
2976 2875 3140 2945 (quod
3175 2871 3374 2925 merito
3404 2866 3518 2934 (lat)

1943 2972 2239 3041 vituperet,
2297 2985 2418 3025 eam
2468 2984 2537 3024 ex
2576 2969 2756 3037 legum
2796 2965 2957 3035 quasi
3000 2961 3173 3018 fundo
3214 2959 3517 3014 tollendum

1944 3071 2101 3134 puto.
2173 3062 2304 3118 Vult
2355 3071 2538 3116 autem
2573 3059 2753 3129 puniri
2805 3056 3230 3114 incantationes.
3273 3065 3339 3105 eo
3372 3047 3521 3118 quod

1866 3190 1910 3252 Ο
1946 3155 2216 3210 modestia
2249 3155 2418 3208 animi
2459 3153 2695 3214 sublata,
2757 3149 2998 3204 stimulis
3049 3145 3340 3212 furoreque
3373 3155 3524 3252 ama.

1946 3247 2087 3300 torio
2128 3245 2397 3299 rationem
2432 3244 2498 3297 ad
2543 3241 2810 3297 insaniam
2856 3239 3111 3308 adigant;
3141 3249 3205 3288 ac
3255 3231 3522 3302 approbat

1947 3339 2058 3409 (l7)
2086 3351 2305 3391 rursum
2335 3335 2458 3390 illas
2488 3342 2750 3402 tanquam
2790 3338 3024 3398 segetes,
3061 3336 3116 3382 et
3165 3325 3378 3380 fructus
3412 3337 3515 3377 cu-

1947 3436 2090 3493 rent,
2117 3428 2332 3494 aliaque
2352 3425 2493 3478 bona
2527 3431 2609 3494 (ut
2631 3421 2851 3491 quidem
2883 3419 3118 3484 videtur)
3139 3414 3515 3484 suppeditent.

1946 3521 2124 3589 Atque
2150 3519 2224 3571 ita
2247 3516 2392 3587 quod
2428 3501 3034 3584 tanquaminsidiosum
3066 3508 3356 3578 puniisset,
3377 3505 3520 3559 idem

1948 3625 2172 3665 rursum
2229 3619 2492 3677 tanquam
2523 3605 2844 3661 beneﬁcium
2904 3603 3155 3657 honorat.
3207 3596 3372 3667 Atqui
3421 3609 3524 3649 nos

1948 3701 2262 3759 istiusmodi
2298 3699 2701 3757 incantationes
2733 3695 3076 3766 perniciosas
3132 3705 3253 3747 esse
3296 3701 3526 3758 persua—

1947 3810 2068 3849 sum
2104 3793 2402 3857 habemus;
2444 3797 2500 3843 et
2547 3796 2606 3842 ut
2631 3789 2760 3843 boni
2794 3785 3092 3857 quidquam
3123 3781 3251 3837 inde
3299 3791 3525 3834 manare

1947 3884 2260 3947 credamus,
2291 3881 2478 3935 induci
2506 3894 2614 3934 non
2657 3891 2974 3949 possumus.
3022 3879 3099 3928 Ac
3127 3888 3259 3927 sane
3285 3871 3450 3925 etiam
3475 3866 3524 3922 si

1949 3977 2077 4031 boui
2119 3975 2418 4045 quidquam
2448 3971 2750 4040 producere
2781 3969 2902 4024 illas
2935 3972 3194 4036 appareat
3223 3958 3524 4031 (quomodo

1948 4068 2155 4139 quidem
2184 4065 2508 4135 approbanti
2545 4063 2695 4131 ipsas
2725 4060 2831 4129 legi
2874 4055 3114 4124 videtur)
3144 4069 3250 4108 non
3309 4051 3364 4104 id
3429 4050 3526 4103 bo«

1952 4172 2081 4211 num
2117 4170 2264 4220 esse,
2306 4153 2402 4208 sed
2433 4152 2747 4206 illecebram
2792 4157 2959 4218 atque
2983 4160 3228 4209 nassam,
3255 4156 3378 4211 quae
3399 4141 3526 4194 ille-

269 4245 365 4298 καὶ
394 4244 494 4307 τὰς
516 4243 718 4314 βλάϐας
747 4243 834 4297 διὰ
865 4245 964 4313 τῆς
1013 4244 1122 4295 τῶν
1173 4244 1330 4306 ἐκτὸς
1375 4242 1608 4306 ἀλυπίας
1638 4246 1717 4306 είς
1751 4244 1849 4313 τὴν

1952 4261 2072 4305 ctos
2103 4250 2158 4302 in
2190 4247 2458 4301 malorum
2500 4243 2746 4297 omnium
2769 4249 3096 4302 extremum,
3133 4236 3228 4290 ubi
3257 4249 3287 4287 a
3308 4245 3529 4289 summa

267 4338 449 4406 ψυχὴν
494 4337 742 4406 δέχεσθαι
791 4339 918 4399 τοὺς
942 4335 1147 4405 ταύτην
1185 4337 1639 4407 ἀποδεχομένους.
1675 4337 1849 4408 Ὅπερ

1953 4343 2098 4398 bono
2114 4339 2388 4402 excidant,
2411 4336 2722 4399 absorbeat,
2747 4344 3088 4403 compertum
3114 4329 3400 4384 habemus;
3421 4326 3526 4381 No-

270 4428 534 4491 πολλάκις
561 4428 613 4480 οἱ
652 4428 788 4498 πρὸς
838 4428 938 4491 τὰς
972 4427 1187 4497 πληγὰς
1229 4427 1394 4480 δειλοὶ
1435 4428 1756 4498 πάσχουσιν,
1787 4428 1846 4480 οὑ

1953 4441 2070 4488 tum
2089 4431 2234 4488 enim
2267 4432 2425 4488 nobis
2454 4439 2539 4485 est
2558 4431 2699 4493 illas,
2724 4435 2785 4482 ut
2809 4426 2904 4497 qui
2931 4440 2990 4480 se
3013 4424 3147 4493 ipsis
3167 4421 3391 4484 dedunt,
3415 4433 3526 4488 pra:

274 4519 590 4589 βουλόμενοι
623 4519 827 4582 ταύτας
880 4520 972 4572 ἐπὶ
1008 4519 1117 4571 τῶν
1148 4518 1346 4589 χειρῶν
1393 4518 1670 4585 δέξασθαι,
1704 4519 1845 4573 κατά

1876 4522 2210 4579 DCreatore
2235 4530 2290 4576 et
2339 4520 2567 4575 Domino
2623 4516 2880 4574 infaustis
2933 4515 3183 4581 dirisque
3242 4509 3527 4564 daemoniis

269 4612 370 4681 τῆς
403 4610 643 4681 κεφαλῆς
663 4611 698 4681 ἢ
721 4612 819 4680 τῆς
839 4611 1076 4680 γαστρὸς
1109 4610 1478 4679 ὑποδέχονται.

1955 4614 2291 4676 adhaereant,
2347 4611 2594 4677 ellicere;
2627 4618 2682 4663 et
2732 4607 2826 4677 qui
2870 4605 2994 4658 illas
3049 4600 3394 4661 all'ectantur,
3428 4598 3528 4652 hos

274 4719 369 4773 per
403 4712 752 4758 externarum
802 4719 982 4760 rerum
1036 4705 1210 4758 laatam
1242 4703 1535 4774 quamdam
1583 4703 1821 4774 speciem
1854 4704 2082 4758 vulnera
2114 4703 2167 4757 in
2190 4703 2432 4757 animam
2491 4699 2770 4769 excipere.
2841 4696 3002 4766 quale
3047 4691 3304 4764 quiddam
3385 4691 3529 4743 inter

1552 4859 1789 4916 VARIA']
1819 4858 2218 4916 LECTIONES.

338 4979 387 5009 “
417 4976 649 5041 Scrimg.
674 4977 724 5028 εί
751 4974 1057 5045 καθαίρειν.
1129 4974 1389 5045 ⁶³Ῠὸιορ1μ
1414 4973 1691 5045 εὐεργέτιν
1717 4974 1887 5045 scribi
1913 4976 2046 5028 vult.
2123 4973 2168 5004 “
2197 4971 2428 5045 scrimg.
2461 4990 2534 5024 τι.
2568 4969 2760 5024 Zuich.
2781 4973 2838 5022 et
2882 4965 3106 5021 Meerm.
3162 4960 3371 5015 rectius
3419 4975 3524 5022 τις.

276 5052 323 5084 ⁸⁸
353 5047 587 5116 Scrimg.
617 5045 772 5117 ἴσμεν
798 5045 858 5098 τὲ
884 5042 1147 5117 ἔγνωμεν.
1179 5044 1433 5115 Plerique
1457 5042 1613 5114 ἴσμεν
1643 5061 1703 5098 τε
1733 5046 1827 5099 καὶ
1864 5043 2110 5113 ἔγνωμεν
2160 5042 2511 5097 scribendum
2535 5048 2780 5095 censent.

1762 5135 1991 5192 NOTAE.

357 5231 374 5296 (
384 5229 565 5298 1243)
603 5228 999 5295 lncantatores,
1023 5243 1256 5298 quorum
1284 5243 1448 5298 opera
1474 5229 1600 5300 olim
1620 5229 1836 5300 grandi-

281 5316 384 5356 nes
408 5311 808 5356 averterentur.
835 5301 1060 5354 minime
1078 5301 1467 5367 puniebantur.
1493 5299 1611 5352 Vid.
1632 5299 1747 5363 L4,
1772 5299 1832 5353 (Σ.

286 5375 360 5425 De
384 5370 617 5423 malellc.
650 5368 760 5423 Hac
785 5369 1007 5440 Novella
1059 5369 1321 5440 jubeutur
1360 5384 1676 5440 supremum
1703 5385 1838 5440 sup-

283 5441 514 5510 pliciuui
528 5440 671 5510 pati.
700 5439 851 5494 Adde
870 5438 1122 5492 Pltotium
1147 5439 1196 5492 9.
1225 5439 1451 5510 Nomor.
1470 5439 1563 5492 2t.

355 5510 470 5577 (l4)
501 5509 642 5564 Usus
662 5512 738 5564 rei
761 5516 981 5579 propter
1019 5511 1250 5564 abusum
1283 5509 1566 5563 hominum
1592 5524 1699 5563 non
1736 5507 1846 5562 tol-

282 5580 584 5730 ο.
649 5647 762 5711 1.4,
813 5647 876 5704 c.
939 5645 1016 5701 De
1064 5647 1296 5702 ntalelic.
1331 5647 1433 5716 15,
1465 5658 1518 5705 ct
1551 5649 1851 5704 malhema-

282 5726 610 5857 "castra.
634 5787 670 5842 l.
703 5787 785 5854 ιδ,
814 5787 869 5844 tr.
897 5787 970 5845 De
990 5787 1228 5857 injuriis.

2033 5224 2146 5348 SH)
2177 5210 2784 5278 Pmna'incantatorum
2813 5229 3128 5286 supremum
3167 5210 3523 5284 supplicium.

2033 5313 2092 5348 te
2136 5296 2288 5348 Deut.
2334 5307 2489 5348 xvnt.
2538 5289 2710 5343 Levit.
2747 5304 2839 5348 xx.
2877 5288 2894 5340 l
2942 5285 3074 5348 Reg.
3109 5299 3297 5345 xxvru,
3351 5281 3523 5334 Plato-

1941 5281 2092 5352 Adde
2132 5281 2288 5349 bent.
2334 5307 2489 5353 xvnt,
2538 5289 2710 5343 Levit.
2747 5304 2839 5349 xx,
2877 5281 2898 5340 l
2942 5285 3074 5354 Reg.
3109 5281 3297 5345 xxvru,
3328 5281 3529 5354 _Plato-

1943 5351 2068 5422 neut
2105 5365 2272 5434 ll,l_l_e
2301 5351 2876 5434 legibus,_Cass_iodor.
2900 5357 2953 5434 θ,
2975 5351 3260 5434 Vari-arum
3288 5351 3379 5434 lii,
3407 5352 3530 5434 lliu-

1943 5420 2066 5492 nem
2098 5420 2192 5494 52,
2213 5420 2587 5491 ΙΙοῑοΪίἱεηίᾶ,
2618 5429 2880 5480 Arianum
2918 5428 2973 5480 in
3004 5423 3206 5494 Indicis
3233 5437 3283 5494 ο.
3311 5420 3530 5494 25,_Ca_-

1945 5490 2198 5578 pitularis
2241 5503 2423 5578 Caroli
2461 5490 2658 5578 Magni.
2692 5496 3032 5578 £lPlllhllll-lr‘n
3135 5491 3340 5578 _.luli:.|r'i.
3365 5490 3525 5578 l'l‘aci-

1948 5559 2060 5631 lum
2081 5573 2135 5634 '2,
2168 5573 2364 5626 Annal.
2389 5559 2615 5624 Sueten.
2638 5569 2689 5621 in
2707 5559 2928 5620 Tiberio
2949 5560 3335 5634 52,Culut_l_tel_l.
3365 5559 3436 5634 lle
3469 5574 3525 5612 rc

1959 5627 2156 5697 rustic.
2206 5643 2260 5702 8.
2330 5641 2553 5695 Suidam
2612 5640 2668 5692 in
2735 5637 2901 5692 verbo
2953 5633 3165 5703 ἑταίρα.
3197 5628 3323 5685 Vid.
3375 5627 3526 5684 Pctr.

1961 5715 2187 5783 Gregor.
2207 5714 2295 5778 5i,
2323 5721 2538 5782 syntag.
2571 5708 2657 5773 Η,
2687 5709 2770 5762 15.
