4248 6442
243 411 351 474 569

1354 411 1715 477 NOVELLIE
1749 414 2414 479 CONSTITUTIONES.

3392 422 3500 485 570

241 525 559 595 τομημένου
585 527 653 592 ⁷³,
678 527 774 580 καὶ
793 528 983 582 τούτου
1010 528 1176 594 ἀξίως
1202 532 1710 601 τετιμωρημένου¹⁸
1757 535 1824 603 τῇ
1857 553 1901 610 Δ

1857 553 1901 610 Α
1933 536 2217 601 sensisset,
2243 537 2335 590 illa
2367 550 2476 590 non
2539 535 2919 603 imminuatur,
2985 535 3077 592 hic
3109 549 3241 592 vero
3295 534 3352 589 in
3399 533 3501 586 du-

241 632 302 669 τε
337 618 500 688 διπλῇ
524 619 776 672 ἀποδόσει
801 620 901 688 τῆς
930 621 1140 689 κλοπῆς
1175 622 1270 674 καὶ
1296 621 1712 692 τιμωρουμένου
1744 623 1824 694 τῷ

245 708 418 776 μηδὲν
439 710 698 778 κερδᾶναι
725 712 823 779 τῆς
846 711 938 763 τοῦ
968 712 1013 742 τ’
1040 712 1340 776 κλαπέντος
1363 713 1629 777 δουλείας.

764 803 1076 856 ΔΙΛΤΑΞΙΣ
1109 802 1203 856 ΞΖ¹
1230 804 1296 857 ’⁸.

242 890 387 959 Περὶ
434 889 553 944 τῶν
607 895 1160 966 αὐτομολησάντων
1225 895 1375 963 πρὸς
1421 895 1673 966 ἐχθροὺς
1723 897 1825 952 καί

647 963 943 1028 ἑκουσίως
965 965 1442 1020 ἐπανελθόντων.

328 1050 387 1102 '0
420 1052 583 1115 αὐτὸς
615 1052 864 1121 βασιλεὺς
892 1053 1164 1124 Στυλιανῷ
1197 1055 1277 1126 τῷ
1310 1055 1480 1126 αὐτῷ.

315 1143 430 1195 Καὶ
458 1142 519 1195 τὸ
545 1144 686 1212 ἄγαν
715 1144 986 1216 αὐστηρὸν
1013 1147 1108 1199 καὶ
1151 1145 1446 1215 ἀπότομον,
1482 1147 1576 1200 καὶ
1616 1147 1680 1202 τὸ
1702 1147 1826 1202 λίαν

241 1235 473 1288 ὑπεῖκον
503 1236 595 1290 καὶ
622 1235 782 1290 πλέον
825 1238 858 1306 ἢ
909 1237 1156 1308 προσῆκε
1193 1238 1591 1309 φιλάνθρωπον,
1621 1240 1825 1310 ὁμοίως

243 1326 530 1396 ἀμφότερα
579 1325 672 1378 τοῦ
714 1326 990 1395 ὠφελίμου
1036 1328 1097 1380 τὸ
1143 1327 1339 1398 βλάϐος
1367 1329 1498 1399 ἔχει.
1536 1330 1604 1382 Ὀ
1631 1346 1689 1382 τε
1715 1330 1822 1401 γάρ

241 1415 322 1482 τῷ
354 1416 615 1485 ἀποτόμῳ
663 1417 916 1486 ἀμέτρως
959 1418 1242 1488 χρώμενος
1286 1418 1382 1471 καὶ
1416 1419 1446 1471 ό
1488 1418 1550 1471 τδ
1583 1419 1826 1483 ἐπιεικὲς

241 1506 483 1574 ἄκρατον
538 1505 740 1576 φέρων,
791 1509 1071 1579 ἑκάτερος,
1116 1511 1218 1565 κάν
1254 1528 1314 1564 τε
1355 1511 1474 1574 ἑνός
1501 1529 1644 1575 τινος
1667 1513 1735 1567 ἄν
1762 1531 1826 1569 τε

241 1598 422 1660 οἰκίας
452 1599 516 1651 ἀν
544 1616 604 1651 τε
639 1600 843 1662 πόλεως
875 1603 1159 1673 ἐπιστατῇ,
1183 1603 1263 1666 είς
1291 1603 1355 1656 τὸ
1387 1605 1703 1675 ἀσύμφορον
1736 1607 1825 1676 είη

243 1689 312 1739 ἂν
347 1691 459 1751 τοῖς
487 1690 578 1742 ὑπ’
608 1691 773 1744 αὐτοῦ
805 1692 1196 1762 διοικουμένοις
1226 1696 1688 1767 ὲγκεχειρημένος
1724 1697 1823 1770 τὴν

241 1780 584 1835 ίπιστασίαν.
642 1782 762 1853 Χρὴ
822 1783 934 1854 γὰρ
990 1785 1084 1838 τὸν
1132 1785 1314 1850 καλῶς
1372 1789 1818 1857 ὲπιστατήσοντα,

1933 622 2081 692 plum
2111 639 2327 678 servum
2355 624 2676 694 subreptum
2723 625 2953 681 reddere
2995 625 3210 691 debeat,
3257 623 3506 693 nihilque

1933 727 2000 767 ex
2033 713 2208 782 ipsius
2235 716 2498 769 servitute
2533 715 2798 769 lucretur.

2359 801 2827 862 CONSTITUTIO
2861 804 3072 861 LXVII.

2004 891 2171 948 Deiis
2209 895 2298 964 qui
2348 894 2419 948 ad
2460 897 2633 950 hostes
2665 905 2966 966 transeunt,
3012 910 3213 966 suaque
3247 905 3430 965 sponte

2456 976 2790 1019 revertuntur
2849 965 2990 1036 (20).

2008 1055 2155 1112 Idem
2191 1056 2494 1128 imperator
2526 1056 2702 1110 eidem
2735 1057 3006 1128 Styliano.

2003 1146 2180 1202 Simul
2237 1147 2407 1202 nimia
2440 1147 2737 1203 austeritas
2759 1157 2814 1202 et
2861 1148 3147 1212 severitas,
3201 1143 3371 1202 simul
3402 1143 3509 1199 im-

1935 1238 2222 1294 moderata
2251 1238 2450 1295 lenitas
2501 1248 2557 1294 et
2603 1237 2915 1300 clementia,
2963 1253 3028 1292 ex
3064 1251 3219 1307 aquo
3272 1245 3508 1304 utraque

1938 1328 2085 1398 quod
2115 1327 2247 1382 utile
2278 1337 2364 1383 est
2418 1328 2810 1384 intervertunt.
2873 1327 3087 1383 Etenim
3116 1336 3170 1381 et
3218 1327 3311 1396 qui
3338 1340 3504 1395 supra

1935 1420 2152 1475 modum
2173 1419 2493 1490 praefractus
2511 1430 2615 1486 est,
2635 1431 2689 1476 et
2703 1422 2795 1491 qui
2816 1421 3093 1475 lenitatem
3129 1418 3392 1486 gravitate
3405 1415 3509 1471 mi-

1934 1524 2093 1566 scere
2120 1511 2332 1580 nequit,
2356 1521 2586 1581 uterque
2619 1513 2735 1567 sive
2765 1512 2929 1565 alicui
2968 1511 3086 1575 uni,
3120 1509 3237 1565 sive
3261 1507 3503 1570 familias,

1934 1600 2052 1657 sive
2073 1600 2279 1656 civitati
2306 1602 2511 1670 praesit,
2546 1601 2747 1671 quibus
2778 1599 3065 1670 praefectus
3125 1607 3232 1664 est,
3283 1612 3409 1652 cum
3434 1597 3504 1649 Il-

1935 1691 2112 1746 lorum
2141 1693 2472 1747 detrimento
2501 1709 2591 1748 res
2644 1693 3012 1747 administret.
3067 1690 3298 1760 Oportet
3330 1689 3503 1752 enim,

1935 1793 1994 1838 ut
2025 1784 2117 1853 qui
2144 1791 2292 1837 recte
2324 1783 2663 1852 praefuturus
2695 1792 2800 1846 est,
2849 1779 3309 1853 quemadmodum
3369 1790 3505 1834 tem-

241 1870 434 1941 ῶσπερ
454 1871 564 1925 τῶν
596 1873 812 1943 χωρίων
841 1875 907 1928 τά
934 1875 1179 1946 εὓκρατα
1207 1878 1300 1932 καὶ
1329 1878 1466 1948 πρὸς
1491 1879 1678 1946 ὑγείαν
1707 1881 1825 1933 ὲπι-
1857 1880 1902 1941 Β

1857 1880 1902 1941 Β
1931 1882 2118 1945 perata
2147 1875 2495 1944 salubrisque
2549 1875 2665 1930 loca
2702 1876 3042 1945 :equabiliter
3088 1875 3279 1929 mistas
3307 1871 3511 1926 habent

240 1963 432 2030 τήδεια
459 1965 661 2031 μικτὰς
690 1964 803 2034 εχει
844 1967 1175 2037 συμμέτρως
1200 1968 1299 2032 τὰς
1334 1967 1427 2022 τοῦ
1459 1970 1616 2042 ἀέρος
1644 1971 1826 2024 διαθέ-

241 2073 384 2120 σεις,
411 2057 554 2110 οὕτω
583 2059 679 2112 καὶ
712 2060 875 2112 αὑτὸν
913 2059 1179 2133 εὔκρατον
1221 2063 1413 2118 ἑαυτὸν
1464 2064 1725 2135 παρέχειν
1758 2065 1824 2134 τῇ

241 2148 508 2218 ἐμμέτρῳ
535 2150 580 2182 ⁷⁸
611 2148 748 2220 πρὸς
775 2151 874 2223 τὴν
907 2153 1292 2223 συμφέρουσαν
1322 2152 1646 2206 ἐπιστασίαν
1680 2151 1825 2224 μίξει

239 2236 352 2288 τῶν
398 2237 716 2303 διαθέσεων,
755 2241 849 2293 καὶ
891 2244 1030 2310 μήτε
1073 2241 1151 2311 τῷ
1203 2243 1464 2313 ἀποτόμῳ
1518 2242 1688 2312 βαρὺν
1731 2243 1826 2296 καὶ

242 2326 520 2396 ἀφόρητον
569 2323 742 2394 εῖναι,
792 2331 930 2400 μήτε
991 2330 1069 2402 τῷ
1121 2333 1266 2402 πέρα
1312 2333 1406 2386 τοῦ
1463 2336 1828 2403 προσήκοντος

243 2419 483 2470 ἐπιεικεῖ
510 2421 1064 2491 καταπεφρονημένον
1088 2423 1180 2476 καὶ
1209 2425 1619 2493 ἀνηγεμονικόν.
1650 2426 1828 2495 Ὅπερ

241 2504 334 2557 ὢν
371 2507 466 2559 ἐπὶ
495 2508 656 2578 ἀέρος
683 2510 885 2580 φαμὲν,
924 2510 1082 2563 τοῦτο
1123 2511 1341 2573 πάντως
1386 2512 1480 2562 καὶ
1518 2511 1608 2563 ἐπὶ
1647 2509 1828 2580 νόμων

241 2597 474 2666 ἁρμόζει
508 2599 795 2663 σώζεσθαι.
847 2601 969 2671 Χρὴ
997 2601 1107 2671 γὰρ
1146 2603 1270 2665 τοὺς
1306 2602 1522 2671 νόμους,
1554 2603 1828 2671 ἡγεμόνας

241 2691 318 2751 ὡς
348 2690 570 2758 ἀληθῶς
621 2693 719 2756 τῆς
759 2691 1035 2755 πολιτείας
1082 2692 1262 2755 ὄντας,
1315 2694 1380 2763 ῆν
1426 2687 1580 2745 εἷπον
1629 2696 1826 2764 κρᾶσιν

243 2781 650 2848 διαφυλάττειν,
677 2783 770 2837 καὶ
796 2784 930 2853 πρός
963 2799 1023 2836 τε
1050 2784 1353 2853 ἀποτομίαν
1390 2785 1486 2838 καὶ
1518 2784 1825 2854 φιλανθρω-

246 2877 378 2926 πίαν
417 2875 491 2943 μὴ
527 2874 682 2943 παρά
711 2876 909 2945 μέτρον
947 2875 1100 2944 όρᾷν,
1137 2877 1276 2944 εἴγε
1320 2876 1565 2944 μέλλοιεν
1591 2876 1639 2927 οί
1670 2877 1757 2927 ἐπ’
1779 2876 1826 2908 ⁸⁸

242 2965 476 3026 ἐκείνοις
498 2966 763 3034 ὑγιαίνειν
788 2967 1212 3036 πολιτευόμενοι.
1244 2967 1429 3020 Ταῦτα
1453 2969 1586 3038 ἡμῖν
1610 2968 1827 3036 λέγεται

243 3057 384 3124 πρὸς
416 3056 514 3126 τὴν
543 3057 848 3125 ἀποτομίαν
877 3059 1096 3129 ὁρῶσιν,
1125 3059 1195 3129 ἣν
1241 3061 1270 3113 ὁ
1319 3060 1459 3112 κατά
1489 3061 1594 3114 τῶν
1625 3062 1703 3124 είς
1733 3078 1830 3113 ποι

243 3149 469 3217 λεμίους
496 3149 982 3220 αὐτομολησάντων
1012 3152 1262 3220 κείμενος
1283 3153 1444 3221 νόμος
1475 3153 1827 3206 ἐνδείκνυται.

241 3239 507 3292 ῐὶοὺλεται
527 3240 636 3310 γὰρ
656 3241 747 3294 τὸν
770 3242 1201 3312 ηὑτομοληκότα,
1218 3243 1270 3296 εί
1291 3260 1418 3296 ποτε
1442 3244 1579 3312 πρὸς
1604 3247 1829 3314 γνώμην

244 3330 616 3399 μεταμελείας
641 3332 738 3384 ῐδοι
765 3340 858 3384 και
887 3333 948 3385 τὸ
978 3332 1248 3402 προλαόὸν
1279 3333 1585 3404 ἁμάρτημα
1615 3333 1701 3386 διά
1729 3335 1826 3403 τῆς

244 3422 387 3490 πρὸς
433 3423 503 3474 τά
549 3425 724 3475 οἰκεῖα
777 3424 1196 3495 ἑπαναστροφῆς
1251 3425 1502 3478 ἰάσασθαι
1550 3425 1825 3496 βουληθῇ,

243 3513 470 3563 ἔκδοτον
503 3512 582 3573 είς
632 3511 835 3580 βρῶσιν
870 3513 1078 3585 θηρίοις
1115 3513 1362 3582 γίνεσθαι
1394 3517 1425 3584 ἦ
1466 3516 1825 3570 ἀνασκολοπί-

243 3601 458 3665 ζεσθαι.
505 3603 676 3655 Τοῦτο
731 3605 853 3673 ἐμοὶ
897 3605 1098 3675 πολλῆς
1153 3606 1253 3676 μὲν
1296 3607 1470 3660 αἴτιον
1512 3608 1714 3678 βλάόης
1758 3611 1824 3680 τῇ

243 3694 497 3763 πολιτεία
525 3694 691 3755 δοκεῖ,
737 3694 936 3765 πολλὴν
966 3696 1022 3749 δὲ
1068 3697 1161 3750 καὶ
1214 3697 1324 3750 τῶν
1371 3699 1506 3769 πρὸς
1555 3700 1829 3770 σωτηρίαν

243 3783 588 3854 ὁδηγούντων
643 3783 919 3853 λογισμῶν
963 3785 1260 3855 ἀποφέρειν
1307 3787 1406 3856 τὴν
1454 3787 1824 3859 ἐναντιότητα.

258 3875 537 3941 ’Δνάγκην
567 3874 676 3945 γάρ
711 3875 905 3942 ἐπάγει
945 3878 1056 3938 τοῖς
1089 3877 1224 3946 πρὸς
1255 3878 1379 3941 τοὺς
1411 3878 1704 3948 πολεμίους
1731 3882 1830 3934 αὑο

244 3967 585 4035 τομολήσασι
619 3966 887 4036 μηδέποτε
924 3967 1033 4020 τῶν
1075 3969 1291 4022 οἰκείων
1323 3972 1650 4040 μεμνῆσθαι,
1694 3975 1829 4043 μηδὲ

244 4058 348 4125 τῆς
379 4058 516 4127 πρὸς
564 4058 664 4128 τὴν
709 4058 941 4127 πατρὶδα
995 4060 1380 4130 ὲπαναδρομῆς
1427 4061 1831 4131 ἀναλαμϐάνειν

244 4150 340 4202 τὸν
373 4148 572 4218 ἔρωτα.
611 4149 798 4212 υὺδεὶς
832 4150 960 4218 γάρ,
994 4150 1142 4214 ὅστις
1175 4151 1430 4222 τοιαύτην
1471 4154 1833 4226 ἐκδεχομένην

247 4241 418 4294 αὑτὸν
442 4244 712 4312 τιμωρίαν
732 4240 889 4306 εἰδὼς
922 4243 1044 4297 ἀντὶ
1062 4245 1162 4312 τῆς
1188 4247 1247 4298 ὲν
1263 4248 1375 4309 τοῖς
1396 4247 1671 4318 πολεμίοις
1699 4249 1832 4320 βιώ-

249 4351 392 4396 σεως
414 4333 558 4386 οὕτω
575 4334 790 4403 πικρῶς
807 4337 864 4388 ὲν
891 4337 956 4406 τῇ
976 4337 1197 4406 πατρίδι
1216 4337 1392 4391 θανεῖν
1409 4343 1829 4412 προαιρήσεται.

324 4425 527 4493 Διόπερ
555 4423 760 4493 ταύτην
794 4425 890 4494 μὲν
937 4425 1035 4494 τὴν
1067 4427 1392 4496 ἀποτομίαν,
1438 4429 1524 4482 ἵνα
1569 4433 1643 4502 μὴ
1688 4431 1830 4500 λέγω

1941 1964 2088 2020 aeris
2125 1964 2456 2035 qualitates:
2516 1966 2591 2020 ita
2624 1971 2680 2019 et
2707 1966 2821 2036 ipse
2870 1964 3217 2019 aﬂ‘ectionum
3274 1961 3506 2016 commi-

1939 2054 2118 2109 stione
2140 2054 2209 2108 ad
2246 2069 2431 2109 rerum
2494 2055 3056 2110 administrandarum
3093 2055 3382 2109 utilitatem
3426 2064 3510 2108 at-

1937 2155 2260 2216 temperata,
2297 2161 2358 2200 se
2392 2146 2733 2202 moderatum
2794 2146 3049 2218 praebeat.
3078 2155 3130 2200 et
3182 2161 3363 2216 neque
3391 2161 3509 2201 mo-

1933 2238 2161 2291 rositate
2187 2236 2366 2305 gravis
2381 2244 2544 2305 atque
2559 2237 2919 2292 intolerabilis
2933 2237 3027 2301 sit,
3050 2252 3226 2305 neque
3248 2237 3510 2290 indecora

1935 2327 2160 2382 lenitate
2181 2326 2556 2395 despicabilis,
2574 2339 2628 2383 et
2642 2328 2708 2382 ad
2723 2327 3137 2399 gubernandum
3164 2328 3386 2397 ineptus
3397 2327 3482 2379 fiat
3494 2368 3510 2379 .

1937 2419 2094 2484 Quod
2131 2429 2313 2476 autem
2337 2422 2405 2476 de
2433 2437 2560 2475 aere
2595 2421 2852 2483 dicimus,
2896 2422 3000 2474 hoc
3039 2428 3187 2474 certe
3219 2428 3275 2473 et
3330 2418 3383 2472 in
3433 2419 3511 2473 le-

1933 2510 2094 2580 gibus
2127 2511 2334 2566 servari
2357 2513 2583 2566 omnino
2610 2511 2882 2565 convenit.
2909 2509 3047 2564 Nam
3083 2518 3300 2580 oportet
3341 2511 3509 2579 leges,

1935 2615 2062 2654 cum
2090 2615 2278 2656 revera
2303 2603 2618 2670 reipublica:
2649 2601 2922 2671 principes
2977 2602 3108 2666 sint,
3173 2614 3338 2669 quam
3394 2598 3506 2652 dixi

1936 2699 2470 2761 contemperaturam
2498 2707 2849 2756 conservare,
2874 2707 3050 2762 neque
3075 2691 3140 2745 ad
3162 2693 3508 2746 severitatem

1937 2781 2287 2839 lenitatemve
2317 2799 2483 2853 supra
2517 2782 2736 2838 modum
2770 2778 3509 2853 respicere:siquidem,qui

1938 2872 2182 2941 ipsarum
2244 2875 2543 2928 rectionem
2606 2881 2935 2943 agnoscunt,
2982 2872 3287 2926 incolumes
3342 2870 3509 2923 futuri

1937 2971 2121 3017 erunt.
2143 2963 2323 3033 Atque
2352 2962 2466 3018 haec
2503 2963 2724 3034 quidem
2759 2971 3014 3033 respectu
3047 2962 3349 3033 praefracta:
3369 2961 3513 3016 illius

1938 3052 2097 3123 legis,
2129 3069 2252 3124 quae
2275 3053 2540 3110 adversus
2577 3070 2675 3111 eos
2705 3055 2798 3126 qui
2833 3055 2902 3110 ad
2955 3055 3140 3110 hostes
3193 3052 3511 3122 transfuge-

1943 3154 2088 3209 rent,
2117 3145 2224 3200 lata
2266 3155 2367 3212 est,
2396 3162 2427 3201 a
2494 3148 2653 3203 nobis
2684 3148 2969 3203 dicuntur.
3019 3145 3146 3202 Vult
3181 3155 3361 3201 autem
3395 3145 3512 3212 illa,

1940 3236 2019 3290 ιιιί
2059 3236 2361 3309 transfuga,
2417 3239 2712 3309 siquando
2774 3239 3114 3309 paenitudine
3161 3239 3380 3303 ductus,
3426 3254 3516 3293 re‘

1942 3328 2160 3382 deundo
2196 3329 2264 3382 ad
2297 3345 2428 3385 suos
2487 3332 2838 3387 commissum
2871 3331 3130 3386 delictum
3193 3331 3516 3384 oblitteralc

1939 3416 2090 3481 velit,
2122 3416 2317 3473 bestiis
2343 3418 2691 3474 devorandus
2723 3419 3046 3488 objiciatur,
3090 3420 3260 3474 autin
3297 3419 3512 3473 furcam

1941 3504 2187 3558 tollatur.
2232 3503 2390 3571 Quod
2435 3522 2569 3562 sane
2612 3507 2744 3562 mibi
2803 3508 3129 3578 reipublicae
3186 3523 3517 3577 magnopere

1942 3604 2280 3650 nncumento
2305 3612 2449 3663 esse,
2485 3613 2850 3670 magnamque
2879 3601 3149 3656 rationum
3182 3602 3250 3655 ad
3281 3603 3513 3656 salutem

1944 3688 2054 3743 iter
2082 3691 2510 3746 monstrantium
2538 3695 2989 3751 contrarietatem
3021 3701 3244 3767 gignere
3272 3697 3504 3753 videtur.

1945 3777 2338 3836 Necessitatem
2379 3783 2524 3838 enim
2557 3786 2860 3856 transfugis
2894 3787 3128 3852 inducit,
3162 3805 3227 3842 ne
3271 3803 3512 3858 unquam

1945 3870 2304 3926 recordentur
2373 3888 2622 3940 suorum,
2684 3892 2858 3946 neque
2933 3880 3244 3934 revertendi
3300 3880 3354 3933 in
3415 3893 3516 3949 pa-

1942 3965 2100 4019 triam
2141 3966 2453 4036 concipiant
2508 3967 2862 4023 desiderium.
2915 3969 3104 4024 Nullus
3133 3981 3211 4025 est
3242 3972 3379 4024 enim
3409 3988 3518 4024 om-

1944 4055 2113 4119 nium,
2165 4055 2412 4124 quicum
2445 4072 2505 4112 se
2552 4058 2864 4114 istiusmodi
2909 4075 3071 4130 pmua
3125 4061 3512 4131 excipiendum

1949 4144 2112 4209 sciat,
2137 4145 2282 4199 inter
2331 4146 2517 4202 hostes
2548 4148 2753 4214 vivere,
2808 4165 2972 4219 quam
3014 4161 3122 4205 tam
3175 4152 3432 4206 acerbam
3460 4152 3514 4206 in

1947 4234 2118 4303 patria
2149 4244 2384 4293 mortem
2417 4238 2605 4294 subire
2628 4253 2738 4295 non
2766 4241 2942 4296 malit.

2019 4446 2365 4519 Quapropter
2411 4449 2643 4519 rigidam
2695 4451 2841 4507 hanc
2894 4454 3267 4519 severitatem,
3329 4461 3389 4509 ut
3451 4470 3518 4510 ne

249 4514 494 4580 ἀδικίαν,
527 4513 669 4577 (πῶς
696 4514 805 4584 γάρ
825 4515 924 4568 οὐκ
941 4514 1143 4580 ἄδικον,
1173 4518 1264 4570 τὸν
1289 4518 1694 4589 ἁμαρτάνοντα,
1720 4518 1837 4576 εῐτα
1869 4532 1914 4588 ι)

1869 4532 1914 4588 D
1943 4513 2287 4607 iniquitatem
2327 4513 2506 4594 dicam
2539 4542 2688 4603 (nam
2728 4557 2852 4596 eum
2894 4543 2988 4612 qui
3010 4513 3265 4614 deliquit,
3291 4544 3516 4599 deinde-

247 4605 312 4670 ἐξ
341 4604 510 4659 αὐτοῦ
547 4605 682 4676 πρὸς
712 4607 812 4676 τὴν
837 4607 932 4661 τοῦ
965 4609 1360 4678 ἁμαρτήματος
1382 4612 1834 4685 ἀναφρονήσαντα

1944 4644 2049 4696 que
2073 4638 2268 4698 suapte
2305 4639 2502 4698 sponte
2527 4631 2594 4685 ad
2628 4631 2955 4686 medendum
2989 4631 3188 4687 delicto
3220 4633 3514 4701 resipiscit,

275 4714 420 4753 ασιν.
457 4696 710 4760 κολάζειν
733 4697 876 4753 οὕτω
904 4700 1117 4770 πικρῶς
1141 4701 1199 4771 ;)
1230 4704 1295 4755 ὲκ
1345 4703 1455 4756 τῶν
1482 4704 1840 4761 δικαιοτάτων
1944 4728 1952 4772 ι

1836 4726 1840 4750 ’
1944 4727 2054 4772 tam
2083 4696 2278 4775 acerbe
2294 4696 2474 4790 puniri
2507 4723 2784 4791 quomodo
2816 4738 2926 4776 non
2966 4731 3052 4778 est
3093 4696 3402 4794 iniquum?)
3451 4740 3513 4778 ex

252 4790 556 4858 ἐλαύνομεν
584 4789 786 4857 νόμων,
825 4791 1121 4863 κελεύομεν
1150 4795 1192 4826 ⁸⁸
1225 4795 1305 4858 δὲ,
1337 4797 1390 4849 εἴ
1412 4813 1496 4860 τις
1543 4799 1839 4870 αὐτόμολος

251 4883 334 4943 είς
362 4881 463 4951 τὴν
491 4881 726 4951 πατρίδα
760 4884 1160 4955 ιπαναδράμοι,
1193 4885 1340 4951 ἅπαξ
1371 4889 1469 4958 μὲν
1498 4889 1652 4944 τοῦτο
1679 4894 1838 4963 ποιή-

1938 4811 2265 4878 justissimis
2320 4812 2534 4882 legibus
2587 4815 2966 4884 profligamus,
2999 4829 3062 4869 ac
3119 4815 3395 4884 iubemus,
3457 4826 3513 4868 ut

1945 4903 2057 4970 (2f)
2082 4903 2130 4957 si
2158 4905 2274 4974 quis
2310 4905 2593 4974 transfuga
2622 4907 2672 4958 iu
2699 4907 2928 4975 patriam
2958 4914 3237 4968 recurrat;
3265 4922 3390 4959 cum
3429 4922 3519 4960 se-

253 4985 377 5037 σας,
410 4969 743 5042 συγγνώμης
766 4975 1081 5046 τυγχανέτω
1107 4992 1123 5008 ο
1152 4975 1403 5049 δεύτερον
1427 4979 1504 5044 δὲ,
1540 4980 1619 5043 είς
1650 4985 1837 5053 τριετῆ

1835 5014 1837 5051 ι
1945 4969 2050 5047 mel
2083 4969 2352 5048 duntaxat
2413 4969 2790 5065 transfugerit,
2848 4995 3064 5050 veniam
3095 5004 3512 5068 consequatur:

1576 5119 1814 5178 VARIE
1849 5126 2252 5187 LECTIONES.

325 5230 373 5321 ':
399 5228 510 5321 ΙξρΙ.
538 5230 1278 5321 μαινοτρμουμένουἎρέκιςι·
1301 5231 1625 5321 unum-03d:
1658 5237 1749 5321 qui
1767 5241 2262 5321 καινοτομρυηιιένης
2281 5241 2464 5321 habet.
2489 5241 2534 5271 "
2554 5238 2746 5292 Zuich.
2769 5236 3057 5321 etnbleerm:
3079 5236 3510 5321 τιμωρουμένοις.

251 5295 299 5328 ’⁷
339 5302 628 5369 Articulus
654 5301 746 5353 τοῦ
761 5295 924 5356 ’ἀρεει
943 5295 1098 5369 apud
1114 5299 1346 5369 Scrimg.

1437 5301 1484 5332 ⁷⁸
1520 5302 1633 5357 Ecl.
1664 5301 1893 5362 Nov.33.

1997 5312 2041 5342 "
2066 5307 2307 5380 Scrimg.
2336 5311 2557 5380 οτκτρῳ,
2587 5324 2651 5364 ex
2683 5323 2792 5377 quo
2819 5307 3007 5376 Steph.
3036 5307 3512 5379 ίσομέτρῳ,⁷Αε)Ἰ.

255 5372 578 5442 συμμέτρῳ,
613 5368 755 5425 Beck
826 5368 1086 5441 ἐμμέτρῳ
1124 5368 1438 5426 effecerunt.
1508 5373 1555 5404 ³⁰
1584 5373 1763 5430 Malim
1798 5378 1910 5431 ὑπ’.
1986 5379 2028 5410 ⁸⁸
2062 5379 2176 5436 Inc.
2209 5368 2426 5450 Ecloga.

1767 5488 2001 5547 NOTE.

332 5595 449 5664 (20)
485 5595 810 5666 Transfuga
841 5597 1036 5653 bestiis
1065 5613 1173 5653 non
1221 5599 1537 5669 objiciendi,
1575 5610 1632 5655 ut
1688 5602 1819 5658 olim

257 5682 320 5720 ex
349 5669 465 5735 lege
488 5667 542 5731 5,
571 5664 596 5735 §
623 5667 705 5731 l0,
739 5670 792 5721 tl'.
828 5666 902 5722 De
936 5683 994 5722 re
1047 5669 1208 5722 milit.
1238 5686 1357 5735 qua:
1394 5671 1475 5725 lex
1525 5673 1819 5735 abrogatur

256 5736 361 5790 bac
387 5739 801 5792 constitutione.
833 5738 983 5792 Adde
1010 5739 1062 5801 6,
1093 5736 1275 5793 llarm'.
1300 5741 1353 5802 8,
1396 5741 1448 5794 in
1478 5742 1567 5796 fin.

328 5806 444 5873 (ει)
477 5807 547 5860 De
587 5822 743 5874 pana
775 5808 1093 5878 transfuga),
1132 5809 1267 5863 adde
1293 5813 1328 5863 I.
1353 5811 1405 5876 8,
1440 5811 1466 5881 ς
1502 5813 1568 5877 '2,
1633 5815 1688 5880 5,
1733 5813 1771 5869 !.
1807 5813 1900 5877 38.

1947 5606 1974 5677 ᾗ
2006 5608 2054 5670 1,
2091 5606 2144 5660 ff.
2181 5605 2255 5677 De
2281 5606 2482 5677 pomis,
2509 5604 2622 5677 l.7,
2657 5603 2713 5658 ff.
2745 5603 2821 5677 De
2843 5618 2910 5677 re
2933 5602 3131 5677 milit.
3186 5603 3221 5677 ί.
3249 5600 3510 5677 §,_C._De

623 5667 705 5731 l0,
739 5670 792 5721 tl'.
828 5666 902 5722 De
936 5683 994 5722 re
1047 5669 1208 5722 milit.
1238 5666 1357 5740 qua:
1394 5671 1475 5725 lex
1525 5666 1821 5744 abrogatur
1930 5666 2256 5731 descrtorib.
2283 5666 2324 5731 ἱ.
2360 5677 2412 5740 1,
2444 5666 2503 5732 C.
2531 5675 2605 5731 De
2635 5676 2810 5731 servis
2836 5673 2989 5743 fugit.
3035 5671 3152 5726 Vid.
3185 5675 3218 5725 Ι.
3247 5673 3280 5727 3
3315 5674 3370 5726 in
3406 5675 3499 5727 lin.

623 5739 801 5792 ltionc.
833 5738 983 5792 Adde
1010 5739 1062 5800 6,
1093 5739 1275 5793 llarm.
1300 5741 1353 5800 8,
1396 5741 1448 5794 in
1478 5742 1567 5796 fin.
1933 5748 1988 5799 ff.
2022 5747 2093 5800 De
2123 5747 2362 5800 sicariis.

1977 5786 1988 5799 .
2022 5762 2093 5804 U8
2123 5762 2362 5804 διοπιιε.
