4248 6442
247 415 360 484 £31

1352 418 1714 479 NOVELL/E
1761 417 2429 485 CONSTITUTIONES.

3411 428 3517 497 582

332 533 485 603 "pay
499 550 574 602 μα
604 534 787 595 κακῶς
822 534 917 603 μὲν
949 533 1041 586 καὶ
1077 532 1183 601 πρὸ
1207 532 1315 586 τῶν
1352 533 1671 587 κωλυόντων
1703 534 1836 587 αὐτὸ
1862 534 1911 591 Α

1862 534 1911 591 Α
2012 535 2143 599 Qum.
2168 550 2255 590 res
2278 536 2439 590 etiam
2468 544 2756 607 antequam
2786 539 2909 608 jure
2926 538 3198 609 prohibita
3220 549 3387 605 esset,
3419 540 3516 594 de-

250 622 486 676 δικαίων
510 622 817 691 γινόμενον,
843 625 1025 690 χεῖρον
1056 622 1112 674 δὲ
1140 622 1276 691 μετὰ
1298 623 1357 675 τὸ
1390 622 1698 693 κωλυθῆναι
1719 623 1837 675 τολ-

253 710 514 782 μώμενον
556 714 723 781 (φημὶ
774 711 838 781 δὴ
866 712 929 763 τὸ
966 713 1025 764 ἐν
1074 715 1187 774 τοῖς
1222 712 1331 765 τῶν
1368 713 1674 783 ἐκκλησιῶν
1709 714 1834 766 ὑπε-

250 802 444 873 ρῲοις,
476 803 620 873 ἅπερ
647 807 675 856 ό
713 804 880 867 πολὺς
906 802 1193 874 ἄνθρωπος
1224 806 1607 876 κατηχούμενα
1653 806 1837 859 καλεῖν

249 895 423 963 ἔγνω,
457 898 728 950 συνοικεῖν
753 913 909 957 τινας
931 896 1202 967 γυναιξὶν)
1242 897 1341 949 οὐκ
1380 898 1529 961 ἄξιον
1564 899 1832 968 παριδεῖν,

249 987 451 1039 οὐκοῦν
488 987 611 1040 οὐδὲ
642 986 1055 1057 παροφΘήσεται
1086 988 1248 1057 ἡμῖν.
1279 984 1389 1041 Ἦν
1431 990 1529 1058 μὲν
1557 988 1653 1041 οῦν
1693 988 1834 1058 αῦτη

247 1079 284 1148 ἠ
320 1079 495 1148 τόλμα
526 1078 626 1131 οὐκ
648 1074 745 1132 οἶδ’
790 1079 941 1142 ’ὅπως
972 1079 1097 1149 ἄχρι
1123 1080 1220 1149 τῆς
1244 1080 1406 1150 ’ἐκτης
1450 1081 1669 1133 συνόδου
1719 1082 1835 1134 dst-

251 1170 537 1242 μὼρητος,
564 1171 706 1224 κατὰ
734 1171 936 1239 ταύτην
956 1172 1014 1224 δὲ
1041 1171 1143 1243 τὴν
1171 1173 1321 1243 ίερᾶν
1354 1173 1571 1225 σύνοδον
1614 1173 1672 1225 τὸ
1695 1175 1837 1243 πρᾶ-

246 1280 374 1331 γμα
406 1264 726 1327 ἐπιστασίας
751 1264 1001 1330 ἁξιωθὲν,
1045 1265 1206 1335 ἱερεῖς
1244 1265 1342 1335 μὲν
1378 1266 1536 1328 ὂντας
1566 1267 1689 1329 τοὺς
1722 1283 1833 1317 τοι-

246 1355 445 1418 ούτους
476 1357 768 1427 οίκήτορας
788 1357 1008 1427 ἐνόχους
1045 1358 1213 1425 ἔδειξε
1270 1357 1669 1429 καθαιρέσεως,
1727 1362 1828 1425 ἁφ-

255 1446 493 1515 ορισμὸν
515 1447 559 1499 δ’
584 1448 855 1517 ἐπήνεγκε
891 1451 1116 1510 λαῖκοῖς.
1164 1448 1327 1501 Ἀλλὰ
1348 1449 1456 1518 γὰρ
1471 1450 1570 1501 οὐκ
1594 1449 1804 1518 ἀπέχρη
1822 1478 1835 1487 ·

249 1555 347 1590 σιν
364 1540 444 1601 εἰς
461 1538 699 1607 παντελῆ
716 1539 996 1609 ἐκδίκησιν
1025 1540 1133 1592 τῶν
1151 1539 1352 1611 Ἐκκλη
1362 1541 1490 1593 σιῶν
1522 1542 1581 1594 τὸ
1615 1542 1834 1611 ἱερωσύ-

247 1647 351 1697 νης
384 1629 665 1700 ψήφισμα.
698 1630 838 1699 Ἤδη
887 1631 996 1700 γὰρ
1040 1630 1141 1699 τῆς
1181 1630 1357 1701 αὐτῆς
1410 1631 1834 1702 παραμενούσης

245 1719 459 1789 τόλμης
487 1720 582 1772 καὶ⁵
613 1719 737 1773 καθ’
765 1720 824 1772 όν
875 1721 1068 1790 χρόνον
1099 1720 1145 1754 ³⁸
1180 1721 1353 1775 διεῖπε
1407 1722 1475 1774 τὰ
1522 1721 1775 1791 σκῆπτρα
1807 1722 1835 1773 ό

248 1811 602 1881 περιώνυμος
625 1812 684 1863 ἐν
714 1811 995 1881 βασιλεῦσι
1025 1812 1212 1885 πατὴρ
1252 1812 1429 1882 ἡμῶν,
1463 1813 1651 1882 ἐδέησε
1679 1812 1835 1883 βασι-

1944 624 2269 677 testabiliter
2319 625 2784 691 committebatur,
2808 641 2869 681 ac
2886 643 3013 684 vero
3043 636 3165 699 post
3194 628 3517 699 prohibitio-

1944 726 2064 766 nem
2086 714 2257 768 multo
2276 714 2655 771 detestabilius
2679 716 2910 770 audetur
2925 717 3087 788 (quod
3108 734 3301 790 nempe
3321 719 3377 773 in
3403 717 3515 790 (69)

1942 804 2315 861 Ecclesiarum
2362 809 2680 873 cmnaculis,
2725 823 2847 879 quae
2887 809 3258 878 promiscuum
3320 811 3516 881 vulgus

1942 900 2332 969 κατηχούμηνα
2370 901 2480 969 (70)
2543 917 2737 957 vocare
2771 902 2931 967 solet,
2959 902 3181 971 quidam
3232 920 3355 956 cum
3397 919 3517 958 mu-

1941 986 2167 1041 lieribus
2196 986 2465 1051 habitant)
2518 1002 2637 1042 cam
2693 990 2981 1057 ncglectim
3042 988 3242 1043 trahere
3297 1004 3513 1059 aequum

1939 1095 2048 1132 non
2076 1087 2197 1145 est;
2230 1095 2403 1151 neque
2431 1095 2559 1135 vero
2589 1082 2660 1134 ita
2684 1096 2712 1135 a
2742 1082 2903 1137 nobis
2932 1082 3239 1137 habebitur.
3295 1083 3373 1137 Ae
3406 1081 3515 1137 fuit

1940 1170 2054 1226 lure
2085 1172 2303 1241 quidem
2358 1188 2443 1227 res
2476 1173 2543 1227 ad
2580 1181 2788 1228 sextam
2835 1173 2944 1243 (Ἠ)
2990 1188 3164 1243 usque
3220 1172 3512 1244 synodum,

1939 1264 2080 1317 haud
2115 1265 2229 1318 scio
2256 1282 2362 1334 qua
2420 1266 2655 1331 ratione,
2723 1265 2946 1334 impune
2991 1266 3250 1329 admissa,
3293 1267 3347 1320 in
3400 1266 3517 1335 ipsa

1938 1363 2117 1408 autem
2154 1366 2341 1410 sancta
2380 1352 2609 1425 Synodo,
2649 1357 2739 1411 ubi
2805 1356 3044 1426 penitius
3073 1371 3305 1412 excussa
3343 1367 3513 1425 esset,

1938 1448 2323 1501 sacerdotibus
2370 1451 2442 1500 ita
2498 1448 2903 1514 habitantibus,
2946 1450 3305 1503 remotionetn
3335 1450 3449 1518 (72)
3481 1466 3513 1503 ιι

1938 1554 2097 1593 sacro
2144 1540 2357 1601 ordine,
2424 1539 2672 1609 profanis
2704 1554 2834 1594 vero
2908 1556 2936 1593 a
2994 1556 3178 1595 rerum
3230 1555 3515 1595 sacrarum

1937 1633 2323 1686 communione
2352 1630 2889 1703 separatiouemj(75)
2934 1631 3171 1687 induxit.
3205 1631 3430 1696 Verum,
3452 1639 3510 1684 ut

1938 1723 2095 1792 plene
2123 1722 2192 1776 ab
2213 1737 2279 1777 co
2311 1737 2448 1777 ausu
2481 1722 2757 1777 Ecelesias
2788 1721 3110 1785 vindicaret,
3144 1722 3206 1774 ad
3245 1722 3297 1776 id
3335 1736 3518 1776 sacer-

1939 1812 2117 1866 dotale
2134 1811 2415 1865 decretqu
2444 1827 2551 1864 non
2581 1824 2679 1880 par
2701 1809 2825 1865 fuit.
2855 1808 2990 1863 Nam
3014 1823 3139 1863 cum
3164 1809 3231 1864 ad
3258 1809 3311 1864 id
3342 1825 3517 1880 usque

246 1902 412 1971 λικὴν
436 1904 596 1973 χεῖρα
619 1904 712 1956 καὶ
733 1902 1065 1972 πρόσταγμα
1096 1904 1196 1972 τὴν
1222 1901 1481 1972 τοιαύτην
1501 1905 1834 1972 προπέτειαν
1869 1888 1909 1941 Β

1869 1888 1909 1941 η
1940 1914 2172 1974 tempus,
2204 1920 2313 1974 quo
2346 1912 2499 1974 pater
2519 1913 2704 1957 noster
2732 1902 2969 1973 inclytus
3013 1902 3266 1973 princeps
3298 1911 3516 1971 sceptra

246 1994 361 2046 τῶν
390 1994 554 2063 ἱερῶν
579 1994 885 2060 ἐξελαύνειν
906 1994 1091 2049 οἴκων.

320 2259 505 2328 ’Ὅπερ
534 2256 627 2313 οῦν
661 2260 755 2313 καὶ
798 2262 909 2314 ἀπὸ
953 2262 1049 2315 τοῦ
1089 2262 1358 2333 παρόντος
1392 2266 1613 2335 κρατεῖν
1648 2264 1833 2334 βουλό-

246 2368 427 2420 μενοι,
448 2351 939 2423 όρίζομεν,μηδένα
960 2353 1225 2425 μηδαμῶς
1245 2356 1381 2425 μήτε
1405 2356 1555 2425 ἱερέα
1576 2358 1711 2428 μήτε
1728 2358 1835 2409 τῶν

241 2449 309 2498 ἐκ
347 2444 445 2497 τοῦ
473 2445 606 2498 λαοῦ
654 2447 873 2513 γυναιξὶ
900 2446 1258 2501 συνοικοῦντα
1289 2451 1347 2502 ἐν
1372 2452 1485 2513 τοῖς
1521 2450 1835 2520 λεγομένοις

243 2553 489 2606 κατηχου
499 2538 678 2606 μένοις
694 2539 883 2591 οίκεῖν.
906 2538 971 2591 Ei
986 2537 1041 2589 δέ
1056 2555 1138 2600 τις
1149 2539 1457 2608 εὑρίσκοιτο
1478 2539 1569 2591 τὸν
1589 2540 1739 2607 ἆγιον
1756 2536 1835 2592 οἵ·

242 2646 342 2681 κον
359 2630 505 2681 οῦτω
519 2630 860 2695 κοινοποιῶν,
878 2630 1065 2683 τοῦτον
1085 2630 1182 2699 μὲν
1202 2630 1458 2700 βασιλείῳ
1471 2631 1611 2702 χειρὶ
1626 2632 1834 2701 ἀτίμως

240 2720 458 2772 ἐκεῖθεν
482 2720 828 2785 ἐξωθεῖσθαι,
859 2721 953 2774 τὸν
987 2721 1043 2774 δὲ
1072 2722 1490 2793 παρασχόμενον
1528 2723 1628 2792 τὴν
1650 2722 1835 2775 κατοί-

242 2830 411 2883 κησιν
441 2813 575 2883 (εἴτε
607 2814 788 2884 ίερεὺς
813 2814 922 2866 εἴτε
958 2832 1039 2878 τις
1070 2815 1257 2885 ἔτερος
1283 2815 1368 2886 εἴη
1409 2815 1437 2866 ό
1481 2815 1583 2884 τὴν
1611 2817 1833 2883 ἐπιτρο-

245 2907 359 2975 πὴν
391 2905 487 2958 τοῦ
519 2905 649 2959 ναοῦ
686 2906 849 2976 ἔχων)
883 2908 979 2961 καὶ
1012 2906 1178 2959 αὑτὸν
1208 2907 1541 2959 κινδυνεύειν
1576 2906 1740 2960 ἐνεκά
1770 2924 1832 2974 γε

242 3001 345 3066 τῆς
376 2997 632 3068 τοιαύτης
668 3001 1132 3068 καταφρονήσεως
1162 2998 1257 3052 κα)⁵
1295 2999 1405 3051 τῶν
1450 2999 1612 3068 ἱερῶν
1664 3017 1835 3053 κοινο-

245 3092 433 3153 ποιίας
470 3094 537 3161 τῇ
566 3090 664 3161 τῆς
688 3092 993 3161 ἐπιτροπῆς
1033 3091 1339 3163 ἀφαιρέσει.

803 3185 1122 3238 ΔΙΑΤΑΞΙΣ
1153 3186 1272 3239 ΟΔ¹.

251 3275 394 3342 Περὶ
422 3274 529 3348 τοῦ
556 3274 644 3343 μὴ
711 3274 1013 3348 τεθεῖσθαι
1074 3276 1181 3341 τὰς
1212 3279 1495 3348 εὐλογίας
1524 3282 1666 3348 πρὶν
1698 3282 1773 3334 ἂν
1800 3284 1831 3333 ό

425 3346 677 3413 νόμιμος
699 3344 804 3397 τοῦ
844 3344 1037 3413 γάμου
1072 3344 1406 3415 συμφθάσῂ
1429 3344 1653 3417 καιρός.

327 3436 389 3489 Ὀ
418 3436 583 3497 αὐτὸς
614 3435 864 3504 βασιλεὺς
894 3435 1169 3506 Στυλιανῷ
1208 3437 1283 3508 τῷ
1314 3438 1485 3507 αὐτῷ.

331 3528 553 3597 Ἐπειδὴ
593 3530 650 3579 ἐν
680 3530 791 3591 τοῖς
828 3528 956 3597 περὶ
989 3528 1182 3596 γάμων
1211 3532 1277 3599 τῇ
1323 3548 1381 3582 τε
1430 3531 1549 3602 ἱερᾷ
1584 3534 1673 3585 καὶ
1739 3551 1832 3603 με-

245 3620 390 3688 γάλῃ
424 3619 559 3691 ἕκτῃ
590 3619 792 3689 συνόδῳ
828 3620 1230 3688 ἐντελλομένοις
1258 3624 1315 3673 ἐν
1348 3623 1425 3691 τῷ
1468 3625 1549 3689 L,0'
1584 3624 1627 3656 ³³
1647 3627 1830 3678 κανόνι

246 3714 343 3766 καὶ
381 3714 426 3743 ⁸⁸
463 3715 573 3772 τοῖς
604 3710 683 3780 τῷ
719 3710 980 3781 πολιτικῷ
1006 3712 1156 3781 νόμῳ
1175 3711 1421 3765 δοκοῦσιν
1444 3714 1831 3786 ὑπεναντιότης

243 3808 395 3859 δοκεῖ
430 3803 820 3873 ἀναφαίνεσθαι
855 3804 909 3874 (ἡ
963 3806 1061 3874 μὲν
1117 3806 1225 3875 γὰρ
1266 3808 1595 3876 ἀπαγορεύει
1636 3827 1831 3862 παντε-

244 3897 359 3960 λῶς
426 3897 525 3967 τὴν
576 3896 1070 3965 μεμνηστευμένην
1130 3897 1210 3948 ἔτι
1271 3897 1361 3948 τοῦ
1406 3900 1709 3968 μνηστῆρος
1772 3903 1830 3952 ἐν

240 3989 556 4059 ἀνθρώποις
585 3988 737 4050 ὄντος
763 3987 899 4057 πρὸς
940 3987 1186 4057 γαμικὴν
1246 3989 1461 4057 ὁμιλίαν
1506 3991 1676 4061 ἐτέρῳ
1709 4009 1833 4044 συν-

247 4079 529 4135 άπτεσθαι
566 4080 813 4149 μοιχείας
847 4079 908 4131 τὸ
939 4081 1171 4150 πρᾶγμα
1198 4081 1474 4147 ὁρίζουσα,
1501 4083 1528 4133 ό
1556 4082 1612 4133 δὲ
1632 4082 1832 4136 πολιτι-

244 4173 343 4236 κὸς
367 4173 532 4241 νόμος
561 4173 661 4224 οὐκ
703 4171 845 4235 ἁξιοί
873 4173 973 4241 τὴν
1005 4171 1265 4240 τοιαύτην
1305 4172 1548 4225 διάλυσιν
1575 4172 1698 4226 οὔτε
1737 4174 1830 4227 τοῦ

245 4263 493 4333 μεγάλου
530 4265 902 4334 ἐγκλήματος,
963 4264 1077 4316 ἀλλ’
1106 4266 1197 4317 ἐπὶ
1254 4266 1389 4335 μόνῃ
1417 4266 1481 4336 τῇ
1518 4266 1628 4318 τῶν
1661 4268 1830 4338 ἀρρα-

242 4356 437 4409 6ώνων
471 4358 565 4409 καὶ
589 4357 701 4409 τῶν
732 4358 1155 4427 προστιμήσεων
1188 4360 1343 4427 ποινῇ
1386 4359 1484 4427 τὴν
1514 4360 1703 4429 ἐνοχὴν
1735 4378 1830 4412 πε·-

246 4450 529 4518 ριγράφει,
568 4451 617 4502 εί
663 4452 1028 4519 πρωῖαίτερον
1079 4450 1171 4502 τοῦ
1213 4450 1486 4519 γαμηλίου
1544 4452 1737 4521 καιροῦ
1794 4454 1826 4522 ἠ

1941 1995 2255 2052 moderatus
2297 2005 2401 2060 cst,
2434 1996 2486 2048 in
2536 1994 2818 2064 republica
2873 1992 3238 2059 constitisset,
3280 2004 3337 2050 ut
3363 1995 3513 2065 prin-

1940 2091 2079 2160 cipis
2114 2090 2396 2145 decretum
2434 2096 2597 2159 atque
2640 2103 2838 2143 manus
2892 2102 3013 2142 eam
3041 2087 3393 2143 insolentiam
3421 2102 3513 2141 sa-

1940 2183 2051 2236 cris
2089 2182 2299 2237 mdibus
2334 2182 2635 2251 expelleret
2663 2178 2931 2250 oportuit.

2010 2274 2163 2341 Quod
2205 2289 2307 2327 nos
2341 2289 2463 2327 cum
2491 2272 2688 2327 dehinc
2709 2270 2962 2326 obtinere
3020 2269 3277 2333 velimus,
3311 2266 3515 2322 statui-

1940 2381 2082 2430 mus,
2107 2375 2163 2417 ut
2198 2365 2411 2418 omnino
2442 2364 2621 2417 nullus
2664 2378 2839 2432 neque
2866 2360 3147 2423 sacerdos,
3180 2372 3356 2428 neque
3388 2371 3516 2428 pro-

1942 2458 2123 2523 fanus,
2182 2456 2235 2510 in
2292 2453 2413 2525 (74)
2444 2454 2607 2508 dictis
2659 2453 2960 2508 etenaculis
3015 2467 3139 2509 cum
3189 2449 3515 2505 mulieribus

1941 2549 2195 2613 habitet;
2227 2562 2289 2601 ac
2321 2548 2367 2602 si
2415 2546 2541 2615 quis
2593 2558 2807 2599 sacram
2836 2543 3009 2599 aedem
3059 2542 3166 2597 hoc
3213 2541 3374 2596 modo
3414 2540 3515 2596 fte-

1938 2641 2069 2695 dare
2091 2638 2555 2709 deprehendatur,
2580 2637 2667 2693 hic
2701 2636 2855 2691 illine
2910 2634 3275 2704 ignominioso
3304 2632 3515 2703 princi-

1940 2732 2047 2803 pali
2090 2746 2257 2784 manu
2291 2728 2615 2783 exturbetur
2648 2745 2662 2792 ;
2700 2727 2793 2797 qui
2844 2740 2974 2779 vero
3033 2723 3109 2777 illi
3167 2738 3290 2778 eum
3333 2723 3515 2776 locum

1942 2819 2298 2876 habitandum
2360 2817 2593 2887 praebuit
2635 2814 2777 2886 (sive
2832 2811 3093 2869 sacerdos
3139 2812 3256 2868 sive
3312 2811 3516 2881 aliquis

1940 2914 2081 2969 alius
2106 2912 2200 2984 qui
2236 2911 2499 2981 templum
2530 2916 2814 2978 procurat,
2841 2904 2961 2977 sit),
2999 2908 3113 2975 ipse
3139 2918 3357 2975 quoque
3389 2918 3516 2973 pro-

1939 3013 2062 3076 pter
2091 3005 2226 3074 legis
2254 3010 2628 3073 contemptum
2655 3012 3049 3069 sacrorumque
3082 2996 3516 3067 profanationem

1939 3098 2327 3168 procuratione
2357 3096 2722 3167 periclitetur.

2346 3184 2815 3243 CONSTITUTIO
2857 3183 3092 3238 LXXIV.

2014 3280 2095 3333 Ne
2124 3290 2246 3333 ante
2304 3280 2589 3347 legitimum
2624 3277 2953 3331 matrimonii
3012 3285 3209 3347 tempus
3241 3274 3439 3342 futuris

2297 3346 2610 3419 co’njugibus
2650 3348 2991 3401 benedicatur
3027 3346 3159 3413 (75).

2006 3442 2150 3495 ldcm
2180 3443 2479 3511 imperator
2512 3440 2687 3494 eidem
2726 3440 2996 3510 Styliano.

2007 3532 2277 3599 Quoniam
2311 3531 2365 3585 in
2427 3531 2494 3585 iis
2524 3544 2705 3599 quaza
2771 3542 2925 3581 saera
2994 3540 3299 3597 magnaque
3355 3531 3511 3579 sexta

1937 3624 2147 3693 synodo
2166 3622 2232 3677 de
2267 3620 2475 3690 nuptiis
2537 3622 2589 3673 in
2635 3617 3120 3673 duodeccntesitno
3158 3614 3271 3685 (76)
3302 3628 3513 3668 canone

1937 3714 2349 3785 prmeipiuntur,
2388 3711 2647 3782 quiddam
2702 3711 2880 3765 civilis
2928 3709 3071 3777 juris
3104 3708 3323 3777 placitis
3371 3721 3511 3761 con-

1935 3807 2168 3862 trarium
2216 3788 2481 3861 exsistere
2510 3804 2723 3858 videtur
2783 3802 3054 3873 (synodus
3099 3802 3243 3856 enim
3283 3800 3392 3869 (77)
3443 3816 3512 3855 ne

1936 3912 2163 3967 sponsa,
2211 3896 2426 3950 vivente
2487 3895 2665 3947 adhuc
2702 3908 2928 3961 sponso,
2990 3893 3043 3946 in
3098 3892 3511 3946 matrimonium

1937 3989 2091 4042 alteri
2126 3986 2514 4055 coniungatur,
2545 3987 2598 4038 in
2629 3985 2948 4038 universum
2980 3983 3252 4052 prohibet,
3280 3997 3513 4052 eamque

1937 4097 2049 4136 rem
2077 4095 2175 4151 pro
2231 4078 2502 4132 adulterio
2553 4076 2664 4148 (78)
2723 4074 2923 4129 habet:
2969 4074 3145 4128 civilis
3207 4074 3511 4141 autemch

1939 4176 2048 4245 (79)
2083 4187 2426 4242 nequaquam
2453 4172 2615 4224 talem
2637 4168 3061 4224 dissolutionem
3109 4182 3364 4235 maguum
3411 4167 3511 4221 ali-

1934 4275 2067 4337 quot
2100 4280 2224 4321 esse
2254 4265 2463 4319 crimen
2517 4262 2760 4331 iudicat:
2831 4261 2923 4315 sed
2960 4261 3004 4315 si
3065 4264 3336 4314 maturius
3394 4258 3508 4328 (80)

1934 4373 2097 4428 quam
2142 4373 2240 4426 pro
2272 4354 2591 4409 connubiali
2631 4364 2876 4422 tempore
2937 4351 3200 4406 solemnis
3246 4350 3508 4421 nuptialis

1938 4449 2250 4505 benedictio
2276 4448 2608 4511 celebretur,
2636 4446 2687 4500 in
2710 4446 2866 4519 solis
2920 4443 3123 4507 arrhis,
3158 4452 3213 4498 et
3240 4443 3507 4513 quidquid

240 4540 333 4591 ἐπ’
366 4541 539 4610 αὐτῆς
582 4542 949 4611 νενομισμένη
976 4541 1361 4610 τελεσθήσεται
1398 4542 1663 4613 εὐλογία).
1700 4544 1825 4597 ἐπεὶ
1859 4563 1903 4618 ῃ

1859 4563 1903 4618 ῃ
1937 4556 2116 4611 pmnse
2171 4540 2399 4594 nomine
2450 4537 2788 4607 promissum
2850 4536 3036 4602 fuerit,
3100 4533 3503 4604 dependendis,

1516 4701 1751 4756 VARIIE
1805 4696 2211 4757 LECTIONES.

337 4846 383 4877 ³⁸
418 4845 591 4899 Codd.
628 4847 845 4915 τρόπρν.
888 4844 1210 4899 Emendavit
1243 4844 1432 4909 Steph.

237 4918 429 4970 κανόνι
462 4919 519 4968 ἐν
572 4912 705 4977 τοῖς.
742 4912 1179 4969 Entendavetunl
1220 4918 1375 4985 Agyl.
1437 4925 1491 4969 et
1526 4915 1687 4969 Beck.

1558 4845 1599 4878 ³⁵
1630 4846 1715 4899 Cf.
1743 4845 1881 4900 intra
1914 4844 2150 4900 Constit.
2214 4840 2346 4896 CIX.
2388 4840 2497 4894 lmo
2522 4856 2570 4894 c.
2624 4841 2710 4895 98.

2830 4840 2875 4872 ⁸ο
2899 4840 3071 4895 Codd.
3099 4841 3190 4894 καὶ
3217 4841 3273 4893 ἐν
3303 4841 3381 4911 τῷ
3418 4839 3490 4903 ςθ

1794 5054 2023 5110 NOTAE.

235 5210 291 5261 in
327 5205 482 5258 'I‘rul.
517 5204 721 5273 Synod.
749 5204 800 5265 7,
829 5217 951 5270 cap.
988 5202 1053 5255 l9
1079 5213 1130 5255 et
1159 5200 1259 5273 9.0.
1282 5200 1372 5254 ttbi
1404 5199 1469 5252 de.
1505 5198 1819 5267 duplicibus

238 5272 615 5330 monasteriis.
638 5272 849 5329 Novell.
882 5274 1006 5336 123,
1038 5288 1162 5340 cap.
1197 5272 1285 5322 56.

304 5347 417 5417 (69)
446 5344 747 5428 ’ὶῖίιτεριῖξὶοχ⁹
778 5335 1239 5428 Βριιιιιξηειίιίὶςιυω
1264 5342 1381 5393 loco
1404 5342 1579 5406 posita
1604 5339 1658 5402 9.,
1685 5335 1821 5391 llar-

233 5414 459 5485 tuenop.
485 5418 539 5480 4,
564 5414 616 5482 5,
650 5416 717 5469 27
745 5423 799 5469 ct
823 5415 912 5479 44,
948 5414 1039 5477 46,
1074 5416 1163 5465 96.

303 5482 418 5555 (70)
442 5486 864 5555 Κατηχούμενα,
890 5496 948 5538 ιιι
972 5486 1115 5555 intra
1152 5485 1275 5538 eod.
1302 5482 1817 5535 calecltumenorum

237 5554 648 5617 mansiones."6
676 5558 869 5626 synod.
899 5572 1021 5625 cap.
1066 5554 1156 5608 98.

305 5628 422 5696 (71)
453 5629 507 5681 In
546 5626 756 5681 Trullo.

304 5698 427 5767 (Ἱῖ)
460 5696 693 5769 δεῖνίιιιε.
720 5698 829 5752 hic.

303 5762 420 5838 (75)
451 5762 789 5823 Clericorum
845 5775 949 5832 est,
997 5762 1439 5838 καθαίρεσις,γ‹1ο
1464 5778 1570 5834 qua
1604 5775 1770 5832 supra
1820 5776 1833 5814 :

231 5836 632 5897 menacborum
681 5850 733 5896 et
786 5839 1050 5895 laicorutn
1089 5836 1415 5909 ἀφορισμός.

2004 5198 2116 5267 (74)
2162 5197 2247 5249 Ἐν
2294 5198 2405 5257 τοῖς
2455 5193 2777 5267 λεγομένοις
2842 5188 3276 5267 κατηκουμένοις
3330 5189 3499 5240 οίκεῖν

1932 5260 2161 5335 Scritttg.
2190 5276 2245 5318 ut
2276 5281 2439 5333 supra
2471 5260 2599 5318 eod.
2626 5260 3043 5335 κατηχούμενοι.

2008 5327 2140 5402 (75)"
2174 5327 2538 5387 Bened'icendi
2589 5327 2916 5401 cottjugibtis
2974 5346 3180 5385 morem
3246 5327 3499 5382 observa.

1936 5402 2091 5457 Adde
2118 5404 2325 5458 Novell.
2359 5404 2447 5465 89,
2481 5403 2576 5456 inf.
2613 5404 2739 5457 cod.

2002 5477 2113 5546 (7U)
2149 5474 2303 5541 Στηῶ
2335 5463 2566 5546 Stirling.
2605 5468 2889 5546 legendum
2924 5473 3009 5536 κη’
3051 5469 3105 5524 id
3138 5475 3242 5531 est,
3278 5463 3369 5519 98.

2004 5539 2118 5612 (77)
2157 5539 2321 5597 Sexta
2362 5543 2483 5594 scil.
2522 5543 2576 5594 ιΙ.
2617 5554 2667 5592 c.
2702 5539 2791 5594 99.

2162 5614 2497 5667 Adulterium
2564 5612 2853 5683 sententiae
2892 5618 3060 5683 sexta:
3098 5604 3295 5680 synodi
3345 5615 3503 5660 eom-

1936 5680 2122 5749 mittit,
2158 5685 2249 5752 qui
2292 5685 2516 5735 alterius
2540 5695 2798 5752 sponsam
2824 5680 2995 5736 ducit.

2010 5755 2120 5822 (79)
2155 5750 2215 5807 Ε.
2252 5754 2301 5813 Ι.
2328 5755 2381 5814 υ,
2414 5753 2465 5805 5.
2498 5768 2544 5805 c.
2582 5750 2655 5805 De
2690 5766 2867 5819 spons.

2012 5828 2122 5895 (κο)
2157 5826 2270 5881 γιςιΔ
2321 5824 2357 5875 ιι
2414 5824 2445 5877 l.
2482 5824 2531 5875 ει.
