4248 6442
237 408 354 473 585

1336 407 1697 473 NOVELL/E
1733 407 2402 470 CONSTITU'I‘IONES.

3385 412 3484 472 586

315 519 506 591 Ἡμεῖς
539 519 634 575 οὖν
685 523 996 594 κελεύομεν,
1056 526 1149 579 τοῦ
1193 526 1807 599 ψευδομαρτυρήσαντος
1838 529 1888 587 Λ
1984 526 1992 578 l

1838 529 1888 587 Λ
1984 525 2090 580 Nos
2125 528 2284 597 igitur
2310 527 2587 595 jubemus,
2623 533 2678 576 ut
2701 525 2975 594 quijurati
3010 524 3207 578 falsum
3241 524 3488 578 testimo-

231 611 483 681 ὲνορκίου
535 612 840 682 γινομένου,
873 616 981 668 εἴτε
1015 617 1355 685 χρηματικδν
1396 617 1456 668 τὸ
1482 617 1651 669 αίτιον
1701 618 1809 670 εῖτε

232 699 668 773 ἐγκληματικὸν,
688 703 1066 774 καθαιρεῖσθαι
1090 706 1213 768 τοὺς
1238 706 1483 774 ἀνιέρους
1503 704 1812 775 ψευδομάρ-

233 811 433 866 τυρας,
468 795 517 847 εί
568 793 613 849 θ’
643 797 802 866 ὅρκος
842 795 942 848 οὐκ
1009 795 1165 866 ὤφθη
1212 795 1274 848 τδ
1311 795 1814 867 ψευδομαρτύρημα

236 887 584 958 συγκροτῶν,
624 887 980 958 ἀφορίζεσθαι
1037 889 1134 960 μὲν
1190 888 1283 942 ἐπὶ
1338 889 1514 958 τρισὶν
1551 889 1814 950 ἐνιαυτοῖς

235 983 367 1045 τοὺς
395 981 660 1052 ἀληθείας
689 981 979 1052 σεμνότητι
1003 982 1062 1035 τὸ
1092 981 1287 1050 ψεῦδος
1304 981 1520 1035 ἐνδῦσαι
1551 995 1816 1052 πειρασά-

240 1075 441 1143 μένους
473 1073 584 1143 (τὸν
613 1074 657 1127 δ’
708 1075 1011 1144 ἀφορισμδν
1040 1074 1197 1144 δῆλον
1231 1075 1312 1128 ὅτι
1346 1074 1731 1143 μοναστήριον,
1762 1075 1817 1126 ὲν

234 1159 281 1234 ᾧ
311 1165 500 1236 δεήσει
529 1165 724 1230 αὐτοὺς
765 1167 862 1220 σὺν
908 1167 1127 1237 ἀκριῦεῖ
1166 1165 1413 1237 πολιτείᾳ
1442 1165 1671 1233 διάγειν,
1718 1167 1817 1235 ὲμ-

239 1255 691 1327 πιστευθήσιται)
716 1272 728 1288 ⁸
775 1259 869 1311 καὶ
898 1257 999 1326 τῆς
1030 1257 1123 1309 ἐπὶ
1152 1257 1229 1328 τῷ
1261 1257 1621 1327 ἁμαρτήματι
1651 1273 1818 1328 προσ-

237 1347 487 1420 ηκούσης
521 1349 806 1419 μετανοίας
839 1349 1213 1422 γεγενημένης
1239 1351 1315 1414 είς
1341 1349 1440 1420 τὴν
1465 1350 1669 1404 οἰκείαν
1724 1351 1818 1403 αὐ·

240 1441 371 1504 τοὺς
405 1439 560 1505 τάξιν
590 1441 1081 1496 ἀποκαθίστασθαι.

759 1531 1070 1589 ΔΙΔΤΛΞΙΣ
1104 1535 1200 1589 OZ'
1225 1535 1289 1592 “.

671 1623 811 1691 Περὶ
837 1626 1333 1694 πλαστοπῬαφίας
1356 1627 1420 1680 ⁸⁵⁷.

333 1713 391 1767 Ὀ
423 1713 586 1777 αὐτὸς
611 1714 863 1784 βασιλεὺς
884 1715 1156 1786 Στυλιανῷ
1169 1717 1248 1787 τῷ
1277 1717 1447 1789 αὐτῷ.

331 1805 422 1858 Ἐν
479 1805 694 1869 πολλοῖς
755 1807 854 1877 μὲν
892 1809 985 1861 καὶ
1018 1808 1217 1873 ἄλλοις,
1271 1810 1504 1880 μάλιστα
1558 1809 1615 1862 δὲ
1656 1809 1711 1860 ὲν
1746 1806 1822 1877 τῷ

248 1897 470 1968 νομίμῳ
499 1895 684 1968 ἐδάφει
715 1899 814 1952 οὐκ
840 1899 1172 1968 ἀνέγκλητον
1201 1902 1233 1971 ἠ
1263 1901 1518 1972 ἀσάφεια.
1555 1902 1645 1952 Δεῖ
1686 1900 1814 1970 γὰρ,

245 1983 428 2059 οἶμαι,
471 1990 654 2044 εἵπου
708 1989 802 2043 καὶ
834 1989 1016 2044 ἀλλοοί
1049 2009 1173 2056 που,
1227 1996 1445 2058 σκολιᾶς
1485 1993 1820 2054 διαπλάσεως

248 2082 505 2150 ἀμοιρεῖν
534 2081 626 2135 τὸν
652 2082 809 2152 λόγον
837 2083 933 2137 καὶ
969 2083 1103 2153 πρὸς
1128 2083 1186 2138 τὸ
1225 2085 1353 2139 εὐθὺ
1405 2083 1820 2154 ἐναρμόζεσθαι.

250 2172 328 2224 Oti
358 2175 466 2243 γὰρ
495 2174 764 2243 μυστήρια
793 2173 886 2227 τοῦ
928 2173 1095 2244 νόμου
1141 2178 1208 2228 τὰ
1238 2175 1461 2244 θέσμια,
1503 2174 1640 2226 ὥστε
1693 2173 1822 2226 ἀνα-

251 2264 452 2332 χωρεῖν
487 2261 624 2316 αὐτά
644 2264 740 2332 τῆς
758 2264 864 2316 τῶν
895 2263 1105 2317 πολλῶν
1137 2264 1516 2334 καταλήψεως,
1548 2265 1659 2316 ἀλλ’
1686 2264 1737 2314 εἴ
1763 2280 1825 2328 γε

248 2349 364 2407 οἷόν
393 2371 453 2406 τε
477 2350 562 2425 ἦν,
590 2355 756 2426 ἐχρῆν
784 2357 989 2427 μηδένα
1018 2355 1301 2410 λανθάνειν
1321 2357 1512 2423 ταῦτα,
1541 2355 1615 2427 μή
1635 2355 1824 2424 ἄνδρα,

255 2448 332 2520 μὴ
373 2448 563 2515 παῖδα,
599 2447 673 2519 μὴ
696 2447 939 2517 γύναιον,
970 2448 1044 2512 ὡς
1084 2447 1320 2517 μάλιστα
1368 2447 1560 2500 τούτου
1591 2449 1659 2516 τῇ
1692 2445 1827 2514 πρὸς

251 2541 314 2594 τὸ
363 2540 591 2611 ἀμεινον
620 2541 729 2592 τῶν
760 2538 1064 2610 ἀνθρώπων
1122 2539 1312 2610 ἀγωγῇ
1347 2540 1438 2592 καὶ
1472 2541 1538 2608 τῇ
1584 2537 1679 2590 τοῦ
1714 2538 1827 2607 βίου

254 2631 565 2703 λυσιτελείᾳ
597 2630 1179 2700 συνεπιλαμδάνοντος.
1218 2628 1317 2682 Διὰ
1358 2628 1517 2680 τοῦτο
1552 2627 1681 2698 ἡμῖν
1712 2628 1828 2680 κατ’

253 2726 436 2778 έκεῖνο
475 2723 535 2776 τὸ
574 2724 736 2794 μέρος
770 2723 813 2754 ⁸⁸
850 2723 956 2775 τῶν
987 2722 1239 2792 νομίμων
1288 2721 1617 2791 ἐπιστήσασι
1670 2736 1832 2788 κεφα-

253 2818 448 2882 λαίων,
480 2817 539 2870 ὲν
576 2812 621 2885 ᾧ
652 2815 861 2882 λέξεσιν
892 2817 1104 2879 αὑταῖς,
1142 2813 1331 2884 ὥσπερ
1370 2815 1456 2867 ἐπ’
1488 2812 1637 2884 αὑτῷ
1660 2813 1832 2882 τούτῳ

256 2909 356 2964 τοῦ
375 2909 668 2979 νομοθέτου
697 2907 881 2961 λαθεῖν
912 2907 1204 2977 ζητοῦντος
1233 2905 1261 2959 ὃ
1290 2922 1340 2958 τι
1371 2905 1463 2959 καὶ
1499 2905 1670 2971 λέγοι,
1691 2903 1833 2957 οὕτω

258 3001 595 3071 διείληπται·
637 3003 665 3054 ὁ
700 2999 1119 3069 πλαστογράφος
1147 2999 1239 3050 ἐπὶ
1290 2997 1534 3068 μεγίστῳ
1585 2995 1834 3065 ἁμαρτή-

265 3109 398 3163 ματι
422 3091 788 3161 ἀποτέμνεται
807 3105 820 3119 ο
845 3089 1034 3142 τούτου
1057 3089 1120 3158 δὴ
1152 3088 1243 3140 τοῦ
1276 3087 1532 3157 μεγίστου
1583 3085 1833 3156 ἀμαρτή·

266 3201 458 3254 ματος,
513 3182 693 3237 ὁποῖόν
749 3190 879 3234 ποτε
928 3182 1024 3235 καὶ
1083 3181 1384 3249 ὑπείληφεν
1444 3181 1472 3232 ὁ
1533 3178 1835 3248 νομοθέτης

263 3275 398 3330 αὐτὸ
431 3273 499 3341 ⁸³,
540 3274 737 3344 ἀδήλου
765 3272 916 3336 ὄντος
964 3271 1220 3342 καὶπρὸς
1259 3271 1318 3323 τὸ
1370 3271 1618 3341 ἀόριστον
1641 3269 1836 3323 ἀποτέ-

269 3385 496 3438 μνοντας
549 3366 642 3419 τὸν
671 3366 823 3418 νοῦνο
880 3365 1193 3434 συνείδομεν
1225 3364 1379 3417 αὐτοὶ
1411 3363 1558 3432 σαφῆ
1595 3379 1717 3416 τινα
1747 3363 1839 3415 καὶ

263 3458 581 3531 ὡρισμένην
610 3457 686 3528 τῷ
706 3457 848 3528 λόγῳ
873 3457 1053 3510 δοῦναι
1090 3455 1291 3526 χώραν.

335 3635 678 3706 Θεσπίζομεν
731 3636 777 3668 ³⁸
811 3635 990 3687 τοίνυν
1023 3634 1115 3687 τὸν
1176 3632 1401 3686 τοιαῦτα
1455 3648 1578 3686 τινα
1614 3633 1841 3684 πλαστο-

265 3731 654 3803 γραφήσαντα,
675 3729 742 3782 δι’
766 3721 842 3783 ὧν
868 3727 928 3779 τδ
959 3725 1446 3796 πλαστογράφημα
1502 3725 1655 3793 ἰσχὺν
1699 3723 1840 3792 λαμ⁶

270 3827 428 3882 ϐάνει
478 3823 692 3892 θανάτῳ
726 3819 958 3888 ὑπάγειν
988 3819 1076 3871 τὸν
1126 3818 1168 3849 ⁸¹
1208 3816 1330 3872 καθ’
1389 3811 1450 3870 οὗ
1478 3815 1840 3884 συνεπλάσθη,

270 3919 438 3973 αὑτὸν
472 3915 898 3988 παραδιδόμενον
919 3913 964 3944 ⁸’
998 3914 1064 3983 τῇ
1093 3910 1357 3981 τιμωρίᾳ,
1392 3911 1458 3980 ἢν
1495 3908 1617 3963 καθ’
1656 3908 1841 3978 ἐτέρου

270 4005 545 4075 ἐσκέψατο
572 4002 1019 4073 παλαμήσασθαι,
1051 3997 1472 4069 ἀποτέμνεσθαι.

816 4092 1124 4147 ΔΙΑΤΔΞΙΣ
1160 4087 1287 4148 OH'.

275 4188 416 4260 Περὶ
446 4187 554 4244 τοῦ
599 4186 936 4260 ἀθετεῖσθαι
972 4186 1079 4260 τὸν⁸
1114 4181 1438 4260 ειαάγοντα
1487 4183 1672 4251 νόμον
1697 4181 1846 4248 πρὸς

624 4255 984 4328 νομοθεσίαν
999 4253 1113 4321 τὴν
1129 4254 1494 4322 σύγκλητον.

358 4353 421 4404 'U
453 4347 614 4412 αὐτὸς
643 4347 894 4419 βασιλεὺς
924 4344 1196 4415 Στυλιανῷ
1226 4344 1305 4416 τῷ
1327 4344 1495 4414 αὐτῷ.

1917 621 2090 678 nium,
2125 619 2236 670 sive
2269 620 2321 669 iu
2349 631 2512 671 causa
2567 615 2859 678 criminali,
2905 617 3019 670 sive
3049 613 3362 683 pecuniaria
3402 620 3492 666 tu-

1918 708 2098 771 lerint,
2125 706 2336 776 profani
2374 707 2444 760 illi
2486 722 2515 760 a
2551 705 2860 762 sacerdotio
2903 705 3272 774 abspellautur
3309 726 3318 759 :
3357 713 3409 756 at
3444 705 3489 758 si

1918 796 1982 848 ad
2007 796 2198 849 falsum
2233 795 2602 850 testimonium
2625 795 3010 866 jusjurandum
3038 810 3140 848 nou
3174 797 3488 858 accesserit,

1917 889 2008 957 qui
2042 888 2236 943 falsum
2267 889 2513 944 veritatis
2577 890 2753 958 specie
2786 889 3040 960 obtegere
3094 889 3274 942 conati
3341 899 3489 953 sunt,

1920 981 1975 1033 in
2010 981 2306 1035 triennium
2357 979 2470 1051 (89)
2524 980 2832 1052 relegentur
2888 978 3184 1050 (relegaudi
3226 988 3404 1033 autem
3435 983 3490 1034 in

1919 1071 2308 1126 monasterium
2365 1073 2583 1143 aliquod
2616 1081 2798 1138 erunt,
2837 1073 2924 1128 ubi
2961 1073 3079 1128 illos
3105 1073 3171 1128 ad
3202 1076 3492 1128 arctiorem

1919 1165 2041 1218 vitae
2071 1164 2357 1233 quamdam
2387 1181 2632 1219 normam
2656 1166 2837 1221 vivere
2859 1166 3176 1236 oportebit),
3200 1165 3495 1235 deliclique

1920 1255 2263 1310 eonvenienti
2311 1259 2629 1325 pmnilentia
2669 1257 2835 1324 facta,
2883 1255 2935 1311 in
2991 1259 3280 1326 pristinum
3332 1273 3493 1315 suum

1924 1348 2288 1401 restituantur
2313 1353 2540 1402 statum.

2334 1526 2800 1584 CONSTITUTIO
2830 1527 3085 1584 LXXVII.

2311 1620 2384 1676 De
2412 1621 2759 1689 falsariorum
2793 1639 2942 1691 pwua
2974 1622 3106 1694 (90).

1997 1711 2139 1766 Idem
2170 1712 2468 1781 imperator
2495 1713 2669 1768 cidem
2700 1713 2968 1784 Styliano.

1995 1806 2130 1861 Cum
2159 1807 2211 1860 iu
2241 1806 2514 1876 plerisque
2572 1805 2716 1869 aliis,
2751 1812 2865 1859 tum
2919 1806 3190 1876 prmcipuc
3233 1806 3285 1860 in
3320 1806 3496 1876 legqu

1925 1897 2249 1952 tractatibus
2311 1895 2753 1967 reprehendenda
2815 1896 3128 1952 obscuritas
3192 1903 3294 1950 est.
3362 1895 3496 1949 Nam

1927 1994 2098 2049 sicubi
2130 1992 2281 2058 alibi,
2320 1991 2433 2045 illic
2449 2000 2596 2046 certe
2626 1990 2856 2045 distorto
2886 1991 3254 2059 intricatoque
3280 1988 3498 2044 dicendi

1927 2098 2124 2152 genere
2163 2096 2374 2144 vacare,
2408 2090 2664 2149 recteque
2697 2081 2978 2134 informari
3007 2082 3256 2135 oralione
3282 2082 3360 2149 (ni
3395 2079 3498 2133 fal-

1928 2172 2032 2242 lor)
2063 2179 2274 2237 oportet
2309 2187 2321 2223 :
2350 2185 2458 2224 non
2480 2169 2624 2223 enim
2656 2184 2872 2222 arcana:
2907 2168 3152 2237 quaedam
3185 2169 3500 2224 sanctiones

1928 2265 2061 2334 legis
2089 2272 2236 2326 sunt,
2264 2271 2323 2315 ut
2363 2278 2391 2314 τι
2417 2263 2780 2316 multitudinis
2812 2262 3089 2316 intellectu
3130 2269 3350 2315 remota:
3381 2276 3502 2316 esse

1929 2356 2160 2410 debeant
2194 2373 2206 2409 :
2239 2353 2328 2408 sed
2362 2354 2565 2424 potius,
2594 2355 2638 2406 si
2668 2353 2779 2407 ﬁeri
2848 2363 3051 2422 posset,
3090 2353 3360 2408 nemiuem
3407 2353 3500 2406 illa

1931 2447 2136 2517 (9L9!)
2179 2445 2360 2510 latere,
2399 2460 2574 2514 neque
2616 2449 2814 2508 virum,
2866 2460 3040 2513 neque
3060 2459 3504 2514 puerum,neque

1932 2539 2211 2593 mulierem
2238 2537 2544 2607 oportebat.
2599 2537 2810 2608 Quippe
2853 2535 2997 2606 quod
3031 2537 3082 2590 id
3115 2536 3182 2591 ad
3218 2537 3503 2591 hominum

1933 2645 2112 2685 mores
2144 2629 2196 2682 in
2228 2629 2419 2684 melius
2450 2629 2869 2692 convertendos,
2929 2629 3347 2697 communisque
3380 2629 3501 2682 vitae

1933 2721 2196 2776 utilitates
2222 2721 2303 2775 vel
2335 2722 2567 2774 maxime
2590 2721 2941 2776 conduceret.
2968 2721 3050 2774 οι)
3084 2720 3136 2774 id
3162 2737 3282 2775 cum
3307 2721 3372 2774 ad
3399 2720 3504 2773 dil-

1937 2813 2132 2868 lieilcm
2181 2814 2331 2867 illum
2383 2813 2636 2884 legalium
2668 2813 2913 2883 capitum
2939 2814 3117 2866 locum
3157 2812 3504 2867 substitisse-

1935 2921 2079 2971 mus,
2130 2906 2217 2960 ubi
2269 2907 2401 2976 ipsis
2459 2905 2662 2969 verbis,
2688 2905 2843 2975 quasi
2887 2905 3164 2974 legislator
3194 2903 3247 2958 in
3280 2919 3344 2958 eo
3369 2903 3502 2972 quid

1938 2999 2143 3054 diceret
2208 2999 2485 3054 occultare
2561 2997 2823 3051 voluisset
2897 2997 2970 3050 ita
3052 2995 3508 3064 comprehensum

1938 3101 2023 3147 est
2052 3109 2065 3146 :
2104 3091 2387 3145 Falsarius
2414 3093 2468 3142 in
2497 3091 2728 3143 maxime
2757 3089 2946 3144 delicto
2987 3088 3240 3156 supplicio
3297 3087 3514 3155 capitali

1945 3182 2169 3251 aﬂicilur
2197 3198 2214 3233 :
2245 3196 2370 3234 cum
2412 3180 2572 3248 quale
2641 3179 2860 3232 tandem
2897 3177 3196 3230 maximum
3219 3176 3350 3230 illud
3378 3175 3515 3229 deli-

1944 3283 2088 3326 ctum
2112 3288 2234 3326 csse
2260 3272 2540 3340 legislator
2575 3271 2692 3339 ipse
2739 3268 3092 3330 existimarit,
3123 3283 3229 3320 nou
3278 3273 3513 3326 constet,

1946 3364 2144 3432 illeque
2173 3363 2292 3430 ejus
2334 3364 2411 3416 rei
2448 3363 2780 3415 intellectum
2840 3376 2948 3413 nou
2997 3359 3286 3413 delinitum
3320 3359 3511 3427 praeci~

1945 3455 2037 3510 dat
2065 3473 2076 3508 :
2105 3455 2388 3508 evidenter
2406 3462 2456 3508 et
2475 3453 2693 3508 deﬁnite
2718 3453 2862 3506 illaut
2895 3453 3198 3507 orationem
3227 3453 3519 3522 explanare

1946 3547 2106 3602 nobis
2132 3546 2307 3601 visum
2343 3546 2458 3598 fuit.

2017 3637 2306 3692 Sancimus
2329 3637 2515 3708 igitur,
2549 3645 2608 3690 ut
2641 3636 2686 3692 si
2717 3636 3024 3691 istiusmodi
3063 3636 3311 3706 quardam
3348 3635 3515 3690 falsa--

1946 3732 2063 3787 rius
2087 3731 2499 3801 conscripserit,
2525 3745 2589 3784 ex
2625 3730 2736 3800 (95)
2766 3731 2966 3801 quibus
2995 3732 3038 3784 is
3068 3731 3331 3785 adversus
3359 3745 3519 3798 quem

1949 3824 2145 3880 falsum
2198 3824 2460 3891 scriptum
2509 3823 2899 3878 concinnatqu
2946 3832 3052 3888 est,
3099 3823 3292 3877 mortis
3349 3837 3522 3892 meum

1949 3914 2321 3984 subjiciendus
2379 3916 2448 3968 sit
2489 3934 2500 3967 :
2544 3914 2660 3982 ipse
2714 3915 2969 3969 Ialsarius
3018 3930 3190 3984 pwnre
3236 3930 3399 3984 quam
3469 3915 3520 3968 in
3598 3953 3605 3960 .

1951 4006 2114 4060 alium
2143 4005 2446 4059 machinari
2478 4006 2751 4074 cogitarit,
2785 4005 3022 4058 traditus
3053 4005 3376 4060 decolletur.

2335 4095 2794 4153 CONSTITUTIO
2852 4095 3131 4152 LXXVIII.

2164 4189 2244 4244 Ne
2267 4191 2494 4258 amplius
2528 4190 2989 4244 senatusconsulta
3012 4191 3144 4258 ﬁant
3178 4190 3311 4261 (94.).

2027 4344 2172 4399 Idem
2203 4345 2501 4413 imperator
2530 4343 2704 4397 eidem
2742 4342 3010 4412 Styliano.

350 4445 563 4512 Ὥσπερ
604 4441 700 4495 καὶ
753 4437 1074 4510 ἐφ’ὲτέρων
1123 4431 1197 4492 ὧν
1237 4437 1311 4508 μὴ
1352 4435 1488 4508 πρὸς
1544 4436 1734 4506 χρείαν
1784 4435 1852 4489 τὰ
1886 4476 1928 4532 D

1845 4455 1852 4489 ι
1886 4476 1928 4532 D
2027 4435 2492 4500 Quemadmodum
2527 4446 2579 4490 et
2611 4437 2663 4490 iu
2696 4437 2817 4491 aliis
2875 4435 3104 4504 legibus,
3133 4453 3252 4507 qua:
3283 4437 3348 4492 ad
3369 4453 3522 4493 eom-

278 4537 583 4607 πράγματα
597 4532 890 4587 καθίστατο
907 4530 1146 4601 νόμωνυ
1177 4529 1437 4600 ὤφθημεν
1468 4527 1846 4598 πεποιηκότες,
1886 4527 1917 4532 ⁷

1845 4574 1846 4581 η
1886 4527 1917 4532 ⁷
1959 4543 2176 4582 munem
2208 4543 2384 4582 rerum
2419 4545 2574 4583 usum
2646 4529 2779 4582 nihil
2812 4529 3147 4594 conferrent,
3184 4531 3434 4596 fecimus,
3469 4541 3522 4586 ut

276 4627 527 4684 τουτέστι
557 4625 650 4680 τοῦ
684 4623 914 4695 νομίμου
946 4623 1176 4693 ἐδάφους
1225 4620 1285 4674 τὸ
1319 4621 1570 4692 περιττὸν
1627 4620 1848 4685 ὑπεξαι-

1957 4634 2048 4674 eas
2081 4626 2338 4688 tanquam
2395 4635 2828 4689 supervacaneas
2851 4636 2879 4675 e
2921 4621 3098 4690 legum
3140 4638 3366 4692 corpore
3397 4623 3525 4679 sub-

1543 4760 1778 4815 VARIIE
1819 4758 2221 4816 LECTIONES.

351 4885 400 4919 "
427 4883 540 4939 Ecl.
572 4880 706 4937 Nov.
742 4881 831 4936 '59.
882 4881 925 4914 ³⁷
956 4879 1247 4935 Rubrieam
1280 4879 1453 4934 Codd.
1489 4895 1597 4934 non
1650 4880 1850 4949 habent
1908 4877 2205 4949 supplenda
2227 4894 2293 4949 egi
2321 4875 2536 4949 Eeloga.

2646 4875 2687 4906 ³⁸
2706 4873 2912 4943 Omnes
2938 4873 3122 4943 βάρος,
3183 4872 3324 4943 quod
3359 4872 3528 4943 male.

281 4957 328 4989 δ’
367 4954 445 5010 Ita
472 4955 664 5009 'l.uich.
700 4960 755 5008 et
807 4949 1027 5007 Mecrm.
1064 4949 1298 5018 Scrlmg.
1327 4949 1508 5012 αὑτός.
1586 4950 1631 4982 ⁵⁸
1657 4949 1767 5005 lue.
1804 4941 2030 5019 Ecloga:
2100 4947 2142 4978 "
2174 4945 2228 5001 lu
2260 4944 2422 5001 Basil.
2453 4941 2546 4998 τὸν
2573 4944 2746 4999 deest.
2824 4945 2868 4976 "
2900 4941 3020 4997 Ecl.
3052 4941 3530 5012 παραδίδοσθαι-

279 5028 378 5080 καὶ
402 5021 820 5095 ἀποτέμνεσθαι.
883 5022 928 5054 ⁸⁸
947 5019 1119 5077 Codd.
1156 5019 1386 5074 καθίστα
1405 5020 1494 5074 τὸν
1516 5021 1697 5090 νόμον.

1787 5162 2023 5219 NOTAE.

357 5287 700 5358 (89)§imilis
717 5293 799 5343 est
837 5301 995 5355 poena
1026 5285 1077 5341 in
1113 5283 1246 5340 Nov.
1285 5285 1374 5348 85,
1403 5285 1458 5339 in
1483 5284 1574 5358 lin.

357 5352 470 5430 (90)
505 5355 645 5430 Falsi
673 5352 1014 5430 crime—tt‘non
1062 5370 1276 5430 semper
1303 5362 1386 5430 est
1409 5352 1641 5430 capitale
1662 5370 1676 5417 ;
1699 5361 1750 5430 et
1775 5352 1849 5430 ita

284 5421 580 5500 abrogatur
603 5428 641 5481 l.
665 5427 756 5490 Ἡ,
793 5428 847 5500 ἱιι
882 5428 972 5500 llu.
1013 5429 1074 5500 AC7.
1112 5421 1364 5500 Ile—falsis
1390 5421 1679 5500 ;_I.'ln__llu_1
1702 5421 1856 5500 lI._D_e

285 5491 463 5556 falsis.
496 5499 633 5553 adde
675 5513 797 5568 qua)
823 5498 934 5554 dixi
959 5498 1024 5553 ad
1052 5499 1086 5552 l.
1129 5495 1180 5564 I,
1209 5497 1244 5550 l.
1272 5495 1322 5559 5,
1355 5496 1388 5549 I.
1415 5495 1506 5559 ἥ,
1547 5495 1608 5549 t1.
1646 5491 1718 5547 De
1753 5493 1856 5546 lal-

359 5640 570 5714 (υίτθὲ)
604 5637 664 5694 1..
703 5639 749 5704 θ,
780 5638 839 5714 C_.
874 5637 950 5714 De
981 5638 1140 5714 legib.

361 5706 478 5781 (95)
502 5706 785 5779 Βοροηρης
815 5710 1009 5764 Iulsutn
1037 5711 1089 5763 in
1113 5722 1276 5781 causa
1330 5706 1573 5781 capitali,
1606 5706 1856 5776 capitali-

289 5790 370 5837 ter
402 5777 640 5848 punitur.
665 5781 861 5834 ‘Jlarus
897 5781 948 5844 3,
979 5786 1119 5835 sent.
1149 5780 1176 5850 ᾗ
1212 5779 1405 5832 falsqu
1433 5777 1486 5839 Δ,
1527 5793 1575 5830 v.
1609 5793 1676 5850 ex
1707 5791 1856 5829 com-

290 5846 447 5906 muni
482 5852 738 5921 opinione
771 5851 932 5906 refert
959 5846 1555 5906 falsum'testimonium
1591 5846 1855 5902 dicentem

1958 5283 2106 5348 dolo,
2137 5281 2311 5350 capite
2347 5281 2561 5349 puniri;
2609 5278 2673 5332 ad
2703 5277 2788 5334 sui
2815 5277 3186 5350 defensionem
3247 5275 3532 5350 arbitraria

1961 5346 2250 5424 pmnavel
2306 5346 2693 5424 publicatione
2727 5350 2992 5424 bonorum
3029 5359 3082 5404 et
3136 5346 3533 5424 deportatiorie,

1963 5416 2057 5478 seu
2083 5422 2147 5476 ad
2176 5416 2427 5476 triremes
2459 5421 2835 5488 damnatione;
2893 5422 2944 5472 in
2983 5417 3311 5488 pecuniariis
3333 5416 3533 5488 causis,

1963 5496 2282 5564 plerumque
2336 5508 2428 5545 reo
2451 5492 2687 5564 linguam
2746 5485 3052 5564 amputari,
3081 5496 3174 5541 aut
3196 5501 3346 5540 reum
3381 5485 3532 5564 fustif

1966 5555 2077 5634 gari
2116 5580 2129 5626 ;
2163 5555 2272 5634 vid.
2330 5555 2578 5617 eumdem
2609 5561 2702 5615 ibi.
2759 5555 2901 5615 vers.
2951 5559 3055 5613 Sed
3088 5574 3274 5629 quarro
3319 5570 3436 5624 quae
3468 5555 3532 5608 sit

1967 5633 2123 5704 pmna
2161 5633 2303 5704 falsi.

2039 5703 2148 5773 (94)
2207 5703 2694 5773 Senatuseousulta
2747 5701 2860 5754 lieri
2921 5699 3321 5773 prpliilu-ntun:
3358 5701 3411 5773 et
3462 5693 3535 5773 ita

1969 5765 2260 5841 abrogatur
2297 5774 2376 5827 tit.
2405 5771 2463 5824 (1.
2507 5772 2576 5829 lie
2614 5781 2886 5829 scuatuse.
2919 5773 2952 5826 l.
2981 5770 3033 5834 9,
3086 5770 3137 5825 ll.
3179 5769 3254 5824 De
3287 5765 3448 5846 lcgib.
3485 5770 3535 5819 et

1968 5853 2237 5901 εῡιιιιῑιιδο.
