4248 6442
212 404 333 466 589

1332 408 1691 469 NUVELL/E
1723 407 2397 468 CONS’I‘ITUTIUNES.

3352 402 3497 475 7590

212 516 629 585 ὑπερκειμένην
662 516 739 585 τῷ
765 532 821 566 τε
857 518 1218 588 πιπράσκοντι
1266 522 1355 571 καὶ
1382 520 1457 588 τῷ
1480 523 1802 590 ἁγοράξοντι
1834 526 1883 582 Λ

1834 526 1883 582 Λ
1910 533 2189 590 segmenta
2224 523 2365 591 (L5)
2408 530 2569 591 atque
2589 522 2836 587 frostula,
2863 540 2982 594 qua:
3006 524 3297 579 utilitatem
3333 533 3497 593 atque

215 609 609 678 παρεχόμενα,
650 607 821 661 ταῦτα
869 609 932 678 δὴ
995 610 1317 681 κωλυόμενα
1371 615 1493 665 τίνα
1549 616 1800 685 εὐπρεπῆ

215 701 399 753 αἰτίαν
449 702 542 752 καὶ
580 699 775 767 φθόνου
811 702 919 753 τῶν
980 702 1241 771 ὑπηκόων
1292 703 1703 775 καθαρεύουσαν
1728 708 1793 774 τῇ

212 792 313 843 τοῦ
358 792 646 860 νομοθέτου
701 793 957 846 συστάσει
1019 794 1062 824 ⁶²
1110 793 1344 865 γνώμης
1392 797 1525 848 Ποία
1571 797 1678 866 γὰρ
1740 798 1804 848 ἐκ

212 886 425 937 τούτων
474 886 608 955 πρὸς
667 886 724 939 τὸ
774 887 1042 957 ὑπερέχον
1100 888 1198 957 τῆς
1257 876 1527 959 βασιλείου
1580 889 1801 959 δόξηςῆ

214 976 593 1047 ὲναντίωσιςῆ
626 979 875 1049 κοινότης
905 979 1156 1050 ἀπαντᾷς

289 1254 407 1306 Οὐκ
432 1254 788 1326 ἀρεσκόμενοι
830 1255 1008 1308 τοίνυν
1039 1255 1116 1327 τῷ
1160 1255 1393 1326 δόγματι
1444 1257 1800 1327 διοριζόμεθα

216 1345 379 1412 ἡμεῖς
411 1345 477 1397 τὰ
510 1346 749 1416 ἁλουργὰ
809 1346 949 1416 μέρη
1006 1348 1097 1399 καὶ
1158 1349 1445 1419 τμήματα,
1500 1365 1801 1419 σεμνοπρε-

220 1438 386 1501 πείας
430 1440 622 1509 μοῖραν
661 1439 1010 1511 παρεχόμενα
1062 1442 1172 1503 τοῖς
1215 1440 1544 1511 ὑπηκόοιςῆ
1607 1443 1798 1513 χρείαν

220 1531 392 1600 ἄλλην
436 1532 536 1583 οὑκ
580 1532 1060 1603 ἁπηγορευμένην,
1109 1532 1202 1586 καὶ
1237 1533 1676 1601 ἁπεμπολεῖσθαι
1705 1535 1801 1587 καὶ

218 1625 612 1694 ἀγοράζεσθαι.
648 1629 740 1679 Δεῖ
769 1628 876 1697 γὰρ
936 1628 1074 1697 μετὰ
1117 1628 1212 1681 τοῦ
1250 1629 1343 1683 καὶ
1375 1630 1549 1691 ἄλλως
1578 1631 1801 1700 εὐεργε-

216 1721 331 1771 τεῖν
358 1718 419 1770 τὸ
458 1718 697 1787 ὑπήκοον
721 1719 857 1789 μηδὲ
888 1721 1327 1792 σεμνοπρεπείας
1374 1723 1590 1792 φθονεῖν
1614 1724 1799 1787 αὑτοῖς

216 1807 315 1877 τὴν
345 1806 644 1877 βασιλείαν.

761 1901 1072 1956 ΔΙΑΤΛΞΙΣ
1129 1902 1253 1959 llA'.

221 1994 360 2062 Περὶ
419 1994 526 2048 τοῦ
582 1992 663 2062 μὴ
694 1992 817 2049 πᾶν·
837 1996 917 2068 τὸ
947 1995 1015 2049 ἐκ
1042 1997 1277 2065 χρυσοῦ
1300 1997 1396 2050 καί
1419 2000 1606 2052 λίθων
1631 1998 1810 2068 ἔργον

721 2066 1066 2119 κωλύεσθαι
1100 2068 1314 2121 ποιεῖν.

300 2154 363 2208 Ὀ
391 2155 553 2219 αὐτὸς
591 2156 840 2225 βασιλεὺς
886 2159 1161 2230 Στυλιανῷ
1208 2160 1284 2232 τῷ
1319 2163 1487 2233 αὐτῷ.

284 2248 401 2300 Καὶ
447 2248 637 2301 τοῦτον
686 2250 742 2302 δὲ
790 2251 880 2303 τὸν
933 2252 1116 2322 νόμον,
1157 2252 1215 2317 ὃς
1266 2256 1451 2318 ἁπλῶς
1494 2256 1805 2325 ἀφαιρεῖται

210 2340 312 2410 τὴν
329 2338 581 2405 ἐξουσίαν
605 2339 697 2392 τοῦ
730 2342 794 2393 ἐκ
846 2342 1047 2412 χρυσοῦ
1090 2347 1183 2398 καὶ
1233 2346 1397 2398 λίθων
1437 2347 1571 2417 δρᾷν
1619 2365 1671 2400 τι
1716 2365 1806 2401 κα-

208 2431 601 2499 τασκεύασμα,
664 2430 758 2481 ἐπὶ
818 2432 999 2499 μόνοις
1069 2434 1125 2487 δὲ
1179 2438 1292 2497 τοῖς
1335 2436 1666 2502 γυναικείοις
1714 2453 1803 2488 κο·-

211 2522 398 2593 σμίοις
430 2523 525 2574 καὶ
553 2522 651 2592 τὴν
678 2523 821 2575 οὕτω
880 2525 1225 2597 καλουμένην
1257 2528 1303 2557 ⁸³
1349 2528 1655 2581 δακτυλίων
1706 2529 1803 2598 τὴν

212 2612 563 2683 κατασκευὴν
594 2612 787 2684 ὁρίζει,
820 2615 917 2683 τῆς
972 2614 1144 2684 αὑτῆς
1192 2617 1319 2670 ὄντα
1353 2620 1796 2687 κατανοήσαντες

212 2703 593 2772 προαιρέσεως
643 2703 722 2772 τῷ
773 2704 907 2773 περὶ
956 2705 1271 2776 ἁλουργίδος
1333 2710 1754 2778 διαλαμϐάνοντι
1784 2752 1798 2775 ,

213 2792 294 2853 εἰς
318 2792 421 2860 τὴν
443 2790 614 2863 αὑτὴν
646 2792 840 2864 ἐκείνῳ
856 2795 1037 2865 χώραν
1059 2794 1342 2865 τιθέαμεν.
1374 2798 1449 2849 Οὐ
1480 2797 1588 2868 γὰρ
1616 2798 1799 2861 ἅπλῶς

212 2883 387 2953 ἐχρῆν
408 2884 507 2955 τὴν
538 2887 601 2938 ἐκ
638 2887 736 2956 τῆς
768 2887 899 2957 ὕλης
919 2888 1014 2941 τοῦ
1049 2888 1250 2958 χρυσοῦ
1276 2890 1539 2961 χορηγίαν
1569 2892 1647 2954 εἰς
1700 2892 1800 2960 τὴν

211 2974 481 3042 ἐργασίαν
530 2975 778 3038 κωλύειν,
810 2976 946 3029 ἀλλὰ
1002 2977 1069 3029 τὰ
1106 2977 1221 3046 εῖδη
1264 2978 1373 3030 τῶν
1424 2977 1623 3048 ἔργων,
1676 2978 1799 3030 ἐπεὶ

211 3064 274 3115 τό
304 3080 369 3131 γε
397 3053 627 3119 καθόλου
648 3066 693 3098 ⁸⁸
719 3069 782 3120 ἐκ
808 3068 1011 3137 χρυσοῦ
1034 3070 1126 3122 καὶ
1154 3068 1301 3120 λίθου
1332 3068 1799 3139 ἀπαγορεύεινὲρ-

208 3154 482 3225 γάζεσθαι
521 3156 805 3223 πλεονεξία
852 3160 1031 3229 σαφής
1081 3158 1127 3189 ⁸⁸
1162 3174 1176 3189 υ
1204 3159 1265 3211 τὸ
1309 3159 1366 3211 δὲ
1419 3160 1513 3211 καὶ
1574 3158 1798 3231 βαρεῖαν

1915 630 2071 667 usum
2103 631 2278 684 neque
2300 615 2549 669 vendenti
2580 630 2756 684 nequc
2795 618 2994 669 omenti
3020 615 3495 670 inconvenientcm

1916 706 2207 774 praebeant,
2234 707 2284 758 in
2312 705 2681 759 mercimoniis
2706 720 2827 760 esse
2857 706 3253 774 prohibuerunt
3283 706 3359 776 (4)
3394 724 3407 759 :
3440 705 3496 761 id

1914 812 2040 850 vero
2061 811 2223 866 quam
2254 796 2561 860 honestam,
2587 805 2641 851 et
2672 812 2791 867 qua:
2840 795 3186 851 subditorum
3244 797 3494 853 inviden-

1914 888 1986 941 tia
2013 898 2187 953 vacet,
2222 888 2438 942 illorum
2460 889 2664 956 judicio
2692 887 2988 959 prseteudet
3037 890 3305 943 causam?
3358 888 3490 943 Nam

1912 979 2056 1048 quod
2072 988 2165 1034 aut
2191 980 2259 1031 im
2270 979 2555 1049 peratoriae
2579 980 2878 1047 majestatis
2901 980 3224 1035 adversetur
3237 981 3486 1035 eminen-

1912 1076 2019 1140 tiae,
2052 1081 2146 1127 aut
2196 1073 2393 1126 eamin
2428 1088 2774 1127 comznuncm
2829 1089 2986 1129 usum
3046 1074 3293 1138 devocet,
3352 1075 3485 1144 quid

1912 1183 2090 1235 qmvso
2115 1166 2243 1219 hinc
2270 1166 2535 1220 exsistat?

1984 1256 2094 1311 Nos
2122 1258 2305 1327 itaque
2365 1258 2449 1312 isti
2499 1258 2723 1313 decreto
2765 1271 2870 1311 non
2899 1258 3334 1327 acquiesceutes,
3365 1272 3495 1313 con-

1912 1350 2190 1405 stituimus
2222 1361 2275 1402 ut
2315 1365 2560 1417 purpura:
2619 1348 2791 1403 frusta
2851 1358 3015 1418 atque
3075 1349 3341 1419 segmina,
3372 1364 3495 1419 qua:

1913 1443 2325 1514 magniﬁcentia:
2384 1442 2618 1509 speciem
2692 1443 2927 1497 aliumve
2996 1457 3104 1495 non
3160 1441 3491 1511 prohibitum

1912 1548 2070 1588 usum
2116 1531 2349 1587 subditis
2391 1530 2686 1599 pra-beant,
2723 1543 2828 1584 tam
2896 1530 3116 1586 divendi
3161 1545 3326 1600 quam
3385 1529 3493 1584 emi

1910 1626 2144 1693 possint.
2182 1622 2343 1677 Decet
2365 1625 2508 1675 enim
2544 1622 2949 1691 imperatoriam
2979 1624 3342 1691 majcstatem,
3364 1634 3489 1675 cum

1910 1717 2031 1770 aliis
2060 1714 2245 1767 multis
2279 1713 2453 1767 modis
2502 1713 2754 1767 subditos
2807 1711 3083 1767 beneﬁciis
3140 1711 3358 1776 alliciat,
3394 1726 3489 1766 co-

1910 1808 2156 1862 rumdem
2195 1805 2615 1876 magniﬁcentia:
2648 1822 2712 1858 ne
2745 1805 3007 1859 invideat.

2337 1894 2803 1953 CONSTITU'I‘IO
2829 1893 3064 1948 LXXXI.

1918 1990 1997 2047 Ne
2020 2007 2085 2046 ex
2097 2009 2228 2046 auro
2248 1991 2385 2059 (5-6)
2408 2001 2453 2044 et
2478 1990 2723 2058 pretiosis
2746 1989 2819 2057 (7)
2842 1988 3041 2055 lapillis
3062 1984 3347 2059 quidquam
3373 1999 3493 2040 con-

2158 2056 2325 2133 ﬁciiin
2353 2056 2647 2114 universum
2677 2059 2998 2125 prohibitum
3023 2058 3168 2124 nefas
3204 2056 3294 2109 sil.

1984 2156 2128 2210 Idem
2163 2155 2462 2224 imperator
2491 2153 2667 2207 eidem
2694 2151 2963 2221 Styliano.

1983 2245 2132 2298 llane
2164 2259 2291 2298 vero
2324 2244 2489 2298 etiam
2521 2244 2691 2313 legem
2721 2242 2798 2312 (8)
2822 2256 2941 2311 quae
2978 2239 3184 2294 mutulo
3236 2239 3487 2295 muliebri

1910 2336 2237 2405 ammlisquc
2274 2336 2519 2404 exceptis
2577 2333 2784 2402 aliquid
2830 2332 2979 2387 aliud
3005 2348 3069 2387 ex
3103 2346 3239 2385 auro
3261 2337 3313 2383 et
3339 2345 3489 2400 gem-

1910 2423 2014 2477 mis
2038 2422 2395 2477 conﬁeiendis
2423 2436 2641 2475 onmem
2677 2436 2901 2489 prorsus
2928 2421 3238 2475 facultatem
3274 2420 3488 2480 adimit.

1906 2516 2149 2583 ejusdem
2183 2531 2303 2570 cum
2345 2516 2434 2569 illa
2455 2531 2577 2584 qua:
2591 2514 2658 2569 de
2681 2528 2920 2583 purpura
2952 2520 3148 2566 tractat
3178 2526 3298 2566 esse
3329 2510 3487 2565 insti-

1906 2608 2006 2660 tttti
2070 2606 2591 2668 animadvertentes,
2645 2606 2695 2659 in
2728 2609 2973 2660 eauulem
3004 2616 3223 2672 quoque
3246 2617 3369 2655 cum
3393 2600 3487 2654 illa

1905 2697 2276 2751 conditionem
2313 2695 2655 2764 reponimus.
2711 2694 2825 2747 Non
2885 2694 3029 2747 enim
3073 2692 3399 2760 simpliciter
3422 2705 3490 2745 ex

1904 2791 2023 2842 auri
2055 2788 2280 2841 materia
2328 2787 2626 2856 quidquam
2674 2788 2725 2839 iu
2779 2784 3054 2853 Opiﬁcium
3095 2782 3352 2854 pra'bcri,
3394 2782 3490 2837 sed

1904 2879 2114 2948 species
2159 2893 2385 2948 operum
2432 2876 2703 2947 prohiberi
2746 2876 3048 2945 oportebat.
3121 2873 3391 2939 Quoniam
3425 2886 3491 2926 ne

1902 2970 2046 3040 quod
2079 2970 2304 3023 omnino
2329 2985 2394 3023 ex
2419 2983 2552 3023 auro
2585 2976 2637 3023 et
2682 2967 2915 3038 gemmis
2947 2980 3086 3035 opus
3115 2964 3489 3019 conﬁciat-ve-

1902 3070 2037 3127 tarc,
2075 3063 2365 3116 manifesta
2409 3062 2460 3115 id
2484 3077 2542 3117 se
2577 3076 2745 3129 supra
2792 3073 2987 3113 omnes
3023 3057 3286 3112 ollerendi
3330 3055 3487 3125 cupi-

1900 3153 2046 3208 ditas
2079 3161 2184 3208 cst.
2217 3151 2336 3206 Jam
2372 3167 2503 3207 vero
2550 3151 2697 3222 quod
2754 3151 2817 3205 in
2858 3162 3187 3220 quacunque
3213 3162 3271 3201 re
3316 3146 3486 3218 legem

207 3244 359 3297 οὕτω
394 3243 588 3314 ποινὴν
647 3246 871 3315 ὑπέχειν
914 3247 1005 3301 τὸν
1045 3248 1402 3317 ἁλισκόμενον
1456 3248 1555 3316 ἐφ’
1593 3249 1796 3319 ὁτῳοῦν
1824 3240 1865 3299 C

1838 3240 1865 3299 Β
1901 3258 2278 3316 transgressus
2296 3260 2417 3300 esse
2444 3244 2838 3313 deprehensus,
2875 3251 2984 3295 tam
3021 3256 3239 3310 gravem
3268 3254 3515 3309 pcenam~

211 3330 542 3404 παραῆάντα
564 3335 653 3398 τὸν
693 3336 856 3406 νόμον
901 3337 1067 3408 (φημὶ
1088 3339 1151 3409 δὴ
1210 3340 1309 3411 τὴν
1361 3339 1469 3393 τῶν
1503 3338 1546 3411 ρ’
1600 3341 1798 3412 λιτρῶν

209 3425 426 3480 Ξκτισιν
460 3429 552 3480 καὶ
582 3427 900 3499 προσθήκην
924 3430 1017 3483 ἐπὶ
1079 3430 1253 3501 τούτῳ
1291 3432 1389 3501 τῆς
1415 3433 1656 3502 κεφαλῆς
1702 3432 1801 3503 τὴν

211 3518 551 3589 ἀφαίρεσιν),
584 3522 667 3583 τίς
710 3520 867 3589 λόγος
920 3521 982 3575 τὸ
1024 3522 1099 3593 μὴ
1142 3523 1263 3593 οὐχὶ
1318 3526 1615 3593 κορυφαῖον
1653 3520 1791 3578 εἶναι

213 3609 395 3677 βιαίου
435 3612 528 3665 τὸν
578 3612 741 3681 νόμον
795 3615 1227 3684 παραιτήσεταις
1267 3615 1339 3667 ἐῶ
1386 3614 1443 3668 δὲ
1482 3616 1581 3687 τὴν
1629 3616 1797 3685 ἄλλην

212 3703 467 3766 ἀτοπίαν,
500 3704 705 3774 ὁπόσην
735 3706 830 3757 καὶ
868 3706 1003 3757 καθ’
1054 3706 1213 3775 ίερῶν
1279 3707 1578 3777 κειμηλίων
1625 3708 1789 3761 ἐνδεί-

212 3807 410 3844 κνυται
446 3792 541 3845 καὶ
574 3792 747 3846 ἄλλων
772 3795 931 3847 τινῶν
964 3796 996 3865 ή
1034 3797 1265 3866 ἐργασία
1296 3797 1504 3867 ποινῆς.

302 3885 495 3953 Ἡμεῖς
520 3883 613 3940 οὖν
632 3887 972 3958 γινώσκομεν
996 3890 1092 3959 οὑχ
1112 3889 1297 3954 ἁπλῶς
1328 3890 1629 3944 κωλύεσθαι
1655 3891 1715 3944 τὸ
1741 3892 1802 3944 ἐκ

212 3978 419 4048 χρυσοῦ
442 3980 536 4032 καὶ
565 3980 726 4033 λίθων
749 3980 907 4052 ἔργον
925 3985 1114 4045 ποιεῖν,
1141 3984 1238 4037 ἀλλ
1256 3984 1268 4004 '
1312 3985 1495 4036 ἐκεῖνα
1531 3986 1597 4036 τὰ
1632 4002 1802 4037 κατα-

214 4071 597 4141 σκευάσματα,
621 4071 655 4125 ἃ
671 4072 851 4143 μόνοις
871 4077 1078 4143 ἐφεῖται
1101 4076 1399 4145 βασιλεῦσι,
1418 4077 1511 4129 καὶ
1530 4070 1605 4129 ὧν
1626 4079 1659 4147 ἡ
1676 4078 1807 4147 χρῆ-

215 4166 301 4223 σις
314 4158 452 4231 πρὸς
466 4161 557 4214 τὸν
572 4162 734 4232 ὑγκον
755 4165 853 4234 τῆς
866 4164 1140 4233 βασιλείας
1159 4165 1248 4218 καὶ
1268 4166 1368 4235 τὴν
1383 4165 1587 4236 ταύτης
1611 4166 1797 4235 χρείαν

211 4251 335 4321 ὁρᾷ.
362 4251 423 4303 El
457 4251 512 4304 δέ
535 4253 672 4323 τιςῆ
703 4254 982 4323 κειμήλιον
1017 4255 1162 4325 ἱερὸν
1197 4255 1228 4325 ἢ
1266 4255 1455 4325 ἕτερόν
1510 4272 1563 4308 τι
1610 4258 1710 4308 οὑκ
1739 4255 1798 4307 ὃν

1900 3337 2137 3391 sustinet
2165 3340 2406 3405 (centum
2441 3334 2707 3388 librarum
2734 3335 2854 3387 auri
2918 3333 3177 3385 mulctam
3229 3331 3487 3400 quodque

1901 3428 2027 3483 huic
2064 3430 2297 3493 accedit,
2342 3428 2576 3497 capitale
2629 3426 2957 3496 supplicium
3007 3425 3154 3493 tlieo)
3191 3432 3249 3477 ut
3280 3439 3341 3477 ea
3400 3424 3486 3477 lex

1914 3536 2022 3575 non
2048 3536 2275 3574 summm
2298 3519 2653 3574 immanitatis
2684 3534 2807 3573 esse
2842 3526 3085 3587 putetur,
3120 3532 3225 3585 qua
3269 3522 3487 3571 ratione

1904 3611 2270 3665 devitabitur?
2323 3612 2599 3677 Quantam
2632 3620 2815 3665 autem
2865 3611 3026 3663 aliam
3087 3608 3485 3662 absurditalcm

1906 3705 1960 3757 in
1985 3705 2160 3757 sacris
2192 3703 2466 3758 thesauris
2498 3704 2728 3774 aliisque
2761 3703 3042 3758 nonnullis
3074 3703 3238 3757 rebus
3256 3700 3484 3755 eﬂ‘ectus

1910 3810 2085 3864 paena:
2106 3788 2379 3866 designet;
2414 3812 2521 3850 non
2543 3798 2775 3867 attingo.

1984 3887 2098 3941 Nos
2141 3890 2325 3958 itaque
2355 3905 2463 3943 non
2490 3890 2815 3959 simpliciter
2845 3905 2984 3959 opus
3018 3889 3235 3959 aliquoo
3257 3903 3320 3942 ex
3350 3902 3483 3943 auro

1910 3992 1962 4036 ct
1998 3983 2226 4052 gemmis
2257 3981 2475 4047 conﬁci,
2502 3985 2595 4037 sed
2631 3984 2719 4036 illa
2753 3998 2915 4052 opera
2948 3997 3069 4052 qum
3087 3982 3216 4037 solis
3244 3982 3481 4052 impera-

1913 4074 2124 4127 toribus
2157 4075 2570 4143 permittuntur,
2635 4088 2983 4143 quorumquc
3032 4088 3164 4127 usus
3220 4072 3483 4142 magniﬁ-

1907 4166 2100 4219 centite
2159 4166 2523 4235 imperatoria:
2578 4166 2904 4233 majestatis,
2954 4165 3181 4235 ejusque
3238 4164 3481 4218 necessi-

1906 4256 2113 4311 tatibus
2190 4256 2500 4311 destinatus
2554 4257 2671 4321 est',
2737 4255 3079 4324 prohibenda
3146 4253 3474 4324 iudicamus.

215 4342 495 4414 ίδιωτικῆς
525 4343 681 4409 ἀξίας
715 4347 806 4401 καὶ
852 4347 1017 4417 τιμῆς
1056 4346 1454 4417 ὑπερκείμενον
1509 4347 1554 4379 ⁸⁸
1584 4348 1801 4402 δύναιτο
1833 4357 1878 4417 D

1799 4376 1801 4393 ι
1833 4357 1878 4417 ι)
1908 4345 2091 4411 Quare
2125 4348 2170 4401 si
2220 4348 2345 4417 quis
2372 4347 2453 4403 vel
2486 4355 2900 4403 monumentum
2935 4362 3178 4414 sacrum,
3215 4347 3297 4403 vel
3327 4344 3476 4403 aliud

1544 4525 1778 4583 VARUE
1814 4526 2217 4585 LECTIUNES.

284 4667 330 4736 ξι
350 4663 504 4735 Agyl.
566 4667 839 4736 συστήσει,

214 4733 493 4790 καθάπαν.
530 4737 637 4793 Sed
668 4733 802 4792 καθό
836 4738 1118 4808 legendum
1149 4749 1233 4798 est
1267 4740 1514 4796 καθόλου.

928 4669 973 4700 ⁸³
1008 4668 1187 4724 Malim
1239 4670 1344 4724 τῶν
1396 4671 1539 4725 οὕτω
1596 4670 1967 4739 καλουμένων.

1615 4742 1658 4773 ⁸⁸
1681 4740 1757 4795 [ta
1789 4740 2054 4797 Zuicb.ct
2092 4742 2310 4800 Meerm.
2346 4744 2581 4815 Scrimg.
2630 4740 2836 4815 σαφῶς.

2060 4672 2105 4703 ⁸⁸
2142 4672 2312 4727 Codd.
2342 4674 2505 4729 καθά.
2534 4673 2722 4744 Steph.
2750 4683 2802 4729 ct
2841 4676 2995 4746 Agyl.
3029 4676 3306 4748 καθαρῶς,
3337 4677 3476 4732 Beck

2092 4742 2310 4800 Meerm.
2346 4744 2581 4815 Scrimg.
2630 4746 2836 4815 σαφῶς.
2933 4747 2977 4778 ⁸⁸
3005 4746 3176 4802 Codd.
3214 4749 3474 4819 ὑποκείμ.

1724 4909 1957 4967 NOTAE.

285 5060 415 5127 (1-5)
437 5057 1086 5137 Tiberiumposteriorem
1104 5064 1212 5121 Ced
1223 5082 1383 5122 renus
1402 5066 1587 5122 scribit
1609 5068 1800 5137 permi-

213 5132 353 5205 sisse
373 5131 1029 5205 pitrpttrte_6t81x'ru).louc
1055 5136 1216 5205 ὅρνας
1244 5139 1299 5189 ὲν
1322 5140 1441 5200 ταῖς
1470 5131 1683 5199 στολαῖς
1702 5138 1794 5190 αὑ-

212 5200 322 5252 τῶν
346 5200 554 5268 κόσμου
582 5201 741 5320 χάριν
758 5206 963 5272 φέρειν’
984 5200 1144 5275 ὃρνας
1164 5207 1468 5275 dixitquasi
1490 5221 1613 5261 oras
1630 5216 1682 5261 et
1701 5223 1793 5259 or-

215 5278 467 5320 naturas.
488 5269 579 5320 Isit
601 5287 731 5320 υνυς
756 5283 1057 5320 senumnla-
1080 5285 1136 5320 nt
1161 5277 1264 5320 Ιιίιε-
1297 5275 1407 5320 Liv,
1438 5292 1494 5320 ιι-
1522 5277 1792 5320 satu-itum

215 5278 467 5347 naturas.
488 5269 731 5325 lsitlorus
756 5269 1058 5347 segmenta,
1080 5285 1136 5329 ut
1156 5277 1265 5347 hie.
1296 5269 1410 5330 Liv.
1438 5292 1496 5339 n,
1522 5277 1793 5347 sant-itum

213 5338 540 5414 mulieribus
566 5347 623 5391 ut
657 5338 844 5414 aureis
900 5346 1197 5414 segmentis
1241 5338 1543 5401 uterentur.
1592 5346 1795 5400 Arator

216 5408 451 5485 loquens
474 5409 848 5485 denpontiﬁcis
900 5408 1087 5469 habitu
1119 5416 1170 5469 in
1204 5415 1389 5471 Exodo
1418 5433 1446 5469 a
1473 5415 1622 5470 Muse
1654 5432 1792 5485 pra:-

212 5476 423 5559 s_cripto
456 5496 482 5559 _:
527 5476 1034 5559 Quisegmenlalus
1082 5488 1266 5559 mediis
1314 5486 1575 5559 altaribus
1630 5476 1791 5539 a'stat.

214 5549 529 5623 segnitenta.
556 5549 706 5623 limbi
730 5549 825 5607 Seu
864 5554 1085 5617 instita},
1112 5558 1145 5610 Ι.
1172 5557 1262 5622 ‘25,
1295 5574 1346 5612 v.
1384 5560 1432 5619 1,
1453 5556 1507 5609 π.
1536 5554 1611 5608 De
1633 5572 1788 5623 auro,

213 5618 355 5671 adde
387 5618 575 5686 Cujae.
604 5618 689 5683 12,
723 5624 935 5678 observ.
992 5625 1080 5680 25.

214 5687 667 5812 'oﬁzlutelligit,
703 5703 758 5746 ut
782 5696 1003 5764 opinor,
1034 5698 1068 5751 l.
1105 5714 1229 5768 pen.
1255 5699 1317 5754 (1.
1359 5697 1434 5754 De
1467 5699 1657 5755 vestib.
1688 5696 1785 5753 bo-

284 5826 427 5897 (5-6)
472 5831 545 5888 Ex
577 5847 708 5888 auro
743 5839 825 5890 vel
880 5839 1131 5907 prctiOsis
1166 5840 1362 5911 lapillis
1408 5841 1612 5914 aliquid
1666 5842 1781 5897 ﬁcti

1892 5070 2258 5193 Xrohibetur:
2296 5072 2508 5127 videtur
2530 5075 2711 5145 itaque
2742 5089 2998 5130 revocare
3025 5074 3472 5132 constitutionem

1947 5142 2195 5193 nreliani.
2249 5160 2356 5193 nua
2416 5147 2740 5193 narmissnm
2790 5146 2987 5193 fuerat.
3020 5155 3079 5193 ut
3138 5148 3322 5193 aureis
3372 5149 3464 5193 nui

1947 5142 2195 5214 ureliaui,
2249 5160 2356 5211 qua
2416 5142 2740 5214 permissum
2790 5146 2987 5209 fuerat,
3020 5155 3079 5197 ut
3138 5148 3322 5201 aureis
3372 5149 3467 5214 qui

1895 5163 2195 5205 nurcualtt,
2249 5163 2356 5211 qua
2416 5163 2740 5214 pernussum
2790 5163 2987 5209 morat,
3020 5163 3079 5197 ιιι
3138 5163 3322 5201 aureis
3413 5165 3467 5202 tu

1895 5210 2091 5265 vellent
2121 5221 2173 5265 et
2207 5215 2411 5267 mensis
2448 5223 2729 5268 uterentur
2755 5222 2807 5268 ct
2846 5216 3079 5282 poeulis,
3106 5227 3330 5271 auctore
3368 5163 3467 5271 30-

1896 5282 2066 5400 niseo.
2096 5283 2404 5353 Abrogatur
2438 5293 2616 5338 autem
2653 5286 2734 5338 lex
2785 5286 2970 5351 unica,
2996 5299 3139 5340 vers.
3166 5285 3309 5340 Nulli
3341 5287 3465 5342 cod.

1896 5396 1911 5400 _,
1946 5352 2036 5400 ulli
2080 5353 2244 5400 livore.
2280 5356 2330 5400 in
2362 5354 2549 5400 frenis-

1894 5352 2037 5403 Nulli
2080 5352 2330 5406 lit-ere’in
2362 5354 2549 5407 lt-enis.

1967 5421 2048 5496 (1)_
2098 5421 2303 5496 hapilli
2342 5425 2583 5496 pretiosi,
2642 5427 2987 5496 margaritae,
3045 5427 3362 5496 smaragdi,
3416 5435 3472 5481 et

1897 5490 2222 5568 hyacinthi:
2260 5490 2382 5548 aliis
2423 5495 2568 5547 enim
2601 5490 2829 5563 gemniis
2856 5497 3030 5561 frena,
3055 5490 3337 5568 equest'rcs
3364 5498 3470 5552 sel-

1900 5562 1984 5633 las,
2008 5562 2299 5633 retbalteos
2325 5580 2525 5619 ornare
2561 5562 2888 5633 permissum
2913 5568 2968 5621 d.
2995 5569 3028 5622 Ι,
3058 5562 3150 5621 un.

1968 5632 2127 5698 (8)0.
2166 5634 2199 5684 I.
2242 5649 2331 5688 un.
2370 5650 2513 5689 vers.
2561 5632 2704 5688 Nulli
2751 5649 3010 5704 praeterea
3034 5640 3369 5706 privatorum
3408 5638 3472 5692 li-

1895 5710 2014 5773 ceat
2039 5706 2283 5771 exceptis
2308 5707 2647 5761 ornamentis
2683 5709 3055 5773 nmtronalib.,
3089 5720 3194 5764 etc.
3230 5711 3287 5765 υ.
3326 5707 3468 5764 Nulli

1893 5772 2055 5829 licere
2080 5773 2131 5827 ιιι
2156 5775 2340 5830 frenis.
