4248 6442
263 416 373 485 581

1365 420 1725 481 NOVELL/E
1773 419 2442 487 CONSTITLITIONES.

3423 432 3528 501 582

345 534 587 604 Πρᾶγμα
616 534 799 597 κακῶς
834 534 930 605 μὲν
962 535 1053 587 καὶ
1090 534 1196 603 πρὸ
1219 534 1327 587 τῶν
1363 534 1683 589 κωλυόντων
1714 536 1847 589 αὐτὸ
1874 536 1910 594 Α

2025 537 2156 602 Qum
2181 552 2268 592 res
2291 538 2451 593 etiam
2481 546 2769 609 antequam
2799 542 2921 611 jure
2938 541 3210 613 prohibita
3232 553 3399 608 esset,
3431 544 3529 598 de-

267 623 499 677 δικαξων
523 623 829 692 γινόμενον,
855 626 1037 692 χεῖρον
1068 623 1125 675 δέ
1152 624 1288 692 μετὰ
1310 624 1370 676 τὸ
1402 623 1710 694 κωλυθῆναι
1731 625 1849 677 τολ-

271 711 526 783 μώμενον
569 715 737 782 (φημὶ
786 712 850 783 δὴ
878 714 940 764 τὸ
978 715 1039 766 ἐν
1086 717 1199 776 τοῖς
1233 714 1343 767 τῶν
1380 714 1686 784 ἐκκλησιῶν
1720 716 1846 768 ὑπε-

266 802 457 873 ρῴοις,
490 804 632 873 ἅπερ
659 808 687 857 ό
726 804 892 868 πολὺς
918 804 1205 875 ἄνθρωπος
1237 807 1619 878 κατηχούμενα
1665 808 1848 860 καλεῖν

265 896 437 964 ἔγνω,
470 900 739 951 συνοικεῖν
765 914 920 959 τινας
943 897 1214 968 γυναιξὶν)
1254 899 1353 951 οὐκ
1392 900 1541 963 ἄξιον
1576 900 1844 970 παριδεῖν,

265 987 465 1039 οὐκοῦν
501 988 623 1040 οὐδὲ
654 987 1068 1058 παροφθήσεται
1098 990 1259 1059 ¹ἡμῖν.
1291 985 1401 1043 Ἦν
1443 991 1541 1059 μὲν
1570 990 1665 1042 οῦν
1705 990 1846 1060 αῦτη

263 1079 299 1148 ἠ
333 1079 508 1148 τόλμα
538 1078 639 1131 οὐκ
660 1075 757 1132 οἶδ’
799 1080 952 1143 ὅπως
984 1080 1109 1150 ἄχρι
1135 1081 1231 1150 τῆς
1256 1082 1418 1152 ’ἐκτης
1462 1083 1680 1134 συνόδου
1730 1084 1847 1136 ἀει.

266 1170 548 1242 μὼρητος,
576 1172 718 1225 κατὰ
746 1172 947 1240 ταύτην
969 1172 1026 1225 δὲ
1052 1172 1154 1244 τὴν
1183 1174 1332 1245 ἱερὰν
1366 1174 1582 1227 σύνοδον
1625 1174 1684 1226 τὸ
1707 1176 1849 1245 πρᾶο

262 1280 388 1332 γμα
419 1265 738 1327 ἐπιστασίας
763 1265 1013 1331 ἀξιωθὲν,
1056 1266 1219 1336 ίερεῖς
1256 1267 1353 1336 μὲν
1389 1267 1547 1330 ὄντας
1577 1268 1700 1331 τοὺς
1734 1284 1844 1319 τοι-

260 1356 458 1419 ούτους
489 1358 780 1427 οἰκήτορας
800 1358 1018 1428 ἐνόχους
1057 1359 1225 1426 ἔδειξε
1282 1358 1680 1430 καθαιρέσεως,
1738 1364 1839 1427 ἀφ-

269 1447 504 1516 ορισμὸν
528 1447 572 1500 δ’
597 1448 867 1517 ἐπήνεγκε
902 1446 1128 1511 λαῖκοίς.
1176 1449 1339 1502 Ἀλλὰ
1359 1451 1581 1520 γὰρούκ
1604 1450 1816 1520 ἀπέχρη
1833 1480 1846 1489 ο

263 1556 360 1591 σεν
377 1541 457 1603 εἰς
473 1538 712 1607 παντελῆ
728 1540 1007 1611 ἐκδίκησιν
1036 1540 1145 1593 τῶν
1163 1541 1502 1612 Ἐκκλησιῶν
1533 1543 1592 1595 τὸ
1626 1544 1845 1612 ἱερωσύ-

261 1647 364 1699 νης
398 1630 677 1700 ψήφισμα.
709 1631 849 1700 Ἤδη
898 1631 1007 1701 γὰρ
1051 1631 1152 1700 τῆς
1193 1631 1368 1703 αὐτῆς
1421 1634 1844 1704 παραμενούσης

259 1720 471 1789 τόλμης
498 1721 594 1773 καὶ
624 1720 749 1773 καθ’
777 1720 835 1773 ὃν
887 1721 1079 1791 χρόνον
1110 1721 1157 1754 ³⁸
1190 1723 1364 1776 διεῖπε
1418 1723 1487 1776 τὰ
1533 1723 1787 1793 σκῆπτρα
1818 1725 1846 1776 ό

262 1812 614 1882 περιώνυμος
636 1812 696 1864 ἐν
725 1812 1007 1881 βασιλεῦσι
1036 1814 1223 1887 πατὴρ
1263 1814 1439 1884 ὴμῶν,
1474 1815 1662 1885 ἐδέησε
1690 1814 1845 1885 βασι-

1956 626 2282 680 testabiliter
2332 628 2796 695 committebatur,
2820 644 2881 684 ac
2898 646 3026 687 vero
3055 640 3177 702 post
3206 632 3529 702 prohibitio-

1956 729 2076 768 nem
2099 716 2269 770 multo
2289 716 2667 772 detestabilius
2692 719 3099 791 audetur(quod
3121 738 3313 793 nempe
3333 722 3388 777 in
3414 721 3527 794 (69)

1938 806 2327 877 (Ecclesiarum
2374 811 2693 876 ctenaculis,
2737 826 2858 882 quae
2899 812 3270 881 promiscuum
3332 814 3528 884 vulgus

1954 902 2344 972 κατηχούμηνα
2382 903 2492 973 (7C)
2554 919 2750 959 vocare
2783 905 2943 970 solet,
2971 904 3192 974 quidam
3244 923 3367 960 cum
3408 923 3529 961 mu-

1952 988 2477 1054 lieribushahitaut)
2530 1005 2649 1044 eam
2706 992 2993 1060 neglectim
3054 991 3254 1046 habere
3309 1008 3525 1062 aequum

1952 1096 2060 1135 non
2089 1090 2172 1136 est
2196 1098 2208 1147 ;
2241 1098 2414 1153 neque
2442 1098 2571 1137 vero
2600 1085 2671 1136 ita
2696 1099 2724 1138 a
2754 1085 2915 1140 nobis
2943 1085 3250 1141 habebitur.
3306 1086 3385 1141 Ac
3418 1085 3526 1141 fuit

1951 1172 2066 1228 haec
2097 1174 2315 1243 quidem
2370 1190 2455 1230 res
2487 1175 2555 1229 ad
2591 1184 2800 1230 sextam
2847 1176 2955 1245 (7t)
3001 1190 3175 1246 usque
3231 1176 3524 1248 synodum,

1951 1266 2091 1319 haud
2126 1267 2240 1320 scio
2268 1283 2373 1337 qua
2433 1269 2667 1333 ratione,
2735 1268 2958 1337 impune
3003 1270 3262 1333 admissa,
3304 1270 3358 1324 in
3411 1270 3528 1339 ipsa

1950 1365 2129 1410 autem
2165 1369 2353 1413 sancta
2391 1356 2621 1428 Syttodo,
2660 1359 2751 1413 ubi
2816 1359 3055 1428 pcnitius
3084 1374 3317 1416 excussa
3355 1371 3525 1429 esset,

1949 1450 2335 1503 sacerdotibus
2381 1453 2453 1503 ita
2510 1451 2915 1517 habitantibus,
2958 1454 3316 1507 remotionem
3346 1453 3460 1523 (72)
3492 1470 3524 1507 a

1949 1557 2109 1596 sacro
2156 1542 2368 1603 ordine,
2436 1542 2683 1612 profanis
2716 1558 2845 1597 vero
2920 1560 2947 1595 a
3006 1559 3189 1599 rerum
3242 1558 3526 1599 sacrarum

1949 1636 2335 1689 communione
2362 1633 2901 1706 separatiouemj(75)
2946 1634 3182 1690 induxit.
3217 1634 3521 1700 Verum,ut

1949 1725 2105 1794 plene
2133 1724 2203 1778 ab
2224 1740 2289 1780 eo
2323 1740 2459 1780 ausu
2492 1724 2768 1780 Ecclesias
2799 1724 3121 1789 vindicaret,
3154 1726 3217 1778 ad
3256 1726 3307 1779 id
3346 1740 3528 1780 sacer-

1949 1814 2127 1869 dotale
2145 1814 2426 1868 decretum
2455 1830 2563 1867 non
2592 1827 2690 1883 par
2712 1813 2836 1868 fuit.
2866 1812 3001 1867 Nam
3025 1827 3150 1866 cum
3176 1812 3242 1868 ad
3269 1813 3322 1868 id
3353 1830 3528 1884 usque

260 1903 424 1972 λικὴν
448 1905 608 1974 χεῖρα
630 1904 723 1956 καὶ
744 1904 1076 1974 πρόσταγμα
1107 1905 1207 1973 τὴν
1233 1903 1492 1975 τοιαύτην
1512 1907 1845 1975 προπέτειαν
1879 1890 1910 1944 Ῐ]

1951 1916 2183 1976 tempus,
2215 1922 2324 1977 quo
2357 1914 2510 1977 pater
2530 1916 2715 1960 noster
2743 1905 2980 1977 inclytus
3024 1906 3277 1976 princeps
3310 1915 3528 1975 sceptra

260 1995 373 2047 τῶν
402 1994 565 2064 ἱερῶν
590 1995 897 2061 ἐξελαύνειν
917 1995 1103 2050 οἴκων.

334 2260 516 2329 Ὅπερ
546 2257 639 2314 οὖν
672 2262 766 2314 καὶ
810 2262 919 2316 ἀπὸ
964 2264 1061 2316 τοῦ
1100 2263 1369 2334 παρόντος
1404 2267 1623 2337 κρατεῖν
1659 2266 1844 2336 βουλό-

261 2368 439 2420 μενοι,
460 2351 951 2423 ὁρίζομεν,μηδένα
971 2354 1236 2426 μηδαμῶς
1257 2357 1392 2427 μήτε
1416 2358 1566 2427 ἱερέα
1586 2360 1721 2429 μήτε
1739 2360 1845 2411 τῶν

255 2450 322 2498 ἐκ
361 2444 457 2498 τοῦ
484 2446 617 2499 λαοῦ
664 2448 884 2515 γυναιξί⁵
911 2447 1269 2503 συνοικοῦντα
1300 2452 1357 2503 ἐν
1383 2452 1495 2515 τοῖς
1532 2452 1846 2521 λεγομένοις

256 2554 501 2606 κατηχου
510 2538 688 2606 μένοις
706 2539 894 2592 οίκεῖν.
918 2539 982 2592 Et
996 2538 1052 2590 δέ
1067 2557 1149 2601 τις
1160 2540 1468 2609 εὑρίσκοιτο
1489 2541 1579 2593 τὸν
1599 2541 1750 2609 ἆγιον
1766 2537 1845 2594 οἷ-

256 2645 355 2681 κον
371 2629 516 2682 οὕτω
530 2631 871 2696 κοινοποιῶν,
888 2630 1075 2684 τοῦτον
1096 2631 1193 2701 μὲν
1212 2631 1468 2701 βασιλείῳ
1482 2633 1621 2704 χειρὶ
1636 2634 1845 2702 ἀτίμως

255 2720 469 2773 ἐκεῖθεν
493 2720 839 2787 ἐξωθεῖσθαι,
870 2722 963 2775 τὸν
997 2722 1054 2775 δὲ
1083 2723 1500 2793 παρασχόμενον
1538 2725 1638 2794 τὴν
1660 2724 1845 2778 κατοί-

257 2830 421 2883 κησιν
452 2813 585 2884 (εἴτε
618 2814 799 2884 ἱερεὺς
824 2815 932 2866 εῐτε
968 2832 1050 2879 τις
1081 2816 1267 2886 ἔτερος
1294 2816 1378 2887 εἴη
1419 2817 1447 2867 ό
1492 2817 1593 2886 τὴν
1621 2818 1843 2885 ἐπιτρο-

258 2907 371 2975 πὴν
401 2905 497 2958 τοῦ
529 2906 659 2960 ναοῦ
696 2906 859 2977 ἔχων)
893 2908 989 2961 καὶ
1022 2907 1189 2961 αὐτὸν
1219 2908 1551 2960 κινδυνεύειν
1586 2908 1750 2962 ἐνεκά
1781 2926 1843 2975 γε

256 3001 356 3067 τῆς
387 2997 642 3067 τοιαύτης
677 3001 1142 3069 καταφρονήσεως
1172 2998 1267 3053 καὶ
1306 2999 1415 3052 τῶν
1460 3000 1622 3069 ἱερῶν
1674 3019 1845 3055 κοινο-

258 3092 443 3154 ποιίας
480 3094 547 3162 τῇ
576 3091 673 3161 τῆς
698 3093 1003 3161 ἐπιτροπῆς
1043 3093 1349 3163 ἀφαιρέσει.

814 3186 1132 3239 ΔΙΑΤΑΞΙΣ
1163 3187 1282 3240 οΔ”.

261 3276 405 3343 Περί
431 3274 538 3349 τοῦ
567 3274 654 3344 μὴ
722 3237 1023 3349 τεθεῖσθαι
1085 3237 1192 3341 τὰςζ
1209 3237 1505 3349 ξύλογίας
1534 3283 1675 3349 πρὶν
1708 3283 1783 3336 ἂν
1810 3286 1841 3335 ό
1867 3237 1910 3296 C

436 3346 686 3413 νόμιμος
709 3345 814 3398 τοῦ
854 3345 1048 3414 γάμου
1083 3345 1416 3417 συμφθάσῂ
1440 3345 1663 3418 καιρός.

337 3436 399 3489 Ὀ
428 3436 593 3498 αὐτὸς
624 3436 874 3504 βασιλεὺς
904 3436 1178 3507 Στυλιανῷ
1218 3438 1293 3509 τῷ
1324 3439 1495 3509 αὐτῷ.

342 3529 398 3580 Ἐ
412 3529 562 3597 πειὸὴ
602 3530 659 3580 ἐν
688 3530 801 3592 τοῖς
838 3528 966 3598 περὶ
999 3528 1192 3597 γάμων
1221 3532 1287 3600 τῇ
1333 3549 1391 3583 τε
1440 3532 1559 3603 ἱερᾷ
1594 3536 1684 3586 καὶ
1749 3552 1841 3605 με-

254 3620 400 3688 γάλῃ
434 3619 568 3691 ἕκτῃ
599 3619 802 3689 συνόδῳ
838 3620 1241 3688 ἐντελλομένοις
1269 3625 1325 3675 ἐν
1358 3624 1434 3692 τῷ
1477 3626 1559 3690 1.,ον
1593 3626 1636 3657 ³³
1656 3629 1840 3679 κανόνι

255 3714 352 3766 καὶ
391 3714 436 3743 ⁸ο
472 3715 583 3773 τοῖς
614 3710 692 3780 τῷ
729 3711 990 3782 πολιτικῷ
1017 3712 1166 3782 νόμῳ
1185 3713 1430 3766 δοκοῦσιν
1453 3715 1839 3787 ὑπεναντιότης

252 3808 405 3859 δοκεῖ
439 3803 829 3872 ἀναφαίνεσθαι
865 3805 919 3874 (ἡ
972 3806 1071 3875 μὲν
1127 3806 1235 3875 γὰρ
1276 3808 1605 3877 ἀπαγορεύει
1646 3828 1840 3862 παντε-

254 3897 369 3960 λῶς
436 3897 534 3967 τὴν
585 3896 1081 3965 μεμνηστευμένην
1140 3897 1220 3949 ἔτι
1281 3897 1371 3948 τοῦ
1416 3900 1719 3969 μνηστῆρος
1781 3904 1840 3953 ἐν

250 3989 566 4059 ἀνθρώποις
594 3988 746 4050 ὄντος
772 3988 909 4057 πρὸς
950 3988 1196 4057 γαμικὴν
1256 3989 1470 4057 ὁμιλίαν
1515 3992 1685 4061 ἐτέρῳ
1718 4010 1842 4045 συν-

257 4078 539 4135 άπτεσθαι
575 4080 822 4149 μοιχείας
856 4080 917 4131 τὸ
948 4081 1180 4150 πρᾶγμα
1207 4081 1483 4148 ὁρίζουσα,
1511 4084 1537 4134 ὸ
1566 4083 1621 4134 δὲ
1641 4083 1841 4137 πολιτι-

254 4173 353 4236 κὸς
376 4173 541 4242 νόμος
570 4173 671 4225 οὐκ
712 4172 855 4235 ἀξιοῖ
882 4174 982 4242 τὴν
1015 4171 1274 4241 τοιαύτην
1314 4172 1557 4226 διάλυσιν
1585 4172 1707 4226 οῦτε
1745 4175 1839 4227 τοῦ

255 4264 502 4333 μεγάλου
540 4265 911 4334 ἐγκλήματος,
972 4264 1086 4316 ἀλλ’
1115 4267 1205 4317 ἐπὶ
1263 4266 1399 4336 μόνῃ
1426 4268 1490 4337 τῇ
1527 4266 1637 4318 τῶν
1670 4269 1839 4339 ἀρρα-

252 4357 447 4409 ϐώνων
480 4357 710 4409 καὶτῶν
741 4359 1164 4428 προστιμήσεων
1196 4361 1352 4428 ποινῇ
1394 4360 1493 4428 τὴν
1523 4361 1712 4430 ἐνοχὴν
1744 4379 1839 4413 πε-

256 4450 539 4519 ριγράφει,
577 4452 625 4502 εί
672 4452 1038 4520 πρωῖαίτερον
1088 4450 1181 4502 τοῦ
1223 4451 1495 4520 γαμηλίου
1553 4453 1746 4522 καιροῦ
1802 4455 1834 4523 ὴ

1951 1998 2266 2054 moderatus
2308 2008 2412 2063 cst,
2445 1999 2497 2051 in
2547 1997 2828 2067 republica
2884 1996 3248 2062 constitisset,
3292 2008 3349 2052 ut
3374 1998 3524 2069 prin-

1951 2094 2090 2162 cipis
2125 2092 2407 2147 decretum
2445 2100 2608 2162 atque
2651 2106 2849 2145 manus
2903 2106 3023 2145 eam
3052 2091 3404 2146 insolentiam
3432 2105 3524 2144 sa-

1951 2186 2061 2239 cris
2100 2184 2309 2240 aedibus
2344 2184 2646 2254 expelleret
2674 2182 2942 2253 oportuit.

2020 2277 2174 2344 Quod
2216 2292 2317 2331 nos
2351 2292 2473 2330 cum
2502 2275 2699 2330 dehinc
2719 2274 2973 2329 obtinere
3031 2272 3288 2336 velimus,
3323 2270 3526 2326 statui-

1950 2383 2093 2433 mus,
2117 2377 2174 2420 ut
2209 2368 2422 2420 omnino
2453 2367 2631 2419 nullus
2675 2381 2849 2435 neque
2877 2365 3157 2426 sacerdos,
3191 2376 3367 2431 neque
3399 2375 3527 2431 pro-

1953 2460 2133 2526 fanus,
2192 2458 2245 2512 in
2303 2456 2424 2527 (74)
2454 2457 2618 2511 dictis
2670 2456 2971 2511 cmnaculis
3025 2470 3149 2512 cum
3200 2453 3525 2508 mulieribus

1952 2551 2161 2607 habitet
2192 2566 2206 2615 ;
2237 2564 2300 2603 ac
2332 2550 2378 2605 si
2426 2548 2551 2619 quis
2604 2561 2817 2601 sacram
2846 2547 3019 2601 :edem
3069 2545 3177 2600 hoc
3224 2545 3385 2600 modo
3424 2543 3526 2599 fte-

1948 2643 2080 2698 dare
2101 2640 2565 2712 deprehendatur,
2590 2640 2677 2695 hic
2711 2638 2865 2694 illine
2920 2638 3285 2706 ignominioso
3314 2635 3525 2706 princi-

1950 2734 2057 2805 pali
2100 2748 2268 2787 mauu
2301 2731 2624 2785 exturbetur
2657 2746 2672 2795 ;
2710 2730 2803 2799 qui
2853 2742 2984 2781 vero
3042 2726 3119 2780 illi
3177 2742 3300 2781 eum
3343 2726 3525 2779 locum

1952 2821 2308 2878 habitandum
2370 2819 2603 2889 prrehuit
2645 2817 2786 2888 (sive
2842 2814 3102 2871 sacerdos
3149 2815 3265 2871 sive
3323 2814 3526 2883 aliquis

1950 2916 2091 2971 alius
2117 2914 2210 2986 qui
2246 2913 2509 2983 templum
2539 2920 2823 2981 procurat,
2851 2908 2971 2979 sit),
3008 2910 3123 2977 ipse
3149 2921 3367 2977 quoque
3398 2920 3526 2976 pro-

1950 3015 2072 3078 plet:
2101 3007 2237 3076 legis
2264 3013 2637 3075 contemptum
2665 3015 3058 3072 sacrorumque
3091 2998 3525 3070 profanationem

1949 3100 2337 3170 procuratione
2367 3098 2731 3169 periclitetur.

2355 3187 2824 3245 CONSTITUTIO
2866 3186 3101 3240 LXXIV.

2023 3282 2105 3335 Ne
2134 3292 2256 3335 ante
2314 3282 2599 3349 legitimum
2634 3279 2962 3333 matrimonii
3020 3287 3219 3343 tempus
3250 3276 3449 3345 futuris

2306 3351 2619 3420 conjugibus
2659 3350 3000 3403 benedicatur
3036 3349 3168 3417 (75).

2017 3444 2160 3497 Idem
2188 3444 2489 3514 imperator
2521 3442 2695 3496 eidem
2735 3442 3004 3512 Styliano.

2016 3534 2286 3601 Quoniam
2320 3534 2374 3587 in
2436 3534 2503 3587 iis
2534 3547 2653 3601 qua:
2685 3547 2713 3584 a
2780 3544 2934 3584 sacra
3002 3543 3308 3600 magnaque
3363 3534 3520 3582 sexta

1946 3626 2156 3695 synodo
2176 3624 2241 3678 de
2276 3622 2484 3692 nuptiis
2546 3624 2598 3675 in
2644 3619 3129 3675 duodecentesimo
3166 3616 3279 3689 (76)
3311 3631 3522 3671 canone

1946 3716 2358 3785 praecipiuntur,
2398 3713 2655 3784 quiddam
2710 3713 2889 3767 civilis
2937 3712 3080 3780 juris
3112 3712 3331 3781 placitis
3380 3724 3520 3765 con-

1928 3809 2177 3863 trarium
2225 3790 2490 3863 exsistere
2518 3806 2731 3860 videtur
2792 3804 3063 3876 (synodus
3108 3805 3252 3859 enim
3291 3804 3400 3873 (77)
3452 3820 3521 3858 ne

1945 3912 2173 3967 sponsa,
2220 3898 2434 3952 vivente
2496 3896 2673 3949 adhuc
2710 3910 2937 3963 sponso,
2999 3896 3051 3948 in
3107 3896 3519 3949 matrimonium

1946 3990 2099 4043 alteri
2134 3987 2522 4057 conjungatur,
2553 3988 2607 4040 in
2638 3988 2957 4040 universum
2989 3985 3261 4055 prohibet,
3289 4001 3522 4056 eamque

1946 4097 2057 4138 rem
2086 4096 2184 4151 pro
2239 4079 2511 4133 adulterio
2562 4078 2673 4149 (78)
2732 4077 2931 4131 habet:
2978 4077 3153 4131 civilis
3215 4086 3398 4143 autem
3435 4077 3520 4130 lex

1947 4176 2057 4245 (79)
2092 4188 2435 4243 nequaquam
2462 4174 2624 4226 talem
2646 4170 3070 4225 dissolutionem
3117 4185 3372 4238 maguum
3419 4171 3519 4225 ali-

1942 4277 2075 4338 quot
2108 4281 2233 4322 csse
2263 4266 2472 4319 crimen
2525 4264 2769 4333 judicat:
2839 4264 2932 4318 sed
2969 4264 3013 4317 si
3074 4266 3344 4317 maturius
3402 4262 3516 4333 (80)

1942 4375 2106 4429 quam
2150 4374 2249 4428 pro
2280 4356 2600 4411 connubiali
2640 4365 2885 4424 tempore
2945 4354 3208 4409 solemnis
3253 4354 3516 4424 nuptialis

1945 4450 2258 4506 benedictio
2284 4450 2617 4513 celebretur,
2644 4448 2696 4501 in
2718 4449 2875 4521 ,‘solis
2928 4447 3132 4510 arrhis,
3167 4455 3221 4501 et
3248 4447 3516 4516 quidquid

249 4540 342 4592 ἐπ’
375 4542 549 4611 αὐτῆς
591 4542 958 4612 νενομισμένη
984 4542 1369 4611 τελεσθήσεται
1407 4543 1671 4614 εὐλογία).
1709 4545 1834 4598 ἐπεὶ
1868 4564 1910 4619 ι)

1945 4558 2125 4613 paruae
2180 4542 2407 4595 nomine
2460 4539 2797 4609 promissum
2859 4538 3043 4605 fuerit,
3108 4536 3512 4607 dependendis,

1525 4702 1759 4757 VARIIE
1813 4698 2220 4758 LECTIONES.

345 4846 392 4877 ³⁸
427 4845 601 4899 Codd.
637 4847 854 4915 τρόπον.
897 4845 1219 4900 Emendavit
1252 4844 1440 4910 Steph.

246 4918 438 4970 κανόνι
471 4919 529 4968 ἐν
580 4914 713 4977 τηις.
750 4914 1187 4970 Ιίιιιοιιιιιινριιιιιι
1229 4918 1384 4987 Agyl.
1446 4926 1500 4971 et
1534 4916 1694 4971 Beck.

1566 4846 1607 4879 ³⁹
1639 4847 1723 4900 Cl.
1751 4846 1889 4901 intra
1921 4845 2158 4902 Constit.

2222 4842 2354 4898 CIX.
2396 4842 2506 4896 lmo
2531 4857 2579 4895 c.
2632 4842 2719 4896 98.
2839 4843 2883 4874 ⁸ο
2908 4843 3079 4897 Codd.
3107 4844 3198 4897 καὶ
3225 4844 3282 4896 ἐν
3311 4843 3389 4914 τῷ
3426 4842 3498 4906 ςθ

1802 5056 2031 5111 NOTAE.

242 5209 299 5262 in
336 5205 492 5257 'I‘rul.
526 5205 729 5273 Synod.
757 5205 808 5265 7,
838 5218 959 5270 cap.
995 5202 1061 5256 l9
1088 5213 1139 5255 et
1168 5201 1257 5258 ‘20.
1291 5201 1381 5255 ubi
1412 5200 1478 5252 de.
1513 5199 1827 5268 duplicibus

244 5275 623 5330 monasteriis.
646 5273 857 5329 Novell.
890 5274 1014 5337 123,
1046 5288 1170 5341 cup.
1205 5273 1294 5323 Titi.

312 5346 427 5416 (69)
456 5345 756 5414 ’λ’περῷον.
786 5336 1247 5416 Domuseditiorc
1272 5343 1389 5394 loco
1413 5342 1587 5407 posita
1611 5340 1666 5403 9.,
1693 5336 1829 5391 "ar-

240 5414 468 5485 mennp.
494 5418 548 5479 4,
573 5415 625 5482 5,
658 5416 725 5469 27
754 5423 808 5468 et
832 5416 920 5480 44,
957 5414 1047 5477 46,
1082 5417 1171 5466 96.

312 5482 427 5555 (70)
451 5486 872 5555 Κατηχούμενα,
898 5496 956 5539 ut
980 5486 1125 5555 intra
1161 5486 1282 5538 eod.
1309 5482 1824 5536 catechumenorum

243 5554 591 5626 mansiones.
624 5559 656 5610 6
684 5558 877 5626 synod.
907 5572 1030 5625 cap.
1075 5554 1165 5608 98.

314 5627 432 5695 (71)
462 5628 517 5680 In
556 5625 765 5681 Trullo.

313 5698 437 5767 (72)
470 5695 702 5768 S-zt‘img.
728 5698 837 5751 hic.

313 5763 430 5837 (73)
460 5763 797 5823 Clericdrum
853 5775 957 5832 cst,
1005 5764 1342 5834 καθαίρεσις,
1379 5763 1446 5819 de.
1472 5779 1577 5835 qua
1611 5776 1777 5834 supra
1827 5777 1839 5815 ι

238 5840 640 5897 monachorum
689 5849 742 5896 ct
794 5839 1058 5895 laicorum
1097 5837 1423 5909 ἁφορισμός.

2012 5200 2124 5269 (74)
2169 5199 2254 5251 Ἑν
2302 5200 2413 5259 τοῖς
2463 5195 2785 5269 λεγομένοις
2851 5189 3283 5269 κατηχούμενοις
3338 5192 3506 5242 οίκεῖν

1940 5262 2169 5336 Scriuig.
2197 5277 2252 5320 ut
2284 5283 2447 5336 supra
2478 5262 2607 5320 cod.
2634 5262 3051 5336 κατηχούμενοι.

2017 5329 2148 5403 (75)"
2182 5329 2545 5389 Bcnedicendi
2597 5329 2924 5402 conjugibus
2982 5348 3188 5386 morem
3254 5329 3507 5384 observa.

1944 5404 2098 5458 Adde
2125 5405 2332 5460 Novell.
2366 5406 2455 5468 89,
2488 5404 2584 5458 inf.
2621 5406 2747 5458 cod.

2010 5478 2120 5547 (76)
2156 5476 2310 5543 Στηὼ
2343 5465 2573 5547 Smjimg.
2612 5470 2896 5547 legendum
2931 5474 3017 5538 ιιη¹
3059 5470 3113 5526 id
3146 5476 3250 5533 est,
3286 5465 3376 5521 98.

2012 5540 2125 5614 (77')
2164 5540 2328 5599 Scita
2369 5545 2490 5596 scil.
2529 5540 2583 5595 il.
2624 5556 2674 5594 c.
2710 5540 2799 5595 99.

2013 5606 2123 5686 (78)
2170 5615 2505 5669 Adulterium
2571 5614 2861 5686 sententiae
2899 5619 3068 5686 sexta
3105 5606 3302 5681 synodi
3353 5617 3511 5661 com-

1943 5681 2130 5751 mittit,
2166 5687 2256 5753 qui
2299 5686 2523 5737 alterius
2546 5696 2805 5753 sponsam
2831 5681 3002 5738 ducit.

2017 5757 2127 5823 (79)
2162 5752 2222 5809 L.
2260 5756 2308 5814 l.
2335 5756 2388 5816 ν,
2420 5754 2472 5806 5.
2504 5770 2551 5806 c.
2588 5752 2663 5806 De
2697 5768 2874 5821 sporta.

2020 5830 2129 5896 (so)
2164 5826 2276 5882 \‘id.
2327 5825 2379 5876 ni
2420 5825 2451 5879 l.
2489 5825 2539 5877 ε.
