4248 6442
243 406 358 472 585

1341 406 1701 471 ΝΟνΕἹιΙΛζ
1737 405 2406 469 CONSTITU’I‘IONES.

3389 411 3488 472 586

319 517 510 589 Ἡμεῖς
544 517 639 574 οὖν
690 521 1000 592 κελεύομεν,
1059 524 1154 577 τοῦ
1198 525 1812 597 ψευδομαρτυρήσαντος
1843 528 1893 585 Α
1988 524 1996 576 1

1843 528 1893 585 Α
1988 523 2094 579 Nos
2129 527 2289 595 igitur
2314 526 2591 594 jubemus,
2627 524 2978 593 utqut'juratt'
3015 523 3211 577 falsum
3245 523 3492 576 testimo-

239 609 488 680 ἐνορκίου
540 611 844 680 γινομένου,
878 613 985 666 εἴτε
1020 615 1359 683 χρηματικδν
1400 615 1460 666 τὸ
1486 615 1656 668 αἴτιον
1705 617 1813 668 εῖτε

240 697 672 771 ἐγκληματικὸν,
692 701 1070 772 καθαιρεῖσθαι
1094 704 1218 766 τοὺς
1242 704 1487 772 άνιέρους
1507 703 1816 774 ψευδομάρ-

240 809 437 864 τυρας,
473 793 522 846 εί
572 791 618 847 δ’
647 796 805 864 ὅρκος
846 793 946 846 οὐκ
1013 793 1169 864 ὤφθη
1217 793 1279 846 τὸ
1315 793 1818 865 ψευδομαρτύρημα

245 885 588 956 συγκροτῶν,
629 885 985 956 ἀφορίζεσθαι
1041 888 1138 958 μὲν
1194 886 1287 940 ἐπὶ
1342 888 1518 956 τρισὶν
1555 888 1818 948 ἐνιαυτοῖς

242 981 374 1043 τοὺς
401 979 664 1051 ἀληθείας
693 980 984 1050 σεμνότητι
1007 979 1066 1033 τὸ
1097 979 1291 1047 ψεῦδος
1308 980 1525 1033 ἐνδῦσαι
1555 995 1821 1050 πειρασα-

248 1073 446 1141 μένους
477 1071 589 1142 (τὸν
618 1071 661 1126 δ’
712 1073 1016 1143 ἀφορισμὸν
1045 1072 1200 1142 δῆλον
1235 1073 1316 1126 ὅτι
1350 1071 1735 1142 μοναστήριον,
1766 1073 1822 1123 ἐν

242 1157 288 1232 ᾧ
317 1163 504 1234 δεήσει
533 1163 728 1228 αὐτοὺς
769 1165 866 1218 σὺν
911 1165 1132 1235 ἀκριϐεῖ
1171 1163 1417 1235 πολιτείᾳ
1446 1163 1675 1232 διάγειν,
1722 1165 1821 1233 ἐμ-

246 1253 694 1325 πιστευθήσεται)
720 1271 731 1286 ·
779 1257 873 1309 καὶ
902 1255 1003 1324 τῆς
1034 1255 1127 1308 ἐπὶ
1156 1255 1233 1327 τῷ
1265 1255 1625 1325 ἁμαρτήματι
1655 1270 1822 1326 προσ-

244 1346 491 1417 ηκούσης
525 1347 810 1417 μετανοίας
843 1347 1218 1420 γεγενημένης
1243 1349 1319 1413 είς
1345 1347 1444 1419 τὴν
1470 1348 1674 1403 οίκείαν
1728 1348 1823 1402 aii-

247 1439 377 1502 τοὺς
409 1438 564 1503 τάξιν
593 1439 1085 1494 ἀποκαθίστασθαι.

763 1528 1075 1587 ΔΙΑΤΛΞΙΣ
1108 1534 1205 1586 ΟΖ⁹
1230 1533 1292 1590 ⁸⁸.

675 1621 815 1690 Περί
842 1625 1338 1692 πλαστοπφαφίας
1361 1625 1424 1679 ⁸⁵⁷.

338 1712 396 1765 '0
426 1711 589 1775 αὐτὸς
615 1712 867 1782 βασιλεὺς
889 1713 1160 1784 Στυλιανῷ
1174 1715 1252 1786 τῷ
1282 1716 1452 1787 αὐτῷ.

337 1803 426 1857 Ἐν
483 1803 698 1867 πολλοῖς
759 1805 858 1876 μὲν
896 1807 990 1859 καὶ
1023 1807 1222 1871 ἄλλοις,
1276 1808 1508 1878 μάλιστα
1562 1807 1618 1861 δέ
1660 1807 1716 1859 ἐν
1750 1805 1826 1876 τῷ

254 1895 473 1966 νομίμῳ
502 1893 688 1967 ἐδάφει
719 1897 818 1950 οὐκ
843 1897 1176 1967 ἀνέγκλητον
1205 1899 1238 1970 ὴ
1268 1901 1522 1970 ἀσάφεια.
1559 1901 1649 1951 Δεῖ
1690 1899 1819 1969 γὰρ,

250 1981 432 2057 οἶμαι,
475 1989 526 2042 εῐ
557 2005 658 2042 που
712 1988 806 2042 καὶ
838 1987 1020 2042 ἄλλοθί
1053 2007 1178 2054 που,
1231 1994 1449 2057 σκολιᾶς
1489 1991 1824 2052 διαπλάσεως

253 2081 508 2149 ἀμοιρεῖν
538 2079 630 2133 τὸν
656 2080 813 2150 λόγον
842 2081 937 2136 καὶ
973 2081 1107 2152 πρὸς
1132 2082 1190 2136 τὸ
1229 2085 1357 2138 εὐθὺ
1409 2082 1825 2153 ἐναρμόζεσθαι.

256 2170 334 2222 Οὐ
363 2173 470 2241 γὰρ
499 2172 769 2242 μυστήρια
797 2172 889 2226 τοῦ
932 2171 1099 2242 νόμου
1145 2175 1212 2226 τά
1242 2174 1465 2242 θέσμια,
1507 2173 1644 2225 ὥστε
1697 2172 1826 2224 ἀναο

255 2263 456 2330 χωρεῖν
491 2260 628 2314 αὑτά
648 2263 744 2330 τῆς
762 2263 869 2315 τῶν
899 2263 1109 2315 πολλῶν
1141 2262 1521 2332 καταλήψεως,
1551 2263 1663 2314 ἀλλ’
1690 2263 1740 2312 εἴ
1768 2278 1829 2327 γε

254 2347 370 2405 οἷόν
397 2369 457 2405 τε
481 2349 566 2424 ἦν,
594 2354 760 2425 ἐχρῆν
788 2355 993 2425 μηδένα
1021 2354 1304 2409 λανθάνειν
1325 2356 1516 2421 ταῦτα,
1545 2354 1618 2425 μὴ
1639 2353 1828 2423 ἄνδρα,

261 2447 338 2519 μὴ
379 2447 567 2513 παῖδα,
601 2445 677 2517 μὴ
699 2447 943 2516 γύναιον,
974 2447 1048 2510 ὡς
1088 2445 1324 2516 μάλιστα
1372 2445 1564 2499 τούτου
1595 2447 1662 2514 τῇ
1696 2444 1831 2513 πρὸς

257 2540 321 2592 τὸ
369 2538 595 2608 ἄμεινον
623 2539 732 2591 τῶν
764 2536 1068 2608 ἀνθρώπων
1126 2537 1316 2609 ἀγωγῇ
1351 2538 1442 2591 καὶ
1476 2539 1542 2607 τῇ
1588 2535 1683 2588 τοῦ
1718 2536 1831 2605 βίου

259 2629 568 2701 λυσιτελείᾳ
600 2629 1183 2699 συνεπιλαμδάνοντος.
1222 2627 1320 2681 Διά
1362 2625 1521 2679 τοῦτο
1556 2627 1685 2696 ἡμῖν
1716 2626 1832 2678 κατ’

258 2724 439 2776 ἐκεῖνο
479 2722 539 2775 τδ
578 2722 740 2793 μέρος
773 2721 817 2752 ⁸⁸
854 2721 959 2774 τῶν
990 2720 1243 2790 νομίμων
1292 2719 1621 2789 ἐπιστήσασι
1674 2734 1836 2786 κεφαο

260 2817 452 2881 λαίων,
484 2815 542 2868 ἐν
579 2811 624 2883 ᾧ
655 2814 864 2881 λέξεσιν
896 2814 1108 2877 αὑταῖς,
1146 2811 1334 2883 ὥσπερ
1375 2813 1460 2865 ἐπ’
1493 2811 1641 2882 αὐτῷ
1665 2812 1836 2880 τούτῳ

262 2907 361 2962 τοῦ
379 2907 671 2978 νομοθέτου
700 2906 884 2960 λαθεῖν
916 2905 1207 2976 ζητοῦντος
1237 2903 1264 2957 ὅ
1294 2921 1344 2957 τι
1375 2904 1468 2957 καὶ
1504 2903 1674 2969 λέγοι,
1695 2902 1837 2956 οὕτω

263 3000 598 3068 διείληπται·
641 3000 669 3052 ό
703 2998 1123 3067 πλαστογράφος
1150 2996 1242 3048 ἐπὶ
1293 2994 1538 3067 μεγίστῳ
1589 2993 1837 3063 ἁμαρτή-

270 3107 401 3161 ματι
426 3088 822 3160 ἀποτέμνεται·
849 3087 1038 3140 τούτου
1061 3087 1124 3157 δή
1155 3086 1246 3138 τοῦ
1279 3085 1536 3155 μεγίστου
1587 3083 1836 3154 ἁμαρτή-

270 3199 461 3252 ματος,
517 3181 696 3235 ὁποῖόν
753 3188 882 3232 ποτε
932 3180 1028 3233 καὶ
1087 3179 1388 3246 ὑπείληφεν
1448 3179 1476 3230 ὁ
1536 3176 1838 3246 νομοθέτης

267 3273 403 3329 αὐτὸ
436 3273 502 3339 ⁸³,
544 3272 741 3343 ἀδήλου
769 3270 919 3334 ὄντος
968 3269 1224 3340 καὶπρὸς
1263 3269 1322 3322 τὸ
1373 3269 1622 3339 ἀόριστον
1645 3267 1840 3321 ἀποτέ-

273 3383 500 3437 μνοντας
552 3364 646 3418 τὸν
675 3364 827 3417 νοῦνο
883 3363 1197 3432 συνείδομεν
1229 3363 1382 3415 αὐτοὶ
1415 3361 1562 3430 σαφῆ
1599 3378 1720 3415 τινα
1751 3361 1842 3413 καὶ

268 3455 585 3528 ὡρισμένην
614 3455 690 3526 τῷ
710 3455 852 3526 λόγῳ
876 3455 1057 3508 δοῦναι
1093 3453 1295 3524 χώραν.

341 3633 682 3705 Θεσπίζομεν
736 3634 780 3666 ⁵⁸
815 3632 994 3685 τοίνυν
1027 3632 1119 3685 τὸν
1180 3630 1405 3684 τοιαῦτα
1459 3646 1582 3684 τινα
1617 3631 1844 3681 πλαστο-

271 3729 658 3800 γραφήσαντα,
679 3726 746 3780 δι’
769 3720 846 3781 ὧν
871 3725 932 3778 τὸ
963 3723 1448 3794 πλαστογράφημα
1506 3722 1659 3791 ίσχὺν
1702 3721 1844 3790 λαμο

275 3825 431 3879 ϐάνει
482 3821 695 3890 θανάτῳ
730 3817 962 3886 ὑπάγειν
992 3817 1080 3870 τὸν
1129 3816 1172 3847 ⁸¹
1212 3815 1333 3870 καθ’
1393 3810 1454 3868 οὗ
1482 3813 1843 3882 συνεπλάσθη,

274 3917 441 3971 αὑτὸν
476 3912 901 3986 πιραδιδόμενον
923 3912 968 3942 ⁸²
1002 3912 1068 3981 τῇ
1097 3907 1360 3980 τιμωρίᾳ,
1395 3909 1462 3978 ἢν
1499 3907 1621 3961 καθ’
1659 3906 1844 3976 ἐτέρου

275 4003 550 4073 ἐσκέψατο
576 4001 1023 4071 παλαμήσασθαι,
1055 3996 1476 4067 ἀποτέμνεσθαι.

820 4091 1128 4145 ΔΙΑΤΛΞΙΣ
1164 4085 1290 4146 OH'.

279 4187 420 4258 "api
450 4185 558 4242 τοῦ
603 4184 940 4258 ἀθετεῖσθαι
976 4184 1083 4258 τὸν⁴
1118 4180 1442 4258 είσιίγοντα
1489 4182 1676 4249 νόμον
1701 4180 1849 4246 πρὸς

629 4253 988 4326 νομοθεσίαν
1003 4251 1117 4319 τὴν
1133 4253 1498 4321 σύγκλητον.

362 4351 425 4403 'U
458 4347 618 4410 αὐτὸς
647 4345 899 4417 βασιλεὺς
929 4343 1200 4414 Στυλιανῷ
1230 4343 1498 4414 τῷαύτῷ.

1921 619 2095 677 nium,
2129 618 2241 668 sive
2273 619 2326 667 iu
2353 629 2517 670 causa
2571 613 2863 676 criminali,
2909 616 3023 668 sive
3053 612 3366 682 pecuniaria
3405 617 3495 665 tu-

1922 707 2102 768 lerint,
2129 705 2340 774 profani
2378 706 2448 758 illi
2491 721 2519 758 a
2556 704 2864 761 sacerdotio
2907 704 3276 772 abspellantur
3312 725 3321 757 :
3360 712 3413 755 at
3448 705 3494 757 si

1922 795 1986 846 ad
2011 794 2202 847 falsum
2237 794 2606 848 testimonium
2630 793 3014 864 jusjurandum
3042 809 3144 847 non
3179 795 3492 857 accesserit,

1921 888 2012 956 qui
2046 886 2240 941 falsum
2271 888 2517 942 veritatis
2581 890 2758 956 specie
2790 887 3044 958 obtegere
3098 887 3278 941 conati
3344 898 3493 951 sunt,

1923 979 1980 1031 in
2014 979 2310 1033 triennium
2361 978 2473 1050 (89)
2528 978 2836 1050 relegentur
2892 977 3188 1049 (relegandi
3230 986 3408 1032 autem
3439 981 3494 1033 in

1923 1070 2312 1124 monasterium
2369 1070 2588 1141 aliquod
2620 1079 2802 1136 erunt,
2840 1072 2929 1126 ubi
2965 1071 3084 1126 illos
3109 1071 3175 1126 ad
3207 1075 3496 1127 arctiorem

1924 1163 2045 1216 vita:
2075 1162 2361 1231 quamdam
2392 1180 2636 1218 normam
2659 1165 2841 1220 vivere
2862 1164 3180 1235 oportebit),
3205 1164 3498 1234 delictique

1923 1254 2267 1308 eonvenienti
2315 1257 2634 1323 pmnilenlia
2673 1256 2839 1322 facta,
2887 1255 2938 1310 in
2995 1257 3284 1325 pristinum
3336 1271 3496 1314 suum

1928 1346 2293 1399 restituantur
2317 1351 2544 1400 statum.

2337 1525 2805 1583 CONSTITUTIO
2834 1526 3088 1582 LXXVII.

2315 1619 2388 1674 De
2416 1603 2763 1687 falsariorum
2797 1638 2946 1689 pwua
2978 1621 3110 1692 (90).

2001 1709 2143 1765 Idem
2175 1711 2473 1780 imperator
2499 1711 2673 1766 eidem
2704 1712 2972 1782 Styliano.

1999 1805 2134 1859 Cum
2163 1805 2216 1858 in
2246 1804 2518 1874 plerisque
2575 1804 2720 1867 aliis,
2755 1811 2868 1857 tum
2923 1805 3193 1875 prmcipue
3236 1805 3289 1858 in
3324 1805 3500 1874 legum

1929 1895 2253 1950 tractatibus
2315 1893 2757 1964 reprehendenda
2819 1895 3130 1951 obscuritas
3195 1901 3298 1949 est.
3365 1893 3500 1948 Nam

1931 1992 2101 2047 sicubi
2134 1990 2285 2057 alibi,
2324 1991 2436 2044 illic
2453 1999 2600 2044 certe
2629 1989 2860 2043 distorto
2891 1990 3258 2057 intricatoque
3284 1987 3502 2042 dicendi

1931 2096 2127 2151 genere
2167 2094 2378 2143 vacare,
2413 2089 2667 2147 recteque
2701 2080 2982 2133 informari
3011 2080 3260 2133 oratione
3286 2081 3364 2147 (ni
3399 2078 3501 2131 fal-

1933 2170 2036 2240 lor)
2067 2177 2278 2235 oportet
2313 2185 2325 2221 :
2355 2183 2462 2221 non
2484 2167 2628 2222 enim
2659 2182 2876 2221 arcana:
2910 2167 3156 2235 illimtlam
3189 2166 3503 2222 sanctiones

1932 2263 2064 2332 legis
2092 2269 2240 2325 sunt,
2269 2269 2326 2314 ut
2368 2277 2395 2313 a
2421 2262 2784 2314 multitudinis
2815 2261 3092 2314 intellectu
3133 2267 3353 2314 remota:
3384 2275 3505 2314 esse

1933 2354 2164 2408 debeant
2199 2371 2210 2407 ι
2242 2352 2332 2406 sed
2366 2353 2568 2422 potius,
2598 2354 2641 2405 si
2671 2352 2783 2406 fieri
2852 2361 3055 2420 posset,
3094 2352 3364 2406 neminem
3411 2351 3503 2404 illa

1935 2445 2140 2516 (ιιι-ιη)
2183 2445 2364 2509 latere,
2403 2459 2577 2512 neque
2620 2447 2818 2506 virum,
2869 2458 3044 2512 neque
3064 2458 3507 2512 puerum,neque

1935 2538 2215 2592 mulierem
2241 2535 2548 2606 oportebat.
2602 2536 2813 2606 Quippe
2857 2534 3000 2604 quod
3034 2535 3085 2588 id
3119 2535 3185 2589 ad
3222 2535 3507 2589 hominum

1936 2643 2115 2682 mores
2147 2627 2199 2680 in
2231 2628 2423 2682 melius
2454 2627 2873 2691 convertendos,
2933 2627 3351 2695 communisque
3383 2627 3504 2680 vitae

1937 2720 2199 2774 utilitates
2225 2719 2307 2774 vel
2339 2720 2571 2773 maxime
2594 2719 2944 2774 conduceret.
2971 2719 3053 2773 0b
3087 2718 3138 2772 id
3165 2735 3286 2772 eum
3310 2718 3374 2772 ad
3401 2718 3507 2771 dii-

1941 2811 2135 2866 llcilcm
2185 2813 2335 2865 illum
2387 2811 2640 2882 legalium
2672 2811 2916 2881 capitum
2942 2812 3121 2865 locum
3160 2810 3507 2865 substitisse-

1939 2919 2083 2969 mus,
2133 2904 2220 2958 ubi
2273 2906 2404 2974 ipsis
2462 2903 2666 2968 verbis,
2691 2903 2846 2973 quasi
2890 2903 3167 2972 legislator
3197 2902 3250 2955 in
3283 2917 3347 2955 eo
3373 2901 3505 2971 quid

1941 2997 2146 3052 diceret
2212 2997 2488 3052 occultare
2565 2996 2826 3049 voluisset
2900 2995 2973 3048 ita
3055 2993 3511 3063 comprehensum

1942 3098 2026 3146 est
2056 3107 2069 3145 :
2108 3089 2391 3144 Falsarius
2417 3091 2472 3142 in
2500 3090 2732 3142 maxime
2760 3087 2949 3142 delicto
2991 3087 3244 3154 supplicio
3300 3085 3518 3153 capitali

1948 3181 2172 3250 aﬁicilur
2200 3197 2218 3232 :
2248 3195 2372 3233 cum
2415 3178 2575 3246 quale
2644 3178 2863 3230 tandem
2900 3176 3199 3228 maximum
3223 3174 3353 3228 illud
3381 3173 3518 3227 deli-

1948 3281 2092 3324 ctum
2115 3285 2236 3325 esse
2264 3270 2544 3338 legislator
2579 3269 2695 3336 ipse
2742 3266 3095 3327 existimarit,
3127 3281 3232 3318 non
3281 3271 3516 3325 constet,

1949 3362 2147 3430 illeque
2177 3361 2295 3428 ejus
2336 3362 2414 3414 rei
2452 3361 2784 3413 intellectum
2843 3375 2952 3411 non
3000 3357 3289 3411 delinitunt
3323 3357 3514 3425 prwei-

1948 3453 2040 3508 dat
2068 3471 2080 3506 :
2109 3453 2391 3506 evidenter
2409 3461 2460 3506 et
2478 3451 2696 3505 definite
2721 3450 2865 3503 illam
2898 3452 3201 3505 orationem
3230 3451 3522 3520 explanare

1949 3545 2110 3600 nubis
2136 3543 2310 3598 visum
2346 3544 2462 3595 fuit.

2021 3635 2309 3690 Sancimus
2331 3635 2518 3706 igitur,
2553 3643 2611 3688 ut
2645 3635 2689 3690 si
2721 3635 3028 3689 istiusmodi
3066 3635 3315 3704 qumdam
3351 3633 3518 3688 falsa-~

1950 3731 2066 3786 rius
2090 3729 2502 3798 conscripserit,
2528 3743 2593 3782 ex
2628 3728 2740 3798 (95)
2769 3729 2970 3799 quibus
2999 3730 3042 3783 is
3071 3729 3334 3783 adversus
3362 3743 3522 3797 quem

1952 3823 2148 3878 falsum
2201 3822 2464 3890 scriptum
2513 3821 2903 3876 concinnatum
2949 3831 3055 3886 est,
3102 3822 3294 3875 mortis
3353 3836 3524 3890 penne

1952 3912 2324 3982 subjiciendus
2381 3914 2451 3966 sit
2492 3933 2503 3965 :
2547 3913 2663 3981 ipse
2718 3913 2972 3967 lalsarius
3021 3929 3193 3981 pinna:
3239 3929 3402 3983 quam
3471 3913 3524 3966 in
3600 3952 3608 3958 .

1955 4004 2118 4058 alium
2146 4003 2449 4057 machinari
2481 4005 2754 4073 cogitarit,
2789 4003 3025 4057 traditus
3055 4003 3379 4058 decolletur.

2337 4093 2797 4151 CONSTITUTIO
2855 4093 3135 4150 LXXVI".

2167 4187 2247 4242 Ne
2270 4189 2497 4257 amplius
2532 4188 2992 4242 senatusconsulta
3015 4189 3146 4256 ﬁant
3181 4188 3314 4259 (94).

2031 4343 2175 4398 Idem
2206 4344 2504 4412 imperator
2534 4341 2707 4395 eident
2745 4340 3014 4409 Styliano.

355 4443 567 4511 Ὥσπερ
608 4441 703 4493 καὶ
757 4435 1078 4508 ἐφ’ἐτέρων
1127 4430 1201 4490 ὧν
1241 4435 1315 4507 μή
1356 4435 1492 4506 πρὸς
1548 4434 1737 4506 χρείαν
1787 4434 1855 4487 τὰ
1889 4474 1932 4531 D
2030 4452 2032 4468 <

1848 4453 1855 4487 ι
1889 4474 1932 4531 D
2030 4433 2495 4499 Quemadmodum
2530 4444 2583 4488 et
2614 4435 2666 4488 in
2699 4435 2820 4489 aliis
2877 4434 3108 4502 legibus,
3136 4451 3255 4505 qua:
3285 4435 3350 4490 ad
3372 4451 3525 4491 COlli-

282 4535 586 4605 πράγματα
601 4531 894 4585 καθίστατο
911 4529 1150 4599 νόμων¹³
1181 4527 1440 4598 ὤφθημεν
1471 4526 1850 4597 πεποιηκότες,
1889 4526 1920 4531 '

1848 4570 1850 4581 .
1889 4526 1920 4531 '
1962 4541 2179 4580 munem
2212 4542 2387 4581 rerum
2422 4543 2578 4581 usum
2650 4527 2782 4580 nihil
2815 4527 3150 4591 conferrent,
3187 4529 3437 4594 fecimus,
3471 4538 3525 4583 ut

280 4626 532 4682 τουτέστι
560 4623 654 4678 τοῦ
687 4621 918 4694 νομίμου
951 4621 1180 4691 ἐδάφους
1229 4619 1289 4673 τὸ
1322 4619 1573 4691 περιττὸν
1630 4618 1852 4683 ὑπεξαι-

1960 4632 2052 4673 eas
2084 4625 2341 4686 tanquam
2399 4633 2832 4688 supervacaneas
2854 4634 2882 4673 e
2923 4619 3101 4688 legum
3143 4636 3369 4691 corpore
3400 4621 3529 4678 sub-

1547 4758 1782 4813 VARIAS
1823 4756 2223 4814 LECTIONES.

357 4884 405 4917 “
432 4881 545 4937 Ecl.
577 4879 711 4936 Nov.
746 4879 835 4934 '59.
885 4879 928 4912 ³⁷
961 4877 1252 4933 Rubricam
1284 4877 1457 4932 Codd.
1493 4893 1599 4932 non
1653 4879 1853 4947 habent
1911 4874 2208 4947 supplenda
2231 4891 2296 4947 egi
2324 4873 2540 4947 Eeloga.

2650 4871 3125 4942 “Outncsﬁdpog,
3186 4871 3328 4942 quod
3361 4870 3531 4942 _male.

285 4955 332 4987 δ’
373 4952 449 5008 Ita
476 4953 668 5007 'l.uiclt.
704 4959 759 5006 et
810 4947 1031 5005 Mcernt.
1068 4947 1301 5016 Scrimg.
1331 4947 1512 5010 αὑτός.
1590 4948 1634 4980 ⁵⁸
1661 4947 1770 5002 Inc.
1808 4939 2033 5017 Ecloga.
2102 4945 2145 4976 "
2178 4943 2232 4998 In
2263 4942 2426 4999 Basil.
2456 4939 2550 4997 τὸν
2577 4941 2750 4998 deest.
2828 4943 2872 4974 "
2903 4939 3024 4996 Ecl.
3055 4939 3532 5010 παραδίδοσθαι-

283 5026 382 5078 καὶ
407 5020 824 5094 ἀποτέμνεσθαι.
887 5019 932 5052 ⁸³
952 5017 1123 5075 Codd.
1161 5017 1389 5072 καθίστα
1409 5018 1497 5072 τὸν
1519 5019 1700 5088 νόμον.

1790 5161 2025 5217 NOTAE.

362 5285 476 5358 (89)
497 5285 704 5358 §imilis
721 5291 804 5358 est
841 5300 998 5353 paena
1030 5284 1081 5339 in
1117 5281 1250 5339 Nov.
1289 5283 1378 5346 85,
1407 5283 1462 5337 in
1486 5281 1578 5358 iin.

510 5353 650 5429 Falsi
674 5350 1279 5429 crimennon‘se‘mper
1306 5359 1390 5429 est
1413 5350 1644 5429 e_apita_le
1665 5368 1680 5416 ;
1703 5359 1754 5429 et
1778 5351 1853 5429 ita

288 5419 645 5497 abrogatur].
669 5425 760 5489 22,
797 5426 849 5480 in
886 5427 976 5497 lin.
1017 5427 1078 5497 C.
1116 5419 1368 5497 [λέξοι-εἰσ
1393 5419 1681 5497 ;_l.'in__lin_._
1706 5419 1858 5497 il'._[le

290 5489 468 5554 falsis.
501 5496 638 5551 adde
679 5512 801 5566 qua:
828 5496 938 5551 dixi
963 5496 1028 5551 ad
1056 5498 1090 5550 I.
1133 5493 1184 5563 1,
1213 5495 1248 5548 l.
1276 5494 1326 5557 5,
1358 5493 1510 5557 |.22,
1551 5493 1611 5547 C.
1650 5489 1721 5545 De
1755 5491 1858 5544 ial-

364 5637 575 5712 (θετθῇ
610 5634 668 5692 ιι.
708 5637 754 5703 θ,
784 5636 843 5712 C_.
878 5636 953 5712 De
985 5637 1144 5712 legib.

367 5703 482 5778 (‘95)
507 5703 789 5777 Deponens
819 5708 1013 5762 falsum
1041 5710 1092 5762 in
1116 5720 1279 5778 causa
1334 5704 1576 5778 capitali.
1610 5703 1859 5774 capitali-

294 5788 375 5834 ter
408 5775 644 5845 punitur.
670 5779 865 5833 L‘Iarus
901 5779 1122 5849 3,7scnt.
1153 5778 1180 5849 ᾗ
1216 5777 1409 5830 falsum
1436 5775 1489 5849 4,
1531 5791 1579 5827 v.
1612 5791 1679 5849 ex
1711 5789 1860 5828 com-

295 5844 452 5904 muni
487 5850 742 5919 opinione
775 5849 936 5904 refert
963 5844 1559 5904 falsumtestimonium
1595 5844 1858 5900 dicentem

1961 5281 2109 5346 dolo,
2140 5278 2314 5348 capite
2351 5280 2564 5347 puniri;
2612 5277 2677 5330 ad
2707 5275 2792 5332 sui
2819 5275 3190 5348 defensionem
3251 5273 3536 5348 arbitraria

1965 5344 2253 5422 pinnavel
2309 5344 2696 5422 publicatione
2731 5348 2996 5422 bonorum
3033 5357 3086 5402 et
3140 5344 3537 5422 deportatione,

1965 5415 2061 5476 seu
2086 5419 2150 5474 ad
2179 5415 2431 5474 triremes
2462 5419 2838 5485 damnatione;
2897 5420 2948 5470 in
2987 5416 3314 5486 pecuniariis
3336 5415 3537 5486 causis,

1966 5493 2286 5562 plerumque
2339 5506 2432 5543 reo
2455 5490 2691 5562 linguam
2750 5483 3055 5562 ain-putari,
3084 5494 3177 5539 aut
3200 5499 3350 5538 reum
3385 5483 3535 5562 fustif

1969 5553 2080 5632 gari
2119 5578 2132 5624 ;
2166 5553 2277 5632 yid.
2333 5553 2582 5615 cutndeul
2613 5559 2705 5613 ibi.
2762 5553 2904 5613 vers.
2955 5557 3059 5611 Sed
3092 5572 3278 5627 qumro
3323 5569 3440 5622 qum
3472 5553 3535 5606 sit

1971 5630 2139 5702 poma
2164 5630 2306 5702 falsi.

2042 5701 2152 5771 (9‘5)
2210 5701 2698 5771 Senatuseunstilta
2751 5699 2864 5752 liet'i
2925 5697 3325 5771 l'i‘t‘liliilﬂ'ﬂillr‘t
3361 5699 3414 5771 et
3466 5692 3538 5771 ita

1971 5763 2264 5839 subiugatur
2301 5772 2379 5825 tit.
2408 5769 2466 5822 C.
2511 5770 2580 5826 lle
2617 5779 2890 5826 scnatuse.
2923 5763 2956 5824 l.
2985 5767 3036 5832 9,
3089 5769 3141 5823 ii.
3183 5767 3258 5822 De
3291 5763 3452 5844 legib.
3488 5767 3539 5817 et

1971 5851 2240 5900 scnalusc.
