4248 6442
223 400 340 462 589

1339 405 1698 465 ΝυνΕιιλίΕ
1730 405 2404 466 CONS'I‘ITUTIUNES.

3360 400 3503 474 ‘590

222 513 637 581 ὑπερκειμένην
670 513 746 582 τῷ
772 529 828 564 τε
864 515 1225 585 πιπράσκοντι
1273 519 1361 568 καὶ
1389 518 1464 585 τῷ
1487 520 1808 587 ἁγοράζοντι
1840 523 1890 579 Α

1840 523 1890 579 Λ
1916 531 2195 587 segmenta
2231 521 2371 589 (l-S)
2414 520 2843 589 atquet‘rustula,
2869 538 2989 592 quae
3013 522 3303 577 utilitatem
3339 532 3503 591 atque

224 606 617 675 παρεχόμενα,
657 603 829 658 ταῦτα
876 606 939 675 δὴ
1002 608 1324 678 κωλυόμενοι
1378 613 1500 662 τίνα
1555 613 1806 681 εὐπρεπῆ

224 698 407 749 αἰτίαν
456 699 549 749 καὶ
588 696 782 764 φθόνου
817 698 926 749 τῶν
987 700 1247 768 ὑπηκόων
1298 700 1710 772 καθαρεύουσαν
1735 706 1800 772 τῇ

221 788 321 840 τοῦ
366 788 653 856 νομοθέτου
709 790 964 843 συστάσει
1026 791 1069 822 ⁸³
1117 791 1351 862 γνώμης
1398 794 1532 845 Ποία
1578 795 1685 863 γὰρ
1746 796 1811 845 ἐκ

220 882 432 933 τούτων
482 882 617 951 πρὸς
675 884 732 936 τὸ
780 884 1049 955 ὑπερέχον
1107 885 1204 955 τῆς
1264 886 1533 956 βασιλείου
1587 886 1807 957 δόξηςῆ

223 972 600 1045 ἐναντίωσιςῆ
633 976 881 1046 κοινότης
912 976 1162 1047 ἀπαντᾷς

298 1251 414 1303 Οὐκ
439 1250 795 1323 ἀρεσκόμενοι
837 1252 1015 1305 τοίνυν
1045 1252 1122 1323 τῷ
1167 1253 1399 1323 δόγματι
1452 1254 1806 1325 διοριζόμεθα

223 1342 387 1409 ἡμεῖς
418 1343 485 1394 τὰ
517 1343 756 1413 ἁλουργὰ
816 1343 955 1413 μέρη
1012 1346 1105 1396 καὶ
1166 1346 1451 1416 τμήματα,
1506 1362 1808 1416 σεμνοπρε-

227 1434 393 1498 πείας
438 1438 629 1506 μοῖραν
668 1436 1017 1508 παρεχόμενα
1069 1440 1179 1501 τοῖς
1222 1438 1550 1508 ὑπηκόοιςῆ
1613 1440 1805 1510 χρείαν

227 1528 399 1597 ἄλλην
443 1529 543 1580 οὑκ
587 1529 1066 1600 ἀπηγορευμένην,
1116 1530 1209 1583 καὶ
1244 1531 1682 1599 ἁπεμπολεῖσθαι
1712 1532 1807 1585 καὶ

224 1622 619 1691 ἀγοράζεσθαι.
655 1626 746 1676 Δεῖ
776 1625 883 1695 γὰρ
943 1625 1081 1695 μετὰ
1123 1624 1219 1679 τοῦ
1257 1626 1349 1680 καὶ
1381 1628 1555 1688 ἄλλως
1584 1628 1807 1697 εὐεργε-

223 1717 339 1768 τεῖν
366 1714 426 1767 τὸ
465 1714 703 1784 ὑπήκοον
728 1716 863 1786 μηδὲ
894 1718 1333 1789 σεμνοπρεπείας
1380 1720 1596 1789 φθονεῖν
1620 1722 1805 1784 αὐτοῖς

221 1803 322 1874 τὴν
352 1804 651 1875 βασιλείαν.

768 1898 1079 1953 ΔΙΑΤΛΞΙΣ
1137 1900 1260 1955 llA'.

226 1990 367 2059 Περὶ
426 1990 532 2045 τοῦ
590 1989 670 2060 μὴ
701 1989 823 2046 πᾶν
844 1993 924 2065 τὸ
953 1992 1020 2045 ἐκ
1049 1994 1282 2062 χρυσοῦ
1306 1994 1402 2048 καὶ
1425 1997 1612 2050 λίθων
1637 1996 1815 2065 ἔργον

729 2063 1071 2117 κωλύεσθαι
1106 2065 1321 2118 ποιεῖν.

308 2151 369 2205 Ὀ
398 2153 559 2216 αὐτὸς
598 2153 846 2222 βασιλεὺς
892 2156 1167 2227 Στυλιανῷ
1215 2158 1290 2230 τῷ
1326 2160 1493 2231 αὐτῷ.

292 2244 408 2297 Καὶ
454 2245 643 2299 τοῦτον
693 2246 749 2299 δὲ
796 2248 887 2301 τὸν
940 2249 1123 2319 νόμον,
1163 2249 1221 2314 ὂς
1272 2253 1455 2315 ἁπλῶ;
1500 2253 1811 2322 ἀφαιρεῖται

218 2336 319 2407 τὴν
337 2335 588 2401 ἐξουσίαν
612 2336 704 2389 τοῦ
737 2338 800 2389 ὲκ
853 2339 1053 2408 χρυσοῦ
1096 2345 1189 2395 καὶ
1240 2343 1403 2395 λίθων
1443 2344 1577 2415 δρᾷν
1625 2362 1677 2397 τι
1722 2363 1811 2399 κα-

216 2428 608 2496 τασκεύασμα,
671 2427 764 2478 ἐπὶ
825 2429 1006 2496 μόνοις
1074 2431 1131 2484 δὲ
1185 2436 1297 2494 τοῖς
1341 2434 1672 2499 γυναικείοις
1720 2451 1809 2486 κο-

220 2519 405 2589 σμίοις
437 2520 532 2571 καὶ
560 2519 657 2589 τὴν
685 2520 827 2572 οὑτω
886 2522 1231 2593 καλουμένην
1264 2525 1309 2555 ⁸³
1355 2525 1660 2578 δακτυλίων
1711 2526 1809 2595 τὴν

220 2609 569 2679 κατασκευὴν
602 2609 793 2681 ὁρίζει,
826 2612 923 2680 τῆς
979 2612 1150 2681 αὐτῆς
1198 2614 1325 2667 ὄντα
1360 2618 1802 2685 κατανοήσαντες

218 2700 599 2769 προαιρέσεως
649 2700 728 2769 τῷ
780 2701 913 2770 περὶ
962 2702 1277 2774 ἁλουργίδος
1338 2707 1760 2776 διαλαμϐάνοντι
1790 2749 1803 2773 ,

219 2789 301 2851 εἰς
324 2788 427 2857 τὴν
449 2788 620 2859 αὑτὴν
652 2790 847 2861 ἐκείνῳ
862 2793 1044 2861 χώραν
1065 2792 1347 2862 τιθέαμεν.
1381 2796 1454 2846 Oti
1486 2794 1594 2866 γὰρ
1622 2796 1805 2859 ἁπλῶς

218 2880 393 2950 ἐχρῆν
414 2881 513 2951 τὴν
544 2884 607 2935 ἐκ
644 2884 741 2953 τῆς
774 2884 904 2954 ὗλης
925 2884 1020 2938 τοῦ
1055 2885 1256 2955 χρυσοῦ
1282 2888 1545 2957 χορηγίαν
1575 2889 1653 2951 εἰς
1706 2889 1806 2957 τὴν

218 2971 488 3038 ἐργασίαν
536 2972 784 3035 κωλύειν,
816 2974 952 3026 ἀλλὰ
1008 2974 1075 3026 τὰ
1112 2974 1227 3043 εῖδη
1270 2975 1378 3027 τῶν
1430 2974 1629 3045 ἔργων,
1682 2975 1804 3027 ἐπεὶ

219 3061 281 3111 τό
310 3077 375 3128 γε
404 3050 633 3115 καθόλου
654 3064 700 3095 ⁸⁸
725 3066 788 3117 ἐκ
815 3065 1017 3134 χρυσοῦ
1040 3067 1132 3119 καὶ
1160 3064 1307 3117 λίθου
1338 3065 1804 3136 ἀπαγορεύεινὲρ-

216 3151 488 3221 τάζεσθαι
528 3153 811 3221 πλεονεξία
858 3157 1037 3226 σαφής
1087 3155 1133 3187 ⁸⁸
1168 3171 1181 3186 ·
1210 3156 1271 3208 τὸ
1315 3156 1372 3208 δὲ
1424 3157 1518 3208 καὶ
1580 3155 1803 3227 βαρεῖαν

1922 628 2077 665 usum
2109 628 2284 682 neque
2307 614 2555 667 vendenti
2587 628 2763 682 neque
2801 616 3000 667 omenti
3026 614 3501 668 inconvenientem

1922 704 2213 772 prmbeant,
2240 705 2291 755 in
2318 702 2688 757 mercimoniis
2712 718 2833 757 esse
2863 704 3259 772 prohibuerunt
3289 704 3365 775 (4)
3400 722 3413 758 :
3446 703 3502 760 id

1920 809 2047 847 vero
2067 809 2229 863 quam
2261 793 2567 858 honestam,
2592 803 2646 849 et
2678 810 2797 865 quae
2846 794 3192 849 subdilorum
3250 796 3500 851 inviden-

1920 885 1992 939 tia
2018 896 2193 951 vacet,
2228 886 2444 939 illorum
2466 887 2670 954 judicio
2698 886 2994 956 prretendet
3043 888 3311 941 causam?
3364 887 3496 940 Nam

1918 977 2063 1045 quod
2078 985 2171 1031 aut
2197 978 2266 1029 im
2276 976 2561 1046 peratorite
2585 978 2884 1045 maiestatis
2907 978 3230 1033 adversetur
3243 979 3492 1033 eminen-

1918 1074 2025 1137 tiae,
2058 1079 2153 1124 aut
2202 1086 2319 1123 eam
2347 1071 2399 1124 in
2434 1085 2780 1125 communem
2835 1087 2992 1127 usum
3052 1071 3298 1136 devocet,
3358 1073 3490 1141 quid

1918 1180 2096 1233 qmvso
2122 1163 2249 1216 hinc
2276 1164 2541 1218 exsistat?

1990 1253 2100 1309 Nos
2128 1255 2310 1325 itaque
2370 1256 2455 1310 isti
2505 1255 2729 1311 decreto
2771 1269 2876 1308 non
2906 1256 3340 1325 acquiescentes,
3371 1270 3500 1311 con-

1918 1347 2196 1403 stituimus
2228 1358 2281 1400 ut
2321 1363 2565 1415 purpura:
2625 1346 2797 1401 frusta
2857 1356 3021 1415 atque
3081 1347 3347 1417 segmina,
3378 1362 3500 1417 qua:

1920 1440 2331 1511 magniﬁcentia:
2390 1440 2624 1507 speciem
2698 1440 2933 1495 aliumve
3002 1455 3110 1493 non
3166 1439 3496 1509 prohibitum

1918 1546 2076 1585 usum
2123 1528 2354 1584 subditis
2397 1528 2692 1597 pra‘beant,
2729 1541 2834 1582 tam
2902 1528 3122 1584 divendi
3167 1543 3332 1598 quam
3390 1527 3498 1581 emi

1915 1623 2150 1691 possint.
2188 1620 2349 1674 Decet
2371 1623 2513 1673 enim
2550 1620 2955 1689 imperatoriam
2985 1622 3347 1689 majestatem,
3370 1632 3494 1673 cum

1914 1714 2037 1768 aliis
2066 1712 2251 1765 multis
2285 1711 2459 1765 modis
2509 1711 2760 1765 subditos
2813 1709 3089 1765 beneﬁciis
3145 1709 3363 1774 alliciat,
3399 1724 3495 1764 eo-

1916 1806 2162 1860 rumdem
2201 1804 2620 1873 magniﬁcentia:
2653 1820 2718 1856 nc
2751 1803 3013 1857 invideat.

2343 1892 2808 1951 CONSTITU'I‘IO
2835 1891 3069 1946 LXXXI.

1924 1987 2004 2045 Ne
2026 2005 2091 2044 ex
2103 2007 2234 2043 auro
2254 1988 2390 2057 (5-6)
2414 1999 2458 2042 et
2484 1988 2729 2056 pretiosis
2751 1987 2824 2054 (7)
2848 1985 3047 2053 lapillis
3067 1982 3353 2057 quidquam
3379 1998 3499 2038 con-

2164 2054 2331 2130 ﬁcilin
2359 2054 2653 2112 universum
2683 2056 3004 2123 prohibitum
3028 2056 3173 2122 nefas
3209 2054 3300 2107 sil.

1990 2154 2133 2208 Idem
2169 2153 2468 2222 imperator
2497 2150 2673 2205 eidem
2700 2149 2968 2219 Styliano.

1988 2242 2138 2296 llane
2170 2257 2297 2296 vero
2330 2242 2495 2296 etiam
2527 2242 2696 2311 legem
2727 2240 2803 2310 (8)
2827 2254 2947 2308 quae
2984 2237 3190 2291 mtnnlo
3241 2238 3493 2293 muliebri

1916 2334 2243 2403 atmulisque
2280 2333 2525 2403 exceptis
2582 2331 2789 2400 aliquid
2836 2330 2984 2385 aliud
3011 2346 3073 2385 ex
3109 2344 3244 2383 auro
3266 2335 3319 2382 et
3344 2343 3494 2398 gem-

1916 2421 2020 2475 mis
2044 2420 2401 2475 conﬁciendis
2430 2434 2647 2473 onmem
2682 2434 2906 2487 prorsus
2932 2419 3243 2473 facultatem
3279 2418 3493 2478 adimit,

1911 2513 2155 2580 ejusdem
2188 2529 2309 2567 eum
2351 2514 2439 2567 illa
2461 2529 2582 2582 qua:
2596 2512 2663 2567 de
2686 2525 2925 2581 purpura
2957 2517 3154 2564 tractat
3183 2525 3303 2565 esse
3334 2509 3493 2563 insti-

1913 2605 2011 2657 tuti
2076 2603 2597 2665 animadvertentes,
2651 2604 2701 2657 in
2734 2607 2979 2658 eannlem
3009 2615 3228 2670 quoque
3251 2615 3375 2654 cum
3399 2599 3493 2653 illa

1911 2694 2281 2749 conditionem
2318 2693 2659 2761 reponimus.
2716 2691 2831 2745 Non
2890 2692 3035 2745 enim
3079 2689 3405 2759 simpliciter
3427 2704 3496 2743 ex

1910 2789 2029 2839 auri
2061 2786 2286 2838 materia
2333 2785 2631 2854 quidquam
2678 2786 2731 2837 in
2784 2782 3059 2851 epiﬁeium
3101 2781 3357 2852 pra'bcri,
3399 2780 3495 2835 sed

1910 2876 2120 2945 species
2165 2890 2390 2945 operum
2437 2874 2708 2944 prohiberi
2751 2873 3053 2943 oportebat.
3126 2871 3396 2937 Quoniam
3430 2885 3496 2924 ne

1907 2967 2051 3037 quod
2085 2968 2310 3021 omnino
2334 2982 2399 3021 ex
2424 2981 2557 3020 auro
2590 2973 2643 3020 et
2687 2965 2920 3036 gemmis
2952 2978 3091 3032 Oplls
3120 2963 3494 3017 conﬁciat-ve-

1908 3067 2043 3124 tare,
2081 3060 2370 3114 manifesta
2414 3058 2465 3113 id
2490 3074 2548 3114 se
2582 3073 2750 3127 supra
2798 3071 2993 3111 omnes
3028 3054 3291 3109 oll‘erendi
3335 3053 3492 3122 cupi—

1906 3150 2051 3205 ditas
2084 3158 2189 3205 est.
2222 3148 2341 3203 Jam
2376 3165 2508 3204 vero
2555 3149 2701 3220 quod
2759 3148 2823 3202 in
2863 3161 3193 3218 quacunque
3218 3160 3276 3200 re
3321 3145 3491 3215 legem

212 3240 365 3293 οὕτω
400 3240 594 3311 ποινὴν
653 3242 877 3312 ὑπέχειν
919 3243 1011 3297 τὸν
1051 3244 1408 3314 ἁλισκόμενον
1461 3245 1560 3314 ἐφ’
1598 3246 1801 3315 ὁτῳοῦν
1829 3237 1871 3296 C

1843 3237 1871 3296 Β
1906 3255 2283 3313 transgressus
2300 3257 2423 3297 esse
2449 3242 2843 3311 deprehensus,
2880 3249 2989 3293 tam
3026 3254 3244 3308 gravem
3274 3252 3520 3307 pcenam~

216 3325 548 3401 παραϐάντα
570 3332 659 3396 τὸν
699 3333 862 3402 νόμον
906 3334 1073 3405 (φημὶ
1093 3336 1157 3405 δὴ
1216 3337 1314 3408 τὴν
1367 3336 1474 3389 τῶν
1509 3336 1551 3407 ρ’
1606 3338 1804 3409 λιτρῶν

214 3422 432 3477 ικτισιν
466 3425 558 3477 καὶ
588 3424 906 3496 προσθήκην
930 3428 1022 3479 ἐπὶ
1085 3427 1259 3497 τούτῳ
1296 3428 1395 3497 τῆς
1420 3430 1662 3498 κεφαλῆς
1708 3430 1807 3500 τὴν

216 3514 557 3586 ἀφαίρεσιν),
590 3518 673 3580 τίς
716 3517 873 3586 λόγος
925 3518 988 3571 τὸ
1030 3519 1105 3590 μὴ
1148 3520 1269 3589 οὐχὶ
1324 3523 1621 3589 κορυφαῖον
1658 3518 1796 3575 εἶναι

217 3606 401 3673 βιαίου
440 3608 533 3661 τὸν
584 3609 746 3677 νόμον
800 3612 1233 3681 παραιτήσεταις
1272 3612 1344 3663 ὲῶ
1391 3611 1447 3665 δὲ
1487 3612 1587 3683 τὴν
1634 3613 1802 3682 ἄλλην

216 3699 473 3763 ἀτοπίαν,
505 3700 711 3770 ὁπόσην
741 3703 835 3754 καὶ
873 3702 1007 3754 καθ’
1060 3703 1219 3772 ίερῶν
1284 3704 1583 3774 κειμηλίων
1630 3705 1794 3757 ἐνδεί-

217 3804 415 3840 κνυται
452 3788 547 3842 καὶ
578 3789 753 3843 ἄλλων
777 3791 936 3844 τινῶν
969 3792 1002 3861 ή
1040 3793 1271 3863 ἐργασία
1302 3794 1509 3863 ποινῆς.

308 3881 500 3950 Ἡμεῖς
526 3879 619 3936 οὖν
638 3883 978 3955 γινώσκομεν
1001 3886 1098 3956 οὑχ
1117 3885 1301 3950 ἁπλῶς
1333 3887 1635 3941 κωλύεσθαι
1660 3888 1721 3940 τὸ
1746 3889 1807 3941 ἐκ

215 3974 423 4045 χρυδοῦ
448 3976 541 4027 καὶ
570 3976 731 4029 λίθων
755 3977 913 4048 ἔργον
930 3981 1120 4042 ποιεῖν,
1146 3980 1244 4034 ἀλλ
1262 3981 1273 4001 ’
1317 3982 1501 4033 ἐκεῖνα
1536 3983 1603 4033 τὰ
1636 3998 1807 4033 κατα-

217 4068 602 4137 σκευάσματα,
626 4068 660 4122 ἃ
676 4069 856 4139 μόνοις
876 4073 1083 4139 ἐφεῖται
1106 4072 1405 4142 βασιλεῦσι,
1424 4074 1515 4125 καὶ
1536 4067 1610 4126 ὧν
1632 4075 1811 4144 ήχρῆ-

218 4162 306 4220 dt;
319 4155 457 4227 πρὸς
470 4158 562 4210 τὸν
578 4158 740 4228 ὄγκον
760 4161 859 4230 τῆς
872 4160 1147 4229 βασιλείας
1165 4162 1254 4215 καὶ
1274 4162 1373 4232 τὴν
1388 4162 1592 4233 ταύτης
1616 4162 1803 4232 χρείαν

213 4248 341 4317 ὁρᾷ.
366 4247 428 4299 El
462 4247 517 4301 δέ
540 4249 677 4318 τιςῆ
708 4250 987 4319 κειμήλιον
1022 4251 1167 4321 ἱερὸν
1202 4251 1234 4321 ἦ
1272 4251 1461 4321 ἕτερόν
1516 4269 1568 4304 τι
1616 4254 1715 4305 οὐκ
1744 4252 1804 4305 ὃν

1904 3334 2142 3387 sustinet
2170 3338 2411 3402 (centum
2447 3331 2713 3385 librarum
2740 3333 2860 3385 auri
2923 3332 3183 3383 mulctam
3233 3328 3492 3398 quodque

1906 3425 2032 3480 huic
2069 3427 2302 3489 accedit,
2346 3426 2581 3495 capitale
2634 3424 2963 3493 supplicium
3012 3424 3159 3491 dico)
3196 3430 3254 3475 ιιι
3285 3438 3346 3475 ea
3406 3421 3491 3474 lex

1920 3533 2027 3571 non
2053 3533 2281 3571 summa:
2303 3516 2658 3571 immanitatis
2689 3532 2811 3571 esse
2848 3524 3090 3585 putetur,
3124 3530 3231 3583 qna
3274 3520 3492 3569 ratione

1909 3608 2276 3663 devitabitur?
2328 3608 2604 3675 Quantam
2638 3618 2821 3663 autem
2871 3608 3031 3661 aliam
3092 3606 3490 3660 absurditatem

1912 3702 1966 3754 in
1990 3701 2165 3754 sacris
2197 3700 2470 3755 thesauris
2503 3701 2734 3771 aliisque
2766 3700 3047 3756 nonnullis
3080 3701 3243 3755 rebus
3261 3698 3489 3753 eﬂ‘eetus

1915 3807 2090 3861 paena:
2111 3784 2384 3863 designet,
2419 3809 2526 3847 non
2548 3796 2780 3864 attingo.

1989 3884 2104 3938 Non
2146 3887 2330 3955 itaque
2360 3902 2468 3940 non
2494 3887 2819 3956 simpliciter
2850 3902 2989 3957 opus
3023 3887 3240 3957 aliquoo
3263 3901 3325 3940 ex
3355 3900 3489 3941 auro

1916 3988 1968 4033 et
2003 3980 2231 4049 geminis
2262 3978 2479 4043 conﬁci,
2507 3982 2600 4034 sed
2636 3980 2723 4033 illa
2758 3995 2920 4049 Opera
2954 3995 3075 4050 qua:
3092 3980 3221 4034 solis
3249 3980 3486 4049 impera-

1918 4071 2129 4125 toribus
2162 4072 2575 4140 permittuntur,
2639 4086 2989 4141 quorumque
3037 4085 3170 4126 usus
3225 4070 3489 4140 magniﬁ-

1912 4162 2105 4216 centia:
2164 4163 2527 4232 imperatoriae
2583 4163 2909 4230 maiestatis,
2959 4163 3186 4232 ejusque
3244 4162 3486 4216 necessi-

1911 4253 2119 4307 tatibus
2195 4253 2504 4307 destinalus
2559 4254 2676 4319 est“,
2742 4252 3084 4321 prohibenda
3151 4250 3479 4322 iudicamus.

218 4339 499 4411 ίδιωτικῆς
529 4340 686 4406 ἀξίας
720 4344 811 4397 καὶ
857 4343 1022 4415 τιμῆς
1061 4343 1459 4414 ὑπερκείμενον
1514 4344 1559 4375 ⁸⁸
1589 4344 1807 4399 δύναιτο
1838 4354 1883 4414 D

1805 4375 1807 4388 ›
1838 4354 1883 4414 υ
1913 4342 2097 4408 Quare
2130 4344 2176 4398 si
2225 4344 2351 4413 quis
2378 4344 2459 4399 vel
2491 4351 2905 4400 monumentum
2940 4359 3183 4412 sacrum,
3221 4345 3302 4401 vel
3332 4342 3482 4400 aliud

1549 4522 1783 4581 VABUE
1819 4524 2222 4581 LECTIUNES.

289 4664 336 4733 ξι
352 4660 509 4733 Agyl.
572 4664 843 4733 συστήσει.

218 4730 498 4787 καθάπαν.
535 4734 642 4789 Sed
674 4730 806 4788 καθό
840 4735 1123 4805 legendum
1154 4746 1238 4795 est
1272 4737 1519 4793 καθόλου.

932 4666 977 4697 ⁸³
1012 4665 1192 4721 Malim
1244 4667 1349 4721 τῶν
1401 4667 1543 4721 οὑτω
1601 4666 1972 4735 καλουμένων.

1620 4738 1664 4769 ⁸⁸
1686 4737 1762 4791 lta
1794 4736 2059 4795 Zuich.et
2097 4739 2315 4796 Meerm.
2351 4741 2587 4812 Serimg.
2635 4736 2840 4813 σαφῶς.

2065 4670 2111 4700 ⁸⁸
2148 4670 2317 4724 Codd.
2348 4671 2510 4726 καθά.
2539 4670 2727 4740 Steph.
2754 4681 2807 4727 et
2846 4673 3000 4743 Agyl.
3034 4673 3311 4745 καθαρῶς.
3342 4675 3480 4730 Beck

2097 4739 2315 4796 Meerm.
2351 4741 2587 4812 Serimg.
2635 4743 2840 4813 σαφῶς.
2937 4744 2981 4775 ⁸⁸
3010 4743 3181 4800 Codd.
3219 4746 3478 4817 ὑποκείμ.

1729 4905 1963 4963 NOTIE.

290 5056 420 5123 (L3)
442 5054 1091 5133 Tiberinnrwsteriorem
1109 5061 1217 5117 Ced
1228 5078 1388 5119 renus
1406 5063 1591 5119 scribit
1614 5064 1805 5133 permi-

218 5128 359 5202 sisse
378 5141 647 5202 purpurae
664 5127 1034 5194 διδακτυλίους
1060 5132 1221 5202 ὅρνας
1249 5135 1305 5185 ἐν
1328 5137 1446 5196 ταῖς
1474 5127 1688 5197 στολαῖς
1706 5135 1799 5187 αὑ-

218 5196 327 5248 τῶν
352 5196 560 5273 κόσμρυ
587 5197 746 5273 χάριν
763 5203 968 5270 φέρειν·
989 5196 1149 5273 ὅρνας
1169 5204 1473 5273 dixitquasi
1495 5218 1617 5257 oras
1634 5213 1687 5258 et
1705 5220 1798 5257 or-

220 5274 472 5347 naturas.
494 5265 735 5347 Isidorus
762 5265 1063 5347 segmenta,
1085 5274 1270 5347 uthie.
1301 5265 1415 5327 Liv.
1443 5289 1501 5335 ιι,
1526 5274 1797 5347 sancitum

218 5335 545 5411 mulieribus
572 5343 628 5388 ut
662 5335 849 5411 aureis
904 5344 1202 5411 segmentis
1246 5351 1547 5397 uterentur.
1597 5343 1799 5397 Arator

220 5405 456 5482 loquens
479 5405 853 5482 dehpontiﬁeis
904 5405 1092 5466 habitu
1124 5413 1175 5465 in
1209 5412 1393 5467 Exodo
1423 5429 1450 5465 a
1478 5412 1627 5467 Mose
1658 5429 1797 5482 pra:-

216 5472 427 5555 s_cr'ipt0
462 5492 487 5555 Δε
532 5472 1040 5555 ρξιὶ-εερηιριιιαιιιε
1087 5484 1271 5555 vitelliis
1319 5483 1579 5555 altaribus
1634 5472 1796 5537 a'slal.

219 5546 534 5619 segmenta.
562 5546 711 5619 limbi
736 5564 830 5603 seu
869 5551 1090 5614 institze,
1117 5554 1150 5606 Ι.
1178 5553 1267 5618 25,
1301 5570 1352 5609 v.
1388 5557 1436 5615 l,
1458 5553 1512 5605 ll'.
1541 5551 1615 5605 De
1637 5569 1792 5619 auro,

216 5615 358 5669 adde
391 5614 581 5682 Cujae.
610 5614 694 5680 l2,
728 5620 940 5675 observ.
997 5621 1085 5676 25.

218 5685 369 5809 mg!)
395 5683 672 5755 Intelligit,
708 5698 763 5742 ut
787 5692 1013 5761 opinor,
1039 5694 1073 5747 l.
1110 5710 1234 5764 pen.
1260 5695 1321 5751 C.
1364 5693 1439 5750 De
1471 5694 1661 5751 vestib.
1693 5693 1790 5749 bo-

287 5823 430 5894 (5-6)
477 5828 550 5885 Ex
582 5844 712 5885 auro
748 5836 830 5887 vel
885 5835 1135 5905 pretiOsis
1170 5836 1367 5907 lapillis
1412 5837 1617 5911 aliquid
1671 5840 1785 5894 ﬁeri

1913 5068 2263 5142 prohibetur:
2300 5069 2513 5124 videtur
2536 5073 2716 5142 itaque
2746 5086 3002 5127 revocare
3030 5072 3476 5130 constitutionem

1897 5138 2201 5210 Aureliani,
2254 5156 2361 5207 qua
2421 5138 2746 5210 permissum
2795 5143 2992 5206 fuerat,
3024 5152 3083 5195 ut
3143 5146 3326 5199 aureis

3418 5163 3471 5200 ιιι

1900 5162 2201 5201 ιιιιιύιιςιιιι,
2254 5162 2361 5207 (lllil
2421 5162 2746 5210 pL‘l'llllSSlllll
2795 5162 2992 5206 lllCl'al,
3024 5162 3083 5195 ιιι
3143 5162 3326 5199 αυτυιε
3418 5163 3471 5200 ιιι

1900 5207 2096 5261 vellent
2126 5218 2178 5262 et
2212 5212 2416 5263 mensis
2453 5219 2734 5264 uterentur
2761 5218 2812 5264 et
2851 5212 3084 5278 poeulis,
3110 5224 3335 5268 auctore
3373 5162 3471 5269 30-

1941 5279 2071 5350 iseo.
2100 5280 2409 5350 Abrogatur
2442 5290 2621 5335 autem
2658 5282 2739 5334 lex
2790 5282 2975 5347 unica,
3000 5296 3143 5337 vers.
3171 5282 3313 5337 Nulli
3346 5285 3470 5339 cod.

1899 5349 2041 5401 Nulli
2085 5349 2263 5402 livere
2286 5353 2336 5403 in
2366 5352 2555 5403 frenis.

1972 5418 2053 5493 (Ἰ)Δ
2103 5417 2588 5493 Ιέιιρὶιιίηριυιίοεί,
2646 5423 2992 5493 margaritae,
3050 5424 3366 5493 smaragdi,
3420 5432 3476 5479 et

1902 5486 2227 5564 hyaeinthi':
2265 5486 2387 5543 aliis
2428 5492 2573 5543 enim
2606 5486 2834 5560 gemm'is
2861 5494 3035 5558 l‘rena,
3060 5486 3474 5564 equesfresfsel-

1904 5559 1984 5613 las
2019 5565 2071 5611 et
2096 5559 2303 5615 balteos
2331 5576 2529 5615 ornare
2566 5559 2893 5619 permissum
2918 5564 2972 5617 d.
2999 5566 3033 5619 l.
3062 5559 3154 5617 un.

1972 5628 2132 5695 (8)0.
2171 5630 2204 5681 Ι.
2246 5646 2336 5703 tun.
2375 5646 2519 5686 vers.
2566 5628 2709 5685 Nulli
2755 5646 3014 5701 praeterea
3039 5637 3373 5703 privatorum
3412 5634 3476 5689 li-

1898 5707 2019 5821 lecat
2043 5702 2293 5823 eilCli'PllS.
2313 5703 2652 5758 ornamentis
2688 5702 3059 5769 matronalib.,
3093 5716 3198 5761 etc.
3234 5708 3291 5761 (ὲ.
3330 5703 3472 5760 Nulli

1919 5784 2059 5823 icere
2085 5786 2135 5823 ιιι
2181 5786 2345 5823 renis.

1919 5784 2059 5825 ICCI'C
2085 5786 2135 5824 ΙΙΙ
2160 5784 2345 5827 ηὀιιιε.
