4248 6442
790 335 897 402 591

2058 355 2330 418 LEONIS
2359 351 2827 428 PHILOSOPHI

3949 379 4060 446 502

788 455 1049 520 quiddam
1102 458 1245 527 quod
1303 472 1469 530 supra
1505 463 1771 532 privatam
1821 466 2143 538 dignitatem
2173 485 2227 528 ct
2271 475 2426 536 lio-ﬁ

2474 479 2828 552 ἐργάζεσθαι,
2881 486 3215 558 ἀνέγκλητον
3271 490 3370 563 τὴν
3423 491 3516 546 ἐπὶ
3567 493 3643 567 τῷ
3686 494 3833 568 ἔργῳ
3880 499 4060 569 ὲχιτω

790 559 978 599 norem
1002 561 1109 602 non
1141 547 1232 612 sit,
1266 551 1537 608 conﬁcere
1578 556 1799 624 poterit,
1847 557 2072 615 liberam
2118 562 2238 632 ejus
2273 580 2365 620 vo-

798 637 1058 694 luntatem
1090 641 1314 698 babeto.

1201 734 1666 794 CONSTITUTIO
1691 738 1952 797 LXXXII.

1145 825 1563 884 Dte-testamento
1592 831 1864 903 resignato
1903 833 2005 905 (9).

859 985 1002 1042 ldcm
1032 990 1332 1058 imperator
1362 994 1542 1050 eidem
1589 997 1860 1068 Styliano.

861 1077 992 1145 Quae
1047 1079 1279 1139 fortuito
1326 1087 1566 1156 quodam
1621 1106 1750 1148 casu
1782 1095 2132 1168 contingunt,
2173 1111 2365 1155 eorum

789 1169 1058 1234 permulta
1091 1174 1336 1229 nondum
1368 1191 1605 1249 expensa
1624 1181 1881 1241 criminis
1915 1188 2140 1244 nomine
2167 1199 2366 1245 notan-

787 1270 914 1325 tur;
946 1277 1065 1330 qua:
1089 1266 1280 1323 eadem
1314 1273 1627 1329 accuratius
1663 1277 2014 1345 postmodum
2056 1291 2364 1354 perspecta,

2471 576 2813 648 προαίρεσιν.

2995 759 3306 815 ΔΙΑΤΔΞΙΣ
3338 761 3522 818 ΠΒ¹⁶⁷.

2471 840 2607 911 Περὶ
2649 842 2759 912 τῆς
2799 845 3219 918 ἀσφραγίστου
3254 849 3548 919 διαθήκης
3581 851 3746 923 παρὰ
3783 853 3892 909 τοῦ
3922 853 4037 922 ἆρ-

3136 936 3377 988 χον-τος.

2551 1005 2607 1058 ’U
2636 1005 2798 1071 αὑτὸς
2830 1006 3083 1078 βασιλεὺς
3103 1009 3382 1082 Στυλιανῷ
3411 1013 3492 1084 τῷ
3513 1012 3686 1085 αὑτῷ.

2540 1095 2716 1152 Πολλὰ
2747 1095 2855 1151 τῶν
2882 1099 3226 1170 πραγμάτων
3255 1100 3399 1156 κατά
3444 1119 3566 1157 τινα
3601 1104 3774 1176 τύχης
3815 1107 4054 1176 περιπέ-

2467 1203 2619 1241 τειαν
2645 1189 2724 1254 είς
2742 1189 2956 1258 γένεσιν
2984 1190 3187 1260 ἥκοντα
3224 1191 3572 1266 ἀϐασανίστῳ
3595 1197 3694 1266 μὲν
3741 1198 3919 1268 κρίσει
3969 1199 4056 1252 αί-

2467 1279 2589 1334 τίαν
2627 1279 2970 1352 ἐγκλήματος
3023 1281 3384 1356 ἀποφέρεται,
3417 1286 3656 1355 τυχόντα
3703 1288 3760 1342 δὲ
3814 1305 4041 1342 συνεπι-

787 1365 816 1403 a
849 1361 976 1408 nota
1003 1355 1240 1413 infamiae
1260 1360 1646 1420 absolvuntur.
1670 1367 1738 1422 At
1767 1369 1929 1439 quale
1963 1375 2203 1443 estquod
2217 1375 2368 1430 dico?

2469 1369 2710 1440 σκέψεως
2739 1370 2936 1444 ἀφείθη
2969 1368 3062 1426 τοῦ
3083 1355 3424 1443 αίτιάματος.
3455 1369 3584 1430 Οἶόν
3605 1393 3657 1428 τι
3694 1375 3866 1445 λέγως
3911 1379 4055 1432 Πολε-

788 1444 1036 1516 Perszepe
1063 1463 1172 1503 non
1202 1451 1265 1505 de
1286 1451 1579 1523 industria,
1607 1460 1702 1514 sed
1735 1459 1960 1517 fortuito
1995 1472 2092 1520 aut
2120 1464 2245 1521 ferri
2275 1472 2367 1521 aut

2465 1461 2624 1528 λάκις
2649 1463 2749 1517 οὑκ
2777 1464 2844 1518 ικ
2892 1463 3173 1535 προνοίας,
3205 1465 3342 1521 ἀλλά
3368 1467 3582 1538 τυχηρά
3609 1485 3691 1531 τις
3717 1444 3882 1538 ἦλθεν
3921 1468 4055 1540 βολὴ

786 1537 984 1604 lapidis
1019 1540 1169 1609 jactu
1209 1543 1411 1616 aliquis
1437 1547 1670 1605 laeditur.
1714 1550 1790 1606 Eo
1820 1555 2056 1610 necdum
2085 1557 2363 1623 discusso,

2468 1556 2690 1629 σιδήρου
2730 1555 2765 1629 ἢ
2814 1555 2967 1611 λίθου
3007 1560 3055 1612 εί
3088 1557 3241 1629 τύχοι
3272 1559 3366 1612 ιπί
3564 1577 3574 1589 ·
3616 1537 3755 1632 αὕτη
3805 1537 4054 1632 σὺνίμὲν

785 1628 878 1695 qui
917 1628 1196 1698 jaculatus
1221 1645 1324 1702 est,
1382 1653 1513 1695 sons
1544 1640 1863 1709 judicatur:
1896 1645 2146 1718 diligenti
2179 1657 2362 1705 autem

2467 1628 2860 1720 (inspienti-Erum
2883 1648 3066 1720 κρίσει
3097 1628 3348 1704 ὑπαίτιον
3366 1649 3458 1704 τδν
3487 1651 3716 1721 βαλόντα
3743 1628 3908 1717 ποιεῖ,
3946 1628 4053 1706 ὑπ’

783 1717 853 1774 de
883 1721 1072 1778 eodem
1109 1728 1361 1784 examine
1410 1730 1624 1801 habito,
1655 1749 1828 1804 quare
1881 1717 2166 1810 culpetur,
2205 1743 2357 1796 nulla

2470 1717 2718 1805 ἐξέτασιν
2742 1739 2800 1794 δὲ
2832 1717 3051 1794 τεθεῖσα
3077 1743 3178 1795 καῖ’
3202 1740 3435 1813 βάσανον
3488 1717 3586 1813 οὑχ
3631 1743 3877 1815 εὑρίσκει
3911 1745 4053 1815 πρό·

779 1809 929 1881 justa
961 1815 1101 1870 ratio
1137 1817 1438 1887 invenitur.
1476 1822 1844 1890 Quamobrem
1891 1809 2011 1898 quae
2067 1847 2197 1888 casu
2229 1848 2360 1891 eve-
2394 1818 2426 1875 Ε

2467 1846 2632 1899 φασιν
2661 1827 2881 1900 εὑλογον
2907 1831 2986 1894 είς
3008 1809 3507 1904 αίτίαντπεριϐολῆς
3535 1809 3586 1864 ⁶ἶ
3616 1853 3629 1867 ·
3664 1809 3805 1888 ὥστε
3839 1835 3906 1905 ἐφ
3925 1837 3939 1855 ’
3961 1809 4050 1891 ’ὧν

781 1905 961 1970 nium,
998 1922 1063 1963 ex
1093 1910 1528 1972 circumstantiis
1559 1921 1736 1990 magis
1755 1937 1919 1990 quam
1975 1939 2006 1979 e
2047 1925 2126 1980 rei
2162 1939 2359 1985 natura

2463 1924 2496 1993 ἠ
2531 1921 2801 1994 σύμϐασις
2861 1923 3093 1996 τυχηρὰ,
3120 1923 3184 1978 ικ
3215 1924 3324 1977 τῶν
3357 1923 3554 1990 ἔξωθεν
3594 1926 3820 1980 εἰκότων
3893 1928 4048 1996 λογι-

777 1993 1018 2060 judicari
1067 2003 1349 2058 convenit.
1379 2003 1581 2062 Verum
1611 2024 1877 2079 quorsum
1915 2012 2029 2070 hac
2053 2013 2364 2075 dicuntur?

2464 1993 2620 2085 σμῶν
2669 2013 2870 2086 μᾶλλον
3054 2017 3149 2072 τοῦ
3199 2017 3523 2088 πράγματος
3555 2018 3705 2084 ἀξιον
3758 2019 3821 2073 τὸ
3845 1993 4047 2088 ζητού-

782 2088 1053 2154 Quoniam
1140 2103 1531 2154 testamentum
1612 2105 1931 2172 postulante
2021 2112 2361 2171 necessitate

781 2187 1032 2249 apertum
1072 2183 1209 2256 (l0),
1235 2201 1359 2242 cum
1391 2189 1672 2248 interdum
1718 2194 1982 2268 deinceps
2012 2202 2351 2272 resignatum

788 2271 1026 2345 relinqui
1061 2277 1362 2350 contingat,
1417 2289 1511 2337 aut
1572 2283 1753 2354 ipsum
1798 2295 2015 2360 tempus
2044 2271 2213 2364 (quod
2243 2294 2360 2352 ﬁeri

780 2364 1006 2436 assolet)
1055 2368 1294 2439 sigillum
1344 2386 1661 2443 consumat,
1718 2377 1825 2434 lide
1870 2396 2037 2451 quam
2083 2386 2358 2455 signatum

779 2455 1010 2548 liaberet
1040 2461 1397 2530 destituatur,
1435 2468 1672 2540 indeque
1731 2471 2072 2531 incertitudo
2101 2478 2357 2548 quedam

776 2547 1093 2607 istiusmodi
1125 2557 1457 2613 testamento
1488 2558 1819 2617 insidietur:
1868 2547 2221 2626 testamentis
2249 2570 2360 2626 alio

777 2637 944 2693 modo
964 2641 1028 2695 ad
1064 2639 1220 2699 [idem
1245 2646 1588 2704 conﬁrmatis
1619 2650 1914 2711 subvenire
1940 2657 2117 2713 visum
2144 2665 2248 2714 est.

849 2911 925 2967 Ac
966 2911 1247 2982 iubemus,
1271 2917 1485 2973 etiamsi
1517 2919 1694 2989 sigilla
1742 2928 2052 2982 testamenti
2101 2944 2210 2985 non
2260 2947 2352 2986 su-

776 3002 1009 3072 persint,
1032 3003 1078 3060 si
1100 3004 1356 3062 idoneam
1388 3007 1546 3064 tidem
1570 3011 2002 3084 subscriptiones
2026 3026 2355 3078 testamento

775 3093 1096 3163 adhibeant,
1125 3112 1194 3153 ne
1215 3099 1348 3169 quid
1372 3101 1443 3156 ob
1471 3116 1590 3158 eam
1614 3118 1728 3159 rem
1758 3107 1892 3163 ﬁdes
1926 3114 2242 3169 testamenti
2272 3115 2356 3170 in-

775 3185 1041 3244 tlrmetur.
1065 3167 1534 3256 Quem—admodum
1563 3197 1709 3253 enim
1748 3207 2074 3260 testamenta
2108 3167 2348 3264 nonduin
2382 3167 2426 3228 θ

775 3287 986 3348 aperta,
1010 3294 1325 3353 quanquam
1348 3283 1507 3354 (utﬁt
1528 3287 1710 3360 facile)
1728 3290 1965 3363 sigiilum
1991 3293 2216 3352 illaesum
2237 3314 2354 3357 ser-

775 3377 954 3422 vatum
969 3383 1078 3425 non
1091 3369 1179 3436 sit,
1194 3371 1630 3446 subscriptiones
1647 3381 1972 3438 continuant
1988 3385 2035 3456 (l
2049 3385 2196 3458 1-12)
2217 3404 2229 3441 :
2271 3390 2352 3446 sic

778 3459 872 3514 illa
909 3463 1074 3516 etiam
1101 3478 1222 3533 quae
1239 3468 1585 3534 postmodum
1608 3479 1795 3542 aperta
1819 3483 1969 3541 sunt,
1987 3480 2354 3552 autnegligen-

774 3547 848 3606 tih
873 3567 981 3608 non
1004 3553 1289 3626 obsignata
1307 3571 1754 3629 manserunt,aut
1770 3565 1970 3636 quibus
1993 3547 2353 3630 diuturnitate

775 3646 1039 3715 temporis
1071 3646 1252 3719 sigilla
1288 3650 1575 3718 perierunt
1622 3668 1691 3709 ne
1713 3655 1820 3711 tidc
1843 3658 2155 3729 priventur,
2185 3661 2349 3718 duui-

774 3735 936 3789 modo
958 3750 1022 3790 ex
1049 3736 1552 3810 subscriptionibus
1574 3741 1707 3800 fides
1731 3746 1840 3802 illis
1859 3751 2118 3819 supersit,
2137 3753 2349 3822 justum

770 3834 1053 3896 putamus.
1086 3829 1223 3886 Illud
1260 3845 1424 3902 porro
1455 3833 1683 3905 insuper
1731 3840 2032 3908 sancimus,
2070 3851 2130 3899 ut
2169 3845 2213 3900 si
2262 3844 2352 3914 ju-

771 3919 914 3976 dicis
946 3923 1223 3990 socordia,
1253 3940 1322 3982 ne
1379 3933 1770 3985 testamentum
1797 3931 1979 3990 denuo
2031 3936 2355 4007 obsignare-

771 4019 863 4066 tur
894 4011 1100 4069 factum
1133 4015 1229 4083 sit,
1262 4016 1367 4088 ipsi
1401 4018 1455 4074 in
1483 4020 1752 4078 socordiae
1781 4038 2001 4094 poenam
2056 4027 2349 4085 duodecim

773 4103 1038 4164 librarum
1071 4108 1240 4164 multa
1271 4109 1606 4182 imponatur.

1166 4296 1638 4358 CONSTITUTIO
1662 4303 1951 4361 LXXXIII.

809 4381 878 4438 Ut
913 4387 983 4441 ad
1002 4389 1215 4444 trientes
1239 4408 1430 4446 usuras
1452 4397 1677 4462 pecunia
1708 4397 1852 4453 licita
1879 4409 2143 4456 mutuetur
2177 4402 2311 4475 (I3).

838 4631 985 4688 ldem
1013 4635 1308 4706 imperator
1334 4637 1512 4694 eidem
1539 4638 1811 4712 Styliano.

841 4722 898 4778 Si
922 4739 953 4780 a
978 4723 1219 4796 Spiritus
1251 4727 1464 4800 legibus
1500 4732 1574 4786 ita
1609 4747 1666 4788 se
1715 4735 1948 4790 mortale
1995 4749 2170 4795 uenus
2223 4739 2335 4809 regi

2384 4528 2433 4587 D

2464 2127 2626 2179 μενον
2669 2109 2898 2183 διαιτᾷν.
2949 2109 3049 2164 Διά
3093 2111 3147 2165 τί
3193 2105 3286 2165 οὖν
3341 2111 3556 2183 εῑρηται
3584 2112 3785 2181 causa;
3828 2113 4053 2184 Ἐπειδὴ

2461 2202 2634 2256 ἐνίοτε
2665 2203 2855 2274 χρείας
2886 2202 3158 2274 καλούσης
3183 2203 3643 2276 ἀναπτυσσομένη
3672 2205 3907 2275 διαθήκη
3945 2223 4048 2259 κα-

2461 2295 2868 2367 ταλιμπάνεται
2899 2294 3044 2350 οὑτω
3099 2295 3490 2367 συμϐαίνοντος
3522 2297 3839 2368 ἀσήμαντος
3870 2299 3952 2361 εἰς
3991 2296 4053 2350 τὺ

2460 2388 2676 2453 ἔπειτα,
2699 2389 2732 2461 ἦ
2762 2389 2965 2445 καὶτοῦ
2987 2387 3181 2461 χρόνον
3213 2385 3325 2460 (οἷα
3346 2390 3511 2461 φιλεῖ)
3544 2390 3643 2461 τὴν
3667 2391 3944 2463 σφραγῖδα
3970 2392 4050 2454 είς

2459 2481 2767 2552 ἀφανισμὸν
2802 2483 3230 2555 περιστήσαντος
3255 2482 3438 2554 ἐρήμη
3465 2483 3570 2552 τῆς
3621 2484 3687 2537 εκ
3710 2482 3807 2538 τοῦ
3831 2485 4050 2554 ὶσφρα-

2461 2575 2646 2643 γίσθαι
2701 2574 2913 2645 γίνεται
2990 2575 3266 2640 πίστεως,
3322 2575 3386 2628 ἐκ
3435 2573 3626 2630 τούτου
3701 2575 3759 2629 δὶ
3807 2575 4052 2646 ἀμφιϐο-

2460 2667 2548 2720 λία
2577 2683 2661 2733 τις
2716 2666 2986 2738 ινεδρεύει
3023 2668 3144 2730 ταῖς
3201 2666 3476 2731 τοιαύταις
3522 2665 3857 2731 διατάξεσιν,
3915 2667 4052 2736 ἡμῖν

2460 2758 2640 2826 ἔδοξεν
2663 2757 2836 2830 ἑτέρῳ
2863 2758 3050 2830 τρόπῳ
3078 2757 3472 2829 βοηθουμέναις
3501 2759 3581 2822 είς
3606 2759 3789 2813 πίστιν
3851 2759 4050 2822 αὑταῖς

2461 2849 2941 2906 συνεπιλαϐέσθαι.

2531 2942 2632 2998 Διὰ
2679 2944 2724 2977 ⁶⁹
2754 2941 2911 2996 τοῦτο
2954 2942 3272 3010 κελεύομεν,
3313 2943 3418 2996 κᾶν
3479 2943 3555 3014 μὴ
3598 2942 3700 3012 τῆς
3749 2941 4051 3014 σφραγῖδος

2461 3039 2495 3109 ή
2543 3035 2786 3107 σωτηρία
2809 3033 3056 3104 περίεστι
3089 3037 3156 3104 τῇ
3187 3033 3442 3106 διαθήκῃ,
3475 3037 3523 3089 εί
3577 3035 3623 3067 ⁷⁸
3674 3053 3772 3105 την
3832 3034 4049 3100 ἀξιοπι-

2461 3129 2618 3182 στίαν
2678 3130 2736 3182 αί
2789 3125 3111 3196 ὑπογραφαὶ
3169 3125 3420 3180 δύναιντο
3454 3128 3924 3198 προσμαρτυρεῖν,
3974 3124 4050 3197 μὴ

2457 3219 2848 3292 διαμαρτάνειν
2879 3218 2975 3273 τοῦ
3020 3215 3160 3274 εἶναι
3206 3217 3431 3288 βεϐαίαν
3467 3218 3663 3288 αὑτήν.
3687 3216 3908 3289 Ὥσπερ
3939 3218 4052 3289 γὰρ

2457 3313 2558 3377 τὰς
2605 3310 2758 3366 οὑπω
2786 3311 2830 3345 ⁷⁸
2858 3310 3301 3381 ἀναπτυχθείσας
3327 3309 3602 3376 διατάξεις
3637 3313 3693 3364 at
3721 3310 4053 3380 ὑπογραφαὶ

2460 3399 2714 3473 κυροῦσι,
2767 3400 2874 3455 κᾶν
2906 3401 2981 3463 ὡς
3012 3398 3160 3463 είκὺς
3186 3402 3254 3471 τῇ
3305 3399 3565 3471 σφραγῖδι
3610 3399 3672 3454 τὺ
3716 3399 4052 3470 ἀδιάφθορον

2463 3494 2538 3567 μὴ
2560 3492 2806 3559 σώζοιτο,
2833 3492 2979 3547 οὕτω
3017 3493 3112 3547 καὶ
3159 3493 3258 3557 τάς
3287 3493 3426 3564 μετᾶ
3473 3491 3534 3546 τδ
3556 3491 3900 3563 ἀνεπτύχθαι
3943 3493 4048 3563 ἰὴ

2458 3582 2868 3654 ἀσφραγίστους
2917 3581 3190 3654 διαμεῖναι
3249 3581 3522 3645 λαϐούσας
3580 3581 3613 3652 ἢ
3659 3581 3760 3652 τὴν
3804 3583 3872 3634 ὲκ
3938 3580 4050 3634 τῶν

2460 3675 2775 3746 σφραγίδων
2809 3673 3108 3745 ἀσφάλειαν
3133 3673 3210 3746 τῷ
3245 3672 3426 3745 χρόνῳ
3481 3673 3815 3744 συληθείσας
3877 3672 4050 3742 ὴγού⁹

2463 3765 2602 3836 μεθα
2633 3764 2839 3821 δίκαιον
2873 3760 3016 3820 εἶναι
3074 3765 3172 3819 καὶ
3199 3766 3279 3832 ¹ἐκ
3313 3765 3485 3836 μόνης
3540 3765 3644 3836 τῆς
3686 3765 4051 3836 ἑκμαρτύρου

2458 3860 2784 3932 ὑπογραφῆς
2831 3858 2908 3932 μὴ
2947 3858 3331 3930 στερίσκεσθαι
3379 3858 3639 3923 πίστεως.
3680 3857 3893 3911 Ἐκεῖνο
3920 3858 4048 3926 μιν·

2457 3971 2605 4024 τοιγε
2649 3951 3239 4026 προσεπιθεσπίζομεν,
3273 3950 3350 4015 ὡς
3379 3993 3393 4016 ,
3445 3953 3493 4006 εί
3527 3951 3622 4006 τοῦ
3677 3950 3867 4024 κριτοῦ
3894 3951 4050 4019 ὀλιγο

2458 4047 2598 4121 ωρίᾳ
2627 4048 2706 4111 είς
2722 4046 2782 4102 τὸ
2813 4046 3232 4117 ἀσφράγιστονή
3255 4043 3486 4116 διαθήκη
3515 4044 3830 4115 περισταίη,
3854 4043 4050 4110 ποινὴν

2458 4139 2608 4209 αὑτῷ
2633 4138 2733 4209 τῆς
2762 4137 3054 4209 ὀλιγωρίας
3111 4137 3436 4192 δυοκαίδεκα
3494 4137 3692 4208 λιτρῶν
3731 4137 3945 4190 ῐκτισιι
3996 4135 4044 4167 ’⁸

2458 4232 2663 4288 ἔπιτίθε
2673 4231 2818 4286 σθαι.

3012 4319 3326 4374 ΔΙΑΤΔΞΙΣ
3351 4321 3476 4376 D1".

2459 4415 2597 4496 Περὶ
2629 4412 2738 4496 to?
2756 4412 2855 4467 ἐπὶ
2893 4414 3047 4496 (diu?
3080 4411 3196 4479 τὴν
3209 4411 3441 4496 χρῆσιν
3458 4413 3592 4496 ,τῶν
3610 4413 3874 4496 δανείων
3900 4431 4047 4482 προ.

2517 4483 2798 4566 ἔρχεσθαι
2863 4483 2946 4548 τῷ
3002 4483 3306 4552 λεγομένῳ
3355 4483 3477 4538 ἀπὸ
3527 4486 3730 4552 τρίτης
3791 4484 4046 4541 ἑκατοσ-

2534 4573 2788 4711 ῖὺτδς
2825 4645 3078 4717 βασιλεὺς
3105 4645 3384 4716 Στυλιανῷ
3416 4645 3496 4717 τῷ
3518 4645 3687 4716 αὑτῷ.

2514 4738 2694 4795 Καλὸν
2747 4738 2848 4808 μὲν
2874 4733 2943 4810 ἦν
2971 4739 3065 4793 καὶ
3092 4739 3360 4809 σωτήριον
3400 4741 3515 4803 τοῖς
3561 4737 3658 4792 τοῦ
3718 4739 4044 4811 Πνεύματος

2038 4919 2274 4976 νΑΒΙιιΕ
2315 4921 2718 4980 LECTIONES.

868 5053 909 5082 ⁶⁷
947 5050 1080 5132 Ecl_._
1104 5048 1374 5132 ξομ-40..
1440 5052 1775 5132 "f_dgyl._etg
1807 5059 1986 5132 αἰτίας
2016 5061 2328 5132 περιϐολήν.
2385 5062 2430 5132 ⁶Ῡ
2463 5061 2577 5116 Ecl.
2604 5059 2837 5132 incipit._
2916 5059 2964 5092 "°
2989 5058 3283 5132 podii._et;
3309 5057 3422 5132 Ecl.
3455 5060 3525 5132 εί.
3571 5057 3903 5117 Emendavit
3935 5061 4040 5118 Cu-

765 5121 960 5190 iacius.
1039 5122 1082 5154 '“
1107 5121 1277 5177 Codd.
1311 5122 1398 5178 ed.
1419 5121 1786 5181 οᾱὶιίῗοὺτω.
1864 5130 1909 5159 τ’
1939 5121 2050 5186 Ecl.
2084 5121 2496 5204 ἀναπτύχεσθαι
2514 5132 2599 5189 vel
2628 5121 3095 5186 ἀναπτύσσεσθαι.
3172 5126 3222 5163 ’⁸
3243 5127 3358 5184 Ecl.
3385 5127 3604 5184 ικθεσιν

2314 5299 2550 5358 NOTAE.

840 5455 918 5526 (9)
957 5455 1068 5512 Hoc
1121 5458 1303 5513 innuit
1339 5467 1726 5517 testamentum
1781 5479 1889 5520 non
1931 5466 2053 5523 ideo
2089 5482 2198 5523 non
2243 5483 2343 5523 va-

768 5527 920 5603 lere,
974 5527 1120 5597 quod
1169 5530 1322 5603 signa
1367 5545 1494 5586 casu
1546 5543 1807 5603 corrupta
1855 5539 1961 5591 sint
2003 5555 2015 5589 :
2077 5539 2121 5593 si
2184 5540 2343 5596 modo

769 5598 836 5719 illo
867 5599 1182 5680 testamenti
1219 5598 1329 5657 ﬁde
1389 5605 1612 5659 testium
1662 5598 2166 5678 subscriptionibus
2205 5623 2342 5664 con-

769 5683 793 5721 s
826 5680 919 5719 arc
956 5680 1151 5736 possit.

840 5737 951 5808 (l0)
1007 5739 1120 5793 Vid.
1154 5743 1237 5798 tit.
1300 5743 1353 5798 Il.
1413 5743 1487 5802 Dc
1525 5756 1645 5803 tcst.
1693 5750 2152 5819 quemadmodum
2213 5765 2336 5822 ape-

2453 5477 2740 5631 ωίιέἳέςέ)
2785 5540 2844 5596 ¹⁴⁶
2874 5540 2962 5604 ⁵⁰ν
2996 5539 3182 5631 In?“
3213 5537 3778 5631 Ee9‘3m““‘..'.°ffff:
3866 5623 3908 5631 _.
3972 5613 3980 5631 ε

2523 5613 2636 5683 (15)
2680 5611 2907 5683 Usuray
2943 5611 3182 5683 trientes
3229 5612 3317 5683 hic
3379 5611 3818 5683 permittuntur,
3857 5623 3912 5667 ct
3972 5613 4038 5664 ita

2450 5680 2748 5752 abrogatur
2788 5681 2972 5737 Basilii
3005 5682 3328 5753 constitutio
3370 5680 3479 5753 qua
3506 5682 3690 5739 vetitae
3717 5680 3948 5744 fuerunt
3982 5689 4035 5741 in

2451 5754 2769 5812 universum
2808 5767 3010 5820 usurae,
3049 5752 3191 5809 intra
3222 5753 3344 5810 cod.
