4248 6442
191 418 297 484 601

1303 417 1670 483 ΝΟνΕιιιΕ
1707 417 2161 481 CONSTITUTI
2175 420 2274 480 0N
2287 422 2388 480 ES.

3364 427 3476 491 602

192 540 386 610 τιμαῖς
435 535 787 607 ίεροπρεπέσι
817 532 1454 608 κατασεμνύνεσθαι.⁷ον
1481 538 1596 590 ὲστί
1623 554 1686 605 γε
1717 540 1786 590 τὰ
1819 545 1859 600 Α

1819 545 1859 600 Α
1891 537 2094 602 lantur,
2130 552 2362 606 quorum
2406 540 2518 594 lucc
2539 547 2668 594 sunt
2694 542 2911 596 nomina
2943 563 2954 596 :
2982 543 3316 599 Athanasius
3340 544 3473 614 (40),

193 631 441 698 ὀνόματα
459 626 820 690 ·“Αθανάσιο;,
847 627 875 679 6
901 629 960 680 ἐν
987 627 1308 698 ἀρχιερεῦσι
1340 625 1478 679 Θεοῦ
1512 629 1787 698 περιώνυ-

197 739 297 791 μος
319 737 334 750 ⁵
362 721 667 782 Βασίλειος,
703 720 736 790 ή
768 718 1038 789 βασίλειος
1086 720 1184 790 τῆς
1220 720 1550 789 Ἐκκλησξας
1589 719 1789 788 σεμνόο

191 833 294 884 της
315 829 332 844 ⁸
363 811 686 883 Γρηγόρως.
713 813 743 866 6
769 811 868 881 τῆς
912 812 1190 880 θεολογίας
1231 811 1550 882 ἐπώνυμοςο
1583 811 1790 882 Γρηγό-

199 922 317 975 ριος
339 945 353 967 ,
380 905 409 956 6
441 903 649 972 γλυκὺς
675 903 774 973 τῆς
811 903 1141 975 Ἐκκλησίας
1185 903 1431 973 ποταμὸς
1479 903 1574 955 καὶ
1623 903 1792 970 ὑπέρη-

193 996 455 1065 λαμπρος
473 1009 487 1024 ⁶
530 993 782 1062 Ἰωάννης
808 1034 820 1056 ,
852 993 915 1047 τὸ
944 995 1261 1063 πάγχρυσον
1289 994 1465 1063 στόμα
1492 993 1586 1046 τοῦ
1621 992 1791 1047 Ilvati-

1892 629 2083 700 inclyti
2103 630 2194 682 ille
2218 628 2272 682 in
2294 629 2638 700 principibus
2664 631 2756 686 Dei
2778 635 3162 691 sacerdotibus
3195 635 3436 688 nominis
3461 654 3472 666 ο

1892 719 2124 775 Basilius
2149 721 2285 790 (4t),
2317 721 2527 790 regium
2558 723 2690 778 illud
2725 724 2989 780 Ecclesia:
3026 727 3194 782 decus
3222 744 3235 780 :
3268 726 3477 797 Grego-

1893 811 2029 874 rius,
2053 812 2384 881 cognomine
2420 811 2732 885 'l‘heologus
2766 833 2779 869 :
2820 815 3119 888 Gregorius
3146 817 3260 889 (l2)
3293 818 3475 872 dulcis

1892 903 1983 959 ille
2009 911 2066 960 et
2094 905 2326 961 illustris
2376 904 2635 961 Ecclesiae
2690 906 2813 963 l’ons
2851 909 3130 966 :Joannes
3160 923 3386 980 prorsus
3409 911 3476 962 il-

1893 993 1986 1050 lud
2055 996 2290 1067 spiritus
2334 1013 2566 1054 aureum
2618 999 2732 1071 (45)
2757 1017 2868 1058 os:
2954 1015 3170 1072 unaque
3258 1018 3384 1058 cum
3407 1003 3476 1056 iis

198 1104 401 1159 ματοςο
439 1087 532 1140 καὶ
565 1087 663 1140 σὺν
689 1085 901 1150 τούτοις
928 1085 1194 1156 Κύριλλος
1225 1089 1320 1140 καὶ
1353 1086 1689 1156 Ἐπιφάνιος,
1713 1077 1790 1138 ὧν

1889 1085 2126 1157 Cyrillus
2160 1088 2273 1158 (44)
2301 1095 2356 1142 et
2377 1088 2716 1160 Epiphanius
2741 1092 2877 1162 (45),
2911 1095 3005 1164 qui
3037 1094 3315 1164 praeclaris
3341 1092 3475 1149 faci-

197 1183 290 1235 xai
343 1179 413 1233 τὰ
458 1177 862 1250 κατορθώματα
915 1179 1098 1232 καὶτὸ
1144 1179 1302 1241 κλέος
1335 1182 1446 1243 τοῖς
1476 1177 1790 1250 εἰρημένοις

195 1273 220 1322 ἑ
231 1269 520 1340 φάμιλλον.

754 1359 1069 1414 ΔΙΑΤΔΞΙΣ
1106 1357 1235 1414 ΠΘ’.

195 1453 338 1520 Περὶ
370 1452 478 1506 τοῦ
505 1451 576 1504 τὰ
598 1448 959 1520 συνοικέσια
989 1448 1138 1520 ἄνευ
1171 1447 1283 1516 τῆς
1315 1448 1477 1518 ἱερᾶς
1506 1447 1788 1517 εὐλογίας

770 1520 856 1589 μὴ
910 1517 1225 1588 ὲρῤὧσθαι.

259 1615 322 1667 '0
351 1615 516 1676 αὐτὸς
546 1613 803 1684 βασιλεὺς
832 1610 1112 1681 Στυλιανῷ
1141 1610 1221 1680 τῷ
1249 1608 1423 1681 αὐτῷ.

267 1707 485 1777 Ὠσπερ
533 1706 602 1758 τὰ
643 1707 744 1776 τῆς
795 1703 1156 1774 υίοθετήσεως
1201 1702 1506 1773 πράγματα
1551 1702 1687 1772 πρδς
1729 1703 1792 1755 τὸ

193 1799 493 1870 ἀδιάφορον
535 1797 854 1867 διακείμενα
881 1797 1138 1868 παρεῖδεν
1165 1797 1198 1867 ή
1232 1797 1551 1866 ἀρχαιότης,
1586 1797 1653 1864 ἢν
1679 1812 1786 1865 χω-

1892 1179 2120 1236 noribus
2145 1180 2427 1252 gloriaque
2453 1184 2564 1240 illis
2597 1201 2758 1256 pares
2797 1197 2949 1243 sunt.

2275 1363 2409 1419 (ΣοΝ
2419 1363 2744 1425 STITUTIO
2803 1369 3063 1426 LXXXIX
3078 1413 3093 1427 .

1889 1459 1969 1512 Ne
1993 1459 2336 1513 matrimonia
2361 1461 2497 1513 citra
2533 1460 2648 1530 (46)
2673 1479 2888 1518 sacram
2914 1465 3326 1520 benedictionem
3349 1484 3477 1522 con-

2571 1537 2833 1588 rmentuf.

1960 1617 2109 1675 Idem
2141 1620 2441 1690 imperator
2462 1623 2640 1677 eidem
2676 1625 2943 1695 Styliano.

1961 1709 2432 1776 Quemadmodum
2474 1713 2828 1784 adoptionem
2878 1720 3192 1788 promiscue
3236 1720 3479 1775 habitam

1894 1801 2132 1872 neglexit
2160 1811 2428 1868 vetustas,
2461 1819 2625 1873 quam
2653 1807 2874 1860 tametsi
2915 1807 3040 1862 sine
3064 1809 3179 1879 (Π)
3217 1810 3479 1880 precibus

199 1893 283 1962 ρὶς
311 1891 490 1960 εὐχῶν
519 1889 612 1943 καὶ¹
634 1888 858 1957 τελετῆς
888 1889 1039 1957 ἱερᾶς
1069 1886 1340 1940 τελεῖσθαι
1371 1886 1668 1955 νομίζουσα
1692 1889 1785 1939 οὐ-
1817 1886 1859 1942 Β

1817 1886 1859 1942 Β
1887 1895 2173 1963 sacrisque
2220 1895 2552 1951 ceremoniis
2602 1898 2784 1966 peragi
2819 1899 2936 1969 lege
2978 1900 3342 1970 permitteret,
3367 1917 3478 1956 non

193 1985 283 2037 δὲν
336 1985 512 2038 ἐδόκει
558 1983 866 2054 ὀλιγωρεῖν,
901 1979 1077 2045 οὕτως
1121 1980 1266 2034 ἔοικε
1316 1981 1414 2034 καὶ
1458 1979 1559 2052 τὴν
1588 1981 1791 2053 ἀκριϐῆ

194 2078 303 2130 τῶν
334 2075 688 2130 συνοικεσίων
722 2073 1142 2144 παρεωρακέναι
1186 2073 1522 2126 κατάστασιν
1543 2073 1637 2125 καὶ
1669 2071 1793 2140 δίχα

195 2169 295 2240 τῆς
349 2169 749 2241 νενομισμένης
795 2167 1048 2236 εὐλογίας
1092 2165 1236 2220 αὐτὰ
1287 2167 1613 2236 συγχωρεῖν.
1633 2163 1794 2218 Ἀλλὰ

194 2263 308 2325 τοῖς
361 2261 465 2330 μὲν
511 2259 762 2331 ἀρχαίοις
812 2259 944 2320 ἴσως
989 2257 1058 2310 ἂν
1103 2256 1380 2329 πρόφασίς
1415 2273 1500 2320 τις
1542 2254 1791 2326 εὑρεθείη

196 2354 597 2426 προαιρέσεως,
630 2355 764 2424 ήμῖν
796 2353 852 2406 δὲ
877 2353 1000 2424 θείᾳ
1024 2352 1210 2424 χάριτι
1238 2352 1379 2421 πρὸς
1413 2349 1793 2420 κοσμιωτέραν

196 2445 381 2516 πολλῷ
429 2446 526 2499 καὶ
579 2446 878 2517 ἱερωτέραν
918 2446 1157 2499 ἐπίδοσιν
1182 2443 1277 2497 τοῦ
1309 2443 1424 2513 βίου
1456 2441 1794 2510 καθεστηκό-

194 2555 306 2591 των
340 2537 454 2590 τῶν
500 2538 847 2606 πραγμάτων
879 2535 989 2590 οὐδ’
1027 2535 1216 2606 ἕτερον
1246 2533 1396 2601 ἄξιον
1429 2531 1540 2586 τῶν
1568 2531 1796 2603 εἰρημέ-

196 2649 304 2684 νων
337 2631 710 2701 παροφθῆναι.

267 2722 582 2794 Τοιγαροῦν
610 2721 866 2792 καθάπερ
888 2721 982 2774 ἐπὶ
1003 2721 1211 2774 τέκνων
1236 2717 1600 2786 εἰσποιήσεως
1622 2716 1796 2786 ἱεραῖς

195 2814 525 2884 ἐπικλήσεσι
551 2814 652 2884 τὴν
673 2812 981 2883 εἰσποίησιν
1007 2809 1330 2881 προϐαίνειν
1349 2806 1710 2880 διορισάμεθα
1725 2809 1794 2869 ⁹¹,

195 2909 345 2961 οὕτω
380 2907 445 2979 δὴ
493 2908 589 2962 καὶ
632 2909 700 2962 τὰ
730 2907 1043 2960 συνοικέσια
1089 2907 1154 2976 τῇ
1208 2901 1488 2975 μαρτυρίᾳ
1516 2901 1614 2971 τῆς
1645 2901 1798 2970 ἱερᾶς

196 2996 456 3064 εὐλογίας
489 2996 766 3068 ἐρρῶσθαι
799 2995 1121 3066 κελεύομεν,
1149 2993 1226 3059 ὡς
1261 2993 1392 3048 ἔνθα
1424 3010 1488 3062 γε
1519 2992 1596 3064 μὴ
1624 2990 1800 3063 ὁρῷτο

196 3092 314 3153 τοῖς
345 3092 617 3144 συνοικεῖν
645 3089 990 3160 βουλομένοις
1014 3087 1239 3158 τοιαύτη
1269 3084 1532 3141 διαιτῶσα
1555 3083 1794 3154 ἁρμογὴ,

197 3182 323 3234 οὐδὲ
357 3181 458 3253 τὴν
485 3181 661 3253 ἀρχὴν
708 3180 1006 3252 ῥηθήσεται
1050 3178 1410 3243 συνοικέσιον,
1441 3175 1552 3230 οὐδ’
1577 3173 1798 3228 ἐπιτεύ-

1894 1993 2078 2040 tamen
2108 1985 2258 2040 illam
2297 2001 2358 2041 se
2387 1985 2541 2056 parvi
2598 1989 2835 2057 pendere
2877 1992 3101 2060 putabat
3131 2009 3148 2047 :
3187 1992 3262 2045 ita
3294 1999 3348 2047 et
3379 1992 3480 2047 ab-

1894 2077 2131 2132 solutam
2191 2079 2530 2134 matrimonii
2574 2081 3054 2149 constitutionem,
3105 2083 3233 2138 duin
3290 2084 3342 2139 id
3399 2085 3483 2141 ci-

1895 2177 1979 2222 tra
2026 2166 2138 2240 (48)
2186 2167 2300 2239 jam
2363 2177 2638 2241 receptam
2694 2171 2806 2242 (49)
2871 2173 3307 2230 benedictionem
3351 2174 3481 2230 iniri

1895 2257 2122 2321 sineret,
2190 2259 2500 2329 neglexisse
2545 2261 2786 2315 videtur.
2849 2262 2954 2316 Sed
2997 2264 3274 2318 veteribus
3307 2263 3473 2319 istius

1896 2347 2191 2404 voluntatis
2250 2349 2486 2406 fortasse
2536 2351 2681 2406 ratio
2711 2352 2950 2408 inveniri
2996 2355 3209 2423 possit:
3243 2371 3274 2409 ε
3322 2355 3482 2414 nobis

1896 2453 2045 2502 vero,
2077 2454 2202 2495 cum
2251 2441 2435 2496 divina
2462 2440 2641 2513 gratia
2683 2441 2753 2496 ad
2803 2443 3093 2500 honestius
3149 2443 3325 2500 multo
3355 2461 3483 2499 san-

1895 2529 2154 2600 ctiusque
2183 2532 2310 2586 vitre
2340 2533 2655 2589 institutum
2703 2534 2816 2605 jam
2869 2550 2959 2591 res
2982 2547 3310 2608 comparatae
3346 2537 3478 2602 sint,

1897 2630 2152 2678 neutrum
2177 2625 2450 2680 dictorum
2482 2626 2683 2698 negligi
2713 2629 2995 2684 convenit.

1967 2714 2156 2786 Itaque
2185 2717 2636 2786 quemadmodum
2686 2719 2951 2775 adhibitis
2993 2721 3168 2777 sacris
3216 2719 3485 2792 depreca-

1899 2807 2142 2864 tionibus
2173 2808 2520 2876 adoptionem
2549 2810 2734 2879 perlici
2763 2810 3110 2884 praecipimus
3135 2811 3347 2883 (50.5!)
3369 2831 3382 2865 :
3403 2813 3486 2868 sic

1900 2915 2032 2956 sane
2079 2901 2246 2954 etiam
2309 2914 2482 2956 sacra:
2536 2901 2941 2958 benedictionis
2990 2905 3104 2977 (52)
3162 2903 3485 2960 testimonio

1901 2989 2249 3044 matrimonia
2300 2990 2614 3046 conﬁrmari
2694 2993 2956 3062 jubemus
3055 2993 3206 3048 Adeo
3284 3003 3382 3057 ut,
3437 2994 3486 3046 si

1898 3082 1992 3151 qui
2047 3081 2187 3135 citra
2219 3080 2361 3136 banc
2405 3083 2813 3138 matrimonium
2858 3085 3057 3149 ineant,
3079 3084 3216 3139 idne
3262 3086 3331 3140 ab
3378 3083 3484 3138 ini-

1901 3174 1977 3228 tio
2013 3172 2234 3242 quidem
2273 3174 2348 3227 ita
2390 3173 2523 3240 dici,
2561 3189 2738 3246 neque
2785 3177 2910 3232 illos
2957 3177 3012 3231 iu
3051 3176 3179 3233 vita:
3222 3176 3314 3232 illa
3352 3190 3486 3232 con-

1494 3305 1729 3360 VARI/13
1776 3303 2181 3363 LECTIONES.

273 3453 321 3485 ⁹¹
349 3451 482 3507 Scil.
510 3451 745 3509 Constit.
790 3450 980 3513 XXIV,

1723 3589 1954 3649 NOTAE.

281 3740 396 3810 (40)
425 3739 852 3801 Alexandrinus,
887 3737 1046 3810 cuius
1068 3743 1247 3810 exstat
1278 3735 1605 3810 symbolum.

284 3806 402 3878 (41)
425 3811 888 3881 Archiepiscopus
916 3808 1181 3881 Caesareae
1201 3806 1581 3881 Cappadociae.

282 3877 400 3949 (ιε)
452 3877 731 3952 Nyssenus
779 3880 958 3943 lorte;
992 3877 1179 3952 [uitet
1244 3878 1387 3931 alius
1433 3883 1797 3946 cognomento

205 3947 683 4022 Thanmaturgus,
709 3951 836 4004 item
864 3958 920 4004 et
958 3948 1096 4022 alius
1131 3947 1522 4022 liamascenus.

281 4022 400 4092 (45)
443 4021 518 4074 Τὸ
562 4015 889 4091 ῗπάγχρυσον
929 4019 1127 4088 στόμα.
1161 4015 1418 4086 lntelligit
1471 4017 1799 4088 Chrysosto-

205 4108 399 4233 “uini
429 4160 856 4224 Alexandrinus,
886 4161 924 4214 1.
959 4158 992 4214 3
1024 4157 1052 4231 §
1088 4158 1144 4223 3,
1173 4156 1234 4212 C.
1261 4156 1338 4212 De
1360 4171 1577 4215 summa
1618 4155 1797 4212 Trini-

211 4241 402 4372 1³ἳῗίῦ)
431 4297 1453 4372 Episcopus__Constanti:e,_provincim
1477 4296 1665 4372 Cypri.

280 4367 398 4442 (46}
456 4367 601 4427 Adde
631 4370 684 4435 4,
727 4369 987 4425 Harmen.
1043 4368 1078 4422 4
1105 4367 1246 4423 Nov.
1279 4368 1457 4424 Alexii
1526 4367 1798 4424 Conineni

281 4444 407 4596 $94.7)
439 4495 589 4596 Adde
613 4509 748 4566 Nov.
783 4510 875 4577 24,
904 4523 1074 4579 supra
1107 4509 1233 4564 eod.
1276 4506 1413 4564 Nov.
1458 4507 1548 4574 98,
1604 4509 1658 4563 in
1717 4524 1799 4580 pr.

214 4583 580 4720 ¹¹¹ῗῗ8ῗῗῖ¹ιία
619 4667 728 4706 non
750 4653 889 4706 citra
926 4648 1385 4720 benedictionem,
1410 4648 1523 4703 vid.
1546 4665 1668 4717 qua!
1690 4649 1800 4703 dixi

211 4717 356 4778 Nov.
389 4723 527 4778 Just.
563 4722 651 4787 74,
684 4737 734 4777 c.
767 4721 821 4784 4.
857 4720 884 4791 §
922 4722 970 4783 l,
1005 4719 1074 4774 ibi
1123 4736 1136 4772 :
1181 4717 1282 4791 llic
1315 4727 1502 4791 _autem
1551 4721 1802 4774 adhibens

214 4807 324 4847 tres
364 4803 456 4847 aut
487 4803 716 4861 quatuor
758 4788 945 4847 exinde
980 4788 1536 4844 reverendissimorum
1582 4791 1803 4844 clerico-

213 4879 362 4922 rum,
398 4863 795 4918 attestationcm
841 4862 1112 4930 conﬁciat.

289 4932 410 5004 (:39)
445 4933 557 4988 Usu
592 4934 826 4990 scilicet.

291 5003 508 5074 (50-5l)
545 5004 680 5074 Nov.
709 5003 797 5067 74.
829 5015 1017 5074 supra.

1824 3739 1868 3798 (ς
1905 3735 2108 3800 ﬁriam,
2174 3733 2463 3807 inquit,'ad
2490 3737 2854 3791 enarrandam
2921 3743 3126 3789 tantam
3163 3737 3483 3792 [elicitalem

1902 3809 2260 3872 matrimonii,
2303 3808 2449 3875 quod
2505 3808 2746 3862 Ecclesia
2799 3807 3079 3868 conciliat,
3124 3814 3171 3857 ot
3199 3808 3483 3861 continuat

1899 3877 2126 3940 oblatio,
2158 3886 2213 3931 ct
2246 3879 2594 3945 obsignatum
2614 3878 2788 3945 angeli
2809 3877 3164 3931 renuntiant?
3189 3895 3206 3927 ι
3241 3877 3489 3932 Concilio

1900 3947 2323 4017 Carthaginiensi
2358 3947 2414 4004 4.
2444 3961 2496 4002 c.
2529 3949 2617 4008 15,
2651 3949 3038 4007 constitutum,
3072 3955 3127 4001 ut
3167 3960 3402 4017 sponsus
3431 3961 3486 4004 et

1903 4016 2190 4086 sponsa’in
2219 4019 2482 4085 templum
2535 4017 2883 4072 deducantur
2915 4017 2982 4071 ad
3037 4016 3480 4072 benedictionem

1902 4085 2206 4142 sacerdotis
2220 4088 2604 4157 recipiendam.
2627 4086 3016 4154 Ainbrosius9,
3035 4089 3195 4154 epist.
3223 4089 3309 4150 70,
3351 4107 3372 4140 ι
3405 4087 3490 4157 lp-

1903 4173 2072 4227 sutn,
2103 4158 2312 4227 inquit,
2375 4158 2691 4226 coniugium
2754 4159 3023 4213 velamine
3076 4158 3404 4213 sacerdotali
3435 4169 3490 4214 et

1902 4226 2286 4284 benedictione
2342 4228 2670 4284 sanctiﬁeari
2698 4236 2935 4297 oportet.
2965 4245 2985 4280 ι
3022 4227 3317 4284 Scholiast.
3343 4227 3483 4282 Har-

1903 4312 2123 4368 menop.
2153 4299 2208 4362 4,
2236 4301 2318 4353 tit.
2339 4300 2390 4362 4,
2412 4308 2571 4367 negat
2598 4298 2743 4352 nudo
2772 4313 3048 4354 consensu
3076 4298 3486 4368 matrimonium

1902 4366 2158 4422 contrahi
2188 4387 2202 4422 :
2234 4370 2309 4423 ita
2341 4377 2401 4423 ut
2434 4366 2537 4423 nisi
2577 4383 2792 4423 sacrum
2829 4369 2921 4422 Dei
2951 4369 3174 4422 verbum
3208 4366 3372 4422 fuerit
3402 4384 3488 4423 re-

1903 4437 2155 4501 citatum,
2179 4454 2357 4506 nequc
2389 4439 2594 4508 nuptiae
2617 4439 2947 4501 consistant,
2965 4453 3138 4506 neque
3154 4439 3486 4506 prohibeam

1903 4514 1996 4562 tur
2021 4509 2414 4564 contrahentes
2447 4525 2477 4562 a
2511 4526 2571 4564 se
2595 4519 2785 4563 mutuo
2820 4511 3086 4577 separari.
3121 4509 3267 4562 Idem
3289 4510 3490 4577 proba-

1907 4588 1997 4632 tur
2029 4579 2097 4632 ab
2136 4577 2456 4635 Innocentio
2512 4580 2602 4644 lll,
2627 4594 2679 4632 c.
2706 4579 2762 4643 4,
2796 4589 2950 4634 extra
3014 4578 3082 4632 de
3109 4579 3484 4647 sponsalibus.

1905 4648 2046 4704 lllud
2102 4651 2398 4704 notandum
2442 4661 2548 4710 est.
2599 4651 3062 4718 proclamatioucs

1907 4718 2322 4789 Longobardico
2386 4722 2654 4775 vocabulo
2709 4722 2944 4789 appellat
2973 4735 3021 4774 c.
3054 4718 3145 4780 27,
3201 4726 3354 4773 extra
3417 4719 3492 4789 De

1907 4788 2208 4859 sponsalib.
2235 4805 2289 4845 c.
2323 4790 2422 4845 ult.
2477 4792 2551 4847 De
2577 4788 2906 4845 clandestin.
2958 4789 3032 4843 De
3063 4803 3266 4859 sponsa
3310 4803 3360 4842 c.
3388 4788 3487 4843 ult.

1905 4860 2009 4927 Qui
2048 4861 2452 4930 matrimonium
2486 4863 2771 4930 accusare)
2806 4861 2858 4914 in
2898 4861 3150 4915 ecclesiis
3197 4859 3327 4930 lieri
3357 4859 3492 4930 soli.-

1909 4940 2014 4984 tas.
2049 4929 2309 5000 Pompatn
2341 4929 2563 5000 quidem
2595 4946 2701 4984 non
2730 4927 2959 5000 requirit
2995 4931 3046 4984 in
3076 4928 3285 5000 nuptiis
3317 4928 3363 5000 Ι,
3393 4927 3488 4991 22,

1906 5001 1969 5054 (Σ.
2000 5001 2074 5055 De
2101 4999 2278 5070 nupt.,
2313 4999 2408 5055 sed
2467 5008 2646 5056 tamen
2700 4999 2892 5057 eodem
2940 5001 3026 5054 tit.
3068 5001 3103 5056 Ι.
3132 5001 3224 5065 24,
3257 4999 3486 5061 dicitur,

3116 4649 3278 4717 (quas
3305 4648 3487 4701 [lanna

293 5069 598 5146 (52Hth
627 5073 736 5129 Leo
758 5069 1206 5148 benedictionem
1243 5071 1452 5148 nuptiis
1507 5069 1798 5148 adhiberi:
1839 5093 1880 5148 ι)
1910 5085 2017 5125 ιιοιι
2049 5069 2211 5148 aliter
2263 5071 2510 5148 conditio
2560 5072 3206 5148 nuptiarum_evenis_sc,
3249 5084 3417 5148 quam
3441 5071 3488 5123 si

215 5142 401 5215 quem
435 5148 599 5200 ritum
653 5147 845 5215 probat
894 5160 960 5200 ex
1010 5142 1335 5213 adoptionis
1374 5142 1715 5198 solemnibus
1740 5142 1794 5196 d.

215 5219 356 5274 Nov.
388 5218 481 5273 24.
513 5215 646 5270 Illud
678 5222 935 5280 constat,
967 5215 1112 5284 apud
1151 5215 1401 5269 etlmicos
1450 5222 1797 5284 sacramenta

216 5293 366 5360 ignis
389 5299 446 5343 et
483 5302 638 5356 aquae
667 5287 874 5360 nuptiis
913 5280 1183 5360 adhibita,
1213 5285 1252 5339 ι.
1284 5299 1405 5360 peu_.
1444 5285 1498 5336 in
1531 5280 1696 5335 tiu.tl’.
1724 5281 1800 5360 _De

216 5354 352 5417 d'on.
385 5354 761 5416 inter—virum:
795 5355 955 5421 Apud
981 5355 1326 5410 Christianos
1375 5354 1520 5408 Deus
1581 5354 1802 5421 nuptia-

217 5447 342 5487 rum
375 5430 703 5485 conciliator
733 5424 982 5485 creditur
1014 5425 1179 5480 Marc.
1206 5441 1274 5491 ις
1309 5424 1562 5494 conjugia
1624 5424 1798 5492 preci-

221 5506 324 5557 bus
353 5511 409 5557 et
439 5499 819 5556 benedictione
872 5498 1192 5552 conﬁrmata
1228 5495 1396 5550 fuisse
1419 5495 1560 5564 apud
1590 5503 1798 5548 veteres

218 5575 404 5628 innuit
436 5573 661 5626 historia
684 5568 870 5624 Tobiae
889 5584 944 5629 ν.
975 5583 1072 5628 vn,
1097 5581 1216 5631 vm,
1239 5574 1293 5621 et
1321 5565 1604 5619 Evaristus
1630 5564 1800 5618 refert

216 5643 310 5708 50,
338 5661 394 5714 q.
423 5643 476 5704 5,
507 5657 556 5696 c.
593 5643 645 5705 l,
674 5638 792 5695 Non
817 5640 974 5694 aliter
993 5638 1296 5714 legitimum
1315 5635 1630 5705 coniugium
1652 5650 1794 5699 esse,

213 5707 386 5781 quam
423 5715 468 5768 si
517 5728 620 5766 suo
671 5721 918 5781 tempore
975 5707 1411 5781 sacerdotaliter,
1445 5716 1506 5781 u_t
1545 5720 1662 5781 mos
1686 5716 1792 5781 est,

213 5773 346 5840 cum
419 5784 672 5852 precibus
703 5791 759 5836 et
787 5773 1180 5852 'oblationibus
1215 5794 1242 5830 a
1289 5776 1575 5852 sacerdote
1601 5773 1792 5852 lactis

216 5843 607 5920 benedicatur;
638 5862 690 5909 et
726 5852 952 5908 Tertull.
981 5852 1037 5919 2,
1067 5851 1135 5906 ad
1167 5864 1403 5913 uxorem,
1435 5866 1452 5896 ‹
1492 5843 1646 5901 Unde
1673 5848 1790 5902 suf-

1909 5142 2220 5215 nuptiarum
2235 5144 2533 5215 accesserit
2570 5138 2858 5215 festivitas.
2892 5142 3233 5215 Tridentina
3247 5138 3489 5215 synodus

1907 5209 2152 5267 sessione
2181 5226 2305 5278 pen.
2333 5213 2564 5281 requirit
2606 5214 2952 5282 praesentiam
3014 5209 3321 5282 paroclijet
3350 5209 3492 5282 dun-

1907 5298 2028 5336 rntn
2057 5283 2139 5335 vel
2175 5279 2906 5350 Iriumtestiumiliogerins
2953 5279 3045 5336 rex
3090 5297 3146 5334 ιιι
3210 5279 3481 5350 Neapolit.

1908 5362 2084 5407 const.
2126 5352 2598 5424 2.2,matriuionia
2657 5349 2779 5408 sine
2834 5351 3162 5424 sacerdotali
3225 5349 3485 5424 benedic-

1908 5423 2063 5492 tione
2111 5420 2331 5491 publica
2384 5424 2642 5492 (maxime
2702 5424 2846 5478 inter
2907 5423 3144 5488 nobiles)
3189 5420 3303 5474 vult
3361 5431 3486 5492 esse

1908 5488 2247 5547 clandestina
2271 5501 2326 5548 et
2355 5488 2572 5548 illicita:
2602 5510 2701 5547 nec
2739 5497 2848 5548 ullo
2879 5507 3013 5548 casu
3049 5497 3375 5546 testamento
3401 5488 3488 5542 vel

1909 5564 2190 5627 intestato,
2229 5567 2445 5632 nuptias
2497 5564 2814 5632 huiusmodi
2840 5561 3316 5632 contrahentibus,
3342 5572 3489 5632 _s_uc-

1907 5634 2024 5688 cedi
2059 5651 2070 5687 :
2103 5628 2362 5689 mulieres
2417 5628 2586 5701 ipsas'
2629 5634 2784 5690 dotes
2834 5633 3114 5698 amittere,
3164 5629 3271 5701 nisi
3304 5628 3484 5701 vidua:

1906 5705 2016 5758 sint
2053 5711 2106 5756 et
2137 5705 2361 5758 nubant.
2400 5698 2555 5758 Adde
2599 5705 2672 5759 De
2717 5701 3078 5759 clandestinis
3114 5698 3488 5755 matrimoniis

1906 5772 2058 5828 Extr.
2098 5774 2170 5830 De
2223 5775 2581 5832 clandestinis
2615 5776 2819 5845 nuptiis
2863 5775 3040 5831 dicam
3077 5773 3144 5828 ad
3174 5771 3210 5828 I.
3236 5770 3267 5823 7
3307 5768 3372 5826 C.
3405 5765 3484 5825 De

1905 5854 2059 5916 nltpt.
