4220 6442
781 376 889 439 603

2019 381 2215 444 LEON
2228 383 2296 442 IS
2335 382 2796 445 PIIILOSOPHI

3959 381 4077 444 604

779 491 1072 548 snt-tudine
1106 491 1438 544 matrimonii
1468 489 1592 560 jure
1625 492 1787 560 potiri
1828 493 2075 550 velimus.
2105 496 2248 550 Nihil
2279 499 2362 552 in-

2471 499 2619 562 ξεται
2654 499 2764 551 τῶν
2794 497 3102 551 semoto-4”
3131 497 3358 550 δικαίων
3399 498 3430 566 ἡ
3463 498 3686 568 τοιαύτη
3721 497 4062 567 συμϐίωσις.

779 593 863 639 ter
915 585 1059 636 enim
1114 582 1427 637 ccelibatnm
1479 593 1534 638 et
1587 586 2039 652 matrimonium,
2099 589 2244 657 quod
2282 605 2365 643 rc-

783 679 1042 747 prehendi
1081 693 1188 730 non
1214 675 1699 742 debeat,medium
1731 677 2001 733 invenias.
2036 679 2364 748 Conjugalis

783 779 904 821 vitae
957 769 1235 823 desiderio
1271 769 1476 823 teneris
1498 768 1520 821 ?
1545 768 1802 838 Conjngii
1863 769 2010 841 leges
2052 786 2238 825 serves
2267 787 2363 826 ne-

779 875 935 914 cosse
961 868 1065 914 est.
1109 859 1409 930 Displicent
1436 861 1772 914 matrimonii
1805 862 2116 916 molestize?
2144 861 2363 918 Coelebs

778 954 952 1015 vivas,
993 969 1165 1022 neque
1202 952 1609 1006 matrimonium
1660 954 1955 1019 adulteros,
2017 969 2193 1024 neque
2227 954 2364 1012 falso

780 1047 1071 1100 cmlihatns
1103 1048 1322 1100 nomine
1345 1046 1562 1113 culpam
1604 1054 1897 1113 przetexas.

1265 1131 1734 1188 CONSTITUTIO
1771 1132 1881 1187 XC.

793 1224 862 1278 Ut
915 1234 1001 1295 qui
1062 1229 1272 1280 tertium
1311 1227 1520 1294 (55-55)
1577 1226 1977 1279 matrimonium
2022 1228 2361 1293 contrahunt,

907 1299 1050 1350 sacri
1098 1298 1317 1350 canonis
1368 1296 1479 1365 (56)
1521 1311 1688 1366 preme
1735 1297 1846 1365 (57)
1887 1300 2098 1351 obnoxii
2125 1301 2251 1351 sint.

856 1388 999 1442 Idem
1036 1391 1332 1456 imperator
1363 1389 1542 1444 eidem
1580 1389 1850 1462 Styliano.

855 1480 1155 1549 Oportebat
1193 1496 1317 1545 nos,
1358 1482 1681 1536 cumdivina
1704 1497 1866 1534 manu
1893 1480 2115 1536 formati
2151 1491 2363 1536 mente-

785 1588 893 1640 que
925 1586 988 1624 ac
1022 1571 1234 1625 ratione
1264 1569 1474 1639 praediti
1503 1569 1700 1634 simus,
1753 1569 2123 1638 quorumdam
2173 1570 2364 1625 bruto-

787 1679 905 1717 rum
939 1664 1271 1733 prmstantiae
1307 1675 1416 1716 non
1447 1660 1664 1716 cedere.
1699 1660 1816 1716 Non
1873 1661 2018 1716 enim
2054 1661 2146 1716 illa
2197 1662 2365 1716 imbe-

784 1757 987 1811 cillitas
1023 1755 1456 1826 reprehensione
1516 1766 1694 1817 vacat,
1728 1769 1907 1823 neque
1938 1769 1968 1806 a
2029 1753 2197 1822 justis
2225 1755 2366 1808 vitu—

785 1849 1164 1918 perationihns
1196 1848 1368 1902 libera
1397 1856 1514 1901 est:
1547 1845 1639 1901 sed
1683 1853 1837 1900 tanto
1859 1845 2154 1908 obnoxior,
2191 1861 2365 1916 quan-
2402 1840 2441 1895 Β

787 1951 901 1994 ιιιιιι
929 1940 1127 1995 brutali
1173 1949 1380 1993 naturae
1426 1937 1771 1992 rationabilis
1797 1936 2091 2008 prudentia
2125 1937 2366 1992 antecel-

788 2030 869 2085 lit.
896 2030 1216 2100 Oportebat,
1266 2029 1513 2101 inquam,
1554 2030 1801 2084 homines
1826 2045 1952 2082 cum
1987 2029 2040 2082 in
2074 2021 2219 2094 aliis,
2255 2039 2368 2082 tmn

789 2124 1062 2193 przrcipne
1097 2124 1147 2176 in
1181 2124 1435 2178 castitate
1489 2121 1880 2176 matrimoniali
1937 2136 1967 2174 a
2016 2121 2194 2176 brutis
2253 2119 2368 2192 (58)

787 2231 896 2268 non
933 2215 1098 2269 vinci.
1127 2214 1294 2268 Multa
1323 2225 1505 2268 autem
1537 2213 1825 2268 brutorum
1872 2213 2240 2267 animantium
2269 2228 2367 2283 ge-

790 2319 920 2359 nera
949 2303 1086 2373 (59),
1112 2303 1343 2373 conjuge
1393 2312 1634 2368 mortuo,
1671 2309 1992 2373 perpetuam
2052 2302 2367 2357 viduitatem

789 2397 1235 2467 amplectuntur,
1309 2395 1606 2465 altcrtsque
1667 2395 1878 2464 nuptiis
1943 2394 2157 2464 priores
2222 2395 2370 2448 velut

789 2500 1051 2556 congeSta
1088 2493 1237 2540 terra
1289 2485 1547 2554 obtegere
1604 2484 1821 2538 nolunt.
1851 2482 2052 2538 Verum
2108 2484 2368 2553 quoniam

788 2577 933 2631 hanc
959 2575 1375 2632 imbecillitatem
1428 2585 1640 2647 turpem
1704 2593 1813 2632 non
1867 2593 1990 2633 esse
2029 2579 2367 2647 (quanquam

787 2668 1106 2737 turpissima
1138 2668 1228 2737 sit)
1260 2667 1588 2745 existimans
1617 2679 1838 2735 natura,
1874 2670 2052 2739 primo
2087 2669 2369 2724 matrimo-

789 2760 883 2814 nio
908 2767 1164 2814 contenta
1196 2775 1306 2813 non
1333 2770 1439 2826 est,
1489 2759 1587 2814 sed
1660 2761 1813 2816 nullo
1849 2761 2057 2831 pudore
2104 2768 2251 2816 tacta
2301 2761 2367 2816 ad

787 2853 1091 2907 secundum
1113 2853 1276 2907 etiam
1308 2853 1562 2925 procedit
1602 2873 1614 2908 :
1649 2855 1780 2925 quin
1808 2869 1931 2909 emn
1969 2855 2117 2909 illam
2152 2855 2240 2908 hic
2264 2854 2372 2911 sal-

790 2954 899 3000 tem
930 2946 1126 3001 sistere
1148 2945 1395 3012 deberet,
1429 2961 1532 3002 non
1568 2956 1750 3001 tamen
1776 2947 1826 3001 id
1879 2947 2010 3002 facit
2035 2967 2048 3002 :
2077 2955 2152 3012 et,
2188 2963 2368 3015 quan-

788 3051 952 3104 quam
980 3050 1076 3104 per
1106 3051 1319 3090 sacram
1353 3036 1525 3106 legem
1554 3051 1662 3091 non
1693 3037 1879 3099 liceat,
1907 3052 1936 3090 a
1980 3037 2224 3091 secundo
2250 3053 2364 3089 ma-

789 3125 1053 3179 trimonio
1081 3125 1147 3178 ad
1183 3127 1404 3178 tertium
1438 3127 1784 3197 prorumpit:
1826 3126 1973 3180 haud
2011 3125 2176 3180 dubie
2231 3141 2364 3178 con-

787 3217 1037 3272 stitutam
1071 3218 1124 3271 in
1160 3219 1383 3272 tertium
1455 3219 1864 3272 matrimonium
1925 3233 2167 3288 pugnam,
2219 3219 2365 3288 quod

791 3322 901 3360 non
961 3316 1305 3370 exercentur,
1366 3309 1706 3377 contemptui
1772 3307 2028 3361 habens:
2089 3307 2255 3377 idque
2305 3321 2370 3360 co

789 3400 954 3452 etiam
988 3401 1159 3468 magis
1190 3400 1334 3468 quod
1369 3399 1548 3454 civilis
1581 3401 1688 3463 let,
1715 3415 1821 3469 qua
1863 3401 2050 3453 nescio
2079 3399 2145 3455 de
2173 3414 2364 3464 causa,

792 3489 1033 3560 Spiritus
1060 3505 1277 3560 pmnam
1314 3490 1704 3545 constituentis
1735 3490 1957 3544 decreto
2001 3504 2106 3543 non
2141 3504 2373 3544 consen-

791 3559 906 3647 tiu’t,
944 3583 1038 3638 sed
1096 3584 1197 3637 hos
1232 3598 1259 3637 a
1312 3583 1741 3653 reprehensione
1785 3599 1948 3653 porro
2006 3584 2223 3646 liberat,
2276 3584 2370 3650 qui

791 3682 916 3742 post
937 3673 1166 3727 alterum
1203 3674 1605 3728 matrimoniale
1635 3673 1977 3728 consortium
2023 3688 2051 3724 a
2081 3673 2367 3726 matrimo-

793 3768 900 3820 niis
926 3766 1203 3822 abstinere
1236 3767 1446 3820 nolint:
1479 3765 1687 3820 idcirco
1713 3782 1812 3820 nos
1835 3781 1956 3834 qua:
1985 3764 2215 3833 Spiritui
2251 3765 2369 3833 pla-

791 3865 918 3912 cent
937 3863 1256 3924 sequentes,
1289 3857 1607 3920 statuimus,
1636 3865 1694 3909 nt
1725 3856 1815 3924 qui
1847 3855 1913 3909 ad
1973 3855 2194 3909 tertium
2253 3867 2370 3906 nia-

797 3951 1114 4004 trimonium
1151 3948 1522 4018 pervenerint,
1555 3961 1730 4017 pinnae
1755 3961 1920 4017 quam
1947 3945 2000 3999 in
2028 3947 2180 4015 ipsos
2209 3958 2366 4000 sacer

790 4055 966 4097 canon
991 4037 1102 4111 (60)
1137 4039 1520 4108 promulgavit,
1565 4039 1783 4092 obnoxii
1808 4038 1939 4093 sint.

1269 4127 1740 4186 CONSTITUTIO
1771 4127 1906 4183 XCI.

974 4223 1041 4279 Ut
1081 4224 1430 4278 concubinam
1475 4222 1664 4276 habere
1694 4238 1797 4275 non
1833 4221 1989 4275 liceat
2051 4218 2186 4290 (6!).

863 4315 1008 4371 Idem
1038 4316 1336 4386 imperator
1374 4313 1551 4368 eidem
1597 4311 1867 4383 Styliano.

2468 591 2689 653 Μεταξὺ
2736 592 2846 661 γὰρ
2894 589 3138 658 ἀγαμίας
3188 588 3281 641 καὶ
3331 588 3509 657 γάμου
3557 589 3655 641 οὐκ
3703 588 3852 641 ἔστιν
3878 591 4075 657 εὑρεῖν

2468 682 2887 752 ἀκατηγόρητον
2918 682 2979 734 τὸ
3007 679 3486 750 γινόμενον.“Ἐστι
3520 696 3603 733 σοι
3630 683 3876 750 γαμικῆς
3910 680 4074 732 πολι-

2467 776 2618 838 τείας
2645 775 2862 842 ἔφεσις;
2912 775 3152 842 Ἀνάγκη
3199 774 3267 826 τὰ
3317 772 3408 826 τοῦ
3459 772 3638 842 γάμου
3682 774 3910 841 τηρεῖ-ι’
3939 771 4076 824 ἀλλ’

2468 865 2772 932 ἀπαρέσκει
2830 862 2924 915 τοῦ
2970 864 3148 931 γάμου
3189 860 3258 914 τὰ
3301 861 3646 930 πράγματα*
3696 857 3974 911 διοικείτω
4006 873 4071 908 σε

2468 955 2683 1024 ἁγαμία
2701 973 2714 986 ·
2749 954 2842 1008 καὶ
2875 955 3011 1025 μήτε
3039 953 3216 1024 γάμον
3241 951 3622 1022 κιϐδηλεύσῃς,
3651 951 3786 1020 μήτε
3807 948 4006 1018 ψεῦδος
4021 948 4075 978 ’κ

2467 1047 2566 1118 τὴ]
2593 1047 2840 1118 ἀγαμίαν
2871 1045 3173 1115 ὑποκορίζῃ
3193 1046 3262 1097 ⁸³.

3047 1134 3361 1188 ΔΙΑΤΑΞιΣ
3400 1137 3469 1200 ιιι.

2470 1231 2605 1298 Περὶ
2648 1231 2753 1282 τοῦ
2779 1230 2920 1294 τοὺς
2948 1231 3034 1293 εις
3079 1227 3397 1298 τριγαμίαν
3448 1225 3869 1298 καταστάντας
3897 1220 3972 1291 τῇ
4001 1222 4074 1274 ἐκ

2645 1300 2751 1352 τοῦ
2776 1293 2936 1365 ἱεροῦ
2971 1293 3229 1363 κανόνος
3250 1293 3634 1350 ήὺποκεῖσθαι
3672 1293 3878 1361 «atrii.

2536 1390 2593 1442 Ὀ
2622 1390 2782 1452 αὐτὸς
2816 1388 3071 1458 βασιλεὺς
3100 1386 3376 1456 Στυλιανῷ
3415 1386 3493 1456 τῷ
3527 1384 3696 1456 αὐτῷ.

2542 1480 2688 1534 Ἔδει
2721 1481 2786 1552 δὴ
2802 1481 2847 1512 ³⁸
2879 1478 3104 1546 πλάσμα
3149 1476 3250 1546 τῆς
3300 1476 3451 1538 θείας
3496 1477 3644 1546 ἡμᾶς
3675 1474 3942 1546 παλάμῃς
3970 1475 4070 1526 καὶ

2466 1573 2540 1642 νῷ
2581 1575 2675 1626 καὶ
2699 1575 2844 1643 λόγῳ
2869 1571 3272 1643 τετιμημένους
3301 1569 3376 1641 μὴ
3403 1568 3505 1639 τῆς
3535 1567 3847 1638 προσούσης
3889 1567 3950 1619 ἐν
3984 1584 4064 1619 τι.

2469 1684 2553 1721 σιν
2583 1666 2802 1734 ἀλόγοις
2825 1666 3028 1736 ἀρετῆς
3048 1662 3313 1735 ἡττᾶσθαι
3337 1678 3350 1692 ·
3379 1662 3441 1715 οὗ
3466 1661 3576 1733 γὰρ
3600 1659 3704 1725 ἔξω
3729 1661 4073 1730 κατηγορίας

2466 1758 2528 1811 τὸ
2569 1757 2812 1826 ἥττημα,
2863 1756 2986 1809 οὐδὲ
3034 1754 3244 1825 μώμων
3287 1751 3515 1807 δικαίων
3567 1750 3878 1821 ἐλεύθερον,
3933 1750 4075 1803 ἀλλὰ

2470 1843 2724 1900 τοσοῦτον
2756 1844 3032 1909 ὑπόδικον,
3053 1844 3179 1897 ὅσον
3207 1843 3307 1912 τῆς
3332 1842 3534 1910 ἀλόγου
3567 1841 3784 1910 φύσεως
3811 1841 3848 1910 ἡ
3875 1839 4073 1906 λογικὴ

2475 1938 2607 2008 περὶ
2632 1937 2692 1991 τὸ
2715 1939 2940 2008 ἄμεινον
2961 1935 3190 1991 ³⁷.Ἔδει
3218 1930 3313 1990 οὖν
3357 1936 3426 1990 τά
3471 1951 3533 1987 τε
3569 1933 3702 1987 ἄλλα
3732 1933 3830 1986 καὶ
3872 1935 3932 1985 ἐν
3961 1934 4073 1992 τοῖς

2472 2031 2728 2098 γαμικοῖς
2764 2029 2839 2099 μὴ
2884 2028 2946 2081 τὸ
2993 2027 3217 2080 ἔλαττον
3263 2025 3364 2094 τῆς
3401 2026 3460 2079 ὲν
3493 2025 3675 2086 αὐτοῖς
3709 2022 4073 2091 σωφροσύνης

2473 2123 2754 2191 προσεῖναι
2798 2119 3129 2192 ἀνθρώποις.
3179 2117 3356 2173 Πολλὰ
3399 2117 3508 2189 γὰρ
3549 2117 3659 2170 τῶν
3705 2116 3924 2183 ἀλόγων
3979 2115 4072 2168 τοῦ

2471 2214 2743 2284 ὁμοζύγου
2776 2213 3298 2286 προαποφθαρέντος
3319 2211 3409 2264 διὰ
3443 2209 3560 2280 βίον
3582 2210 3683 2279 τὴν
3716 2209 3953 2278 χηρείαν
3981 2211 4076 2262 ἀκ-

2471 2306 2861 2372 σσπάξεταιη,
2896 2306 2993 2359 καὶ
3038 2305 3310 2375 δευτέροις
3357 2303 3460 2356 οὐκ
3507 2302 3681 2356 ἐθέλει
3732 2301 3940 2369 γάμοις
3983 2300 4074 2351 τὸν

2473 2398 2691 2470 πρῶτον
2723 2397 2915 2470 ὥσπερ
2947 2395 3547 2468 καταχωννύειν.Ἒπεὶ
3587 2394 3646 2447 δὲ
3676 2393 3776 2462 τὴν
3809 2391 4074 2459 τοιαύτην

2470 2485 2641 2561 ἧτταν
2669 2493 2700 2559 ἡ
2736 2489 2898 2558 φύσις
2927 2490 2987 2542 οὗ
3023 2489 3248 2559 βαρεῖαν
3276 2487 3594 2557 νομίζουσα,
3619 2485 3800 2538 καίτοι
3831 2481 4074 2552 βαρυτά-

2470 2596 2590 2647 την,
2609 2581 2675 2648 τῇ
2710 2578 2902 2650 πρώτῃ
2927 2579 3027 2630 οὐκ
3051 2578 3300 2647 ἀρκεῖται
3332 2577 3544 2644 γαμικῇ
3574 2571 3782 2642 ὁμιλίᾳ,
3817 2569 3959 2622 ἀλλὰ
3986 2566 4078 2625 καὶ

2472 2672 2610 2744 πρὸς
2655 2669 2916 2742 δευτέραν
2966 2667 3120 2722 οὐδὲν
3159 2666 3452 2736 αἰδουμένη
3511 2667 3716 2735 χωρεῖ,
3751 2663 3850 2715 καὶ
3909 2664 4074 2731 μέχρι

2471 2762 2662 2816 τούτου
2709 2763 2770 2815 τὸ
2813 2761 3013 2830 ἑαυτῆς
3057 2758 3288 2827 ὤφειλεν
3340 2755 3547 2827 ὁρίζειν
3589 2755 3883 2823 ἐλάττωμα
3908 2771 3921 2783 ·
3958 2755 4073 2808 ἀλλ’

2473 2856 2572 2924 οὐχ
2597 2853 2740 2906 οὕτω
2771 2855 2937 2915 ποιεῖ,
2968 2851 3083 2905 ἀλλ’
3107 2850 3228 2902 οὔτε
3262 2847 3593 2918 συγγνώμην
3636 2847 3694 2910 ἐξ
3721 2847 3873 2914 ἱεροῦ
3905 2846 4074 2916 νόμου

2473 2945 2564 2998 ἐπὶ
2587 2945 2664 3014 τῷ
2692 2942 3036 3012 ἑλαττώματι
3066 2940 3358 3012 λαμϐάνει,
3387 2942 3483 2993 καὶ
3517 2940 3654 3010 πρὸς
3687 2939 3873 3010 τρίτον
3895 2940 4074 3007 γάμον

2475 3039 2540 3090 ὲκ
2587 3035 2683 3090 τοῦ
2732 3035 2988 3106 δευτέρου
3041 3035 3362 3104 προάγεται,
3391 3033 3469 3104 τῷ
3506 3033 3580 3103 μὴ
3614 3033 3772 3102 δίκην
3802 3033 3862 3084 ἐν
3893 3033 4073 3100 τούτῳ

2473 3129 2843 3200 άπαιτηθῆναι
2865 3170 2880 3195 ,
2909 3129 3003 3181 καὶ
3035 3128 3133 3196 τῆς
3165 3126 3426 3197 κειμένης
3455 3127 3548 3179 ἐπὶ
3574 3125 3651 3194 τῷ
3689 3123 3860 3194 τρίτῳ
3891 3126 4071 3176 ἐπιτι-

2476 3222 2694 3292 μήσεως
2711 3221 2757 3252 ⁰⁹
2785 3220 3270 3289 καταφρονήσασα,
3309 3216 3543 3287 μάλιστά
3571 3230 3633 3284 γε
3663 3217 3758 3268 καὶ
3787 3215 4071 3268 πολιτικοῦ

2469 3315 2634 3384 νόμου
2673 3312 2795 3382 (οὐκ
2826 3308 2921 3364 οἷδ’
2949 3311 3118 3379 ὅπως)
3157 3311 3232 3380 μὴ
3264 3313 3575 3380 συμφωνεῖν
3605 3308 3971 3377 ἐθελήσαντος
3995 3307 4072 3375 τῷ

2470 3406 2703 3475 δόγματι
2731 3402 2825 3457 τοῦ
2855 3403 3197 3471 Πνεῦματος,
3222 3401 3358 3454 ἀλλὰ
3386 3401 3646 3471 μέμψεως
3667 3399 3921 3467 ἀφιέντος
3947 3399 4070 3458 τοὺς

2481 3498 2644 3568 μέχρι
2672 3498 2770 3566 τῆς
2807 3495 3068 3565 δευτέρας
3110 3493 3358 3563 γαμικῆς
3401 3491 3475 3561 μὴ
3508 3490 3842 3560 στέρξαντας
3877 3507 4071 3542 κοινω-

2474 3590 2631 3654 νίας·
2660 3588 2951 3660 τοιγαροῦν
2997 3589 3162 3657 ἡμεῖς
3209 3587 3321 3648 τοῖς
3365 3584 3445 3654 τῷ
3494 3584 3774 3653 Πνεύματι
3820 3582 4072 3634 δοκοῦσιν

2477 3681 2732 3749 ἑπόμενοι
2764 3678 3050 3752 ὁρίζομεν,
3082 3679 3209 3740 τοὺς
3237 3679 3318 3740 εἰς
3347 3677 3653 3748 τριγαμίαν
3689 3675 4070 3733 καταστάντας

2479 3771 2800 3825 ὑποκεῖσθαι
2845 3773 2912 3842 τῇ
2959 3771 3106 3842 δίκῃ,
3147 3771 3324 3840 ἥνπερ
3354 3769 3570 3823 αὐτῶνι
3617 3770 3646 3822 ὁ
3691 3767 3837 3837 ἱερὸς
3887 3762 4069 3818 κανὼν

2476 3863 2813 3935 ἐξενήνοχεν.

3043 4123 3356 4176 ΑιΑτΑΞιΣ
3393 4121 3510 4190 ιιιγ.

2626 4216 2764 4284 Περὶ
2793 4215 2899 4268 τοῦ
2928 4214 3010 4284 μὴ
3045 4215 3517 4282 συιιφθειγδεσθαί
3560 4209 3930 4273 παλίιιγίιῖς.

2569 4310 2627 4362 ὐ
2653 4310 2815 4371 αὐτὸς
2853 4309 3105 4379 βασιλεὺς
3137 4305 3411 4375 Στυλιανῷ
3442 4303 3520 4374 τῷ
3558 4304 3725 4372 αὐτῷ.

2102 4452 2335 4508 νΑῐιιΑῑ
2372 4451 2775 4508 LECTIONES.

847 4579 896 4611 ”
928 4577 1115 4646 Steph.
1159 4576 1303 4646 conj.
1332 4576 1544 4630 τούτου.
1620 4576 1667 4608 ⁸⁸
1701 4575 1889 4644 Steph.
1916 4575 2148 4643 ψευδῶς.

793 4648 964 4703 Codd.
1017 4647 1256 4716 Ἐπειδή.

793 4733 843 4785 c,
878 4720 930 4774 5.
964 4719 1023 4773 S.
1055 4715 1240 4773 Basilii
1267 4731 1316 4772 c.
1348 4717 1399 4781 4,
1436 4715 1649 4782 50,⁷80.
1732 4717 1772 4756 -ί
1815 4715 1996 4770 Malim
2035 4715 2239 4776 αὐτοῖς.

2225 4575 2271 4606 ⁸⁸
2302 4572 2392 4626 Sic
2421 4571 2687 4636 Stephan.
2735 4569 2908 4623 Codd.
2971 4567 3286 4635 ὑποκορίζοι
3321 4582 3419 4617 σοι.

1368 4649 1411 4679 ³⁷
1439 4646 1629 4716 Steph.
1656 4646 1781 4715 περὶ
1802 4643 1862 4716 τὸ
1893 4647 2113 4713 φρονεῖν
2171 4643 2413 4714 ἄμεινον.

3595 4561 3750 4640 Clin].
3787 4560 3983 4640 Sjcph.
4023 4593 4073 4602 -

2522 4630 2568 4674 5’
2602 4640 2786 4711 Steph.
2820 4639 2966 4708 conj.
2999 4630 3428 4700 άντχσπάζεται.
3528 4635 3572 4664 ⁹⁹
3622 4631 3749 4702 Syn.
3822 4630 4064 4685 Nencu‘s.

2310 4803 2542 4860 NOTAE.

868 4905 1080 4977 (53-55)
1119 4906 1193 4961 De
1241 4904 1420 4977 tertiis
1465 4901 1694 4977 nuptiis,
1740 4900 1864 4954 vide
1919 4900 2370 4977 constitutionem
2405 4900 2448 4954 D

795 4967 1288 5046 Porphyrogenetm
1309 4973 1443 5029 Nov.
1488 4967 1616 5046 I,'_c.
1655 4973 1711 5034 2,
1740 4987 1887 5026 vers.
1928 4967 1998 5022 Ut
2030 4979 2234 5023 autem.

869 5043 994 5114 (56f
1018 5043 1110 5100 Sc.
1145 5043 1627 5114 Neoca‘sariensis.

870 5108 982 5186 (57)
1013 5115 1253 5185 Tempus
1311 5113 1532 5186 aliquod
1563 5112 1866 5186 putuit-indi
1915 5109 2150 5186 biganris
2180 5119 2235 5163 et
2265 5108 2370 5186 tij-

797 5178 974 5254 gamis
1003 5178 1321 5255 imponitur.
1359 5178 1494 5255 Illud
1525 5178 1892 5255 adjiciendum
1921 5178 2050 5255 age.
2082 5180 2190 5234 ﬁet
2221 5195 2271 5232 ο.
2305 5178 2364 5238 ’7.

797 5252 1042 5326 ejusdem
1069 5252 1287 5326 synodi,
1322 5253 1492 5308 vetari
1518 5253 1906 5326 presbyteros
1944 5252 2212 5326 interesse
2268 5264 2371 5326 n_u-

798 5320 927 5393 p'tiis
970 5320 1116 5392 ejus,
1164 5340 1286 5396 qua)
1326 5320 1572 5380 secundo
1627 5320 1805 5396 nubit.
1875 5320 2167 5396 I’rivabnnt
2224 5320 2369 5396 enim

799 5391 1049 5450 nonnulli
1095 5391 1472 5449 benedictione
1503 5394 1776 5448 secundas
1802 5394 2039 5459 nuptias,
2083 5391 2202 5443 vide
2233 5391 2370 5453 Aug.

801 5481 910 5522 ser.
940 5466 1068 5528 9.53,
1105 5467 1358 5520 Ambros.
1385 5468 1438 5518 in
1475 5479 1596 5532 cap.
1631 5478 1700 5516 vn
1757 5463 1770 5516 I
1822 5461 1902 5514 Ad
1939 5460 2188 5532 Corinth.
2226 5469 2280 5511 et
2318 5461 2371 5509 in

804 5551 862 5590 ιιι
902 5551 1020 5603 cap.
1051 5537 1240 5604 prima:
1266 5533 1334 5604 ad
1366 5530 1641 5604 Corinth.,
1673 5533 1968 5604 concilium
2009 5530 2380 5604 Lateranensc

801 5609 904 5661 Sub
938 5602 1252 5659 Aleiandro
1279 5603 1370 5667 III,
1408 5605 1494 5658 tit.
1525 5603 1600 5658 De
1636 5602 1870 5658 sccund.
1898 5609 2051 5669 nupt.
2087 5616 2136 5653 c.
2167 5602 2214 5654 I.

874 5674 987 5744 (53)
1029 5675 1165 5728 IIine
1197 5675 1329 5728 illud
1371 5672 1832 5744 Nazianzeni,ab
1865 5667 2080 5744 πρῶτον
2126 5667 2378 5723 συνοικέ-

807 5741 1125 5816 σιοννόμονσ
1151 5745 1209 5816 τὸ
1232 5744 1478 5816 δεύτερον
1511 5743 1872 5816 συγχωρῂσις,
1906 5741 1966 5796 τὸ
1998 5741 2173 5812 τρίτον
2203 5755 2379 5808 παρα-

804 5815 990 5886 νομία,
1010 5813 1092 5867 τὸ
1114 5815 1368 5886 τέταρτον
1391 5813 1662 5886 ἠχοιρώδης
1689 5813 1819 5883 βίος.

2551 4895 2666 4964 (είςι)
2699 4893 2768 4948 Ut
2802 4904 3068 4948 turtures.

2557 4960 2669 5035 (GU)
2701 4966 2912 5019 Cotton.
2947 4967 2999 5025 5.
3029 4966 3086 5035 7._
3124 4961 3558 5035 Neocaesariens.
3593 4961 3856 5035 synotlal.
3889 4960 3981 5035 ﬁt.
4014 4977 4062 5022 q.

2477 5037 2534 5098 2.
2565 5031 2620 5090 c.
2655 5031 2733 5089 De
2779 5036 2862 5090 his
2892 5035 2984 5102 qui
3016 5051 3032 5098 ;
3072 5033 3302 5087 Basilius
3326 5047 3376 5085 c.
3407 5031 3443 5083 4
3479 5031 3546 5083 ad
3597 5031 4064 5102 Amphilochium,

2482 5107 2570 5160 ubi
2615 5107 2738 5159 vide
2768 5105 3175 5158 Balsamonem.

2551 5177 2665 5242 (Gl)
2700 5176 3076 5229 Conenhinam
3130 5174 3332 5226 habere
3385 5185 3491 5225 non
3555 5172 3703 5237 licet,
3765 5182 3825 5224 nt
3861 5169 3978 5231 hic,
4019 5179 4066 5242 et

2480 5249 2553 5301 ita
2586 5240 2881 5315 abrogatur
2904 5245 2986 5298 tit.
3034 5243 3086 5297 IT.
3126 5245 3197 5315 lie
3229 5243 3402 5296 ailnlt.
3430 5249 3483 5294 ct
3509 5245 3740 5297 similes.
3776 5242 3925 5315 (tlim
3949 5240 4067 5315 qni-

2479 5318 2600 5371 dem
2655 5313 2947 5370 constante
3003 5313 3377 5373 matrimonio.
3437 5315 3808 5367 concubinam
3872 5313 4065 5363 habere

2485 5404 2594 5441 non
2625 5387 2799 5441 licuit.
2836 5384 2970 5437 Nov.
3009 5385 3093 5445 l8.
3127 5398 3177 5436 c.
3206 5384 3259 5445 5,
3293 5382 3428 5435 Nov.
3459 5382 3548 5441 89,
3583 5399 3630 5435 ιι.
3666 5385 3753 5445 12,
3789 5381 3816 5452 §
3847 5383 3904 5436 5.
3955 5378 4064 5432 Cac-

2483 5467 2659 5512 terum
2728 5456 3030 5510 concubina
3091 5469 3120 5507 a
3179 5455 3465 5507 meretrice
3529 5452 3806 5521 disert-put
3855 5469 3869 5505 :
3945 5463 4067 5502 θοι-ι·

2485 5529 2686 5582 cnhina
2708 5526 2876 5580 unius
2907 5534 3116 5579 tantum
3182 5521 3585 5578 consuetudine
3625 5524 3800 5576 utitur
3837 5540 3855 5576 :
3891 5534 4059 5574 mere-

2483 5600 2587 5652 trix
2615 5613 2746 5652 vero
2766 5597 3024 5665 plurium.
3055 5594 3373 5649 Concnbina
3400 5609 3531 5665 cum
3554 5609 3664 5647 uno
3693 5601 3910 5665 tantum
3947 5603 4064 5657 pec-

2485 5679 2591 5732 cat,
2627 5663 2885 5721 meretrix
2917 5679 3042 5719 cum
3069 5666 3337 5732 pluribus.
3398 5663 3687 5718 Balsamon
3737 5664 3806 5718 ad
3864 5673 4062 5717 canon.

2485 5740 2554 5794 9.6
2585 5739 2744 5808 epist.
2781 5737 2966 5792 Basilii
2990 5735 3056 5789 ad
3093 5736 3555 5806 Amphilochium.
3587 5735 3768 5791 Gorn.
