4220 6442
143 422 259 487 605

1271 410 1635 475 ΝονΕιιΑι
1660 410 2334 475 CONSTITUTIONES.

3317 414 3428 482 606

226 531 366 585 Ἀπὸ
401 528 495 596 τῆς
525 527 694 599 αὐτῆς
729 526 1054 598 ἀδιαφορίας
1093 526 1189 581 καὶ
1223 526 1324 596 τὴν
1355 527 1483 596 περὶ
1523 525 1732 579 παλλα-

1909 526 2099 598 Neque
2123 526 2309 582 minus
2333 541 2397 582 ea
2430 526 2517 583 lex
2551 525 2666 595 (62)
2695 541 2816 597 qum
2842 526 3112 596 probrose
3141 537 3267 580 cum
3292 539 3430 581 con-

144 629 249 695 κῆς
286 623 467 693 κρῖσιν
491 623 688 691 ὁρᾶται
716 619 1036 689 ποιούμενος
1057 621 1086 671 ὁ
1116 620 1229 680 τοῖς
1253 616 1430 680 οὕτως
1459 617 1740 686 ἐπιψόγως

145 712 584 784 συμφθείρεσθαι
610 711 916 774 παλλακαῖς
937 712 1039 764 οὑκ
1070 710 1408 778 αἰδουμένοις
1435 707 1740 779 συγχωρῶν

148 813 335 879 νόμος.
1386 860 1390 863 ,

220 904 434 957 Οὐκοῦν
479 901 601 956 οὐδὲ
647 900 853 968 ταύτην
886 897 980 951 τοῦ
1029 894 1324 966 νομοθέτου
1365 894 1465 962 τὴν
1499 895 1739 963 διαμαρ-

144 996 272 1049 τίαν
307 995 551 1066 ὑϐρίζειν
582 993 682 1064 τὴν
709 990 987 1061 ἡμετέραν
1017 987 1290 1041 πολιτείαν
1321 986 1526 1055 ἐῶμεν,
1565 984 1684 1038 ἀλλ’
1711 986 1740 1037 ό

151 1089 256 1157 μὲν
289 1089 461 1140 ἀΐδιον
495 1089 667 1157 ἐχέτω
701 1085 884 1154 σιγὴν,
918 1083 1052 1152 ήμῖν
1085 1081 1131 1133 δ’
1161 1077 1567 1148 ἀπαγορεύεται
1599 1075 1740 1130 κατὰ

145 1179 217 1230 τά
272 1180 396 1234 θεῖα
449 1182 542 1233 καὶ
598 1179 876 1246 πρέποντα
934 1175 1280 1245 Χριστιανοῖς
1334 1172 1645 1241 ἐντάλματα
1707 1171 1740 1239 ή

147 1272 382 1341 τοιαύτη
430 1271 585 1341 ὕϐρις
628 1271 688 1322 οὐ
728 1269 890 1338 μόνον
937 1270 1036 1337 τῆς
1065 1266 1303 1326 πίστεως
1337 1263 1474 1316 ἀλλά
1515 1263 1611 1314 καὶ
1643 1261 1741 1329 τῆς

147 1364 393 1430 φύσεως.
443 1361 506 1414 Εἰ
556 1362 654 1431 μὲν
687 1361 797 1430 γὰρ
832 1359 972 1412 κατὰ
1001 1357 1063 1410 τὸ
1089 1357 1268 1424 λόγιον
1292 1355 1470 1409 οἰκεία
1503 1354 1738 1422 ὑπάρχει

147 1454 326 1522 πηγὴ.
350 1457 415 1506 ἐκ
437 1453 543 1505 τῶν
576 1452 796 1506 οἰκείων
823 1448 1076 1519 ἀπαρύου
1103 1448 1394 1518 σωφρόνως
1429 1444 1589 1517 (ὅθεν
1619 1444 1740 1510 ἐξὸν

147 1546 417 1616 καθαρῶν
445 1543 851 1611 ἀπογεύεσθαι¹
883 1541 1164 1612 ναμάτων,
1198 1540 1262 1592 σὺ
1304 1537 1619 1609 προκρίνεις
1647 1537 1740 1589 τὸν

153 1635 478 1708 βόρϐορον)ο
529 1639 579 1688 εἰ
620 1636 664 1689 δ’
713 1636 813 1704 οὐχ
863 1635 1131 1704 ὑπάρχει,
1167 1630 1286 1686 ἀλλ’
1325 1630 1426 1683 οὐκ
1483 1619 1600 1682 ἔστι
1630 1628 1741 1681 τῶν

148 1729 487 1799 ἀπορρήτων
513 1730 546 1797 ή
597 1727 814 1797 κτῆσις,
865 1728 924 1780 οὑ
965 1724 1203 1797 χαλεπὸν
1237 1723 1294 1776 δὲ
1342 1722 1440 1793 τήν
1481 1719 1741 1775 κοινωνὸν

149 1817 249 1870 τοῦ
284 1817 405 1888 βίου
432 1817 636 1888 εὑρεῖν.

690 1909 1005 1962 ΔιΑΤΑΞιΣ
1050 1905 1142 1974 ιιιν
1167 1908 1207 1960 ³.

401 2000 542 2068 Περὶ
571 1999 676 2053 τοῦ
709 1996 1221 2066 ἐκτυρλώσαντος
1248 1995 1473 2048 exorti.

244 2165 308 2218 Ὀ
337 2164 504 2228 αὐτὸς
539 2165 792 2235 βασιλεὺς
819 2161 1094 2233 Στυλιανῷ
1128 2160 1206 2232 τῷ
1245 2159 1414 2231 αὐτῷ.

225 2259 290 2311 lii
323 2257 423 2310 καὶ
447 2257 623 2319 ἄλλως
653 2257 787 2324 ἡμῖν
814 2253 1062 2324 περὶτοῦ
1091 2252 1219 2314 τοὺς
1246 2250 1560 2322 ὀφθαλμοὺς
1589 2249 1747 2321 χερσὶ

156 2351 493 2420 βιαιοτάταις
517 2347 870 2419 ἐξορύξαντος
888 2344 967 2417 τῷ
985 2345 1124 2416 πρὸς
1149 2343 1564 2414 ἀμφισϐήτησιν
1596 2340 1747 2411 αὑτῷ

155 2440 552 2510 καθισταμένῳ
579 2441 610 2509 ή
643 2440 824 2510 κρίσις
857 2437 1144 2510 ἐξηνέχθη,
1175 2437 1209 2508 ἦ
1233 2437 1307 2498 ὡς
1331 2439 1378 2489 oi
1408 2435 1633 2488 παλαιοὶ
1660 2435 1747 2486 νό-

159 2550 248 2603 μοι
295 2532 671 2594 οεσπξζουσιν,
709 2531 823 2583 ἀλλ’
855 2532 958 2583 οὐκ
991 2526 1154 2599 ἦλθεν
1201 2528 1346 2581 κατά
1389 2527 1630 2579 διάνοιαν
1667 2526 1748 2588 είς

155 2625 322 2694 νόμον
349 2624 451 2693 τήν
479 2621 733 2690 τοιαύτην
761 2622 1105 2674 διατυπῶσαι
1135 2619 1337 2690 κρίσιν.
1389 2617 1614 2688 Ἐκρίθη
1647 2618 1746 2686 μὲν

157 2718 267 2786 γὰρ
300 2717 461 2783 ἡμῖν,
497 2712 687 2783 ὥσπερ
725 2712 819 2764 καὶ
869 2711 1089 2781 ἐκρίθη.
1139 2708 1585 2779 συμπαθέστερόν
1629 2724 1746 2769 πως

155 2809 250 2860 ἐπὶ
271 2805 353 2875 τῷ
381 2804 545 2858 πάθει
565 2801 1009 2872 διατεθειμένοις,
1043 2801 1136 2853 καὶ
1165 2798 1467 2869 ἐπειδήπερ
1490 2799 1591 2850 οὐκ
1620 2797 1746 2866 ἐνῆν

156 2896 550 2953 ἀνακαλεῖσθαι
579 2894 679 2965 τήν
709 2894 913 2964 ζημίαν
942 2892 1050 2946 τῶν
1079 2891 1376 2960 ὀφθαλμῶν
1411 2891 1492 2960 τῷ
1524 2887 1747 2951 τούτους

155 2989 573 3050 ἀπολωλεκότι,
625 2987 797 3052 ἔγνων
836 2983 913 3053 μὴ
954 2983 1046 3036 τὸν
1087 2981 1464 3052 ζημιώσαντα,
1513 2979 1617 3034 κᾶν
1668 2980 1750 3032 δί-

157 3097 317 3143 καιος
354 3080 614 3148 ὑποσχεῖν
643 3077 743 3148 τὴν
774 3075 946 3144 αὐτὴν
990 3074 1216 3146 ζημίαν,
1253 3071 1329 3142 τῷ
1357 3073 1532 3143 ὁμοίῳ
1564 3072 1748 3125 σκότει

159 3171 505 3242 περιϐαλεῖν,
537 3167 653 3221 ἀλλ’
683 3169 777 3221 ἐπὶ
805 3167 1061 3220 τοσοῦτον
1092 3167 1274 3237 ὁρίσαι
1300 3164 1398 3235 τήν
1433 3163 1743 3233 εἴσπραξιν,

1849 617 2069 674 cubinis
2114 617 2417 673 immisceri
2459 633 2568 673 non
2617 618 3073 674 erubescentibus
3103 616 3159 672 id
3210 616 3437 687 permit-

1850 711 2068 767 tendum
2098 711 2389 781 judicavit,
2416 710 2762 767 honestatem
2790 726 2995 780 susque
3010 713 3187 782 deque
3220 709 3433 765 habuit.

1918 899 2142 970 Neergo
2190 900 2293 954 hoc
2341 898 2671 969 legislatoris
2725 908 2936 954 reatum
2985 899 3261 955 dedecore
3323 913 3424 954 no-

1848 1003 2016 1048 stram
2072 992 2467 1061 rempublicam
2517 990 2732 1046 allicere
2780 994 3055 1048 sinamus.
3115 994 3307 1063 Itaque
3345 996 3430 1048 lex

1850 1085 1940 1138 illa
2001 1083 2056 1137 in
2090 1093 2352 1136 :eternum
2405 1083 2587 1137 sileto.
2633 1082 2713 1136 Ab
2765 1084 2854 1136 illa
2911 1082 3058 1137 enim
3110 1097 3220 1136 non
3273 1084 3435 1137 modo

1847 1173 2281 1243 religionis(65),
2315 1188 2506 1228 verum
2529 1172 2694 1227 etiam
2750 1180 2958 1228 natura:
2997 1173 3198 1242 injuria
3229 1188 3432 1228 secun-

1846 1264 1977 1319 dum
2013 1264 2199 1318 divina
2231 1263 2648 1330 Chistiauisque
2704 1265 3088 1318 convenientia
3150 1271 3435 1333 praecepta

1846 1353 2225 1425 prohibemur.
2265 1353 2328 1407 Et
2375 1354 2600 1423 quidem
2659 1354 2703 1407 si
2767 1368 2890 1408 cum
2947 1354 3148 1407 fontem
3205 1354 3430 1418 habeas,

1848 1445 2034 1501 sobrie
2075 1445 2203 1500 inde
2253 1447 2480 1501 haurire
2549 1446 2736 1500 divino
2802 1457 3074 1514 praecepto
3125 1458 3428 1499 moneare:

1846 1552 1954 1609 qua
1989 1539 2200 1592 ratione
2225 1580 2240 1603 ,
2267 1554 2391 1593 cum
2428 1553 2596 1607 puras
2625 1553 2797 1607 aquas
2839 1536 3062 1590 haurire
3109 1536 3270 1590 liceat
3292 1574 3306 1599 ,
3339 1540 3426 1588 lu-

1848 1637 1964 1684 tum
1993 1637 2049 1684 tu
2086 1629 2452 1684 mavis?’l‘um
2484 1631 2702 1684 tametsi
2765 1629 2970 1684 fontem
3035 1643 3147 1683 non
3200 1627 3429 1691 habeas,

1847 1724 2015 1780 rebus
2045 1731 2229 1778 tamen
2270 1724 2451 1778 vetitis
2484 1725 2559 1778 uti
2610 1738 2716 1776 non
2779 1732 2953 1793 poles.
3010 1721 3278 1777 Cmterum
3307 1722 3434 1776 vitae

1849 1827 2162 1874 consortem
2196 1817 2444 1872 invenire
2473 1816 2691 1872 diﬂicile
2729 1831 2838 1870 non
2880 1823 2984 1871 est.

2307 1907 2781 1964 CONSTITUTlO
2808 1907 2968 1964 XCII.

1987 2002 2068 2058 De
2111 2018 2264 2072 paena
2310 2002 2425 2072 ejus
2476 2003 2565 2072 qui
2616 2003 2846 2070 aliquem
2891 2003 3074 2058 dedita
3130 2017 3291 2071 opera

2410 2074 2693 2127 excwcavit
2723 2072 2862 2143 (64).

1916 2167 2062 2223 Idem
2093 2166 2393 2237 imperator
2418 2165 2595 2222 eidem
2628 2166 2899 2238 Styliano.

1917 2258 2164 2314 Tametsi
2189 2259 2350 2312 aliter
2378 2273 2544 2328 quam
2587 2269 2800 2314 veteres
2826 2258 2972 2328 leges
3002 2258 3117 2331 (65)
3149 2257 3428 2322 sauciant.

1845 2353 1915 2406 de
1937 2366 2004 2406 eo
2030 2352 2124 2421 qui
2155 2351 2316 2405 alteri
2373 2351 2637 2405 violentis
2692 2352 2951 2406 manibus
2983 2353 3180 2406 oculos
3201 2351 3432 2408 effodis-

1847 2450 1951 2504 set,
1985 2454 2111 2494 eum
2139 2438 2255 2509 ipse
2284 2437 2496 2507 judicio
2518 2440 2834 2505 interesset,
2873 2455 2900 2493 a
2945 2441 3106 2497 nobis
3142 2443 3422 2496 sententia

1848 2534 1956 2587 lata
2019 2532 2136 2586 sit:
2170 2546 2445 2602 nunquam
2479 2539 2661 2586 tamen
2724 2532 2779 2586 in
2830 2532 3002 2603 legem
3040 2534 3189 2588 illam
3243 2542 3432 2590 trans-

1847 2626 2088 2678 formare
2116 2624 2330 2678 animus
2361 2622 2482 2677 fuit.
2524 2623 2790 2678 Nonnihil
2837 2625 2984 2680 enim
3044 2625 3430 2682 misericordia

1848 2718 1980 2772 moti
2012 2716 2088 2782 (id
2120 2715 2267 2786 quod
2288 2718 2405 2786 ipsa
2434 2731 2525 2772 res
2555 2717 2719 2771 etiam
2749 2716 2979 2786 indicat)
3009 2727 3140 2773 tunc
3169 2719 3242 2773 ita
3274 2719 3428 2788 judi-

1849 2809 2096 2864 cavimus
2137 2827 2150 2862 :
2204 2809 2466 2878 quoniam
2509 2808 2675 2874 oculi,
2728 2808 2776 2864 ei
2825 2810 2922 2880 qui
2953 2811 3078 2866 illos
3120 2811 3430 2874 amisisset,

1848 2901 2066 2957 restitui
2107 2916 2216 2955 non
2241 2911 2490 2972 possent,
2532 2917 2657 2958 eum
2683 2902 2778 2973 qui
2817 2902 2868 2956 id
2918 2901 3103 2956 damni
3157 2902 3424 2968 dedisset,

1849 3009 2163 3065 quanquam
2219 2994 2313 3064 qui
2373 2993 2517 3049 idem
2572 3003 2872 3066 pateretur,
2899 2995 3098 3065 dignus
3140 3004 3306 3061 esset,
3368 2997 3424 3051 in

1850 3086 2104 3143 eamdem
2137 3101 2260 3142 esse
2284 3088 2585 3141 caecitatem
2611 3088 3020 3155 conjiciendum
3050 3104 3160 3142 non
3220 3091 3431 3157 putavi.

1851 3179 2072 3235 Interim
2105 3186 2287 3232 tamen
2335 3187 2540 3232 tantam
2589 3193 2809 3247 pinnam
2863 3180 3154 3242 constitui,
3213 3190 3272 3232 ut
3340 3182 3434 3250 qui

156 3265 300 3316 ὥστε
330 3261 425 3314 καὶ
453 3259 544 3312 τὸν
596 3256 878 3328 πράξαντα
925 3249 1114 3326 φέρειν
1145 3257 1350 3325 σημεῖα
1372 3253 1394 3284 ⁸
1427 3253 1524 3323 τῆς
1573 3271 1746 3323 τιμω-

1851 3269 2043 3323 oculos
2068 3269 2232 3331 eruit,
2279 3267 2401 3337 ejus
2425 3269 2580 3337 signa
2615 3269 2792 3324 ferat:
2847 3280 2902 3325 et
2953 3270 3042 3324 cui
3093 3271 3234 3324 eruti
3285 3239 3434 3336 sunt,

159 3356 286 3426 ρίας
307 3393 323 3415 ,
359 3351 452 3404 καὶ
480 3351 570 3403 τὸν
595 3350 839 3402 παθόντα
863 3346 1210 3416 παραμύθιόν
1237 3363 1310 3408 τι,
1337 3347 1412 3408 ὠς
1439 3346 1496 3397 ἐν
1526 3344 1750 3415 τοιαύτῃ

158 3445 425 3516 συμφορᾷ
452 3443 548 3496 καὶ
571 3441 726 3512 βαθεῖ
746 3437 890 3492 οὕτω
917 3439 1098 3492 σκότει
1126 3439 1190 3491 ἐκ
1210 3437 1318 3490 τῶν
1346 3436 1523 3489 πόνων
1555 3436 1751 3506 κεκτῆ-

161 3539 291 3591 σθαι
323 3534 420 3588 τοῦ
461 3535 523 3586 τὸ
565 3533 757 3594 σκότος
804 3529 952 3600 αύτῷ
1000 3529 1525 3599 δημιουργήσαντος.
1592 3528 1752 3581 Ἀλλὰ

157 3629 273 3700 γὰρ
317 3627 368 3680 εἰ
416 3627 511 3679 καὶ
567 3624 712 3676 οὕτω
756 3621 1036 3692 κέκριται,
1072 3621 1173 3672 οὐκ
1208 3615 1296 3690 ἦν,
1337 3619 1526 3690 ὥσπερ
1573 3613 1748 3686 εἷπον,

159 3720 364 3792 γνώμη
394 3721 455 3772 τὸ
504 3717 692 3789 κριθὲν
737 3718 914 3768 ποιεῖν
963 3712 1331 3783 νομοθέτημα.
1381 3711 1598 3782 Ἐπειδὴ
1624 3710 1678 3763 δὲ
1723 3713 1752 3763 ὁ

161 3814 276 3868 τῶν
303 3815 364 3864 ἐν
393 3815 504 3873 τοῖς
528 3811 690 3873 θείοις
718 3809 875 3879 ήμῶν
903 3805 1314 3876 ἀποφερόμενος
1333 3805 1353 3835 ⁵
1386 3797 1484 3874 (οὗ
1505 3802 1615 3872 ἐγὼ
1635 3802 1752 3866 πῶς

163 3909 237 3961 ἂν
268 3903 664 3973 ἀποπέμψαιμι
695 3902 793 3972 τὴν
841 3899 1142 3966 ἀξίωσιν;)
1194 3897 1275 3960 είς
1325 3897 1520 3966 νόμους
1573 3895 1751 3959 ἀξιοῖε

160 3999 266 4071 τὴν
297 3996 556 4064 τοιαύτην
590 3993 773 4064 κρίσιν
805 3991 1263 4061 διασκευασθῆναι
1301 3991 1388 4042 διὰ
1421 3990 1480 4042 τὸ
1501 3989 1600 4060 τῆς
1633 3989 1749 4042 δια-

167 4092 375 4153 θέσεως
411 4086 818 4158 φιλάνθρωπον,
851 4085 927 4150 ὡς
958 4087 1024 4139 ἂν
1057 4086 1167 4138 ἀπό
1193 4102 1256 4154 γε
1286 4083 1381 4137 τοῦ
1412 4083 1508 4136 νῦν
1538 4083 1592 4135 εί
1618 4082 1749 4136 ποτε

162 4201 218 4236 τι
253 4182 529 4252 συμπέσοι
571 4179 816 4234 τοιοῦτον
859 4179 1115 4248 τοιαύτης
1157 4175 1748 4248 ἐπιτεύξηταιδιακρί-

165 4291 335 4338 σεως,
363 4273 452 4326 οἵα
483 4275 588 4326 κάν
617 4272 696 4342 τῷ
726 4268 958 4340 παρόντι
988 4267 1068 4338 τῷ
1107 4268 1428 4338 ἀδικήσαντι
1457 4266 1686 4340 ὥρισται
1719 4268 1752 4336 ή

165 4367 382 4436 ζημεα,
429 4364 730 4435 πειθόμεθά
773 4380 833 4416 τε
873 4364 941 4433 τῇ
971 4363 1279 4432 προτροπῇ,
1329 4358 1426 4414 καὶ
1468 4360 1529 4414 τὸ
1575 4359 1752 4430 δόγμα

160 4458 449 4530 ὁρίζομεν.

239 4552 584 4624 Τοιγαροῦν⁷
617 4553 699 4607 εἴθ
733 4553 814 4616 τίς
847 4569 976 4606 ποτε
1011 4554 1091 4616 εἰς
1122 4548 1430 4620 ὀφθαλμὺν⁹
1465 4549 1750 4617 ἐπενέγκοι

1777 4596 1830 4655 D

1854 3361 1909 3414 in
1942 3372 2091 3415 tanta
2133 3361 2445 3416 calamitate
2469 3361 2719 3431 adeoque
2758 3361 3030 3432 profunda
3061 3361 3332 3430 caecitate,
3367 3379 3434 3418 ex

1853 3454 2138 3510 laboribus
2160 3453 2302 3522 ejus,
2331 3456 2424 3523 qui
2459 3455 2549 3507 illa
2581 3456 2758 3523 ipsum
2793 3453 2995 3520 aﬂ‘ecit,
3024 3455 3262 3524 aliquam
3296 3470 3433 3509 con-

1854 3545 2181 3600 solationem
2220 3544 2438 3598 habeat.
2467 3544 2857 3598 Verumtamen
2914 3544 3040 3598 licet
3097 3543 3170 3596 ita
3215 3544 3437 3613 judica-

1854 3646 1966 3690 tum
1993 3643 2143 3690 esset
2161 3649 2226 3688 ex
2260 3650 2317 3688 re
2329 3633 2577 3702 judicata
2607 3633 2779 3703 legem
2839 3634 3021 3689 facere
3052 3632 3438 3703 (quemadmo-

1866 3731 1995 3782 dum
2031 3727 2168 3795 dixi)
2213 3735 2550 3781 nou.tamen
2579 3727 2794 3779 animus
2850 3735 2987 3779 erat.
3023 3725 3128 3780 Sed
3172 3727 3434 3794 quoniam

1854 3820 1949 3889 qui
1985 3817 2100 3886 (66)
2136 3817 2278 3871 inter
2310 3831 2467 3870 sacra
2497 3826 2680 3869 nostra
2701 3813 2874 3870 cilicia
2908 3816 3114 3870 relatus
3137 3826 3219 3869 est
3252 3815 3436 3885 (cujus

1854 3925 1956 3980 ego
2001 3925 2109 3979 qua
2154 3909 2366 3962 ratione
2427 3908 2860 3978 postulationem
2910 3907 3220 3976 rejiciam?)
3285 3908 3433 3961 illaut

1855 4002 2206 4067 sententiam,
2261 4001 2405 4071 quod
2456 4001 2606 4055 mitis
2668 4000 2761 4064 sit,
2797 4000 2940 4055 inter
2968 4001 3116 4070 leges
3170 4000 3433 4055 collocari

1855 4095 2011 4165 petit,
2048 4109 2157 4164 quo
2185 4092 2464 4162 deinceps.
2496 4093 2542 4147 si
2581 4092 2805 4162 quando
2850 4091 2957 4147 tale
2981 4091 3266 4162 quidpiam
3291 4090 3434 4146 inci-

1853 4187 1969 4251 dat,
2001 4185 2243 4256 qualiter
2277 4186 2332 4239 in
2390 4184 2646 4254 praesenti
2681 4185 2734 4239 in
2791 4182 3056 4252 injurium
3105 4197 3266 4253 pmna
3297 4198 3435 4238 eon-

1855 4277 2046 4331 stituta
2081 4282 2188 4336 est,
2244 4274 2429 4328 taliter
2472 4289 2536 4328 ea
2570 4289 2660 4329 res
2723 4271 3108 4344 dijudicetur:
3163 4275 3436 4343 postulato

1857 4383 2134 4440 paremus,
2193 4367 2568 4437 judicialeque
2610 4369 2894 4421 decretum
2942 4366 3077 4436 legis
3105 4367 3437 4421 auctoritate

1855 4464 2145 4518 donamus.

1929 4554 1987 4609 Si
2021 4555 2148 4624 quis
2173 4568 2304 4623 ergo
2336 4552 2663 4623 cujusquam
2696 4552 2872 4607 visum
2903 4551 3131 4618 laeserit,
3178 4551 3345 4616 hunc,
3388 4552 3432 4606 si

160 4653 274 4708 τινὶ
323 4648 550 4720 ζημίαν,
596 4645 785 4701 τοῦτον
822 4645 1136 4716 κελεύομεν,
1170 4645 1219 4697 εί
1251 4642 1351 4713 μὲν
1401 4641 1518 4707 ἕνα,
1563 4641 1640 4713 τῷ
1670 4643 1746 4694 ἑνὶ

1860 4662 2026 4701 unum
2061 4647 2280 4701 oculum
2341 4645 2630 4707 ademerit,
2669 4657 2779 4698 uno
2831 4642 3088 4698 similiter
3127 4644 3436 4713 eodemque

162 4745 265 4800 καὶ
292 4741 517 4796 αύτὸν¹⁰
543 4738 871 4811 ζημιοῦσθαι
894 4737 994 4809 τὴν
1025 4738 1144 4807 ίσην
1177 4736 1449 4806 ὑπέχοντα
1476 4734 1653 4805 δίκην.
1690 4734 1752 4787 Εἰ

162 4835 226 4890 δέ
252 4833 398 4891 κατὰ
432 4832 542 4886 τῶν
566 4832 660 4885 δύο
692 4831 790 4894 τὰς
821 4828 1166 4901 κακούργους
1195 4828 1434 4899 ἐπιϐάλῃ
1455 4829 1492 4857 ⁸⁸
1528 4829 1749 4898 χεῖρας,

1861 4739 2089 4808 privari,
2125 4752 2188 4792 ac
2205 4737 2428 4791 talionis
2460 4749 2678 4804 pmnam
2704 4733 2892 4788 subire
2921 4734 3202 4803 jubemus.
3227 4733 3285 4787 Si
3305 4746 3437 4786 vero

1867 4830 2135 4884 ambobus
2180 4829 2359 4883 oculis
2401 4827 2678 4883 iualelicas
2728 4841 2924 4882 manus
2969 4825 3241 4895 iniecerit,
3295 4839 3434 4895 quo-

1499 4970 1737 5026 VAlll/E
1778 4969 2069 5026 LECTION
2078 4968 2179 5022 ES.

238 5104 260 5135 ⁸
297 5101 391 5157 Sic
450 5099 645 5156 Zuich.
697 5107 750 5152 ct
782 5097 1004 5152 Mearm.
1077 5093 1313 5165 Scrimg.
1380 5091 1845 5163 ἀπαγορεύεσθαι.
1915 5087 2102 5154 Steph.
2163 5085 2472 5153 conjccerat
2522 5080 2886 5148 ἀπαρύεσθαι.

238 5189 311 5224 )V.
341 5173 412 5224 45
437 5181 491 5224 et
521 5172 723 5224 cilatur
753 5169 847 5222 lih.
874 5166 963 5224 Vl.
1001 5167 1086 5219 tit.
1141 5181 1179 5224 ι,
1232 5181 1355 5224 pag.
1387 5167 1441 5220 4.
1541 5164 1560 5194 ⁵
1598 5163 1792 5216 Zuieh.
1826 5171 1880 5214 et
1905 5158 2126 5212 Meerm.
2157 5157 2227 5208 τὰ
2254 5158 2474 5224 σημεῖα.
2589 5151 2769 5224 illaec
2810 5167 2886 5206 con

170 5173 311 5227 Nov.
341 5173 412 5226 45
437 5181 491 5226 et
521 5172 723 5224 cilatur
753 5169 847 5222 lih.
874 5166 963 5228 Vl,
1001 5167 1086 5219 tit.
1141 5181 1179 5228 ι,

1232 5181 1355 5236 pag.
1387 5167 1441 5220 4.

170 5243 193 5274 ⁸
226 5243 428 5296 Zuich.
461 5249 514 5297 et
543 5240 764 5294 Meertu.
792 5237 996 5302 ἀξιοῦν.

2989 5079 3127 5135 'Est
3179 5079 3232 5134 in
3292 5078 3433 5143 Ecl.,

2589 5151 2769 5235 'nlliaec
2810 5158 3066 5235 cor-rupta
3110 5159 3432 5235 esse‘patet.

1107 5236 1127 5266 ν
1162 5219 1380 5289 confli.
1406 5219 1462 5286 ίει
1493 5233 1601 5303 γὰρ
1641 5229 1754 5286 οὖν.
1783 5228 2112 5303 Emendavit
2145 5219 2339 5296 Steph.
2409 5225 2430 5255 ει
2462 5224 2569 5278 lnc.
2603 5221 2818 5294 Ecloga.
2894 5221 2916 5255 ο
2951 5219 3066 5275 Ecl.
3101 5219 3434 5289 ὀφθαλμούς.

171 5315 216 5347 ¹⁹
248 5313 490 5383 Scrintg.
521 5310 693 5381 αὐτῷ.
774 5311 814 5340 ³³
844 5299 962 5362 Ecl.
992 5305 1164 5360 modo
1198 5305 1470 5369 ἐπιϐάλοι,
1497 5299 1658 5358 mede
1686 5299 1943 5371 ἐπιλάϐῃ.

1658 5439 1893 5496 NOTAE.

261 5569 356 5629 6‘2)
377 5564 499 5620 Vid.
522 5562 727 5620 Goedd.
753 5562 818 5617 ad
836 5562 1008 5617 HM.
1036 5559 1092 5615 θ’.
1117 5559 1190 5616 De
1213 5559 1278 5615 γ.
1304 5559 1594 5629 signiﬁcat.
1615 5557 1744 5612 Λιιε.

268 5640 359 5710 65)
398 5635 815 5710 (ΣοιιιιιιιιξιιιιιυεΔ
834 5634 958 5710 jure
982 5633 1170 5710 divino
1201 5633 1554 5710 reprobatur,
1607 5629 1747 5684 adde

172 5701 416 5769 1:15:55,
444 5714 584 5761 sent.
616 5704 644 5775 §
681 5701 1142 5775 lornicatioaYid.
1167 5713 1220 5757 et
1254 5701 1306 5754 iu
1337 5717 1420 5775 pr.

246 5779 363 5847 (66)
399 5777 586 5830 Exstat
607 5770 841 5847 epitome
870 5773 1012 5841 apud
1054 5772 1518 5847 llariucnnpuluut
1555 5770 1618 5847 _6.
1656 5771 1739 5824 tit.

177 5853 226 5908 l.
319 5843 373 5905 6.
411 5847 694 5917 Explicarc
728 5846 943 5901 videtur
974 5857 1190 5913 paruam
1234 5845 1476 5908 talionis,
1535 5843 1603 5897 de
1636 5857 1743 5909 qua

1862 5557 2040 5697 Εῐῶἓ)
2066 5571 2232 5682 ἶίῗέὶε
2271 5622 2634 5697 ωηαΕεοιΙ.
2674 5637 2782 5687 xxi,
2834 5627 2927 5675 aut
2965 5615 3318 5683 Xlltabular,
3365 5617 3436 5675 de

1855 5695 1963 5769 qua
1991 5695 2056 5751 ad
2082 5697 2312 5769 easdem
2336 5695 2501 5769 di_it_i._
2961 5758 3009 5769 η
3051 5758 3062 5769 _
3394 5755 3406 5768 .

1931 5770 2044 5837 (66)
2081 5767 2241 5822 Forte
2274 5766 2530 5836 intelligit
2584 5776 2867 5818 sacrorum
2919 5758 3225 5816 ofﬁciorum
3270 5758 3440 5829 magi‘

1857 5849 2055 5895 bll'lllll.
