4220 6442
222 430 340 490 609

1327 429 1375 487 Ν
1380 427 1688 488 OVELL/E
1720 427 2372 487 CONSTITUTIONES

3364 427 3476 490 θὶθ

226 541 484 610 σαμένοις
509 543 609 595 οὑκ
629 539 724 594 οἷδ’
749 543 808 595 ὃν
829 559 947 594 τινα
977 542 1176 610 τρόπον
1198 541 1298 592 οὑκ
1326 543 1405 600 είς
1428 539 1488 590 τὸ
1517 539 1800 607 ἀκριϐὲςη
1837 549 1876 598 Α

1837 549 1876 598 Α
1912 550 2114 602 tarunt,
2171 555 2279 608 quo
2329 553 2513 592 nescio
2576 540 2730 590 modo
2761 552 2821 591 ea
2873 538 2938 590 de
2964 552 3023 590 re
3074 551 3183 590 non
3230 537 3478 596 absolute

226 633 348 702 ἔχει
379 634 449 686 τὰ
489 634 822 702 διωρισμένα
861 634 1006 700 (εἴτε
1032 631 1106 699 μὴ
1139 630 1504 699 βουληθέντων
1537 645 1804 696 συμπερι-

226 721 420 773 λαϐεῖν
454 721 543 772 καὶ
573 719 730 771 τοῦτο
754 722 880 790 περὶ
908 714 968 771 οὑ
999 718 1092 771 νῦν
1138 717 1404 787 μέλλομεν
1435 715 1711 776 θεσπίζειν
1746 717 1805 765 ἐν

226 814 348 874 τοῖς
376 812 505 879 περὶ
552 811 845 879 μνηστείας
881 808 1197 870 διαλύσεως,
1241 807 1275 875 ἦ
1323 804 1399 874 μὴ
1433 806 1805 874 γεγενημένης

230 899 592 969 περιπετείας
618 899 874 968 τοιαύτης
920 901 1077 951 ὁποία
1117 897 1215 950 νῦν
1243 897 1302 947 ἐν
1334 896 1411 964 τῷ
1447 896 1675 964 παρόντι
1706 912 1806 961 φα-

228 993 390 1041 νεῖσα
437 989 530 1042 τοὺ
579 990 746 1059 νόμου
791 991 890 1050 τὴν
922 990 1138 1041 ἔκθεσιν
1182 988 1456 1056 ἀπαιτεῖ),
1505 989 1666 1057 ἡμεῖς
1713 989 1807 1039 καὶ

228 1082 413 1148 τούτῳ
432 1081 508 1150 τῷ
538 1081 692 1149 μέρει
713 1080 777 1131 τὸ
801 1081 984 1132 λεῖπον
1007 1077 1446 1148 ἀναπληροῦντες
1468 1079 1528 1129 ἐν
1548 1077 1626 1146 τῷ
1652 1078 1807 1145 ἀκρι-

229 1171 321 1223 ϐεῖ
355 1174 422 1224 τὰ
463 1170 593 1238 περὶ
623 1173 921 1239 μνηστείας
967 1168 1323 1237 καθίσταμεν.
1365 1167 1429 1220 ’11
1461 1167 1561 1236 μὲν
1584 1167 1676 1219 οὑν
1706 1169 1805 1238 ἀρ-

228 1264 366 1332 χαία
389 1261 629 1324 διάταξις
664 1261 779 1313 λύει
817 1261 917 1328 τὴν
951 1260 1256 1329 μνηστείαν·
1283 1257 1558 1326 διαφόροις
1607 1259 1806 1320 αἰτίαις

229 1353 253 1420 (
279 1353 423 1420 φημὶ
446 1352 504 1405 δὲ
531 1351 608 1420 τῷ
634 1350 925 1421 ἑτεροδόξῳ
952 1349 1047 1402 τοῦ
1079 1351 1440 1417 σεϐάσματος,
1475 1349 1567 1400 καὶ
1599 1349 1646 1399 εί
1671 1348 1804 1416 φρέ-

233 1460 326 1505 νες
350 1440 459 1495 εἷεν
484 1443 740 1513 μανιώδει
763 1442 927 1495 πάθει
951 1444 1286 1511 περιπετεῖς,
1310 1439 1389 1491 ἔτι
1414 1439 1471 1490 δὲ
1499 1440 1590 1492 καὶ
1623 1439 1808 1502 ἄλλαις

232 1536 346 1585 τισί
369 1550 384 1565 ο
404 1534 608 1586 τούτων
633 1533 742 1602 γὰρ
762 1532 1020 1602 ὁποτέρου
1039 1533 1086 1562 ³⁸
1110 1532 1289 1584 αἰτίαν
1317 1527 1528 1597 ἔχοντος
1557 1528 1650 1581 τοῦ
1690 1530 1810 1591 ἑνὸς

232 1629 347 1679 τῶν
372 1625 734 1678 συνελθόντων
763 1626 842 1686 είς
879 1625 977 1694 τὴν
1017 1621 1312 1692 μνηστείαν
1347 1622 1567 1691 μέρους,
1597 1619 1807 1672 κελεύει

230 1719 340 1787 τὴν
374 1718 599 1786 ἑνότητα
651 1717 1007 1786 ῥήγνυσθαι),
1057 1713 1086 1765 ὃ
1112 1714 1169 1765 δὲ
1195 1711 1292 1764 νῦν
1333 1713 1464 1780 παρ’
1502 1712 1658 1782 ἡμῶν
1687 1715 1807 1765 ἐπι-

237 1805 488 1872 σκέψεως
508 1806 755 1874 ηξίωται,
786 1805 819 1874 ἢ
841 1803 915 1872 μὴ
946 1802 1332 1870 γεγενημένον,
1356 1801 1543 1871 ὥσπερ
1567 1801 1803 1872 ἔφημεν,

233 1897 360 1948 κατ’
401 1898 578 1949 ἐκεῖνο
617 1895 834 1964 καιροῦ,
865 1894 897 1962 ἢ
933 1892 1009 1962 μὴ
1043 1894 1108 1945 ἂν
1150 1891 1334 1961 οἰηθὲν
1365 1892 1473 1944 τῶν
1493 1895 1536 1924 ³⁷
1565 1893 1805 1953 ἔσεσθαι,

235 1988 270 2058 ᾖ
307 1988 398 2040 διὰ
443 1988 601 2041 ποίαν
644 1985 811 2055 ἄλλην
861 1984 1042 2036 αίτίαν
1090 1987 1150 2038 οὑ
1183 1986 1481 2038 τέθειταιη
1515 1986 1654 2052 μετὰ
1701 1984 1807 2034 τῶν

235 2079 466 2147 μνήμης
489 2078 827 2145 ἡξιωμέκων.
865 2079 1018 2131 Ἔστι
1050 2077 1107 2130 δὲ
1151 2077 1420 2128 τοιοῦτονο
1457 2089 1798 2142 μεμνηστευ-

236 2167 381 2237 μένη
407 2168 625 2236 ἔλεγχον
652 2168 833 2221 δίδωσι
866 2167 1232 2238 προελθούσης
1261 2167 1361 2236 ἤδη
1388 2167 1486 2236 τῆς
1516 2166 1808 2234 μνηστείας

234 2256 535 2325 ἀλλοτρίων
568 2257 898 2325 σπερμάτων
932 2256 1260 2317 ὑποκλόπιος
1291 2252 1447 2310 οὖσα.
1477 2255 1577 2324 τὴν
1605 2272 1807 2324 νυμφιο

233 2348 345 2417 κήν
377 2349 672 2415 ὑποκρινομ
683 2346 777 2414 ένη
812 2346 1180 2415 καθαρότητα.

1912 641 2285 702 praeceperunt
2333 632 2473 700 (sive
2501 629 2645 696 quod
2679 629 2781 681 hoc
2804 627 2869 680 de
2891 643 3000 697 quo
3030 643 3176 682 nunc
3214 628 3476 682 sancituri

1911 737 2123 784 sumus,
2151 723 2293 775 inter
2322 735 2519 775 causas
2543 718 3014 773 dissolvendorum
3075 720 3476 789 sponsaliorum

1907 811 2374 880 comprehendere
2430 812 2728 873 noluerint,
2769 811 2884 863 sive
2907 809 3051 876 quod
3081 810 3189 863 tale
3207 809 3467 877 quiddam

1906 904 2066 972 quale
2091 901 2580 970 impraesentiarum
2613 907 2862 951 exortum
2910 897 3043 965 legis
3085 899 3473 966 promulgatio-

1908 1010 2026 1048 nem
2088 993 2341 1061 requirit,
2403 999 2517 1042 tum
2585 990 2821 1041 nondum
2874 988 3153 1057 inciderit)
3185 1003 3301 1053 nos,
3334 987 3477 1055 quod

1907 1085 2009 1138 hac
2056 1085 2108 1137 iu
2174 1092 2327 1152 parte
2370 1080 2524 1134 deest
2555 1120 2568 1139 ,
2631 1080 3023 1146 adimplentes.
3075 1080 3479 1147 Sponsaliorttm

1907 1181 2198 1227 tractatum
2236 1171 2301 1224 ad
2324 1170 2527 1239 justam
2553 1169 2950 1223 absolutionem
2996 1169 3337 1223 deducimus.
3372 1167 3478 1223 Ve.

1908 1275 1992 1319 tus
2014 1272 2195 1317 autem
2228 1263 2552 1315 constitutio
2583 1261 2695 1329 (75)
2738 1260 3013 1328 sponsalia
3068 1260 3299 1325 dirimit,
3360 1261 3482 1313 aliis

1907 1363 2069 1423 atque
2092 1354 2214 1407 aliis
2242 1354 2308 1405 de
2340 1353 2524 1406 causis
2560 1373 2571 1402 :
2605 1354 2675 1405 ob
2709 1353 2981 1406 diversam
3029 1353 3279 1407 videlicet
3307 1354 3374 1405 de
3399 1367 3482 1406 re—

1908 1446 2108 1514 ligione
2167 1442 2503 1512 opinionem.
2562 1443 2664 1496 etsi
2692 1443 2830 1495 alter
2881 1442 3108 1495 insania:
3167 1443 3355 1495 morbo
3385 1456 3484 1494 ca-

1911 1536 2110 1604 piatur,
2145 1548 2206 1586 ac
2237 1535 2457 1602 insuper
2482 1533 2551 1586 ob
2579 1532 2872 1586 nonnullas
2897 1532 3054 1596 alias,
3090 1539 3252 1598 atque
3284 1531 3478 1583 harum

1909 1625 2224 1678 utramlibet
2273 1632 2616 1689 utercumque
2683 1623 3152 1691 desponsatorum
3213 1622 3483 1682 haberet.

1912 1712 2200 1783 sponsalia
2227 1711 2409 1764 divelli
2439 1711 2612 1777 jubet.
2642 1710 2796 1774 Quod
2826 1726 2954 1763 vero
2976 1727 3122 1763 nunc
3153 1711 3203 1762 iu
3233 1711 3482 1764 conside-

1908 1803 2175 1856 rationem
2227 1807 2470 1853 nostram
2520 1801 2686 1863 venit,
2741 1801 2853 1853 sive
2915 1809 3044 1853 tunc
3067 1801 3479 1869 temporis,uti

1908 1892 2167 1953 diximus,
2217 1890 2457 1943 nondum
2525 1891 2638 1959 ('76)
2670 1891 2934 1955 evenerit,
2987 1892 3099 1945 sive
3144 1891 3485 1960 legislatures

1910 1997 2017 2036 non
2045 1991 2373 2036 eventurum
2434 1983 2684 2036 arbitrati
2720 1983 2849 2047 sint,
2887 1985 2998 2037 sive
3037 1999 3146 2052 qua
3181 1983 3284 2038 alia
3319 1998 3488 2038 causa

1911 2075 2028 2143 ejus
2052 2073 2271 2128 silentio
2300 2073 2663 2141 praetereundi
2697 2073 2881 2136 fuerit,
2913 2075 3053 2127 inter
3077 2074 3253 2130 dictas
3281 2089 3483 2129 causas

1915 2179 2022 2217 non
2055 2171 2538 2216 commemoratur.
2585 2163 2683 2217 Est
2709 2171 2889 2217 autem
2916 2163 3226 2219 istiusmodi
3272 2182 3284 2217 :
3328 2179 3490 2234 spon-

1915 2268 2030 2307 sam
2062 2252 2354 2321 quamdam
2401 2253 2616 2306 turtivis
2674 2255 3049 2324 complexibus
3105 2256 3174 2310 ab
3222 2257 3330 2310 alio
3371 2272 3494 2311 esse

1917 2343 2277 2413 gravidatam,
2343 2357 2464 2396 cum
2516 2344 2606 2396 illa
2679 2343 2894 2398 interim
2935 2347 3244 2414 Sponsalem
3295 2363 3405 2415 prae
3435 2363 3494 2400 se

235 2442 621 2495 castimoniam
653 2438 839 2502 ferret,
859 2439 1264 2510 sponsaliorum
1283 2446 1532 2510 tempore
1563 2447 1900 2508 compertum
1932 2443 2035 2492 est.
2071 2434 2380 2506 Atque'hoc
2404 2435 2633 2506 quidem
2684 2437 2818 2493 illud
2878 2445 2964 2493 est
3015 2438 3161 2509 quod
3222 2440 3493 2495 veteribus

238 2531 454 2602 legibus
487 2533 940 2598 comprehensum
965 2547 1074 2584 non
1106 2538 1210 2584 est.

309 2672 388 2724 Τδ
410 2673 507 2739 μὲν
529 2665 620 2721 οὖν
646 2671 758 2730 τοῖς
785 2667 1031 2737 ἀρχαίοις
1056 2665 1240 2734 νόμοις
1261 2666 1629 2736 ἀπερίληπτον
1651 2665 1808 2718 τοῦτό

238 2759 381 2821 ἔστι,
411 2757 572 2825 ἡμεῖς
603 2754 660 2806 δὲ
693 2755 754 2807 τὸ
804 2755 978 2817 ἐνδεὲς
1030 2754 1406 2823 προστιθέντες
1435 2754 1807 2823 ψηφιζόμεθα,

244 2846 323 2916 μὴ
370 2847 528 2914 μόνον
579 2845 659 2916 τῷ
705 2845 847 2898 κατὰ
894 2846 1076 2897 πίστιν
1107 2845 1277 2914 ἑτέρῳ
1294 2846 1360 2909 ",
1403 2845 1537 2915 μηδὲ
1580 2848 1646 2914 τῇ
1697 2845 1807 2896 τῶν

242 2937 463 3007 φρενῶν
507 2937 762 2989 ἐκστάσει
808 2935 840 3004 ἦ
878 2937 998 2997 ταῖς
1044 2935 1231 2996 ἄλλαις
1267 2936 1503 2997 αἰτίαις,
1556 2935 1690 2988 ἀλλὰ
1723 2937 1815 2988 καὶ

239 3031 420 3097 τούτῳ
446 3028 609 3098 μηδὲν
631 3028 673 3059 ³⁸
711 3025 952 3087 ἔλαττον,
981 3026 1029 3077 εί
1062 3027 1137 3095 μὴ
1164 3025 1384 3095 μᾶλλον,
1417 3027 1814 3096 ὲναντιουμὲνῳ

241 3124 310 3190 τῇ
367 3119 676 3188 συνοικεσίᾳ
731 3116 1146 3184 διαζεύγνυσθαι
1208 3117 1303 3180 οὓς
1360 3118 1688 3188 ὴδοκοῢσα,
1739 3120 1814 3188 μὴ

243 3207 382 3264 οὖσα
409 3210 486 3274 δὲ,
527 3207 737 3276 συνῆψε
787 3206 1068 3276 μνηστεία.
1099 3205 1204 3257 Ποῦ
1239 3207 1347 3275 γὰρ
1390 3211 1652 3275 μνηστεία
1687 3208 1815 3277 ἀλη-

244 3301 369 3367 θὴς,
394 3295 523 3350 ἔνθα
550 3297 612 3348 τὸ
641 3296 844 3363 ταύτης
874 3293 1073 3362 ἀληθὲς
1107 3295 1203 3364 οὑχ
1233 3297 1460 3364 ὁρᾶται;
1493 3297 1593 3348 ποῦ
1629 3297 1683 3348 δὲ
1714 3314 1813 3364 γα-

1986 2666 2098 2719 Nos
2130 2666 2294 2735 igitur
2310 2667 2454 2734 quod
2487 2666 2628 2718 desit
2663 2665 3006 2733 adjicieutes,
3030 2667 3399 2729 decernimus,
3435 2675 3494 2719 ut

1918 2754 2185 2809 tummodo
2208 2765 2426 2823 propter
2446 2755 2817 2808 diversitatem
2854 2755 3154 2824 religionis,
3178 2772 3353 2824 neque
3373 2770 3489 2825 pro.

1918 2854 2039 2915 pter
2069 2847 2265 2899 mentis
2284 2846 2636 2909 emotionem,
2665 2855 2757 2897 aut
2819 2847 2955 2900 alias
3007 2849 3077 2899 ob
3109 2862 3304 2901 causas
3338 2847 3450 2915 (77)
3477 2866 3489 2898 :

1920 2952 2107 2990 verum
2139 2937 2302 2990 etiam
2366 2945 2586 3004 propter
2634 2936 2758 2999 huc,
2797 2950 2905 3004 quo
2938 2937 3072 2988 nihil
3122 2937 3290 3005 magis
3317 2938 3496 2989 matri-

1923 3028 2108 3081 monio
2161 3028 2507 3090 adversatur,
2542 3041 2680 3094 quos
2701 3026 3103 3093 sponsaliorum
3141 3027 3347 3094 opinio,
3387 3042 3492 3080 non

1920 3119 2120 3170 veritas
2175 3117 2467 3185 eupulavit.
2535 3117 2940 3186 disjungantur.
3006 3116 3292 3182 Quomodo
3340 3119 3487 3172 enim

1924 3223 2045 3262 vera
2078 3210 2352 3276 sponsalia
2386 3215 2536 3271 sunt,
2571 3209 2623 3260 in
2657 3209 2857 3276 quibus
2913 3208 3049 3262 nihil
3078 3222 3268 3262 verum
3318 3224 3494 3278 neque

1923 3299 2215 3365 genuinum
2246 3297 2626 3365 conspicitur?
2660 3297 2750 3350 ubi
2779 3297 3143 3350 meretricium
3180 3297 3290 3366 (78)
3318 3313 3377 3351 se
3408 3299 3492 3350 of-

250 3387 388 3457 μικὴ
415 3386 660 3454 ὁμόνοια,
703 3383 806 3435 ποῦ
836 3383 892 3435 δὲ
932 3385 1133 3452 στοργὴ
1165 3383 1380 3453 καθαρὰ
1411 3385 1505 3435 καὶ
1538 3384 1806 3453 νυμφική,
1837 3385 1880 3442 C

1837 3385 1880 3442 C
1918 3388 2021 3443 fert
2043 3389 2246 3454 scelus,
2284 3391 2373 3442 ubi
2403 3403 2582 3442 causae
2615 3396 2743 3440 sunt
2775 3388 3126 3441 dissidiorum
3148 3397 3203 3441 et
3230 3390 3361 3453 odii,
3396 3391 3488 3442 ubi

248 3478 380 3531 ἔνθα
406 3476 666 3546 πορνικὸν
697 3475 826 3542 ἄγος
860 3475 954 3526 καὶ
984 3473 1320 3534 διαστάσεως
1349 3475 1571 3542 ἀφορμὴ
1605 3475 1696 3526 καὶ
1722 3474 1812 3542 μί-

249 3587 377 3631 σους
413 3568 668 3629 ὑπόθεσις
688 3568 730 3597 ³⁸
761 3569 854 3618 καὶ
895 3564 1270 3635 ἀὶλοτριότης;
1309 3565 1484 3617 πάντα
1513 3565 1618 3635 γὰρ
1644 3565 1816 3619 ταῦτά

249 3663 398 3712 ἐστιν
446 3661 503 3710 ὲν
547 3661 611 3727 τῇ
649 3658 760 3709 τῶν
785 3656 953 3708 νόθων
996 3657 1088 3708 καὶ
1135 3637 1430 3722 ἀλλοτρίων
1486 3656 1816 3724 σπερμάτων

250 3753 486 3820 ὑποδοχῇ
507 3752 567 3803 ³’.
597 3751 670 3801 Οὑ
693 3748 798 3818 μὴν
822 3748 941 3799 οὑδὲ
956 3747 1112 3815 λόγον
1139 3747 1250 3815 ἔχει
1279 3747 1373 3815 τὴν
1402 3747 1588 3814 ἑτέρου
1613 3747 1816 3815 σπορὰν

249 3844 434 3912 ἐαυτῷ
454 3840 852 3894 ὑποϐάλλεσθαι
871 3839 1078 3908 ἕτερον,
1108 3838 1227 3889 οὑδέ
1246 3855 1307 3905 γε
1337 3837 1506 3901 ἄξιον,
1535 3836 1626 3888 τὸν
1661 3837 1759 3905 μὲν
1773 3838 1816 3868 ”

250 3934 502 4001 γαμέτην
535 3931 708 3984 ἐλπίδι
755 3930 1001 3998 καθαρᾶς
1034 3927 1382 3991 ἀπολαύσεως
1420 3927 1518 3996 τῆς
1562 3929 1625 3978 ὲκ
1649 3926 1756 3978 τῶν
1773 3926 1820 3958 ³⁵

250 4023 511 4092 καθαρῶν
536 4019 977 4090 παραγινομένης
1007 4019 1202 4087 γάμων
1223 4019 1289 4088 ἢν
1313 4019 1580 4072 ὑπέλαϐεν
1605 4020 1821 4088 νύμφην

250 4112 672 4174 εἰσοικίσασθαι,
721 4110 818 4179 τὴν
861 4109 918 4161 δὲ
970 4109 1457 4179 κατορχησαμένην
1503 4109 1611 4160 τῶν
1642 4125 1823 4178 γαμη-

248 4206 383 4258 λίων
418 4203 657 4272 θεσμῶν,
681 4201 775 4254 καὶ
804 4202 901 4271 τὴν
935 4201 1126 4253 ἐλπίδα
1153 4199 1252 4269 τῆς
1281 4199 1622 4268 εὐφροσύνης
1646 4199 1823 4264 δείξα-

253 4313 353 4348 σαν
400 4295 605 4362 τέφραν
654 4291 802 4362 αὑτῷ
848 4294 912 4343 ἐκ
970 4291 1062 4344 τοῦ
1112 4292 1282 4361 ἑτέρῳ
1321 4289 1820 4360 ωνδιαφθαρῆναι,

254 4387 396 4456 μετὰ
448 4385 541 4438 τοῦ
603 4383 864 4455 πορνικοῦ
923 4383 1205 4452 ἁγωγίμου
1265 4381 1628 4453 γνωρίζεσθαι
1695 4382 1822 4435 σύν-

249 4495 423 4534 οικον.

1915 3479 2220 3532 animorum
2253 3478 2510 3532 alienatio
2534 3480 2675 3547 (qua:
2701 3478 2838 3531 mala
2866 3478 3161 3532 acervatim
3186 3479 3367 3532 omnia
3392 3495 3490 3547 pa-

1914 3572 2045 3623 riter
2062 3584 2184 3622 cum
2209 3569 2511 3638 peregrino,
2528 3570 2812 3638 alienoque
2830 3570 3035 3623 semine
3057 3569 3452 3639 suscipiuntur)
3475 3590 3488 3624 :

1915 3659 2188 3728 quomodo
2237 3659 2307 3712 ibi
2356 3660 2773 3713 matrimonialis
2817 3659 3108 3713 concordia
3144 3701 3159 3724 ,
3220 3662 3492 3728 quomodo

1919 3767 2088 3818 purus
2140 3751 2519 3819 sponsalisque
2582 3759 2667 3805 est
2710 3751 2902 3805 amor?
2933 3751 3074 3816 Quin
3107 3760 3167 3804 ut
3213 3751 3486 3820 quispiam

1920 3841 2147 3894 alterius
2175 3838 2342 3893 [etum
2381 3839 2486 3892 sibi
2514 3839 2793 3907 subjiciat,
2821 3840 2874 3891 id
2911 3855 3040 3893 vero
3078 3839 3219 3892 ratio
3251 3855 3355 3892 non
3393 3855 3492 3908 pa-

1922 3934 2074 3985 titur.
2129 3931 2318 4000 Neque
2371 3933 2497 3983 item
2553 3931 2759 3999 justum
2791 3939 2895 3995 est,
2921 3939 2982 3983 ut
3012 3932 3101 3998 qui
3130 3945 3227 3998 spe
3254 3930 3494 3984 honestae

1924 4024 2060 4076 casti
2095 4021 2428 4075 matrimonii
2460 4021 2847 4075 oblectationis
2874 4035 3136 4088 sponsam
3174 4021 3226 4073 in
3260 4020 3493 4073 domici-

1926 4114 2057 4167 liutu
2081 4129 2240 4168 suum
2275 4113 2514 4180 recipere
2541 4112 2910 4174 constituerit,
2936 4111 2981 4165 si
3015 4112 3106 4164 illa
3152 4111 3490 4164 matrimonii

1925 4204 2135 4272 legibus
2187 4203 2442 4265 insultet,
2504 4210 2559 4256 et
2625 4217 2752 4255 cum
2799 4201 2912 4271 (79)
2953 4201 3074 4256 aliis
3138 4200 3494 4262 lascivit-udo,

1925 4295 2308 4349 oblectationis
2336 4309 2487 4365 spem
2519 4293 2804 4347 evanidam
2840 4293 2943 4363 ipsi
2985 4292 3199 4358 reddat,
3235 4292 3290 4346 in
3317 4306 3496 4346 mere-

1927 4385 2087 4438 tricia
2135 4385 2228 4438 illa
2289 4384 2552 4440 facilitate
2579 4387 2751 4453 ipsam
2814 4399 3037 4438 urorem
3072 4396 3374 4452 agnoscere
3395 4382 3487 4436 de-

1859 4489 1902 4542 n
1932 4473 2079 4528 beat.

1546 4661 1782 4718 VARUE
1817 4659 2227 4717 LECTIONES.

324 4843 370 4873 "
394 4840 486 4895 Sic
539 4853 684 4894 corr.
741 4836 1050 4906 Stephanus
1086 4852 1101 4899 ;
1131 4832 1303 4888 Codd.
1354 4831 1630 4906 ﬁxp_t60v._
1654 4833 1715 4906 _’_'
1742 4827 2198 4906 Stepltftﬁgylz
2251 4826 2398 4895 conj.
2445 4825 2840 4906 θπρτερςινοῡν.⁸
2902 4825 2946 4856 ’⁷
2967 4823 3140 4895 Vulgo
3173 4824 3494 4906 ,οἰηθέντων

252 4915 303 4948 ’⁸
327 4911 559 4979 Scrimg.
620 4902 856 4979 τίθεταιῖ
937 4903 1204 4979 "__St_cplt.
1251 4904 1400 4979 conj,
1454 4902 1766 4979 ἑτεροδόξῳ.

251 4986 297 5016 ³⁸
326 4973 560 5046 εει-ἱιηᾷ.
589 4977 920 5038 ὑποθέσεως.
944 5045 953 5046 7
997 4973 1040 5004 ³⁸
1066 4973 1207 5046 idem
1240 4973 1392 5026 ἀποδ.

252 5057 320 5108 ἐκ
345 5052 444 5120 τῆς
482 5043 610 5101 τῶν.
644 5047 751 5100 Sed
773 5047 868 5114 τῆς
908 5043 1167 5099 abundat.

1862 4901 1904 4934 ³⁰
1927 4887 2202 4951 Εοόό.”ἐί
2232 4887 2361 4949 ante

1495 4963 1744 5025 "'Cod'd'.
1773 4969 1980 5022 addunt
2008 4970 2137 5038 γὰρ,
2163 4967 2310 5038 quod
2337 4963 2624 5020 delendum
2680 4978 2802 5019 esse
2830 4963 2966 5019 vidit

3306 4892 3494 4961 Steph-

2427 4897 2591 4965 μηδὲν
2649 4897 2915 4965 habent;
2949 4896 3230 4965 expunxit.

3254 4964 3299 4995 ³⁸
3323 4961 3495 5018 Codd-

3051 4964 3156 5033 Syl-

1759 5171 1990 5228 ΝΟΤίΕ.

255 5341 310 5385 ιιι
338 5341 462 5398 qua:
486 5335 742 5393 sponsam
768 5319 944 5387 stupri
976 5323 1314 5396 compertam
1335 5315 1606 5396 lapidibus
1653 5315 1816 5368 vellet

255 5398 414 5454 obrui
440 5413 456 5448 :
491 5394 583 5446 sed
613 5404 792 5443 tamen
824 5390 936 5442 haec
962 5389 1286 5440 constitutio
1304 5394 1538 5454 pertinet
1562 5383 1628 5436 ad
1654 5399 1818 5452 spon—

252 5418 414 5454 ΟυΙἸΙΙ
440 5418 456 5448 ἶ
491 5418 583 5446 seu
613 5418 792 5443 lilllll'."
825 5418 936 5442 ιιαῑν
962 5418 1286 5440 ιυιιδιιιυιιυ
1304 5418 1386 5454 γσι
1402 5418 1538 5439 unum
1562 5418 1628 5436 au
1654 5418 1813 5452 υμυιι-

258 5485 375 5521 satu
403 5480 510 5517 non
545 5471 755 5514 tantum
787 5459 987 5524 stupri,
1017 5456 1110 5508 sed
1139 5457 1419 5522 gravidam
1459 5462 1813 5524 compertam.

247 5537 378 5590 νεά.
425 5535 751 5596 Ilarmeltop.
781 5528 833 5590 5,
869 5523 954 5580 tit.
981 5526 1036 5588 ἓ,
1097 5526 1222 5596 περ).
1251 5525 1457 5596 λύσεως
1502 5523 1817 5592 μνηστείας,

250 5610 396 5661 adde
424 5618 555 5672 quas
581 5592 883 5672 scripsi-ad
910 5598 944 5648 Ι.
976 5593 1306 5672 ιιιδὲιλσ.
1340 5592 1412 5672 De
1453 5601 1602 5646 cont.
1665 5609 1813 5658 ctup.

251 5680 288 5729 l.
332 5662 717 5752 _1_I__,‘Si_quis
740 5662 1301 5752 lvirlgin'etuillge
1330 5670 1438 5714 act.
1460 5678 1606 5730 emp.

323 5733 623 5814 (πῆλε,
665 5736 786 5814 ςηι,
923 5733 995 5787 De
1023 5733 1327 5814 sponsalib.

1921 5327 2045 5368 esse
2083 5312 2278 5381 collige

1997 5382 2110 5448 (77)
2137 5371 2291 5444 ρειΒά
2328 5385 2446 5432 erat
2477 5376 2833 5448 constitutum
2866 5371 2920 5425 d.
2957 5371 2983 5441 ᾗ
3020 5371 3072 5425 ι.

1995 5435 2106 5518 (78)
2148 5435 2310 5502 ~Hinc
2363 5448 2620 5525 colligere
2669 5443 2872 5512 possis,
2903 5435 3028 5495 cu'm
3055 5435 3363 5525 meretrice.
3393 5436 3499 5525 nisi

1928 5503 2239 5589 resipiscat,
2278 5503 2614 5589 connubium
2662 5503 2769 5589 non
2800 5503 2945 5572 esse,
2987 5525 3038 5563 e.
3078 5507 3206 5589 an.
3249 5503 3368 5558 Non
3421 5514 3499 5589 est

1931 5575 2237 5658 culpandus
2267 5589 2359 5646 52.
2397 5602 2448 5654 q.
2481 5587 2537 5658 l_,_
2568 5598 2689 5649 cap.
2728 5583 2872 5658 inter
2910 5593 3076 5648 opera
3127 5575 3200 5629 De
3231 5577 3475 5644 sponsali

1940 5652 2040 5713 bus
2066 5675 2115 5710 c.
2144 5663 2242 5710 ult.
2273 5658 2344 5710 De
2383 5652 2585 5708 condit.
2615 5652 2854 5721 apposit.

2006 5728 2116 5796 (79)
2156 5727 2304 5781 Facit
2334 5725 2466 5796 Nov.
2509 5715 2794 5796 Zpl,_s'u'pra
2821 5718 2944 5796 eod.
2973 5735 2987 5783 ;
3027 5715 3163 5771 Nov.
3188 5715 3390 5771 Justiti.
3415 5717 3502 5777 22,

464 5789 638 5878 ιῑίιιὶιὲ
667 5789 923 5858 "Novella:
962 5789 1148 5856 cas'utn
1209 5801 1502 5858 admodum
1541 5800 1830 5870 specialem
1941 5789 2062 5866 cap.
2099 5789 2182 5862 t5,
2210 5796 2236 5865 ς
2267 5799 2322 5863 2,
2355 5795 2487 5850 Nov.
2516 5793 2638 5861 H7,
2673 5805 2794 5860 cap.
2826 5789 2880 5843 8.

573 5906 840 5966 ΡΔτιιοι.
879 5899 998 5959 Gn.
1049 5898 1233 5958 CVII.

3068 5879 3147 5936 20
