4220 6442
223 422 336 480 {323

306 422 337 482 3
1337 411 1696 475 NOVELLl‘E
1719 409 1811 469 C0

1885 409 2388 471 STITUTIONES.

3377 407 3482 469 614

222 531 327 588 οὖν
357 536 421 587 ὲκ
442 533 548 585 τῶν
589 534 648 585 ὲν
676 532 776 602 βίῳ
805 531 1166 602 πραγμάτων,
1196 528 1383 596 ὥσπερ
1420 525 1648 595 ἔφημεν,
1697 525 1810 584 τοῖς

1914 523 2076 591 gotiis
2112 522 2592 593 (quemadmodum
2658 522 2919 593 diximus)
2985 520 3198 591 legibus
3224 521 3479 574 nascendi

225 627 420 696 νόμοις
471 627 505 694 ἠ
562 625 784 693 ἀφορμὴ
836 624 935 692 τῆς
991 622 1277 690 γενέσεως,
1309 619 1499 688 χρείαν
1538 617 1733 686 καινὴν
1761 617 1806 648 ⁸⁸

223 719 470 787 ὁρῶντες
520 719 680 784 ἡμεῖς
711 717 800 768 διά
847 733 992 775 τινος
1041 713 1334 780 καινότητα
1369 710 1690 779 πράγματος
1717 707 1809 758 καὶ

225 809 302 879 ἦν
324 812 427 861 οὐκ
450 808 527 861 ἔνι
557 809 694 876 πρὸς
727 808 961 877 ἀρχαίαν
1000 807 1176 874 ψῆφον
1199 803 1494 870 ἀναφέρειν
1545 801 1590 830 ⁸⁷
1643 799 1807 866 νόμου

226 902 524 969 γενέσεως,
554 900 628 962 ὡς
678 900 766 963 ἃν,
799 900 977 952 εἴποτε
1025 898 1118 949 καὶ
1142 896 1328 950 ἄλλοτε
1357 893 1567 946 τοιοῦτό
1588 910 1638 944 τι
1667 909 1810 960 συμ-

226 993 390 1062 ϐαίη,
437 992 536 1063 ἔχῃ
590 992 636 1024 ⁸⁸
673 991 735 1042 τὸ
782 989 996 1060 συμϐὰν
1026 989 1270 1058 νομίμως
1320 1003 1384 1053 γε
1434 986 1479 1016 δ’
1539 983 1809 1052 διακρίνε-

229 1083 382 1143 σθαι,
438 1081 766 1151 ὲκτιθέμεθα
808 1082 972 1151 νόμον
1031 1081 1167 1150 πρὸς
1214 1079 1314 1147 τὴν
1360 1075 1454 1129 τοῦ
1485 1076 1809 1144 πραγμάτος

229 1175 528 1246 σὺμῦασιν.

304 1267 403 1328 Τίς
431 1263 524 1320 οὖν
545 1267 748 1335 ὁνόμος
775 1283 789 1329 ;
825 1263 1034 1333 ’Λγρῶν
1060 1261 1306 1330 ἀλλήλοις
1333 1260 1590 1327 διαφόρου
1622 1258 1811 1310 δεσπο-

228 1362 386 1423 τείας
448 1361 891 1428 παρακειμένων,
956 1358 1049 1408 καὶ
1098 1354 1192 1407 τοῦ
1248 1355 1344 1424 μὲν
1405 1352 1808 1424 ὑπερκειμένην

229 1452 453 1519 ἔχοντος
476 1451 680 1518 χώραν,
715 1447 810 1502 τοῦ
839 1449 894 1500 δὲ
925 1446 1286 1514 ὑποκειμένου
1315 1445 1464 1505 ὄντος
1497 1444 1592 1495 καὶ
1616 1446 1675 1495 ἐν
1693 1445 1810 1494 ἐπι-

237 1543 388 1610 πέδῳ
419 1540 756 1609 ὁριζομένου,
791 1539 884 1592 ὲάν
930 1540 958 1590 ὁ
1011 1535 1405 1606 ὑπερκείμενος
1447 1533 1616 1601 ἀγρὸς
1652 1533 1807 1601 μέρει

235 1632 344 1683 τινὶ
377 1628 888 1696 συγκατασπασϐεὶς
920 1627 951 1694 ἦ
985 1628 1080 1679 σὺν
1108 1627 1294 1692 φυτοῖς
1324 1624 1368 1654 ⁵⁰
1413 1624 1445 1692 ἢ
1472 1622 1676 1674 τούτων
1707 1637 1810 1688 χω-

237 1722 325 1791 ρὶς
353 1720 443 1771 τὸν
475 1717 832 1785 ὑποκείμενον
853 1716 912 1767 τὸ
936 1716 1125 1784 ῥῆγμα
1152 1713 1442 1781 δεξάμενον
1474 1709 1806 1778 ἐπικαλύψη,

237 1812 314 1881 μὴ
358 1809 541 1872 ἁπλῶς
573 1809 716 1878 ἔχειν
746 1809 929 1862 ἄδειαν
959 1806 1096 1875 μήτε
1133 1806 1222 1857 τὸν
1251 1803 1521 1870 δεσπότην
1548 1800 1642 1853 τοῦ
1679 1801 1806 1852 ὑπο-

1907 612 2132 666 occasio
2150 613 2389 679 exsistit,
2420 623 2475 668 et
2504 627 2636 668 vero
2672 622 2896 684 prepter
2943 626 3138 667 novam
3169 612 3481 680 quampiam

1911 720 2047 767 rem,
2079 719 2199 772 qua:
2235 705 2302 758 ad
2330 712 2564 760 veterem
2617 705 2856 772 aliquam
2914 706 3084 774 legem
3129 702 3322 757 referri
3374 716 3482 754 non

1911 801 2112 861 potest,
2142 795 2255 863 lege
2275 796 2481 862 (89-90)
2504 811 2642 864 opus
2658 808 2784 850 esse
2811 794 3080 856 videmus,
3097 808 3208 862 quo
3233 791 3488 846 videlicet

1912 886 1956 938 si
1981 885 2115 940 alias
2142 900 2358 954 quoque
2411 888 2718 942 istiusmodi
2771 885 2980 955 aliquid
3009 888 3310 954 contingat,
3333 885 3387 938 id
3412 885 3487 937 le-

1911 977 2101 1046 gitime
2164 977 2454 1044 dijndicari
2475 981 2649 1047 possit
2683 979 2894 1049 :legem
2935 993 3037 1047 pro
3066 979 3380 1033 conditione
3408 977 3486 1031 rei

1912 1068 1968 1122 in
1995 1084 2175 1123 rerum
2210 1077 2460 1122 naturam
2500 1069 2878 1138 producimus.

1977 1258 2048 1305 At
2077 1270 2196 1323 qua:
2224 1255 2315 1307 illa
2337 1254 2464 1308 lex?
2499 1253 2730 1318 Quando
2753 1254 2954 1309 diversi
2984 1255 3209 1309 dominii
3239 1254 3355 1325 agri
3386 1254 3490 1309 sibi

1911 1344 2144 1398 invicem
2179 1345 2451 1410 adjacent,
2489 1345 2699 1397 etalter
2729 1345 3015 1413 superiore
3047 1346 3186 1408 loco,
3219 1346 3354 1398 alter
3387 1361 3482 1398 au-

1912 1445 2019 1490 tem
2061 1435 2325 1502 depresso
2347 1443 2401 1488 et
2431 1437 2724 1502 campestri
2777 1437 2918 1490 situs
2968 1447 3074 1502 est,
3113 1437 3157 1489 si
3185 1437 3490 1503 superioris

1911 1535 1965 1581 et
1994 1527 2362 1596 impendentis
2411 1527 2523 1594 agri
2553 1542 2680 1596 pars
2719 1528 2898 1595 aliqua
2922 1543 3046 1582 cum
3076 1529 3372 1582 arboribus
3400 1539 3495 1581 aut

1911 1621 2136 1676 sinehis
2158 1629 2452 1691 praerupta,
2496 1621 2870 1687 subiacentem
2906 1635 3118 1691 agrum,
3153 1622 3243 1690 qui
3279 1621 3492 1674 ruinam

1910 1715 2142 1782 excepit,
2195 1713 2435 1780 obtegat,
2471 1727 2538 1765 ne
2565 1712 2919 1780 simpliciter,
2985 1726 3162 1779 neque
3216 1711 3496 1765 inferioris

1914 1805 2028 1873 agri
2078 1804 2336 1857 dominus
2382 1805 2628 1857 avulsam
2683 1805 2971 1858 materiam
3040 1812 3304 1872 tanquam
3337 1817 3494 1857 suam

235 1871 533 1972 ὲεδηκότος
578 1871 749 1968 ἀγροῦ
799 1900 875 1960 ὼς
908 1871 1040 1959 ἰδίας
1071 1895 1468 1950 ἀντιποιεῖσθαι
1497 1895 1596 1960 τῆς
1643 1910 1813 1944 κατα-

1885 1880 1890 1919 ί
1920 1894 2158 1948 vindicet
2193 1909 2408 1962 :neque
2471 1894 2774 1962 superioris
2798 1893 3080 1958 dominus,
3117 1895 3210 1963 qui
3248 1892 3494 1946 avulsio-

235 1993 573 2059 σπασοείσης
602 1990 752 2058 ὕλης,
784 1990 865 2042 ὅτι
896 1989 953 2040 ἐν
983 1990 1096 2050 τοῖς
1125 1986 1291 2040 αὑτοῦ
1321 1986 1489 2056 ὁρίοις
1518 1987 1810 2046 ἐπίκειται,

238 2087 378 2153 μήτε
403 2084 512 2152 μὴν
534 2083 624 2134 τὸν
659 2079 754 2132 τοῦ
792 2079 1190 2148 ὑπερκειμένου
1233 2079 1422 2148 κύριον
1456 2079 1550 2130 καὶ
1587 2079 1685 2147 τὴν
1715 2078 1814 2146 ῥῆ-

238 2176 322 2237 ξιν
392 2173 704 2227 πεπονθότα
760 2174 1011 2224 κάκεῖνον
1076 2171 1120 2200 ⁵⁸
1184 2171 1652 2239 προσφιλονεικεῖν
1705 2169 1817 2221 τῶν

234 2269 404 2338 ὁρίων
454 2268 749 2336 κυριεύειν,
776 2265 812 2318 ἃ
844 2266 904 2317 τὸ
937 2265 1125 2333 ῥῆγμα
1158 2264 1541 2326 ὲπιπεπτωκδς
1571 2263 1817 2316 ὑποδέδε-

236 2377 387 2420 κται,
424 2358 559 2410 ἀλλὰ
605 2357 696 2407 τὸν
749 2355 847 2424 μὲν
876 2353 970 2405 τοῦ
1015 2355 1375 2422 ὑποκειμένου
1404 2352 1576 2419 ἀγροῦ
1627 2351 1817 2420 κύριον

237 2450 592 2519 παραχωρεῖν
631 2447 709 2515 τῷ
737 2445 828 2498 τοῦ
858 2443 1312 2514 ὑπερτεθειμένου
1333 2446 1377 2476 ⁸³
1408 2442 1580 2510 ἀγροῦ
1615 2443 1814 2512 κυρίῳ,

239 2547 286 2596 εἰ
316 2543 562 2612 βούλοιτο
587 2581 601 2602 ,
634 2541 732 2606 τὴν
771 2537 1354 2605 συγκατασπασοεῖσαν
1400 2535 1445 2565 ⁵³
1496 2534 1652 2602 ὕλην,
1706 2536 1815 2586 εἴτε

241 2634 522 2702 σύμφυτος
551 2632 634 2699 εἴη
685 2629 796 2681 εἴτε
837 2627 1020 2696 φυτῶν
1061 2625 1267 2696 ἕρημος
1299 2625 1366 2688 ⁵⁵,
1400 2625 1691 2676 ἀναλαϐεῖν
1724 2625 1820 2677 καὶ

242 2720 697 2790 ὲνακομίζεσθαι,
729 2719 818 2772 τὸν
849 2721 903 2772 δὲ
930 2718 1037 2770 τῶν
1063 2716 1156 2769 δύο
1205 2715 1478 2785 αἱρεῖσθαι
1523 2717 1583 2767 τὸ
1608 2717 1817 2785 ἕτερον,

243 2817 274 2885 ἦ
301 2815 402 2884 τὴν
438 2815 569 2882 ὓλην
591 2813 824 2864 λαϐόντα
852 2808 1036 2871 καθὼς
1059 2808 1117 2868 ἐξ
1137 2807 1310 2877 ἀρχῆς
1339 2805 1620 2869 δεσπόζειν
1648 2807 1820 2874 αὐτῆς

241 2905 502 2973 κειμένης
537 2906 593 2955 ὲν
616 2905 725 2965 τοῖς
762 2902 908 2963 ἰδίοις
941 2900 1258 2969 ὁρίοις,ἢ,εί
1283 2899 1437 2950 τοῦτο
1456 2899 1528 2967 μὴ
1557 2897 1818 2968 βούλοιτο,

242 2994 543 3064 ἀπέχεσθαι
576 2992 854 3054 παντελῶς
891 2992 1055 3043 αὑτὸν
1098 2991 1237 3060 μετὰ
1280 2993 1377 3058 τῆς
1428 2988 1562 3058 ὕλης
1587 2990 1682 3041 καὶ
1714 2990 1823 3040 τῶν

243 3071 780 3154 δεξαμένωνταύτην
801 3083 985 3152 ὁρίων,
1011 3082 1106 3133 καὶ
1132 3083 1205 3150 μὴ
1233 3082 1492 3150 παρέχειν
1520 3079 1823 3148 πράγματα

242 3177 321 3246 τῷ
367 3177 462 3227 τοῦ
505 3173 906 3240 ὑποδεξαμένου
954 3171 1123 3241 ἀγροῦ
1147 3172 1217 3222 τὰ
1269 3168 1824 3238 συγκατασπασθέντα

243 3268 578 3329 δεσπόζοντι.
617 3268 828 3335 Ὥσπερ
851 3265 959 3334 γὰρ
1002 3264 1188 3316 οἰκιῶν
1213 3262 1639 3334 παρακειμένων
1664 3262 1826 3330 ἀλλή-

244 3359 383 3419 λαις,
415 3358 510 3408 καὶ
537 3357 635 3424 τῆς
676 3357 772 3424 μὲν
795 3357 1025 3424 ἐχούσης
1058 3353 1499 3422 ὑπερανέχουσαν
1518 3353 1618 3422 τὴν
1653 3369 1822 3405 κατασ

248 3448 452 3516 σκευὴν
484 3448 580 3516 τῆς
610 3447 666 3498 δὲ
698 3447 1089 3514 ὑποκειμένην,
1123 3446 1169 3496 εἰ
1211 3443 1454 3512 συμϐαίη
1488 3443 1586 3510 τῆς
1619 3442 1826 3495 ἄνωθεν

247 3539 669 3606 καταπεσούσης
699 3538 876 3599 οἰκίας
921 3538 953 3606 ἢ
991 3537 1089 3604 τὴν
1121 3535 1534 3602 κατενεχθεῖσαν
1561 3533 1691 3603 ὓλην
1732 3535 1825 3586 λα-

246 3632 366 3684 ϐεῖν
403 3632 468 3695 ⁵⁵,
493 3631 548 3697 ἧ,
582 3631 629 3681 εί
661 3630 734 3699 μὴ
767 3632 1081 3698 προαιροῖτο
1114 3627 1316 3685 λαϐεῖν,
1353 3626 1661 3689 ἐξίστασθαι
1694 3629 1826 3680 καο-

249 3723 420 3786 ἁπαξ,
451 3723 544 3774 καὶ
579 3722 745 3790 μηδὲν
772 3721 908 3783 ὅλως
934 3718 1285 3787 παρενοχλεῖν
1315 3718 1508 3784 ἐκείνῳ
1530 3717 1609 3786 τῷ
1643 3720 1820 3788 μέρει,

247 3816 277 3868 ὓ
311 3815 372 3867 τὸ
413 3815 724 3883 σύμπτωμα
763 3811 1081 3874 ὑπεδέξατο,
1134 3808 1278 3860 οὕτω
1331 3808 1396 3876 δὴ
1447 3809 1543 3859 καὶ
1591 3809 1827 3863 ἐνταῦθα

250 3908 635 3977 φυλάττεσθαι.

802 3991 1112 4046 ΔΙΑΤΛΞΙΣ
1142 3993 1273 4060 scr.

251 4086 391 4154 Περὶ
422 4084 533 4152 τῆς
567 4084 686 4137 τῶν
713 4083 1326 4154 διερευνωμὲνων-τὰς
1362 4081 1480 4135 τῶν
1511 4084 1830 4137 ἁποϐισύν-

701 4171 818 4206 των
839 4154 1030 4217 θήκας
1060 4152 1390 4216 κολάσεως,

335 4248 396 4299 '0
428 4245 589 4307 αὐτὸς
616 4243 867 4312 βασιλεὺς
893 4242 1166 4312 Στυλιανῷ
1190 4241 1267 4310 τῷ
1292 4243 1460 4309 αὐτῷ.

329 4337 518 4391 Ἔστιν
578 4337 938 4402 ἀσύγγνωστα
993 4335 1102 4386 τῶν
1149 4334 1561 4402 ἁμαρτημάτων
1612 4332 1705 4386 καὶ
1753 4336 1832 4396 είς

251 4428 448 4496 ποινῆς
474 4426 742 4495 ἐπιφορὰν
765 4425 1131 4496 ἀπαραίτητα,
1156 4425 1254 4477 ὅσα
1293 4425 1461 4494 μόνην
1490 4425 1689 4477 κακίαν
1720 4426 1832 4493 ἔχει

255 4521 358 4583 τῆς
385 4519 631 4588 γνώμης,
661 4519 755 4570 καὶ
780 4518 1016 4586 φυσικῆς
1038 4517 1284 4584 ἀνάγκης
1317 4516 1662 4584 ἀπολογίαςὴ
1693 4518 1832 4586 πρᾶ-

256 4613 340 4678 ξις
371 4609 762 4678 ὲστέρηται.“Α
795 4607 851 4658 δὲ
879 4607 952 4675 μὴ
980 4606 1240 4668 ὁλοτελὼς
1269 4608 1383 4657 ἐστι
1414 4606 1514 4672 τῆς
1545 4606 1828 4675 πονηρίας,

257 4703 373 4756 ἀλλ’
409 4702 522 4770 ἔχει
553 4701 646 4753 καί
673 4717 794 4752 τινα
831 4699 976 4768 μῖξιν
1008 4701 1241 4768 φυσικῆς
1277 4699 1609 4768 τυραννίδος,
1657 4696 1830 4749 ταῦτα

1919 2002 2042 2040 nem
2080 2001 2271 2056 passus
2298 1994 2400 2047 est,
2428 1986 2495 2038 de
2553 1985 2739 2038 linium
2781 1985 2874 2053 qui
2912 1983 3129 2038 ruinam
3166 1985 3494 2039 incidentem

1919 2089 2269 2148 exceperunt,
2329 2079 2598 2140 dominio,
2638 2078 2714 2131 illi
2765 2077 2916 2132 litem
2943 2083 3158 2131 moveat
3192 2095 3204 2126 τ
3233 2076 3329 2132 sed
3360 2077 3499 2130 infe—

1923 2172 2085 2223 rioris
2117 2171 2232 2238 agri
2291 2169 2549 2223 dominus
2599 2168 2903 2237 superioris
2928 2167 3043 2238 agri
3075 2167 3318 2231 domino,
3354 2170 3398 2223 si
3419 2167 3497 2221 di-

1924 2262 2132 2314 vul~am
2185 2261 2471 2314 materiam
2530 2261 2668 2328 (sive
2695 2259 2988 2313 arboribus
3023 2259 3236 2312 consita
3263 2259 3353 2321 sit,
3389 2259 3501 2312 sive

1925 2353 2033 2405 illis
2063 2352 2238 2422 vacet)
2262 2353 2506 2420 recipere
2523 2360 2576 2405 et
2600 2358 2894 2420 apportare
2919 2351 3069 2415 velit,
3093 2351 3146 2403 id
3180 2353 3457 2418 permittat
3487 2370 3499 2402 :

1925 2445 2014 2499 ille
2052 2457 2235 2498 autem
2263 2446 2537 2512 optionem
2564 2444 2761 2496 habeat
2807 2451 2990 2495 utrum
3025 2451 3325 2512 receptam,
3353 2445 3498 2496 suis-

1924 2553 2028 2605 que
2058 2537 2258 2590 linibus
2306 2536 2611 2588 restitutam
2656 2533 2965 2600 materiam,
3035 2534 3500 2603 quemadmodum

1925 2629 2065 2681 solet
2091 2627 2376 2680 obtinere:
2415 2642 2481 2679 an
2515 2641 2646 2680 vero
2709 2627 2779 2696 (si
2832 2625 2980 2678 illam
3038 2636 3321 2695 asportare
3348 2629 3503 2697 nolit)

1927 2735 2154 2789 prorsus
2185 2726 2300 2771 tum
2329 2733 2357 2770 a
2385 2718 2636 2779 materia,
2667 2727 2779 2770 tum
2809 2733 2838 2769 a
2868 2717 3069 2770 linibus
3097 2719 3191 2785 qui
3231 2718 3377 2770 illam
3409 2733 3504 2771 ex—

1926 2819 2215 2880 ceperunt,
2248 2810 2549 2872 abstinere,
2596 2823 2772 2876 neque
2799 2808 2913 2876 agri
2940 2809 3033 2877 qui
3063 2809 3276 2865 divulsa
3314 2825 3505 2864 susce-

1927 2903 2026 2970 pit,
2072 2903 2296 2955 domino
2322 2902 2598 2970 negotium
2643 2899 2916 2955 facessere
2955 2901 3103 2955 velit.
3139 2900 3503 2966 Quemadmo

1929 2993 2057 3046 dum
2113 2994 2256 3046 enim
2302 3007 2428 3044 eum
2483 2992 2678 3047 domus
2709 2994 2814 3047 sibi
2865 2995 3099 3048 invicem
3151 2994 3423 3061 adjacent,
3455 3007 3507 3050 et

1932 3081 2154 3134 alterius
2183 3089 2456 3134 structura
2510 3083 2902 3150 supereminet,
2953 3084 3180 3138 alterius
3208 3085 3430 3138 humilis
3457 3095 3508 3139 ct

1854 3217 1900 3276 Ο
1936 3189 2124 3242 pressa
2171 3182 2276 3236 est,
2311 3174 2356 3226 si
2409 3173 2831 3228 eminentiorem
2886 3175 3108 3229 domum
3163 3179 3214 3228 in
3246 3177 3506 3230 humilem

1930 3267 2127 3322 collabi
2166 3266 2471 3334 contingat,
2528 3266 2783 3319 dominus
2815 3269 2934 3335 ejus
2966 3275 3058 3320 aut
3092 3267 3199 3337 (91)
3226 3267 3504 3336 delapsam

1931 3357 2215 3410 materiam
2241 3357 2503 3425 recipere,
2542 3365 2655 3420 aut,
2689 3358 2735 3411 si
2771 3358 2819 3409 id
2848 3359 3005 3420 nolit,
3036 3358 3121 3411 illa
3156 3374 3382 3426 prorsus
3415 3373 3507 3412 caa

1928 3448 2091 3502 dere:
2128 3463 2300 3516 neque
2334 3447 2533 3500 domus
2562 3464 2683 3516 qua:
2718 3464 2904 3503 casum
2948 3450 3184 3518 excepit,
3219 3451 3498 3502 dominum

1929 3539 2231 3608 inquietare
2264 3537 2445 3600 debet,
2473 3537 2544 3589 ita
2606 3537 2693 3591 hic
2723 3553 2943 3608 quoque
2973 3554 3040 3592 eo
3066 3540 3132 3591 ad
3158 3555 3504 3608 consequen-

1931 3631 2059 3682 tiam
2091 3640 2144 3682 et
2170 3629 2478 3696 exemplum
2510 3636 2706 3691 tracto,
2763 3631 2902 3684 idem
2949 3631 3216 3684 custodiri
3242 3632 3507 3686 etobser—

1931 3721 2045 3774 vari
2085 3717 2386 3782 cenvenit.,

1865 3810 2109 3881 προσῆκε
2135 3810 2181 3839 ⁵⁸
2210 3809 2310 3876 τὴν
2343 3809 2514 3872 αὐτὴν
2546 3810 2868 3862 ἀκολουθίαν
2916 3813 3010 3864 καὶ
3068 3814 3354 3882 τηρεῖσθαι
3419 3816 3509 3867 καὶ

2389 3995 2854 4050 (ΣΟΝδΊΊΤυΤΙΟ
2883 3997 3040 4051 XCVI
3068 4040 3082 4053 .

2360 4086 2437 4139 De
2466 4087 2702 4153 sepulcro
2732 4090 2926 4141 violato
2951 4090 3085 4158 (92).

2005 4245 2147 4300 Idem
2175 4246 2470 4312 imperator
2489 4243 2664 4298 eidem
2699 4245 2965 4315 Styliano.

2007 4336 2137 4400 Quae
2166 4335 2364 4387 delicta
2426 4335 2541 4388 sola
2593 4334 2764 4387 animi
2799 4337 3041 4403 nequitia
3065 4339 3508 4399 committuntur,

1937 4428 2194 4496 nullaque
2228 4426 2465 4479 naturali
2495 4423 2822 4479 necessitate
2845 4428 3094 4479 excusari
3138 4437 3388 4494 possunt,
3427 4429 3513 4480 his

1935 4533 2114 4585 neque
2163 4519 2324 4572 venia
2387 4518 2676 4572 tribuenda
2742 4534 2919 4587 neque
2983 4519 3280 4574 inferenda:
3343 4537 3514 4589 pmna:

1937 4607 2192 4676 effugium
2227 4605 2638 4660 concedendum
2674 4616 2777 4661 est.
2812 4611 2943 4672 Quae
2991 4624 3117 4661 vero
3150 4626 3254 4662 non
3290 4613 3514 4663 onminn

1934 4713 1963 4751 a
1989 4700 2191 4751 malitia
2219 4697 2546 4766 procedunt,
2572 4699 2668 4753 sed
2699 4700 2923 4751 mixtam
2956 4710 3166 4753 naturae
3199 4701 3511 4755 violentiam

256 4797 370 4856 τοῖς
401 4793 540 4845 κατὰ
582 4795 778 4864 μέτρον
806 4792 902 4860 τῆς
935 4792 993 4842 ὲν
1025 4794 1089 4860 τῇ
1125 4790 1285 4859 φύσει
1315 4791 1596 4859 δυνάμεως
1626 4789 1817 4860 κρίνειπ

1885 4803 1914 4859 )
1940 4791 2164 4855 habent,
2215 4791 2299 4843 his
2365 4791 2555 4858 utique
2585 4790 2805 4851 abillis,
2831 4791 2924 4859 qui
2961 4792 3243 4860 proposita
3281 4794 3385 4846 sibi
3419 4809 3514 4846 na—

256 4883 719 4954 προαιρουμένοις
765 4881 1095 4950 συγγνώμης
1145 4882 1246 4933 οὐκ
1298 4880 1680 4940 ἀποτεύξεται.
1743 4880 1838 4931 Ἐκ

1941 4891 2077 4935 tura:
2102 4883 2150 4934 vi
2178 4881 2427 4950 judicare
2459 4884 2664 4944 volent,
2697 4883 2855 4936 venia
2888 4895 2996 4935 non
3028 4882 3409 4953 denegabitur.
3436 4883 3510 4937 Ex

1528 5036 1762 5092 VARIIE
1791 5037 2194 5092 LECTIO‘NES.

365 5186 413 5216 “
446 5183 614 5237 Codd.
646 5184 740 5234 καὶ
768 5183 882 5235 νῦν.
940 5183 986 5212 ⁸⁷
1011 5182 1182 5236 Codd.
1210 5183 1545 5250 ἀναφαίνειν.
1618 5183 1662 5213 ⁸⁸
1692 5180 1805 5233 Ecl.
1838 5181 1969 5251 ἔχοι.

260 5274 396 5317 τοις.

480 5256 520 5284 ⁵¹
554 5252 775 5307 Videtur
806 5253 1087 5316 legendum
1139 5254 1427 5313 κάκείνων,
1488 5261 1547 5304 ttt
1595 5252 1752 5304 liabet
1779 5268 1920 5304 unus
1969 5269 2033 5304 ex
2099 5253 2209 5305 Ecl.
2249 5251 2420 5304 Codd.

2044 5180 2396 5268 "dignitati...
2453 5181 2721 5268 ’τ’-Ζιξξοιι,
2753 5188 2807 5233 et
2867 5180 3107 5268 Mearm.‘
3143 5181 3258 5268 Ecl.
3296 5183 3513 5268 συμφύ-

2515 5253 2560 5330 ⁵1²
2588 5250 2905 5330 Stt_rirr_ig._et
2959 5250 3151 5330 Zuieh.
3188 5250 3512 5330 ὑπερτίοεμ,

261 5327 308 5358 ³³
335 5325 446 5380 Ecl.
481 5340 718 5375 κατασπ.
769 5323 813 5354 ⁵⁸
845 5322 1012 5390 Vulgo
1036 5322 1239 5390 ἐρήμη.
1277 5322 1389 5374 Ecl.
1420 5322 1644 5392 ἔρημος.
1709 5321 1757 5352 ⁸⁸
1774 5323 1931 5390 Agyl.
1965 5322 2166 5388 ὀφείλει
2189 5323 2430 5390 suppleti
2457 5322 2588 5374 vult.
2653 5321 2700 5353 ⁸⁸
2736 5318 2911 5392 Vulgo
2947 5322 3235 5392 προσήκει.
3268 5318 3374 5376 Sed
3393 5318 3515 5376 cu'ni

264 5396 380 5448 Ecl.
411 5395 650 5463 προσῆκε
679 5392 1023 5445 scribendum
1069 5393 1168 5443 fuit
1199 5400 1415 5462 propter
1440 5391 1700 5460 συμϐαίη.

1761 5506 1985 5562 NOT/E.

344 5606 556 5675 (89-90)
585 5604 809 5657 Videtur
839 5603 947 5656 Leo
967 5603 1250 5675 ignorasse
1285 5602 1454 5675 legem
1487 5603 1542 5665 9,
1575 5602 1681 5673 §2,
1714 5603 1787 5675 ibi
1825 5624 1836 5658 :

263 5680 320 5800 ἓξ
349 5673 415 5798 (ὃ
451 5677 618 5795 ῐιΙιηιΙο
654 5684 749 5728 tuo
778 5683 963 5728 crusta
997 5677 1147 5741 lapsa
1188 5673 1259 5726 sit
1294 5673 1347 5724 in
1381 5687 1561 5726 meum
1610 5673 1838 5727 fundum

305 5787 321 5801 .
407 5762 436 5797 e
463 5763 481 5796 (
503 5760 685 5798 amno.

335 5815 450 5884 (9|)
483 5814 541 5867 L.
578 5816 631 5879 7,
665 5816 691 5885 ς
724 5815 820 5868 ult.
854 5815 890 5866 l.
917 5815 969 5879 9,
1008 5812 1062 5866 ll".
1098 5812 1170 5867 De
1200 5811 1400 5865 damno
1430 5812 1614 5867 infect.

1949 5634 1956 5641 -
2022 5601 2133 5672 (92)
2164 5603 2229 5655 Et
2261 5603 2379 5667 ejus
2419 5601 2600 5656 delicti
2628 5616 2789 5671 pmna
2823 5602 2877 5656 in
2913 5613 3196 5657 tonsuram
3225 5613 3278 5659 et
3304 5603 3518 5659 fustua-

1949 5673 2090 5723 rium
2126 5681 2352 5732 mntata,
2380 5688 2500 5724 cum
2526 5673 2653 5724 oliui
2691 5672 3052 5726 criminaliter
3087 5681 3140 5726 et
3163 5674 3517 5741 pecunialiter

1950 5742 2019 5796 de
2051 5757 2116 5797 eo
2144 5753 2416 5811 ageretur,
2456 5743 2489 5796 l.
2529 5743 2583 5806 8,
2619 5741 2655 5795 Ι.
2695 5743 2750 5809 9,
2781 5741 2838 5795 Π.
2866 5741 2939 5797 De
2969 5744 3146 5812 sepul.
3177 5744 3306 5798 viol.
