4220 6442
742 428 846 493 615

1964 416 2242 480 LEONIS
2276 416 2729 480 PHILOSOPHI

3884 412 3995 478 616

741 545 842 597 hac
880 554 981 611 ego
1006 539 1215 595 ratione
1259 534 1418 591 civile
1452 546 1781 604 sacrumque
1837 530 2140 594 decretum,
2190 532 2310 583 dum

2422 532 2626 600 ταύτης
2644 529 2756 599 ἐγὼ
2777 530 2876 600 τῆς
2904 529 3129 600 γνώμης
3162 529 3492 601 στοχάζομαι
3526 528 3588 582 τό
3622 544 3682 581 τε
3714 530 3995 581 πολιτικὸν

742 632 811 687 de
835 632 1210 699 sepulcrorum
1238 625 1742 697 perscrutatoribus
1761 628 2033 684 statuunt,
2059 621 2162 674 sibi
2188 634 2310 672 mu-

742 730 838 775 tuo
889 735 997 773 non
1063 716 1440 771 contradicere
1491 712 1778 782 conjicie.‘
1822 708 2017 764 Civilis
2079 722 2317 777 namque

744 814 826 867 lex
850 808 1082 877 (93-94),
1100 808 1297 861 malam
1316 806 1647 860 voluntatem
1676 801 2055 856 tantummodo
2074 803 2314 865 intuens,

744 909 936 970 negata
974 914 1201 970 prorsus
1234 898 1414 958 venia,
1458 894 1512 949 id
1564 894 1823 950 delictum
1861 896 2015 964 punit
2045 892 2157 961 (95)
2188 909 2201 944 :
2227 906 2318 945 sa-

738 1008 830 1047 cra
853 991 964 1062 (96)
998 988 1233 1058 νει-ο(δὰ
1253 994 1644 1058 paupettatem,
1672 1001 1795 1056 quae
1823 987 2115 1039 humanam
2146 984 2314 1037 vitam

740 1082 939 1137 misere
992 1089 1170 1144 vexat,
1220 1093 1473 1148 saepeque
1524 1093 1744 1148 pressos
1788 1092 1895 1130 non
1935 1072 2188 1129 audenda
2216 1089 2317 1128 au-

740 1173 867 1228 dere
919 1173 1085 1243 cogit,
1135 1170 1191 1224 ui
1238 1170 1431 1233 fallor,
1491 1169 1811 1239 respiciens)
1863 1181 2078 1237 poenam
2129 1165 2183 1221 in
2226 1165 2318 1221 de-

742 1262 1037 1330 prehensos
1070 1275 1179 1317 non
1210 1260 1521 1316 constituit.

808 1440 922 1499 Nos
972 1442 1163 1512 itaque
1193 1441 1259 1496 ad
1287 1448 1577 1509 utrumque
1622 1439 1903 1494 decretum
1952 1452 2054 1492 nos
2108 1443 2318 1489 aecom’

741 1534 1047 1597 modantes,
1078 1546 1163 1596 ac,
1190 1532 1371 1602 quoad
1405 1530 1519 1586 fieri
1550 1538 1749 1601 potest,
1787 1543 2006 1599 pmnam
2033 1535 2203 1597 atque
2228 1542 2320 1580 ve-

739 1622 885 1677 niam
944 1622 1090 1676 inter
1129 1636 1252 1677 sese
1303 1621 1721 1691 conjungentes,
1775 1619 2080 1682 sancimus,
2106 1626 2167 1673 ut
2217 1616 2311 1687 qui

738 1713 910 1770 semel
944 1714 1209 1768 duntaxat
1229 1713 1281 1768 id
1302 1713 1423 1768 ausi
1450 1712 1678 1777 fuerint,
1722 1710 1831 1764 leni
1862 1708 2317 1778 misericordique

738 1805 1011 1861 sententia
1073 1804 1391 1857 feriantur:
1432 1802 1526 1870 qui
1581 1816 1717 1855 vero
1761 1816 1827 1854 ex
1877 1799 2168 1854 clementia
2224 1798 2314 1852 illa

2421 624 2514 675 καὶ
2564 622 2708 690 ἱερὸν
2738 622 2994 692 ψήφισμα
3044 620 3181 691 πρὸς
3233 620 3540 687 ἀντιλογίαν
3564 618 3806 689 ἀλλήλων
3837 617 3993 681 ἰδεῖν,

2418 713 2476 764 ὲν
2504 713 2614 781 ὅσῳ
2643 712 2770 781 περὶ
2801 711 2911 763 τῶν
2950 710 3391 780 διερευνωμένων
3417 710 3516 771 τὰς
3550 709 3657 762 τῶν
3699 707 3998 761 ἀποδιούν-

2416 819 2525 855 των
2551 801 2719 871 θήκας
2763 799 3110 871 ψηφίζονται.
3146 800 3205 853 ’0
3258 799 3358 868 μὲν
3381 800 3489 868 γάρ
3519 799 3794 861 πολιτικὸς
3824 797 3995 866 νόμος

2418 891 2556 962 πρὸς
2587 890 2755 960 μόνην
2775 890 2873 957 τὴν
2904 889 3202 959 δύστροπον
3228 889 3621 957 ἀποσκοπήσας
3667 886 3994 957 προαίρεσιν

2417 987 2517 1056 τὴν
2549 984 2807 1054 τοιαύτην
2834 983 3106 1054 ἁμαρτίαν
3132 983 3350 1046 κολάζει
3386 979 3716 1050 συγγνώμης
3756 979 3996 1031 ἀποστε-

2420 1077 2549 1147 ρῶν,
2576 1077 2605 1130 6
2635 1077 2681 1130 δ’
2715 1077 2858 1147 ἱερὸς
2892 1072 3067 1146 (οἶμαι
3110 1075 3249 1147 πρὸς
3280 1075 3377 1145 τὴν
3406 1072 3721 1143 διοχλοῦςαν
3757 1069 3837 1133 τῷ
3890 1069 3993 1138 βίῳ

2418 1169 2611 1226 πενίαν
2667 1168 2811 1232 ίδὼν,
2874 1170 2908 1240 ἥ
2969 1168 3093 1233 τοὺς
3140 1168 3668 1238 στενοχωρουμένους
3724 1161 3993 1223 πολλάκις

2415 1259 2621 1329 τολμᾷν
2673 1260 2906 1327 προάγει
2939 1259 3242 1330 ἀτόλμητα)
3284 1258 3557 1329 τιμωρίαν
3603 1258 3717 1320 τοῖς
3766 1252 3992 1308 ἁλοῦσιν

2417 1350 2515 1403 οὐκ
2546 1350 2754 1418 ἔταξεν.

2499 1441 2691 1512 Ἰιμεῖς
2716 1436 2811 1495 οὖν
2854 1440 2990 1513 πρὸς
3017 1441 3116 1513 τὴν
3153 1442 3418 1514 ἑκατέρου
3460 1440 3813 1513 ψηφίσματος
3858 1452 3993 1501 συγο

2417 1533 2643 1603 γνώμην
2682 1535 3046 1605 ἁρμοζόμενοι
3084 1536 3183 1587 καὶ
3210 1534 3332 1588 καθ’
3366 1535 3489 1587 ὅσον
3517 1528 3628 1586 οἷόν
3654 1546 3713 1583 τε
3735 1525 3807 1599 ἦν
3833 1527 3993 1589 δίκην

2420 1624 2512 1675 καὶ
2566 1622 2895 1694 συγγνώμην
2931 1626 3011 1689 είς
3028 1624 3087 1677 ἒν
3128 1626 3507 1686 συνάπτοντες,
3549 1621 3677 1683 τοὺς
3714 1618 3815 1687 μὲν
3842 1614 3995 1678 ἅπαξ

2419 1714 2576 1767 τοῦτο
2602 1714 2977 1785 τολμήσαντας
3002 1715 3328 1785 θεσπίζομεν
3357 1712 3622 1783 εὐμενοῦς
3649 1712 3742 1765 καὶ
3781 1723 3994 1779 μακρο·

2419 1805 2700 1875 θυμούσης
2724 1807 2860 1875 πρὸς
2890 1806 2950 1860 τὸ
2971 1808 3326 1878 τιμωρεῖσθαι
3350 1806 3639 1875 τυγχάνειν
3665 1803 3767 1872 τῆς
3804 1801 3990 1885 δίκης,

740 1898 933 1951 iterum
960 1893 1218 1964 peccandi
1249 1892 1594 1948 occasionem
1628 1890 1875 1961 rapiunt,
1904 1903 2006 1943 nec
2030 1887 2155 1943 inde
2178 1902 2309 1958 pru-

2417 1862 2542 1957 τους
2573 1895 2632 1947 δὲ
2754 1862 3040 1965 συμπαθὲς
3083 1862 3338 1967 ἀέρορμὴν
3367 1862 3774 1964 ποιησαμένους
3804 1862 3994 1944 δευτέ-

738 1987 1015 2042 deutiores
1047 1984 1177 2039 facti
1211 1999 1241 2037 a
1269 1984 1477 2037 malitia
1506 1982 1803 2045 desistunt,
1856 1980 2025 2036 nullis
2049 1980 2308 2050 precibus

2411 2002 2505 2054 pou
2538 1985 2906 2054 τολμήματος,
2930 1985 3065 2038 ἀλλά
3094 1988 3168 2056 μὴ
3192 1986 3316 2039 νοῦν
3346 1987 3391 2018 ⁵⁷
3418 1984 3682 2044 λαϐόντας
3705 1985 3771 2035 ὲκ
3791 1981 3991 2033 τούτου

739 2077 994 2133 admissis
1052 2092 1266 2146 poenam
1331 2077 1661 2131 sustineant.
1720 2074 1815 2128 Illa
1866 2082 2043 2128 autem
2071 2074 2126 2127 in
2156 2072 2305 2127 dorsi

2409 2076 2487 2137 εἰς
2543 2074 2891 2146 ἀναχώρησιν
2965 2077 3063 2145 τῆς
3116 2078 3397 2147 πονηρίας,
3455 2078 3848 2147 ἀπαραιτήτως
3897 2072 3996 2141 τὴν

744 2168 1123 2224 verberatione
1154 2166 1363 2237 (97-98)
1390 2166 1737 2236 criniumque
1760 2164 1872 2235 (99)
1896 2163 2150 2220 tonsione
2174 2178 2307 2219 con-

739 2266 924 2316 amen
1171 2348 1636 2404 CONSTITUTIO
1665 2348 1873 2404 XCVII.

804 2434 873 2493 Ut
900 2437 956 2492 in
988 2436 1063 2507 (l)
1094 2436 1635 2507 contestatione_litis,
1665 2436 2157 2507 elgptagistratuum
2194 2430 2272 2507 (ἓ)

1263 2507 1415 2558 initio
1456 2505 1670 2575 juretur
1719 2505 1815 2575 (3).

810 2598 957 2654 ldem
998 2598 1301 2668 imperator
1332 2596 1511 2650 eidem
1536 2596 1817 2666 .Styliano.

814 2688 1054 2745 Tametsi
1135 2689 1258 2750 lex,
1332 2700 1452 2756 quae
1514 2686 1568 2740 in
1640 2686 2051 2755 magistratuum
2120 2686 2307 2753 initio,

630 2822 633 2825 .
741 2780 1028 2850 litiumque
1084 2777 1491 2833 contestatione
1546 2774 1841 2844 jurandum
1907 2776 2175 2845 praecipit,
2224 2775 2310 2830 di-

2406 2165 2677 2235 τιμωρίαν
2703 2167 3048 2234 ὑφίστασθαι.
3073 2167 3218 2238 Α’ύτη
3248 2168 3467 2235 μάστιξι
3507 2171 3628 2232 ταῖς
3651 2167 3792 2221 κατά
3820 2164 3997 2220 νώτου

2409 2255 2502 2308 καὶ
2524 2256 2727 2325 τριχῶν
2771 2257 3115 2327 ὁρισθήσεται
3160 2259 3400 2331 κουρείᾳ.

2929 2343 3241 2398 unum
3273 2349 3365 2412 nz'
3388 2348 3457 2401 σε.

2412 2432 2553 2501 Περὶ
2582 2433 2969 2507 τοῦ-ὀμνύειν
2992 2437 3100 2489 τὸν
3120 2436 3437 2507 κριτὴνᾼὲν
3479 2436 3637 2505 ἀρχῇ
3667 2435 3779 2505 τῆς
3814 2437 3996 2507 δίκης

2618 2504 2719 2557 καὶ
2750 2507 2838 2570 εις
2864 2506 2927 2559 τὸ
2967 2507 3011 2537 ⁸⁸
3051 2505 3465 2574 προϐληθῆναι
3490 2504 3777 2577 ἄρχοντα.

2493 2593 2551 2645 '0
2570 2595 2734 2658 αὐτὸς
2763 2594 3018 2664 βασιλεὺς
3047 2596 3318 2668 Στυλιανῷ
3347 2598 3424 2667 τῷ
3445 2599 3614 2669 αὐτῷ.

2485 2687 2546 2740 Ei
2590 2688 2686 2739 καὶ
2732 2687 2879 2741 δοκεῖ
2924 2705 3042 2753 πως
3075 2690 3563 2758 ὲναντιολογεῖσθαι
3609 2692 3671 2747 τὸ
3710 2692 3999 2754 παντελῶς

2410 2777 2677 2830 ἐκκλίνειν
2728 2778 2805 2848 τῷ
2827 2780 2872 2811 ⁶⁰
2923 2782 3322 2850 προστάσσοντι
3374 2783 3504 2853 θείῳ
3541 2782 3882 2852 κελεύσματι
3935 2782 3998 2836 τὸ

742 2870 868 2926 vino
894 2868 1073 2939 jussui
1134 2866 1227 2936 qui
1280 2864 1667 2936 jusjurandum
1720 2878 1945 2926 prorsus
1991 2864 2308 2919 evitandum

2409 2866 2636 2936 ὀμνύναι
2661 2870 2691 2922 6
2732 2870 2821 2923 ἐπ’
2855 2872 3039 2942 ἀρχῶν
3074 2873 3365 2943 προῦολαίς
3412 2874 3504 2927 καὶ
3538 2874 3692 2944 δίκης
3734 2874 3998 2928 συστάσει

742 2959 1070 3029 praescribit,
1134 2957 1321 3027 aliquo
1374 2956 1537 3011 modo
1579 2955 1960 3010 contradicere
2013 2954 2305 3010 videatur:

2409 2957 2610 3027 ὁρίζων
2657 2959 2884 3029 ὀμνύειν
2928 2965 3091 3033 νόμος
3140 2967 3206 3030 ⁶¹,
3234 2966 3351 3020 ἀλλ’
3384 2969 3433 3019 εί
3468 2967 3566 3036 τὴν
3611 2966 3841 3035 γνώμην
3883 2966 3995 3017 τῶν

744 3062 923 3106 tamen
955 3050 1003 3106 si
1031 3048 1156 3119 quis
1191 3048 1481 3103 verborum
1508 3055 1746 3103 mentem
1796 3047 2082 3117 perspicit,
2108 3062 2217 3101 non
2253 3048 2308 3102 in

2409 3049 2584 3117 λόγων
2630 3069 2712 3117 τις
2741 3054 3131 3125 διασκέψαιτο,
3157 3058 3257 3111 οὐκ
3304 3059 3384 3121 είς
3436 3058 3785 3128 ἐναντιότητα
3837 3059 3993 3127 γνοίη

740 3142 1079 3199 contrarium
1118 3140 1268 3195 illam
1300 3146 1544 3210 rogatam
1578 3153 1723 3203 esse,
1771 3138 1866 3193 sed
1893 3153 1924 3194 e
1982 3139 2202 3193 diverso
2221 3138 2311 3208 ju-

2409 3139 2597 3195 τοῦτον
2622 3141 3078 3215 ἀποκεκριμένον,
3115 3146 3424 3201 τούναντίον
3459 3148 3516 3201 δὲ
3543 3149 3721 3201 ἐκεῖνο
3749 3148 3994 3217 σπουδὴν

750 3232 1049 3303 risjurandi
1099 3207 1448 3300 susceptione
1496 3229 1639 3285 idem
1679 3228 1824 3299 quod
1870 3228 1992 3297 ejus
2056 3207 2304 3297 prohibi-

2415 3231 2741 3301 ποιούμενον
2781 3207 3187 3305 καταπράττειν
3227 3238 3317 3291 διὰ
3344 3237 3443 3308 τῆς
3480 3241 3575 3291 τοῦ
3607 3238 3772 3309 ὅρκου
3811 3207 3993 3308 παρά-

744 3327 890 3379 tione
922 3338 1076 3379 sacra
1110 3323 1191 3377 lex
1231 3321 1397 3391 (4—5),
1429 3320 1643 3375 eﬂicere
1692 3320 1872 3375 conati
1918 3320 2309 3387 deprehendat.

742 3416 957 3471 Etenim
1005 3415 1120 3469 haec
1150 3414 1393 3485 quidem,
1429 3426 1541 3482 quo
1583 3412 1871 3465 mendacio
1906 3426 2139 3481 prorsus
2166 3414 2309 3465 viam

743 3508 1060 3580 pratcludat,
1098 3508 1151 3561 in
1176 3506 1493 3561 universum
1553 3503 1629 3574 (6)
1659 3504 1851 3572 jurare
1901 3511 2082 3558 vetat:
2116 3504 2207 3557 illa
2232 3503 2310 3575 (7)

740 3616 891 3665 vero,
920 3600 1048 3654 dum
1070 3600 1173 3654 ltoc
1193 3599 1371 3669 ipsum
1396 3597 1530 3663 vult,
1551 3596 1619 3650 ad
1638 3594 1935 3667 fugandum
1965 3596 2309 3651 mendacium

737 3688 1126 3759 jusjurandum
1156 3689 1211 3742 iu
1245 3687 1507 3741 auxilium
1546 3687 1803 3741 assumit.
1837 3686 2184 3757 Quapropter
2207 3700 2310 3739 no-

743 3779 960 3835 bisnon
993 3778 1048 3832 in
1074 3777 1365 3831 verborum
1389 3775 1641 3839 formam,
1677 3773 1773 3830 sed
1810 3776 2150 3844 propositum
2187 3774 2311 3828 illo-

742 3885 864 3924 rum
897 3869 1059 3922 linem
1092 3867 1452 3938 cogitationes
1480 3866 1846 3936 adigentibus,
1879 3881 1985 3919 non
2027 3864 2311 3935 aspernari

740 3958 903 4013 civile
969 3957 1271 4020 decretum,
1343 3963 1601 4024 tanquam
1670 3970 1793 4008 cum
1857 3954 2042 4009 divino
2098 3964 2151 4009 et
2207 3953 2314 4007 Do-

747 4048 881 4102 mini
912 4048 1085 4102 nostri
1122 4047 1383 4101 mandato
1412 4054 1647 4115 pugnet:
1676 4044 1773 4100 sed
1806 4056 2063 4115 tanquam
2115 4044 2309 4099 eodem

745 4148 955 4209 vergat,
990 4138 1068 4192 illi
1105 4138 1370 4192 honorem
1419 4150 1748 4192 conservare
1795 4138 1970 4191 visum
2000 4144 2106 4190 est.
2134 4135 2312 4190 Caete-

744 4231 940 4299 roquin
991 4229 1154 4283 etiam
1192 4229 1295 4283 huc
1329 4228 1624 4291 sentimus,
1660 4226 1876 4282 Domini
1929 4227 2147 4297 jussum
2194 4242 2303 4281 non

744 4321 1063 4391 simpliciter
1087 4312 1155 4373 5a
1185 4318 1517 4373 moderanda
1570 4319 1879 4374 communis
1919 4320 2043 4373 vitae
2076 4318 2311 4387 negotia,

746 4409 841 4462 sed
865 4409 931 4462 ad
984 4407 1437 4462 constituendum
1497 4406 1745 4476 illis.qui
1782 4408 1846 4461 ad
1875 4407 2095 4461 beatam
2158 4408 2307 4459 illam

2416 3318 2652 3389 λήψεως,
2696 3320 2831 3391 ὅπερ
2858 3324 2887 3374 6
2933 3321 3073 3385 θεῖος
3110 3323 3358 3392 βούλεται
3398 3325 3562 3394 νόμος
3594 3327 3653 3378 ὲν
3683 3330 3749 3396 τῇ
3781 3325 3884 3379 τοῦ
3917 3327 3995 3396 μὴ

2414 3408 2636 3477 ὀμνύειν
2654 3411 2925 3482 ἐπιτροπῇ
2963 3412 3229 3480 ὲξανύειν.
3262 3416 3374 3470 Καὶ
3405 3416 3513 3486 γὰρ
3544 3418 3573 3470 6
3614 3418 3716 3487 μὲν
3745 3418 3825 3487 τῷ
3854 3418 3992 3487 ψεύ-

2414 3499 2494 3552 δει
2534 3500 2791 3565 καθάπαξ
2819 3503 3126 3557 ἀποκλείων
3148 3507 3247 3575 τὴν
3278 3507 3511 3579 πάροδον
3534 3508 3873 3579 ἀπαγορεύει
3900 3512 3994 3563 τέ-

2414 3589 2533 3643 λεον
2577 3590 2895 3661 ὀμνύεσθαι,
2923 3596 2951 3647 ὁ
2989 3594 3047 3647 δὲ
3084 3595 3145 3649 τὸ
3197 3597 3328 3650 αὐτὸ
3355 3597 3517 3651 τοῦτο
3554 3598 3883 3670 βουλόμενος
3911 3603 3993 3665 είς

2416 3679 2598 3744 δίωξιν
2642 3681 2872 3749 ψεύδους
2896 3683 2988 3739 τὸν
3014 3686 3177 3757 ὅρκον
3216 3688 3509 3760 σύμμαχον
3542 3691 3987 3762 παραλαμϐάνει.

2421 3771 2582 3825 ’Ὥστε
2632 3776 2727 3829 καὶ
2780 3779 2913 3847 ἡμῖν
2965 3781 3027 3833 οὐ
3077 3780 3213 3852 πρὸς
3249 3782 3311 3835 τὸ
3338 3783 3528 3853 σχῆμα
3554 3785 3664 3838 τῶν
3700 3787 3991 3857 ῥημάτων,

2420 3860 2555 3915 ἀλλά
2585 3863 2721 3933 πρὸς
2744 3866 2837 3917 τὶν
2895 3868 3212 3938 ἐγκείμενον
3249 3873 3451 3925 σκοπὸν
3494 3873 3841 3944 ἀπερείδουσι
3892 3877 3993 3946 τὴν

2419 3953 2675 4019 διάνοιαν,
2700 3954 2876 4021 ἔδοξεν
2905 3959 3002 4029 οὑχ
3038 3960 3113 4024 ὡς
3141 3963 3456 4033 μαχομένην
3486 3964 3562 4035 τῷ
3593 3965 3721 4036 θείῳ
3766 3966 3865 4018 καὶ
3892 3970 3994 4020 As-

2423 4044 2665 4116 σποτικῷ
2724 4049 3142 4119 παραγγέλματι
3200 4051 3299 4122 τὴν
3358 4052 3641 4124 πολιτικὴν
3698 4056 3995 4125 ἀτιμάζειν

2415 4135 2618 4205 ψῆφον,
2665 4136 2779 4189 ἀλλ’
2813 4138 2889 4201 ὡς
2939 4140 3076 4210 πρὸς
3113 4141 3176 4194 τὸ
3201 4142 3334 4194 αὐτὸ
3376 4144 3649 4214 φερούσης
3700 4150 3995 4215 συντηρεῖν

2416 4228 2587 4298 αὐτῆς
2622 4231 2665 4262 ⁸³
2694 4229 2793 4300 τὴν
2816 4235 3002 4301 τιμήν.
3041 4232 3248 4297 ΙἌλλως
3280 4250 3340 4286 τε
3360 4234 3417 4288 δὲ
3446 4236 3539 4289 καὶ
3568 4235 3726 4288 τοῦτο
3754 4236 3993 4290 συνείξοα

2419 4335 2539 4387 μεν,
2576 4318 2651 4380 ὡς
2687 4319 2749 4373 τὸ
2794 4322 3120 4376 Δεσποτικδν
3169 4324 3600 4395 παρακέλευσμα
3651 4326 3748 4395 οὐχ
3802 4326 3996 4391 ἁπλῶς

2416 4409 2533 4462 οὐδὲ
2581 4410 2717 4479 πρὸς
2751 4410 3020 4480 βιωτικῶν
3049 4415 3391 4485 πραγμάτων
3417 4415 3679 4487 ἐξηνέχθη
3714 4417 3995 4471 κατάστα-

744 4495 1129 4553 sublimitatem
1155 4496 1448 4552 ascendere
1477 4496 1812 4562 desiderant,
1845 4499 1900 4553 in
1933 4498 2309 4567 perfectiorem

2419 4515 2525 4561 σιν,
2578 4500 2715 4553 ἀλλὰ
2764 4502 2903 4571 πρὸς
2949 4503 3293 4576 τελειοτέρας
3329 4507 3606 4571 πολιτείας
3638 4510 3751 4571 τοῖς
3776 4509 3993 4564 ἀνιέναι

2027 4654 2258 4710 VARIA‘I
2282 4654 2689 4713 LECTIONES.

827 4776 870 4806 ⁵⁷
903 4774 1102 4845 Codil._
1128 4774 1249 4845 μήν’
1273 4774 1405 4845 ὀῦν.
1448 4773 1787 4845 Emendavit
1842 4774 2027 4845 Steph.
2076 4774 2152 4845 ﬂ“
2185 4774 2297 4845 Ecl.
2345 4774 2483 4845 Nov.
2516 4776 2605 4831 45.
2665 4778 2711 4809 ⁸³
2740 4777 2903 4833 Forte
2957 4782 3013 4834 ὲν
3052 4782 3145 4845 τῷ.
3215 4786 3259 4823 σο
3286 4784 3477 4841 Melius
3508 4786 3584 4845 τῷ
3622 4802 3783 4841 παντ.
3832 4788 3983 4843 ἑκκλ.

744 4856 936 4915 προστ.
990 4846 1027 4875 ⁶¹
1061 4836 1230 4898 Novv.
1260 4843 1554 4899 Justiniaui
1590 4844 1645 4907 8,
1676 4858 1724 4897 c.
1758 4842 1861 4899 7ct
1895 4836 1963 4897 49
1990 4858 2038 4897 c.
2072 4844 2125 4897 5.
2177 4845 2222 4875 “
2249 4844 2418 4899 Codd.
2448 4847 2635 4917 αὐτήν.
2667 4849 2824 4918 Agyl.
2858 4851 3017 4921 αὐτῇ.
3100 4836 3110 4852 ⁸
3288 4836 3473 4841 ’ἾΝἺ
3520 4836 3568 4856 ’⁸

2236 4980 2462 5037 NOTAE.

822 5091 1032 5162 (93-96)
1061 5092 1120 5146 Ι..
1150 5093 1206 5155 8,
1228 5092 1266 5144 I.
1298 5091 1352 5153 9,
1382 5090 1436 5145 ff.
1464 5091 1537 5147 De
1566 5107 1681 5162 sep.
1720 5093 1849 5148 viol.

812 5161 1347 5236 (95)__Criminaliter
1410 5169 1494 5236 e_t_
1520 5161 1835 5236 pecuniaria
1875 5176 2063 5236 pmna,
2094 5161 2151 5216 d.
2183 5162 2219 5236 l.
2248 5163 2303 5224 9,

748 5229 911 5287 Ph'ot.
931 5232 1227 5286 Nomocau.
1248 5229 1339 5293 27,
1360 5229 1600 5295 eti5,_c.
1632 5231 1723 5292 ‘23.
1751 5232 1839 5286 ubi
1871 5229 2158 5286 Balsamon
2204 5232 2307 5285 hu-

742 5305 833 5374 jus
852 5300 1268 5374 rcon_s_t_itut_ionis
1288 5300 1621 5374 mentionem
1653 5299 1801 5355 facit.

817 5372 930 5441 (96)
959 5369 1089 5441 Vid.
1106 5370 1323 5441 Petrum
1358 5366 1520 5441 (ἔνθα.
1553 5369 1643 5434 55,
1677 5378 1825 5441 synt.
1850 5370 1937 5441 Mr,
1975 5370 2064 5436 15,
2106 5371 2193 5425 16.

812 5428 1029 5513 (θῖέθϐ)
1059 5438 1305 5513 Sepulcri
1317 5428 1551 5513 violator
1576 5428 1671 5509 per
1700 5428 2024 5513 fustuarium
2044 5428 2099 5495 et
2122 5451 2311 5513 tonsu-

746 5504 863 5567 ram
898 5504 1151 5582 punitur,
1183 5508 1386 5582 utbic,
1413 5504 1719 5582 __Balsa:mon
1757 5508 2175 5582 l5,Nomocan.
2202 5510 2308 5582 ‘23,
2348 5504 2349 5507 “

747 5577 915 5636 Basil.
940 5582 1105 5651 epist.
1142 5577 1209 5634 ad
1232 5578 1537 5651 Amphiloc.
1564 5578 1653 5643 66,
1682 5579 1933 5634 undecim
1959 5582 2115 5651 annis
2135 5579 2311 5648 privat

746 5645 1134 5705 communione
1167 5668 1180 5703 :
1218 5645 1379 5716 adde]
1400 5645 1705 5719 Nyssenum
1736 5651 1893 5719 epist.
1939 5649 2004 5703 ad
2056 5645 2308 5719 Lytoium

746 5723 1061 5791 episcomtm
1094 5719 1398 5791 )litylenes,
1427 5716 1491 5791 9.
1510 5716 1564 5781 6,
1595 5718 1648 5781 7,
1674 5720 1725 5772 8.

818 5786 1281 5861 (99)Καὶτριχῶν
1309 5786 1658 5857 ὁρισθήσεται
1679 5787 1932 5859 κουρείᾳ,
1998 5786 2134 5844 adde
2174 5786 2307 5841 Nov.

2408 5095 2694 5187 96;‘sup'ra
2723 5096 3087 5187 emaci-“15:,
3124 5098 3265 5154 infra
3295 5101 3419 5187 eod.

2481 5164 2559 5233 (l)
2604 5164 2693 5246 Ἐν
2721 5166 2863 5247 ἀρχῇ
2887 5167 2986 5247 τῆς
3014 5168 3193 5247 δίκης,
3218 5171 3405 5247 eadem
3452 5179 3631 5247 vocat,
3693 5173 3854 5247 δίκης
3884 5181 3980 5233 σύ-

2412 5250 2627 5297 στασιν,
2657 5235 2798 5289 infra
2822 5236 2943 5289 eod.
2990 5236 3101 5289 vid.
3128 5235 3263 5291 Nov.
3301 5240 3388 5302 69,
3424 5255 3473 5294 c.
3499 5242 3552 5295 5.

2482 5303 2558 5387 (2)
2584 5306 2698 5387 Καὶ
2741 5306 2820 5367 είς
2853 5305 2915 5358 τὸ
2958 5307 3353 5379 προσληθῆναι,
3383 5310 3464 5364 sic
3499 5312 3640 5367 infra
3681 5314 3772 5368 tn’
3799 5317 3987 5387 ἀρχῶν

2412 5373 2647 5443 προϐολῆ
2655 5391 2700 5435 ς.

2488 5442 2564 5527 (5.)
2605 5442 2669 5496 Et
2702 5444 2773 5527 ita
2803 5457 3164 5527 conservatur
3189 5447 3384 5527 titulus
3406 5448 3729 5527 C_odicis_de
3757 5452 3987 5527 jureju-

2416 5512 2593 5584 rando
2615 5522 2835 5584 propter
2859 5514 3210 5583 calumniam,
3236 5516 3371 5574 Nov.
3428 5519 3519 5584 49,
3549 5535 3599 5574 c.
3635 5522 3688 5575 3.

2472 5581 2617 5648 (4-5)
2649 5581 2839 5637 Matth.
2868 5599 2922 5650 v,
2949 5598 3000 5639 ν.
3032 5586 3120 5640 54.

2484 5650 2560 5718 (6)
2592 5652 2722 5706 una.

2480 5723 2557 5788 (7)
2581 5721 2767 5777 Civilis
2790 5736 2869 5778 sc.
