4182 6444
202 404 298 466 521

1320 399 1675 462 NOVELLE
1715 400 2260 460 CONSTITU'I‘IUX
2280 408 2359 461 Es

3333 420 3434 480 (5252

203 515 372 585 μηδὲν
421 514 606 566 ἄδικον
644 514 839 582 δρῶντι
896 512 1396 583 παραχωρήσομενς
1449 513 1559 565 Καὶ
1586 513 1668 572 τίς
1705 511 1768 564 ἂν

1874 513 2122 565 stitutum
2161 515 2556 578 reprimemus:
2595 518 2672 570 illi
2705 532 2837 572 vero
2860 519 2954 588 qui
2985 518 3210 575 luridum
3246 541 3308 577 ex
3326 543 3434 592 quo

197 603 338 671 φαίη
353 604 436 666 ⁷⁷ς
464 603 643 666 Ἀλλὰ,
663 603 814 670 φασὶ,
845 602 1052 665 Παῦλος
1070 601 1190 656 εἶπε
1221 618 1236 633 ο
1266 602 1544 670 Κρεῒττον
1569 602 1776 670 γαμεῖν

199 695 239 760 ἢ
265 694 629 761 πυροῦσθαι,
663 693 805 746 ὥστε
856 695 945 748 διὰ
995 695 1093 764 τὴν
1150 694 1394 763 πύρωσιν
1425 693 1700 748 ἀκώλυτον
1743 697 1774 762 ἡ

200 786 489 852 συνάφεια.
534 785 592 836 ’0
614 785 702 838 τὸν
732 785 942 838 Παῦλον
967 787 1046 848 είς
1072 786 1234 854 μέσον
1287 788 1564 854 προάγων,
1609 783 1778 852 πρόσ-

195 891 293 944 χες
337 875 438 926 τοῦ
473 875 688 928 Παύλου
733 877 847 938 τοῖς
872 876 1102 945 ῥήμασι.
1126 877 1329 944 Γαμεῖν
1357 871 1500 940 εἷπε,
1530 875 1775 928 τουτέστι

196 967 290 1019 διὰ
322 967 425 1034 τῆς
450 967 697 1037 γαμικῆς
720 966 938 1035 ὁμιλίας
964 967 1399 1038 συναρμόζεσθαι
1441 966 1680 1034 γυναικί.
1715 967 1775 1018 Εἰ

200 1055 305 1122 μὲν
338 1050 433 1106 οὖν
465 1055 561 1107 καὶ
590 1056 624 1122 ἡ
659 1054 726 1123 σὴ
775 1057 912 1124 πρὸς
955 1059 1194 1124 γυναῖκα
1245 1057 1391 1125 μῖξις
1443 1058 1775 1125 συνάρμοσις

197 1148 436 1216 γαμικὴ,
477 1147 574 1199 καὶ
633 1147 759 1210 ἀξία
794 1151 976 1217 τυχεῖν
1015 1149 1292 1217 εὐλογίας,
1343 1151 1463 1218 ἣτις
1499 1150 1773 1218 ὀφείλεται

196 1243 315 1300 τοῖς
367 1241 950 1311 νυμφαγωγουμὲνοις,
1014 1241 1191 1312 γάμον
1255 1244 1425 1310 αὐτὴν
1481 1242 1770 1312 ἐξονόμαζε

200 1331 298 1382 καὶ
313 1332 637 1400 περισκόπει
659 1333 880 1402 νύμφην
915 1350 928 1364 ·
973 1333 1025 1384 ει
1073 1333 1121 1385 δ’
1149 1334 1399 1400 εὐλογίας
1429 1334 1526 1385 οὐκ
1557 1333 1624 1387 ἂν
1663 1333 1772 1384 οὐδ’

196 1420 336 1491 δναρ
361 1423 493 1474 ποτὲ
522 1424 833 1492 μιτάηοις,
855 1424 958 1493 (τίς
973 1427 1082 1494 γὰρ
1101 1425 1166 1478 ἂν
1192 1425 1224 1494 ἢ
1245 1424 1371 1478 ποία
1395 1423 1661 1494 ἱερολογία
1681 1425 1770 1476 ἐπὶ

198 1517 318 1574 τοῖς
355 1513 449 1565 ἀπ’
503 1514 750 1576 ἐναντίας
787 1515 884 1584 μὲν
923 1517 1346 1586 συναπτομένοις
1397 1515 1474 1585 τῷ
1499 1515 1593 1567 τοῦ
1633 1515 1769 1568 πλά-

201 1619 400 1664 οαντος
426 1602 678 1671 δόγματι,
707 1605 800 1656 ἀπ’
822 1606 1069 1668 ἐναντίας
1092 1607 1150 1658 δὲ
1201 1607 1281 1676 τῷ
1336 1607 1486 1676 νόμῳ
1533 1606 1633 1675 τῆς
1667 1606 1768 1674 φύν

201 1708 342 1754 σεως
368 1693 659 1762 προέλθοι;
691 1696 709 1763 )
749 1697 805 1747 τί
839 1696 928 1749 τὸν
958 1697 1169 1750 Παῦλον
1207 1699 1286 1761 εἰς
1315 1699 1631 1767 συμφωνίαν
1679 1698 1766 1750 ἐλ-

200 1800 322 1833 κειν
351 1784 552 1854 τολμᾷς
594 1784 690 1838 τοῦ
737 1787 831 1838 σοῦ
869 1788 1082 1856 ἀγάμου
1139 1790 1234 1842 καὶ
1275 1791 1508 1856 ἐκφύλου
1552 1791 1762 1858 γάμους

1882 604 2090 655 ratione
2122 605 2404 672 praeditum
2437 619 2656 673 germen
2682 608 2932 675 pullulet,
2959 609 3192 674 desolat,
3233 621 3287 665 et
3321 614 3433 666 inu-

1881 690 2026 742 tilem
2068 692 2262 754 reddit,
2294 701 2554 762 tanquam
2594 695 2730 747 nihil
2779 698 3128 765 indignitatis
3174 703 3431 754 commit.-

1879 787 1977 844 tat,
2032 779 2084 832 id
2114 781 2290 835 facere
2341 786 2761 851 permittemus?
2809 787 2871 839 Et
2929 804 3061 843 sane
3098 791 3230 860 quid
3287 793 3439 858 quis-

1875 884 2040 938 quam
2079 870 2259 925 dicat?
2301 873 2406 927 Sed
2473 877 2699 943 Paulus,
2751 879 3028 948 inquiunt,
3077 882 3151 936 ait
3192 882 3434 951 (23-28),

1876 964 2286 1018 matrimonium
2350 971 2672 1023 contrahere
2703 987 2865 1040 quam
2898 971 3008 1040 (29)
3056 973 3138 1025 uri
3186 974 3300 1044 (30)
3355 990 3440 1029 sa-

1875 1055 1986 1110 tius
2005 1063 2116 1109 est:
2146 1067 2479 1128 quapropter
2507 1063 2773 1115 naturalis
2809 1061 3042 1116 fervoris
3095 1065 3434 1132 contempla-

1874 1147 2022 1200 tione
2081 1147 2396 1213 conjunctio
2455 1150 2729 1218 prohiberi
2794 1167 2898 1206 non
2962 1153 3143 1207 debet.
3215 1151 3320 1206 Sed
3382 1165 3436 1206 ιιι

1873 1239 1965 1307 qui
1999 1239 2226 1292 Paulum
2254 1239 2464 1303 laudas,
2489 1242 2553 1296 ad
2575 1241 2731 1296 Pauli
2759 1244 2922 1297 verba
2959 1244 3199 1298 attende.
3235 1245 3432 1297 Matri-

1873 1328 2117 1382 monium
2174 1329 2538 1395 contrahere,
2595 1331 2794 1401 inquit,
2851 1331 2905 1385 id
2951 1340 3056 1396 est,
3117 1349 3213 1403 per
3251 1334 3439 1387 matri-

1873 1418 2108 1472 moniale
2168 1420 2556 1472 commercium
2630 1436 2754 1474 cum
2818 1421 3049 1476 muliere
3093 1423 3434 1480 commistio.

1869 1510 2208 1563 consociatio
2245 1512 2682 1575 matrimoniahs,
2714 1521 2768 1567 et
2802 1513 3184 1568 benedictione
3229 1530 3354 1583 qua:
3382 1514 3435 1567 in

1873 1601 2284 1653 matrimonium
2313 1604 2640 1658 coeuntibus
2666 1603 2912 1666 debetur,
2946 1606 3115 1674 digna
3167 1612 3274 1667 est,
3315 1620 3435 1658 ma-

1866 1689 2182 1742 trimonium
2213 1691 2358 1744 illam
2388 1695 2700 1755 nomina,et
2721 1693 2947 1747 observa
2972 1708 3229 1748 uxorem:
3254 1697 3340 1748 sln
3373 1709 3440 1746 ne

1877 1780 2102 1832 tantilla!
2122 1780 2343 1848 quidem
2385 1781 2782 1838 benedictionis
2836 1797 3075 1852 unquam
3109 1797 3282 1851 capax
3316 1783 3439 1837 lucv-

205 1874 422 1936 Ἀλλως
435 1891 494 1927 τε
511 1875 566 1928 δέ
597 1876 822 1939 καὶτοῖς
841 1879 1205 1947 ἀποτέμνουσι
1245 1880 1448 1932 τούτων
1470 1881 1566 1949 τὴν
1616 1882 1774 1948 ἀρρε-

1881 1869 1957 1920 ris
1991 1869 2134 1938 (qua!
2157 1871 2301 1922 enim
2327 1881 2419 1924 aut
2451 1873 2630 1940 qualis
2683 1875 3031 1927 consecratio
3089 1872 3146 1927 in
3191 1871 3281 1937 iis,
3344 1875 3436 1941 qui

198 1965 466 2030 νοποιίαν,
501 1968 547 2017 εί
569 1966 780 2035 τοῦτοή
821 1968 1032 2020 ἐπίνοια
1060 1969 1307 2037 βούλεται
1339 1972 1409 2040 (εἰ
1437 1971 1530 2021 καὶ
1577 1968 1770 2035 σφαλε-

201 2054 315 2122 ρῶς
356 2057 450 2107 καὶ
471 2057 592 2126 Θεῷ
621 2060 1073 2127 ἀντιπράττοντες
1101 2062 1322 2132 ἣκουσιν
1361 2062 1452 2113 ἐπὶ
1481 2063 1588 2129 μτὴν
1635 2062 1770 2128 πρᾶ-

198 2147 332 2212 ξιν),
366 2148 509 2200 ὥστε
543 2150 741 2218 μηκέτι
778 2151 910 2221 δρᾷν
955 2152 1152 2213 αὐτοὺς
1203 2153 1346 2220 ἅπερ
1393 2152 1602 2220 ἄνδρες,
1657 2152 1770 2206 ἀλλ’

198 2239 301 2289 ὅσα
351 2253 416 2303 γε
449 2239 547 2306 τὴν
591 2239 726 2308 πρὸς
772 2239 834 2291 τὸ
866 2239 998 2308 θῆλυ
1030 2242 1184 2306 γένος
1229 2241 1520 2308 ἐπιθυμίαν
1557 2242 1772 2308 ἀπομα-

200 2328 366 2395 ρᾶναι
422 2331 515 2380 καὶ
568 2330 669 2397 τῆς
707 2330 870 2398 εὐνῆς
924 2331 1265 2393 ἀνυπόπτους
1327 2332 1573 2399 φύλακας
1629 2329 1769 2384 εἶναι

199 2418 384 2484 (τοῦτο
417 2419 524 2488 γὰρ
563 2421 596 2488 ἡ
652 2420 843 2488 κλῆσις
887 2421 1198 2489 ἐγγυᾶται),
1255 2423 1372 2485 πῶς
1428 2424 1567 2475 κατὰ
1617 2423 1775 2474 τοῦτο

195 2507 416 2560 δικαίαν
449 2509 510 2560 οὐ
555 2509 910 2577 χαλκεύσουσι
951 2510 1072 2563 καθ’
1121 2512 1326 2564 ἑαυτῶν
1379 2511 1772 2580 ἀγανάκτησιν,

197 2599 264 2650 δι’
308 2594 387 2650 ὧν
443 2600 505 2652 οὐ
559 2600 714 2668 μόνον
786 2605 854 2670 τῇ
888 2601 1046 2668 φύσει
1087 2602 1284 2672 ἐχθρὰν
1329 2603 1645 2673 προαίρεσιν
1683 2603 1774 2654 κέ-

199 2705 431 2755 κτηνται
452 2730 466 2752 ,
499 2690 636 2742 ἀλλά
658 2693 752 2744 καὶ
789 2692 970 2753 αὐτοῖς
996 2692 1041 2723 ⁷⁸
1065 2695 1310 2753 ἐκείνοις,
1330 2695 1379 2745 οἳ
1429 2694 1530 2746 κᾶν
1545 2695 1590 2724 "’
1623 2710 1776 2744 κακο-

200 2781 409 2848 τέχνως
435 2783 585 2849 ὅμως
633 2783 871 2853 σπουδὴν
900 2783 1083 2836 ἔθεντο
1136 2785 1272 2854 πρὸς
1304 2785 1366 2836 τὸ
1404 2784 1562 2849 δόξαν
1590 2785 1776 2845 αὐτοῖς

201 2871 509 2939 χρησίμους
524 2873 774 2941 ὀφθῆναι,
806 2874 1208 2943 ἐναντιούμενοι
1237 2876 1655 2944 ἀπεδείχθησαν,
1683 2876 1776 2927 καὶ

203 2962 360 3023 ξένον
395 2979 448 3014 τι
471 2965 627 3028 γένος
654 2965 1012 3034 ὑπάρχουσιν,
1041 2968 1179 3035 μήτε
1214 2971 1281 3036 τῇ
1312 2968 1369 3032 ἐξ
1420 2967 1596 3036 ἀρχῆς
1644 2983 1776 3034 προ-

203 3050 444 3120 σαλούσῃ
465 3052 510 3082 ⁸ο
533 3053 718 3119 φύσει,
741 3055 876 3122 μήτε
903 3058 966 3124 τῇ
1003 3057 1141 3123 μετὰ
1197 3057 1368 3110 ταῦτα.
1424 3056 1775 3125 μεταπλασα-

207 3140 345 3210 μένῃ
382 3145 710 3213 κακοτεχνία
744 3162 955 3197 συνοικε
967 3147 1045 3197 ιού
1056 3162 1204 3213 μενοι
1221 3163 1234 3207 ;

203 3233 296 3300 qui
333 3233 458 3285 licet
488 3236 773 3296 malitiose,
799 3237 1071 3302 quomodo
1105 3243 1283 3287 tamen
1319 3234 1450 3302 ipsis
1505 3235 1801 3296 videretur,

1881 1962 2043 2017 simul
2087 1971 2277 2015 contra
2311 1963 2624 2018 Conditoris
2670 1964 2972 2027 decretum,
3037 1965 3200 2018 simul
3249 1973 3437 2019 contra

1874 2060 2087 2106 natura:
2121 2053 2294 2122 legem
2321 2055 2747 2122 conjunguntur,
2771 2057 2947 2108 locum
2980 2054 3265 2122 habeam),
3305 2059 3435 2124 quid

1875 2145 2096 2198 Paulum
2119 2147 2171 2199 in
2188 2147 2633 2215 approbationem
2653 2146 2948 2200 ctelibistui
2967 2153 3020 2200 et
3038 2145 3308 2215 peregrini
3322 2161 3406 2199 ma

1873 2237 2111 2288 trimonii
2166 2239 2476 2305 pertrahere
2543 2239 2754 2290 audes?
2805 2240 2882 2291 Ad
2941 2239 3044 2292 hoc
3101 2252 3228 2293 vero
3266 2237 3439 2304 siqui

1876 2324 2013 2393 ipsis
2050 2325 2355 2377 naturalem
2405 2339 2459 2378 et
2519 2328 2792 2394 propriam
2854 2328 3085 2381 marium
3135 2327 3436 2396 potentiam

1875 2423 2157 2475 cxsecant,
2194 2415 2297 2468 hoc
2329 2417 2563 2468 consilio
2594 2417 2644 2468 id
2679 2417 2885 2469 faciunt
2941 2418 3185 2482 (tametsi
3240 2417 3438 2469 vitiose

1877 2519 1940 2557 ac
1973 2505 2209 2573 quadam
2240 2507 2292 2558 in
2323 2508 2488 2560 Deum
2520 2507 2816 2562 rebellione
2854 2508 2906 2560 id
2952 2508 3177 2575 faciant)
3224 2521 3296 2562 ne
3325 2521 3439 2559 amo

1876 2595 2019 2662 plius
2052 2596 2200 2650 viros
2237 2612 2297 2650 se
2357 2597 2615 2652 exhibere
2658 2607 2882 2666 queant,
2917 2601 3012 2654 sed
3068 2607 3333 2669 quantum
3371 2601 3437 2652 ad

1877 2685 2122 2738 libidinis
2144 2687 2400 2741 stimulos
2430 2689 2647 2751 attinet,
2670 2701 2897 2756 prorsus
2915 2691 3328 2758 elanguescant,
3345 2703 3440 2742 cu-

1877 2775 2337 2845 bilisque(51-5.l)
2368 2779 2481 2843 lidi,
2507 2788 2562 2832 et
2605 2781 2659 2832 in
2693 2793 2832 2848 quos
2859 2780 3102 2849 suspicio
3130 2794 3235 2834 non
3261 2779 3437 2841 cadat,

1877 2874 2138 2928 custodes
2175 2872 2287 2926 sint
2311 2870 2476 2939 (quod
2507 2885 2639 2924 sane
2673 2870 2790 2938 ipse
2809 2871 2960 2923 vocis
2982 2870 3095 2938 (55)
3130 2883 3437 2938 sonuspro-

1875 2964 2063 3030 mittit)
2093 2960 2367 3030 quomodo
2394 2961 2448 3014 in
2474 2959 2578 3013 hoc
2604 2974 2711 3012 non
2733 2960 2936 3027 justam
2955 2958 3240 3013 adversum
3260 2972 3321 3012 se
3347 2957 3432 3009 in-

1875 3053 2242 3122 dignationem
2262 3057 2483 3113 cudent,
2511 3051 2654 3119 quod
2680 3065 2787 3104 non
2821 3050 2997 3105 solum
3025 3048 3299 3103 inimicam
3318 3046 3432 3114 (56)

1881 3156 2085 3197 natura:
2139 3144 2468 3196 voluntatem
2529 3152 2818 3210 capessant
2879 3157 3114 3196 :verum
3163 3141 3327 3194 etiam
3359 3140 3434 3191 illi

1879 3234 2043 3287 utiles
2090 3233 2211 3286 illos
2273 3232 2497 3286 reddere
2544 3232 2722 3286 studio
2779 3233 3106 3295 habuerunt,
3163 3232 3436 3286 adversari

204 3324 732 3392 deprehendantur?
779 3335 831 3378 et
903 3341 1026 3378 cum
1083 3340 1283 3378 novum
1338 3334 1500 3394 atque
1554 3325 1898 3393 peregrinum
1944 3338 2132 3376 sexum
2201 3331 2628 3391 repraesentant,
2698 3339 2807 3375 non
2883 3333 3064 3376 tamen
3135 3335 3195 3377 Ie
3263 3335 3440 3392 neque

206 3405 365 3470 initio
409 3417 684 3469 attributa:
747 3425 970 3479 naturae,
1026 3431 1200 3482 neque
1241 3430 1347 3485 qua
1398 3417 1768 3468 translormati
1809 3423 1956 3479 sunt,
1999 3414 2282 3468 malitiosm
2311 3414 2411 3467 arti
2437 3414 2886 3468 accommodent?

278 3511 378 3562 Διὰ
400 3510 442 3540 ⁸⁸
497 3509 656 3561 τοῦτο
705 3510 1049 3578 θεσπίζομεν,
1082 3511 1190 3562 τῶν
1240 3513 1290 3563 εί
1317 3529 1398 3574 τις
1418 3512 1462 3541 ⁸⁸
1505 3511 1774 3578 εὐνούχων

1948 3509 2240 3576 Propterea
2296 3508 2596 3573 sancimus,
2642 3516 2699 3561 ut
2745 3511 2790 3562 si
2823 3509 2946 3578 quis
2977 3510 3349 3564 cunuchorum
3373 3513 3437 3563 ad

209 3599 349 3666 πρὸς
381 3597 559 3666 γάμον
615 3599 766 3666 ἥκων
807 3597 1170 3668 φωραθείηυ,
1225 3600 1318 3651 καὶ
1373 3599 1535 3651 αὐτὸν
1565 3601 1662 3668 μὲν
1704 3603 1769 3668 τῇ

206 3691 311 3757 τῆς
333 3690 587 3758 πορνείας
607 3689 927 3739 ὑποκεῖσθαι
957 3688 1198 3754 κολάσει,
1231 3691 1324 3742 καὶ
1347 3691 1436 3742 τὸν
1454 3691 1683 3759 ἀνιέρως
1718 3690 1772 3742 δὲ

209 3784 557 3851 τολμήσαντα
588 3783 740 3850 ἱερέα
761 3781 856 3849 τὴν
890 3785 1143 3850 τοιαύτην
1186 3782 1584 3850 συναρμοστίαν
1625 3781 1770 3833 τελέ-

211 3892 304 3926 σαι
337 3875 435 3942 τῆς
475 3875 751 3942 ἱερατικῆς
778 3874 932 3936 ἀξίας
963 3873 1428 3940 ἀπογυμνοῦσθαι.

766 3964 1073 4018 ΔΙΑΤΛΞΙΣ
1119 3966 1234 4030 ιβ’.

213 4058 352 4125 Περὶ
383 4057 490 4111 τοῦ
521 4059 624 4110 τὸν
656 4057 945 4122 ἐνάγοντα
965 4055 1197 4122 πρῶτον
1236 4058 1487 4123 ὀμνύναι
1514 4057 1618 4108 τὸν
1643 4056 1772 4124 περὶ

690 4127 1057 4191 acutae/wine
1095 4125 1293 4192 ὅρκον.

293 4213 354 4265 '0
366 4214 524 4275 αὐτὸς
551 4213 802 4281 βασιλεὺς
834 4213 1104 4280 Στυλιανῴ
1129 4212 1204 4280 τῷ
1231 4213 1397 4282 αὐτῷ.

283 4303 424 4354 Ὅσα
467 4303 600 4371 πρὸς
633 4301 919 4355 εὐλάϐειαν
970 4302 1091 4371 ὁρᾷ,
1141 4303 1242 4354 ὅσα
1292 4305 1424 4370 πρὸς
1485 4303 1766 4371 δεξιότητα

1880 3599 2286 3653 matrimonium
2343 3600 2634 3666 procedere
2665 3600 3053 3668 comperiatur,
3102 3607 3156 3652 et
3180 3600 3294 3668 ipse
3325 3609 3435 3655 stu-

1876 3692 1957 3759 pri
2007 3705 2179 3758 paaua:
2227 3691 2498 3753 obnoxius
2546 3691 2618 3742 sit
2666 3709 2679 3744 :
2725 3699 2778 3743 et
2812 3691 2905 3758 qui
2956 3690 3213 3745 sacerdos
3255 3691 3437 3746 istius-

1877 3781 2021 3834 modi
2054 3781 2499 3850 conjunctionem
2531 3781 2822 3849 profanato
2861 3782 3134 3834 sacriﬁcio
3175 3783 3435 3848 perlicere

1873 3887 2041 3926 ausus
2070 3872 2256 3935 fuerit,
2280 3871 2604 3926 sacerdotali
2643 3871 2906 3938 dignitate
2937 3871 3262 3925 denudetur.

2319 3961 2783 4017 CONSTITUTIO
2815 3962 2996 4016 XCIX.

1880 4051 2048 4121 thut'
2079 4052 2460 4120 jusjurandum
2483 4054 2650 4133 defert
2672 4054 2816 4175 ιιι-ὕοι·
2845 4052 3054 4123 (37-39)
3086 4055 3150 4107 de
3171 4059 3437 4110 calumnia

2577 4139 2691 4175 iure
2721 4163 2735 4175 .

2571 4139 2735 4190 Juret.

1945 4212 2087 4266 Idem
2123 4216 2418 4282 imperator
2443 4214 2620 4268 eidem
2649 4213 2912 4282 Styliano.

1945 4302 2292 4373 Quaecunque
2324 4305 2390 4358 ad
2451 4313 2596 4359 recte
2642 4306 2940 4360 cavendum
2971 4315 3242 4376 spectant,
3293 4323 3440 4378 quae-

1464 4435 1549 4488 VA
1561 4435 1697 4489 ΒΙᾹΞ
1749 4436 2153 4494 LECTIONES.

271 4528 312 4560 ’⁷
336 4527 523 4595 Steph.
553 4528 666 4581 vult
693 4544 706 4579 :
736 4529 830 4580 καὶ
855 4527 905 4578 τί
927 4528 991 4580 ἄν
1018 4545 1100 4579 τις
1123 4530 1250 4596 φαίη

1289 4548 1302 4593 ;
1366 4529 1673 4603 περιῆψε.
1700 4533 1764 4603 ἐν
1801 4533 1931 4603 τοῖς.
1962 4531 2178 4585 Meliora
2208 4534 2575 4603 praestiterunt
2602 4535 2788 4588 Zuich.
2819 4545 2873 4591 et
2907 4536 3125 4590 Meerm.
3194 4537 3236 4570 "
3263 4537 3434 4592 Codd-

215 4601 328 4653 καί.
359 4598 704 4666 Steph.conj.
758 4601 806 4649 εί
834 4598 942 4650 καί.
1014 4598 1060 4628 ⁸⁸
1084 4597 1299 4652 [leuius
1321 4599 1678 4669 προλαόούσῃ.
1745 4600 1788 4631 ⁸⁸
1824 4601 1932 4654 Ecl.
1984 4597 2222 4670 incipitf
2251 4603 2296 4634 ⁸¹
2323 4603 2436 4657 Ecl.
2469 4604 2520 4654 ετ
2541 4621 2623 4665 τις
2647 4605 2770 4656 τῶν.
2849 4605 2893 4636 ⁸³
2922 4606 3032 4658 Ecl.
3073 4605 3281 4675 ὀφθείη.

1711 4711 1938 4768 NOTAE.

284 4826 500 4894 (Εὖ-28)
534 4824 553 4877 1
584 4823 830 4894 Corinth.
871 4840 963 4886 vn,
1005 4841 1145 4879 vers.
1180 4829 1231 4880 9.

283 4893 399 4962 (29)
455 4893 733 4962 Sententia
777 4895 1048 4946 notanda:
1087 4897 1282 4948 mirum
1311 4906 1369 4949 ut
1430 4898 1498 4950 sit
1545 4896 1761 4951 Tertul-

215 4967 420 5020 lianum
465 4964 559 5016 lib.
594 4961 667 5015 De
699 4964 1037 5030 monogamia
1068 4964 1326 5018 Didonem
1357 4967 1758 5030 commendare,

212 5033 358 5104 quod
413 5047 480 5086 ne
531 5029 1056 5104 secundas__nuptias
1096 5037 1468 5104 experiretur,
1508 5037 1760 5089 maluerit

213 5097 505 5169 tiri,quam
541 5101 767 5153 nubere.
801 5097 890 5152 Uri
919 5097 1042 5154 cum
1075 5097 1229 5169 dicit,
1256 5105 1444 5157 alludit
1481 5105 1546 5157 ad
1600 5106 1756 5158 fabu-

214 5173 320 5226 lam
356 5171 602 5224 Didonis.

284 5243 401 5307 (30)
439 5238 680 5294 Uruntnr
731 5244 876 5296 enim
927 5240 1194 5308 spadones
1231 5250 1285 5294 et
1336 5243 1428 5308 qui
1485 5253 1758 5298 amatores

212 5321 346 5364 sunt
376 5311 692 5372 mulierum,
744 5313 846 5364 etsi
891 5319 1102 5364 constet
1136 5327 1230 5363 eos
1259 5312 1391 5363 nihil
1421 5322 1661 5378 potesse,
1694 5323 1751 5366 ut

212 5379 505 5433 Terentius
532 5379 772 5445 loquitur
798 5382 850 5433 in
880 5381 1139 5434 Euam-ho
1167 5390 1273 5432 act.
1298 5381 1351 5438 4,
1383 5396 1531 5432 scen.
1561 5385 1611 5435 5.

281 5449 499 5516 (δι-54)
527 5449 638 5500 Καὶ
659 5453 755 5517 τῆς
785 5450 942 5518 εὐνῆς
967 5448 1232 5515 φύλακας,
1257 5451 1506 5502 Alludcre
1553 5451 1764 5504 videtur

213 5517 278 5570 ad
299 5525 541 5588 veterem
564 5532 792 5588 morem,
818 5517 925 5588 quo
942 5519 1195 5572 castratis
1224 5521 1352 5588 regii
1376 5535 1395 5570 ι
1413 5519 1612 5572 ubiculi
1634 5537 1765 5573 cura

214 5586 666 5656 demandabatur,
694 5587 728 5640 Ι.
752 5587 804 5640 4.
838 5586 912 5641 De
941 5602 1103 5656 praep.
1132 5590 1270 5640 sacri
1293 5586 1488 5644 'cubic.
1520 5589 1768 5643 Ambros.

215 5655 248 5707 5
281 5671 350 5722 cp
381 5695 394 5718 ,
430 5653 697 5724 «_Gallicus
733 5653 1063 5724 praepositus
1083 5657 1337 5719 cubiculi,
1369 5661 1653 5710 eunuchus
1695 5675 1775 5712 rc-

213 5725 355 5792 gius.
381 5743 398 5775 ι
441 5722 690 5781 Socrates
711 5722 762 5780 θ.
798 5722 1090 5796 Εὐτρόπιος
1117 5725 1362 5794 εὐνοῦχος
1385 5727 1658 5794 προεστὼς
1689 5729 1780 5780 τοῦ

1796 4830 1838 4882 D
1870 4831 2144 4914 βασιλικοῦ
2176 4833 2449 4913 κοιτῶνος.
2488 4833 2750 4914 Evagrius
2785 4835 2838 4914 4,
2892 4838 2941 4914 ol
2984 4838 3094 4895 τοῖς

3179 4837 3316 4890 ασιλι
3327 4840 3437 4900 κοῖς

1870 4837 2144 4900 βασιλικοῦ
2176 4837 2449 4894 κοιτῶνος.
2488 4837 2750 4903 Evagrius
2785 4837 2838 4895 4,
2892 4838 2941 4886 οί
2984 4838 3094 4895 τοῖς
3146 4837 3436 4905 βασιλικοῖς

1863 4900 2356 4975 ἐξυπηρετούμεινοι
2394 4902 2627 4975 ’κοιτῶσι
2652 4903 2769 4975 οὒὶ
2784 4904 3069 4973 εὐνούχους
3112 4907 3144 4975 ἡ
3182 4907 3436 4975 συνήθεια

1867 4970 2037 5022 καλεῖ.
2063 4970 2210 5040 Adde
2237 4970 2596 5040 Claudianum
2651 4973 2701 5024 in
2732 4970 3010 5040 Eutropio.

1936 5038 2344 5109 (35)_E".ivo'310t
2403 5039 2505 5108 τῆς
2554 5041 2713 5109 εὐνῆς
2783 5038 3019 5106 φύλακες
3081 5050 3137 5094 ttt
3186 5042 3306 5106 hic,
3355 5046 3437 5098 vel

1865 5108 2012 5178 παρὰ
2040 5107 2099 5158 τὸ
2121 5107 2508 5178 εὐνοείν,‹ιιιοί1
2557 5107 2968 5174 εἰηίιιειιοιόιί,
3002 5118 3055 5164 et
3111 5111 3264 5165 [idem
3322 5131 3438 5167 ser-

1865 5177 1991 5229 vare
2032 5178 2239 5230 maritis
2269 5177 2799 5246 didicerintLEpiplt.
2841 5180 2893 5241 2,
2948 5189 3138 5233 contra
3175 5183 3431 5238 hmrescs.

1863 5245 2146 5298 Phavorin.
2206 5249 2355 5315 παρὰ
2418 5248 2476 5298 τὸ
2543 5245 2601 5300 εὖ
2656 5245 2789 5299 νοῦν
2832 5249 2974 5317 ἔχειν
3025 5249 3168 5318 quod
3243 5254 3437 5305 mentis

1861 5322 2138 5379 compotes
2173 5331 2297 5369 esse
2326 5318 2737 5376 exustimentur,
2775 5318 2823 5369 id
2867 5328 2967 5375 est.
2997 5320 3141 5384 quod
3197 5335 3438 5372 νυΙὶΟιΨΙς

1863 5385 2188 5454 abstineant,
2223 5400 2342 5454 quze
2364 5394 2566 5437 veteres
2590 5387 2787 5454 ἀνόητα
2815 5387 3084 5441 dixerunt.

1940 5452 2049 5520 (56)
2092 5453 2219 5524 Vide
2257 5453 2506 5508 Canones
2552 5452 2919 5524 apostolorum
2965 5456 3055 5521 2i,
3091 5459 3191 5516 οε.
3215 5459 3306 5517 9.5.
3345 5459 3434 5510 tibi

1877 5522 2090 5592 plenius
2115 5521 2378 5592 diximus.

1956 5591 2164 5657 (57-59)
2188 5590 2481 5643 Reducitur
2503 5592 2586 5646 lex
2611 5601 2763 5647 vetus
2783 5593 2870 5651 54,
2898 5591 2926 5657 §
2953 5592 3057 5654 4,1.
3083 5593 3169 5656 '57,
3190 5594 3241 5646 in
3261 5594 3352 5649 lin.
3381 5596 3434 5648 η’.

1889 5661 1962 5733 De
1989 5661 2222 5727 jurejur.
2253 5662 2296 5733 Ι.
2316 5662 2369 5723 9,
2394 5660 2454 5733 C,
2483 5659 2553 5715 De
2584 5663 2708 5733 reb_._
2727 5659 3006 5733 credillis
3033 5663 3170 5716 adde
3225 5680 3346 5733 qua:
3372 5667 3438 5719 de

1884 5732 2192 5798 jnramcnto
2223 5732 2508 5785 calumnia:
2533 5732 2639 5786 dixi
2667 5729 2800 5785 Nov.
2826 5731 2914 5796 97,
2940 5746 3100 5801 supra
3127 5729 3250 5788 cod;
