4182 6444
776 384 877 445 623
1991 373 2188 434 LEON
2199 373 2271 432 IS
2302 372 2759 433 PHILOSOPHI
3910 378 4019 440 624

770 514 988 569 cunque
1018 497 1084 552 ad
1116 498 1288 551 bonos
1330 509 1511 548 mores
1537 492 1830 563 pertinent,
1876 490 1993 542 haec
2025 500 2080 543 et
2110 488 2342 557 singulis
2371 490 2419 544 Α

2371 490 2419 544 Α
2444 487 2682 555 τρόπων,
2731 506 2906 542 ταυτα
2964 490 3063 543 καὶ
3110 491 3191 542 ἑνὶ
3235 491 3452 560 ἑκάστῳ
3490 492 3583 544 καὶ
3617 492 3695 563 τῷ
3726 492 3895 563 κοινῷ
3916 493 4018 561 τῆς

769 600 824 647 et
855 592 1129 650 universae
1185 586 1525 656 reipublicae,
1596 598 1719 654 quae
1751 598 1780 636 a
1804 598 1891 636 me
1910 580 1977 634 ad
2018 578 2340 635 invenienda

2446 578 2723 641 πολιτείας
2769 582 2941 652 εὐχὴν
2990 582 3085 634 καὶ
3134 581 3421 651 ἀγώνισμα
3471 583 3690 653 τίθεμαι
3739 589 3835 639 καὶ
3885 590 4015 657 παρ’

770 682 1064 737 dummodo
1087 678 1313 747 possim,
1346 684 1441 730 aut
1468 677 1537 730 ab
1575 675 1698 729 aliis
1732 675 1949 726 inventa
1977 672 2028 724 in
2065 669 2340 740 publicum

2445 671 2684 739 ἐμαυτοῦ
2723 672 3224 743 προσεξευρίσκειν,
3248 674 3301 725 εῖ
3318 673 3652 744 τι,δυναίμην
3677 676 3743 740 ⁸⁸,
3767 678 3866 730 καὶ
3887 682 4016 750 παρ’

773 789 930 827 usum
957 770 1275 839 deducenda
1310 777 1495 837 petant
1524 775 1577 821 et
1630 764 1984 826 contendant,
2008 763 2071 817 .in
2105 761 2339 815 inedium

2449 761 2625 814 ἄλλων
2662 762 3039 833 ὲξευραμένων
3056 762 3101 794 ⁸⁸
3130 762 3228 833 τὴν
3273 765 3482 819 οἰκείαν
3545 768 3805 835 παρέχειν
3867 769 4014 837 ὼφέ-

770 875 933 931 pono.
965 858 1043 911 Ac
1072 857 1280 912 idcirco
1318 871 1483 925 supra
1513 856 1650 909 alias
1708 853 1823 907 haec
1866 852 2028 907 etiam
2084 852 2190 912 lex,
2222 864 2343 917 quae

2443 851 2613 905 λειαν.
2641 852 2740 906 Διὰ
2762 853 2920 907 τοῦτο
2954 858 3046 909 ἐπὶ
3092 859 3203 919 τοῖς
3240 856 3419 919 ἄλλοις
3468 859 3564 911 καὶ
3611 853 3766 921 οὗτος
3807 863 3945 931 ἡμῖν
3991 866 4016 914 ὁ

769 966 892 1006 eum
923 951 1015 1020 qui
1044 949 1278 1018 aliquem
1301 947 1681 1015 adjurandum
1730 946 1918 1016 adigit,
1946 960 2004 1001 se
2048 943 2157 1013 (40)
2191 942 2342 996 ηυΙΙο

2444 946 2607 1014 νόμος
2643 940 2754 998 οἷον
2800 946 3141 1018 ἀποφθαρεὶς
3173 950 3356 1018 τυχεῖν
3413 948 3763 1013 ἀναὸιώσεως
3815 952 4017 1016 ἔδοξεν,

767 1040 895 1094 dolo
920 1039 1091 1105 malo,
1145 1052 1320 1106 neque
1376 1035 1685 1091 lacessendi
1756 1034 1956 1105 negotii
2016 1033 2222 1097 animo,
2246 1031 2342 1086 sed

2443 1037 2520 1099 ὅς’
2543 1036 2754 1090 κελεύει
2782 1037 2874 1089 τὸν
2926 1039 3006 1101 είς
3033 1040 3280 1107 ἀνάγκην
3308 1040 3400 1092 τοῦ
3454 1041 3683 1109 ὀμνύναι
3715 1043 3839 1095 τινὰ
3884 1044 4021 1096 καθ-

768 1142 829 1189 ut
852 1133 954 1197 rei,
989 1133 1149 1201 cujus
1173 1129 1531 1199 ambiguitate
1572 1129 1716 1183 ratio
1744 1129 1918 1201 ipsius
1942 1136 2161 1188 aestuat,
2190 1115 2338 1179 veri-

2446 1127 2680 1181 ιστῶντα
2716 1128 2878 1183 αὐτὸν
2919 1129 3293 1198 ὲπομόσασθαι
3328 1127 3649 1201 πρότερονῆ
3687 1132 3794 1202 μὴν
3833 1133 3897 1185 οὐ
3925 1151 4023 1185 κα-

767 1235 935 1279 tatem
960 1221 1678 1294 cognoscat,jusjurandum
1710 1220 1950 1289 exigere,
1975 1219 2128 1289 prius
2150 1218 2342 1287 jurare

2444 1218 2678 1287 κουργίᾳ
2704 1220 2795 1271 τὸν
2840 1221 3003 1289 ὅρκον
3053 1222 3244 1281 αἰτεῖν,
3282 1221 3389 1273 οὐδ’
3436 1222 3544 1274 ἀπὸ
3569 1223 3797 1293 γνώμης
3845 1224 4022 1276 δολιό-

761 1316 915 1386 jubet
946 1331 959 1367 :
990 1330 1112 1368 cum
1155 1313 1302 1367 velut
1330 1311 1665 1381 disperierit,
1712 1325 1835 1380 qua:
1862 1310 2148 1364 reviviscat
2181 1308 2339 1375 digna

2441 1326 2565 1378 τητι
2586 1309 2633 1340 ⁸⁸
2663 1311 3012 1380 κινουμένης,
3033 1312 3168 1365 ἀλλὰ
3186 1312 3458 1383 ζητούσης
3480 1313 3664 1367 πίστιν
3677 1315 3865 1369 λαὸεῖν
3884 1317 4018 1383 περὶ

767 1408 881 1459 visa
901 1414 1005 1460 est.
1039 1404 1173 1459 Cum
1215 1404 1358 1459 enim
1390 1402 1439 1455 id
1462 1402 1741 1455 decretqu
1770 1410 1915 1455 recte
1977 1399 2342 1453 veterioribus

2444 1396 2534 1454 ὧν
2570 1402 2602 1471 ή
2648 1400 2949 1471 ἀμφιϐολία
2992 1403 3244 1471 κυμαίνει
3301 1405 3427 1466 τοὺς
3462 1404 3771 1475 λογισμούς.
3817 1408 4019 1470 Καλῶς

769 1496 1087 1564 placuisset,
1112 1493 1449 1548 recentiores
1479 1491 1601 1559 ejus
1624 1490 1937 1544 cautionem
1977 1488 2338 1559 negligentes,

2444 1494 2553 1563 γὰρ
2587 1492 2683 1546 τοῦ
2705 1492 2951 1546 τοιούτου
2986 1494 3030 1525 ⁸⁷
3061 1494 3430 1563 θεσπίσματος
3461 1494 3711 1560 δόξαντος
3757 1502 3871 1561 τοῖς
3920 1501 4021 1569 ἀρ-

765 1586 946 1640 delato
970 1582 1350 1651 jurejurando,
1382 1597 1411 1633 a
1471 1597 1579 1647 quo
1616 1581 1870 1650 exigitur,
1929 1578 2075 1632 hunc
2122 1576 2175 1631 id
2211 1576 2343 1631 sub-

2452 1587 2776 1657 χαιοτέροις,
2824 1589 2873 1638 oi
2933 1584 3184 1655 νεώτεροι
3245 1586 3397 1655 παρὰ
3448 1587 3651 1655 φαῦλον
3702 1588 3924 1656 θέμενοι
3960 1592 4020 1641 το

766 1678 846 1730 ire
896 1674 1126 1729 volunt:
1159 1673 1252 1744 qui
1303 1688 1437 1729 vero
1482 1672 1674 1743 exigit,
1704 1671 1773 1726 de
1817 1685 1885 1727 eo
1929 1669 2066 1724 nihil
2118 1664 2339 1723 solliciti

2443 1678 2654 1731 ἐκεῖθεν
2688 1677 2951 1745 ἀσφαλὲς,
3009 1676 3270 1747 ὁρκίων⁸⁸
3316 1677 3507 1747 χρείας
3560 1679 4020 1749 προϐεϐλημένης

766 1773 919 1824 sunt.
2372 1816 2413 1871 Β
2445 1771 2536 1825 τὸν
2577 1771 2678 1840 μὲν
2711 1769 3111 1838 ἀπαιτούμενον
3144 1768 3387 1834 ἀξιοῦσιν
3421 1770 3645 1841 ὑπέχειν
3689 1772 3782 1824 τὸν
3823 1774 4011 1843 ὅρκον,

2447 1864 2576 1933 περὶ
2599 1863 2654 1915 δὲ
2676 1862 2768 1915 τοῦ
2807 1864 3062 1915 ἀπαιτεῖν
3090 1861 3393 1931 ἐγνωκότος
3419 1862 3572 1915 οὐδὲν
3617 1864 4021 1935 πολυπραγμοο

2446 1958 2653 2014 νοῦσιν.

837 2037 1041 2094 Statuit
1084 2037 1251 2106 igitur
1283 2042 1471 2088 nostra
1497 2032 1778 2101 majestas,
1820 2038 1879 2083 ut
1905 2029 2207 2083 secundum
2250 2045 2343 2082 ve-

2547 2048 2749 2119 Ὀρίζει
2783 2044 2873 2101 οὖν
2897 2047 2956 2100 τὸ
2993 2047 3261 2117 ἡμέτερον
3298 2048 3496 2116 κράτος
3540 2048 3680 2100 κατὰ
3725 2049 3785 2101 τὸ
3840 2049 4018 2117 δόγμα

765 2129 1073 2200 ιετιιηιμι)
1129 2127 1501 2197 legislatorum
1552 2125 1833 2179 decretum
1892 2122 2339 2191 juramentorum

2443 2140 2553 2193 τῶν
2623 2141 2787 2195 πάλαι
2840 2138 3319 2209 νομοθετησάντων
3378 2138 3471 2190 τὸν
3515 2138 3684 2191 τύπον
3728 2140 4018 2209 τηρεῖσθαι

766 2220 937 2277 forma
972 2227 1221 2275 servetur
1254 2237 1268 2272 :
1302 2227 1356 2272 et
1382 2217 1475 2287 qui
1507 2216 1576 2270 ab
1610 2215 1935 2270 adversario
1968 2214 2186 2269 auferre
2214 2216 2338 2283 jus-

2442 2233 2552 2287 τῶν
2585 2233 2793 2304 ὅρκων,
2834 2233 3049 2287 καὶτὸν
3109 2232 3291 2284 λαϐεῖν
3344 2230 3673 2301 ὡρμημένον
3730 2234 3881 2302 παρὰ
3923 2233 4017 2286 τοῦ

758 2314 1054 2384 jurandutn
1081 2319 1331 2371 conatur,
1378 2324 1539 2376 quam
1573 2307 1731 2359 iidem
1767 2322 1833 2360 cx
1870 2307 1992 2361 aliis
2019 2308 2236 2376 quarrit,
2274 2307 2342 2361 de

2442 2325 2967 2395 διαμφισϐητοῦντος
3007 2325 3170 2392 ὅρκον
3206 2324 3253 2355 ⁸⁸
3297 2322 3495 2392 μέρους
3538 2322 3700 2376 αὑτὸν
3753 2326 4018 2393 πρότερον

764 2406 1009 2459 moribus
1034 2403 1149 2458 suis
1183 2401 1332 2471 prius
1367 2400 1481 2467 ipse
1506 2405 1726 2467 praestet
1758 2416 1770 2452 :
1808 2397 1954 2465 quod
2011 2412 2204 2465 nempe
2235 2414 2340 2451 non

2444 2415 2472 2467 ὂ
2505 2416 2656 2485 ζητεῖ
2694 2416 2997 2485 παρασχεῖν
3030 2414 3075 2445 ⁸⁸
3107 2412 3215 2465 τῶν
3243 2413 3459 2465 οἰκείων
3485 2414 3701 2483 τρόπων
3734 2415 4016 2483 ἐχέγγυον,

764 2497 912 2561 dolo,
970 2497 1063 2549 sed
1123 2492 1440 2547 necessario
1494 2498 1549 2545 et
1602 2490 1897 2544 iucvitabili
1947 2489 2014 2543 de
2054 2505 2220 2543 causa
2276 2492 2341 2543 ad

2443 2506 2517 2568 ὡς
2550 2508 2610 2559 οὐ
2633 2507 3053 2575 κακομηχάνως,
3078 2503 3193 2556 ἀλλ’
3238 2504 3552 2571 ἀναγκαίως
3580 2506 3675 2557 καὶ
3704 2506 3801 2558 σὺν
3842 2508 4018 2573 ἀπρο-

765 2588 1120 2644 deferendum
1193 2584 1585 2654 jusjurandum
1700 2582 1979 2651 procedat.
2077 2580 2343 2635 Existimo

2444 2597 2690 2666 φασίστῳ
2716 2596 2875 2667 χρείᾳ
2908 2596 3043 2664 πρὸς
3069 2595 3167 2664 τὴν
3199 2594 3455 2664 τοιαύτην
3490 2592 3654 2665 ἦλθεν
3698 2596 4018 2664 ἀπαίτησιν.

765 2680 936 2743 enim,
993 2693 1119 2732 cum
1172 2679 1333 2731 ambo
1368 2679 1441 2730 ita
1478 2675 1544 2728 ad
1565 2674 1867 2743 jurandum
1926 2673 2215 2743 adigentur
2249 2683 2343 2726 aut

2444 2686 2613 2758 Οἶμαι
2653 2689 2781 2757 γὰρ,
2819 2687 2990 2750 οὓτως
3038 2687 3366 2757 ἀμφοτέρων
3419 2686 3555 2759 πρὸς
3603 2688 3665 2740 τὸ
3718 2688 4020 2757 ἐπομνύναι

766 2768 1139 2825 dilucidiorem
1166 2770 1217 2823 in
1238 2768 1565 2836 juramentis
1598 2766 1868 2821 exituram
1907 2764 2215 2828 veritatem,
2247 2773 2343 2817 aut

2447 2779 2886 2848 καθισταμένων,
2922 2778 2955 2846 ἢ
3016 2778 3233 2841 πάντως
3293 2778 3687 2847 λαμπροτέραν
3739 2779 3835 2831 ἐπὶ
3912 2778 4020 2833 τῶν

765 2866 868 2916 hos
891 2862 1074 2931 aliquo
1107 2860 1268 2914 modo
1302 2858 1703 2925 reprimendas,
1730 2872 1909 2921 neque
1939 2864 2048 2909 tam
2084 2865 2339 2926 prompte

2443 2872 2622 2939 ὅρκων
2647 2870 2895 2939 προϊέναι
2936 2869 3036 2937 τὴν
3068 2868 3352 2937 ἀλήθειαν,
3387 2867 3420 2939 ἦ
3467 2867 3677 2930 τούτοις
3720 2869 4021 2937 ὑποστολήν

764 2955 1042 3023 alacrique
1064 2968 1278 3021 gressu,
1319 2962 1484 3020 atque
1550 2964 1697 3004 nunc
1744 2948 1999 3019 progredi
2061 2946 2339 3015 videntur,

2443 2978 2563 3013 τινα
2607 2960 2884 3025 δέξασθαι,
2923 2961 3018 3013 καὶ
3059 2959 3158 3029 οὐχ
3204 2959 3378 3022 οὕτως
3400 2961 3706 3029 προχείρως
3743 2959 3839 3011 καὶ
3884 2958 4022 3027 μετὰ

764 3044 832 3099 ad
853 3043 1206 3099 deferendum
1230 3040 1617 3111 jusjurandum
1657 3040 1992 3111 prodituros.

2446 3050 2675 3121 προόδου
2706 3051 3075 3121 ἑτοιμοτέρας,
3111 3050 3299 3121 ὥσπερ
3328 3049 3425 3102 νῦν
3451 3052 3731 3121 προϊόντες
3763 3050 4017 3120 ὁρῶνται,

2370 3139 2412 3195 C
2447 3143 2806 3213 προάγεσθαι.

1254 3224 1720 3280 CONSTITUTIO
1782 3222 1845 3279 C.

1809 3223 1845 3277 Ξ.
2982 3235 3291 3287 ΔΙᾹΤΑΞΙΣ
3321 3234 3374 3287 P'
3392 3235 3460 3289 ".

767 3320 842 3376 De
889 3319 1052 3374 servis
1105 3318 1196 3386 qui
1246 3318 1425 3371 liberis
1473 3319 1526 3369 in
1568 3316 1966 3371 matrimonium
2012 3317 2342 3387 conjungi":-

1375 3397 1460 3440 tur
1493 3386 1730 3455 (42-45).

2445 3324 2584 3392 Περὶ
2606 3326 3078 3395 συναπτομένων
3117 3326 3435 3463 ἕέἔὲἴωξξηρ
3469 3324 3806 3393 προσώπων
3850 3325 4020 3378 ἐλευ-

3276 3416 3308 3459 ς
3375 3433 3389 3448 .

836 3481 983 3538 ldem
1010 3482 1311 3551 imperator
1338 3480 1516 3535 cidem
1558 3478 1828 3551 Styliano.

2530 3484 2587 3539 '0
2612 3486 2773 3549 αὐτὸς
2805 3486 3054 3555 βασιλεὺς
3086 3486 3362 3555 Στυλιανῷ
3383 3485 3459 3555 τῷ
3485 3486 3652 3555 αὐτῷ.

836 3573 1026 3643 Leges,
1094 3572 1219 3643 quia
1249 3590 1310 3628 ex
1346 3572 1583 3641 benigno
1630 3571 1742 3641 (44)
1792 3571 2006 3637 judicio
2062 3578 2343 3640 prognatae

2514 3575 2903 3645 Φιλανθρώπου
2934 3576 3160 3644 γνώμης
3202 3576 3353 3637 ὄντες
3405 3578 3455 3628 0i
3495 3577 3651 3645 νόμοι
3686 3577 4020 3643 γεννήματα,

768 3672 920 3729 sunt,
946 3666 1081 3719 bona
1099 3678 1197 3719 sua
1221 3664 1565 3718 ordinatione
1587 3670 1641 3717 et
1675 3662 2049 3717 moderamine
2081 3663 2148 3718 iis
2176 3664 2339 3717 etiam

2446 3670 2511 3736 τῇ
2542 3666 2749 3718 ἑαυτῶν
2779 3664 3001 3732 εὐταξία
3031 3666 3127 3718 καὶ
3149 3665 3488 3732 διευθετήσει
3531 3665 3779 3735 καὶπερὶ
3805 3666 3916 3717 τῶν
3950 3666 4019 3733 μὴ

768 3753 1184 3814 controversiis,
1216 3768 1337 3822 quae
1353 3767 1461 3806 non
1479 3751 1774 3805 admodum
1808 3751 2002 3806 crebro
2033 3751 2144 3820 (45)
2170 3751 2223 3804 in
2253 3767 2340 3806 res

2446 3758 2587 3810 πάνυ
2622 3758 2831 3827 συχνῶς
2874 3756 3347 3827 ἐπιχωριαζόντων
3389 3756 3698 3823 ἀνθρώποις
3739 3756 4021 3825 ἀμφισϐη-

754 3844 1036 3899 'bumauas
1069 3844 1342 3908 incidunt,
1378 3844 1641 3897 auxilium
1710 3842 1851 3897 ferre
1912 3842 2230 3896 instituunt.
2276 3842 2345 3896 At

2445 3848 2703 3919 τημὰτων
2738 3847 3053 3915 προαίρεσιν
3082 3846 3359 3899 ποιοῦνται
3377 3846 3717 3913 συνεισάγειν
3746 3845 4017 3915 βοήθειαν.

768 3950 901 3989 vero
960 3950 1084 3988 cum
1152 3943 1317 3988 tanta:
1352 3934 1709 4005 benignitatis
1749 3934 1883 3998 sint,
1919 3934 2201 4002 quomodo
2232 3949 2343 3987 non

2448 3939 2714 4008 Τοιαύτης
2744 3939 2788 3991 δ’
2819 3939 2969 4000 ὄντες
3004 3937 3433 4005 φιλανθρωπίας,
3462 3935 3577 3997 πῶς
3606 3936 3666 3987 οὐ
3695 3936 3831 3988 πολὺ
3865 3936 4021 3988 πλέον

771 4026 930 4095 longe
975 4026 1147 4094 magis
1168 4040 1381 4090 eorum,
1413 4042 1534 4094 quae
1558 4025 1613 4078 in
1661 4025 1944 4079 hominum
1982 4025 2093 4076 vita
2124 4025 2348 4079 assidue

2450 4033 2673 4093 εἰκότως
2725 4032 2850 4100 περὶ
2900 4031 3010 4081 τῶν
3066 4031 3122 4080 ὲν
3156 4029 3255 4098 βίῳ
3284 4029 3371 4081 διὰ
3414 4029 3615 4089 παντὸς
3642 4030 4024 4099 στρεφομένων

770 4127 1100 4183 versantur,
1153 4132 1341 4172 curam
1394 4116 1733 4185 suscipient?
1792 4115 1850 4169 Si
1902 4117 2046 4169 enim
2100 4116 2348 4171 medicus

2448 4122 2547 4191 τὴν
2586 4122 2853 4191 μέριμναν
2885 4118 3283 4187 ἀναλήψονται;
3340 4118 3396 4169 '0
3418 4120 3463 4149 ”
3498 4119 3607 4187 γὰρ
3655 4119 3715 4170 τδ
3769 4117 4025 4186 ἐπιμελὲς

769 4209 1041 4280 quispiam
1075 4210 1141 4264 iis
1180 4225 1301 4279 quae
1332 4208 1515 4263 minus
1569 4218 1777 4277 angunt
1813 4223 2004 4262 curam
2066 4208 2347 4272 adhibeat,

2451 4212 2578 4281 περὶ
2612 4212 2718 4263 τῶν
2770 4211 2988 4262 ἔλαττον
3025 4209 3339 4262 λυπούντων
3379 4212 3460 4271 είς
3508 4209 3764 4278 φροντίδα
3818 4210 4021 4277 φέρων,

769 4316 892 4370 qua:
926 4317 1055 4357 vero
1086 4303 1259 4372 magis
1293 4309 1524 4371 angunt,
1555 4301 1800 4372 negligat
1843 4318 1857 4354 :
1889 4301 1943 4355 id
1972 4302 2118 4371 quod
2166 4301 2348 4355 minus

2449 4305 2517 4357 τὰ
2549 4303 2747 4373 μᾶλλον
2781 4302 3014 4357 ἀνιῶντα
3048 4302 3307 4371 παρορῶν
3333 4301 3455 4354 οὐδὲ
3484 4302 3583 4371 τὴν
3618 4303 3746 4371 περὶ
3794 4300 3890 4354 τοῦ
3942 4302 4028 4353 λυ·

768 4394 939 4465 angit,
972 4410 1079 4448 non
1110 4410 1205 4464 per
1270 4394 1525 4463 peritiam
1559 4400 1614 4448 et
1641 4394 1991 4464 prudentiam
2041 4409 2240 4448 curare
2267 4394 2348 4447 vi-

2453 4395 2680 4458 ποῦντος
2728 4395 2948 4447 ἔλαττον
3003 4393 3321 4462 ἐπιμέλειαν
3357 4393 3559 4460 δόξειεν
3606 4392 3671 4446 ἂν
3728 4396 3792 4447 ἐκ
3840 4393 4029 4445 τούτου

768 4485 998 4539 deatur?
2378 4481 2419 4536 D

2378 4481 2423 4536 D
2451 4487 2748 4557 προμηθῶς
2791 4485 3079 4538 ποιεῖσθαι.

840 4574 916 4627 Ea
942 4582 1167 4646 propter
1197 4577 1376 4646 legum
1403 4577 1653 4647 dignitati
1698 4578 1819 4647 plus
1854 4578 2161 4645 maiestatis
2199 4581 2347 4633 attri-

2524 4578 2622 4632 Διὰ
2669 4576 2825 4629 τοῦτο
2852 4576 2916 4644 δὴ
2960 4575 3038 4644 τῷ
3088 4574 3195 4625 τῶν
3247 4573 3426 4641 νόμων
3465 4571 3737 4642 ἀξιώματι
3763 4571 3928 4624 πλέον
3954 4574 4027 4633 εἰς

770 4667 1034 4735 huentcs,
1111 4669 1256 4740 quod
1330 4669 1595 4725 hactenus
1656 4686 1722 4726 ex
1792 4673 2190 4728 Consuetudiue
2259 4673 2344 4728 di-

2453 4671 2755 4742 σεμνότητα
2798 4670 3074 4738 νέμοντες,
3105 4665 3163 4717 τὸ
3219 4665 3383 4734 μέχρι
3440 4663 3535 4717 νῦν
3588 4663 3691 4716 ὑπὸ
3741 4662 4028 4731 συνηθείας

2075 4877 2307 4935 VARle
2340 4880 2746 4935 LECTIONES.

816 4997 863 5031 ⁸⁸
891 4994 1005 5068 Ecl.
1050 4986 1301 5068 δύναμαι.
1358 4997 1406 5068 ἐ
1431 4996 1544 5051 Ecl.
1594 4997 1960 5068 ἐξευρημένα.
1995 4996 2216 5068 Bectius
2269 4999 2518 5053 fortasse.
2583 4999 2629 5030 ⁸⁸
2667 4997 2739 5051 Ita
2775 4995 3079 5068 Ecl.Vulgo
3109 4992 3394 5068 61;).0‘26‘15‘
3517 4989 3636 5068 Ecl.‘
3664 4988 3757 5040 τοῦ
3805 4987 4024 5068 στωοῦᾲἼ

769 5058 1485 5138 ApudScrimgIarticulus
1523 5066 1619 5138 τοῦ
1647 5058 1839 5138 deest.
1920 5067 1966 5099 ⁸⁸
2001 5066 2188 5138 Steph.
2243 5070 2459 5124 emend.
2505 5071 2701 5138 ὅρκων,
2780 5068 2824 5099 ⁸³
2846 5068 2960 5121 Ecl.
2989 5058 3192 5138 ὅρκιον.
3242 5060 3471 5138 u'ilicl.
3498 5059 3783 5138 παρέχεινῖ
3852 5060 3913 5138 ’⁵⁸
3943 5058 4031 5109 Est

770 5128 837 5210 ἦρ’
861 5136 973 5210 Ecl.
1024 5128 1165 5190 Νονῖ
1221 5135 1309 5190 48.
1363 5137 1409 5168 ⁹⁹
1441 5137 1556 5192 Ecl.
1595 5138 1725 5208 περὶ
1773 5136 1882 5191 τῶν
1950 5128 2181 5192 συναπτ.
2234 5139 2488 5209 οἰκετικῷ
2521 5128 2798 5210 προσώπῳ
2855 5128 3176 5205 ἐλευθέρων.
3240 5134 3287 5165 ’³
3311 5130 3485 5200 Vulgo
3533 5128 3786 5183 οὺμδοιι
3851 5128 4029 5197 legen-

698 5243 705 5250 -
770 5206 902 5263 dum
925 5209 977 5261 ὁ.

2291 5343 2526 5402 ΝΟΤΕ.

848 5465 962 5536 (ιο)
981 5464 1116 5518 Οὐδὲ
1133 5462 1241 5517 ἀπὸ
1263 5461 1743 5536 γνώμηςδηλονρτι
1764 5460 2355 5536 κινουμένης-Βοτίῐιις.
2522 5462 2738 5536 (ξῖ-ίό)
2766 5462 2829 5536 Et
2858 5475 3048 5536 eorum
3089 5467 3235 5536 s_tat_u
3261 5473 3331 5536 _a_c_
3351 5471 3533 5529 paena.
3737 5524 3751 5536 _
3852 5525 3863 5535 .
3947 5523 3959 5533 _

773 5524 1398 5607 @Xtoémrggvoou'évqé
1421 5524 1611 5607 Cuja'c.
1646 5532 1737 5595 l7,
1788 5524 2150 5607 obs_.'5“2,:si_c
2189 5540 2244 5595 et
2273 5524 2358 5607 iu-
2458 5604 2467 5607 Δ
2526 5524 2637 5603 (Η)
2672 5524 3081 5607 Siuuiturenitu
3102 5524 3388 5607 indubiis,
3417 5540 3708 5607 causarum
3737 5524 4028 5596 benignior

779 5606 859 5661 Ira
885 5597 1017 5689 Nov.
1043 5603 1167 5667 107,
1192 5597 1457 5675 eandem
1492 5601 1905 5673 γνώμης,(ιιιοά
1927 5610 2010 5657 est
2033 5602 2159 5656 dolo
2190 5600 2354 5667 malo,
2456 5597 2858 5727 iutérgiretatio,
2884 5603 2995 5655 vid.
3032 5603 3067 5653 l.
3104 5600 3229 5665 168,
3257 5598 3311 5653 Π.
3352 5597 3425 5654 De
3454 5614 3565 5669 reg.
3598 5597 3710 5668 jur.

785 5677 992 5727 malitia
1030 5677 1193 5727 mala.
2528 5674 2580 5727 ll
2624 5678 2639 5727 l
2673 5673 2724 5727 ld
2748 5684 2855 5727 est.
2885 5671 3029 5727 nuod
3066 5686 3212 5725 raro.

785 5677 1193 5747 malitiaumala.
1252 5745 1263 5747 _
1390 5671 1416 5747 Ἀ
1465 5744 1479 5747 _
1537 5671 1621 5747 __‘
1672 5671 1683 5747 ξ
2528 5671 2639 5747 (15)
2673 5673 2724 5729 ld
2748 5684 2855 5742 est,
2885 5671 3029 5745 quod
3066 5686 3212 5725 raro.

856 5746 972 5817 (41)
994 5745 1114 5801 Vid.
1154 5745 1207 5801 d.
1244 5745 1270 5817 ς
1308 5747 1357 5809 l,
1386 5744 1439 5798 d.
1465 5744 1502 5799 l.
1536 5744 1625 5811 57,
1652 5745 1707 5800 d.
1740 5745 1777 5800 1.
1805 5746 1859 5799 9.
