4182 6444
233 416 339 477 625

1358 409 1721 471 NOVELL/E
1758 410 2425 473 CONSTITUTIONES.

3376 415 3484 479 626

224 524 629 590 διοικούμενον,
661 520 882 591 φημεδὲ
916 520 976 573 τὸ
1007 518 1136 589 περὶ
1178 520 1289 573 τῶν
1317 519 1377 584 ἐξ
1422 522 1607 574 ἀνίσου
1641 520 1793 590 τύχηι

1909 521 2215 591 iudicatum
2242 528 2349 586 est,
2374 520 2441 575 de
2472 521 2538 576 iis
2561 536 2756 592 nempe
2786 522 2878 592 qui
2907 535 2972 578 ex
3004 519 3257 592 inaequali
3272 522 3487 578 fortuna

228 614 519 682 ἐλευθέρου
577 630 638 665 τε
722 612 816 665 καὶ
888 611 1247 680 δουλευούσης
1314 612 1813 680 νυμφαγωγοῦντος

228 704 434 773 ἔρωτος
465 704 601 773 πρὸς
644 702 905 768 συζυγίαν
938 701 1278 771 ἁρμόζεσθαι
1326 702 1809 770 φιλονεικούντων,

225 797 296 862 τῇ
346 795 565 862 νομίμῳ
624 794 909 864 περιλήψει
993 794 1394 863 ἀποδιδόαμεν.
1458 796 1551 846 καὶ
1616 795 1809 847 θεσπί-

226 886 398 954 ζομεν
441 888 511 947 ⁸⁸,
563 886 658 938 ἐὰν
710 886 993 955 ἐλευθερίᾳ
1046 886 1354 953 τιμώμενον
1387 886 1812 953 πρόσωπονδῡυ-

225 979 389 1047 λικῆς
440 979 612 1031 ἕλοιτο
660 980 836 1045 γάμον
888 978 1078 1047 τύχης,
1138 978 1244 1030 ὑπὸ
1298 979 1418 1031 δυσὶ
1460 981 1669 1043 τούτοις
1719 980 1811 1033 τὸν

225 1072 409 1138 γάμον
449 1070 631 1137 ἔχουσι
668 1073 713 1102 ’⁵
766 1069 1056 1138 πράγμασι
1113 1068 1462 1121 συνίστασθαι
1530 1072 1627 1137 τὴν
1689 1086 1809 1122 συν-

223 1164 428 1229 άφειαν
455 1178 469 1191 ο
493 1163 526 1232 ἢ
550 1162 658 1229 γὰρ
675 1160 767 1212 καὶ
797 1160 895 1225 τὴν
926 1158 1047 1227 ίσην
1064 1158 1487 1226 ἀναλαμϐανέτω
1508 1158 1717 1227 τύχηνό
1733 1160 1811 1229 τῷ

223 1252 461 1321 δουλικῷ
493 1252 771 1321 προσώπῳ
799 1252 887 1303 διά
930 1249 1025 1302 τοῦ
1059 1250 1261 1318 ἔρωτος
1311 1251 1737 1318 συναπτόμενος,
1774 1252 1806 1321 ἢ

222 1341 533 1411 καταϐολὴν
572 1339 1045 1412 προσομολογείτω
1080 1341 1411 1408 τιμήματος,
1458 1339 1527 1391 δι’
1558 1333 1619 1392 οὗ
1667 1340 1805 1391 ἀποο

222 1432 516 1500 λελυμένον
546 1433 643 1501 τῆς
674 1432 921 1491 δουλείας
971 1430 1032 1482 τὸ
1094 1430 1185 1482 ὑπ’
1224 1430 1394 1496 αὐτῆς
1447 1432 1807 1505 κατεχόμενον

225 1522 395 1590 μέρος
420 1523 522 1590 τῆς
550 1522 860 1591 ἐλευθερίας
893 1521 1180 1589 γενήσεται
1212 1521 1277 1572 ’⁸.
1297 1520 1458 1572 Ἀλλά
1488 1520 1660 1573 ταῦτα
1710 1522 1807 1590 μὲν

219 1613 461 1681 ἃδεήσει
494 1614 821 1667 καταὸαλείν
847 1609 958 1666 οἷον
990 1612 1289 1684 ἀρῤαδῶνά
1314 1630 1432 1664 τινα
1472 1613 1563 1665 τοῦ
1619 1613 1805 1665 ἀνίσου

222 1706 407 1772 γάμου
443 1707 535 1759 τὸν
570 1707 650 1768 είς
681 1705 965 1758 κοινωνίαν
1014 1706 1329 1758 ὑπεισιόντα
1384 1704 1632 1772 δουλικῆς
1681 1706 1805 1771 ὁμι-

218 1794 343 1856 λίας
379 1796 451 1859 ’⁷,
479 1799 604 1858 τοὺς
648 1796 703 1849 δέ
742 1812 803 1864 γε
837 1796 1098 1857 δεσπότας
1131 1794 1385 1863 ὁρίζομεν
1445 1794 1567 1863 μηδ’
1608 1794 1804 1857 αὐτοὺς

1916 613 2107 683 (libera
2164 610 2419 665 videlicet
2472 621 2526 666 et
2593 613 2801 684 servili)
2862 628 3049 668 amore
3101 612 3403 683 instigante
3433 614 3487 667 in

1917 703 2324 755 matrimonium
2377 700 2638 771 coniungi
2706 704 3064 769 contendunt,
3106 703 3161 757 in
3195 704 3367 774 legem
3402 704 3490 758 in-

1914 795 2207 856 cludimus,
2257 809 2319 845 ac
2345 794 2649 856 sanrimus,
2683 798 2809 849 utsi
2864 794 3025 848 homo
3080 796 3215 850 liber
3270 784 3489 851 servilis

1914 899 2154 952 personae
2171 884 2388 953 nuptias
2428 894 2683 948 sectetur,
2705 885 2807 939 sub
2830 884 3029 953 duplici
3052 885 3149 938 hac
3179 885 3489 940 conditione

1913 976 2323 1028 matrimonium
2362 977 2599 1041 ineatur,
2631 986 2685 1030 ut
2720 979 2767 1047 is
2798 986 2891 1031 aut
2913 978 3177 1044 aqualem
3201 991 3323 1031 cum
3364 992 3484 1030 ser-

1912 1067 2001 1119 vili
2030 1082 2285 1135 persona,
2316 1068 2404 1120 cui
2441 1082 2535 1137 per
2561 1082 2800 1123 amorem
2848 1067 3186 1131 associatur,
3208 1066 3480 1121 fortunam

1910 1159 2196 1226 suscipiat,
2229 1168 2325 1211 aut
2374 1160 2632 1228 pretium,
2665 1174 2775 1229 quo
2824 1160 2917 1213 illa
2942 1160 3210 1215 servitute
3250 1158 3482 1213 liberata

1909 1251 1963 1303 in
2000 1251 2306 1305 libertatem
2342 1254 2648 1320 perveniat.
2684 1253 2900 1306 solvere
2954 1251 3261 1320 promittat.
3309 1252 3485 1313 Atque

1910 1337 2015 1391 hoc
2037 1339 2277 1406 quidem,
2314 1349 2571 1410 tanquam
2598 1339 2880 1411 inaequalis
2909 1340 3236 1393 matrimonii
3263 1340 3481 1393 arrbam

1908 1431 2224 1498 quamdam,
2262 1446 2385 1484 eum
2439 1432 2531 1501 qui
2564 1431 2982 1485 consuetudinis
3002 1431 3321 1486 societatem
3354 1446 3479 1485 eum

1910 1520 2091 1573 servili
2128 1536 2359 1589 persona
2389 1522 2511 1581 init,
2564 1522 2871 1587 persolvere
2917 1520 3218 1590 oportebit.
3274 1520 3481 1575 Statui-

1911 1626 2034 1664 mus
2067 1627 2195 1664 vero
2219 1612 2406 1676 etiam,
2444 1628 2512 1666 ne
2572 1613 2780 1666 domini
2827 1613 2928 1665 hac
2961 1613 3015 1665 in
3047 1626 3107 1666 re
3139 1626 3199 1666 se
3223 1610 3479 1665 inhuma-

1908 1703 2033 1755 nius
2060 1712 2251 1770 gerant
2285 1724 2297 1757 :
2325 1717 2399 1763 et,
2431 1706 2477 1757 si
2535 1719 2767 1772 persona
2790 1717 2912 1773 qua
2944 1717 3159 1756 servum
3201 1704 3255 1756 in
3291 1701 3482 1756 matri-

1912 1792 2153 1845 monium
2173 1793 2395 1861 delegit,
2414 1793 2620 1847 servire
2637 1793 2811 1856 malit,
2834 1791 3122 1860 utriusque.
3137 1790 3373 1846 servitus
3388 1791 3481 1845 do-

219 1889 777 1960 ἀφιλανθρωπότερον
805 1889 1174 1950 διατίθεσθαι,
1209 1888 1346 1941 ἀλλὰ
1377 1887 1649 1940 δουλεύειν
1706 1886 1793 1954 μὲι.

1913 1882 2044 1934 mini
2070 1882 2278 1950 (46-48)
2304 1891 2481 1937 morte
2511 1885 2834 1937 terminetur
2857 1897 3062 1949 :eaque
3089 1880 3178 1935 tibi
3202 1881 3477 1944 inciderit,

218 1983 588 2052 προελόμενον
652 1983 713 2035 τὸ
742 1983 1057 2052 πρόσωπον,
1097 1980 1124 2031 ὃ
1151 1979 1245 2031 τοῦ
1298 1977 1569 2031 οίκετικοῦ
1602 1976 1798 2045 μέρους

216 2076 471 2144 ⁴ᾑρέτισεν
522 2076 569 2107 ’⁸
618 2076 697 2136 είς
734 2075 1049 2139 συνάφειαν,
1080 2072 1206 2141 ὅρον
1235 2067 1374 2123 εἶναι
1425 2070 1525 2137 τῆς
1559 2069 1798 2132 δουλείας

213 2168 315 2234 τὴν
364 2166 461 2219 τού
523 2166 783 2219 δεσπότου
836 2164 1291 2231 ἀποτελεύτησιν,
1349 2156 1417 2231 ἦς
1468 2148 1795 2228 ἀπαντώσης

212 2257 539 2325 ἐλευθέρους
558 2258 813 2325 ἀφίεσθαι
842 2256 979 2324 μετά
999 2253 1107 2305 τῶν
1136 2253 1351 2304 οἰκείων
1391 2251 1615 2314 παίδων,
1639 2251 1691 2301 εἴ
1732 2267 1795 2316 γε

213 2349 308 2400 καὶ
339 2348 535 2410 παῖδας
596 2349 623 2399 ὁ
682 2348 859 2414 γάμος
916 2346 1099 2406 αὐτοῖς
1154 2342 1490 2410 ἐχαρίσατο·
1537 2340 1586 2390 εί
1620 2339 1675 2391 δὲ
1718 2338 1793 2406 μὴ

214 2438 466 2491 σύνθοιτο
526 2437 820 2497 δουλεύειν,
881 2437 1019 2505 μήτε
1079 2434 1177 2503 τὴν
1229 2433 1622 2499 ἀποπλήρωσιν
1696 2431 1794 2497 τῆς

210 2531 381 2597 τιμῆς
399 2530 462 2581 ἐκ
496 2529 588 2581 τοῦ
619 2530 838 2597 ἑτοίμου
865 2527 1040 2597 ῥᾴδιος
1069 2526 1155 2599 εἴη
1188 2524 1511 2591 παρασχεῖν,
1560 2521 1651 2587 τῆς
1698 2520 1794 2587 μὲν

211 2619 526 2689 ἐλευθερίας
561 2620 700 2672 κατά
736 2619 855 2687 βίαν
883 2619 942 2669 οὐ
974 2615 1383 2684 ζημιωθήσεται
1420 2615 1489 2675 θ’,
1548 2610 1791 2680 θητεύων

210 2707 267 2758 δὲ
318 2710 473 2777 παρὲι
518 2709 593 2776 τῷ
638 2708 789 2777 αὐτῷ
838 2705 1094 2774 δεσπότῃ,
1141 2706 1225 2770 ἐφ’
1265 2703 1481 2770 ἑκάστῳ
1530 2700 1637 2752 ἔτει
1696 2700 1787 2751 τού

214 2798 415 2865 μισθοῦ
491 2798 612 2851 δυσὶ
682 2797 1036 2865 λογιζομένου
1121 2796 1440 2863 νομίσμασι,
1513 2791 1787 2859 διαρκέσει

208 2885 489 2949 τοσούτοις
570 2885 862 2954 ὑπηρετῶν
917 2884 1150 2953 χρόνοις,

1237 2884 1351 2934 ὅσοι
1431 2880 1531 2949 τὴν
1586 2877 2015 2947 ὁμολογηθεῖσαν
2091 2876 2107 2907 ⁸

1906 1985 2030 2022 cum
2068 1971 2178 2038 (49)
2210 1971 2414 2037 liberis,
2447 1974 2492 2027 si
2522 1972 2667 2040 quod
2703 1972 2838 2040 ipsis
2876 1974 3285 2026 matrimonium
3308 1972 3479 2042 largiv

1906 2070 2017 2115 tum
2044 2070 2147 2124 est,
2177 2062 2520 2116 dimittantur
2553 2062 2709 2116 liberi
2743 2081 2756 2116 :
2787 2066 2869 2116 sin
2906 2063 2961 2116 in
3012 2064 3329 2117 servitutem
3364 2078 3476 2129 non

1903 2153 2236 2213 consentiat,
2266 2157 2507 2222 nequein
2532 2164 2781 2223 promptu
2817 2154 3035 2219 habeat,
3066 2155 3209 2208 unde
3242 2154 3473 2223 pretium

1904 2243 2061 2310 plene
2096 2242 2389 2308 persolvat,
2426 2244 2679 2299 libertate
2728 2260 2823 2313 per
2857 2245 2966 2298 vim
2997 2245 3296 2299 mulctetur
3325 2262 3340 2299 :
3377 2245 3474 2300 sed

1903 2335 2147 2389 serviens
2179 2336 2319 2401 apud
2350 2336 2602 2389 eumdem
2628 2336 2933 2401 dominum,
2995 2335 3249 2392 mercede
3311 2345 3478 2406 quot-

1899 2427 2059 2477 annis
2095 2426 2233 2479 binis
2264 2426 2456 2481 solidis
2482 2426 2832 2493 aestimanda,
2859 2428 3181 2482 servitutem
3214 2436 3291 2484 tot
3314 2428 3478 2483 annis

1899 2513 2073 2577 duret,
2104 2516 2249 2584 quod
2310 2529 2467 2584 pacto
2522 2519 2698 2585 pretio
2725 2519 2777 2571 in
2802 2520 3016 2587 plenam
3065 2534 3338 2574 summam
3379 2522 3475 2575 de-

1896 2608 2061 2659 ducto
2107 2608 2387 2661 dominum
2446 2610 2577 2663 satis
2626 2625 2725 2679 pro
2756 2625 2916 2664 servo
2961 2611 3265 2679 accepisse,
3300 2626 3475 2680 neque

1894 2698 2095 2766 justam
2124 2714 2346 2753 causam
2376 2701 2441 2753 ad
2473 2700 2829 2756 detinendqu
2856 2702 3094 2772 amplius
3119 2701 3322 2757 habere
3345 2713 3474 2756 sunt

1892 2789 2190 2842 ostensuri.

2222 2878 2388 2948 τιμὴν
2469 2882 3093 2953 συγκεφαλαιωσάμενοι
3184 2882 3472 2953 μέλλουσιν

208 2980 602 3048 ἀποφῆναιτὸν
631 2980 901 3047 δεσπότην
932 2978 1153 3039 τελείως
1184 2978 1458 3047 ἀπέχοντα
1501 2976 1601 3044 τὴν
1651 2974 1793 3044 ὑπὲρ
1830 2970 1926 3025 τοῦ
1971 2970 2160 3023 δούλου
2209 2972 2392 3042 λῆψιν,
2446 2976 2541 3027 καὶ
2576 2977 2743 3047 μηδὲν
2804 2976 3026 3045 εὗλογον
3057 2977 3139 3031 ἔτι
3178 2978 3313 3051 πρὸς
3371 2981 3473 3053 τὴν

209 3075 449 3143 κατοχὴν
478 3073 907 3142 ἀποφερόμενον.

690 3160 1005 3213 ΔΙᾹΤΑΞΙΣ
1046 3160 1135 3212 PA
1173 3164 1215 3215 ¹.

210 3250 351 3319 Περὶ
400 3250 639 3305 δούλων
664 3250 1090 3315 ἐνσυντροφίᾳ
1147 3248 1337 3300 ὄντων
1367 3246 1465 3299 καὶ
1502 3247 1606 3301 τοῦ
1648 3244 1786 3312 ἐνὸς

606 3319 826 3389 μέρους
854 3319 1373 3385 ἐλευθερωθέντος.

290 3411 349 3463 '0
376 3410 537 3472 αὐτὸς
580 3408 829 3477 βασιλεὺς
848 3406 1124 3473 Στυλιανῷ
1150 3404 1227 3475 τῷ
1248 3405 1418 3476 αὐτῷ.

274 3502 355 3554 οὐ
380 3503 542 3569 μόνον
566 3502 596 3553 ὀ
623 3500 721 3569 τὴν
740 3498 913 3567 ἀρχὴν
951 3498 1009 3563 ἐξ
1048 3497 1361 3566 ἐλευθερίας
1404 3498 1497 3549 καὶ
1540 3496 1783 3555 δουλείας

204 3594 491 3661 γινόμενος
520 3593 715 3660 γάμος,
743 3590 878 3642 ἀλλά
909 3589 1003 3642 καὶ
1031 3588 1091 3640 δν
1116 3590 1164 3640 οἱ
1194 3589 1387 3651 κοινῶς
1415 3589 1517 3641 ὑπὸ
1540 3588 1783 3640 δουλείαν

203 3685 489 3746 τελοῦντες
517 3684 611 3735 καλ⁵
642 3682 730 3735 διὰ
749 3681 917 3751 τύχης
962 3681 1153 3747 ὁμοίας
1186 3680 1441 3749 ὑπῆλθον.
1494 3681 1584 3731 καὶ
1631 3676 1783 3741 οὗτος

205 3778 468 3836 πολλάκις
514 3775 629 3837 ἑνὸς
666 3774 867 3836 αὐτῶν,
900 3777 948 3825 εἰ
996 3772 1138 3824 οὓτω
1186 3772 1344 3843 τύχῃ,
1373 3774 1531 3841 παρὰ·
1559 3772 1653 3825 τοῦ
1704 3773 1784 3823 δε-

204 3870 406 3920 σπότου
459 3866 707 3925 λυθέντος
745 3860 1119 3924 δουλείας,τοῦ
1180 3862 1368 3931 ἑτέρου
1432 3863 1633 3931 μέρους
1686 3859 1781 3913 τοῦ

201 3957 403 4027 δεσμοῦ
434 3959 507 4026 μὴ
541 3954 1034 4015 συναπολυθὲντος,
1068 3955 1147 4014 εἰς
1185 3952 1474 4020 ἀνισότητα
1523 3954 1781 4004 καθιστά-

205 4066 403 4117 μενος,
464 4049 527 4099 ὲκ
564 4045 817 4111 τοιαύτης
848 4044 1023 4104 αἰτίας
1072 4043 1172 4093 οὐκ
1217 4042 1401 4110 ὀλίγης
1449 4042 1776 4110 ἀμφιϐολίας

201 4141 299 4192 καὶ
324 4139 606 4206 ζητήσεως
634 4138 698 4189 ὲκ
734 4136 828 4187 τοῦ
860 4135 935 4203 μὴ
976 4137 1159 4201 τυχεῖν
1195 4134 1423 4202 νομικῆς
1450 4134 1774 4202 διακρίσεως

200 4233 321 4303 εριν
371 4232 641 4285 ἀνακινῶν
718 4230 1037 4296 καθορᾶται.
1112 4229 1490 4298 Ὀφειλὸμενον
1538 4225 1630 4281 οὖν
1684 4230 1780 4282 καὶ

199 4321 361 4376 τοῦτο
421 4321 675 4389 νομισθὲν
725 4319 802 4387 τῷ
852 4318 1105 4387 ἡμετέρῳ
1170 4318 1363 4387 κράτει
1442 4319 1542 4385 τῆς
1607 4335 1780 4387 προσ-

200 4413 446 4482 ηκούσης
486 4413 669 4480 τυχεῖν
719 4410 1014 4471 διαλύσεως
1050 4409 1139 4461 τὸν
1173 4408 1240 4461 δι’
1270 4406 1331 4462 οὗ
1356 4408 1780 4479 ρυθμισθήσεται

199 4503 364 4572 νόμον
387 4502 675 4571 ἀπείληφε.
724 4500 788 4554 Τί
836 4500 894 4552 δὲ
938 4500 1001 4551 τὸ
1041 4498 1423 4568 νομοθέτημα;

269 4679 581 4748 Κελεύομεν
620 4679 681 4730 τὸ
710 4678 808 4746 τῆς
832 4677 1077 4739 δουλείας
1122 4676 1539 4745 ἀπηλλαγμένον
1586 4678 1771 4744 μέρος,

197 4775 264 4826 ἂν
283 4773 383 4841 τὴν
438 4772 574 4839 πρὸς
628 4770 687 4821 τὸ
744 4769 1105 4837 καταλειφθὲν
1152 4767 1423 4821 δουλεύειν
1478 4769 1774 4836 συνάφειαν

197 4866 410 4935 ἀγαπᾷ,
446 4863 590 4916 κατὰ
637 4863 729 4914 τὸν
760 4862 1251 4931 νενομοθετημένον
1284 4859 1452 4912 τύπον
1475 4862 1495 4890 ³
1525 4860 1619 4911 ἐπὶ
1662 4859 1773 4912 τῶν

197 4958 256 5023 ἐξ
307 4955 622 5025 ἐλευθερίας
672 4952 769 5006 καὶ
846 4951 1092 5014 δουλείας
1162 4949 1652 5020 συναρμοζομένων
1716 4951 1776 5003 τὸ

2394 3156 2857 3214 CONSTITUTIO
2893 3161 2979 3215 Cl.

1898 3246 1972 3302 De
2003 3250 2166 3302 servis
2200 3249 2508 3320 conjugibus
2531 3252 2576 3303 si
2632 3252 2767 3304 alter
2824 3254 3040 3307 illorum
3097 3255 3341 3311 libertate
3369 3256 3469 3312 do-

2593 3335 2766 3377 nemr.

1960 3408 2107 3462 Idem
2139 3409 2431 3478 imperator
2459 3411 2632 3465 eidem
2670 3414 2937 3483 Styliano.

1958 3497 2079 3551 Non
2116 3501 2292 3553 solum
2325 3502 2469 3570 quod
2529 3502 2671 3557 inter
2701 3520 2988 3573 personam
3026 3507 3252 3565 liberam
3280 3518 3335 3567 et
3354 3527 3470 3569 ser-

1890 3588 2049 3640 vilem
2112 3590 2180 3640 ab
2240 3589 2398 3643 initio
2462 3593 2810 3646 contrahitur
2870 3596 3281 3653 matrimonium
3329 3616 3465 3657 con-

1886 3680 2146 3739 trahitur,
2179 3681 2272 3735 sed
2297 3684 2439 3757 quod
2474 3688 2840 3741 communiter
2868 3688 2923 3742 in
2962 3691 3224 3747 servitute
3252 3692 3461 3763 degen-

1886 3780 1968 3825 tes
1996 3773 2048 3825 in
2082 3775 2194 3841 pari
2232 3774 2448 3829 fortuna
2468 3788 2880 3844 centraxerunt,
2922 3780 3026 3835 hoc
3064 3783 3253 3848 etiam,
3284 3786 3463 3842 altero

1886 3862 2100 3914 iflurum
2129 3864 2266 3918 forte
2297 3881 2325 3917 a
2355 3866 2579 3921 domino
2610 3869 2862 3925 libertate
2892 3872 3117 3938 donato,
3137 3874 3313 3929 altero
3332 3893 3463 3932 vero

1886 3954 1938 4005 in
1968 3954 2231 4007 servitute
2253 3964 2487 4021 retento,
2517 3959 2581 4012 ad
2611 3958 3035 4029 inaequalitatem
3052 3962 3335 4017 redactum
3356 3977 3461 4033 est,

1883 4059 1947 4096 ex
1986 4046 2297 4099 istiusmodi
2321 4062 2487 4101 causa
2520 4050 2676 4102 valde
2705 4052 3084 4107 conteu.iosas
3126 4053 3460 4124 ambiguita-

1884 4143 1965 4188 les
1995 4143 2048 4187 et
2075 4137 2430 4203 qua-stiones,
2472 4153 2537 4193 eo
2580 4140 2726 4209 quod
2781 4142 2897 4211 lege
2935 4142 3295 4212 dijudicatum
3347 4162 3457 4202 non

1881 4225 1973 4287 sit,
2014 4240 2251 4293 persaepe
2280 4228 2624 4283 exsuscitarc
2663 4231 3024 4299 conspicitur.
3087 4232 3224 4287 Cum
3272 4236 3460 4305 itaque

1882 4315 1984 4368 hoc
2012 4330 2228 4383 quoque
2269 4332 2298 4368 a
2352 4330 2538 4371 lttts‘ll‘a
2601 4321 2889 4389 majestate
2939 4322 3056 4393 lege
3105 4335 3457 4397 conceptum,

1881 4407 2269 4461 convenienter
2315 4409 2582 4481 distingui
2641 4414 2903 4482 deberet,
2950 4415 3092 4473 hanc
3148 4433 3245 4488 per
3292 4435 3453 4490 quam

1805 4520 1857 4577 υ
1886 4505 2033 4551 recte
2055 4497 2389 4567 dijudicetur
2421 4502 2593 4573 legem
2628 4506 2862 4576 accepit.
2902 4506 2972 4561 At
3019 4523 3151 4564 vero
3208 4526 3331 4581 quas
3364 4513 3458 4568 illa

1882 4588 2006 4641 lex?

1954 4678 2236 4743 Jubemus,
2276 4694 2335 4737 ut
2368 4685 2413 4738 si
2444 4687 2708 4741 servitute
2753 4688 2983 4743 liberata
3040 4707 3273 4761 persona
3321 4707 3455 4748 con-

1877 4769 2150 4839 junctiuni
2197 4774 2340 4841 ejus,
2408 4792 2529 4845 quae
2557 4778 2608 4831 in
2640 4780 2907 4834 servitute
2979 4783 3165 4837 relicta
3213 4792 3321 4848 est,
3362 4800 3452 4838 ae-

1881 4862 2479 4930 quiescat,secundum
2521 4868 2754 4923 formam
2798 4872 2910 4942 (50)
2950 4872 3018 4928 de
3039 4875 3291 4942 personis
3318 4876 3454 4929 libe-

1884 4952 1962 5007 ris
2022 4960 2077 5007 et
2122 4954 2413 5010 servilibus
2481 4960 2831 5014 matrimonio
2889 4963 3285 5034 coniungendis
3334 4966 3452 5035 lege

1499 5133 1739 5188 VARUE
1768 5133 2167 5191 LECTIONES.

252 5256 296 5296 "’
329 5254 441 5311 Inc.
477 5252 692 5321 Ecloga.
764 5254 809 5283 ”
826 5249 1257 5321 Ευ1.συνὲχουσι.

1334 5250 1378 5281 ’⁸
1404 5247 1495 5320 Sic
1523 5247 1634 5301 Ecl.
1674 5248 1920 5320 quamvis
1948 5248 2060 5302 lucc
2095 5248 2371 5320 Stephano
2394 5268 2486 5307 sus

2513 5263 2641 5309 vecta
2682 5258 2813 5312 siut.
2888 5260 2931 5291 "
2964 5259 3217 5316 Fortasse
3253 5263 3449 5318 adden-

252 5271 296 5296 ιν
329 5271 441 5311 Inc.
477 5271 692 5321 beloga.
766 5271 809 5283 "
829 5271 1257 5318 δαμσυνεχουσι.
1336 5271 1378 5281 τ’
1404 5271 1494 5301 διε
1523 5271 1634 5301 DCI.
1674 5271 1920 5315 qllalllV‘lS
1948 5271 2060 5302 uane
2096 5271 2371 5320 otepmtno
2394 5271 2486 5307 sus
2513 5271 2641 5309 tecm
2682 5271 2813 5312 Stttt.
2888 5271 2929 5291 ’⁷
2966 5271 3217 5316 Fortasse
3253 5271 3447 5318 adden-

194 5328 323 5402 dum
359 5343 373 5379 :
419 5323 827 5402 χωρῄσειπρὸς·
856 5321 981 5402 τρςις
1021 5320 1307 5402 δεσπότας.
1384 5318 1664 5402 f’LSpa‘ng.
1693 5318 1949 5402 ἔγρετισεν
1977 5319 2359 5402 scribus-ult.“
2398 5271 2603 5402 _"_'tlel.
2635 5329 2935 5402 iutiﬁiav
2990 5330 3138 5402 ζημη
3158 5335 3447 5402 negatione

192 5385 591 5458 outissa."Quid
625 5393 670 5447 si
702 5385 843 5444 κατά
881 5390 992 5458 βίον
1019 5390 1295 5459 legamus?
1387 5390 1403 5421 ¹
1434 5385 1511 5441 Ita
1543 5388 1657 5443 Ecl.

196 5464 336 5521 1555
368 5472 588 5518 notatur
618 5462 857 5523 ἀδεκτος.
962 5462 967 5465 ’

1741 5387 1863 5457 ulgo
1891 5388 2200 5456 ὀμολογισθ.
2276 5393 2298 5423 ¹
2319 5390 2433 5445 Ecl.
2462 5390 2598 5447 Nov.
2623 5396 2711 5461 47,
2740 5387 3082 5468 σθ’ῳιιιηίῆὶ
3103 5387 3445 5459 ϐοιΙΪΡιιτιεξ

1746 5573 1972 5631 NOTAE.

262 5694 357 5765 (i6
382 5692 472 5765 18)
495 5690 629 5765 Nov.
668 5691 788 5765 10],
886 5691 1007 5765 cod.
1038 5760 1046 5765 Δ
1171 5759 1197 5765 ,η

270 5759 384 5834 (40)
422 5759 570 5817 facit
607 5763 690 5817 los
720 5762 775 5825 5,
798 5762 850 5815 tl'.
887 5760 963 5817 De
993 5759 1227 5816 liberali.

1950 5689 2062 5757 (50)
2098 5686 2170 5745 De
2204 5706 2308 5760 qua
2340 5691 2543 5747 dictqu
2578 5703 2662 5750 est
2692 5694 2824 5751 Nov.
2868 5698 2986 5764 l00,
3012 5715 3174 5770 supra
3210 5701 3333 5757 eod.
