4176 6446
754 415 867 477 639

2029 412 2306 472 LEONIS
2338 411 2801 474 PHILOSOPHI

3921 412 4038 475 640

758 536 863 587 est,
894 523 959 576 ad
991 517 1331 575 consimilem
1361 519 1529 573 etiam
1556 518 1774 573 modum
1802 518 1907 572 hoc
1949 519 2327 575 iunnovanles.

2444 520 2583 589 πρὸς
2608 521 2767 593 δίκην
2799 520 2972 573 τύπον
3000 518 3247 590 ἐκφέρει,
3290 522 3624 593 θεσπίζομεν
3652 526 3720 589 δι,
3752 526 3847 578 τὸν
3877 527 4037 592 ἅπαξ

759 616 1058 674 sancimus,
1082 611 1255 679 utqui
1283 613 1450 665 semel
1480 611 1727 680 judiciali
1754 610 2018 665 citatione
2045 610 2097 663 in
2116 611 2208 680 jus
2228 612 2337 683 (93)

760 708 1004 764 vocatus,
1039 714 1215 768 neque
1262 699 1377 768 ipse
1434 708 1607 766 paret,
1664 714 1844 768 neque
1895 700 2061 752 alium
2112 702 2204 769 qui
2239 718 2340 770 pro

762 794 881 859 ipso
938 792 993 844 in
1052 792 1262 860 judicio
1294 806 1352 843 se
1379 790 1592 851 oﬂ‘erat,
1653 791 1844 854 mittit,
1899 792 2097 845 iterum
2142 792 2339 859 judicii

757 884 1167 936 denuntiatione
1197 883 1535 948 impetatur:
1573 882 1660 934 cui
1701 882 1746 935 si
1786 883 2044 936 similiter
2099 898 2208 935 non
2242 884 2343 938 ob-

757 978 1039 1041 temperet,
1060 985 1237 1040 neque
1278 972 1439 1025 tertia
1464 970 1881 1026 denuntiatione
1934 973 2189 1041 indignus
2213 990 2342 1028 cen-

754 1069 943 1115 seatur
975 1078 987 1113 :
1026 1068 1079 1113 et
1110 1061 1154 1114 si
1187 1060 1431 1129 quidem,
1459 1076 1583 1112 cum
1609 1070 1717 1112 tam
1767 1061 2341 1128 patienterjudicialis

754 1154 1039 1208 clementia
1069 1154 1245 1221 ipsum
1264 1160 1562 1219 exspectet,
1596 1152 1709 1220 ipse
1738 1153 2098 1207 nihilominus
2126 1155 2338 1207 tertiam

756 1245 1069 1297 citationcm
1130 1252 1494 1295 contemnens
1546 1248 1694 1310 (cum
1759 1244 1908 1297 nulla
1958 1244 2111 1313 justa
2169 1261 2338 1299 causa

752 1334 1202 1402 comparitionem
1231 1334 1353 1400 ejus
1378 1333 1659 1402 impediat)
1712 1349 1888 1403 neque
1926 1352 2018 1404 per
2049 1351 2130 1399 se,
2163 1350 2341 1402 neque

753 1441 847 1493 per
877 1426 1047 1478 alium
1072 1426 1283 1491 judicio
1308 1427 1467 1480 sistat
1494 1444 1505 1479 :
1540 1434 1671 1479 tunc
1694 1428 1920 1479 omnino
1946 1427 2109 1480 etiam
2140 1427 2339 1480 absens

750 1516 1167 1576 condemnetur,
1202 1530 1255 1568 et
1283 1529 1630 1584 nequaquam
1650 1517 1931 1585 deinceps,
1959 1516 2042 1570 vel
2069 1516 2335 1584 quaestio-

753 1624 873 1661 nem
903 1624 1139 1674 movere,
1166 1609 1247 1662 vel
1276 1609 1790 1663 eondeumatiouem
1812 1608 2205 1678 subterfugere
2232 1611 2337 1679 ipsi

750 1700 1125 1769 permittatur.

2442 611 2545 662 ὑπὸ
2578 611 2899 680 δικαστικῆς
2936 612 3327 681 προσκλήσεως
3359 615 3453 665 ἐπὶ
3510 616 3611 685 τὴν
3656 616 3842 685 κρίσιν
3891 620 4034 685 κλη-

2442 701 2623 765 θέντα,
2647 703 2739 754 καὶ
2760 702 2882 772 μήτ’
2898 702 3060 756 αὑτὸν
3081 703 3464 756 ὑπακούσαντα
3490 705 3616 775 μήθ’
3634 707 3821 776 ἕτερον
3847 710 4031 775 πρόσ-

2442 806 2588 840 ωπον
2636 791 2751 842 ἀντ’
2782 790 2945 851 αὑτοῦ
2977 790 3021 821 ⁸⁸
3056 790 3193 859 πρὸς
3212 795 3309 858 τὴν
3363 793 3544 862 κρίσιν
3576 797 3886 864 ἀπαντῆσαι
3942 798 4031 849 δι-

2443 878 2858 941 αποστείλαντα,
2895 879 3057 933 πάλιν
3100 880 3360 951 δευτέρας
3410 882 3690 944 ἀξιοῦσθαι
3712 885 4029 953 δηλώσεως,

2446 970 2827 1038 ἀπειθήσαντα
2852 972 2909 1024 δὲ
2945 972 3040 1023 καὶ
3081 972 3125 1001 ⁸³
3147 973 3339 1044 ταύτῃ,
3374 975 3507 1045 μηδὲ
3548 976 3646 1043 τῆς
3679 980 3871 1048 τρίτης
3893 981 4033 1032 ἀνά-

2445 1060 2553 1126 ξιον
2588 1063 2893 1134 κρίνεσθαι,
2948 1067 3043 1119 καὶ
3096 1066 3263 1136 μέχρι
3289 1069 3546 1120 τοσούτου
3574 1062 3673 1136 τῆς
3697 1070 4028 1141 δικαστικῆς

2442 1155 2748 1216 ἐπιεικείας
2808 1154 2973 1207 αὑτὸν
3008 1156 3387 1226 ὑπομενούσης
3448 1158 3605 1229 είπερ
3662 1163 4027 1230 καταφρονῶν

2441 1242 2581 1313 ὀφθῇ
2616 1245 2664 1280 ιδ
2693 1243 2786 1295 καὶ
2818 1242 2910 1294 τοῦ
2946 1245 3133 1313 τρίτου
3171 1244 3489 1314 μηνύματος
3513 1248 3578 1311 ⁸⁸,
3621 1248 3714 1300 καὶ
3747 1249 4027 1319 μηδεμιᾶς

2442 1334 2666 1399 εὐλόγου
2697 1336 3024 1404 προφάσεως
3059 1335 3156 1405 τὴν
3187 1337 3491 1405 ἀπάντησιν
3540 1338 3853 1408 κωλυούσης
3894 1340 4023 1393 οὔτε

2441 1422 2509 1476 δι’
2535 1425 2731 1477 ἑαυτοῦ
2763 1426 2890 1477 οὔτε
2937 1425 3005 1478 δι’
3036 1427 3225 1496 ἑτέρου
3273 1428 3566 1499 προσώπου
3612 1430 3691 1497 τῷ
3720 1431 4023 1500 δικαστικῷ

2441 1516 2645 1587 βήματι
2671 1520 2951 1588 παραστῇ,
2982 1519 3103 1571 τότε
3168 1517 3232 1587 δὴ
3262 1519 3381 1570 τότε
3411 1521 3502 1571 καὶ
3545 1518 3619 1587 μὴ
3653 1522 3881 1589 παρόντι
3920 1522 4022 1591 τὴν

2441 1605 2918 1667 καταδικάζουσαν
2941 1607 3124 1675 ψῆφον
3169 1608 3321 1676 αὐτῷ
3351 1609 3396 1638 ⁸⁸
3430 1608 3740 1678 λαγχάνειν,
3779 1613 3877 1662 καὶ
3919 1630 4023 1681 μη-

2442 1698 2560 1749 κέτι
2592 1697 2711 1761 ἐξὸν
2745 1692 2884 1750 εἶναι
2918 1698 3040 1749 καθ’
3089 1692 3201 1750 οἷον
3228 1697 3292 1767 δή
3328 1715 3448 1751 τινα
3489 1702 3689 1770 τρόπον
3736 1702 3867 1771 μήτ’
3908 1705 4022 1771 ἀμ-

2441 1789 2726 1855 φισϐητεῖν
2760 1789 2896 1856 μήτε
2930 1788 3028 1857 τὴν
3058 1790 3383 1857 κατάκρισιν
3424 1790 3777 1844 ἀποδύεσθαι.

818 1882 995 1950 Atque
1027 1881 1129 1935 hoc
1176 1881 1227 1933 in
1265 1888 1560 1950 utrumque
1610 1880 1895 1950 ligatorem
1953 1878 2326 1943 decernunus,

2504 1853 2720 1943 Ταύτην
2754 1853 2927 1946 δὲτὴν
2949 1853 3128 1946 ψήφον
3157 1853 3409 1947 ὁρίζομεν
3432 1878 3517 1945 ἐφ’
3543 1879 3805 1950 ἐκατέρου
3837 1899 4015 1952 προσ-

746 1975 861 2027 sive
902 1974 1027 2040 quis
1063 1972 1115 2025 in
1144 1972 1232 2040 jus
1260 1981 1488 2026 vocatus
1555 1986 1873 2041 comparere
1905 1972 2141 2040 negligat
2171 1989 2183 2022 :
2215 1973 2331 2025 sive

743 2066 864 2131 quis
888 2067 1100 2117 actione
1157 2063 1432 2125 instituta,
1490 2062 1920 2130 adversarioquc
1963 2062 2016 2113 in
2054 2060 2321 2127 judicium

745 2155 1035 2221 producto,
1085 2154 1283 2207 deinde
1330 2155 1435 2223 ipsi
1491 2154 1777 2207 molestias
1821 2152 2324 2221 protelationesque

741 2248 855 2301 litis
879 2248 1204 2300 machinans
1229 2248 1297 2300 ab
1342 2247 1548 2299 intenta
1582 2246 1798 2298 actione
1850 2244 1977 2297 dolo
2007 2243 2149 2295 malo
2181 2242 2330 2294 desi—

742 2347 873 2392 stat.
910 2337 1121 2392 Etenim
1177 2338 1266 2390 liic
1313 2351 1551 2404 quoque,
1604 2336 1692 2388 ubi
1731 2345 1811 2387 ter
1844 2333 2083 2400 ajudice
2113 2334 2327 2385 citatus

742 2443 852 2482 non
880 2428 1218 2497 apparuerit,
1248 2428 1448 2480 absens
1484 2425 1963 2487 condeumabitur,
2027 2426 2095 2479 iis
2139 2434 2321 2479 tamen

743 2518 1227 2586 (quemadmodum
1280 2516 1414 2582 dixi)
1448 2518 1490 2570 si
1540 2518 1686 2569 nulla
1754 2532 1942 2579 causa,
1998 2532 2117 2585 qme
2151 2516 2326 2581 illum,

741 2610 832 2676 qui
870 2625 929 2663 se
958 2611 1013 2662 in
1051 2608 1257 2673 judicio
1290 2625 1395 2662 non
1424 2610 1645 2672 obtulit,
1680 2608 2053 2662 verisimiliter
2099 2617 2316 2677 purget,

746 2705 815 2758 ad
841 2703 1048 2774 justam
1081 2703 1495 2757 excusationem
1525 2702 1722 2756 subsit.

1224 2978 1686 3035 CONSTITUTIO
1704 2979 1837 3035 CIX.

743 3076 827 3131 Ne
850 3078 995 3129 intra
1033 3074 1145 3143 (94)
1165 3074 1441 3139 septimum
1467 3071 1577 3143 (95)
1602 3073 1792 3124 wtatis'
1818 3088 2015 3124 annum
2053 3072 2325 3139 sponsalia

812 3141 1080 3207 ineantur,
1112 3158 1271 3210 neque
1298 3154 1419 3195 ante
1450 3141 1709 3193 decimum
1763 3146 2008 3209 quintum
2060 3144 2318 3203 maribus,

812 3226 905 3269 aut
932 3216 1191 3267 decimum
1226 3214 1439 3265 tertium
1469 3212 1677 3279 feminis
1706 3213 2104 3265 matrimonium
2140 3228 2319 3265 conse-

815 3298 1010 3339 cretur.

814 3376 948 3430 Cum
972 3388 1132 3428 suum
1167 3372 1368 3441 cuique
1400 3371 1481 3426 rei
1517 3379 1729 3440 tempus
1757 3386 1885 3425 esse
1932 3372 2152 3441 sapiens
2208 3371 2321 3440 (96)

740 3468 945 3527 tradat,
977 3464 1143 3532 idque
1178 3463 1492 3517 communis
1518 3464 1790 3524 omnium,
1821 3463 1913 3529 qui
1935 3461 2097 3514 modo
2124 3462 2324 3515 mentis

740 3566 1025 3628 compotes
1057 3564 1208 3616 sunt,
1265 3557 1535 3609 sententia
1596 3565 1709 3608 tum
1764 3554 2149 3623 amplectatur,
2207 3563 2321 3607 tum

738 3648 933 3717 probet
988 3665 1003 3701 :
1064 3647 1139 3699 iu'
1190 3647 1338 3699 omni
1415 3646 1629 3699 actione
1702 3652 1919 3713 tempus
1990 3644 2322 3707 observare,

740 3740 899 3807 longe
933 3736 1362 3805 pulcherrimum
1394 3732 1579 3788 fuerit.
1618 3732 1774 3798 Quod
1799 3733 1846 3786 si
1874 3732 2110 3787 fortasse
2162 3734 2316 3794 alibi,

742 3830 792 3881 in
826 3827 1220 3881 contrahendis
1257 3833 1405 3878 certe
1433 3825 1822 3891 ,matrimoniis
1854 3825 2053 3892 negligi
2078 3839 2186 3876 non
2233 3824 2322 3877 de-

740 3923 850 3973 bet.
908 3922 1134 3988 Oportet
1192 3917 1467 3981 enim,ut
1517 3929 1626 3983 quo
1675 3930 1739 3968 ea
1792 3930 1880 3968 res
1935 3915 1991 3966 in
2043 3912 2322 3967 communi

739 4012 849 4065 vita
882 4011 1059 4080 magis
1101 4008 1418 4063 necessaria
1462 4015 1567 4071 est,
1609 4021 1673 4060 eo
1710 4005 2039 4075 prudentius
2076 4007 2322 4060 cautius-

742 4118 851 4173 que
891 4102 960 4155 ad
993 4102 1141 4153 illam
1170 4097 1526 4167 procedatur.

807 4193 981 4259 Quam
994 4206 1128 4246 sane
1140 4205 1241 4243 nos
1256 4189 1324 4241 ob
1338 4202 1562 4241 causam
1575 4187 1876 4241 secundum
1894 4195 2101 4241 veteres
2120 4185 2319 4255 (97-98)

733 4286 1017 4353 quirecte
1041 4282 1143 4334 bac
1174 4279 1242 4333 de
1271 4293 1329 4332 re
1353 4278 1469 4345 lege
1517 4278 1624 4329 lata
1658 4286 1968 4331 statuerunt
1996 4318 2010 4340 ,
2036 4276 2320 4330 sancimus

739 4388 808 4427 ne
884 4385 996 4440 quo
1070 4369 1233 4423 modo
1288 4376 1415 4422 ante
1497 4367 1788 4435 septimum
1862 4369 2041 4421 aetatis
2115 4382 2318 4420 annum

738 4463 1017 4535 sp0usalia
1038 4462 1466 4524 constituantur,
1488 4474 1664 4527 neque
1691 4460 2097 4513 matrimonium
2120 4458 2315 4529 (99-l),

2432 1967 2607 2035 ώπου,
2658 1969 2767 2020 είτε
2814 1985 2898 2030 τις
2934 1969 3327 2037 ’προσκληθεὶς
3354 1972 3398 2011 ιτ
3454 1972 3886 2043 κατολιγωρήσει
3914 1976 4020 2045 τῆς

2433 2062 2817 2131 ἀπαντήσεως,
2852 2061 2961 2114 εἴτε
2995 2078 3081 2125 τις
3122 2061 3383 2133 ἔγκλησιν
3417 2068 3631 2136 ποιήσει
3666 2067 3758 2119 καὶ
3798 2069 3880 2139 τῷ
3919 2068 4019 2141 βή-

2436 2169 2568 2220 ματι
2628 2155 2975 2224 παραστήσει
3038 2154 3101 2205 τὸ
3146 2154 3585 2225 διαμφισϐητοῦν
3648 2158 3833 2228 μέρος,
3896 2157 4017 2213 εἶτα

2434 2245 2573 2311 μετὰ
2618 2244 2717 2311 τὴν
2751 2245 3024 2314 προϐολὴν
3062 2244 3158 2297 τοῦ
3215 2246 3559 2316 ἐγκλήματος
3609 2252 4017 2321 κακομηχάνω;

2430 2333 2666 2401 ἀποστῇ,
2706 2334 3083 2405 ταλαιπωρίαν
3114 2340 3179 2389 ὲκ
3220 2336 3412 2390 τούτου
3462 2339 3540 2408 τῷ
3578 2340 4014 2413 ἀντικρινομένῳ

2430 2428 2698 2495 περινοῶν
2733 2427 2825 2479 καὶ
2854 2429 3123 2500 ἀναϐολὴν
3165 2432 3257 2484 τοῦ
3280 2432 3516 2501 πέρατος
3539 2433 3633 2485 τοῦ
3673 2434 4014 2503 ζητήματος.

2432 2518 2543 2570 Καὶ
2568 2514 2722 2581 οὗτος
2765 2520 2874 2590 γὰρ
2911 2522 3068 2591 παρά
3089 2523 3184 2575 τοῦ
3227 2524 3483 2577 δικαστοῦ
3534 2527 4016 2593 προσκαλούμενος

2429 2608 2558 2676 ἄχρι
2586 2609 2771 2677 τρίτου
2802 2613 2893 2664 καὶ
2928 2611 3004 2682 μὴ
3044 2614 3360 2684 πειθαρχὼν
3409 2616 3884 2684 κατακεκρίσεται
3921 2622 4015 2671 καὶ

2431 2698 2507 2767 μὴ
2537 2700 2749 2769 παρὼν,
2789 2702 3062 2771 μηδεμιᾶς
3088 2705 3274 2774 ἄλλης,
3308 2704 3497 2771 ὥσπερ
3536 2700 3711 2770 εἷπον,
3749 2708 4015 2777 ἀφορμῆς

2430 2788 2510 2846 είς
2539 2788 2759 2843 δικαίαν
2814 2791 3059 2859 ὑπούσης
3095 2794 3449 2863 παραίτησιν,
3481 2794 3514 2863 ἢ
3551 2794 3840 2863 δυνήσεται
3872 2798 4012 2868 ὑπὲρ

2428 2878 2523 2931 τοῦ
2562 2881 2637 2949 μὴ
2676 2882 3091 2953 ἀπαντήσαντος
3137 2886 3205 2935 τά
3252 2884 3438 2935 εἰκότα
3484 2885 4011 2955 διαπολογήσασθαι.

2918 2974 3227 3027 ΔΙΑΤΑΞΙΣ
3254 2974 3353 3027 PO’
3370 2974 3510 3029 δ’δ’.

2428 3065 2564 3130 Περὶ
2622 3066 2729 3119 τοῦ
2776 3067 2862 3135 μὴ
2912 3070 3184 3135 γίνεσθαι
3215 3068 3553 3136 μνηστείαν
3596 3068 3849 3121 ἔνδοθεν
3892 3069 4014 3123 τῶν

2495 3135 2645 3187 ἑπτὰ
2670 3136 2839 3197 ἐτῶν,
2871 3142 2989 3190 εἴτε
3019 3135 3357 3205 ἱερολογίην
3381 3137 3628 3189 ἔνδοθεν
3653 3137 3756 3189 τοῦ
3782 3155 4010 3192 τεσσα-

2487 3206 3031 3284 ρεσκαιδεκαετοῦς
3050 3208 3093 3238 ⁸ο
3140 3209 3402 3284 χρόνου,
3453 3208 3552 3258 καὶ
3594 3207 3701 3260 τοῦ
3740 3224 4013 3273 τρισκαι-

2493 3272 2746 3327 δεκάτου
2780 3277 2877 3327 ἐπὶ
2908 3272 3230 3344 γυναικών.

2492 3366 2598 3417 Τοῦ
2629 3368 2791 3434 σοφοῦ
2816 3368 3205 3438 παραινοῦντος
3232 3408 3248 3432 ,
3268 3367 3482 3436 Καιρὸς
3513 3366 3592 3434 τῷ
3618 3370 3797 3422 παντὶ
3821 3371 4011 3439 πράγ-

2415 3474 2586 3525 ματα,
2639 3458 2734 3509 καὶ
2780 3457 2880 3525 τῆς
2933 3459 3117 3528 κοινῆς
3164 3458 3315 3526 παρὰ
3349 3460 3514 3510 πᾶσιν
3546 3460 3661 3511 ὅσοι
3692 3461 3889 3529 φρενὸς
3918 3463 4009 3512 εὑ-

2420 3546 2677 3615 τυχοῦσιν
2710 3548 3031 3617 ὑπολήψεως
3061 3548 3219 3600 τοῦτο
3260 3550 3352 3601 καὶ
3380 3548 3628 3618 τιμώσης
3660 3550 3755 3602 καὶ
3782 3568 4014 3620 συνομο-

2420 3637 2682 3707 λογούσης
2702 3678 2717 3699 ,
2763 3640 2942 3703 καλῶς
2983 3640 3097 3709 ἔχει
3138 3641 3374 3710 μάλιστα
3406 3643 3503 3710 μὲν
3534 3644 3591 3694 ὲν
3623 3644 3770 3712 πάσῃ
3801 3646 4003 3713 πράξει

2418 3732 2607 3799 τηρεῖν
2634 3733 2725 3783 τὸν
2750 3733 2960 3802 καιρὸν,
2992 3734 3041 3784 εἰ
3064 3733 3109 3783 δ’
3132 3729 3224 3786 οὖν
3253 3734 3369 3785 ἀλλ’
3393 3733 3450 3785 ἐν
3476 3751 3536 3801 γε
3565 3739 3629 3803 τῇ
3656 3738 3796 3788 κατὰ.
3819 3740 4001 3804 γάμον

2422 3825 2791 3895 συναρμοστίᾳ
2832 3825 3019 3877 τοῦτον
3066 3827 3142 3895 μὴ
3184 3827 3462 3896 παρορᾷν·
3515 3828 3596 3879 δεῖ
3624 3828 3751 3896 γάρ,
3786 3830 3913 3881 ὅσον
3943 3832 4003 3882 ὲν

2421 3913 2530 3973 τοῖς
2558 3912 2699 3964 κατά
2723 3914 2813 3965 τὸν
2838 3914 2949 3983 βίον
2978 3916 3297 3985 πράγμασιν
3322 3918 3719 3983 ἀναγκαιοτέρα
3744 3920 3777 3988 ή
3796 3922 4005 3989 ἐπιχεί-

2422 4019 2597 4073 ρησις,
2628 4003 2879 4057 τοσοῦτον
2910 4006 3048 4074 μετά
3070 4005 3292 4077 γνώμης
3315 4008 3726 4077 ἀσφαλεστέρας
3753 4012 3849 4063 ἐπὶ
3883 4012 4011 4064 ταύ-

2420 4110 2520 4162 την
2550 4098 2773 4164 χωρεῖν.

2491 4185 2694 4237 Τούτου
2715 4187 2778 4255 δὴ
2801 4187 2986 4239 ἕνεκεν
3012 4189 3153 4240 κατά
3169 4188 3296 4251 τοὺς
3313 4189 3481 4241 πάλαι
3499 4189 3679 4253 καλῶς
3697 4192 4011 4256 συνειδότας

2423 4278 2551 4345 περὶ
2579 4276 2769 4329 τούτου
2806 4279 2897 4330 καὶ
2926 4280 3090 4347 νόμον
3119 4280 3377 4348 θεμένους
3408 4282 3620 4350 ἠμείςδί
3654 4282 4006 4350 θεσπίζομεν,

2426 4366 2693 4436 μηδαμῶς
2734 4368 3085 4421 συνίστασθαι
3124 4371 3417 4439 μνηστείαν
3461 4372 3551 4423 ἐπὶ
3595 4373 3807 4442 χρόνοις
3851 4375 4006 4427 ἐλάτ-

2420 4473 2539 4508 τοσι
2563 4458 2672 4509 τῶν
2694 4458 2854 4523 ἑπτὰ,
2884 4462 3018 4528 μήτε
3061 4461 3169 4529 μὴν
3212 4461 3627 4529 ίεροτελεστίαις
3658 4462 4007 4528 βεϐαιοῦσθαι

736 4570 936 4625 sponsa
1010 4553 1336 4615 duodecim,
1407 4566 1612 4620 sponso
1705 4566 1835 4604 vero
1909 4551 2322 4618 quattuordecim

2431 4547 2527 4617 τὴν
2567 4549 2861 4617 μνηστείαν
2889 4526 3002 4602 τοῦ
3040 4526 3488 4621 τρισκαιδεκάτου
3529 4526 3679 4616 ἔτους
3717 4556 4006 4626 ὲνδεούσης

740 4648 903 4701 annis
951 4646 1187 4708 minore,
1229 4643 1404 4698 sacris
1436 4643 1769 4697 ceremoniis
1797 4643 2173 4696 conﬁrmetur.
2211 4641 2311 4694 At-

734 4755 841 4809 que
872 4739 978 4792 lioc
1023 4738 1272 4808 quidem,
1317 4744 1583 4806 quantum
1614 4737 1681 4789 ad
1722 4750 2071 4790 communem
2125 4736 2308 4804 publi-

2418 4642 2516 4709 τῆς
2544 4638 2759 4709 νύμφης
2784 4678 2800 4703 ,
2839 4640 2934 4693 τοῦ
2957 4641 3013 4694 δὲ
3045 4643 3278 4711 νυμφίου
3306 4643 3397 4694 τὸν
3418 4646 4006 4713 τεσσαρεσκαιδέκατον

2427 4733 2502 4800 μὴ
2549 4730 2970 4801 διαμετροῦντος
2996 4749 3011 4765 ο
3083 4733 3222 4786 ἀλλά
3270 4733 3430 4786 τοῦτο
3480 4736 3580 4804 μὲν
3628 4737 4003 4810 ἀπηγόρευται

2052 4889 2138 4944 VA
2148 4889 2291 4945 Rle
2330 4889 2738 4946 LECTIONES.

791 5006 833 5039 “
862 5005 976 5060 Ecl.
1008 5004 1218 5072 incipit.
1322 5004 1367 5034 “
1402 5004 1514 5058 Ecl.
1543 5003 1757 5057 ἑαυτοῦ.

733 5074 943 5145 Ecloga:
957 5075 1217 5145 codices,
1243 5073 1490 5145 Codices.
1520 5074 1742 5145 _llec_te.
1803 5072 1974 5145 vulgo
2009 5074 2277 5143 μένοντος.

1860 5004 1905 5035 ⁸³
1929 5004 2003 5057 Ita
2039 5004 2150 5059 Ecl.
2180 5004 2352 5060 Codd.
2384 5007 2570 5059 ἀπειθ.
2611 5006 2669 5058 δὲ
2701 5006 2926 5074 ταύτην.
3009 5005 3053 5036 ⁸⁸
3083 5004 3195 5060 Ecl.
3222 5005 3433 5074 ὀφθείη.

2367 5075 2414 5107 ⁵⁸
2449 5076 2894 5146 Nonnulli_Eclog
2931 5076 3093 5146 codd.
3120 5077 3617 5146 παρόντα-αὑτόν.
3697 5080 3742 5108 ⁵⁷
3783 5082 3857 5132 Ita
3890 5082 4001 5135 Ecl.

3541 5008 3587 5040 “
3617 5008 3693 5061 ita
3758 5012 4002 5065 nonnulli

734 5141 1155 5224 Yulgorrpox)..u
1325 5142 1631 5224 iisbinEcl.
1663 5141 1799 5197 Nov.
1833 5141 1932 5207 56;
1964 5141 2139 5199 exstat
2164 5143 2306 5215 apud
2334 5145 2524 5202 Hann.
2546 5145 2639 5201 lib.
2660 5144 2814 5210 lV,it.
2838 5141 2888 5209 ιζ
2911 5144 3158 5215 pag.282.
3202 5141 3278 5177 ’δ’
3307 5146 3383 5199 Ita
3407 5162 3471 5200 ex
3501 5145 3614 5199 Ecl.
3647 5147 3735 5202 do.
3766 5149 3998 5223 Scrimg.

732 5212 1039 5276 δεκαετοῦς.
1115 5212 1157 5242 ⁸¹
1190 5213 1299 5267 Ecl.
1328 5213 1540 5284 incipit.

2240 5348 2473 5409 ΝΟΤΕ.

806 5464 917 5533 (95)
943 5461 1065 5533 \jid.
1120 5464 1204 5517 tit.
1242 5463 1297 5517 il‘.
1328 5462 1473 5518 Dein
1509 5464 1600 5531 jus
1617 5472 1796 5518 vocat.

807 5531 917 5601 (94)
944 5531 1010 5584 Et
1041 5532 1114 5586 ita
1134 5533 1411 5587 reducitur
1437 5534 1474 5586 I.
1501 5536 1587 5597 l4,
1613 5534 1665 5586 Π.
1699 5534 1773 5586 De
1789 5536 2032 5602 sponsal.
2067 5535 2306 5603 August.

736 5615 892 5655 antea
924 5604 1307 5672 constituerat.
1347 5619 1413 5657 nc
1449 5603 1625 5657 minor
1661 5620 1691 5657 ι
1724 5604 1886 5657 annis
1912 5619 2112 5672 sponsa
2138 5605 2308 5659 habe-

737 5681 906 5724 retur.
948 5671 1071 5726 Vid.
1096 5672 1251 5727 Dion.
1279 5673 1475 5725 Zunar.
1534 5673 1727 5727 Exstat
1759 5688 1887 5728 vero
1932 5671 2045 5728 liaec
2090 5672 2312 5729 Novella

738 5742 877 5811 apml
911 5740 1236 5811 llarmenop.
1264 5743 1317 5807 4,
1342 5743 1425 5795 tit.
1470 5743 1519 5805 Al,
1558 5742 1585 5811 §
1618 5743 1706 5795 ll.

809 5810 919 5878 (95)
957 5810 1197 5867 lniautia
1223 5813 1310 5868 his
1343 5815 1505 5868 anuis
1533 5810 1756 5876 desinit,
1790 5813 1845 5867 d.
1874 5815 1884 5863 Ι
1956 5812 2036 5879 Ιι,
2066 5812 2102 5866 l.
2136 5813 2187 5877 1,
2250 5811 2310 5866 Π.

2414 5467 2489 5549 ρο
2518 5467 2800 5549 administ.
2824 5474 2929 5522 tut.
2954 5468 3069 5531 l.5,
3105 5468 3168 5524 C.
3222 5470 3315 5539 qui
3365 5468 3573 5525 admin.
3629 5472 3665 5523 l.
3701 5467 3880 5532 18,6.
3922 5470 3998 5526 De

2409 5538 2533 5608 jure
2563 5538 2656 5590 lib.

2488 5606 2601 5675 (96)
2645 5605 2859 5660 Eccles.
2901 5622 2980 5659 ιιι.

2483 5675 2696 5743 (96-98)
2743 5676 2802 5728 ι).
2840 5677 2876 5730 ι.
2911 5675 3283 5745 l4,intelligit.

2488 5745 2665 5814 (99-1)
2704 5745 3115 5799 Matrimonium
3149 5745 3365 5798 {eruime
3403 5754 3529 5799 ante
3562 5747 3627 5800 12
3659 5764 3867 5803 annum
3889 5767 3993 5806 non

2402 5814 2772 5895 contrahunt,
2810 5816 3041 5870 masculi
3068 5825 3196 5871 ante
3228 5816 3314 5878 14,
3345 5816 3458 5871 L9.
3497 5817 3554 5870 Π.
3584 5818 3656 5873 De
3693 5834 3889 5886 spons.
