4176 6446
136 383 246 450 645

1223 381 1587 442 ΝῡνΕιιΕ
1616 377 2283 438 CONSTITUTIOXES.

3265 377 3374 439 646

132 515 257 558 τας.
313 498 471 550 Καλά
513 498 613 566 μὲν
640 495 833 559 ταῦτα,
863 497 898 549 ἃ
926 497 1043 547 θεῖα
1070 496 1274 566 rupi“
1303 495 1438 548 Θεοῦ
1470 496 1703 565 εἴρηται,

1808 492 2026 559 quidem
2053 489 2163 542 haec
2176 500 2228 543 et
2246 488 2450 549 divina,
2470 497 2657 558 utpote
2679 506 2800 560 quae
2829 507 2856 543 ιι
2881 490 2992 545 Deo
3026 495 3375 558 pronuntiata

133 591 198 639 ού
227 588 411 651 xcidit;
439 589 482 640 δ’
512 589 652 641 αὐτὰ
685 589 802 641 οὐδὲ
834 587 974 640 κατὰ
1001 589 1089 638 τὸν
1112 589 1254 640 θεῖον
1276 587 1476 640 σκοπὸν
1501 587 1551 638 οί
1577 603 1705 654 πραη

132 680 445 746 τεινόμενοι
490 679 722 731 ἐνταῦθα
756 679 858 746 τὴν
887 680 1092 731 τούτων
1119 679 1396 732 ποιοῦνται
1422 679 1703 746 πρότασιν.

134 768 199 819 Εἰ
251 771 354 836 μὲν
399 769 506 838 γὰρ
557 771 590 839 ἡ
640 769 904 838 μνηστεία
933 770 1186 837 τοιαύτην
1218 770 1380 831 σώζει
1407 769 1508 838 τὴν
1536 768 1707 821 κατά-

132 876 327 912 στιπιν
377 863 567 912 ὁποίαν
617 862 676 924 ἐξ
715 862 890 930 ἀρχῆς
935 864 966 930 ἠ
1007 861 1374 928 νυμφοστὸλος
1407 863 1707 930 παρέσχεν,

127 951 317 1010 ἄδικος
356 953 385 1001 ὁ
412 949 693 1019 χωρίζων,
745 950 840 1003 καί
871 950 972 1019 τὴν
1006 950 1213 1019 μέμψιν
1242 951 1306 1004 ού
1335 948 1625 1018 φεύξεταιο
1661 951 1711 1002 εί

126 1041 175 1090 δ’
204 1041 314 1093 ὑπὸ
363 1043 462 1110 τῆς
511 1042 710 1108 μανίας
750 1041 873 1094 οὐδὲ
909 1041 1156 1110 φθογγῆς
1187 1041 1335 1094 ἐστιν
1361 1040 1713 1110 ἀνθρωπίνης

127 1133 359 1184 ἀκούειν
388 1134 486 1199 τῆς
516 1133 831 1204 ἀνθρώπου,
867 1133 942 1202 μὴ
972 1134 1052 1186 ὅτι
1078 1150 1141 1199 γε
1167 1132 1328 1185 ἄλλου
1360 1131 1497 1192 τινὸς
1529 1134 1712 1200 τυχεῖν

127 1225 238 1274 τῶν
269 1226 373 1275 ὅσα
416 1225 680 1292 μνηστεία
719 1224 854 1292 πρὸς
889 1225 1104 1294 ίλαριαν
1135 1223 1456 1294 χαρίζεται,
1497 1225 1580 1273 τίς
1613 1223 1714 1272 ούκ

128 1316 387 1385 ἐθελήσει
428 1318 666 1372 διαλύειν
693 1318 793 1390 τὴν
819 1317 960 1372 οὕτω
987 1317 1193 1388 πικρὰν
1226 1317 1320 1370 καὶ
1353 1315 1586 1384 ηυκκτὴν
1618 1329 1712 1364 συ-

129 1425 368 1475 ευγιανς

200 1586 303 1636 Διά
353 1585 513 1638 τοῦτο
571 1585 922 1654 θεσπίζομεν,
982 1584 1092 1647 ῶς,
1149 1584 1373 1636 εἴποτε
1429 1581 1566 1650 μετά
1614 1580 1712 1651 τὴν

128 1675 422 1728 κοινωνίαν
472 1675 568 1728 τοῦ
613 1676 793 1743 γάμου
848 1674 981 1744 πρὸς
1021 1674 1219 1742 μανίαν
1257 1675 1291 1743 ὴ
1321 1672 1458 1742 γυνὴ
1485 1673 1713 1743 περιπέ-

332 1767 494 1836 μέχρι
554 1766 737 1834 τρίτου
796 1765 950 1828 ἔτους
1016 1765 1204 1835 φέρειν
1265 1764 1364 1834 τὴν
1421 1764 1710 1834 δυστυχίαν

130 1785 213 1819 σοι
240 1808 254 1829 ,

1808 585 1938 636 sint:
1954 597 2134 636 verum
2164 597 2272 634 non
2292 587 2460 645 recte,
2476 595 2653 649 neque
2671 584 2969 636 secundum
2993 583 3238 637 divinum
3257 599 3382 652 pro-

1809 673 2044 741 positum
2065 673 2151 727 hic
2173 675 2222 726 in
2243 673 2478 727 mcdimn
2511 671 2898 728 all‘cruntur.Si
2921 677 3066 729 enim
3096 676 3380 729 matrimo-

1812 767 1960 820 nium
1987 767 2144 819 talem
2164 776 2366 821 statum
2387 763 3096 835 conservaret,qualemejus
3111 768 3160 822 in
3175 765 3382 837 princi-

1811 856 1901 924 pio
1928 855 2170 924 pronuba
2201 855 2828 924 exhibuisset,quisqnis
2859 858 3380 928 separaret,impro-

1811 947 1914 1000 bus
1945 948 2190 1018 profecto
2219 955 2389 1009 esset,
2433 963 2610 1016 neque
2661 947 3146 1016 reprehensionem
3179 948 3379 1021 ειτηερ-

1812 1049 1890 1092 ret
1918 1055 1932 1103 ;
1959 1040 2071 1109 jam
2098 1053 2231 1093 vero
2252 1052 2376 1092 cum
2409 1053 2517 1108 prae
2567 1040 2752 1094 lurore
2807 1054 2876 1094 ne
2926 1053 3119 1094 vocem
3158 1043 3382 1110 quidem

1814 1130 2103 1184 humanam
2131 1143 2162 1181 a
2189 1130 2415 1184 muliere
2443 1129 2654 1194 audias,
2686 1131 2886 1185 nedum
2905 1131 3053 1187 aliud
3077 1134 3383 1204 quidquam

1811 1233 2022 1272 eorum.
2054 1233 2175 1287 quae
2213 1221 2280 1273 ad
2315 1220 2778 1274 oblectamentum
2814 1230 2867 1274 et
2902 1221 3234 1277 hilaritatem
3262 1238 3383 1277 ma-

1814 1317 2136 1364 trimonium
2197 1314 2449 1382 largitur,
2500 1312 2568 1366 ab
2615 1312 2707 1364 Illa
2761 1312 3034 1380 obtineas,
3079 1331 3207 1384 quis
3246 1315 3386 1369 adeo

1813 1401 2071 1454 acerbum
2099 1402 2543 1471 horrendumque
2569 1402 2980 1456 matrimonium
3003 1402 3260 1456 dirimere
3289 1420 3386 1458 no-

1813 1489 1924 1544 ltt?

1884 1585 1958 1638 Ea
1994 1595 2211 1652 propter
2241 1598 2543 1645 sancimus,
2581 1596 2658 1646 ut,
2691 1585 2736 1638 si
2764 1585 2981 1653 quando
3015 1594 3136 1654 post
3181 1585 3384 1640 initum

1813 1674 2223 1729 matrimonium
2253 1675 2449 1726 mulier
2504 1676 2558 1728 in
2598 1675 2840 1728 furorem
2893 1676 3119 1738 incidat,
3149 1676 3214 1728 ad
3274 1687 3384 1731 tres

1815 1780 1988 1820 annos
2029 1764 2392 1818 infortunium
2449 1767 2680 1819 maritus
2729 1765 2888 1831 ferat,
2949 1767 3384 1835 maestitiamque

129 1860 221 1910 τὸν
252 1835 427 1925 ἄνδρα
466 1860 561 1911 καὶ
596 1857 695 1925 τῆς
729 1857 1028 1926 κατηφείας
1059 1856 1358 1909 ἀπολαύειν
1382 1895 1397 1920 ,
1437 1856 1534 1908 καὶ
1565 1855 1617 1908 ετ
1643 1872 1703 1923 γε

1813 1859 2044 1912 toleret:
2084 1866 2136 1910 et
2171 1857 2278 1910 nisi
2313 1857 2520 1910 interea
2565 1857 2824 1926 temporis
2854 1857 2923 1910 ab
2956 1857 3064 1910 isto
3120 1859 3264 1911 malo
3294 1859 3385 1913 illa

131 1953 206 2019 μὴ
237 1953 297 2002 ὲν
323 1951 502 2020 χρόνῳ
525 1951 766 2016 τοσούτῳ
781 1949 934 2010 λύσις
955 1949 1040 2019 εἴη
1065 1948 1158 2000 τοῦ
1188 1947 1382 2010 κακοῦ,
1412 1949 1544 2017 μηδὲ
1570 1948 1708 2017 πρὸς

125 2045 227 2102 τὰς
247 2041 461 2101 οἰκείας
491 2037 777 2092 ἐπανέλθοι
813 2037 1018 2108 φρένας
1041 2038 1075 2106 ἡ
1104 2037 1204 2107 τὴν
1234 2037 1428 2106 μανίαν
1455 2039 1705 2100 νοσοῦσα,

127 2134 435 2194 τηνικαυτα
491 2129 819 2183 διασπᾶσθαι
878 2131 978 2198 τὴν
1035 2129 1318 2181 κοινωνίαν
1346 2131 1440 2180 καὶ
1479 2133 1578 2196 της
1614 2129 1708 2181 ἀν-

127 2224 392 2275 υποίστου
426 2222 709 2291 συμφορᾶς
732 2219 1147 2288 ὲλευθερούσθαι
1171 2219 1262 2270 τὸν
1287 2218 1475 2289 ἄνδρα.
1511 2219 1707 2270 Τοσοῦ-

127 2330 219 2364 τον
262 2312 783 2382 προσδιοριζομένου
845 2309 939 2361 τοῦ
987 2309 1379 2377 θεσπισματος,
1439 2308 1580 2361 ὥστε
1636 2309 1706 2360 δι’

128 2404 362 2472 ἐρεύνης
425 2404 524 2472 τὴν
575 2402 771 2472 μανίαν
817 2403 910 2453 καὶ
959 2400 1260 2464 ἰξετάσεως
1294 2399 1564 2468 γίνεσθαι,
1597 2401 1705 2467 μή-

127 2517 257 2552 ποτε
289 2498 414 2552 κατ’
447 2498 742 2567 ἐπιϐουλὴν
770 2496 927 2565 ὤφθη
956 2497 1197 2549 συστᾶσα
1251 2496 1285 2564 ἢ
1321 2494 1486 2547 αὑτοῦ
1519 2510 1583 2561 γε
1611 2493 1704 2546 τοῦ

126 2593 320 2661 ἀνδρὸς
351 2592 384 2659 ἢ
420 2589 529 2643 τῶν
559 2590 751 2658 ἐκείνῳ
785 2589 906 2641 κατ’
937 2589 1247 2657 οίκειότητα
1285 2586 1704 2656 συναπτομένων

126 2684 159 2750 ἡ
191 2699 356 2733 τινων
391 2681 624 2751 ἑτέρων·
681 2681 756 2741 ὼς
794 2681 847 2731 ετ
881 2695 943 2746 γε
977 2679 1022 2710 ⁸³
1046 2678 1284 2732 τοιοῦτόν
1315 2695 1368 2730 τι
1399 2677 1702 2747 φωραθείη,

125 2777 171 2824 εἰ
193 2775 258 2825 ὲκ
291 2773 640 2842 κακουργίας
658 2771 752 2824 τοῦ
791 2771 1003 2838 ἀνδρὸς,
1031 2771 1222 2822 τοῦτον
1250 2770 1506 2838 ὁρίζομεν
1535 2787 1707 2838 τιμω⁴

129 2865 247 2930 ρίαν
284 2863 556 2932 τῆςίὸίας
593 2863 847 2930 ὑποσχεῖν
872 2861 1074 2923 κακίας
1108 2861 1201 2912 τὸν
1232 2862 1310 2922 είς
1356 2861 1451 2912 τὸν
1493 2860 1704 2930 μονήρη

129 2954 242 3020 βίον
309 2951 856 3020 μετασχηματισμὸν,
905 2949 998 3002 καὶ
1058 2950 1283 3012 ἄκοντος
1337 2948 1504 3001 αὑτοῦ
1550 2966 1707 3018 μονα·

129 3045 337 3113 στηρίῳ
363 3042 810 3114 περιοριζομένου
836 3043 930 3093 καὶ
958 3044 1024 3110 τῇ
1057 3041 1120 3093 ἐκ
1141 3041 1248 3092 τῶν
1280 3040 1440 3109 ίερῶν
1468 3040 1704 3092 κανόνων

128 3134 570 3202 ύποῦαλλομένου
623 3132 724 3201 τῆς
783 3131 958 3201 ψυχῆς
1008 3129 1382 3200 θεραπείαέί
1411 3129 1455 3182 δ’
1495 3131 1559 3182 ὲκ
1595 3127 1705 3181 τῶν

126 3224 408 3291 συγγενῶν
435 3215 602 3292 ἦλθεν
637 3223 671 3290 ὴ
710 3220 880 3289 βλάὀη
914 3220 947 3289 ἢ
981 3218 1245 3288 ἑτέρωθεν
1284 3218 1446 3270 ποθεν
1484 3219 1578 3270 καὶ
1601 3220 1700 3270 αύ-

125 3313 216 3364 ὀὖ
257 3329 288 3363 σ
362 3329 385 3362 ε
413 3311 563 3373 δύος
605 3308 698 3360 τοῦ
752 3308 943 3377 ἀνδρὸς
982 3307 1048 3371 ⁸⁵,
1079 3308 1204 3369 τοὺς
1238 3308 1334 3375 μὲν
1366 3307 1700 3376 αὐτουργοὺς

123 3406 220 3473 τῆς
243 3401 516 3471 πονηρίας
557 3407 676 3462 ταις
708 3401 773 3452 ὲκ
805 3416 914 3452 των
945 3399 1127 3468 νόμων
1142 3419 1188 3450 υ-
1219 3398 1450 3466 ἁγεσθαι
1481 3400 1700 3451 κελευο-

129 3513 227 3564 μεν
255 3493 573 3563 τιμωρίαις,
622 3489 978 3559 τιμωρεῖσθαι
1029 3489 1085 3540 δὲ
1149 3491 1243 3541 καὶ
1298 3490 1389 3541 τὸν
1425 3491 1592 3560 ἄνδρα
1633 3493 1699 3561 τῇ

123 3590 230 3640 τῶν
254 3585 474 3639 οίκείων
536 3581 822 3652 ἀφαιρέσει
872 3581 1232 3650 πραγμάτων,
1283 3579 1318 3632 ἃ
1352 3581 1533 3652 δεήσει
1567 3582 1700 3650 πρὸς

125 3675 479 3747 παραμύθιον
512 3675 656 3742 ζωῆς
676 3673 774 3742 τῆς
801 3670 1324 3740 ὲπιὸεὸουλευμένης
1354 3673 1698 3742 ἀφωρίσθαι,

123 3771 404 3839 ᾶαμένειν
424 3767 481 3820 δὲ
503 3765 665 3819 αὑτὸν
715 3765 760 3794 ⁸⁸
813 3763 907 3816 καὶ
965 3761 1054 3814 διὰ
1106 3761 1222 3830 βίου
1291 3763 1478 3831 ἑτέρου
1522 3764 1698 3833 γάμου

125 3862 528 3926 ἀκοινώνητονο
584 3856 634 3907 εί
679 3854 733 3906 δὲ
775 3854 869 3906 καὶ
917 3853 1179 3923 τολμήσει
1243 3854 1375 3923 πρὸς
1419 3872 1698 3908 κοινωνιαν

125 3949 486 4017 καταστῆναι,
525 3946 619 3999 καὶ
663 3945 864 3997 ἄκοντα
898 3945 1033 4012 πρὸς
1071 3943 1160 3996 τὸν
1201 3943 1402 4012 μονάδα
1431 3949 1715 4013 μετασχη-’

129 4035 460 4110 ματιζεσθαι
495 4037 630 4107 βίον,
655 4035 776 4088 Τῶν
807 4035 1058 4105 μέντοιγε
1089 4033 1186 4102 τὴν
1222 4034 1554 4102 κακουργίαν
1600 4052 1699 4086 πε·

124 4131 444 4200 ποιημένων
486 4130 751 4197 ἀμέτοχος
794 4124 1050 4188 καθάπαξ
1083 4125 1372 4194 ὑπάρχων,
1408 4125 1501 4176 καὶ
1535 4125 1700 4193 μηδὲν

125 4225 260 4294 πρὸς
289 4221 390 4292 τὴν
422 4220 522 4289 τῆς
556 4220 812 4287 γυναικὸς
845 4217 1136 4285 ἐπιϐουλὴν
1174 4216 1206 4286 ἢ
1253 4217 1629 4285 αὑτουργήσας
1664 4218 1696 4288 ἢ

123 4319 303 4378 ἄλλοις
322 4313 782 4385 πονηρευομένοις
809 4310 1239 4378 συνδιεγνωκὼς,
1263 4312 1526 4380 κρείττων
1548 4311 1699 4363 ἔσται.

126 4417 216 4462 καὶ
248 4406 526 4478 τιμωρίας
566 4405 662 4458 καὶ
716 4403 918 4472 ζημίας
946 4404 1014 4465 ⁸⁸,
1042 4403 1137 4456 καὶ
1165 4403 1302 4470 μετά
1342 4401 1699 4471 παραδρομὴν

1812 1950 2094 2013 liberetur,
2126 1963 2302 2016 neque
2335 1948 2402 2002 ad
2439 1959 2675 2004 mentem
2707 1948 2915 2012 redeat,
2949 1957 3080 2004 tunc
3103 1952 3387 2006 matrimo-

1812 2041 1962 2094 nium
1994 2040 2304 2094 divellatur.
2334 2043 2676 2108 mat-ilusque
2704 2037 2774 2093 ab
2803 2041 3134 2095 intolerabili
3180 2041 3271 2095 illa
3291 2055 3385 2096 ca-

1815 2130 2057 2183 lamitate
2088 2141 2429 2183 exoneretur.
2473 2129 2574 2182 Cui
2618 2131 2890 2183 sanetioni
2940 2131 3045 2184 hoc
3093 2132 3384 2199 adjicimus

1815 2231 1873 2274 ut
1915 2221 2116 2274 furoris
2161 2235 2326 2274 causa
2360 2221 2739 2291 imestigetur,
2779 2222 2831 2274 in
2872 2236 3103 2291 eamque
3137 2225 3381 2292 inquira-

1809 2320 1939 2375 tur,
1984 2327 2112 2364 num
2173 2312 2310 2366 forte
2369 2313 2573 2373 mariti,
2631 2322 2723 2367 aut
2774 2313 2892 2382 ipso
2946 2315 3169 2369 conscio
3221 2313 3382 2386 fanu-

1809 2404 2024 2457 liarium
2054 2409 2176 2472 ejus
2209 2405 2511 2459 aliorumve
2535 2405 2908 2474 quorumlibet
2971 2406 3186 2460 technis
3216 2414 3381 2474 atque

1807 2493 1932 2548 dolo
1965 2496 2037 2549 sit
2066 2494 2358 2548 conﬂatus.
2394 2494 2550 2558 Quod
2577 2497 2621 2549 si
2659 2496 2735 2547 sic
2762 2509 2887 2548 esse
2910 2495 3378 2563 deprehendatur,

1807 2593 1862 2638 et
1889 2585 2109 2654 quidem
2129 2587 2357 2638 maritus
2379 2585 2593 2652 (18-21)
2618 2585 2865 2640 maleficii
2886 2595 3185 2656 arguatur:
3217 2598 3274 2638 ιιι
3295 2587 3384 2639 hic

1809 2674 1865 2726 in
1933 2674 2260 2726 monachum
2313 2674 2763 2738 transformatus,
2817 2675 3126 2744 nolensque
3190 2676 3384 2730 volens

1811 2763 2143 2818 monasterio
2199 2764 2472 2827 inclusus,
2526 2766 2788 2834 nequitiae
2846 2782 2960 2821 suae
2991 2782 3182 2836 pmnas
3246 2768 3380 2829 luat.

1811 2857 2166 2926 manantique
2218 2873 2280 2910 ex
2339 2857 2514 2911 sacris
2548 2857 2858 2912 canonibus
2881 2859 3076 2913 anima:
3105 2860 3382 2914 curationi

1811 2948 2090 3016 subjectus
2126 2950 2218 3007 sit,
2249 2947 2623 3002 decernimus.
2660 2951 2723 3002 At
2751 2949 2798 3002 si
2839 2964 2869 3001 a
2901 2950 3152 3019 cognatis
3185 2950 3379 3018 ipsius,

1811 3049 1906 3092 aut
1929 3041 2148 3092 aliunde
2206 3041 2324 3108 ipso
2355 3043 2580 3094 conscio
2618 3056 2763 3094 noxa
2803 3053 2923 3095 orta
2979 3042 3070 3106 sit,
3103 3042 3384 3096 malclicos

1811 3131 1988 3201 pmnis
2062 3133 2325 3202 legalibus
2382 3135 2578 3202 subjici
2646 3135 2930 3203 jubcmus,
3010 3136 3380 3205 maritumque

1815 3228 1993 3292 ipsum
2043 3226 2119 3276 rei
2167 3223 2452 3279 familiaris
2509 3225 2985 3280 administratione
3034 3225 3256 3291 privari,
3323 3235 3382 3279 ut

1807 3313 2124 3366 insidiarum
2154 3329 2289 3382 quas
2312 3316 2500 3368 alienae
2541 3316 2662 3368 vita:
2686 3315 2909 3376 struxit,
2940 3316 3032 3369 det
3060 3331 3270 3384 poenas,
3303 3317 3378 3371 ita

1803 3413 1862 3457 ut
1890 3420 1983 3473 per
2010 3407 2272 3474 reliquam
2301 3417 2466 3460 vitam
2491 3408 2765 3460 connubio
2794 3422 2853 3461 se
2881 3406 3175 3471 abstineat,
3201 3416 3256 3462 et
3286 3409 3377 3461 ubi

1802 3496 2078 3548 contraire
2095 3511 2263 3550 ausus
2285 3495 2469 3559 fuerit,
2503 3496 2568 3548 ad
2593 3497 2841 3551 caelibem
2866 3496 3035 3549 vitam
3064 3497 3145 3551 vel
3176 3499 3378 3552 invitus

1805 3587 2099 3656 redigatur.
2149 3588 2243 3642 Sin
2296 3599 2474 3643 autem
2523 3589 2747 3644 sceleris
2781 3588 3059 3643 commissi
3105 3592 3378 3660 particeps

1805 3694 1911 3734 non
1936 3688 2043 3742 est,
2080 3680 2125 3732 si
2155 3682 2342 3738 uxoris
2389 3683 2510 3734 vita:
2546 3681 2678 3734 nihil
2731 3680 3022 3735 insidiatus
3048 3691 3153 3742 est,
3198 3698 3376 3753 neque

1805 3768 1871 3821 iis
1902 3769 1993 3836 qui
2031 3771 2076 3822 ei
2116 3770 2349 3824 insidias
2393 3779 2679 3838 pararunt,
2707 3774 2966 3826 conscius
3015 3782 3121 3834 est.
3155 3789 3374 3843 pmnam

1804 3860 2036 3928 patietur
2082 3862 2310 3925 nullam,
2362 3863 2470 3916 imo
2515 3871 2636 3932 post
2697 3865 2915 3919 tertium
2978 3867 3103 3921 inde
3133 3883 3162 3920 a
3195 3869 3378 3921 soluto

1804 3951 2154 4005 matrimonio
2221 3968 2424 4006 annum
2468 3971 2607 4008 novo
2658 3971 2718 4010 se
2755 3958 3100 4013 matrimonio
3146 3960 3379 4029 jungete

1806 4039 2025 4108 impune
2059 4043 2278 4110 poterit.
2326 4043 2516 4097 Trium
2579 4048 2804 4114 proinde
2845 4049 3062 4101 Illorum
3106 4064 3378 4104 annorum

1807 4131 1919 4184 hanc
1957 4133 2061 4184 erit
2101 4133 2260 4184 ratio.
2296 4133 2479 4186 Primo
2508 4135 2728 4204 quidem
2771 4152 2915 4191 anno
2963 4140 3105 4192 vivet
3140 4147 3193 4192 et
3225 4139 3379 4193 habi-

1805 4222 1938 4273 ι.ιΙ›ιι
1967 4236 2090 4274 cum
2118 4223 2352 4292 conjuge
2372 4225 2591 4288 misera,
2621 4225 2691 4278 ita
2710 4227 2928 4294 quidem
2953 4228 3165 4286 utiuihil
3195 4228 3373 4282 intert-

1804 4320 1976 4364 tatum
2013 4315 2284 4382 relinquat
2305 4316 2448 4383 quod
2473 4317 2733 4385 adipsius
2763 4321 3103 4374 sanationem
3124 4320 3377 4375 conferre

1805 4405 2003 4472 possit.
2051 4405 2280 4460 Biennio
2335 4409 2608 4476 sequenti,
2655 4410 2700 4464 si
2746 4411 2969 4466 morbus
3035 4413 3373 4466 medicorum

123 4502 214 4554 τοῦ
240 4501 430 4570 τρίτου
459 4497 609 4560 ἔτους
643 4497 898 4563 λυθείσης
948 4497 1045 4564 τῆς
1083 4494 1364 4576 συζυγίας,
1405 4493 1695 4556 ἀκωλύτως

1808 4500 1908 4552 arti
1965 4498 2196 4562 resistit,
2239 4500 2528 4569 conjugem
2575 4501 3078 4569 poteritdcserere.
3121 4504 3371 4557 cmlibcm

125 4594 257 4657 πρὸς
322 4593 503 4660 γάμον
563 4589 720 4643 ἄλλον
787 4585 1161 4639 συναπτέσθω.
1197 4578 1461 4654 Λήψεται
1515 4585 1570 4638 δὲ
1638 4587 1698 4638 τὸ

126 4687 228 4736 τῶν
262 4683 434 4752 τριῶν
468 4681 604 4731 ὲτῶν
632 4677 887 4746 τοιαύτην
909 4676 1029 4728 τινὰ
1053 4676 1514 4745 τῷπαραμένοιτι
1546 4677 1699 4746 ἀνδρὶ

125 4776 219 4843 τὴν
251 4774 609 4826 κατάστασιν.
667 4771 740 4821 Τὸ
794 4771 893 4837 μὲν
935 4764 1027 4821 οὖν
1068 4769 1125 4820 ἓν
1162 4769 1279 4830 έτος
1312 4768 1352 4798 ⁸⁷
1385 4769 1699 4821 συνδιαιτῶν

127 4885 216 4918 και
261 4882 530 4918 συνοικων
584 4863 680 4915 καὶ
731 4861 1435 4929 συνδιαταλαιπωρουμενος
1481 4862 1572 4912 καὶ
1602 4859 1701 4929 τὴν

126 4959 485 5025 ὀφειλομένην
537 4956 680 5007 ῐασιν
739 4952 874 5022 πρὸς
927 4952 1069 5004 ἴασιν
1130 4951 1225 5003 τοῦ
1299 4953 1499 5003 οἰκείου
1551 4955 1697 5022 πάσῃ

1802 4591 1968 4642 \itam
1997 4600 2246 4645 acturus.
2274 4590 2371 4644 Ubi
2411 4604 2589 4645 autem
2622 4594 2782 4647 tertio
2812 4610 3032 4663 quoque
3063 4610 3210 4660 anno
3225 4611 3374 4648 mor-

1808 4681 1912 4735 bus
1971 4698 2077 4734 non
2117 4683 2362 4743 cessarit,
2407 4683 2474 4736 ad
2529 4684 2797 4738 secundas
2872 4701 3097 4754 pergere
3151 4687 3372 4752 unptias

1804 4773 2024 4842 poterit.
2086 4772 2146 4823 Et
2203 4773 2316 4825 haec
2384 4773 2605 4840 quidem
2667 4775 2735 4828 de
2784 4776 3021 4830 divortio
3073 4777 3373 4844 alterisque

1803 4866 2030 4935 nuptiis.
2056 4866 2207 4929 Quod
2233 4880 2276 4918 sn
2299 4867 2488 4920 mulier
2513 4867 2716 4921 furiosa
2741 4878 2991 4937 pare-itcs
3015 4870 3206 4922 habeat
3233 4881 3371 4924 (‘00-.

1801 4959 2139 5019 sobrinus-vc,
2161 4955 2226 5008 ad
2254 4957 2419 5010 hosce
2441 4959 2771 5028 perducetur
2802 4970 2986 5026 utpote
3015 4961 3136 5029 ejus
3161 4967 3370 5015 tutores

1428 5109 1658 5163 V.\|ll.‘E
1703 5111 2102 5165 LI'ICTIONES‘.

197 5287 447 5343 “Zuiclt.
481 5286 700 5359 Meer_m.
736 5287 830 5340 καὶ
862 5287 1028 5359 παρὰ.
1064 5283 1214 5338 llaud
1245 5290 1422 5354 inepte
1495 5287 1541 5318 "
1571 5288 1700 5358 Agyl

1843 5290 1940 5359 μέν
1971 5293 2084 5341 vult
2109 5293 2232 5358 legi.

2320 5292 2361 5318 ⁵³
2394 5290 2545 5357 Apud
2575 5289 2810 5356 Serimg.
2833 5284 3118 5354 sequentia
3143 5282 3361 5357 desunt.

129 5359 467 5430 Supptentur
497 5375 577 5430 exq
606 5357 801 5430 Ζιιίςίιἐ
833 5354 1173 5430 e_t_Meertn_.,
1215 5360 1305 5424 qui
1332 5373 1425 5430 Aea
1457 5354 1742 5430 perperam
1798 5354 2241 5430 ﬁiiattgenbcrgio
2273 5369 2408 5412 teste
2443 5354 2794 5414 'iutet'calan't
2832 5357 3065 5410 Novella:
3093 5354 3356 5424 sequenti.

128 5433 173 5460 ”
193 5425 634 5484 οὑι1ι1.δυνατόν.
684 5428 729 5457 ⁸⁸
764 5428 910 5481 Codd
946 5427 1211 5495 τιμωρίαν
1262 5425 1354 5478 καὶ
1396 5425 1619 5496 ζημίαν.

1711 5431 1754 5458 ⁵⁷
1797 5429 1954 5481 Fonte
2005 5430 2173 5482 ἔσται.

1645 5587 1684 5640 Ν
1692 5587 1780 5642 OT
1790 5589 1850 5641 ,ίΙέ
1862 5629 1873 5641 .

199 5729 405 5799 (18%|)
439 5727 588 5780 Adde
621 5724 752 5781 Nov.
785 5726 873 5792 22,
907 5745 956 5780 e.
1028 5726 1108 5784 l5,
1142 5729 1166 5793 ᾗ
1200 5728 1245 5790 l,
1273 5728 1325 5786 5,
1371 5727 1404 5780 1.
1437 5726 1488 5780 ίῘ.
1524 5729 1586 5782 ad
1628 5731 1662 5783 l.
1696 5729 1968 5782 (Iornultn
2012 5730 2256 5783 Sirarns.
