4176 6446
173 382 273 443 δίθ

1262 386 1621 446 ΝΟιἚιιΕ
1660 386 2338 449 CONSTITUTIONES.

3309 403 3413 466 (350

171 500 258 546 καὶ
287 496 363 563 μὴ
389 497 486 563 τῆς
520 497 891 568 ταλαιπωρίας
923 499 1210 566 οἰκτείρειν
1241 499 1432 560 αύτόνς
1463 499 1650 566 ῶσπερ
1691 498 1742 549 εἰ

1848 497 1995 562 Quod
2043 502 2264 567 perinde
2325 505 2438 572 (:25)
2491 509 2581 568 sil,
2618 520 2779 578 atque
2804 513 2847 566 si
2899 513 3043 580 quis,
3098 516 3410 581 priusquam

167 604 250 648 τις
284 587 381 638 καὶ
411 586 517 654 πρὸ
543 587 640 654 μὲν
668 587 761 639 τοῦ
796 587 933 658 νόσῳ
986 589 1254 656 ληφθῆναί
1282 606 1402 641 τινα
1431 590 1539 641 δεῖν
1567 589 1738 641 οἴεται

167 677 471 745 προσάγειν
528 694 626 746 την
680 679 1021 746 ἐπιμέλειαν,
1077 679 1480 748 κατασχεθέντα
1523 681 1580 732 δὲ
1610 681 1736 749 θνή-

166 785 321 819 σκειν
341 771 457 837 ὲᾷν,
486 769 867 838 ἀπαγορεύσας
914 771 1012 838 τὴν
1060 772 1375 841 θεραπείαν.
1425 773 1583 826 Ἀλλά
1607 773 1737 840 γὰρ,

163 858 305 927 ὅπερ
332 854 508 922 εἷπον,
566 859 977 927 ἐπιμέμφεσθαι
1016 862 1118 929 μὲν
1157 865 1270 925 τοῖς
1296 863 1610 931 νομοθέταις
1638 863 1738 915 οὑκ

163 950 295 1015 ἔχω,
332 949 624 1018 σύμψηφος
649 951 705 1004 δὲ
755 953 962 1014 τούτοις
995 949 1134 1006 εἶναι
1166 954 1360 1006 πολλοῦ
1400 971 1462 1020 γε
1493 955 1588 1008 καὶ
1612 955 1736 1018 δέω,

165 1042 262 1094 καὶ
295 1043 531 1108 μάλιστα
563 1044 773 1097 πολλῶν
804 1047 1007 1116 ἑτέρων
1031 1047 1248 1115 τρόπων
1278 1047 1412 1116 πρὸς
1444 1049 1736 1118 μνηστείας

164 1130 324 1184 λύσιν
383 1133 839 1203 διατεταγμένων,
891 1131 966 1190 ὧν
1022 1139 1196 1200 οὐδεὶς
1237 1139 1372 1207 πρὸς
1404 1140 1465 1190 τὸ
1505 1139 1738 1207 χαλεπὸν

161 1222 268 1290 τῆς
303 1224 500 1291 μανίας
561 1227 641 1289 εἰς
702 1227 989 1296 σύγκρισιν
1025 1229 1214 1290 ίκανδς
1243 1230 1288 1260 ⁸⁸
1321 1230 1631 1297 παρελθεῖν.
1666 1231 1739 1283 Τδ

163 1314 274 1382 γὰρ
305 1313 396 1366 διά
433 1315 532 1384 τὴν
559 1315 654 1369 τοῦ
680 1319 984 1388 μνηστῆρος
1015 1320 1301 1382 ἀσωτείαν,
1334 1321 1366 1390 ῆ
1395 1322 1481 1374 διὰ
1506 1325 1564 1374 τὸ
1598 1324 1739 1377 κατά

162 1405 264 1473 τὴν
288 1407 475 1460 πίστιν
510 1409 787 1480 διάφορον,
820 1411 854 1480 ἢ
899 1411 987 1464 διὰ
1013 1413 1073 1464 τὸ
1096 1414 1232 1483 πρὸς
1254 1414 1468 1484 ὁμιλίαν
1495 1416 1594 1486 τὴν
1633 1434 1736 1484 φυ-

166 1497 330 1565 σικὴν
359 1497 566 1569 ἄπορον
625 1501 718 1553 καὶ
765 1503 1159 1572 ἀνεπιτήδειον,
1221 1507 1313 1556 καὶ
1360 1507 1410 1557 εῖ
1456 1523 1508 1558 τι
1551 1508 1738 1576 ἕτερον

164 1588 381 1649 τούτοις
406 1590 817 1658 συναριθμεῖται
845 1595 1182 1662 κεκτημένον
1209 1596 1359 1663 ἰσχὺν
1386 1598 1522 1664 πρὸς
1561 1603 1738 1665 γάμου

164 1675 459 1739 διάζευξιν,
496 1673 606 1730 οἷον
633 1680 680 1730 εί
722 1681 764 1711 ⁸⁷
819 1680 1071 1750 δουλικῆς
1115 1683 1463 1751 ἀναφαίνοιτο
1507 1687 1676 1756 τύχης
1711 1690 1740 1740 ὁ

168 1768 632 1838 μνηστευόμενος,
671 1772 719 1823 εί
752 1771 861 1824 τῶν
901 1774 1294 1844 ὑπεσχημένων
1343 1777 1402 1828 ὲν
1432 1780 1545 1840 τοῖς
1573 1797 1740 1848 γαμιο

169 1860 285 1918 xo’t;
311 1859 626 1928 συμφώνοις
645 1862 702 1928 ἐξ
726 1863 957 1933 ἀπορίας
994 1865 1070 1934 μὴ
1097 1866 1340 1936 πρόεισιν
1373 1870 1404 1936 ἠ
1441 1869 1740 1934 τελείωσις,

167 1949 344 2002 ταῦτα
369 1947 464 2004 οὖν
494 1953 588 2004 καὶ
644 1954 708 2005 τα
770 1955 1146 2024 παραπλήσια,
1191 1957 1227 2010 ἃ
1266 1959 1311 1990 ⁸⁸
1343 1959 1741 2030 διανενόμισται

165 2043 264 2111 τὴν
294 2043 540 2115 γαμικὴν
574 2047 858 2099 κοινωνίαν
889 2047 1146 2114 διαλύειν,
1179 2049 1283 2102 ποῦ
1313 2049 1449 2119 πρὸς
1470 2052 1568 2121 τὴν
1601 2071 1742 2122 συμ-

167 2135 344 2200 φορὰν
415 2136 516 2205 τῆς
581 2138 782 2207 μανίας
844 2138 981 2202 ὅλως
1031 2139 1131 2211 τῆν
1204 2141 1492 2212 σύγκρισιν
1552 2144 1744 2197 ἀναδέ-

166 2245 322 2295 χεται
344 2245 359 2291 ;

234 2320 545 2390 Τοιγαροῦν
604 2320 932 2393 θεσπίζομεν
976 2326 1138 2394 ἡμεῖς
1190 2327 1449 2396 περὶτῆς
1489 2327 1627 2397 μετὰ
1655 2328 1746 2381 τὸν

169 2410 347 2478 γάμον
401 2413 734 2482 ἐπελθούσης
778 2415 1011 2483 μανίας,
1075 2417 1214 2470 ὥστε
1268 2415 1354 2485 ἐφ’
1405 2418 1547 2481 ὅλοις
1601 2419 1745 2471 ἔτεσι

167 2501 329 2552 πέντε
359 2504 489 2565 τοὺς
537 2507 977 2574 συναπτομένους
1039 2508 1114 2576 μὴ
1155 2507 1602 2576 διαζεύγνυσθαι·
1652 2511 1746 2564 καὶ

168 2596 275 2661 γαρ
301 2593 497 2663 ῶσπερ
535 2596 596 2646 τὸ
655 2596 729 2665 μὴ
759 2597 847 2649 διὰ
879 2597 996 2665 βίου
1047 2599 1496 2670 θεραπευομένης
1519 2600 1619 2668 τῆς
1651 2619 1747 2671 μα-

167 2686 284 2746 νίας
316 2685 516 2737 ἀλυτον
551 2685 692 2738 εῖναι
718 2687 808 2739 τὸν
839 2687 1016 2756 γάμον
1055 2687 1230 2757 βίαιον
1269 2688 1447 2758 ῶφθη,
1475 2691 1618 2742 οὕτω
1653 2694 1746 2745 καὶ

166 2776 283 2841 ὴὲν
321 2776 562 2845 τοσούτῳ
619 2776 794 2846 χρόνῳ
845 2781 1086 2848 ἁναμονὴ
1134 2781 1228 2832 καὶ
1271 2784 1746 2851 προσκαρτέρησις

168 2867 446 2932 ἀναγκαία
475 2867 622 2921 ἐστίν
642 2883 656 2896 ’
687 2870 735 2920 εἰ
767 2869 824 2922 δὲ
861 2871 1001 2937 μετά
1022 2871 1122 2939 τὴν
1153 2873 1249 2923 τοῦ
1271 2874 1522 2926 τοσούτου
1555 2876 1746 2943 χρόνου

169 2958 422 3024 περίοδον
483 2959 559 3027 μὴ
593 2958 816 3027 γένηταί
855 2977 938 3021 τις
989 2961 1275 3030 ἀπαλλαγὴ
1301 2963 1399 3030 τῆς
1431 2964 1745 3032 δυστυχίας.

171 3049 304 3115 μηδὲ
355 3049 493 3115 πρὸς
544 3049 996 3120 ἁνασωφρόνησιν
1045 3053 1073 3102 ὁ
1121 3051 1379 3120 μεμηνὼς
1421 3053 1747 3122 κατασταίη,

1849 592 2039 643 morbo
2059 594 2327 661 quispiam
2349 596 2700 666 corripiatur,
2726 603 3093 657 adhibendum
3115 609 3414 660 remedium

1847 684 2140 747 existimet,
2174 694 2228 737 at
2253 686 2362 752 jam
2413 699 2723 756 correptum
2760 702 2957 760 negato
3009 697 3250 749 remedio
3281 699 3416 749 mori

1850 772 2014 824 sinat.
2070 774 2453 831 Verumtamen
2514 779 2590 842 id,
2620 782 2766 848 quod
2825 783 2960 846 dixi,
3016 785 3419 853 reprehendisre

1845 863 2271 930 jurisc0usultos
2299 883 2405 920 non
2431 883 2511 923 est
2535 872 2751 925 animus
2778 889 2792 924 :
2827 882 2886 926 ut
2922 882 3100 928 tamen
3162 877 3298 944 ipsis
3329 877 3420 930 ad"-

1848 957 2100 1022 stipuler,
2153 961 2482 1026 permultum
2528 963 2702 1017 abest.
2735 963 3043 1019 Praesertim
3097 984 3224 1022 vero
3292 985 3418 1026 cum

1849 1049 2004 1100 multi
2037 1050 2124 1101 alii
2159 1051 2300 1104 modi
2327 1051 2391 1104 ad
2418 1052 2737 1108 solvemlum
2769 1059 3179 1112 matrimonium
3205 1063 3417 1116 consti-

1844 1140 1947 1190 tuti
1994 1140 2126 1205 sint,
2183 1158 2414 1210 quorum
2469 1146 2652 1199 nullus
2707 1146 2817 1215 (26)
2859 1164 2984 1202 eum
3043 1149 3246 1206 furoris
3274 1154 3418 1208 malo

1846 1230 2085 1282 conferri
2110 1240 2254 1284 recte
2284 1235 2478 1301 possit.
2499 1234 2786 1300 Quomodo
2812 1240 2921 1308 (‘27)
2947 1255 3182 1310 namque
3233 1245 3417 1299 mariti

1849 1318 2226 1385 prodigalitas,
2252 1331 2345 1373 aut
2376 1324 2660 1392 religionis
2695 1325 2810 1396 (‘28)
2845 1327 3165 1394 diversitas.
3230 1344 3325 1388 aut
3362 1333 3419 1387 in

1848 1409 2084 1461 naturali
2142 1411 2539 1466 consuetudine
2577 1414 2901 1484 impotentia
2946 1424 3000 1472 et
3040 1419 3417 1490 imbecillitas,

1848 1508 1942 1550 aut
1967 1500 2152 1566 siquid
2183 1501 2328 1555 aliud
2381 1503 2464 1556 liis
2516 1517 2967 1572 connumeratur,
3025 1511 3173 1579 quod
3206 1513 3276 1567 ad
3304 1515 3420 1570 dis.

1849 1591 2164 1644 solvendum
2199 1593 2604 1648 matrimonium
2649 1599 2822 1655 valeat
2862 1601 3192 1670 (cujusmodi
3219 1615 3324 1670 est,
3369 1608 3416 1662 si

1848 1682 2064 1733 servilis
2089 1684 2418 1740 conditionis
2467 1688 2755 1758 conjugem
2809 1705 2932 1746 esse
2986 1703 3266 1763 appareat,
3295 1705 3347 1751 et
3369 1699 3416 1752 si

1849 1785 1973 1838 quae
2007 1771 2119 1840 (29)
2145 1773 2199 1824 in
2227 1776 2572 1841 pactionibus
2609 1779 2945 1849 nuptialibus
2970 1785 3241 1852 promissa
3262 1796 3414 1851 simt,

1848 1871 2068 1932 propter
2085 1873 2456 1934 paupertatem
2485 1869 2638 1936 plene
2666 1873 2908 1939 prmstari
2933 1876 3252 1944 nequeant),
3280 1877 3414 1942 haec,

1846 1952 2089 2020 inquam,
2120 1955 2418 2020 etsimilia,
2469 1958 2670 2024 quibus
2716 1965 3064 2020 matrimonia
3114 1968 3417 2024 dissolvere

1846 2041 1960 2111 lege
2023 2044 2288 2099 tributum
2330 2057 2433 2112 est,
2462 2049 2734 2111 quomodo
2779 2054 2995 2108 tandem
3047 2071 3172 2110 cum
3210 2056 3417 2114 furoris

1845 2133 2154 2189 calamitate
2179 2140 2488 2208 comparari
2525 2143 2789 2210 possunt?

1917 2310 2028 2367 Nos
2083 2312 2268 2382 itaque
2311 2316 2612 2378 sancimus,
2652 2327 2708 2371 ut
2740 2319 2785 2373 si
2837 2321 2993 2373 furor
3044 2331 3166 2390 post
3225 2324 3416 2378 initum

1847 2405 2252 2458 matrimonium
2279 2409 2648 2475 superveniat,
2697 2425 2765 2464 ne
2806 2410 2948 2463 intra
2972 2413 3212 2481 quinque
3241 2429 3416 2470 annos

1847 2497 2109 2565 conjuges
2136 2498 2538 2568 disiungantur.
2558 2500 2731 2554 Etiam
2756 2503 3218 2570 quemadmodum
3242 2521 3419 2574 quan-

1846 2588 1915 2640 do
1939 2604 2033 2656 per
2052 2604 2269 2642 omnem
2306 2591 2469 2643 vitam
2498 2591 2648 2646 furor
2679 2593 2926 2659 duraret,
2955 2611 3055 2649 nec
3090 2607 3268 2651 tamen
3304 2614 3420 2652 nia.

1850 2681 2166 2733 trimonium
2224 2682 2408 2735 dirimi
2473 2694 2676 2752 posset,
2710 2685 2759 2738 id
2790 2687 2989 2740 mirum
3047 2696 3102 2741 et
3156 2691 3414 2744 acerbum

1848 2785 1970 2824 esse
1996 2772 2175 2823 visum
2203 2781 2336 2826 est:
2388 2773 2458 2825 ita
2506 2783 2788 2842 tantopere
2839 2787 3157 2845 exspectare
3207 2789 3261 2833 et
3304 2795 3420 2848 per-

1850 2877 2101 2915 severare
2155 2878 2379 2917 necesse
2402 2873 2502 2917 est.
2537 2867 2604 2917 At
2635 2869 2678 2919 si
2723 2876 3010 2935 postquam
3046 2876 3254 2922 tantum
3280 2879 3418 2924 tem-

1853 2955 1998 3021 puris
2028 2954 2353 3018 decurrerit,
2410 2956 2609 3008 malum
2647 2972 2707 3012 se
2755 2973 2860 3011 non
2906 2959 3200 3024 remiserit,
3245 2976 3420 3030 neque

1856 3045 2099 3101 furiosus
2142 3048 2475 3115 rcsipuerit:
2512 3065 2637 3102 cum
2686 3052 2935 3102 neutrius
2987 3053 3277 3106 commodo
3325 3063 3418 3107 aut

166 3140 471 3206 τηνικαῦτα
523 3139 903 3209 διατέμνεσθαι
955 3141 1054 3210 τὴν
1106 3143 1377 3210 γαμήλιον
1425 3145 1742 3208 κοινωνίαν,

1853 3137 2196 3190 incommodo
2220 3139 2531 3209 conjugium
2584 3140 2899 3194 dirimatur.
2953 3143 3132 3211 Atque
3166 3143 3278 3197 lia-c
3307 3148 3421 3213 qui-

172 3231 444 3300 μηδεμιᾶς
503 3233 627 3301 μηδ’
684 3231 857 3301 ἑτέρῳ
892 3233 1047 3300 μέρει
1081 3235 1519 3302 προσγινομένης
1562 3254 1746 3288 καινοο

166 3322 383 3390 τομίας.
424 3323 531 3374 Καὶ
562 3323 735 3376 ταῦτα
776 3324 876 3392 μὲν
901 3324 1207 3393 διορίζομεν
1239 3325 1299 3375 οὐ
1334 3325 1470 3392 πρὸς
1497 3326 1747 3396 διαϐολὴν

168 3414 272 3463 τῶν
330 3413 439 3480 πρὸ
493 3412 652 3480 ἡμῶν
705 3413 1205 3482 νομοθετησάντων,
1239 3413 1354 3467 ἀλλ’
1392 3416 1470 3477 είς
1498 3417 1748 3487 ἀποπλή-

171 3519 338 3570 ρωσιν
378 3502 481 3571 τῆς
521 3503 651 3572 περὶ
706 3504 766 3554 τὸ
798 3505 1036 3572 ὑπήκοον
1064 3505 1420 3572 ὀφειλομένης
1458 3508 1584 3574 ἡμῖν
1618 3526 1748 3576 προ-

170 3595 337 3656 νοίας.
371 3595 442 3646 Ἡ
479 3594 536 3646 δέ
569 3611 631 3660 γε
669 3596 788 3646 κατ’
845 3595 1017 3664 αὐτὴν
1069 3595 1470 3661 ὲπιγνωσθεῖσα
1515 3597 1611 3664 τὴν
1653 3598 1747 3649 τοῦ

168 3690 349 3755 γάμου
394 3687 609 3756 ἡμέραν
670 3687 837 3754 μανία
899 3686 1048 3738 οὐδὲν
1098 3687 1588 3755 ὑπεναντιούμενον
1634 3690 1748 3756 ἔχει

172 3779 305 3846 πρὸς
338 3779 441 3842 τὴν
478 3777 673 3830 αὐτίκα
705 3777 970 3839 διάλυσιν,
1003 3780 1050 3829 εί
1087 3779 1182 3829 καὶ
1219 3778 1493 3848 προῆλθεν
1518 3781 1562 3810 ⁶⁹
1591 3783 1622 3848 ὴ
1657 3798 1745 3832 νε-

167 3866 473 3934 νομισμένη
539 3865 720 3923 αὐτοῖς
778 3864 1070 3932 ἱερολογία,
1121 3865 1236 3917 ἀλλ’
1291 3867 1492 3935 ὁμοίιος
1531 3871 1595 3937 τῇ
1640 3869 1748 3938 πρὸ

166 3959 264 4026 τῆς
293 3958 588 4026 μνηστείας
610 3957 928 4029 ἐγνωσμένῃ
956 3957 1089 4026 πρὸς
1105 3959 1166 4010 τὸ
1196 3957 1556 4028 ἀκοινώνητον
1579 3977 1748 4012 κατα.

171 4050 432 4115 στήσεται
459 4049 551 4099 καὶ
578 4048 938 4116 ἀνάρμοστον.
967 4049 1126 4109 Ἴσως
1158 4049 1255 4116 μὲν
1278 4045 1370 4101 οὖν
1394 4067 1501 4101 τισι
1521 4051 1661 4114 δόξει
1684 4052 1745 4103 τὸ

173 4141 310 4204 μετα
340 4141 441 4207 τὴν
497 4139 797 4207 ίερολογίαν
840 4138 1259 4205 διαζεύγνυσθαι
1311 4141 1540 4208 κρίσεως
1579 4141 1745 4211 ὀρθῆς

167 4231 582 4294 ἀπολείπεσθαι,
611 4230 685 4292 ὠς
719 4231 857 4292 δέον,
882 4232 1006 4282 ἐπεὶ
1037 4231 1126 4282 διὰ
1167 4232 1267 4299 τῆς
1301 4234 1743 4302 συναρμοστικῆς

169 4319 394 4386 τελετῆς
422 4319 480 4369 ἓν
507 4318 662 4388 σῶμα
704 4319 984 4385 γεγόνασι,
1017 4319 1092 4387 μὴ
1145 4319 1452 4387 διατέμνειν
1518 4322 1740 4385 αὐτοὺς,

167 4412 281 4463 ἀλλ’
339 4411 652 4480 ἡνωμένους
709 4412 825 4479 ὲᾷν,
883 4410 976 4462 καὶ
1023 4410 1256 4479 μάλιστά
1294 4428 1355 4478 γε
1407 4414 1742 4483 κυριωτέρου

1851 3227 1970 3280 dem
2000 3229 2314 3291 statuimus,
2343 3245 2448 3283 non
2481 3246 2590 3299 quo
2621 3232 3418 3301 superioribuslegislatorilms

1849 3317 2219 3371 obtrectemus
2245 3337 2256 3371 :
2286 3319 2378 3372 sed
2415 3329 2662 3388 utquam
2727 3322 2963 3376 subditis
3007 3337 3197 3377 curam
3255 3325 3412 3379 debe-

1851 3420 1990 3470 mus,
2026 3405 2443 3474 adimpleamus.
2467 3406 2586 3460 Jan)
2619 3424 2748 3463 vero
2774 3410 2820 3462 si
2855 3409 3008 3463 furor
3041 3411 3154 3478 ipse
3197 3414 3418 3482 nuptis.-

1849 3513 1968 3548 rum
2021 3497 2108 3550 die
2183 3498 2694 3563 animadvertatur,
2774 3501 3070 3568 quominus
3128 3502 3418 3556 confestim

1851 3588 2281 3652 matrimonium,
2307 3589 2524 3642 tametsi
2563 3605 2724 3643 sacro
2755 3591 2864 3644 ritu
2901 3591 3284 3645 conﬁrmatum
3326 3595 3417 3654 sit,

1850 3682 2204 3741 dissolvatur.
2239 3681 2372 3732 nillil
2407 3682 2681 3735 obstiterit
2711 3700 2722 3733 :
2753 3682 3089 3751 perindeque
3121 3699 3184 3735 ac
3212 3683 3256 3738 si
3294 3695 3418 3740 ante

1851 3770 2066 3834 nuptias
2129 3765 2283 3820 furor
2337 3770 2756 3824 animadversus
2785 3778 2956 3835 esset,
3006 3773 3414 3827 matrimonium

1850 3858 1902 3910 in
1949 3859 2164 3910 irritum
2223 3859 2454 3922 recidet,
2505 3869 2666 3927 atque
2706 3859 3059 3914 distralietur.
3100 3861 3206 3916 Sed
3274 3866 3416 3930 quod

1846 3959 1970 4017 post
2008 3951 2476 4004 consecrationem
2523 3951 2917 4020 disjungendos
2976 3968 3097 4008 esse
3159 3955 3421 4024 conjuges

1848 4043 2074 4104 dieitur,
2101 4042 2337 4096 fortasse
2360 4044 2410 4095 id
2442 4044 2719 4097 nonnullis
2773 4053 2922 4098 recto
2949 4043 3154 4113 judicio
3193 4046 3416 4100 destitui

1848 4133 2160 4186 videbitur:
2189 4133 2380 4201 quasi,
2427 4143 2776 4200 posteaquam
2822 4136 3091 4189 sacrificio
3153 4136 3332 4204 juncti
3364 4139 3418 4190 in

1847 4239 2013 4275 unum
2045 4238 2262 4296 eorpus_
2296 4225 2564 4286 coierunt,
2593 4240 2700 4278 non
2722 4225 2902 4278 dirimi
2931 4227 3076 4290 illos,
3108 4228 3200 4281 sed
3228 4228 3416 4281 unitos

1848 4316 1953 4370 sini
1979 4323 2245 4384 oporteat.
2285 4316 2344 4366 Et
2379 4317 2678 4384 pnesertim
2703 4319 2923 4386 quidem
2955 4333 3078 4372 cum
3148 4329 3416 4387 praestari.-

1847 4407 2297 4468 tinsmembrum,
2331 4407 2575 4476 adeoque
2600 4416 2762 4475 caput
2789 4409 3004 4478 (ὅθ-51)
3033 4412 3261 4463 maritus
3308 4411 3376 4464 sit
3401 4428 3415 4471 ;

171 4503 367 4570 μέλους
392 4501 487 4553 καὶ
508 4500 746 4569 κεφαλῆς
768 4501 1101 4568 ὑπαρχοντος
1125 4499 1216 4551 τοῦ
1241 4500 1450 4568 ἀνδρός·
1473 4501 1606 4552 Οὐδὲ
1639 4501 1742 4570 γὰρ

1849 4516 2027 4567 neque
2063 4500 2335 4567 praecipua
2365 4499 2618 4566 corporis
2644 4501 2910 4561 membra,
2944 4500 2988 4553 si
3019 4502 3211 4554 morbo
3234 4502 3420 4569 aliquo

170 4597 224 4647 ὲν
250 4595 464 4661 σώματι
495 4593 562 4644 τά
581 4592 688 4643 τῶν
740 4592 916 4661 μελῶν
948 4591 1256 4660 κυριώτερα
1305 4592 1409 4642 ὑπό
1442 4608 1584 4652 τινος
1610 4609 1741 4644 κατ-

1848 4603 2206 4660 oecupentur,
2261 4593 2535 4660 amputari
2599 4593 2834 4646 soleant.
2894 4594 3058 4660 Atqui
3105 4594 3220 4648 haec
3251 4595 3416 4658 ratio,

170 4687 448 4754 εσχημένα
493 4685 700 4747 πάθους
741 4684 1087 4736 ἐκκόπτεται.
1141 4683 1280 4735 Ἀλλ’
1323 4676 1480 4744 οὗτος
1527 4685 1555 4734 ὁ
1585 4683 1742 4750 λόγος

169 4777 339 4830 δοκῶν
379 4777 519 4846 ὑπὲρ
564 4777 663 4845 τῆς
708 4775 950 4838 ἑνώσεως
1009 4776 1286 4840 ἵστασθαι,
1337 4777 1553 4843 ἀγνοεῖν
1599 4775 1743 4827 ἔοικε

171 4870 267 4938 τῆς
301 4869 601 4939 ἱερολογίας
629 4869 690 4921 τὸ
729 4869 995 4938 βούλημα.
1014 4868 1076 4920 Ἢ
1104 4868 1201 4937 μὲν
1224 4868 1354 4938 γὰρ,
1387 4868 1453 4920 τά
1481 4867 1744 4920 κάλλιστα

1846 4684 1975 4737 dum
2006 4699 2034 4734 a
2070 4683 2463 4751 conjunctione
2513 4692 2681 4745 stare,
2727 4693 2890 4752 atque
2932 4686 3081 4738 illam
3121 4685 3418 4740 defendere

1848 4790 1906 4828 se
1955 4783 2126 4842 putat,
2173 4771 2304 4841 quid
2346 4772 2448 4826 sibi
2497 4772 2802 4827 benedictio
2829 4774 2958 4829 velit
2987 4775 3239 4844 ignorare
3267 4777 3418 4835 vide-

1849 4875 1957 4919 tur.
2011 4863 2135 4918 ll.ce
2163 4864 2307 4917 enim
2365 4863 2813 4932 praestantissima
2864 4881 3093 4935 qumque
3142 4863 3418 4921 connubio

1503 5055 1734 5110 νΑιιιΑῑ
1782 5051 2187 5110 LECTIONES.

239 5243 491 5297 “Zuieli.
535 5254 586 5297 et
623 5241 840 5297 Meerm.
883 5242 1100 5304 ἱκανῶς.

1189 5243 1231 5272 ⁸⁷
1263 5242 1426 5296 Iidem
1463 5243 1536 5296 illi
1563 5245 1611 5296 εἰ
1635 5244 1912 5298 omittunt.
1991 5244 2034 5274 "
2072 5240 2240 5297 Iidem
2265 5241 2300 5294 ἃ
2327 5256 2433 5296 ηοη
2462 5242 2682 5295 habent.

2763 5243 2805 5273 θ’
2827 5239 3002 5294 Codd.
3030 5240 3359 5312 προσῆλθεν.

1714 5407 1944 5462 ΝΟΤᾸΕ.

245 5569 358 5633 (Elii)
385 5569 780 5634 Argumentum
809 5569 942 5622 satis
981 5568 1197 5621 firmum
1221 5569 1287 5621 ad
1323 5568 1486 5636 liujus
1510 5566 1744 5622 Novella:

178 5640 648 5692 Confirmatiunem
681 5640 933 5692 observa.

247 5710 362 5770 (:26)
386 5710 780 5775 Argumentum
807 5709 950 5761 aliud
972 5709 1184 5761 lirmum
1214 5711 1346 5762 satis
1365 5708 1615 5762 observa.

249 5781 359 5843 127)
388 5777 507 5834 Vid.
538 5777 671 5831 Nov.
705 5780 793 5843 2'2,
821 5795 938 5848 rap.
988 5780 1068 5844 15,
1105 5777 1240 5832 Nov.
1280 5780 1394 5844 H7,
1429 5798 1474 5834 ς.
1507 5783 1556 5843 δ,
1592 5785 1639 5834 ιι.

1929 5567 2042 5636 (ἳὸ)
2081 5566 2274 5638 νιψι.
2304 5564 2358 5628 9.,
2399 5566 2452 5619 in
2490 5567 2581 5620 lin.
2625 5566 2687 5619 C.
2740 5565 2813 5623 De
2857 5566 3223 5638 sponsalibus,
3278 5568 3416 5624 adde

1854 5636 2011 5691 Pliot.
2039 5640 2088 5700 1,
2114 5638 2168 5690 2.
2189 5637 2556 5690 Nomocanon.
2590 5638 2676 5689 15.

1925 5709 2036 5773 (τιτι)
2069 5708 2189 5759 Vid.
2226 5705 2359 5758 Nov.
2380 5706 2470 5766 ‘22,
2493 5722 2542 5759 c.
2579 5707 2665 5761 18.

1938 5778 2136 5845 {Sd-5|)
2160 5778 2332 5846 tlaput
2371 5778 2558 5831 uxoris
2591 5778 2817 5834 maritus
2849 5780 2867 5830 1
2917 5780 3042 5835 Cor.
3068 5795 3125 5843 ιι,
3161 5792 3299 5834 vers.
3330 5777 3414 5832 15.
