4176 6446
181 405 290 467 653

1276 389 1636 472 NOVELL/E
1668 411 2334 479 CONSTITUTIONES.

3318 427 3424 489 65L

180 523 598 585 κατοπτεύσεως
657 523 804 578 αἰτία
867 524 974 577 τῶν
1031 525 1160 580 δέκα
1239 529 1415 581 ποδῶν
1479 529 1646 596 ὥριζε
1697 529 1748 580 τι

1861 545 2076 600 quoque
2097 534 2292 587 merito
2339 533 2479 589 idem
2531 535 2642 605 (37)
2675 539 2911 606 spatium
2959 541 3148 596 eadem
3172 542 3236 597 de
3259 559 3422 602 causa

177 614 475 680 διάστημα,
524 612 668 666 οὕτω
701 614 974 668 κάνταῦθα
1009 615 1098 670 διὰ
1153 617 1250 687 τὴν
1276 619 1446 687 αὐτὴν
1478 621 1658 672 αἰτίαν
1689 620 1752 671 τὸ

179 705 296 755 τσον
318 704 555 770 εὐλόγως
614 702 1011 775 διορισθήσεται
1070 707 1287 778 μέτρον,
1334 709 1574 776 καίτοιγε
1604 712 1638 779 η
1671 712 1752 762 αἰ-

176 794 270 847 τία
321 795 421 864 τῆς
471 795 884 859 κατοπτεύσεως
939 797 1138 852 πλέονα
1176 800 1425 854 ἀπαιτεῖν
1481 800 1629 854 δοκεῖ
1652 801 1751 871 τὴν

175 883 501 937 ἀπόστασιν.
535 885 599 938 Εἰ
629 883 738 954 γὰρ
783 885 872 939 διὰ
901 885 961 938 τὸ
1006 887 1080 957 μὴ
1115 890 1468 942 κατοπτεύειν
1491 889 1751 959 ἀλλήλους

173 974 247 1026 τὰ
289 973 663 1040 γειτονεύοντα
702 975 842 1046 μέρη
865 976 965 1046 τὴν
1013 977 1122 1029 τῶν
1150 978 1280 1032 δέκα
1308 979 1484 1032 ποδῶν
1517 983 1751 1032 ποιεῖται

174 1064 470 1117 ἀπόκλισιν
505 1065 590 1129 ⁷⁸,
668 1067 904 1120 ἐνταῦθα
957 1068 1207 1124 τοσοῦτον
1277 1071 1480 1138 ὀφείλει
1549 1071 1749 1141 μᾶλλον

173 1157 532 1224 ἀφίστασθαι,
573 1158 685 1226 ὅσῳ
721 1158 814 1210 καὶ
849 1158 1051 1228 μᾶλλον
1090 1159 1414 1230 ἐπιτηδείως
1446 1160 1628 1231 ἔχουσι
1693 1163 1748 1215 αἱ

189 1249 425 1303 ποιεῖται
480 1251 812 1303 κατασκευαὶ
841 1251 974 1321 πρὸς
999 1252 1377 1305 καιςόπτευσιν.
1412 1252 1582 1321 Δῆλον
1614 1254 1745 1322 γὰρ,

171 1341 250 1403 ὡς
282 1341 341 1392 ὲν
364 1340 511 1410 οἰκίᾳ
554 1358 641 1404 τις
683 1340 1045 1410 καθεζόμενος
1091 1343 1124 1412 ἧ
1155 1362 1206 1396 τι
1243 1344 1501 1414 πράττων
1549 1345 1649 1398 οὐκ
1681 1345 1748 1397 ἂν

171 1431 318 1483 οὕτω
351 1431 712 1501 κατοπτευθῇ,
739 1431 948 1484 πολλῶν
971 1433 1322 1504 ὑπαρχόντων
1368 1433 1751 1503 ἁντιφραγμά-

171 1540 284 1576 των
302 1541 314 1551 ·
347 1525 404 1575 ὲν
425 1523 482 1576 δὲ
510 1524 623 1586 τοῖς
643 1523 770 1593 περὶ
795 1516 871 1577 ὧν
898 1527 928 1578 ὁ
964 1524 1121 1592 λόγος
1164 1526 1516 1597 προσκηνίοις
1545 1525 1748 1592 ἔργοις,

171 1615 204 1682 ἢ
238 1612 412 1675 ὡςᾶν
460 1613 510 1665 οἰ
564 1613 752 1667 πολλοὶ
806 1617 963 1683 φαῖεν
1017 1615 1392 1686 ἑξωσταρίοις,
1449 1615 1603 1668 οὐδὲν
1669 1617 1750 1678 εἰς

171 1702 449 1773 περιοπὴν
477 1702 706 1772 ἕστηκεν
739 1703 1124 1774 ἁντιφράττον.

242 1799 346 1852 Διὰ
367 1797 526 1851 τοῦτο
559 1796 906 1867 θεσπίζομεν,
928 1797 1004 1868 μὴ
1020 1796 1220 1866 ἑτέρως
1238 1795 1435 1861 ἐξεῖναί
1453 1813 1557 1850 τινι
1575 1797 1751 1849 τοιοῦ-

1855 621 2275 689 prazscribetur:
2330 625 2633 692 praesertim
2685 641 2814 682 vero
2847 667 2863 692 ,
2913 644 3038 684 enin
3092 641 3424 700 conspectus

1855 713 2112 780 majorem
2141 714 2303 767 etiam
2350 716 2664 771 distantiam
2713 719 2802 773 hic
2847 721 3122 789 requirere
3151 723 3422 779 videatur.

1854 800 1984 855 Nam
2005 803 2049 856 si
2084 818 2151 858 ne
2175 817 2234 856 se
2264 804 2492 859 invicem
2545 807 2714 861 vicini
2748 809 3114 877 conspiciant,
3146 814 3290 866 inter
3317 813 3423 866 alia

1852 893 2079 947 aedilicia
2112 893 2300 949 decem
2328 895 2524 964 pedum
2551 897 2904 967 intercapedo
2935 900 3297 968 relinquitur:
3333 901 3424 956 hic

1853 991 2003 1039 tanto
2035 987 2083 1039 id
2115 986 2289 1056 magis
2336 985 2451 1040 lleri
2487 987 2646 1042 debet
2695 999 2904 1061 quanto
2930 989 3246 1058 hujusmodi
3278 1002 3424 1046 stru-

1852 1087 2020 1130 cturae
2041 1077 2355 1147 conspectui
2391 1078 2565 1147 magis
2583 1088 2709 1134 sunt
2725 1081 3008 1152 expositae.
3028 1081 3255 1136 Constat
3279 1084 3422 1137 enim

1852 1167 2127 1222 sedentem
2163 1169 2509 1238 quidpiamve
2534 1168 2821 1224 fauentem
2862 1171 2915 1226 in
2948 1172 3157 1227 aedibus
3189 1170 3423 1240 aliquem

1851 1259 1997 1328 quod
2030 1260 2197 1315 multa
2235 1273 2515 1330 septorum
2549 1261 2834 1315 obstacula
2882 1263 3161 1327 intersint,
3209 1278 3316 1316 non
3350 1262 3425 1315 ita

1854 1347 2012 1403 facile
2040 1365 2198 1417 posse
2224 1349 2492 1417 conspici.
2522 1349 2579 1404 In
2604 1350 3018 1421 prosceniorum
3053 1367 3181 1407 vero
3201 1352 3269 1406 de
3301 1351 3423 1420 qui-

1852 1440 1955 1494 bus
1988 1441 2168 1510 agitur
2207 1441 2492 1510 operibus,
2547 1451 2641 1495 aut
2685 1444 2988 1513 (quomodo
3038 1445 3195 1496 multi
3241 1444 3426 1498 dicere

1853 1533 2067 1598 malint)
2096 1533 2387 1594 menianis.
2407 1534 2703 1602 quominus
2733 1551 2786 1587 in
2815 1549 3199 1604 quamcunque
3216 1542 3425 1604 partem

1852 1624 2292 1695 circumspectus
2316 1625 2453 1678 nihil
2481 1627 2681 1681 obstet.

1925 1794 1996 1848 Ea
2029 1806 2251 1866 propter
2287 1798 2586 1863 sancimus,
2631 1816 2698 1856 ne
2746 1801 2907 1856 aliter
2960 1809 3214 1871 cuiquam
3243 1800 3429 1854 .talem

169 1905 260 1942 τον
295 1886 725 1956 κατασκεύασμα
757 1886 1078 1951 τεκταίνειν,
1106 1886 1153 1938 εἰ
1187 1885 1263 1954 μὴ
1297 1885 1457 1948 πόδες
1487 1885 1620 1940 δέκα
1652 1900 1748 1952 την

1855 1893 2188 1940 structuram
2214 1886 2470 1941 fabricari
2505 1888 2865 1960 liceat,quam
2897 1891 2944 1946 si
2977 1891 3163 1946 decem
3198 1888 3458 1960 pedibus.

169 1982 238 2032 ὲκ
267 1978 364 2030 τοῦ
386 1979 627 2046 γείτονος
663 1977 862 2046 μέρους
886 1975 1242 2048 ἀποχώρησιν
1271 1977 1747 2046 διαμετρήσουσιν.

183 2070 421 2139 Ὀμοήυς
437 2069 494 2122 δὲ
507 2071 600 2123 καὶ
611 2068 665 2122 εῐ
677 2086 758 2132 τις
770 2069 976 2138 ὀροφὴν
1000 2086 1098 2137 της
1117 2068 1293 2131 οἰκίας
1313 2067 1542 2137 ἀμεῖψαι
1563 2067 1748 2137 βουλό-

172 2179 338 2230 μενος
375 2160 685 2231 μαρμάρων
706 2159 918 2221 πλάκας
936 2158 1209 2230 περιθείη,
1229 2159 1326 2211 καί⁹
1345 2151 1496 2220 οὗτος
1526 2157 1600 2228 μὴ
1619 2158 1749 2227 πρὶν

168 2251 333 2305 τοῦτο
367 2252 620 2322 πράττοι,
645 2251 774 2321 πρὶν
791 2249 850 2303 τὸ
871 2249 1162 2321 εἰρημένον
1182 2250 1457 2319 διάστημα
1479 2249 1588 2301 τῶν
1615 2249 1748 2302 δέκα

168 2342 350 2396 ποδῶν
415 2339 821 2412 ἀπομακρύνων
875 2340 972 2394 τοῦ
998 2340 1237 2409 γείτονος
1326 2340 1392 2393 ⁷⁸.
1440 2341 1661 2408 Ἐτέρου
1689 2337 1746 2392 δέ

167 2451 316 2496 τινος
371 2435 454 2496 εἰς
494 2432 746 2503 βοήθειαν
806 2431 1210 2494 ἀνακύπτοντος
1238 2431 1465 2501 τρόπου,
1501 2430 1647 2498 λέγω
1673 2429 1738 2499 δὴ

168 2527 365 2594 χρόνου
418 2525 759 2595 μακροτέρου
791 2524 1151 2593 παραδρομῆς
1172 2522 1610 2592 ὑπερϐαινούσης
1647 2522 1743 2590 τὴν

168 2617 402 2686 νομικὴν
470 2618 599 2686 περὶ
652 2615 858 2686 χρόνων
887 2614 1153 2680 διάταξιν,
1177 2615 1270 2684 ἀφ’
1296 2609 1358 2668 οὗ
1379 2616 1441 2668 τὸ
1459 2615 1618 2686 ἔργον
1643 2614 1743 2684 τὴν

170 2707 410 2775 ὓπαρξιν
465 2706 734 2777 ἔλαϐεν,ἢ
769 2707 864 2760 ἐὰν
892 2706 1140 2777 φιλικῇτδ
1174 2724 1280 2760 τινι
1316 2707 1610 2775 συμφωνίᾳ
1636 2706 1742 2758 δω-

172 2798 460 2868 ρησαμένῃ
487 2799 585 2868 τὴν
631 2799 814 2851 ἄδειαν
845 2799 875 2851 ὁ
909 2797 1115 2867 ταύτην
1139 2797 1321 2850 λαόὼν
1359 2799 1441 2858 εἰς
1472 2796 1532 2848 τὸ
1571 2795 1740 2864 ἐργά-

169 2887 359 2952 ζεσθαι
385 2885 739 2956 προελήλυθε,
760 2885 1057 2954 κελεύομεν
1077 2884 1170 2937 ἐπὶ
1189 2885 1282 2937 τοῦ
1306 2883 1509 2936 οἰκείου
1532 2881 1633 2951 σχή
1645 2897 1745 2949 μα-

1854 1993 1881 2031 a
1914 1979 2222 2033 r?cinorum
2255 1981 2552 2035 structuris
2606 1982 2904 2038 abstineat.
2940 1981 3206 2036 Similiter
3233 1982 3278 2036 si
3305 1979 3429 2049 quis

1849 2071 2047 2124 aedium
2105 2087 2325 2127 suarum
2363 2071 2640 2142 fastigium
2673 2083 2914 2138 mutans,
2938 2088 3276 2128 marmoreas
3298 2087 3431 2126 cru-

1851 2169 1966 2215 stas
1993 2159 2232 2215 obducat
2259 2181 2272 2192 -
2302 2163 2390 2216 hic
2419 2165 2585 2217 etiam
2623 2178 2732 2217 non
2767 2165 2926 2218 aliter
2959 2163 3011 2217 id
3046 2163 3230 2228 faciat,
3264 2177 3428 2229 quam

1850 2253 1896 2306 si
1931 2251 2136 2306 dictum
2203 2253 2390 2307 decem
2444 2254 2642 2323 pedum
2707 2254 3064 2310 interstitium
3107 2254 3251 2308 inter
3283 2269 3342 2308 se
3374 2263 3436 2308 et

1848 2341 2087 2397 vicinum
2152 2343 2446 2413 relinquat.
2502 2344 2620 2398 Alio
2696 2351 2878 2399 autem
2945 2343 3204 2413 quopiam
3264 2341 3430 2397 modo

1847 2432 2218 2488 intercedente
2252 2433 2435 2504 :longi
2473 2436 2733 2504 temporis
2769 2436 3204 2505 praescriptione,
3231 2448 3430 2503 nempe

1851 2523 1896 2579 si
1923 2539 1989 2578 ex
2018 2538 2127 2591 quo
2155 2537 2295 2592 opus
2330 2525 2601 2587 constitit,
2634 2540 2669 2578 α
2687 2525 2896 2595 legibus
2931 2526 3257 2595 praeﬁnitum
3284 2531 3428 2578 tem--

1851 2629 1952 2682 pus
1983 2612 2308 2674 decurrerit,
2338 2622 2431 2666 aut
2453 2623 2671 2682 pactum
2701 2621 3041 2678 asservetur,
3076 2628 3142 2668 ex
3176 2626 3284 2681 quo
3300 2609 3436 2681 quis.

1851 2699 2112 2756 facultate
2142 2711 2363 2769 accepta
2393 2701 2459 2754 ad
2481 2701 2866 2755 mdilicandum
2903 2704 3202 2757 accesserit
3231 2717 3246 2753 :
3270 2697 3432 2767 jube-

1863 2807 2006 2855 mus,
2064 2799 2122 2843 nt
2176 2791 2230 2844 in
2256 2806 2358 2845 suo
2403 2798 2549 2846 statu
2601 2799 2880 2845 structura
2923 2797 3162 2854 maneat,
3209 2787 3453 2848 tametsi.

1855 2895 1885 2933 a
1924 2879 2087 2935 vicini
2116 2885 2394 2932 structura
2414 2877 2601 2933 decem
2627 2879 2858 2949 pedibus
2897 2892 3005 2932 non
3029 2878 3216 2934 distet.

169 3001 259 3046 τος
287 2982 350 3036 τὸ
381 2980 542 3052 ἔργον
567 2980 769 3051 μένειν.
793 2979 896 3048 τῆς
927 2979 1036 3032 τῶν
1064 2979 1196 3032 δέκα
1224 2978 1401 3032 ποδῶν
1436 2978 1512 3047 μὴ
1553 2990 1819 3046 παραιτου
1830 2974 1996 3044 μένης
2020 2974 2450 3037 ἁποστάσεωςη.

696 3071 1003 3125 ..ἓίΑΤΑΞῘΣ
1028 3070 1230 3123 ΡέΔθη.

279 3190 596 3257 Θέσπισμα
632 3186 737 3241 τοῦ
758 3184 1035 3309 ἁολόἔμου
1052 3185 1097 3215 ⁷⁷
1122 3182 1430 3248 βασιλέωο
1458 3179 1644 3248 κυροῦ

903 3271 1092 3309 ortae

903 3271 1092 3318 οντος.

250 3350 468 3414 Ἔξεστι
515 3348 594 3417 τῷ
648 3346 930 3415 κατέχοντι
1000 3344 1258 3413 ἀκίνητον
1317 3342 1749 3412 διατιπράσκειν

173 3442 312 3510 πρὸς
349 3441 378 3492 ὃ
411 3439 520 3510 ἄρα
584 3436 830 3506 βούλεται
880 3433 1172 3504 πρόσωπον
1223 3431 1645 3491 ἀνεπικωλ’τως
1685 3447 1744 3480 τε

173 3534 268 3585 καί
317 3529 764 3598 άνεπιφωνήτως.
795 3526 911 3578 Πᾶν
949 3523 1060 3594 γὰρ
1097 3523 1356 3590 ἀκίνητον
1384 3518 1750 3587 ὑποδημόσιον

170 3622 232 3674 ὸν
261 3620 498 3689 ἐκχωρεῖ
526 3617 560 3686 ή
618 3613 864 3686 βασιλεία
922 3630 1025 3682 μου
1089 3609 1168 3680 τῷ
1225 3608 1325 3678 τὴν
1382 3605 1686 3676 καταΰολὴν
1706 3606 1750 3637 ⁷⁸

174 3709 486 3778 ποιουμένῳ
533 3705 641 3760 τῶν
685 3702 1036 3775 δημοσιακῶν
1063 3700 1246 3771 βαρῶν
1279 3698 1616 3765 ἐξωνεῖσθαι,
1641 3696 1751 3748 τῶν

169 3799 589 3870 γειτνιαξόντων
614 3796 690 3868 μὴ
715 3795 1033 3850 κωλυόντων
1063 3810 1163 3861 την
1200 3791 1506 3860 ἐκποίησιν.
1536 3790 1597 3840 Εἰ
1633 3788 1743 3856 γὰρ

174 3896 204 3946 ὁ
233 3895 405 3960 πένης
438 3893 530 3945 καί
573 3889 783 3958 πτωχὸς
843 3887 938 3939 καὶ
998 3885 1324 3954 πράγματος
1369 3883 1442 3950 μὴ
1472 3879 1743 3950 εὐπορῶν,

175 3984 504 4053 βουλόμενος
558 3980 620 4033 τὸ
671 3981 869 4033 οἰκεῖον
928 3975 1325 4045 ὲκποιήσασθαι
1371 3972 1647 4039 ἀκίνητον,
1699 3971 1748 4021 οἰ

174 4073 572 4145 πλησιάζοντες
619 4071 677 4124 δὲ
709 4069 956 4132 ὑπούλως
1009 4068 1078 4121 τὰ
1134 4067 1372 4135 σήμερον
1422 4063 1515 4115 καὶ
1563 4059 1750 4128 αΰριον

178 4166 524 4235 ἐκδεχόμενοι
551 4162 629 4233 τῷ
655 4159 853 4231 πτωχῷ
890 4159 985 4212 καὶ
1045 4156 1240 4226 πένητι
1269 4154 1335 4211 τὸ,
1356 4155 1554 4206 οἰκεῖον
1585 4169 1748 4204 κατα-

175 4257 385 4310 λίποιεν
425 4255 702 4324 ἀκίνητον,
733 4253 781 4305 εἰ
810 4250 962 4304 οὐδὲν
983 4250 1012 4302 ὁ
1041 4245 1360 4318 πλησιάζων
1393 4243 1751 4312 ἀιαλάὗηται,

2309 3061 2776 3119 CONSTITUTIO
2808 3061 2992 3120 CXIV.

1856 3170 1934 3224 De
1955 3170 2270 3223 alienatione
2302 3187 2479 3224 rerum
2517 3170 2868 3224 immobilium
2895 3181 2946 3225 et
2975 3178 3208 3224 retractat
3249 3171 3430 3224 dcere-

2024 3251 2134 3292 tum
2163 3241 2411 3306 prmclari
2444 3241 2781 3306 imperatam
2819 3241 3023 3294 domini
3048 3239 3263 3294 Leonis.

1926 3331 2079 3386 Licet
2131 3331 2434 3398 possidenti
2469 3345 2580 3385 rem
2607 3331 2941 3384 immobilem
2969 3329 3207 3385 vendere
3253 3331 3342 3384 cui
3368 3329 3434 3382 li-

1855 3421 2036 3480 buerit
2067 3437 2312 3489 personze
2336 3422 2541 3490 absque
2557 3419 2951 3490 impedimento
2963 3430 3016 3475 et
3041 3420 3432 3489 prohibitione.

1855 3511 2085 3566 Omnem
2120 3513 2264 3566 enim
2297 3527 2410 3565 rem
2431 3513 2768 3566 immobilem
2801 3527 2923 3581 qua:
2948 3511 3165 3578 publica
3196 3511 3288 3575 sit,
3313 3526 3435 3580 per-

1857 3602 2023 3656 mittit
2067 3617 2182 3655 mea
2215 3603 2362 3671 regia
2414 3611 2660 3670 potestas
2694 3601 2743 3655 ei
2796 3602 2888 3670 qui
2926 3601 3265 3670 publicorum
3297 3615 3433 3655 one-

1857 3712 1976 3750 rum
2019 3696 2345 3750 solutionem
2405 3695 2618 3760 l'ecerit,
2649 3709 2850 3759 emere,
2905 3694 3066 3747 modo
3105 3694 3268 3747 vicini
3301 3693 3435 3747 alie-

1857 3787 2134 3841 nationem
2161 3801 2267 3840 nou
2296 3785 2704 3854 iinpediverint.
2739 3784 2795 3838 Si
2829 3787 2972 3838 enim
2997 3800 3119 3839 cum
3147 3799 3353 3852 pauper
3380 3790 3436 3837 et

1857 3877 2144 3930 mendicus
2183 3886 2239 3929 et
2301 3890 2414 3928 rem
2458 3875 2660 3928 nullam
2716 3875 3005 3943 possudens
3057 3875 3289 3928 voluerit
3319 3889 3433 3926 rem

1857 3967 2135 4037 pr0priam
2191 3964 2523 4018 immobilem
2570 3965 2833 4030 alienare,
2907 3965 3200 4034 propinqui
3251 3971 3434 4017 autem

1860 4057 2238 4110 fraudulenter
2271 4069 2380 4108 uno
2405 4062 2460 4108 et
2491 4055 2666 4109 altero
2689 4054 2776 4108 die
2808 4055 3086 4109 substituti
3115 4054 3337 4122 pauperi
3381 4061 3437 4104 et

1860 4150 2108 4202 mendico
2164 4162 2276 4200 rem
2351 4148 2626 4215 propriam
2706 4148 3031 4201 donaverint
3079 4145 3435 4208 immobilem,

1860 4257 2024 4309 quum
2062 4241 2195 4292 nihil
2260 4243 2600 4310 proiiinquus
2652 4239 2947 4308 acceperit,
3006 4236 3256 4296 omnino,
3317 4247 3436 4287 mea

175 4351 322 4403 πάνυ
349 4350 416 4417 τῇ
447 4343 695 4416 βασιλεία
749 4360 849 4412 μου
905 4341 1179 4409 λογίζεται
1231 4338 1434 4390 ἄδικον.
1511 4334 1603 4386 Διὸ
1659 4331 1748 4384 καὶ

1861 4332 2007 4401 regia
2042 4340 2307 4399 potestate
2350 4342 2633 4402 reputatur
2678 4332 2968 4400 injustum.
3002 4328 3126 4383 Ideo
3156 4337 3210 4380 et
3238 4324 3439 4380 statui-

175 4409 474 4508 διορίζεται
525 4409 681 4489 πᾶσι-
717 4409 827 4497 τοῖς
880 4433 1106 4503 ἀπόροις
1152 4429 1248 4484 καὶ
1277 4429 1532 4496 πτωχοῖς,
1569 4423 1635 4476 τὰ
1673 4421 1748 4492 μὴ

1854 4432 1939 4475 ιιιι·
1992 4422 2282 4491 egentibus
2335 4431 2391 4478 et
2457 4424 2725 4478 mendicus
2780 4438 2870 4477 res
2905 4435 3026 4489 qua:
3053 4435 3160 4473 non
3195 4422 3442 4488 possunt

176 4531 454 4602 δυνάμενα
498 4527 750 4598 κατέχειν
797 4525 1031 4597 ἀκίνητα
1081 4520 1422 4578 ὲκποιεῖσθαι
1466 4514 1755 4585 ἀποτιμιῦ-

181 4642 342 4692 μενα,
391 4623 487 4674 καὶ
551 4621 642 4673 τὸν
692 4617 1059 4687 ὲξωνούμενον
1081 4617 1130 4648 ’¹⁹
1166 4612 1345 4675 καλῶς
1403 4609 1651 4677 κατέχειν
1696 4605 1757 4658 τὸ

183 4712 491 4781 ὲξωνηθέν’
525 4710 715 4780 μέχρις
742 4710 850 4778 γὰρ
897 4707 990 4760 τοῦ
1042 4705 1312 4774 ἑξαμήνου
1368 4699 1463 4752 τοῦ
1533 4697 1754 4766 πρώτου

183 4807 375 4875 χρόνου
419 4802 682 4867 ἔκκλητον
719 4801 894 4852 ποιεῖν
925 4800 1049 4861 τοὺς
1082 4795 1432 4865 γειτνιῶντας
1461 4792 1555 4842 καὶ
1585 4787 1759 4848 οὔτως

183 4895 686 4965 ἀναστρεφομένης
717 4894 817 4959 τῆς
853 4893 1018 4962 τιμῆς
1043 4888 1122 4960 τῷ
1155 4880 1754 4957 ὲξωνησαμένῳλαϐεἰν

1855 4513 2162 4568 immobiles
2193 4515 2459 4568 exsistere
2516 4523 2637 4582 pust
2675 4511 3097 4566 aestimationem
3170 4509 3433 4566 alienare.

1854 4612 1910 4657 et
1957 4611 2262 4671 emptorem
2296 4603 2433 4659 bene
2467 4602 2753 4672 possidere
2783 4601 2928 4671 quod
2956 4601 3122 4664 emit;
3153 4613 3331 4667 usque
3363 4597 3440 4650 ad

1854 4708 1946 4748 sex
1985 4708 2202 4747 menses
2231 4707 2260 4744 a
2292 4694 2470 4762 primo
2506 4702 2752 4764 tempore
2794 4692 3216 4761 appellationem
3255 4688 3440 4742 facere

1857 4789 2069 4843 vicinos
2121 4802 2302 4855 posse,
2358 4799 2412 4840 et
2464 4788 2546 4842 sic
2576 4787 2942 4842 aestimatione
2972 4793 3181 4839 mutata
3215 4783 3283 4836 ab
3321 4796 3439 4836 em-

1860 4885 2017 4946 ptore
2068 4877 2258 4931 tollere
2316 4892 2429 4931 rem
2482 4877 2639 4931 istam
2686 4876 3056 4940 immobilem;
3108 4874 3212 4929 hoc
3255 4881 3435 4928 autent

1484 5041 1725 5101 VARUE
1780 5037 2182 5096 LECTIONES.

255 5203 299 5233 "
337 5199 572 5268 Scrimg.
603 5199 796 5252 ὑπόκλ.
866 5199 915 5231 ⁷⁸
943 5196 1117 5254 Codd.
1147 5197 1204 5266 ἡ.
1277 5193 1323 5224 ⁷⁸
1351 5190 1525 5268 (Zodil.
1561 5186 1845 5268 φυλακῇ.ῇ
1869 5183 1919 5216 ’⁵
1950 5183 2224 5268 Hactenus
2249 5183 2759 5268 interpretationem
2785 5182 2988 5268 Agylaﬁ
3016 5181 3190 5268 secuti
3218 5196 3436 5268 sumus,

185 5286 311 5338 quas,
331 5249 1775 5338 ξεῆιῆιίῗιίιξ-νόδῆέιῑιυιῑδίιέέίμὲιὶιιξιαιειΙρ-ῃαξὶιηυἐξ
1796 5252 2065 5338 Eii-rguit
2096 5251 2218 5338 Hamae
2244 5249 2484 5338 genuit“.
2512 5249 2854 5338 serrata‘est'
2945 5251 3109 5338 codd.
3139 5250 3315 5338 Raris.
3340 5249 3435 5338 (ξι--

189 5321 641 5398 iamne;
668 5321 1192 5394 ⁷νῖιίιιζιυτῑάέοτ.
1216 5334 1250 5387 3
1281 5331 1379 5387 fol.
1419 5329 1543 5398 επ,
1579 5327 1837 5398 Laurent.
1875 5322 2088 5398 Lxxx_,
2120 5324 2154 5398 ρ
2185 5321 2281 5398 fol.
2309 5322 2434 5398 εει)ἐ
2527 5323 2570 5398 τῖ
2609 5321 2840 5378 Vindob.
2877 5321 3068 5391 Νεαρὰ
3095 5321 3192 5376 τοῦ
3220 5321 3440 5376 εῡσεσε-

189 5410 387 5465 στάτου
419 5409 540 5464 κτλ.
623 5397 671 5442 ⁷⁸
689 5408 846 5465 Paris
879 5409 1140 5478 κατοχὴν,
1174 5402 1318 5475 quod
1347 5397 1749 5457 emendandum
1798 5403 1940 5448 erat.

2050 5395 2093 5424 7’
2117 5391 2294 5449 Paris.
2323 5396 2352 5447 ὁ
2375 5392 2762 5463 ἐξωνούμενος.

1674 5559 1908 5618 NOTAE.

283 5751 377 5820 ετ)
405 5751 599 5805 Decem
621 5750 814 5818 pedum
834 5747 954 5803 scil.
979 5758 1036 5802 ut
1056 5763 1216 5816 supra
1240 5748 1362 5821 eod.
1387 5742 1522 5821 atad
1593 5741 1628 5821 _l
1649 5739 1692 5799 I,
1708 5738 1768 5790 (Σ.

195 5818 265 5877 De
284 5815 482 5878 aaii'ilic.
515 5815 761 5890 privatis,
788 5821 893 5875 nisi
916 5821 1186 5885 publicum
1211 5819 1388 5876 solum
1411 5817 1481 5873 sit
1503 5815 1737 5869 vicinum
1759 5824 1770 5872 ἱ

1883 5748 2116 5808 spatium
2178 5741 2321 5793 enim
2383 5741 2693 5808 quindecim
2733 5740 2932 5807 pedum
3001 5734 3438 5807 relinquendum.

1885 5807 2136 5865 llarmcn.
2166 5813 2219 5866 (ἰ.
2254 5827 2302 5866 c.
2364 5807 2489 5883 περὶ
2515 5813 2822 5881 οἰκοδομῆς.
