2088 3223
119 251 233 288 Ἧσπερ
244 252 279 279 τὰ
289 252 372 287 νεῦρα
383 250 438 278 τῶν
453 250 605 278 λαλούντων
615 251 738 286 όργάνωη

126 297 212 324 Ῥέων
226 297 241 323 ό
258 296 363 331 μακρὸς
373 296 404 322 οὐ
417 295 567 331 διαφθείρει
578 296 683 330 χρόνος.

157 344 238 371 Ἐπεὶ
251 343 280 370 δὲ
298 343 493 379 μαργαίνουσιν
508 343 540 369 ὲκ
554 342 699 377 πονηρίας.

120 390 242 424 Πότρους
256 389 425 423 ὀλοιτρόχους
442 396 472 414 τε
487 388 602 422 μεστοὺς
616 387 737 423 πικρίσ,.

119 436 227 469 Λόγους
242 434 303 461 καθ’
316 433 394 468 ἡμῶν
407 432 580 467 σφενδονοῦσι
596 432 743 467 μακρόθεν,

120 482 252 514 Τέττιγος
269 478 415 514 ἐδράξαντο
425 478 473 504 τοῦ
487 478 587 512 πτεροῦ
601 478 639 513 (4)
651 478 730 512 τάχα,

121 525 260 557 Νύξαντες
274 524 360 559 ἡμᾶς,
379 523 406 551 εί
419 532 445 550 τι
456 523 498 550 δεῖ
509 523 556 549 καὶ
567 523 720 558 κομπάσαι,

120 569 217 597 Ra.be
236 568 316 603 κακῷ
329 568 379 603 μὲν
394 568 533 603 ιξιέμινος
551 567 646 601 πάλαι,

129 615 160 642 '0
173 614 378 650 μητροραίστης
389 613 427 648 (5)
442 614 525 647 φησιν
536 612 674 648 ’Δτρείδου
691 612 779 646 γόνος,

123 660 278 696 Ἀχρηστον
289 656 370 694 εὗρεν
385 659 414 685 δν
427 658 478 693 βίῳ
493 658 643 693 παροιμίαν
654 666 661 671 ε

128 707 201 741 Ἐγὼ
216 706 245 733 δὲ
259 705 336 741 καλῷ
350 705 433 732 καλὸν
447 704 596 739 ἐγγράφων
612 704 704 738 λόγον,

121 751 174 778 Τδν
191 751 291 787 εὐσεϐῆ
308 751 393 778 λείπω
410 758 443 784 γι
461 750 546 786 μῦθον
562 751 592 776 ιν
606 750 657 785 βίῳ

131 799 160 825 ὐ
175 798 379 833 πατροραίστης
391 795 538 828 δυσσεϐοῦς
549 795 722 827 διδασκάλου,

122 843 184 870 Κᾶν
200 843 224 869 ει
235 842 408 877 διαρραγεῖεν
419 841 550 876 Ἕλληνες
565 840 659 876 μέσον,

119 889 260 921 Μανέντις
267 890 296 916 ιν
311 888 414 923 λόγοισι
429 888 566 924 Τελχίνων
579 888 659 924 μέτα.

157 934 212 961 Καὶ
225 934 322 970 πρῶτα
337 934 387 969 μὲν
403 934 477 970 ζήλῳ
493 942 525 969 γε
534 933 651 969 ῥωσθεὶς
665 933 750 969 non.)

118 978 240 1012 Χριστὸν
259 977 358 1013 κριτὴν
368 977 462 1012 τίθημι
471 977 518 1004 τὸν
531 977 597 1005 Θεὸν
612 978 709 1011 Λόγον,

125 1022 171 1055 ἀς
182 1023 246 1050 ὄντα
264 1023 355 1063 τςηγὴν
370 1023 420 1059 τῆς
432 1022 562 1059 ἀληθείας
579 1023 661 1057 μόνον
678 1031 684 1037 ·

118 1070 174 1096 Καὶ
182 1069 221 1104 τῷ
233 1069 312 1104 Λόγῳ
326 1068 420 1104 θρόνον
434 1077 466 1096 ἰε
478 1069 525 1096 καὶ
542 1068 619 1104 βῆμα
634 1069 731 1104 γράφω

117 1114 218 1146 Τάξεις
231 1115 416 1150 παρεστώτων
429 1123 462 1149 γε
472 1115 579 1142 σεπτῶν
593 1116 728 1149 ἀγγέλων,

116 1161 174 1187 Καὶ
192 1160 320 1195 συγκαλῶ
336 1161 448 1197 θέατρον
460 1161 610 1197 ἀνθρώπων
622 1161 702 1196 μέγα,

118 1206 176 1232 Καὶ
189 1206 397 1242 προσκαλοῦμαι
411 1207 475 1239 τοὺς
490 1208 574 1243 εμοὺς
585 1207 765 1242 κατηγόρους,

115 1252 208 1279 Μέσον
222 1252 365 1288 παρελθὼν
379 1252 418 1285 ὥς
431 1261 474 1285 τις
486 1253 598 1289 ὁπλίτης
606 1254 677 1286 νέος,

116 1297 176 1323 υὺκ
193 1298 234 1329 είς
248 1297 341 1332 ἀγῶνά
357 1299 429 1333 φημι
444 1298 499 1325 τῶν
509 1297 678 1333 Ὀλυμπίων,

116 1343 289 1379 Ἑκκλησιῶν
301 1344 330 1371 δι
347 1344 402 1371 τῶν
411 1344 469 1372 ἄνω
479 1345 591 1372 καὶτῶν
606 1346 693 1377 κάτω,

114 1390 233 1426 Μέτιιμιι
245 1389 337 1418 λοιπὸν
353 1391 383 1417 ιν
395 1391 523 1426 κονίστρᾳ
537 1391 590 1417 τῶν
606 1392 703 1424 λόγων.

151 1435 279 1471 Ἐρροιεν
293 1437 317 1463 οἱ
330 1436 361 1463 τδ
376 1437 452 1463 Θεῖον
472 1438 660 1472 ὲΕηρνημένοι,

113 1480 235 1508 ὶίανεῐεν
249 1482 275 1508 οι
289 1482 408 1509 Μάνεντι
424 1484 642 1517 συμμεμηνύτες,

114 1525 247 1561 Φθαρείεν
262 1526 288 1553 οι
301 1526 426 1558 σέϐοντες
449 1527 582 1562 Ἑλλήνων
602 1528 690 1560 θεοὺς,

112 1571 197 1603 enim
206 1571 290 1608 ἐρωτι
304 1573 352 1599 καὶ
367 1573 449 1609 praep:
460 1573 660 1609 συνημμένους,

111 1618 197 1649 Θεοὺς
207 1618 254 1645 ὑπ’
265 1618 371 1653 ἀνδρῶν
383 1618 501 1645 εὐτελῶν
514 1620 714 1654 τετρωμένους,

111 1661 197 1693 θεούς
207 1670 238 1689 τε
249 1664 361 1698 μοιχοὺς
371 1664 419 1690 καὶ
431 1663 495 1696 θεὰς
508 1664 691 1699 κασσωρίδας,

112 1708 183 1740 Θεὰς
190 1709 243 1735 ’ὑπ’
254 1709 360 1745 ἀνδρῶν
373 1709 509 1745 βουκόλων
520 1711 710 1745 γαμουμένας,

110 1754 193 1786 Θξούς
208 1755 362 1795 τεμωλοὺς,
374 1756 421 1783 καὶ
435 1757 623 1792 παραϐλῶπας
642 1757 718 1789 θεάς.

145 1801 259 1828 Πέσοιεν
275 1803 299 1828 οἱ
314 1802 352 1837 μὴ
362 1803 577 1838 προσκυνοῦντες
589 1803 732 1838 ἐμφρόνως

108 1846 168 1882 Θεῷ
182 1846 337 1882 προσώποις
345 1848 374 1874 ἐν
387 1848 461 1883 τρισὶ
469 1848 614 1884 νοουμένῳ,

116 1895 297 1930 ’Υμνουμόνῳ
308 1894 338 1932 ﬁt
351 1896 385 1930 τῇ
398 1895 448 1930 μιᾷ
463 1886 532 1930 μόνῇ
545 1894 625 1929 φύσει
637 1902 645 1910 ο

109 1940 223 1967 eam“
233 1941 259 1967 οι
275 1941 325 1976 τὴν
339 1941 429 1976 σάρκα
447 1940 495 1967 τοῦ
508 1940 574 1967 Θεοῦ
595 1940 682 1974 Λόγου

108 1983 155 2017 Μὴ
172 1984 222 2010 σὺν
237 1983 312 2018 φόϐῳ
328 1984 452 2015 σέϐοντες
465 1984 497 2010 εκ
511 1984 600 2019 ψυχῆς
613 1984 692 2019 ὅλης·

108 2027 226 2062 Χριστὸς
238 2024 422 2063 καταργήσειε
434 2028 482 2060 τὰς
501 2027 686 2064 βλασφημίας,

107 2072 205 2108 Σωτὴρ
220 2072 389 2108 όλοθρεὺσιιε
401 2074 492 2105 πάσας
508 2074 639 2109 αιρέσεις,

106 2119 225 2154 Χριστὸς
236 2119 260 2145 δ’
273 2119 434 2154 ἀμερδύνειε
450 2120 498 2146 καὶ
512 2120 566 2147 τῶν
585 2119 741 2155 σχισμάτων

107 2164 215 2199 Βλάϐην
230 2164 339 2191 ἃπασαν
355 2165 402 2191 καὶ
421 2165 554 2199 πονηρίαν
568 2164 665 2199 φθόνου
677 2172 685 2180 ο

106 2209 203 2244 Σωτὴρ
217 2209 363 2236 ἁῖστώσειε
379 2211 443 2242 τοὺς
457 2210 536 2245 δόξης
550 2210 632 2246 χάριν

115 2255 282 2290 Ἐκκλησίαν
296 2255 446 2290 τέμνοντας
464 2256 504 2288 εἰς
519 2256 675 2291 διαιρέσεις.

140 2300 235 2327 Ταῦτα
244 2301 336 2336 φρονῶ
348 2301 414 2334 ζῶν,
426 2302 473 2328 καὶ
490 2301 577 2328 θανὼν
591 2302 650 2329 ἐκεί
664 2302 747 2330 πάλιν

104 2345 292 2381 Καυχὼμενος
304 2346 414 2381 λέξαιμι
428 2347 547 2381 πρόσθεν
560 2347 683 2382 ἀγγέλων
694 2356 704 2366 ο

104 2392 137 2419 τί
146 2400 188 2419 σοι
202 2393 332 2427 χρεωστῶ
343 2393 390 2419 τοῦ
404 2394 463 2425 νοὸς
475 2393 549 2421 κατὰ
559 2394 650 2427 πλέον,

103 2435 139 2464 'n
153 2438 341 2472 παντεπόπτα,
351 2439 399 2465 καὶ
414 2440 528 2474 νεφροὺς
540 2440 579 2475 (6)
590 2440 637 2467 καὶ
649 2441 774 2476 καρδίας,

103 2480 138 2510 Ὠ
152 2484 217 2515 τοὺς
231 2483 377 2519 λογισμοὺς
387 2484 536 2520 ἐξερευνῶν
549 2486 687 2522 ἐννόμως

137 2550 210 2578 οἶον
222 2551 261 2586 δὴ
273 2551 321 2579 καὶ
337 2551 425 2579 τοῦτο
439 2551 473 2579 τὸ
487 2552 731 2587 ἡρωικοελεγεῖογ
749 2554 854 2582 αὐτοῦ.

105 2610 189 2644 Ἕρρε
206 2618 262 2644 μοι,
274 2605 297 2635 ὦ
313 2609 473 2644 τριτάλαινα
486 2609 637 2645 Πολύμνια,
654 2610 762 2646 ιρῤετε,
777 2611 888 2647 μοῦσαι,

136 2655 231 2691 Αὐτὰρ
245 2655 317 2690 ἐγὼν
328 2655 382 2684 ἀπὸ
396 2655 444 2682 νῦν
460 2656 606 2692 ῥητορικῆς
622 2656 723 2692 ἔραμαι
735 2664 743 2672 ⁸

101 2702 203 2728 Oti-nov
217 2702 349 2738 ἁρχιερῆα
361 2702 630 2739 γεροντοδιδάσκαλον
646 2702 743 2738 εὑρὼν,

135 2815 174 2849 (5)
189 2815 220 2842 (Σ.
238 2815 345 2842 videtur
358 2815 482 2850 πτέρους.

136 2851 176 2885 (6)
193 2851 239 2877 Sic
253 2850 316 2877 cmi.
327 2858 388 2877 cum
408 2849 528 2885 simplici
554 2858 580 2883 ρ,
601 2854 630 2876 ιιι
653 2849 722 2876 infra
735 2856 759 2875 ν.
778 2849 823 2881 35,
839 2850 884 2877 ubi

830 197 1026 227 APOLOGIA.
1692 199 1745 232 ε)δέ

924 252 948 278 Δ
997 250 1066 277 Cum
1093 256 1157 276 vero
1177 249 1293 277 delirant
1322 256 1355 276 cx
1385 250 1562 285 Illalignitate,
1579 255 1608 279 et
1635 259 1686 279 ceu
1710 254 1748 280 In-

961 295 1070 330 pidibus
1099 294 1203 322 nocivis
1232 301 1259 322 ct
1284 295 1432 322 acerbitate
1451 296 1557 330 plenis,
1576 298 1750 327 sermonibus

959 348 1012 368 nos
1041 341 1177 375 impetum
1218 341 1328 376 longum
1355 348 1404 375 per
1439 345 1565 376 tempus,
1591 343 1749 371 cicadarum

960 391 1138 421 sumpserunt
1177 385 1235 413 alas
1259 387 1398 418 fortasse,
1429 391 1459 413 ut
1487 394 1536 415 nos
1572 388 1747 417 lacesserent.

961 431 988 458 Si
1005 432 1070 466 quid
1092 436 1200 466 oportet
1229 439 1356 467 magnum
1372 432 1464 467 loqui,
1483 432 1584 459 malum
1604 441 1654 467 pro
1679 434 1750 461 malo

959 477 1091 510 inferens,
1121 477 1188 504 dicit
1223 479 1363 505 matricida
1378 499 1385 510 ,
1407 479 1509 506 Atridae
1535 478 1608 506 ﬁlius
1626 488 1634 506 :
1653 480 1750 508 inutile

959 522 1063 551 invenit
1081 524 1109 550 in
1129 524 1184 551 vita
1202 524 1385 559 proverbium.
1406 524 1460 560 Ego
1487 529 1578 553 autem
1609 525 1681 553 bono
1700 526 1748 553 bo-

960 577 1024 597 num
1052 570 1206 598 rescribens
1234 578 1410 604 sermonem,
1440 572 1533 606 linquo
1560 571 1587 598 in
1607 571 1661 598 vita
1692 579 1749 599 tne-

959 616 1085 647 moriam.
1107 617 1243 650 parricida
1257 617 1332 651 impii
1360 617 1495 651 magistri.
1510 617 1636 652 quamvis
1662 616 1748 645 Graeci

958 661 986 688 in
1002 662 1092 688 medio
1107 662 1324 697 disrumpantur,
1341 662 1438 690 furiosi
1454 662 1518 691 facti
1530 663 1558 690 in
1576 663 1750 692 sermonibus

958 713 1021 733 cum
1037 706 1185 734 Tclcbinis.

996 906 1029 934 Et
1045 907 1163 942 primum
1185 908 1295 943 quidem
1320 908 1380 936 zelo
1396 913 1475 937 actus
1498 908 1592 936 divino
1605 909 1749 937 Christum

924 946 946 974 Β
957 953 1077 988 iudicem
1093 957 1184 981 statuo
1200 953 1285 981 Deum
1305 954 1422 981 Verbum
1437 975 1446 987 ,
1462 959 1492 981 ut
1507 959 1549 982 est
1564 955 1688 983 veritatis
1702 963 1748 983 so-

959 998 1002 1026 lns
1013 998 1093 1032 fons;
1107 1003 1134 1027 et
1142 998 1233 1026 Verbo
1247 999 1374 1027 thronum
1388 1004 1415 1028 et
1429 1001 1576 1029 scabellum
1594 1002 1686 1029 scribo
1699 1010 1745 1030 or~

957 1044 1036 1072 dines
1054 1052 1117 1072 esse
1135 1045 1378 1073 circumstantium
1392 1051 1552 1074 sanctorum
1571 1048 1743 1082 angelorum,

956 1094 984 1117 ct
1004 1097 1128 1118 convoco
1151 1097 1279 1125 magnum
1298 1091 1439 1119 hominum
1457 1097 1570 1124 ccetum,
1596 1097 1623 1120 et
1639 1094 1747 1121 advoco

956 1143 1032 1163 meos
1045 1140 1232 1169 accusatores,
1248 1136 1277 1163 in
1293 1137 1412 1164 medium
1427 1138 1593 1173 ingrediens,
1608 1142 1638 1166 ut
1656 1146 1744 1167 novus

958 1180 1070 1215 quidam
1087 1181 1177 1214 miles,
1202 1189 1258 1208 non
1274 1181 1302 1208 in
1318 1186 1457 1210 certamen
1481 1183 1542 1211 dico
1560 1183 1745 1219 Olympicum,

955 1226 1002 1253 sed
1017 1226 1043 1253 in
1069 1225 1207 1254 Ecclesia:
1222 1234 1283 1261 qua:
1297 1234 1378 1261 supra
1404 1232 1432 1256 et
1443 1228 1516 1256 infra
1532 1230 1681 1264 exsistunt,
1697 1230 1743 1257 in-

954 1271 1065 1305 gredior
1080 1271 1189 1300 tandem
1204 1279 1364 1300 sermonum
1380 1281 1485 1302 aream.

991 1441 1149 1477 Dispeream
1163 1443 1211 1478 qui
1223 1442 1308 1470 Deum
1322 1449 1433 1476 negant,
1450 1443 1528 1471 furiis
1541 1444 1679 1479 agitentur
1689 1447 1740 1481 qui

953 1494 1015 1514 cum
1043 1487 1120 1515 Mane
1152 1488 1303 1520 insaniunt,
1329 1493 1440 1522 pereant
1463 1489 1508 1523 qui
1528 1489 1741 1518 cnluutGmco—

953 1539 1012 1558 rum
1037 1532 1113 1563 deos,
1137 1532 1203 1560 deos
1228 1533 1314 1560 amori
1346 1537 1373 1560 et
1395 1533 1571 1567 passionibus
1595 1535 1742 1569 obnoxios,

952 1577 1019 1604 deus
1047 1585 1062 1604 ιι
1086 1577 1184 1605 vilibus
1207 1579 1273 1606 viris
1299 1579 1466 1612 vulneratos,
1483 1580 1549 1608 deos
1561 1582 1698 1609 adulteros
1714 1586 1741 1610 et

913 1613 934 1642 (ἶ
954 1622 1019 1650 deas
1034 1624 1211 1654 meretrices.
1237 1624 1303 1652 deus
1325 1632 1385 1658 quae
1409 1624 1489 1651 boum
1514 1626 1675 1654 custodibus
1692 1635 1741 1654 nu-

954 1671 1078 1700 pserunt,
1097 1667 1164 1695 deos
1177 1667 1290 1695 claudos
1302 1671 1330 1695 et
1341 1668 1407 1696 deas
1425 1669 1527 1697 luscas.

989 1797 1095 1825 Cadaot
1110 1798 1156 1832 qui
1172 1805 1225 1826 non
1237 1798 1412 1827 adoraverint
1428 1799 1575 1834 prudenter
1586 1799 1669 1828 Deum
1682 1801 1718 1829 tri

951 1843 1003 1871 bus
1026 1844 1054 1870 iu
1080 1844 1204 1878 personis
1218 1845 1358 1879 cognitum
1370 1863 1379 1876 ,
1401 1845 1623 1880 celebratumque
1637 1847 1664 1873 in
1680 1855 1736 1874 una

949 1889 1007 1917 sola
1031 1893 1140 1916 natura.
1162 1889 1312 1917 Moriantur
1325 1891 1371 1925 qui
1387 1898 1495 1918 carnem
1512 1891 1558 1918 Dei
1573 1890 1655 1919 Verbi
1674 1900 1736 1919 cunt

950 1935 1048 1962 timore
1064 1943 1118 1962 non
1132 1935 1269 1963 coluerint
1283 1943 1314 1963 ex
1337 1940 1393 1963 tota
1409 1941 1508 1964 mente.
1528 1936 1656 1965 Christus
1671 1945 1737 1965 con-

952 1980 1051 2007 [undat
1077 1981 1281 2016 blasphemias;
1298 1980 1423 2008 Salvator
1445 1982 1608 2009 exterminet
1639 1989 1736 2010 omnes

950 2026 1089 2060 haereses;
1107 2027 1234 2056 Christus
1256 2027 1371 2063 dissipet
1390 2028 1570 2056 schismatqu
1598 2029 1735 2063 perversi-

951 2077 1035 2101 tatem
1052 2080 1159 2100 omnem
1186 2079 1213 2101 et
1236 2073 1431 2108 malignitatem
1467 2073 1592 2107 invidiae;
1611 2074 1736 2101 Salvator

947 2117 1072 2145 destruat
1089 2117 1150 2145 illos
1163 2118 1209 2153 qui
1225 2117 1318 2152 glorias
1329 2124 1412 2145 causa
1427 2117 1579 2146 Ecclesiam
1593 2118 1621 2145 in
1636 2117 1734 2145 factio-

947 2170 996 2191 nes
1010 2161 1146 2190 dividunt.

908 2280 936 2311 θ
984 2289 1046 2317 llaec
1059 2290 1154 2318 vivens
1166 2290 1267 2325 cogito,
1282 2295 1310 2318 et
1329 2295 1454 2318 mortuus
1470 2291 1526 2318 illic
1546 2291 1645 2319 iterum
1662 2299 1729 2327 gau-

946 2335 1015 2363 dens
1025 2335 1114 2363 dicam
1125 2343 1217 2363 coram
1233 2336 1349 2371 angelis.
1357 2336 1441 2371 Cujus
1451 2336 1490 2364 rei
1503 2336 1550 2364 tibi
1561 2337 1648 2372 magis
1656 2337 1731 2365 debi-

947 2385 990 2409 tor
1003 2389 1076 2414 sum.
1093 2389 1110 2409 ο
1124 2386 1152 2408 ιιι
1167 2381 1215 2416 qui
1229 2386 1328 2409 cuncta
1353 2382 1439 2415 vides,
1455 2387 1556 2415 mente,
1578 2383 1691 2411 renibus
1703 2388 1730 2411 et

945 2427 1040 2461 corde,
1053 2435 1070 2456 ο
1082 2432 1110 2455 tu
1126 2428 1174 2462 qui
1190 2427 1371 2463 cogitationes
1383 2432 1457 2456 recte
1474 2429 1626 2458 scrutaris?

1008 2549 1073 2577 Τσίε
1081 2553 1106 2576 ιι
1121 2549 1198 2577 hocce
1209 2554 1248 2577 est
1261 2550 1521 2585 heroicwelegiacum
1533 2551 1660 2585 ejusdem.

979 2608 1020 2636 lto
1034 2608 1111 2642 mibi,
1126 2615 1142 2636 ο
1155 2612 1197 2635 ter
1210 2608 1310 2636 misera
1324 2607 1476 2644 Polymnia,
1492 2609 1529 2637 ite
1544 2617 1647 2643 musa;
1665 2618 1726 2638 nam

941 2663 992 2692 ego
1008 2663 1082 2683 nunc
1096 2655 1214 2683 maxime
1234 2655 1397 2683 rhetoricam
1410 2655 1508 2683 adamo
1524 2665 1531 2683 :

978 2701 1104 2730 Pbotium
1117 2702 1191 2730 enim
1214 2701 1436 2737 archipresulem
1456 2708 1551 2730 senum
1570 2702 1728 2737 magistrum

846 2769 960 2802 ΝΟΤιΕ.

942 2823 1002 2843 rum
1021 2815 1259 2851 schismnticorum
1277 2814 1384 2843 insania
1393 2815 1533 2851 despecta.

976 2851 1015 2886 (7)
1026 2851 1058 2879 C.
1076 2851 1133 2878 Viti.
1149 2850 1267 2885 νεφρῶν.

103 2894 167 2914 sane
180 2885 214 2914 dc
230 2885 328 2913 l’liutio
340 2886 365 2912 in
386 2886 511 2913 usilium
529 2886 613 2913 misso
636 2884 768 2920 loquitur,
781 2892 880 2919 graneo-
