4176 6446
1449 409 2460 422 __._—._—__._——--———._-———.—__——.———
2471 406 3239 417 ww”.
3252 405 3414 417 ﬁ-

754 593 1443 750 LEONIS
1556 579 2852 743 IMPERATOBIS

1479 886 2168 1015 TACTICA

1749 1118 1891 1160 SIVE

1097 1247 1244 1334 DE
1306 1244 1448 1333 RE
1523 1241 2079 1331 MILITABI
2169 1243 2564 1331 LIBER.

1427 1436 1764 1496 J‘OANNES
1797 1435 2192 1496 MEURSIUS

1017 1589 1236 1636 GRECE
1291 1590 1526 1632 PRIMUS
1569 1588 1902 1637 VULGAVIT,
1963 1585 2039 1627 ET
2090 1586 2287 1629 NOTAS
2321 1587 2594 1632 ADDIDIT.

1651 1693 1677 1748 J
1745 1691 2002 1746 LAMIUS

652 1831 724 1871 II!
758 1827 1177 1871 ABSOLUTISSI'O
1209 1827 1397 1866 εοῡιεε
1422 1823 1794 1864 ιΑυπιεΝτιΑΝο
1836 1821 2073 1860 κυτιιωι
2106 1822 2296 1860 8151⁸1³112

1345 1827 1397 1865 ΞΕ
1422 1823 1794 1864 ιλυῐιεκτιλκο
1836 1821 2073 1860 κυτιιωι
2106 1822 2392 1861 SUI'PlJ-ZVIT
2440 1823 2612 1870 Ατουε
2647 1823 2930 1864 ηεετιτυιτ
2983 1849 2994 1873 η

479 431 765 436 ____,

1263 2117 1745 2161 ιιιυετιιιεεωιε
1776 2120 1850 2160 ΔΟ
1885 2119 2352 2163 POTENTISSIMIS

456 2224 541 2264 DD
600 2219 942 2266 OBDINIBUS
997 2219 1434 2261 GENERALIBUS
1467 2218 1981 2260 FOEDERATORUM
2014 2219 2219 2260 BELGII
2272 2221 2543 2261 ιηιονιΝρ
2579 2247 2593 2274 ,
2626 2223 2869 2264 PATRUE
2902 2226 3204 2270 PATRIBUS

1102 2319 1379 2364 JOANNES
1411 2320 1726 2366 MEUBSIUS
1767 2320 1987 2365 DEDICO
2047 2321 2521 2376 CONSECROQUE.

263 2539 502 2594 Illusris
535 2538 627 2590 imi
678 2537 1132 2604 potentissimique
1207 2534 1447 2595 Domini,
1486 2534 1539 2586 in
1600 2535 1761 2588 lucem
1795 2534 2002 2602 profero
2045 2534 2265 2588 Leonem
2309 2537 2530 2604 imperat
2601 2553 2699 2596 em.
2737 2555 2834 2591 sua
2871 2557 3007 2593 nunc
3041 2542 3218 2612 lingua
3270 2547 3342 2603 De
3378 2566 3434 2606 rc

187 2629 417 2682 militari
449 2629 809 2691 disserentem,
843 2641 958 2677 cum
989 2625 1238 2675 hactenus
1271 2637 1362 2690 per
1386 2623 1717 2688 interpretem
1752 2633 1955 2674 tantum
1987 2623 2040 2674 id
2065 2626 2249 2691 egerit,
2287 2634 2334 2675 et
2386 2625 2526 2676 vobis
2558 2625 2740 2691 o/fero.
2790 2625 3178 2695 Reprehendent
3207 2634 3434 2700 fortasse

190 2715 460 2777 nonnulli,
495 2716 649 2782 quasi
678 2723 872 2781 preter
911 2721 1134 2777 tempus,
1157 2726 1273 2760 cum
1314 2724 1404 2774 per
1445 2709 1685 2761 inducias
1713 2727 1863 2761 arma
1891 2711 2113 2772 sileant;
2158 2712 2345 2779 quibus
2374 2713 2608 2779 equidem
2644 2715 2871 2766 rationes
2903 2733 3028 2769 suas
3061 2737 3162 2772 non
3191 2735 3432 2779 constare

191 2803 537 2871 respondebo.
577 2800 719 2853 Nam
757 2800 967 2866 quando
1003 2798 1081 2852 vel
1123 2800 1176 2850 in
1222 2799 1482 2850 altissima
1524 2814 1650 2864 pace
1680 2797 2014 2864 coyitandum
2055 2813 2166 2848 esse
2203 2798 2266 2848 de
2298 2798 2459 2861 bello,
2487 2801 2674 2850 scitum
2720 2811 2786 2852 sit
2825 2812 3051 2856 veterum
3094 2810 3430 2876 prudentum,

188 2912 220 2964 q
263 2896 309 2946 is
337 2910 498 2946 sanus
533 2891 772 2958 sepositis
812 2890 1071 2941 duntaxat
1101 2889 1168 2940 ad
1206 2886 1320 2939 XII
1354 2903 1519 2939 armos
1549 2888 1733 2950 armis,
1763 2903 1793 2937 a
1825 2895 1931 2937 tam
1960 2887 2095 2936 brevi
2133 2885 2464 2936 induciarum
2495 2901 2723 2953 tempore
2751 2889 2979 2941 alienam
3011 2893 3131 2946 belli
3158 2899 3434 2965 cogitatio-

190 2998 308 3034 nem
339 2980 575 3032 dixerit?
607 2977 759 3031 Certe
792 2979 846 3029 in
883 2993 1012 3044 pace
1041 2991 1194 3027 arma
1226 2973 1476 3025 discenda
1507 2985 1652 3034 sunt,
1684 2985 1738 3024 ut
1773 2989 1952 3025 eorum
1981 2975 2200 3024 scientia
2230 2975 2279 3024 in
2316 2972 2448 3024 bello
2479 2987 2719 3041 prompta
2743 2986 2898 3044 atque
2929 2981 3073 3033 utilis
3107 2999 3216 3036 esse
3241 2989 3430 3052 possit.

193 3068 462 3120 Praztereu
503 3082 602 3118 sua
633 3074 814 3131 sponte
857 3065 924 3114 ad
967 3079 1053 3114 vos
1096 3061 1179 3113 hic
1229 3059 1333 3112 Leo
1376 3062 1743 3124 contendebat,
1773 3061 1914 3113 vobis
1947 3077 2000 3112 se
2041 3060 2215 3112 deberi
2251 3062 2586 3123 existimans,
2622 3065 2709 3130 qui
2747 3067 2822 3115 rei
2868 3067 3116 3121 militaris
3152 3070 3306 3141 longo
3338 3091 3434 3127 usu

188 3158 423 3207 maxime
453 3155 628 3222 periti,
659 3153 905 3204 honorem
939 3151 1104 3202 armis
1156 3165 1438 3218 eorumque
1471 3149 1874 3217 pra’ceptoribus
1905 3147 2092 3200 habere
2119 3149 2345 3200 sciretis.
2377 3149 2507 3214 Quis
2530 3152 2667 3202 enim
2698 3153 2846 3204 hodie
2877 3156 3186 3209 mortalium
3223 3160 3431 3228 ignorat

190 3245 409 3305 bellant,
435 3243 573 3310 quod
609 3240 983 3309 gravissimum
1013 3253 1105 3306 per
1135 3247 1210 3290 tot
1242 3253 1408 3290 annos
1438 3248 1640 3304 gestum
1665 3245 1761 3299 est,
1795 3236 1979 3287 vestris
2003 3237 2277 3302 auspiciis,
2302 3237 2466 3287 ductu
2499 3238 2854 3291 illustrissimi
2884 3243 3136 3309 principis
3198 3245 3432 3301 Mauritii

188 3347 217 3382 ει
239 3329 474 3391 Nassau,
496 3345 645 3392 cujus
661 3337 709 3380 et
731 3327 974 3380 virtutem
991 3326 1147 3376 laude
1162 3326 1342 3392 quavis
1359 3324 1632 3391 majorem,
1661 3333 1710 3375 et
1734 3321 2170 3389 incomparabilia
2200 3323 2252 3374 in
2279 3323 2654 3391 rempublicam
2688 3338 2913 3379 vestram
2937 3331 3140 3390 merita.
3165 3336 3310 3386 nulla
3334 3352 3436 3387 un-

188 3435 349 3486 quam
393 3427 524 3470 tetas
556 3415 878 3468 obliterabit.
914 3411 1231 3465 Evolvamus
1261 3409 1633 3463 Historiarum
1665 3425 1901 3462 omnium
1937 3421 2295 3471 monumenta,
2324 3421 2617 3478 repetamus
2653 3415 2887 3466 omnium
2925 3417 3239 3471 saculorum
3274 3421 3436 3488 bella,

189 3522 341 3559 nemo
366 3507 654 3574 quidquam
693 3504 917 3556 inveniet
968 3503 1106 3570 quod
1136 3516 1254 3553 cum
1286 3501 1381 3552 hoc
1413 3509 1582 3552 vestro
1610 3513 1914 3566 componere
1936 3506 2122 3564 possit.
2151 3498 2318 3565 Atque
2344 3500 2474 3550 adeo
2506 3502 2591 3552 vix
2616 3502 2806 3554 habere
2833 3504 2990 3570 ﬁdem
3022 3508 3305 3573 posteritas
3341 3526 3439 3577 ρο-

191 3603 335 3655 terit,
369 3609 488 3646 cum
521 3593 675 3661 leget,
729 3590 804 3643 vel
851 3600 1051 3658 optima
1092 3589 1193 3655 ﬁde
1239 3605 1294 3640 m
1338 3590 1536 3654 scripta
1576 3587 1824 3639 relatum.
1867 3585 2237 3637 Admirabrtur
2268 3587 2522 3654 populum
2554 3589 2834 3656 imbellem,
2866 3602 2914 3643 et
2945 3609 3036 3660 per
3073 3594 3437 3662 longissimam

189 3695 374 3740 pacem
407 3678 614 3731 militia:
644 3679 914 3746 ignarum,
944 3675 1197 3728 adversus
1229 3675 1648 3742 potentissimum
1681 3674 1842 3726 totius
1871 3673 2010 3725 orbis
2044 3672 2347 3740 Christiani.
2375 3691 2546 3744 regem
2577 3693 2728 3729 arma
2765 3695 2995 3747 unquam
3017 3697 3220 3734 sumere
3251 3700 3439 3737 ausum

191 3769 358 3834 fuisse
381 3781 401 3818 :
431 3765 789 3820 admirabitur
823 3782 853 3817 a
880 3775 988 3816 tum
1020 3765 1196 3832 parvis
1229 3764 1424 3829 initiis,
1447 3762 1615 3814 animi
1636 3761 1940 3828 pleniorem,
1977 3777 2136 3829 quam
2169 3763 2278 3828 spei
2309 3764 2377 3812 ad
2413 3773 2571 3814 istam
2601 3767 3018 3832 magnitudinem
3045 3771 3365 3835 perteuisse,

1040 3852 1142 3906 Per
1179 3868 1360 3905 varios
1399 3867 1582 3913 casus,
1629 3865 1722 3918 per
1761 3858 1839 3901 tot
1881 3848 2201 3901 discmninu
2252 3865 2458 3902 rerum.

194 3942 344 3996 Inter
381 3958 500 4010 qua:
537 3943 758 3996 eminuit
793 3957 1016 4009 semper,
1054 3949 1110 3992 ut
1148 3939 1438 4008 singularis
1485 3949 1657 3991 vestra
1693 3941 1996 4005 prudentia,
2027 3942 2102 3992 ita
2139 3955 2340 4006 quoque
2381 3940 2475 3992 illa
2520 3941 2714 3995 invicta
2747 3946 3070 4006 constantia,
3102 3963 3205 4014 qua
3244 3950 3440 4000 armati

195 4043 393 4083 rectum
426 4046 693 4099 nunquam
726 4046 830 4082 non
875 4030 1079 4081 clavum
1124 4028 1397 4087 tenuistis,
1433 4027 1768 4094 animumque
1794 4027 1870 4080 vel
1906 4028 2052 4080 rebus
2083 4029 2310 4081 maxime
2349 4029 2554 4096 afﬂictis
2609 4031 2975 4083 inconcussum
3015 4034 3297 4087 habuistis.
3333 4035 3440 4088 Ni-

194 4120 388 4169 mirum
437 4119 535 4170 hoc
581 4133 782 4184 semper
826 4118 1179 4184 cogitubatis;
1217 4130 1312 4183 pro
1349 4114 1593 4166 libertate
1628 4114 1841 4181 publica
1898 4114 2112 4183 ejusque
2153 4117 2320 4169 tutela
2349 4131 2397 4168 et
2444 4135 2598 4186 agere
2629 4128 2675 4170 et
2710 4121 2821 4185 pati
2853 4119 3038 4187 fortia,
3070 4123 3442 4188 {wderatorum

194 4205 482 4273 Belgarum
526 4221 656 4258 esse.
697 4203 889 4273 Ingens
933 4203 1168 4271 profecto
1205 4202 1506 4269 bene/icium
1546 4212 1646 4264 est,
1669 4201 1805 4269 quod
1827 4217 1859 4253 a
1893 4201 2034 4254 vobis
2065 4219 2307 4268 accepere
2337 4205 2538 4256 subditi
2569 4215 2745 4270 vestri,
2777 4224 2936 4275 neque
2972 4210 3130 4276 facile
3168 4213 3406 4264 wstimau

193 4299 358 4356 dum;
397 4304 446 4345 et
471 4293 620 4344 debet
651 4291 784 4344 illud
813 4301 1013 4344 retento
1047 4293 1229 4358 aliquo
1259 4299 1592 4341 monumento
1624 4291 1943 4353 consecrari,
1972 4306 2033 4342 ne
2067 4303 2351 4356 posteritas
2381 4294 2601 4360 ignoret.
2641 4292 2706 4344 Id
2743 4304 2798 4346 ut
2825 4297 2944 4362 ﬁat,
2977 4309 3231 4364 quantum
3254 4299 3307 4350 in
3339 4314 3440 4359 me,

194 4396 410 4448 operum
450 4380 626 4441 dabo;
660 4395 1055 4447 proponamque
1097 4377 1238 4429 brevi
1285 4377 1520 4428 omnium
1574 4376 1738 4428 oculis
1782 4377 1836 4428 in
1884 4375 2132 4429 Historia
2173 4393 2287 4429 mea
2324 4397 2341 4431 .'
2376 4395 2532 4447 quam
2567 4385 2704 4447 quod
2744 4393 2910 4434 vestro
2935 4384 3090 4450 jussu
3126 4384 3346 4449 adorna,
3386 4395 3443 4436 ut

195 4470 431 4519 maximo
462 4468 591 4520 mihi
621 4469 808 4520 honori
838 4470 995 4531 duco,
1025 4468 1102 4519 ita
1142 4482 1294 4534 pares
1323 4481 1526 4534 quoque
1551 4481 1610 4517 eo
1647 4465 1852 4516 nomine
1879 4467 2020 4518 vobis
2059 4468 2289 4534 agemlas
2325 4482 2437 4518 esse
2470 4470 2694 4534 gratias.
2727 4468 2856 4522 Cum
2894 4481 3067 4524 autem
3109 4473 3240 4523 sath
3274 4489 3352 4525 ire
3385 4474 3440 4524 id

194 4555 370 4621 facere
409 4571 513 4607 non
556 4571 706 4622 posse
729 4555 1014 4622 jud'caien
1039 4593 1053 4615 ,
1093 4555 1429 4620 allegandum
1460 4557 1594 4604 hunc
1636 4555 2004 4618 imperatorem
2043 4555 2232 4617 statui,
2270 4564 2324 4606 ut
2356 4557 2494 4622 quod
2528 4567 2696 4609 vestro
2728 4560 2915 4610 merito
2947 4575 3058 4610 mea
3093 4561 3320 4611 tenuitas
3350 4561 3440 4611 de-

196 4644 452 4705 traheret,
479 4643 534 4694 id
580 4645 691 4707 ipse
725 4644 1024 4694 universum
1055 4657 1150 4693 sua
1181 4651 1459 4708 majestate
1497 4639 1783 4706 suppleret.
1812 4645 1975 4710 Atque
2006 4642 2089 4693 hic
2117 4643 2318 4704 desino,
2347 4652 2598 4694 a'letuum
2630 4645 2762 4696 illud
2797 4643 3003 4698 Numen
3038 4647 3255 4714 supplex
3293 4663 3440 4698 vene-

194 4748 341 4796 rans,
376 4730 738 4785 Illustrissimi
799 4729 1266 4799 Potentissmtique
1314 4729 1556 4792 Domini,
1590 4740 1643 4781 ut
1669 4732 1808 4782 vobis
1863 4731 2195 4797 consiliisque
2221 4731 2404 4782 vestris
2442 4731 2731 4794 benedicat,
2775 4743 2823 4785 et
2857 4743 2962 4786 tam
2989 4735 3250 4802 prwclaro
3285 4734 3445 4803 Operi

194 4829 421 4895 benigna
463 4842 624 4878 manu
659 4826 996 4894 colaphonem
1036 4826 1296 4891 imponat.
1333 4824 1577 4877 inductas
1638 4824 1791 4876 hasce
1847 4839 1972 4888 pace
2009 4827 2353 4892 conﬁrmans,
2406 4841 2505 4890 tpst
2534 4825 2791 4893 gloriosa,
2821 4828 2952 4895 reip.
2983 4837 3165 4882 vestra:
3195 4828 3441 4880 salutari.

195 4914 444 4984 Lugduni
477 4914 806 4968 Batavorum
830 4930 883 4968 tv
916 4913 1004 4967 Id.
1035 4910 1320 4966 Februarii
1354 4912 1512 4964 167⁸2.

1553 5193 1824 5248 LECTOR
1862 5195 2178 5250 BENIGNE.

271 5316 452 5370 Habes
479 5313 667 5368 Leonis
693 5311 932 5366 Tactica.
963 5312 1173 5384 Integra
1201 5329 1264 5367 ea
1296 5312 1589 5382 prodeunt,
1619 5315 1862 5380 exceptis
1898 5315 2087 5383 paucis
2113 5313 2490 5383 paragraphis,
2519 5329 2548 5367 e
2575 5313 2750 5368 tribus
2779 5313 3059 5367 codicibus
3088 5314 3445 5386 imperfectis,

199 5425 432 5478 quonmt
475 5423 586 5461 uno
629 5423 764 5460 usus
807 5423 928 5460 sum
962 5422 991 5459 c
1028 5407 1353 5460 bibliotheca
1397 5406 1539 5472 regis
1577 5405 1916 5465 Galbanum,
1963 5404 2410 5456 alterm-lectoris
2453 5399 2706 5462 Palatini,
2749 5402 2911 5454 tertio
2942 5400 3168 5454 Joannis
3201 5401 3444 5470 Pisloni,

204 5498 300 5549 viui
335 5497 400 5548 ad
453 5496 662 5549 litteras
700 5495 969 5564 juvandas
1010 5495 1426 5564 promptissimi.
1472 5493 1672 5560 Regius
1712 5493 1764 5544 in
1811 5491 2078 5560 principio
2125 5500 2178 5542 ct
2210 5492 2313 5542 line
2348 5489 2575 5540 mutilus
2599 5498 2746 5554 crat;
2787 5487 3068 5542 Palatinus
3103 5489 3156 5542 in
3189 5493 3367 5544 medio
3393 5503 3444 5543 ct

204 5586 344 5649 line;
381 5585 727 5638 Pistorianus
760 5594 970 5637 tantum
999 5586 1052 5637 in
1089 5584 1286 5638 rnedio.
1321 5583 1378 5638 In
1407 5581 1651 5636 Palatino
1681 5587 1836 5633 crant
1867 5579 2132 5630 duntaxat
2166 5575 2601 5630 Constitutioncs
2627 5593 2676 5628 χι
2704 5577 2912 5645 priores
2937 5593 3059 5631 cum
3087 5594 3199 5644 xw,
3235 5594 3323 5642 xv,
3357 5595 3444 5632 im

259 5735 277 5750 ’
310 5736 435 5792 Upp.
466 5731 690 5790 Meursii,
726 5734 840 5778 lom.
879 5729 948 5776 Vl.
