4176 6446
97 404 204 462 (Τῖῖἶ

1281 401 1614 460 TACTICA.
1657 425 1724 434 —
1758 399 2169 459 PREFATIO.

3249 399 3354 463 6'24

100 515 364 575 ἐπίδειξις
388 516 482 565 καὶ
506 515 822 575 ἀπόλαυσις,
848 513 1002 564 οὐδὲν
1026 514 1124 564 ὅσα
1153 514 1261 563 τῶν
1284 515 1342 565 ὲν
1366 512 1674 580 ἀνθρώποις

1786 511 2150 578 amplitudinis
2183 519 2384 563 nostrze
2413 510 2668 577 splendor
2709 523 2870 580 atque
2902 511 3136 576 fruetus,
3167 525 3343 579 neque

101 604 318 671 ἐφετῶν
359 605 456 655 καὶ
499 606 718 671 τιμίων,
749 605 847 670 τὴν
889 605 1168 672 ἡμετέραν
1194 603 1367 662 οὓτως
1395 602 1672 669 εὐφραίνει

100 693 404 761 βασιλείαν,
441 695 517 756 ὡς
547 696 579 763 ὴ
612 693 718 744 τῶν
748 693 999 760 ὑπηκόων
1022 694 1213 761 εἰρήνη
1252 692 1348 742 καὶ
1375 691 1673 761 εὐημερία,

97 784 192 832 καὶ
220 783 332 834 τῶν
365 782 660 836 πολιτικῶν
706 784 1049 851 πραγμάτων
1078 785 1111 850 ἡ
1158 782 1224 834 δι’
1259 781 1436 835 αὐτῶν
1486 783 1579 834 ἐπὶ
1617 782 1677 832 τὸ

97 876 352 940 κρεῖττον
403 872 733 934 κατάστασις
779 876 873 927 καὶ
921 871 1327 941 ἐπανόρθωσις’
1391 873 1581 941 ὥσπερ
1617 871 1678 922 τὸ

97 966 346 1016 ἐναντίον
390 965 540 1016 οὐδὲν
582 964 753 1028 οὕτως
797 966 898 1034 τὴν
945 964 1103 1032 ἡμῶν
1160 965 1389 1034 καρδίαν
1432 964 1556 1031 ἀνιᾷ
1585 963 1678 1012 καὶ

96 1055 282 1115 λυπεῖ,
313 1054 390 1114 ὡς
421 1056 452 1123 ἡ
483 1053 590 1106 τῶν
618 1055 721 1106 ὑπὸ
751 1057 909 1124 χεῖρα
935 1055 1264 1122 δυσπραγία,
1301 1053 1522 1106 καὶτῶν
1551 1051 1679 1119 περὶ

98 1147 300 1205 αὐτοὺς
333 1145 556 1210 ἀγαθῶν
601 1147 633 1214 ἠ
680 1147 749 1198 δι’
783 1143 1046 1212 ἀμελείας
1077 1145 1372 1205 ἐλάττωσις
1425 1142 1519 1194 καὶ
1576 1158 1679 1192 xa-

97 1234 401 1294 τάπτωσις.
433 1234 493 1284 Εἰ
533 1233 641 1301 γὰρ
673 1234 789 1293 ἐνὸς
824 1231 1014 1300 ἀνδρὸς
1050 1232 1149 1300 τῆς
1190 1230 1345 1301 ἡμῶν
1373 1229 1678 1298 ἠξιωμένου

99 1325 365 1391 προνοίας
386 1364 401 1386 ,
434 1327 464 1393 ἡ
490 1326 589 1393 μὲν
639 1325 733 1375 ἐπὶ
759 1324 820 1375 τὸ
849 1326 1096 1392 κρεῖττον
1137 1324 1424 1384 ἀνάνευσις
1473 1321 1680 1388 ἄφατον

99 1415 233 1481 ἡμῖν
279 1415 621 1484 εὐφροσύνην
674 1411 985 1482 ἐργάζεται,
1045 1415 1078 1482 ἡ
1127 1413 1185 1464 δὲ
1240 1411 1331 1463 ἐπὶ
1382 1411 1444 1462 τὸ
1501 1413 1679 1480 χεῖρον

99 1504 394 1564 ἀπόνευσις
423 1502 689 1570 ἀλγηδόνα
726 1502 901 1570 ψυχῆς
931 1500 1365 1568 ἀνυπερϐλητον,
1397 1499 1448 1550 τί
1482 1503 1580 1552 οὐκ
1609 1503 1673 1553 ἂν

102 1595 372 1660 πάθωμεν
424 1593 693 1644 τοσούτων
727 1593 1001 1661 μυριάδων
1041 1595 1141 1660 τῆς
1176 1590 1330 1659 ἡμῶν
1378 1592 1516 1659 μετά
1548 1592 1681 1644 Θεὸν

101 1686 434 1753 ἠρτημένων
456 1687 712 1754 προνοίας
731 1726 744 1748 ,
792 1679 867 1737 ὧν
895 1685 994 1754 τὴν
1037 1682 1295 1752 φροντίδα
1318 1683 1411 1735 καὶ
1438 1682 1536 1751 τὴν
1566 1684 1685 1733 tm-

104 1775 330 1842 μὲλειαν
357 1775 756 1844 χρεωστοῦντες
803 1774 1019 1841 νύκτωρ
1054 1772 1153 1840 μὲν
1199 1771 1682 1840 ἐπαγρυπνοῦμεν,

1777 601 2075 668 quidquam
2105 601 2283 660 exiis,
2318 615 2439 667 qua-
2481 599 2533 650 iu
2587 600 2901 656 hominibus
2943 599 3242 669 expetenda
3291 607 3348 654 et

1781 692 2042 743 honorata
2074 701 2220 751 sunt,
2259 691 2596 758 Majestatem
2640 698 2883 743 nostram
2930 691 3154 758 perinde
3193 689 3347 744 oble-

1780 787 1912 840 ctat,
1947 787 2004 832 ut
2033 794 2246 835 eorum.
2283 779 2372 846 qui
2416 778 2519 831 sub
2550 776 2888 830 dominatum
2933 787 3176 831 nostrum
3218 778 3348 832 sub-

1778 869 1908 936 jecti
1954 878 2101 932 sunt,
2141 885 2248 938 pax
2305 879 2468 937 atque
2518 868 2906 936 tranquillitas,
2947 876 2999 921 et
3043 868 3349 936 reipublicae

1781 970 1984 1017 nostra:
2020 960 2175 1014 ﬁrma
2198 962 2538 1019 constitutio.
2569 971 2733 1029 atque
2767 960 2833 1013 ad
2874 959 3140 1028 optimum
3169 974 3354 1013 rerum

1790 1061 1994 1107 statum
2041 1050 2337 1113 traductio;
2387 1051 2626 1119 nihilque
2682 1059 2874 1104 contra
2916 1059 3036 1114 est,
3069 1049 3217 1118 quod
3255 1066 3356 1103 no-

1783 1153 1953 1198 stram
1987 1151 2224 1197 mentem
2251 1141 2318 1194 de
2339 1141 2511 1195 salute
2535 1141 2685 1210 regni
2712 1142 3041 1211 cogitantem
3072 1140 3143 1194 ita
3192 1153 3353 1196 vexet

1782 1245 1835 1290 et
1863 1234 2138 1296 sollicitet,
2168 1248 2230 1285 ac
2263 1246 2477 1297 eorum,
2510 1234 2600 1300 qui
2627 1242 2816 1286 nostro
2835 1233 3063 1302 imperio
3094 1233 3354 1288 obedien-

1785 1335 1864 1379 tes
1892 1333 2044 1385 sunt.
2078 1325 2434 1392 perturbatio,
2461 1335 2515 1376 et
2555 1339 2736 1379 rerum
2764 1325 3070 1387 meliorum,
3111 1327 3193 1378 vel
3227 1341 3354 1394 pro-

1782 1425 1902 1483 pter
1940 1414 2322 1483 negligentiam
2364 1416 2608 1475 amissio,
2658 1416 2740 1468 vel
2772 1426 2992 1483 propter
3033 1417 3354 1484 imperitiam

1785 1498 2092 1554 labefactio.
2129 1499 2185 1552 Si
2227 1501 2374 1554 enim
2421 1503 2586 1554 unius
2631 1501 2862 1568 alicujus
2901 1501 3022 1563 viri,
3060 1502 3218 1570 cujus
3263 1519 3361 1556 nos

1788 1593 2265 1660 procurationem,
2313 1592 2789 1658 provisionemque
2833 1593 3201 1660 suscepimus,
3234 1608 3363 1660 pro-

1787 1680 1997 1749 gressio
2039 1680 2106 1732 ad
2145 1679 2366 1740 melius,
2411 1679 2782 1730 incredibilem
2823 1679 2981 1730 nobis
3025 1679 3360 1746 voluptatem

1786 1771 1960 1834 allen,
1991 1783 2044 1825 et
2078 1772 2144 1825 ad
2183 1771 2510 1824 deteriorem
2549 1779 2758 1837 partem
2798 1770 3114 1838 applicatio,
3150 1786 3365 1838 perma-

100 1865 323 1932 ήμέρας
350 1866 408 1918 δὲ
433 1865 863 1936 διαμελετῶμεν,
890 1864 1065 1932 πάσης
1099 1864 1194 1932 μὲν
1221 1863 1410 1932 ἀηδίας
1434 1862 1526 1913 καὶ
1560 1860 1683 1930 βλά-

1789 1877 1953 1930 gnum
1994 1860 2156 1914 nobis
2199 1859 2442 1914 dolorem
2478 1868 2760 1928 apportat;
2794 1860 2922 1928 quid
2960 1876 3108 1914 nunc
3154 1860 3366 1915 efficere

102 1955 204 2022 6ης
245 1956 572 2027 ἐλευθέρους
622 1955 1016 2024 διατηρεῖσθαι,
1053 1954 1232 2023 πάσης
1273 1953 1332 2003 δὲ
1376 1953 1552 2020 χαρᾶς
1589 1952 1682 2004 καὶ

103 2047 406 2115 εὐημερίας
434 2047 820 2118 προσηκόντως
848 2045 1213 2100 ὲπαπολαύειν
1245 2059 1261 2106 ;

1787 1952 2072 2011 debemus.
2101 1961 2252 2004 tanta
2281 1951 2586 2016 hominum,
2612 1960 2665 2004 et
2707 1963 2814 2004 tam
2837 1951 3109 2020 frequenti
3133 1967 3198 2006 ac
3228 1966 3367 2021 pene

1789 2042 2000 2096 inlinita
2033 2044 2384 2097 multitudine
2425 2044 2528 2096 sub
2559 2053 2805 2095 nostrain
2839 2044 3242 2110 providentiam
3275 2059 3365 2098 se-

103 2140 342 2191 cundum
377 2139 540 2193 Deum
571 2139 755 2191 statim
775 2139 1302 2207 subjecta,quorum
1324 2151 1513 2191 curam
1553 2135 2030 2205 provisionemque
2094 2139 2379 2191 nocturnis
2431 2137 2664 2203 vigiliis,
2715 2145 2769 2188 et
2832 2137 3028 2190 diurna
3097 2138 3364 2190 sollicitu-

104 2229 266 2289 dine,
316 2245 425 2280 non
477 2229 836 2298 deponimus,
884 2241 943 2286 ut
989 2235 1060 2287 ab
1110 2233 1263 2286 omni
1305 2231 1557 2286 molestia
1613 2241 1668 2285 et
1717 2231 2016 2286 oﬂ‘ensione
2082 2230 2240 2284 liberi
2280 2239 2690 2293 conserventur,
2735 2238 2790 2284 et
2822 2232 2971 2283 omni
3019 2246 3202 2285 rerum
3279 2231 3361 2285 al.

112 2322 338 2374 ﬂuentia
374 2323 666 2392 laetitiaque
695 2327 1060 2396 expleantur?

187 2413 352 2467 Ἀλλά
375 2414 483 2465 τῶν
514 2415 615 2483 μὲν
637 2415 814 2469 ἄλλων
839 2419 968 2487 περὶ
995 2419 1096 2486 τὴν
1123 2416 1399 2470 πολιτείαν
1425 2417 1684 2485 πραγμά-

106 2521 213 2556 των
244 2507 454 2575 μικράν
479 2521 605 2560 τινα
630 2487 940 2576 δεξαμένων
974 2507 1104 2570 ἴσως
1135 2508 1432 2560 ἐλάττωσιν
1463 2507 1525 2558 οὐ
1557 2523 1684 2560 τοσ-

107 2593 279 2661 αύτην
299 2595 674 2663 κατανοοῦμεν
695 2596 795 2665 τὴν
833 2595 1054 2666 βλάϐην.
1093 2596 1206 2664 Τῆς
1229 2595 1287 2646 δὶ
1309 2595 1678 2664 στρατηγικῆς

111 2683 336 2750 μεθόδου
401 2683 792 2753 διαπεσούσης,
835 2685 1088 2738 τοσοῦτον
1115 2684 1185 2736 τὰ
1226 2683 1514 2752 Ῥωμαίων
1563 2700 1684 2736 συν-

109 2772 276 2839 ελάθη
304 2773 626 2842 πράγματα,
645 2775 770 2827 ὅσον
797 2776 831 2844 ἠ
858 2777 1023 2844 πείρα
1039 2772 1134 2825 τοῦ
1164 2771 1259 2825 νῦν
1291 2773 1483 2842 χρόνου
1513 2775 1682 2826 πᾶσιν

110 2859 328 2913 ἅπαντα
361 2863 502 2914 κατά
529 2862 843 2932 ὀφθαλμοὺς
889 2863 1146 2934 ὁρώμενα
1195 2863 1493 2933 παρίστησι
1547 2864 1682 2933 πρός⁵

112 2949 269 3019 δηλα.
301 2952 450 3004 Ἔδει
481 2953 582 3019 μὶν
603 2953 713 3022 γὰρ
741 2952 1066 3023 ἀνθρώπους
1089 2953 1335 3017 ἃπαντας
1357 2954 1522 3007 είκόνι
1547 2954 1683 3006 Θεοῦ

112 3041 204 3092 καὶ
260 3041 407 3110 λόγῳ
452 3042 848 3111 τετιμημένους
903 3041 1002 3112 τὴν
1045 3042 1270 3112 είρήνην
1317 3043 1680 3105 ἀσπάζεσθαι,

113 3133 205 3180 καὶ
230 3130 331 3199 τὴν
378 3133 457 3194 είς
484 3133 745 3202 ἀλλήλους
785 3133 1141 3203 περιθάλπειν
1179 3132 1426 3200 ἀγάπην,
1477 3133 1572 3186 καὶ
1606 3133 1680 3202 μὴ

115 3221 300 3290 χεῖρας
328 3221 544 3289 φονίους
572 3222 712 3275 κατὰ
736 3223 845 3274 τῶν
861 3221 1140 3292 ὁμογενῶν
1176 3220 1545 3285 καθοπλίζειν.

1856 2413 1928 2464 At
1956 2409 2002 2465 si
2035 2419 2250 2474 caetera,
2269 2423 2391 2478 quae
2420 2407 2486 2460 ad
2514 2405 2899 2474 rempublicam
2933 2421 3064 2474 pace
3091 2414 3146 2460 et
3175 2409 3362 2462 coasi-

1788 2503 1865 2556 lio
1901 2499 2315 2570 gubernandam
2346 2505 2617 2567 spectant,
2651 2512 2756 2549 non
2795 2505 2940 2549 recte
2969 2496 3362 2551 administran-

1783 2600 1890 2653 tur,
1941 2589 2086 2645 haud
2130 2599 2387 2658 magnum
2441 2588 2565 2640 inde
2617 2587 3003 2640 detrimentum
3044 2588 3208 2651 oriri,
3253 2603 3360 2641 non

1782 2698 1972 2753 graves
2013 2695 2194 2735 rerum
2238 2678 2678 2748 perturbationes
2725 2692 2789 2730 ac
2838 2678 3170 2732 mutationes
3223 2678 3360 2732 eﬂici

1781 2769 2066 2833 videmus;
2099 2765 2384 2834 disciplina
2410 2776 2589 2820 autem
2611 2765 2832 2818 militari
2852 2766 3088 2833 jacente,
3115 2776 3223 2820 tam
3255 2769 3360 2820 mi-

1785 2873 1942 2913 seras
1984 2872 2168 2912 rerum
2215 2856 2578 2919 oll‘ensiones,
2608 2871 2673 2910 ac
2714 2856 3093 2912 lamentabiles
3131 2872 3362 2911 conver-

1783 2950 1968 3003 siones
2039 2947 2270 3001 Romani
2327 2955 2692 3015 acceperunt,
2745 2955 2981 3014 quantas
3043 2947 3360 3016 quotidiana

1783 3053 1966 3093 rerum
2015 3036 2355 3105 experientia
2400 3046 2526 3091 ante
2607 3037 2799 3092 oculos
2845 3045 3067 3091 nostros
3124 3051 3357 3104 conspe-

1779 3140 2038 3196 ctumque
2103 3129 2383 3196 proponit.
2472 3129 2547 3182 Ac
2619 3128 2870 3181 homines
2945 3127 3196 3192 quidem.
3267 3127 3362 3195 qui

1779 3225 2010 3291 ratione,
2062 3231 2119 3279 et
2193 3222 2288 3276 Dei
2345 3221 2518 3289 ipsius
2588 3219 2861 3289 imagine.
2916 3219 3161 3288 insigniti
3233 3225 3362 3275 sunt

115 3318 310 3380 pacem
333 3314 608 3382 amplecti,
643 3323 944 3382 mutuaque
986 3329 1046 3369 se
1089 3313 1380 3368 dilectione
1423 3313 1678 3382 prosequi
1739 3317 2008 3384 oportuit,
2044 3331 2222 3385 neque
2265 3329 2460 3369 manus
2515 3323 2786 3367 cruentas.
2833 3323 2887 3366 et
2966 3316 3359 3372 consceleratas

115 3412 308 3456 contra
333 3417 507 3471 genus
538 3418 718 3464 suum,
748 3411 803 3457 et
831 3402 1066 3457 miseros
1095 3401 1352 3456 mortales
1373 3413 1609 3455 armare.

203 3487 427 3556 Ἐπειδὴ
450 3488 554 3540 δὲό
575 3488 671 3541 ἀπ’
713 3489 891 3557 ἀρχῆς
933 3487 1382 3556 ἀνθρωποκτόνος
1426 3488 1683 3553 διάϐολος

1851 3492 2119 3558 Quoniam
2152 3500 2335 3544 autem
2369 3490 2438 3544 ab
2473 3491 2634 3543 initio
2662 3491 2932 3559 parricida
2965 3492 3236 3558 diabolus,
3271 3509 3362 3563 ge-

126 3578 222 3631 καὶ
255 3579 352 3632 τοῦ
375 3580 565 3646 γένους
595 3579 754 3648 ἡμῶν
775 3579 988 3649 ἐχθρὸς,
1005 3578 1094 3631 διὰ
1129 3578 1230 3645 τῆς
1247 3579 1526 3648 ἁμαρτίας
1551 3582 1701 3648 ισχυ-

127 3674 226 3740 ρᾶς
250 3670 332 3740 (3)
351 3671 492 3723 κατά
516 3671 614 3740 τῆς
637 3671 773 3733 ίδίας
794 3673 1008 3737 φύσεως
1031 3669 1555 3738 ἀντιστρατεύεσθαι
1570 3671 1696 3734 τοὺς

124 3761 448 3830 ἀνθρώπους
473 3763 903 3831 παρεσκεύασεν,
944 3763 1096 3815 πᾶσα
1129 3761 1344 3830 ἀνάγκη
1379 3763 1499 3824 ταῖς
1527 3763 1694 3815 αὑτοῦ

124 3854 446 3921 γινομέναις
474 3853 562 3906 διὰ
589 3854 698 3906 τῶν
729 3853 1034 3922 ἀνθρώπων
1070 3855 1343 3922 μηχαναῖς
1369 3853 1693 3923 ἀνθρώπους

125 3941 666 4010 ἀντιστρατεύεσθαι,
683 3941 778 3994 καὶ
806 3944 918 4002 τοῖς
939 3940 1185 3994 ἐθέλουσι
1217 3941 1487 4010 πολέμους
1513 3943 1692 3996 ἔθνεσι

128 4032 202 4099 μὴ
229 4031 592 4100 εὐχειρώτους
621 4033 1023 4094 καθίστασθαι,
1058 4032 1197 4085 ἀλλά
1235 4033 1363 4094 ταῖς
1393 4048 1691 4102 στρατηγι-

124 4122 247 4181 καῖς
278 4120 524 4188 μεθόόοις
549 4120 648 4189 τὴν
679 4125 959 4190 σωτηρίαν
983 4120 1326 4190 πορίζεσθαι,
1352 4122 1448 4174 καὶ
1483 4121 1552 4174 δι’
1595 4123 1692 4175 αὑ-

121 4209 226 4260 τῶν
261 4210 629 4276 φυλάττεσθαι
676 4213 778 4278 μὲν
808 4213 918 4265 ἀπὸ
963 4212 1071 4263 τῶν
1109 4211 1497 4280 ιπερχομένων
1531 4214 1689 4266 πολε-

123 4302 281 4349 μιων,
337 4284 596 4352 πράττειν
643 4287 702 4341 δὲ
745 4289 888 4344 κατά
943 4291 1126 4344 αὐτῶν
1165 4294 1266 4346 ὅσα
1306 4293 1503 4348 παθεῖν
1544 4298 1688 4348 ὲκεί-

119 4393 196 4426 νοι
251 4377 320 4426 ἂν
366 4375 478 4428 εἶεν
510 4376 673 4442 ἄξιοι.
715 4380 801 4443 Ὠς
839 4381 907 4434 ἂν
935 4385 1264 4448 ἑκκοπέντος
1310 4387 1405 4439 τοῦ
1449 4387 1535 4439 διὰ
1580 4387 1690 4440 τῶν

121 4466 372 4536 πονηρῶν
411 4470 830 4540 ὲγχειρουμένου
874 4476 1070 4541 κακοῦ,
1097 4478 1192 4529 καὶ
1223 4477 1442 4531 πάντων
1477 4477 1576 4548 τὴν
1610 4480 1689 4530 oi-

114 4555 277 4607 κείαν
312 4557 584 4624 σωτηρίαν
615 4559 1010 4632 ἀσπαζομένων
1044 4566 1079 4634 ἡ
1125 4565 1316 4634 εἰρήνη
1359 4565 1508 4633 παρὰ
1556 4568 1690 4618 πᾶσι

121 4664 203 4698 στε
214 4647 405 4718 ρχθείη
433 4651 524 4702 καὶ
557 4652 909 4707 πολιτεύοιτο.

193 4737 338 4798 Ἕως
366 4739 467 4807 μὲν
501 4740 628 4808 γὰρ,
655 4742 728 4802 ὡς
767 4743 932 4808 ἔοικε,
965 4745 1034 4796 τὰ
1066 4745 1208 4797 κατά
1245 4747 1510 4814 πολέμους
1557 4747 1687 4799 Ῥω-

1785 3584 1932 3638 neris
1983 3583 2154 3636 nostri
2211 3582 2418 3644 hostis,
2450 3590 2674 3649 peccato
2727 3591 2940 3650 potens,
2977 3599 3077 3638 sua
3118 3585 3359 3654 ipsorum

1787 3681 1980 3726 natura
2011 3672 2262 3726 homines
2289 3687 2609 3741 expugnare
2638 3674 2859 3741 cogitat,
2890 3678 3359 3742 pernecessarium

1785 3771 1889 3826 est,
1923 3772 1984 3816 ut
2005 3763 2254 3816 homines
2295 3763 2440 3826 illius
2466 3763 2967 3819 machinationibus
2989 3779 3084 3834 per
3113 3767 3360 3821 homines

1786 3854 2046 3908 adhibitis
2066 3863 2382 3916 occurrant,
2407 3870 2582 3922 neque
2626 3857 2839 3923 seipsos
2875 3858 2997 3912 aliis
3047 3860 3359 3914 nationibus

1786 3943 1986 3998 bellum
2017 3943 2379 3999 inferentibus
2410 3945 2647 4009 tradant,
2667 3945 2761 3999 sed
2787 3945 3038 4000 militaris
3062 3947 3361 4017 disciplina:

1789 4034 2029 4089 scientia:
2069 4035 2297 4089 salutem
2343 4036 2443 4089 sibi
2486 4046 2772 4104 quaerant,
2799 4045 2854 4090 et
2893 4053 2956 4091 se
2995 4038 3064 4092 ab
3116 4039 3357 4093 hostium

1790 4127 2199 4180 incursionibus
2255 4135 2404 4181 tutos
2446 4138 2793 4193 conservent,
2829 4139 2885 4208 et
2935 4130 3043 4184 illis
3100 4130 3356 4192 inferant,

1790 4232 1912 4286 quae
1933 4218 2042 4285 pati
2089 4217 2212 4271 illos
2249 4218 2474 4287 dignum
2491 4227 2596 4283 est,
2631 4230 2690 4272 ut
2712 4221 2860 4273 omni
2895 4220 3230 4275 nefariorum
3261 4224 3360 4276 ho-

1791 4308 1998 4362 minum
2049 4308 2396 4378 improbitate
2431 4310 2642 4375 deleta,
2672 4319 2726 4364 et
2765 4326 2862 4364 sua
2905 4313 3146 4379 ipsorum
3187 4313 3361 4366 sulule

1792 4409 2126 4468 comparata,
2150 4415 2254 4470 pax
2291 4401 2361 4455 ab
2393 4400 2649 4455 omnibus
2674 4401 2935 4471 diligatur
2990 4412 3152 4472 atque
3184 4405 3363 4459 susci-

1792 4488 1992 4557 piatur.

1865 4746 2113 4811 Quandiu
2146 4748 2290 4801 enim
2323 4745 2585 4800 Romanis
2620 4749 2674 4799 in
2710 4748 2850 4801 bello
2890 4748 3102 4802 ordinis
3140 4763 3364 4802 conser-

128 4823 303 4887 μαίοις
351 4824 410 4873 ὲν
465 4825 687 4897 εὐταξίᾳ
718 4828 846 4879 ὄντα
893 4830 1155 4898 ἐτύγχανε
1207 4832 1305 4900 τῆς
1356 4850 1415 4884 τε
1449 4835 1536 4885 ἐπ’
1587 4835 1683 4887 οὐκ

1796 4837 1938 4890 vatio
1973 4835 2094 4896 fuit,
2126 4836 2310 4889 taudiu
2344 4845 2398 4888 et
2435 4837 2620 4888 divino
2653 4836 2905 4904 praesidio
2935 4838 3222 4906 imperium
3255 4855 3360 4891 non

125 4907 330 4973 ὀλίγους
352 4911 574 4980 χρόνους
623 4915 773 4978 θείας
803 4917 1044 4969 ἀπέλαϐε
1077 4919 1156 4988 (4)
1191 4920 1442 4991 βοηθείας
1469 4923 1530 4974 τὸ
1549 4925 1689 4992 κράο

125 5012 224 5057 τος,
267 5002 363 5050 καὶ
411 5005 478 5070 τῇ
528 5005 750 5075 εὐταξίᾳ
782 5009 1129 5078 ἡρμοσμένος
1169 5013 1278 5064 τῶν
1324 5013 1613 5082 ἀριστείων
1661 5015 1691 5067 ό

130 5089 278 5150 πόνος
297 5090 358 5141 τὸ
381 5091 633 5163 λαμπρὸν
652 5095 751 5164 τῆς
770 5098 926 5166 νίκης
947 5100 1204 5153 ὲπιπλέον
1220 5101 1549 5158 ὲὸεδαιοῦτο.
1577 5103 1689 5156 Νῦν

128 5177 174 5228 δὲ
203 5181 300 5250 τῆς
332 5185 599 5253 τακτικῆς
642 5189 734 5238 καὶ
765 5189 1139 5260 στρατηγικῆς
1186 5194 1572 5256 καταστάσεως
1602 5194 1689 5244 ἐπ’

130 5274 213 5322 οὐκ
239 5273 458 5340 ὀλίγους
497 5277 723 5344 χρόνους
767 5280 1169 5350 ἀμελουμένης,
1203 5282 1292 5336 ἵνα
1319 5283 1396 5352 μὴ
1430 5284 1573 5350 λέγω
1597 5284 1690 5334 καὶ

130 5364 197 5421 εἰς
222 5366 463 5434 παντελῆ
501 5369 890 5440 περιελθούσης
939 5371 1134 5441 λήθην.
1171 5374 1246 5435 ὡς
1277 5374 1414 5442 μηδὲ
1442 5373 1581 5426 αὺτά
1622 5375 1692 5424 τὰ

134 5454 387 5524 πρόχειρα
416 5458 542 5520 τοὺς
566 5464 892 5528 στρατηγεῖν
939 5464 1321 5534 ἐγχειροῦντας
1346 5466 1687 5531 ίπίστασθαι,

1794 4927 2225 4988 destituebatur,
2272 4935 2326 4980 et
2365 4942 2489 4980 eum
2537 4927 2746 4980 ordinis
2791 4931 3208 4982 conservatione
3235 4930 3376 4996 λου-ι

1794 5027 1918 5071 ctus
1953 5017 2285 5085 optimorum
2318 5017 2494 5080 labor,
2541 5019 2886 5086 splendorem
2914 5019 3156 5072 victoriae
3194 5020 3366 5087 majo-

1792 5123 1905 5160 rem
1933 5107 2419 5170 adhibebat;uunc
2452 5123 2575 5160 vero
2607 5119 2806 5162 cumet
2830 5110 3070 5162 acierum
3099 5110 3368 5162 instruen-

1791 5197 1983 5250 daruin
2035 5197 2195 5258 ratio,
2232 5207 2288 5250 et
2337 5197 2688 5264 imperatoria
2736 5213 2828 5252 ars
2873 5199 3035 5265 longo
3074 5198 3190 5266 jam
3232 5206 3367 5250 teni-

1797 5301 1930 5354 pore
1957 5287 2196 5353 neglecta
2229 5287 2470 5353 jaceant,
2503 5295 2561 5338 ut
2589 5302 2656 5339 ne
2681 5287 2900 5348 addam,
2939 5286 3084 5354 quod
3117 5286 3169 5338 in
3202 5287 3366 5338 altam

1799 5377 2128 5431 oblivionem
2155 5378 2371 5445 penitus
2405 5379 2674 5439 venerint,
2702 5391 2770 5432 ne
2798 5378 2917 5447 ipso
2939 5377 3156 5446 quidem
3194 5378 3366 5445 impe-

1800 5477 1982 5523 ratore
2025 5484 2087 5523 ea
2129 5485 2250 5538 quae
2282 5471 2337 5524 in
2384 5479 2642 5540 promptu
2679 5479 2826 5534 sunt,
2865 5470 3200 5536 addiscente,
3248 5485 3367 5523 ma-

1635 5599 1843 5656 NOTAE

194 5701 267 5771 (5)
298 5700 589 5769 Ἰσχυρᾰς.
617 5703 806 5760 Scribe
829 5709 1068 5778 ἰσχυρός.

444 5795 711 5856 ΡΑτηοι.
757 5800 871 5858 Gn.
919 5799 1096 5860 CVII.

1875 5713 1949 5770 Η)
1989 5716 2292 5770 Ἀπέλαεε.
2323 5716 2531 5784 Scribe,
2561 5720 2817 5775 ἀπέλαυε.

3017 5807 3090 5871 22
