4176 6446
790 396 897 457 ὓπι

2013 388 2284 448 LEONIS
2318 388 2771 449 PHILOSOPHI

3930 392 4036 451 676

795 522 924 574 guas
991 513 1042 558 ct
1088 505 1266 557 varias
1328 502 1764 571 perturbationes
1824 503 2067 555 ridemus
2120 505 2358 557 invectas

2462 505 2631 558 πολλά
2660 504 2900 575 δυσχερῆ
2940 505 3211 576 διαφόρως
3245 507 3462 575 ὁρῶμεν
3486 505 3873 574 συμϐαίνοντα.
3917 508 4033 575 Τῆς

792 612 932 650 esse.
965 593 1097 647 Nam
1128 609 1249 647 rum
1285 594 1397 645 lucc
1453 607 1563 655 ars,
1597 606 1718 659 quae
1756 592 2053 644 multorum
2090 592 2355 645 bonorum

792 696 843 737 rt
892 698 1212 752 magnorum
1258 696 1455 752 parens
1512 690 1673 748 atque
1716 680 1959 735 effectrix
2005 680 2126 743 fuit,
2162 683 2360 749 quibus

790 776 1013 845 antiqua
1051 775 1416 827 Romanorum
1467 770 1771 839 respublica
1804 771 2007 837 floruit,
2045 772 2213 826 semel
2244 772 2360 825 col-

792 868 939 937 lapsa
961 868 1027 919 de
1061 865 1230 935 gradu
1266 863 1480 927 recidit,
1509 862 1745 916 divinam
1784 877 2005 931 quoque
2033 861 2357 917 benevolen-

792 960 917 1010 tiam
957 955 1180 1019 abiisse,
1220 963 1276 1008 et
1322 962 1639 1008 consuetam
1676 952 1817 1021 apud
1865 966 1962 1007 eos
1994 952 2229 1006 militum
2277 952 2360 1005 vi-

788 1047 1018 1100 ctoriam
1065 1060 1096 1099 e
1132 1045 1384 1098 manibus
1433 1043 1721 1108 excidisse,
1776 1042 2045 1097 videmus.
2092 1042 2357 1097 Paulatim

787 1139 934 1191 enim
980 1136 1424 1203 relanguescente
1465 1132 1688 1185 militari
1723 1130 2016 1201 disciplina
2079 1139 2243 1201 atque
2275 1131 2360 1184 in-

786 1228 1017 1286 dustria,
1076 1224 1255 1278 omnis
1312 1223 1400 1276 ille
1448 1223 1603 1292 vigor
1648 1220 1812 1275 animi
1865 1230 2027 1290 atque
2103 1224 2362 1278 alacritas

786 1315 1106 1383 optimatum
1182 1312 1491 1366 consenuit.
1559 1310 1741 1379 Itaque
1812 1310 2086 1364 interdum
2143 1312 2361 1379 quidem

788 1405 1073 1474 segnitiem
1143 1415 1304 1470 atque
1360 1402 1628 1470 ignaviam
1705 1415 2032 1455 accusamus
2093 1401 2361 1463 militum,

790 1497 1053 1549 interdum
1110 1491 1378 1546 inscitiam
1417 1499 1580 1560 atque
1614 1491 1953 1544 timiditatem
2000 1492 2198 1545 ducum
2242 1491 2362 1544 cul-

790 1599 1002 1652 pamus,
1042 1581 1313 1635 interdum
1351 1582 1700 1649 antiquarum
1727 1582 1967 1635 acierum
1999 1582 2263 1635 rationem
2292 1582 2359 1635 ad

785 1673 1224 1743 cognoscendum
1262 1671 1648 1740 perobscuram
1698 1671 2046 1740 negligimus.
2081 1671 2217 1724 Cum
2266 1671 2364 1740 igi-

2461 597 2569 664 γάρ
2600 597 2808 648 πολλῶν
2828 596 3046 663 ἀγαθῶν
3065 599 3171 666 πρὸ
3206 599 3358 661 ξένου
3391 599 3467 664 (Si)
3498 598 3808 669 ἐπιστήμης
3842 599 4035 652 διαπε-

2464 687 2680 755 σούσης,
2710 688 2835 740 ὅσον
2863 689 2931 741 δι’
2960 688 3131 756 αὐτῆς
3162 690 3196 757 ή
3240 690 3532 758 Ῥωμαίων
3563 689 3733 743 πάλαι
3782 690 4035 742 πολιτεία

2461 777 2775 846 εὐμοίρησε,
2826 778 3135 831 τούναντίον
3183 777 3401 846 ὁρῶμεν
3433 780 3531 849 τὴν
3576 778 3725 832 θείαν
3782 779 4037 832 ἀποῦσαν

2462 868 2770 937 εὐμένειαν,
2801 870 2896 923 καὶ
2915 870 3013 940 τὴν
3046 868 3250 940 συνήθη
3278 871 3380 940 τῆς
3425 871 3717 941 Ῥωμαίων
3756 872 4037 932 πολιτείας

2463 959 2620 1028 νίκην
2638 958 2745 1011 τῶν
2768 959 3186 1031 ἀγωνιζομένων
3208 962 3613 1031 ἀφιπταμένην.
3649 963 3806 1015 Κατά
3838 964 4037 1030 μικρὸν

2462 1051 2570 1117 γὰρ
2607 1052 2984 1121 ἀμελουμένης
3024 1054 3124 1122 τῆς
3166 1052 3310 1106 κατά
3340 1053 3611 1122 πολέμους
3656 1052 3911 1115 εὐταξίας
3941 1053 4037 1103 καὶ

2461 1140 2768 1207 γυμνασίας
2800 1140 3171 1211 συνημελήθη,
3206 1142 3281 1203 ὡς
3310 1139 3477 1205 ἐοικε,
3499 1141 3592 1192 καὶ
3623 1141 3732 1192 τῶν
3764 1140 4037 1211 ἀριστέων

2462 1230 2495 1297 ή
2548 1230 2801 1299 εὐψυχία.
2836 1227 2967 1283 Εἶτα
2996 1232 3125 1284 ποτέ
3160 1232 3259 1301 μέν
3307 1231 3651 1300 ἀγυμνασίαν
3679 1230 3712 1300 ἢ
3742 1229 4037 1299 ἀνανδρίαν

2465 1318 2774 1385 αίτιὼμεθα
2817 1320 3197 1389 στρατιωτῶν,
3247 1322 3379 1374 ποτέ
3424 1321 3480 1373 δέ
3528 1320 3782 1389 ἀπειρίαν
3829 1320 3863 1399 ᾖ
3924 1320 4033 1371 6::-

2469 1405 2588 1457 λίαν
2644 1407 3121 1479 καταμεμφόμεθα
3173 1411 3514 1479 στρατηγῶν.
3574 1408 3776 1461 Ἐνίοτε
3823 1410 4035 1475 ἀσαφὲς

2464 1498 2559 1565 τῆς
2608 1499 2716 1549 τῶν
2751 1501 2996 1567 ἀρχαίων
3027 1500 3371 1567 διαγνώσεως
3423 1501 3756 1571 ἀμελοῦμεν.
3810 1497 4035 1567 Ταύτην

2464 1584 2558 1640 οὖν
2588 1587 2686 1659 τὴν
2714 1588 3141 1662 ὠφελιμωτάτην
3182 1592 3495 1661 ἐπιστήμην
3523 1590 3910 1644 ἀνασώσασθαι
3940 1591 4033 1640 σὺν

2465 1674 2605 1745 Θεῷ,
2640 1677 2733 1729 καὶ
2760 1670 2871 1729 οἷον
2905 1679 3254 1732 ἀπωσθεῖσαν
3280 1680 3344 1730 ἐκ
3374 1678 3472 1748 τῆς
3514 1678 3829 1747 Ῥωμαῖκῆς
3877 1677 4034 1745 ήμῶν

785 1776 877 1816 tur
922 1764 1062 1815 hanc
1113 1761 1462 1814 utilissimam
1506 1760 1790 1812 scientiam
1833 1774 2178 1827 recuperare,
2224 1770 2281 1813 et
2328 1774 2358 1814 e

2468 1765 2742 1829 πολιτείας
2768 1768 3201 1822 ἀνακαλέσασθαι
3233 1768 3569 1838 βουλόμενοι,
3599 1767 3700 1820 οὐκ
3719 1767 4032 1834 όκνήσαμεν

788 1851 1063 1919 republica
1113 1858 1301 1901 nostra
1340 1847 1498 1916 quasi
1544 1846 1779 1916 eiectam
1818 1861 2077 1901 revocare
2130 1847 2356 1904 studea-

2464 1858 2665 1927 σπουδῇ
2699 1859 2936 1931 τοσαύτῃ
2957 1836 3315 1925 ἀναδέξασθαι
3341 1836 3438 1930 μέν
3466 1860 3611 1921 ίδίως
3630 1858 3814 1919 πόνον,
3846 1856 4032 1925 κοινὴν

786 1958 931 2007 mus,
970 1942 1024 1995 in
1074 1942 1242 1995 tantis
1279 1938 1737 2008 occupationibus
1778 1939 1980 1994 nostris
2030 1938 2172 1993 haud
2220 1954 2354 2007 prte-

2461 1943 2519 1996 δέ
2552 1949 2665 2008 τοῖς
2693 1948 2955 2017 ὑπηκόοις
2980 1949 3313 2019 χαρίσασθαι
3340 1951 3438 2020 τὴν
3459 1948 3747 2014 ὠφέλειαν.

786 2033 1147 2093 termisimus,
1215 2030 1346 2097 quin
1389 2041 1608 2081 omnem
1668 2026 1909 2080 laborem
1972 2026 2128 2082 nobis
2200 2027 2332 2096 ipsis
2377 2043 2799 2099 assumeremus,
2850 2048 2909 2091 ut
2958 2037 3164 2093 utilitas
3218 2039 3344 2093 inde
3422 2035 3733 2091 communis
3778 2033 4033 2089 omnibus

788 2123 1087 2177 alferretur.

855 2210 991 2263 bam
1027 2223 1151 2262 cum
1188 2208 1241 2260 in
1287 2207 1531 2275 antiquis
1564 2214 1619 2261 et
1672 2205 2066 2261 recentioribus
2110 2206 2186 2260 rei
2217 2206 2359 2259 mili-

2532 2213 2663 2273 Ταῖς
2689 2212 2798 2281 γάρ
2834 2211 3090 2281 ἀρχαίαις
3125 2212 3221 2266 καὶ
3259 2213 3379 2274 ταῖς
3402 2212 3697 2281 νεωτέραις
3734 2224 4033 2279 στρατηγιο

787 2303 918 2356 taris
994 2310 1157 2369 atque
1227 2298 1592 2367 imperatoria:
1665 2296 2021 2367 scriptoribus
2074 2296 2359 2366 diligenter

2461 2303 2583 2361 καῖς
2611 2317 2670 2352 τε
2715 2302 2811 2353 καὶ
2837 2302 3123 2363 τακτικαίς
3172 2301 3716 2370 ἐμφιλοχωρήσαντες
3762 2298 4033 2368 μεθόδοις.

788 2393 984 2447 versati
1017 2392 1209 2451 simus.
1246 2402 1406 2457 atque
1435 2388 1558 2442 aliis
1601 2387 1845 2442 historiis
1885 2387 2064 2442 soluta
2115 2388 2359 2441 oratione

2458 2389 2553 2439 καὶ
2589 2391 2711 2449 ταῖς
2758 2388 2946 2451 ἀλλαις
2980 2389 3358 2460 καταλογάδην
3389 2390 3707 2458 ἐντυχόντες
3744 2389 4033 2457 ίστορίαις.

788 2498 875 2536 res
906 2487 1088 2550 gestas
1130 2479 1409 2532 memoriae
1438 2476 1827 2531 mandantibus
1858 2476 2146 2547 diligenter
2192 2492 2359 2530 nava-

2463 2478 2559 2529 καὶ
2590 2476 2644 2528 εί
2674 2493 2727 2528 τι
2762 2476 2903 2528 κα.τά
2938 2480 3128 2546 χεῖρας
3156 2480 3299 2543 ἔδοξε
3333 2479 3607 2548 χρήσιμον
3636 2478 3744 2530 τῶν
3776 2479 3834 2529 ἐν
3871 2478 4035 2531 πολέ-

785 2573 1027 2627 serimus
1068 2585 1315 2639 operam,
1360 2578 1414 2623 et
1462 2569 1508 2623 si
1542 2568 1672 2637 quid
1704 2577 1965 2638 praeterea
2001 2569 2055 2622 in
2105 2567 2358 2621 manibus

784 2662 1069 2716 hominum
1102 2668 1188 2713 est
1232 2659 1300 2711 ad
1336 2656 1561 2710 bellicos
1611 2672 1743 2711 usus
1792 2657 2071 2721 idoneum,
2104 2666 2159 2710 et
2208 2670 2357 2725 qua:—

787 2766 1003 2822 cunque
1033 2749 1293 2804 mediocri
1340 2762 1520 2802 rerum
1560 2762 1665 2803 usu
1697 2747 1799 2802 bac
1838 2756 2025 2801 nostra
2056 2756 2236 2812 aetate,
2290 2746 2358 2799 ad

787 2855 991 2899 statum
1035 2856 1219 2897 rerum
1257 2849 1569 2895 nostrarum
1614 2837 1821 2909 aliquid
1866 2839 2129 2893 momenti
2164 2838 2360 2893 aﬂerre

786 2936 1131 2998 videbantur,
1160 2947 1222 2987 ea
1250 2933 1304 2985 in
1340 2931 1598 2985 omnibus
1623 2929 1932 2985 actionibus
1965 2928 2356 2999 suscipiendis,

789 3027 1059 3095 rebusque
1102 3024 1309 3077 nostris
1348 3021 1600 3090 gerendis
1629 3021 2089 3087 examinavimus,
2121 3030 2177 3075 et
2210 3018 2358 3089 quod

787 3117 841 3168 in
900 3115 967 3166 iis
1016 3112 1282 3179 Optimum
1333 3109 1437 3163 fuit
1477 3108 1634 3177 quasi
1686 3109 2083 3175 delibavimus;
2138 3119 2195 3163 et
2233 3124 2356 3177 qua:

2460 2581 2583 2634 μοις
2611 2565 2929 2632 ἀναγκαίων
2955 2565 3164 2618 ἐκεῖθεν
3190 2567 3600 2635 ἀναλεξάμενοι,
3633 2567 3728 2619 καὶ
3754 2563 3867 2620 οἷον
3891 2567 4027 2635 ἐρα-

2452 2649 2731 2718 νισάμενοι
2775 2652 2869 2705 καὶ
2923 2651 3010 2704 διά
3064 2653 3292 2721 μετρίας
3346 2653 3541 2722 πείρας
3588 2654 3683 2705 ἐπὶ
3706 2654 3814 2705 τῶν
3852 2653 4035 2723 ἐργων

2451 2739 2636 2793 αὐτῶν
2669 2740 3019 2811 ἀνεμάθομεν
3046 2743 3124 2810 τῷ
3160 2742 3283 2796 καθ’
3311 2744 3462 2811 ἡμᾶς
3502 2744 3682 2814 καιρῷ
3711 2746 3802 2798 καὶ
3835 2746 3905 2813 τῇ
3938 2745 4035 2795 νῦν

2457 2831 2789 2885 καταστάσει
2831 2831 3122 2900 πρόσφορά
3151 2850 3212 2887 τε
3250 2834 3345 2886 καὶ
3374 2833 3635 2904 ἁρμόδια,
3673 2834 3846 2887 ταῦτα
3900 2835 4036 2903 ήμίν

2457 2921 2596 2974 κατά
2639 2921 2699 2973 τὸ
2738 2922 2961 2974 δυνατὸν
3001 2923 3267 2992 σύντομόν
3300 2940 3360 2976 τε
3396 2925 3489 2977 καὶ
3530 2924 3710 2993 ἀπλῆν
3753 2923 3853 2992 τήν
3884 2924 4032 2990 ὠφέ-

2456 3009 2612 3060 λειαν
2664 3009 2898 3062 ἐπὶτῶν
2944 3012 3284 3079 πραγμάτων
3319 3014 3505 3079 ἔχοντα
3552 3012 3845 3082 προχείρου
3878 3014 4033 3077 τάξιν

2457 3098 2625 3166 νόμου
2654 3098 3079 3167 παραδιδόαμεν,
3110 3102 3168 3151 ἐν
3203 3100 3439 3169 πράξεσι
3474 3100 3673 3169 μᾶλλον
3703 3101 3736 3169 ἢ
3761 3101 3943 3164 λέξεσι
3971 3101 4032 3152 τὸ

789 3202 1135 3257 manifestam
1164 3199 1463 3269 quamdam
1525 3207 1689 3267 atque
1726 3199 2028 3255 evidentem
2064 3200 2350 3253 utilitatem

2460 3189 2655 3257 σεμνὸν
2697 3191 2792 3240 καὶ
2824 3189 3083 3279 χρειῶδες
3131 3192 3518 3261 παρεχόμενοι,
3560 3184 3672 3244 οἷον
3718 3192 4030 3259 εἰσαγωγήν

786 3295 1127 3356 aﬂ‘erebant,
1192 3304 1358 3358 quam
1419 3288 1769 3357 paucissimis
1824 3290 1977 3358 potui
2034 3291 2352 3358 complexus

788 3397 934 3445 sum,
963 3389 1017 3433 et
1048 3377 1401 3447 promulgatae
1432 3376 1565 3445 legis
1596 3377 1711 3431 vice
1746 3378 1923 3440 trado,
1968 3391 2145 3443 rerum
2183 3381 2354 3448 magis

785 3477 1131 3532 ornamenta,
1184 3482 1350 3537 quam
1399 3467 1693 3522 verborum
1729 3482 2086 3537 persequens,
2114 3478 2172 3522 ut
2201 3484 2353 3522 com-

788 3556 1443 3632 pendiariamquamdam
1476 3557 1553 3612 rei
1585 3556 1837 3611 militaris
1865 3557 2208 3627 disciplinam
2257 3573 2355 3611 uo-

786 3660 918 3713 stris
946 3654 1236 3727 prchectis,
1280 3660 1444 3722 atque
1472 3652 1540 3706 iis
1576 3652 1777 3721 quibus
1804 3666 1937 3706 cura
1980 3667 2162 3705 rerum
2198 3650 2354 3705 belli-

785 3766 972 3802 tttll‘utll
994 3744 1288 3800 commissa
1313 3753 1419 3809 est,
1442 3741 1822 3812 praescribens,
1846 3740 2002 3794 facile
2023 3739 2354 3808 perspiciant

786 3844 935 3893 factu
965 3853 1089 3893 esse
1120 3837 1211 3901 iis,
1247 3835 1341 3905 qui
1402 3834 1595 3888 volunt
1640 3840 1695 3886 et
1731 3830 1979 3899 cupiunt,
2018 3830 2085 3883 ad
2144 3829 2351 3898 majora

786 3941 948 3999 atque
984 3928 1182 3982 altiora
1220 3924 1413 3980 ordine
1454 3921 1690 3993 quodam
1736 3929 1792 3974 et
1837 3920 2006 3990 gradu
2036 3919 2349 3988 procedere.

787 4022 843 4074 In
872 4035 980 4090 qua
1010 4016 1162 4073 omni
1188 4030 1373 4072 rerum
1406 4013 1748 4073 tractatione,
1769 4008 1987 4064 dicendi
2028 4008 2351 4075 elegantiam

784 4124 839 4163 ct
868 4111 1160 4165 verborum
1203 4114 1458 4162 ornatum
1490 4102 1699 4157 nullum
1750 4098 2134 4162 adhibuimus;
2168 4112 2351 4152 rerum

787 4202 1020 4271 pondus,
1060 4197 1274 4254 dicendi
1319 4193 1787 4266 perspicuitatem,
1833 4187 2099 4243 orationis
2145 4186 2355 4257 simpli-

784 4295 1039 4355 citatem,
1095 4297 1360 4358 quantum
1413 4286 1529 4340 ﬁeri
1582 4291 1863 4354 potuerat,
1909 4280 2079 4335 secuti
2138 4293 2349 4335 sumus.

790 4383 943 4438 Unde
983 4393 1038 4437 et
1074 4381 1239 4435 verba
1282 4379 1362 4433 rei
1404 4378 1662 4431 militaris
1708 4375 1980 4430 interdum
2022 4371 2209 4426 Graeca
2240 4369 2351 4424 ad—

779 4479 1086 4544 proximus,
1122 4470 1396 4525 interdum
1424 4468 1632 4521 Latinis
1671 4464 1951 4520 vocabulis
2000 4462 2084 4517 usi
2134 4476 2347 4524 sumus,
2382 4500 2427 4554 Β

783 4580 838 4619 ιἸ.
863 4566 999 4618 alias
1024 4576 1244 4632 quoque
1266 4561 1534 4614 dictiones
1564 4573 1666 4612 usu
1695 4559 1805 4627 jam
1854 4554 2075 4609 militari
2108 4563 2351 4622 receptas

787 4672 893 4710 non
932 4653 1363 4724 repudiavimus,
1414 4659 1475 4703 ut
1528 4663 1721 4702 omnes
1779 4644 2070 4700 manifeste
2118 4658 2182 4699 ac
2230 4656 2351 4711 per-

787 4749 975 4815 spicue
1015 4746 1117 4797 ista
1171 4748 1585 4812 cognoscerent.
1618 4736 1991 4791 Tractationes
2026 4748 2211 4787 rerum
2246 4732 2350 4785 mi-

788 4841 932 4891 nime
981 4834 1341 4897 necessarias,
1388 4843 1726 4900 quacunque
1776 4836 1871 4881 aut
1915 4837 2350 4893 supervacanea,

785 4940 880 4981 aut
925 4926 1143 4980 inutiles
1188 4923 1423 4986 fuerant,
1465 4935 1655 4975 omnes
1701 4919 2062 4981 detraximus,
2102 4924 2160 4969 ut
2206 4928 2355 4968 coni-

786 5015 1123 5086 peudiariam
1150 5010 1443 5082 quamdam
1477 5019 1532 5065 et
1582 5007 1889 5076 expeditam
1918 5019 2100 5060 rerum
2130 5003 2354 5058 bellica-

785 5122 905 5161 rum
942 5103 1461 5175 expeditionumque
1487 5100 1774 5163 rationem,
1821 5110 1930 5150 non
1976 5094 2144 5150 verbo
2171 5092 2349 5149 solum

787 5199 998 5261 utilem,
1045 5196 1138 5250 sed
1187 5208 1245 5249 re
1288 5195 1404 5263 ipsa
1455 5190 1725 5260 factisque
1765 5188 2036 5257 majorum
2084 5184 2323 5255 approba

788 5300 924 5353 tum,
958 5296 1013 5342 et
1052 5287 1120 5341 ad
1164 5292 1353 5340 nostra
1397 5296 1574 5352 usque
1604 5290 1871 5351 tempora,
1906 5291 2222 5347 quanquam
2269 5290 2352 5330 re-

786 5381 889 5435 bus
922 5378 1087 5446 gestis
1116 5375 1341 5431 minime
1368 5372 1775 5435 transmissum,
1807 5368 2007 5441 quibus
2035 5366 2343 5423 Romanum

786 5472 917 5524 olim
951 5468 1179 5523 florebat
1221 5467 1533 5536 imperium,
1569 5461 1823 5518 oratione
1860 5470 2044 5515 tamen
2102 5472 2166 5513 ac
2206 5457 2349 5512 litte-

2452 3296 2573 3331 τινα
2585 3281 2859 3351 τακτικὴν
2881 3287 2993 3345 τοῖς
3013 3285 3301 3354 ἡμετέροις
3321 3284 3780 3355 ὑποστρατήγοις,
3810 3286 3905 3338 καὶ
3934 3286 4029 3348 τὰς

2454 3372 2736 3436 πολιτικὰς
2779 3375 3305 3443 ἐμπεπιστευμένοις
3339 3376 3527 3446 χρείας
3554 3418 3569 3441 ,
3603 3376 3671 3429 δι’
3723 3376 3879 3444 ὑμῶν
3926 3379 4027 3428 ὑπ-

2456 3462 2828 3531 αγορεύοντες,
2857 3461 2933 3524 ὡς
2960 3462 3183 3518 εὔκολον
3197 3464 3451 3517 ἐντεῦθεν
3467 3460 3604 3519 εἷναι
3623 3468 3735 3527 τοῖς
3764 3465 4024 3535 βουλομέ-

2455 3568 2565 3614 νοις
2611 3552 2704 3604 καὶ
2741 3553 2834 3604 ἐπὶ
2860 3552 2929 3606 τά
2965 3554 3186 3621 μείζονα
3234 3555 3344 3608 τῶν
3375 3554 3621 3609 παλαιῶν
3668 3557 3899 3608 ἐκείνων
3929 3572 4024 3607 τα-

2455 3642 2659 3695 κτικῶν
2679 3644 2775 3695 καὶ
2816 3644 3060 3713 ἀρχαίων
3086 3645 3235 3710 τάξει
3266 3646 3374 3697 τινί⁵
3401 3647 3496 3698 καὶ
3522 3645 3718 3716 βαθμῷ
3747 3648 4025 3717 προῖέναι.

2455 3736 2709 3803 φράσεως
2750 3734 2849 3804 μὲν
2872 3734 3137 3805 ἀκριϐοῦς
3165 3736 3199 3805 ἢ
3230 3737 3447 3804 κόμπου
3478 3738 3741 3807 ῥημάτων
3766 3738 4026 3807 οὐδεμίαν

2455 3826 2815 3894 ποιησάμενοι
2865 3825 3145 3895 φροντίδα,
3192 3826 3538 3896 πραγμάτων
3582 3827 3641 3880 δέ
3678 3826 3883 3895 μᾶλλον
3934 3830 4027 3879 καὶ

2456 3916 2754 3984 σαφηνείας
2804 3915 2963 3983 λόγου
3006 3917 3103 3968 καὶ
3128 3916 3323 3979 λέξεως
3369 3918 3545 3988 ἁπλῆς
3574 3919 4022 3987 πεφροντικότες.

2454 4008 2617 4060 Ὅθεν
2651 4006 2853 4070 ταύτας
2885 4008 3124 4071 παλαιὰς
3161 4009 3261 4078 τῆς
3307 4009 3570 4077 τακτικῆς
3604 4009 3869 4072 πολλάκις
3906 4009 4025 4063 Ἓλ-

2454 4095 2677 4165 ληνικάς
2726 4096 2823 4166 μὲν
2874 4097 3284 4167 ἐσαφηνίσαμεν
3352 4098 3548 4161 λέξεις,
3592 4097 3912 4167 Ῥωμαϊκὰς
3967 4100 4024 4151 δέ

2453 4187 2958 4258 διηρμηνεύσαμεν,
2991 4188 3087 4242 καί
3106 4205 3248 4241 τισιν
3264 4188 3481 4258 ἐτέραις
3511 4192 3879 4259 στρατιωτικῇ
3900 4206 4025 4242 συν·

2453 4279 2611 4349 ηθείᾳ
2654 4279 2975 4349 λεγομέναις
3014 4279 3372 4349 ἐχρησάμεθα
3429 4280 3669 4347 λέξεσιν,
3696 4280 3887 4334 ἐνεκεν
3928 4281 4025 4350 τῆς

2456 4372 2661 4440 σαφοῦς
2690 4372 3047 4441 καταλήψεως
3074 4371 3183 4425 τῶν
3204 4374 3671 4441 ἐντυγχανόντων,
3727 4374 3891 4443 μόνον
3918 4374 4026 4426 τῶν

2453 4464 2554 4516 οὐκ
2580 4462 2893 4530 ἀναγκαίων
2920 4461 3220 4527 διατάξεων
3243 4462 3598 4532 ἐξῃρημένων
3624 4463 3717 4516 διά
3744 4480 3807 4515 τε
3837 4463 3903 4516 τὸ
3927 4481 4024 4517 πε-

2459 4552 2640 4623 ριττοῦ
2663 4551 2741 4621 (6)
2756 4568 2878 4604 τινα
2899 4551 3193 4621 χρηστείαν
3212 4553 3307 4603 καὶ
3321 4551 3419 4621 τὴν
3445 4551 3554 4605 τῶν
3571 4555 4025 4623 συγγραμμάτων

2456 4644 2725 4710 ἀσάφειαν
2748 4642 2813 4695 ἵν’
2848 4641 3022 4711 ἐχοιεν
3053 4641 3381 4694 εὐσύνοπτον
3401 4642 3455 4694 οἱ
3478 4642 3789 4713 βουλόμενοι
3826 4660 4025 4714 στρατ-

2456 4737 2613 4804 ηγεῖν
2651 4733 2852 4803 πολλὴν
2898 4732 3007 4786 τῶν
3054 4733 3196 4786 κατά
3220 4733 3486 4802 πολέμους
3523 4734 3616 4787 καὶ
3664 4736 4023 4805 ἐκστρατείας

2456 4826 2768 4893 ἀναγκαίων
2800 4825 2897 4895 τὴν
2927 4827 3157 4894 πεῖραν,
3191 4826 3252 4877 οὐ
3284 4825 3427 4893 λόγῳ
3466 4826 3626 4894 μόνον
3651 4826 3712 4878 τὸ
3749 4828 4023 4896 χρήσιμον

2456 4916 2706 4985 ἔχουσαν,
2721 4914 2860 4968 ἀλλά
2877 4913 2942 4982 δὴ
2963 4914 3058 4966 καὶ
3076 4913 3259 4976 αὐτοῖς
3282 4913 3464 4984 ἔργοις
3488 4915 3638 4985 παρά
3647 4914 3756 4968 τῶν
3772 4917 4021 4970 παλαιῶν

2457 5006 2941 5079 ἐγγυμνασθεϊσαν,
2977 5007 3070 5059 καὶ
3112 5006 3270 5076 ἀχρις
3295 5005 3475 5076 ήμῶν,
3514 5007 3561 5059 εί
3603 5007 3697 5059 καὶ⁵
3732 5009 3809 5077 μὴ
3842 5008 4020 5077 ἔργοις

2457 5102 2661 5165 αὐτοῖς,
2694 5094 2775 5161 οἷς
2804 5098 2873 5151 τά
2902 5097 3187 5167 Ῥωμαίων
3213 5098 3306 5150 ἐπὶ
3342 5098 3486 5166 μέγα
3514 5097 3657 5168 ήρθη
3706 5098 4011 5169 δυνάμεως,

2458 5190 2973 5259 παραπεμφθεῖσαν,
3003 5187 3118 5241 ἀλλ’
3150 5184 3245 5241 οὖν
3274 5190 3386 5249 τοῖς
3419 5188 3618 5255 λόγοις,
3652 5189 3722 5241 δι’
3772 5184 3849 5242 ὧν
3891 5193 4019 5245 ἀνα-

2455 5280 2794 5351 λαμϐάνεται
2824 5279 2919 5331 καὶ
2941 5278 3418 5347 ἀναμιμνήσκεται
3455 5277 3513 5331 δέ
3539 5277 3679 5350 λήθῃ
3716 5295 4016 5348 stupeﬁat:-

2456 5372 2682 5440 φθέντα,
2712 5371 2809 5422 καὶ
2855 5371 2936 5431 είς
2970 5368 3068 5439 τὴν
3098 5367 3332 5438 ἀρχαίαν
3366 5369 3531 5422 πάλιν
3576 5369 4012 5422 ἀποκαθίσταται

2458 5461 2631 5527 τάξιν.
2685 5460 2824 5514 Ἀλλ’
2867 5460 2952 5528 ἐφ’
3005 5460 3116 5530 ὅσῳ
3147 5458 3247 5529 μέν
3300 5460 3357 5510 ἐν
3383 5461 3495 5521 τοῖς
3528 5459 3925 5530 ῥηθησομένοις
3958 5460 4011 5510 τὺ

2294 5576 2523 5634 NOTAE.

858 5678 934 5747 (5)
998 5678 1116 5747 Πρὸ
1138 5679 1336 5743 ξένου.
1371 5676 1583 5747 Scribe,
1604 5674 1885 5747 προξένου.

861 5736 938 5815 ζθ)
996 5736 1071 5801 Ita
1126 5736 1297 5803 liabet.
1318 5747 1488 5803 codex
1552 5736 1970 5809 Laurentianus,
2026 5742 2119 5798 sed
2163 5741 2347 5798 nescio
2372 5754 2481 5810 quo
2503 5754 2667 5794 sensu
2703 5756 2717 5803 ;
2749 5739 2907 5800 forte,
2937 5739 3033 5807 τὴν
3064 5736 3318 5808 περιττοῦ
3352 5737 3659 5804 legendum.
