4176 6446
133 384 234 442 C77

1299 391 1625 450 TACTICA.
1663 417 1726 426 -
1763 393 2168 451 ΡΒᾹΞΕΑῬΙΟ.

3263 405 3366 468 678

124 499 427 565 εὔχρηστον
476 496 776 567 ἀνεδείχθη,
841 517 997 568 χαρις
1105 503 1180 569 τῷ
1228 503 1443 557 πάντων
1485 505 1694 569 ἀγαθῶν

1812 507 1905 569 ris,
1931 506 2128 574 quibus
2153 521 2239 560 res
2262 507 2534 563 oblivione
2563 526 2697 578 pene
2719 514 2908 569 deleta:
2936 524 3283 579 revocantur,
3307 527 3364 572 et

119 587 302 652 δοτῆρι
365 587 585 655 Χριστῷ
649 589 726 656 τῷ
783 589 994 655 βασιλεῖ
1046 592 1141 642 τοῦ
1197 596 1396 657 παντὸς
1449 597 1539 647 καὶ
1578 596 1694 664 Θεῷ

119 679 297 744 ἡμῶν,
349 679 428 747 τῷ
480 681 713 740 καὶτοῖς
764 681 1052 748 ἡμετέροις
1099 682 1276 749 λόγοις
1324 686 1692 754 δωρησαμένῳ

115 771 210 836 τὴν
241 771 433 838 χάριν.
470 771 532 822 El
562 771 618 822 δέ
668 787 750 832 τις
781 773 873 822 καὶ
906 771 1089 838 ἕτερος
1137 772 1203 824 δι’
1246 773 1414 840 αὐτῆς
1452 773 1548 840 τῆς
1578 774 1692 825 ἐπι-

119 861 341 925 μελείας
365 863 462 914 καὶ
488 862 685 930 πείρας
725 863 1008 930 κρείττονα
1048 862 1253 915 τούτων
1281 862 1504 932 ἐφεύρῃ.
1535 865 1690 932 χάρις

115 951 207 1002 καὶ
251 951 402 1002 οὕτω
466 952 543 1019 τῷ
588 951 888 1020 παναγάθῳ
933 951 1088 1021 Θεῷ,
1126 952 1422 1022 συγγνώμη
1469 955 1525 1006 δὲ
1558 956 1690 1023 ήμῖν

115 1043 207 1108 τῆς
241 1042 560 1111 προθυμίας
595 1043 801 1094 ἕνεκεν.

1803 606 2212 664 recuperantur,
2252 606 2305 652 et
2355 599 2422 653 ad
2474 600 2758 669 pristinam
2803 605 2998 659 iterum
3046 605 3367 672 dignitatem

1801 685 2184 750 restituuntur,
2215 688 2530 742 mandatum
2579 689 2832 754 habeant,
2882 692 2975 758 qui
3024 693 3091 746 ad
3121 691 3368 762 discipli-

1798 789 1926 827 nam
1962 775 2248 829 militarem
2301 788 2465 847 atque
2500 780 2902 848 imperatoriam
2929 784 3361 848 cognoscendam

1799 876 1859 915 se
1906 869 2048 917 totos
2097 866 2336 920 tradunt.
2374 866 2529 930 Quod
2581 867 2628 920 si
2683 867 2890 935 aliquid
2940 869 3066 922 boni
3115 872 3364 926 oratione

1799 966 1986 1010 nostra
2024 958 2272 1013 eﬂ‘ectum
2295 966 2398 1022 est,
2431 960 2622 1028 gratia:
2657 961 2920 1016 habenda:
2946 973 3076 1016 sunt
3115 966 3360 1018 omnium

1800 1045 2066 1101 bonorum
2097 1048 2338 1117 largitori
2367 1048 2605 1113 Christo,
2629 1053 2996 1108 universitatis
3027 1054 3182 1121 Regi,
3218 1054 3330 1108 Deo

115 1149 215 1198 quc
243 1145 456 1194 nostro.
490 1136 586 1204 qui
613 1147 666 1189 et
689 1135 922 1190 orationi
957 1144 1158 1190 nostra:
1187 1137 1412 1192 all‘undit
1461 1139 1713 1208 gratiam.
1746 1136 1840 1192 Sin
1879 1142 2091 1196 diversa
2161 1145 2229 1196 ab
2276 1143 2414 1204 istis,
2456 1154 2509 1198 et
2551 1159 2680 1199 cura
2761 1148 3191 1218 cogitationeque
3260 1165 3356 1204 sua

117 1227 340 1280 meliora
368 1230 493 1295 quis
525 1229 812 1292 invenerit,
842 1230 1044 1299 gratias
1074 1230 1236 1284 etiam
1270 1232 1358 1286 ille
1388 1231 1566 1286 omnis
1592 1231 1854 1289 bonitatis
1910 1237 2123 1292 auctori
2173 1235 2281 1291 Deo
2320 1253 2476 1308 agat;
2538 1238 2696 1295 nobis
2751 1242 2905 1295 venia
2964 1255 3183 1312 propter
3241 1254 3357 1300 stu-

113 1318 261 1370 .linm
295 1331 668 1390 conatumque
705 1333 947 1376 nostrum
977 1325 1256 1379 tribuenda
1287 1337 1390 1380 cst.

180 1413 411 1476 Πάντως
448 1414 574 1485 χρὴ,
634 1417 742 1469 εἴτε
787 1420 880 1470 ἐπὶ
919 1418 1100 1481 πλέον,
1165 1420 1274 1472 εἴτε
1324 1423 1409 1474 ἐπ’
1468 1421 1688 1475 ἔλαττον

111 1505 240 1564 τοὺς
282 1505 644 1574 βουλομένους
678 1511 1002 1576 στρατηγεῖν
1031 1514 1149 1573 ταῖς
1177 1515 1464 1574 τακτικαῖς
1497 1531 1556 1565 τε
1592 1517 1684 1567 καὶ

113 1600 510 1662 στρατηγικαῖς
544 1597 902 1667 ἐνδιατρίϐειν
953 1601 1221 1667 μελέταις.
1258 1602 1392 1654 Οὐδὲ
1441 1603 1567 1673 γάρ,
1607 1605 1683 1664 ὥς

113 1700 254 1745 τινες
287 1686 399 1737 τῶν
443 1687 687 1757 ἀπείρων
730 1688 933 1756 ἔχουσι,
965 1690 1052 1742 διὸ.
1081 1691 1314 1760 πλήθους
1347 1693 1555 1764 ἀνδρῶν
1589 1696 1683 1747 καὶ

1865 1419 2099 1476 Omnino
2146 1434 2349 1484 autem,
2409 1423 2502 1492 qui
2548 1440 2607 1480 se
2674 1427 2741 1479 ad
2793 1427 3081 1494 imperium
3125 1429 3358 1484 admini-

1793 1516 2077 1568 strandum
2124 1516 2208 1566 vel
2243 1529 2458 1582 magna,
2497 1515 2578 1569 vel
2622 1515 2802 1584 aliqua
2843 1532 2909 1570 ex
2946 1526 3098 1583 parte
3137 1518 3359 1574 dedide-b

1788 1613 1936 1666 runt,
1980 1603 2034 1657 in
2068 1604 2295 1658 scientia
2336 1605 2556 1660 militari
2605 1614 2770 1674 atque
2807 1605 3156 1675 imperatoria
3187 1624 3245 1663 se
3277 1609 3359 1662 di-

1783 1695 2018 1762 ligenter
2073 1703 2383 1748 exerceant.
2437 1695 2624 1762 Neque
2671 1696 2842 1759 enim,
2897 1698 3355 1763 quemadmodum

113 1773 347 1839 θράσους
383 1778 430 1828 oi
467 1777 695 1846 πόλεμοι
727 1779 1022 1848 κρίνονται,
1071 1781 1208 1833 ἀλλὰ
1251 1783 1342 1834 διὰ
1395 1785 1680 1852 εὐμενείας

1794 1784 2018 1853 imperiti
2050 1786 2268 1851 quidam
2297 1786 2700 1849 existimarunt,
2764 1785 3111 1840 multitudine
3150 1801 3213 1840 ac
3253 1803 3355 1840 nu-

111 1863 242 1914 Ηεοῦ
279 1868 372 1917 καὶ
405 1868 737 1936 στρατηγίας
766 1870 859 1920 καὶ
896 1869 1120 1934 τάξεως,
1153 1866 1220 1940 ἧς
1248 1873 1446 1941 μᾶλλον
1486 1875 1680 1941 ἐπιμε-

114 1957 326 2024 ιητέον,
364 1957 394 2024 ἦ
442 1959 706 2027 συλλογῆς
739 1961 980 2028 πλήθους
1027 1961 1296 2032 ἀκαίρουο
1348 1965 1381 2032 ἡ
1436 1965 1535 2033 μὲν
1574 1965 1682 2033 γάρ

115 2050 202 2098 καὶ
235 2051 537 2116 ἀσφάλειαν
568 2053 660 2102 καὶ
695 2049 966 2116 ὠφέλειαν
1010 2052 1134 2119 ἄγει
1173 2055 1284 2116 τοῖς
1317 2053 1498 2116 καλῶς
1544 2053 1679 2124 αὑτῇ

116 2142 508 2208 κεχρημένοις’
556 2143 590 2209 ἡ
645 2140 703 2192 δέ
752 2141 1045 2212 συντριϐην
1097 2144 1192 2196 καὶ
1241 2144 1535 2214 ἐπιζήμιον
1587 2147 1678 2198 δα-

116 2245 310 2294 πανην.

181 2493 397 2563 Ὠσπερ
439 2497 547 2565 γὰρ
618 2498 717 2548 οὐκ
770 2496 917 2549 ἐστιν
969 2498 1151 2551 ὁλκάδι
1210 2500 1419 2568 πελάγη
1463 2502 1682 2569 διαπορ⁹

117 2585 412 2649 θμεὺεσθαι
468 2585 867 2656 κυϐερνητικῆς
921 2589 1228 2658 ἐπιστήμης
1288 2590 1477 2659 χωρὶς,
1516 2591 1686 2654 οὕτως

117 2676 226 2726 οὐδὲ
281 2674 575 2743 πολεμίους
606 2678 1071 2745 καταγωνίζεσθαι
1101 2678 1308 2741 τάξεως
1357 2682 1450 2732 καὶ
1489 2698 1684 2751 στρατω

122 2767 278 2831 ῃγίας
301 2767 479 2829 ἐκτὸς,
510 2767 576 2818 δι’
607 2762 674 2837 ἦς
711 2769 772 2819 οὐ
810 2769 969 2839 μόνον
1002 2768 1096 2820 τοῦ
1129 2771 1542 2841 ἰσορῤοποῦντος
1579 2774 1686 2825 τῶν

117 2859 395 2926 πολεμίων
430 2860 807 2930 περιγίνεσθαι
835 2863 932 2914 σὺν
962 2861 1080 2930 Θεῷ
1101 2862 1323 2916 δυνατόν
1357 2865 1526 2928 ἐστιν,
1551 2865 1687 2917 ἀλλά

119 2954 207 3002 καὶ
257 2952 352 3003 τοῦ
408 2953 587 3022 πολλῷ
641 2955 801 3006 πλέον
837 2955 914 3023 τῷ
973 2955 1191 3024 ἀριθμῷ
1235 2955 1685 3023 ὑπερϐάλλοντος.

118 3042 327 3112 Ὠσπερ
376 3039 466 3097 οὖν
516 3045 672 3098 ἄλλον
726 3048 846 3099 τινὰ
893 3048 1180 3116 πρόχειρον
1211 3047 1373 3114 νόμον
1411 3048 1562 3115 ὑμῖν,
1615 3049 1689 3110 ὡς

1782 1889 1933 1928 mero
1981 1874 2285 1937 hominum,
2342 1877 2435 1930 sed
2513 1876 2845 1945 benignitate
2905 1892 2968 1931 ac
3022 1875 3210 1930 favore
3261 1878 3352 1931 Dei

1783 1964 1917 2018 bella
1949 1965 2338 2028 conﬁciuntur,
2370 1974 2425 2019 et
2475 1966 2551 2018 rei
2595 1966 2845 2020 militaris
2883 1967 3354 2036 imperatoriaque

1782 2053 2032 2114 scientia,
2071 2052 2123 2104 in
2157 2068 2278 2120 quae
2299 2052 2502 2120 potius,
2531 2068 2696 2120 quam
2733 2053 2787 2107 in
2817 2054 3142 2122 importunae
3169 2055 3352 2108 multi-

1783 2143 1990 2196 tudinis
2021 2142 2313 2195 coitionem
2361 2144 2677 2197 inluendum
2721 2154 2830 2210 est;
2876 2146 3044 2198 altera
3079 2145 3224 2197 enim
3259 2160 3348 2200 res

1785 2241 1898 2284 tum
1929 2230 2238 2294 utilitatem,
2267 2239 2381 2283 tum
2415 2231 2869 2294 incolumitatem,
2902 2232 2969 2285 iis
2998 2232 3091 2299 qui
3120 2248 3182 2285 ea
3213 2233 3350 2286 bene

1785 2327 2035 2383 utuntur,
2065 2329 2348 2388 apportat;
2396 2319 2567 2373 altera
2603 2336 2730 2374 vero
2789 2321 3253 2389 perturbationem
3288 2333 3343 2376 et

1784 2419 2032 2478 sumptus
2058 2410 2254 2462 multos
2283 2407 2650 2464 infructuosos
2680 2409 2852 2464 all‘ert.

1855 2501 2319 2566 Quemadmodum
2388 2502 2533 2554 enim
2609 2516 2800 2555 navem
2876 2503 3184 2556 onerariam
3253 2517 3348 2571 per

1787 2593 1958 2647 maria
2004 2592 2251 2660 trajicere
2282 2606 2392 2644 non
2423 2606 2716 2660 possumus
2756 2593 2878 2646 sine
2933 2604 3048 2646 arte
3077 2594 3347 2660 guberna-

1789 2686 1946 2746 toria,
1975 2684 2055 2738 sic
2122 2698 2298 2751 nequc
2347 2682 2486 2735 bella
2543 2691 2727 2736 nostra
2782 2683 3008 2738 honeste
3047 2685 3348 2753 suscipere,

1789 2789 1967 2843 neque
1989 2783 2239 2841 suscepta
2271 2773 2540 2826 coniicere
2575 2787 2872 2841 possumus
2907 2774 3029 2829 sine
3062 2781 3181 2828 arte
3207 2775 3353 2838 mili-

1788 2863 1892 2917 tari
1948 2871 2112 2930 atquc
2154 2861 2522 2930 imperatoria,
2563 2874 2672 2930 qua
2702 2875 2810 2915 non
2853 2859 3032 2915 solum
3091 2862 3353 2931 aqualem

1791 2963 1844 3006 ct
1885 2967 2070 3020 parem
2119 2966 2348 3004 numero
2394 2950 2799 3005 multitudinem
2833 2951 3072 3005 hostium
3117 2953 3356 3020 propitio

1792 3042 1900 3096 Deo
1939 3057 2282 3110 superamus,
2331 3042 2426 3095 sed
2463 3043 2628 3095 etiam
2677 3041 2838 3111 longe
2879 3042 3048 3095 multo
3092 3043 3356 3110 majorem

119 3137 358 3201 εἴρηται,
398 3138 760 3206 στρατηγικὸν
825 3140 924 3207 τὴν
977 3137 1256 3208 παροῦσαν
1307 3142 1688 3210 πραγματείαν

1794 3131 2031 3183 hostium
2078 3144 2388 3191 nnmcrum,
2422 3128 2910 3196 instructioresque
2954 3129 3138 3198 copias
3175 3130 3356 3182 fundi-

119 3225 552 3292 ὗπαγορεύοντες
603 3229 884 3296 προσεχῶς
915 3246 973 3279 τε
1006 3229 1101 3280 καὶ
1148 3230 1420 3292 ἐπιπόνως
1472 3231 1688 3283 ἀκούειν

122 3313 276 3380 ὑμῶν
306 3315 818 3386 παρακελευόμεθα.

191 3489 389 3557 Χρεὼν
413 3492 596 3543 τοίνυν
621 3493 881 3563 πρότερον
915 3495 1013 3561 μὲν
1044 3495 1354 3565 ὑπογράψαι
1385 3497 1478 3565 τὴν
1506 3498 1562 3548 ἐν
1593 3515 1688 3548 πο-

126 3583 308 3646 λέμοις
347 3583 637 3650 τακτικὴν.
670 3583 778 3634 Καὶ
817 3584 871 3634 τί
903 3586 1016 3635 ἐστι
1063 3586 1388 3653 στρατηγὸς,
1423 3582 1542 3639 εἶτα
1573 3587 1690 3638 τίνα

125 3673 214 3722 καὶ
253 3673 437 3723 ὁποῖον
471 3675 774 3743 στρατηγὸν
801 3671 938 3727 εἶναι
981 3675 1079 3736 δεῖ,
1117 3678 1208 3730 καὶ
1238 3678 1383 3738 ὅπως
1410 3678 1526 3730 δέον
1567 3677 1690 3745 βου-

124 3761 398 3814 ὴύεσθαι.
449 3762 606 3831 Ἑξῆς
626 3763 682 3814 δὲ
711 3764 809 3830 τὴν
830 3766 907 3822 εἰς
941 3765 1203 3834 ἄρχοντας
1237 3767 1330 3818 καὶ
1359 3767 1692 3836 ἀρχομένους

125 3850 214 3902 τοῦ
257 3852 493 3919 στρατοῦ
524 3853 785 3905 διαθεῖναι
803 3853 1087 3922 διαίρεσιν,
1134 3856 1234 3923 τήν
1267 3873 1324 3907 τε
1354 3856 1519 3924 ἀλλην
1545 3859 1692 3910 ἀπο-

126 3943 346 4012 σκευὴν,
370 3946 462 3996 καὶ
489 3945 596 3996 τῶν
629 3946 809 3999 ὃπλων
831 3947 1198 4017 κατασκευὴν,
1231 3947 1324 4000 xal.
1344 3949 1440 4016 τὴν
1464 3950 1694 4002 ἑκάστου

129 4037 457 4101 μαχομένων
488 4037 723 4092 ὅπλισιν.
758 4039 900 4107 Πρὸς
935 4038 1144 4101 τούτοις
1181 4039 1279 4108 τὴν
1312 4041 1447 4108 πρὸς
1472 4041 1582 4093 τῶν
1618 4042 1695 4107 (7)

127 4126 397 4194 ἀληθινῶν
413 4128 639 4195 ἀγώνων
660 4128 753 4180 τοῦ
784 4129 1088 4198 στρατηγοῦ
1124 4131 1449 4198 γυμνασίαν.
1468 4133 1697 4184 Ἔπειτα

127 4216 180 4267 δὲ
219 4218 312 4267 καὶ
353 4218 420 4269 τά
469 4220 695 4286 κείμενα
739 4220 1230 4287 ὑπαναγνωσθῆναι
1265 4222 1530 4289 ἐπιτίμια,
1581 4218 1699 4274 εἶτα

130 4326 190 4358 πε
205 4312 256 4377 pi.
289 4309 599 4378 ὁδοιπορίας
633 4311 805 4362 εἰπεῖν
841 4311 938 4378 τῆς
963 4328 1022 4362 τε
1056 4315 1113 4362 ὲν
1141 4315 1207 4380 τῇ
1241 4311 1347 4382 ἰδίᾳ
1388 4314 1480 4365 καὶ
1513 4313 1612 4381 τῆς
1642 4316 1698 4364 ὲν

129 4403 189 4466 τῇ
217 4399 484 4469 πολεμίᾳ,
530 4401 656 4469 περί
702 4418 759 4453 τε
788 4400 880 4453 τοῦ
908 4401 1199 4469 λεγομένου
1229 4403 1470 4465 τούλδου,
1509 4405 1602 4457 καὶ
1635 4405 1698 4473 δὴ

1791 3235 1914 3272 nius
1945 3228 1997 3272 et
2034 3219 2380 3288 dissipamus.
2413 3215 2580 3281 Quasi
2610 3217 2776 3285 igitur
2805 3217 2907 3285 legi
2932 3218 3092 3271 alicui
3134 3219 3352 3271 militari

1792 3311 2160 3380 promulgatae,
2196 3311 2476 3362 ntdictum
2498 3314 2602 3372 est,
2626 3309 2706 3362 sic
2751 3308 2874 3361 linic
2908 3309 3216 3361 tractationi
3261 3324 3357 3359 vos

1791 3416 1978 3468 parere
2012 3409 2171 3468 atque
2202 3399 2421 3452 obedire
2443 3398 2694 3452 volumus
2719 3409 2882 3467 atque
2906 3399 3254 3466 imperamus.

1866 3494 2110 3548 Primum
2161 3493 2326 3561 igitur
2388 3493 2546 3548 nobis
2586 3491 3000 3546 describendum
3049 3500 3152 3552 est,
3195 3487 3356 3560 quid-

1795 3605 1919 3644 nam
1950 3604 2040 3643 res
2086 3588 2363 3652 militaris,
2392 3587 2633 3656 quidque
2660 3587 2956 3656 imperator
2997 3586 3106 3650 sit;
3136 3583 3356 3643 deinde,

1793 3681 2011 3750 qualem
2050 3694 2170 3733 esse
2201 3686 2412 3747 oportet
2443 3678 2766 3741 exercitum,
2803 3688 2859 3732 et
2902 3678 3356 3746 quemadmodum

1794 3771 2082 3824 consilium
2115 3769 2439 3837 capiendum
2472 3769 2577 3833 sit;
2608 3777 2723 3822 tum
2763 3768 2816 3821 in
2859 3766 3142 3837 praefectos
3179 3767 3360 3822 omnis

1796 3857 2026 3926 generis,
2061 3867 2117 3911 et
2149 3858 2349 3910 milites
2384 3857 2624 3910 dividere
2665 3858 3003 3922 exercitum,
3050 3859 3355 3927 reliquum-

1796 3963 1902 4015 que
1926 3956 2242 4015 apparatnm
2276 3961 2493 3998 omnem
2525 3946 2754 3999 militum
2780 3947 3058 4010 adbibere,
3091 3957 3144 4001 et
3171 3949 3362 4002 unius-

1801 4037 2068 4105 cujusque
2097 4035 2288 4089 militis
2334 4045 2688 4088 armaturam.
2720 4038 2802 4090 Ad
2835 4037 2970 4100 lucc,
2999 4039 3359 4107 quemadmo-

1800 4129 1929 4180 dum
1963 4134 2088 4179 ante
2123 4139 2249 4178 vera
2281 4125 2575 4179 certamina
2610 4125 2905 4194 imperator
2931 4127 3174 4195 singulos
3206 4143 3363 4182 exer-

1800 4233 1924 4271 cere
1962 4217 2175 4270 debeat.
2221 4216 2508 4284 Deinceps,
2534 4215 2991 4284 quemadmodum
3022 4217 3252 4286 singulis
3281 4233 3365 4272 re-

1802 4309 1902 4361 bus
1943 4306 2232 4375 pr0positae
2289 4306 2473 4358 multa:
2522 4307 2573 4358 in
2618 4306 2858 4359 exercitu
2911 4306 3177 4375 legantur.
3226 4305 3364 4360 Tum

1802 4399 1869 4450 de
1907 4397 2100 4449 itinere
2125 4395 2288 4448 verba
2319 4393 2560 4448 facienda
2593 4403 2740 4457 sunt,
2773 4403 2886 4448 tum
2923 4395 2974 4446 in
3006 4409 3126 4460 sua,
3162 4403 3274 4448 tum
3312 4396 3367 4448 in

127 4492 220 4541 καὶ
282 4491 413 4559 περὶ
458 4491 773 4560 ἀπλήκτων.
817 4492 928 4557 Τῆς
983 4509 1041 4542 τε
1105 4494 1556 4563 προκατασκευῆς
1605 4496 1694 4546 καὶ

1807 4487 1986 4542 hostili
2015 4495 2178 4540 terra.
2203 4485 2394 4540 Postea
2425 4487 2492 4539 de
2514 4484 2914 4555 impedimentis
2942 4494 2997 4539 et
3042 4487 3272 4552 castris;
3300 4487 3368 4542 de

129 4579 530 4648 παραγγελίας,
565 4582 662 4633 καὶ
707 4581 757 4632 τί
787 4581 866 4633 δεῖ
906 4582 1151 4647 γίνεσθαι
1192 4582 1298 4651 πρὸ
1332 4583 1430 4650 τῆς
1468 4582 1562 4634 τοῦ
1600 4601 1699 4635 πο-

129 4670 300 4731 )ἐμου
340 4671 580 4740 ἡμέρας,
622 4673 718 4724 καὶ
765 4673 864 4723 ὅσα
905 4674 962 4723 ἐν
989 4674 1054 4740 τῇ
1090 4670 1184 4724 τοῦ
1229 4673 1465 4739 πολέμου
1521 4672 1702 4744 ἡμέρᾳ

129 4763 503 4827 ὲποφείλεται.
537 4763 646 4813 Καὶ
675 4762 756 4813 ἔτι
794 4764 920 4831 περὶ
961 4763 1275 4832 πολιορκίας
1297 4778 1310 4790 °
1341 4759 1460 4815 εἶτα
1500 4765 1594 4816 καὶ
1633 4766 1702 4815 τὰ

133 4855 272 4918 μετὰ
322 4853 414 4904 τὸν
461 4853 695 4921 πόλεμον
728 4853 1076 4923 ὀφειλόμενα,
1115 4855 1208 4907 καὶ
1242 4855 1340 4916 τὰς
1379 4855 1446 4908 δι’
1470 4855 1702 4925 ἐνεδρῶν

130 4946 432 5011 ἀδοκήτους
464 4943 687 5012 ἐφόδους
717 4944 826 4996 τῶν
867 4961 926 4995 τε
954 4945 1239 5015 ἡμετέρων
1269 4946 1362 4998 καὶ
1391 4946 1498 4998 τῶν
1541 4948 1700 5000 πολε-

133 5037 295 5103 μίων.
328 5034 441 5086 Ka‘t
468 5035 560 5086 ἐπὶ
585 5033 800 5096 τούτοις
829 5033 1104 5102 διαφόρων
1141 5036 1498 5105 παρατάξεων
1542 5038 1703 5107 μελέο

133 5143 227 5187 τας
261 5124 496 5176 ἐθνικῶν
521 5141 579 5176 τε
611 5125 704 5177 καὶ
742 5123 1083 5193 Ῥωμαῖκῶν.
1122 5123 1256 5178 Εἶτα
1296 5127 1388 5178 ἐπὶ
1411 5129 1523 5190 τοῖς
1555 5131 1706 5197 εἰρη-

140 5215 323 5282 μένοις
366 5213 463 5266 καὶ
503 5213 633 5283 περὶ
665 5215 972 5284 ναυμαχίας
999 5214 1248 5278 διατάξαι
1296 5215 1551 5286 μετρίως.
1596 5219 1706 5269 Kal.

139 5307 231 5359 ἐπὶ
281 5305 497 5368 τούτοις
530 5306 702 5360 ἅπασι
751 5307 972 5377 γνώμας
1020 5308 1174 5370 τινὰς
1204 5309 1466 5370 τακτικάς
1508 5324 1568 5361 τε
1611 5309 1706 5360 καὶ

140 5400 515 5468 στρατηγικάς
583 5397 728 5458 ἰδίως
797 5397 1101 5460 ἐντεὺξουσι
1176 5400 1498 5463 συναγαγεῖν
1575 5399 1706 5460 ὅσας

139 5490 299 5558 δῆλον
348 5491 430 5542 ὄτι
486 5489 626 5541 κατὰ
679 5488 863 5559 χώραν
913 5489 1129 5552 ἐντάξαι
1158 5489 1218 5540 τὸ
1260 5489 1586 5542 εὐσύνοπτον
1617 5491 1708 5540 καὶ

144 5580 437 5648 πρόχειρον
467 5580 573 5630 τῶν
595 5580 888 5642 διατάξεων
908 5580 968 5631 οὐ
998 5583 1266 5650 συγχωρεῖ
1289 5580 1545 5634 ἐκθεῖναι.
1592 5582 1708 5649 Ἀφ’

1805 4586 2087 4647 apparatu,
2130 4587 2184 4631 et
2234 4578 2537 4645 praeceptis,
2587 4577 2830 4646 quidque
2881 4576 3190 4632 faciendum
3244 4591 3369 4634 ante

1804 4669 1946 4723 diem
1977 4671 2100 4723 belli
2147 4671 2252 4729 sit.
2284 4669 2522 4738 quidque
2547 4668 2664 4736 ipso
2701 4667 2787 4720 die
2835 4668 3125 4737 agendum.
3161 4669 3236 4724 De
3274 4672 3371 4724 oh-

1805 4762 2016 4816 sidione
2061 4762 2249 4822 etiam,
2296 4769 2460 4826 atque
2505 4760 2572 4814 de
2615 4760 2704 4824 iis,
2733 4773 2855 4828 qua:
2889 4769 3012 4828 post
3051 4760 3251 4816 bellum
3282 4779 3373 4832 ge-

1807 4854 1967 4908 renda
2021 4862 2167 4907 sunt.
2217 4852 2355 4906 Tum
2405 4867 2506 4906 nec
2552 4852 2804 4920 Opinatas
2852 4866 2920 4904 ex
2971 4852 3206 4916 insidiis,
3259 4843 3404 4908 tum.

1815 4957 2052 5004 nostras,
2098 4954 2207 4996 tmn
2245 4942 2483 4996 hostium
2530 4943 2898 5006 incursiones,
2927 4950 2984 4996 et
3009 4942 3376 5000 diversimode

1811 5036 1949 5103 apud
1985 5035 2160 5087 varias
2194 5044 2380 5102 gentes
2413 5032 2558 5087 acies
2600 5032 2914 5087 instructas.
2948 5030 3024 5086 De
3068 5034 3245 5088 navali
3280 5051 3374 5104 pu-

1813 5141 1915 5187 gna
1945 5139 2116 5190 pauca
2150 5124 2530 5192 adiungemus.
2577 5121 2707 5176 Post
2749 5122 2866 5176 haec
2913 5122 3118 5187 omnia,
3153 5133 3375 5180 senten-

1812 5214 2010 5266 tiarum
2041 5215 2399 5282 quarumdam
2436 5212 2755 5266 militarium
2799 5221 2962 5282 atque
2997 5213 3376 5283 imperatoria-

1810 5324 1930 5360 rum
1965 5307 2380 5377 descriptionem
2433 5307 2730 5376 separatim
2777 5307 3117 5377 colligemus,
3146 5325 3286 5379 quas
3321 5312 3376 5366 in

1811 5401 1926 5452 suis
1960 5400 2092 5452 locis
2125 5410 2345 5467 propter
2407 5399 2726 5453 brevitatem
2777 5410 2831 5452 et
2873 5401 3178 5468 expeditam
3209 5403 3376 5456 ratio-

1813 5506 1934 5543 nem
1987 5490 2220 5558 capitum
2263 5504 2368 5543 non
2401 5489 2705 5558 posuimus.
2739 5488 2835 5544 llis
2862 5492 3026 5546 rebus
3055 5492 3373 5556 instructus,

1813 5583 1906 5649 qui
1932 5582 2193 5649 sapientia
2254 5590 2307 5634 et
2336 5582 2608 5637 celeritate
2641 5581 2842 5650 ingenii
2881 5583 3172 5653 imperator
3194 5585 3372 5638 abun-

1658 5694 1886 5748 NOT/E.

217 5763 293 5831 (τ)
313 5763 466 5829 Πρὸς
493 5762 626 5814 τῶν.
661 5761 846 5816 Scribe
883 5763 988 5833 πρὸ
1004 5763 1130 5817 τὼν.
