4220 6442
806 372 876 435 79
2014 368 2285 429 LEONIS
2319 366 2771 424 PHILUSOI’HI

3931 361 4041 423 650

775 489 889 553 dat,
915 489 1073 557 longe
1098 485 1409 556 perfectior,
1451 488 1526 540 ut:
1564 502 1744 557 spem,
1777 484 2188 554 absolutiorque
2222 483 2344 535 erit.
2379 486 2426 540 Α

2379 486 2426 540 Α
2454 473 2529 535 ὧν
2562 480 2884 551 ὁρμώμενον
2915 481 3078 545 σοφὸν
3127 478 3257 529 ὄντα
3293 475 3387 529 καὶ
3437 473 3565 538 ὀξὺν
3598 478 3666 546 τῇ
3695 475 3910 545 διανοίᾳ
3949 479 4045 527 τὸν

776 579 852 631 Δια
890 582 1064 648 primo
1099 578 1226 633 hinc
1258 579 1623 648 incipiendum
1655 591 1778 632 esse
1807 585 2088 647 putamus.

1190 816 1651 875 CONSTITUTIO
1691 820 1924 876 PRIMA.

1122 931 1200 985 De
1220 932 1286 1002 [re
1315 932 1539 986 militari
1567 945 1615 987 et
1647 935 1980 1003 imperatore.

856 1043 902 1095 l.
947 1042 1054 1098 Res
1116 1042 1373 1099 militaris
1431 1054 1515 1100 est
1577 1045 1804 1099 scientia
1861 1043 2178 1100 bellicorum
2232 1059 2349 1100 mo-

781 1142 958 1187 tuum.
1004 1133 1184 1190 Motus
1214 1144 1393 1189 autent
1432 1137 1552 1191 belli
1587 1135 1836 1206 duplices
1867 1147 1997 1192 sunt
2032 1154 2043 1189 :
2074 1136 2165 1192 alii
2200 1137 2347 1190 enim

783 1234 950 1291 terra,
983 1226 1074 1280 alii
1111 1227 1249 1279 mari
1278 1226 1434 1280 ﬁunt.

848 1314 904 1368 2.
960 1315 1065 1370 Res
1114 1315 1371 1371 militaris
1420 1326 1503 1373 est
1564 1333 1655 1374 ars
1698 1319 1947 1389 quatdam
1998 1321 2351 1392 imperatoria

782 1405 1023 1460 aciei-um
1071 1405 1534 1473 instruendarum,
1580 1419 1634 1465 et
1683 1425 1961 1466 armorum
2014 1422 2068 1466 et
2106 1424 2351 1467 motuum

785 1495 1123 1550 militarium.
1840 1488 1847 1491 ”

853 1587 905 1640 5.
947 1586 1053 1642 Ars
1087 1588 1436 1655 imperatoria
1463 1599 1547 1645 est
1577 1591 1629 1645 in
1661 1591 1863 1662 quibus
1893 1594 2235 1658 exercitatio,
2273 1602 2352 1656 vel

783 1677 1024 1731 studium
1069 1687 1164 1732 aut
1211 1678 1479 1733 industria
1530 1682 1771 1749 ponitur,
1800 1699 1922 1737 cum
1971 1688 2355 1757 στρατηγημά-

2456 572 2763 643 στρατηγδν
2794 569 3106 638 σοφώτερον
3133 568 3387 636 γενέσθαι
3408 567 3722 636 ἐλπίζομεν.
3749 568 3864 623 Καὶ
3882 568 4047 637 πρῶ.

2452 679 2546 715 τον
2586 663 2684 733 μὲν
2717 662 2951 733 ἀρκτέον
2978 659 3254 713 ἐντεῦθεν.

2934 818 3246 874 ΔΙΑΤΑΞΙΣ
3298 817 3551 871 ΠΡΩΤΙΙ.

2738 935 2877 1003 Περὶ
2907 932 3193 1001 τακτικῆς
3226 930 3328 986 καί
3364 930 3728 1000 στρατηγοῦ.

2527 1058 2598 1106 α’.
2632 1049 2879 1119 Τακτική
2915 1050 3061 1101 ἐστιν
3092 1045 3371 1117 ἐπιστήμη
3405 1045 3719 1116 πολεμικῶν
3746 1043 4047 1109 κινήσεων.

2458 1147 2718 1216 Κινήσεις
2746 1142 2805 1194 δὲ
2855 1140 3155 1208 πολεμικαὶ
3184 1138 3361 1192 διτταί
3389 1155 3402 1168 ’
3438 1139 3492 1190 at
3522 1137 3621 1208 μὲν
3653 1138 3793 1189 κατὰ
3824 1137 3952 1203 γῆν,
3992 1136 4045 1185 αἱ

2457 1236 2515 1290 δὲ
2542 1236 2683 1289 κατὰ
2718 1232 3011 1286 θάλατταν.

2531 1330 2598 1398 β’.
2638 1326 2886 1396 Τακτική
2936 1325 3054 1378 ἐστι
3083 1324 3249 1394 τέχνη
3286 1321 3628 1393 στρατηγικὴ
3678 1318 4049 1390 παρατάξεων

2459 1421 2553 1473 καὶ
2582 1416 2863 1487 ὁπλισμῶν
2891 1416 2986 1469 καὶ
3013 1415 3285 1485 κινήσεων
3308 1409 3740 1483 στρατιωτικῶν.

2533 1609 2602 1668 γ’.
2644 1596 2995 1672 Στρατηγικὴ
3022 1597 3080 1650 δέ
3109 1598 3256 1650 ἐστιν
3288 1593 3611 1665 στρατηγῶν
3657 1588 3880 1659 ἀγαθῶν
3923 1605 4050 1639 συν-

2462 1690 2695 1757 άσκησις
2726 1689 2893 1758 ἤγουν
2919 1685 3114 1757 μελέτη
3146 1686 3239 1737 καὶ
3305 1681 3579 1753 γυμνασία
3630 1679 3770 1749 μετᾶ
3828 1694 4050 1746 στρατ-

780 1787 910 1832 των,
942 1770 993 1824 id
1021 1780 1104 1826 est
1133 1771 1489 1826 consiliorum
1521 1771 2001 1841 imperatoriorum
2042 1784 2093 1830 et
2126 1785 2354 1846 tropieo-
2389 1826 2429 1881 Β

782 1875 899 1881 _____
943 1860 1254 1881 ..ηηηηΔ

2042 1784 2093 1830 ct
2126 1785 2354 1846 tropteo-
2389 1826 2429 1881 Β
2462 1779 2783 1850 ηγημάτων
2805 1780 2925 1849 ἤτοι
2956 1776 3229 1844 τροπαίων
3261 1772 3680 1844 συναθροισμοῦ.

782 1875 902 1914 rum
936 1860 1279 1915 collectione.

852 1950 909 2004 4.
966 1951 1310 2021 Propositum
1368 1952 1448 2009 rei
1497 1954 1719 2009 militari
1775 1965 1879 2023 est,
1926 1964 1984 2011 ut
2035 1960 2358 2027 opportunis

783 2044 1262 2100 commoditatibus
1294 2053 1349 2100 et
1376 2047 1540 2101 rebus
1576 2050 1745 2117 gestis
1770 2048 1952 2103 vincat
1978 2048 2186 2104 hostes.

855 2134 907 2188 5.
951 2135 1172 2191 Utilitas
1218 2137 1295 2192 rei
1357 2138 1612 2194 militaris
1663 2147 1768 2205 est,
1820 2140 2074 2196 ordinata
2117 2141 2354 2214 quadam

786 2238 848 2278 ac
878 2225 1142 2294 disposita
1173 2227 1288 2281 acie
1327 2242 1451 2281 cum
1486 2229 1733 2284 hostibus
1759 2230 2069 2299 conﬂigere.

858 2314 910 2367 li.
954 2314 1106 2371 Finis
1138 2317 1212 2371 rei
1240 2318 1491 2373 militaris
1523 2328 1625 2381 est,
1662 2320 1842 2389 quoad
1865 2321 1983 2390 ejus
2011 2322 2127 2378 ﬁeri
2156 2332 2353 2394 potest,

790 2405 909 2457 sine
941 2406 1047 2459 ulla
1080 2405 1380 2462 olli-nsione
1419 2410 1717 2464 exercitum
1750 2411 2040 2465 instruere.

863 2495 912 2549 7.
956 2496 1191 2553 Bcllicus
1240 2510 1532 2569 apparatus
1575 2502 1849 2570 perlectus
1893 2503 2089 2573 duplex
2125 2517 2229 2569 est,
2276 2508 2356 2558 al-

786 2595 866 2639 :er
900 2588 1118 2655 quidem
1151 2601 1296 2645 terra
1336 2593 1630 2653 terrestris,
1668 2592 1804 2646 alter
1840 2608 1969 2647 vero
2014 2596 2148 2648 mari
2193 2611 2358 2649 nava-

783 2678 871 2731 lis.
926 2678 997 2731 De
1043 2695 1104 2735 re
1148 2683 1324 2735 navali
1357 2692 1544 2752 postea
1599 2682 1865 2740 dicemus.
1909 2684 2205 2741 Hominum
2256 2703 2357 2741 au-

786 2780 891 2823 tem
922 2769 1015 2838 qui
1048 2771 1115 2824 ad
1148 2770 1347 2825 bellum
1384 2772 1663 2829 conﬂuunt
1691 2775 2006 2841 multitudo,
2039 2776 2208 2830 altera
2236 2777 2359 2846 qui-

785 2859 907 2914 dem
940 2862 1190 2930 praelians
1219 2871 1322 2930 est,
1352 2864 1455 2919 hoc
1482 2873 1566 2920 est
1601 2865 1875 2929 bellatrix,
1912 2867 2083 2922 altera
2114 2884 2244 2922 vero
2290 2870 2355 2923 ad

788 2964 919 3004 usus
950 2951 1072 3006 belli
1103 2954 1330 3007 veniens
1374 2953 1633 3010 imbellis.
1669 2954 1735 3009 Et
1785 2956 2100 3022 bellatOres,
2149 2958 2355 3012 milites

785 3050 913 3094 sunt
970 3040 1064 3111 qui
1112 3042 1376 3099 adversus
1423 3044 1611 3100 hostes
1672 3046 2042 3102 instruuntur.
2106 3048 2355 3105 lmbelles

2529 1964 2591 2017 δ’.
2623 1961 2830 2023 Σκοπὸς
2861 1962 2926 2029 τῇ
2959 1961 3189 2028 τακτικῇ
3236 1956 3323 2009 διὰ
3357 1955 3466 2009 τῶν
3510 1954 3879 2024 ἐνδεχομένων
3924 1954 4048 2004 ἑπι-

2462 2053 2673 2106 6ουλῶν
2696 2052 2791 2104 καὶ
2824 2049 3078 2121 πράξεων
3109 2048 3327 2115 κινῆσαι
3360 2045 3490 2107 τοὺς
3517 2044 3645 2096 πολε
3658 2045 3836 2112 μίους.

2542 2148 2605 2195 ε’.
2640 2142 2925 2210 Χρήσιμον
2956 2138 3013 2190 δέ
3054 2138 3203 2188 ἐστιν
3234 2137 3267 2205 ἡ
3298 2133 3551 2204 τακτικὴ,
3582 2133 3644 2185 τὸ
3664 2132 3734 2186 δι’
3775 2132 4051 2184 εὐτάκτου

2462 2232 2665 2292 θέσεως
2693 2227 3102 2299 συμπλέκεσθαι
3135 2226 3249 2284 τοῖς
3272 2222 3572 2291 πολεμίοις.

2534 2327 2609 2385 ς’.
2647 2319 2814 2382 Τέλος
2838 2321 2906 2387 τῇ
2934 2317 3169 2383 τακτικῇ
3208 2312 3351 2366 κατὰ
3378 2312 3439 2363 τὸ
3483 2311 3834 2381 ἐνδεχόμενον
3862 2310 4049 2381 ἀμέμ-

2462 2429 2612 2474 πτως
2641 2409 2891 2474 διατάξαι
2922 2407 2984 2460 τὸ
3021 2405 3360 2474 στράτευμα.

2533 2505 2600 2567 ζ’.
2647 2503 2712 2555 Ai
2745 2500 2801 2553 δὲ
2834 2500 2914 2563 είς
2946 2499 3073 2561 τοὺς
3121 2494 3419 2566 πολεμίους
3462 2494 3666 2547 τέλειαι
3703 2511 4048 2565 παρετοιμα-

2462 2597 2574 2649 σίαι
2602 2593 2697 2647 δύο
2728 2592 2866 2645 είσίν
2896 2607 2911 2621 °
2964 2592 2997 2661 ᾑ
3034 2590 3131 2660 μὲν
3167 2587 3308 2643 κατά
3335 2586 3438 2656 γῆν
3466 2585 3685 2655 πεζικὴ,
3718 2581 3750 2654 ἡ
3797 2586 3855 2638 δὲ
3905 2585 4049 2638 κατὰ

2460 2685 2738 2738 Θάλασσαν
2766 2678 3020 2747 ναυτική.
3053 2678 3188 2748 Περὶ
3216 2677 3316 2747 μὲν
3344 2671 3436 2729 οὖν
3464 2676 3561 2744 τῆς
3588 2675 3854 2742 ναυτικῆς
3883 2673 4045 2725 ὓστε-

2464 2786 2556 2839 ρον
2588 2766 2842 2837 ἐροῦμεν.
2876 2763 2998 2817 Τῶν
3025 2763 3082 2816 δέ
3108 2763 3251 2817 κατά
3279 2763 3384 2831 γῆν
3417 2762 3508 2815 ἐπὶ
3542 2762 3814 2829 πολέμους
3851 2762 4046 2832 ἀθροι-

2460 2859 2707 2930 ζομένων
2752 2852 2966 2925 ἀνδρῶν
3012 2853 3074 2907 τὸ
3122 2853 3330 2922 πλῆθος
3370 2851 3432 2905 τὸ
3484 2851 3583 2922 μέν
3622 2854 3740 2905 ἐστι
3778 2852 4047 2921 μάχιμον,

2459 2953 2629 3020 ἡγουν
2667 2947 2965 3018 πολεμικόν
2988 2963 3002 2978 ο
3035 2945 3097 2998 τὸ
3130 2944 3186 2996 δέ
3217 2944 3305 2998 διὰ
3335 2943 3434 3007 τάς
3462 2943 3651 2996 τούτου
3695 2943 3889 3013 χρείας
3926 2959 4050 2995 συν·

2459 3040 2754 3111 ερχὸμενον
2778 3038 3014 3107 ἄμαχον.
3043 3036 3155 3089 Καὶ
3180 3033 3475 3105 πολεμικὸν
3516 3032 3635 3103 μὲν,
3659 3033 3721 3085 τὸ
3753 3050 4049 3103 παρατασο

785 3130 978 3198 reliqui
1031 3142 1181 3195 sunt,
1232 3136 1449 3199 medici.
1510 3138 1845 3203 administri,
1900 3151 2255 3204 mercatores,
2305 3148 2426 3209 etC

2382 3148 2426 3209 ρ
2463 3134 2691 3203 σόμενον
2718 3130 2855 3201 πρὸς
2880 3128 3008 3191 τοὺς
3034 3124 3328 3196 πολεμίους
3352 3124 3759 3194 στρατιωτικόν.
3793 3125 4048 3193 ’Δμαχον

784 3222 876 3273 alii
926 3223 1022 3292 qui
1074 3225 1139 3277 ad
1191 3228 1535 3281 necessarios
1583 3245 1716 3283 usus
1773 3243 2205 3301 consequuntur.
2250 3233 2358 3287 l’u-

782 3314 1002 3379 gnantis
1052 3315 1221 3383 partis
1271 3332 1367 3371 seu
1420 3317 1718 3375 bellatricis
1765 3321 1871 3375 alia
1918 3333 2002 3376 cst
2065 3324 2353 3393 pedestris,

784 3402 891 3455 alia
939 3406 1232 3472 equestris.
1270 3407 1551 3465 Pedestris
1596 3422 1679 3466 est
1711 3428 1834 3481 quae
1879 3415 2028 3468 humi
2081 3417 2351 3472 consistit.

784 3488 1068 3569 Equestris
1116 3505 1221 3559 est,
1272 3512 1395 3565 qua:
1446 3498 1603 3568 equis
1659 3502 1898 3567 vehitur,
1954 3511 2007 3555 et
2050 3517 2172 3572 qua:
2225 3504 2354 3556 olim

785 3584 1041 3639 curribus
1097 3585 1311 3642 falcatis
1355 3598 1410 3643 et
1456 3590 1760 3659 elephantis
1817 3601 1995 3648 turres
2042 3593 2357 3648 hominibus

784 3672 1014 3729 refertas
1062 3680 1411 3745 gestantibus
1457 3681 1781 3748 vehebatur,
1843 3684 1910 3738 de
1958 3684 2158 3755 quibus
2206 3703 2355 3744 nunc

782 3774 1007 3834 pr0pter
1036 3768 1351 3839 hujusmodi
1383 3785 1745 3844 apparatuum
1778 3776 2125 3835 inutilitatem
2160 3791 2214 3836 et
2247 3792 2356 3837 tar-

782 3856 1007 3914 ditatem
1039 3862 1206 3973 nulla1
1221 3867 1428 3921 mentio
1457 3866 1567 3924 lict.

851 4116 906 4170 8.
949 4116 1028 4172 Re
1072 4120 1295 4176 militari
1341 4123 1530 4177 leviter
1572 4127 1638 4180 ad
1690 4126 1835 4185 hunc
1890 4132 2113 4186 modum
2145 4132 2353 4189 descri-

781 4215 896 4275 pta,
932 4219 1147 4277 oportet
1175 4211 1343 4265 etiam
1391 4215 1741 4281 constituere,
1790 4218 2012 4287 quinam
2058 4220 2356 4290 imperator

780 4299 875 4359 sil,
905 4308 960 4353 et
987 4302 1242 4368 quisnam
1274 4302 1438 4373 huius
1478 4307 1556 4361 rei
1588 4299 1934 4380 susceptione
1964 4312 2162 4383 dignus
2192 4316 2281 4371 sit.

853 4391 909 4444 9.
948 4390 1249 4460 Imperator
1289 4402 1374 4450 est
1410 4398 1504 4465 qui
1540 4400 1797 4455 universo
1839 4405 2103 4459 exercitui
2139 4420 2352 4477 praeest,

2457 3223 2516 3274 δὲ
2544 3221 2605 3273 τὸ
2622 3220 2829 3283 λοιπὸν,
2889 3213 2992 3270 οἷοι
3027 3216 3223 3286 ἰατροὶ,
3252 3213 3452 3279 δοῦλοι,
3479 3214 3733 3283 ἔμποροι,
3766 3214 3865 3266 καὶ
3895 3214 4047 3266 ἄλλοι

2458 3316 2572 3367 ὅσοι
2597 3313 2687 3365 διὰ
2716 3314 2813 3374 τὰς
2836 3310 3142 3381 ὑπηρεσίας
3174 3306 3622 3360 ἐπακολουθοῦσι.
3653 3304 3761 3359 Τοῦ
3789 3305 3846 3359 δέ
3877 3308 4040 3375 μαχὶα

2464 3420 2565 3473 μου
2599 3402 2820 3473 μέρους,
2868 3401 3037 3470 ἡγουν
3072 3397 3371 3467 πολεμικοῦ
3405 3397 3662 3467 στρατοῦ,
3698 3397 3759 3449 τὸ
3794 3398 3897 3466 μέν
3930 3399 4044 3449 ἐστι

2460 3495 2703 3561 πεζικὸν,
2734 3492 2796 3546 τὸ
2819 3493 2888 3569 ⁸δὲ
2922 3490 3345 3559 καὸαλλαρικόν.
3375 3490 3485 3542 Καὶ
3517 3490 3576 3541 τὸ
3622 3489 3721 3559 μὲν
3755 3489 3907 3552 ίδίως
3945 3507 4039 3541 1:5-

2459 3585 2614 3650 ζικδν
2642 3586 2703 3638 τὸ
2728 3587 2821 3639 ἐπὶ
2845 3585 2951 3655 γῆς
2987 3585 3295 3654 ἱστάμενον,
3320 3584 3382 3637 τὸ
3427 3585 3483 3638 δὲ
3528 3585 3942 3656 καὸαλλαρικὺν
3985 3586 4043 3637 τὸ

2459 3675 2554 3728 ἐπὶ
2581 3675 2693 3729 τῶν
2715 3676 2899 3729 ἵππων
2925 3668 3365 3745 ὀχούμενον.Ἦν
3386 3674 3442 3726 δέ
3464 3692 3593 3727 ποτε
3613 3678 3707 3727 καὶ
3736 3675 3831 3727 ἐπὶ
3852 3676 4041 3745 ἁρμα-

2458 3783 2567 3819 των
2625 3766 3080 3837 δρεπανηφόρων,
3137 3768 3233 3818 καὶ
3281 3763 3377 3816 ἐπὶ
3430 3764 3736 3833 ἐλεφάντων
3795 3765 4045 3835 πύργους

2460 3854 2739 3925 φερόντων
2763 3853 2994 3925 πλήρεις
3016 3852 3247 3923 ἀνδρῶν.
3287 3853 3449 3907 Ἀλλά
3477 3853 3682 3907 τούτων
3701 3854 3876 3916 οὐδεὶς
3906 3856 4046 3923 ἡμῖν

2459 3942 2615 4013 λόγος
2653 3941 2749 3997 νῦν
2800 3942 2891 3997 διά
2925 3958 2985 3994 τε
3013 3940 3114 4011 τὴν
3146 3943 3475 4012 ἀχρηστίαν,
3528 3942 3624 3995 καὶ
3662 3944 3761 4013 τὴν
3795 3941 4045 4013 παντελῆ

2459 4035 2661 4108 ἀργίαν
2696 4034 2805 4087 τῶν
2841 4034 3102 4087 τοιούτων
3130 4033 3516 4104 παρασκευῶν.

2466 4166 2469 4167 ν
2532 4130 2604 4196 η’.
2639 4124 2753 4194 Τῆς
2781 4121 2877 4177 οὖν
2896 4122 3162 4194 τακτικῆς
3187 4122 3423 4195 μετρίως
3453 4139 3570 4186 πως
3591 4123 3762 4185 οὕτως
3795 4124 4045 4194 ὑπογρα-

2459 4216 2674 4286 φείσης,
2730 4215 2812 4268 δεῖ
2874 4215 2972 4269 καὶ
3017 4214 3109 4268 τὸν
3161 4215 3467 4285 στρατηγὸν
3520 4214 3867 4283 ἀναδειθῆναι
3927 4216 4041 4283 (8),

2458 4309 2511 4361 τί
2535 4310 2592 4363 τέ
2619 4309 2788 4374 ἐστιν,
2807 4306 2900 4360 καὶ
2928 4307 3011 4370 τίς
3030 4309 3058 4360 ὁ
3075 4306 3177 4377 τῆς
3197 4306 3455 4374 τοιαύτης
3474 4307 3841 4377 ἐγχειρήσεως
3863 4307 4037 4370 ἄξιος.

2530 4399 2596 4452 θ’.
2629 4398 2940 4469 Στρατηγδς
2970 4398 3148 4451 τοίνυν
3172 4397 3320 4450 ἐστὶν
3337 4398 3365 4450 ὁ
3390 4396 3491 4465 τῆς
3517 4397 3789 4450 ὑπἀὐτὺν
3819 4398 4043 4465 ἁπάσης

780 4489 835 4534 et
884 4481 1181 4537 maximam
1222 4486 1521 4542 secundum
1581 4505 1761 4560 regem
1805 4492 1967 4547 habet
2007 4505 2351 4564 potestatem.
2388 4477 2435 4537 ί)

2388 4477 2435 4537 ί)
2462 4492 2737 4561 ὑπαρχίας
2768 4489 2991 4559 μείζονα
3027 4490 3244 4541 πάντων
3288 4487 3539 4553 ἐξουσίαν
3573 4489 3711 4558 ἔχων
3766 4489 3908 4557 μετὰ
3949 4489 4040 4540 τὸν

852 4658 939 4713 l0.
980 4658 1280 4728 Imperator
1298 4671 1380 4718 est
1401 4665 1669 4721 universa:
1693 4666 1899 4723 militiae
1915 4671 2222 4741 praecipuus
2244 4672 2350 4727 dux

783 4762 813 4802 a
845 4762 972 4817 rege
998 4750 1336 4820 designatus,
1369 4754 1460 4821 qui
1491 4754 1628 4810 alios
1662 4757 1766 4811 sub
1800 4771 1859 4813 se
1898 4758 2065 4815 duces
2095 4762 2294 4830 partim
2323 4780 2352 4816 ιι

786 4852 914 4906 rege
954 4840 1154 4897 missos
1201 4841 1458 4913 suﬂ'ragio
1511 4861 1615 4901 suo
1666 4848 1964 4918 approbat,
2002 4853 2200 4922 partim
2254 4871 2352 4909 sua

785 4926 960 4998 ipsius
984 4930 1307 4986 auctoritate
1333 4932 1602 5005 designat.

851 5103 942 5155 11.
982 5100 1271 5172 Proprium
1302 5105 1649 5177 imperatoris
1695 5124 1896 5167 munus
1939 5121 2044 5181 est,
2075 5112 2350 5184 subjectos

784 5209 914 5249 suos
957 5196 1269 5266 prudentia,
1321 5198 1666 5270 fortitudine,
1694 5203 1932 5275 iustitia,
1991 5210 2349 5280 temperantia

778 5287 1006 5341 anteire.

855 5376 937 5431 t2.
983 5374 1263 5434 Universae
1291 5385 1585 5450 provinciae
1617 5401 1779 5453 quam
1813 5392 2042 5459 accepit,
2084 5399 2196 5445 tum
2248 5397 2348 5448 mi—

778 5464 954 5519 litaris
988 5476 1102 5519 tum
1140 5469 1362 5537 privatae
1400 5481 1515 5527 tum
1555 5474 1784 5543 publica:
1816 5479 2346 5538 administrationem

778 5564 835 5618 in
864 5574 925 5615 se
950 5560 1213 5630 recipere.

2533 4584 2703 4636 σιλέα.

2494 4584 2703 4637 ασιλέα.
3922 4606 3927 4609 ι

2459 4585 2488 4653 β
2524 4674 2576 4727 ι’.
2611 4672 2926 4743 Στρατηγός
2955 4670 3103 4724 ἐστιν
3136 4674 3164 4725 ὁ
3193 4672 3288 4726 τοῦ
3321 4673 3426 4726 ὑπὸ
3451 4674 3607 4743 χεῖρα
3636 4671 4040 4743 στρατιωτικοῦ

2456 4764 2692 4832 θέματος
2727 4763 3025 4831 κορυφαῖος
3048 4761 3255 4832 ἄρχων,
3290 4763 3354 4816 ἐκ
3387 4762 3652 4832 βασιλέως
3687 4761 3791 4832 μὲν
3820 4776 4042 4831 προχει-

2418 4925 2420 4927 ς
2456 4855 2759 4924 ριζόμενος,
2782 4852 2908 4912 τοὺς
2929 4852 2986 4904 δέ
3008 4851 3099 4903 ὑπ’
3117 4852 3280 4905 αὑτὸν
3318 4854 3583 4923 ἄρχοντας
3598 4852 3725 4914 τοὺς
3751 4852 3853 4921 μὲν

2458 4946 2524 5014 τῇ
2561 4942 2730 4996 αὐτοῦ
2766 4944 2832 4996 ἐκ
2875 4941 3140 5012 βασιλέως
3158 4942 3218 4995 δέ
3257 4941 3778 5011 καταπεμπόμενος,
3810 4942 3941 5005 τοὺς
3981 4940 4041 4993 δέ

2456 5032 2678 5103 ἐξουσίᾳ
2710 5030 2819 5103 ἰδίᾳ
2843 5031 3300 5102 προϐαλλόμενος.

2530 5129 2618 5177 ια’.
2659 5120 2819 5176 Ἰδιον
2848 5122 2906 5176 δέ
2951 5123 3262 5193 στρατηγοῦ
3288 5122 3350 5176 τὸ
3379 5124 3614 5193 κρείττω
3644 5120 3864 5174 πάντων
3895 5113 4036 5173 εἶναι

2452 5216 2562 5271 τῶν
2593 5214 2697 5268 ὑπὸ
2725 5216 2884 5285 χεῖρα
2917 5216 3201 5286 φρονήσει,
3257 5215 3353 5269 καὶ
3401 5213 3641 5285 ἀνδρείᾳ,
3689 5213 3786 5265 καὶ
3822 5212 4035 5265 δικαιοο

2457 5305 2614 5377 σύνῃ,
2643 5305 2739 5359 καὶ
2770 5304 3113 5376 σωφροσύνῃ.

2529 5397 2616 5466 ιβ’.
2668 5396 2742 5449 Τὸ
2785 5397 2865 5459 εἰς
2909 5396 3069 5449 αὐτὸν
3120 5397 3486 5465 ἀναφέρεσθαι
3536 5396 3638 5466 τῆς
3688 5393 3832 5448 κατά
3866 5393 4032 5446 αύτδν

2458 5486 2728 5559 ἐπαρχίας
2771 5487 2868 5549 τὰς
2894 5486 3210 5557 διοικήσεις,
3237 5488 3359 5540 ὅσαι
3389 5505 3449 5541 τε
3485 5484 3905 5558 πρατιωτικαὶ,
3936 5483 4031 5535 καὶ

2457 5578 2580 5631 ὅσαι
2620 5576 2909 5640 ίδιωτικαὶ,
2952 5577 3047 5630 καὶ
3074 5577 3343 5647 δημόσιοι.

2305 5690 2513 5747 ΝΟΤᾸΕ
2524 5734 2539 5747 .

848 5768 926 5835 (8)
995 5768 1420 5840 Ἀναδειθῆναι.
1454 5774 1664 5844 Scribe,
1703 5777 2105 5846 ἀναδειχθῆναι.
