4176 6446
138 409 234 471 081

1166 410 1499 470 TAC’l‘lCA.
1542 434 1612 444 —
1643 407 2157 469 CONSTITU'I‘IO
2184 407 2232 481 Ι,
2279 408 2358 468 ll.

3277 415 3385 475 682

200 522 295 586 ιγ’.
347 516 424 570 Τδ
478 514 865 590 παραλαϐόντα
910 515 1141 584 στρατὸν
1188 516 1425 568 ἄτακτον
1481 513 1702 578 ἐκτάξαι

1883 515 1968 569 15.
2010 515 2320 570 Exercitum
2355 514 2724 569 inordinatum
2762 517 2952 571 idonea
2991 530 3158 588 atque
3181 531 3385 589 Oppor-

129 607 365 670 δεόντως
396 607 540 660 κατά
581 606 681 676 τὴν
725 602 1072 677 ἁρμόζουσαν
1097 604 1176 676 τῷ
1221 606 1398 677 καιρῷ
1444 605 1707 678 τακτικὴν

129 697 402 760 διάταξιν.

206 787 294 838 ιδ’.
331 785 542 849 Σκοπὸς
581 784 661 855 τῷ
692 787 983 857 στρατηγῷ
1020 786 1082 839 τὸ
1112 786 1210 855 μὲν
1250 786 1342 837 ὑπ’
1369 785 1532 839 αὑτὸν
1565 784 1705 854 θέμα

129 876 393 944 αὐξῆσαι,
450 876 547 928 καὶ
592 875 827 939 ἀϐλασές
871 876 980 928 ἀπό
1032 893 1090 929 τε
1134 865 1407 944 πολεμίων
1461 877 1554 928 καὶ
1597 876 1707 928 τῶν

131 968 314 1020 ἄλλων
348 967 706 1036 ἀδικημάτων
757 968 850 1019 καὶ
877 967 1119 1032 ἀταξιῶν
1171 966 1266 1017 καὶ
1310 967 1552 1019 στάσεων
1593 965 1708 1018 διας

129 1056 391 1120 φυλάξαι.
426 1055 563 1120 Τοὺς
587 1057 643 1108 δέ
683 1057 975 1126 πολεμίους
1008 1055 1170 1109 παντὶ
1192 1055 1379 1125 τρόπῳ
1415 1055 1448 1125 ἢ
1482 1055 1707 1125 πολέμῳ

129 1147 157 1211 ἦ
201 1148 422 1213 ἐφόδοις
469 1147 753 1218 ἀδοκήτοις
782 1147 1140 1210 ταπεινῶσαι,
1177 1149 1272 1200 καὶ
1302 1148 1446 1216 ἀπερ
1491 1149 1706 1217 ποιήσει

131 1239 274 1291 κατά
305 1240 422 1292 τῶν
458 1239 690 1311 ἐχθρῶν,
722 1238 898 1293 ταῦτα
923 1238 1262 1309 φυλάξασθαι
1283 1238 1360 1310 μὴ
1389 1237 1587 1294 παθεῖν
1609 1240 1705 1293 ἀπ’

125 1345 335 1381 ιιυτων.

193 1426 280 1471 ιε’.
322 1418 492 1483 Τέλος
520 1420 599 1490 τῷ
625 1420 920 1492 στρατηγῷ
940 1421 1021 1491 τῷ
1050 1422 1488 1490 εὐδοκιμήσαντα
1512 1420 1590 1491 (9)
1615 1421 1706 1475 διά

127 1508 354 1560 πάντων
371 1507 472 1576 τῆς
492 1526 552 1562 τε
567 1510 719 1572 θείας
733 1511 827 1564 καὶ
848 1510 1134 1581 βασιλικῆς
1155 1509 1451 1565 ἀπολαύειν
1467 1511 1702 1576 εὐνοίας,

129 1596 159 1664 ἢ
190 1599 719 1670 κιτολιγωρήσαντα
750 1601 858 1653 τῶν
888 1602 1208 1672 πρεπόντων
1240 1602 1330 1655 καὶ
1353 1601 1704 1672 ἁρμοζόντων

130 1691 481 1757 πραγμάτων
527 1691 794 1758 τάξασθαι
842 1694 950 1747 τῶν
986 1696 1268 1750 ἐναντίων.
1298 1695 1488 1758 Οὕτως
1520 1695 1702 1749 τοίνυν

133 1775 224 1826 καὶ
257 1777 362 1844 τῆς
390 1779 484 1830 τοῦ
511 1780 815 1850 στρατηγοῦ
843 1784 1294 1854 προτυπωοείσης
1346 1786 1554 1848 εἰκόνος
1572 1827 1588 1850 ,
1620 1787 1704 1839 δεῖ

1817 613 1950 659 tuna
1992 607 2044 657 in
2076 606 2192 660 acie
2222 608 2515 662 collocare.

1887 779 1974 833 14.
2021 779 2368 848 Propositum
2399 782 2502 834 hoc
2547 791 2630 835 est
2663 781 3007 850 imperatori,
3035 792 3096 836 ut
3134 783 3383 836 multitu-

1813 871 1994 924 dinem
2042 889 2196 926 suam
2250 873 2561 941 ampliﬁcet,
2610 885 2666 928 et
2716 876 2833 930 sine
2875 875 3026 929 omni
3062 872 3379 936 oﬂ‘ensione,

1814 962 1883 1015 ab
1914 962 2545 1034 lmstibusreliquisque
2603 964 2837 1032 injuriis,
2892 981 2922 1018 a
2971 964 3384 1034 perturbationi-

1817 1053 1917 1107 bus
1943 1063 1996 1107 et
2021 1055 2384 1110 seditionibus
2417 1056 2629 1110 solutos
2661 1065 2964 1119 conservet,
2996 1057 3183 1110 hostes
3207 1059 3382 1110 omni-

1815 1144 1918 1198 bus
1959 1145 2138 1198 modis
2185 1147 2269 1198 vel
2321 1147 2463 1200 bello
2505 1147 2587 1200 vel
2639 1146 3048 1201 incursionibus
3086 1147 3380 1212 in0pinatis

1814 1234 2119 1298 Iabel'aetet,
2164 1245 2217 1289 et
2254 1252 2374 1304 qua:
2422 1239 2624 1292 inferre
2677 1239 2925 1294 hostibus
2980 1238 3222 1300 molitur,
3272 1239 3381 1292 cir-

1812 1327 2138 1396 cumspiciat
2178 1345 2244 1382 ne
2269 1329 2461 1382 eadem
2489 1332 2556 1383 ab
2581 1331 2694 1384 illis
2724 1332 2980 1398 patiatur.

1885 1415 1973 1468 15.
2014 1415 2165 1470 Finis
2203 1418 2550 1483 imperatoris
2577 1426 2663 1472 est
2695 1417 2986 1471 maximam
3018 1418 3247 1488 gloriam
3280 1421 3376 1473 lia-

1813 1505 1959 1570 bere,
1988 1508 2040 1560 in
2072 1510 2325 1563 omnibus
2357 1509 2447 1563 Dei
2498 1519 2552 1563 et
2595 1510 2735 1578 regis
2769 1509 3203 1564 benevolentiam
3245 1525 3377 1564 con-

1811 1601 2007 1668 sequi:
2043 1600 2126 1654 sin
2175 1601 2322 1668 quod
2369 1601 2625 1654 idoneum
2674 1600 2960 1670 oliicioque
3001 1616 3103 1655 suo
3141 1601 3375 1671 conjun-

1809 1706 1954 1752 ctum
1985 1706 2067 1751 est
2096 1697 2416 1765 neglexerit,
2451 1705 2509 1750 ut
2536 1712 2567 1750 c
2603 1698 2881 1751 centrario
2921 1697 2996 1749 illi
3028 1698 3259 1751 accidat.
3295 1697 3371 1751 Ita

1809 1790 1968 1858 igitur
2015 1789 2361 1855 imperatoris
2407 1789 2643 1858 imagine
2691 1787 3001 1850 informata,
3031 1790 3186 1857 quasi
3225 1789 3373 1842 colo-

133 1867 385 1938 καθάπερ
415 1869 506 1922 διὰ
551 1873 849 1941 χρημάτων
877 1875 991 1944 (10)
1041 1877 1188 1946 ἡμᾶς
1231 1877 1699 1946 ἀναζωγραφῆσαι

1806 1880 1958 1934 ribus
1985 1879 2308 1948 quibusdam
2343 1879 2706 1949 exprimenda:
2735 1880 2892 1934 dotes
2934 1879 3056 1948 ejus
3101 1889 3250 1942 sunt,
3281 1880 3375 1932 de-

131 1957 228 2025 τὴν
261 1958 460 2012 τούτου
501 1962 785 2032 ποιότητα,
821 1965 915 2017 καὶ
957 1965 1128 2030 δείξαι
1176 1968 1427 2037 φανερῶς
1465 1969 1548 2031 τίς
1606 1971 1701 2022 καὶ

133 2050 380 2113 ποταπὸς
427 2047 569 2105 εἶναι
619 2053 828 2121 ὀφείλει
867 2058 948 2119 εἰς
996 2058 1098 2127 τὴν
1138 2058 1396 2129 τοιαύτην
1451 2060 1702 2126 ἐξουσίαν

132 2142 615 2212 προχειριζόμενος
643 2144 849 2216 ἄρχων.

697 2259 1011 2314 ΔΙΔΤᾹΞΙΣ
1057 2261 1131 2318 B'.

285 2347 427 2412 nep!
456 2347 562 2401 τοῦ
587 2344 717 2402 οἷον
741 2348 895 2404 εἶναι
922 2350 1017 2404 δεῖ
1038 2353 1145 2406 τὸν
1178 2358 1531 2421 στρατηγόν.

195 2435 267 2490 α’.
330 2438 643 2509 Κελεύομεν
688 2441 870 2494 τοίνυν
917 2438 1057 2497 εἶναι
1100 2446 1192 2496 τὸν
1248 2447 1552 2516 στρατηγὸν
1597 2450 1698 2502 σώ-

130 2542 306 2595 φρονα
340 2527 470 2598 περὶ
521 2529 584 2581 τὸ
619 2529 800 2599 σῶμα,
855 2533 985 2600 περὶ⁵
1035 2533 1135 2602 τὴν
1186 2533 1395 2588 δίαιταν
1433 2539 1697 2608 ἐγκρατῆ.

128 2616 393 2684 νηφάλιον
452 2617 548 2670 καὶ
595 2621 917 2693 ἐγρήγορον,
948 2623 1092 2676 λιτὸν
1125 2626 1218 2677 καὶ
1248 2627 1539 2698 ἀπέριττον
1571 2630 1699 2700 περὶ

127 2705 225 2765 τάς
265 2705 478 2774 χρείας,
515 2706 854 2775 ὑπομένοντα
895 2710 1020 2773 τοὺς
1053 2711 1266 2778 πόνους,
1317 2716 1558 2784 νοήμονα
1607 2719 1698 2771 καὶ

129 2795 436 2864 φρόνιμον,
495 2795 759 2864 μισοῦντα
811 2797 1214 2871 φιλαργυρίαν,
1261 2801 1506 2870 ἔνδοξον,
1561 2808 1697 2877 μήτε

129 2889 271 2951 νέον,
323 2889 463 2956 μήτε
500 2888 752 2958 γέροντα,
786 2891 970 2944 ἱκανὸν
994 2891 1051 2944 δὲ
1091 2893 1184 2945 καὶ
1232 2893 1368 2963 πρὸς
1405 2894 1465 2947 τὸ
1519 2896 1698 2964 λέγειν

127 2976 236 3027 ἀπὸ
267 2977 540 3046 στόματος
591 2981 651 3032 ἐν
679 2981 830 3051 μέσῳ
877 2981 1032 3045 λαοῦ,
1064 2981 1131 3036 ἂν
1167 2985 1302 3056 τύχη
1339 2985 1396 3039 δὲ
1437 2989 1530 3041 καὶ
1555 3005 1697 3059 πρα-

129 3065 320 3118 παῖδον
347 3067 482 3136 (Η),
506 3068 583 3138 μὴ
599 3069 872 3142 ἐμπορίαν
902 3071 1181 3139 φιλοῦντα,
1221 3074 1253 3146 ἢ
1274 3075 1538 3139 τοιοῦτον,
1563 3077 1700 3148 μηδὲ

1804 1972 2328 2041 monstrandumque
2366 1980 2451 2026 est
2495 1971 2620 2040 quis
2677 1979 2732 2024 et
2788 1970 2968 2040 qualis
3015 1985 3140 2026 esse
3176 1971 3372 2026 debeat

1802 2064 1894 2132 qui
1928 2064 1980 2116 in
2010 2063 2113 2118 ltoc
2143 2063 2421 2133 dignitatis
2457 2060 2627 2129 gradu
2663 2060 3012 2115 collocandus
3038 2061 3129 2115 sit.

2289 2253 2753 2310 CONSTITUTIO
2806 2254 2873 2308 11.

2049 2348 2274 2413 Qualem
2306 2364 2418 2401 esse
2458 2356 2694 2416 oporteat
2732 2348 3123 2416 imperatorem.

1873 2440 1927 2492 t.
1975 2437 2298 2492 Mandamus
2355 2437 2521 2508 igitur
2572 2447 2631 2492 ut
2675 2437 2975 2508 imperator
3017 2438 3090 2492 sit
3139 2453 3372 2508 corpore

1798 2532 2123 2594 continens,
2189 2529 2333 2584 victu
2385 2539 2737 2598 temperans,
2798 2530 3060 2595 sobrius,
3114 2529 3369 2599 vigilans,

1800 2622 1939 2692 frugi
1987 2631 2043 2676 et
2083 2621 2136 2674 in
2191 2620 2355 2673 rebus
2392 2619 2716 2674 necessariis
2751 2619 2974 2673 minime
2995 2617 3276 2688 profusus,
3315 2619 3367 2672 in

1800 2710 2090 2766 laboriosis
2150 2709 2379 2780 negotiis
2446 2709 2747 2776 assiduus,
2816 2710 3248 2778 circumspectus
3315 2718 3370 2764 et

1799 2803 2060 2872 prudens,
2115 2800 2361 2870 pecunia
2416 2799 2756 2870 despiciens,
2808 2799 2967 2853 fama:
3019 2799 3370 2854 commenda-

1799 2895 1945 2947 tione
1976 2891 2260 2956 honestus,
2309 2905 2483 2960 neque
2509 2889 2749 2959 juvenis,
2787 2905 2963 2960 neque
2991 2899 3150 2944 aelate
3188 2890 3369 2959 ingra-

1801 2999 2048 3046 vescens,
2085 2982 2285 3038 habilis
2309 2983 2377 3035 ad
2411 2980 2704 3036 dicendum
2737 2995 2803 3036 ex
2831 2990 3075 3050 tempore
3104 2980 3158 3034 in
3191 2981 3367 3035 media

1802 3075 2107 3144 frequentia
2150 3074 2459 3134 hominum,
2501 3073 2820 3137 liberorum,
2861 3072 2907 3127 si
2941 3072 3012 3125 ita
3047 3087 3179 3128 usus
3207 3071 3366 3137 terat,

131 3156 491 3226 μικρόψυχον,
519 3160 596 3222 ὡς
632 3161 725 3213 καὶ
749 3159 860 3214 τῶν
879 3163 1091 3234 μικρῶν
1123 3165 1465 3236 πραγμάτων
1506 3168 1697 3222 ἐπιθυ-

1804 3179 2022 3233 parens,
2058 3177 2169 3217 non
2196 3162 2263 3216 ad
2296 3171 2658 3216 mercaturam
2687 3161 3013 3226 faciendam,
3040 3169 3134 3215 aut
3164 3161 3229 3216 ad
3261 3163 3368 3216 bu-

132 3250 275 3315 μεῖν,
311 3251 410 3302 καὶ
447 3250 633 3314 ἀπλῶς
661 3253 860 3322 εὐγενῆ
890 3255 990 3323 τὴν
1012 3255 1210 3326 ψυχὴν,
1243 3257 1292 3309 εί
1319 3256 1569 3323 δυνατὸν,
1606 3261 1701 3314 καὶ

127 3339 186 3391 τδ
216 3339 399 3409 σῶμα,
431 3341 526 3394 καὶ
552 3341 611 3394 ἐν
634 3344 767 3395 πᾶσι
803 3346 1194 3417 μεγαλόψυχον.

197 3600 266 3669 β’.
321 3600 605 3671 Σώφρονα,
639 3602 730 3656 ῖνα
765 3603 838 3673 μὴ
864 3605 985 3669 ταῖς
1017 3605 1116 3677 τῆς
1149 3605 1364 3676 φύσεως
1395 3615 1698 3685 κατασυρόο

128 3710 290 3762 μενος
325 3693 544 3762 ἡδοναῖς
591 3695 865 3768 ἀπολείπῃ
920 3697 1020 3769 τὴν
1070 3700 1198 3770 περὶ
1247 3701 1356 3754 τῶν
1390 3701 1701 3773 ἀναγκαίων

125 3785 389 3854 φροντίδα
413 3785 508 3837 καὶ
540 3787 631 3839 ἐπι
639 3787 879 3857 μέλειαν.

194 3877 270 3945 γλ.
327 3878 605 3949 Ἐγκρατῆ
632 3878 709 3943 δέ,
746 3879 934 3952 ἐπειδὴ
958 3880 1289 3955 τηλικαύτης
1316 3885 1494 3957 ἀρχῆς
1518 3889 1702 3959 μέλλει

125 3970 447 4039 τυγχάνειν.
489 3971 556 4023 Δί
604 3971 712 4040 γὰρ
749 3971 1010 4044 ἀκρατεῖς
1056 3973 1150 4026 καὶ
1182 3975 1468 4031 ἀκόλαστοι
1509 3980 1701 4050 ὁρμαὶ,

127 4061 256 4115 ὅταν
293 4060 646 4130 προσλάϐωσι
674 4061 904 4132 δύναμιν
948 4064 1089 4117 κατά
1122 4064 1370 4129 ἐξουσίαν
1401 4067 1496 4121 τοῦ
1532 4075 1705 4126 ποιεῖν

126 4151 160 4203 ἀ
182 4151 496 4220 βούλονται,
519 4151 820 4222 ἀκράτητοι
836 4152 1078 4219 γίνονται
1106 4155 1242 4224 πρὸς
1261 4155 1360 4221 τάς
1383 4157 1701 4231 ἐπιθυμίας.

193 4326 256 4379 δ’.
295 4326 579 4396 Νηφάλιον
606 4327 663 4382 δέ
696 4329 790 4382 καὶ
820 4330 1142 4402 ἐγρήγορον,
1187 4332 1336 4396 ὅπως
1374 4335 1700 4409 ἐπαγρυπνῇ

1798 3255 2042 3325 jusmodi
2096 3255 2310 3310 lucrum
2366 3256 2631 3321 intentus,
2704 3270 2814 3308 non
2871 3254 3022 3324 parvi
3069 3254 3263 3322 animi,
3316 3265 3369 3309 ct

1802 3345 2040 3399 minutas
2103 3359 2192 3398 res
2257 3353 2556 3413 expetens,
2620 3345 2856 3414 denique
2922 3358 3188 3412 generoso
3254 3352 3368 3398 tum

1801 3436 1984 3489 animo
2014 3445 2126 3490 tum
2175 3449 2440 3505 corpore,
2474 3434 2656 3505 quoad
2695 3435 2816 3503 ejus
2843 3434 2959 3490 fieri
2998 3444 3197 3507 potest,
3226 3444 3279 3491 et
3313 3436 3368 3491 in

1801 3528 2055 3583 omnibus
2085 3528 2482 3598 magnanimus.

1869 3620 1926 3674 2.
1961 3619 2342 3675 Continentem
2388 3633 2510 3674 esse
2558 3619 2946 3688 imperatorem
3001 3628 3247 3688 oportet,
3303 3635 3371 3674 ne

1805 3712 2170 3781 voluptatibus
2200 3710 2366 3765 nimis
2403 3709 2675 3771 ditiiuens,
2725 3725 2904 3764 rerum
2937 3711 3370 3764 necessariarum

1803 3813 1991 3854 curam
2019 3814 2083 3853 ac
2112 3798 2479 3868 provisionem
2511 3799 2747 3868 abjiriat.

1873 3890 1929 3944 ‘5.
1973 3888 2394 3959 Temperantem
2442 3904 2594 3956 vero,
2625 3890 2885 3960 quoniam
2932 3891 3038 3945 tale
3082 3889 3369 3960 imperium

1805 3993 2164 4055 suscepturus
2199 3992 2301 4039 est.
2333 3984 2762 4054 Intemperantes
2795 3987 2939 4040 enim
2981 3997 3034 4040 et
3069 3986 3374 4042 libidinosa:

1805 4077 1977 4131 animi
2024 4077 2405 4146 appetitiones,
2459 4077 2730 4146 siquando
2763 4078 2906 4132 vires
2947 4079 3215 4147 ceperint.
3241 4093 3371 4148 pro-

1805 4177 1926 4237 pter
1950 4167 2166 4237 quidvis
2195 4167 2388 4237 agendi
2422 4168 2698 4222 licentiam
2736 4169 2789 4222 in
2829 4183 3023 4224 omnes
3054 4168 3373 4238 cupiditates

1807 4259 2074 4314 infrenate
2101 4267 2291 4314 ruunt.

1879 4351 1935 4406 4.
1979 4349 2233 4406 Sobriutn
2275 4357 2457 4403 autem
2513 4358 2569 4403 ct
2613 4350 2922 4417 vigilantem
2953 4362 3010 4404 ut
3045 4351 3098 4404 in
3138 4350 3378 4406 maximo

127 4421 186 4472 ἐν
218 4422 341 4482 ταῖς
379 4419 664 4489 μεγίσταις
704 4422 988 4492 πράξεσιν.
1050 4425 1137 4478 Ἐν
1163 4426 1319 4480 νυκτὶ
1352 4429 1480 4499 γὰρ,
1513 4430 1640 4484 ὅταν
1670 4433 1702 4502 η

1811 4439 2053 4493 acierum
2113 4446 2380 4507 apparatu
2442 4439 2625 4490 animo
2686 4440 2841 4507 quasi
2899 4439 3151 4493 excubet.
3208 4438 3378 4493 Nocte

127 4510 278 4580 ψυχὴ
322 4511 510 4581 ἠρεμῇ
553 4511 814 4580 μάλιστα,
863 4512 1126 4577 πολλάκις
1175 4517 1210 4586 ἡ
1254 4517 1349 4570 τοῦ
1397 4520 1702 4591 στρατηγοῦ

1811 4530 1954 4584 enim
1989 4529 2208 4597 quando
2238 4528 2456 4581 animus
2493 4528 2730 4581 maxime
2777 4529 3090 4597 requiescit,
3142 4530 3377 4598 impera-

130 4601 321 4671 γνώμη
359 4601 458 4654 καὶ
493 4600 858 4657 ἀπευθύνεται
895 4604 991 4658 καὶ
1015 4604 1324 4661 τελειοῦται.

196 4783 259 4834 ε’.
303 4780 466 4833 Διτὸν
499 4781 578 4846 δέ,
604 4781 899 4851 ἀπέριττον
931 4783 1058 4852 περὶ
1093 4783 1192 4845 τάς
1221 4785 1444 4854 χρείας·
1477 4788 1568 4840 καὶ
1600 4789 1708 4860 γὰρ

133 4873 593 4927 καταδαπανῶσιν
625 4875 680 4925 αἱ
708 4871 1023 4935 πολυτελεῖς
1056 4875 1151 4926 καὶ
1173 4875 1368 4929 πολλαὶ
1395 4875 1704 4948 θεραπεῖαι,

133 4965 227 5017 καὶ
254 4968 449 5034 χρόνον
482 4965 767 5034 ἄπρακτον
796 4965 890 5016 καὶ
913 4965 1220 5033 ἀναγκαίας
1244 4966 1460 5032 ἐξόδους
1492 4970 1572 5033 είς
1609 4971 1706 5041 τὴν

133 5060 240 5112 τῶν
279 5059 561 5128 ἀρχόντων
587 5059 820 5130 τρυφήν.

207 5240 284 5305 ς’.
328 5238 706 5307 Ὑπομένοντα
734 5239 860 5298 τοὺς
894 5235 1110 5298 πόνους,
1139 5236 1225 5290 ἴνα
1258 5236 1335 5307 μὴ
1364 5237 1584 5308 πρῶτος
1603 5240 1712 5294 τῶν

139 5329 591 5401 στρατευομένων
615 5328 714 5389 τὰς
740 5327 1077 5387 ἀναπαύσεις
1109 5326 1365 5398 ἐπιζητῇ,
1399 5327 1536 5381 ἀλλὰ
1561 5328 1714 5399 γίνη-

137 5438 225 5475 ται
254 5421 443 5482 αὐτοῖς
471 5421 673 5489 μᾶλλον
692 5418 855 5473 εξκὼν
879 5416 1015 5487 πρὸς
1039 5416 1103 5470 τὸ
1129 5421 1390 5488 γενναίως
1413 5420 1708 5492 ὑποφέρειν

137 5519 259 5582 τοὺς
294 5519 516 5578 πόνους.

1813 4621 1949 4674 toris
1986 4633 2130 4687 saepe
2183 4618 2450 4671 sententia
2501 4618 2772 4671 versando
2802 4627 3062 4682 mutatur,
3098 4633 3242 4688 saepe
3279 4635 3376 4672 co—

1811 4711 2032 4780 gitando
2060 4710 2436 4765 conﬁrmatur.

1884 4803 1937 4855 5.
1980 4800 2144 4869 Frugi
2174 4810 2228 4856 et
2271 4803 2323 4856 in
2351 4804 2538 4857 usibus
2569 4801 2895 4856 necessariis
2918 4815 3025 4855 non
3061 4801 3224 4856 nimis
3254 4817 3377 4870 pro-

1813 4891 2016 4947 fusum.
2084 4893 2399 4962 Sumptuosi
2459 4893 2607 4947 enim
2655 4902 2709 4946 et
2764 4895 3010 4961 ingentes
3057 4891 3393 4964 farnulatust

1819 4994 2034 5055 tempus
2058 4994 2118 5039 ut
2146 4985 2384 5039 inaniter
2417 4986 2746 5056 transigatur
2779 4985 3004 5048 faciunt,
3034 4994 3089 5039 et
3130 4985 3275 5053 quod
3311 4989 3375 5038 ad

1821 5077 2155 5130 necessarias
2206 5075 2615 5144 expeditionum
2666 5087 2931 5144 expensas
2988 5072 3375 5129 conferendum

1819 5168 1943 5234 fuit,
1976 5169 2040 5222 ad
2075 5167 2297 5222 delicias
2331 5169 2628 5239 lusumque
2661 5168 3037 5238 praefectorum
3068 5173 3376 5221 assumunt.

1890 5259 1944 5312 6.
1986 5258 2313 5314 lndustrium
2365 5268 2588 5326 autem,
2646 5269 2706 5314 ut
2762 5274 2830 5313 ne
2877 5259 3087 5328 primus
3147 5258 3375 5311 militum

1817 5348 1989 5403 otium
2017 5356 2273 5414 sectetur,
2307 5348 2403 5403 sed
2435 5351 2740 5419 exemplum
2772 5349 2953 5420 potius
2991 5347 3082 5403 ﬁat
3118 5347 3184 5401 ad
3225 5347 3370 5402 labo-

1819 5453 1906 5494 res
1932 5438 2185 5494 alacriter
2223 5439 2619 5508 suscipiendos.

1637 5629 1868 5691 ΝΟΤίΕ.

219 5721 294 5789 (9)
341 5719 943 5789 Τιῖιεὺδωάμιξσαντη.
978 5723 1167 5778 Scribe
1189 5722 1249 5775 τὸ
1275 5722 1381 5775 εὑὸ.

209 5791 324 5862 (10)
371 5791 714 5860 Χρημάτων.
751 5790 939 5849 Scribe
963 5794 1286 5864 χρωμάτων.

1850 5721 1863 5734 ⁸
1887 5725 1997 5796 (Η)
2030 5726 2388 5795 ΙΙραπαῖδον.
2425 5726 2611 5782 Scribe
2643 5725 2847 5796 πατέρα
2887 5724 3096 5778 παίδων.
