4176 6446
137 391 244 454 685

1233 391 1567 455 TACTICA.
1607 417 1675 432 -
1717 395 2219 460 CONSTITUTIO
2254 402 2335 461 II.

3264 409 3370 472 686

137 503 245 555 τῶν
269 502 330 554 δὲ
365 500 547 555 καλῶν
571 503 666 555 καὶ
697 500 944 568 γλυκέων
1004 501 1310 572 ἐπιθυμεῖν.
1366 505 1478 574 Οὐχ
1530 504 1701 565 οὕτως

1836 507 2042 562 tudium
2077 509 2326 564 adducet.
2360 509 2509 564 Tuba
2537 511 2681 566 enim
2728 512 2779 566 in
2811 513 3039 568 auribus
3087 513 3367 570 hominum

137 593 244 660 γὰρ
267 590 537 662 ἐνηχοῦσα
569 593 802 660 σάλπιγξ
843 593 962 654 ταῖς
999 594 1186 656 ἀκοαῖς
1206 593 1466 663 ἐξεγείρει
1489 595 1584 656 τὰς
1608 595 1707 661 ψυ-

138 682 237 748 χὰς
267 681 349 743 είς
374 682 578 750 μάχην,
607 682 682 742 ὠς
703 681 860 747 λόγος
887 682 1032 750 μετὰ·
1057 683 1371 750 φρονήσεως
1420 683 1706 751 λεγόμενος

137 773 506 842 προτρέπεται
534 773 613 836 είς
643 773 862 842 ἀρετὴν,
910 775 1004 825 καὶ
1039 773 1364 840 ἐναγωνίους
1412 776 1558 826 ποιεῖ
1584 775 1708 834 τοὺς

136 867 459 928 ἀκούοντας,
491 865 588 916 καὶ
611 864 864 933 ἐξανιστᾷ
888 865 1022 934 πρὸς
1059 865 1127 916 τά
1156 865 1306 916 δεινά
1345 866 1444 933 τὴν
1480 865 1708 917 ἔννοιαν.

209 1039 291 1094 ιδ’.
333 1041 459 1093 Ἐὰν
491 1042 548 1095 δέ
581 1041 762 1112 συμϐῇ
797 1044 1040 1110 πταῖσμα
1071 1043 1200 1112 περ)⁸
1239 1044 1301 1094 τὺ
1333 1043 1710 1112 στρατόπεδον,

140 1135 171 1200 ἡ
195 1133 291 1185 τοῦ
319 1133 480 1200 λόγου
507 1133 816 1204 παρηγορία
849 1134 950 1195 τὰς
974 1133 1148 1202 ψυχὰς
1175 1134 1570 1204 ἀναρρωννύει.
1605 1136 1712 1188 Καὶ

143 1226 275 1277 πολὺ
306 1224 721 1295 χρησιμώτερός
775 1229 890 1279 ἐστι
930 1225 1235 1294 στρατηγοῦ
1297 1227 1453 1294 λόγος
1494 1227 1713 1289 δυνατὸς

143 1318 279 1368 ὥστε
321 1317 818 1386 παραμυθήσασθαι
843 1318 1206 1386 στρατοπέδου
1239 1317 1548 1386 συμφοράς,
1584 1320 1716 1386 μᾶλ-

145 1407 231 1458 λον
281 1406 395 1458 τῶν
442 1407 888 1476 ἐπιμελουμένων
917 1408 986 1459 τά
1027 1409 1324 1477 πράγματα
1350 1409 1460 1476 (15)
1493 1409 1712 1477 ίατρῶν.

147 1500 207 1549 Οἱ
242 1498 344 1565 μὲν
384 1497 492 1566 γὰρ
519 1499 760 1562 ἐκείνους
813 1499 1008 1567 μόνους
1048 1499 1176 1562 τοὺς
1214 1500 1716 1568 τραυματισθέντας

149 1591 514 1659 θεραπεύουσι
565 1591 686 1651 ταῖς
747 1590 1032 1658 ίατρείαις,
1086 1589 1182 1643 καὶ
1243 1591 1327 1643 διὰ
1359 1591 1550 1659 χρόνου
1578 1590 1716 1658 τάχα

151 1681 426 1742 πλείονος,
486 1683 514 1733 ὁ
557 1680 614 1732 δέ
665 1682 795 1751 παρ⁹
824 1681 952 1732 εὐθὺ
994 1681 1087 1732 καὶ
1129 1682 1256 1744 τοὺς
1300 1682 1593 1742 πονοῦντας
1625 1681 1717 1732 καὶ

151 1774 271 1832 τοὺς
329 1772 609 1841 καμόντας
645 1772 1040 1840 εύθυμοτέρους
1098 1775 1260 1836 ποιεῖ,
1287 1775 1380 1826 καὶ
1420 1775 1542 1835 τοὺς
1573 1775 1717 1842 ίσχυ-

153 1867 276 1930 ρους
300 1864 497 1934 ἀνιστᾲ
521 1865 658 1933 πρὸς
685 1864 935 1934 ἀνδρείαν
969 1865 1064 1917 καὶ
1087 1865 1369 1934 εὐψυχίαν.

221 1963 303 2009 ιε’.
362 1954 613 2018 Ἔνδοξον
658 1955 715 2008 δὲ
770 1955 1033 2022 λέγομεν,
1077 1955 1263 2025 ἐπειδὴ
1319 1957 1615 2023 ἀγανακτεῖ
1661 1957 1721 2008 τὸ

154 2046 361 2113 πλῆθος
389 2047 501 2107 τοῖς
528 2045 733 2110 ἀδόξοις
772 2044 1233 2112 ὑποτασσόμενον.
1272 2046 1459 2106 Οὐδεὶς
1499 2047 1608 2115 γάρ
1635 2045 1722 2098 θέ-

154 2139 256 2188 λων
298 2136 564 2204 ὑπομένει
593 2136 682 2188 τὸν
716 2135 934 2206 χείρονα
960 2134 1150 2205 κύριον
1171 2136 1335 2190 αὑτοῦ
1369 2135 1721 2206 ἀναδέχεσθαι

155 2225 245 2276 καὶ
271 2221 539 2293 ἡγεμόνα.

221 2402 320 2456 ις’.
353 2397 511 2446 Δοκεῖ
535 2394 592 2446 δέ
621 2411 712 2461 μοι
748 2396 831 2448 ὅτι
860 2396 1006 2448 πᾶσα
1033 2396 1245 2467 ἀνάγκη
1286 2397 1377 2450 τὸν
1416 2397 1602 2451 τοῦτον
1633 2399 1721 2450 εύ-

157 2484 478 2550 ρισκόμενον
503 2483 825 2551 στρατηγὸν,
849 2482 989 2536 ὥστε
1016 2484 1160 2552 ἔχειν
1187 2484 1386 2553 ἀρετάς
1409 2486 1540 2548 ὅσας
1571 2487 1722 2554 εἰρή-

152 2590 350 2640 καμεν,
399 2573 493 2625 καὶ
531 2573 740 2638 ἔνδοξον
800 2570 961 2628 εἶναι.
1011 2574 1076 2627 Ἢ
1121 2576 1227 2645 7&9
1274 2576 1507 2646 τοσαύτη
1553 2577 1723 2645 ἀρετὴ

152 2665 424 2730 ἄγνωστον
446 2666 536 2716 τὸν
565 2664 852 2734 ἄνθρωπον
884 2665 1164 2736 διαμένειν
1209 2666 1439 2719 ἐπιπολὺ
1468 2667 1527 2718 οὐ
1558 2683 1722 2718 κατα-

152 2754 214 2804 λα
221 2754 441 2819 μϐάνει.

221 2845 310 2907 ιζ’.
369 2846 615 2912 Λέγομεν
657 2846 714 2898 δὲ
763 2847 898 2916 μήτε
973 2847 1227 2901 πλούσιον
1287 2849 1722 2918 προχειρίζεσθαι

154 2937 459 3004 στρατηγὸν
486 2936 572 2989 διὰ
599 2939 667 2989 τά
699 2939 978 3006 χρήματα,
1031 2939 1126 2991 ἐάν
1159 2939 1232 3008 μὴ
1261 2940 1361 3012 ἔχῃ
1402 2941 1599 3002 ταύτας
1626 2942 1723 3004 τάς

151 3025 374 3094 ἀρετὰς,
407 3029 543 3096 μήτε
581 3028 788 3096 πένητα
837 3030 1270 3098 παρατηρεῖσθαι
1321 3031 1436 3094 (14)
1493 3031 1581 3084 διὰ
1626 3031 1724 3101 τὴν

153 3119 368 3179 πενίαν,
402 3120 499 3169 ἐὰν
591 3119 811 3185 ἀγαθός.
838 3120 950 3171 Ούκ
980 3121 1396 3189 ἀποϐαλλόμεθα
1423 3122 1614 3189 δέξοῦτε
1635 3123 1724 3174 τὸν
1751 3159 1794 3216 c

155 3210 408 3261 πλούσιον
432 3209 615 3261 ἕνεκεν
641 3209 733 3260 τοῦ
762 3209 990 3262 πλούτου
1024 3211 1206 3274 αὐτοῦ,
1243 3212 1357 3264 ἀλλ’
1396 3213 1491 3264 ἐὰν
1518 3213 1616 3273 τάς
1649 3213 1726 3282 τῷ

157 3301 447 3370 στρατηγῷ
479 3301 794 3370 πρεπούσας
824 3302 899 3370 μὴ
932 3302 1190 3371 κέκτηται
1223 3303 1442 3372 ἀρετάς.
1476 3302 1610 3354 Ούδέ
1635 3303 1728 3354 τὸν

156 3393 362 3460 πένητα
400 3392 766 3460 προκρίνομεν
796 3393 877 3444 ὅτι
903 3392 1020 3443 ἐστὶ
1059 3392 1250 3458 πένης,
1301 3392 1416 3444 ἀλλ’
1454 3393 1536 3444 ὅτι
1568 3409 1730 3462 στρα-

155 3486 416 3553 τιωτικήν
465 3501 524 3535 τε
582 3485 676 3536 καὶ
714 3484 966 3551 γενναίαν
1017 3484 1128 3553 ἔχει
1159 3485 1358 3552 ψυχήν.
1391 3486 1594 3538 Οὐδένα
1622 3488 1729 3554 γάρ

157 3575 242 3627 διὰ
274 3576 378 3644 τὴν
407 3575 576 3644 τύχην
598 3575 1094 3644 ἀποδοκιμάζομεν,
1123 3575 1258 3628 ἀλλά
1283 3576 1486 3644 μᾶλλον
1511 3577 1597 3630 διά
1621 3577 1729 3630 τῶν

156 3666 372 3733 τρόπων
406 3665 750 3735 ἀμφοτέρους
781 3665 1222 3735 προῦαλλόμεθα.

225 3754 319 3821 ιη’.
361 3753 423 3807 '0
458 3754 513 3806 δὲ
537 3753 788 3817 πλούσιος
817 3753 1020 3820 ἀγαθὸς
1066 3754 1141 3806 ὢν
1192 3754 1445 3808 τοσοῦτον
1487 3756 1732 3826 διαφέρει

159 3844 408 3910 γενναίου
433 3843 685 3913 πένητος,
714 3846 838 3896 ὅσον
862 3846 917 3896 al.
945 3843 1248 3914 ἐπάργυροι
1274 3846 1368 3897 καὶ
1397 3845 1734 3914 κατάχρυσοι

161 3935 449 3988 πανοπλίαι
470 3935 579 3987 τῶν
613 3934 968 4002 καταχάλκων
998 3935 1090 3986 καὶ
1112 3934 1367 4005 σιδηρῶψ
1409 3935 1465 3986 αἱ
1500 3936 1597 4004 μὲν
1629 3935 1735 4002 7&9

161 4025 235 4094 τῷ
263 4024 507 4094 λαμπρῷ
536 4030 726 4093 κόσμῳ
757 4022 1188 4084 πλεονεκτοῦσιν,
1216 4025 1271 4077 αἱ
1305 4024 1361 4076 δὲ
1393 4027 1451 4076 ἐν
1480 4023 1628 4093 αὐτῷ
1659 4024 1736 4092 τῷ

159 4115 472 4186 δραστηρίῳ
503 4114 932 4181 διαγωνίζονται.

231 4206 323 4260 ιθ¹.
356 4206 569 4275 Πένητα
599 4207 656 4258 δέ
677 4205 820 4274 λέγω
845 4206 1114 4273 γενναῖον,
1140 4203 1236 4258 ἐὰν
1261 4205 1337 4275 μὴ
1361 4206 1737 4275 χρηματιστής

163 4296 278 4347 ἐστι
308 4295 402 4346 καὶ
421 4292 771 4364 δωρολήπτης
791 4310 804 4324 ·
832 4292 925 4345 τὸν
958 4292 1066 4361 γὰρ
1109 4293 1508 4362 χρηματιστὴν,
1535 4293 1640 4344 οὐδ’
1672 4292 1739 4344 ἂν

166 4385 568 4447 πλουσιώτατος
596 4383 672 4437 ὢν
694 4384 832 4455 τύχῃ
853 4384 1122 4454 συμφέρει
1143 4384 1274 4437 ποτὲ
1299 4385 1737 4456 προχειρίζεσθαι

167 4473 492 4544 στρατηγόν.

235 4562 304 4616 κ’.
355 4561 515 4616 Ἀλλά
549 4561 683 4633 μηδὲ
712 4561 1031 4633 μικρολόγον
1058 4561 1182 4615 τινὰ
1209 4561 1304 4616 καὶ
1328 4563 1586 4631 δμολόγον
1615 4563 1745 4634 περὶ

166 4655 233 4708 τά
279 4654 468 4724 κέρδη,
504 4653 538 4722 ἢ
594 4653 853 4725 ἔμπορον,
904 4653 938 4723 ἢ
988 4654 1371 4723 παραπλήσιόν
1422 4672 1474 4706 τι
1505 4654 1745 4707 τοιοῦτον

171 4746 497 4814 πράττοντα·
528 4745 742 4813 ἀνάγκη
771 4745 880 4813 γάρ
915 4745 1041 4807 τοὺς
1073 4762 1345 4808 τοιουτους
1378 4746 1744 4815 μικρόφρονας

171 4833 333 4899 εἶναι,
363 4837 612 4904 καὶπερὶ
647 4835 710 4888 τὸ
745 4835 934 4904 κέρδος
961 4836 1349 4906 ἐπτοημένους,
1387 4838 1480 4889 καὶ
1517 4855 1743 4906 μεμερι-

174 4945 277 4996 μνη
287 4926 483 4996 μένους
509 4925 637 4996 περὶ
657 4925 757 4995 τὴν
786 4924 1048 4995 συλλογὴν
1068 4925 1177 4978 τῶν
1195 4927 1513 4996 χρημάτων,
1535 4928 1627 4980 καὶ
1651 4944 1746 4997 μη-

171 5018 259 5072 δὲν
280 5019 506 5086 ἔχοντας
537 5016 647 5070 τῶν
677 5016 857 5070 καλῶν
890 5017 1357 5086 ἐπιτηδευμάτων.

239 5116 350 5163 καθ.
393 5109 521 5162 Ἐἀν
555 5108 612 5162 δέ
641 5108 922 5178 προγόνων
955 5109 1072 5162 ἐστὶ
1098 5108 1368 5179 λαμπρῶν
1401 5111 1493 5163 καὶ
1533 5111 1745 5182 περιδό-

177 5202 280 5265 ξων
307 5201 596 5268 ἀπόγονος,
619 5201 839 5271 ἀγαπᾷν
868 5201 967 5268 μὲν
989 5200 1070 5254 δεῖ
1096 5199 1251 5253 τοῦτο
1273 5242 1287 5265 ,
1321 5202 1382 5255 ού
1413 5203 1512 5270 μὲν
1537 5203 1593 5255 δὲ
1615 5204 1746 5256 πάν-

175 5309 281 5355 τως
304 5293 585 5360 ἐπιζητεῖν
611 5292 708 5362 τὴν
727 5291 980 5362 τοιαύτην
1015 5293 1316 5359 εὐγένειαν,
1340 5293 1605 5356 ἀποῦσαν,
1628 5295 1750 5347 οὐδὲ

177 5383 261 5436 se:
281 5382 491 5451 ταύτην
511 5383 716 5452 κρίνειν
732 5382 879 5446 ἀξιον
902 5383 992 5435 τὸν
1018 5383 1338 5452 στρατηγὸν,
1357 5384 1452 5436 ἐάν
1467 5385 1526 5436 τὸ
1553 5401 1748 5454 στρατ-

180 5476 334 5542 ηγεῖν
363 5473 545 5536 καλῶς
573 5475 854 5544 κέκτηται.

1809 613 2112 666 personans
2159 614 2266 652 non
2316 608 2526 653 tantum
2573 603 2784 657 animos
2820 614 3038 659 nostros
3089 606 3156 658 ad
3194 619 3374 662 motus

1808 689 2030 742 bellicos
2057 691 2277 751 excitat,
2315 699 2580 758 quantum
2620 693 2794 747 oratio
2839 694 3102 760 sapientia
3135 696 3371 762 quadam

1807 776 2062 844 adjuncta
2093 779 2158 830 ad
2191 780 2442 832 virtutem
2473 787 2649 841 vocat,
2677 786 2731 833 et
2763 789 2979 846 paratos
3009 782 3075 835 ad
3107 781 3375 834 dimican—

1808 869 1936 922 dum
1989 868 2265 921 auditores
2309 869 2458 934 facit,
2511 879 2566 924 et
2620 870 2688 924 ad
2737 869 2977 938 pericula
3032 871 3372 940 suscipienda

1812 958 2028 1011 animos
2061 959 2307 1032 impellit.

1887 1049 1968 1102 M.
2011 1050 2066 1103 Si
2099 1066 2229 1104 vero
2268 1051 2375 1104 ulla
2424 1052 2477 1104 in
2523 1055 2764 1107 exercitu
2820 1053 3098 1121 contingat
3128 1053 3374 1118 ofl'ettslo,

1815 1140 1992 1206 aliqua
2035 1151 2146 1193 tum
2187 1140 2308 1194 illos
2363 1142 2670 1194 cohortatio
2731 1142 3056 1210 permulcet,
3109 1150 3164 1196 et
3221 1141 3380 1207 longe

1815 1230 1996 1283 utilior
2027 1240 2108 1284 est
2135 1231 2481 1299 imperatoris
2517 1232 2715 1295 oratio,
2744 1232 2808 1285 ad
2846 1248 2933 1288 res
2968 1233 3195 1287 atllictas
3229 1246 3379 1286 excr-

1816 1321 1956 1374 citus
2009 1321 2286 1385 levandas,
2337 1336 2502 1389 quam
2555 1321 2749 1375 medici
2799 1322 3022 1375 vulnera
3079 1331 3377 1377 curantes:

1818 1411 1892 1464 illi
1919 1412 2060 1465 enim
2088 1413 2306 1466 saucios
2349 1413 2495 1467 solos
2525 1414 2612 1467 die
2645 1428 2708 1466 ac
2744 1421 2987 1482 tempore
3028 1413 3242 1466 tandem
3276 1413 3383 1466 for-

1821 1511 1967 1556 tasse
2001 1510 2219 1564 sanant,
2253 1501 2341 1555 hic
2371 1511 2552 1555 autem
2583 1503 2867 1557 confestim
2917 1503 3088 1558 fessos
3117 1518 3181 1558 ac
3213 1504 3382 1558 lassa-

1821 1602 1903 1645 tos
1933 1591 2224 1644 alacriores
2258 1591 2405 1656 facit,
2447 1600 2503 1645 et
2549 1591 2615 1645 ad
2659 1606 2873 1646 omnem
2903 1593 3070 1647 animi
3115 1595 3385 1662 magnitu-

1818 1680 1999 1734 dinem
2030 1681 2506 1749 praestantiamque
2534 1681 2668 1736 satis
2707 1680 2981 1736 robustos.

1890 1941 1975 1993 15.
2021 1939 2264 1993 Nobilem
2314 1948 2366 1993 et
2415 1940 2682 1994 celebrem
2739 1942 2916 1995 virum
2975 1942 3212 1996 diximus
3268 1958 3389 1997 esse

1825 2039 2091 2098 oportere,
2129 2031 2256 2099 quia
2287 2046 2503 2100 semper
2540 2032 2752 2084 haesitat
2784 2032 2968 2086 animo
3009 2042 3062 2086 et
3108 2035 3390 2087 excrucia-

1825 2129 1913 2174 tur
1943 2121 2158 2187 vulgus,
2191 2136 2316 2174 cum
2353 2122 2608 2176 obscuris
2662 2121 2793 2176 viris
2847 2131 3012 2189 atque
3061 2123 3391 2192 ignobilibus

1823 2214 2122 2280 subjectum
2151 2219 2254 2265 est.
2285 2211 2454 2265 Nemo
2479 2213 2623 2266 enim
2672 2214 2845 2266 libens
2883 2215 3090 2282 patitur
3117 2228 3242 2268 eum
3292 2215 3392 2268 im-

1822 2311 2126 2371 peratorem
2154 2302 2301 2370 eligi,
2327 2317 2489 2370 quem
2516 2303 2839 2357 deteriorem
2871 2304 3050 2371 seipso
3078 2314 3249 2372 putat.

1892 2391 1979 2446 16.
2020 2392 2149 2445 Mihi
2210 2395 2680 2461 peruecessarium
2736 2410 2868 2450 sane
2915 2396 3147 2460 videtur,
3201 2406 3261 2451 ut
3294 2397 3395 2450 im-

1824 2491 2042 2550 perator
2072 2483 2391 2552 designatus
2431 2486 2477 2538 si
2524 2487 2644 2548 has,
2682 2501 2824 2554 quas
2856 2501 3030 2556 nuper
3059 2502 3397 2542 commemo-

1825 2573 1939 2626 ravi
1984 2575 2210 2628 virtutes
2243 2575 2621 2642 imperatorias
2679 2576 2900 2641 habeat,
2957 2578 3160 2633 nobilis
3210 2580 3394 2633 statim

1825 2664 1937 2718 sit:
1977 2665 2099 2718 talis
2122 2667 2266 2719 enim
2301 2667 2476 2722 virtus
2507 2669 2805 2723 obscurum
2845 2669 2938 2724 diu
2966 2669 3239 2724 hominem
3279 2686 3398 2724 ma-

1825 2766 1954 2807 nere
1980 2767 2087 2806 non
2119 2740 2272 2807 sinit.

1895 2844 1982 2898 i7.
2040 2844 2280 2899 Dicimus
2332 2855 2510 2899 autem
2579 2862 2646 2901 ne
2698 2847 2918 2900 divitem
2974 2847 3227 2914 quidem,
3291 2847 3397 2902 nisi

1825 2935 2052 2988 virtutes
2092 2936 2473 3003 imperatorias
2526 2937 2742 3002 habeat,
2807 2937 3163 3005 pecuniarum
3233 2952 3400 2991 causa

1825 3025 2204 3094 imperatorem
2263 3027 2533 3096 designari
2599 3028 2795 3081 debere
2844 3043 2857 3079 :
2926 3043 3028 3080 nec
3108 3043 3398 3096 pauperem

1827 3124 2015 3170 contra
2069 3117 2115 3171 si
2162 3117 2337 3170 bonus
2388 3117 2572 3178 fuerit,
2624 3118 2959 3185 paupertatis
3009 3133 3072 3171 ac
3127 3118 3403 3171 tenuitatis

1827 3219 1991 3260 causa
2026 3205 2415 3274 repellendum.
2473 3205 2582 3260 Nec
2636 3220 2766 3259 vero
2814 3206 3036 3260 divitem
3088 3207 3404 3260 divitiarum

1828 3297 1998 3365 gratia
2029 3296 2369 3364 repellimus,
2395 3297 2487 3350 sed
2522 3297 2565 3350 si
2597 3295 2824 3349 virtutes
2864 3297 3190 3364 imperatore
3215 3297 3406 3366 dignas

1829 3403 1936 3441 non
1980 3388 2171 3442 habeat
2204 3405 2215 3440 :
2265 3403 2362 3442 nec
2393 3403 2704 3456 pauperem,
2755 3388 2882 3455 quia
2935 3404 3137 3456 pauper
3171 3395 3275 3452 est,
3310 3389 3407 3439 de-

1831 3480 2144 3546 siguamus,
2200 3479 2294 3532 sed
2352 3480 2481 3546 quia
2533 3478 2726 3532 fortem
2780 3492 2944 3546 atque
2999 3480 3406 3546 imperatorium

1831 3567 2024 3621 habeat
2054 3569 2318 3620 animum.
2354 3566 2617 3621 Neutrum
2667 3578 2886 3635 prepter
2925 3567 3202 3621 fortunam
3248 3583 3410 3636 repu-

1832 3657 2068 3722 diamus,
2099 3657 2192 3712 sed
2229 3667 2490 3727 utrosque
2526 3667 2745 3726 propter
2773 3673 2953 3712 meres
3000 3659 3340 3712 asciscimus.

1907 3750 1993 3803 18.
2025 3749 2183 3803 Dives
2226 3750 2402 3804 bonus
2448 3760 2657 3804 tantum
2709 3760 2928 3819 praestat
2977 3765 3239 3818 generoso
3276 3765 3413 3819 pau-

1836 3841 1971 3908 peri,
2001 3849 2264 3906 quantum
2319 3856 2482 3893 aurea
2537 3851 2700 3909 atque
2752 3851 3004 3907 argentea
3056 3855 3208 3894 arma
3259 3841 3415 3894 :ereis

1838 3931 2136 3998 ferreisque
2191 3933 2567 3986 antecedunt:
2633 3934 2746 3986 haec
2808 3933 2952 3985 enim
2987 3933 3042 3985 in
3096 3932 3235 3986 bello
3266 3947 3420 3999 (equa

1836 4020 2072 4075 eﬂicacia
2101 4030 2250 4085 sunt,
2301 4021 2391 4074 illa
2428 4036 2555 4075 vero
2602 4031 2799 4090 prater
2851 4021 3222 4076 ellicacitatem
3253 4019 3418 4074 etiam

1838 4121 2222 4165 ornamentum
2251 4111 2505 4167 afferunt.

1911 4200 1996 4254 l9.
2051 4199 2352 4269 Pauperem
2403 4216 2726 4271 generosum
2777 4215 2933 4263 voco,
2974 4200 3068 4268 qui
3134 4215 3420 4254 munerum

1841 4289 2114 4345 abstinens
2144 4299 2249 4355 est,
2309 4297 2364 4343 et
2413 4291 2639 4343 minime
2679 4301 3081 4354 qumstuosus:
3140 4299 3419 4358 quaestuo-

1843 4398 1964 4436 sum
2000 4381 2148 4436 enim
2184 4382 2393 4444 virum,
2445 4397 2512 4434 ne
2562 4382 2606 4434 si
2644 4381 2950 4435 ditissimus
2979 4381 3195 4449 quidem
3238 4382 3422 4448 fuerit,

1769 4475 1820 4533 D
1848 4473 1980 4527 utile
2014 4480 2099 4527 est
2132 4473 2519 4540 imperatorem
2545 4472 2694 4541 eligi.

1924 4567 2016 4620 20.
2060 4567 2172 4620 lmo
2204 4581 2334 4620 vero
2381 4581 2556 4636 neque
2591 4581 2813 4634 parcum
2857 4567 3084 4635 aliquem
3116 4575 3210 4620 aut
3251 4566 3429 4620 sordi-

1851 4660 2004 4722 dum,
2060 4658 2126 4711 ad
2163 4672 2278 4712 rem
2331 4658 2633 4711 faciendam
2670 4658 3016 4720 venalitium,
3071 4668 3166 4710 aut
3224 4657 3427 4725 aliquid

1851 4749 1969 4815 ejus
2009 4747 2223 4816 generis
2291 4747 2641 4799 molientem:
2709 4761 2932 4800 necesse
2968 4755 3053 4799 est
3103 4746 3247 4798 enim
3298 4746 3430 4798 tales

1853 4854 2140 4908 perparcos
2174 4852 2317 4902 esse,
2345 4847 2398 4891 et
2429 4839 2493 4890 ad
2526 4838 2837 4890 aviditatem
2888 4838 3238 4905 pecuniarum
3275 4837 3427 4888 inex-

1852 4929 2096 4999 plebiles,
2130 4936 2183 4982 et
2227 4928 2293 4981 ad
2335 4929 2693 4981 cumulandas
2726 4943 2857 4996 opes
2900 4928 3133 4982 nimium
3166 4930 3426 4988 intentos,

1853 5029 1909 5074 et
1947 5020 2015 5073 ab
2047 5019 2294 5073 honestis
2325 5020 2634 5073 actionibus
2681 5021 2838 5086 longe
2871 5019 3253 5071 abhorrentes.

1921 5111 2008 5163 2|.
2047 5110 2102 5162 Si
2135 5111 2298 5164 claris
2337 5119 2390 5163 et
2439 5110 2713 5163 nobilibus
2760 5109 3066 5176 majoribus
3099 5107 3284 5170 fuerit,
3330 5107 3433 5160 ali-

1852 5217 2016 5270 quam
2063 5201 2167 5256 hoc
2209 5201 2735 5256 commendationem
2787 5200 3022 5254 habeat:
3060 5199 3201 5254 hanc
3251 5210 3433 5252 tamen

1857 5295 2070 5364 generis
2106 5293 2474 5356 nobilitatem,
2505 5293 2550 5346 si
2581 5292 2745 5356 absit,
2783 5306 2889 5345 non
2921 5290 3215 5344 admodum
3250 5290 3436 5358 requi-

1857 5402 2061 5448 remus,
2099 5398 2274 5453 neque
2304 5385 2686 5438 tantummodo
2719 5393 2938 5453 propter
2967 5383 3105 5435 hanc
3149 5394 3336 5441 unam.
3388 5379 3433 5434 si

1855 5477 1992 5531 alias
2039 5475 2383 5529 laudabiliter
2441 5483 2613 5529 artem
2672 5472 3074 5542 imperatoriam
3110 5478 3314 5532 teneat,
3353 5469 3430 5522 dio

1854 5581 1989 5631 guus
2035 5565 2135 5618 hoc
2169 5579 2394 5618 munere
2435 5563 2700 5615 habeatur

1720 5656 1950 5712 ΝΟΤίΕ.

252 5749 368 5819 (l3)
441 5747 517 5803 Τὰ
545 5747 871 5816 πράγματα.
909 5749 1113 5804 Scribe.
1141 5749 1206 5801 τὰ
1233 5748 1538 5820 τραύματα.

1929 5750 2038 5810 (l-il
2113 5748 2601 5813 Ναβατηρεῐσυαι.
2648 5747 2835 5801 Scribe
2871 5744 3257 5805 παραιτεῖσθα.
