4176 6446
767 375 876 439 687

2033 374 2308 432 LEONIS
2348 372 2799 436 PHILOSOI’HI

3919 380 4019 440 688

834 480 926 532 εἰ.
966 477 1438 543 Querriadmodum
1492 478 1636 530 enim
1695 478 1995 530 animantia
2048 481 2231 532 omnia
2266 493 2328 531 ex

2505 483 2609 549 κβ’.
2645 484 2853 553 ’Ὠσπερ
2883 487 2991 551 γάρ
3021 486 3087 536 τά
3133 486 3246 547 ζῶα
3281 487 3389 538 ἀπὸ
3423 487 3529 538 τῶν
3573 486 3719 538 ἰδίων
3764 489 4021 557 πράξεων

764 568 1012 622 moribus
1042 567 1255 619 illorum
1316 574 1370 619 et
1417 566 1720 619 actionibus
1769 567 2108 635 exquirimus
2158 578 2339 620 utrum

768 673 1027 729 generosa
1056 673 1122 710 an
1156 656 1346 711 inertia
1384 656 1514 721 sint,
1552 658 1630 710 sic
1658 665 1712 710 et
1751 657 2033 710 hominum
2092 659 2344 711 nobilita-

767 763 875 807 tem
910 768 1014 805 non
1049 767 1115 805 ex
1160 751 1428 819 majorum
1484 749 1662 811 laude,
1709 750 1801 801 sed
1849 765 1914 802 ex
1951 766 2065 804 SUIS
2098 765 2340 819 ipsorum

768 843 1074 897 actionibus
1103 851 1156 896 et
1203 844 1367 896 rebus
1415 843 1583 910 gestis
1636 840 1907 894 mstimare
1960 850 2195 909 oportet.
2245 842 2343 896 lui-

767 950 935 1002 quum
982 933 1126 986 cnim
1191 942 1351 1000 atque
1391 931 1670 1000 indignum
1725 942 1809 985 est
1866 933 2104 987 humiles
2177 945 2344 1003 atque

768 1026 1037 1078 obscuros
1064 1036 1315 1090 quosque
1351 1021 1552 1075 milites
1596 1035 1694 1075 sua
1742 1006 1984 1089 ipsorum
2030 1023 2231 1077 virtute
2277 1039 2341 1078 ac

773 1114 998 1169 militari
1037 1112 1216 1174 laude,
1248 1121 1301 1166 et
1349 1128 1454 1167 non
1509 1113 1775 1181 majorum
1826 1113 2131 1181 splendore,
2167 1128 2344 1168 emer-

771 1221 917 1273 gere,
951 1206 1310 1272 imperatores
1352 1212 1532 1257 autem
1567 1214 1787 1273 propter
1818 1205 2082 1272 majorum
2116 1219 2341 1259 suorum

770 1296 1027 1364 przeclara
1054 1292 1200 1349 facta
1230 1295 1389 1364 elegi,
1423 1310 1547 1347 eum
1585 1295 1685 1363 ipsi
1732 1293 1966 1362 imperiti
1996 1304 2156 1363 atque
2194 1297 2341 1351 iner-

774 1396 853 1440 tes
877 1387 1005 1441 sint.

843 1477 932 1529 23.
984 1477 1167 1546 Neque
1194 1490 1325 1528 vero
1356 1476 1499 1541 illos,
1525 1480 1618 1545 qui
1654 1494 1775 1533 cum
1808 1482 2045 1537 obscuro
2072 1484 2197 1537 loco
2229 1485 2342 1537 nati

773 1574 921 1629 sunt,
948 1576 1125 1619 tamen
1174 1580 1272 1619 sua
1322 1566 1564 1634 ipsorum
1620 1566 1759 1621 facta
1818 1572 1981 1625 nimis
2039 1572 2340 1626 venditant.

775 1653 907 1707 Nam
957 1657 1002 1708 si
1036 1656 1224 1708 virtuti
1260 1671 1373 1709 sua:
1408 1658 1675 1723 majorum
1706 1675 1924 1727 quoque
1962 1663 2217 1729 splendor
2249 1680 2341 1717 ac-

776 1747 951 1807 cedat,
984 1748 1288 1799 l'ortunatus
1320 1746 1615 1814 imperator
1656 1760 1776 1803 est:
1806 1752 1887 1803 sin
1940 1754 2112 1808 virtus
2144 1754 2341 1808 ablue-

775 1837 865 1898 rit,
897 1852 963 1891 ne
994 1837 1107 1889 haec
1141 1837 1358 1906 quidem
1397 1838 1545 1891 illum
1573 1839 1779 1893 clarum
1804 1840 2053 1896 ellieicnt.

843 1927 933 1979 2i.
977 1925 1247 1981 Fortassis
1275 1938 1452 1983 autem
1489 1930 1804 1984 existimare
1832 1935 1957 2001 quis
1991 1943 2195 2002 posset,
2230 1952 2346 1990 me-

777 2016 943 2072 liores
974 2017 1187 2071 futuros
1219 2020 1571 2087 imperatores
1596 2020 1686 2086 qui
1733 2021 1879 2074 nulla
1914 2024 2181 2090 majorum
2222 2042 2349 2081 suo-

779 2122 897 2159 rum
967 2105 1124 2158 laude
1177 2106 1652 2161 Cmnmendanlur.
1728 2105 1862 2161 Nam
1921 2111 2012 2178 qui
2076 2112 2345 2180 majorum

778 2197 935 2250 lactis
967 2197 1101 2250 clari
1134 2206 1285 2259 sunt,
1338 2205 1393 2251 et
1432 2197 1646 2250 illorum
1688 2198 1857 2266 gloria
1910 2200 2144 2256 illustres
2188 2201 2345 2265 ﬁunt,

777 2302 919 2355 smpe
945 2288 1366 2356 negligentiores
1395 2295 1448 2340 et
1477 2288 1819 2343 remissiores
1845 2298 1973 2344 sunt
1998 2310 2009 2344 :
2046 2292 2136 2361 qui
2165 2301 2344 2347 autem

777 2379 913 2434 nihil
943 2394 973 2431 a
1005 2379 1305 2445 majoribus
1340 2388 1690 2447 acceperunt,
1726 2382 1813 2435 isti
1845 2383 2112 2450 majorum
2148 2386 2347 2439 obscu-

778 2470 994 2523 ritatem
1031 2484 1127 2521 sua
1173 2470 1368 2521 virtute
1427 2470 1718 2532 illustrant,
1764 2480 1818 2524 et
1861 2473 1927 2525 ad
1975 2490 2063 2527 res
2114 2475 2348 2530 alacrius

778 2559 1156 2628 Suscipieudas
1193 2559 1343 2613 omni
1389 2559 1556 2613 animi
1588 2561 1936 2615 contentione
1975 2563 2342 2631 impelluntur.

780 2646 844 2699 Et
871 2646 1331 2716 quemadmodum
1362 2648 1452 2715 qui
1508 2647 1650 2700 haud
1699 2662 1892 2719 magna
1931 2664 2055 2704 cum
2102 2668 2160 2707 re
2197 2664 2345 2720 sunt,

779 2738 843 2791 ad
869 2737 990 2791 vitae
1014 2737 1220 2791 cultum
1246 2748 1299 2791 et
1338 2736 1667 2790 allluentiam
1714 2753 1890 2791 rerum
1921 2743 2345 2810 comparandam

777 2830 1089 2900 diligentius
1126 2830 1481 2892 contendunt,
1527 2829 1604 2882 sic
1633 2830 1832 2897 quibus
1860 2832 2005 2885 nulla
2055 2848 2085 2887 a
2132 2835 2348 2903 majori-

778 2922 880 2974 bus
905 2921 1075 2989 gloria
1107 2922 1296 2977 relicta
1327 2933 1431 2988 est,
1473 2923 1635 2977 iidem
1692 2940 1789 2978 sua
1844 2927 2089 2996 ipsorum
2143 2931 2347 2985 virtute

778 3012 983 3064 strenui
1014 3027 1135 3065 esse
1157 3012 1424 3066 laborant.

848 3098 941 3154 25.
978 3100 1051 3154 lis
1083 3102 1151 3156 de
1194 3105 1377 3158 causis
1408 3105 1637 3173 eligatur
1674 3107 1968 3174 imperator
2012 3109 2207 3171 bonus,
2246 3125 2345 3163 no-
2379 3122 2422 3181 ο

777 3188 925 3253 bilis,
961 3190 1114 3244 dives
1144 3209 1157 3246 :
1212 3207 1318 3245 non
1348 3195 1643 3262 repellatur
1678 3206 1860 3250 autem
1895 3213 2094 3266 pauper
2135 3200 2179 3253 si
2219 3214 2344 3253 cum

778 3277 976 3331 virtute
1001 3279 1091 3341 sit,
1126 3295 1437 3347 quanquam
1468 3282 1632 3337 claris
1675 3296 1739 3337 ac
1782 3283 2085 3338 illustribus
2129 3272 2351 3353 majori-

781 3371 881 3422 bus
911 3380 1063 3423 ortus
1096 3386 1201 3425 non
1237 3372 1325 3426 sit.
1624 3416 1636 3427 .
1838 3431 1845 3442 ,

850 3462 941 3515 26.
986 3462 1066 3515 Ad
1105 3478 1373 3517 summam
1407 3475 1588 3519 autem
1623 3466 1805 3521 dicere
1860 3476 2077 3535 oportet
2116 3469 2350 3536 impera-

780 3560 975 3615 torem,
1012 3553 1058 3606 si
1122 3554 1235 3606 lieri
1288 3564 1489 3622 potest,
1547 3570 1775 3624 corpore
1816 3558 2074 3623 gratioso,
2125 3559 2352 3613 robusto

780 3652 834 3696 et
864 3642 1157 3701 laborioso.
1192 3654 1373 3699 mente
1406 3655 1585 3699 autem
1625 3646 1785 3700 celeri
1818 3662 1881 3700 ac
1903 3657 2146 3711 strenua,
2183 3649 2352 3702 hono-

783 3735 861 3788 ris
927 3745 1294 3802 expeteutem,
1354 3746 1690 3805 promptum,
1749 3740 2115 3807 periculorum
2170 3740 2351 3808 despi-

781 3824 1035 3885 cientem,
1083 3834 1138 3878 et
1175 3841 1355 3879 rerum
1405 3827 1715 3880 divinarum
1776 3843 2025 3897 verchue
2080 3829 2353 3898 religionis

781 3916 1187 3968 sanctissimum
1222 3916 1487 3969 cultorem
1525 3932 1646 3970 esse
1675 3916 1890 3970 debere.

849 4005 940 4057 27.
979 4007 1036 4058 lu
1069 4007 1437 4072 voluptatibus
1470 4007 1719 4075 corporis
1769 4016 2179 4077 temperantem,
2219 4026 2351 4063 eon-

781 4095 982 4147 silioet
1026 4096 1186 4149 laude
1227 4112 1349 4149 vera
1395 4099 1446 4149 iu
1500 4099 1663 4151 rebus
1711 4098 1955 4154 honestis
1995 4102 2355 4169 suscipiendis

780 4186 1159 4254 inexplebilem
1192 4199 1355 4255 atque
1388 4188 1775 4245 insatiabilem.

851 4276 941 4329 28.
980 4278 1059 4329 Ad
1092 4279 1525 4346 perspiciendum
1560 4280 1612 4333 in
1650 4280 1833 4335 dubiis
1870 4281 2033 4335 rebus
2064 4284 2192 4351 quid
2240 4301 2355 4335 ma-

788 4368 929 4420 xime
957 4382 1094 4434 opus
1122 4368 1264 4421 facto
1291 4370 1384 4428 sit,
1419 4384 1600 4422 acrem
1630 4379 1685 4422 et
1714 4370 1995 4424 solertem.

852 4459 941 4512 29.
986 4459 1057 4509 Ex
1090 4459 1155 4511 iis
1184 4475 1303 4525 qua:
1336 4459 1389 4510 in
1418 4467 1670 4527 promptu
1719 4470 1867 4520 sunt,
1902 4460 1967 4513 ad
2011 4476 2097 4515 res
2134 4462 2355 4515 abstru—
2393 4451 2434 4505 ι)

784 4563 871 4599 sas
893 4548 1263 4615 coujicieudas
1292 4549 1523 4602 felicem.

850 4636 938 4689 30.
981 4634 1035 4688 In
1074 4637 1389 4690 instruendo
1436 4647 1491 4691 ct
1535 4640 1801 4694 armando
1834 4651 1888 4694 et
1924 4642 2169 4695 ornando
2196 4657 2352 4695 exer-

781 4730 891 4781 ritu
934 4730 1190 4797 peritum.
1610 4796 1614 4800 _

852 4822 941 4874 5|.
978 4823 1054 4875 Ad
1083 4824 1323 4890 jaeeutes
1371 4825 1601 4877 militum
1657 4825 1872 4879 animos
1913 4826 2163 4880 oratione
2205 4829 2354 4881 exci-

782 4914 997 4976 tandos,
1038 4923 1092 4966 et
1127 4912 1180 4965 iu
1235 4929 1383 4981 Spem
1418 4915 1615 4969 bonam
1671 4916 2018 4971 adducendus
2068 4918 2301 4971 habilem
2330 4960 2350 4990 ,

730 5062 737 5067 ο
781 5015 835 5055 et
893 5004 959 5056 ad
1013 5004 1313 5071 periculum
1378 5006 1788 5075 suscipiendum
1853 5016 2073 5075 paratos
2116 5008 2352 5063 eﬂieieu-

786 5104 915 5147 tem.

852 5184 942 5239 32.
1013 5184 1211 5243 Eorum
1272 5204 1394 5256 quae
1457 5190 1751 5243 constituta
1797 5201 1853 5245 et
1917 5192 2134 5245 decreta
2202 5203 2351 5259 sunt,

785 5279 1294 5333 constantissimqu
1327 5282 1634 5335 custodem.

859 5370 948 5425 33.
991 5370 1047 5423 In
1080 5386 1331 5425 sermone
1356 5382 1589 5435 eertum,
1625 5390 1690 5427 ue
1726 5374 1792 5427 ab
1818 5376 2020 5429 astulis
2059 5386 2114 5431 et
2142 5377 2358 5431 disertis

788 5461 941 5523 viris,
972 5476 1095 5530 qua
1136 5462 1213 5517 illi
1246 5464 1311 5517 ad
1360 5463 1686 5518 deteriorem
1743 5477 1946 5533 partem
1984 5467 2353 5534 applicahuut,

786 5553 1047 5620 capiatur.

2444 572 2536 623 καὶ
2567 571 2707 623 ὲθῶν
2752 571 3077 641 ἐξετάζομεν
3125 573 3321 641 εὐγενῆ
3366 574 3397 641 ἢ
3433 575 3680 643 δυσγενῆ,
3705 576 3875 636 οὕτως
3916 578 4020 645 [ei]

2444 666 2666 714 σκοπεῖν
2694 664 2787 715 καὶ
2820 662 2917 730 τὴν
2952 664 3060 714 τῶν
3091 660 3391 731 ἀνθρώπων
3420 666 3721 731 εὐγένειαν,
3769 668 3871 718 οὐκ
3913 669 4022 719 ἀπὸ

2440 752 2548 805 τῶν
2578 754 2877 822 προγόνων.
2917 752 3035 806 ἀλλ’
3062 756 3128 806 ὲκ
3156 755 3262 805 τῶν
3299 754 3442 805 ἰδίων
3473 756 3725 822 πράξεων
3754 759 3845 808 καὶ
3888 774 4020 808 κατ-

2442 844 2795 913 ορθωμάτων.
2834 846 2942 898 Καὶ
2979 845 3096 903 πῶς
3130 848 3238 913 γάρ
3271 844 3371 896 οὐκ
3408 845 3655 913 ἀτερπὲς
3704 846 3800 897 καὶ
3845 848 4017 897 ἀπαί-

2443 937 2647 997 δευτον,
2692 940 2813 999 τοὺς
2864 937 2962 1005 μὲν
3018 940 3193 993 rma;
3254 937 3587 1005 στρατιώτας
3618 938 3703 989 διὰ
3734 938 3825 989 τάν
3885 938 4019 1000 τδὲας

2443 1026 2721 1095 ἀριστείας
2748 1026 2842 1078 καὶ
2875 1027 3000 1088 τοὺς
3023 1026 3239 1093 ἀγῶνας
3278 1029 3479 1095 τιμᾷν,
3515 1027 3575 1077 οὑ
3624 1029 3747 1089 τοὺς
3785 1029 3848 1079 ἐκ
3881 1044 4019 1096 προ-

2443 1118 2616 1183 γόνων
2638 1117 2941 1186 λαμπροὺς,
2993 1116 3126 1169 ἀλλὰ
3165 1116 3287 1179 τοὺς
3316 1116 3630 1186 αὐτοχειρίᾳ
3684 1133 3737 1168 τι
3767 1117 4020 1186 λαμπρὸν

2445 1207 2605 1276 ἔργον
2646 1208 3049 1273 πεποιηκότας-
3098 1210 3223 1266 τοὺς
3280 1207 3336 1258 δὲ
3387 1207 3725 1275 στρατηγοὺς
3776 1208 3864 1259 διὰ
3892 1211 4021 1270 τοὺς

2445 1297 2741 1364 προγόνους
2767 1297 3136 1362 ἐπιλέγεσθαι,
3168 1298 3269 1351 κάν
3294 1299 3431 1350 εἰσιν
3452 1301 3712 1368 ἄχρηστοι
3742 1320 3751 1359 ;

2516 1476 2617 1537 κγ’.
2664 1471 2825 1522 Ἀλλά
2854 1470 2960 1540 μὴν
2984 1470 3072 1523 διὰ
3089 1470 3188 1539 τὴν
3224 1472 3555 1525 ίδίαναὺτῶν
3576 1474 3795 1542 ἀρετὴν,
3822 1472 3926 1524 κᾶν
3948 1473 4021 1541 μὴ

2444 1564 2552 1616 ἀπὸ
2592 1562 2687 1614 τοῦ
2738 1561 2926 1628 γένους
2978 1562 3422 1631 λαμπρύνωνται.
3460 1565 3774 1631 Προσώπων
3828 1566 3929 1632 μὲν
3957 1565 4020 1632 δὴ

2444 1653 2647 1705 τούτων
2680 1655 2777 1706 καὶ
2822 1654 3102 1720 προγόνων
3150 1653 3417 1723 λαμπρῶν
3467 1654 3696 1723 εὐτυχὴς
3724 1656 3751 1706 ὁ
3785 1671 4020 1723 στρατηο

2446 1747 2561 1810 γὸς,
2587 1744 2833 1797 ἀπόντων
2858 1744 2916 1796 δὲ
2944 1744 3053 1797 τῶν
3074 1743 3305 1811 ἀρετῶν,
3333 1746 3438 1797 κᾶν
3461 1748 3610 1815 παρῇ
3634 1746 3829 1806 ταῦτα,
3848 1745 4021 1813 ἀπραο

2448 1852 2596 1897 κτος.

2520 1928 2618 1978 κδ’.
2655 1927 2806 1995 Τάχα
2834 1926 2890 1979 δέ
2922 1943 3007 1988 τις
3055 1927 3262 1979 ὲλτιίσοι
3302 1928 3398 1979 καὶ
3440 1926 3755 1996 κρείττονας
3802 1928 4019 1979 ἔσεσθαι

2452 2018 2790 2086 στρατηγοὺς
2812 2019 2941 2080 τοὺς
2962 2018 3061 2070 οὐκ
3082 2017 3302 2085 ἔχοντας
3326 2018 3435 2069 ἀπὸ
3456 2017 3564 2068 τῶν
3592 2016 3875 2085 προγόνων
3934 2032 4021 2066 σε·

2452 2106 2764 2176 μνύνεσθαι.
2798 2109 2861 2159 Οἱ
2900 2107 3000 2175 μὲν
3028 2107 3137 2177 γάρ
3166 2108 3257 2159 ἐπὶ
3278 2105 3495 2174 γονεῦσι
3527 2106 3895 2174 δοξαζόμενοι,
3930 2107 4022 2156 καὶ

2447 2198 2545 2268 τὴν
2571 2199 2663 2250 ἀπ’
2693 2196 2915 2250 ἐκείνων
2944 2198 3158 2266 ἔχοντες
3186 2197 3456 2263 εὔκλειαν,
3488 2197 3746 2258 πολλάκις
3779 2196 4022 2265 ρᾳθυμὼ

2448 2307 2603 2359 τερον
2632 2290 2726 2343 καὶ
2777 2289 3142 2358 ἀμελέστερον
3188 2288 3517 2341 διάκεινταιο
3565 2288 3614 2339 oi
3646 2288 3700 2339 δὲ
3754 2287 4021 2355 μηδεμίαν

2446 2379 2603 2443 δόξαν
2634 2380 2913 2450 προγόνων
2934 2379 3171 2448 ἔχοντες.
3206 2373 3351 2431 οὗτοι
3372 2378 3471 2449 τὴν
3500 2378 3609 2431 τῶν
3630 2378 3881 2446 πατέρων
3900 2378 4019 2431 ἀδο-

2450 2467 2567 2531 ξίαν
2588 2467 3036 2537 ἀναπληροῦσθαι
3065 2467 3313 2529 θέλοντες
3342 2469 3408 2536 τῇ
3439 2467 3545 2535 ἰδίᾳ
3568 2465 3852 2536 προθυμίᾳ
3875 2467 4021 2532 φιλο-

2449 2558 2822 2627 κινδυνότερον
2850 2558 2942 2609 ἐπὶ
2969 2558 3069 2619 τὰς
3104 2556 3329 2626 πράξεις
3351 2555 3624 2624 ἔρχονται.
3670 2554 3940 2625 Καθάπερ
3965 2557 4011 2606 οἱ

2449 2645 2678 2715 πένητες
2703 2645 3105 2714 ἐπιπονώτερον
3130 2646 3328 2713 μᾶλλον
3359 2644 3469 2697 τῶν
3506 2645 3865 2713 ἑπορωτέρων
3911 2646 4020 2711 (ιτς)

2448 2738 2541 2789 ἐπὶ
2568 2738 2666 2806 τὴν
2685 2736 2779 2788 τοῦ
2814 2736 2927 2805 βίου
2964 2737 3156 2805 κτῆσιν
3197 2735 3499 2805 ὁρμῶνται,
3530 2736 3591 2787 τὸ
3616 2736 3862 2787 ἐλλεῖπον
3894 2737 4019 2788 ἀναν

2448 2828 2734 2899 πληρῶσαι
2764 2830 2863 2897 τῆς
2884 2826 3054 2897 τύχης
3087 2827 3480 2889 σπουδάζοντες
3505 2843 3519 2857 ·
3568 2824 3709 2878 οὕτω
3738 2828 3787 2877 οἱ
3836 2825 3913 2894 μὴ
3961 2827 4023 2876 ἐκ

2449 2922 2698 2991 πατέρων
2730 2920 3237 2989 κληρονομήσαντες
3256 2918 3413 2983 δόξαν
3440 2918 3530 2969 διὰ
3554 2918 3663 2970 τῶν
3695 2918 3841 2969 ἰδίων
3889 2917 4017 2983 πρᾶο

2450 3014 2582 3078 ξεων
2612 3012 3000 3076 σπουδάζουσιν
3030 3011 3263 3065 οἰκειοῦν
3293 3012 3473 3072 αὐτοῖς
3507 3008 3684 3071 δόξαν.

2523 3111 2622 3159 κε’.
2653 3105 2751 3157 Διά
2790 3102 2961 3154 ταῦτα
3004 3104 3103 3171 μὲν
3133 3102 3224 3154 οὖν
3250 3100 3679 3171 πῳχειριζέσθω
3719 3100 4023 3169 στρατηγὸς

2448 3196 2671 3264 ἀγαθὸς.
2699 3194 2944 3264 εὐγενὴς,
2976 3194 3249 3256 πλούσιος.
3294 3193 3384 3261 Μὴ
3425 3191 3814 3245 ἀποϐαλλέσθω
3844 3192 3905 3244 δὲ
3931 3193 4023 3242 τιέ-

2449 3306 2546 3356 νης
2581 3287 2718 3356 μετὰ
2749 3288 2971 3356 ἀρετῆς,
3006 3287 3055 3338 εἰ
3089 3285 3183 3337 καὶ
3213 3283 3286 3351 μὴ
3318 3283 3424 3334 ἀπὸ
3453 3281 3720 3351 λαμπρῶν
3761 3282 3860 3333 καὶ
3887 3281 4023 3332 ἐνδό-

2451 3377 2556 3441 ξων
2583 3377 2865 3446 προγόνων
2885 3376 3112 3440 κατάγει
3130 3375 3191 3426 τὸ
3214 3375 3387 3441 γένος.

2521 3479 2635 3534 κε’.
2667 3471 2978 3539 Κεφάλαιον
3006 3469 3063 3521 δὲ
3098 3470 3291 3528 εἰπεῖν,
3326 3468 3431 3536 χρὴ
3477 3466 3567 3518 τὸν
3624 3465 3949 3532 στρατηγὸν.
3977 3464 4025 3514 εί

2450 3559 2674 3613 δυνατόν
2698 3562 2868 3622 ἐστιν,
2917 3556 3098 3610 καὶτὸ
3132 3558 3293 3624 σῶμα
3324 3556 3595 3624 εὐπρεπῆ.
3632 3556 3728 3607 καὶ
3756 3554 4021 3622 ἀνδρεῖον,

2454 3652 2549 3704 καὶ
2578 3651 2884 3719 φιλόπονον,
2916 3651 3011 3702 καὶ
3028 3648 3299 3711 ’δεύτατον
3343 3647 3443 3714 τὴν
3497 3644 3743 3714 γνώμην,
3777 3644 3876 3697 καὶ
3904 3659 4027 3710 γεν-

2454 3743 2623 3800 ναῖον,
2652 3739 2745 3792 καὶ
2773 3737 3080 3799 σπουδαῖον,
3112 3738 3206 3788 καὶ
3232 3734 3617 3801 φιλοκίνδυνον,
3660 3732 3755 3784 καὶ
3793 3732 4026 3799 μάλιστα

2454 3826 2705 3892 θεοσεϐῆ,
2737 3826 2833 3877 καὶ
2860 3826 2988 3894 περὶ
3013 3824 3082 3876 τὰ
3103 3824 3221 3875 θεῖα
3239 3823 3541 3892 πράγματα
3581 3821 4024 3888 ἐπιμελέστατον.

2525 4006 2628 4069 κζ’.
2668 4004 2898 4058 Ἦόονῶν
2916 4004 2973 4057 δὲ
2994 4003 3086 4055 τοῦ
3121 4002 3371 4071 σώματος
3392 4001 3654 4069 ἐγκρατῆ,
3686 4000 3782 4067 τῆς
3810 4000 3869 4051 δὲ
3895 3998 4027 4065 γνώ-

2460 4116 2567 4167 μης
2597 4096 2870 4166 ἄπληστον
2901 4112 2959 4147 τε
2991 4096 3082 4147 καὶ
3118 4094 3413 4162 ἀκόρεστον
3454 4094 3546 4144 ἐπὶ
3572 4092 3647 4159 τῷ
3671 4091 4026 4159 ὲπαίνῳπράο

2458 4190 2602 4253 ξεσιν
2638 4187 2863 4255 ἀγαθοῖς
2900 4187 3196 4257 [ἄπληστον
3217 4204 3275 4239 τε
3308 4186 3402 4237 καὶ
3434 4184 3769 4254 ἀκόρεστονι.

2526 4288 2632 4350 κη’.
2680 4281 2915 4332 Συνιδείν
2943 4280 2997 4331 δὲ
3028 4279 3087 4331 τὸ
3123 4279 3240 4331 δέον
3276 4278 3355 4329 ἔτι
3397 4281 3453 4329 ἐν
3482 4276 3559 4344 τῷ
3603 4277 3796 4342 ἀφανεί
3826 4275 3887 4324 ὃν
3922 4273 4028 4324 6::-

2460 4375 2547 4426 νόν
2566 4390 2626 4424 τε
2656 4374 2752 4424 καὶ
2782 4371 2893 4433 ὀξύ.

2532 4462 2632 4515 κθ’.
2674 4465 2766 4514 Ἐκ
2797 4462 2906 4513 τῶν
2933 4461 3271 4529 φαινομένων
3304 4460 3372 4511 τὰ
3394 4460 3753 4527 κεκρυμμένα
3778 4456 4028 4523 στοχάζε-

2464 4555 2581 4606 σθαι
2610 4554 3049 4621 ὲπιτυχέστατον.

2527 4645 2590 4699 λ’.
2620 4646 2789 4710 Talia:
2823 4645 2876 4695 δὲ
2912 4643 3162 4713 στρατὸν,
3192 4644 3287 4695 καὶ
3339 4642 3578 4703 ὁπλίσαι,
3611 4640 3704 4691 καὶ
3754 4637 4027 4704 κοσμῆσαι

2458 4738 2741 4807 ἔμπειρον.

2529 4829 2630 4883 λα’.
2663 4829 2855 4895 Λόγοις
2898 4827 2954 4880 δὲ
2977 4828 3202 4896 ἀνιστᾷν
3233 4827 3302 4878 τὰ
3349 4824 3674 4878 πεπτωκότα
3705 4826 3877 4895 φρονή
3890 4842 4027 4894 ματα

2458 4920 2714 4990 στρατοῦ,
2766 4919 2861 4971 καὶ
2890 4919 3121 4971 ἐλπίδων
3172 4917 3447 4987 ἐμπλῆσαι
3492 4914 3735 4983 ἀγαθῶν,
3770 4916 3868 4967 καὶ
3894 4914 4026 4966 ἑτοί-

2465 5030 2595 5081 μους
2630 5010 2763 5081 πρὸς
2792 5012 2917 5073 τοὺς
2948 5010 3220 5071 κινδύνους
3250 5008 3666 5079 παρασκευάσαι
3692 5008 3939 5060 δυνατόν.

2527 5192 2629 5260 λβ’.
2670 5192 2778 5243 Καὶ
2804 5191 2872 5244 τά
2894 5190 3250 5259 συντιθέμενα
3285 5188 3341 5241 δὲ
3363 5190 3395 5258 ἢ
3423 5187 3831 5257 ὁμολογούμενα
3856 5188 4019 5257 φυλά·

2460 5284 2541 5345 Ξαι
2561 5283 2930 5352 βεόαιὸτερον.

2524 5374 2624 5442 λγ⁹.
2649 5375 2739 5443 Μὴ
2776 5372 3191 5442 παρασύρεσθαι
3215 5372 3268 5424 δὲ
3301 5371 3407 5423 ὑπὸ
3434 5371 3541 5423 τῶν
3579 5372 3636 5421 ἐν
3662 5369 3844 5433 λόγοις
3875 5369 4025 5419 δυνα-

2456 5468 2582 5521 τῶν.
2624 5464 2703 5529 οἷς
2735 5470 2931 5519 ἐκεῖνοι
2978 5468 3271 5533 παρέλκειν
3318 5466 3409 5519 τοῦ
3449 5466 3785 5534 καθήκοντος
3819 5463 4027 5515 ἐθέλου-

2458 5578 2560 5623 σιν,
2600 5556 2736 5613 εἶναι
2767 5560 2825 5612 δὲ
2849 5560 3089 5627 ἀσφαλῆ.

2324 5654 2552 5712 ΝΟΤΛΞ.

856 5744 969 5808 llo)
1022 5744 1447 5811 Ἦπορωιέρων.
1483 5744 1657 5801 Scrib.
1701 5744 2089 5814 εὐποροτέρων.
