4176 6446
121 383 221 445 ὓδθ

1202 388 1533 448 TACTICA.
1566 412 1631 425 -
1668 390 2171 454 CUNSTITUTIO
2222 397 2299 454 ll.

3238 402 3348 465 690

188 498 281 549 λδ’.
311 499 624 568 Χρημάτων
648 500 724 564 δὲ,
749 501 829 563 είς
852 502 953 571 μὲν
973 502 1163 571 ἡδονὰς
1187 506 1288 565 τὰς
1317 504 1531 566 ἑαυτοῦ,
1562 522 1686 571 φει-

1860 508 1947 560 54.
1993 512 2049 563 1η
2077 511 2303 579 pecunia
2335 514 2699 563 consumenda
2728 511 2793 562 ad
2821 510 3222 579 conquirendas
3262 512 3365 565 sibi

120 591 364 657 δόμενον,
395 595 490 644 καὶ
511 592 711 660 ὀλίγοις
734 594 1092 661 ἀρκούμενον,
1113 595 1193 656 είς
1218 595 1276 647 δὲ
1301 594 1361 646 τὸ
1387 595 1697 663 εὐεργετεῖν

119 683 240 741 τοὺς
271 684 365 735 ὐπ’
398 684 583 747 αὐτὸν,
641 684 737 736 καὶ
768 686 1003 754 μάλιστα
1046 687 1126 749 είς
1158 687 1257 755 τὴν
1283 686 1422 755 ὑπὲρ
1452 687 1547 738 τοῦ
1576 703 1694 739 κοι-

119 769 206 821 νοῦ
233 771 507 841 δαπάνην,
553 772 781 839 ἄφθονόν
802 790 861 824 τε
889 775 984 825 καὶ
1009 774 1353 844 ήπλωμένον.

184 946 275 998 λε’.
338 948 595 1001 Τοιοῦτον
643 949 824 1000 τοίνυν
883 949 1012 1000 ὄντα
1057 948 1149 1001 τὸν
1206 949 1695 1019 προχειριζόμενον

122 1042 446 1108 στρατηγὸν,
472 1040 583 1093 οἷον
604 1043 631 1093 ό
655 1041 808 1106 λόγος
835 1040 1117 1110 ὑπέγραψε
1144 1044 1209 1107 τῆ
1239 1042 1420 1110 φύσει,
1463 1041 1554 1093 καὶ
1584 1043 1697 1103 τοῖς

122 1130 293 1196 ἤθεσι.
329 1131 428 1184 καὶ
473 1130 887 1200 ἐπιτηδεύμασι,
916 1131 994 1183 δεῖ
1024 1133 1101 1195 είς
1138 1132 1235 1199 τὴν
1268 1131 1442 1198 ἀρχὴν
1473 1148 1697 1200 προχειο

126 1220 382 1290 ρισθὲντα
414 1224 509 1274 καὶ
550 1221 631 1275 ἔτι
662 1224 862 1291 ἀγαθὸν
888 1219 1051 1286 εἶναι,
1081 1223 1509 1291 εὐπροσήγορον,
1562 1240 1697 1274 ετοι-

127 1328 238 1379 μον,
275 1314 575 1381 ἀτάραχον.

190 1402 297 1462 λς’.
326 1402 419 1471 Μὴ
451 1402 622 1464 οὕτως
646 1403 866 1471 ἐπιεικῆ
897 1404 990 1455 καὶ
1013 1404 1206 1471 πρᾶον,
1248 1402 1387 1455 ὥστε
1421 1419 1697 1472 καταφρο-

124 1493 352 1554 νεῖσθαι,
389 1494 525 1561 μηδὲ
554 1492 725 1555 οὕτως
773 1493 1022 1561 φοϐερὸν,
1056 1492 1197 1545 ὥστε
1252 1494 1549 1561 μισεῖσθαι.
1583 1492 1699 1545 ’Ὶνα

129 1582 257 1649 μήτε
278 1581 368 1632 δια
391 1581 489 1649 τὴν
511 1581 769 1649 ἀμέλειαν
797 1580 998 1651 ἐκλύσῃ
1018 1582 1078 1632 τὸ
1099 1579 1434 1650 στράτευμα,
1464 1579 1600 1651 [καὶ]
1620 1584 1697 1641 εἰς

127 1673 533 1741 καταφρόνησιν
572 1674 777 1742 ἀγάγῃ,
813 1674 949 1743 μήτε
976 1673 1062 1725 διὰ
1092 1673 1181 1725 τὸν
1213 1672 1379 1740 φόϐον
1406 1675 1504 1741 τῆς
1530 1673 1693 1726 αὐτοῦ

127 1766 347 1834 ἀγάπης
369 1766 721 1835 ἀλλοτριὼσῃ.

1798 600 2129 668 voluptates,
2190 602 2573 670 parcissimum
2633 616 2696 654 ae
2746 602 3171 671 frugalissimum
3228 620 3241 653 :
3298 604 3366 656 ad

1796 696 2211 747 consensionem
2269 695 2613 755 vicinorum,
2663 706 2717 745 ct
2770 694 3035 759 prmeipuc
3103 693 3157 745 in
3214 708 3367 747 sum-

1798 780 1980 844 ptibus
2040 794 2141 849 pro
2196 780 2471 848 republica
2523 778 2809 842 faciendis,
2864 777 3070 847 largum
3122 789 3177 834 et
3230 779 3369 835 libe-

1800 870 1991 924 ralem.

1868 959 1954 1013 55.
1995 960 2046 1013 ls
2081 960 2244 1027 igitur
2293 960 2591 1029 imperator
2620 961 2962 1029 designatus,
3003 962 3216 1030 qualem
3246 978 3369 1017 ora-

1799 1048 1873 1103 tio
1926 1062 2113 1105 nostra
2156 1051 2477 1120 descripsit,
2513 1062 2728 1113 natura,
2778 1053 3023 1107 moribus
3052 1062 3106 1107 et
3148 1052 3367 1107 institu-

1798 1142 1867 1195 tis
1897 1142 1990 1195 ubi
2040 1142 2153 1210 jam
2202 1152 2397 1210 pricest
2445 1142 2731 1211 benignus,
2770 1143 3022 1205 allabilis,
3084 1153 3370 1213 promptus

1798 1230 2080 1300 facilisque
2106 1232 2196 1285 sit.

1869 1404 1958 1458 56.
1989 1402 2098 1456 Nec
2125 1419 2253 1457 vero
2282 1415 2388 1458 tam
2418 1405 2657 1458 clemens
2682 1414 2735 1457 et
2760 1402 2911 1457 mitis
2944 1404 3015 1457 sit
3042 1412 3101 1457 ut
3130 1414 3370 1458 contem-

1799 1503 1980 1556 natur,
2024 1508 2122 1546 nec
2159 1502 2264 1545 tam
2296 1508 2538 1556 severus,
2571 1503 2629 1547 ut
2664 1496 2792 1548 odio
2824 1494 3105 1557 habeatur,
3149 1509 3216 1548 ne
3246 1511 3373 1562 pro-

1801 1592 1916 1652 pter
1961 1582 2336 1650 negligentiam
2366 1583 2661 1635 exercitum
2699 1594 2751 1637 et
2777 1599 2991 1637 omnem
3018 1587 3119 1637 sub
3143 1584 3371 1654 imperio

1803 1687 1901 1725 suo
1928 1671 2224 1740 subjectam
2257 1682 2573 1742 corrumpat
2598 1674 2827 1741 plebem,
2873 1689 2974 1729 nec
3016 1686 3205 1730 contra
3246 1693 3372 1745 pro-

1802 1770 1919 1830 ptcr
1948 1763 2194 1814 timorem
2228 1761 2298 1816 ab
2340 1777 2525 1816 amore
2564 1764 2649 1817 sui
2696 1763 2911 1817 alienet.

194 1856 291 1918 λζ’.
326 1857 407 1907 Τὰ
436 1856 479 1907 δ’
508 1857 641 1908 ἄλλα
668 1857 767 1908 ὅσα
790 1856 894 1924 χρὴ
919 1854 1103 1906 τοῦτον
1132 1855 1472 1921 ἐπιτηδεύειν
1498 1857 1553 1905 ἐν
1583 1859 1695 1918 ταῖς

1874 1852 1961 1905 57.
2014 1852 2238 1919 Reliqua
2271 1868 2609 1921 quaecunque
2656 1863 2869 1922 oportet
2918 1868 3042 1908 eum
3099 1854 3152 1907 in
3187 1855 3372 1924 quoti-

130 1946 651 2014 παρεμπιπτούσαις
682 1947 985 2014 ἐπικαίροις
1016 1948 1336 2014 διοικήσεσι,
1364 1949 1457 2001 καὶ
1477 1949 1576 2001 ὅσα
1602 1966 1706 2001 πα-

132 2035 570 2105 ραφυλάττεσθαι
593 2037 718 2105 χρὴ,
762 2035 855 2087 νῦν
884 2037 981 2104 μὲν
1010 2036 1098 2088 διὰ
1121 2036 1183 2087 τὸ
1211 2036 1412 2103 πλῆθος
1436 2036 1705 2089 συνεστεί-

131 2126 320 2192 λαμεν,
362 2125 422 2175 ἐν
446 2125 500 2176 δὲ
530 2124 609 2194 τῷ
641 2124 831 2176 πλάτει
855 2125 951 2193 τῆς
978 2126 1111 2194 παρ’
1145 2124 1301 2194 ἡμῶν
1350 2125 1703 2195 ὲκτιθεμένης

129 2219 392 2289 τακτικῆς
420 2218 729 2271 καθίκαστα
761 2220 1232 2288 μνημονεύσομεν,
1268 2221 1369 2287 ὅση
1401 2217 1649 2288 δύναμις.

194 2392 301 2463 λη’.
327 2391 584 2445 τοιοῦτον
613 2389 669 2443 δὲ
700 2391 827 2443 ὄντα
852 2391 945 2443 καὶ
975 2389 1146 2452 οὕτως
1167 2390 1591 2459 διατηρούμενον
1611 2392 1702 2444 τὸν

132 2485 275 2553 παρὰ
295 2484 396 2552 τῆς
414 2481 687 2550 βασιλείας
700 2483 732 2551 ἡ
743 2482 856 2550 μῶν
881 2482 992 2551 (l6)
1015 2482 1496 2552 προχειριζόμενον
1511 2500 1705 2552 στρατ-

131 2576 259 2642 ηγὸν
312 2572 607 2641 ἐλπίζομεν
657 2574 819 2625 αὐτὸν
866 2574 961 2625 καὶ⁵
998 2573 1096 2642 τῆς
1128 2571 1222 2625 τοῦ
1254 2571 1388 2624 Θεοῦ
1410 2573 1702 2626 ἀπολαύειν

132 2666 442 2732 εὐμενείας,
498 2665 590 2717 καὶ
635 2664 733 2731 τῆς
763 2663 1040 2733 ἡμετέρας
1073 2662 1306 2725 εὐνοίας,
1362 2663 1457 2714 καὶ
1480 2665 1577 2731 τῆς
1606 2664 1700 2716 τοῦ

132 2756 309 2807 κοινοῦ
343 2755 637 2825 σωτηρίας,
678 2754 772 2806 καὶ
818 2754 916 2823 τῆς
959 2753 1110 2822 παρὰ
1156 2753 1375 2806 πάντων
1404 2752 1701 2822 εὐφημίας,

132 2848 223 2896 καὶ
248 2846 349 2913 τῆς
376 2845 518 2897 κατὰ
544 2847 635 2896 τὸν
667 2844 779 2914 βίον
800 2843 1095 2912 εὐημερίας
1124 2844 1182 2894 ὲν
1207 2842 1427 2912 Χριστῷ
1446 2842 1525 2911 τῷ
1557 2844 1703 2911 μόνῳ

130 2936 335 3004 αἰωνίῳ
366 2935 459 2986 καὶ
488 2934 752 3005 ἀδιαδόχῳ
785 2934 1013 3003 βασιλεῖ.
1071 2932 1208 2986 Ἀλλ’
1253 2933 1425 2995 οὕτως
1482 2935 1581 3002 μὲν
1609 2934 1703 2986 καὶ

129 3024 226 3091 τὴν
259 3022 353 3075 τοῦ
390 3022 692 3091 στρατηγοῦ
725 3022 1057 3075 κατάστασιν
1097 3022 1516 3091 ἀπαρτίσαντες,
1544 3023 1700 3090 φέρε,

1804 1944 1980 1997 dianis
2008 1955 2061 1996 et
2089 1943 2318 2011 singulis
2361 1959 2541 1998 rerum
2570 1944 3146 2000 administrationibus
3190 1948 3370 2001 susci-

1803 2050 1950 2104 pere,
2020 2050 2162 2089 nunc
2222 2046 2440 2104 propter
2498 2036 2894 2104 longitudinem
2954 2038 3007 2091 in
3085 2047 3370 2109 angustum

1803 2125 2197 2186 contraximus,
2250 2126 2341 2179 sed
2381 2140 2445 2179 ea
2492 2127 2543 2178 in
2566 2127 2683 2193 ipso
2737 2127 2893 2195 quasi
2956 2127 3070 2179 salo
3106 2128 3371 2181 orationis

1803 2227 2003 2270 nostra:
2054 2215 2122 2268 de
2175 2229 2235 2269 re
2291 2215 2511 2268 militari
2553 2216 2764 2280 habito,
2819 2219 3046 2272 scorsim
3106 2229 3370 2288 quantum

1804 2318 2093 2373 possumus
2116 2313 2443 2371 repetemus.

1874 2394 1962 2448 58.
2002 2393 2149 2447 Talis
2176 2394 2221 2447 si
2256 2393 2327 2448 sit
2351 2402 2404 2447 et
2428 2404 2738 2462 permaneat
2782 2395 2874 2463 qui
2920 2408 2950 2447 a
2990 2407 3155 2461 regno
3184 2405 3373 2448 nostro

1805 2486 2098 2554 imperator
2123 2485 2361 2555 eligitur,
2417 2499 2705 2554 speramus
2738 2500 2862 2538 eum
2914 2483 3005 2536 Dei
3044 2485 3367 2549 bonitatem,

1804 2589 2043 2633 nostram
2079 2578 2531 2640 benevolentiam,
2581 2585 2635 2629 et
2669 2575 2977 2644 reipublicae
3021 2576 3274 2640 salutem,
3319 2586 3376 2631 et

1805 2687 2055 2741 magnam
2078 2671 2221 2741 apud
2248 2684 2439 2725 omnes
2474 2670 2956 2735 existimationem,
2987 2677 3042 2723 et
3070 2671 3194 2723 vita;
3229 2679 3375 2723 tran-

1801 2763 2123 2832 quillitatem
2180 2762 2234 2815 in
2279 2760 2500 2816 Christo
2531 2760 2640 2815 Deo
2701 2761 2821 2815 solo
2859 2760 3233 2815 universitatis
3278 2777 3374 2831 pe-

1802 2852 1959 2905 renni
1987 2859 2045 2905 et
2086 2851 2422 2921 sempiterno
2472 2848 2619 2919 Rege
2658 2859 3127 2918 comparaturum.
3188 2852 3379 2922 Itaque

1802 2939 1870 2994 ad
1903 2940 2047 2994 hunc
2076 2942 2299 2995 modum
2329 2940 2678 3009 imperatoris
2719 2939 2896 2994 forma
2941 2941 3233 3008 descripta,
3280 2958 3379 3009 age

1803 3030 1959 3098 quasi
1986 3041 2114 3085 ante
2142 3031 2332 3085 oculos
2361 3031 2513 3099 regni
2559 3031 2733 3085 nostri
2777 3038 3237 3100 conspectumque
3279 3047 3379 3103 po-

126 3116 318 3169 τοῦτον
347 3118 512 3168 οἱονεὶ
557 3116 678 3168 κατ’
732 3114 1045 3182 ὀφθαλμοὺς
1093 3114 1191 3181 τῆς
1221 3114 1490 3183 ἡμετέρας
1530 3130 1701 3183 παρα-

1807 3137 2019 3185 namus,
2053 3130 2106 3175 et
2130 3121 2229 3177 hac
2256 3121 2502 3190 sequenti
2529 3130 2712 3175 nostra
2738 3121 3135 3186 exhortatione,
3162 3139 3283 3192 quae
3323 3124 3378 3178 in

132 3207 460 3275 στησάμενοι
488 3204 785 3273 βασιλείας,
805 3204 873 3256 τὰ
897 3206 1170 3272 πρέποντα
1198 3204 1292 3257 καὶ
1318 3205 1603 3274 πρόσφορα
1632 3206 1699 3274 τῇ

132 3300 470 3365 στρατηγικῇ
494 3312 553 3347 τε
581 3294 673 3347 καὶ
697 3298 928 3364 τακτικῇ
953 3296 1229 3363 ἐπιστήμῃ
1265 3292 1350 3344 διὰ
1380 3293 1477 3361 τῆς
1508 3292 1703 3362 ἑφεξῆς

130 3389 285 3456 ἡμῶν
327 3386 779 3456 παρακελεύσεως
820 3388 1259 3456 παραινέσωμεν.

197 3478 297 3531 λθ’.
324 3478 437 3548 Πρὸ
493 3478 592 3547 μὲν
647 3477 757 3530 τῶν
785 3477 960 3530 ἄλλων
988 3477 1247 3530 ἁπάντων
1267 3518 1281 3541 ,
1332 3472 1377 3530 ὦ
1408 3477 1699 3545 στρατηγὲ,

131 3570 358 3640 πρώτην
388 3586 470 3621 σοι
498 3569 700 3637 ταύτην
730 3568 1132 3637 παρακέλευσίν
1159 3585 1214 3620 τε
1251 3568 1341 3619 καὶ
1380 3569 1702 3638 παραίνεσιν

132 3659 455 3729 ποιούμεθα,
517 3661 657 3713 ὥστε
694 3659 969 3726 θεοφιλίας
1001 3660 1093 3711 καὶ
1143 3659 1487 3729 δικαιοσύνης
1518 3663 1705 3729 ὲπιμεο

131 3749 364 3811 λεῖσθαι,
416 3748 509 3800 καὶ
536 3744 646 3800 οἷον
693 3750 824 3818 όρᾷν
847 3747 1112 3816 διηνεκῶς
1159 3747 1267 3817 πρὸ
1288 3748 1583 3817 ὀφθαλμῶν
1612 3749 1704 3801 τὸν

130 3842 262 3893 Θεὸν
294 3841 390 3892 καὶ
418 3838 699 3908 φοϐεῖσθαι
730 3838 913 3902 αὐτὸν,
947 3840 1039 3889 καὶ
1084 3839 1303 3907 ἀγαπᾷν
1338 3838 1397 3900 ἐξ
1452 3839 1577 3907 ὅλης
1606 3839 1703 3907 τῆς

133 3930 362 4000 καρδίας
396 3946 513 3993 σον,
548 3929 643 3981 καὶ
685 3928 743 3993 ἐξ
773 3928 897 3996 ὅλης
932 3928 1029 3996 τῆς
1074 3927 1248 3995 ψυχῆς
1308 3944 1423 3989 σου,
1457 3928 1551 3980 καὶ
1585 3927 1703 3995 μετ’

133 4027 341 4075 ἐκεῖνον
374 4024 540 4091 ἡμᾶς,
571 4021 665 4072 καὶ
696 4020 792 4081 τὰς
825 4018 991 4071 αὐτοῦ
1046 4018 1286 4069 ἐκτελεῖν
1321 4017 1561 4082 ἐντολὰς,
1612 4018 1706 4069 καὶ

132 4115 229 4181 τὴν
260 4111 473 4164 ἐκείνου
502 4109 787 4175 εὐμένειαν
819 4110 881 4159 ἐκ
928 4108 1118 4159 τούτου
1168 4105 1705 4175 προσλαμῦἀνεσθαι,

135 4205 223 4257 ῖνα
252 4206 301 4255 εί
336 4203 431 4255 καὶ
453 4201 855 4271 τολμηρότερον
888 4198 1057 4250 εἰπὼν
1104 4197 1283 4265 καιρῷ
1334 4198 1706 4267 περιστάσεως

134 4295 207 4355 ὡς
234 4293 393 4360 φίλος
439 4290 598 4361 φίλῳ,
625 4288 703 4358 τῷ
736 4288 901 4357 κοινῷ
931 4287 1175 4358 Δεσπότῃ
1202 4286 1420 4355 θαρρῶν
1455 4286 1709 4337 πεποιθό-

134 4401 239 4444 τως
293 4382 572 4452 προσεύχῃ
602 4418 617 4440 ,
666 4380 757 4430 καὶ
779 4382 876 4447 τῆς
906 4378 1175 4446 σωτηρίας
1208 4377 1303 4439 τὰς
1330 4376 1548 4439 ἐλπίδας
1572 4377 1709 4445 ἔχων

1809 3213 2025 3267 militari
2056 3224 2219 3283 atque
2264 3212 2610 3281 imperatoria
2644 3222 2762 3268 arte
2793 3215 3029 3270 maxime
3071 3215 3379 3270 necessaria

1809 3302 2116 3373 idoneaque
2138 3308 2289 3367 sunt,
2317 3302 2674 3371 explicemus.

1878 3478 1968 3532 '59.
2021 3476 2298 3545 Principio
2337 3475 2503 3543 igitur
2543 3485 2669 3529 ante
2713 3475 2927 3539 omnia,
2981 3489 3016 3529 ο
3064 3474 3377 3544 imperator,

1812 3570 1908 3624 tibi
1954 3571 2091 3624 hanc
2136 3569 2565 3622 cohortationem
2618 3576 2673 3621 et
2721 3576 3046 3635 praeceptum
3102 3566 3275 3632 trado,
3322 3576 3383 3620 ut

1810 3661 2063 3730 pietatem
2094 3669 2149 3713 et
2174 3657 2444 3727 justitiam
2474 3658 2647 3720 colas,
2674 3665 2728 3711 et
2771 3657 2991 3711 assidue
3030 3664 3158 3711 ante
3195 3657 3383 3711 oculos

1815 3752 1982 3807 Deum
2015 3750 2237 3813 habeas,
2271 3750 2425 3803 illum
2458 3749 2781 3812 reverearis,
2826 3748 3087 3817 omnique
3129 3748 3294 3802 corde
3329 3758 3384 3802 et

1812 3849 1995 3894 mente
2020 3849 2113 3893 tua
2143 3839 2297 3891 illum
2335 3837 2550 3906 diligas,
2599 3846 2649 3890 et
2710 3836 3011 3891 secundum
3061 3837 3213 3891 illum
3254 3853 3380 3900 nos,

1812 3938 1862 3985 et
1901 3930 2046 3984 illius
2095 3929 2359 3998 imperata
2407 3928 2599 3991 facias,
2649 3937 2705 3982 et
2759 3928 2906 3984 illius
2956 3930 3382 3985 benevolentiam

1814 4022 1939 4077 inde
1966 4022 2242 4089 acquiras,
2284 4030 2344 4074 ut
2376 4020 2656 4089 (audacter
2685 4034 2817 4074 sane
2853 4020 3075 4074 videbor
3098 4020 3266 4091 loqui)
3299 4023 3382 4073 in-

1815 4112 2261 4181 gravescentibus
2331 4110 2703 4178 temporibus,
2774 4112 2932 4178 quasi
3004 4112 3182 4165 amico
3275 4110 3384 4164 Deo

1814 4205 2057 4259 omnium
2088 4203 2432 4256 dominatore
2478 4200 2671 4265 fretus,
2703 4216 2825 4255 cum
2875 4201 3068 4256 liducia
3113 4203 3259 4256 illum
3288 4203 3382 4255 de.

1815 4294 2077 4364 preceris,
2123 4302 2178 4347 et
2217 4308 2366 4361 spem
2401 4293 2593 4346 salutis
2636 4292 2688 4344 in
2743 4291 2836 4346 illo
2880 4307 3085 4361 ponens
3120 4294 3293 4347 amice
3316 4295 3385 4345 ah

1818 4384 1908 4438 illo
1956 4383 2174 4453 quidvis
2220 4383 2541 4437 contendas.
2578 4380 2953 4436 Fidelissimus
2980 4391 3063 4437 est
3103 4382 3247 4436 enim
3290 4380 3385 4451 qui

134 4473 339 4542 ταύτην
369 4471 534 4523 αὐτοῦ
562 4470 749 4538 φιλίως
781 4469 1024 4537 iiut-If};-
1068 4467 1327 4535 Ἀψευδὴς
1360 4467 1469 4537 γάρ
1502 4469 1649 4521 “TW
1683 4470 1702 4519 ἀ

1815 4476 1994 4530 dixit:
2054 4475 2402 4528 Voluntateru
2459 4475 2767 4529 timentium
2804 4489 2927 4529 eum
2962 4474 3145 4536 faciet,
3198 4490 3385 4542 preces

134 4564 304 4615 εἰπὼν
330 4580 343 4591 ’
378 4563 599 4631 Θέλημα
628 4558 733 4610 τῶν
768 4557 1115 4627 φοϐουμένων
1141 4556 1302 4608 αὐτὸν
1334 4558 1571 4625 ποιήσει,
1615 4556 1709 4609 καὶ

132 4656 230 4723 τῆς
264 4654 497 4721 δεήσεως
527 4651 705 4704 αὐτῶν
730 4649 1133 4711 εἰσακούσεται,
1171 4648 1262 4698 καὶ
1286 4646 1450 4699 σώσει
1487 4646 1705 4708 αὐτούς,

207 4747 283 4816 μ’.
313 4745 453 4798 Ἰσθι
488 4745 594 4812 γάρ
633 4758 685 4793 τι
733 4740 880 4802 θείας
936 4738 1222 4807 εὐμενείας
1252 4739 1409 4799 ἐκτὸς
1461 4739 1561 4788 οὐκ
1594 4738 1708 4790 ἔστι

136 4840 315 4900 καλῶς
339 4835 749 4905 κατορθωθῆναι
782 4833 995 4903 βουλὴν,
1028 4832 1130 4885 κΞιν
1170 4832 1429 4902 φρόνιμος
1458 4829 1597 4885 εἶναι
1630 4833 1709 4886 δό-

138 4932 253 5004 ξης,
274 4929 400 4983 οὔτε
438 4929 553 4979 ἔστι
595 4926 867 4993 πολεμίων
900 4922 1298 4992 περιγίνεσθαι,
1324 4923 1430 4976 κᾶν
1461 4924 1705 4989 ἀσθενεῖς

136 5025 332 5075 ἐκεῖνοι
363 5019 714 5086 νομίζωνται,
738 5014 825 5066 διὰ
873 5014 933 5065 τὸ
978 5013 1153 5066 πάντα
1183 5014 1241 5065 ὲν
1269 5015 1335 5082 τῇ
1363 5015 1587 5084 προνοίᾳ
1618 5015 1708 5067 τοῦ

138 5110 269 5164 Ηεοῦ
307 5109 546 5171 κεῖσθαι,
602 5109 695 5157 καί
738 5105 874 5158 αὐτὰ
907 5103 977 5155 τὰ
1029 5103 1285 5173 ἐλάχιστα
1321 5103 1582 5155 δοκοῦ-ιτα
1611 5104 1707 5174 τὴν

139 5201 301 5255 αὐτοῦ
323 5200 582 5270 πρόνοιαν
604 5198 846 5250 διοικεῖν.

206 5291 320 5363 μα’.
353 5293 564 5360 ’Ὠσπερ
611 5289 718 5357 γὰρ
766 5287 1103 5355 κυϐερνήτης
1132 5285 1337 5350 πλοίου,
1397 5286 1497 5338 κᾶν
1564 5288 1705 5341 πάνυ

139 5382 359 5453 ἄριστός
383 5382 521 5444 ἐστι,
544 5378 652 5431 τῶν
674 5376 891 5446 ἀνέμων
918 5373 1100 5437 καλῶς
1126 5373 1201 5443 μὴ
1231 5374 1499 5428 πνεόντων
1528 5375 1708 5445 ἄπρα-

1811 4581 1997 4621 eorum
2021 4564 2222 4627 audiet,
2255 4572 2311 4618 et
2339 4564 2581 4617 servabit
2608 4579 2725 4617 eos.

1876 4742 1965 4797 ω.
2000 4741 2163 4796 Certo
2191 4739 2335 4793 enim
2369 4742 2535 4802 scias,
2587 4739 2795 4807 absque
2831 4738 3013 4791 divina
3064 4734 3386 4789 benevolcn-

1808 4835 1903 4897 tia,
1937 4848 2246 4903 quanquam
2294 4846 2490 4899 magna
2524 4831 2809 4900 prudentia
2863 4844 2985 4884 esse
3030 4828 3284 4891 videaris,
3339 4837 3388 4879 te

1820 4929 1965 4995 quod
2029 4924 2182 4991 cupis
2245 4922 2473 4976 minime
2528 4923 2919 4991 praestiturum,
2982 4934 3159 4988 neque
3206 4920 3390 4973 hostes

1817 5016 2071 5085 quamvis
2103 5013 2345 5067 imbelles
2374 5025 2758 5081 superaturum
2786 5029 2799 5065 :
2830 5012 2957 5080 quia
2986 5010 3167 5062 omnia
3203 5008 3387 5063 divina

1817 5103 2147 5174 providentia
2198 5104 2567 5166 continentur,
2603 5110 2656 5155 et
2685 5117 2806 5169 qua:
2846 5099 3213 5154 minutissima
3238 5110 3388 5161 sunt,

1814 5197 1958 5249 illius
1992 5205 2167 5248 tamen
2198 5194 2533 5261 providentia
2570 5191 3045 5245 administrantur.

1879 5286 1970 5340 Η.
2056 5285 2525 5350 Quemadmodum
2602 5283 2747 5337 enim
2807 5283 3142 5353 gubernator
3196 5297 3385 5337 navs.

1816 5393 2126 5447 quanquam
2153 5378 2308 5432 valde
2342 5378 2545 5447 peritus
2568 5376 2662 5439 sit,
2689 5375 2735 5430 si
2758 5375 2900 5428 venti
2958 5375 3137 5427 minus
3166 5371 3390 5427 secundi

1647 5486 1881 5545 ΝΟΤΑΞ.

209 5608 322 5676 (16)
355 5605 518 5675 Παρὰ
537 5607 647 5675 τῆς
661 5606 983 5671 βασιλείας
1006 5603 1197 5676 ἡμῶν.
1222 5602 1544 5676 Vertmulutu
1566 5616 1705 5657 erat:

148 5683 184 5732 Α
211 5674 491 5747 majestate
515 5674 719 5731 ποια-α.
764 5676 833 5730 Ut
879 5675 1241 5747 etiam‘paulo
1280 5682 1403 5740 post
1440 5690 1453 5725 :
1500 5674 1708 5747 Ὥσπερ

145 5750 250 5816 πρὸ
282 5744 388 5801 τῶν
413 5747 704 5818 ὀφθαλμῶν
753 5747 851 5814 τῆς
900 5744 1171 5816 ἡμετέρας
1227 5745 1705 5817 παραστησάμενοι

1818 5608 2115 5689 βασιλείας.
2170 5606 2470 5663 Videndqu
2524 5604 2859 5660 Glossarium
2916 5610 3166 5657 nostrum
3203 5599 3255 5652 in
3294 5597 3363 5668 βα

1818 5680 2008 5731 σιλεία.
