4176 6446
735 372 835 434 (itii

1989 362 2264 426 LEONIS
2290 360 2743 423 PHILOSOPHI

3870 356 3974 416 ί)θέ

737 480 961 541 fuerint,
993 488 1161 531 artem
1188 474 1349 527 habet
1374 487 1510 541 pene
1556 472 1796 537 inanem,
1826 471 1910 525 sin
1940 480 2160 523 ventum
2198 483 2297 521 na-
2329 511 2334 522 .

2440 484 2529 520 τον
2561 468 2668 537 ἔχει
2706 468 2804 537 τὴν
2833 467 3048 534 τέχνην·
3082 464 3178 516 eam
3218 464 3273 515 δὲ
3306 463 3525 525 τούτους
3576 462 3971 531 προσλάὅηται,

736 580 859 625 ctus
904 570 1065 622 fuerit
1096 574 1150 618 et
1183 573 1357 617 artem
1399 578 1553 616 suam
1586 576 1805 631 quoque
1845 559 2176 628 adjunxerit,
2209 572 2301 611 ce-

740 663 947 716 leritate
1002 672 1223 711 cursum
1288 655 1515 709 feliciter
1559 653 1798 721 duplicat
1838 669 1853 703 :
1896 653 1976 706 sic
2008 651 2303 717 imperator

2406 558 2504 628 ἔχῃ
2528 560 2583 611 δὲ
2614 560 2707 612 καὶ
2738 560 2836 627 τὴν
2890 559 3086 625 τέχνην
3113 556 3587 624 συμπράττουσαν,
3622 553 3843 604 διπλοῦν
3884 553 3976 604 τὸν

2406 648 2602 716 δρόμον
2634 647 2728 699 τοῦ
2750 646 2933 699 πλοίου
2973 649 3069 699 σὺν
3101 645 3366 713 ἀσφαλείᾳ
3399 647 3627 696 ποιεῖται
3654 658 3666 672 ⁸
3705 642 3849 694 οὕτω
3880 645 3976 694 καὶ

741 753 933 812 bonus,
957 748 1001 802 si
1029 747 1460 801 benevolentiam
1499 744 1590 797 Dei
1618 743 1919 813 collegerit,
1952 741 2139 809 copias
2172 753 2303 793 suas

2438 756 2626 809 ,ριστος
2649 739 2973 809 στρατηγὸς,
3004 738 3098 790 ὲάν
3123 738 3221 806 τὴν
3259 736 3543 805 εὐμένειαν
3590 732 3684 785 τοῦ
3718 733 3855 784 Θεοῦ
3900 735 3979 783 ὲν-

740 855 1048 907 munusque
1086 835 1492 903 imperatorium
1537 850 1661 889 cum
1699 834 1973 902 vigilantia
2009 830 2306 884 industria-

738 942 845 995 que
880 927 1015 979 bene
1042 922 1464 986 administrabit,
1488 932 1540 976 et
1562 922 1999 977 commendatum
2023 918 2128 973 sibi
2146 931 2305 971 excr-

740 1018 909 1072 citum
964 1017 1082 1069 sine
1130 1013 1431 1066 oﬂ’ensione
1491 1023 1656 1081 reget,
1708 1020 1761 1064 et
1795 1010 2165 1079 magnitudine
2215 1022 2307 1062 sa-

741 1107 955 1176 pientiae
991 1120 1103 1160 suae
1130 1105 1314 1158 hostes
1341 1101 1695 1170 oppugnabit.
1741 1099 1833 1153 Dei
1858 1100 2001 1152 enim
2028 1097 2308 1168 providen-

744 1195 817 1249 tia
849 1194 1030 1248 omnia
1071 1192 1263 1261 partim
1304 1189 1372 1243 ad
1414 1189 1697 1242 utilitatem
1744 1187 1978 1250 docebit,
2012 1183 2205 1253 partim
2240 1182 2304 1235 ad

745 1286 946 1339 bonum
980 1282 1184 1336 exitum
1216 1279 1482 1333 traducet.
1520 1278 1620 1331 Hic
1658 1278 1818 1345 igitur
1861 1277 1965 1327 litle
1996 1273 2305 1341 religiosus,

746 1377 800 1429 in
825 1376 987 1431 rebus
1024 1372 1249 1443 agendis
1282 1372 1482 1439 justus,
1511 1369 1668 1437 quasi
1697 1367 2051 1421 fundamento
2081 1365 2225 1417 bono
2254 1373 2309 1416 et

745 1466 925 1519 stabili
952 1467 1118 1534 jacto,
1166 1463 1374 1529 reliqua
1414 1460 1557 1513 bona
1588 1466 1852 1513 exstruet.

816 1643 905 1695 4:2.
947 1639 1088 1693 Mitis
1139 1654 1204 1692 ac
1260 1642 1479 1693 sedatus
1525 1636 1622 1691 ﬁas
1656 1637 1921 1690 adversus
1971 1651 2067 1690 eos
2119 1637 2211 1704 qui
2262 1644 2313 1689 te

747 1734 1120 1787 conveniunt:
1161 1730 1370 1784 efferati
1401 1730 1757 1782 enim'mores
1794 1728 1967 1781 odiosi
2016 1737 2179 1795 atque
2226 1726 2313 1779 in-

749 1822 1057 1876 tolerabiles
1099 1821 1255 1872 liunt.

820 1914 909 1965 45.
939 1910 997 1964 In
1022 1910 1142 1963 vita:
1169 1909 1511 1977 ‘vestitusque
1542 1908 1688 1962 cultu
1720 1907 1946 1976 simplex
1983 1907 2081 1960 fias
2112 1916 2166 1959 et
2199 1905 2316 1959 fru-

751 2004 927 2071 galis:
959 2001 1123 2055 luxus
1159 2000 1304 2053 enim
1334 1999 1674 2052 necessarios
1700 2007 1950 2065 sumptus
1992 1997 2059 2049 ad
2090 1997 2317 2049 nihilum

752 2093 1027 2149 exhaurit.

821 2185 911 2236 44.
950 2181 1241 2251 \‘igilanter
1284 2186 1338 2231 et
1378 2177 1664 2239 industrie,
1704 2190 1811 2229 non
1860 2174 2188 2245 negligenter
2215 2181 2313 2225 aut

753 2276 931 2330 solute
966 2271 1180 2342 negotia
1215 2269 1434 2339 suscipe
1466 2286 1479 2321 :
1514 2268 1790 2337 diligentia
1829 2268 1976 2321 enim
2007 2276 2060 2320 et
2085 2266 2318 2320 assidui-

756 2377 841 2421 tas
897 2380 985 2420 rcs
1030 2377 1252 2431 asperas
1306 2369 1361 2414 et
1408 2360 1666 2413 molestas
1712 2357 1873 2412 facile
1907 2358 2127 2411 conﬁcit
2178 2356 2321 2425 :qui

756 2470 941 2512 autem
971 2457 1023 2509 in
1059 2470 1117 2508 re
1151 2452 1361 2523 agenda
1385 2450 1666 2521 negligens
1686 2456 1791 2516 est,
1818 2447 1887 2502 ab
1910 2448 2027 2517 ipsa
2060 2462 2117 2503 re
2141 2446 2324 2517 negle-

756 2562 880 2606 etus
907 2550 1033 2604 erit.

826 2731 919 2786 45.
966 2729 1024 2783 ln
1062 2730 1224 2784 rebus
1270 2726 1481 2799 magnis
1507 2735 1560 2781 et
1616 2726 1943 2781 necessariis
1974 2725 2110 2778 nihil
2158 2724 2328 2778 facias

760 2824 880 2878 sine
909 2821 1136 2877 consilio
1167 2839 1181 2874 :
1212 2820 1296 2875 sin
1349 2819 1525 2874 serius
1586 2818 1875 2873 consilium
1909 2817 2136 2886 ceperis,
2182 2817 2327 2884 quod

762 2916 1072 2970 consultum
1103 2923 1188 2968 est
1235 2913 1354 2967 sine
1400 2912 1509 2965 ulla
1554 2910 1812 2965 dilatione
1849 2918 1945 2963 aut
1994 2909 2331 2962 haesitatione

2410 836 2657 901 δύσηται,
2679 836 2777 887 καὶ
2801 838 2865 904 τῇ
2892 834 3063 899 τάξει,
3099 836 3163 903 τῇ
3218 831 3537 901 στρατηγίᾳ,
3575 830 3973 899 συναγρυπνία,

2410 928 2504 979 καὶ
2540 926 2823 994 ἐπιμελείᾳ
2852 928 3118 995 χρήσηται
3145 926 3345 987 καλῶς,
3388 924 3482 975 καὶ
3518 924 3607 975 τὸν
3646 921 3976 989 πιστευόμε-

2412 1033 2500 1067 νον
2534 1013 2680 1082 αύτῷ
2718 1015 2944 1083 στρατὸν
2967 1013 3220 1082 ἀσφαλῶς
3250 1013 3521 1082 διοικήσῃ,
3574 1013 3665 1064 καὶ
3698 1014 3759 1080 τῇ
3793 1009 3977 1062 ποικί-

2411 1106 2478 1175 λῃ
2517 1106 2720 1176 γνώμῃ·
2741 1106 2847 1157 τῶν
2892 1105 3100 1175 ἐχθρῶν
3152 1102 3704 1173 ἀντιστρατεύσασθαι
3730 1103 3977 1154 δύναται.

2424 1196 2487 1249 Ἢ
2512 1196 2619 1264 γὰρ
2669 1197 2760 1249 τοῦ
2813 1195 2945 1247 Θεοῦ
2981 1196 3205 1263 πρόνοια
3240 1195 3307 1246 τὰ
3334 1195 3429 1264 μὲν
3455 1196 3653 1259 διδάξει
3676 1193 3810 1264 πρὸς
3838 1210 3981 1257 συντ

2414 1288 2595 1355 φέρον,
2618 1287 2685 1338 τά
2713 1284 2767 1337 δὲ
2796 1286 2924 1356 πρὸς
2950 1284 3151 1348 ἀγαθὸν
3181 1285 3330 1346 τέλος
3351 1286 3753 1337 ἀποτελειώσει.
3785 1278 3980 1334 Τοιοῦ-

2412 1390 2501 1433 τος
2521 1372 2717 1432 τοίνυν,
2754 1371 2979 1441 εὐσεϐὴς
3012 1372 3110 1440 μὲν
3137 1373 3264 1441 περὶ
3293 1374 3392 1438 τὴν
3440 1373 3641 1435 πίστιν,
3677 1374 3886 1433 δίκαιος
3927 1370 3981 1422 δὲ

2417 1464 2542 1533 περὶ
2574 1463 2671 1524 τάς
2707 1463 2933 1531 πράξεις
2981 1462 3261 1532 ὑπάρχων,
3299 1464 3487 1533 ὥσπερ
3512 1464 3746 1532 θεμελίῳ
3793 1460 3985 1528 ἀγαθῷ

2417 1555 2508 1606 καὶ
2536 1552 2812 1621 ἀσαλεύτῳ
2843 1553 2935 1605 καὶ
2963 1551 3029 1604 τὰ
3050 1552 3183 1605 ἀλλα
3214 1553 3392 1618 ἀγαθὰ
3419 1553 3787 1619 ἐποικοδομεῖ.

2492 1641 2599 1710 μ6’.
2623 1642 2799 1710 "pio;
2827 1639 3007 1706 γενοῦ,
3025 1642 3119 1693 καὶ
3140 1640 3413 1709 ἀτάραχος
3438 1643 3551 1702 τοῖς
3576 1639 3983 1707 ἐντυγχάνουσι.

2416 1732 2489 1784 Τὸ
2519 1733 2626 1801 γὰρ
2660 1732 2847 1801 ἄγριον
2882 1730 2975 1783 τοῦ
3008 1732 3170 1800 ἤθους
3204 1733 3429 1801 μισητὸν
3465 1734 3557 1784 καὶ
3592 1733 3848 1800 φευκτόν.

2494 1911 2603 1973 μγ’.
2629 1906 2786 1967 Λιτός
2817 1922 2874 1957 τε
2902 1906 2994 1958 καὶ
3016 1906 3219 1970 ἀπλοῦς
3243 1908 3371 1978 περὶ
3409 1909 3508 1975 τὴν
3533 1911 3747 1964 δίαιταν
3797 1912 3893 1963 καὶ
3932 1914 3993 1963 τι

2421 1994 2644 2064 ἔνδυμα,
2703 1996 2800 2058 τὰς
2849 1997 3149 2064 ἀναγκαίας
3191 1998 3438 2062 δαπάνας
3472 2002 3551 2063 εἰς
3577 2003 3802 2069 μάταιον
3838 2003 3995 2065 ἐξαν-

2422 2089 2541 2142 τλᾶ.

2497 2182 2597 2250 μδ’.
2646 2181 2963 2252 Ἀγρύπνως
2993 2182 3051 2235 δὲ
3091 2184 3184 2237 καὶ
3224 2184 3499 2255 ἐπιμελῶς
3538 2188 3647 2248 τοῖς
3676 2187 3998 2254 ἀναγκαίοις

2425 2272 2745 2340 πράγμασιν
2792 2271 3073 2341 ἐγχειρῶν,
3107 2274 3301 2343 καὶμὴ
3337 2274 3595 2345 ῥᾳθύμως
3630 2276 3726 2327 καὶ
3755 2276 3996 2343 ἀμελῶς.

2439 2360 2505 2413 Ἦ
2532 2362 2642 2430 γὰρ
2690 2362 2976 2432 ἐπιμέλεια
3012 2364 3107 2417 καὶ
3163 2366 3397 2435 ἐπιμονὴ
3444 2366 3536 2417 καὶ
3565 2365 3629 2419 τὰ
3680 2366 3819 2418 πάνυ
3868 2366 3999 2418 δυσ-

2426 2452 2558 2522 χερῆ
2618 2452 2727 2504 τῶν
2779 2453 3119 2523 πραγμάτων
3182 2454 3418 2518 εὐκόλως
3489 2454 3779 2522 κατορθοῖ,
3830 2456 3928 2508 καὶ
3975 2458 4002 2507 ὁ

2428 2541 2782 2611 καταφρονῶν
2827 2544 3151 2613 πράγματος
3200 2544 3739 2615 καταφρονηθήσεται
3778 2547 3871 2599 ὑπ’
3901 2547 4003 2599 αὖ·

2427 2650 2542 2685 του.

2504 2723 2607 2793 με’.
2674 2723 2796 2776 Ἐπὶ⁸
2843 2724 2901 2777 δὲ
2926 2727 3041 2788 τοῖς
3097 2726 3350 2794 μεγάλοις
3399 2727 3494 2780 καὶ
3526 2728 3847 2795 ἀναγκαίοις
3895 2726 4005 2781 τῶν

2430 2815 2776 2885 πραγμάτων
2803 2816 2970 2887 μηδὲν
3000 2818 3167 2888 χωρὶς
3206 2818 3399 2890 βουλῆς
3432 2820 3759 2889 διαπράττου
3783 2837 3796 2850 ·
3829 2821 3878 2871 εί
3914 2820 4007 2872 τά-

2432 2925 2501 2977 χα
2532 2907 2589 2960 δὲ
2636 2909 2731 2959 καὶ
2782 2908 3123 2980 βραδυτέρως
3176 2911 3456 2982 βουλεύσῃ,
3515 2912 3651 2965 ἀλλά
3689 2912 3752 2963 τὸ
3789 2911 4011 2980 βουλευ-

762 3003 1033 3072 perticias,
1068 2998 1526 3070 quemadmodum
1576 2998 1633 3051 in
1665 2997 2079 3067 egritudinibus
2128 2996 2327 3051 medici

2438 2998 2525 3050 θὲν
2570 2999 2847 3068 συντόμως
2886 3000 2979 3052 καὶ
3019 3001 3310 3067 ἀσφαλῶς,
3352 3002 3427 3063 ὡς
3472 3002 3695 3055 δυνατὸν
3742 3003 4010 3064 ἐπιτέλει,

766 3092 976 3146 faciunt

838 3186 928 3240 46.
956 3185 1228 3254 Subjectis
1249 3184 1356 3238 tuis
1375 3191 1425 3238 te
1447 3184 1500 3235 in
1522 3181 1778 3235 omnibus
1800 3195 2014 3249 aequum
2037 3180 2334 3233 exhibeas:

767 3274 903 3328 nihil
936 3273 1042 3326 ulla
1073 3287 1197 3326 cum
1228 3271 1517 3340 iniquitate
1540 3280 1637 3322 aut
1666 3268 1848 3323 studio
1886 3272 2143 3337 partium,
2172 3284 2336 3337 quam

770 3379 1130 3434 personarum
1185 3363 1554 3432 acceptionem
1604 3370 1824 3426 vocant,
1887 3361 1981 3414 sed
2031 3361 2333 3414 secundum

768 3457 998 3527 iustitia:
1028 3464 1275 3508 naturam
1300 3470 1367 3508 ex
1390 3467 1546 3522 aequo
1570 3461 1625 3507 et
1650 3452 1789 3505 bono
1805 3452 1986 3504 omnia
2021 3460 2335 3520 pertractes.

812 3548 938 3613 ,47.
976 3544 1085 3600 Nec
1110 3544 1410 3599 dissolutus
1443 3551 1539 3597 aut
1574 3544 1851 3614 negligens
1879 3544 1955 3597 sis
1987 3544 2043 3596 in
2072 3543 2345 3596 vindican-

773 3626 860 3693 dis
887 3637 1106 3707 ﬂagitiis
1139 3650 1170 3689 a
1204 3635 1525 3704 negligentia
1556 3644 1652 3689 aut
1696 3635 2045 3703 improbitate
2082 3635 2239 3696 ortis,
2285 3641 2344 3686 ut

774 3730 1056 3784 modestus
1083 3727 1314 3780 videaris
1344 3739 1466 3780 esse
1493 3742 1507 3778 :
1541 3739 1716 3793 neque
1753 3726 1897 3778 enim
1927 3725 2206 3777 modestia
2237 3738 2341 3783 εει,

778 3820 833 3873 in
880 3819 1041 3872 rebus
1081 3815 1427 3885 potissimum
1486 3813 1837 3877 necessariis,
1885 3814 2219 3882 improbitati
2254 3822 2347 3866 aut

779 3906 1034 3976 nequitiae
1075 3904 1278 3973 aliquid
1314 3905 1633 3967 concedere,
1690 3918 1866 3970 neque
1916 3914 2105 3958 contra
2146 3903 2214 3958 ad
2261 3918 2347 3957 se-

780 3998 1028 4051 veritatis
1070 3996 1489 4050 ostentationem
1534 3994 1822 4048 temerarie
1850 4002 1905 4047 et
1953 3995 2151 4047 indicta
2186 4008 2349 4047 causa

783 4087 1111 4156 supplicium
1149 4087 1218 4139 de
1248 4084 1433 4154 aliquo
1452 4098 1670 4138 sumere
1700 4101 1715 4139 :
1748 4082 1883 4137 illud
1930 4083 2073 4137 enim
2110 4090 2353 4135 contem-

784 4189 939 4248 ptum
972 4186 1135 4246 atque
1165 4175 1565 4231 contumaciam
1600 4175 1762 4244 parit,
1798 4176 1900 4228 hoc
1933 4182 2116 4225 autem
2142 4172 2351 4241 justum

786 4269 974 4322 odium
1000 4275 1054 4320 et
1087 4266 1300 4320 fructus
1331 4280 1397 4320 eo
1425 4265 1641 4333 dignos.
1669 4263 1918 4317 Perbona
1948 4275 2128 4315 autem
2162 4277 2249 4316 res
2271 4271 2355 4316 est

2435 3088 2622 3157 ῶσπερ
2649 3090 2741 3141 ἐπὶ
2772 3090 2881 3141 τῶν
2908 3092 3228 3160 νοσημάτων
3251 3093 3297 3143 ot
3328 3092 3521 3161 ίατροί.

2511 3180 2627 3249 μετ’.
2666 3180 2827 3232 Ἀλλά
2864 3180 2957 3234 καὶ
2989 3185 3103 3244 τοῖς
3150 3183 3472 3252 ἀρχομένοις
3504 3184 3632 3245 ἴσως
3675 3185 4012 3254 προσφέρων

2440 3272 2605 3341 μηδὲν
2638 3272 2777 3323 κατά
2806 3272 3267 3341 προσωποληψίαν
3320 3274 3705 3343 ἐργαζόμενος,
3750 3275 3890 3328 ἀλλὰ
3918 3277 4015 3328 πᾶ-

2441 3381 2523 3415 σιν
2568 3362 2694 3425 ἴσως
2743 3364 2883 3416 κατά
2917 3363 3014 3433 τὴν
3047 3362 3140 3416 τοῦ
3180 3364 3391 3418 δικαίου
3446 3365 3611 3435 φύσιν
3645 3366 4017 3437 ὑπεξερχόμε·

2440 3472 2550 3517 νος.

2520 3543 2625 3614 μί’.
2661 3544 2812 3613 Μηδὲ
2841 3544 3052 3614 χαύνως
3073 3547 3163 3599 καὶ
3195 3546 3453 3617 ῥᾳθύμως
3481 3548 3752 3619 διοίκησον
3784 3548 3879 3603 ἐπὶ
3908 3551 4020 3611 τοῖς

2446 3637 2553 3690 ἀπὸ
2584 3637 2782 3698 κακίας
2814 3636 2846 3704 ἢ
2878 3636 3137 3705 ἀμελείας
3191 3637 3678 3707 ἁμαρτανομένοις,
3718 3638 3808 3691 διά
3841 3640 3904 3691 τὺ
3936 3640 4021 3692 δο-

2446 3727 2563 3777 κεῖν
2590 3722 2726 3778 εἶναι
2754 3725 2915 3777 καλόν
2939 3740 2953 3755 ·
2991 3725 3111 3778 οὐδὲ
3153 3724 3261 3795 γάρ
3294 3726 3457 3779 καλὸν
3488 3729 3580 3779 ἐπὶ
3622 3728 3703 3798 τῷ
3740 3731 4025 3798 συνεργεῖν

2448 3816 2635 3884 κακίᾳ,
2665 3815 2759 3868 καὶ
2811 3814 3075 3884 ῥαθυμίᾳ,
3112 3815 3343 3884 μάλιστα
3376 3818 3468 3870 ἐπὶ
3498 3818 3607 3871 τῶν
3644 3818 3876 3888 καιρῶν,
3930 3820 4026 3871 καὶ

2449 3905 2764 3973 ἀναγκαίων
2812 3906 3155 3976 πραγμάτων
3179 3924 3192 3938 ·
3233 3908 3369 3976 μηδὲ
3402 3909 3564 3961 πάλιν
3586 3908 3656 3961 δι’
3673 3908 3899 3975 ἔνδειξιν
3927 3910 4026 3961 αύ-

2453 3995 2679 4064 στηρίας
2703 3994 2989 4062 προπετῶς
3024 3995 3119 4047 καὶ
3148 3995 3476 4065 ἀδιακρίτως
3506 3997 3605 4061 τὰς
3650 3996 4028 4062 ἑπεξελεύσεις

2452 4086 2606 4137 ποιοῦ
2633 4102 2646 4115 ·
2680 4087 2855 4137 ὲκεῖνο
2893 4086 2994 4153 μὲν
3044 4086 3155 4156 γὰρ
3192 4086 3583 4157 περιφρόνησιν
3612 4090 3707 4141 καὶ
3742 4089 4031 4143 ἀπείθειαν

2455 4176 2649 4246 φέρει,
2696 4175 2855 4228 τοῦτο
2884 4176 2940 4229 δὲ
2991 4178 3146 4245 μῖσος
3179 4176 3418 4246 εὔλογον,
3452 4179 3547 4231 καὶ
3592 4181 3716 4241 τοὺς
3754 4181 3811 4247 ἐξ
3860 4179 4030 4233 αὐτοῦ

2456 4267 2721 4337 καρπούς.
2769 4268 3029 4339 Κρεῖττον
3057 4269 3167 4338 γάρ
3211 4269 3239 4320 ό
3286 4270 3424 4338 μετά
3464 4270 3807 4338 δικαιοσύνης
3843 4271 4032 4337 φόὸος,

790 4360 957 4412 timor
1013 4371 1137 4411 cum
1185 4356 1397 4424 justitia
1440 4363 1538 4407 :et
1599 4364 1721 4423 post
1761 4354 1966 4407 crimen
2021 4353 2334 4421 proposituu

2461 4360 2555 4413 καὶ
2575 4360 2608 4428 ἡ
2636 4358 2771 4427 μετά
2794 4359 3097 4429 φανέρωσιν
3117 4360 3213 4429 τῆς
3234 4359 3412 4424 αἰτίας
3430 4361 3648 4428 εὔλογος
3669 4362 4036 4427 ἐπεξέλευσις,

786 4454 933 4523 justa
966 4449 1392 4513 animadversio,
1426 4465 1550 4518 qua:
1579 4463 1686 4502 non
1734 4447 2083 4518 supplicium,
2119 4446 2214 4502 sed
2267 4462 2356 4502 ca.

793 4542 1010 4609 stigatio
1038 4542 1285 4610 quaedam
1315 4555 1343 4592 a
1373 4538 1709 4607 sapientibus
1739 4538 2069 4591 nominatur.

867 4633 957 4687 48.
994 4632 1049 4685 In
1098 4632 1291 4701 primis
1338 4631 1404 4685 ad
1445 4630 1643 4684 bellum
1692 4638 1956 4692 armatus,
2012 4630 2114 4683 boc
2158 4630 2359 4698 cogita,

2458 4449 2492 4518 ἦ
2522 4465 2604 4510 τις
2630 4448 2691 4500 οὐ
2715 4446 2953 4512 κόλασις,
2981 4448 3116 4503 ἀλλά
3146 4451 3522 4521 σωφρονισμδς
3541 4448 3859 4517 εὐφρονοῦσι
3886 4450 4038 4517 λογί-

2462 4539 2629 4603 ξεται.

2538 4629 2649 4701 μη’.
2683 4632 2796 4701 Πρὸ
2832 4632 3048 4685 πάντων
3076 4633 3131 4685 δὲ
3191 4633 3282 4685 ἐπὶ
3326 4632 3598 4701 πολέμους
3651 4632 4037 4700 ὁπλιζὸμενος,

796 4727 997 4782 bellum
1022 4738 1145 4778 esse
1166 4725 1374 4791 justum
1401 4721 1543 4788 quod
1588 4720 1916 4788 susceperis,
1965 4734 2064 4773 nec
2098 4720 2330 4773 violenta

2463 4722 2776 4775 ἀποσκόπου
2806 4722 3021 4775 δικαίαν
3043 4716 3182 4774 εἶναι
3204 4721 3302 4791 τὴν
3329 4722 3503 4792 ἀρχὴν
3534 4722 3628 4775 τοῦ
3668 4722 3912 4775 τοιούτου
3946 4742 4042 4775 πο-

797 4827 893 4870 aut
947 4814 1181 4883 iniustas
1225 4827 1419 4866 manus
1460 4812 1710 4865 hostibus
1757 4810 1970 4875 afferas,
2007 4812 2113 4865 nisi
2156 4813 2332 4880 priore

2464 4814 2652 4883 )έμου,
2686 4814 2780 4865 καὶ
2829 4812 2903 4882 μὴ
2944 4815 3131 4882 χεῖρας
3178 4814 3395 4876 ἀδίκους
3428 4814 3685 4866 exesam
3730 4832 3860 4867 ποτε
3898 4816 4043 4869 κατά

800 4910 877 4963 illi
910 4916 1129 4977 propter
1155 4912 1469 4959 consuetam
1518 4902 1735 4956 illorum
1783 4902 2111 4970 impietatem
2146 4902 2367 4972 expedi-

802 5001 1006 5054 tionem
1039 4996 1321 5061 facientes,
1354 5002 1596 5049 nostram
1628 4992 1889 5047 ditionem
1919 4992 2199 5048 invadant.

875 5182 965 5237 49.
999 5178 1134 5233 Nam
1201 5191 1324 5231 cum
1386 5190 1487 5229 nos
1546 5188 1759 5243 semper
1815 5188 2025 5243 pacem,
2081 5184 2196 5229 tum
2243 5189 2371 5246 erga

2467 4903 2761 4972 πολεμίων,
2812 4905 2859 4956 εί
2893 4902 2966 4973 μὴ
2997 4904 3260 4974 πρότερον
3299 4906 3496 4957 ἐκεῖνοι
3523 4905 3610 4958 διὰ
3649 4906 3744 4976 τῆς
3775 4906 4043 4975 συνήθως

2469 4996 2651 5049 αὐτῶν
2677 4994 2934 5057 ἀσεϐείας
2959 4994 3344 5066 ικστρατεύειν
3365 4995 3745 5067 ἀπαρξάμενοι
3772 4996 3877 5067 τὴν
3905 4999 4047 5068 ἡμε-

2469 5088 2632 5159 τέραν
2655 5086 2836 5156 χώραν
2870 5085 3310 5156 καταδράμωσιν.

2547 5177 2651 5248 μθ¹.
2698 5177 2883 5247 Ἦμῶν
2924 5178 3031 5247 γὰρ
3084 5177 3171 5229 ἀεὶ
3206 5178 3306 5246 τὴν
3352 5177 3575 5247 είρήνην
3624 5177 3890 5245 καὶπρὸς
3920 5180 4048 5241 τοὺς

807 5274 1105 5342 subjectos,
1152 5277 1268 5323 tum
1324 5283 1451 5337 erga
1501 5276 1780 5331 externos,
1829 5275 2047 5337 propter
2091 5266 2334 5322 Cliristut

2477 5268 2748 5353 ὑπηκόους
2779 5268 2873 5320 καὶ
2908 5266 3046 5335 πρὸς
3073 5267 3199 5328 τοὺς
3246 5266 3553 5336 βαρσάρους
3589 5267 3675 5320 διά
3696 5267 3933 5336 Χριστὸν
3957 5268 4051 5320 τὸν

808 5362 1178 5421 universitatis
1194 5360 1390 5430 Regem
1406 5369 1461 5414 et
1476 5358 1645 5413 Deum
1662 5358 2110 5427 complectamur,
2132 5360 2177 5415 si
2192 5369 2334 5430 genu

2478 5359 2600 5413 καθ’
2625 5360 2745 5412 ὅλου
2778 5357 3008 5410 Βασιλέα
3036 5358 3132 5409 καὶ
3181 5357 3315 5410 Θεὸν
3365 5358 3785 5422 ἀσπαζομένων,
3832 5359 3930 5411 ἐὰν
3956 5360 4051 5411 καὶ

811 5465 931 5518 suis
959 5462 1180 5515 inclusa:
1210 5457 1411 5511 finibus
1440 5464 1709 5511 contentae
1732 5453 1860 5519 sint,
1894 5454 2207 5524 nullamque
2234 5456 2334 5526 injr

2480 5453 2546 5504 τά
2584 5449 2709 5518 ἔθνη
2735 5448 2891 5501 τοῦτο
2915 5448 3125 5517 φιλοῦσι
3155 5450 3268 5510 τοῖς
3314 5449 3463 5511 ἰδίοις
3493 5450 3853 5518 ἐγκλειόμενα
3879 5450 4052 5519 ὅροις,

816 5557 955 5610 riam
990 5552 1191 5606 inferre
1220 5551 1495 5614 studeant,
1520 5558 1631 5601 tum
1667 5555 1723 5599 tu
1756 5561 1951 5602 manus
1984 5547 2054 5602 ab
2080 5548 2189 5603 illis
2215 5549 2379 5603 absti-

821 5659 975 5707 neas,
1004 5657 1177 5712 neque
1208 5640 1472 5710 sanguine
1510 5636 1767 5691 intestino
1794 5646 1889 5691 aut
1924 5647 2149 5693 externo
2178 5650 2376 5694 terram

824 5737 1033 5807 polluas
1070 5751 1082 5788 :
1118 5749 1237 5801 quin
1263 5732 1404 5786 enim
1436 5740 1489 5785 tu
1530 5729 1632 5783 illis
1656 5728 2089 5797 exprobravcris,
2116 5731 2257 5801 quod
2291 5731 2377 5786 ho~

2484 5540 2576 5593 καὶ
2594 5538 2756 5608 μηδὲν
2776 5538 2980 5590 ἀδικεῖν
3005 5535 3467 5606 ἐπαγγελλόμενα,
3492 5536 3589 5589 καὶ
3620 5536 3783 5597 αὐτὸς
3818 5536 3887 5588 σὺ
3912 5534 4055 5588 κατὰ

2488 5634 2665 5689 αὐτῶν
2709 5633 2804 5694 τὰς
2851 5634 3043 5703 χεῖρας
3083 5630 3381 5693 σύστειλον,
3414 5632 3507 5683 καὶ
3557 5632 3752 5698 αἵμασι
3806 5630 3908 5698 τὴν
3956 5630 4055 5696 γῆν

2494 5732 2627 5801 μήτε
2678 5725 2956 5797 ἐμφυλίοις
3000 5726 3131 5795 μήτε
3183 5724 3529 5796 βαρϐαρικοῖς
3576 5719 3941 5791 καταχραίνη.
3994 5722 4057 5771 ἐἰ
