4176 6446
153 414 260 480 693

1244 422 1503 485 TACTIC
1517 426 1549 484 λ
1579 425 2158 490 -ΕΟΝΒΤΙΤΗΤΙΟ
2201 432 2313 493 III.

3295 437 3402 503 694

150 531 261 598 γάρ
303 530 620 596 ἑγκαλὲσεις
650 531 759 591 τοῖς
789 530 1002 601 ἐχθροῖς
1044 533 1208 603 ἤγουν
1241 535 1579 604 ἀπάρχεσθαι
1612 554 1720 606 χει-

1843 541 2081 597 minibus
2113 544 2493 600 innocentibus
2519 558 2573 603 et
2597 551 2801 605 nullam
2833 551 3090 621 injuriam
3120 552 3399 608 inferenti-

148 620 259 688 ρῶν
289 621 475 673 ἄδικον
511 620 662 672 οὐδὲν
691 620 795 673 ὑπὸ
842 620 937 672 σοῦ
981 622 1391 693 ἀδικουμένους,
1425 626 1589 678 ταῦτα
1617 627 1726 697 ἄρα

144 712 237 761 καὶ
256 712 416 762 αὑτοὶ
443 711 608 780 μηδὲν
635 712 876 764 ἐναντίον
906 713 1137 784 δρῶντες
1171 715 1310 766 κατά
1339 716 1445 767 τῶν
1472 718 1725 786 ὑπηκόων

141 799 243 866 τῆς
291 800 453 868 ἡμῶν
499 798 774 867 βασιλείας
822 803 1189 871 εἰρηνεύοντες
1230 807 1557 871 εγκαλέσουδ
1591 847 1602 858 .
1636 808 1727 857 Δεῖ

142 891 249 960 γὰρ
281 892 435 959 ἡμᾶς
462 892 546 944 ἀεὶ
574 894 699 955 τοὺς
723 895 769 945 εἰ
799 892 1021 946 δυνατὸν
1047 895 1107 946 τὸ
1142 896 1201 959 ἐξ
1228 897 1385 965 ἡμῶν
1426 914 1489 966 με
1504 897 1563 950 ιὰ
1587 899 1723 954 πάν-

141 999 251 1033 των
282 984 587 1053 ἀνθρωπων
636 986 1034 1053 εἰρτνενιοντας,
1067 990 1176 1050 τοῖς
1203 990 1502 1059 εἰρηνεύειν
1537 989 1723 1059 βουλο-

145 1076 331 1142 μένοις
378 1077 577 1136 ἔθνεσι,
628 1079 721 1129 καὶ
770 1079 937 1148 μηδὲν
979 1080 1180 1133 ἀδικεῖν
1217 1083 1339 1141 τοὺέ
1384 1083 1722 1153 ὑποχειρίους

142 1166 327 1233 Ῠμών,
387 1166 464 1228 ὡς
512 1167 609 1236 τὴν
678 1170 902 1237 εἰρήνην
949 1172 1056 1221 τῶν
1113 1172 1289 1224 ἄλλων
1344 1174 1622 1242 προτιμῶν
1660 1191 1723 1236 ας

145 1258 427 1318 ἁπάντων,
468 1260 863 1326 συειειρηνεὺειν
921 1262 1145 1325 ἐκείνοις
1170 1301 1184 1325 ,
1225 1263 1316 1314 καὶ
1347 1263 1596 1333 πολέμων
1622 1266 1724 1317 ἀπ-

144 1348 389 1415 έχεσθαι.

210 1446 273 1490 ν’.
323 1439 383 1491 Ei
423 1439 477 1491 δέ
508 1456 570 1506 γε
616 1441 690 1509 μὴ
740 1444 1007 1511 σωφρονεῖ
1042 1442 1102 1493 τὺ
1132 1442 1446 1506 ἀντίπαλον,
1478 1443 1591 1494 ἀλλ’
1626 1442 1722 1497 αὖ·

144 1528 223 1580 τοὶ
251 1530 353 1597 τῆς
382 1530 599 1591 ἀδικίας
646 1530 998 1600 ἀπάρξονται,
1026 1532 1123 1602 τὴν
1150 1534 1424 1602 ἡμετέραν
1454 1532 1722 1603 κατατρέ-

144 1637 331 1687 χοντες
362 1621 485 1688 γῆν,
519 1620 637 1673 τότε
685 1622 790 1689 ἄρα
839 1623 1065 1685 δικαίως
1120 1625 1297 1687 αίτίας
1331 1626 1718 1694 προκειμένης,

146 1711 215 1773 ὡς
245 1712 346 1763 καὶ
374 1712 559 1764 ἀδξκου
597 1712 832 1783 πολέμου
862 1714 1013 1783 παρὰ
1043 1732 1149 1766 των
1178 1717 1454 1781 ἐναντίων,
1486 1716 1723 1783 ἀπαρχο-

150 1800 309 1868 μένου
343 1799 657 1869 Θαρσαλτῗως
683 1804 774 1853 καὶ
966 1802 1207 1872 νροθυμίς
1247 1803 1340 1854 τοῦ
1377 1802 1516 1855 καυά
1544 1803 1721 1855 αὑτων

1832 632 1935 687 bus
1960 648 2154 688 manus
2188 636 2490 701 attulerint,
2529 641 2713 693 eadem
2758 643 2847 696 illa
2882 642 3004 712 ipsi.
3059 642 3101 696 si
3132 642 3270 696 nihil
3300 644 3398 696 ad-

1826 739 2043 777 xersrim
2080 727 2232 791 regni
2271 729 2440 781 nostri
2474 729 2747 797 subjectos
2778 734 3068 802 patrarint,
3099 732 3193 787 sed
3224 734 3401 803 pacati

1828 814 2051 876 fuerint.
2106 817 2202 869 tibi
2254 817 2506 872 inferenti
2557 821 2757 874 bellum
2803 823 3237 891 exprobrabunt.
3296 814 3403 876 Par

1825 920 1908 962 est
1928 923 2072 960 enim
2099 922 2216 970 nos.
2246 923 2336 976 qui
2387 924 2509 963 cum
2545 913 2802 966 omnibus
2849 914 3184 977 hominibus,
3224 929 3401 983 quan-

1826 1008 1941 1053 tum
1976 999 2028 1050 in
2052 997 2210 1051 nobis
2241 1010 2345 1062 est,
2376 1014 2559 1067 paceni
2587 1004 2841 1067 facimus.
2876 1020 2998 1058 cum
3033 1006 3099 1059 iis
3131 1006 3222 1073 qui
3251 1015 3400 1059 tran-

1824 1090 1980 1159 quilli
2017 1104 2137 1141 esse
2180 1088 2386 1152 volunt,
2437 1100 2491 1143 et
2540 1094 2742 1147 nullam
2796 1095 3052 1165 injuriam
3108 1097 3399 1151 nobisnec

1825 1180 2090 1249 subjectis
2123 1181 2329 1235 nostris
2359 1180 2562 1236 inferre
2597 1197 2863 1237 conantur
2898 1186 3047 1255 (quia
3076 1201 3265 1255 pacem
3292 1200 3398 1238 em-

1830 1272 1961 1324 tcris
2005 1268 2167 1321 rebus
2218 1270 2474 1324 omnibus
2514 1274 2943 1343 anteponimus),
2976 1290 3161 1344 pacem
3194 1274 3397 1328 consti-

1825 1370 1995 1419 tuere.
2024 1368 2076 1410 et
2098 1373 2127 1410 a
2158 1358 2299 1410 bello
2330 1360 2629 1414 abstinere.

1893 1450 1981 1503 50.
2020 1448 2114 1500 Sin
2149 1448 2460 1503 immodesti
2494 1451 2677 1505 hostes
2710 1461 2761 1506 et
2791 1452 3118 1522 injuriarum
3150 1464 3398 1508 auctores

1822 1540 2044 1605 fuerint,
2078 1551 2318 1597 nostrain
2370 1543 2690 1612 populantes
2738 1555 2960 1605 terram.
3000 1556 3113 1598 tum
3164 1545 3395 1612 cumju-

1822 1644 1903 1689 sta
1927 1633 2247 1689 defendendi
2278 1650 2443 1690 causa
2473 1636 2630 1691 nobis
2660 1638 3001 1706 proponitur,
3051 1648 3103 1692 et
3133 1638 3394 1707 injustum

1822 1725 2016 1780 bellum
2050 1728 2117 1780 ab
2142 1728 2474 1782 adversariis
2511 1728 2762 1793 infertur,
2804 1729 3140 1783 confidenter
3178 1739 3231 1781 et
3276 1730 3395 1791 ani-

1822 1828 1973 1867 mose
2020 1814 2238 1881 suscipe
2291 1814 2490 1868 bellum
2542 1826 2730 1870 contra
2779 1833 2875 1871 eos
2929 1817 3396 1886 liujusinjustitiac

145 1891 379 1959 ἐγχείρει
430 1892 686 1959 πολέμου.
728 1890 773 1941 ὠ
839 1891 1059 1942 ἐκείνων
1090 1892 1187 1953 τὰς
1232 1892 1404 1951 αἰτίας
1440 1907 1720 1960 παρασχο-

1827 1915 2098 1968 auctores,
2128 1916 2179 1957 et
2207 1905 2473 1960 \‘IOlClllaS
2515 1922 2710 1961 manus
2744 1906 3004 1972 subjectis
3033 1910 3231 1962 nostris
3271 1907 3396 1960 affe-

146 1983 341 2050 μένων,
382 1981 476 2034 καὶ
538 1982 748 2032 ἀδίκου.
801 1983 984 2047 γείοας
1043 1981 1183 2033 κατά
1232 1980 1344 2033 τῶν
1392 1982 1720 2050 ὑποχ-ιριων

144 2073 300 2139 ¹ἡμῶν
350 2072 657 2141 ἀραμένωκ
702 2073 791 2123 κα“.
831 2073 1021 2142 Θίρῤει
1073 2072 1193 2123 τότε
1243 2073 1317 2135 ὡς
1362 2074 1455 2125 καὶ
1492 2076 1581 2125 τον
1623 2073 1718 2139 τῆς

140 2164 484 2231 δικαιοσὺνις
525 2164 656 2215 Θεὸν
687 2164 826 2226 ἓςιις
860 2162 1070 2233 βοηθὸν,
1120 2164 1211 2215 καὶ
1238 2167 1361 2226 τους
1386 2163 1524 2234 ὑπὲρ
1564 2163 1717 2217 ἀδελ-

144 2258 257 2325 φῶν
304 2258 693 2327 ἀναδεχόμενος
746 2258 959 2323 ἀγῶνας
1009 2260 1350 2329 πανστρατιᾷ
1391 2259 1489 2328 τὴν
1563 2259 1719 2329 νίκην

142 2352 300 2415 ἕξεις.
335 2350 434 2401 Διά
488 2348 643 2400 τοῦτο
673 2344 766 2401 οὖν
797 2350 1216 2419 προτρεπόμεθα
1257 2350 1354 2419 τὴν
1391 2350 1486 2419 σὴν
1517 2350 1720 2413 ἐνδοξό-

141 2458 280 2511 τητα
314 2441 403 2493 διά
443 2441 657 2493 πάντων
710 2443 1043 2493 ἀποσκοπεῖν
1079 2440 1291 2503 δικαίας
1321 2442 1589 2494 ποιεῖσθαι
1620 2440 1720 2502 τὰς

143 2531 316 2601 ἀρχὰς
372 2529 462 2582 τοῦ
502 2530 760 2599 πολέμου,
820 2532 912 2584 καὶ
958 2531 1079 2583 τότε
1128 2532 1225 2595 τὰς
1262 2534 1449 2602 χεῖρας
1479 2531 1720 2594 ὁπλίζειν

140 2624 283 2675 κατὰ
314 2622 425 2674 τῶν
460 2622 807 2674 ἀδικούντων.

210 2722 312 2768 να’.
348 2714 451 2768 Διὰ
484 2713 704 2766 πάντων
740 2712 908 2765 δὲκαὶ
948 2714 1005 2766 ὲν
1038 2714 1209 2767 ᾶπασι
1244 2715 1525 2783 κρείττονα
1559 2732 1717 2769 σεαυ-

139 2807 229 2859 τὸν
262 2806 372 2857 τῶν
406 2804 731 2876 ὑποχειρίων
761 2805 1033 2871 ἀναδεῖξαι
1066 2805 1406 2873 διαγωνίζου,
1452 2809 1543 2860 καὶ
1580 2808 1720 2861 κατὰ

141 2896 439 2965 ἐξαίρετον,
472 2897 550 2958 είς
580 2910 638 2947 τε
665 2895 761 2964 τὴν
791 2897 869 2958 εἰς
897 2895 1030 2947 Θεὸν
1076 2896 1278 2958 πίστιν,
1319 2898 1411 2949 καὶ
1436 2898 1535 2967 τὴν
1563 2897 1717 2950 εὐσέ-

142 2987 313 3049 6ειαν,
347 2987 439 3038 καὶ
464 2985 558 3047 τάς
597 2985 790 3048 λοιπάς
832 2986 1048 3056 ἀρετάς.
1086 2987 1207 3049 Τοῖς
1241 2987 1346 3058 γάρ
1389 2988 1495 3040 τῶν
1526 2988 1719 3057 ἀρχόν-

138 3096 244 3131 των
272 3079 579 3147 φρονήμασι
608 3076 750 3143 φιλεῖ
782 3093 897 3139 πως
933 3077 1356 3130 συνδιατίθεσθαι
1391 3077 1451 3130 τὸ
1486 3078 1720 3149 ἀρχόμε-

140 3185 250 3234 νον,
286 3167 364 3231 ὡς
422 3167 487 3220 ἂν
524 3166 667 3219 κατά
709 3167 801 3235 τὴν
830 3168 1130 3236 παροιμίαν
1160 3168 1235 3238 μὴ
1280 3149 1463 3238 ἔλαφοι
1494 3169 1717 3223 λεόντων

138 3262 399 3329 ἄρχωσιν,
432 3257 566 3311 ἀλλὰ
585 3257 799 3318 λέοντες
828 3257 1061 3325 ἐλάιρων.

206 3348 305 3418 νβ.
341 3350 450 3402 Καὶ
478 3348 650 3400 ταῦτα
698 3349 795 3416 μέν
828 3363 929 3409 τοι,
965 3342 1008 3401 ὧ
1039 3352 1331 3420 στρατηγὲ,
1370 3351 1444 3413 ὡς
1495 3353 1553 3403 ὲν
1588 3368 1712 3404 συν-

137 3442 258 3509 ότει
294 3444 389 3509 ιής
418 3438 703 3509 βασιλικῆς
743 3439 898 3507 ἡμῶν
937 3440 1230 3504 διατάξεως
1258 3442 1713 3513 παραγγέλματα,

138 3534 282 3601 ειπερ
334 3533 394 3582 το
428 3531 524 3600 τῆς
556 3529 845 3598 συντομίας
893 3531 1150 3599 χρειῶδες
1194 3532 1287 3583 ἐπὶ
1323 3534 1565 3595 πλείονος
1617 3535 1716 3586 οὑκ

136 3625 197 3691 ἰᾷ
230 3620 701 3690 παρεκτείνεσθαι
731 3620 945 3686 Ἕξεων
976 3620 1031 3673 δέ
1060 3637 1140 3673 σοι
1162 3624 1282 3684 ταῖς
1307 3640 1365 3674 τε
1403 3625 1529 3693 παρ’
1560 3624 1716 3693 ἡμῶν

139 3713 245 3782 ἰδία
280 3710 620 3772 ὲκτεϐείσαις
654 3709 901 3780 γνώμαις
942 3710 1002 3762 ἑν
1044 3710 1217 3781 τούτῳ
1249 3711 1325 3781 τῷ
1354 3714 1713 3782 συντάγματι,

137 3805 231 3854 καὶ
266 3801 490 3870 προσέτι
526 3802 646 3862 ταῖς
671 3801 811 3854 κατὰ
844 3798 1045 3861 πλάτος
1073 3800 1556 3871 συνηθροισμέναις
1586 3804 1714 3872 ἡμῖν

135 3897 193 3949 ὲν
227 3898 293 3964 τῇ
320 3895 652 3965 παραλλήλῳ
692 3893 802 3946 τῶν
829 3894 1104 3947 τακτικῶν
1132 3893 1431 3963 μονοόίελῳ
1463 3895 1572 3963 (f7)
1616 3896 1714 3965 τὴν

136 3988 348 4038 ἐκεῖθεν
376 3988 484 4039 τῶν
516 3986 863 4056 ζητουμένων
900 3985 1124 4038 πλείονα
1171 3985 1264 4036 καὶ
1312 3985 1585 4057 ἀρκοῦσαν
1619 4003 1715 4038 πο-

139 4077 393 4147 ρίσασθαι
418 4078 707 4147 ὠφέλειαν.

206 4176 305 4232 νγ’.
345 4168 561 4220 Τούτων
608 4167 701 4221 οὖν
754 4168 1009 4237 ἐχόμενος
1061 4170 1264 4235 αὔξειν,
1295 4170 1388 4222 καὶ
1428 4169 1714 4238 προστιθέ-

137 4277 224 4312 ναι
258 4261 373 4320 τοῖς
397 4259 621 4326 ἀγαθοῖς
653 4258 831 4327 ἔργοι..
882 4260 1285 4331 προθυμήθητι,
1319 4260 1395 4322 ὡς
1418 4262 1484 4312 ἂν
1517 4260 1713 4311 πολλα-

138 4351 453 4413 πλασιάζων
490 4354 557 4419 τῇ
608 4350 869 4421 σπουδαίᾳ
902 4368 994 4404 σου
1030 4352 1223 4424 γνώμῃ
1252 4353 1321 4403 τὰ
1361 4352 1712 4419 κελευόμενα,

138 4443 330 4512 πρῶτα
360 4442 461 4510 μὲν
487 4440 616 4493 θεὸν
639 4441 763 4513 ἓξῃς
788 4444 1075 4512 ἐπαινέτην
1097 4444 1204 4495 τῶν
1231 4443 1501 4514 πράξεων,
1527 4442 1713 4494 ἔπειτα

136 4535 190 4585 δὲ
222 4534 316 4585 καὶ
348 4533 409 4584 τὸ
459 4532 722 4600 ἡμέτερον
763 4534 981 4603 κράτος,
1013 4534 1150 4603 γέρα
1172 4533 1280 4587 τῶν
1312 4534 1489 4586 πόνων
1518 4532 1715 4597 ἐπάξια
1740 4562 1792 4621 D

139 4626 183 4676 δ’
211 4625 417 4693 ἀμφοῖν
443 4622 818 4692 κομιζόμενος.

644 4793 953 4847 ΔιΑΤΑΞιΣ
982 4793 1032 4845 Γι
1066 4793 1197 4862 (18).

358 4884 499 4951 Περὶ
528 4882 634 4937 τοῦ
663 4882 789 4949 πῶς
811 4884 924 4952 χρὴ
941 4885 1344 4949 βουλεύεσθαι
1370 4885 1502 4955 (f9).

222 4975 439 5043 Ἐπειδὴ
478 4975 533 5027 δὲ
573 4974 678 5044 πρὸ
721 4974 901 5043 πάσης
956 4973 1203 5044 πράξεως
1236 4976 1427 5047 βουλὴν
1467 4976 1715 5045 ἡγεῖσθαι

143 5067 316 5136 χρεών
342 5083 355 5096 ο
404 5065 672 5135 διοίκησις
712 5064 822 5135 γὰρ
852 5064 1281 5136 ἀπροϐούλευτος
1304 5068 1403 5121 οὑκ
1444 5068 1711 5137 ἀσφαλὴς,

143 5161 243 5214 κάν
278 5161 343 5213 ὲκ
386 5158 480 5211 τοὺ
518 5156 863 5227 παραχρῆμά
894 5174 976 5221 τις
1021 5158 1159 5226 αὑχῇ
1200 5157 1456 5220 πολλάκις
1514 5176 1712 5229 κατορ-

1823 2006 2008 2049 rentes
2041 2012 2054 2049 :
2090 1996 2291 2048 bonum
2344 2004 2459 2050 tum
2497 1998 2635 2051 babc
2681 1999 2947 2063 animum,
2984 2008 3039 2053 et
3092 2000 3392 2067 adjutorem

1828 2085 2032 2145 iustum
2064 2082 2288 2137 Iubebis
2314 2083 2503 2145 Deum,
2531 2097 2583 2139 et
2606 2101 2702 2152 pro
2737 2085 2997 2141 fratribus
3026 2090 3139 2140 tuis
3160 2088 3393 2155 pericula

1823 2174 2048 2227 subiens
2085 2176 2312 2227 omnino
2342 2175 2678 2242 splendidam
2696 2176 2979 2229 victoriam
3016 2178 3258 2231 habebis.
3289 2177 3394 2229 Ita-

1819 2278 1925 2331 que
1955 2263 2058 2318 boc
2086 2266 2401 2335 dignitatem
2450 2274 2595 2318 tuam
2643 2266 3046 2335 imperatoriam
3090 2282 3391 2335 precamur,

1819 2363 1879 2405 ut
1905 2354 2190 2423 diligenter
2218 2355 2532 2409 consideres
2568 2370 2790 2410 causam
2828 2357 2977 2421 belli,
3011 2368 3062 2410 et
3109 2373 3172 2411 ex
3217 2360 3386 2427 justis

1820 2444 1992 2497 initiis
2021 2445 2216 2497 bellum
2265 2457 2507 2507 moveto,
2534 2456 2587 2498 et
2624 2456 2812 2502 contra
2862 2446 3098 2502 nefarios
3148 2449 3395 2504 homines

1819 2530 1988 2585 aciem
2022 2538 2169 2583 tuam
2204 2539 2363 2599 teque
2393 2541 2627 2584 armato.

1889 2711 1977 2764 5f.
2017 2709 2251 2765 Omnino
2286 2711 2447 2780 igitur
2469 2711 2523 2765 in
2552 2712 2811 2768 omnibus
2852 2715 3087 2784 teipsum
3121 2716 3387 2786 subjectis

1820 2802 1928 2855 tuis
1987 2802 2265 2855 meliorem
2316 2801 2696 2857 demonstrare
2731 2807 3063 2869 contendas,
3102 2815 3158 2860 et
3199 2806 3305 2861 ﬁde
3335 2807 3391 2861 in

1818 2890 2010 2954 Deum.
2040 2891 2241 2959 pietate
2278 2904 2343 2944 ac
2374 2890 2598 2959 reliquis
2632 2890 2924 2949 virtutibus
2945 2895 3229 2951 eximium.
3258 2894 3383 2951 Nam

1818 2983 1883 3036 ad
1929 2983 2235 3051 principum
2286 2982 2526 3035 virorum
2557 2983 2912 3051 cogitationes
2945 2987 3081 3040 solet
3114 3000 3175 3042 se
3215 2986 3394 3052 subje-

1817 3080 2029 3126 ctorum
2083 3073 2377 3127 multitudo
2428 3074 2869 3141 accommodare,
2929 3086 3008 3140 ut,
3045 3077 3199 3143 juxta
3240 3086 3393 3130 vetus

1824 3164 2194 3232 proverbium,
2231 3178 2340 3219 non
2369 3165 2515 3219 cervi
2548 3163 3109 3236 leonibusimperent,
3161 3168 3254 3223 sed
3285 3168 3395 3223 leo-

1823 3271 1918 3310 nes
1944 3259 2139 3311 cervis.

1888 3346 1977 3400 52.
2012 3346 2137 3401 llaec
2168 3349 2287 3411 tibi,
2324 3351 2636 3423 imperator,
2661 3352 2850 3423 paucis
2883 3366 2993 3405 uno
3032 3351 3136 3405 sub
3172 3361 3391 3421 aspectu

1817 3437 1951 3504 regii
2006 3437 2175 3491 nostri
2228 3440 2464 3495 instituti
2517 3454 2781 3513 praecepta
2830 3442 3227 3503 conclusimus.
3270 3457 3393 3509 quae

1819 3525 1933 3579 luce
1967 3538 2152 3581 nostra
2201 3528 2483 3585 brevitatis
2513 3533 2794 3585 institutio
2820 3530 3006 3585 fusius
3038 3530 3256 3584 dilatari
3282 3544 3389 3582 non

1816 3619 2037 3687 patitur.
2091 3618 2295 3674 Licebit
2346 3633 2523 3674 autem
2570 3623 2863 3692 inquirenti
2920 3623 3012 3676 tibi
3054 3638 3120 3677 cx
3166 3623 3234 3677 iis
3272 3636 3392 3691 qua:

1817 3710 1919 3763 hoc
1950 3720 2136 3762 nostro
2175 3710 2313 3765 libro
2357 3712 2616 3768 clausulis
2661 3723 2988 3779 tractantur,
3037 3722 3090 3768 et
3130 3722 3390 3783 praeterea

1814 3814 1880 3852 ex
1916 3800 1982 3852 iis
2005 3815 2125 3868 qua:
2156 3801 2350 3856 diffuse
2375 3818 2404 3855 a
2432 3805 2589 3858 nobis
2617 3804 2671 3857 in
2710 3804 2850 3859 libro
2876 3804 2967 3873 qui
3001 3805 3068 3858 de
3111 3817 3390 3871 compara-

1815 3891 1962 3945 tione
1995 3891 2261 3947 factorum
2286 3894 2606 3951 militarium
2633 3896 2773 3949 inter
2825 3911 2883 3950 se
2912 3898 3256 3964 conscriptus
3286 3904 3388 3957 est,

1815 3983 2078 4051 majorem
2101 3992 2157 4037 et
2189 3984 2493 4039 uberiorem
2524 3987 2813 4041 utilitatem
2841 3986 3139 4055 percipere.

1888 4166 1977 4220 55.
2011 4166 2063 4218 1η
2098 4185 2195 4221 nas
2226 4182 2313 4221 res
2351 4168 2639 4235 diligenter
2672 4166 2947 4227 incumbe,
2970 4174 3024 4220 et
3060 4179 3261 4220 conare
3286 4165 3386 4218 ista

1817 4258 2170 4325 amplifirare,
2211 4270 2264 4311 et
2309 4259 2374 4311 ad
2440 4273 2527 4312 res
2572 4268 2754 4326 gestas
2804 4267 2924 4311 tuas
2968 4257 3282 4325 adjungere.
3336 4265 3394 4310 ut

1816 4364 1940 4402 cum
1978 4348 2144 4402 animi
2179 4350 2606 4418 promptitudine
2638 4358 3031 4419 praceptorum
3056 4348 3388 4417 magnitudi-

1818 4455 1936 4493 nem
1956 4441 2321 4508 superaveris,
2342 4441 2574 4507 primum
2597 4440 2763 4494 Deum
2782 4442 3046 4509 optimum
3070 4441 3388 4503 maximum,

1819 4530 2015 4584 deinde
2051 4533 2315 4598 meipsum
2354 4546 2575 4600 quoque
2626 4532 2962 4585 laudatorem
3002 4546 3182 4585 rerum
3214 4540 3391 4599 gesta-

1820 4637 1941 4675 rum
1975 4623 2197 4683 habeas.
2227 4629 2281 4674 et
2313 4622 2614 4675 mercedem
2643 4622 2925 4676 laboribus
2947 4623 3055 4676 tuis
3084 4622 3302 4691 dignam
3322 4622 3389 4675 ab

1822 4720 2054 4780 utroque
2078 4721 2339 4779 reportes.

2304 4799 2763 4855 CONSTITUTIO
2798 4799 2887 4855 ΙΙΙ.

2104 4893 2377 4957 Quomodo
2400 4894 2677 4946 comitium
2714 4894 3024 4960 capiendum
3052 4895 3143 4947 sit.

1894 4985 1942 5036 ίι.
1975 4984 2202 5037 Omnem
2255 4986 2523 5037 actionem
2583 4983 2870 5036 consilium
2917 4992 3133 5037 anteeat
3162 5000 3175 5037 :
3206 4971 3396 5039 incon-

1822 5074 1960 5127 suits
1992 5073 2137 5127 enim
2162 5089 2344 5128 rerum
2365 5073 2612 5126 tractatio
2643 5073 2787 5125 haud
2820 5073 2955 5127 satis
2983 5081 3098 5127 tuta
3126 5081 3230 5127 est.
3259 5072 3390 5126 Nam

1821 5180 2133 5234 quanquam
2166 5164 2436 5219 interdum
2471 5165 2594 5234 quis
2621 5164 2888 5232 glorietur
2914 5178 2994 5228 se,
3043 5164 3199 5233 quasi
3230 5164 3392 5218 simul

1674 5294 1881 5352 NOTAE

212 5389 325 5457 (f7)
386 5388 523 5457 _‘Er
554 5385 626 5453 τῇ
666 5385 1033 5457 παραλλήλῳ
1065 5386 1183 5439 τῶν
1213 5384 1502 5457 τακτικῶν
1524 5404 1708 5454 μονο-

146 5454 348 5524 εἰϐλψ.
382 5455 526 5526 Ergo
551 5458 719 5509 alium
756 5455 934 5509 adhuc
980 5457 1311 5526 singularem
1354 5454 1706 5511 Tacticorum

144 5530 344 5583 librum
379 5525 489 5580 Leo
524 5526 615 5581 hic
640 5525 987 5594 conscripsit.
1016 5525 1109 5594 qui
1143 5527 1382 5581 nondum
1434 5528 1707 5581 inventus.

212 5599 327 5665 (18)
359 5596 473 5651 Hoc
503 5603 669 5665 caput
698 5606 953 5665 quartum
986 5605 1071 5650 est
1124 5596 1178 5650 in
1208 5596 1409 5656 codice
1468 5595 1707 5649 Lauren-

148 5664 339 5727 tiano;
375 5666 467 5719 sed
503 5668 602 5718 hoc
633 5664 824 5718 ordine
850 5679 969 5718 esse
1019 5664 1267 5727 sivimus,
1327 5665 1397 5718 ob
1451 5670 1707 5730 rationes,

147 5752 281 5804 quas
314 5734 573 5787 Meursius
603 5733 777 5804 affert,
826 5734 948 5786 licet
981 5750 1083 5793 non
1136 5735 1351 5801 plurimi
1411 5735 1705 5788 faciendas.

214 5804 326 5871 (I9)
363 5806 496 5871 Περὶ
527 5803 628 5859 τοι)
661 5801 783 5868 πῶς
830 5804 939 5869 χρὴ
965 5803 1384 5867 βουλεύεσθαι,
1453 5805 1545 5861 llic
1573 5817 1696 5861 titti-

1807 5390 1889 5460 lus
1923 5391 2186 5445 baetenus
2218 5400 2447 5460 quartus
2474 5392 2598 5457 fuit,
2629 5400 2682 5446 et
2709 5400 2940 5459 quartus
2985 5392 3114 5445 item
3160 5392 3379 5446 tertius.

1807 5458 2093 5515 Manifesta
2145 5458 2416 5515 confusio.
2469 5463 2580 5514 Nos
2647 5458 3005 5517 in’ordinem
3053 5462 3391 5517 restituimus

1810 5540 2123 5599 utrumque,
2153 5539 2426 5597 preecunte.
2459 5534 2575 5599 ipso
2608 5531 2787 5585 Leone
2848 5532 2904 5586 in
2957 5534 3251 5601 prooemio.
3298 5533 3388 5584 ubi

1811 5598 2091 5672 titulorum
2131 5601 2291 5667 bujus
2328 5603 2410 5653 sui
2438 5598 2619 5669 operis
2657 5598 2972 5672 cataloguni
2994 5604 3163 5669 ponit.
3214 5598 3277 5652 Et
3311 5602 3391 5651 fa-

1810 5671 1911 5723 cile
1947 5685 2047 5722 nos
2079 5678 2225 5741 recte
2253 5678 2416 5738 atque
2443 5672 2634 5727 ordine
2680 5671 2874 5728 fecisse
2896 5671 3163 5741 judicabit
3195 5672 3383 5731 lector.

1816 5741 1902 5794 cui
1939 5740 2140 5807 aliquid
2171 5742 2401 5796 cerebri.
