4176 6446
783 406 892 476 695

2045 402 2324 465 LEONIS
2351 404 2812 467 PHILOSOPHI

3949 413 4057 481 696

783 524 838 567 et
867 511 1247 569 deliberaverit
1272 520 1326 565 et
1352 524 1442 565 res
1484 523 1614 566 suas
1635 508 1889 579 gesserit,
1911 521 1999 563 res
2020 508 2220 563 multas
2248 523 2352 578 pro

2475 508 2645 562 θῶσαί
2687 526 2740 562 τι
2779 511 2854 574 ὼς
2912 510 3030 579 ἅμα
3078 512 3172 563 κα)⁵
3225 511 3653 585 βουλευσάμενος
3687 517 3781 571 ’.αἱ
3814 521 4050 593 πράξας,

783 620 941 673 spere
964 616 1127 673 atque
1155 618 1224 656 ex
1253 610 1498 670 tempore
1529 601 1785 671 gessisse,
1808 608 1990 654 tamen
2018 613 2242 671 perraro
2271 598 2370 653 ali-

781 695 912 763 quid
946 696 1051 747 tale
1082 708 1183 747 usu
1219 692 1409 745 venire
1439 690 1715 745 fortunate
1745 690 1903 744 solet.

853 787 906 837 2.
944 784 1237 851 Propterea
1264 784 1317 836 in
1347 782 1539 852 primis
1587 781 1934 849 praecipimus
1965 779 2082 845 tibi,
2131 787 2191 832 ut
2238 786 2367 852 ante

769 887 971 940 omnes
1008 886 1095 925 res
1138 870 1532 940 suscipiendas,
1585 867 1822 923 maxime
1876 875 2058 921 autem
2117 865 2366 929 bellicas,

779 961 1071 1015 consilium
1108 976 1231 1014 cum
1265 961 1332 1015 iis
1360 957 1631 1029 praefectis
1676 959 1890 1029 capias,
1922 958 2017 1027 qui
2046 956 2143 1012 tibi
2169 958 2236 1011 ad
2264 957 2369 1012 hoc

778 1049 959 1107 idonei
987 1053 1313 1107 videbuntur
1338 1068 1351 1104 :
1382 1049 1542 1120 cujus
1565 1051 1781 1122 generis
1797 1050 2125 1104 turmarcbee
2146 1049 2369 1118 reliqui-

776 1158 883 1213 que
915 1153 1063 1199 sunt.
1104 1140 1207 1196 Ubi
1231 1154 1359 1195 vero
1390 1140 1703 1194 firmitatem
1724 1141 1967 1208 aliquam
2010 1139 2212 1193 habere
2237 1153 2367 1194 con-

778 1235 960 1288 silium
985 1234 1273 1296 videbitur,
1297 1246 1413 1286 rem
1453 1232 1624 1301 ipsam
1644 1230 1712 1284 de
1748 1245 1854 1299 qua
1877 1230 2187 1285 dcliberasti
2216 1228 2365 1283 omni

778 1324 963 1378 studio
991 1337 1058 1376 ac
1082 1322 1364 1392 diligentia
1390 1318 1689 1375 contendas
1722 1319 1789 1373 ad
1807 1319 2015 1374 exitum
2045 1320 2362 1388 perducere,

776 1414 883 1469 nisi
913 1414 960 1469 si
1000 1414 1170 1484 (quod
1200 1426 1442 1484 persaepe
1496 1410 1634 1465 solet
1674 1410 1945 1480 accidere)
1990 1409 2190 1478 aliquid
2223 1408 2364 1463 inte-

776 1506 881 1560 rim
910 1507 1198 1561 adversum
1254 1514 1308 1558 et
1383 1505 1721 1558 contrarium
1774 1503 2004 1558 consilio
2060 1501 2359 1572 contingat.

774 1594 1078 1649 Consilium
1102 1602 1286 1647 autem
1316 1595 1575 1664 quidnam
1624 1594 1842 1646 tandem
1877 1594 1971 1657 sit,
2003 1600 2056 1645 et
2096 1594 2361 1661 quemad-

774 1685 998 1739 modum
1028 1686 1322 1739 consilium
1353 1693 1468 1737 tuto
1510 1684 1765 1752 expedire
1810 1684 2009 1751 possis,
2036 1682 2356 1751 explanabo.

840 1777 896 1831 5.
928 1776 1226 1831 Consilium
1248 1783 1331 1829 est
1352 1774 1672 1829 deliberatio
1693 1774 1937 1845 quaedam
1978 1774 2045 1827 de
2070 1789 2127 1826 re
2151 1774 2356 1842 agenda

2469 601 2584 657 ἀλλ’
2611 602 2674 655 οὺ
2706 602 2868 673 νόμος
2893 603 2953 657 τὸ
2989 602 3237 659 σπάνιον.

2544 768 2608 837 β’.
2639 770 2738 822 Διὰ
2762 770 2921 823 τοῦτο
2944 771 3037 824 καὶ
3071 772 3176 842 πρὸ
3201 771 3312 827 τῶν
3342 774 3518 827 ἄλλων
3555 779 4053 852 παρακελευόμεθα

2473 878 2555 914 σοι
2596 863 2776 932 πάσης
2809 864 3061 933 πράξεως
3094 866 3398 933 ἀναγκαίας
3428 870 3520 922 καὶ
3552 871 3787 939 μάλιστα
3826 878 4054 948 πολεμι-

2470 955 2571 1024 κῆς
2610 953 2954 1023 βουλεύεσθαί
3009 973 3070 1009 σε
3120 957 3384 1029 πρότερον
3424 963 3566 1030 μετὰ
3606 964 3715 1017 τῶν
3747 967 4054 1023 δοκούντων

2469 1063 2553 1100 σοι
2587 1049 2787 1102 ίκανῶν
2818 1049 2943 1117 περὶ
2968 1047 3175 1119 ταύτην
3195 1051 3493 1121 ἀρχόντων,
3523 1049 3636 1108 οἷον
3661 1060 4049 1129 τουρμάρχων,

2467 1138 2562 1189 καὶ
2593 1137 2701 1189 τῶν
2729 1138 2948 1209 ἐφεξῆς.
2978 1138 3148 1191 Ἐπὰν
3170 1139 3228 1193 δὲ
3254 1140 3444 1194 δοκοῦν
3468 1143 3838 1216 ὲπιϐεϐαιωθῇ
3880 1147 4049 1218 λόγῳ,

2465 1228 2532 1296 τῇ
2563 1226 2680 1278 τότε
2723 1226 2783 1279 τὸ
2819 1226 2991 1297 ιέργον
3037 1226 3106 1280 δι’
3152 1227 3293 1299 ὅπερ
3354 1229 3661 1284 ἐϐουλεύσω
3705 1235 3911 1306 σπουδῇ
3955 1239 4049 1288 καὶ

2465 1316 2752 1387 ἐπιμελείᾳ
2783 1319 3304 1389 μεταχειρισάμενος
3328 1322 3408 1385 είς
3441 1323 3614 1393 πέρας
3641 1325 3867 1392 ἀγαγεῖν
3888 1371 3904 1394 ,
3932 1331 4047 1398 εῖγε

2467 1404 2636 1474 μηδὲν
2661 1406 2875 1475 άπαντῇ
2893 1423 2974 1460 σοι
3005 1407 3268 1473 ἐναντίον,
3298 1408 3375 1472 ὡς
3396 1413 3465 1463 τὰ
3501 1411 3670 1464 πολλὰ
3695 1411 3877 1476 εῖωθε,
3912 1433 4047 1484 προ-

2464 1493 2781 1566 θυμηθέντι.
2824 1497 2935 1566 Τῆς
2964 1497 3021 1550 δὲ
3043 1498 3241 1569 βουλῆς
3274 1497 3337 1551 τὸ
3372 1494 3513 1563 εἶδος
3542 1502 3597 1555 τί
3652 1503 3709 1555 τέ
3737 1504 3906 1565 ἐστιν,
3952 1508 4045 1559 καὶ

2462 1586 2538 1649 ώς
2585 1587 2953 1659 κατορθώσεις
2990 1590 3193 1660 ταύτην
3224 1590 3505 1660 ἀσφαλῶς,
3554 1593 3657 1664 ήδη
3690 1611 3771 1647 σοι
3795 1596 4045 1664 διατάξαι-

2466 1696 2586 1748 μαι.

2534 1776 2604 1837 γ’.
2658 1772 2833 1839 Βουλή
2899 1775 3013 1826 ἐστι
3060 1772 3355 1842 ,διάσκεψις
3411 1774 3541 1845 περὶ
3596 1774 3692 1829 τοῦ
3754 1780 3962 1848 πρᾶξαί
3990 1798 4042 1833 τι

770 1867 855 1922 vel
888 1883 995 1920 non
1027 1865 1253 1941 agenda.
1288 1864 1347 1919 Si
1397 1881 1484 1921 res
1521 1866 1727 1934 agenda
1776 1879 1883 1918 non
1930 1864 2020 1928 sit,
2048 1863 2231 1916 statim
2278 1864 2352 1917 si-

2460 1861 2493 1930 ἢ
2560 1861 2635 1932 μὴ
2701 1863 2947 1933 πρᾶξαι·
2980 1865 3074 1917 καὶ
3129 1865 3179 1917 εἰ
3241 1867 3341 1935 μὲν
3411 1867 3489 1938 μὴ
3560 1867 3787 1939 πρᾶξαι,
3829 1872 3959 1941 σιγὴ
3986 1873 4043 1925 τὸ

770 1955 1023 2011 stendum
1054 1956 1151 2010 tibi
1184 1964 1268 2011 est
1301 1975 1313 2011 :
1341 1958 1425 2011 sin
1476 1955 1682 2025 agenda
1737 1954 1828 2017 sit,
1881 1953 2105 2007 modum
2161 1954 2352 2023 agendi

2460 1951 2711 2007 ἐντεῦθεν
2730 1968 2745 1983 ·
2770 1954 2821 2005 εί
2848 1953 2906 2007 δὲ
2936 1954 3163 2025 πρᾶξαι,
3199 1956 3317 2019 πῶς
3344 1957 3571 2028 πράξαι,
3598 1961 3767 2030 ἡγουν
3792 1962 3886 2015 τὸν
3917 1964 4041 2033 τρό-

771 2048 851 2102 vel
892 2049 1187 2117 quomodo,
1222 2057 1456 2115 tempus,
1490 2047 1571 2100 vel
1601 2046 1841 2114 quando,
1876 2045 1989 2111 ubi,
2036 2046 2122 2100 vel
2154 2045 2352 2111 locum,

2458 2059 2561 2095 πον
2585 2043 2685 2112 τῆς
2714 2044 2989 2113 πράξεως,
3037 2045 3141 2098 ποῦ
3170 2046 3394 2118 πρᾶξαι,
3440 2050 3607 2119 ἤγουν
3632 2052 3725 2104 τὸν
3751 2054 3917 2106 τόπον
3946 2056 4044 2124 τῆς

766 2141 921 2209 quid,
951 2140 1031 2193 vel
1069 2154 1181 2193 rem
1218 2138 1506 2208 agendam,
1540 2138 1718 2194 virum
1750 2137 1949 2191 deinde
1973 2135 2066 2206 qui
2093 2136 2197 2191 hoc
2234 2152 2352 2192 sus-

2458 2131 2730 2200 πράξεως,
2770 2133 2901 2185 πότε
2930 2132 3158 2203 πρᾶξαι,
3190 2136 3358 2203 ἤγουν
3402 2138 3492 2191 τὸν
3534 2141 3725 2211 καιρῖιν
3752 2142 3855 2212 τῆς
3903 2146 4045 2215 πρά·

767 2243 1027 2302 eepturus
1054 2239 1109 2284 et
1172 2230 1240 2283 ad
1288 2230 1496 2284 exitum
1558 2228 1923 2298 perducturus
1963 2236 2067 2292 est,
2136 2237 2352 2298 propter

2458 2219 2614 2286 ξεως,
2656 2222 2709 2274 τί
2744 2224 2970 2292 πρᾶξαι,
3002 2225 3169 2295 ἡγουν
3193 2226 3255 2279 τὸ
3298 2230 3531 2299 πρᾶγμα
3559 2230 3620 2283 τδ
3647 2234 4041 2302 πραττόμενον,

764 2322 899 2393 quid
934 2322 1018 2377 vel
1047 2335 1271 2375 causam
1294 2320 1456 2390 cujus
1481 2319 1659 2390 gratia
1703 2332 1791 2374 res
1816 2317 2135 2387 suscipitur,
2180 2318 2359 2374 consi-

767 2413 898 2468 dera
909 2428 963 2468 re
997 2420 1234 2482 oportet.

839 2611 895 2664 Δ.
928 2609 1033 2676 Qui
1066 2609 1474 2665 deliberaturus
1499 2622 1686 2663 secum
1711 2617 1817 2674 est,
1851 2618 1977 2663 ante
1997 2608 2179 2663 omnia
2202 2623 2355 2664 suam

766 2700 942 2771 ipsius
987 2710 1225 2755 mentem
1270 2699 1340 2754 ab
1378 2699 1635 2753 omnibus
1682 2698 2185 2769 perturbationibus
2222 2700 2359 2755 libe-

764 2807 886 2847 ram
918 2792 1139 2856 habeat,
1177 2790 1415 2846 maxime
1440 2800 1626 2847 autem
1656 2792 1726 2847 ab
1772 2805 1966 2847 amore
2003 2790 2086 2846 vel
2117 2790 2247 2846 odio
2274 2800 2360 2846 at-

765 2899 874 2953 que
905 2883 1056 2937 omni
1101 2882 1208 2937 alia
1238 2883 1672 2952 perturbatione,
1704 2897 1828 2952 qua:
1851 2882 1952 2945 rei,
1991 2881 2060 2937 de
2092 2897 2203 2952 qua
2228 2883 2360 2938 libe-

767 2986 941 3041 ratur,
979 2978 1245 3031 damnosa
1280 2990 1402 3030 esse
1430 2983 1634 3045 potest.

839 3068 894 3121 5.
956 3065 1158 3121 Deinde
1201 3080 1310 3119 non
1342 3065 1523 3119 solum
1568 3065 1700 3135 quid
1753 3065 1915 3120 facile
1951 3065 2024 3120 sit
2058 3064 2261 3135 eligito,
2300 3076 2357 3132 et

768 3161 823 3215 in
854 3160 959 3213 ltoc
991 3156 1315 3218 incumbito,
1340 3156 1432 3210 sed
1465 3157 1631 3210 etiam
1655 3156 1860 3221 omnia,
1883 3170 2007 3225 quae
2040 3170 2141 3209 usu
2171 3156 2357 3212 venire

769 3258 1018 3321 possunt,
1052 3248 1235 3301 animo
1282 3247 1534 3315 prospice
1570 3265 1582 3300 :
1616 3245 1871 3301 fortassis
1903 3248 2050 3300 enim
2088 3257 2209 3318 post
2238 3262 2352 3302 rem

771 3343 1042 3409 inceptam
1071 3337 1278 3407 aliquid
1309 3352 1369 3391 se
1402 3338 1520 3402 tibi,
1551 3338 1696 3406 quod
1732 3338 1788 3391 in
1836 3340 2031 3407 primis
2082 3339 2354 3395 conduci-

768 3431 876 3487 bile
905 3438 1011 3494 est,
1036 3428 1268 3491 obferet,
1304 3428 1451 3498 quod
1486 3436 1646 3481 antea
1673 3428 2094 3497 praetermisisti.

826 3521 894 3590 ’6.
921 3518 1080 3584 Quod
1112 3517 1160 3573 si
1196 3527 1373 3572 tecum
1419 3519 1535 3587 ipse
1564 3532 1672 3570 non
1704 3517 1882 3571 solum
1928 3533 2123 3589 capere
2167 3520 2353 3575 consi-

770 3600 923 3676 lium,
956 3626 1148 3665 verum
1169 3610 1332 3664 etiam
1361 3609 1501 3663 alios
1521 3623 1807 3664 assumere
1822 3609 2080 3675 volueris,
2115 3612 2349 3682 tcipsum

771 3713 950 3759 tamen
970 3700 1196 3771 perinde
1212 3701 1282 3754 ab
1298 3699 1447 3753 omni
1472 3700 1880 3769 perturbatione
1899 3715 2126 3755 vacuum
2149 3704 2347 3772 prmbc,

768 3809 833 3848 ac
858 3793 903 3848 si
942 3792 1095 3847 solus
1129 3790 1483 3845 deliberares.
1532 3790 1889 3847 Consultores
1932 3800 2115 3847 autem
2148 3793 2350 3851 adbibe

767 3889 1108 3954 experientes
1140 3898 1351 3947 rerum,
1374 3882 1653 3953 providos,
1688 3885 2049 3953 perspicaces,
2075 3900 2349 3940 aerumna-

772 3994 889 4032 rum
928 3993 993 4031 ac
1020 3975 1402 4047 prosperitatis
1432 3985 1540 4029 tute
1576 3977 1781 4043 socios,
1831 3976 1898 4030 ad
1930 3978 2343 4046 excogitandum

767 4069 1017 4133 SOICI‘ICS,
1052 4068 1258 4134 lideles,
1302 4066 1590 4138 quinneque
1630 4067 1727 4121 tibi
1769 4066 1835 4119 ad
1871 4067 2101 4137 gratiam
2131 4069 2345 4123 obtem-

768 4162 1059 4234 perabunt,
1108 4172 1287 4229 neque
1332 4158 1441 4219 illi,
1495 4160 1589 4229 qui
1638 4160 1715 4212 rei
1771 4168 2057 4229 susceptor
2106 4161 2341 4225 exsistit,

766 4269 945 4323 neque
997 4253 1103 4307 sibi
1133 4261 1347 4317 mutuo,
1398 4250 1493 4306 sed
1531 4252 1624 4321 qui
1666 4251 1811 4321 quod
1851 4253 2091 4320 cegitant
2130 4252 2338 4318 dicunt,

765 4348 860 4415 qui
900 4344 1132 4414 simplici
1159 4344 1346 4399 animo
1389 4355 1445 4399 et
1481 4344 1799 4413 incorrupto
1836 4352 1985 4408 sunt,
2021 4343 2340 4414 nullumque

763 4453 829 4492 ex
865 4436 933 4490 iis
964 4437 1129 4489 rebus
1151 4435 1365 4489 lucrum
1389 4444 1661 4504 quaerunt,
1698 4434 1792 4488 sed
1824 4447 1891 4487 eo
1941 4434 2060 4503 ipso
2099 4443 2339 4504 tempore

765 4528 893 4599 quid
927 4529 1163 4581 maxime
1195 4527 1327 4581 utile
1352 4526 1422 4580 sit
1458 4526 1761 4593 explorant.

834 4621 889 4672 7.
945 4619 1083 4673 Sunt
1134 4621 1314 4684 enim,
1358 4618 1453 4687 qui
1502 4633 1624 4673 eum
1678 4618 1892 4671 lucrum
1938 4617 2192 4686 aliquod,
2241 4626 2338 4671 aut

762 4729 878 4776 eos,
922 4729 1065 4782 quos
1109 4712 1307 4766 charos
1347 4711 1548 4763 habent
1586 4720 1748 4779 atque
1785 4709 2037 4779 diligunt,
2070 4710 2341 4779 pertinere

766 4820 926 4873 posse
950 4803 1152 4866 \ident,
1176 4812 1345 4854 totam
1366 4801 1759 4868 iudicationem
1788 4800 1862 4853 rei
1886 4817 1951 4853 eo
1974 4799 2340 4864 transferunt;

763 4908 817 4951 et
845 4898 973 4964 quia
996 4896 1304 4965 pertinaces
1329 4903 1475 4955 sunt,
1496 4896 1809 4946 universum
1840 4892 2127 4947 consilium
2150 4893 2218 4945 ab
2237 4893 2341 4947 uti.

765 4990 918 5040 litate
940 4985 1215 5039 communi
1252 4984 1317 5037 ad
1352 4984 1427 5047 id,
1456 4982 1602 5052 quod
1639 4982 1739 5051 ipsi
1773 4983 1983 5047 volunt,
2015 4982 2311 5036 deducunt.

831 5077 884 5129 8.
919 5075 974 5128 In
1008 5076 1172 5130 rebus
1192 5076 1424 5130 occultis
1455 5084 1509 5128 et
1553 5074 1753 5128 abditis
1791 5073 1976 5128 fldeles
2003 5073 2201 5127 adhibe
2248 5074 2343 5129 tibi

762 5179 819 5222 et
848 5173 1214 5237 temperantes
1256 5167 1425 5231 viros,
1457 5177 1512 5222 et
1546 5167 1873 5230 taciturnos,
1908 5174 1963 5220 et
2004 5166 2097 5234 qui
2134 5166 2190 5219 in
2222 5180 2340 5231 sua,

653 5265 661 5272 '
762 5270 818 5313 et
840 5274 949 5313 non
972 5258 1203 5312 aliorum
1236 5269 1503 5328 potestate
1520 5266 1667 5324 sunt,
1692 5273 1817 5313 cum
1844 5268 2068 5312 secretae
2096 5272 2181 5311 res
2205 5258 2343 5321 istae,

762 5361 824 5404 ut
855 5350 1178 5405 secretiores
1193 5350 1345 5417 fiant,
1377 5351 1600 5406 minime
1628 5350 1694 5405 ad
1726 5351 2172 5419 cognoscendum
2202 5351 2343 5403 mul-

764 5441 998 5495 titudine
1030 5439 1297 5510 indigent.

841 5533 895 5587 9.
922 5531 1169 5587 Delibera
1196 5533 1369 5598 tarde,
1396 5532 1498 5587 nisi
1530 5533 1713 5604 aliqua
1743 5534 2040 5590 necessitas
2084 5534 2338 5589 celerita-

766 5633 877 5678 tem
910 5622 1171 5689 requirit;
1216 5621 1307 5675 ubi
1338 5624 1702 5689 consulueris,
1758 5625 1803 5678 si
1851 5624 2061 5680 nullttm
2111 5624 2338 5696 impedi.

764 5721 1008 5769 ruentum
1044 5714 1136 5777 sit,
1168 5721 1379 5767 mature
1414 5712 1599 5768 facito.

842 5803 924 5858 ltl.
955 5800 1192 5874 Tempus
1220 5812 1274 5862 et
1304 5804 1506 5872 locum,
1532 5806 1987 5877 quemadmodum
2023 5807 2337 5879 praedictum

2455 2311 2511 2363 τί
2544 2312 2772 2382 πρᾶξαι,
2808 2315 2977 2384 ῆγουν
2998 2316 3059 2368 τὸ
3091 2317 3384 2387 πρόσωπον
3416 2320 3479 2372 τὸ
3502 2321 3693 2391 μέλλον
3709 2323 3807 2394 τὴν
3847 2325 4045 2397 βουλὴν

2458 2405 2535 2466 εῖς
2562 2404 2737 2476 πέρας
2756 2406 3012 2477 πράξεως
3032 2408 3286 2477 ἀγαγεῖν,
3309 2410 3398 2465 διὰ
3416 2411 3471 2463 τί
3497 2413 3726 2484 πρᾶξαι,
3752 2418 3922 2487 ἡγουν
3945 2420 4045 2491 τὴν

2458 2495 2636 2549 αἰτίαν
2661 2497 2728 2549 δι’
2755 2498 2823 2569 ῆν
2856 2498 2891 2567 ὴ
2929 2500 3130 2570 πρᾶξις
3156 2498 3361 2569 ὀφείλει
3388 2502 3662 2571 γενέσθαι.

2527 2586 2589 2641 δ’.
2653 2590 2711 2642 '0
2758 2589 2817 2642 δὲ
2857 2589 3240 2660 βουλευόμενος
3278 2592 3402 2646 καθ’
3438 2593 3652 2660 ἑαυτὸν,
3690 2596 3753 2661 ἐξ
3790 2600 4041 2670 ἀνάγκης

2457 2679 2675 2749 πρῶτον
2732 2682 2833 2753 τὴν
2882 2682 3119 2736 διάνοιαν
3170 2683 3466 2755 ἐλευθέραν
3508 2686 3679 2757 ἐχέτω
3716 2689 3829 2744 τῶν
3866 2692 4047 2747 ἄλλων

2454 2770 2733 2838 ἁπάντων,
2770 2772 3007 2842 μάλιστα
3044 2773 3101 2826 δὲ
3134 2773 3243 2828 τῶν
3276 2774 3589 2845 ἀνηκόντων
3616 2780 3696 2842 εἱς
3720 2779 3784 2833 τὸ
3810 2783 4045 2852 πρᾶγμα

2457 2861 2587 2933 περὶ
2617 2856 2678 2915 οὗ
2705 2863 3045 2933 βουλεύεται,
3096 2864 3209 2919 εῖτε
3239 2865 3461 2937 ἔχθρας,
3493 2868 3529 2940 ἢ
3567 2869 3771 2939 φιλίας,
3812 2873 3849 2943 ἦ
3897 2890 4045 2940 τινος

2457 2952 2618 3006 άλλου
2643 2953 2869 3019 πάθους.

2528 3043 2585 3096 ε’.
2626 3042 2761 3099 Εἶτα
2811 3047 2948 3119 μηδὲ
3000 3049 3162 3119 μόνον
3209 3051 3271 3106 τὸ
3314 3053 3536 3110 εὔκολον
3575 3058 3768 3114 δοκοῦν
3791 3062 4043 3133 ὶκλέγου,

2457 3133 2554 3186 καλ⁵
2592 3134 2768 3206 τούτῳ
2791 3137 3051 3209 πρόσεχε,
3071 3139 3208 3195 ἀλλὰ
3236 3142 3415 3196 πάντα
3459 3145 3527 3199 τὰ
3551 3146 3752 3203 δυνατά
3785 3152 4041 3218 γενέσθαι

2382 3214 2429 3277 C
2464 3219 2762 3289 πρόϐλεπε,
2814 3226 2945 3288 ῖσως
2988 3226 3099 3280 τῶν
3142 3230 3486 3299 πραγμάτων
3528 3235 3710 3291 αὐτῶν
3760 3214 3908 3309 μετὰ
3948 3242 4049 3312 τὴν

2460 3311 2679 3383 εναρξιν
2736 3314 3146 3375 ὑποϐαλλόντων
3203 3322 3298 3374 καὶ
3340 3321 3468 3375 ἄλλο
3524 3342 3578 3379 τι
3622 3311 4047 3402 συμφορώτερον

2456 3404 2592 3477 ὅπερ
2622 3407 2946 3478 παρέλιπες.

2528 3495 2603 3560 ς’.
2641 3497 2707 3550 Et
2731 3497 2787 3552 δὲ
2822 3498 2899 3569 μὴ
2953 3499 3098 3564 ίδίως
3123 3501 3516 3573 βουλεύσασθαι
3548 3548 3564 3574 ,
3612 3507 3750 3563 ἀλλά
3796 3511 3900 3565 καὶ
3927 3513 4044 3567 δτι-

2458 3605 2586 3659 ρους
2652 3589 2987 3660 παραλαϐεῖν
3041 3594 3182 3665 πρὸς
3225 3596 3325 3667 τὴν
3365 3596 3650 3668 διάσκεψιν
3695 3598 4041 3673 βουληθείης,

2452 3681 2681 3735 σεαυτὸν
2719 3682 2924 3752 ὁμοίως
2975 3685 3265 3756 ετοίμασον
3308 3688 3519 3760 ἀπαθῆ,
3568 3689 3757 3762 ὥσπερ
3796 3692 4041 3764 εἴρηται,

2450 3772 2526 3835 ώς
2560 3775 2608 3825 εί
2656 3774 2777 3827 καθ’
2823 3776 3015 3830 ἑαυτὸν
3054 3778 3384 3835 ἐϐουλεύσω.
3427 3782 3567 3846 Τοὺς
3591 3783 3650 3837 δὲ
3692 3785 4040 3855 συμϐούλους

2451 3864 2824 3935 περιλαμϐανε
2860 3868 3157 3939 ιμπείρους
3216 3869 3311 3925 τοῦ
3357 3874 3705 3943 πράγματος,
3750 3892 4045 3947 προορατι-

2452 3956 2582 4019 κοὺς
2670 3957 2767 4009 καὶ
2841 3962 3271 4029 στοχαστικοὺς,
3340 3963 3645 4034 συμπαθεῖς
3725 3970 3822 4020 καὶ
3901 3970 4043 4034 ὀξεῖς

2446 4050 2527 4111 εἰς
2574 4048 2635 4101 τὸ
2701 4051 2893 4119 νοῆσαι
2943 4052 3038 4104 καὶ
3094 4052 3401 4120 ἀσφαλεῖς,
3460 4054 3585 4108 οὔτε
3633 4074 3715 4110 σοι
3773 4058 3854 4128 τῷ
3920 4061 4045 4129 βου-

2447 4139 2756 4211 λευσομένῳ
2796 4143 3105 4212 ὑπήκοντας
3144 4146 3288 4198 κατὰ
3331 4146 3513 4217 χάριν,
3569 4147 3693 4201 οὔτε
3738 4150 3819 4218 τῷ
3866 4152 4045 4221 κυρίῳ

2444 4232 2538 4285 τοῦ
2563 4233 2909 4303 πράγματος,
2941 4234 3067 4288 οὔτε
3094 4236 3368 4307 ἀλλήλοις,
3396 4238 3658 4307 λέγοντας
3677 4240 3737 4294 δὲ
3761 4242 3825 4294 τὸ
3843 4245 4041 4311 φαινό-

2446 4341 2628 4395 μενον,
2662 4327 2947 4398 ἀκεραίους
2981 4345 3044 4381 τε
3091 4329 3191 4391 τὰς
3222 4330 3468 4401 γνώμας,
3503 4333 3594 4386 καὶ
3617 4333 4042 4405 άπροσκλινεῖς,

2443 4417 2539 4470 καὶ
2603 4416 2876 4487 μηδεμίαν
2943 4418 3002 4485 ἐξ
3079 4420 3290 4473 ἑαυτῶν
3357 4422 3697 4494 παρέχοντας
3755 4426 4042 4497 επιϐολὴν,

2368 4556 2413 4611 D
2442 4507 2581 4611 ἀλλά
2607 4511 2675 4578 τῇ
2705 4510 2843 4579 αὐτῇ
2881 4510 3001 4580 ὥρᾳ
3052 4510 3112 4563 τὸ
3150 4512 3576 4584 συμφορώτερον
3612 4515 4041 4585 δοκιμάσαντας.

2513 4598 2577 4662 ζ’.
2612 4601 2731 4653 Εἰσὶ
2758 4603 2867 4672 γάρ
2893 4602 3038 4664 τινες
3065 4619 3119 4655 τι
3147 4606 3205 4656 ὲν
3234 4605 3447 4667 ἑαυτοῖς
3472 4605 3708 4675 δρῶντες
3738 4607 3868 4661 ῖδιον
3892 4626 4039 4680 συμ-

2444 4693 2608 4763 φέρον
2642 4693 2850 4763 ἑτέροις
2905 4693 3000 4757 οὓς
3044 4695 3356 4762 ἀγαπῶσιν,
3391 4697 3425 4767 ἢ
3474 4698 3732 4768 κήδονται
3771 4700 3868 4753 καὶ
3910 4704 4040 4755 im-

2447 4786 2742 4837 σκέπονται
2785 4785 2883 4855 τὴν
2937 4787 3118 4858 κρίσιν
3162 4788 3258 4841 τοῦ
3304 4789 3648 4860 πράγματος,
3696 4792 3793 4844 καὶ
3838 4792 4040 4847 πολλά-

2445 4893 2534 4939 κις
2582 4877 2682 4928 οὐκ
2750 4876 3045 4942 ἐνδιδόντες
3105 4880 3517 4952 παρατρέπουσι
3569 4881 3669 4949 τὴν
3738 4881 3970 4956 γνώμην
4010 4884 4041 4939 ὃ

2452 4971 2730 5040 βούλονται
2740 5014 2751 5025 .

2515 5061 2589 5133 η’.
2637 5062 2762 5116 Ἐπὶ
2789 5063 2846 5118 δὲ
2874 5063 2984 5117 τῶν
3006 5065 3335 5137 ἀπορρήτων
3369 5068 3464 5120 καὶ
3490 5068 3752 5138 κρυπτῶν
3773 5075 4041 5141 πραγμα-

2440 5171 2553 5208 των
2599 5157 2696 5209 καὶ
2728 5157 2956 5220 πιστοὺς
2987 5157 3410 5229 παραλάμϐανε,
3450 5159 3548 5213 καὶ
3578 5160 3892 5231 ὶγκρατεῖς,
3945 5168 4042 5217 καὶ

2447 5249 2767 5317 μυστηρίων
2822 5250 3091 5318 φύλακας,
3126 5250 3219 5303 καὶ
3254 5250 3332 5321 μὴ
3367 5251 3474 5304 ὑπὸ
3509 5251 3610 5322 τὴν
3646 5252 3853 5323 ἑτέρων
3884 5254 4040 5320 δεου-

2438 5339 2561 5393 σίαν
2593 5339 2773 5406 ὄντας,
2808 5341 2995 5421 ἄλλοτε
3025 5341 3159 5413 μηδὲ
3182 5342 3281 5413 τῆς
3310 5342 3497 5414 χρείας
3520 5342 3727 5415 ταύτης
3750 5344 4039 5409 πλείστους

2443 5428 2705 5500 δεομένης
2731 5431 2823 5484 διὰ
2848 5432 2908 5485 τὸ
2948 5432 3377 5505 μυστικώτερον.

2520 5526 2548 5578 0
2573 5564 2585 5578 .
2624 5525 2735 5577 Καὶ
2775 5524 3033 5593 βουλεύου
3073 5527 3172 5596 μὲν
3198 5524 3463 5596 βραδέως,
3497 5526 3548 5579 εί
3576 5527 3650 5598 μή
3684 5543 3772 5591 τις
3790 5528 3956 5600 χρεία
3978 5530 4041 5583 τὺ

2448 5621 2609 5689 τάχος
2660 5619 2917 5671 ἀπαιτεῖ·
2973 5618 3043 5669 τὰ
3088 5617 3146 5670 δὲ
3190 5617 3547 5688 βουλευθέντα
3605 5636 3709 5685 σοι,
3766 5623 3815 5674 εἰ
3870 5622 4039 5692 μηδὲν

2450 5709 2742 5783 ἐμποδίζῃ,
2769 5709 2977 5780 ταχέως
3008 5708 3265 5763 ἐπιτέλει.

2525 5805 2604 5863 ιε’.
2639 5808 2843 5878 Καιρὸν
2870 5805 3042 5877 δὲ,ώς
3067 5806 3303 5878 εἴρηται,
3336 5809 3429 5863 καὶ
3458 5810 3623 5864 τόπον
3649 5808 3853 5881 ὁμοίως
3886 5809 4042 5864 ἐκλέ-
