4176 6446
109 397 209 458 697

1196 396 1525 455 TACTHIA.
1552 422 1617 431 -
1649 397 2152 457 CONSTITUTIU
2200 401 2289 457 IV.

3236 408 3342 470 698

99 531 191 580 γου
222 514 321 565 καὶ
356 510 729 573 κατασκεύαζε
758 511 834 579 τῷ
862 510 1144 580 πράγματι
1174 511 1393 571 οἰκεῖον,
1429 510 1567 579 πλὴν
1599 510 1673 579 μὴ

1780 519 1879 571 est.
1932 510 2008 565 rei
2056 512 2312 565 idoneum
2344 510 2497 581 elige.
2527 510 2631 566 Sed
2675 516 2741 567 dc
2784 528 2847 569 ea
2896 513 3103 570 referas
3142 532 3248 571 non
3287 521 3356 575 ad

97 608 186 659 ἐπὶ
214 608 301 658 σοὶ
338 607 484 676 μόνῳ
519 605 758 676 άνάφερε
786 603 885 673 τὴν
937 604 1065 673 περὶ
1095 602 1300 655 τούτων
1327 601 1529 672 κρίσιν,
1559 602 1674 655 ἀλλ’

97 696 185 747 ἐπὶ
212 696 424 757 πάντας
450 696 575 757 τοὺς
601 692 990 757 κοινωνοῦντας
1016 692 1094 763 τῷ
1122 690 1409 762 πράγματι
1430 691 1547 760 ἅμα
1570 708 1673 743 σοι.

102 788 203 839 Καὶ
250 786 309 839 τί
360 787 460 855 μὲν
513 787 631 840 δέον
682 804 741 838 σε
797 785 1001 855 πρᾶξαι
1058 784 1335 844 σκέπτου,
1382 785 1477 835 καὶ
1538 783 1677 851 μετὰ

99 878 358 930 πλειόνων
406 878 685 947 βουλεύου,
728 877 763 931 ἃ
795 877 850 930 δὲ
884 877 1089 947 πρᾶξαι
1118 874 1404 944 βουλεύσῃ,
1442 874 1538 926 σὺν
1562 873 1677 925 ὀλί-

97 985 227 1035 γοις.
257 966 375 1037 Τὴν
420 969 475 1021 δὲ
510 968 762 1021 καλλίονα
811 970 1035 1036 γνώμην
1061 964 1446 1033 ἐπιλεξάμενος
1480 966 1675 1032 κάτεχε

98 1060 242 1128 παρὰ
272 1061 509 1129 σεαυτῷ,
540 1059 629 1113 ἵνα
663 1060 738 1129 μὴ
768 1061 878 1120 τοῖς
907 1057 1173 1121 ἐναντίοις
1218 1056 1535 1125 καταφανὴς
1585 1055 1676 1107 καὶ

97 1151 149 1203 εὖ
182 1152 575 1213 ἐπιϐούλευτος
605 1151 885 1219 γενέσθαι.

163 1242 251 1295 ια’.
302 1243 387 1294 Τά
435 1244 489 1296 δὲ
540 1245 843 1313 πράγματα
894 1241 1145 1304 πλείονας
1198 1238 1495 1311 χορηγοῦσι
1548 1237 1674 1299 τοὺς

98 1335 333 1396 nemo;
378 1334 529 1397 ἴσως.
568 1334 665 1397 Τίς
706 1332 1027 1401 περίστασις
1072 1334 1135 1385 ὲκ
1169 1332 1385 1384 πάντων
1426 1329 1536 1382 τῶν
1583 1346 1677 1398 με-

100 1426 201 1492 ρῶν
274 1427 489 1494 φανερὰ
538 1425 770 1491 γένηται
820 1425 933 1485 τοῖς
996 1421 1450 1490 συνκεκλημένοις
1506 1422 1563 1473 ὲν
1609 1422 1675 1489 τῇ

101 1514 253 1585 βουλῇ
287 1512 708 1584 συμϐαλλομένη
738 1516 804 1584 τῇ
839 1513 1032 1583 γνώμῃ
1062 1512 1163 1579 τῆς
1195 1510 1525 1582 συμϐουλῆς.

166 1690 249 1758 ιβ’.
285 1691 505 1752 Πάντας
531 1689 585 1742 δὲ
613 1690 715 1760 χρὴ
741 1692 929 1759 ῥέπειν
966 1690 1060 1742 καὶ
1090 1688 1402 1758 συντρέχειν
1439 1686 1519 1749 εἰς
1555 1686 1677 1754 φιλ-

98 1779 269 1850 αλήθη
327 1782 419 1832 καὶ
461 1780 642 1851 ἀπαθῆ
688 1782 1006 1850 συζήτησιν,
1056 1781 1148 1833 καὶ
1192 1776 1537 1848 κηδεμονίαν,
1583 1777 1678 1828 καὶ

99 1871 359 1940 πρόνοιαν
379 1870 473 1925 τοῦ
498 1872 946 1941 συγκαλέσαντος.

170 2042 257 2111 ιγ’.
298 2043 465 2106 Τέλος
508 2044 566 2095 δὲ
608 2044 707 2113 τῆς
740 2042 935 2112 βουλῆς
980 2040 1121 2093 ἔστω
1157 2056 1239 2093 σοι
1283 2040 1345 2093 τὸ
1386 2039 1675 2110 εὑρεθῆναι

98 2137 175 2198 είς
196 2134 427 2204 πράξεις
458 2136 552 2188 καὶ
580 2136 697 2199 πῶς
735 2136 985 2207 πράξεις,
1022 2136 1115 2188 καὶ
1140 2134 1267 2197 ποῦ,
1295 2134 1389 2186 καὶ
1428 2134 1580 2195 πότε,
1628 2133 1676 2183 εί

101 2227 176 2297 μὴ
204 2227 444 2297 πράξῃς,
467 2228 563 2280 καὶ
594 2227 686 2281 διὰ
710 2227 765 2279 τί
793 2228 901 2296 ἄρα
926 2226 987 2277 οὐ
1020 2225 1269 2296 πράξεις.

165 2316 245 2370 ιδ’.
292 2319 386 2371 Ἐν
408 2313 489 2382 οἷς
518 2319 576 2371 δὲ
608 2316 838 2387 βουλεύῃ
875 2316 969 2370 καὶ
1004 2319 1062 2370 ἐν
1098 2320 1211 2381 τοίς
1238 2315 1571 2386 ἐμπίπτουσι
1606 2317 1675 2386 τῇ

102 2407 263 2479 βουλῇ
290 2410 513 2471 σκοποῖς
546 2407 859 2478 συντρέχειν
881 2408 963 2460 δεῖ
985 2407 1102 2477 ἅμα
1128 2408 1222 2461 καὶ
1243 2406 1306 2459 τὸ
1334 2406 1560 2460 δυνατὸν
1586 2408 1678 2460 καὶ

98 2496 160 2547 τὸ
190 2496 473 2566 συμφέρον
493 2510 507 2524 ·
542 2494 746 2548 τούτων
767 2496 878 2567 γάρ
901 2491 1039 2549 εἶναι
1073 2493 1148 2564 μὴ
1174 2494 1488 2565 δυναμένων
1514 2496 1677 2549 ἀσθε-

99 2587 197 2656 νὴς
226 2588 263 2656 ἠ
302 2585 467 2655 βουλὴ
498 2586 595 2640 καὶ
635 2585 841 2656 ματαία
868 2585 1098 2639 αὐτόθεν
1131 2585 1265 2638 οὖσα
1312 2589 1674 2653 κατανοετται,

100 2676 194 2729 καὶ
221 2675 417 2746 ὥσπερ
438 2678 496 2730 ἑν
532 2675 653 2745 ὕψει
675 2678 709 2745 ἡ
738 2675 907 2746 αὐτῆς
925 2676 1118 2743 ἀλογία
1154 2676 1429 2746 βλέπεται.

174 2848 259 2904 ιε’.
286 2850 356 2904 Et
381 2850 492 2920 γάρ
517 2850 592 2921 μὴ
622 2851 891 2921 συμφέρει
932 2869 1013 2905 σοι
1041 2853 1178 2923 ὅπερ
1210 2852 1278 2907 ἂν
1304 2853 1587 2926 βουλεύσῃ,
1619 2856 1679 2908 ού

105 2941 266 3008 μόνον
310 2939 414 2992 οὐκ
454 2939 781 3011 ὠφελήσεις,
822 2941 961 2994 ἀλλὰ
995 2942 1194 3010 μᾶλλον
1223 2945 1316 2996 καὶ
1339 2943 1581 3013 βλάψεις.
1619 2947 1679 2999 El

101 3030 146 3084 δ’
167 3026 237 3084 αὖ
271 3031 439 3084 πάλιν
458 3032 521 3083 οὐ
553 3030 777 3084 δύνασαι
824 3032 895 3085 τὰ
925 3030 1281 3101 βουλευθέντα
1321 3033 1544 3105 πρᾶξαι,
1570 3054 1677 3106 μα-

1780 601 2014 669 teipsum
2063 601 2262 663 solum,
2298 601 2392 655 sed
2448 602 2613 655 etiam
2662 604 2731 657 ad
2782 620 2998 669 omnes,
3037 606 3133 675 qui
3175 616 3354 662 tecum

1780 690 1997 745 consilii
2032 692 2323 760 participes
2360 692 2597 755 fuerant,
2644 702 2699 747 et
2739 696 2869 764 quid
2911 695 3057 750 facto
3106 711 3245 767 opus
3287 700 3359 754 sit

1781 794 1905 835 cum
1940 780 2130 834 multis
2152 780 2426 835 delibera:
2459 796 2580 852 qua:
2599 797 2730 836 vero
2764 798 2924 852 agere
2946 787 3207 849 volueris.
3230 802 3356 842 cum

1783 872 1972 942 paucis
2022 874 2387 939 communica,
2438 885 2490 929 et
2545 875 2637 929 ubi
2683 879 2951 945 optimum
2996 894 3061 931 ex
3100 882 3357 936 omnibus

1781 965 2074 1019 consilium
2110 967 2340 1034 ceperis,
2380 968 2519 1035 apud
2556 976 2606 1021 te
2643 970 2820 1022 solum
2870 977 3013 1032 tene,
3055 984 3123 1043 ne
3167 972 3358 1027 adver-

1781 1058 1941 1114 sariis
1963 1058 2068 1113 hoc
2090 1057 2378 1123 indicetur,
2412 1066 2468 1112 et
2498 1058 2712 1115 insidiis
2736 1061 2952 1116 illorum
2982 1072 3261 1133 appetare.

1847 1233 1933 1287 11.
1963 1234 2070 1287 Res
2102 1234 2232 1303 ipsa:
2266 1234 2508 1289 diversas
2536 1244 2591 1289 et
2624 1235 2889 1304 plurimas
2939 1251 3083 1306 saepe
3113 1240 3354 1294 aﬂerunt

1784 1326 2112 1390 sententias;
2155 1326 2401 1381 fortassis
2426 1338 2606 1381 autem
2638 1329 2844 1398 qumvis
2884 1343 2971 1384 res
2996 1330 3357 1385 circumstans

1783 1416 1931 1468 omni
1960 1432 2026 1469 ex
2056 1427 2209 1484 parte
2235 1418 2526 1470 manifesta
2563 1418 2673 1481 lict,
2704 1418 2749 1471 si
2798 1420 3028 1487 singulae
3078 1421 3359 1473 consulto-

1783 1517 1903 1556 rum
1933 1507 2216 1558 sententiae
2247 1506 2392 1559 inter
2427 1506 2840 1561 deliberandum
2880 1509 2932 1561 in
2968 1525 3134 1563 unum
3174 1512 3358 1566 confe—

1787 1604 1990 1647 rantur.

1854 1685 1940 1739 19..
1977 1684 2177 1740 Omnes
2219 1701 2400 1741 autem
2431 1689 2628 1742 debent
2667 1689 2775 1743 huc
2833 1702 3079 1759 spectare
3119 1702 3172 1745 ct
3225 1710 3356 1748 con-

1786 1776 1969 1829 venire
2037 1777 2103 1831 ad
2155 1779 2358 1831 salvam
2422 1789 2582 1846 atque
2643 1781 2863 1834 illicsam
2947 1784 3352 1838 multitudinem

1701 1862 1745 1917 Β
1776 1874 2232 1935 conservandam,
2258 1882 2313 1926 et
2349 1874 2415 1926 ad
2450 1890 2637 1927 curam
2699 1876 3177 1947 provisionemque
3212 1880 3352 1949 ejus,

1776 1964 1869 2029 qtti
1903 1977 2000 2015 eos
2037 1963 2358 2017 convocavit
2392 1964 2817 2031 suscipiendam.

1850 2051 1935 2104 15.
1974 2052 2123 2108 Finis
2149 2055 2364 2108 consilii
2398 2057 2470 2110 sit
2494 2056 2609 2119 tibi,
2657 2068 2712 2112 ut
2749 2073 3051 2128 cognoscas
3089 2064 3142 2116 in
3193 2064 3356 2119 rebus

1777 2145 2048 2212 gerendis,
2082 2145 2175 2200 ubi
2203 2156 2257 2201 et
2277 2148 2498 2217 quando
2518 2151 2808 2217 agendum,
2833 2154 2915 2206 vel
2949 2169 3055 2208 non
3085 2158 3354 2224 agendum

1776 2234 1868 2299 sit,
1902 2244 1956 2290 et
1987 2253 2096 2307 qua
2124 2239 2192 2292 de
2214 2253 2381 2292 causa
2417 2240 2655 2308 quidque
2685 2243 2976 2311 agendum.

1847 2325 1935 2379 14.
1969 2324 2028 2380 In
2052 2327 2446 2383 deliberatione
2470 2338 2581 2394 tua,
2612 2340 2662 2385 et
2693 2332 2746 2384 in
2767 2334 3023 2388 oumibus
3046 2340 3354 2402 sententiis.

1777 2432 1899 2487 qua:
1941 2418 1996 2472 in
2047 2418 2500 2475 deliberationem
2547 2423 2795 2485 veniunt,
2847 2425 3041 2480 adesse
3091 2428 3205 2482 lucc
3246 2430 3357 2484 duo

1776 2518 1991 2577 oportet
2030 2525 2235 2580 :posse
2281 2512 2410 2564 illud
2463 2512 2603 2574 fieri,
2660 2522 2821 2582 atque
2849 2516 2979 2569 utile
3030 2533 3186 2586 esse;
3242 2521 3358 2575 haec

1776 2600 1921 2654 enim
1952 2602 2083 2663 duo,
2107 2601 2151 2654 si
2207 2615 2313 2653 non
2342 2601 2543 2665 adsint,
2590 2602 2863 2658 infirtuunt
2910 2609 3195 2662 consilium
3236 2626 3358 2666 esse

1777 2699 1828 2744 et
1860 2693 2208 2745 temerarium
2260 2694 2442 2748 statim
2507 2695 2960 2765 deprehenditur,
3020 2703 3179 2770 quasi
3232 2712 3358 2759 ante

1779 2781 1966 2836 oculos
1991 2781 2134 2835 illius
2164 2782 2354 2836 vitium
2392 2785 2654 2838 cernitur.

1851 2872 1936 2926 15.
1974 2871 2031 2925 Si
2070 2873 2215 2926 enim
2257 2873 2448 2927 inutile
2496 2875 2569 2927 sit
2629 2875 2698 2929 de
2746 2892 2857 2946 quo
2908 2878 3195 2947 deliberas,
3250 2900 3358 2939 non

1778 2963 1939 3017 modo
1965 2962 2424 3029 commodaberis,
2459 2979 2647 3019 verum
2684 2967 2851 3020 etiam
2880 2968 3112 3024 laederis.
3146 2971 3202 3025 Si
3230 2988 3359 3028 vero

1780 3067 1889 3106 non
1916 3052 2149 3121 pessunt
2174 3053 2243 3107 de
2264 3053 2467 3122 quibus
2490 3054 2852 3111 deliberatum
2881 3068 2965 3112 est
3001 3060 3210 3128 perfici,
3244 3063 3359 3117 ina~

100 3122 228 3175 ταία
273 3123 308 3191 ἡ
344 3120 627 3190 διάσκεψις
663 3122 743 3185 είς
784 3121 1013 3193 ἀνόητον
1046 3122 1199 3186 τέλος
1226 3123 1314 3177 διὰ
1337 3124 1440 3195 τὴν
1478 3127 1677 3180 ἀδυνα-

108 3212 237 3237 --ι-,,
275 3211 602 3237 _-_____.~_-_
675 3210 923 3237 natm..-
951 3212 1005 3237 ῃ.
1035 3214 1138 3237 ---λ
1183 3214 1537 3237 ---.η---.ιιμ.
1588 3218 1635 3237 -›

1782 3142 1866 3195 nis
1896 3120 2011 3195 haec
2039 3140 2409 3196 consideratio
2438 3143 2504 3196 ad
2558 3147 2908 3199 temerarium
2938 3120 3170 3213 exitum,
3209 3150 3357 3220 quod

107 3212 237 3281 μίαν
275 3211 627 3266 καταντῶσα.
674 3210 925 3265 Μάλιστα
949 3212 1007 3265 δὶ
1035 3214 1141 3285 χρὴ
1180 3214 1541 3281 φυλάττεσθαι
1580 3218 1679 3282 τάς

102 3304 413 3374 προχείρως
471 3302 851 3373 ὶμφερομένας
878 3303 936 3358 ἰν
962 3307 1075 3366 τοῖς
1116 3304 1406 3375 πράγμασι
1450 3306 1676 3376 βλάϐας,

103 3396 197 3449 καὶ
253 3395 363 3464 γὰρ
416 3396 467 3447 οἱ
516 3394 700 3448 πολλοὶ
738 3394 947 3465 ἕτοιμοί
979 3396 1086 3450 είσι
1112 3399 1233 3460 ταῖς
1275 3397 1375 3468 μὲν
1402 3402 1678 3469 φροντίσιν

104 3486 425 3556 εὐφραίνειν
470 3485 718 3553 ἑαυτοὺς,
744 3485 806 3539 τὸ
842 3486 900 3539 δὲ
930 3485 1200 3556 ἐμπίπτον
1223 3487 1324 3557 τῆς
1370 3487 1572 3559 βλάϐης
1603 3490 1678 3561 μὴ

105 3580 273 3648 προϐἳ
284 3580 459 3633 ἐπειν.

172 3758 272 3823 ις’.
294 3755 699 3827 Χρησιμωτάτη
719 3754 813 3808 οὖν
844 3756 993 3808 ἐστιν
1012 3755 1248 3811 ἐνταῦθα
1276 3757 1311 3827 ἡ
1342 3746 1680 3828 πανταχόθεν

104 3849 454 3920 περίσκεψις,
506 3848 600 3900 καὶ
663 3848 882 3901 πάντων
924 3846 1036 3901 τῶν
1075 3846 1316 3901 δυνατῶν
1365 3849 1677 3915 γενέσθαιό

106 3946 233 4012 περὶ
268 3940 367 4012 τὴν
406 3940 599 4007 σκέψιν
650 3938 1049 4008 ἀναλογισμός’
1111 3937 1174 3990 οὐ
1228 3941 1337 4007 γάρ
1381 3937 1678 4009 προδώσεις

107 4031 299 4083 ἑαυτὸν
346 4027 649 4099 προπετείᾳ
676 4027 872 4098 τυφλῇ,
911 4028 1035 4081 οὐδὲ
1061 4030 1183 4090 ταῖς
1212 4028 1529 4097 ἐπιθυμίαις
1568 4030 1679 4082 τῶν

111 4121 366 4191 πράξεων
396 4120 733 4189 γλυκὸμενος
758 4120 836 4183 εις
868 4118 1173 4189 προδήλους
1197 4120 1478 4184 κινδύνους
1504 4122 1679 4191 ἐμπέ-

316 4302 486 4355 Πάλιν
536 4302 592 4355 δὲ
632 4302 694 4353 τὸ
722 4299 895 4354 δειλὸν
944 4300 1041 4353 καὶ
1088 4300 1323 4369 θάρσους
1372 4302 1539 4371 χωρὶς
1580 4304 1680 4355 οὐκ

110 4396 257 4447 ἔστιν
286 4392 523 4455 ἀϐλαϐές
545 4407 565 4425 ο
610 4391 943 4460 φοϐούμενος
969 4390 1078 4460 γὰρ
1099 4391 1166 4442 τὰ
1189 4391 1358 4459 άλογα
1385 4393 1680 4461 παραπτώ-

1784 3230 1837 3286 id
1870 3231 1986 3286 fieri
2018 3232 2167 3285 nullo
2189 3234 2348 3286 modo
2377 3242 2473 3286 aut
2494 3233 2576 3287 via
2601 3242 2801 3302 potest,
2842 3239 3156 3294 necessario
3190 3243 3358 3310 perti~

1786 3330 1895 3377 net.
1923 3321 1979 3376 lu
2019 3324 2208 3392 primis
2233 3334 2415 3377 autem
2454 3326 2629 3378 vitare
2653 3336 2864 3394 oportet
2894 3343 2987 3383 eas
3011 3328 3345 3387 oﬂensioues

1782 3429 1905 3484 qua:
1938 3414 1992 3467 in
2024 3424 2278 3483 promptu
2325 3424 2454 3468 sunt
2486 3432 2499 3468 :
2536 3414 2729 3483 vulgus
2758 3417 2905 3469 enim
2956 3418 3240 3474 hominum
3278 3439 3360 3476 so-

1783 3503 1857 3558 let
1896 3517 2080 3558 rerum
2130 3502 2438 3557 futurarqu
2475 3505 2899 3575 cogitationibus
2950 3510 3160 3578 scipsos
3207 3513 3358 3565 oble-

1783 3599 1952 3651 ctare,
2004 3588 2334 3645 offensiones
2374 3600 2556 3645 autem
2609 3593 3031 3651 circumstantes
3078 3601 3359 3667 providere

1786 3693 1893 3732 non
1919 3678 2076 3732 solet.
2261 3746 2268 3755 .

1855 3770 1941 3823 16.
1977 3770 2275 3825 Utilissima
2316 3778 2498 3826 autem
2538 3780 2622 3824 est
2665 3772 2716 3824 in
2750 3788 2941 3828 omnes
2981 3784 3162 3844 partes
3188 3778 3356 3832 animi

1784 3862 1941 3931 quasi
1961 3848 2267 3924 excubatio,
2285 3871 2339 3914 et
2365 3876 2556 3914 eorum
2586 3876 2705 3929 quae
2731 3864 2837 3916 ulla
2857 3865 3066 3919 ratione
3101 3866 3213 3921 fieri
3237 3884 3360 3937 pos-

1786 3962 1913 4007 sunt
1946 3954 1997 4006 itt
2036 3951 2449 4007 considerandis
2479 3954 2642 4007 rebus
2678 3957 3029 4022 pertractatio
3064 3976 3076 4010 :
3112 3959 3185 4011 ita
3205 3961 3357 4013 enim

1785 4048 1876 4099 lict
1900 4053 1958 4098 ut
1988 4058 2167 4113 neque
2202 4045 2430 4113 teipsum
2462 4045 2628 4098 nimis
2668 4060 2824 4099 mecm
2859 4048 3148 4100 temeritati
3191 4065 3359 4118 expo-

1786 4151 1906 4195 nas.
1947 4149 2045 4189 ucc
2080 4150 2273 4189 rursus
2297 4136 2462 4188 nimia
2496 4152 2678 4189 rerum
2716 4139 3012 4205 cupiditate
3046 4140 3276 4206 illectus,
3302 4143 3355 4195 in

1786 4227 2131 4282 manifestum
2154 4227 2370 4294 aliquod
2396 4227 2690 4281 discrimen
2726 4229 2957 4283 incidas.

1852 4318 1938 4371 17.
1964 4317 2175 4371 Rursus
2203 4318 2366 4369 timor
2390 4317 2597 4385 absque
2624 4317 2730 4370 ulla
2756 4317 2982 4372 audacia
3020 4334 3050 4373 a
3084 4321 3216 4373 vitio
3249 4336 3358 4372 non

1786 4411 1938 4463 abest
1965 4428 1977 4462 :
2003 4418 2059 4463 et
2099 4408 2194 4476 qui
2225 4409 2451 4475 quosvis
2488 4410 2808 4461 temerarios
2861 4424 3025 4463 casus
3078 4410 3356 4475 formidat,

114 4501 283 4552 ματα,
349 4484 444 4537 καὶ
492 4483 564 4535 τά
620 4482 838 4535 ἐναντία
905 4497 989 4534 σοι
1040 4481 1297 4535 δοκοῦντα
1352 4485 1677 4553 παραλόγως

1790 4512 1992 4556 temere
2021 4515 2162 4568 saepe
2196 4500 2461 4553 adversus
2488 4500 2729 4567 seipsum
2771 4499 2940 4553 multa
2977 4499 3126 4565 facit,
3157 4510 3211 4555 et
3238 4517 3361 4570 qua:

110 4571 655 4642 πραγματευόμενος.
711 4570 975 4632 πολλάκις
1017 4569 1125 4623 τῶν
1173 4572 1557 4641 συμφερόντων
1593 4592 1677 4632 σοι

1780 4605 1844 4644 cx
1899 4604 1999 4643 usu
2058 4602 2162 4643 suo
2204 4599 2333 4641 sunt
2382 4588 2624 4657 negligit,
2692 4597 2748 4642 et
2803 4588 2872 4642 ab
2915 4589 3137 4644 utilibus
3196 4569 3360 4646 rebus

111 4663 451 4733 πραγμάτων
488 4662 898 4732 κατημέλησας,
940 4662 1037 4715 καὶ
1077 4664 1178 4733 τῆς
1214 4662 1395 4717 αὐτῶν
1437 4665 1683 4737 ἀπέστης

113 4752 385 4821 πράξεως.

180 4840 274 4913 ιη’.
314 4841 471 4895 Οὕτω
499 4842 599 4911 μὲν
644 4838 737 4895 οὖν
777 4860 861 4895 σοι
894 4843 982 4896 διὰ
1012 4843 1280 4914 βραχέων,
1314 4839 1360 4898 ὦ
1384 4862 1680 4918 στρατηγε,

115 4935 239 5003 περὶ
270 4932 467 5003 βουλῆς
504 4932 885 4997 διεξελθόντες,
917 4933 1047 5003 έξῆς
1069 4935 1284 5005 καὶτῆς
1317 4935 1424 4989 τῶν
1459 4938 1684 5009 πολεμι-

115 5024 223 5076 κῶν
257 5023 437 5094 ἔργων
470 5039 531 5076 τε
578 5026 673 5075 καὶ
728 5023 981 5093 πράξεων
1007 5028 1273 5096 τακτικῆς
1301 5025 1676 5097 ἀπαρξόμεθα.

682 5131 993 5185 ΔΙΔΤΑΞΙΣ
1025 5130 1099 5184 Δ’.

182 5247 321 5317 Περὶ
352 5244 694 5314 διαιρέσεως
720 5245 979 5317 στρατοῦ
1002 5285 1017 5309 ,
1050 5248 1145 5299 καὶ
1188 5248 1604 5316 καταστάσεως

735 5316 1062 5382 ἀρχόντων.

186 5406 254 5460 α’.
282 5405 593 5475 Κελεύομεν
642 5406 820 5459 τοίνυν
852 5408 919 5475 τῇ
976 5409 1042 5476 σῇ
1076 5407 1377 5478 ὲνδοξότητι
1407 5410 1546 5463 κατά
1587 5411 1686 5481 τὴν

124 5504 321 5559 ἄνωθεν
362 5503 458 5558 καὶ
502 5503 563 5567 ιξ
619 5502 795 5574 ἀρχῆς
838 5503 1125 5575 συνήθειαν
1168 5503 1293 5566 τοὺς
1352 5504 1686 5574 στρατιώτας

126 5596 356 5658 καὶτοὺς
385 5593 658 5664 ἄρχοντας
692 5592 873 5647 αὐτῶν
911 5592 1285 5658 ἐπιλέξασθαι,
1315 5594 1413 5657 οὓς
1447 5595 1512 5648 ἂν
1544 5597 1689 5650 δοκι-

130 5687 303 5758 μάσῃς
340 5688 557 5750 ἱκανοὺς
603 5682 743 5740 εἶναι
775 5687 914 5758 πρὸς
956 5687 1056 5757 τὴν
1086 5686 1184 5739 τοῦ
1213 5688 1453 5756 πολέμου
1473 5692 1680 5759 χρείαν.

139 5772 357 5846 men
399 5776 457 5830 δὲ
491 5775 825 5847 στρατιώτας
853 5779 963 5834 άπὸ
998 5779 1202 5844 παντὸς
1242 5780 1338 5835 τοῦ
1366 5780 1472 5835 ύπδ
1502 5782 1561 5834 σὲ
1595 5782 1683 5835 θέ-

1777 4681 2137 4751 suscipiendis
2167 4680 2445 4733 abhorret.

1849 4859 1937 4912 18.
1987 4856 2140 4910 Brevi
2196 4856 2381 4923 igitur,
2419 4870 2453 4906 ο
2488 4856 2811 4922 imperator,
2851 4870 2976 4910 cum
3008 4856 3075 4910 de
3121 4855 3354 4910 consilio

1788 4948 2049 5017 capiendo
2071 4946 2491 5015 disputavimus.
2537 4954 2708 4999 restat
2741 4954 2801 4998 ut
2838 4948 2904 5001 de
2948 4947 3112 5001 rebus
3147 4946 3360 5002 bellicis

1788 5048 1843 5094 ct
1878 5038 2204 5092 militaribus
2232 5037 2539 5092 actionibus
2578 5036 2739 5089 verba
2786 5036 3071 5092 faciamus.

2277 5149 2408 5204 (ΞοΝ
2419 5146 2739 5203 STITUTIO
2782 5148 2870 5203 IV.

1861 5265 1935 5319 De
1957 5264 2212 5317 divisione
2236 5263 2523 5325 exercitus,
2556 5270 2605 5314 ct
2627 5260 3012 5314 constituendis
3045 5261 3288 5316 ducibus.

1864 5424 1913 5475 1.
1946 5420 2298 5491 Praecipimus
2325 5420 2489 5489 igitur
2510 5418 2763 5487 dignitati
2795 5431 2901 5472 tute
2930 5429 3012 5483 ut,
3061 5435 3159 5489 pro
3193 5430 3361 5474 vetcrt

1788 5525 1940 5564 more
1984 5509 2484 5578 consuetudineque
2515 5516 2632 5572 tua,
2662 5507 2858 5561 milites
2894 5516 2950 5562 et
2982 5508 3148 5563 duces
3186 5524 3254 5564 ex
3294 5511 3362 5564 iis

1788 5599 1976 5667 eligas,
2003 5614 2142 5667 quos
2163 5600 2229 5653 ad
2264 5599 2393 5653 belli
2434 5614 2591 5654 usum
2618 5599 2856 5653 maxime
2887 5598 3117 5654 idoneos
3143 5599 3364 5668 judica-

1789 5689 1955 5742 veris.
1990 5689 2069 5742 Ex
2104 5690 2252 5742 omni
2285 5689 2491 5745 ditione
2518 5690 2620 5745 sub
2656 5699 2810 5745 tuum
2838 5689 3126 5760 imperium
3175 5691 3365 5761 subje-

1790 5789 1878 5835 cta
1908 5780 2111 5837 milites
2138 5779 2304 5851 eliges
2338 5796 2516 5853 neque
2544 5782 2937 5850 adolescentes,
2972 5795 3152 5854 neque
3179 5795 3358 5845 senes,
