4176 6446
772 378 881 441 699

2050 366 2317 426 [ΕΘΝιὸ
2348 366 2799 427 I‘llllDSOPlll

3922 378 4034 440 700

774 485 868 539 sed
901 484 1095 550 fortes,
1121 485 1397 550 robustos,
1423 485 1655 545 alacres,
1688 483 1906 547 divites,
1937 491 1995 534 ut
2021 480 2073 533 in
2096 480 2350 547 expedito

2457 496 2641 547 ματος,
2672 495 2808 549 μητε
2832 480 3047 542 παῖδας.
3087 482 3222 550 μήτε
3251 484 3530 551 γέροντας,
3564 483 3695 535 ἀλλά
3726 484 4030 553 ἀνδρείους,

771 584 826 628 et
854 575 1138 643 prccinctu
1179 588 1303 627 cum
1331 576 1462 638 sint,
1503 574 1556 628 id
1590 583 1696 636 est,
1735 575 1788 626 in
1820 572 2042 637 castris,
2074 580 2128 625 et
2159 570 2211 623 in
2235 571 2351 638 ipso

773 675 917 720 coetu
950 679 1013 717 ac
1051 664 1399 719 multitudine
1429 665 1725 727 exercitus,
1771 662 1918 733 quod
1956 662 2119 716 hodie
2147 660 2351 716 Fossa-

774 766 888 810 tum
915 756 1269 824 appellamus,
1304 757 1372 810 ad
1407 772 1517 810 rem
1554 755 1814 824 privatam
1866 767 2020 808 suam
2059 761 2115 805 et
2168 752 2353 806 dome-

772 849 962 900 sticam
981 847 1139 912 quasi
1159 847 1421 907 militiam
1454 854 1750 914 occupatos
1780 844 1930 897 domi
1958 842 2194 895 habeant
2214 842 2353 895 alios

773 937 1060 1005 agricolas,
1100 946 1155 990 et
1182 946 1243 989 ut
1272 945 1628 999 armaturam,
1673 942 1871 988 caetera
1905 930 2208 1002 quaemiliti
2256 944 2353 983 ne—

771 1030 1008 1081 cessaria
1044 1036 1191 1089 sunt,
1219 1026 1643 1081 subministrare
1673 1026 1927 1094 possint;
1969 1032 2024 1075 et
2058 1030 2116 1074 ut
2150 1019 2353 1074 liberas

772 1118 980 1173 interea
1010 1120 1150 1173 aedes
1180 1119 1249 1172 ali
1280 1120 1428 1173 omni
1452 1120 1555 1173 alia
1582 1119 1792 1186 publica
1810 1116 2072 1169 servitute
2093 1114 2350 1168 habeant.

771 1206 1028 1260 Nostrum
1080 1208 1224 1261 enim
1259 1208 1695 1262 commilitonem
1730 1207 1876 1270 (nam
1910 1205 1991 1258 sic
2035 1220 2161 1257 eum
2188 1220 2350 1260 voca-

774 1312 918 1359 mus,
946 1298 1039 1365 qui
1071 1312 1167 1365 pro
1196 1305 1388 1350 nostro
1420 1311 1591 1366 regno
1641 1305 1692 1349 et
1720 1295 1965 1349 llomano
1994 1296 2095 1349 hoc
2120 1295 2350 1363 imperio

772 1398 1054 1440 strenuum
1095 1402 1154 1440 se
1199 1388 1251 1440 in
1303 1387 1447 1440 bello
1489 1388 1739 1457 gesserit)
1785 1388 2064 1451 nolumus,
2114 1396 2172 1441 ut
2225 1390 2352 1444 ulla:

771 1479 1036 1547 cujusque
1062 1478 1204 1532 modi
1240 1479 1487 1533 servituti
1518 1479 1624 1533 nisi
1670 1480 1875 1533 tributo
1902 1480 2120 1547 publico
2177 1479 2351 1547 subji-

771 1581 964 1623 Clilllll'.

841 1745 895 1797 2.
946 1743 1227 1798 Dividatur
1279 1743 1443 1812 igitur
1489 1743 1780 1797 universus
1830 1742 1933 1797 sub
1976 1742 2208 1810 imperio
2251 1752 2345 1795 tuo

2459 569 2729 639 ἰσχυροὺς,
2767 569 3090 640 εὐρώστους,
3126 572 3417 640 εὐψύχους,
3449 572 3732 643 εὐπόρους,
3768 572 3911 625 ὥστε
3930 575 4034 627 αὐ-

2453 662 2599 721 τοὺς,
2650 663 2708 711 ἐν
2751 660 2830 729 τῷ
2873 659 3156 729 ὲξπεδίτῳ,
3194 663 3359 730 ἤγουν
3388 664 3446 714 ὲν
3495 665 3561 732 τῇ
3605 667 3901 733 συναγωγῇ
3936 666 4035 717 τοῦ

2455 749 2722 815 φοσσάτου
2768 753 2847 810 εἰς
2896 752 2994 820 τὴν
3047 751 3183 803 ἰδίαν
3231 752 3519 821 στρατείαν
3567 753 4032 822 ἀσχολουμένους,

2455 836 2596 905 ἐχειν
2624 837 2681 888 ἐν
2707 840 2818 900 τοῖς
2848 839 3000 900 ίδίοις
3030 840 3198 899 οἴκοις
3223 840 3441 908 ἑτέρους
3472 841 3598 902 τούς
3623 841 4032 911 γεωργοῦντας,

2456 930 2552 980 καὶ
2584 928 2653 980 τὰ
2689 928 2825 997 πρὸς
2850 929 3195 1001 ἀπαρτισμὸν
3243 929 3520 995 ἐξόπλισιν
3562 930 3655 983 τοῦ
3694 933 4035 1001 στρατιώτου

2455 1022 2709 1089 χορηγεῖν
2738 1020 3090 1088 δυναμένους,
3137 1021 3379 1089 δηλονότι
3430 1022 3744 1091 ἐλευθέρους
3788 1024 3917 1085 τοὺς
3953 1024 4037 1074 οἵ·

2456 1130 2583 1174 κους
2629 1112 2846 1181 ἔχοντας
2899 1113 3009 1164 τῶν
3061 1113 3237 1164 ἄλλων
3277 1112 3469 1164 πασῶν
3499 1112 3593 1165 τοῦ
3630 1113 3890 1183 δημοσίου
3922 1115 4039 1167 δου-

2454 1202 2632 1253 λειῶν.
2673 1204 2748 1255 Οὐ
2796 1202 2903 1271 γάρ
2930 1201 3233 1270 βουλόμεθα
3270 1202 3358 1254 τὸν
3402 1202 3670 1271 ἡμέτερον
3696 1203 4036 1271 συστρατιώ-

2452 1309 2550 1360 την
2593 1292 2788 1361 (οὕτως
2832 1294 2941 1362 γὰρ
2969 1291 3079 1359 ἐγὼ
3132 1292 3279 1345 καλῶ
3309 1293 3399 1345 τὸν
3428 1293 3735 1362 ἀριστεύειν
3766 1294 4035 1361 μέλλοντα

2455 1384 2593 1452 ὐπέρ
2621 1401 2680 1435 τε
2728 1384 2828 1452 τῆς
2870 1385 3025 1454 ἡμῶν
3058 1384 3355 1452 βασιλείας,
3408 1384 3501 1436 καὶ
3543 1385 3638 1453 τῆς
3681 1385 4033 1453 φιλοχρίστου

2454 1475 2560 1527 τῶν
2594 1474 2879 1543 Ῥωμαίων
2902 1476 3196 1536 πολιτείας,
3215 1476 3270 1527 ὲν
3284 1478 3394 1537 τοῖς
3410 1477 3549 1529 κατὰ
3574 1474 3808 1541 πόλεμον
3825 1477 4036 1543 ἔργοις)

2454 1569 2591 1636 πλὴν
2648 1568 2807 1636 μόνον
2834 1567 2930 1619 τοῦ
2962 1567 3219 1637 δημοσίου
3262 1566 3449 1629 τέλους
3500 1568 3662 1637 ἑτέρᾳ⁵
3709 1566 4035 1618 ὐποκείσλςαι

2454 1659 2741 1729 οίᾳδήποτε
2772 1658 3007 1727 δουλείᾳ.

2525 1748 2588 1818 β’.
2647 1748 2970 1819 Διαιρείσθω
3020 1749 3197 1801 τοίνυν
3225 1750 3252 1800 ό
3285 1750 3391 1810 πᾶς
3441 1748 3543 1799 ὐπὸ
3590 1749 3649 1801 σε
3686 1749 3915 1819 στρατὸς
3956 1754 4035 1811 εἰς

771 1836 1041 1888 exercitus
1078 1835 1129 1887 in
1164 1842 1424 1902 tagniata,
1477 1834 1592 1887 sive
1623 1831 1823 1895 banda,
1856 1832 1906 1885 id
1951 1842 2053 1895 est,
2099 1833 2349 1886 cohortes

2457 1840 2728 1905 τάγματα,
2775 1817 2943 1908 ἤγουν
2992 1840 3060 1890 τά
3105 1841 3370 1907 λεγόμενα
3429 1838 3597 1906 βάνδα
3634 1817 3889 1907 διάφορα,
3940 1844 4037 1891 καὶ

774 1928 1050 1988 diversas;
1076 1940 1152 1978 eae
1172 1938 1391 1992 quoque
1409 1921 1787 1976 tribuanturin
1825 1921 2181 1974 contubernia
2203 1939 2216 1986 ;
2240 1922 2353 1975 [nec

773 2032 839 2069 ex
866 2018 1105 2084 quinque
1129 2016 1261 2068 viris
1278 2014 1668 2075 conﬁciuntur,
1706 2020 1871 2081 atque
1890 2012 2054 2065 etiam
2080 2012 2350 2065 interdum

771 2122 837 2160 ex
882 2108 1068 2161 decem
1108 2105 1259 2171 viris,
1306 2118 1428 2173 qua:
1484 2103 1705 2158 decuria
1765 2102 2101 2172 appellatur,
2160 2104 2351 2171 sicque

770 2196 989 2250 decuria
1019 2196 1289 2250 interdum
1337 2208 1508 2249 unum
1556 2193 1976 2249 contubernium
2019 2204 2123 2256 est,
2179 2194 2349 2247 inter-

775 2289 903 2341 dum
935 2288 1062 2341 duo.

844 2380 899 2432 ὃ.
926 2380 1111 2445 llaque
1141 2376 1412 2430 exercitus
1444 2376 1497 2428 in
1547 2376 1805 2430 cohortes
1850 2384 1906 2427 et
1944 2374 2195 2428 decurias
2226 2372 2349 2427 uni-

774 2482 963 2521 versus
1010 2466 1402 2535 perscribatur.
1462 2465 1834 2519 Praeliciantur
1882 2464 1989 2518 illis
2040 2465 2208 2517 duces
2256 2480 2354 2532 per

774 2558 972 2618 banda,
1015 2566 1067 2610 et
1102 2557 1361 2624 drungos,
1407 2562 1461 2609 et
1500 2564 1725 2617 turmas,
1758 2563 1811 2607 et
1850 2568 1944 2621 per
1993 2552 2127 2605 alias
2165 2553 2355 2620 praale-

772 2661 975 2711 cturas,
1012 2647 1103 2715 qui
1142 2645 1698 2700 accommodatissimi
1744 2653 1894 2707 sunt,
1945 2653 1999 2698 et
2028 2647 2121 2712 qui
2162 2644 2351 2696 ﬁdeles

775 2749 923 2803 Sunt,
950 2748 1005 2791 et
1036 2736 1281 2791 benevoli
1328 2746 1513 2788 nostro
1542 2735 1669 2789 huic
1718 2733 1966 2787 Romano
2017 2735 2264 2801 imperio,
2296 2744 2356 2787 et

772 2834 866 2899 qui
889 2830 1053 2883 fortes
1096 2843 1220 2883 esse
1256 2828 1655 2883 existimantur.
1692 2824 1833 2879 Nihil
1863 2824 2118 2893 prohibet
2141 2834 2348 2888 autem,

772 2924 904 2991 quin
938 2932 989 2975 et
1033 2922 1332 2990 locupletes
1378 2920 1692 2987 copiosique
1730 2918 2004 2980 homines,
2048 2924 2103 2969 et
2145 2916 2235 2985 qui
2263 2930 2356 2983 ge-

775 3028 902 3066 nere
932 3024 1091 3081 atque
1125 3013 1295 3065 animi
1351 3013 1553 3064 virtute
1584 3009 1796 3063 nobiles
1821 3018 1971 3071 sunt,
2005 3006 2171 3061 duces
2202 3007 2349 3062 ﬁant.

774 3102 1166 3171 lngenuitatem
1198 3105 1345 3156 enim
1384 3103 1638 3166 habeant,
1695 3110 1754 3154 ut
1787 3100 1841 3153 in
1886 3100 2005 3167 ipso
2036 3100 2194 3167 quasi
2219 3101 2351 3153 arti-

773 3196 897 3248 culo
940 3194 1200 3264 temporis
1234 3195 1496 3263 imperata
1546 3193 1787 3254 faciant;
1830 3191 2220 3246 abundantiam
2261 3206 2357 3244 au-

775 3296 883 3339 lem
913 3287 1253 3349 divitiarum,
1299 3296 1357 3338 ut
1410 3284 1623 3353 possint
1657 3282 1924 3336 militibus
1957 3298 1988 3336 e
2011 3282 2183 3351 copiis
2243 3282 2357 3336 suis

776 3378 1047 3429 interdum
1076 3376 1282 3445 aliquid
1314 3375 1755 3429 subministrare.
1791 3372 2001 3427 Etenim
2033 3390 2237 3444 parvus
2261 3376 2347 3430 hic

772 3480 1047 3556 sumptus,
1073 3470 1117 3522 si
1146 3484 1176 3522 a
1203 3468 1460 3530 ducibus,
1492 3477 1546 3521 et
1578 3466 1847 3535 praefectis
1874 3480 2000 3534 erga
2028 3467 2231 3521 milites
2249 3468 2353 3521 sibi

773 3562 1051 3629 subiectos
1102 3561 1194 3613 ﬁat
1222 3602 1236 3625 ,
1282 3558 1574 3613 benevolos
1610 3558 1787 3611 reddit
1811 3569 1863 3611 et
1896 3559 2105 3611 amicos
2136 3560 2265 3619 illis,
2298 3568 2348 3611 et

776 3651 829 3701 in
899 3649 1223 3717 periculosis
1256 3648 1666 3703 discriminibus
1695 3648 1764 3704 ad
1817 3648 1980 3702 vitam
2018 3649 2350 3717 profunden-

774 3742 899 3794 ilattt
937 3751 1154 3811 paratos
1181 3744 1328 3795 facit.

848 3928 899 3979 ὁ.
962 3925 1065 3978 Alii
1125 3925 1290 3992 igitur
1340 3939 1405 3978 ex
1465 3924 1532 3978 iis
1586 3924 1678 3991 qui
1734 3923 2146 3979 honoratissimi
2200 3936 2346 3989 sunt,

778 4032 1089 4070 assessorcs
1125 4016 1469 4083 imperatoris
1510 4016 1656 4079 sint;
1690 4016 1781 4068 alii
1816 4029 1999 4070 autem
2053 4016 2253 4081 adsint,
2297 4026 2351 4070 et

779 4108 1071 4176 participes
1105 4108 1348 4161 universi
1379 4107 1621 4170 consilii,
1656 4108 1904 4174 sociique
1940 4123 2105 4175 saepe,
2137 4108 2183 4161 si
2217 4122 2350 4162 usus

779 4202 850 4251 ila
887 4198 1043 4258 ferat,
1101 4198 1265 4250 etiam
1309 4196 1663 4251 secretissimi
1706 4207 1762 4248 et
1812 4196 2173 4250 occultissimi
2219 4212 2349 4250 con-

781 4290 887 4343 s.lii
926 4290 1057 4343 sint.
1091 4278 1368 4341 interdum
1397 4289 1540 4340 enim
1577 4288 1810 4341 fortasse
1842 4288 2029 4351 etiam,
2066 4288 2159 4357 qui
2206 4288 2345 4357 opti-

779 4396 900 4434 nius
932 4390 1035 4439 est,
1061 4380 1263 4449 cogitat
1288 4393 1472 4432 secum
1499 4378 1631 4447 quid
1666 4378 1797 4432 utile
1827 4378 1919 4440 sit,
1947 4388 2001 4432 et
2039 4377 2167 4445 hoc,
2199 4379 2346 4448 quod

2452 1928 2531 1979 ἔτι
2563 1928 2981 1999 ὐποδιαιρείσθιο
3012 1929 3090 1989 είς
3120 1928 3437 1996 δεκαρχίας.
3466 1927 3570 1980 Καὶ
3602 1933 4036 1997 καταστήτῳςαν

2452 2020 2529 2079 εἰς
2559 2017 2625 2069 τά
2650 2017 2914 2086 λεγόμενα
2952 2016 3357 2085 κοντουὸἑρνια.
3405 2016 3590 2070 Ταῦτα
3611 2016 3667 2069 δὲ
3692 2017 4037 2084 γινέσθωςαν

2454 2108 2547 2160 κὰ.)⁸
2601 2106 2711 2159 ἀπὸ
2762 2106 2922 2157 πέντε
2987 2107 3249 2167 πολλάκις
3301 2106 3395 2156 καὶ
3447 2105 3554 2156 ἀπὸ
3609 2104 3744 2156 δέκα
3798 2104 4036 2173 ἀνδρῶν,

2454 2198 2620 2266 ἤγουν
2680 2196 2822 2249 κατά
2881 2197 3197 2266 δεκαρχίαν,
3254 2197 3286 2266 ῆ
3339 2195 3398 2246 ἓν
3460 2195 3947 2267 κοντουρεέρνιον,
3999 2199 4035 2264 ἦ

2453 2286 2566 2339 δύο.

2526 2376 2595 2446 γ’,
2625 2378 2781 2429 Καὶό
2812 2376 2910 2445 μὲν
2938 2376 3166 2445 στρατὸς
3200 2376 3319 2437 ὅλος
3370 2373 3689 2443 διαιρείσθω
3738 2375 3910 2437 οὓτως
3956 2376 4039 2437 εἱς

2458 2470 2737 2537 τάγματα,
2770 2468 2862 2519 καί¹
2890 2471 2969 2529 είς
2992 2467 3305 2535 δεκαρχίας.
3327 2466 3739 2534 Ἐπιστήτωσαν
3768 2466 3825 2517 δὲ
3853 2468 4040 2528 αὐτοῖς

2458 2563 2715 2629 ἄρχοντες
2748 2559 2890 2613 κατά
2925 2560 3113 2628 βάνδα,
3153 2560 3246 2611 καὶ
3275 2557 3571 2627 δρούγγους
3599 2600 3614 2624 ,
3644 2560 3737 2610 καὶ
3765 2560 4038 2626 τούρμας.

2455 2652 2547 2703 καὶ
2576 2650 2672 2712 τὰς
2700 2650 2867 2712 ἄλλας
2893 2650 3119 2711 δεούσας
3169 2649 3360 2720 ἀρχάς,
3390 2648 3439 2699 οί
3479 2648 3802 2700 ἱκανώτατοι
3826 2689 3841 2711 ,
3872 2650 4042 2719 ᾕγουν

2456 2741 2569 2791 ὅσοι
2592 2740 2684 2792 καὶ
2720 2739 2903 2790 πιστοὶ
2932 2738 3028 2790 καὶ
3051 2738 3389 2806 εὐγνώμονες
3409 2739 3683 2806 φαίνονται
3711 2740 3777 2807 τῇ
3810 2740 4043 2805 Ῥωμαῖ-

2457 2836 2525 2901 κῇ
2551 2832 2793 2899 πολιτείᾳ
2814 2829 2994 2899 ἡμῶν,
3022 2830 3429 2898 μαρτυροῦνται
3450 2830 3505 2881 δὲ
3531 2830 3628 2881 καὶ
3651 2829 4011 2899 ἀνδρειότεροι
4032 2868 4041 2881 .

2456 2924 2619 2974 Οὐδὲν
2655 2923 2711 2974 δὲ
2742 2922 2939 2974 κωλύει
2972 2923 3063 2975 καὶ
3098 2921 3511 2990 εὐπορωτάτους
3542 2921 3737 2983 αὐτοὺς
3760 2918 3904 2972 εἶναι
3944 2921 4041 2973 καὶ

2455 3015 2693 3080 εὐγενεῖς
2718 3013 2858 3065 κατά
2882 3030 2938 3065 τι
2964 3014 3025 3065 τὸ
3054 3014 3231 3079 γένος,
3256 3014 3349 3064 καὶ
3364 3012 3461 3081 τὴν
3484 3013 3581 3080 τῆς
3604 3012 3784 3081 ψυχῆς
3808 3015 4039 3082 ἀρετήν.

2461 3105 2570 3174 Τὴν
2606 3104 2705 3173 μὲν
2732 3107 3013 3171 εὐγένειαν
3048 3106 3215 3174 ἔχειν,
3250 3106 3337 3158 ἶνα
3364 3100 3466 3158 ὦσι
3511 3107 3793 3175 πρόχειροι
3828 3108 3886 3157 ὲν
3917 3106 4041 3168 ὀξύο

2465 3211 2585 3262 τητι
2624 3194 2718 3246 τοῦ
2754 3193 2949 3264 καιροῦ
2985 3197 3112 3264 περὶ
3143 3197 3242 3258 τὰς
3289 3196 3648 3265 κελευομένας
3674 3196 3864 3259 αὐτοῖς
3909 3198 4043 3263 πρά·

2467 3285 2598 3349 ξεις.
2624 3286 2734 3354 Τὴν
2765 3285 2821 3337 δὲ
2840 3286 3120 3356 εὐπορίαν,
3145 3288 3233 3340 ἵνα
3257 3288 3515 3340 δύνωνται
3538 3291 3649 3350 τοῖς
3683 3289 4043 3358 στρατιώταις

2464 3378 2528 3427 ὲκ
2574 3375 2890 3444 περιουσίας
2927 3377 3207 3439 πολλάκις,
3247 3379 3295 3428 εἰ
3342 3378 3546 3445 δεήσει,
3600 3382 3879 3447 χορηγεῖν.
3936 3382 4044 3432 Καὶ

2464 3467 2570 3536 γὰρ
2598 3466 2753 3536 ὀλίγη
2798 3468 2935 3535 τάχα
2966 3470 3203 3536 χορηγία
3225 3470 3334 3521 ἀπὸ
3355 3470 3463 3521 τῶν
3507 3471 3825 3539 ἡγουμένων
3851 3472 4043 3541 ἀρχόν-

2460 3575 2568 3611 των
2599 3557 2734 3627 πρὸς
2766 3559 2891 3619 τούς
2922 3559 3397 3627 ὐποτακτομένους
3424 3559 3682 3628 γινομένη
3711 3560 4043 3613 εὐνούστατα

2462 3651 2553 3701 καὶ
2579 3649 2729 3718 φιλία
2760 3650 2893 3719 πρὸς
2924 3649 3121 3711 αὐτοὺς
3158 3650 3567 3719 παρασκευάζει
3595 3652 3664 3702 τά
3696 3650 3906 3720 πλήθη,
3952 3653 4043 3704 καὶ

2462 3741 2921 3808 συναγωνίζεσθαι
2959 3742 3119 3812 μέχρι
3163 3742 3257 3794 καὶ
3282 3743 3471 3804 τέλους
3520 3745 3580 3795 ὲν
3608 3744 3722 3806 τοῖς
3774 3744 3853 3807 ὡς
3900 3745 4041 3807 εἰκὸς

2458 3834 2791 3901 ἐμπίπτουσι
2823 3832 3112 3896 κινδύνοις.

2527 3921 2591 3973 δ’.
2630 3923 2691 3973 Οἱ
2715 3922 2771 3973 δὲ
2800 3921 3045 3989 μείζονες
3074 3922 3253 3974 αὐτῶν
3277 3924 3367 3974 καὶ
3393 3924 3751 3992 ἐντιμώτατοι
3793 3928 3892 3979 καὶ
3927 3945 4043 3979 συν-

2456 4011 2666 4081 εδρεύοι
2715 4013 2795 4083 τῷ
2850 4014 3163 4083 στρατηγῷ.
3196 4014 3258 4066 Οἱ
3314 4014 3372 4065 δὲ
3424 4016 3518 4067 καὶ
3569 4017 3897 4084 παρέσονται
3953 4018 4043 4070 καὶ

2459 4104 2744 4173 μεθέξουσι
2782 4106 2878 4157 σὺν
2907 4104 3057 4174 αὐτῴ
3084 4108 3263 4175 πάσης
3297 4106 3487 4175 βουλῆς
3522 4109 3617 4158 καὶ
3649 4110 4041 4178 κοινωνήσουσί

2456 4212 2558 4247 που
2587 4197 2679 4247 καὶ
2724 4195 2948 4264 γνώμης
2976 4197 3022 4248 εἰ
3057 4197 3209 4264 τύχοι
3246 4198 3339 4249 καὶ
3377 4199 3709 4267 ἀπορρήτου,
3763 4202 3859 4251 καὶ
3906 4218 4040 4270 κρυ-

2456 4286 2596 4355 πτῆς
2616 4302 2631 4315 ·
2667 4289 2761 4339 καὶ
2790 4288 2899 4357 γάρ
2919 4304 3002 4349 τις
3026 4288 3166 4355 τάχα
3190 4288 3283 4341 καὶ
3304 4288 3522 4358 ἀριστος
3546 4289 3621 4341 ὣν
3645 4292 3815 4342 ἑννοεί
3850 4292 3953 4359 μέν
3990 4309 4041 4341 τι

2454 4379 2754 4447 χρήσιμον·
2790 4375 3024 4445 βεϐαίως
3065 4377 3119 4429 δὲ
3163 4378 3231 4430 τά
3273 4378 3470 4430 ἑαυτοῦ
3510 4379 4038 4449 μόνοςοίκειοῦται·

779 4475 893 4539 ipse
924 4472 1212 4532 invenerit,
1242 4470 1360 4524 sine
1390 4470 1498 4523 ulla
1536 4470 1875 4523 dubitatione
1910 4470 2178 4537 Optimum
2222 4484 2345 4525 esse

2457 4469 2643 4537 γνώμη
2679 4468 2785 4536 γὰρ
2813 4470 2845 4536 ἡ
2884 4468 3048 4537 βουλὴ
3079 4470 3284 4537 ἑκάστη
3311 4486 3325 4501 ο
3366 4471 3398 4537 ἡ
3441 4472 3537 4538 μὲν
3566 4470 3876 4539 ἀϐοήθητος
3907 4468 4042 4523 οὐσα

779 4572 947 4627 putat.
982 4560 1263 4615 Sententia
1294 4560 1460 4625 enim,
1492 4568 1547 4612 et
1574 4560 1866 4613 consilium
1893 4560 2347 4629 uniuscujusque,

778 4654 821 4705 si
869 4653 1165 4721 singulare,
1206 4661 1258 4704 et
1318 4651 1481 4705 unius
1531 4651 1707 4703 solum
1766 4651 2005 4704 hominis
2062 4650 2247 4714 fuerit,
2294 4652 2348 4703 in

778 4758 938 4795 suum
1001 4742 1177 4810 ipsius
1234 4740 1516 4794 inventum
1572 4739 1749 4792 solum
1795 4740 2067 4801 intuetur;
2117 4740 2348 4793 aliorum

2458 4559 2586 4627 περὶ
2615 4558 2714 4626 τὴν
2750 4556 2886 4609 ίδίαν
2922 4558 3138 4627 εὕρεσιν
3178 4561 3347 4633 μόνην
3383 4558 3707 4621 ἀποῦλὲπει,
3750 4560 3783 4627 ή
3816 4560 3924 4611 ὐπὸ
3956 4562 4044 4611 καὶ

2456 4648 2632 4701 ἄλλων
2695 4646 2904 4697 πολλῶν
2957 4647 3364 4715 μαρτυρηθεῖσα
3412 4646 3699 4699 πιστοῦται
3761 4650 3854 4699 καὶ
3912 4652 4043 4701 ἁνα-

2458 4738 2705 4806 φαίνεται
2738 4737 2903 4804 μηδὲν
2930 4736 3127 4805 ἔχουσα
3157 4738 3440 4806 σφαλερόν.

775 4846 954 4888 autent
1008 4835 1291 4887 hominum
1329 4834 1641 4897 consilium,
1712 4835 1758 4887 si
1823 4834 2183 4903 adiungatur,
2247 4834 2594 4889 examinatur
2637 4834 2741 4887 hoc
2802 4833 3112 4895 consilium,
3180 4845 3233 4887 et
3276 4838 3437 4904 quale
3486 4838 3556 4891 sit
3620 4837 3905 4902 clarescit,
3993 4852 4045 4893 et

777 4928 942 4981 :t‘lllcl
975 4941 1003 4978 a
1037 4927 1285 4995 pluribus
1314 4928 1695 4996 approbatum,
1731 4929 1865 4981 nihil
1912 4929 2181 4983 lubricum
2222 4939 2315 4984 aut
2352 4944 2554 4997 anceps
2588 4931 2871 4982 continere
2927 4929 3189 4983 creditur.

848 5024 898 5078 5.
969 5022 1069 5073 Par
1130 5031 1213 5075 est
1270 5021 1435 5091 igitur
1513 5023 1761 5091 quemvis
1820 5024 2206 5093 imperatorem
2266 5025 2348 5094 (ut
2408 5082 2411 5085 ,

2512 5031 2574 5077 ε’.
2612 5025 2827 5093 Πρέπον
2856 5024 2948 5077 οῦν
2975 5028 3121 5077 ἐστιν
3150 5019 3290 5077 εἶναι
3329 5025 3420 5077 τὸν
3453 5025 3783 5094 στρατηγὸν,
3819 5026 3908 5078 ἶνα
3950 5026 4045 5080 καὶ

780 5126 996 5164 rursum
1032 5110 1129 5163 lilii
1160 5110 1364 5163 eisdem
1399 5110 1465 5164 de
1508 5111 1669 5165 rebus
1708 5112 2111 5180 praecipiamus)
2172 5127 2349 5181 neque

2457 5117 2609 5170 πάλιν
2686 5134 2767 5169 σοι
2830 5117 3091 5184 περὶτῶν
3150 5118 3327 5168 αὐτῶν
3380 5117 3841 5185 παραινέσωμεν·
3905 5121 4043 5186 μήτε

779 5207 850 5257 ita
884 5206 1068 5257 animo
1104 5205 1312 5256 incerto
1358 5218 1501 5264 esse,
1552 5214 1611 5254 ut
1656 5204 1769 5270 ipse
1810 5204 1912 5256 sibi
1970 5204 2072 5270 ipsi
2125 5206 2350 5257 omnino

2457 5209 2618 5272 οὓτως
2652 5209 2883 5262 ἄστατον
2906 5208 3003 5277 τὴν
3024 5207 3262 5261 διάνοιαν
3305 5208 3391 5259 ἵνα
3422 5208 3583 5269 αὐτὸς
3616 5207 3799 5277 ἑαυτῷ
3838 5227 4042 5262 παντε-

774 5297 998 5359 diuidat,
1059 5310 1237 5363 neque
1274 5302 1464 5348 contra
1517 5296 1587 5347 ita
1642 5293 1931 5362 praefracto
1980 5302 2035 5349 et
2088 5296 2348 5364 singulari

2446 5300 2552 5361 λὼς
2597 5301 2818 5368 ἐπιστῇ,
2868 5300 3002 5368 μήτε
3055 5298 3228 5360 οὕτως
3253 5298 3460 5366 αὐθάδη
3495 5299 3587 5350 καὶ
3618 5300 3935 5367 μονότατον,
3965 5302 4043 5363 ὡς

775 5388 983 5448 animo,
1031 5396 1090 5439 ut
1119 5386 1255 5439 nolit
1283 5388 1350 5440 ad
1386 5387 1611 5440 honesta
1645 5388 1879 5439 aliorum
1908 5386 2137 5439 consilia
2176 5396 2351 5439 atten-

2457 5390 2526 5458 μὴ
2555 5388 2841 5457 βούλεσθαι
2878 5388 3009 5457 παρ’
3041 5388 3247 5456 ἑτέρων
3278 5387 3495 5441 κάλλιόν
3533 5406 3586 5440 τι
3612 5388 3804 5457 νοηθὲν
3830 5390 4044 5458 ἀναμαι

774 5481 924 5532 dere.
959 5474 1189 5531 Neresse
1220 5488 1300 5532 est
1323 5479 1469 5532 enim
1510 5479 1591 5530 vel
1628 5488 1685 5531 ut
1715 5479 1962 5532 omnium
2010 5479 2273 5542 consiliis,
2305 5479 2350 5532 si

777 5586 833 5621 se
862 5569 971 5629 det,
1001 5577 1056 5620 ct
1087 5567 1339 5621 niltilsibi
1362 5571 1475 5637 ipse
1506 5568 1728 5629 tribuat,
1760 5583 2133 5636 saepenumero
2154 5569 2206 5622 in
2235 5584 2352 5622 cre-

780 5658 1260 5713 ln-asoll‘ensiones
1310 5660 1510 5713 incidat
1543 5681 1555 5713 :
1592 5661 1673 5712 vel
1724 5662 1767 5712 si
1810 5660 1934 5713 aliis
1993 5659 2141 5712 nullo
2194 5661 2351 5713 modo

782 5752 1010 5814 nitatur,
1036 5752 1127 5807 sed
1159 5753 1261 5807 sibi
1301 5754 1403 5807 soli
1442 5754 1589 5819 ﬁdat,
1626 5752 1859 5821 turpiter
1907 5768 2049 5821 saepe
2098 5752 2353 5819 prolaba-

2460 5479 2592 5531 θεῖν.
2639 5478 2874 5548 Ἀνάγκη
2918 5478 3026 5547 γὰρ
3064 5478 3227 5529 αὐτὸν
3265 5479 3298 5547 ἧ
3332 5482 3467 5530 πᾶσι
3517 5482 3628 5541 τοῖς
3673 5479 3855 5542 ἄλλοις
3906 5482 4047 5532 κατά

2462 5571 2637 5621 πάντα
2672 5570 3030 5637 προσέχοντα,
3077 5570 3171 5621 καὶ
3202 5569 3340 5621 κατὰ
3374 5570 3580 5638 μηδένα
3613 5570 3795 5639 ἑαυτῴ
3824 5573 4046 5623 πιστεύ-

2461 5680 2608 5725 οντα,
2657 5660 2917 5723 πολλάκις
2962 5660 3133 5712 πολλά
3189 5664 3282 5711 καὶ
3327 5660 3622 5728 ἀσύμφορα
3664 5661 4041 5729 πράττεσθαι’

2462 5754 2494 5822 ἢ
2550 5752 2683 5821 μηδὲ
2730 5752 2925 5818 ὀλίγων
2981 5750 3268 5814 ἀκούοντα,
3320 5750 3495 5802 πάντα
3537 5751 3580 5803 δ’
3637 5751 3818 5815 ἑαυτῷ
3878 5766 4047 5802 καταο
