4176 6446
98 432 192 497 ’761

1179 419 1575 480 TACTICA.-
1596 413 2094 477 CONSTI‘I‘UTIO
2135 414 2232 472 IV.

3217 411 3320 474 702

100 537 435 601 πιστεύοντα,
474 532 642 588 πολλὰ
681 530 938 590 πολλάκις
984 526 1078 578 καί¹
1112 525 1323 596 μεγάλα
1361 524 1661 596 διαμαρτά-

1798 535 1872 572 ur.
1891 517 2086 573 Restat
2110 517 2222 584 jam
2250 525 2308 568 ut
2340 515 2515 583 primo
2543 515 2641 570 tibi
2675 515 2919 570 omnium
2939 513 3318 584 prazi‘ectorum

97 648 226 684 νειν.
269 627 487 680 Τούτων
517 624 572 674 δὲ
603 622 772 682 οὕτως
817 618 1068 688 ἑχόντων,
1129 615 1394 684 πρότερον
1443 615 1540 683 μὲν
1580 611 1665 675 ἐξ·

95 718 436 787 ονομάσομέν
469 731 550 766 σοι
579 712 761 774 ἁπλῶς
782 710 910 772 τοὺς
929 706 1357 774 καθισταμένους
1378 705 1663 776 ἄρχοντας,

96 809 195 864 εἷθ’
245 810 422 868 οὕτως
459 806 553 858 καὶ
587 806 654 857 τὰ
699 801 1060 872 γνωρίσματα
1090 796 1292 861 αὐτῶν,
1340 797 1414 860 ὼς
1456 799 1514 850 ὲν
1547 812 1670 849 συν-

94 903 246 970 τόμῳ
272 898 471 959 εἰπεῖν,
502 892 871 964 διορισόμεθα.

167 997 243 1054 ς’.
287 989 487 1058 Πρώτη
516 983 725 1053 κεφαλὴ
758 986 786 1036 6
811 982 1131 1053 στρατηγὸς,
1158 982 1250 1034 καὶ
1282 981 1418 1050 μετὰ
1441 977 1601 1032 αὑτὸν
1623 977 1672 1027 οἱ

102 1081 399 1151 μερὰρχαι,
443 1079 537 1130 καὶ
575 1074 944 1144 τουρμὰρχαι,
997 1069 1113 1124 εἶτα
1140 1072 1516 1140 δρουγγάριοι,
1554 1062 1672 1119 εἶτα

101 1172 362 1239 κάμητες,
404 1169 568 1235 ήγουν
600 1165 649 1216 οἱ
682 1163 789 1216 τῶν
817 1161 1125 1231 λεγομένων
1165 1159 1369 1230 βάνδων
1395 1159 1670 1226 ἄρχοντες.

100 1261 228 1313 Εἶτα
279 1264 330 1312 oi
386 1257 692 1324 κένταρχοι,
749 1251 946 1322 ἐφεξῆς
998 1253 1048 1304 οἱ
1099 1254 1376 1321 δέκαρχοι,
1425 1249 1590 1318 ήγουν
1624 1247 1674 1299 οἱ

99 1353 309 1422 πρῶτοι
359 1348 466 1399 τῶν
508 1345 812 1414 λεγομένων
855 1343 1046 1397 άκιῶν.
1091 1340 1223 1395 Εἶτα
1265 1343 1313 1392 οἱ
1362 1341 1673 1407 πένταρχοι,

101 1445 188 1492 καὶ
219 1440 354 1506 ἑξῆς
407 1441 455 1490 οἱ
490 1437 808 1506 τετράρχαι,
834 1433 1028 1494 οἵτινες
1061 1433 1177 1493 καὶ,
1207 1431 1295 1484 διὰ
1329 1430 1388 1481 τὸ
1417 1429 1676 1496 ἐσχάτους

99 1530 190 1581 τοῦ
222 1530 409 1596 στίχου
436 1528 529 1579 τοῦ
556 1524 696 1578 κατὰ
725 1524 786 1574 τὸ
814 1523 972 1592 βάθος
998 1523 1116 1592 ἦτοι
1145 1521 1206 1572 τὸ
1241 1520 1414 1588 πάχος
1444 1519 1545 1586 τῆς
1575 1532 1680 1568 πα-

106 1619 386 1690 ρατάξεως
414 1614 709 1670 τάσσεσθαι
742 1615 958 1675 αὑτοὺς,
992 1613 1087 1665 καὶ
1116 1610 1341 1680 οὑραγοὶ
1369 1607 1675 1661 ἐκαλοῦντο.

113 1712 168 1760 '0
197 1711 308 1778 γὰρ
345 1709 570 1776 ἔσχατος
600 1704 694 1756 τοῦ
741 1705 860 1756 ὅλου
904 1703 1112 1772 στίχου,
1156 1701 1321 1770 ἡγουν
1354 1700 1454 1767 τῆς
1497 1697 1677 1759 ἀκίας,

1769 612 2085 680 simpliciter
2103 610 2320 662 nomina
2346 622 2748 673 recenseamus,
2771 610 2966 666 deinde
2983 619 3143 666 notas
3162 625 3326 680 quas-

1770 694 1895 749 dam
1929 695 2146 749 illorum
2179 710 2343 765 quam
2381 695 2727 765 paucissimis
2758 713 3113 768 exponamus.

1841 969 1895 1023 6.
1933 968 2108 1036 Caput
2155 965 2320 1034 igitur
2367 965 2612 1019 omnium
2661 965 2954 1034 imperator
2998 965 3102 1021 erit
3143 984 3158 1020 :
3208 978 3332 1039 post

1774 1061 1926 1114 illum
1957 1056 2278 1118 hierarchre,
2310 1055 2361 1108 id
2396 1065 2500 1117 est,
2525 1065 2827 1110 turmarum
2868 1056 3106 1124 praefecti
3153 1073 3168 1110 :
3216 1069 3330 1114 tum

1773 1147 2078 1216 drungarii,
2117 1146 2166 1199 id
2198 1155 2302 1208 est,
2334 1145 2539 1198 tribuni
2576 1163 2590 1198 :
2630 1147 2823 1202 deinde
2854 1147 3108 1212 comites,
3142 1147 3194 1202 id
3226 1158 3333 1214 est,

1777 1239 2078 1294 bandorum
2107 1237 2220 1291 sive
2248 1238 2555 1290 cohortium
2587 1236 2827 1306 prmiecti
2862 1256 2875 1292 :
2911 1247 3033 1308 post
3065 1239 3166 1294 hos
3204 1256 3337 1295 cen-

1778 1329 2039 1391 turiones,
2077 1326 2273 1381 deinde
2306 1327 2522 1391 decani,
2559 1328 2611 1381 id
2660 1339 2762 1393 est,
2794 1331 2885 1396 qui
2918 1332 3157 1398 praefecti
3201 1348 3336 1387 con-

1779 1420 2158 1472 tuberniorum
2188 1428 2316 1471 sunt
2352 1434 2366 1470 :
2411 1418 2607 1473 deinde
2636 1419 2906 1487 quintani,
2937 1425 3212 1489 quartani,
3243 1424 3338 1492 qui

1778 1509 2039 1578 quoniam
2088 1507 2261 1561 ultimi
2317 1509 2370 1559 in
2416 1509 2776 1562 contubernio
2817 1524 2911 1564 seu
2957 1511 3146 1566 ordine
3184 1514 3341 1581 juxta

1780 1599 2120 1653 altitudinem
2169 1599 2251 1651 vel
2289 1597 2628 1652 latitudinem
2677 1601 2957 1655 instructae
2990 1603 3126 1656 aciei
3173 1605 3342 1658 collo-

1782 1700 1996 1752 cantur,
2029 1689 2274 1756 οὐραγοί,
2318 1689 2368 1743 id
2405 1698 2509 1754 est,
2541 1689 2773 1743 caudani
2803 1690 2917 1745 sive
2947 1693 3196 1748 ultimani
3246 1711 3345 1749 no-

107 1801 178 1861 ὡς
223 1801 321 1851 ἐπὶ
366 1800 468 1865 τῆς
510 1796 672 1864 οὐρᾶς
706 1796 875 1862 αὑτῆς
906 1794 1076 1855 οὑτως
1105 1793 1339 1847 ἵσταται.
1382 1791 1491 1844 Καὶ
1519 1782 1680 1843 αὗται

1798 1781 2079 1833 minantur.
2117 1778 2368 1834 Extrema
2418 1780 2562 1833 enim
2614 1781 2780 1833 totius
2830 1783 3173 1838 contubernii
3217 1801 3345 1855 pars

111 1894 206 1960 μὲν
235 1894 292 1942 al.
319 1863 604 1955 ὀνομασίαι
647 1887 753 1938 τῶν
795 1885 1091 1954 ἀρχόντων.
1131 1884 1249 1936 Eis).
1280 1884 1335 1935 δὲ
1377 1882 1469 1934 καὶ
1504 1881 1678 1948 ἕτεροι

1798 1871 1940 1940 μιαεί
1968 1869 2138 1924 cauda
2187 1871 2426 1937 corpori,
2478 1871 2556 1925 sic
2611 1886 2673 1924 ea
2728 1873 2937 1942 reliquo
2987 1877 3347 1932 contubernio

109 1983 226 2034 καθ’
259 1983 492 2033 ’ἑκαστον
517 1979 720 2046 τάγμα,
762 1977 881 2045 ἦτοι
924 1976 1111 2044 βάνδον
1150 1974 1532 2041 διωρισμένοι,
1574 1964 1686 2020 οἷον

111 2070 451 2139 βανδοφόροι,
481 2067 808 2132 σαλπιγκταὶ
831 2106 844 2128 ,
871 2066 1039 2134 ἦγουν
1072 2063 1474 2131 βουκινάτορες,
1522 2058 1683 2127 θερα-

111 2161 330 2219 πευταὶ,
358 2158 552 2227 ἰατροὶ,
581 2157 676 2209 καὶ
696 2156 970 2208 διποτάτοι
1001 2155 1134 2223 (20),
1178 2154 1272 2205 καὶ
1315 2152 1682 2221 μανδάτωρες,

114 2254 204 2304 καὶ
251 2250 708 2319 παρακλήτορες,
761 2250 809 2301 oi
847 2247 935 2299 διὰ
980 2247 1154 2313 λόγων
1197 2245 1552 2313 διεγείροντες
1598 2239 1688 2291 τὸν

113 2340 346 2407 στρατὸν
377 2339 513 2407 πρὸς
541 2340 661 2399 τοὺς
690 2335 906 2404 ἀγῶνας
926 2353 939 2366 ·
961 2335 1055 2397 οὓς
1078 2335 1127 2385 οἱ
1155 2331 1259 2403 πρὸ
1290 2331 1471 2400 ἡμῶν,
1497 2327 1690 2381 νεώτε-

114 2447 195 2497 ροι
235 2429 292 2480 δὲ
317 2429 426 2480 τῶν
458 2428 653 2489 ἄλλων,
704 2426 975 2488 τακτικοὶ,
1018 2424 1316 2492 Ῥωμαϊστὶ
1338 2419 1692 2483 καντάτωρας

112 2515 380 2567 ἐκάλουν·
422 2514 514 2565 καὶ
561 2512 737 2581 ἕτεροί
774 2530 916 2575 τινες
957 2514 1095 2580 πρὸς
1137 2512 1236 2572 τὰς
1275 2505 1692 2566 ἀνακυπτούσας

115 2605 313 2673 χρείας
359 2603 756 2672 ἀφωρισμένοι,
786 2597 896 2655 οἷον
932 2603 1250 2672 πρίόωνες,
1291 2600 1384 2652 καὶ
1423 2597 1688 2649 οίλοιποί.

115 2693 306 2744 Ταῦτα
345 2692 455 2761 γὰρ
483 2696 549 2762 τῇ
581 2692 676 2744 νῦν
714 2693 957 2761 πολιτείᾳ
989 2693 1312 2761 γνωρίζεται
1349 2691 1416 2741 τὰ
1453 2688 1693 2756 ὀνόματα

116 2784 228 2835 τῶν
254 2782 498 2838 παλαιῶν
525 2781 876 2851 σιγηθέντων,
899 2784 1043 2853 ἆπερ
1069 2784 1208 2836 κατὰ
1243 2781 1425 2852 χώραν
1449 2781 1692 2850 ὑπομνή-

120 2889 309 2942 σομεν.

189 3051 262 3113 ζ’.
301 3050 612 3120 Στρατηγδς
651 3049 831 3102 τοίνυν
871 3047 1336 3116 προσαγορεύεται
1365 3048 1393 3098 6
1428 3046 1521 3098 τοῦ
1554 3062 1696 3099 παν-

123 3139 215 3201 τὸς
256 3137 489 3209 στρατοῦ
529 3138 824 3208 κορυφαῖος
865 3153 924 3187 τε
972 3137 1064 3187 καὶ
1101 3134 1346 3204 ἡγεμών.
1401 3135 1699 3204 ’Υποστρά-
1725 3176 1766 3232 C

122 3248 294 3299 τηγος
339 3230 420 3292 δὲ,
450 3232 478 3282 6
523 3229 621 3298 τὴν
669 3228 928 3296 δευτέραν
968 3227 1140 3296 τούτῳ
1184 3226 1337 3288 τάξιν
1383 3226 1692 3293 ἐκπληρῶν.

133 3319 543 3388 ’Υπολαμϐάνω
569 3318 626 3369 δὲ
651 3317 724 3379 ὡς
750 3319 796 3368 οί
851 3317 1196 3383 παλαιότεροι
1219 3317 1372 3384 ἡμῶν
1398 3316 1700 3383 ὑποστρατ-

126 3414 299 3479 ήγους
321 3410 419 3480 μὲν
435 3409 662 3461 ἐκάλουν
682 3409 804 3469 τοὺς
831 3411 1186 3476 στρατηγοὺς,
1213 3408 1299 3458 διὰ
1322 3407 1382 3458 τὸ
1398 3406 1699 3473 στρατηγὸν

131 3503 393 3554 ἁπάντων
430 3501 587 3569 κῦρις
623 3495 759 3550 εἶναι
795 3498 886 3550 τὸν
935 3498 1175 3566 βασιλέα,
1217 3499 1280 3548 ὲκ
1329 3497 1616 3564 προσώπου
1647 3495 1702 3546 δὲ

129 3591 300 3644 αὑτοῦ
332 3587 469 3642 εἶναι
507 3589 626 3642 καθ’
660 3589 888 3640 ἕκαστον
922 3588 1063 3656 θέμα
1106 3588 1197 3638 τὸν
1239 3586 1561 3655 στρατηγόν.
1595 3584 1705 3637 Καὶ

131 3685 220 3736 διὰ
249 3683 350 3752 τὴν
381 3682 634 3748 τοιαύτην
676 3681 853 3732 αἰτίαν
893 3682 920 3730 6
958 3678 1264 3747 στρατηγὸς
1295 3676 1704 3744 ὑποστράτηγος

132 3776 420 3837 ἐκαλεῖτο,
458 3771 758 3841 στρατηγὸς
797 3771 852 3822 δὲ
895 3771 1096 3839 κυρίως
1129 3769 1341 3834 ἐλέγετο
1377 3770 1405 3820 6
1438 3771 1500 3819 ὲκ
1534 3783 1701 3835 προσ-

132 3865 289 3916 ὡπου
349 3861 610 3932 βασιλέως
648 3863 740 3913 επὶ
794 3861 1009 3914 πάντων
1052 3859 1263 3926 κεφαλὴ
1306 3857 1705 3926 ἀποστελλόμε-

134 3975 248 4020 νος,
278 3956 418 4025 ἔχων
443 3955 890 4023 ὑποστρατήγους
925 3952 1052 4013 τοὺς
1082 3950 1188 4002 τῶν
1223 3950 1472 4019 Θεμάτων
1505 3963 1703 4016 στρατ-

136 4046 331 4116 ηγούς.
377 4048 549 4115 Ὅπερ
574 4047 719 4100 ἐστὶν
747 4044 987 4114 ἄριστον.

209 4137 285 4206 η’.
324 4135 437 4189 Νῦν
475 4135 531 4187 δὲ
572 4133 979 4201 ὑποστράτηγος
1024 4131 1086 4183 οὑ
1133 4128 1457 4198 γνωρίζεται
1483 4128 1533 4178 εί
1559 4126 1631 4194 μή
1657 4143 1709 4177 τι

138 4226 514 4294 ὁκαλούμενος
541 4224 840 4294 μεράρχης,
870 4222 964 4275 ttat
985 4220 1336 4289 τουρμάρχης
1364 4218 1512 4270 ἐστιν
1546 4217 1709 4268 ὄποτε

141 4316 478 4385 καλούμενος
508 4314 807 4384 μεράρχης,
849 4312 965 4381 ἦτοι
995 4313 1022 4363 6
1048 4311 1138 4362 τοῦ
1188 4309 1384 4377 μέρους
1412 4307 1509 4376 τῆς
1538 4306 1711 4376 ἀρχῆς

143 4404 670 4474 ἑμπεπιστευμένος.

216 4589 284 4642 θ’.
321 4586 688 4656 Δρουγγάριος
717 4586 772 4638 δὲ
798 4585 1014 4652 λέγεται
1047 4585 1074 4636 6
1111 4585 1237 4653 μιᾶς
1273 4582 1463 4652 μοίρας
1509 4581 1711 4651 ἄρχων,

145 4683 269 4748 ἥτις
322 4679 428 4731 ὗπδ
478 4675 571 4729 τοῦ
633 4675 830 4745 μέρους
883 4673 977 4728 τοῦ
1033 4674 1374 4743 τουρμάρχου
1431 4672 1713 4723 τάσσεται.

147 4769 332 4836 Μέρος
360 4766 469 4835 γάρ
498 4767 645 4816 ἔστιν
665 4765 698 4833 ἡ
727 4764 938 4832 τούρμα
962 4764 1022 4814 τὸ
1042 4765 1106 4814 ὲκ
1127 4761 1292 4830 τριῶν
1318 4759 1521 4830 μοιρῶν
1549 4759 1716 4827 ἦγουν

149 4858 434 4927 δρούγγων
476 4854 827 4924 συγκείμενον
873 4851 1163 4921 ἄθροισμα.
1218 4851 1396 4920 Μοῖρα
1437 4849 1496 4900 δέ
1548 4851 1715 4910 ἐστιν,

155 4949 275 5015 ἤτοι
323 4944 606 5014 δροῦγγος,
647 4943 708 4996 τὸ
743 4943 809 4995 ὲκ
845 4941 1141 5011 ταγμάτων
1187 4941 1306 5009 ἢτοι
1347 4938 1556 5009 ἀνδρῶν
1607 4936 1716 4989 τῶν

154 5038 465 5105 λεγομένων
485 5035 739 5104 κομήτων
763 5032 1115 5102 συγκείμενον
1147 5030 1365 5100 πλῆθος.

232 5209 282 5262 ι’.
325 5208 519 5276 Κύμης
562 5205 618 5258 δι
667 5207 836 5269 ἔστιν,
878 5204 908 5256 6
938 5201 1031 5256 τοῦ
1079 5202 1197 5264 ἑνὸς
1237 5200 1544 5270 τάγματος,
1599 5200 1718 5266 ἦτοι

162 5300 374 5368 eam.
406 5295 802 5365 ἀφηγούμενος.

239 5388 326 5442 ια’.
347 5389 651 5456 Κένταρχος
661 5385 720 5438 δέ
737 5387 825 5438 εστ
836 5402 902 5447 ιν,
917 5386 946 5437 6
961 5382 1149 5437 ἑκατὸν
1161 5382 1368 5452 ἀνδρῶν
1379 5381 1581 5452 ἄρχων,
1601 5383 1721 5451 ἦτοι

163 5480 580 5550 ἑκατόνταρχος,
615 5477 762 5540 ὅστις
798 5476 890 5530 καὶ
925 5475 1029 5528 ὑπὸ
1065 5475 1156 5527 τὸν
1194 5473 1405 5545 κόμητα
1443 5474 1716 5532 τέτακται.

1784 1961 2041 2015 adhaeret.
2099 1958 2277 2029 Atque
2327 1961 2431 2014 ista
2487 1963 2862 2029 praefectorum
2917 1977 3045 2019 sunt
3100 1969 3343 2023 nomina.

1787 2052 1922 2105 Sunt
1977 2063 2157 2105 autem
2217 2063 2270 2106 et
2320 2052 2408 2106 alii
2462 2055 2516 2106 in
2573 2069 2898 2126 unaquaque
2958 2059 3182 2114 cohorte
3235 2066 3348 2114 sive

1787 2143 1967 2195 bando
2000 2142 2235 2210 praefecti
2270 2145 2532 2212 separati,
2577 2155 2636 2199 ut
2667 2147 3028 2217 bandophori,
3083 2150 3348 2206 tubicines

1789 2233 1903 2285 sive
1954 2232 2350 2300 buccinatores,
2397 2236 2725 2301 administri,
2781 2240 3072 2306 despotati,
3121 2242 3351 2296 manda-

1790 2333 1953 2385 torcs,
1983 2332 2035 2376 ct
2065 2324 2465 2387 cohortatores,
2495 2329 2588 2395 qui
2636 2329 2883 2383 oratione
2920 2346 3018 2384 sua
3052 2332 3251 2388 milites
3283 2334 3352 2389 ad

1789 2414 2041 2482 praelium
2071 2417 2329 2480 excitent,
2361 2433 2497 2486 quos
2526 2429 2650 2473 ante
2697 2435 2795 2475 nos
2839 2424 3170 2481 recentiores
3219 2429 3354 2482 artis

1793 2507 2045 2561 militaris
2070 2509 2249 2576 periti,
2284 2509 2473 2564 Latine
2497 2522 2806 2567 cantatores
2835 2515 3102 2570 vocabant
3131 2536 3145 2574 :
3177 2528 3232 2573 et
3261 2520 3355 2574 alii

1792 2605 2048 2663 przeterea
2082 2597 2145 2647 ad
2182 2611 2316 2650 usus
2362 2613 2542 2651 rerum
2597 2611 2939 2670 emergentes
2983 2606 3224 2671 quotidie
3270 2623 3357 2662 se-

1794 2687 1988 2753 parati,
2046 2697 2104 2738 ut
2153 2688 2436 2741 scribones
2493 2706 2507 2741 :
2565 2690 2677 2743 hare
2725 2693 2871 2745 enim
2933 2694 3197 2749 vocabula
3255 2698 3360 2751 hoc

1796 2783 2039 2843 tempore
2066 2777 2116 2828 in
2141 2776 2242 2830 hac
2274 2779 2582 2846 reipublicae
2617 2780 2793 2838 forma
2827 2783 3025 2838 usitata
3059 2794 3114 2838 et
3145 2796 3359 2857 recepta

1798 2875 1951 2930 sunt,
1982 2867 2222 2935 antiquis
2262 2870 2558 2934 vocabulis,
2592 2874 3054 2940 quemadmodum
3090 2891 3192 2931 suo
3237 2878 3360 2932 loco

1799 2956 2063 3018 dicemus,
2094 2972 2230 3026 pene
2259 2959 2551 3025 abrogatis.

1870 3047 1922 3096 7.
1992 3047 2293 3115 Imperator
2358 3050 2524 3118 igitur
2581 3051 2903 3119 appellatur,
2955 3056 3048 3124 qui
3106 3059 3362 3113 universo

1800 3132 2058 3186 exercitui
2093 3143 2307 3200 praeest,
2342 3144 2397 3188 et
2445 3137 2859 3194 administrator
2909 3141 3057 3197 illius
3095 3145 3364 3214 quasique

1801 3224 1999 3289 praesul
2027 3232 2131 3276 est.
2171 3221 2432 3294 Princeps
2479 3237 2683 3292 autem,
2730 3230 2826 3297 qui
2880 3235 3189 3301 proximum
3239 3239 3366 3293 huic

1803 3315 1975 3368 locum
2009 3324 2174 3370 tenet.
2208 3317 2473 3373 Existimo
2505 3331 2649 3375 certe
2677 3325 2913 3392 majores
2942 3341 3035 3380 eos
3057 3343 3196 3397 quos
3222 3345 3366 3383 nunc

1802 3405 2069 3473 principes
2137 3408 2506 3475 appellamus,
2564 3411 2918 3479 imperatores
2997 3417 3126 3469 olim
3188 3433 3368 3471 nomi-

1806 3515 1964 3553 uassc
1994 3519 2006 3553 :
2041 3501 2168 3568 quia
2219 3502 2471 3569 princeps
2521 3503 2952 3576 uniuscujusque
2994 3507 3216 3563 ditionis
3256 3527 3369 3565 suae

1805 3591 1959 3657 quasi
1992 3591 2288 3659 imperator
2316 3600 2420 3656 est,
2458 3602 2510 3646 ct
2539 3593 2640 3648 hac
2671 3595 2737 3648 de
2767 3611 2932 3650 causa
2968 3599 3217 3669 princeps
3261 3602 3367 3654 im-

1805 3691 2021 3750 perator
2052 3683 2370 3751 appellatur.
2405 3684 2705 3754 Imperator
2735 3697 2914 3741 autem
2943 3691 3111 3757 probe
3145 3693 3369 3760 dicitur,

1807 3772 1900 3840 qui
1932 3787 1962 3826 a
2000 3789 2143 3842 rege.
2177 3783 2236 3828 ut
2267 3777 2510 3832 omnium
2557 3787 2721 3846 caput
2769 3781 2862 3848 sit,
2897 3782 3149 3848 mittitur,
3178 3785 3281 3840 sub
3312 3800 3372 3841 se

1809 3862 2082 3931 principes
2123 3865 2347 3921 habens.

1883 4121 1935 4173 8.
1961 4119 2116 4176 Nunc
2150 4132 2327 4177 autem
2359 4124 2541 4182 nullus
2562 4126 2813 4197 princeps
2839 4128 2892 4183 in
2926 4129 3068 4186 bello
3089 4136 3374 4202 cognosci-

1814 4217 1922 4274 tur,
1942 4211 2044 4264 nisi
2078 4213 2170 4279 qui
2208 4217 2523 4276 merarchaz,
2550 4216 2601 4270 id
2632 4227 2735 4280 est,
2768 4219 3002 4286 praefecti
3026 4231 3234 4284 turma).
3259 4225 3376 4279 sive

1817 4301 2146 4356 turmarchae
2171 4311 2457 4357 vocantur.
2482 4303 2816 4361 Turmarcha
2852 4318 3044 4363 turma:
3066 4311 3375 4380 praefectus,

1814 4390 1906 4458 qui
1955 4390 2083 4443 olim
2131 4393 2412 4445 merarcha
2448 4395 2746 4449 vocabatur
2791 4413 2807 4451 :
2839 4398 2885 4451 is
2915 4399 3133 4468 μέρους,
3190 4401 3240 4454 id
3271 4412 3375 4467 est,

1747 4505 1797 4563 υ
1826 4488 2016 4530 turma:
2059 4478 2172 4531 sive
2197 4479 2368 4546 partis
2393 4479 2622 4547 imperio
2649 4486 2997 4552 praeponitur.

1890 4568 1946 4622 9.
2011 4567 2345 4636 Drungarius
2405 4569 2520 4623 sive
2569 4572 2822 4628 tribunus
2863 4573 3086 4643 dicitur,
3141 4578 3234 4647 qui
3284 4580 3377 4633 uni

1821 4657 2006 4727 μοίρᾳ,
2055 4657 2107 4710 id
2163 4667 2273 4722 est,
2333 4658 2614 4725 particulae
2670 4663 2782 4715 sive
2839 4664 3050 4717 cohorti
3113 4666 3381 4720 milliaria:

1818 4755 2034 4815 praest.
2076 4747 2279 4815 Μέρος,
2311 4746 2362 4798 id
2391 4758 2494 4811 est,
2525 4763 2653 4816 pars
2679 4765 2800 4817 quae
2831 4751 2994 4805 etiam
3029 4761 3204 4807 turma
3242 4755 3382 4809 dici-

1820 4847 1930 4900 tur,
1960 4852 2026 4890 ex
2061 4836 2232 4890 tribus
2259 4838 2500 4905 μοίραις,
2531 4838 2582 4892 id
2613 4849 2716 4902 est,
2749 4842 3033 4908 particulis
3065 4845 3178 4898 sive
3208 4847 3379 4899 drun-

1825 4928 1906 4995 gis
1962 4926 2271 4980 conficitur.
2325 4927 2506 4996 Μοῖρα
2555 4940 2770 4993 autem,
2819 4931 2869 4984 id
2922 4942 3037 4997 est,
3079 4937 3341 5004 particula
3364 4931 3389 5001 ,’

1826 5019 1940 5071 sive
1961 5016 2224 5082 drungus,
2255 5025 2419 5070 estex
2448 5018 2511 5072 iis
2542 5019 2980 5091 hominibus,qui
3007 5027 3230 5082 comites
3259 5043 3383 5083 esse

1827 5109 2098 5170 dicuntur,
2123 5107 2356 5162 conﬂata
2387 5110 2693 5164 multitudo.

1901 5201 1988 5254 to.
2031 5200 2226 5254 Comes
2256 5210 2339 5254 est
2373 5201 2534 5256 unius
2562 5202 2828 5268 cohortis,
2873 5206 2988 5262 sive
3022 5208 3208 5271 bamli,
3245 5225 3383 5278 pra:-

1825 5289 2018 5346 fectus.

1901 5383 1987 5436 tt.
2026 5381 2286 5436 Centurio
2328 5390 2411 5436 est
2454 5383 2546 5450 qui
2587 5393 2806 5439 centum
2853 5385 2984 5440 viris
3035 5397 3252 5456 praeest,
3290 5389 3382 5457 qui

1831 5473 1931 5528 sub
1961 5471 2212 5528 comitem
2246 5473 2525 5543 subjectus
2553 5483 2654 5531 est.

1694 5604 1917 5661 ΝΟΤιΕ.

245 5751 353 5822 (ΞΟ)
381 5751 704 5808 Διποτάτοι.
735 5752 791 5808 In
829 5751 993 5808 Checi
1030 5751 1214 5808 codice
1240 5759 1377 5817 erat,
1417 5749 1692 5803 δεσποτάτι

1798 5765 1824 5802 n
1850 5745 2099 5803 Palatino
2129 5746 2556 5816 δεσποτάμοιτοι.
2597 5746 2899 5817 Utrumque
2928 5748 3247 5805 mendosum
3281 5756 3382 5804 est.
