4176 6446
823 428 932 493 703

820 640 1279 711 quemadmodum
1305 642 1626 710 quintanus,
1655 642 1751 709 qui
1778 642 2043 711 quinque,
2066 642 2162 711 qui
2195 642 2249 694 iu
2279 658 2393 695 me-

819 731 911 784 dio
938 729 1301 785 contubernio
1330 732 1705 785 constituitur.

892 820 979 872 l3.
1022 818 1337 884 Quartanus
1366 832 1467 881 est,
1496 823 1588 891 qui
1616 832 1873 877 etcustos
1899 823 2389 895 ἀὶοἱιυτ,οὐραγός,

821 910 871 964 id
904 921 1007 972 est,
1038 913 1321 965 caudanus
1363 912 1479 966 sive
1531 914 1849 977 ultimanus,
1894 923 1948 967 et
2007 924 2286 969 extremus
2338 916 2392 969 in

820 1001 1185 1055 contubernio
1242 1008 1371 1055 stat.
1439 1002 1729 1071 Copiosior
1800 1003 1944 1056 enim
2014 1002 2392 1071 praefectorum

820 1091 1015 1145 divisio
1060 1092 1242 1159 plures
1284 1092 1339 1144 in
1383 1093 1627 1145 exercitu
1670 1102 1922 1147 strenuos
1966 1092 2114 1146 viros
2162 1091 2391 1159 indicat,

820 1182 1002 1249 plures
1033 1182 1232 1236 milites
1279 1184 1487 1237 alacres
1532 1193 1643 1237 tum
1696 1184 1761 1237 ad
1812 1184 1969 1237 facile
2008 1185 2394 1254 obtemperan-

820 1274 973 1335 duni,
1001 1284 1114 1326 tum
1145 1274 1210 1326 ad
1243 1274 1504 1339 imperata
1537 1273 1782 1326 facienda
1815 1284 2055 1341 praestat.

894 1366 983 1418 14.
1024 1364 1089 1416 Ει
1121 1363 1526 1431 bandophorus,
1558 1364 1609 1415 id
1638 1373 1721 1417 est
1751 1363 2002 1433 signifer,
2031 1366 2124 1435 qui
2175 1365 2391 1435 signum

818 1456 1059 1510 cohortis
1091 1457 1204 1509 sive
1238 1456 1398 1509 bandi
1436 1466 1633 1526 gestat.

892 1567 977 1618 lii.
1024 1567 1297 1636 Despotati
1332 1566 1747 1634 appellabantur
1774 1566 1904 1618 olim
1942 1567 2037 1636 qui
2075 1582 2220 1621 nunc
2259 1566 2393 1621 scri-

822 1659 990 1709 honcs
1024 1658 1104 1709 vcl
1157 1658 1399 1725 chirurgi
1438 1657 1738 1708 dicuntur:
1776 1655 1827 1707 hi
1882 1658 2053 1709 aciem
2107 1667 2395 1724 sequentes

818 1750 1091 1800 sauciatos
1126 1747 1179 1799 in
1211 1747 1405 1815 proelio
1428 1756 1644 1811 curant,
1673 1746 2138 1814 quemadmodum
2174 1750 2392 1812 medici,

817 1847 871 1891 et
900 1839 965 1891 ad
1003 1838 1293 1892 sanitatem
1324 1846 1602 1891 revocant.

890 1934 977 1987 16.
1018 1932 1361 1986 Mandatores
1393 1940 1539 1995 sunt,
1570 1930 1665 1998 qui
1699 1929 1956 1983 mandata
1988 1942 2018 1981 a
2050 1927 2391 1997 principibus

819 2024 885 2077 ad
924 2024 1123 2076 milites
1155 2024 1309 2075 facile
1334 2021 1637 2091 perferunt.

889 2113 977 2165 l7.
1021 2112 1329 2181 Lochagus,
1372 2111 1424 2164 id
1470 2121 1575 2177 est,
1609 2109 1875 2179 manipuli
1910 2108 2223 2178 praefectus,
2253 2108 2390 2163 dici-

818 2215 908 2257 tur
942 2205 1150 2273 primus
1182 2204 1236 2257 in
1279 2204 1641 2257 contubernio
1687 2202 1843 2271 juxta
1895 2200 2263 2265 altitudinem,
2299 2200 2391 2270 qui

816 2304 871 2348 et
906 2295 1192 2364 primanus
1219 2305 1273 2349 et
1306 2303 1529 2363 praastes
1562 2294 1789 2347 dicitur.

890 2386 978 2439 18.
1025 2384 1384 2440 Secundanus
1413 2396 1517 2448 est,
1547 2386 1637 2452 qui
1679 2384 1954 2438 secundus
1990 2392 2075 2438 est
2104 2384 2156 2437 in
2191 2392 2389 2438 contu-

819 2476 1032 2537 bernio,
1056 2475 1152 2542 qui
1181 2484 1234 2527 et
1271 2474 1489 2527 substes
1516 2473 1737 2525 dicitur.

894 2567 979 2620 l9.
1018 2565 1312 2619 Caudanus
1342 2575 1427 2618 est
1459 2563 1554 2632 qui
1608 2564 1660 2616 in
1705 2573 1951 2619 extrema
2000 2572 2151 2633 parte
2192 2568 2392 2615 contu-

820 2658 1016 2719 bernii,
1042 2658 1092 2710 id
1120 2665 1225 2717 est,
1253 2656 1304 2708 in
1330 2659 1500 2707 cauda
1529 2654 1737 2708 ordinis
1772 2665 1900 2708 stat.

888 2748 977 2800 20.
1034 2744 1300 2799 Cursores
1347 2745 1609 2798 dicuntur
1660 2746 1745 2798 vel
1794 2756 2249 2814 propugnatores,
2298 2750 2393 2816 qui

818 2839 992 2892 aciem
1022 2836 1352 2890 antecedunt
1381 2836 1434 2889 in
1466 2834 1590 2889 belli
1626 2832 2147 2899 conﬂictationibus,
2197 2850 2251 2889 et
2298 2838 2391 2906 qui

820 2931 875 2983 in
932 2928 1207 2998 fugientes
1256 2927 1443 2980 hostes
1495 2926 1647 2979 omni
1708 2926 2062 2980 dimicatione
2109 2927 2392 2993 invadunt,

818 3036 960 3091 quos
995 3028 1195 3073 vocant
1232 3018 1560 3088 proclastas.

887 3113 977 3166 2L
1040 3110 1372 3166 Defensores
1414 3110 1531 3164 sive
1579 3109 1894 3163 subsidiarii
1943 3117 2074 3163 sunt
2116 3108 2211 3177 qui
2258 3108 2393 3161 istos

2060 434 2332 495 LEONIS
2362 432 2815 495 PHILOSOPHI

895 550 986 603 12.
1028 549 1273 602 Decanus
1325 560 1409 605 est
1452 552 1545 620 qui
1596 560 1790 620 prtecst
1835 550 2021 605 decem
2064 552 2377 605 militibus:
2412 558 2458 612 Α

3970 445 4081 505 701

2562 550 2647 619 ιβ’.
2692 550 2964 619 Δέκαρχος
2995 548 3051 600 δέ
3084 549 3262 610 ἐστιν,
3298 550 3326 600 6
3357 549 3466 603 τῶν
3496 550 3626 603 δέκα
3684 549 3925 619 πρῶτος·
3970 553 4081 604 ὧσ-

2496 660 2602 713 περ
2641 641 2735 695 καὶ
2774 642 3081 711 πεντάρχης
3120 642 3147 692 6
3174 640 3284 692 τῶν
3362 642 3548 708 πέντε,
3588 642 3735 705 ὅστις
3766 645 3860 695 καὶ
3907 646 4077 713 μέσος

2496 734 2712 787 ἵσταται
2739 733 2837 800 τῆς
2869 735 3032 795 άκίας
3069 732 3202 800 (2|).

2568 822 2654 890 ιγ’.
2695 822 3012 893 Τετράρχης
3041 824 3096 877 δέ
3131 824 3298 887 ἐστιν,
3327 825 3354 875 6
3384 823 3475 876 καὶ
3507 823 3699 890 φύλαξ,
3721 827 3749 878 6
3776 825 4076 895 λεγόμενος

2493 913 2746 985 οὐραγὸς,
2798 920 2893 967 καὶ
2937 916 3244 975 τελευταῖος
3294 915 3578 983 ἱστάμενος
3621 916 3723 984 τῆς
3767 919 3953 979 άκὶας.
4018 918 4076 970 Ὀ

2495 1004 2603 1074 γὰρ
2652 1004 2987 1075 πυκνότερος
3038 1006 3147 1057 τῶν
3219 1007 3498 1075 ἀρχόντων
3556 1006 3917 1077 διαμερισμδς
3982 1010 4076 1061 καὶ

2497 1096 2741 1157 πλείονας
2765 1096 2997 1148 δεικνύει
3027 1098 3152 1159 τοὺς
3174 1098 3453 1165 γενναίους
3481 1098 3573 1150 καὶ
3596 1098 3872 1165 ἀνδρείους
3903 1118 4076 1171 στρα-

2498 1187 2715 1252 τιώτας,
2751 1188 2844 1239 καὶ
2885 1187 3124 1256 εὐχερῶς
3158 1187 3453 1241 ὑπακούειν
3494 1189 3587 1242 καὶ
3632 1189 3869 1242 ἐκτελεῖν
3931 1196 4079 1245 ποιεῖ

2495 1278 2565 1330 τὰ
2592 1277 2941 1345 κελευόμενα.

2571 1366 2631 1419 ιδ’
2638 1407 2652 1420 .
2695 1368 2802 1419 Καὶ
2840 1366 3161 1436 βανδοφόρος
3206 1367 3302 1435 μέν
3348 1367 3512 1429 ἐστιν,
3558 1367 3587 1417 6
3620 1367 3679 1418 τὸ
3707 1369 3935 1438 σημεῖον
3978 1370 4074 1421 τοῦ

2498 1456 2689 1525 βάνδου
2721 1457 3023 1527 βαστάζων.

2567 1564 2648 1620 ιε’.
2689 1568 3013 1621 Δεσποτάτοι
3052 1565 3109 1617 δὲ
3153 1566 3623 1634 προσηγορεύοντο
3673 1569 3841 1621 πάλαι
3877 1573 3931 1623 oi
3979 1568 4075 1623 νῦν

2493 1659 2773 1726 λεγόμενοι
2801 1660 3099 1728 σκρίὸωνες
3132 1658 3263 1726 (‘22),
3289 1659 3485 1722 οἵτινες
3536 1662 4071 1727 παρακολουθοῦντες

2496 1754 2562 1820 τῇ
2593 1750 2892 1820 παρατάξει
2927 1751 3056 1812 τοὺς
3092 1752 3150 1803 ἐν
3190 1753 3254 1819 τῇ
3294 1751 3444 1821 μάχῃ
3474 1753 3815 1819 τραυματίας
3852 1757 4073 1820 γινομέ-

2499 1860 2621 1905 νους
2644 1841 3115 1909 ἀναλαμϐάνονται
3146 1842 3221 1904 ὡς
3250 1844 3442 1912 ἰατροὶ,
3474 1844 3568 1894 καὶ
3606 1844 4037 1914 περιποιοῦνται.

2571 1930 2667 1994 ις’.
2707 1931 3071 1999 Μανδάτωρες
3096 1930 3151 1983 δέ
3176 1933 3335 1993 εἰσιν,
3368 1932 3415 1983 oi
3454 1931 3521 1983 τά
3559 1934 3798 1998 μανδάτα
3828 1934 3939 1985 ἀπὸ
3959 1936 4073 1986 τῶν

2496 2022 2772 2090 ἀρχόντων
2792 2024 2927 2091 πρὸς
2947 2023 3070 2084 τοὺς
3092 2020 3428 2091 στρατιώτας
3450 2022 3611 2087 ὀξέως
3638 2025 4072 2092 διακομίζοντες.

2572 2110 2654 2173 ιζ’.
2708 2113 2953 2181 Λοχαγδς
2995 2112 3052 2163 δὲ
3093 2111 3310 2178 λέγεται
3359 2113 3387 2162 6
3434 2113 3649 2181 πρῶτος
3706 2115 3800 2166 τοῦ
3858 2116 4069 2183 στίχου,

2499 2201 2664 2269 ἦγουν
2693 2199 2786 2251 τοῦ
2817 2199 3027 2269 ὀρδίνου
3056 2203 3196 2254 κατὰ
3220 2200 3282 2253 τὸ
3302 2200 3480 2269 βάθος,
3514 2204 3543 2255 6
3571 2204 3730 2266 αὐτὸς
3762 2205 3819 2257 δὲ
3853 2205 4071 2273 λέγεται

2498 2293 2592 2342 καὶ
2619 2292 2841 2358 πρῑμος,
2872 2288 2967 2339 καὶ
2996 2292 3313 2357 ἐπιστάτης.

2574 2378 2661 2448 ιη’.
2698 2377 2989 2440 Σεκοῦνδος
3038 2377 3095 2429 δὲ
3142 2377 3379 2444 λέγεται,
3409 2379 3439 2430 6
3465 2378 3711 2449 δεύτερος
3742 2380 3838 2448 τῆς
3868 2382 4033 2444 ἁκιας
4053 2420 4071 2444 ,

2497 2472 2525 2523 6
2546 2469 2836 2538 λεγόμενος
2872 2468 3189 2536 ἐπιστάτης.

2572 2560 2655 2612 ιο’.
2691 2560 2937 2629 Οὑραγὸς
2964 2560 3020 2611 δὲ
3044 2560 3215 2611 ὀπίσω
3251 2558 3345 2612 τοῦ
3378 2559 3499 2611 ὅλου
3545 2562 3727 2630 στίχου
3765 2562 3933 2631 ήγουν
3972 2561 4073 2631 τῆς

2497 2651 2663 2720 οὐρᾶς
2693 2652 2785 2703 τοῦ
2814 2651 3027 2718 ὀρδίνου
3058 2649 3362 2719 ἱστάμενος.

2570 2739 2637 2794 κ’.
2680 2740 3009 2809 Κούρσωρες
3054 2740 3111 2792 δὲ
3150 2740 3420 2808 λέγονται,
3468 2742 3635 2811 ἤγουν
3672 2741 3974 2810 πρόμαχοι,
4022 2745 4074 2794 oi

2500 2832 2893 2901 προτρέχοντες
2926 2831 3026 2899 τῆς
3074 2831 3434 2899 παρατάξεως
3479 2832 3537 2882 ἐν
3580 2835 3646 2899 τῇ
3694 2832 3939 2902 συμϐολῇ
3976 2836 4071 2887 τοῦ

2500 2924 2763 2991 πολέμου,
2791 2922 2888 2974 καὶ
2921 2924 3034 2984 τοῖς
3059 2922 3351 2988 φεύγουσιν
3376 2921 3588 2991 ἐχθροῖς
3621 2921 3788 2984 ὀξέως
3834 2924 4073 2976 ἐπιτιθέο

2502 3029 2673 3083 μενοι,
2706 3012 2801 3075 οὒς
2830 3010 3051 3064 καλοῦσι
3081 3010 3446 3082 προκλάστας.

2569 3112 2678 3161 κα’.
2716 3107 3038 3174 Διφένσορες
3075 3103 3151 3165 δὲ,
3182 3104 3232 3156 oi
3268 3102 3476 3165 τούτοις
3514 3103 3613 3172 μὶν
3645 3104 4073 3156 ἐπακολουθοῦν-

818 3210 1144 3274 sequuntur,
1176 3217 1283 3255 non
1313 3211 1493 3254 tamen
1523 3209 1825 3254 excurrunt
1844 3209 1899 3254 et
1924 3201 2171 3254 ordinem
2201 3206 2255 3251 et
2281 3208 2393 3252 sta-

2497 3213 2608 3259 τες,
2643 3196 2714 3267 μὴ
2747 3196 3099 3266 ἐκτρέχοντες
3130 3194 3187 3246 δὲ
3213 3194 3309 3247 καὶ
3336 3193 3551 3257 λύοντες
3585 3194 3688 3263 τὴν
3724 3193 3905 3259 τάξιν,
3941 3195 4075 3247 ἀλλὰ

818 3298 1023 3349 tionem
1081 3307 1237 3348 suam
1286 3291 1582 3353 deserunt,
1648 3288 1742 3344 sed
1797 3289 1961 3343 simul
2007 3298 2062 3342 et
2104 3288 2391 3342 confertim

818 3383 1103 3438 ambulant
1160 3380 1228 3433 ad
1286 3378 1671 3433 vindicandam
1722 3385 1927 3431 sortem
1972 3392 2299 3440 cursorum,
2348 3376 2395 3431 si

820 3479 961 3530 forte
1000 3476 1145 3535 illos.
1194 3470 1341 3541 quod
1389 3485 1491 3524 usu
1537 3470 1724 3523 venire
1773 3468 2093 3538 plerumque
2145 3466 2305 3529 solet,
2338 3466 2394 3519 iu

819 3569 1004 3638 fugam
1050 3566 1189 3620 verti
1220 3563 1523 3630 contingat,
1555 3575 1693 3630 quos
1730 3560 1855 3630 jure
1881 3559 2006 3628 quis
2032 3558 2273 3612 vindices
2301 3571 2393 3611 vo-

819 3666 991 3712 caret.

888 3747 978 3801 τε.
1022 3746 1317 3808 Censores,
1339 3741 1433 3812 qui
1462 3740 1671 3795 fossata
1721 3739 1838 3794 sive
1881 3748 2063 3793 castra
2119 3746 2397 3791 metantur

818 3847 872 3895 et
905 3837 1269 3897 constituunt.
1301 3848 1440 3902 quos
1476 3843 1885 3885 mensuratores
1934 3829 2048 3884 sive
2094 3837 2397 3883 luctatores

818 3939 1039 3983 vocant.
1487 3992 1491 3999 .

891 4022 980 4074 25.
1022 4020 1411 4073 Anticensores
1463 4016 1576 4068 sive
1618 4022 1915 4067 metatores
1953 4012 2090 4065 alios
2125 4012 2391 4079 quosdam

820 4112 1028 4181 antiqui
1063 4108 1297 4163 Romani
1331 4106 1693 4177 appellabant,
1717 4120 1856 4174 quos
1874 4119 2039 4169 nunc,
2064 4104 2395 4164 utarhitror,

818 4222 944 4262 cum
1004 4202 1482 4258 mensuratoribus
1546 4198 1983 4262 confundentes,
2038 4197 2188 4250 nullo
2247 4207 2396 4250 certo

821 4297 1043 4348 nomine
1066 4293 1359 4361 appellant.
1387 4290 1475 4342 lsti
1505 4288 1557 4341 in
1580 4287 1781 4340 castris
1805 4285 2089 4339 movendis
2113 4294 2393 4345 auteeunt,

822 4396 875 4438 et
907 4387 1129 4439 idoneas
1176 4383 1290 4435 vias
1333 4382 1561 4448 locaque
1607 4378 1901 4445 exquirunt
1948 4377 2016 4429 ad
2068 4385 2248 4428 castra
2299 4390 2397 4442 po-

823 4478 1020 4539 nenda,
1049 4488 1218 4541 eaque
1246 4472 1428 4540 qualia
1457 4484 1579 4524 esse
1611 4469 1811 4521 debent
1842 4466 2151 4519 advertunt.

893 4658 984 4711 21.
1030 4654 1387 4713 Scultatores,
1442 4649 1492 4702 id
1550 4656 1655 4709 est,
1714 4646 2107 4714 speculatores,
2164 4646 2256 4713 qui
2313 4661 2400 4698 res

826 4752 1065 4804 hostium
1102 4744 1401 4812 exquirunt
1427 4751 1481 4795 et
1518 4748 1764 4794 narrant.

894 4839 983 4892 25.
1010 4833 1477 4903 Πλαγιοφύλακες,
1516 4830 1566 4883 id
1600 4840 1702 4891 est,
1724 4829 1994 4881 laterones
2011 4827 2125 4879 sive
2152 4827 2399 4887 laterani,

825 4932 916 4998 qui
950 4929 1015 4980 ad
1052 4929 1295 4981 laterum
1326 4920 1631 4977 custodiam
1682 4918 1873 4987 prima:
1912 4917 2047 4971 aciei
2099 4918 2401 4971 constitue-

826 5022 1048 5075 bantur.

893 5110 981 5164 :26.
1019 5108 1345 5163 Cornistites
1374 5112 1523 5165 sunt,
1551 5102 1642 5170 qui
1664 5100 1732 5155 ad
1764 5112 1973 5154 cornua
2005 5097 2246 5152 hostium
2286 5098 2399 5152 cir-

826 5220 892 5256 cu
905 5200 1140 5254 iudauda
1158 5197 1595 5251 constituuntur.

2500 3285 2949 3353 συντεταγμένοις
2997 3282 3431 3353 περιπατοῦντες
3472 3284 3609 3351 πρὸς
3644 3284 3931 3352 ἐκδίκησιν
3969 3285 4075 3336 τῶν

2496 3373 2855 3443 κουρσὼρων,
2886 3372 3043 3442 εἴπερ
3088 3372 3202 3440 (9.5)
3235 3372 3456 3436 αὐτοὺς,
3487 3372 3564 3434 ὡς
3593 3374 3759 3435 είκὸς,
3794 3374 4075 3443 τραπῆναι

2499 3465 2716 3534 συμὸῇο
2783 3463 2989 3532 οὕσπερ
3049 3463 3271 3525 δικαίως
3326 3462 3393 3516 ἄν
3451 3479 3537 3525 τις
3602 3464 3891 3516 καλέσειεν
3940 3464 4076 3517 “6&-

2497 3573 2625 3619 κους
2650 3556 2785 3625 (24).

2570 3731 2675 3801 κβ’.
2724 3730 3011 3800 Μίνσωρες
3064 3728 3175 3798 (‘25)
3223 3728 3281 3781 δέ
3328 3728 3578 3795 λέγονται
3609 3728 3658 3781 ο1
3701 3727 3770 3781 τά
3819 3728 4075 3799 ἅπληκτα

2498 3826 2619 3895 ἢτοι
2664 3824 2714 3876 oi
2757 3823 2826 3876 τὰ
2870 3824 3113 3891 φοσσάτα
3168 3820 3491 3891 μετροῦντες
3541 3822 3637 3874 καὶ
3684 3821 4073 3885 καθιστῶντες,

2499 3915 2591 3978 οὒς
2625 3915 3051 3984 μινσωράτωρας
3071 3912 3165 3965 νῦν
3190 3913 3469 3965 καλοῦσιν.

2571 4007 2676 4074 κγ’.
2722 4007 3131 4074 ’Λντικένσορας
3154 4006 3211 4057 δὲ
3229 4004 3419 4066 ἄλλους
3444 4004 3594 4062 τινὰς
3620 4005 3805 4069 ἔλεγον
3829 4006 3881 4057 ci
3906 4005 4075 4059 πάλαι

2512 4101 2791 4166 Ῥωμαῖοι,
2833 4098 2946 4160 οὒς,
2980 4098 3054 4159 ὡς
3085 4098 3475 4167 ὑπολαμϐάνω,
3516 4097 3611 4150 νῦν
3642 4104 3753 4157 τοῖς
3797 4100 4077 4164 μινσωρά-

2499 4206 2665 4259 τωρσι
2708 4190 3127 4250 συντάσσοντες,
3170 4188 3314 4250 ἰδίως
3363 4189 3462 4240 οὐκ
3498 4187 3877 4256 ὀνομάζουσιν.
3919 4183 4077 4240 Οὗτοι

2498 4281 2555 4332 δέ
2591 4281 2728 4331 εἰσιν
2757 4280 2806 4331 οἱ
2835 4278 3198 4347 προλαὸὀντες
3232 4280 3289 4328 ὲν
3316 4280 3434 4339 ταῖς
3472 4276 3822 4346 ὁδοιπορίαις,
3855 4278 3952 4327 καὶ
3980 4278 4077 4336 τας

2501 4370 2810 4438 ἐπιτηδείας
2847 4369 2997 4431 ὁδοὺς
3028 4369 3125 4421 καὶ
3162 4369 3286 4431 τοὺς
3328 4369 3525 4421 τόπους
3560 4367 3978 4436 ἀνερευνῶντες,
4020 4370 4076 4418 ἐν

2500 4457 2580 4521 οἷς
2626 4460 2698 4511 τὰ
2743 4460 2996 4523 ᾶπληκτα
3054 4458 3300 4525 γίνεσθαι
3358 4458 3667 4523 ὀφείλουσι,
3723 4457 3818 4509 καὶ
3872 4458 4077 4518 ταύτας

2427 4555 2480 4613 D
2504 4551 2683 4602 ὁποῖαί
2716 4553 2819 4603 εἰσι
2850 4549 3260 4611 κατανοοῦντες.

2571 4637 2668 4693 κδ’.
2712 4641 3125 4709 Σκουλκάτωρες
3155 4640 3211 4691 δέ
3241 4641 3288 4691 οἱ
3320 4639 3654 4692 κατάσκοποι
3676 4637 3953 4704 λέγονται,
3993 4638 4077 4687 οἶ-

2497 4752 2642 4797 τινες
2677 4733 3036 4804 μανθάνοντες
3059 4733 3126 4784 τὰ
3152 4734 3261 4785 τῶν
3291 4733 3523 4801 ἐχθρῶν,
3552 4731 4015 4799 ἀπαγγέλλουσιν.

2570 4825 2666 4879 κε’.
2720 4825 3165 4892 Πλαγιοφύλακες
3215 4822 3273 4875 δέ
3322 4824 3478 4886 εἰσιν,
3527 4824 3575 4873 οἱ
3628 4821 3761 4890 πρὸς
3823 4820 4075 4890 ψυλακὴν

2498 4912 2606 4964 τῶν
2634 4910 2878 4978 πλαγίων
2906 4909 3003 4978 τῆς
3028 4908 3249 4978 πρώτης
3270 4906 3473 4971 τάξεως
3503 4908 3849 4976 τασσόμενοι.

2578 5100 2691 5165 κς’.
2743 5101 3179 5170 ’Υπερκερασταὶ
3208 5100 3285 5162 δέ,
3317 5100 3367 5151 οἱ
3397 5100 3532 5170 πρὸς
3570 5102 3630 5154 τὸ
3666 5101 3983 5170 περιλαϐεῖν
4017 5103 4075 5153 τὸ

2506 5189 2616 5243 τῶν
2641 5189 2914 5257 πολεμίων
2937 5188 3106 5258 κέρας
3134 5189 3477 5257 τασσόμενοι.

2359 5328 2589 5386 NOTAE.

898 5459 1009 5526 (21)
1050 5457 1161 5523 Τῆς
1204 5455 1399 5518 ἁλίας.
1437 5452 1628 5526 §_odex_
1658 5449 1938 5526 Palatinus
1980 5447 2066 5526 hic
2093 5448 2247 5500 valde
2268 5464 2393 5526 eor-

831 5517 1024 5597 ruptus
1074 5517 1178 5587 esi,
1231 5534 1320 5597 ut__
1352 5517 1406 5576 et
1436 5520 1797 5597 Pistorianus.
1839 5518 1939 5597 qui
1980 5517 2389 5597 Ιιιιὶκέι-κςιικίςιιςἷ

828 5584 931 5650 Alii
985 5584 1242 5656 ἀκακίας.
1284 5592 1533 5646 Occurrit
1577 5603 1793 5658 quoque
1827 5584 2035 5658 iterum
2091 5584 2231 5654 §35.
2284 5586 2389 5658 Sed

824 5666 1203 5735 corrigendum
1253 5663 1353 5715 hoc
1406 5656 1607 5721 ιιιοάοζ
1638 5672 1747 5727 quo
1808 5656 1967 5709 dixi:
2009 5669 2137 5708 naui
2185 5657 2392 5711 ἀκακία

826 5738 983 5804 longe
1006 5736 1148 5787 aliud
1176 5742 1278 5787 cst.

898 5799 1009 5875 (Ἡ)
1042 5806 1397 5872 Σκρίμωνες.
1437 5800 1625 5857 Scribe
1656 5799 1975 5869 σκρίὸωνες.

2492 5725 2521 5775 6
2541 5722 2762 5803 tﬂv‘fﬁv
2795 5723 3031 5792 μετρῶν.
3064 5724 3129 5777 Ει
3165 5722 3408 5777 Isidorus
3441 5725 3494 5777 in
3521 5722 3733 5781 Classis
3762 5740 3778 5777 :

2570 5448 2679 5519 (25)
2717 5448 2902 5519 Εἴπερ
2929 5446 3582 5519 αὐτούςηδρτίδοιηιυτ,
3604 5449 3765 5519 ὅπερ.

2574 5516 2685 5587 (id)
2717 5516 2879 5569 Ἐνδί
2882 5534 3045 5580 κους.
3062 5516 3268 5587 _Scribe
3294 5518 3558 5578 ἐκδίκους.

2566 5585 3118 5655 (⁷95)Μίνσωρες.1ιι
3153 5586 3315 5636 Checi
3369 5590 3559 5655 codice
3617 5587 3836 5640 videtur
3901 5587 4071 5641 fuisse

2495 5653 2786 5724 κίνσωρεςε
2819 5656 2965 5724 quod
2997 5669 3106 5708 non
3134 5655 3401 5724 improbo.
3439 5653 3743 5724 Hesychius
3773 5659 4071 5724 κηνσίτωρ,

3861 5738 4065 5780 ειειιοο

2494 5809 2596 5857 rea,
2627 5793 3039 5861 Agrimeusorcs.
