4176 6446
86 401 204 462 705

1187 390 1518 452 TACTICA.
1563 413 1632 426 ·-
1666 390 2170 452 CONSTITUTIO
2204 393 2298 452 ιν.

3235 398 3344 463 ’106

167 507 276 574 κζ’.
319 509 561 580 Ἔνεδροι
601 507 679 572 δὲ,
731 505 784 559 oi
834 504 970 576 πρὸς
1007 505 1076 559 τὰ
1118 504 1484 572 ἐγκρύμματα
1534 502 1673 555 κατὰ

1841 505 1930 558 27.
1986 504 2203 560 Insidiae
2253 503 2627 574 nominantur,
2671 510 2768 580 qui
2827 508 2883 564 in
2932 507 3162 566 occultis
3207 509 3344 566 locis

91 600 190 667 τῆς
215 599 583 671 παρατάξεως
613 597 724 651 τῶν
755 596 965 666 δχθρῶν
1001 593 1431 662 έτοιμαζόμενοι.

164 699 280 761 κη’.
322 690 718 758 Νωτοφύλακες
760 689 817 742 δὲ
846 690 896 742 οί
957 687 1136 740 ὀπίσω
1175 687 1275 755 τῆς
1318 683 1676 755 παρατάξεως

93 783 284 848 πάσης
314 781 633 850 τασσόμενοι
665 781 1009 849 περιπατεῖν.

163 869 273 923 κθ’.
330 873 439 925 Καὶ
491 871 709 924 τοῦλδόν
760 873 911 924 ἔστιν
965 869 999 938 ή
1045 866 1322 938 ἀποσκευὴ
1372 868 1467 922 καὶ
1516 867 1676 937 χρεία

101 963 256 1013 πᾶσα
308 962 420 1013 τῶν
470 959 840 1030 στρατιωτῶν,
897 957 1141 1011 τουτέστι
1197 957 1386 1019 παῖδές
1443 973 1530 1018 τε,
1586 956 1678 1008 καὶ

97 1053 394 1120 ζιποζύγια,
422 1056 515 1106 καὶ
543 1053 612 1105 τὰ
635 1050 798 1104 λοιπὰ
821 1050 957 1114 ζῶα,
983 1050 1074 1103 καὶ
1097 1051 1202 1103 εἰτι
1229 1049 1417 1118 ἕτερον
1444 1049 1677 1120 πρᾶγμα

94 1141 236 1211 πρὸς
270 1141 574 1212 ὑπηρεσίαν
603 1140 696 1194 τοῦ
727 1139 996 1206 φοσσάτου
1026 1137 1366 1210 ὲπισύρεται.

163 1233 228 1288 λ’.
275 1235 436 1286 Ἐστι
464 1233 522 1284 δὲ
546 1235 581 1303 ή
604 1231 697 1285 τοῦ
729 1231 1034 1302 στρατηγοῦ
1061 1229 1385 1300 προέλευσις
1416 1228 1497 1291 είς
1524 1245 1676 1290 τινας

95 1327 365 1394 ἄρχοντας
392 1324 767 1394 διαιρουμένη,
797 1315 910 1374 οἷον
935 1324 1026 1374 τόν
1045 1339 1100 1374 τε
1119 1321 1334 1388 κόμητα
1363 1319 1460 1388 τῆς
1478 1319 1676 1388 κόρτης

97 1417 287 1480 αὑτοῦ,
324 1417 418 1469 καὶ
451 1416 544 1468 τὸν
573 1413 666 1466 τοῦ
707 1413 938 1482 θέματος
975 1413 1316 1481 δομέστικον,
1363 1409 1457 1461 καὶ
1490 1409 1674 1474 ἁπλῶς

99 1509 296 1567 εἰπεῖν,
337 1509 420 1570 εἰς
460 1507 590 1568 τοὺς
627 1503 844 1566 λοιποὺς
882 1503 942 1566 ἐξ
977 1501 1132 1564 ἔθους
1177 1502 1277 1570 τῆς
1307 1499 1676 1570 προελεύσεως

99 1597 262 1648 αὑτοῦ
324 1595 637 1666 ὑπηρέτας,
694 1591 788 1656 οὓς
870 1592 1130 1664 περισσὸν
1201 1590 1482 1661 ἡγούμεθα
1541 1607 1674 1642 κατ-

102 1688 378 1753 αριθμείν.

166 1772 267 1827 λα’.
321 1773 380 1826 ὐ
429 1776 537 1843 γὰρ
579 1775 1011 1845 πρωτονοτάριος
1055 1772 1149 1825 τοῦ
1189 1772 1454 1842 θέματος,
1509 1772 1605 1824 καὶ
1645 1774 1674 1824 ό

1775 595 2038 649 adversus
2068 594 2308 650 hostium
2338 594 2511 650 aciem
2540 609 2819 666 paramur.

1845 684 1936 738 28.
1977 683 2299 752 Tergistites
2327 693 2478 751 sunt,
2509 687 2602 756 qui
2630 697 2690 742 ut
2718 697 2843 756 post
2893 689 3068 744 aciem
3121 690 3347 750 univer-

1775 789 1891 828 sam
1921 784 2068 838 eant,
2099 778 2524 833 constituuntur.

1843 866 1935 920 29.
1997 865 2256 931 Tuldum,
2307 870 2422 923 sive
2467 869 2884 939 impedimenta,
2915 887 3000 928 est
3047 885 3346 945 apparatus

1777 961 2068 1016 universus
2141 969 2198 1015 et
2273 965 2526 1018 utensilia
2607 966 2866 1032 militum,
2919 976 2981 1020 ut
3049 971 3226 1038 pueri,
3289 978 3347 1025 et

1771 1053 2038 1121 iumenta,
2093 1054 2408 1122 reliquaque
2435 1057 2757 1118 animantia.
2789 1060 2873 1112 vel
2919 1059 2966 1114 si
3005 1061 3148 1126 quod
3194 1061 3342 1116 aliud

1774 1141 2201 1198 instrumentum
2241 1144 2307 1197 ad
2341 1159 2496 1199 usum
2530 1155 2864 1202 castrensem
2903 1148 3238 1217 adjungitur.

1844 1236 1935 1289 50.
1972 1234 2257 1304 Expeditio
2287 1253 2504 1307 quoque
2528 1242 2800 1295 exercitus
2828 1242 2882 1295 in
2909 1242 3174 1310 quasdam
3209 1257 3346 1310 prte-

1778 1326 2019 1382 l'ecturas
2049 1328 2312 1382 dividitur
2344 1345 2359 1381 :
2404 1339 2464 1382 ut
2498 1329 2552 1382 in
2588 1331 2832 1386 cohortis
2874 1335 3152 1398 comitem,
3188 1343 3242 1388 et
3288 1335 3341 1387 in

1773 1418 2086 1472 domesticae
2114 1421 2342 1475 ditionis
2373 1422 2653 1484 comitem,
2678 1431 2732 1476 et
2758 1426 2986 1477 omnino
3018 1426 3070 1478 iu
3097 1427 3341 1495 reliquos

1773 1517 2050 1564 consuetae
2085 1511 2452 1578 expeditionis
2488 1512 2863 1580 administros,
2891 1529 3032 1584 quos
3058 1529 3342 1571 recensere

1774 1615 2239 1668 supervacaneum
2270 1612 2374 1656 est.

1842 1771 1933 1827 3t.
1972 1769 2390 1826 Protonotarius
2424 1772 2651 1828 ditionis
2675 1785 2730 1829 et
2758 1777 3144 1840 chartularius,
3179 1789 3345 1847 atque

103 1866 523 1937 χαρτουλάριος,
569 1866 792 1935 προσέτι
828 1865 886 1918 δὲ
929 1864 1024 1916 καὶ
1064 1866 1092 1916 ὁ
1134 1862 1404 1933 πραίτωρ,
1449 1864 1611 1933 ήγουν
1645 1862 1673 1914 ό

1773 1862 1936 1916 etiam
1971 1872 2170 1930 praetor
2201 1863 2315 1918 sive
2345 1863 2571 1919 ditionis
2615 1880 2730 1920 suae
2764 1866 2954 1932 judex.
3000 1868 3136 1922 alter
3175 1846 3343 1924 urba-

101 1957 189 2009 τοῦ
228 1957 468 2028 θέματος
503 1958 781 2026 δικαστής.
833 1957 893 2010 '0
940 1956 1040 2026 μὲν
1085 1955 1182 2025 τῆς
1229 1955 1511 2025 πολιτικῆς
1557 1957 1673 2008 ἐστι

1775 1968 1969 2006 narum
2002 1969 2183 2008 rerum
2216 1953 2678 2010 administrationi
2707 1957 2801 2026 qui
2831 1967 3048 2026 praeest,
3086 1960 3224 2014 alter
3250 1961 3345 2030 qui

102 2049 420 2116 διοικήσεως
457 2050 486 2101 ὁ
521 2049 727 2117 ἄρχων,
774 2046 804 2099 ό
835 2045 892 2098 δὲ
927 2046 1064 2116 πρὸς
1104 2046 1204 2117 τὴν
1237 2045 1330 2099 τοῦ
1366 2043 1672 2114 στρατηγοῦ

1775 2040 2048 2095 exercitus
2099 2040 2456 2110 descriptioni
2517 2054 2571 2096 et
2631 2043 2974 2112 inquisitioni
3026 2047 3343 2115 praalicitur.

105 2139 463 2208 καταγραφήν
493 2138 605 2207 (26)
641 2153 701 2190 τε
734 2137 829 2190 καὶ
874 2135 1228 2207 ἀναζήτησιν.
1281 2136 1340 2189 ὀ
1383 2137 1439 2188 δὲ
1465 2136 1565 2195 τὰς
1599 2135 1673 2187 δί-

1775 2129 1874 2185 liic
1915 2133 2320 2186 controversias
2368 2148 2580 2198 eorum,
2606 2135 2700 2203 qui
2735 2135 2786 2189 in
2827 2137 2918 2205 jus
2948 2139 3194 2204 veniunt,
3228 2141 3347 2195 dis-

105 2247 199 2291 κας
228 2229 338 2280 sive
361 2228 731 2296 οικαζομένων
762 2228 986 2290 διαλύει,
1017 2226 1110 2288 οὓς
1145 2229 1194 2279 εἰ
1247 2227 1342 2279 καὶ
1365 2225 1444 2293 τῷ
1476 2241 1673 2294 στρατ-

1775 2223 1958 2277 solvit.
2003 2224 2164 2286 Istos,
2198 2239 2509 2294 quanquam
2559 2227 2871 2294 imperatori
2905 2228 2958 2282 in
2995 2231 3180 2285 multis
3216 2233 3347 2287 obe-

105 2318 216 2388 ηγῷ
256 2321 314 2371 έν
356 2336 499 2372 τισιν
551 2318 950 2374 ὑποτάσσεσθαι
996 2318 1123 2389 χρὴ,
1155 2316 1271 2370 ἀλλ’
1311 2313 1406 2369 οὖν
1432 2315 1558 2377 τοὺς
1591 2316 1673 2368 λό-

1773 2315 1893 2368 dire
1927 2324 2162 2383 oportet,
2204 2323 2386 2369 tamen
2429 2315 2575 2385 quod
2617 2318 2684 2371 ad
2733 2319 3066 2387 privatarum
3118 2338 3345 2379 suarum

106 2427 228 2475 γους
269 2411 382 2463 τῶν
428 2411 609 2464 ίδικῶν
656 2411 834 2463 αὐτῶν
875 2410 1194 2479 διοικήσεων
1221 2405 1358 2478 πρὸς
1391 2407 1489 2478 τήν
1519 2406 1673 2476 βασι-

1775 2404 2307 2460 administrationum
2387 2408 2626 2462 rationes
2685 2419 2932 2476 spcctat,
2985 2413 3053 2466 ad
3115 2430 3342 2483 regnum

104 2503 246 2554 λείαν
280 2503 442 2572 ἡμῶν
481 2504 714 2574 ἀφορᾷν.
755 2501 898 2554 ῶστε
932 2500 999 2552 δι’
1044 2499 1223 2551 αὐτῶν
1255 2496 1544 2568 μανθάνειν
1576 2497 1673 2560 τάς

1776 2509 2022 2551 nostrum
2052 2499 2326 2567 pertinere
2358 2499 2632 2562 volumus,
2674 2509 2733 2553 ut
2769 2516 2839 2554 ex
2883 2515 2949 2554 eo
3003 2505 3245 2558 civilium
3290 2516 3348 2561 et

104 2612 157 2645 τε
184 2593 294 2645 τῶν
326 2593 620 2647 πολιτικῶν
649 2593 872 2646 καὶτῶν
904 2589 1310 2659 στρατιωτικῶν
1334 2592 1673 2660 πραγμάτων

1777 2587 2092 2643 bellicarum
2129 2604 2314 2642 rerum
2352 2589 2885 2646 administrationem
2917 2601 2974 2648 ct
3002 2598 3349 2653 constitutio-

105 2685 465 2747 καταστάσεις
495 2685 590 2736 καὶ
615 2683 911 2752 διοικήσεις
937 2682 1340 2750 ἀσφαλέστερον
1361 2680 1669 2750 ἡγούμεθα.

169 2771 270 2840 λβ’.
313 2770 417 2824 Τὸν
455 2772 553 2840 μὲν
597 2769 726 2840 γοῦν
766 2769 995 2839 στρατὸν
1027 2768 1169 2832 ὅλον,
1204 2760 1249 2819 ὦ
1271 2767 1564 2836 στρατηγέ,
1595 2764 1676 2817 δι-

105 2865 352 2931 αιρήσεις
385 2863 465 2925 είς
502 2861 738 2929 διάφορα
774 2860 1062 2928 τάγματα,
1107 2858 1201 2910 καὶ
1236 2857 1551 2925 ἐπιστήσεις
1580 2855 1676 2907 αὑ-

105 2954 236 3014 τοῖς,
281 2951 359 3009 ὡς
395 2952 631 3021 εῐρηται,
664 2949 932 3020 ἄρχοντας
966 2947 1284 3019 φρονίμους,
1325 2945 1421 2998 καὶ
1462 2945 1674 3016 ἀνδρεί-

103 3061 214 3107 ους,
243 3043 339 3096 καὶ
370 3041 714 3111 προσφόρους
745 3039 946 3100 αὐτοῖς.

168 3130 270 3200 λτ’.
312 3133 448 3185 Ἀπὸ
472 3132 529 3184 δὲ
555 3132 651 3184 τοῦ
683 3131 962 3198 τάγματος
992 3129 1112 3198 ήτοι
1155 3128 1347 3198 βάνδου
1385 3127 1510 3188 τοὺς
1540 3127 1672 3180 ἐκα-

102 3225 403 3293 τοντάρχας
441 3222 554 3292 (‘27)
596 3221 866 3288 ἐπιλέγων
912 3219 1211 3290 φρονίμους
1255 3217 1351 3272 καὶ
1393 3218 1670 3284 γενναίους

103 3317 182 3376 είς
229 3314 511 3384 ἀνδρείαν·
557 3308 677 3366 εἶτα
719 3315 866 3378 τοὺς,
909 3312 1002 3365 καὶ
1045 3311 1183 3380 μετὰ
1226 3311 1352 3372 τοὺς
1376 3308 1672 3378 δεκάρχους

102 3408 194 3458 καὶ
219 3405 418 3466 αὐτοὺς
447 3405 726 3470 γενναίους
758 3404 855 3455 καὶ
882 3401 1223 3470 αὐτόχειρας,
1254 3401 1302 3452 εἰ
1332 3398 1556 3451 δυνατὸν
1592 3398 1670 3463 δὲ,

101 3498 194 3550 καὶ
222 3494 463 3558 τοξεύειν
490 3494 721 3556 εἰδότας.
765 3492 876 3545 Καὶ
908 3491 1046 3560 μετὰ
1071 3490 1194 3551 τοὺς
1221 3489 1524 3555 δεκάρχους
1547 3489 1674 3550 τοὺς

100 3581 411 3653 πεντάρχας
439 3581 533 3633 καὶ
560 3580 868 3650 τετράρχας
887 3577 1110 3646 ὁμοίως.
1142 3577 1253 3629 Καὶ
1273 3576 1396 3630 τότε
1418 3576 1543 3638 τοὺς
1569 3575 1674 3643 φύ-

98 3675 272 3734 λακας
322 3671 432 3724 τῶν
473 3671 680 3734 ἀκιῶν,
725 3670 892 3739 ήγουν
924 3667 1034 3720 τῶν
1082 3666 1224 3718 κατὰ
1259 3665 1322 3718 τὸ
1362 3664 1535 3733 πάχος
1576 3665 1674 3733 τῆς

102 3763 461 3834 παρατάξεως
500 3761 746 3830 ὀρδίνων,
792 3757 841 3810 οἳ
888 3757 982 3810 καὶ
1027 3755 1311 3826 δεκαρχίαι
1359 3755 1669 3816 καλοῦνται,

103 3858 198 3910 δύο
240 3857 350 3909 ἀπὸ
382 3855 617 3922 ἑκάστης
661 3851 822 3912 άκίας
855 3849 992 3918 (28),
1017 3848 1093 3910 ὡς
1119 3847 1364 3915 γίνεσθαι
1397 3849 1521 3909 τοὺς
1552 3849 1669 3900 ἑπι-

98 3948 321 4011 λέκτους
358 3947 594 4012 ἑκάστης
625 3942 786 4004 ἀκίας
827 3941 1024 4009 ἄνδρας
1064 3935 1127 3992 ε’.
1166 3939 1275 3992 Καὶ
1313 3939 1436 4000 τοὺς
1466 3937 1673 4006 ἀπομέ-

99 4055 287 4099 νοντας
312 4036 618 4106 όρδινεῦσαι
643 4034 720 4096 είς
752 4032 850 4093 τὰς
878 4030 1040 4092 ἁκίας
1069 4028 1330 4090 παλαιούς
1366 4045 1424 4080 τε
1463 4029 1557 4079 καὶ
1586 4027 1673 4080 νέ-

98 4147 190 4192 ους
236 4130 612 4197 ἀναμίκτους,
664 4123 780 4175 ὅσοι
824 4122 891 4176 ἄν
935 4122 1042 4172 stat
1085 4119 1226 4172 κατὰ
1252 4119 1312 4171 τὸ
1342 4118 1539 4188 μέτρον
1577 4115 1672 4170 τοῦ

101 4219 338 4288 πλήθους
365 4217 457 4270 τοῦ
488 4213 742 4284 στρατοῦ.

163 4307 260 4362 λό’.
295 4309 509 4376 Στήσας
538 4305 592 4357 δὲ
619 4304 712 4357 καὶ
729 4303 953 4366 τούτους
977 4303 1372 4372 ἀπομένοντας,
1402 4299 1523 4351 τότε
1547 4298 1672 4360 τοὺς

97 4399 416 4460 ἐπιλέκτους
460 4394 718 4448 ἐπίϐαλλε
761 4395 902 4448 κατὰ
959 4392 1219 4462 διαφορὰν
1248 4391 1384 4461 πρὸς
1421 4391 1520 4460 τὴν
1550 4391 1673 4444 ἐκά-

101 4505 225 4540 στου
257 4486 542 4552 ποιότητα,
568 4484 738 4553 ήγουν
775 4482 937 4550 φύσιν
986 4482 1079 4534 καὶ
1118 4479 1366 4548 δύναμιν,
1390 4478 1515 4540 τοὺς
1567 4476 1665 4547 μὲν

101 4579 410 4649 κρείττονας
441 4575 776 4647 ἐμπροσθεν,
804 4574 928 4635 τοὺς
965 4573 1022 4625 δὲ
1053 4572 1272 4634 λοιποὺς
1301 4570 1511 4638 ἀλόγως
1551 4569 1671 4622 Lm-

102 4669 222 4719 σθὲν
249 4683 307 4718 τε
336 4666 430 4718 καὶ
458 4663 545 4716 διά
580 4666 769 4732 μέσου.

166 4757 260 4811 λε’.
301 4755 408 4808 Δύο
438 4755 495 4808 δὲ
529 4755 886 4824 μανδάτωρας
915 4751 1226 4822 ἀγρύπνους
1255 4751 1348 4803 καὶ
1381 4749 1671 4820 φρονίμους

102 4849 414 4918 ὲπιλεγῆναι
451 4847 588 4909 δέον,
634 4845 730 4899 καὶ
774 4843 866 4897 δύο
900 4843 1262 4914 βανδοιρόρους
1296 4841 1404 4894 ἀπὸ
1442 4842 1671 4894 ἑκάστου

100 4939 395 5006 τάγματος.
435 4933 548 5002 Τὴν
580 4934 638 4986 δὲ
679 4931 932 5000 τοιαύτην
978 4929 1236 4998 ὲπιλογὴν
1278 4929 1372 4982 καὶ
1408 4928 1672 4999 όρδινείαν

103 5025 371 5079 ποιεῖσθαι
407 5024 467 5076 ιν
501 5025 612 5086 τοῖς
645 5021 1092 5092 κοντουσερνίοις,
1135 5019 1412 5072 τουτέστιν
1455 5019 1513 5071 ιν
1547 5021 1666 5080 ταῖς

102 5119 298 5180 ἀκίαις.

164 5209 273 5273 λς’.
313 5208 426 5260 Καὶ
464 5206 612 5270 ἔνθα,
645 5205 720 5275 ῶς
763 5204 929 5269 είκὸς,
973 5203 1161 5265 παῖδες
1210 5202 1310 5255 οὐκ
1356 5200 1497 5264 εἰσὶ,
1543 5200 1666 5261 τοὺς

104 5297 516 5367 ὑποδεεστέρους
578 5296 687 5348 τῶν
740 5293 1084 5365 στρατιωτῶν
1131 5295 1210 5357 είς
1261 5292 1328 5346 τὰ
1383 5291 1667 5361 σαγμάρια

103 5389 398 5460 ἀφορίζειν,
445 5389 721 5441 τουτέστιν
758 5388 838 5450 είς
881 5385 1004 5456 τρία
1046 5385 1080 5454 ἢ
1125 5385 1206 5447 είς
1249 5384 1489 5446 τέσσαρα
1531 5399 1664 5449 σαγ-

1775 2691 1898 2731 ncm
1931 2677 2104 2731 tutius
2132 2691 2551 2746 cognoscamus.

1846 2767 1935 2821 32.
2006 2765 2329 2822 Universum
2404 2768 2569 2835 igitur
2623 2771 2927 2825 exercitum
2996 2772 3052 2826 in
3128 2775 3345 2831 diversa

1777 2859 2012 2928 agmina,
2036 2859 2209 2923 idest,
2236 2859 2514 2925 cohortes,
2535 2859 2853 2937 imperator,
2884 2863 3117 2930 divides,
3145 2875 3200 2921 et
3241 2868 3348 2924 illis

1776 2947 2049 3016 principes
2101 2948 2384 3016 praeﬁcies,
2433 2948 2747 3017 prudentes,
2801 2951 2989 3018 lortes,
3040 2965 3205 3025 atque
3255 2972 3347 3014 ac-

1776 3039 2150 3094 commodatas
2183 3039 2308 3094 illis.

1848 3127 1938 3181 53.
1981 3128 2057 3182 Ex
2107 3143 2440 3199 unaquaque
2487 3131 2716 3186 cohorte
2758 3133 2872 3186 sive
2924 3135 3103 3191 bando
3150 3151 3343 3195 centu-

1775 3217 1962 3272 riones
2023 3217 2184 3288 elige,
2237 3220 2550 3288 prudentes,
2603 3223 2773 3277 fortes
2827 3234 2990 3294 atque
3019 3235 3274 3286 strenuos
3327 3249 3343 3285 :

1774 3306 1970 3361 deinde
2019 3308 2277 3376 decanos,
2327 3325 2530 3379 eosque
2579 3321 2834 3369 strenuos
2879 3326 3046 3386 atque
3095 3318 3346 3384 invictos,

1773 3405 1826 3450 et
1855 3397 1899 3450 si
1933 3396 1985 3448 id
2019 3395 2133 3451 fieri
2168 3408 2364 3467 potest,
2407 3401 2732 3469 sagittarum
2776 3403 3158 3472 jacicndarum
3204 3412 3349 3479 peri-

1776 3495 1880 3540 tos.
1919 3485 2051 3540 Post
2083 3488 2348 3555 decanos,
2376 3490 2672 3558 quintanos
2714 3504 3126 3566 quartanosque
3171 3518 3185 3552 :
3229 3509 3345 3554 tum

1774 3581 2117 3635 contubernii
2143 3583 2417 3646 custodes,
2445 3583 2497 3638 id
2529 3593 2634 3647 est,
2661 3601 2758 3641 eos
2783 3589 2874 3656 qui
2903 3590 2969 3642 ad
3003 3591 3345 3649 altitudinem

1775 3673 2120 3726 contubernii
2169 3675 2585 3729 custodiendam
2632 3680 2913 3733 constituti
2964 3691 3112 3745 sunt,
3155 3686 3244 3753 qui
3278 3701 3344 3741 ex

1773 3761 2003 3830 singulis
2031 3763 2410 3818 contuberniis
2451 3765 2560 3818 duo
2606 3773 2758 3827 sunt.
2815 3775 2873 3819 ut
2910 3783 2976 3822 ex
3019 3786 3347 3842 unoquoque

1771 3854 2134 3908 contubernio
2171 3855 2272 3908 viri
2317 3856 2512 3910 delecti
2561 3857 2804 3927 quinque
2839 3859 2968 3913 sint.
3000 3860 3104 3916 Eos
3151 3863 3242 3932 qui
3289 3864 3345 3918 in

1772 3943 2148 3998 contuberniis
2196 3953 2404 3998 restant
2445 3946 2526 4000 sic
2571 3947 2809 4013 instrue,
2879 3960 2939 4005 ut
2999 3967 3158 4006 senes
3213 3952 3346 4007 ado-

1783 4033 2154 4103 Iesccntesqne
2205 4036 2370 4090 simni
2420 4051 2518 4104 pro
2568 4041 2781 4096 ratione
2810 4051 2866 4096 et
2901 4058 3131 4098 numero
3185 4059 3345 4100 exer-

1773 4121 1918 4175 citus
1945 4122 2022 4176 tui
2055 4123 2195 4177 inter
2220 4138 2281 4178 se
2310 4124 2635 4194 conjungas.

1843 4296 1931 4350 δι.
1992 4294 2096 4350 Ubi
2149 4299 2284 4352 istos
2341 4298 2409 4352 ad
2461 4300 2610 4354 hunc
2672 4301 2895 4354 modum
2962 4305 3340 4370 constitueris.

1773 4387 1944 4442 lectos
1973 4401 2038 4441 ac
2068 4388 2278 4443 nobiles
2313 4389 2408 4458 qui
2449 4398 2658 4445 restant
2687 4393 2836 4445 varie
2879 4393 3218 4460 distribuito,
3245 4415 3343 4468 pro

1776 4477 2209 4548 uniuscujusque
2247 4480 2512 4548 dignitate
2555 4496 2650 4537 seu
2683 4483 2733 4536 vi
2765 4491 2819 4536 et
2852 4493 3069 4548 natura,
3103 4489 3339 4556 Optimos

1779 4569 1953 4638 primo
2003 4570 2142 4633 loco,
2180 4572 2422 4640 reliquos
2459 4574 2719 4642 p’ermiste
2769 4583 2885 4628 tum
2932 4586 3176 4631 extremo
3223 4589 3338 4635 tum

1774 4661 1953 4715 medio
1983 4661 2034 4713 in
2062 4658 2204 4714 loco.

1842 4752 1932 4805 55.
1991 4751 2179 4820 Itaque
2225 4753 2576 4808 mandatores
2621 4755 2903 4826 vigilantes
2943 4768 2999 4813 et
3046 4762 3341 4829 prudentes

1772 4839 1970 4908 eligere
2015 4849 2270 4910 oportet,
2325 4850 2380 4897 et
2406 4845 2811 4914 bandoplioros,
2863 4849 2980 4902 sive
3024 4848 3336 4918 signiferos,

1775 4943 2034 5001 praeterea
2061 4934 2199 4988 duos
2225 4949 2291 4988 ex
2321 4951 2647 5006 unaquaque
2671 4940 2917 4993 cohorte.
2959 4939 3110 4997 Talis
3156 4952 3338 4997 autem

1773 5022 2014 5078 delectus
2041 5023 2094 5076 in
2121 5025 2494 5082 contuberniis
2515 5028 2860 5086 adhibendus
2888 5041 2993 5084 est.

1843 5199 1934 5254 36.
1976 5198 2078 5255 Ubi
2107 5201 2257 5269 pueri
2285 5201 2416 5255 nulli
2450 5213 2600 5270 sunt,
2627 5206 2726 5269 ibi,
2757 5207 3219 5271 quemadmodum
3245 5224 3345 5277 par

1774 5301 1880 5355 est,
1907 5307 1971 5345 ex
2001 5292 2359 5347 debilioribus
2388 5294 2656 5351 militibus
2697 5299 2762 5353 ad
2811 5299 3197 5369 impedimenta
3245 5315 3344 5354 cu-

1775 5381 2055 5435 stodienda
2081 5381 2349 5436 delectum
2374 5384 2547 5438 virum
2569 5399 2829 5453 unum,et
2856 5389 3020 5444 alium
3047 5389 3337 5458 quemdam

1629 5524 1859 5581 ΝΟΤᾸΣ.

168 5621 280 5690 (26)
301 5690 327 5700 η
346 5619 458 5673 τοῦ
489 5619 831 5686 στρατηγοῦ
880 5616 1288 5686 καταπφσφήν.
1335 5615 1550 5680 Scribe,
1577 5614 1670 5666 τοῦ

109 5708 330 5764 στρατου
365 5707 418 5742 κ.

168 5763 281 5831 (21)
326 5758 824 5828 'Exatortdpxac.
862 5757 1236 5822 Scribebatnr,
1273 5757 1557 5826 ὲκτάρχαι.

338 5856 608 5914 ΡΑτιιοι..
643 5854 758 5912 (in.
793 5849 983 5913 CVII.

1849 5617 1963 5686 (28)
2001 5616 2300 5699 Ἐκάστῃς
2335 5619 2532 5686 ἀκίας,
2579 5620 2953 5687 Scribebatur,
2989 5626 3034 5677 ὲ.
3079 5621 3339 5688 ἀκακίας.

1782 5703 1836 5742 ιιι
1867 5703 2029 5756 supra
2062 5704 2269 5743 monui.

2952 5851 3029 5908 23
