4176 6446
814 404 919 472 707

2077 398 2353 461 LEONIS
2382 395 2841 460 PHILOSOPHI

3975 397 4081 464 708

816 523 1139 597 prudentem
1186 518 1414 576 militem
1466 532 1533 574 ac
1592 517 1849 573 idoneum
1908 515 2127 585 signum
2172 513 2379 582 aliquod

2500 510 2670 582 μάρια
2725 510 2894 581 ἄνδρα
2933 510 3049 574 ἕνα,
3094 510 3188 564 καὶ
3225 509 3415 581 ἔτερόν
3457 526 3575 563 τινα
3620 506 3732 562 τῶν
3775 509 4079 583 ἐλλογίμων

818 622 1121 685 gestantem
1152 608 1483 679 designahis,
1510 622 1674 678 quem
1705 606 1939 673 tuldum,
1959 605 2012 661 id
2028 612 2133 669 est,
2162 619 2385 675 sagma-

817 708 897 761 ria
929 706 1044 761 sive
1073 700 1461 771 impedimenta
1489 709 1808 770 sequentur.

884 884 972 937 57.
1042 880 1418 935 Contubernia
1469 878 1654 933 omnia
1708 876 2013 941 describes,
2065 885 2120 931 et
2166 893 2289 945 qua:
2335 880 2389 932 in

814 973 1000 1027 dextra
1029 972 1294 1037 cohortis,
1330 983 1560 1041 quazque
1588 976 1643 1022 et
1681 976 1818 1038 quot
1854 968 1907 1021 in
1945 968 2076 1023 laeva
2117 968 2247 1022 ﬁant
2296 983 2391 1023 as-

815 1068 1075 1137 signahis.

884 1162 972 1215 58.
1015 1156 1387 1215 Contubernia
1422 1158 1474 1209 in
1523 1156 1769 1226 quinque
1808 1156 1890 1209 vel
1939 1156 2149 1217 decem,
2194 1165 2287 1211 aut
2334 1159 2389 1212 in

814 1261 1050 1319 quatuor
1080 1249 1164 1301 vel
1204 1257 1329 1303 octo
1374 1248 1455 1300 vel
1494 1248 1727 1301 sedecim
1760 1247 2085 1317 distingues,
2120 1250 2388 1316 quemad-

815 1342 1036 1395 modum
1068 1338 1402 1394 intellexeris
1430 1352 1529 1406 pro
1560 1348 1802 1407 tempore
1836 1338 1940 1390 hoc
1973 1337 2104 1390 utile
2136 1352 2278 1403 esse,
2330 1347 2391 1393 ut

811 1433 1211 1488 consuetudine
1238 1434 1473 1503 quadam
1520 1431 1793 1499 conjuncti
1825 1429 2254 1485 contubernales
2290 1448 2390 1502 pro

811 1544 869 1581 se
900 1538 1091 1580 mutuo
1124 1526 1178 1580 in
1213 1527 1408 1595 prmlio
1436 1525 1717 1587 dimicent,
1749 1529 1803 1575 et
1839 1522 1904 1575 ad
1937 1523 2179 1592 pericula
2211 1526 2389 1579 susci-

812 1621 1005 1691 pienda
1043 1619 1215 1687 magis
1258 1619 1585 1671 excitentur.
1632 1614 1843 1669 Habeat
1879 1630 2100 1686 quoque
2148 1616 2385 1685 aliquem

812 1726 1157 1766 communem
1192 1710 1335 1763 inter
1367 1723 1426 1762 se
1458 1724 1617 1763 usum
1647 1707 2078 1777 unumquodque
2105 1711 2389 1763 contuber-

810 1804 985 1867 nium,
1012 1801 1473 1871 quemadmodum
1510 1811 1668 1854 antea
1694 1802 2132 1870 explanavimus.

2498 602 2558 667 ἐξ
2595 602 2775 656 αὐτῶν
2827 601 3175 675 στρατιωτῶν
3203 604 3475 673 χρήσιμον
3519 602 3655 672 μετά
3709 604 3969 671 σημείου,
4011 598 4081 672 ᾧ-

2494 711 2599 746 τινι
2624 692 2685 745 τὺ
2714 693 2835 747 ὅλον
2862 693 3081 748 τοῦλδον
3122 694 3290 763 ἧγουν
3325 694 3394 747 τά
3431 697 3716 767 σαγμάρια
3757 697 4076 751 ἀκολουθεῖν

2494 784 2819 853 ὀφείλουσιν.

2565 876 2660 939 λζ’.
2711 876 2949 947 Ὀρίσεις
2987 876 3045 929 δὲ
3087 878 3183 930 καὶ
3227 878 3326 940 τὰς
3379 877 3541 940 ἀκίας
3587 880 3750 934 πόσαι
3803 881 3903 933 καὶ
3936 884 4085 933 ποῖαι

2493 968 2763 1037 ὀφείλουσι
2795 967 2942 1033 δεξιά
2977 967 3072 1022 τοῦ
3107 970 3298 1039 βάνδου
3332 970 3647 1035 τάσσεσθαι,
3681 975 3775 1025 καὶ
3800 976 3969 1027 πόσαι
3990 974 4085 1026 καὶ

2494 1063 2645 1115 ποῖαι
2670 1061 2935 1133 ἀριστερά
2964 1060 3129 1115 αὐτοῦ
3143 1106 3154 1118 .

2562 1155 2664 1223 λη’.
2705 1155 2897 1219 Τάξεις
2929 1154 2985 1208 δὲ
3014 1154 3110 1208 καὶ
3130 1155 3197 1208 τά
3227 1157 3612 1227 κοντουϐέρνια
3640 1157 3673 1227 ἢ
3715 1161 3854 1211 κατά
3891 1162 4076 1223 πέντε,

2491 1244 2567 1307 ὡς
2608 1246 2842 1317 εἴρηται,
2894 1248 2928 1317 ἢ
2978 1246 3114 1299 δέκα
3162 1246 3383 1319 ἄνδρας,
3434 1249 3467 1318 ἧ
3521 1251 3660 1301 κατὰ
3706 1255 4003 1321 τέσσαρας.
4042 1252 4075 1322 ἢ

2492 1339 2651 1401 ὀκτὼ,
2702 1340 2735 1410 ἢ
2780 1341 2910 1394 δέκα
2948 1339 3028 1406 ἒξ,
3070 1338 3145 1403 ὡς
3178 1340 3243 1394 ἂν
3272 1342 3561 1409 γινώσκεις
3591 1340 3654 1393 τὸ
3700 1342 3842 1395 κατά
3884 1342 4077 1412 καιρὸν

2491 1430 2783 1500 χρήσιμον,
2826 1432 2910 1483 ἵνα
2947 1432 3012 1501 τῇ
3059 1430 3319 1502 συνηθείᾳ
3383 1431 3763 1501 δεσμούμενοι,
3800 1430 3950 1502 ὑπὲρ
3986 1433 4075 1486 ἀλ-

2490 1521 2665 1591 λήλων
2692 1525 2750 1576 ὲν
2791 1525 2911 1586 ταῖς
2954 1523 3155 1593 μάχαις
3195 1523 3610 1593 ἀγωνιζόμενοι,
3669 1522 4074 1595 χρησιμώτεροι

2490 1613 2629 1683 πρὸς
2679 1614 2930 1684 ἀνδρείαν
2972 1615 3258 1685 γένωνται.
3303 1615 3489 1685 ἐχειν
3533 1616 3593 1670 δὲ
3642 1617 3838 1681 αὐτοὺς
3889 1620 4075 1689 κοινὴν

2489 1706 2585 1757 καὶ
2622 1707 2719 1776 τὴν
2761 1707 2954 1778 χρείαν
2986 1707 3107 1761 καθ’
3138 1708 3368 1760 ἕκαστον
3399 1706 3830 1779 κοντουὸέρνιον,
3862 1709 3941 1773 ὡς
3975 1711 4071 1781 ἤδη

2489 1797 2991 1870 προδιωρισάμεθα.

877 1895 969 1948 59.
1032 1894 1335 1947 Prudenter
1391 1902 1572 1946 autem
1636 1891 1830 1945 feceris
1888 1890 1931 1944 si
2001 1890 2208 1946 amicos
2258 1907 2379 1945 cum

2562 1889 2658 1944 λθ’.
2692 1890 3172 1962 Φρονιμώτερονδὲ
3196 1893 3461 1963 ποιήσεις,
3485 1893 3581 1948 ἐὰν
3610 1894 3799 1965 τάξῃς,
3826 1896 3876 1948 εί
3898 1895 4069 1965 τύχοι,

810 1989 1027 2052 amicis,
1063 1986 1260 2041 fratres
1293 2001 1418 2038 cum
1451 1984 1732 2046 fratribus,
1763 1983 1925 2051 idque
1954 1983 2006 2037 in
2044 1982 2160 2053 ipsa
2204 1984 2382 2054 praelii

806 2082 925 2133 acie
960 2078 1307 2147 potissimum
1349 2076 1706 2143 conjunxeris
1739 2091 1752 2125 :
1786 2074 2009 2143 quando
2051 2074 2197 2128 enim
2240 2076 2387 2145 peri-

807 2172 1016 2227 clitanti
1042 2173 1324 2242 proximus
1352 2168 1650 2222 admodum
1682 2170 1897 2222 amicus
1919 2177 2021 2229 cst,
2054 2181 2277 2223 necesse
2302 2178 2386 2225 est

807 2282 905 2334 pro
938 2280 1024 2330 co,
1054 2279 1215 2332 quem
1240 2264 1467 2316 charum
1506 2259 1719 2322 habeat,
1746 2258 2047 2313 animosius
2074 2264 2237 2328 atque
2266 2261 2384 2315 ala-

807 2362 956 2415 crius
985 2359 1228 2411 dimicel.
1260 2357 1409 2410 Alter
1440 2365 1620 2407 autem
1653 2352 1782 2421 quia
1835 2367 1942 2406 non
1990 2351 2219 2406 reddere
2260 2369 2384 2421 gra-

807 2452 938 2504 tiam
967 2451 1082 2501 viro
1106 2462 1203 2517 pro
1228 2462 1285 2500 se
1309 2454 1417 2498 tam
1452 2444 1666 2498 fortiter
1698 2444 2063 2513 propugnanti
2091 2441 2383 2509 erubescit,

807 2542 953 2593 hunc
1010 2538 1408 2591 benemeritum
1460 2535 1710 2589 deserere
1765 2544 1817 2586 et
1866 2532 2212 2601 tergiversari
2266 2533 2385 2588 sine

810 2631 1008 2685 rubore
1035 2644 1143 2682 non
1169 2639 1365 2697 potest.

878 2722 967 2775 40.
1033 2719 1408 2773 Contubernia
1459 2725 1665 2779 autem,
1718 2724 1777 2769 ut
1830 2716 1941 2785 jam
2005 2716 2381 2785 prsediximus,

807 2821 1093 2884 propterea
1134 2826 1163 2864 a
1198 2808 1633 2880 provertioribus
1662 2808 1823 2862 simul
1855 2816 1910 2863 et
1934 2807 2252 2877 junioribus
2282 2808 2386 2861 mi-

808 2907 999 2960 litibus
1036 2903 1148 2957 fieri
1181 2910 1419 2972 Oportet,
1445 2908 1507 2954 ut
1551 2915 1617 2954 ne
1647 2899 2014 2969 prorertiores
2047 2915 2142 2968 per
2176 2901 2385 2969 seipsos

807 2996 1056 3051 collocati
1111 2994 1319 3049 debiles
1373 3003 1539 3061 atque
1594 2991 1896 3045 imbecilles
1954 2991 2081 3055 sint,
2132 2990 2385 3060 juniores

806 3098 1013 3152 autem,
1052 3100 1245 3154 nempe
1296 3099 1477 3138 rerum
1516 3081 1776 3151 imperiti,
1825 3082 2258 3152 perturbatiores
2298 3096 2385 3135 re-

2492 1982 2756 2051 ἀδελφούς
2778 1983 2920 2049 μετά
2946 1983 3214 2051 ἀδελφῶν,
3250 1986 3344 2039 καὶ
3365 1984 3552 2052 φίλους
3583 1987 3720 2055 μετά
3749 1986 3945 2053 φίλων,
3974 1987 4073 2056 μά-

2486 2075 2642 2126 λιστα
2677 2076 2737 2127 ὲν
2782 2076 2903 2136 ταῖς
2945 2076 3044 2143 τῆς
3089 2076 3268 2149 μάχης
3314 2077 3707 2147 παρατάξεσιν.
3749 2079 3922 2132 Ὅταν
3979 2081 4073 2147 γάρ

2488 2167 2604 2220 ἔστι
2654 2164 2734 2237 τῷ
2787 2166 3150 2220 κινδυνεύοντι
3208 2169 3237 2220 ὁ
3300 2167 3531 2237 πλησίον
3586 2170 4067 2241 προσφιλέστατος,

2486 2258 2703 2328 ἀνάγκη
2734 2258 2827 2313 τὸν
2866 2259 3168 2326 ἀγαπῶντα
3214 2259 3722 2331 φιλοκινδυνὸτερον
3777 2263 3922 2334 ὑπὲρ
3980 2265 4070 2317 τοῦ

2488 2348 2719 2418 πλησίον
2765 2351 2859 2403 καὶ
2917 2350 3239 2420 φιλουμένου
3284 2351 3667 2420 ἀγωνίζεσθαι.
3728 2355 3839 2409 Καὶ
3882 2356 3947 2426 δή
3990 2372 4071 2419 τις

2488 2440 2802 2511 αἰδούμενος
2828 2442 2901 2511 μὴ
2933 2441 3225 2495 ἀποδοῦναι
3254 2445 3416 2514 χάριν
3438 2443 3516 2514 τῷ
3544 2444 3681 2515 φίλῳ
3709 2437 3784 2499 ὧν
3812 2446 4069 2513 πέπονθε,

2491 2532 2644 2601 φίλον
2708 2533 3023 2602 αἰσχύνεται
3084 2535 3407 2589 καταλιπεῖν
3454 2536 3547 2588 τὸν
3603 2536 4067 2610 εὐεργετήσαντα,

2488 2624 2583 2675 καὶ
2613 2623 2826 2693 πρῶτος
2855 2622 3021 2675 αὐτοῦ
3060 2622 3330 2693 ἄρξασθαι
3360 2626 3563 2695 φυγῆς.

2563 2719 2635 2783 μ’.
2694 2713 2777 2765 Τά
2834 2712 2889 2763 δὲ
2938 2713 3345 2783 κοντουϐέρνια,
3400 2715 3477 2778 ῶς
3528 2717 3629 2787 ἤδη
3682 2719 3931 2789 εῐπομεν,
3989 2720 4073 2773 διά

2486 2803 2646 2858 τοῦτο
2661 2804 2768 2857 ἀπὸ
2792 2804 3041 2857 παλαιῶν
3059 2806 3151 2858 καὶ⁵
3173 2805 3308 2858 νέων
3335 2808 3684 2877 στρατιωτῶν
3702 2809 3782 2862 δεῖ
3802 2811 4069 2879 γίνεσθαι,

2489 2898 2576 2949 ἴνα
2634 2895 2767 2965 μηδὲ
2852 2897 2901 2948 οἱ
2973 2896 3193 2949 παλαιοί¹
3258 2896 3378 2950 καθ’
3447 2900 3681 2967 ἑαυτοὺς
3746 2904 4070 2973 τασσόμενοι

2486 2986 2731 3049 ἀσθενεῖς
2762 2987 2867 3039 είσι
2902 2988 2996 3041 καὶ
3027 2988 3299 3054 ἀδύνατοι,
3346 2991 3479 3061 μηδὲ
3528 2994 3577 3045 οί
3647 2993 3905 3065 νεώτεροι
3938 2995 4068 3050 ἄτα-

2486 3093 2608 3129 κτοι
2635 3078 2934 3147 εὑρεθῶσιν
2961 3077 3035 3142 ῶς
3087 3081 3398 3153 ἀπείρατοι.
3424 3084 3486 3136 υἱ
3514 3085 3614 3154 μὲν
3644 3088 3753 3157 γάρ
3775 3091 3822 3141 εἱ
3856 3091 3952 3141 καὶ
3983 3105 4070 3155 γε-

805 3182 1106 3248 periautur.
1138 3176 1221 3230 llli
1265 3176 1410 3231 enim
1447 3189 1761 3245 quanquam
1798 3188 1957 3227 senes
2006 3182 2156 3238 sunt,
2195 3184 2375 3227 tamen

2491 3168 2654 3235 ραιοὶ,
2693 3169 2828 3223 ἀλλά
2872 3172 3269 3242 πεπειραμένοι
3299 3212 3314 3237 ,
3358 3176 3409 3226 ot
3452 3174 3508 3228 δὲ
3558 3177 3609 3229 εί
3651 3180 3746 3231 καὶ
3789 3179 4068 3244 νεάζοντες

801 3267 1149 3337 experientes
1177 3274 1303 3321 sunt
1332 3285 1343 3318 :
1374 3265 1607 3331 juvenes
1634 3274 1840 3325 autem,
1874 3278 2187 3331 quanquam
2212 3262 2379 3318 fortes

2489 3260 2582 3313 xui.
2610 3260 2863 3332 ἀνδρεῖοι,
2902 3263 3036 3316 ἀλλά
3065 3264 3288 3334 ἄπειροί
3320 3268 3482 3320 εἰσιν.

803 3367 953 3422 sunt,
986 3368 1167 3413 tamen
1205 3357 1499 3412 inscientes
1529 3364 1693 3425 atque
1728 3355 1966 3424 imperiti
1994 3364 2144 3408 sunt.

873 3449 961 3506 41.
994 3450 1331 3504 Cobortibus
1354 3449 1517 3517 igitur
1542 3450 1655 3502 sive
1678 3447 1870 3501 bandis
1891 3448 1958 3501 ad
1984 3448 2127 3501 hunc
2158 3446 2377 3500 modum

801 3540 1149 3604 distributis,
1210 3541 1451 3609 praefecti
1508 3540 1616 3593 illis
1677 3538 1771 3608 qui
1822 3541 2053 3591 comites
2115 3548 2379 3591 vocantur

801 3635 1035 3704 eligendi
1069 3642 1198 3687 sunt
1231 3650 1244 3685 :
1277 3642 1333 3685 et
1366 3645 1814 3700 unamquamque
1843 3630 2123 3683 cohortem
2155 3644 2219 3683 ex
2249 3629 2381 3683 viris

806 3726 1065 3780 trecentis
1101 3725 1278 3779 media
1330 3723 1567 3793 quadam
1620 3723 1831 3776 ratione
1873 3720 2151 3776 conficies.
2198 3720 2384 3789 Neque

803 3818 1053 3889 quamvis
1084 3818 1355 3887 ingentem
1390 3815 1591 3870 habeas
1615 3818 1941 3874 exercitum,
1966 3814 2091 3883 plus
2119 3812 2383 3883 quadrim-

803 3911 982 3976 gentis
1016 3908 1146 3961 viris
1181 3908 1239 3961 in
1291 3906 1519 3961 cohorte
1567 3906 1864 3960 collocabis
1915 3924 1928 3959 :
1974 3921 2147 3974 neque
2200 3907 2380 3960 minus

803 4004 1076 4066 ducentis,
1104 4000 1621 4070 quantuluscuuque
1648 3997 1815 4054 fuerit
1841 3998 2141 4053 exercitus.

871 4178 961 4232 42.
1004 4180 1141 4232 Istas
1171 4176 1426 4231 cohortes
1454 4173 1815 4245 congregahis
1850 4172 1905 4227 in
1948 4173 2209 4228 cohortes
2256 4172 2379 4225 mil-

802 4270 990 4325 Iiarias
1018 4284 1157 4339 quas
1204 4268 1469 4336 drungos,
1512 4266 1865 4329 chiliarchas,
1906 4263 2023 4319 sive
2068 4263 2288 4333 μοίρας,
2323 4262 2377 4316 id

800 4372 913 4425 est,
970 4360 1297 4430 particulas.
1353 4358 1619 4412 vocabant
1675 4355 1907 4425 antiqui,
1958 4369 2191 4424 quormn
2244 4368 2379 4423 prae-

802 4453 973 4509 fectos
1000 4452 1250 4506 tribunos
1276 4450 1390 4504 sive
1417 4446 1745 4502 chiliarchas
1778 4454 1833 4499 et
1857 4446 2188 4516 drungarios
2215 4459 2377 4500 voca-

801 4544 947 4598 bant.

868 4722 954 4774 45.
999 4719 1109 4774 Ι-ιιιε
1143 4720 1306 4787 igitur
1335 4717 1591 4772 cohortes
1634 4717 1922 4773 milliarias
1971 4719 2088 4773 site
2129 4719 2373 4791 druugos

795 4810 1043 4865 couferes
1081 4812 1133 4863 in
1158 4818 1343 4879 partes
1377 4809 1491 4863 sive
1525 4817 1760 4873 turmas,
1786 4818 1841 4863 et
1865 4818 2139 4878 praerunt
2170 4808 2278 4863 illis
2304 4824 2370 4864 ex

794 4904 1060 4958 electione
1091 4911 1280 4957 nostra
1336 4902 1481 4971 regia
1516 4903 1836 4966 merarchaa,
1885 4916 2025 4971 quos
2060 4917 2207 4956 nunc
2258 4911 2372 4956 tur-

798 4996 1067 5057 marcbas,
1112 4995 1164 5049 id
1200 5003 1319 5061 est,
1362 5004 1667 5051 turmarum
1705 4993 1988 5062 praefectos
2016 4993 2370 5063 appellamus.

799 5082 923 5139 Illos
953 5084 1267 5153 prudentes,
1314 5086 1610 5152 modestos,
1660 5096 1913 5138 strenuos
1960 5098 2082 5137 esse
2132 5092 2369 5152 oportet,

796 5178 1157 5244 experientes,
1190 5186 1244 5231 et
1277 5177 1585 5231 litterarum
1623 5176 1879 5240 scientes,
1921 5184 2087 5244 atque
2129 5190 2254 5230 eum
2313 5177 2366 5228 in

793 5265 988 5332 primis
1034 5267 1127 5333 qui
1172 5266 1362 5321 mediae
1407 5276 1599 5321 turmae
1626 5274 1839 5335 prmest,
1869 5280 2032 5335 quem
2065 5267 2364 5336 principem

794 5357 1152 5424 appellamus,
1178 5360 1270 5426 qui
1308 5358 1397 5413 ubi
1453 5372 1594 5428 opus
1632 5366 1739 5423 est,
1777 5358 2126 5427 imperatoris
2179 5358 2362 5412 locum

796 5448 846 5500 iu
877 5450 1133 5505 omnibus
1165 5451 1458 5521 supplebit.

861 5623 949 5677 M.
989 5622 1100 5680 Has
1137 5625 1298 5696 igitur
1334 5638 1445 5682 tres
1484 5637 1696 5684 turmas
1741 5628 2079 5683 constituere
2124 5636 2361 5697 oportet,

787 5729 1019 5783 quarum
1052 5718 1279 5787 singulis
1310 5732 1583 5787 pra-erunt
1610 5722 1960 5784 turmarchar,
1982 5724 2361 5791 unusquisque

787 5815 977 5859 turma:
1007 5823 1116 5861 sua!
1153 5812 1459 5879 pt‘wl'ccttts,
1501 5822 1554 5866 ut
1590 5812 1661 5866 sit
1709 5812 1961 5867 universa
2008 5815 2360 5883 imperatoris

2557 3443 2666 3504 μα’.
2720 3435 2903 3497 Οὕτως
2959 3435 3053 3489 οὖν
3104 3439 3213 3491 τῶν
3258 3442 3587 3511 ταγμάτων,
3641 3446 3811 3515 ἤγουν
3866 3449 4066 3517 βάνδων

2481 3526 2891 3599 διαιρουμένων,
2929 3528 3013 3597 ἐφ’
3049 3529 3218 3583 ἑαυτά
3266 3534 3372 3602 χρὴ
3419 3534 3709 3606 ἐπιστῆναι
3746 3540 3934 3605 αὐτοῖς
3973 3546 4067 3613 ἄρα

2484 3637 2674 3689 χοντας
2720 3622 2843 3683 τοὺς
2891 3620 3217 3691 λεγομένους
3270 3624 3552 3694 κόμητας,
3614 3631 3968 3688 συνίστασθαι
4013 3636 4067 3687 δὲ

2481 3710 2712 3764 ἕκαστον
2754 3712 2940 3779 τάγμα
2984 3713 3092 3765 ἀπὸ
3138 3716 3350 3785 ἀνδρῶν
3400 3720 3728 3788 τριακοσίων
3786 3725 3932 3779 κατὰ
3979 3725 4067 3781 τὸν

2486 3802 2651 3872 μέσον
2682 3804 2902 3873 τρόπον.
2944 3806 3099 3873 Μήτε
3140 3806 3199 3859 δὲ
3240 3809 3401 3862 πλέον
3440 3814 3810 3881 τετρακοσίων
3861 3818 4065 3888 ἀνδρῶν

2483 3891 2543 3945 τὸ
2581 3892 2769 3963 τάγμα
2817 3896 2963 3964 ἔχειν
3007 3896 3222 3967 ὁρίσῃς,
3275 3898 3378 3953 κᾶν
3425 3902 3569 3954 πάνυ
3615 3904 3782 3959 πολὺν
3840 3912 4066 3979 στρατὸν

2484 3982 2638 4054 ἔχῃς,
2678 3989 2815 4051 μήτε
2850 3985 3110 4038 ὑποκάτω
3144 3987 3252 4040 τῶν
3296 3988 3609 4059 διακοσίων,
3644 3995 3745 4049 κάν
3772 3998 3928 4053 ἐστιν
3960 4002 4063 4053 ὀλί-

2483 4088 2576 4138 γος
2604 4074 2632 4124 ὁ
2663 4091 2723 4125 στ
2731 4076 2909 4143 ρατὸς.

2532 4166 2666 4235 ιμβ’.
2696 4165 2881 4219 Ταῦτα
2903 4168 2958 4220 δὲ
2985 4166 3053 4221 τά
3074 4170 3332 4240 τάγματα
3360 4174 3607 4240 συνάξεις
3633 4178 3710 4241 εις
3734 4179 4063 4253 χιλιαρχίας,

2481 4258 2601 4328 ἦτοι
2633 4259 2827 4329 μοίρας
2855 4261 2947 4324 τάς
2996 4261 3298 4333 λεγομένας
3335 4266 3655 4336 δρούγγους.
3691 4273 3804 4325 Καὶ
3836 4275 4063 4345 ἐπιστη-

2484 4366 2597 4415 σεις
2642 4352 2827 4414 αὐτοῖς
2885 4355 3187 4426 μοιράρχας
3235 4359 3576 4429 χρησίμους,
3623 4362 3930 4433 ἀνδρείους,
3974 4371 4065 4423 καὶ

2484 4447 2741 4513 φρονήσει
2777 4447 2872 4498 καὶ
2900 4447 3145 4518 εὐταξίᾳ,
3186 4450 3236 4502 εί
3265 4451 3514 4517 δυνατὸν,
3552 4456 3649 4508 καὶ
3678 4460 3936 4532 εὐγενείᾳ
3973 4465 4065 4516 καὶ

2410 4547 2456 4603 ι)
2487 4534 2718 4605 εὐπορίᾳ
2740 4535 3120 4605 διαφέροντας,
3145 4539 3270 4603 τούς
3290 4538 3616 4611 λεγομένους
3642 4544 4059 4621 δρουγγαρίους,

2478 4622 2574 4685 οὖς
2606 4641 2737 4677 ποτε
2766 4626 3072 4697 χιλιάρχους
3098 4630 3327 4684 ἐκάλουν
3358 4633 3408 4686 οί
3437 4635 3673 4689 παλαιοί.

2552 4714 2660 4784 μγ’.
2700 4716 2809 4780 Τάς
2840 4718 2897 4771 δὲ
2924 4719 3116 4791 μοίρας
3153 4721 3380 4797 ταύτας,
3415 4726 3533 4796 ἦτοι
3564 4727 3690 4790 τοὺς
3736 4730 4057 4801 δρούγγους,

2478 4806 2759 4871 συντάξεις
2785 4810 2864 4872 είς
2900 4811 3066 4883 μέρη,
3098 4814 3266 4884 ἦγουν
3296 4815 3565 4887 τούρμας,
3602 4823 3696 4872 καὶ
3736 4822 4059 4894 ἐπιστήσον-

2476 4913 2567 4950 ται
2613 4898 2798 4963 αὐτοῖς
2837 4901 3031 4974 γνώμῃ
3084 4904 3187 4973 τῆς
3228 4905 3507 4975 βασιλείας
3552 4911 3709 4981 ἡμῶν
3758 4918 4055 4986 μεράρχαι,

2477 4990 2528 5041 οι
2554 4988 2840 5061 λεγόμενοι
2884 5010 3014 5048 ποτε
3048 4998 3143 5049 καὶ
3191 5000 3578 5072 στρατηλάται,
3613 5005 3710 5058 νῦν
3741 5008 3799 5060 δὲ
3837 5013 3906 5080 τῇ
3934 5027 4055 5064 συν.

2478 5081 2637 5152 ηθείᾳ
2653 5082 2977 5154 καλούμενοι
2999 5089 3363 5161 τουρμάρχαι.
3386 5094 3495 5147 Καὶ
3510 5096 3737 5159 τούτους
3755 5103 4056 5170 φρονίμους

2476 5172 2571 5223 καὶ
2599 5173 2894 5238 εὐτάκτους
2925 5172 3086 5241 εἶναι,
3124 5181 3219 5233 καὶ
3246 5182 3559 5254 ἐναρέτους,
3603 5188 3697 5239 καὶ
3731 5188 4050 5261 ἐμπείρους,

2474 5262 2522 5313 εί
2546 5261 2792 5328 δυνατὸν,
2819 5266 3031 5331 είδότας
3060 5270 3153 5323 καὶ
3180 5270 3507 5341 γράμματα,
3556 5276 3651 5329 καὶ
3691 5279 3933 5347 μάλιστα
3963 5286 4053 5336 τὸν

2470 5350 2564 5404 τοῦ
2626 5354 2792 5423 μέσου
2848 5357 3047 5428 μέρους
3080 5360 3201 5412 Δτὸν
3268 5362 3560 5433 λεγόμενον
3618 5368 4049 5441 ὑποστράτηγον,

2477 5442 2781 5511 ὀφείλοντα,
2811 5450 2861 5500 εἰ
2881 5450 3037 5518 χρεία
3065 5450 3310 5520 γένηται,
3350 5456 3410 5507 ἐν
3440 5458 3573 5510 πᾶσι
3598 5457 3691 5510 τὸν
3725 5460 3823 5513 τοῦ
3854 5478 4050 5534 στρατο

2475 5536 2611 5606 ηγοῦ
2638 5540 2803 5592 τόπον
2835 5541 3201 5613 ἀναπληροῦν.
3486 5539 3495 5549 “

2548 5631 2651 5698 με’.
2688 5632 2871 5687 Ταῦτα
2900 5634 2955 5685 δὲ
2979 5637 3045 5687 τὰ
3079 5640 3219 5707 μέρη
3264 5638 3390 5708 τρία
3424 5645 3708 5712 συστῆναι,
3752 5645 3839 5714 ἐφ’
3877 5641 3927 5714 ᾦ
3968 5651 4051 5701 καὶ

2473 5728 2620 5794 τρεῖς
2684 5728 3076 5795 ἐπιστήσονται
3124 5732 3489 5802 τουρμάρχαι,
3537 5729 3618 5798 εἷς
3655 5736 3889 5801 ἕκαστος
3928 5741 4048 5792 ἰδίου

2476 5816 2675 5887 μέρους
2716 5821 2921 5889 ἄρχων,
2961 5820 3100 5874 ὥστε
3148 5819 3287 5877 εἶναι
3325 5825 3420 5878 τοῦ
3460 5827 3660 5891 παντὸς
3694 5832 3935 5901 στρατοῦ
3962 5834 4047 5900 τὴν
