4176 6446
133 397 246 459 709

1213 401 1544 462 TACTICA.
1598 429 1667 440 —
1704 401 2206 464 CONSTITUTIO
2241 406 2335 466 IV.

3281 419 3387 484 710

133 509 428 579 ἀνωτάτην
449 507 648 578 τομὴν,
679 505 806 578 τρία
845 507 987 579 μέρη
1031 509 1317 583 ίσάριομα,
1357 514 1525 583 ἤγουν
1563 517 1715 585 τούρ.

1825 519 2099 574 exercitus
2131 520 2215 574 sui
2250 520 2448 575 divisio
2492 520 2546 574 in
2599 531 2712 578 tres
2759 527 2997 594 aequales
3049 537 3231 596 partes
3277 533 3392 587 sive

135 618 269 669 μας,
326 600 576 654 τουτέστι
630 598 818 668 μέσον,
868 600 1090 670 ἄριστόν
1117 603 1228 671 (29)
1272 621 1330 657 τε
1383 606 1478 658 καὶ
1522 606 1715 670 δεξιόν.

130 694 326 745 Ταῦτα
356 692 627 758 ποιεῖτὴν
675 691 857 744 πᾶσαν
887 692 986 762 τὴν
1032 693 1138 746 ὑπὸ
1169 695 1247 765 τῷ
1291 698 1584 768 στρατηγῷ
1627 715 1720 750 τε·

126 783 436 852 τατμένην.

202 871 311 939 με’.
344 873 464 944 Χρὴ
484 874 561 937 δὲ,
596 874 672 939 ὠς
704 874 940 946 εἴρηται,
967 875 1043 944 μὴ
1075 874 1262 945 τάγμα
1289 876 1452 930 πλέον
1484 879 1594 931 τῶν
1627 897 1719 931 τε-

124 963 445 1033 τρακοσίων
507 965 720 1037 ἀνδρῶν
766 966 1011 1035 γίνεσθαι
1040 1004 1058 1030 ,
1105 968 1274 1038 ῆγουν
1315 969 1377 1022 τὸ
1407 969 1503 1023 τοῦ
1545 972 1718 1042 κόμη-

125 1073 218 1116 τος
242 1055 358 1126 (50)
383 1056 572 1126 βάνδον
588 1073 604 1088 ο
628 1058 766 1128 μήτε
781 1058 1045 1129 δροῦγγον
1065 1059 1227 1112 πλέον
1255 1060 1364 1114 τῶν
1381 1063 1716 1132 τρισχιλίωνο

128 1146 273 1215 μήτε
306 1146 547 1218 τοῦρμαν
565 1148 726 1201 πλέον
752 1150 862 1203 τῶν
887 1149 1077 1213 ἑξάκις
1101 1150 1314 1221 χιλίων.

200 1335 324 1406 pg’.
351 1336 412 1390 ΕΞ
457 1336 514 1389 δὲ
549 1336 729 1408 συμσῇ
783 1335 948 1389 πλέον
990 1337 1086 1389 τοῦ
1111 1337 1392 1407 λεχθέντος
1418 1336 1616 1408 μέτρου
1642 1335 1715 1391 εἷ-

125 1446 216 1481 ναι
249 1428 348 1481 τὸν
391 1427 642 1498 στρατὸν,
697 1427 915 1480 κάλλιόν
964 1428 1111 1480 ἐστιν
1143 1427 1342 1492 ἔξωθεν
1368 1427 1478 1480 τῶν
1514 1430 1717 1498 μερῶν,

125 1521 247 1589 ἤτοι
276 1520 390 1572 τῶν
408 1519 758 1588 τουρμαχιῶν
785 1519 918 1586 (3|),
949 1521 1005 1572 ὲν
1021 1519 1250 1589 δευτέρᾳ
1268 1519 1421 1584 τάξει
1453 1520 1717 1573 καθίστα-

131 1612 276 1675 σθαι,
330 1612 500 1680 ῆγουν
531 1611 590 1662 έν
613 1613 678 1677 τῇ
714 1610 939 1662 ὄπισθεν
997 1611 1098 1680 τῆς
1161 1611 1450 1680 προμάχου
1511 1610 1719 1676 τάξεως

130 1704 453 1772 παραταγῇ,
485 1702 543 1754 ὲν
572 1701 906 1772 ὑποὸοηθείᾳ
936 1701 1031 1756 καὶ
1058 1703 1140 1764 είς
1167 1701 1414 1772 φυλακὴν
1437 1702 1546 1755 τῶν
1580 1703 1718 1756 πλα-

126 1795 263 1858 γίων
301 1796 508 1864 μερῶν,
526 1797 622 1847 καὶ
655 1795 734 1858 είς
759 1793 1166 1862 νωτοφύλακας,
1209 1794 1307 1848 καὶ
1357 1795 1440 1857 είς
1468 1795 1712 1865 ἐνέδρας,

127 1884 247 1953 ῆτοι
294 1885 704 1955 ὲγκρύμματα,
754 1886 848 1939 καὶ
901 1887 983 1949 είς
1037 1884 1340 1949 κυκλώσεις
1393 1887 1502 1940 τῶν
1553 1888 1713 1940 πολε-

130 1977 292 2045 μίων.

199 2068 276 2139 μζ
296 2110 310 2122 .
339 2069 452 2123 Καὶ
503 2069 642 2140 μήτε
668 2069 766 2134 τὰς
793 2069 1060 2140 τούρμας,
1093 2087 1230 2140 μητε
1258 2072 1384 2134 τοὺς
1413 2071 1712 2142 δρούγγους

129 2161 388 2228 μείζονας
415 2144 632 2226 ποιεῖν,
695 2162 782 2216 ἵνα
819 2162 895 2232 μὴ
925 2163 1001 2224 ὡς
1041 2162 1249 2231 μεγάλα
1306 2163 1399 2216 καὶ
1435 2163 1530 2215 ἐπὶ
1577 2164 1714 2216 πολὺ

127 2254 484 2322 ἐκτεινόμενα
510 2254 710 2324 ἀπειθῆ
732 2255 867 2323 πρὸς
888 2255 957 2309 τὰ
984 2255 1440 2327 παραγγέλματα,
1467 2258 1562 2310 καὶ
1584 2274 1714 2324 συγο

130 2362 260 2414 κεχυ
268 2345 410 2414 μένα
437 2345 757 2416 εὑρεθῶσιν.

196 2519 317 2590 μη’.
356 2521 518 2575 Ἀλλὰ
565 2523 663 2575 καὶ
691 2522 878 2594 ἔτερόν
921 2540 1002 2578 σοι
1048 2525 1319 2594 χρήσιμον
1376 2527 1712 2596 παραινέσω,

131 2614 267 2664 ὥστε
318 2613 398 2683 μὴ
425 2613 605 2667 πάντα
633 2614 702 2665 τὰ
727 2614 982 2684 τάγματα
1011 2614 1131 2683 ῆτοι
1188 2615 1355 2684 pave:
1389 2617 1712 2688 ἐπιτηδεύῃς

133 2703 349 2764 πάντως
376 2705 466 2756 ίσα
501 2706 696 2756 ποιεῖν·
734 2703 821 2756 ἵνα
853 2704 928 2774 μὴ
944 2706 1008 2758 ὲκ
1041 2704 1135 2757 τοῦ
1160 2707 1397 2777 ἀριθμοῦ
1430 2708 1538 2761 τῶν
1587 2709 1714 2778 βάν-

130 2794 234 2847 δων
287 2794 657 2865 εὐαρίθμητος
702 2797 815 2860 τοῖς
848 2796 1066 2866 ἐχθροῖς
1103 2799 1131 2851 ὁ
1158 2799 1386 2870 στρατὸς
1419 2799 1532 2870 ('52)
1556 2801 1716 2872 γένη-

131 2886 410 2956 ται,ὅπερ
431 2885 696 2949 πολλάκις
735 2886 979 2956 μεγάλας
1013 2888 1266 2957 προξενεῖ
1334 2889 1432 2953 τὰς
1486 2891 1712 2960 βλάὸας.

142 2976 307 3029 Ἀλλὰ
352 2975 514 3030 τοῦτο
558 2977 868 3045 φυλάττειν,
907 2978 1043 3048 μηδὲ
1070 2979 1179 3031 τῶν
1206 2977 1250 3031 u'
1275 2979 1507 3051 ἀνδρῶν,
1535 2981 1611 3045 ὼς
1641 2983 1716 3033 εἴ·

133 3083 332 3137 πομεν,
365 3068 546 3130 πλέον,
577 3067 712 3138 μηδὲ
735 3068 842 3121 τῶν
869 3068 1158 3124 διακοσίων
1182 3070 1391 3141 ἀνδρῶν
1414 3071 1715 3141 όλιγὼτερα

133 3161 388 3226 γενέσθαι
419 3161 582 3215 αὑτά.

205 3251 317 3321 μθ’.
371 3253 463 3305 Διὸ
513 3253 772 3318 πολλάκις
819 3254 914 3306 καὶ
961 3253 1302 3306 καϐέκαστον
1347 3254 1555 3323 τάγμα,
1616 3255 1714 3307 ἐὰν

130 3343 227 3396 δύο
279 3343 447 3412 βάνδα
509 3344 864 3416 εὐτρεπίζῃς,
930 3345 1324 3412 ἀναφαίνεσθαι
1373 3346 1575 3413 (⁵53)ὲν
1633 3346 1712 3416 τῷ

133 3435 313 3503 καιρῷ
331 3437 433 3505 τῆς
454 3437 549 3489 τοῦ
574 3436 819 3507 πολέμου
859 3435 1138 3506 συμϐολῆς
1183 3437 1284 3489 οὐκ
1335 3436 1609 3506 ἄχρηστον
1633 3439 1714 3500 είς

132 3525 192 3576 τὸ
219 3525 565 3593 καταπλῆξαι
629 3531 758 3589 τοὺς
805 3525 1118 3593 πολεμίους.
1168 3525 1290 3595 Χρή
1330 3524 1386 3578 δὲ
1419 3525 1717 3596 ἀφορισθῆ-

133 3636 221 3672 ναι
270 3619 382 3671 ὰπδ
436 3619 668 3672 ἑκάστου
722 3618 912 3688 βάνδου
938 3618 1019 3679 εἰς
1041 3617 1141 3679 τὰς
1173 3616 1478 3684 ἀναγκαίας
1504 3617 1713 3686 χρείας,

129 3713 206 3773 ὡς
236 3710 476 3780 εἴρηται,
536 3711 665 3772 τοὺς
704 3709 1058 3778 μανδάτωρας
1090 3707 1426 3776 ἀγρύπνους,
1463 3707 1558 3759 καὶ
1586 3723 1714 3759 συν-

133 3802 312 3866 ετοὺς,
341 3802 438 3854 καὶ
472 3801 728 3871 γοργοὺς,
766 3800 861 3852 καὶ
892 3799 1189 3868 εὐφώνους,
1223 3799 1452 3862 εἰδότας,
1478 3800 1527 3850 εί
1550 3799 1713 3850 δυνα-

131 3894 247 3957 τδν,
269 3894 365 3947 καὶ
389 3893 670 3963 διαφόροις
699 3890 975 3960 γλώσσαις
1004 3891 1189 3943 καλεῖν
1224 3891 1360 3958 (34).

201 3984 269 4040 ν’.
307 3987 422 4039 Καὶ
469 3985 896 4055 βουκινάτωρας,
953 3985 1149 4046 οἵτινες
1188 3984 1248 4036 ὲν
1285 3983 1462 4054 καιρῷ
1494 3986 1562 4036 τὰ
1593 4002 1716 4036 συν-

133 4076 246 4146 ήθη
275 4075 622 4140 σαλπίζουσι.
675 4075 1059 4144 Σαμιάτωρας,
1091 4073 1431 4139 τοξοποιοὺς,
1483 4092 1713 4142 σαγγιτ-

133 4168 409 4230 τοποιοὺς,
445 4168 541 4221 καὶ
567 4168 694 4231 τοὺς
726 4167 947 4230 λοιποὺς
967 4166 1104 4237 πρὺσ⁵
1146 4167 1246 4235 τὴν
1273 4164 1332 4229 ἐξ
1363 4165 1516 4230 ἔθους
1534 4166 1716 4219 διατύ-

133 4273 260 4310 una
265 4275 337 4310 ιν.

204 4441 308 4490 va‘.
334 4433 767 4504 Προσαφορίσεις
803 4435 860 4486 δὲ
908 4435 1002 4488 καί
1053 4452 1204 4496 τινας
1245 4437 1372 4498 τοὺς
1409 4433 1720 4503 ὀφείλοντας

1822 615 2050 670 turmas,
2079 613 2134 664 in
2162 609 2433 678 dextram,
2467 612 2701 667 mediam
2727 625 2778 669 et
2807 618 3104 672 sinistram.
3139 619 3262 676 Hac
3289 622 3390 676 tria

1821 699 2130 753 universam
2163 702 2335 754 aciem
2375 705 2678 770 continent,
2714 721 2836 775 quae
2885 709 2990 762 sub
3038 711 3391 780 imperatoris

1819 788 2160 843 dominatum
2194 791 2499 860 subjicitur.

1887 878 1976 931 45.
2036 876 2264 947 Oportet
2306 881 2510 948 igitur,
2562 887 3023 953 quemadmodum
3072 894 3389 958 praedictum

1818 981 1925 1036 est,
1977 988 2156 1042 neque
2208 975 2487 1029 cohortem
2547 979 2660 1033 sive
2703 981 2940 1035 baudum
2995 985 3216 1040 comitis
3269 988 3390 1055 plus

1819 1067 2230 1136 quadringentis
2275 1076 2492 1133 tenere,
2529 1086 2705 1141 neque
2751 1075 3031 1132 cohortem
3079 1078 3388 1133 milliariam

1819 1157 1934 1211 sive
1953 1157 2226 1228 drungum
2262 1161 2383 1228 plus
2417 1161 2594 1218 tribus
2638 1165 2900 1233 millibus,
2935 1184 3115 1240 neque
3155 1181 3391 1226 turmam

1820 1247 1944 1316 plus
1974 1264 2068 1302 sex
2105 1249 2364 1304 millibus.

1883 1340 1973 1394 46.
2017 1340 2074 1393 Si
2116 1356 2244 1396 vero
2289 1344 2570 1414 contingat
2615 1345 2880 1414 majorem
2926 1365 3214 1406 numerum
3266 1370 3393 1410 esse

1819 1432 2094 1484 exercitus
2118 1446 2282 1501 quam
2307 1435 2624 1502 prmdictum
2647 1448 2751 1502 est,
2782 1442 3052 1509 optimum
3085 1459 3206 1498 esse
3235 1454 3389 1500 extra

1821 1529 2031 1574 turmas
2067 1536 2192 1575 eum
2229 1523 2282 1575 iu
2320 1528 2559 1580 secunda
2599 1533 2739 1596 acie,
2778 1532 2829 1584 id
2863 1543 2968 1599 est,
2997 1544 3118 1604 post
3159 1538 3388 1604 primam

1816 1613 1992 1666 aciem
2020 1613 2073 1665 iu
2103 1614 2366 1671 subsidiis
2391 1619 2684 1684 collocare,
2714 1625 2799 1676 vel
2835 1625 2900 1677 ad
2941 1627 3169 1681 laterum
3199 1637 3388 1682 custo-

1820 1704 1961 1768 dias,
1993 1706 2058 1758 ad
2096 1708 2417 1778 tergistites,
2453 1711 2520 1766 ad
2558 1713 2809 1782 insidias,
2845 1716 2912 1771 ad
2937 1717 3253 1774 obsidiones
3291 1721 3390 1775 ho-

1822 1797 1987 1852 stium
2015 1799 2335 1856 transferre.

1876 2082 1967 2136 47.
2001 2083 2188 2153 Neque
2233 2086 2398 2157 igitur
2442 2097 2657 2155 turum,
2689 2107 2868 2162 neque
2911 2096 3129 2165 drungi,
3177 2097 3230 2151 id
3277 2107 3386 2162 est,

1815 2174 2069 2230 cohortes
2118 2178 2434 2243 milliaria,
2474 2182 2710 2250 majores
2761 2187 2867 2240 sint
2925 2189 3008 2241 vel
3060 2190 3192 2243 ﬁant
3223 2207 3388 2259 quam

1816 2266 2130 2331 praedictum
2159 2277 2261 2332 est,
2288 2278 2459 2336 utne,
2487 2273 2532 2326 si
2564 2273 2618 2326 in
2640 2274 2875 2344 aliquem
2903 2277 3166 2345 majorem
3196 2296 3390 2333 nume-

1816 2368 1936 2406 rum
1979 2356 2392 2422 producantur,
2420 2363 2604 2416 minus
2659 2355 2973 2420 obedientes
3015 2368 3298 2436 imperatis
3336 2379 3392 2425 et

1818 2448 2244 2516 perturbatiores
2270 2451 2638 2508 inveniantur.

1881 2539 1971 2592 48.
1995 2543 2169 2610 Atque
2195 2543 2302 2597 hoc
2332 2544 2427 2599 tibi
2457 2551 2928 2615 pernecessarium
2962 2567 3087 2610 esse
3107 2555 3386 2620 existimo,

1815 2634 1875 2678 ut
1923 2629 2106 2716 omnia
2152 2629 2327 2684 bauda
2388 2634 2502 2688 sive
2532 2638 2784 2694 cohortes
2829 2657 3176 2713 nequaquam
3235 2646 3384 2716 pari:

1816 2728 2046 2767 numero
2079 2715 2222 2770 inter
2247 2733 2304 2772 se
2326 2717 2521 2785 facias,
2555 2739 2621 2778 ne
2649 2734 2762 2779 tum
2795 2731 3149 2787 numerabilis
3177 2715 3391 2788 exerci-

1816 2813 1905 2860 tus
1934 2815 2060 2862 tuus
2089 2809 2382 2866 confestim
2419 2812 2532 2878 iiat,
2568 2829 2690 2884 qua:
2724 2832 2813 2872 res
2844 2820 3210 2876 maximorum
3245 2837 3391 2893 saepe

1816 2892 2083 2948 malorum
2104 2909 2268 2951 causa
2289 2906 2400 2978 est.
2428 2898 2543 2956 Hoc
2574 2916 2757 2958 tamen
2788 2909 3174 2978 perdiligenter
3203 2892 3390 2967 obser-

1815 2984 2054 3038 vandum
2085 2996 2189 3052 est,
2221 2976 2375 3044 utne
2397 2991 2581 3060 plures
2601 2976 3036 3068 quadringentis,
3061 3017 3235 3071 neque
3257 3019 3391 3073 pau-

1817 3075 1996 3132 ciores
2027 3077 2278 3135 ducentis
2311 3083 2362 3136 in
2396 3085 2574 3140 bando
2605 3090 2719 3143 sive
2753 3091 2977 3146 cohorte
3023 3095 3388 3152 collocentur.

1887 3258 1977 3312 49.
2008 3259 2190 3325 Quare
2215 3279 2658 3336 unamquamque
2687 3270 2970 3326 cohortem
2996 3272 3040 3327 si
3063 3274 3201 3329 duas
3221 3291 3389 3346 appa-

1816 3361 1940 3401 rere
2005 3347 2198 3411 i'acias,
2227 3367 2472 3422 persaepe
2514 3357 2605 3410 ubi
2653 3360 3050 3428 conﬂigendum
3080 3378 3202 3418 cum
3234 3365 3391 3420 hoste

1815 3434 2002 3496 fuerit,
2038 3448 2147 3490 nou
2179 3439 2372 3494 inutile
2393 3443 2460 3494 ad
2487 3445 3018 3510 perterrefaciendos
3046 3448 3391 3502 adversarios

1816 3524 1942 3577 erit.
1973 3522 2200 3594 Oportet
2226 3537 2408 3582 autem
2434 3529 2506 3584 ab
2530 3547 2860 3601 unoquoque
2889 3535 3068 3590 bando
3091 3537 3159 3589 ad
3196 3552 3388 3592 neces-

1814 3615 1990 3668 sarios
2036 3631 2168 3671 usus
2213 3617 2476 3685 separari,
2513 3627 2570 3673 ut
2611 3620 2822 3675 dictum
2872 3633 2979 3686 est,
3037 3626 3390 3683 maudatores

1815 3705 2126 3773 vigilantes,
2159 3710 2478 3776 prudentes,
2514 3726 2690 3778 acres,
2718 3715 2954 3777 vocales.
2978 3726 3032 3770 et
3055 3718 3100 3773 si
3129 3717 3244 3773 ﬁeri
3270 3734 3393 3788 pos-

1815 3798 1908 3859 sit,
1942 3799 2239 3853 nmltarum
2275 3801 2588 3871 linguarum
2619 3804 3006 3875 iutelligeutcs.

1886 3977 1977 4029 50.
2011 3977 2077 4031 Et
2110 3978 2488 4034 buccinatores
2514 3997 2732 4052 quoque
2769 3984 2883 4053 qui,
2922 3986 3140 4053 quando
3172 3989 3390 4043 occasio

1817 4061 1940 4128 fert,
1963 4064 2348 4119 buccinabunt.
2364 4067 2720 4135 Samiatores,
2740 4072 2791 4124 id
2808 4081 2912 4137 est,
2930 4074 3020 4142 qui
3040 4090 3231 4130 omnes
3243 4077 3391 4133 acies

1819 4151 2023 4209 ferreas
2054 4166 2348 4210 exacuunt.
2382 4156 2590 4214 Fabros
2619 4163 2920 4228 arcuarios,
2953 4173 3008 4218 et
3053 4167 3390 4235 sagittarios,

1817 4244 2166 4315 reliquosque
2195 4248 2294 4327 qui
2317 4248 2384 4302 ad
2417 4265 2600 4304 rerum
2626 4263 3018 4309 consuetarum
3045 4257 3389 4318 elfectionem

1818 4335 2120 4401 pertinent.

1890 4424 1978 4478 5|.
2011 4424 2327 4483 Constitues
2364 4432 2528 4483 etiam
2569 4432 2663 4500 qui
2709 4446 2799 4488 res
2842 4435 3076 4494 amissas
3106 4438 3389 4496 collecturi

130 4527 202 4580 τά
227 4526 594 4596 εὑρισκόμενα
610 4524 721 4576 τῶν
743 4524 1132 4594 ἀπολλυμένων
1161 4524 1435 4591 συνάγειν,
1471 4525 1567 4578 καὶ
1582 4526 1716 4578 drm-
1748 4541 1792 4596 υ
1818 4523 1874 4568 ει
1896 4514 2136 4572 dominis
2161 4519 2277 4573 θυῖε
2305 4520 2613 4574 τεειίιιιιυτὶ
2645 4523 2775 4578 sint.

131 4618 336 4671 διδόναι
364 4617 477 4680 τοῖς
513 4616 722 4685 κυρίοις
751 4616 950 4669 αὐτῶν.

204 4708 272 4777 νβ
293 4747 306 4759 .
339 4708 550 4777 Ὠσπερ
583 4706 639 4759 δὲ
680 4707 771 4759 ἐπὶ
799 4706 894 4760 τοῦ
925 4706 1144 4758 τούλδου
1172 4706 1283 4759 τῶν
1332 4705 1714 4776 καϐαλλαρίων

133 4801 438 4867 ἀναγκαῖον
477 4799 658 4865 ὁρίσαι
679 4800 806 4861 τοὺς
845 4798 1166 4866 ὀφείλοντας
1188 4799 1476 4867 ἐπιστῆναι
1512 4801 1712 4866 ἄρχον-

134 4908 256 4956 τας,
309 4888 483 4951 οὕτως
531 4889 624 4942 καὶ
655 4888 748 4941 ἐπὶ
799 4888 896 4941 τοῦ
923 4889 1142 4942 τούλδου
1175 4890 1292 4960 ῆτοι
1335 4889 1444 4942 τῶν
1471 4888 1716 4959 άμαξίων

135 4983 238 5051 τῆς
273 4980 506 5048 πεζικῆς
565 4979 774 5043 τάξεως
803 4980 1091 5050 ἀφορίσεις
1129 4980 1304 5043 τινὰς,
1338 4977 1418 5042 οἷς
1439 4981 1714 5049 ὀφείλουσι

137 5073 430 5128 πείθεσθαι
463 5075 512 5126 οἱ
542 5073 637 5126 τοῦ
659 5073 956 5142 λεγομένου
990 5073 1251 5141 καραγοῦ.

205 5164 312 5234 νγ⁹.
358 5164 614 5234 Καραγδς
659 5165 768 5234 γάρ
797 5164 1018 5232 λέγεται
1049 5167 1078 5218 ό
1105 5165 1192 5218 διὰ
1219 5165 1331 5218 τῶν
1372 5164 1598 5235 ἁμαξῶν
1624 5166 1718 5216 καὶ

138 5254 408 5324 τριϐόλων
458 5255 555 5306 καὶ
604 5253 713 5327 τῶν
769 5254 944 5308 ἄλλων
977 5256 1234 5324 μηχανῶν
1260 5258 1543 5324 γινόμενος
1565 5271 1720 5325 περι-

139 5343 371 5416 ορισμὺς
399 5344 480 5408 είς
509 5344 813 5413 ἀσφάλειαν
837 5344 933 5398 τοῦ
963 5344 1221 5416 στρατοῦ.

1893 4716 1980 4771 52.
2007 4716 2476 4783 Quemadmodum
2506 4723 2656 4776 enim
2703 4725 2772 4779 ad
2819 4726 3206 4797 impedimenta
3236 4737 3395 4805 cqui-

1819 4818 1936 4864 tum
1959 4811 2312 4880 gubernanda
2336 4813 2574 4881 praefecti
2604 4817 2973 4873 constituendi
3006 4831 3142 4877 sunt
3161 4862 3176 4888 ,
3217 4825 3297 4880 sic
3326 4828 3392 4880 ad

1822 4901 2204 4968 impedimenta
2255 4903 2588 4971 pedestrium
2629 4906 2796 4975 eliges
2824 4909 3091 4978 quosdam
3114 4952 3130 4976 ,
3168 4915 3391 4983 quibus.

1821 4993 1913 5062 qui
1947 4993 2012 5047 ad
2047 5009 2303 5062 caragmn
2337 4999 2630 5063 pertinent,
2659 5001 2978 5057 obedientes
3004 5005 3137 5059 sint.

1895 5170 1984 5224 5'5.
2015 5171 2262 5242 Caragus
2313 5171 2515 5228 dicitur
2555 5189 2622 5231 ex
2668 5178 2842 5232 carris
2884 5189 2936 5235 et
2971 5180 3183 5239 bellicis
3232 5185 3393 5241 rebus

1828 5262 2059 5317 munitio
2083 5262 2155 5318 ad
2183 5265 2483 5318 exercitum
2514 5265 2935 5323 defendendum.

1625 5481 1858 5544 NOTAE.

217 5596 335 5672 (g9)
366 5596 591 5672 ρξέᾳον,
622 5597 888 5672 ἇριστόξαΓ
936 5597 1177 5672 Scr_ibe,_
1193 5599 1376 5668 μέσον,
1405 5599 1706 5672 ἀριστερόν.

221 5667 338 5735 (50)
371 5668 480 5720 Τοῦ
511 5670 790 5734 κόμητος.
829 5667 921 5721 Sic
948 5670 1116 5722 codex
1145 5667 1503 5726 Pistorianus.
1525 5667 1710 5728 Rc'ctc.

149 5733 529 5807 Scribebatur,
559 5733 653 5789 τοῦ
685 5733 918 5807 κόσμου.

222 5806 336 5876 (51)
373 5805 769 5877 Τουρμαχιῶν.
801 5805 994 5864 Scribe
1033 5809 1412 5880 τουρμαρχῶν.

1892 5605 2005 5681 (ξὲ)
2032 5604 2220 5681 ροᾷεξ
2241 5605 2645 5681 Laurentianus
2677 5607 2838 5681 habet
2867 5612 3166 5681 στρατηγός

1896 5678 2006 5742 (55)
2031 5675 2166 5730 Cod.
2200 5675 2361 5729 Laur.
2389 5676 2820 5732 ἀναδείκνυσθαι.

1899 5745 2273 5812 (54)Καλεῖν.
2327 5747 2388 5802 In
2441 5745 2753 5804 Pistoriano
2809 5750 3001 5808 codice
3048 5759 3171 5808 erat
3222 5753 3393 5808 λαεῖν.

1833 5816 2028 5872 Scribe
2057 5815 2256 5871 λαλεῖν.
