4176 6446
780 420 877 489 “lii

2032 421 2303 479 [ΕΘΝῘῖ
2340 417 2795 480 PHILOSOPIH

3909 422 4015 483 712

848 537 933 591 54.
970 535 1024 589 in
1053 545 1377 600 unaquaque
1416 540 1592 583 turma
1636 543 1803 580 unum
1856 543 2127 582 summum
2156 530 2337 597 caragi
2375 555 2388 595 Α

2517 524 2608 581 νδῖ
2649 526 2758 576 Καὶ
2782 524 2901 576 καθ’
2929 525 3157 577 ἕκαστον
3199 526 3383 595 μέρος,
3421 527 3507 579 ἵνα
3539 526 3750 595 apii");
3781 529 3894 597 (35)
3927 529 4019 579 τὸν

782 626 1090 695 prml‘ectnm
1124 636 1245 677 esse
1278 631 1513 690 oportet,
1544 628 1595 672 et
1624 619 1836 685 signum
1881 618 2118 687 aliquod,
2151 634 2341 686 qttem~

780 712 1069 767 admodum
1120 712 1175 764 in
1226 710 1401 778 equis,
1437 724 1514 763 SIC
1545 712 1596 759 in
1641 706 1815 760 bobus
1856 707 2148 774 unicuique
2170 704 2341 758 ordini

781 804 1051 871 privatum
1094 800 1362 863 adhiberi,
1391 810 1450 853 ut
1488 795 1645 850 facile
1683 798 1937 864 cognosci
1979 807 2033 851 et
2069 795 2275 851 adverti
2311 808 2343 848 a

779 893 895 945 suis
928 894 1157 962 possint.

852 982 940 1035 55.
981 982 1125 1036 Bene
1159 991 1340 1035 autem
1368 978 1631 1049 pedestris
1672 978 1804 1034 aciei
1848 977 2178 1032 mentionem
2211 977 2343 1030 feci-

782 1089 925 1126 mus.
956 1074 1179 1142 Opartet
1210 1083 1388 1126 autem
1421 1070 1582 1139 hujus
1610 1070 1930 1125 diviswnem
1964 1068 2167 1133 facere,
2204 1077 2258 1122 et
2291 1068 2344 1122 in

780 1178 841 1216 ea
874 1162 1158 1232 praefectos
1202 1169 1255 1214 et
1289 1162 1453 1215 duces
1490 1160 1725 1228 majores
1774 1169 1828 1214 et
1870 1160 2108 1213 minores
2138 1159 2343 1213 consti-

782 1265 952 1317 tuere,
972 1264 1025 1307 et
1058 1256 1275 1308 illorum
1297 1268 1514 1322 quoque
1544 1255 1760 1305 nomina
1787 1266 2130 1321 percensere,
2150 1265 2346 1320 quem-

783 1346 1074 1399 admodum
1117 1346 1185 1399 ab
1210 1345 1449 1413 antiquis
1486 1345 1561 1397 rei
1600 1344 1850 1397 militaris
1897 1341 2084 1411 peritis
2131 1343 2347 1408 accepi-

783 1454 928 1501 mus,
963 1447 1014 1491 et
1044 1436 1502 1506 quemadmodum
1558 1436 1888 1489 recentiores
1925 1450 2077 1488 suam
2104 1434 2345 1503 ipsorum

786 1529 1115 1582 instruenda:
1162 1526 1301 1580 aciei
1346 1526 1577 1579 formam
1617 1535 1669 1579 et
1698 1525 2141 1579 constitutionem
2191 1524 2347 1577 nobis

784 1620 1138 1688 reliquerunt.

854 1712 943 1763 56.
978 1711 1199 1779 Antiqui
1224 1711 1368 1765 enim
1404 1712 1747 1767 multitudine
1773 1710 2052 1765 hominum
2084 1724 2147 1763 ea
2176 1709 2349 1763 abun-

788 1803 990 1856 dabant
1028 1804 1117 1872 qui
1168 1803 1295 1856 olim
1346 1805 1568 1868 armati.
1613 1820 1756 1859 nunc
1803 1804 2001 1857 scutati
2036 1811 2342 1857 vocantur:

785 1908 1098 1961 quanquam
1131 1894 1232 1948 hoc
1266 1909 1460 1947 nomen
1496 1904 1715 1963 prepter
1747 1908 1998 1963 magnam
2036 1894 2111 1947 rei
2149 1894 2349 1946 milita-

788 1986 866 2039 ris
905 1976 1066 2053 atque
1102 1985 1382 2039 industriae
1424 1986 1631 2040 bellicae
1673 1985 2052 2054 negligentiam
2102 1999 2238 2051 pene
2283 1985 2351 2038 ab

788 2076 1044 2128 omnibus
1078 2074 1613 2155 ignoreturxﬂorum
1675 2077 1841 2145 igitur
1880 2084 2214 2129 scutatorum
2258 2090 2353 2129 co-

788 2166 975 2221 hortes
1023 2183 1089 2219 ex
1132 2167 1364 2221 sedecim
1418 2168 1797 2222 contuberniis
1848 2167 2135 2231 faciebant,
2162 2167 2213 2220 id
2245 2175 2350 2229 est,

787 2271 853 2309 ex
882 2257 1290 2312 viris‘ducentis
1322 2266 1375 2312 et
1406 2258 1799 2327 quinquaginta
1842 2272 1957 2322 sex,
1981 2273 2148 2311 unum
2185 2258 2354 2326 quod-

789 2362 896 2415 que
921 2348 1337 2400 contubernium
1357 2349 1598 2401 virorum
1621 2348 1874 2411 sedecim,
1894 2349 2154 2415 quadrata
2180 2348 2353 2402 forma

790 2447 845 2491 et
873 2453 1119 2490 numero.
1144 2436 1420 2491 Invenitur
1443 2447 1620 2491 autem
1652 2438 1704 2490 in
1733 2438 1836 2490 illis
1862 2437 2094 2506 phalanx
2119 2439 2354 2505 peditum

793 2536 985 2597 quater
1029 2529 1176 2582 mille
1226 2532 1521 2598 nonaginta
1568 2543 1696 2590 sex,
1731 2542 1893 2596 quam
1939 2536 2135 2583 vocant
2182 2528 2355 2582 aciem

795 2622 1125 2689 pedestrem.
1159 2632 1213 2675 et
1241 2620 1555 2690 praefectum
1586 2620 1800 2673 illorum
1830 2621 2233 2689 imperatorem.

862 2797 951 2849 57.
986 2794 1281 2848 Perfectam
1306 2804 1485 2848 autem
1520 2793 1692 2849 aciem
1722 2792 1997 2848 faciebant
2024 2808 2092 2847 ex
2115 2793 2358 2848 cohorti»

793 2887 895 2940 bus
932 2887 1211 2955 sexaginta
1255 2895 1523 2954 quatuor,
1568 2884 1942 2938 contuberniis
1983 2884 2131 2938 mille
2169 2885 2358 2953 viginti

792 2988 1058 3049 quatuor,
1124 2978 1404 3031 hominum
1466 2976 1701 3031 sedecim
1736 2977 1975 3030 millibus
2028 2984 2109 3030 ter
2141 2986 2355 3031 centum

792 3071 1066 3140 octoginta
1103 3079 1354 3138 quatuor.
1390 3069 1547 3123 Levis
1592 3077 1882 3121 armatum
1927 3077 2106 3122 autem
2131 3108 2143 3129 ,
2176 3078 2233 3122 ut
2269 3084 2359 3122 sa-

794 3163 1157 3229 gittariorum,
1204 3161 1591 3230 jacnlatorum,
1626 3159 1984 3222 funditorum,
2017 3170 2141 3213 octo
2190 3160 2359 3213 millia
2386 3182 2429 3241 ο

792 3265 1009 3309 centum
1058 3254 1351 3321 nonaginta
1382 3253 1509 3316 duo,
1542 3262 1597 3304 ut
1626 3251 1772 3305 acies
1802 3252 1933 3305 levis
1962 3261 2253 3305 armatura:
2279 3250 2362 3304 di-

794 3343 958 3398 midia
1003 3346 1073 3398 sit
1123 3345 1255 3397 aciei
1300 3351 1635 3397 scutatorum
1691 3341 1773 3395 vel
1821 3342 2000 3411 gravis
2048 3350 2355 3393 armaturae.

794 3433 1049 3503 Equitum
1084 3444 1261 3488 autem
1288 3433 1379 3502 qui
1410 3448 1532 3486 cum
1573 3431 1658 3484 bis
1698 3431 2064 3493 instruuntur,
2103 3440 2158 3482 et
2191 3429 2357 3497 pede-

794 3527 893 3581 stri
956 3526 1091 3579 aciei
1146 3525 1557 3585 admiscentur,
1607 3529 1800 3589 quater
1856 3521 2003 3574 mille
2064 3521 2359 3587 nonaginta

796 3632 889 3671 sex
928 3634 942 3670 :
975 3628 1027 3671 ct
1062 3618 1292 3670 istorum
1326 3613 1613 3684 praefectus
1640 3612 1921 3666 dicebatur
1954 3612 2266 3680 imperator.

867 3799 956 3853 58.
994 3799 1059 3851 Ει
1102 3799 1202 3851 ista
1245 3796 1464 3865 quidem
1508 3793 1574 3848 ad
1622 3794 1769 3847 hunc
1802 3792 2019 3845 modum
2049 3788 2359 3857 partieban-

798 3904 907 3946 tur.
936 3891 1200 3944 Cohortes
1241 3897 1576 3942 scutatorum
1620 3887 1673 3938 in
1715 3884 1893 3937 fronte
1925 3898 2020 3951 pro
2039 3881 2212 3950 prima
2245 3881 2363 3934 acie

796 3993 986 4037 contra
1012 3983 1194 4034 hostes
1228 3978 1589 4038 collocabant,
1623 3985 1675 4029 et
1708 3976 1850 4028 hanc
1895 3973 1946 4027 in
1973 3981 2208 4042 quatuor
2236 3986 2361 4039 par-

797 4083 878 4129 tes
905 4074 1017 4127 sive
1037 4081 1243 4124 turmas
1271 4069 1601 4129 dividebant,
1620 4069 1886 4129 dextram,
1913 4066 2213 4127 sinistram,
2232 4064 2362 4116 dex—

796 4175 935 4219 tram
968 4164 1227 4224 mediam,
1259 4160 1533 4215 sinistram
1566 4158 1819 4211 mediam.

868 4256 955 4310 59.
989 4254 1146 4307 Levis
1177 4259 1468 4306 armatura:
1491 4248 1767 4311 cohortes,
1803 4248 1928 4317 quia
1961 4258 2143 4301 truces
2168 4256 2223 4301 et
2246 4247 2359 4317 agi-

798 4344 877 4397 les
902 4350 1077 4405 erant,
1099 4341 1180 4394 vel
1207 4350 1335 4392 ante
1359 4352 1550 4392 omnes
1578 4336 1920 4390 collocabant
1942 4339 2004 4390 ad
2030 4351 2363 4405 persequen-

796 4433 896 4487 dos
914 4432 1119 4492 hostes,
1146 4430 1228 4483 vel
1249 4429 1314 4483 ad
1340 4429 1506 4482 latera
1531 4427 1901 4495 obliquabant,
1944 4428 2024 4481 vel
2058 4428 2122 4481 ad
2152 4436 2361 4496 tergum

796 4525 986 4594 primm
1005 4523 1142 4577 aciei
1167 4520 1592 4584 constituebant,
1613 4519 1718 4582 vel,
1743 4518 2198 4588 quemadmodum
2231 4535 2363 4574 usus
2395 4504 2439 4559 D

800 4618 1079 4684 poscebat,
1116 4612 1517 4676 describebant,
1550 4610 1618 4665 de
1643 4612 1845 4679 quibus
1885 4611 2178 4678 separatim
2212 4608 2363 4664 dice-

798 4725 940 4762 mus.

870 4800 961 4854 60.
999 4800 1223 4868 Equites
1251 4798 1306 4851 in
1348 4796 1485 4851 duas
1514 4804 1725 4849 turmas
1757 4793 1869 4847 sive
1913 4802 2096 4862 partes
2123 4792 2366 4846 dividen-

800 4894 983 4956 tes,ad
1016 4893 1181 4945 latera
1208 4889 1473 4959 pedestris
1496 4887 1629 4941 aciei
1659 4885 2017 4948 collocabant,
2042 4898 2234 4954 nempe
2264 4885 2362 4939 ad-

800 4986 1010 5051 jutores
1040 4992 1094 5035 et
1120 4980 1398 5050 expeditos
1432 4979 1745 5033 incursores
1778 4976 2036 5032 hostium.

872 5161 960 5212 61.
990 5157 1061 5212 Ut
1085 5158 1267 5227 igitur,
1295 5155 1571 5211 ne-omnia
1591 5150 1960 5222 percensendo
1989 5150 2152 5203 nimis
2182 5148 2363 5203 curio-

805 5265 902 5304 sus
937 5251 1061 5310 sim,
1090 5248 1308 5309 lochon,
1348 5246 1399 5299 id
1439 5254 1541 5310 est,
1578 5240 2013 5311 manipulorum,
2054 5246 2108 5292 et
2136 5238 2363 5303 τάξεων,

2444 619 2631 687 ἄρχειν
2664 617 2966 685 ὀφείλοντα,
3020 618 3115 669 καὶ
3165 622 3388 686 σημ-ἷον
3410 618 3483 681 ῶς
3508 623 3600 671 eri.
3642 637 3749 671 των
3805 625 4022 677 ἱππέων

2446 706 2711 759 ἐντιθέναι
2735 708 2814 767 είς
2844 706 2942 767 τὰς
2968 704 3094 773 βοῦς
3117 705 3245 758 ίδιοι
3293 706 3523 760 ἐκάσ.ου
3556 708 3813 778 ἀριθμου,
3852 711 4019 763 ίναέκ

2443 796 2543 863 τῆς
2582 797 2747 868 χρόας
2788 795 2883 848 τοῦ
2935 796 3159 865 σημεόν
3190 798 3423 867 φανεραὶ
3450 801 3541 850 τοτσ
3588 800 3653 853 ίδῖ
3694 816 3736 862 .ς
3784 801 4019 856 ἑκάστλυ

2444 890 2701 952 γίνωνται
2732 885 2865 953 (56).

2516 973 2607 1028 νε’.
2638 976 2905 1039 Καλῶςδέ
2934 976 3026 1029 καὶ
3055 976 3153 1044 τῆς
3181 978 3413 1049 πεζικῆς
3434 979 3639 1044 τάξεως
3664 984 4019 1053 ἐπεμνήσθη·

2449 1084 2565 1136 μεν.
2612 1070 2711 1120 ’Δεῖ
2764 1070 2871 1138 γὰρ
2898 1069 2991 1122 καὶ
3014 1070 3219 1138 ταύτης
3249 1072 3349 1141 τὴν
3376 1072 3545 1142 δια’ρε
3598 1092 3641 1125 μν
3671 1075 4016 1147 ὑπογράψαι,

2447 1158 2541 1211 καὶ
2576 1160 2702 1222 τοὺς
2741 1162 2799 1213 ἐν
2823 1162 2960 1231 αὐτῇ
3017 1162 3383 1230 τασσομένους
3421 1164 3685 1232 ἄρχοντάς
3713 1183 3773 1218 τε
3807 1170 3907 1221 καὶ
3936 1169 4025 1220 ἄλ.-

2447 1249 2569 1312 λους
2597 1252 2869 1320 ἡγεμόνας
2894 1270 3120 1322 μικρους
3151 1271 3209 1305 τε
3234 1254 3327 1306 καὶ
3360 1256 3627 1322 μεγάλους
3658 1260 4022 1326 καταστῆσαι,

2447 1343 2542 1395 καὶ
2584 1342 2679 1406 τὰς
2719 1344 2895 1395 αὐτῶν
2925 1345 3161 1413 δηλῶσαι
3211 1347 3525 1415 ὀνομασίας,
3558 1349 3634 1410 ὡς
3668 1352 3797 1421 περὶ
3849 1352 4023 1419 αὐτῆς

2448 1435 2511 1485 ἐκ
2532 1434 2639 1485 τῶν
2687 1434 2928 1485 παλαιῶν
2965 1436 3243 1487 τακτικῶν
3287 1436 3690 1508 παρελάῦομεν,
3752 1442 3844 1492 καὶ
3868 1441 3947 1504 ὡς
3973 1445 4022 1493 οἱ

2448 1524 2697 1592 νεώτεροι
2732 1526 2923 1595 μέχρις
2959 1526 3118 1593 ήμῶν
3146 1526 3244 1595 τὴν
3270 1528 3449 1581 αὐτῶν
3478 1531 3693 1597 ἔκταξιν
3714 1532 3805 1583 καὶ
3855 1534 4021 1586 κατά-

2450 1629 2637 1665 στασιν
2665 1615 2876 1681 παρεπέ
2887 1614 3113 1682 μψαντο.

2517 1702 2622 1767 νς’.
2648 1706 2709 1757 Οἱ
2731 1705 2829 1774 μὲν
2860 1705 2967 1775 γὰρ
2985 1706 3197 1775 ἀρχαῖοι
3225 1709 3358 1761 πολὺ
3391 1710 3594 1777 πλῆθος
3617 1711 3831 1780 ἔχοντες
3852 1729 4022 1783 στρα-

2447 1797 2732 1863 τευμάτων
2781 1798 2910 1850 ποτέ
2935 1800 3242 1869 λεγομένων
3297 1800 3553 1865 ὁπλιτῶν,
3587 1802 3682 1855 νῦν
3711 1804 3765 1856 δὲ
3788 1805 4019 1857 σκουτά-

2448 1905 2556 1941 των
2579 1890 2948 1958 καλουμένων,
2992 1894 3191 1961 μᾶλλον
3216 1895 3272 1947 δὲ
3310 1896 3403 1949 καὶ
3436 1896 3604 1949 αὑτοῦ
3630 1896 3724 1950 τοῦ
3758 1899 4023 1967 ὀνόματος

2451 1976 2539 2029 διὰ
2584 1976 2684 2046 τὴν
2731 1977 2873 2043 ἄγαν
2918 1981 3017 2047 τῆς
3071 1984 3338 2050 τακτικῆς
3371 1984 3600 2053 μελέτης
3631 1985 3726 2037 καὶ
3770 1987 4023 2053 πράξεως

2453 2070 2711 2138 ἀμέλειαν
2776 2070 2925 2139 παρὰ
2967 2073 3163 2141 μικρὸν
3193 2076 3343 2143 παρὰ
3389 2077 3606 2129 πάντων
3627 2078 4019 2145 ἀγνοουμένου.

2454 2160 2616 2213 Ταῦτ’
2673 2161 2764 2214 οὖν
2813 2162 2883 2215 τὰ
2941 2164 3195 2230 τάγματα
3244 2167 3351 2217 τῶν
3406 2168 3720 2221 σκουτάτων
3779 2168 3890 2220 άπὸ
3946 2186 4007 2232 ις

2454 2252 2624 2305 άκιῶν
2682 2254 2898 2306 ἐποίουν
2954 2255 3161 2322 ἀνδρῶν
3227 2255 3367 2319 σνς’,
3440 2259 3715 2311 τουτέστιν
3784 2260 4023 2325 ἐκάστην

2454 2341 2617 2393 ἀκίαν
2687 2343 2896 2411 ἀνδρῶν
2962 2343 3024 2407 ιζ’
3072 2344 3281 2413 (57-58)
3346 2346 3449 2399 ὑπὸ
3520 2348 3847 2419 τετραγώνῳ
3912 2350 4026 2418 ἀρι·

2457 2432 2622 2502 θμῷ⁶
2679 2434 2989 2504 εὑρίσκεται
3064 2436 3120 2488 δὲ
3181 2438 3410 2499 ἐκείνοις
3475 2440 3501 2507 ἡ
3560 2440 3773 2505 φάλαγξ
3843 2442 4026 2501 πεζιὶν

2458 2521 2665 2592 ἀνδρῶν
2701 2524 3148 2593 τετρακισχιλίων
3194 2526 3516 2595 ἐνενήκοντα
3556 2528 3637 2592 ἒξ,
3687 2530 3755 2598 ἣν
3795 2530 4027 2582 ἐκάλουν

2459 2612 2791 2682 στρατηγίαν
2811 2628 2824 2644 ·
2860 2614 2955 2668 καὶ
2994 2614 3087 2666 τὸν
3115 2615 3317 2685 ταύτης
3347 2617 3649 2686 ἡγούμενον
3675 2619 3792 2686 (59)
3832 2635 4024 2688 στρατ-

2461 2704 2615 2774 ηγόν.

2529 2794 2625 2859 νζ.
2651 2796 2761 2866 Τὴν
2788 2796 2845 2849 δέ
2872 2797 3083 2850 τελείαν
3128 2800 3435 2869 παράταξιν
3478 2802 3693 2855 ἐποίουν
3732 2804 4028 2872 ταγμάτων

2462 2884 2554 2949 ξδ’,
2585 2886 2757 2939 ἀκιῶν
2816 2887 3000 2956 χιλίων
3023 2887 3123 2952 κδ’,
3153 2890 3362 2961 ἀνδρῶν
3406 2893 3613 2963 μυρίων
3648 2894 4029 2963 ἑξακισχιλίων

2460 2976 2823 3044 τετρακοσίων
2875 2977 2985 3046 (40)
3042 2976 3146 3030 τπδ’·
3204 2980 3377 3047 ψιλῶν
3429 2981 3515 3044 δὲ,
3570 2983 3680 3034 τῶν
3718 2984 4028 3051 λεγομένων

2464 3066 2893 3135 σαγιττατόρων,
2927 3068 3021 3120 καὶ
3070 3069 3401 3122 ἀκοντιστῶν
3432 3110 3446 3135 ,
3492 3070 3586 3123 καὶ
3638 3072 4028 3140 σφενδονιστῶν

2462 3154 2667 3225 ἀνδρῶν
2715 3156 3135 3223 ὀκτακισχιλίων
3190 3160 3383 3211 ἑκατὸν
3422 3163 3746 3231 ἐνενήκοντα
3790 3163 3924 3227 δύο,
3971 3165 4028 3232 ἦ·

2460 3262 2591 3313 γουν
2641 3246 2897 3314 ἡμίσειαν
2926 3246 3032 3298 τῶν
3061 3246 3233 3315 ψιλῶν
3261 3246 3399 3301 εἶναι
3430 3252 3527 3321 τὴν
3557 3253 3709 3317 τάξιν
3734 3254 3843 3305 τῶν
3876 3255 4028 3321 λεγο-

2464 3336 2639 3403 μένων
2670 3334 2922 3401 ὁπλιτῶν,
2956 3337 3073 3405 ἦτοι
3121 3342 3449 3404 σκουτάτων,
3481 3342 3588 3395 τῶν
3619 3344 3677 3395 δὲ
3720 3346 3819 3398 σὺν
3848 3347 4029 3408 αὐτοῖς

2461 3426 2962 3497 παρατασσομένων
2995 3430 3225 3494 ἱππέων,
3251 3433 3369 3501 ἦτοι
3400 3434 3725 3502 συμμίκτων
3742 3437 3809 3504 τῇ
3833 3435 4025 3504 πεζικῇ

2461 3519 2611 3586 τάξει
2673 3519 2885 3587 ἀνδρῶν
2932 3519 3314 3589 καϐαλλαρίων
3369 3524 3821 3593 τετρακισχιλίων
3852 3527 4029 3594 ἐνενήο

2464 3628 2628 3664 κοντα
2659 3610 2739 3673 ἓξ.
2788 3610 2900 3663 Καὶ
2948 3611 3153 3664 τούτων
3201 3612 3505 3682 ἡγούμενος
3554 3614 3774 3683 ἐλέγετο
3837 3630 4030 3683 στρατ-

2462 3704 2615 3774 ηγόςο

2534 3802 2634 3864 νην.
2664 3797 2772 3850 Καὶ
2790 3796 2964 3850 ταῦτα
2990 3798 3086 3867 μὲν
3111 3793 3363 3864 ὲμέριζον
3386 3794 3577 3857 οὕτως.
3601 3796 3681 3847 Τά
3701 3794 3759 3848 δέ
3777 3795 4031 3865 τάγματα

2462 3887 2568 3940 τῶν
2600 3888 2909 3941 σκουτάτων
2936 3888 3245 3957 ἔμπροσθεν
3276 3887 3354 3948 είς
3377 3889 3660 3955 πρόμαχον
3693 3886 3850 3949 τάξιν
3898 3903 4031 3953 παρ-

2465 3978 2688 4031 έτασσον
2719 3980 2858 4033 κατὰ
2885 3980 2994 4032 τῶν
3022 3978 3302 4039 ἐναντίων,
3331 3978 3425 4031 καὶ
3453 3978 3655 4046 ταύτην
3691 3980 3772 4039 εἰς
3792 3978 4030 4046 τέσσαρα

2468 4070 2631 4139 μέρη,
2649 4071 2737 4124 ἴνα
2756 4071 2973 4123 ἐποίουν
2992 4070 3183 4134 δεξιὸν,
3198 4068 3508 4137 ἀριστερὸν,
3534 4071 3820 4140 ἀριστερὸν
3847 4071 4028 4139 μέσον,

2464 4158 2656 4223 δεξιόν.

2534 4250 2629 4302 v0'.
2664 4251 2742 4303 Τὰ
2767 4251 2824 4305 δέ
2851 4250 2959 4303 τῶν
3000 4251 3170 4318 ψιλῶν
3224 4251 3481 4319 τάγματα
3524 4251 3632 4302 ίδια
3675 4250 3762 4302 διὰ
3794 4251 3856 4303 τὸ
3908 4267 4032 4319 γορο

2463 4342 2594 4406 γοὺς
2639 4336 2777 4394 εἶναι
2825 4343 2920 4395 καὶ
2974 4343 3241 4413 ἐλαφροὺς
3282 4345 3656 4415 ῆέμπροσοεν
3682 4346 3763 4407 είς
3810 4345 4029 4397 ἐπιόίω-

2466 4430 2546 4494 ξιν
2571 4431 2679 4484 τῶν
2722 4432 2930 4502 ἐχθρῶν
2988 4434 3233 4497 ἔτασσον,
3264 4435 3295 4505 ἢ
3351 4437 3431 4497 εἰς
3466 4434 3691 4501 πλάγια,
3722 4434 3753 4503 ἢ
3789 4435 3885 4487 ἐπὶ
3938 4433 4029 4485 τοῦ

2468 4520 2638 4575 νώτου
2667 4525 2764 4590 τῆς
2792 4525 3014 4591 πρώτης
3048 4526 3423 4595 παρατάξεως,
3450 4527 3483 4595 ἢ
3516 4526 3590 4586 ὼς
3619 4525 3778 4594 χρεία
3810 4524 4027 4594 ἀπῄτει,

2472 4613 2601 4683 περὶ
2627 4606 2704 4666 ὧν
2736 4615 2792 4665 ἐν
2819 4614 2897 4682 τῷ
2916 4615 3207 4684 άρμόζοντι
3229 4617 3377 4685 τόπῳ
3404 4616 3513 4685 (41)
3535 4614 3785 4685 ἐροῦμεν.

2543 4790 2606 4855 ξ’.
2640 4790 2778 4852 Τοὺς
2810 4790 2868 4842 δέ
2897 4790 3293 4859 καὸαλλαρίους
3351 4792 3430 4853 είς
3457 4790 3550 4843 δύο
3603 4790 3743 4859 μέρη
3782 4788 4031 4860 διαχωρί-

2472 4881 2653 4945 ζοντες
2698 4880 2810 4949 (42)
2866 4882 3003 4933 κατά
3030 4883 3095 4933 τὰ
3124 4882 3325 4949 πλάγια
3376 4880 3476 4947 τῆς
3512 4881 3619 4933 τῶν
3650 4880 3831 4944 πεζῶν
3859 4898 4033 4949 παρα-

2470 4970 2676 5033 τάξεως
2728 4970 2948 5023 ἔταττον
3007 4970 3232 5039 βοηθοὺς
3295 4974 3385 5024 καὶ
3407 4972 3571 5037 ὀξέως
3626 4970 4031 5041 ἐπιτιθεμένους

2470 5062 2581 5120 τοῖς
2604 5059 2883 5122 ἐναντίοις.

2478 5135 2489 5161 ³
2541 5148 2639 5213 ξα’.
2670 5151 2788 5202 ’Ίνα
2843 5150 2934 5203 οὗν
2981 5150 3055 5221 μὴ
3086 5150 3207 5203 καθ’
3232 5151 3461 5206 ἕκαστον
3512 5153 3686 5221 λέγων
3731 5156 3829 5207 ἐπὶ
3856 5154 4031 5221 λεπτῷ

2470 5240 2581 5293 τῶν
2609 5257 2668 5294 τε
2701 5241 2873 5311 λόχων
2915 5244 3007 5294 καὶ
3035 5243 3142 5295 τῶν
3171 5245 3378 5311 τάξεων
3404 5248 3497 5299 καὶ
3520 5246 3627 5297 τῶν
3657 5247 4029 5317 ἐφισταμένων

2331 5394 2537 5453 NOTAE

877 5530 988 5599 (35)
1020 5528 1153 5599 ilva
1175 5522 1426 5599 πρῶτος.
1465 5522 1805 5599 ὃρτίιιολένα
1850 5538 1910 5573 π.

879 5586 991 5667 (56)
1019 5595 1154 5651 Cod.
1188 5586 1351 5647 [αυτ.
1378 5594 1465 5646 ἶνα
1487 5586 1588 5645 ὦσι
1614 5591 1823 5660 εὔδηλοι
1856 5593 1949 5643 καὶ
1965 5587 2196 5660 φανεραὶ
2251 5589 2365 5650 τοῖς

812 5667 1090 5801 {ﬂigi-58)
1158 5731 1418 5801 Ἀνδρῶν
1451 5731 1532 5791 ιζ’.
1559 5729 1851 5801 δετῶε,ά.
1890 5735 1982 5792 ις’.
2047 5797 2057 5801 Α
2105 5796 2130 5801 Α
2161 5718 2178 5753 ί

880 5796 987 5874 (59)
1023 5796 1154 5859 God.
1188 5796 1351 5857 Lau't'.
1376 5802 1469 5856 καὶ
1493 5802 1583 5853 τὸν
1608 5800 1965 5869 ἐφιστάμενον
2000 5796 2187 5865 αὐτῆς.

2565 5522 2655 5591 40)
2690 5519 3108 5588 Τετρακοσίων.
3145 5521 3203 5573 ln
3240 5519 3407 5575 Cbeci
3439 5518 3629 5575 codice
3651 5518 3869 5574 videtur
3905 5517 4033 5573 fuis-

2474 5606 2553 5657 se,
2586 5592 2936 5659 τριακοσίων.

2546 5658 2659 5730 (ﬂ)
2690 5659 2825 5730 god.
2849 5660 3022 5730 Laur.
3049 5660 3199 5730 κατά
3229 5658 3431 5729 χώραν.

2547 5728 2656 5801 (42)
2682 5728 2816 5789 Cod.
2845 5729 3010 5784 Laur.
3040 5728 3323 5785 διελόντες.
