4176 6446
128 413 239 473 713

1223 412 1555 473 TACTICA.
1591 438 1660 448 —
1698 412 2207 474 CONSTITUTIO
2254 415 2352 474 IV.

3290 409 3399 479 ’114

125 522 317 583 αὐτοῖς
351 518 473 572 τότε
516 518 793 588 ἀρχόντων
826 518 1123 587 ὀνομασίας
1165 520 1258 574 διὰ
1292 521 1394 591 τὴν
1415 522 1511 575 νῦν
1541 524 1724 577 αὐτῶν

1832 525 1881 578 id
1903 534 2005 589 est,
2030 525 2299 586 acierum,
2336 532 2391 578 et
2416 536 2596 578 cerui:
2639 524 2735 593 qui
2766 525 2831 579 iis
2863 531 3109 593 pt'a‘sunt
3154 527 3401 591 nomina,

128 609 473 678 ἀχρηστίαν,
540 611 633 689 καὶ
690 611 843 677 παρᾶ
912 612 1045 663 πᾶσι
1098 613 1213 674 τοῖς
1265 613 1721 683 στρατευομένοις

142 702 341 771 σχεδόν
364 718 468 753 που
489 700 669 751 αὐτῶν
688 700 962 769 ἀσάφειαν
981 702 1073 754 καὶ
1094 703 1497 771 ἀκαταληψίαν,
1521 706 1618 758 καὶ
1636 705 1722 758 ἵνα

131 794 207 860 μὴ
239 790 487 859 ἀκαίρως
516 789 848 859 δαπανῶμεν
895 791 987 845 τὸν
1033 793 1249 861 καιρὸν,
1287 793 1397 850 τῶν
1430 796 1724 863 ἀναγκαιο-

126 882 310 948 τέρων
336 881 412 943 ὼς
454 882 802 951 σαφεστέρων
855 883 953 935 καὶ
1006 884 1433 955 συντομωτέρων
1463 887 1723 958 ἐπιλήψο-

130 989 249 1040 μενν
279 974 495 1026 Ὶ-Ῑκεῖνα
515 973 614 1042 μὲν
630 974 762 1044 γάρ,
780 974 857 1039 ὡς
872 974 1039 1040 ἔοικε,
1058 976 1127 1029 τά
1137 992 1195 1027 τε
1213 977 1325 1030 τῶν
1339 978 1724 1049 καϐαλλαρίων

128 1064 482 1133 διατάγματα
502 1066 599 1118 καὶ
625 1064 692 1118 τά
722 1066 831 1119 τῶν
849 1064 1049 1130 πεζῶν,
1072 1066 1311 1136 πλήθους
1332 1063 1400 1137 ἦν
1428 1070 1715 1138 στρατιᾶς.

125 1154 274 1208 ὥστε
336 1157 433 1208 καὶ
481 1156 771 1219 τοσούτους
802 1158 897 1211 καὶ
929 1158 1208 1225 γενναίους
1257 1160 1400 1213 κατὰ
1462 1159 1715 1229 ἀνδρείαν

128 1248 487 1319 εὑρίσκεσθαι
520 1249 879 1319 στρατιώτας.

202 1427 308 1493 εἷθ’.
334 1427 447 1479 Νῦν
470 1427 549 1489 δὲ.
582 1421 628 1482 ὦ
654 1428 950 1499 στρατηγὲ,
1003 1430 1205 1499 ὀλίγων
1234 1430 1350 1500 (45)
1382 1431 1576 1496 ὄντων,
1626 1436 1722 1486 καὶ

136 1521 275 1587 μηδὲ
337 1522 450 1573 ἴσον
504 1522 739 1589 ἐχόντων
763 1522 827 1573 τὸ
868 1523 1089 1593 μέτρον,
1120 1522 1326 1592 μᾶλλον
1372 1524 1430 1577 δὲ
1462 1525 1557 1579 καὶ
1587 1526 1723 1579 πολὺ

132 1610 381 1673 ἔλαττον,
414 1612 518 1664 οὐκ
560 1613 716 1663 ἐστιν’
751 1611 972 1665 εὔκολον
1005 1613 1155 1681 (44),
1202 1614 1383 1683 ὁρίσαι
1420 1615 1481 1667 τὸ
1522 1615 1724 1686 μέτρον

130 1702 226 1753 τοῦ
280 1703 583 1769 τάγματος,
624 1702 747 1756 οὔτε
781 1705 839 1756 ὲν
889 1708 1004 1767 τοῖς
1041 1704 1451 1777 κασαλλαρίοις,
1512 1706 1635 1759 οὔτε
1665 1708 1723 1758 εν

132 1794 343 1855 πεζοῖς,
373 1792 461 1846 ῖνα
490 1792 588 1862 μὴ,
620 1792 695 1855 ὡς
726 1794 896 1857 εἰκὸς,
922 1795 955 1864 ἦ
983 1794 1401 1864 περισσεύοντες
1426 1796 1521 1850 τοῦ
1550 1797 1720 1850 ποσοῦ

132 1884 240 1935 τῶν
307 1891 427 1948 σνς’
464 1884 677 1953 ἀνδρῶν
715 1885 1031 1955 άρχήσωσιν
1094 1886 1231 1952 (45).
1296 1887 1328 1957 ἦ
1372 1888 1558 1951 πάλιν,
1616 1888 1718 1941 ἐὰν
1756 1880 1794 1937 Β

132 1976 386 2045 ἀκαίρως
438 1976 618 2038 ἄλλοις
646 1978 925 2046 τάγμασιν
960 1976 1359 2050 προστεθιῦσιν,
1388 1977 1465 2041 ὡς
1505 1979 1726 2033 ἄτακτοι

138 2066 444 2132 ἀνωφελεῖς
474 2066 790 2135 εὑρεθῶσιν.

202 2157 312 2225 ἔτ’.
356 2158 517 2210 Ἀλλά
568 2161 639 2211 τὰ
680 2159 778 2228 μὲν
832 2159 1093 2230 τάγματα
1152 2163 1329 2213 ποιεῖν
1381 2160 1461 2224 είς
1499 2160 1727 2215 ἕκαστον

132 2249 373 2319 ἀριθμὸν
416 2248 492 2311 ὡς
542 2249 848 2319 ἀπαντήσει
900 2252 933 2317 ή
965 2251 1062 2303 τοῦ
1125 2250 1368 2321 πλήθους
1424 2252 1584 2321 χρεία
1631 2253 1727 2304 καὶ

132 2342 194 2393 τὸ
220 2340 398 2393 ποσὸν
435 2340 545 2394 τῶν
572 2342 889 2410 προσόντων
923 2340 1158 2412 ἀνδρῶν,
1192 2342 1335 2395 κατὰ
1371 2342 1473 2411 τὴν
1499 2342 1729 2411 δύναμιν

135 2432 227 2486 τοῦ
259 2433 411 2486 κατὰ
440 2433 530 2486 τὸν
565 2433 755 2502 καιρὸν
783 2433 1176 2504 εὑρισκομένου
1214 2434 1365 2487 λαοῦ.
1396 2436 1507 2487 Καὶ
1537 2433 1730 2503 βάνδον

134 2525 280 2593 ἔχειν
306 2524 442 2575 ῖδιον
470 2523 701 2575 ἕκαστον
730 2523 911 2575 αὐτῶν
954 2524 1048 2577 καὶ
1076 2525 1312 2595 ἄρχοντα
1339 2524 1459 2593 ’ήτοι
1512 2524 1728 2595 κόμητα

137 2620 391 2685 γενναῖον
429 2617 523 2669 καὶ
552 2616 817 2686 φρόνιμον
876 2618 972 2670 καὶ
998 2616 1243 2686 ἀνδρεῖον
1278 2619 1373 2669 καὶ
1399 2616 1541 2671 κατὰ
1569 2619 1727 2686 χείρα

142 2706 419 2777 μάχεσθαι
450 2707 773 2775 δυνάμενον.

208 2799 304 2863 ξδ’.
363 2801 475 2863 Τὰς
538 2801 722 2870 μέντοι
784 2801 949 2863 άκίας
1008 2800 1242 2854 ἑκάστου
1301 2800 1580 2868 τάγματος
1619 2800 1730 2852 τῶν

143 2890 327 2955 πεζῶν
396 2891 845 2961 παραφυλάττειν
901 2893 1009 2946 άπὸ
1069 2890 1143 2957 ις’
1204 2892 1414 2963 ἀνδρῶν
1460 2890 1731 2961 ὀρδινεύε-

145 2983 270 3036 σθαι
328 2984 413 3045 εἰς
470 2982 567 3034 τὸν
620 2983 722 3052 τῆς
778 2983 960 3053 μάχης
1019 2984 1287 3053 κάματον,
1346 2982 1447 3051 τὴν
1506 2981 1564 3033 δὲ
1621 2999 1727 3034 πα-

148 3073 372 3143 ράταξιν
427 3072 647 3141 πρδςτδ
678 3072 843 3145 μέρος
902 3074 998 3128 τοῦ
1043 3072 1439 3144 εὑρισκομένου
1479 3072 1715 3142 στρατοῦ

144 3168 346 3219 ⁸ποιεῖν.

210 3255 304 3320 ξε’.
340 3256 560 3327 Ταύτην
606 3258 773 3322 aut;
822 3258 1065 3327 τέσσαρα
1125 3256 1217 3309 ῐσα
1268 3256 1411 3325 μέρη
1466 3254 1722 3324 διαχωρίο
1751 3223 1795 3281 c

146 3349 259 3411 ζειν
295 3348 358 3415 ιε
390 3349 533 3403 ὅσων
572 3350 864 3421 ἀπαντήσῃ
919 3347 1216 3418 ταγμάτων
1272 3348 1367 3399 καὶ
1420 3346 1617 3408 άκιῶν,
1643 3346 1722 3408 ὡς

145 3438 364 3508 εἴρηταί
406 3457 497 3509 μοι
534 3440 631 3495 καὶ
683 3440 913 3503 ἄνωθεν,
966 3440 1245 3493 τουτέστιν
1306 3441 1387 3501 εἰς
1439 3436 1632 3502 δεξιον,
1660 3430 1724 3490 οὗ

145 3531 307 3600 ἄρχει
330 3532 545 3597 satis;
570 3533 871 3603 μεράρχης.
890 3533 1010 3602 ἢτοι
1026 3530 1421 3601 στρατηλάτης.
1438 3529 1500 3581 δν
1524 3544 1725 3599 τουρμ-

145 3620 324 3690 άρχην
373 3621 677 3691 καλοῦμεν,
712 3625 795 3684 είς
830 3621 1120 3692 ἀριστερὸν
1151 3612 1214 3673 οὗ
1262 3620 1420 3691 ἄρχει
1452 3622 1482 3673 ὀ
1521 3620 1721 3673 εὐώνυ-

1829 620 2115 681 propterea
2148 612 2296 682 quod
2324 627 2391 665 ex
2424 626 2526 665 usu
2559 612 2783 666 militari
2804 613 2918 679 jam
2950 622 3329 675 excesserunt,
3350 625 3406 669 et

1827 702 1957 770 quia
1987 702 2193 757 incerta
2226 710 2391 773 atque
2419 701 2993 769 incomprehensibilia
3034 703 3295 757 omnibus
3324 703 3405 757 vi.

1827 793 1906 848 ris
1926 793 2257 848 militaribus
2278 803 2428 856 sunt,
2450 802 2504 847 et
2533 803 2593 847 ut
2621 808 2688 847 ne
2712 800 2927 861 tempus
2952 793 3185 849 inaniter
3209 784 3409 849 consu-

1832 901 2071 949 mantus,
2101 887 2603 952 praetermittamus,
2631 894 2686 939 et
2721 886 2837 938 haec
2864 899 2986 952 qua!
3009 886 3180 956 magis
3213 902 3407 942 neces-

1827 976 1974 1032 saria
2007 976 2077 1030 ad
2110 991 2269 1030 usum
2302 984 2449 1039 sunt,
2484 985 2540 1029 et
2574 977 2640 1029 ad
2671 974 3114 1043 cognoscendum
3145 975 3404 1037 certiora,

1825 1078 1880 1124 et
1927 1069 2103 1137 magis
2151 1067 2580 1136 compendiaria,
2628 1080 2951 1136 persequar.
3002 1064 3112 1118 Illa:
3148 1066 3293 1119 enim
3346 1075 3405 1118 ιιι

1833 1162 2050 1215 videtur
2081 1160 2324 1229 equitum
2359 1159 2507 1211 acies
2546 1166 2712 1226 atque
2758 1158 3027 1227 peditum,
3062 1170 3163 1225 pro
3196 1156 3408 1210 ratione

1826 1252 2195 1306 multitudinis
2225 1252 2457 1305 militum
2500 1249 2736 1313 fuerant,
2798 1264 2924 1302 cum
2978 1257 3059 1303 tot
3091 1247 3304 1303 strenui
3344 1262 3409 1300 ac

1828 1343 1997 1396 fortes
2031 1343 2409 1396 invenirentur
2442 1341 2668 1395 milites.

1896 1432 1984 1487 62.
2021 1432 2176 1487 Nunc
2200 1446 2347 1496 vero,
2379 1432 2698 1499 imperator,
2734 1443 2859 1482 cum
2885 1426 3061 1481 multo
3104 1426 3395 1496 pauciores

1825 1526 1936 1581 sint
1974 1528 2176 1580 milites
2203 1527 2256 1579 in
2300 1526 2545 1579 exercitu
2579 1537 2745 1592 quam
2782 1521 2912 1575 olim
2952 1520 3190 1581 ftterant,
3220 1531 3275 1573 et
3299 1534 3407 1572 non

1828 1622 1989 1675 modo
2019 1636 2127 1675 non
2157 1621 2444 1680 aequalem.
2479 1617 2573 1671 sed
2605 1617 2769 1671 etiam
2806 1615 2968 1683 longe
3004 1614 3272 1667 minorem
3307 1612 3374 1664 ha
3403 1642 3406 1645 η

1825 1711 1987 1764 beant
2015 1722 2324 1769 numerum,
2348 1705 2567 1759 dillicile
2604 1715 2687 1758 est
2724 1704 2952 1756 delinire
2984 1716 3275 1755 numerum
3312 1714 3407 1753 co-

1826 1803 1999 1856 hortis
2027 1810 2139 1854 tum
2170 1800 2461 1869 equestris,
2492 1808 2608 1850 tum
2635 1795 2926 1864 pedestris,
2966 1810 3035 1845 ne
3068 1793 3112 1846 si
3140 1792 3408 1846 excedant

1828 1909 2117 1949 numerum
2156 1893 2516 1947 ducentorum
2553 1888 2949 1957 quinquaginta
2997 1900 3091 1939 sex
3132 1886 3405 1947 virernm.

1829 1986 1992 2041 otiosi
2028 1986 2173 2043 sint.
2212 1984 2293 2037 vel
2330 1998 2521 2036 rursus
2552 1981 2595 2032 si
2645 1983 2709 2031 ad
2750 1978 2887 2033 alias
2915 1978 3169 2032 cohortes
3214 1977 3409 2044 adjun-

1831 2085 2050 2146 gantnr.
2099 2076 2256 2143 quasi
2294 2071 2581 2126 inordinati
2618 2071 2820 2124 milites
2872 2068 3090 2121 inutiles
3119 2066 3407 2121 exsistant.

1899 2166 1986 2220 63.
2018 2166 2273 2219 Cohortis
2314 2174 2420 2217 tute
2448 2176 2730 2215 numerum
2763 2160 2935 2213 facias
2961 2172 3059 2227 pro
3089 2158 3403 2211 multitttdi—

1831 2256 1918 2310 nis
1938 2265 2043 2309 tute
2062 2255 2289 2315 ratione,
2303 2264 2357 2306 et
2374 2250 2776 2305 multitudinem
2795 2248 3040 2301 virorum
3064 2249 3408 2315 prmsentimn

1830 2364 1930 2417 pro
1949 2349 2145 2401 virtute
2171 2356 2227 2402 et
2244 2345 2561 2401 fortitudine
2587 2344 2821 2397 militum
2847 2351 3064 2396 tuorum
3117 2343 3408 2397 collocato.

1832 2439 2274 2509 Unumquodque
2317 2448 2497 2491 autem
2550 2436 2824 2499 bandnm,
2854 2436 2970 2489 sive
3014 2436 3237 2498 cohors,
3269 2450 3397 2504 prm-

1830 2532 2030 2587 fectum
2053 2546 2213 2585 suum
2237 2530 2489 2583 comitem
2509 2527 2707 2581 habeat
2726 2535 3012 2579 strenuum
3026 2565 3040 2585 ,
3062 2526 3407 2592 prudentem,

1830 2624 2022 2677 fortem
2075 2633 2131 2676 et
2166 2621 2419 2675 manibus
2449 2618 2717 2675 consertis
2747 2617 2813 2671 ad
2840 2614 3213 2685 proeliandum
3248 2616 3408 2669 habi-

1831 2716 1878 2768 le
1886 2730 1935 2766 tn
1945 2751 1959 2765 .

1898 2806 1988 2860 64.
2022 2805 2397 2862 Contubernia
2431 2820 2562 2860 vero
2597 2806 2807 2875 singula
2842 2803 3086 2875 peditum
3115 2801 3409 2872 diligenter

1829 2898 2121 2952 observare
2160 2905 2399 2965 Oportet,
2434 2906 2493 2949 nt
2521 2911 2586 2950 ex
2639 2896 2873 2951 sedecim
2916 2893 3231 2949 hominibus
3280 2891 3413 2944 tiait

1829 2992 1895 3043 a.l
1940 2990 2156 3043 labores
2193 2988 2366 3057 prmlii
2411 2986 2793 3057 suscipiendos
2831 2986 3070 3040 idoneis.
3103 2983 3405 3037 Nnmerum

1828 3086 2011 3129 autem
2059 3076 2196 3129 aciei
2236 3090 2334 3144 pro
2386 3077 2596 3130 ratione
2624 3074 2902 3129 exercitus
2942 3081 2996 3127 et
3044 3069 3409 3125 multitudinis

1833 3168 1909 3220 tui
1942 3166 2136 3221 facias.

1888 3257 1978 3312 65.
2011 3256 2162 3313 lianc
2196 3272 2327 3311 vero
2352 3256 2527 3311 aciem
2550 3271 2611 3309 ex
2645 3266 2997 3326 quotcunque
3026 3252 3189 3308 fuerit
3217 3250 3407 3305 cohor-

1832 3349 1976 3403 tibus
2005 3359 2060 3403 et
2080 3349 2474 3414 contuberniis,
2502 3348 2553 3401 in
2584 3357 2821 3418 quatuor
2877 3348 2961 3416 (ut
2995 3360 3161 3413 supra
3205 3344 3411 3396 dictum

1830 3439 1935 3506 est)
1974 3447 2183 3492 turmas
2224 3438 2405 3491 divide
2439 3452 2456 3490 :
2498 3439 2550 3491 in
2580 3438 2852 3500 dextram,
2879 3436 2969 3489 cui
2996 3442 3195 3503 praeest
3224 3432 3414 3486 dexter

1832 3530 2179 3595 turmarcha;
2210 3531 2262 3583 in
2289 3530 2498 3595 laevam,
2533 3529 2621 3582 cui
2658 3528 2825 3582 laevus
2856 3525 3165 3580 turmarcha
3199 3541 3212 3577 :
3244 3531 3299 3576 et
3360 3523 3411 3574 in

1829 3622 1967 3675 duas
1990 3622 2197 3675 medias
2225 3631 2455 3685 turmas,
2488 3622 2540 3673 in
2567 3622 2768 3689 quibus
2795 3620 2901 3671 erit
2929 3615 3276 3687 imperatoris
3314 3628 3411 3667 eo-

150 3729 251 3782 μος
312 3715 689 3785 τουρμάρχης,
724 3714 820 3767 καὶ
864 3715 945 3777 είς
977 3714 1047 3766 τά
1078 3714 1243 3783 ἔτερα
1272 3713 1361 3764 δύο
1404 3714 1535 3766 ηιέσα
1572 3714 1715 3784 μέρη

1832 3714 1955 3770 hors
1982 3716 2095 3769 sive
2123 3715 2382 3769 bandnm.

146 3802 370 3871 ὁμοίως,
398 3805 457 3855 εν
481 3797 563 3865 οἷς
594 3803 809 3857 ἵσταται
826 3804 923 3856 καὶ
949 3803 1013 3856 τὸ
1029 3801 1125 3856 τοῦ
1154 3802 1464 3873 στρατηγοῦ
1489 3802 1697 3872 βάνδον.

218 3892 330 3957 Eg".
359 3892 491 3946 Δέον
517 3892 576 3946 δέ
626 3894 775 3946 ἐστιν
808 3895 873 3946 ἑκ
911 3890 1177 3963 περισσοῦ
1238 3891 1339 3959 τῆς
1370 3889 1732 3960 παρατάξεως

150 3983 446 4053 φυλάττειν
496 3983 713 4051 ὀλίγους
766 3985 862 4038 καὶ
909 3983 1241 4043 σχουτάτους
1302 3983 1398 4036 καὶ
1449 3981 1638 4050 ψιλοὺς
1669 3982 1732 4033 ὲν

152 4074 510 4145 ὑποϐοηθείᾳ,
539 4077 635 4129 καὶ
688 4074 927 4144 ἄρχοντα
976 4074 1123 4143 ἔχειν
1184 4074 1314 4126 ῐδιον
1345 4072 1379 4135 ἢ
1414 4075 1569 4141 παρὰ
1630 4072 1727 4126 σοῦ

149 4169 276 4221 τότε
334 4166 757 4236 καθιστάμενον.
813 4167 904 4220 ῖνα
964 4164 1062 4218 εὰν
1143 4164 1303 4234 χρεία
1368 4164 1594 4234 γένηται
1651 4167 1731 4227 εἰς

150 4259 220 4310 τά
274 4259 421 4328 άκρα
471 4259 573 4328 τῆς
622 4257 983 4327 παρατάξεως
1042 4255 1239 4320 ἔξωθεν
1300 4255 1407 4307 τῶν
1466 4254 1739 4309 καϐαλλα-

153 4352 307 4422 piunt,
342 4352 375 4421 ή
408 4354 486 4415 εἰς
544 4353 642 4415 τὰς
713 4350 950 4422 ἀμάξας,
1007 4350 1041 4420 ἢ
1099 4351 1180 4412 είς
1241 4348 1462 4418 ἑτέρους
1517 4348 1736 4411 τόπους,

156 4443 296 4511 μετὰ
330 4441 440 4494 τῶν
472 4442 619 4495 ίδίων
640 4442 821 4496 αὐτῶν
870 4441 1148 4512 ἀρχόντων
1180 4438 1565 4508 συντρέχοντες
1609 4438 1740 4508 βοη-

154 4532 348 4585 θῶσιν.

225 4623 326 4689 ξζν.
369 4623 490 4696 Χρή
518 4624 575 4677 δὲ
626 4624 723 4677 ἰὰν
770 4622 1097 4694 ὁλιγὼτερος
1155 4624 1377 4694 ὑπάρχῃ
1429 4623 1459 4676 ὁ
1500 4624 1735 4694 στρατὸς

1912 3890 2001 3945 66.
2036 3890 2241 3945 Prteter
2284 3888 2549 3954 integram
2598 3886 2738 3938 hanc
2786 3885 2958 3939 aciem
2997 3889 3211 3950 oportet
3249 3880 3413 3935 etiam

1837 3994 2040 4051 paucos
2065 3978 2331 4049 quosdam
2360 3978 2559 4031 habere
2579 3986 2821 4031 seutatos
2850 3985 2905 4029 et
2933 3974 3122 4027 velites
3143 3973 3197 4025 in
3229 3972 3407 4026 subsi-

1834 4071 1962 4132 diis,
1989 4070 2082 4138 qui
2115 4069 2313 4123 ducem
2357 4082 2518 4121 suum
2557 4068 2887 4134 peculiarem
2922 4066 3177 4127 habeant,
3206 4062 3307 4117 abs
3346 4073 3397 4116 te

1835 4161 2000 4214 etiam
2023 4161 2389 4228 designatum,
2421 4164 2482 4210 ut
2511 4156 2557 4209 si
2598 4156 2819 4225 quando
2842 4168 2981 4222 opus
3011 4152 3191 4215 fuerit,
3227 4152 3279 4204 in
3312 4166 3409 4203 ex-

1837 4252 2025 4306 tremis
2040 4253 2151 4305 oris
2169 4253 2443 4303 instructa:
2458 4248 2593 4303 aciei
2615 4256 2768 4301 extra
2790 4247 3002 4313 equites
3027 4246 3157 4307 sint,
3175 4244 3258 4297 vel
3279 4243 3418 4296 inter

1838 4360 2045 4403 carros,
2075 4353 2169 4396 aut
2200 4342 2324 4397 aliis
2355 4342 2410 4395 in
2462 4340 2600 4396 locis
2632 4353 2758 4394 cum
2790 4337 3023 4392 ducibus
3062 4344 3411 4391 excurrentvs

1841 4451 1999 4505 opem
2025 4437 2218 4489 ferant.

1915 4609 2251 4678 67.0portet
2276 4616 2484 4669 autem,
2505 4607 2549 4661 si
2572 4607 2751 4661 minor
2772 4619 3034 4661 numerus
3057 4606 3245 4675 viginti
3281 4622 3418 4675 qua-

155 4683 525 4784 κδ’-χιλιάδων
577 4714 781 4783 πεζῶν,
813 4683 889 4787 μή
917 4683 1094 4767 ποιεῖν
1147 4683 1396 4786 τέσσαρα
1451 4683 1592 4785 μὲρη
1638 4683 1731 4785 τὴν

1844 4713 1967 4760 ιιιοι·
1997 4704 2238 4757 millibus
2266 4700 2511 4772 peditum
2542 4702 2632 4763 sit,
2664 4701 2979 4755 universam
3021 4700 3194 4754 aciem
3227 4701 3280 4754 in
3307 4710 3417 4755 tres

156 4807 488 4877 παράταξιν,
556 4807 693 4862 άλλά
717 4810 868 4878 τρία,
893 4808 952 4860 ιν
980 4804 1061 4877 τῷ
1088 4807 1240 4877 μέσῳ
1268 4806 1329 4860 δὲ
1361 4807 1515 4877 μέρει
1541 4807 1738 4859 τάσσε-

157 4898 366 4952 σθαιτδ
388 4898 481 4951 τοῦ
515 4898 821 4969 στρατηγοῦ
862 4897 1074 4968 βάνδον,
1130 4892 1284 4967 ᾧτινι
1322 4899 1418 4952 καὶ
1453 4897 1738 4951 πείθεσθαι

154 4989 224 5041 τά
262 4988 425 5041 λοιπά
454 4988 621 5057 βάνδα
646 4989 977 5058 ὀφείλουσιν.

226 5077 336 5150 εηύ
363 5079 637 5150 Πρότερον
661 5079 719 5133 δι
755 5080 1015 5151 χωρίσεις
1038 5082 1118 5144 είς
1145 5081 1355 5149 ψιλοὺς,
1379 5080 1503 5142 τοὺς
1534 5077 1741 5142 εἰδότας

154 5169 430 5237 τοξεῦσαι,
460 5171 495 5240 ή
545 5171 641 5224 καὶ
688 5172 881 5242 μαθεῖν
920 5172 1257 5242 δυναμένους
1284 5212 1300 5237 ,
1352 5171 1586 5243 γοργοὺς
1643 5173 1739 5224 xui

155 5263 480 5332 νεωτέρως,
534 5264 753 5328 ἱκανοὺς
810 5264 993 5337 πηδᾷν
1016 5267 1151 5320 ὅπου
1184 5265 1487 5334 βούλονται,
1518 5264 1615 5317 ὲάν
1641 5264 1741 5334 μὲν

156 5355 299 5424 ὑπὲρ
354 5355 457 5417 τὰς
483 5352 561 5407 κδ’
590 5354 836 5425 χιλιάδας
882 5358 1013 5422 εἰσὶ,
1054 5357 1117 5411 τὸ
1159 5358 1333 5428 ήμισυ
1372 5356 1558 5427 μέρος,
1607 5356 1655 5408 εί
1683 5354 1741 5409 δὲ

158 5441 472 5515 ὀλιγώτεροι
493 5444 602 5498 τῶν
633 5443 710 5498 κδ’
739 5444 995 5516 χιλιάδων
1027 5446 1156 5510 eici,
1179 5446 1241 5501 τὸ
1278 5446 1461 5515 τρίτον
1492 5445 1656 5514 μέρος
1682 5445 1739 5498 ὲν

161 5534 380 5605 ἑκάστῳ
424 5534 666 5607 άριθμῷ.
697 5536 808 5590 Καὶ
852 5536 977 5591 τότε
1004 5536 1381 5608 ὀρδινευθῆναι
1409 5536 1627 5602 αὐτοὺς,
1659 5534 1736 5598 ὥς

1846 4792 2024 4848 solum
2070 4801 2281 4847 turmas
2322 4789 2593 4854 dividere,
2650 4800 2705 4844 et
2754 4792 2809 4845 in
2849 4791 3023 4844 media
3075 4790 3417 4858 imperatoris

1846 4886 2081 4940 bandnm
2116 4886 2232 4938 sive
2269 4883 2552 4937 cohortem
2593 4882 2855 4937 collocari
2882 4892 3135 4951 oportet,
3188 4884 3275 4936 cui
3312 4899 3391 4949 ea:

1846 4988 1959 5033 tera
1993 4978 2166 5032 banda
2190 4979 2469 5033 obetliant.

1910 5071 1997 5126 68.
2032 5069 2189 5124 l’rius
2228 5078 2410 5125 autem
2450 5066 2669 5122 divides
2707 5066 2898 5120 velites
2936 5066 2989 5119 in
3035 5066 3305 5129 homines,
3336 5067 3417 5120 vel

1844 5163 2129 5232 sagittandi
2182 5165 2401 5232 peritos,
2433 5161 2517 5215 vel
2565 5170 2711 5215 certe
2740 5159 2949 5213 habiles
2983 5159 3049 5212 ad
3072 5160 3416 5221 discendum,

1846 5254 1891 5309 si
1939 5253 2031 5322 qui
2083 5264 2265 5307 truces
2300 5258 2526 5320 aspectu
2586 5259 2641 5303 et
2676 5248 2925 5317 juniores
2963 5245 3188 5311 fuerint,
3224 5255 3279 5302 et
3324 5250 3419 5317 qui

1848 5360 1944 5414 per
1965 5344 2145 5397 omnia
2170 5342 2419 5408 loca,ubi
2455 5341 2644 5401 velint.
2678 5341 2877 5394 saltare
2915 5341 3154 5408 possint.
3193 5339 3250 5393 Si
3273 5340 3420 5393 enim

1847 5450 2013 5504 supra
2036 5433 2222 5503 viginti
2258 5441 2496 5503 quatuor
2521 5432 2687 5487 millia
2717 5429 2942 5494 iuerint,
2972 5430 3255 5484 dimidiam
3293 5430 3413 5482 illo-

1846 5543 1965 5581 rum
1992 5536 2197 5595 partem
2236 5526 2406 5594 eliges
2439 5541 2451 5576 :
2487 5523 2572 5578 sin
2601 5522 2887 5591 pauciores
2934 5519 3156 5581 fuerint,
3198 5517 3419 5574 tertiam

1695 5645 1923 5705 NOTA'I.

539 5741 705 5816 μων.
736 5744 1137 5816 εύαριθμήτων.

234 5811 349 5881 (44)
370 5811 507 5868 Cod.
538 5811 705 5869 Laur.
740 5811 981 5885 εὐχερές.

1917 5737 2029 5805 (i5)
2064 5734 2473 5805 Ἀρχήσωσιν.
2511 5730 2723 5797 Scribe,
2755 5729 3096 5799 ἀργήσωσιν.
