4176 6446
780 382 887 449 715

2034 392 2307 452 LEONIS
2346 394 2471 453 PHI
2486 394 2799 457 LOSOPIII

3910 394 4022 458 716

784 503 1216 571 uniuscujusque
1251 501 1460 555 numeri
1496 513 1702 572 partem
1747 518 2014 568 assumes,
2048 514 2103 559 et
2139 507 2260 561 illus
2296 508 2334 561 it

2456 529 2558 563 που
2588 515 2682 564 καὶ
2700 513 2955 581 ἀνωτέρω
2980 512 3224 579 εἴπομεν,
3242 510 3327 577 εἰς
3345 509 3659 580 δεκαρχίας,
3682 509 3776 562 καὶ
3795 511 4026 578 ἐπιστῆ-

781 594 1033 650 decurias
1065 596 1181 647 sive
1214 595 1590 658 contubernia,
1628 606 1687 649 ut
1727 610 1853 650 ante
1883 598 2081 650 dictum
2118 609 2221 655 est.
2259 601 2343 653 di»

780 687 951 751 vides,
995 686 1206 753 illisque
1239 684 1474 739 decanos
1507 688 1676 741 bonos
1709 696 1873 756 atque
1911 688 2133 743 idoneos
2169 694 2346 758 praeti-

780 781 912 842 cies,
962 793 1237 847 unumque
1284 779 1452 832 etiam
1489 782 1730 833 omnium
1787 779 1983 836 ducem
2032 782 2344 851 praefectum

782 870 1183 938 sagittariorum
1221 872 1553 925 nominabis.

839 962 929 1015 69.
961 962 1309 1030 lteliquarum
1344 964 1570 1016 duarum
1608 964 1837 1032 partium
1860 964 2167 1028 dimidittm,
2194 976 2345 1021 octo-

777 1051 952 1104 decim
982 1052 1221 1104 virorum
1249 1052 1523 1104 seniorum
1555 1053 1735 1118 simul,
1767 1064 1819 1107 et
1848 1054 2122 1123 juniorum
2154 1066 2345 1111 contu-

778 1142 966 1194 bernia
998 1143 1226 1204 dividas,
1251 1150 1304 1193 et
1338 1142 1477 1197 duos
1506 1159 1570 1198 ex
1602 1146 1668 1199 iis
1691 1145 2012 1210 octodecim,
2048 1147 2139 1216 qui
2186 1147 2343 1201 debi-

776 1233 971 1287 lissimi
1003 1243 1149 1293 sunt.
1178 1250 1271 1287 seu
1316 1236 1498 1301 potius
1536 1251 1746 1298 omnes,
1782 1236 1874 1304 qui
1912 1252 2075 1305 supra
2106 1239 2341 1293 sedecim

776 1334 921 1385 Sttltl,
937 1324 999 1375 ad
1013 1338 1197 1376 carros
1212 1325 1552 1393 reliquasque
1564 1326 1803 1379 sarcinas
1816 1328 2111 1381 servandas
2123 1343 2340 1396 operam

775 1426 977 1464 navare
1010 1423 1224 1481 oportet
1259 1432 1271 1467 :
1305 1416 1536 1468 sedecim
1592 1423 1771 1468 autem
1832 1417 2067 1485 reliquos
2120 1418 2173 1471 in
2224 1419 2342 1472 acie

775 1504 1096 1566 consistere,
1134 1514 1188 1558 et
1218 1520 1446 1573 praeesse
1476 1506 1581 1558 illis
1609 1507 1976 1576 manipulares
2004 1509 2194 1576 duces,
2223 1511 2338 1564 sive

772 1595 1011 1649 decanos
1045 1602 1257 1664 Oportet
1279 1606 1539 1652 strenuos
1561 1607 1723 1669 atque
1752 1600 1999 1655 idoneos.

836 1772 925 1825 70.
947 1771 1084 1827 Octo
1108 1788 1235 1828 vero
1266 1789 1328 1826 ex
1362 1775 1483 1827 istis
1503 1776 1763 1839 sedecim,
1788 1778 1879 1844 qui
1908 1778 2162 1831 meliores
2188 1785 2334 1840 sunt,

770 1866 979 1932 primos
1032 1875 1085 1919 et
1146 1873 1449 1932 postremos
1513 1866 1852 1919 contubernii
1906 1867 2022 1921 sive
2074 1868 2334 1934 manipuli

770 1954 1102 2007 constituere
1143 1963 1374 2021 oportet.
1410 1954 1546 2007 Nam
1594 1956 1826 2010 sedecim
1871 1957 2110 2009 virorum
2142 1966 2337 2010 contu-

770 2042 1044 2103 bernium,
1098 2042 1431 2110 manipulum
1476 2045 1681 2112 antiqui
1725 2054 2074 2099 vocaverunt.
2115 2046 2337 2100 Consti-

771 2142 922 2185 tuere
950 2142 1129 2187 autem
1173 2148 1266 2185 eos
1313 2142 1527 2201 oportet
1570 2135 1623 2187 in
1658 2134 1853 2202 primo,
1890 2136 1941 2187 in
1988 2136 2246 2200 secundo,
2281 2136 2332 2187 in

772 2223 947 2283 tertio,
972 2223 1024 2275 in
1056 2234 1251 2292 quarto
1282 2224 1419 2285 loco,
1440 2224 1491 2277 in
1513 2239 1621 2287 ενι,
1653 2225 1705 2277 iu
1731 2241 1820 2288 xv,
1842 2226 1893 2277 in
1925 2242 2035 2290 ιιν,
2056 2225 2111 2279 in
2142 2241 2258 2288 xm,
2280 2236 2335 2279 ut

768 2312 1055 2367 altitudine
1076 2315 1142 2368 ad
1164 2326 1398 2383 quatuor
1423 2317 1703 2370 hominum
1734 2333 2023 2371 numerum
2044 2318 2333 2385 descripta.

771 2405 1019 2459 ﬁrmetur
1053 2415 1162 2458 tum
1197 2406 1349 2460 l'rons
1382 2417 1493 2460 tum
1539 2410 1731 2470 cauda,
1784 2410 1837 2463 id
1881 2420 1988 2474 est,
2030 2419 2335 2465 extremum

768 2512 984 2566 agmen.
1023 2495 1234 2565 Reliqui
1268 2513 1400 2553 vero
1452 2508 1577 2554 octo
1620 2501 2004 2556 imbecilliores
2056 2502 2109 2554 in
2156 2502 2338 2555 medio

767 2586 1075 2640 collocandi
1106 2598 1253 2641 sunt.

841 2877 935 2931 Ἠ.
957 2876 1093 2932 Istos
1122 2877 1359 2931 sedecim
1391 2876 1700 2931 nominabis
1726 2878 1952 2931 scorsitn
1981 2893 2079 2947 per
2107 2878 2333 2946 primos,

766 2979 824 3023 et
852 2970 1141 3032 secundos,
1167 2970 1245 3022 vel
1278 2985 1371 3037 per
1393 2970 1657 3038 przestites
1689 2980 1743 3023 et
1776 2971 1983 3023 astites.
2009 2967 2126 3023 Duo
2154 2978 2333 3023 autem

766 3076 833 3114 ex
856 3060 965 3115 illis
993 3061 1295 3115 binmniues
1323 3072 1504 3120 erunt.
1535 3070 1591 3115 et
1619 3061 1828 3129 primus
1858 3063 2078 3129 quidem
2108 3061 2331 3115 vocabi-

2449 620 2535 655 ναι
2571 608 2749 665 αυτοὶ,
2772 605 3040 674 δικάρχας
3069 604 3391 672 χρησίμους,
3420 604 3515 655 καὶ
3540 602 3775 672 ἄρχοντα
3802 603 3901 655 ἕνα
3927 603 4025 654 τὸν

2446 696 2738 764 λεγόμενον
2771 695 3285 767 ἀρχισαγιττάτωρα
3348 692 3483 762 (46),
3512 694 3678 763 ἦγουν
3734 692 4021 765 ἀρχιτοξόο

2444 802 2567 854 την.

2519 960 2615 1025 ξθ’.
2647 960 2720 1012 Τὸ
2770 960 2827 1013 δὲ
2868 960 3029 1029 μόνον
3080 960 3323 1030 δίμοιρον
3369 959 3533 1030 μέρος
3585 958 3619 1028 ἢ
3683 959 3855 1028 ἣμισυ
3901 958 4021 1011 δια-

2448 1053 2669 1122 μερίσαι
2713 1053 2793 1114 εἰς
2840 1052 3003 1116 ἀκίας
3034 1052 3141 1105 ἀπὸ
3173 1049 3385 1121 ἀνδρῶν
3446 1047 3515 1119 ιη’
3551 1048 3795 1103 παλαιῶν
3825 1067 3886 1103 τε
3921 1052 4020 1103 καὶ

2443 1145 2601 1197 νέων.
2663 1142 2839 1197 ’Δκίαι
2866 1143 2923 1196 δὲ
2954 1143 3226 1212 λέγονται,
3254 1144 3331 1207 ὥς
3358 1160 3448 1213 μοι
3482 1144 3717 1214 εἴρηται,
3743 1144 3812 1195 τὰ
3854 1141 4015 1209 λεγό-

2447 1253 2583 1305 μενα
2633 1234 3017 1305 κοντουσέρνια
3065 1235 3198 1304 (47).
3258 1237 3367 1287 Καὶ
3414 1237 3542 1294 τοὺς
3574 1234 3672 1303 μὲν
3699 1233 3791 1286 δύο
3832 1233 4025 1285 αὐτῶν

2440 1328 2567 1390 τοὺς
2590 1328 3028 1397 ὑποδεεστέροδς,
3068 1328 3185 1395 ἤτοι
3214 1328 3339 1389 τοὺς
3376 1326 3631 1387 πλείονας
3672 1326 3778 1378 τῶν
3804 1324 3901 1389 ις’.
3937 1326 4018 1385 είς

2441 1417 2540 1479 τὰς
2562 1418 2777 1485 ἁμάξας
2800 1419 2891 1471 καὶ
2914 1418 3131 1487 ἑτέρας,
3153 1420 3228 1480 ὼς
3254 1415 3623 1485 είκὸς,ίχρείας
3644 1414 4014 1484 ἀσχολεῖσθαι,

2440 1512 2566 1572 τοὺς
2592 1510 2646 1562 δὲ
2684 1510 2757 1571 ις’
2790 1509 3039 1563 ἵστασθαι
3060 1511 3119 1562 tv
3150 1511 3217 1579 τῇ
3244 1508 3571 1579 παρατάξει,
3602 1507 3697 1559 καὶ
3725 1506 4018 1576 ἐπιστῆναι

2441 1600 2624 1661 αὐτοῖς
2655 1602 2780 1662 τοὺς
2828 1599 3172 1669 λοχαγωγοὺς
3218 1598 3331 1669 (48)
3356 1598 3680 1668 λεγομένους
3728 1596 4018 1664 γενναίους

2442 1693 2535 1747 καὶ
2561 1692 2882 1762 χρησίμους.

2510 1792 2572 1839 o’.
2618 1784 2721 1850 Ἑκξ
2763 1783 2968 1837 τούτων
3006 1784 3064 1836 δὲ
3103 1783 3213 1835 τῶν
3245 1782 3321 1847 ις’
3348 1782 3793 1852 χρησιμωτέρους
3826 1785 3879 1849 η’
3909 1778 4017 1847 εμ-

2439 1876 2673 1944 προσθεν
2725 1875 2820 1928 καὶ
2877 1874 3099 1928 ὄπισθεν
3146 1877 3243 1943 τῆς
3296 1874 3460 1935 ἀκίας
3522 1873 3641 1940 ἦτοι
3695 1870 3787 1922 τοῦ
3852 1868 4014 1937 λόχου

2438 1967 2795 2035 καταστῆσαι.
2848 1966 2960 2035 Τὴν
3012 1966 3121 2036 γὰρ
3167 1967 3277 2017 τῶν
3302 1964 3375 2027 ις’
3399 1964 3609 2033 ἀνδρῶν
3664 1963 3827 2015 άκὶαν
3849 1961 4011 2030 λόχου

2437 2057 2663 2111 ἐκάλουν
2688 2059 2739 2111 οἱ
2770 2058 3008 2113 παλαιοί.
3037 2058 3237 2125 Στῆσαι
3270 2057 3327 2110 δὲ
3348 2057 3546 2118 αὐτοὺς
3575 2057 3654 2118 εἰς
3676 2055 3769 2107 τὸν
3792 2053 4016 2123 πρῶτον

2436 2149 2629 2210 τόπον,
2680 2148 2776 2201 καὶ
2832 2148 2912 2211 είς
2966 2148 3057 2200 τὸν
3114 2146 3386 2215 δεύτερον,
3425 2146 3521 2198 καὶ
3558 2146 3639 2207 είς
3687 2145 3778 2195 τὸν
3802 2142 4012 2212 τρίτον,

2440 2238 2533 2291 καὶ
2554 2238 2634 2299 είς
2676 2236 2770 2288 τὸν
2804 2235 3085 2305 τέταρτον,
3117 2236 3211 2288 καὶ
3231 2237 3309 2297 εἱς
3331 2234 3422 2287 τὸν
3448 2234 3753 2298 ὲξδέκατον,
3790 2231 3888 2283 καὶ
3918 2231 4014 2283 τὸν

2414 2319 3047 2391 πεντεκαιδέκατονμώ
3080 2330 3160 2390 είς
3192 2328 3282 2380 τὸν
3305 2323 3899 2396 τεσσαρεσκαιδέκατον
3915 2326 4014 2375 και

2435 2423 2518 2483 είς
2579 2420 2667 2472 τὸν
2716 2418 3177 2490 τρισκαιδέκατον,
3224 2418 3310 2469 ἵνα
3367 2418 3461 2470 καὶ
3520 2416 3681 2485 μέχρι
3727 2414 4016 2483 τεσσάρων

2434 2510 2641 2579 ἀνδρῶν
2690 2509 3048 2580 μεριζομένου
3088 2508 3181 2561 τοῦ
3216 2507 3434 2575 βάθους,
3483 2508 3600 2575 ἦτοι
3642 2504 3737 2556 τοῦ
3804 2504 4013 2572 πάχους

2435 2601 2534 2667 τῆς
2572 2601 2751 2663 ἀκίας.
2779 2602 2837 2652 tv
2858 2600 3083 2667 δυνάμει
3123 2598 3358 2668 ὑπάρχει
3387 2599 3421 2667 ἡ
3460 2597 3598 2664 οὐρὰ
3635 2594 3804 2661 αὐτῆς
3830 2593 4013 2646 καὶτὸ

2439 2694 2711 2764 μέτωπον.
2770 2693 2905 2753 Τοὺς
2926 2692 2981 2744 δὲ
3007 2692 3223 2753 λοιποὺς
3285 2690 3408 2751 τοὺς
3482 2686 3897 2754 ὑποδεεστέρους
3952 2686 4014 2737 tv

2433 2785 2511 2853 τῷ
2539 2784 2686 2854 μέσῳ
2713 2782 2882 2852 αὐτῆς
2911 2782 3089 2847 τάξαι.

2504 2875 2600 2929 οα’.
2662 2876 2893 2937 Τούτους
2918 2874 2974 2927 δὲ
3005 2874 3130 2934 τοὺς
3186 2871 3260 2937 ις’
3299 2872 3565 2941 ὀνομάσαι
3618 2871 3716 2925 ῑνα
3747 2872 3884 2941 παρ’
3911 2871 4010 2923 ἕνα

2434 2968 2542 3022 ἀπὸ
2570 2967 2810 3037 πρίμων,
2839 2966 2934 3019 καὶ
2956 2965 3278 3024 σεκούνδων,
3309 2965 3427 3032 ἦτοι
3457 2963 3859 3033 πρωτοστατῶν
3893 2960 4009 3030 (89)

2436 3063 2529 3114 καὶ
2555 3059 2882 3113 ἐπιστατῶν.
2914 3060 3052 3121 Τοὺς
3077 3058 3133 3110 δὲ
3160 3057 3253 3110 δύο
3286 3059 3343 3108 tv
3370 3057 3553 3120 αὐτοῖς
3588 3057 3697 3109 ἀπὺ
3737 3055 3831 3108 δύο
3861 3056 4009 3123 ἔχειν

770 3159 857 3203 tur
904 3151 1187 3220 lucliagus,
1226 3154 1341 3204 sive
1386 3151 1742 3219 manipularis
1789 3152 1895 3203 dux
1952 3151 2181 3219 primus,
2217 3150 2332 3203 sive

2436 3152 2734 3221 ὀνομάτων,
2784 3150 2877 3204 καὶ
2910 3149 3001 3201 τδν
3063 3151 3160 3217 μὲν
3189 3149 3407 3216 πρῶτον
3462 3147 3743 3201 καλεῖσθαι
3777 3145 4014 3214 λοχαγὸν

768 3249 1138 3307 protestatus;
1175 3241 1313 3293 alter
1349 3250 1530 3293 autem
1592 3241 1875 3294 vocabitur
1929 3241 2235 3294 decarehus
2281 3248 2336 3293 et

766 3329 1040 3383 secundus
1081 3330 1195 3383 sive
1237 3340 1404 3391 astes,
1435 3339 1490 3383 et
1516 3330 1773 3399 deinceps
1807 3330 2081 3393 similiter,
2124 3340 2181 3383 ut
2214 3330 2335 3383 uni-

766 3434 920 3473 versa
947 3421 1094 3475 acies
1148 3436 1227 3493 οι*
1260 3422 1590 3489 prmstitibus
1624 3428 1677 3475 et
1717 3422 1968 3475 astitibns
2011 3421 2311 3474 instruatur

842 3509 929 3563 72.
963 3510 1033 3565 Ut
1078 3520 1258 3563 autem
1292 3511 1512 3563 obedire
1548 3510 1762 3564 facilius
1791 3512 2022 3578 possint.
2047 3521 2101 3563 et
2140 3512 2333 3563 idonee

767 3578 910 3655 inter
937 3618 993 3654 se
1017 3602 1217 3661 vivere,
1254 3603 1448 3655 melius
1490 3611 1576 3654 est
1621 3602 1745 3656 illus
1780 3602 1832 3654 in
1865 3602 1973 3654 duo
1998 3602 2174 3655 solum
2202 3618 2333 3654 con-

765 3693 1014 3745 tubernia
1051 3693 1310 3756 dividere,
1354 3702 1410 3745 ut
1440 3692 1596 3761 primi
1638 3696 1753 3747 sive
1791 3694 2059 3762 praestites
2082 3694 2331 3748 sintcum

765 3782 1018 3851 praefecto
1072 3784 1429 3851 manipulari,
1480 3786 1700 3838 secundi
1758 3794 1935 3838 autem
2003 3786 2087 3838 vel
2145 3785 2333 3838 astites

763 3876 873 3927 sint
914 3889 1038 3927 cum
1082 3876 1317 3941 decano;
1363 3876 1434 3927 ita
1486 3880 1576 3929 liet
1626 3886 1703 3938 ttt,
1744 3890 2055 3945 quanquam
2102 3878 2154 3929 in
2207 3878 2334 3929 vitae

762 3965 913 4017 cultu
949 3974 1293 4032 separantur,
1327 3966 1379 4017 in
1413 3966 1528 4019 acie
1561 3975 1737 4018 tamen
1772 3966 2016 4028 adunati,
2050 3967 2137 4021 isti
2175 3966 2330 4020 sede-

763 4053 871 4106 ciin
914 4054 1145 4107 concilio
1176 4053 1538 4121 mandatoque
1569 4055 1925 4119 manipularis
1961 4055 2199 4123 praefecti
2231 4055 2326 4108 ob-

766 4153 1086 4211 temperent.
1122 4141 1234 4197 Hoe
1258 4145 1419 4199 modo
1448 4146 1593 4200 acies
1630 4148 1836 4215 optime
1868 4156 2246 4209 conservatur.
2277 4158 2333 4201 et

762 4233 840 4289 illi
873 4235 1127 4292 facillime
1152 4238 1467 4292 obedientes
1498 4249 1678 4295 eruta.

834 4412 922 4466 73.
964 4411 1105 4467 Utile
1134 4422 1313 4467 autem
1344 4422 1448 4477 est,
1485 4414 1529 4468 si
1564 4414 1612 4467 id
1652 4416 1763 4469 ﬁeri
1800 4425 1993 4484 potest,
2018 4432 2123 4471 non
2153 4417 2328 4471 solum

2438 3245 2530 3295 aui.
2576 3241 3000 3309 πρωτοστάτην,
3045 3239 3136 3292 τὸν
3186 3239 3242 3292 δὲ
3287 3239 3541 3307 δεύτερον
3584 3238 3856 3307 δεκάρχην
3914 3236 4010 3290 καὶ

2436 3332 2720 3388 σεκοῦνδον
2746 3333 2911 3401 ἡγουν
2937 3330 3252 3398 ἐπιστάτην,
3286 3328 3425 3381 ὥστε
3465 3324 3605 3381 εἷναι
3631 3327 3722 3381 τὸν
3748 3327 3871 3380 ὅλον
3899 3326 4011 3380 στί-

2435 3443 2528 3496 χον
2563 3426 2628 3478 ὲκ
2653 3423 3044 3492 πρωτοστατῶν
3073 3423 3167 3475 καὶ
3196 3420 3498 3474 ἐπιστατῶν
3528 3418 3907 3489 συγκείμενον.

2502 3512 2599 3583 οβ’.
2634 3515 2752 3566 Ἵνα
2796 3512 2972 3565 δὲκαὶ
3011 3510 3274 3581 ἄρχεσθαι
3330 3509 3565 3573 εὐκόλως
3591 3509 3878 3570 δύνωνται,
3914 3508 4011 3561 καὶ

2433 3605 2781 3677 ἁρμοζόντως
2840 3604 3145 3670 συνδιάγειν
3205 3602 3456 3671 ἀλλήλοις
3485 3640 3502 3664 ,
3568 3600 3790 3654 κάλλιόν
3859 3601 4010 3652 ἐστιν

2438 3696 2636 3764 μᾶλλον
2667 3693 2888 3755 τούτους
2917 3694 2996 3755 εἰς
3024 3693 3116 3745 δύο
3149 3691 3284 3761 μόνα
3324 3690 3708 3759 κοντουὸέρνια
3735 3689 4007 3756 γίνεσθαι,

2436 3787 2521 3838 ἴνα
2548 3788 2598 3839 οἱ
2642 3786 2740 3854 μὲν
2789 3783 2996 3854 πρίμου
3039 3783 3211 3852 ἤγουν
3231 3783 3279 3834 οἱ
3306 3781 3687 3850 πρωτοστάται
3739 3775 3844 3833 ῶσι
3870 3781 4010 3849 μετά

2432 3877 2526 3930 τοῦ
2577 3876 2825 3945 λοχαγοῦ,
2876 3876 2927 3927 οί
2969 3875 3025 3927 δὲ
3068 3874 3343 3927 σεκοῦνδοι
3392 3874 3560 3941 ἧγουν
3603 3874 3652 3924 οί
3712 3873 4008 3924 ἐπιστάται

2438 3968 2575 4037 μετὰ
2622 3966 2715 4018 τοῦ
2766 3966 3049 4034 δεκάρχου,
3078 3963 3218 4017 οὕτω
3278 3964 3459 4029 μέντοι
3494 3962 3659 4024 ὥστε,
3710 3960 3817 4012 κᾶν
3843 3963 3904 4013 tv
3938 3963 4005 4029 τῇ

2433 4057 2675 4123 διαγωγῇ
2702 4052 3039 4123 διαιρῶνται,
3071 4052 3185 4106 ἀλλ’
3211 4052 3304 4104 οῦν
3337 4053 3395 4103 tv
3433 4053 3500 4120 τῇ
3527 4050 3678 4114 τάξει
3733 4050 4011 4118 ἠνωμένοι

2433 4146 2581 4206 δντες
2612 4145 2662 4197 oi
2688 4142 2763 4207 ις’
2792 4146 2856 4211 τῇ
2886 4143 3046 4212 βουλῇ
3083 4143 3178 4195 καὶ
3203 4142 3395 4213 γνώμῃ
3441 4141 3537 4194 τοῦ
3592 4140 3828 4208 λοχαγοῦ
3883 4140 4004 4191 πεί-

2434 4237 2653 4289 θωνται.
2698 4234 2978 4289 Ἐντεῦθεν
3009 4234 3119 4303 γὰρ
3156 4235 3308 4303 καὶὴ
3341 4233 3493 4299 τάξις
3523 4230 3881 4300 φυλάσσεται,
3913 4231 4011 4283 καὶ

2433 4326 2669 4388 εύκόλως
2701 4323 2962 4394 ἄρχεσθαι
2983 4324 3257 4377 δύνανται.

2503 4415 2603 4483 ογ’.
2672 4416 2956 4486 Χρήσιμον
2986 4414 3043 4467 δέ
3082 4416 3252 4476 ἐστιν,
3308 4412 3404 4466 ἐὰν
3441 4412 3689 4481 δέχηται,
3731 4412 3810 4482 μὴ
3844 4413 4010 4481 μόνον

762 4504 1065 4557 secundum
1116 4505 1392 4570 virtutem,
1435 4504 1518 4558 vel
1558 4507 1929 4560 strenuitatem
1976 4508 2323 4577 unumquod-

2436 4506 2576 4559 κατὰ
2627 4504 2886 4572 ποιότητα
2924 4504 3090 4572 ἠγουν
3121 4501 3383 4570 εὐψυχίαν
3419 4500 3714 4570 ὀρδινεύειν
3754 4500 3886 4563 τοὺς
3930 4499 4007 4566 ις’

760 4610 868 4664 que
928 4595 1344 4649 contubernium
1405 4604 1741 4650 scutatorum
1792 4598 2070 4661 ordinare,
2134 4614 2326 4653 verum

760 4687 923 4741 etiam
952 4687 1104 4754 juxta
1133 4696 1368 4751 aetatem,
1401 4697 1461 4741 ut
1495 4692 1864 4757 provectiores
1896 4700 2073 4753 (etate,
2099 4691 2143 4745 si
2172 4700 2327 4745 antea

762 4788 1057 4841 ponantur,
1090 4778 1263 4847 magis
1297 4786 1575 4846 parentem
1628 4789 1790 4848 atque
1843 4781 2185 4834 obedientem
2212 4797 2324 4835 ma-

760 4868 1007 4935 nipulum
1042 4868 1261 4922 faciant.
1293 4868 1360 4922 Ut
1395 4883 1522 4922 vero
1549 4884 1614 4922 ne
1642 4872 1829 4924 omnia
1858 4870 1939 4923 vel
1972 4871 2040 4924 ad
2087 4871 2324 4924 strenui-

761 4969 949 5020 tatem,
983 4960 1065 5014 vel
1106 4960 1173 5013 ad
1209 4970 1422 5013 aetatem
1474 4960 1809 5025 referamus,
1844 4971 2058 5030 oportet
2104 4978 2198 5017 eos
2225 4964 2323 5032 qui

757 5049 1055 5103 alacriores
1090 5060 1142 5103 et
1170 5050 1545 5117 generosiores
1577 5060 1726 5113 sunt,
1750 5052 1804 5105 in
1836 5050 2013 5106 fronte
2050 5060 2105 5106 et
2128 5053 2324 5118 cauda,

760 5140 813 5194 id
838 5149 942 5204 est,
973 5149 1219 5195 extremo
1246 5142 1620 5205 contubernio,
1652 5143 2030 5199 imbecilliores
2060 5153 2239 5199 autem
2268 5144 2323 5197 in

762 5234 964 5295 medio,
996 5233 1457 5301 quemadmodum
1491 5234 1865 5303 prtcdiximus,
1899 5236 2179 5291 collocari.

832 5324 918 5379 74.
960 5324 1253 5395 Propterea
1296 5337 1478 5383 autem
1528 5328 1738 5399 antiqui
1792 5343 1858 5383 ex
1902 5330 2139 5385 sedecim
2184 5329 2316 5385 viris

2434 4596 2557 4650 καθ’
2603 4595 2838 4662 ἑκάστην
2868 4592 3029 4647 άκίαν
3061 4591 3172 4643 τῶν
3202 4591 3537 4655 σκουτάτων,
3569 4589 3707 4642 ἀλλὰ
3735 4591 3829 4643 καὶ
3863 4592 4008 4643 κατὰ

2434 4688 2683 4758 ἡλικίαν·
2722 4687 2813 4739 ἶνα
2854 4685 2903 4737 oi
2936 4683 3263 4755 μακρότεροι
3302 4682 3613 4753 ἔμπροσθεν
3675 4683 4003 4751 τασσόμενοι

2432 4777 2827 4846 εύτακτοτέραν
2854 4776 2953 4845 τὴν
2981 4772 3285 4845 παράταξιν
3326 4773 3705 4837 ἀποδείξωσιν.
3731 4772 3797 4825 Et
3828 4773 3888 4825 δὲ
3927 4775 4003 4843 μὴ

2432 4871 2649 4925 ἅπαντα
2696 4867 2833 4936 πρὸς
2865 4866 3082 4935 ἡλικίαν
3136 4865 3230 4918 καὶ
3252 4864 3503 4933 ἀνδρείαν
3537 4864 3776 4927 πάντως,
3815 4865 3895 4927 ὡς
3925 4867 4003 4917 εῐ-

2433 4978 2627 5031 πομεν,
2686 4958 2812 5018 τοὺς
2859 4956 3255 5025 εὐψυχοτέρους
3296 4955 3390 5008 καὶ
3426 4955 3835 5023 γενναιοτέρους
3871 4956 4005 5009 ἑκά-

2433 5066 2565 5120 στης
2593 5046 2754 5109 ἀκίας
2775 5045 2892 5099 δέον
2918 5046 3063 5097 ἐστὶν
3092 5044 3171 5105 είς
3182 5042 3306 5104 τοὺς
3328 5041 3636 5112 ἔμπροσθεν
3664 5043 4007 5109 καὶρπισθεν

2432 5141 2632 5204 τόπους
2644 5136 2958 5192 τάσσεσθαι·
2978 5135 3103 5197 τοὺς
3121 5133 3178 5187 δὲ
3201 5133 3620 5204 ὑποδεεστέρους
3649 5134 3727 5196 εἰς
3747 5133 3812 5185 τὸ
3835 5135 4003 5203 μέσον

2430 5232 2634 5295 αὐτῶν,
2670 5230 2790 5283 καθ’
2844 5228 2905 5281 ὃν
2933 5228 3239 5298 εἰρήκαμεν
3265 5226 3487 5297 τρόπον.

2490 5324 2583 5379 οδ’.
2615 5325 2780 5377 Ὥστε
2816 5317 2910 5375 οῦν
2937 5320 3025 5373 διὰ
3074 5318 3233 5372 τοῦτο
3279 5319 3376 5372 καὶ
3408 5318 3470 5385 οι,
3503 5319 3719 5389 ἀρχαῖοι
3768 5318 3882 5373 ἀπ’)
3918 5317 3991 5384 ις’

2272 5457 2504 5516 NOTAE.

834 5550 947 5619 (ὁδὶ
972 5550 1554 5623 Ἀρχισαγιττάτωρα.
1621 5554 1994 5620 Scribebatur,
2031 5558 2321 5629 ἀρχισαγι·

763 5622 998 5674 τάτωνα.

836 5692 947 5757 (47)
976 5692 1159 5765 Ἀρί-ἰαί
1186 5692 1253 5744 δὲ
1283 5694 1556 5760 λέγονται
1596 5697 1665 5749 τὰ
1712 5697 2003 5765 λεγιᾷιενίι
2059 5716 2305 5753 κοντοὺ-

766 5759 982 5827 (ἑρνεη.
1044 5760 1161 5816 Ιιιρε
1208 5779 1233 5816 a
1264 5759 1441 5834 glussa
1495 5780 1613 5821 esse
1667 5759 1880 5833 cens-eu,
1926 5785 2099 5839 neque
2147 5770 2309 5829 Cheei

2430 5577 2557 5633 item
2584 5577 2752 5630 codex
2796 5577 3060 5644 agnoscit.

2498 5647 2608 5722 (δῇ)
2646 5645 2791 5722 Τοὺς
2828 5639 3489 5722 λοχαγῳγορςοβεῐίὴθν
3523 5642 3649 5703 τοὺς
3683 5639 3997 5722 λοχαγούς.

2492 5714 2601 5787 (itii
2658 5714 3091 5784 Πρωτοσεατῶν
3142 5714 3351 5779 Scribe,
3388 5714 3774 5785 πορωστατῶν.
