4176 6446
763 381 870 450 719

1990 383 2264 443 LEONIS
2300 383 2759 445 PHILOSOPHI

3893 389 3997 452 72‘)

832 495 888 550 5.
930 491 1174 550 Flamula
1225 503 1442 556 magna,
1476 495 1530 542 et
1561 487 1781 544 llamula
1815 504 1978 559 parva
2024 491 2322 550 hastarum,

2499 507 2558 542 ε.
2607 490 2894 559 Φώμουλα
2941 490 3171 558 μεγάλα,
3215 489 3614 558 φλαμουλίεκια
3647 492 3757 545 τῶν
3799 511 3996 550 κοντα-

761 585 938 640 banda
985 583 1133 636 varie
1178 583 1365 641 tincta,
1402 579 1598 634 cucina
1644 594 1830 649 parva,
1876 578 2046 633 falces
2075 593 2324 647 magnas,

763 689 981 730 secures
1003 713 1017 736 ,
1065 672 1297 740 pbalcia,
1334 671 1616 740 bipennes,
1643 671 1842 733 ascias,
1869 669 2102 724 tribulas
2137 668 2325 725 fasciis

762 764 1081 833 quihusdam
1114 763 1386 827 astrictas,
1421 778 1540 831 quae
1566 761 1735 816 clavis
1760 760 2088 829 quibusdam
2125 774 2314 830 appen-

763 857 978 908 dantur.

827 945 881 1000 6.
914 945 1114 1000 Carras
1147 947 1310 1013 leves,
1342 957 1506 1014 alque
1559 947 1624 999 ad
1682 962 1900 1000 onmem
1951 946 2321 1000 necessarium

761 1052 920 1090 usum
982 1047 1035 1091 et
1088 1046 1450 1091 commeatum
1480 1039 1782 1107 expeditos,
1814 1037 1878 1090 ad
1910 1038 2091 1091 omnia
2131 1053 2324 1107 nempe

759 1142 947 1196 opera.
983 1128 1048 1181 ad
1082 1129 1252 1181 molas
1281 1131 1616 1193 manuarias,
1671 1130 1883 1197 prionia
1922 1143 2140 1196 orygas,
2185 1129 2322 1182 mal-

757 1217 893 1281 leos,
931 1219 1164 1286 ptyaria,
1199 1218 1487 1285 cophinos,
1520 1219 1718 1282 cilicia,
1743 1228 1796 1272 et
1830 1218 1874 1272 si
1921 1218 2049 1287 quid
2079 1219 2226 1272 aliud
2253 1220 2319 1272 ad

758 1307 946 1362 fossati
977 1324 1072 1362 seu
1116 1318 1422 1364 castrorum
1465 1321 1738 1363 externam
1783 1309 2111 1375 custodiam,
2157 1319 2212 1364 et
2255 1311 2322 1363 ad

759 1399 1024 1452 ambitum
1055 1400 1489 1453 conservandum
1521 1399 1700 1452 leviori
1732 1400 1912 1468 aliqua
1941 1401 2164 1453 materia
2191 1413 2324 1453 con-

758 1490 956 1542 fectum
987 1505 1016 1543 a
1047 1491 1180 1544 duce
1207 1491 1502 1560 excogitari
1533 1499 1729 1559 potest.

832 1583 880 1634 7.
913 1581 1062 1632 Alios
1093 1596 1289 1636 currus
1334 1581 1594 1636 habentes
1627 1583 1957 1650 sagittarios,
2002 1581 2320 1652 manganica

756 1671 984 1724 alacatia
1028 1673 1282 1741 utrinque
1312 1687 1595 1735 conversa,
1630 1673 1936 1727 balistarios
1957 1674 2160 1742 peritos
2182 1687 2320 1742 quos

755 1763 1102 1827 maganarios
1150 1763 1456 1831 appellant,
1509 1765 1828 1824 ca'latores,
1871 1762 2054 1815 fabros
2099 1764 2320 1815 aerarios

755 1869 880 1907 cum
916 1854 1143 1909 officinis
1169 1856 1284 1908 suis
1313 1871 1326 1918 ;
1357 1855 1492 1908 alios
1521 1869 1716 1908 currus
1753 1855 2075 1907 armamenti
2109 1854 2319 1922 plenos,

755 1945 893 1998 alios
919 1960 1110 1998 currus
1133 1955 1496 2021 commeatum
1528 1944 1783 2007 ferentes,
1813 1954 1866 1997 et
1891 1943 2030 1998 alios
2063 1953 2321 2012 praeterea

753 2035 1059 2102 superfluos
1082 2049 1280 2088 currus
1307 2042 1438 2102 quot
1464 2050 1601 2103 opus
1631 2044 1714 2088 est
1745 2052 1759 2099 ;
1786 2035 2030 2103 jumenta
2064 2048 2321 2103 prasterea

753 2123 1046 2190 sagmaria.
1088 2122 1139 2176 id
1187 2131 1289 2183 est,
1327 2123 1643 2186 sarcinaria,
1688 2132 1742 2177 et
1773 2139 1944 2192 equos
1975 2123 2278 2192 sagmarius
2303 2163 2319 2186 ,

752 2222 808 2267 et
859 2214 960 2267 alia
991 2215 1353 2270 instrumenta
1407 2215 1473 2270 iis
1508 2215 1730 2276 similia,
1780 2230 1900 2284 qua:
1937 2213 2226 2278 fossatum,
2269 2216 2321 2270 id

754 2311 840 2357 est
867 2313 1072 2368 castra,
1104 2305 1171 2359 ad
1214 2321 1372 2360 usum
1419 2321 1578 2360 suum
1611 2307 1861 2371 requirit.

823 2482 876 2535 8.
933 2483 1014 2536 Ad
1077 2481 1389 2538 obsidiones
1457 2484 1781 2552 manganica
1853 2485 2070 2540 diversa
2121 2485 2322 2540 habere

755 2582 990 2642 oportet,
1009 2582 1063 2627 et
1082 2576 1258 2628 scalas
1283 2575 1489 2644 ligneas
1505 2585 1834 2638 contractas,
1858 2587 1911 2629 et
1927 2577 2060 2632 alias
2080 2579 2321 2646 permul-

753 2671 838 2719 tas
869 2666 1300 2720 machinationes
1321 2683 1672 2736 quascunque
1698 2669 2006 2736 excogitare
2033 2670 2231 2737 possis.

823 2754 876 2807 9.
909 2754 990 2808 Ad
1023 2753 1215 2810 ﬂuvios
1257 2765 1314 2810 et
1352 2756 1501 2811 lacus
1546 2757 1842 2817 naviculas.
1883 2757 1934 2810 id
1974 2766 2076 2832 est,
2111 2756 2322 2827 navigia

751 2860 938 2914 parva,
973 2847 1055 2899 vel
1098 2861 1162 2899 ex
1195 2847 1359 2900 coriis
1388 2845 1657 2911 confecta,
1687 2849 1771 2901 vel
1825 2857 2033 2902 natura:
2091 2849 2140 2902 vi
2187 2865 2325 2917 qua-

754 2938 878 2991 dam
904 2935 1183 2990 fabricata.
1212 2935 1554 3005 Excogitabis
1579 2937 1738 2992 etiam
1762 2953 1825 2990 ac
1855 2939 2184 3006 praeparabis
2205 2947 2322 2993 ten-

754 3038 839 3082 tas
871 3038 924 3082 et
953 3029 1177 3097 ategias,
1206 3029 1255 3081 id
1278 3038 1380 3092 est,
1406 3031 1772 3098 integumenta
1809 3044 1934 3083 cutn
1957 3045 2058 3084 suo
2079 3031 2320 3100 ipsorum

2431 582 2582 650 ρίων,
2612 580 2783 649 βάνδα
2813 580 3085 650 διαφόρως
3119 578 3456 648 βεϐαμμένα,
3489 580 3714 647 γούκινα
3757 583 3872 652 (55)
3905 604 3993 652 μι-

2427 673 2534 744 κρα
2576 671 2670 725 καὶ
2708 671 2943 740 μεγάλα,
2972 671 3236 740 δρέπανα,
3277 671 3484 736 ἀξίνας,
3526 673 3800 740 φαλκίδια,
3837 678 3995 729 πελέ-

2426 783 2538 824 κια,
2580 763 2860 830 σκέπαρνα
2910 763 3187 834 τριῦόλους
3237 763 3474 834 άναδεδει
3503 765 3626 828 ένας
3658 767 3839 836 σφηκιῖ
3858 787 3994 840 μασι

2423 856 2722 925 δεδεμένοις
2754 857 2833 907 εἰς
2869 855 3030 924 ἥλοις
3054 854 3311 916 τελείους.

2499 946 2573 1010 ς’,
2626 945 2865 1015 Ὰμάξας
2939 946 3214 1007 εὐσταλεῖς
3271 945 3545 1014 φερούσας
3607 950 3836 1020 ἑτοίμως
3894 953 3994 1022 τῆθ

2425 1038 2728 1104 ἀναγκαίαν
2755 1038 2830 1098 είς
2853 1036 3042 1105 χρείαν
3063 1035 3393 1105 ἀποσκευὴν,
3421 1033 3531 1091 οἷον
3553 1040 3622 1093 τά
3641 1058 3699 1092 τε
3727 1044 3992 1111 είρημένα

2422 1128 2588 1198 ἔργα*
2625 1130 2718 1181 καὶ
2749 1127 3065 1198 χειρόμυλα,
3101 1129 3196 1180 καὶ
3225 1129 3460 1198 πριόνια,
3518 1132 3613 1184 καὶ
3647 1133 3862 1202 ὀρύγια,
3899 1137 3994 1188 καὶ

2425 1218 2660 1287 σφύρας,
2697 1218 2956 1286 πτυάρια,
2989 1216 3266 1283 κοφίνους,
3298 1217 3527 1280 κιλίκια,
3558 1222 3651 1272 καὶ
3682 1223 3735 1273 εῐ
3761 1240 3811 1273 τι
3861 1225 3994 1276 auo

2422 1309 2560 1378 πρὸς
2610 1324 2748 1376 φοσσ
2763 1307 2879 1359 ἧτου
2922 1303 3118 1368 ἔξωθεν
3147 1306 3392 1375 φυλακὴν
3431 1309 3522 1359 καί
3556 1309 3845 1379 περιϐολὴν
3872 1314 3995 1363 ἐπιο

2422 1398 2584 1468 νοηοῇ
2619 1397 2696 1468 τῷ
2733 1394 3021 1465 στρατηγῷ
3054 1395 3121 1447 δι’
3152 1395 3516 1466 ἐλαφροτέρας
3559 1396 3688 1466 ὓλης
3735 1417 3990 1469 μεμηχα-

2422 1490 2672 1560 νημένον.

2493 1579 2558 1643 ζ’·
2599 1579 2821 1650 Ἐτέρας
2848 1580 3063 1649 ἁμάξας
3093 1579 3321 1650 ἐχούσας
3348 1578 3815 1651 τοξοόαλλίστρας,
3849 1601 3992 1651 μαγ-

2422 1673 2622 1741 γανικά
2647 1672 2916 1726 ἀλακάτια
2945 1672 3289 1742 ἑκατέρωθεν
3313 1673 3675 1742 στρεφόμενα,
3699 1676 3992 1743 βαλλιστα-

2425 1765 2574 1834 ρίους
2616 1763 2911 1833 ἐμπείρους
2964 1764 3082 1831 ἢτοι
3129 1767 3555 1833 μαγγαναρὲους,
3601 1765 3991 1835 λεπτουργους,

2424 1855 2644 1924 χαλκεῖς
2673 1854 2810 1923 μετὰ
2835 1853 2942 1905 τῶν
2963 1853 3258 1922 ἐργαλείων
3293 1853 3501 1910 αὐτῶν.
3544 1856 3736 1922 ἑτέρας
3774 1857 3996 1924 ἁμάξας

2422 1944 2582 2012 λόγου
2629 1946 3000 2015 ἁρμαμέντου,
3067 1944 3261 2014 ἐτέρας
3305 1947 3521 2014 ἀμάξας
3575 1948 3673 2012 τας
3720 1949 3993 2017 φερούσας

2422 2033 2750 2103 διαστροφάς
2779 2034 2913 2101 (54).
2948 2031 3059 2085 Καὶ
3089 2032 3158 2085 τὰ
3187 2035 3251 2084 ἐκ
3287 2033 3545 2102 περισσοῦ
3576 2035 3795 2105 ἅρματα
3826 2037 3928 2089 ὅσα
3961 2039 3992 2105 ἡ

2420 2125 2581 2194 χρεία
2616 2125 2789 2190 καλεῖ,
2831 2125 2924 2178 καὶ
2971 2124 3087 2176 ἐστι
3119 2123 3406 2190 ὑποζύγια.
3438 2126 3531 2176 καὶ
3553 2126 3748 2188 ἵππους
3777 2131 3997 2195 σαγμά-

2425 2233 2559 2285 ρια,
2615 2217 2982 2282 σκευοφόρια,
3043 2215 3136 2266 καὶ
3190 2215 3331 2266 αὐτὰ
3393 2214 3450 2267 δὲ
3502 2215 3573 2266 τα
3632 2216 3766 2268 ἄλλα
3813 2220 3994 2270 πάντα

2423 2307 2650 2376 ὄργανα,
2681 2307 2783 2360 ὅσα
2813 2309 2846 2376 ὴ
2893 2306 3148 2376 συνήθεια
3178 2306 3274 2359 τοῦ
3314 2307 3581 2374 φοσσάτου
3625 2310 3998 2378 παρακελεύε-

2361 2463 2365 2467 ,
2422 2415 2534 2450 ται.

2493 2488 2564 2557 η’.
2602 2489 2743 2559 Πρὸς
2793 2488 2848 2540 δὲ
2897 2486 3212 2556 πολιορκίας
3256 2485 3352 2539 καὶ
3385 2489 3697 2556 μαγγανικὲ
3734 2489 3996 2557 διάφορα,

2421 2580 2517 2634 καὶ
2551 2581 2757 2641 σκάλας
2787 2579 3002 2643 ξυλίνας
3030 2576 3477 2646 συστελλόμενας,
3507 2580 3599 2632 καὶ
3626 2580 3788 2649 ἕτερα
3817 2599 3999 2651 μηχαο

2422 2673 2548 2724 νικά
2576 2671 2785 2740 ὄργανα
2815 2672 3138 2739 ἐπινοήσεις.

2496 2759 2558 2814 θ’.
2602 2762 2664 2814 Εἰ
2699 2761 2756 2813 δέ
2788 2761 2920 2830 πρὸς
2956 2760 3232 2828 ποταμοὺς
3261 2758 3297 2828 ἦ
3340 2755 3556 2828 λίμνας,
3587 2759 3683 2811 καὶ
3712 2759 3996 2824 ναυκέλια,

2422 2853 2590 2921 ἤγουν
2618 2851 2780 2903 πλοῖα
2808 2850 3002 2920 μικρὰ,
3031 2849 3064 2918 ἢ
3091 2849 3198 2902 ἀπὸ
3233 2848 3448 2918 βυρσῶν
3482 2850 3996 2918 κατασκευασμένα,

2423 2943 2456 3012 ἢ
2485 2942 2628 2995 κατὰ
2653 2941 2834 3009 φύσιν.
2863 2939 3173 3010 Φροντίσεις
3209 2939 3266 2991 δὲ
3309 2939 3406 2992 καὶ
3433 2939 3740 3008 ἐτοιμάσεις
3769 2942 3864 2992 καὶ
3895 2940 3997 3002 τὰς

2422 3032 2719 3101 λεγομένας
2758 3029 2947 3092 τένδας
2983 3029 3077 3084 καὶ
3120 3028 3372 3095 ἀτεγείας
3405 3029 3549 3098 (55),
3584 3029 3722 3098 μετά
3754 3030 3853 3099 τῆς
3891 3033 3996 3084 αὑ·-

753 3127 1041 3186 apparatu,
1070 3119 1265 3186 quibus
1303 3119 1605 3186 pluviarum
1637 3129 1692 3174 et
1722 3130 1952 3174 aestuum
1990 3121 2098 3173 vim
2146 3122 2322 3190 possis

2424 3123 2528 3174 τῶν
2561 3120 2905 3184 ἐξοπλίσεως,
2925 3123 2981 3172 ἐν
3011 3113 3098 3182 αἷς
3130 3119 3225 3172 καὶ
3252 3118 3421 3172 ὑετῶν
3439 3120 3533 3172 καὶ
3557 3120 3874 3189 καυμάτων,
3905 3125 3999 3175 ὅτε

752 3208 1042 3276 depellere.

828 3299 914 3351 10.
951 3298 1044 3352 Rei
1082 3301 1289 3355 navalis
1320 3302 1634 3370 praelectum
1668 3311 1880 3370 oportet
1912 3317 2076 3356 naves
2104 3316 2318 3371 parare,

752 3387 948 3453 partim
984 3387 1308 3453 bellatrices,
1333 3390 1527 3458 partim
1568 3405 1833 3460 equorum
1856 3391 2142 3456 vectrices,
2195 3407 2322 3458 par-

755 3477 852 3530 tim
889 3479 1240 3542 sarcinarias,
1274 3480 1339 3533 ad
1374 3481 1556 3534 omnia
1590 3497 1741 3535 arma
1777 3481 1965 3537 bellica
2001 3493 2055 3538 et
2104 3499 2320 3538 omnem

752 3560 1069 3637 apparatum
1102 3571 1380 3624 nauticum
1424 3572 1745 3625 vehendum.

826 3750 914 3804 tl.
940 3750 1076 3803 Cum
1111 3749 1201 3803 hic
1222 3758 1516 3819 apparatus
1538 3751 1739 3816 omnis,
1763 3752 1858 3821 qui
1885 3752 2137 3820 superius
2165 3766 2197 3806 a
2237 3769 2324 3808 me

751 3851 1090 3895 memoratus
1122 3849 1224 3904 est,
1262 3842 1453 3910 partim
1491 3843 1589 3897 ahs
1619 3851 1670 3897 te
1700 3843 1840 3911 ipso,
1876 3843 2071 3912 partim
2107 3844 2177 3899 ab
2199 3844 2323 3900 aliis

754 3931 860 3986 sub
892 3940 985 3986 tuo
1015 3931 1296 3986 dominatu
1340 3932 1611 4000 prasfectis
1665 3935 2039 4003 suppeditatus
2101 3943 2157 3989 et
2197 3933 2320 3990 suf-

755 4022 929 4077 fectus
970 4023 1061 4086 sit,
1106 4037 1258 4076 arma
1313 4025 1507 4092 partim
1561 4025 1627 4078 ad
1679 4026 2074 4094 propulsandos
2117 4026 2321 4090 hostes,

752 4113 949 4182 partim
966 4114 1032 4167 ad
1056 4114 1425 4182 proeliantium
1449 4115 1682 4169 militum
1705 4115 2098 4178 defensionem,
2126 4116 2324 4184 partim

753 4204 986 4258 aliarum
1031 4219 1212 4258 rerum
1244 4221 1402 4260 usum
1443 4214 1606 4274 atque
1645 4205 2053 4275 occupationem
2081 4206 2322 4274 paranda

753 4306 904 4350 SUIIL

825 4387 915 4443 12.
947 4387 1180 4444 Maxime
1222 4399 1402 4444 autem
1434 4404 1712 4444 armorum
1758 4387 2082 4443 bellicorum
2133 4402 2320 4443 curam

2427 3213 2609 3281 χρεία,
2641 3211 2782 3274 ἕξεις
2815 3209 3148 3279 ἐλευθερίαν.

2495 3302 2546 3356 ι’.
2588 3303 2711 3364 Tot;
2753 3301 2810 3354 δὲ
2849 3301 3146 3369 ναυμάχοις
3176 3303 3500 3371 στρατηγοῖς
3527 3304 3623 3356 καὶ⁵
3655 3303 3789 3366 ναῦς
3819 3321 4000 3372 παρα-

2423 3390 2712 3454 σκευάζειν
2749 3389 3178 3456 ἐξωπλισμένας,
3211 3390 3309 3452 τάς
3345 3391 3442 3458 μὲν
3478 3392 3770 3461 μαχίμους,
3806 3393 3905 3454 τας
3939 3393 3999 3445 δὲ

2427 3480 2803 3546 ἱππαγωγοὺς,
2839 3477 2936 3539 τὰς
2973 3477 3030 3530 δέ
3065 3478 3448 3548 σκευοφόρους,
3495 3481 3610 3549 ἅμα
3645 3483 3706 3549 τῇ
3736 3483 3868 3552 περὶ
3897 3485 3998 3535 αἰδ-

2423 3572 2520 3633 τὰς
2543 3569 2731 3641 ἁπάσῃ
2760 3568 3295 3639 χρειώδειπανοπλία
3322 3569 3415 3622 καὶ
3439 3571 3713 3641 ἀποσκευῇ
3746 3588 4000 3639 παρακε-

2423 3661 2710 3730 λευόμεοα.

2499 3746 2588 3800 ια’.
2627 3748 2750 3800 Τῶν
2771 3748 2826 3800 δὲ
2849 3747 3320 3817 ἀπαριομημένων
3352 3765 3433 3802 σοι
3463 3752 3827 3820 παρασκευῶν
3859 3753 4002 3806 ἀνω·

2424 3837 2570 3907 τέρω
2596 3838 2702 3890 τῶν
2728 3838 2819 3890 καὶ
2847 3837 3172 3905 ὀφειλουσῶν
3200 3838 3362 3891 τινῶν
3394 3839 3493 3908 μὲν
3524 3842 3670 3910 παρὰ
3697 3842 3814 3906 σοῦ,
3836 3844 4002 3894 τινῶν

2423 3931 2480 3985 δὲ
2511 3930 2660 4000 παρὰ
2685 3928 2793 3982 τῶν
2817 3929 2922 3981 ὑπὸ
2951 3929 3010 3982 σὲ
3043 3930 3318 4000 ἀρχόντων
3342 3931 3434 3983 καὶ
3464 3933 3812 4001 στρατιωτῶν
3845 3937 4000 4005 πορί-

2426 4017 2632 4084 ζεσθαι,
2688 4019 2756 4071 τὰ
2799 4018 2900 4088 μὲν
2951 4018 3089 4072 ὅπλα
3139 4018 3280 4083 ἕξεις
3320 4021 3396 4079 είς
3435 4020 3648 4089 ἄμυναν
3695 4022 3803 4074 τῶν
3839 4025 4001 4075 πολε-

2430 4109 2586 4178 μίων,
2642 4108 2710 4161 τὰ
2749 4107 2807 4160 δὲ
2859 4109 2938 4171 είς
2996 4107 3241 4176 φυλακήν
3287 4109 3394 4161 τῶν
3439 4110 3758 4179 μαχομένων
3829 4130 3999 4182 στρα-

2425 4198 2658 4261 τιωτῶν,
2707 4197 2777 4250 τὰ
2817 4197 2874 4251 δὲ
2928 4199 3008 4260 εἰς
3059 4199 3159 4267 τὴν
3211 4197 3376 4268 ἄλλην
3437 4200 3624 4269 χρείαν
3663 4201 3847 4256 αὐτῶν
3908 4209 4003 4256 καὶ

2428 4287 2758 4356 ὑπηρεσίαν.

2501 4376 2588 4447 ιβ’.
2629 4379 2738 4431 Καὶ
2770 4377 3003 4448 μάλιστα
3031 4377 3142 4430 τῶν
3184 4377 3493 4448 πολεμικῶν
3521 4378 3703 4432 ὃπλων
3727 4381 4003 4454 ἐπιμελή-

753 4491 929 4543 gcres,
961 4486 1022 4531 ut
1059 4479 1338 4547 splendida
1385 4489 1438 4533 et
1477 4487 1635 4532 acuta
1666 4477 1733 4532 ad
1777 4478 1959 4532 hostes
2001 4477 2323 4546 perterrefa-

2433 4488 2523 4545 σῃ,
2553 4472 2628 4535 ὡς
2657 4473 2724 4526 ἂν
2748 4472 3218 4540 διαφυλάττωνται
3255 4472 3490 4525 πάντοτε
3518 4472 3745 4542 λαμπρὰ
3777 4477 3874 4528 καὶ
3914 4494 4004 4528 τε.

754 4567 983 4622 ciendos
1012 4581 1431 4625 conserventur.
1477 4569 1602 4624 Haec
1631 4570 1813 4622 omnia
1857 4568 2145 4640 diligenter
2185 4586 2324 4639 pra:-

755 4657 995 4725 parabis,
1030 4671 1087 4712 ut
1131 4659 1184 4712 in
1220 4670 1474 4729 promptu
1502 4675 1626 4715 esse
1661 4659 1874 4730 possint
1912 4659 1978 4712 ad
2013 4675 2171 4713 usum
2201 4659 2324 4714 belli

754 4749 844 4813 iis,
890 4748 984 4818 qui
1023 4764 1082 4804 se
1137 4765 1236 4818 pro
1269 4751 1467 4804 virtute
1499 4761 1716 4804 armant
1747 4759 1940 4804 contra
1986 4751 2169 4805 hostes
2213 4767 2227 4817 ;
2273 4764 2326 4805 et

753 4854 1094 4908 nequaquam
1120 4841 1249 4896 illud
1275 4850 1510 4909 tempus,
1529 4842 1584 4896 in
1610 4856 1722 4910 quo
1746 4842 1893 4896 acies
1917 4841 2112 4895 instrui
2144 4841 2325 4904 debet,

753 4941 969 4999 tempus
1021 4933 1498 5001 praeparandorum
1553 4947 1830 4986 armorum
1868 4931 2056 4986 facias.
2111 4931 2234 4986 Haec
2273 4943 2328 4987 ct

755 5021 799 5074 si
827 5037 932 5091 qua
975 5023 1080 5075 alia
1107 5037 1136 5076 a
1161 5023 1315 5077 nobis
1345 5032 1566 5092 propter
1602 5023 1930 5078 oblivionem
1963 5023 2325 5091 praetermissa

755 5123 905 5178 sunt,
952 5114 1261 5168 necessario
1290 5113 1458 5168 debes
1501 5128 1807 5183 praeparare
1835 5129 1853 5178 ;
1887 5113 1932 5168 si
1965 5128 2092 5168 vero
2121 5114 2325 5182 aliquid

754 5204 1068 5274 excogitare
1117 5205 1326 5274 possis,
1379 5203 1490 5259 Deo
1527 5205 1717 5274 gratiae
1749 5204 1971 5274 agenda:
2006 5213 2061 5258 et
2091 5204 2327 5258 solertiae

757 5304 866 5350 tua:
889 5303 1036 5348 sunt.

835 5386 926 5446 l3.
969 5388 1110 5442 Ante
1149 5389 1336 5443 omnia
1373 5399 1558 5443 autem
1605 5386 1697 5442 Dei
1733 5386 2006 5453 timorem,
2043 5386 2320 5457 ingenium

2427 4564 2680 4633 ταγμὲνα
2711 4563 2846 4632 πρὸς
2899 4560 3239 4631 κατάπληξιν
3292 4561 3400 4613 τῶν
3453 4561 3746 4631 πολεμίων.
3813 4565 4006 4619 Ταῦτα

2427 4659 2605 4711 πάντα
2661 4655 3142 4725 προευτρεπίσεις,
3198 4655 3286 4708 ἵνα
3334 4654 3393 4706 ἐν
3448 4655 3648 4724 ἐτοίμῳ
3693 4650 3829 4709 ὦσιν
3892 4662 4005 4722 τοῖς

2428 4749 2566 4816 ὑπὲρ
2611 4745 2811 4817 ἀρετῆς
2852 4747 3039 4814 χεῖρας
3076 4743 3354 4807 ὁπλίζουσιν
3389 4745 3531 4797 κατὰ
3576 4744 3684 4796 τῶν
3725 4746 4006 4816 πολεμίων

2428 4838 2520 4890 καὶ
2546 4837 2620 4906 μὴ
2651 4837 2740 4888 τὸν
2771 4833 3131 4904 παρατάξεως
3178 4834 3364 4904 καιρὸν
3407 4835 3763 4904 παρασκευῆς
3809 4840 4006 4907 καιρὸν

2427 4925 2713 4996 ἀναγκάζῃ
2766 4924 3056 4978 ποιεῖσθαι.
3117 4923 3304 4977 Ταῦτα
3359 4923 3416 4976 δὲ
3485 4925 3582 4977 καὶ
3653 4925 3815 4990 ἄλλα,
3901 4929 4007 4980 ὅσα

2428 5021 2560 5088 ἡμῖν
2613 5018 3042 5088 παραλέλειπται
3093 5015 3181 5068 διά
3230 5015 3422 5086 λήθην,
3457 5017 3516 5081 ἐξ
3559 5016 3806 5086 ἀνάγκης
3849 5017 4001 5084 ὀφεί-

2428 5109 2540 5173 λεις
2610 5108 3066 5177 παρασκευάζειν.
3140 5106 3202 5159 Ei
3258 5105 3316 5158 δέ
3372 5122 3425 5158 τι
3479 5105 3641 5159 πλέον
3689 5107 3770 5168 είς
3820 5106 4005 5160 ὅπλων

2429 5201 2781 5273 παρασκευὴν
2817 5200 3144 5269 ἐπινοήσεις,
3190 5195 3270 5268 τῷ
3314 5196 3431 5268 Θεῷ
3475 5197 3634 5267 χάρις
3685 5199 3778 5250 καὶ
3833 5201 3904 5268 τῇ
3937 5201 4003 5268 σῇ

2429 5294 2701 5364 ἀγχινοίᾳ.

2502 5384 2592 5463 ιγ’.
2622 5385 2734 5456 Πρὸ
2768 5383 2826 5436 δέ
2855 5383 3074 5438 πάντων
3113 5381 3204 5435 καὶ
3233 5381 3370 5452 μετὰ
3397 5381 3612 5435 πάντων
3643 5381 3809 5450 φόὸον
3839 5381 4003 5445 Θεοῦ,

2286 5497 2514 5554 NOTAE.

835 5592 945 5662 (53)
964 5593 1246 5647 Γούκινα.
1299 5593 1435 5650 Male
1463 5595 1516 5650 in
1537 5594 1705 5650 Checi
1737 5592 1922 5665 codice
1951 5591 2197 5662 κούνινα,
2217 5594 2309 5665 qui

763 5663 935 5734 etiam
965 5677 1072 5717 non
1104 5666 1347 5734 agnoscit
1377 5665 1500 5726 ista,
1538 5665 1633 5734 κα).
1669 5664 1898 5734 μεγάλα.

838 5729 948 5801 ὧι)
971 5729 1353 5802 Διαστροφιίς.
1388 5733 1578 5791 Scribe
1601 5729 1908 5800 διατροφάς.

2486 5591 2599 5668 (ξεῦ)
2651 5589 3064 5668 Καὶᾴτςγείᾳς.
3091 5586 3381 5668 Pe'rperim
3403 5594 3536 5666 erat.
3574 5587 3626 5638 in
3647 5584 3838 5668 codice
3896 5585 4001 5668 [fat

2430 5653 2748 5786 latiiiqinxat
2772 5653 3075 5727 ἀτελγεξας.
3132 5653 3266 5712 Vide
3293 5653 3635 5712 Glossarium
3690 5654 4006 5714 doctissimi

2497 5745 2581 5797 iga
2629 5746 2686 5784 tt.
