4176 6446
754 360 851 429 12⁸1

1981 362 2256 424 LEONIS
2295 362 2751 424 PIIlLOSOPIII

3904 365 4011 430 72$

820 469 875 524 4.
910 468 966 525 Si
1002 470 1110 525 lleri
1130 478 1324 540 potest,
1358 470 1591 526 habeant
1613 471 1870 536 clibania,
1896 488 2035 542 quos
2066 474 2318 527 thoracas

2490 473 2550 527 δ’.
2575 474 2635 525 Εἰ
2702 472 2925 527 δυνατὸν
2962 472 3017 527 δὲ
3052 473 3145 526 καὶ
3174 471 3427 544 θώρακας
3465 473 3629 544 ἔχειν,
3665 475 3862 540 οἵτινες
3907 496 4012 532 κα-

749 571 967 626 vocant,
1008 577 1210 632 eosque
1264 561 1502 618 illustres
1559 578 1623 618 ac
1670 564 2026 634 splendidos;
2078 572 2132 618 et
2167 564 2322 617 ποδό-

748 652 939 724 ψελλα,
971 664 1025 709 et
1056 654 1472 725 πτερνιστῆρας,
1504 671 1624 725 qua:
1653 672 1827 712 ocrea:
1860 658 2233 723 nominantur,
2267 667 2322 712 et

752 747 1128 817 superloricas,
1164 746 1209 801 si
1240 748 1461 819 quando
1490 763 1625 818 opus
1656 748 1793 815 illis,
1827 749 2078 821 induant.

820 920 874 974 5.
900 919 1101 977 Omnes
1134 932 1315 978 autem
1348 924 1807 981 adolescentiores
1842 926 2121 984 Romanos
2148 944 2325 1001 usque

752 1014 817 1066 ad
883 1014 1242 1085 quadraginta
1318 1032 1586 1072 annorum
1663 1026 1917 1082 aetatem,
2007 1036 2323 1091 quanquam

752 1120 944 1174 parum
1010 1108 1095 1162 vel
1150 1108 1283 1163 nihil
1334 1108 1512 1164 sciant
1554 1112 1875 1181 sagittarum
1920 1112 2324 1183 jacicndarum,

752 1214 935 1269 coges,
975 1217 1157 1279 arcum
1210 1212 1265 1257 et
1326 1203 1637 1274 pharetram
1696 1215 1911 1275 gestare
1955 1225 1971 1262 :
2034 1218 2323 1279 postquam

753 1289 895 1344 enim
916 1306 1005 1346 ars
1023 1278 1306 1361 sagittaria
1330 1304 1638 1364 contempta
1666 1304 1959 1366 spretaque
1987 1312 2111 1354 esse
2137 1278 2321 1371 coepit,

753 1381 1035 1449 permultae
1072 1381 1336 1438 Romanis
1367 1385 1692 1441 olfensiones
1725 1388 2078 1443 accedebant.

825 1469 881 1528 6.
922 1470 1138 1527 llabeas
1166 1475 1328 1528 etiam
1354 1476 1539 1530 hastas
1581 1476 1742 1541 duas,
1776 1490 1835 1533 ut
1865 1482 2031 1534 altera
2069 1481 2327 1537 deﬁcien-

757 1571 831 1626 te,
894 1562 1061 1617 allera
1106 1564 1287 1619 statim
1316 1566 1392 1619 uti
1432 1569 1630 1637 possis.
1686 1570 2118 1641 lmpcritiorihus
2165 1590 2326 1631 arcus

757 1650 1143 1708 imbecilliores
1170 1654 1297 1709 dato
1329 1672 1343 1721 ;
1374 1672 1685 1726 quanquam
1717 1660 1860 1713 enim
1897 1661 2327 1731 sagittasjacere

755 1738 1026 1806 nesciunt,
1052 1750 1294 1812 tempore
1325 1754 1505 1800 tamen
1550 1747 1761 1803 discere
1790 1752 2155 1818 conabuntur,
2180 1755 2324 1822 quod

756 1828 813 1885 in
844 1831 1035 1899 primis
1075 1835 1412 1891 conducibile
1443 1846 1545 1891 est.

2425 559 2640 613 λοῦνται
2661 558 2756 613 νῦν
2778 560 3049 623 κλιὸάνια,
3075 559 3170 612 καὶ
3198 560 3337 613 αὐτὰ
3363 560 3591 614 στιλπνὰ
3629 561 3723 612 καὶ
3757 560 4011 631 λαμπρά.

2427 652 2537 706 Kal
2560 652 2978 722 περικνημίδας,
3005 651 3163 705 άτινα
3184 651 3403 719 λέγεται
3432 651 3528 705 νῦν
3562 652 3878 718 acassam,
3918 656 4015 707 καὶ

2426 744 2830 814 ⁴ιττίιτερνιστῆρας
2862 744 3067 798 ἐνίοτε’
3126 742 3274 816 ἔχειν
3330 743 3387 797 δέ
3439 744 3535 798 καί
3569 744 3876 816 ἐπιλώρικα
3922 744 4011 799 δτε

2426 833 2581 903 χρεία
2608 832 2997 900 ἐπενδυόμενα.

2496 932 2561 979 ε’.
2581 927 2792 987 Πάντας
2807 925 2864 979 δέ
2880 926 3007 988 τοὺς
3025 924 3325 995 νεωτέρους
3350 922 3657 992 Ῥωμαίους
3675 926 3802 997 ἄχρι
3816 942 4014 980 τεσσα-

2428 1018 2664 1088 ράκοντα
2688 1017 2823 1071 ἐτῶν
2845 1016 3274 1086 ἀναγκάζεσθαι,
3295 1017 3403 1069 εἴτε
3424 1015 3619 1090 [κατὰ]
3650 1016 3806 1085 λόγον
3832 1019 4011 1073 οἴδασι

2425 1108 2676 1173 τοξεῦσαι
2704 1111 2813 1164 εἴτε
2841 1109 2936 1164 καὶ
2967 1110 3227 1180 μετρίως,
3261 1107 3357 1163 τοῦ
3384 1110 3604 1173 πάντως
3631 1110 4011 1181 τοξοφάρετρα

2426 1205 2635 1273 φορεῖν.
2670 1205 2780 1273 Τῆς
2813 1204 2921 1275 γάρ
2955 1201 3171 1267 τοξείας
3200 1201 3481 1266 παντελῶς
3512 1202 3883 1275 ἀμεληθείσης
3918 1203 4013 1257 καὶ

2425 1298 2796 1370 διαπεσούσης
2835 1301 2893 1352 ἐν
2923 1301 3034 1362 τοῖς
3069 1298 3361 1369 Ῥωμαίοις
3397 1298 3467 1352 τά
3511 1297 3681 1352 πολλά
3708 1297 3803 1352 νῦν
3847 1296 4010 1352 ιῖωθι

2429 1392 2724 1462 σφάλματα
2754 1392 3019 1460 γίνεσθαι.

2499 1488 2571 1546 ς’.
2615 1482 2801 1549 Ἐχειν
2829 1481 2885 1533 δὲ
2918 1481 3013 1533 καὶ
3042 1477 3305 1549 κοντάρια
3347 1477 3461 1541 δύο,
3501 1479 3589 1532 ῖνα
3607 1476 3703 1531 τοῦ
3749 1477 3891 1543 ἐνὸς,
3934 1478 4010 1542 ὡς

2427 1574 2595 1640 εἰκὸς,
2632 1573 2993 1643 ἁστοχοῦντος
3047 1573 3144 1645 ἔχῃ
3175 1574 3237 1627 τὺ
3264 1574 3394 1628 ἄλλο
3423 1576 3503 1638 είς
3544 1576 3762 1646 χρῆσιν,
3790 1574 3919 1637 τοὺς
3952 1572 4011 1627 δὲ

2425 1666 2812 1737 ἀπειροτέρους
2835 1665 3161 1736 ἁπαλώτερα
3184 1665 3331 1735 ἐχειν
3358 1664 3604 1739 τοξάρια.
3629 1666 3747 1719 Κᾶν
3773 1664 3881 1734 γάρ
3910 1663 4010 1716 οὐκ

2427 1757 2603 1811 οἴδασι
2626 1756 2892 1823 τοξεύειν,
2920 1755 2999 1826 τῷ
3025 1757 3203 1828 χρόνῳ
3223 1755 3601 1826 ἐπιτηδεύουσι
3633 1755 3847 1825 μαθεῖν,
3871 1754 4015 1823 ὅπερ

2428 1849 2536 1901 τῶν
2566 1850 2905 1918 ἀναγκαίων.

824 1898 880 1973 ’1.
919 1921 974 1974 Si
1004 1922 1054 1976 id
1097 1924 1381 1979 commode
1432 1925 1546 1980 lleri
1580 1936 1776 1992 potest.
1807 1929 2088 1998 rhictaria,
2127 1932 2177 1986 id
2217 1944 2320 2001 est,

2442 1898 2777 2005 --ξιδέᾑ
2789 1898 3013 1994 δῖδνατδν
3047 1940 3143 1993 καὶ
3170 1940 3392 1994 ἀκόντια
3428 1940 3547 2011 ἤτοι
3579 1939 3832 2012 ρικτάρια
3864 1938 4015 2008 ἔχειν

750 2010 935 2079 jacula
965 2011 1018 2066 in
1054 2013 1237 2070 hostes
1266 2016 1581 2087 conjiciaut.
1618 2016 1868 2089 Equitem
1896 2021 2059 2092 igitur
2089 2023 2156 2077 ad
2184 2023 2329 2080 hunc

756 2102 980 2157 modum
1014 2107 1274 2162 armabis.

826 2278 882 2335 8.
921 2279 1057 2353 Equi
1108 2294 1329 2349 autem,
1382 2286 1475 2341 sed
1525 2287 1900 2356 praefectorum
1956 2292 2329 2360 potissimum,

756 2370 1204 2444 reliquorumque
1260 2378 1523 2431 lectorum
1575 2380 1839 2443 virorum,
1893 2374 2221 2451 pectoralia,
2276 2396 2330 2441 ct

757 2455 1009 2512 frontalia
1028 2461 1106 2513 vel
1125 2462 1318 2529 l'crrea,
1335 2463 1493 2517 velex
1518 2466 1794 2521 centluclis
1810 2467 1952 2522 facta
1974 2471 2226 2535 habeant,
2246 2474 2330 2528 Vl'l

757 2562 880 2617 qua:
908 2564 974 2602 ex
1002 2550 1182 2605 nervis
1212 2552 1539 2615 elliciuntur,
1572 2564 1626 2609 et
1661 2566 1914 2625 tegantur
1953 2572 2173 2629 pectora
2211 2564 2331 2618 illo-

758 2653 903 2704 rum,
923 2648 977 2692 et
996 2640 1154 2702 colla,
1178 2642 1221 2695 si
1239 2641 1353 2697 ﬁeri
1379 2647 1569 2711 possit,
1585 2656 1638 2700 et
1654 2657 1869 2702 ventres
1889 2665 1982 2716 per
2001 2666 2163 2718 parva
2183 2669 2331 2721 quaa-

758 2729 883 2784 datn
934 2746 1398 2800 apocremasmata
1427 2751 1639 2803 eorum,
1676 2756 1798 2806 qua:
1841 2741 2028 2797 lelctra
2069 2747 2327 2803 sellarum

757 2820 1047 2890 dicuntur;
1104 2840 1133 2878 a
1185 2830 1397 2896 magnis
1462 2830 1607 2883 enim
1666 2847 1807 2902 saepe
1851 2836 2106 2903 periculis
2161 2854 2331 2909 equos

757 2910 1013 2978 liberant,
1058 2926 1220 2986 atque
1274 2920 1409 2974 adeo
1442 2920 1587 2991 ipsos
1620 2929 1853 2993 equites.
1888 2925 2011 2984 Haec
2044 2931 2096 2984 in
2142 2935 2331 3001 primis

758 3002 994 3059 habeant
1026 3006 1125 3072 illi,
1156 3010 1250 3078 qui
1281 3020 1506 3069 caeteros
1544 3014 1598 3068 in
1632 3016 1774 3072 bello
1809 3030 2090 3077 anteeunt.

2428 2026 2669 2095 ἐωςδύο,
2697 2032 2785 2085 ἵνα
2820 2032 2880 2085 ἐν
2908 2030 3088 2101 καιρῷ
3122 2030 3215 2083 καὶ
3256 2022 3519 2103 ἆκοντίσῃ
3551 2030 3691 2084 κατὰ
3725 2028 3823 2083 τοῦ
3854 2027 4015 2083 πολε-

2434 2124 2580 2192 μίου.
2613 2124 2724 2177 Kal
2766 2123 2858 2177 τὸν
2904 2123 3003 2193 μέν
3044 2123 3215 2176 ἱππέα
3259 2121 3598 2192 στρατιώτην
3643 2120 3817 2184 οὕτως
3863 2119 4016 2172 δπλίο

2431 2230 2565 2276 σεις.

2497 2302 2569 2373 η’.
2605 2304 2744 2366 Τοὺς
2767 2304 2824 2356 δὲ
2849 2304 3049 2366 ἵππους
3070 2305 3166 2359 xal
3200 2304 3433 2375 μάλιστα
3458 2304 3566 2359 τῶν
3595 2305 3894 2375 ἀρχόντων,
3920 2304 4018 2360 καὶ

2430 2393 2541 2447 τῶν
2570 2393 2770 2446 λοιπῶν
2813 2393 3140 2458 ἐπιλέκτων,
3175 2394 3535 2465 προμετώπια
3564 2395 3730 2466 ἐχειν,
3760 2397 3857 2449 καὶ
3884 2412 4017 2466 στηι

2432 2485 2615 2555 θάρια,
2660 2485 2693 2553 ἥ
2740 2485 3018 2556 σιδηρᾶ,ἢ
3064 2485 3171 2538 άπδ
3222 2485 3577 2551 κενδούκλων,
3618 2481 3729 2541 οἷον
3762 2487 4012 2555 νευρικά.

2431 2574 2543 2628 Kal
2570 2573 2866 2628 σκέπεσθαι
2899 2574 2967 2629 τά
2998 2576 3168 2647 στήθη
3196 2576 3441 2639 καὶτοὺς
3479 2577 3780 2647 τραχήλους
3804 2577 4014 2641 αὐτῶν,

2430 2668 2479 2719 εί
2519 2666 2764 2727 δυνατὸν,
2799 2668 2894 2719 καὶ
2927 2666 3026 2729 τάς
3069 2667 3277 2729 κοιλίας
3321 2666 3409 2720 διὰ
3450 2668 3665 2738 μικρῶν
3693 2671 4019 2740 ἀποκρεμα-

2433 2759 2654 2828 σμάτων
2685 2759 2791 2811 άπὸ
2818 2759 2926 2811 τῶν
2978 2758 3287 2829 λεγομένων
3320 2760 3633 2831 άφελέτρων
3660 2762 3762 2832 τῆς
3796 2763 3912 2815 σέλ)
3924 2780 4015 2826 ας.

2431 2851 2702 2917 Μεγάλων
2726 2851 2833 2921 γάρ
2859 2850 3035 2905 ταῦτα
3066 2850 3330 2905 κινδύνων
3358 2852 3622 2917 πολλάκις
3648 2853 3775 2917 τοὺς
3808 2854 4018 2917 ἵππους

2432 2942 2776 3008 διασώζουσι,
2798 2944 2891 2998 καὶ
2913 2944 2978 2997 δι’
3000 2944 3180 2998 αὐτῶν
3202 2945 3327 3006 τοὺς
3348 2944 3437 2998 ἐπ’
3456 2945 3635 2999 αὐτῶν
3656 2946 4013 3016 ὀχουμένους.

2434 3034 2618 3086 Ταῦτα
2646 3034 2699 3088 δὲ
2727 3036 2871 3103 ἔχειν
2902 3035 2997 3089 καὶ
3030 3034 3265 3104 μάλιστα
3293 3036 3419 3099 τοὺς
3444 3037 3920 3109 προτασσομένους
3956 3038 4017 3091 ἐν

2432 3127 2498 3195 τῇ
2533 3125 2707 3195 μάκηο

824 3180 880 3237 9.
933 3182 998 3238 Ει
1036 3185 1181 3240 sellae
1231 3186 1467 3244 habeant
1504 3193 1725 3261 episelia
1776 3196 1985 3252 hirsuta
2019 3206 2073 3253 et
2116 3215 2329 3272 magna.

2473 3180 2570 3269 ..θλ
2597 3180 2704 3269 ﬁt
2736 3218 2791 3270 αἱ
2828 3216 3011 3271 σέλλαι
3037 3216 3096 3270 δὲ
3126 3217 3398 3287 ἐχέτωσαν
3427 3218 3704 3271 ἐπισέλλια
3723 3218 3893 3272 δασέα
3918 3218 4020 3273 καὶ

757 3269 934 3329 Frena
964 3285 1146 3331 autem
1178 3279 1394 3335 illorum
1434 3283 1626 3339 idonea
1661 3286 1773 3341 sint
1795 3296 1849 3341 et
1880 3287 2062 3345 fortia.

831 3452 917 3507 10.
959 3454 1038 3507 Ad
1089 3456 1249 3513 sellas
1291 3458 1428 3516 duas
1460 3460 1664 3521 ferreas
1711 3467 1886 3523 scalas
1914 3478 1967 3523 et
2000 3469 2330 3537 lurosocum,

757 3550 814 3597 et
842 3543 1101 3613 pedilnm,
1128 3560 1182 3603 et
1210 3551 1630 3623 sellopungium,
1666 3566 1725 3610 ut
1758 3574 1867 3627 quo
1898 3570 2140 3631 tempore
2163 3565 2331 3617 advo-

634 3648 639 3656 λ
756 3645 915 3690 catur
948 3638 1146 3707 aliquis
1170 3642 1416 3699 sullicere
1445 3659 1721 3717 sumptum
1752 3651 1982 3705 duorum
2029 3664 2122 3709 aut
2166 3656 2329 3711 trium

757 3725 970 3782 dierum
1012 3732 1221 3800 possit;
1268 3745 1321 3788 et
1353 3738 1536 3807 tnphia
1570 3740 1635 3794 ad
1679 3742 2035 3813 epistbelinas
2069 3756 2329 3817 quatuor,

758 3829 811 3873 ct
842 3822 1139 3887 verticalia,
1176 3827 1298 3896 equi
1331 3831 1601 3899 tuphium,
1633 3842 1685 3889 et
1709 3834 1961 3892 similiter
1985 3839 2329 3913 ὑπογήνειον,

759 3910 812 3966 id
842 3920 947 3977 est,
976 3928 1365 3975 summentum.

830 4003 915 4058 ll.
964 4005 1199 4064 Omnino
1241 4021 1421 4068 autem
1453 4017 1691 4085 equitem
1743 4019 1941 4076 habere
1985 4034 2199 4093 oportet
2232 4028 2325 4081 tzi-

758 4108 944 4150 curem
999 4100 1330 4169 ancipitem,
1388 4120 1551 4160 unam
1614 4109 1786 4163 aciem
1847 4110 2022 4167 instar
2088 4117 2330 4185 cuspidis

757 4186 930 4242 hastae
962 4188 1197 4259 longam.
1228 4202 1282 4248 et
1313 4206 1527 4252 acutam
1558 4199 1611 4254 in
1643 4200 1776 4256 sella
1808 4217 1934 4259 cum
1960 4205 2114 4261 theca
2145 4208 2329 4263 coria-

756 4289 851 4330 eea
883 4278 1229 4346 pendentem.

831 4367 920 4423 12.
943 4367 1134 4428 Vestes
1154 4375 1535 4442 militum,sive
1554 4381 1667 4434 sint
1684 4379 1861 4447 linea).
1876 4382 1993 4439 sive
2009 4384 2200 4451 lanea,
2214 4388 2329 4445 sive

754 4473 822 4514 ex
862 4459 967 4515 alia
999 4466 1246 4530 materia,
1279 4466 1417 4524 latas
1449 4483 1572 4525 esse
1598 4481 1830 4541 oportet,
1865 4482 1925 4529 ut
1962 4477 2029 4530 ad
2072 4479 2327 4549 equitan-

2436 3306 2665 3376 μεγάλα,
2693 3307 2789 3362 καὶ
2811 3307 2881 3361 τὰ
2903 3307 3193 3377 χαλινάρια
3226 3307 3407 3362 αὐτῶν
3437 3309 3716 3380 ἐπιτήδεια
3741 3309 4020 3374 εστωσαν,

2433 3399 2526 3452 καὶ
2556 3400 2775 3469 ἰσχυρά.

2504 3491 2555 3546 ι’.
2585 3493 2678 3556 Εἰς
2702 3494 2759 3547 δὲ
2788 3493 2885 3556 τὰς
2919 3494 3110 3557 σέλλας
3137 3495 3237 3558 τὰς
3271 3493 3365 3548 δύο
3402 3494 3630 3566 σιδηρᾶς
3656 3496 3885 3561 σκάλας,
3919 3498 4017 3552 καὶ

2431 3581 2742 3653 λωρόσακον
2766 3584 2900 3653 (62),
2930 3586 3024 3638 καὶ
3053 3585 3326 3649 πέδικλον,
3362 3586 3457 3640 καὶ
3504 3587 3931 3661 σελλοπούγγην,
3958 3592 4018 3643 ἐν

2430 3665 2474 3740 ᾧ
2501 3673 2677 3743 καιρῷ
2712 3675 3003 3737 καλοῦντος
3030 3675 3253 3730 δυνατόν
3283 3677 3399 3730 ἐστι
3440 3677 3538 3731 καὶ
3565 3678 3732 3750 τριῶν
3757 3681 3792 3751 ἦ
3817 3681 4018 3736 τεσσά⁴

2435 3781 2541 3833 ρων
2570 3765 2793 3834 ἡμερῶν
2818 3766 3064 3837 δαπάνην
3087 3768 3357 3837 χωρῆσαι.
3380 3768 3489 3822 Καὶ
3508 3769 3706 3838 τουφία
3733 3770 3793 3824 δέ
3815 3773 3899 3834 είς
3918 3772 4018 3837 τὰς

2431 3854 2807 3919 ὀπισθελλίνας
2860 3857 3123 3927 τέσσαρα.
3163 3859 3273 3911 Kal
3322 3860 3638 3930 κορυφάδην
3686 3859 3783 3913 τοῦ
3841 3862 4021 3916 fumo

2430 3946 2618 4012 τουφὶν
2644 3945 2780 4014 (63).
2812 3948 2906 3998 καὶ
2926 3948 3251 4017 ὑπογήνειον
3279 3948 3503 4018 ὁμοίως.

2508 4032 2600 4087 ια’.
2638 4034 2860 4095 Πάντως
2906 4034 2963 4086 δὲ
3010 4034 3155 4103 ἔχειν
3197 4034 3280 4087 δεῖ
3321 4035 3413 4087 τὸν
3455 4034 3819 4109 καδαλλάριον
3850 4053 4023 4106 στρα-

2428 4121 2627 4192 τιώτην
2648 4124 2743 4175 καὶ
2763 4122 3039 4193 τζικοῦριν
3064 4121 3341 4193 δίστομον,
3364 4124 3425 4177 τὸ
3455 4123 3515 4177 ἐν
3544 4125 3719 4193 στόμα
3749 4124 3909 4190 τάξιν
3937 4126 4017 4191 είς-

2431 4229 2562 4281 φους
2614 4214 2899 4281 κονταρίου
2946 4215 3155 4284 μακρὸν
3222 4216 3317 4267 καὶ
3370 4212 3463 4278 ὀξὺ
3490 4255 3505 4277 ,
3552 4216 4019 4287 ἁποκρεμάμενον

2432 4304 2571 4373 μετά
2592 4304 2855 4374 θηκαρίου
2876 4304 3201 4376 δερματίνου
3231 4308 3289 4358 ἐν
3309 4308 3375 4375 τῇ
3406 4305 3593 4377 una.

2500 4394 2589 4465 ιβ’.
2622 4396 2700 4447 Τά
2729 4396 2783 4449 δὲ
2814 4396 3003 4464 ἱμάτια
3053 4395 3161 4447 τῶν
3206 4395 3577 4465 στρατιωτῶν,
3610 4395 3723 4449 εἴτε
3766 4395 3891 4450 λινᾶ
3936 4400 4019 4452 si-

2430 4483 2537 4547 σὶν,
2559 4484 2669 4537 εἴτε
2704 4485 2762 4551 ἐξ
2788 4486 2959 4554 ἐρίου,
2995 4485 3028 4554 ἢ
3063 4486 3256 4556 ἐτέρας
3293 4486 3448 4555 ὓλης,
3470 4486 3683 4541 πλατέα
3726 4488 3811 4541 δεῖ
3847 4484 4021 4553 εἶναι.

756 4551 885 4607 dum
915 4568 1021 4609 nou
1075 4555 1457 4626 impediantur,
1507 4571 1561 4617 et
1620 4538 1800 4636 tegant
1846 4538 2329 4645 minuma-genua

2431 4538 2603 4630 lva'lv
2631 4575 2709 4646 τῷ
2740 4538 3261 4647 καθαλλικεύεινιμη
3281 4538 3706 4647 aggesta],
3754 4580 3895 4634 ἀλλὰ
3922 4538 4021 4635 καί

755 4644 999 4713 illorum,
1020 4659 1075 4704 et
1100 4651 1271 4721 magis
1296 4654 1476 4709 decori
1505 4655 1656 4712 ﬁant.

830 4822 918 4876 l3.
957 4821 1180 4892 Oportet
1201 4840 1333 4882 vero
1361 4830 1622 4885 cenducla
1646 4831 1846 4888 habere
1875 4832 1983 4890 lata
2011 4836 2328 4906 admodum,

731 4930 879 4985 quae
908 4915 1143 4971 habeant
1177 4920 1337 4974 etiam
1370 4923 1603 4978 rnanicia
1640 4924 1769 4996 lata,
1805 4934 1866 4981 ut
1889 4941 2012 4982 eum
2041 4942 2329 4989 armantur

758 5008 856 5073 illi,
894 5016 950 5063 et
981 5017 1195 5078 gestant
1229 5013 1395 5069 zabas
1430 5022 1593 5085 atque
1629 5032 1811 5085 arcus,
1844 5019 1915 5083 si,
1968 5026 2327 5091 quemadmo-

756 5096 884 5151 dum
936 5113 1079 5168 saepe
1130 5101 1212 5165 lit,
1251 5102 1531 5173 contingat
1572 5105 1811 5176 pluviam
1847 5124 1992 5174 esse,
2013 5120 2108 5166 aut
2142 5126 2325 5168 aerem

662 5238 665 5241 ,
758 5185 1119 5243 humidiorem
1151 5227 1168 5253 ,
1217 5204 1439 5246 currum
1494 5210 1654 5250 suum
1715 5208 2060 5267 conservent,
2114 5208 2170 5257 et
2216 5217 2326 5259 non

760 5277 1147 5347 impediantur,
1206 5282 1322 5339 sive
1352 5285 1622 5353 arcubus,
1659 5289 1775 5345 sive
1812 5292 1983 5346 scutis
2025 5293 2101 5347 uti
2140 5295 2327 5351 volue-

759 5369 891 5425 rint.
951 5369 1089 5427 Sunt
1123 5388 1250 5429 vero
1279 5376 1443 5430 etiam
1483 5380 1749 5435 cenducla
1782 5382 1836 5437 in
1858 5383 2327 5452 explorationibus

758 5468 817 5517 et
844 5461 1040 5531 vigiliis
1073 5466 1478 5535 pernecessaria
1516 5486 1532 5537 ;
1574 5485 1682 5526 non
1715 5482 1975 5542 apparent
2002 5474 2145 5531 enim
2181 5475 2329 5530 zabaa

2433 4666 2743 4718 σκέπωνται
2767 4663 2835 4718 δι’
2858 4664 3037 4719 αὐτῶν
3056 4666 3125 4719 τά
3150 4665 3352 4733 γόνατα
3382 4666 3584 4733 αὐτῶν,
3609 4667 3703 4722 καὶ
3740 4666 4019 4741 εὔσχημοι

2433 4754 2751 4823 φαίνωνται.

2507 4843 2594 4910 ιγ’.
2626 4845 2670 4895 Χ
2679 4844 2747 4915 pi;
2769 4844 2826 4897 δὲ
2847 4844 2941 4899 καὶ
2962 4843 3256 4898 κένδουκλα
3282 4843 3428 4915 ἔχειν
3453 4846 3661 4900 πλατέα
3690 4847 3835 4901 πάνυ
3857 4849 4017 4921 ἔχον-

2428 4950 2497 4987 τα
2524 4936 2749 5004 μανίκια
2772 4936 2999 5001 πλατέα,
3036 4936 3122 4989 ἵνα
3146 4937 3204 4989 ἐν
3226 4935 3304 5007 τῷ
3332 4937 3654 5008 όπλισθῆναι
3684 4938 3888 5002 αὐτοὺς
3920 4945 4022 4997 καὶ

2430 5028 2616 5097 φορεῖν
2644 5027 2742 5089 τὰς
2759 5025 2934 5091 ζώνας
2958 5027 3051 5081 καὶ
3070 5025 3139 5079 τά
3156 5025 3407 5097 τοξάρια,
3435 5027 3550 5093 ἐὰν,
3576 5027 3653 5092 ὡς
3673 5029 3843 5095 εἰκὸς,
3869 5048 4015 5102 συμ-

2429 5114 2498 5185 ϐῇ
2546 5114 2743 5187 βροχὴν
2790 5117 3065 5184 γενέσθαι,
3104 5114 3138 5186 ἢ
3167 5115 3465 5188 ὑγρότερον
3496 5118 3591 5171 τὸν
3626 5118 3767 5188 ἀέρα
3816 5118 3885 5174 ἐκ
3913 5122 4019 5190 τῆς

2427 5206 2644 5276 δρόσου,
2680 5207 2970 5278 φοροῦντες
3011 5207 3152 5262 αὐτὰ
3185 5207 3372 5262 ἐπάνω
3413 5208 3525 5260 τῶν
3554 5208 3736 5273 ζαδῶν
3773 5212 3873 5263 καὶ
3902 5213 4016 5265 τῶν

2428 5295 2693 5366 τοξαρίων
2719 5298 3029 5367 φυλάττωσι
3071 5298 3133 5350 τὸ
3171 5297 3325 5367 ἃρμα
3353 5297 3555 5363 αὐτῶν,
3582 5298 3677 5352 καὶ
3704 5300 3807 5353 οὐκ
3840 5300 4016 5370 ἐμπο-

2428 5386 2699 5455 δίζωνται,
2742 5391 2851 5444 εῖτε
2886 5392 3001 5454 τοῖς
3033 5388 3324 5460 τοξαρίοις,
3364 5391 3476 5444 εἴτε
3511 5392 3622 5453 τοῖς
3662 5394 4013 5462 σκουταρίοις

2438 5478 2615 5534 αὐτῶν
2647 5480 2948 5553 βουληθῶσι
2988 5480 3321 5554 χρήσασθαι.
3358 5482 3545 5536 Ἔστιν
3585 5481 3641 5536 δέ
3687 5480 3783 5536 καὶ
3830 5483 4014 5549 ἄλλως

2258 5603 2493 5664 NOTAE.

999 5695 1628 5772 éwpdo'argpr._scrib_e,
1667 5699 2000 5772 Λωρόσοκον,
2063 5700 2145 5756 vel
2198 5701 2558 5772 λωρόσοκκον.

841 5763 955 5831 (63)
997 5767 1234 5834 Τουερὶν.
1260 5763 1634 5835 Scribebatur,
1665 5763 1877 5841 τουρόν.
