4176 6446
158 444 274 509 725

1217 444 1550 505 TACTICA.
1593 470 1649 479 --·
1679 442 2180 504 CONS'I‘ITUTIO
2214 442 2311 504 VI.

3294 436 3403 501 726

155 571 278 615 πως
314 554 587 621 ἀναγκαῖα
619 552 689 606 τά
726 550 1019 605 κένδουκλα
1064 551 1122 603 ὲν
1151 552 1270 613 ταῖς
1298 551 1589 613 σκούλκαις
1624 549 1737 617 (64)

1844 550 2090 603 hostibus
2120 590 2132 612 ,
2186 550 2316 618 ipsis
2366 547 2641 602 ccnduclis
2672 557 2847 603 tectae.
2912 545 3193 603 Rcslstunt
3240 551 3403 606 etiam

156 646 228 713 ῆγ
262 663 326 696 υν
380 646 497 707 ταῖς
541 642 772 714 βίγλαις.
836 643 911 694 Οὐ
966 641 1335 709 διαφαίνονται
1387 642 1496 712 γὰρ
1556 641 1728 710 μήκοο

154 734 248 786 θεν
310 737 426 794 τοῖς

154 825 383 893 γιττῶν.

233 914 316 969 ιδ’.
353 914 774 985 Προστάσσομεν
819 914 875 967 δὲ
933 913 1055 968 καθ’
1085 913 1317 967 ἕκαστον
1354 913 1733 981 κοντουὸέρνιν

156 1007 255 1058 καὶ
272 1004 517 1075 δρέπανα
537 1005 635 1059 καὶ
656 1004 845 1069 ἀξίνας
866 1004 1009 1076 ἔχειν
1028 1004 1224 1068 αὐτοὺς
1245 1005 1331 1058 διὰ
1358 1006 1418 1058 τὸ
1438 1006 1734 1073 ἀναγκαῖον

154 1100 255 1167 τῆς
284 1100 492 1166 χρείας.

229 1185 316 1241 ιε’.
352 1186 493 1250 Τοὺς
530 1186 586 1240 δὲ
613 1187 722 1242 τῶν
747 1188 1043 1257 ταγμάτων
1082 1187 1368 1258 ἄρχοντας,
1400 1186 1433 1258 ἢ
1472 1186 1738 1258 στρατιώ-

156 1297 280 1343 τας,
315 1280 417 1332 καὶ
444 1279 555 1332 τῶν
586 1280 900 1348 θεματικῶν
936 1279 1140 1349 βάνδων
1172 1280 1300 1342 τοὺς
1333 1279 1735 1348 δυνατωτέρους

158 1369 572 1435 ἀναγκάζεσθαι
600 1370 727 1441 χρὴ,
757 1370 952 1431 παῖδας
985 1370 1197 1432 ἑαυτοῖς
1232 1372 1466 1423 ἐπινοεῖν
1494 1370 1731 1434 δούλους,

159 1460 191 1530 ἢ
223 1460 565 1529 ἐλευθέρους,
599 1462 693 1512 καὶ
739 1460 1014 1529 ἐπιμελῶς
1044 1463 1103 1514 ὲν
1130 1460 1207 1532 τῷ
1232 1460 1407 1531 καιρῷ
1429 1460 1529 1531 τῆς
1552 1478 1610 1513 τε
1643 1462 1735 1531 ρό-

158 1568 283 1617 γας,
309 1551 409 1604 καὶ
442 1550 536 1603 τοῦ
567 1550 877 1621 άὸνουμίου,
906 1555 1001 1606 καὶ
1035 1553 1164 1615 τοὺς
1205 1552 1400 1615 παῖδας
1426 1552 1608 1605 αὐτῶν
1649 1550 1744 1604 καὶ⁵

158 1643 221 1696 τδ
259 1643 419 1712 ἅρμα
463 1643 882 1714 ἀπογράφεσθαι
923 1645 1018 1698 καὶ
1052 1644 1494 1714 καταζητεῖσθαι,
1544 1643 1633 1695 ἴνα
1666 1643 1742 1711 μὴ

161 1734 619 1803 πριφρονοῦντες
657 1734 949 1805 παλλήκων
984 1734 1097 1804 (65)
1125 1735 1235 1789 τῶν
1285 1735 1644 1788 δουλευόντων
1684 1736 1743 1787 ὲν

1840 642 2059 708 impetui
2090 643 2433 709 sagittarum.

513 733 792 803 πολεμίοις
846 733 904 784 αί
995 731 1157 796 ζάόαι
1218 730 1309 784 ὑπ’
1356 731 1535 784 αὐτῶν
1598 728 1952 799 σκεπόμεναι,
2012 734 2291 801 ἀντέχουσι
2340 733 2395 785 δὲ
2449 731 2541 785 καὶ
2584 732 2718 801 πρὸς
2754 732 2852 794 τὰς
2922 732 3085 801 βολὰς
3125 733 3234 787 τῶν
3311 750 3401 787 σα·

1919 912 2347 969 14.Μειιι(1ιιηιυε
2386 915 2546 967 etiam
2580 922 2638 967 ut
2674 912 2727 966 in
2759 926 3088 982 unoquoque
3116 914 3407 969 contuber-

1840 1006 1932 1059 nio
1983 1014 2037 1059 et
2094 1005 2261 1058 t'alces
2307 1012 2363 1057 et
2404 1018 2623 1058 secures
2670 1003 2907 1058 habeant
2952 1002 3020 1057 ad
3069 1005 3409 1059 necessarios

1842 1111 1995 1150 usus.

1909 1190 1995 1244 l5.
2024 1188 2341 1242 Cohortium
2371 1193 2553 1241 autem
2582 1185 2886 1254 praefectos,
2919 1185 3034 1240 sive
3068 1184 3288 1247 milites,
3315 1183 3407 1253 qui

1841 1280 2174 1347 potentiores
2223 1287 2371 1339 sunt,
2426 1289 2621 1345 cogere
2660 1284 2871 1342 oportet
2894 1290 3090 1343 pueros
3138 1274 3241 1327 sibi
3281 1287 3411 1326 con-

1840 1370 2057 1438 quirere
2117 1369 2229 1421 sive
2284 1380 2491 1431 servos,
2548 1365 2661 1421 sive
2686 1364 2907 1426 liberos.
2941 1375 2993 1418 et
3035 1364 3323 1433 diligenter
3351 1365 3405 1417 in

1842 1472 2088 1531 tempore
2136 1475 2276 1529 roga:
2334 1468 2387 1514 et
2437 1458 2699 1525 adnomii,
2752 1457 2804 1511 id
2860 1466 2976 1519 est,
3025 1456 3411 1526 descriptionis

1846 1554 2150 1612 nominum,
2186 1550 2335 1618 pueri
2377 1550 2590 1603 illorum
2613 1557 2668 1603 et
2704 1564 2899 1604 currus
2924 1547 3321 1609 describantur,
3355 1557 3411 1600 et

1844 1644 2235 1713 conquirantur
2260 1680 2275 1705 ,
2314 1648 2371 1694 ut
2402 1656 2469 1694 ne
2499 1641 2819 1709 contemptis
2869 1640 2935 1694 iis
2976 1637 3411 1694 adolescentibus

1845 1736 2185 1793 administris
2211 1737 2329 1805 ipso
2357 1733 2481 1787 belli
2515 1743 2752 1801 tempore
2793 1746 2859 1786 ex
2890 1732 3021 1800 ipsis
3052 1731 3316 1785 militibus
3342 1732 3410 1783 ad

161 1824 347 1896 καιρῷ
366 1826 604 1895 πολέμου
625 1827 1042 1895 ἀναγκάζωνται
1063 1828 1121 1892 ἐξ
1141 1828 1321 1881 αὐτῶν
1346 1826 1456 1879 τῶν
1478 1844 1741 1897 στρατιω-

1846 1830 2076 1891 tuldum,
2120 1827 2170 1881 id
2202 1834 2307 1891 εει,
2337 1825 2718 1893 impedimenta
2746 1822 3117 1877 conservanda
3145 1829 3412 1891 cogantur

163 1916 274 1967 τῶν
305 1916 662 1986 ἀφορίζεσθαι
688 1920 768 1979 είς
795 1918 856 1970 τὸ
895 1917 1134 1983 τοῦλδον,
1163 1918 1256 1971 καὶ
1286 1915 1455 1984 όλίγοι
1480 1916 1735 1986 γίνωνται

161 2009 210 2060 oi
241 2008 544 2070 κοπιῶντες
571 2011 626 2059 ἐν
661 2012 725 2079 τῇ
755 2010 921 2079 μάχῃ.

237 2098 340 2163 ις’.
373 2100 435 2152 Εἰ
456 2100 514 2152 δέ
535 2116 698 2164 τινες,
719 2101 795 2164 ὡς
814 2102 980 2166 εἰκὸς,
1014 2101 1089 2172 μὴ
1118 2100 1409 2170 εὐποροῦσι
1438 2101 1736 2171 κτήσασθαι

174 2191 397 2256 παῖδας,
420 2191 714 2259 ἀναγκαῖόν
744 2193 890 2245 ἐστιν
929 2194 1007 2255 είς
1047 2193 1172 2255 τοὺς
1203 2192 1542 2262 κατωτέρους
1573 2210 1739 2261 στρα-

164 2282 369 2345 τιώτας
418 2286 566 2353 τρεῖς
608 2284 643 2354 ἢ
672 2283 944 2353 τέσσαρας
988 2284 1086 2339 ἕνα
1118 2284 1282 2338 παῖδα
1309 2283 1401 2337 τὸν
1439 2284 1739 2354 ὑπηρετεῖν

163 2373 354 2437 αὐτοῖς
383 2372 645 2442 μέλλοντα
670 2376 922 2428 ἐπινοεῖν.

233 2546 325 2612 ιζ’.
356 2548 463 2601 Τὸν
490 2549 673 2617 ὅμοιον
694 2548 749 2600 δὲ
776 2549 977 2619 τρόπον
1006 2552 1179 2602 ποιεῖν
1210 2550 1302 2603 καὶ
1327 2550 1406 2610 είς
1434 2548 1505 2601 τὰ
1530 2547 1745 2617 σαγμά-

170 2658 285 2710 ρια,
324 2632 399 2694 ὧν
424 2641 583 2709 χρεία
611 2640 751 2693 κατὰ
780 2640 839 2692 τὸ
865 2642 1163 2709 ἀναγκαῖον
1196 2640 1283 2693 διὰ
1311 2640 1409 2704 τὰς
1442 2640 1612 2705 ζάόας
1652 2642 1744 2694 καὶ

168 2732 267 2794 τὰς
296 2730 501 2793 πέλτας
524 2732 724 2785 αὐτῶν.

242 2821 337 2892 ιη’.
371 2823 793 2893 Προστάσσομεν
817 2823 875 2877 δὲ
904 2822 999 2876 καὶ
1047 2822 1147 2884 τὰς
1192 2821 1435 2890 κεφαλὰς
1474 2821 1585 2875 τῶν
1621 2822 1747 2891 βάν-

1837 1936 2111 1990 separare,
2159 1929 2211 1975 et
2247 1917 2533 1988 pauciores
2562 1915 2715 1983 ﬁant,
2746 1915 2839 1986 qui
2875 1915 2928 1969 in
2960 1916 3078 1984 ipso
3118 1914 3310 1984 prmlio
3337 1912 3414 1967 di-

1838 2015 2058 2068 micent.

1876 2106 1961 2160 t6.
1994 2104 2050 2158 Si
2082 2119 2211 2156 vero
2234 2102 2479 2171 quidam,
2501 2100 2959 2169 quemadmodum
2991 2098 3287 2153 verisimile
3307 2108 3410 2160 εει,

1839 2213 1945 2251 non
1998 2195 2135 2249 adeo
2172 2193 2468 2261 locupletes
2507 2200 2655 2256 sunt,
2685 2201 2743 2244 ut
2786 2190 2891 2244 sibi
2933 2189 3181 2245 suﬂicere
3210 2203 3414 2257 pueros

1840 2286 2191 2340 administros
2261 2282 2494 2353 possint,
2554 2284 2901 2350 necesselest
2939 2283 3114 2336 tribus
3137 2281 3243 2350 iant
3275 2295 3415 2350 qua-

1844 2388 1967 2431 tuor
2023 2376 2284 2430 militibus
2317 2373 2655 2429 tenuioribus
2696 2389 2864 2427 unum
2898 2373 3136 2442 aliquem
3168 2372 3408 2428 admini-

1843 2480 2041 2529 strum,
2070 2468 2161 2535 qui
2194 2467 2303 2521 illis
2327 2481 2547 2536 operam
2579 2465 2691 2527 det,
2716 2464 2974 2519 tribucre.

1916 2562 2003 2615 t7.
2060 2558 2181 2613 Pari
2225 2559 2387 2613 modo
2439 2573 2537 2624 pro
2584 2557 2892 2626 sagmariis,
2938 2556 2989 2610 id
3028 2564 3134 2625 est,
3163 2554 3416 2611 sarciniis

1844 2655 2021 2709 facere
2070 2660 2303 2720 oportet,
2350 2664 2583 2716 quorum
2620 2663 2848 2719 magnus
2890 2656 2975 2704 est
3007 2664 3141 2704 usus
3199 2658 3419 2719 propter

1845 2745 2009 2801 zahas
2033 2752 2087 2795 et
2107 2751 2284 2796 tentas
2316 2740 2555 2793 illorum.

1916 2836 2005 2890 18.
2034 2832 2353 2889 Mandamus
2386 2838 2445 2882 ιιι
2468 2829 2642 2897 capita
2678 2827 3113 2898 uniuscujusque
3152 2827 3340 2892 bandi,
3364 2828 3418 2883 id

168 2915 274 2968 δων
334 2914 572 2968 ἑκάστου
626 2916 907 2984 τάγματος
960 2915 1258 2985 όμοχρόους
1308 2913 1587 2980 γίνεσθαι,
1652 2913 1741 2966 καὶ

1845 2933 1950 2987 est.
2003 2925 2265 2987 cohortis,
2326 2923 2491 2977 unius
2575 2919 2777 2974 coloris
2853 2919 3022 2983 sint;
3083 2928 3137 2972 et
3203 2918 3419 2973 ﬂamula

170 3008 238 3061 τὰ
287 3006 577 3077 φλάμουλα
629 3008 866 3079 ἑκάστης
902 3008 1205 3079 τούρμαςῆ
1241 3006 1477 3078 δρόγγου
1510 3006 1741 3077 ίδιόχροα

1850 3014 2281 3082 uniuscujusque
2314 3021 2526 3075 turmae,
2562 3018 2615 3065 ct
2654 3010 3089 3077 uniuscuiusque
3112 3009 3329 3079 drnngi,
3364 3008 3417 3063 id

173 3094 336 3152 εῖναι.
1846 3116 1952 3171 εει,
2001 3105 2244 3160 cohortis
2278 3102 2565 3165 milliariae,
2610 3101 2774 3155 unius
2802 3116 3019 3169 quoque
3058 3101 3260 3155 coloris
3290 3100 3418 3155 sint.

243 3184 335 3240 ιϐ’.
368 3185 489 3239 Ἵνα
513 3185 569 3238 δὲ
588 3186 681 3239 καὶ
709 3186 771 3239 τὸ
793 3186 1133 3241 καθέκαστον
1156 3186 1342 3256 τάγμα
1371 3186 1607 3251 εὐκόλως
1631 3189 1741 3241 ἐπι-

1924 3198 2010 3252 19.
2044 3197 2113 3252 Ut
2153 3212 2279 3251 vero
2307 3208 2646 3263 unaquaeque
2690 3192 2891 3249 cohors
2931 3207 3085 3246 suam
3129 3192 3302 3261 ipsius
3329 3206 3422 3246 co-

170 3278 419 3349 γινῶσκῃ
462 3277 523 3330 τὸ
553 3279 681 3330 ῐδιον
714 3278 921 3347 βάνδον,
953 3279 1034 3332 δεῖ
1068 3280 1231 3347 ἔτερα
1265 3280 1379 3347 εἴδη
1422 3281 1515 3332 καὶ
1550 3282 1741 3349 σημεῖα

1854 3292 2094 3356 bortem,
2155 3290 2206 3343 id
2245 3298 2351 3350 est,
2409 3286 2645 3339 liandum
2694 3284 2849 3337 facile
2890 3293 3172 3352 agnoscat,
3210 3292 3423 3353 oportet

171 3369 527 3438 προστιθέναι
564 3371 685 3431 ταῖς
728 3370 993 3437 κεφαλαῖς
1040 3372 1149 3424 τῶν
1179 3372 1383 3439 βάνδων
1429 3372 1741 3441 ἐγνωσμένα

1852 3382 1955 3435 alia
1977 3382 2222 3449 qttaadam
2259 3379 2469 3447 privata
2501 3377 2657 3444 signa
2693 3374 2969 3443 capitibus
3002 3374 3319 3445 adjuugere,
3361 3383 3423 3429 ut

170 3459 282 3521 τοῖς
325 3457 728 3526 στρατιιὲιταις.,
754 3458 893 3511 ὥστε
941 3462 1007 3511 ὲκ
1045 3460 1236 3513 τούτου
1292 3460 1748 3527 έπιγινώσκεσθαι

173 3549 315 3601 αὐτὰ
360 3548 456 3602 καὶ
494 3549 633 3602 κατὰ
663 3548 760 3612 τὰς
792 3551 1057 3620 τούρμας,
1090 3552 1186 3604 καὶ
1232 3552 1377 3605 κατά
1406 3553 1531 3615 τοὺς
1561 3551 1751 3623 δρούγ-

172 3657 321 3708 γους,
363 3640 457 3693 καὶ
490 3641 629 3693 κατὰ
654 3642 721 3693 τά
755 3641 919 3710 βάνδα
940 3641 1072 3710 (66).

243 3730 313 3786 κ’.
344 3733 529 3785 Πάντα
558 3732 614 3785 δὲ
633 3733 702 3785 τὰ
730 3734 839 3786 τῶν
864 3734 1225 3805 τουρμαρχῶν
1257 3735 1632 3805 ὲνηλλαγμένα
1670 3739 1751 3791 δεῖ

174 3817 314 3876 εἶναι
348 3824 444 3877 καὶ
484 3823 747 3894 πρόδηλα,
780 3825 867 3878 ἵνα
900 3826 965 3877 ἐκ
1003 3825 1195 3878 πολλοῦ
1225 3827 1591 3896 διαστήματος
1629 3830 1749 3882 ἐπι-

174 3915 604 3988 ῃνώ[σκω]νται
639 3920 752 3980 τοῖς
775 3917 865 3970 ὑπ’
899 3919 1082 3981 αὐτοῖς
1120 3920 1495 3988 τεταγμένοις.

245 4015 355 4062 κα’.
384 4007 696 4077 Κελεύομεν
717 4007 774 4060 δέ
809 4025 913 4070 σοι,
944 4002 989 4061 ὦ
1020 4009 1429 4078 στρατηγὲ,καὶ
1447 4009 1598 4080 ἅρμα
1626 4014 1749 4064 ἐπι-

174 4099 438 4167 φέρεσθαι
477 4101 542 4151 ὲκ
586 4098 847 4168 περισσοῦ
891 4099 977 4152 διὰ
1032 4099 1311 4169 βαπαγῆς
1365 4102 1460 4153 καὶ
1512 4102 1749 4169 μάλιστα

173 4190 403 4259 τοξάρια
432 4190 527 4243 καὶ
557 4191 835 4257 σαγίττας.
866 4191 984 4243 Ἵνα
1009 4193 1144 4257 τοῖς,
1174 4190 1250 4254 ὡς
1279 4192 1449 4255 είκὸς,
1489 4193 1748 4264 ἀστοχοῦ-

176 4298 261 4333 σιν
289 4280 478 4342 ὅπλοις
502 4280 561 4346 ἐξ
585 4280 763 4333 αὐτῶν
782 4281 1186 4351 ἀντεισάγηται.

247 4372 356 4440 κβ’.
397 4371 640 4435 Ἔξωθεν
671 4372 726 4425 δὲ
755 4374 861 4426 τῶν
896 4375 1085 4443 βοῖνων
1115 4374 1395 4444 θηκαρίων
1422 4374 1530 4428 τῶν
1567 4375 1750 4441 ζαϐὦν

1850 3488 1915 3525 ex
1944 3472 2049 3525 illis
2078 3480 2190 3523 tum
2219 3485 2310 3537 per
2348 3478 2579 3530 turmas,
2618 3476 2730 3519 tum
2761 3479 2856 3536 per
2886 3465 3148 3535 drungos,
3184 3476 3298 3521 tum
3326 3482 3422 3537 per

1852 3564 2028 3618 handa
2052 3562 2308 3631 cognosci
2349 3560 2577 3629 possint.

1919 3742 2008 3795 20.
2053 3740 2244 3793 Omnia
2279 3746 2458 3791 autem
2507 3736 2945 3790 turmarcliarum
2986 3736 3139 3805 signa
3186 3744 3301 3791 tum
3332 3735 3422 3791 di-

1849 3847 2005 3886 versa
2032 3847 2153 3885 esse
2180 3836 2415 3897 oportet,
2461 3837 2575 3881 tum
2606 3827 2913 3891 manifesta,
2958 3838 3016 3881 ut
3049 3829 3208 3897 longo
3250 3829 3422 3884 inter-

1796 3970 1797 3973 η
1849 3925 1991 3976 vallo
2013 3936 2347 3989 cognoscere
2375 3935 2504 3974 suos
2530 3919 2764 3987 possint.

1918 4012 2007 4064 ‘21.
2044 4009 2363 4063 Maudamns
2393 4009 2579 4073 etiam,
2617 4018 2676 4061 ut
2717 4024 2915 4063 currus
2960 4009 3182 4077 quidam
3234 4024 3431 4079 super-

1848 4101 1940 4155 llui
1968 4100 2328 4160 adhibeantur
2358 4110 2575 4168 propter
2607 4099 2885 4168 bastagen,
2917 4099 2969 4152 id
3002 4110 3105 4157 est.
3124 4109 3429 4164 vecturam,

1846 4202 1899 4247 et
1938 4192 2172 4245 maxime
2218 4206 2444 4243 arcuum
2478 4189 2934 4258 sagittarumque,
2986 4202 3040 4242 ut
3082 4192 3167 4255 iis,
3200 4192 3293 4260 qui
3331 4208 3423 4246 ar-

1847 4284 1953 4339 mis
1983 4282 2373 4343 destituuntur,
2409 4279 2531 4332 inde
2556 4279 2725 4333 suﬂici
2757 4296 2905 4333 arma
2930 4283 3164 4350 possint.

1916 4374 2006 4427 22.
2047 4374 2245 4426 Praeter
2273 4372 2501 4426 bubulas
2519 4372 2774 4425 zabarum
2804 4373 3008 4433 thecas,
3038 4373 3236 4428 habere
3263 4388 3425 4442 opor-

174 4465 324 4535 ιχειν
356 4464 481 4528 τοὺς
513 4464 849 4534 στρατιώτας
882 4465 989 4518 ἀπὸ
1006 4466 1291 4534 δερμάτων
1324 4466 1561 4538 θηκάρια
1584 4469 1741 4539 ἕτερα

1848 4473 1926 4518 tct
1969 4466 2168 4517 milites
2220 4479 2285 4517 ex
2343 4463 2572 4531 pellibus
2615 4463 2797 4518 thecas
2838 4465 3100 4531 quasdam
3127 4465 3429 4532 expeditas.

177 4550 419 4623 ἐλαφρά,
467 4553 615 4613 ὅπως
654 4552 686 4622 ἢ
742 4554 800 4605 ὲν
850 4551 1029 4621 καιρῷ
1068 4551 1328 4620 πολέμου,
1380 4552 1413 4622 ἢ
1461 4555 1520 4606 ὲν
1569 4553 1741 4624 καιρῷ

1855 4565 1912 4609 ιιι
1934 4555 2015 4607 vel
2048 4554 2168 4607 lwlli
2201 4563 2462 4621 tempore,
2492 4553 2573 4606 vel
2603 4553 3012 4615 excursionnm.
3043 4564 3161 4622 post
3179 4554 3423 4623 opistho-

177 4644 438 4714 κούρσου,
465 4641 689 4695 ὄπισθεν
710 4642 817 4696 τῶν
840 4642 1302 4712 όπισθοκουρϐίων
1322 4643 1462 4695 κατὰ
1477 4643 1577 4706 τάς
1608 4643 1741 4713 ψύας

1851 4645 2039 4699 curbia
2074 4644 2127 4697 in
2155 4643 2354 4696 lumbis
2392 4657 2684 4712 equorum,
2718 4644 2834 4696 etsi
2870 4643 3033 4713 (quod
3076 4644 3241 4714 absit)
3285 4659 3422 4698 con-

176 4738 288 4791 τῶν
316 4737 505 4792 ἵππων
538 4736 896 4807 βαστάζονται
930 4736 1079 4806 (67),
1130 4737 1224 4789 καὶ
1275 4735 1341 4789 ἂν
1394 4737 1609 4807 συμὸῇ,
1673 4736 1741 4800 ὠς

1852 4737 2022 4805 tingat
2052 4748 2423 4804 smpenumero
2457 4733 2509 4786 in
2550 4733 2731 4803 fugam
2762 4735 3027 4797 converti,
3065 4744 3111 4787 et
3148 4734 3217 4787 ad
3263 4751 3426 4787 unam

178 4828 465 4892 πολλάκις,
510 4828 539 4879 ὃ
592 4827 668 4898 μὴ
691 4828 920 4896 γένοιτο,
986 4828 1195 4897 τροπῆς
1257 4829 1547 4897 γινομένης
1594 4829 1741 4895 πρὸς

1849 4827 1985 4879 diem
2016 4827 2284 4893 disparere
2311 4842 2419 4889 eos,
2451 4827 2540 4895 qui
2569 4836 2917 4880 commeatum
2950 4826 3161 4891 habent,
3201 4827 3423 4883 nonst'ns

174 4921 325 4988 μίαν
348 4919 580 4989 ⁴ἡμέραν
611 4919 863 4989 ἀφανεῖς
907 4919 1184 4988 γενέσθαι
1208 4920 1351 4984 τοὺς
1393 4920 1507 4985 τὴν
1551 4934 1740 4989 παρα-

1849 4915 2003 4968 nuda:
2032 4916 2195 4978 zabaz,
2238 4922 2287 4965 et
2331 4924 2760 4982 corrumpantur.
2809 4914 3003 4969 Deinde
3033 4925 3084 4969 et
3113 4924 3289 4984 tegant
3321 4915 3425 4967 uti;

181 5007 424 5077 σκευὴν
482 5008 772 5076 ἔχοντας,
813 5006 897 5077 μή
939 5010 1059 5062 εισι
1102 5008 1323 5076 γυμναὶ
1350 5010 1409 5062 αι
1444 5007 1607 5067 ζάϐαι
1653 5009 1741 5062 καὶ

1854 5009 1972 5061 lites
2004 5007 2213 5060 assidue
2240 5006 2370 5077 ipsis
2401 5006 2680 5075 impositae.

178 5099 543 5167 φθείρονται.
592 5094 738 5153 Εἶτα
763 5099 861 5153 καὶ
896 5098 1170 5152 σκέπωσι
1219 5098 1362 5165 τοὺς
1389 5098 1752 5167 στρατιώτας

178 5188 476 5255 διηνεκῶς
501 5189 867 5257 ἐπικείμεναι
894 5190 1118 5254 αὐτοῖς.

249 5284 360 5346 κγ’.
389 5276 544 5331 οὐδὲ
588 5278 765 5332 τοῦτο
791 5279 1245 5348 παραλείψομεγ
1262 5278 1332 5332 ὲν
1357 5276 1501 5345 τῇδε
1524 5278 1598 5347 τῇ
1631 5278 1741 5332 διας

1924 5286 2013 5340 25.
2047 5284 2224 5355 Neque
2246 5287 2341 5340 hoc
2370 5286 2749 5356 preteribimus
2778 5288 2832 5341 in
2862 5288 2961 5341 hac
2982 5288 3331 5352 ordinatione,
3362 5298 3422 5343 ιιι

180 5368 369 5433 τάξει,
397 5370 499 5422 ἵνα
521 5372 576 5423 οί
605 5369 893 5438 ἄρχοντες
913 5370 1178 5426 ἑκάστου
1193 5370 1486 5442 τάγματος
1507 5372 1741 5441 διαγνώς

1856 5380 2090 5448 prwfectt'
2133 5381 2364 5449 cujusvis
2398 5380 2628 5433 cohortis
2676 5390 3045 5449 recognoscant
3072 5390 3299 5449 tempore
3334 5380 3422 5433 hi-

178 5474 313 5525 σεις
360 5458 614 5513 ,ποιῶσιν
664 5461 734 5513 ἐν
779 5458 859 5525 τῷ
902 5458 1083 5528 καιρῷ
1125 5460 1230 5514 τοῦ
1264 5465 1741 5531 παραχειμαδίου,

1861 5474 2039 5536 berno,
2068 5473 2144 5525 vel
2180 5473 2289 5525 alio
2315 5472 2410 5525 otii
2455 5481 2701 5540 tempore,
2738 5485 2806 5523 an
2854 5471 3114 5524 abundent
3150 5470 3340 5525 milites
3371 5471 3425 5524 in

1717 5600 1948 5657 ΝΟΤᾸΞ.

253 5686 368 5769 (ει)
401 5686 500 5740 ’Er
534 5688 662 5755 ταῖς
707 5690 1057 5757 σκούλκαις.
1113 5691 1481 5761 Scribebatur,
1531 5697 1591 5749 ὲν
1636 5698 1741 5760 ταῖς

1865 5698 2219 5769 ριφρονῶνται
2250 5698 2531 5769 πάρλικον.

183 5771 901 5853 σιῖἓεῗιέτ..-.η-ηυ-εη---
928 5846 1005 5853 ....
1026 5833 1044 5853 1
1071 5832 1205 5853 πλη--
1264 5834 1295 5853 υ
1321 5833 1471 5853 __tL-|
1499 5847 1540 5853 _.

1866 5764 1877 5769 ’
2081 5769 2153 5853 τὰ
2174 5764 2396 5851 margo.
2428 5766 2800 5853 Scribeblattir,
2832 5764 3173 5853 τὰςηβάνδας.

255 5826 371 5893 (65)
399 5829 901 5896 Περιφρονοῦντες
924 5832 1223 5900 animi”.
1264 5833 1636 5904 Scribebatur,
1663 5854 1741 5890 πε·

1935 5826 2045 5903 (67)
2080 5826 2491 5895 Ιίιιόντιὶζοντιιι.
2523 5826 3286 5903 δεηθεὺιιιηῐίβαστάζοντα.
