4176 6446
741 393 843 454 727
1985 387 2259 447 LEONIS
2309 387 2329 446 Ι

2427 387 2436 444 l.
2448 383 2701 444 LOSOPI
2715 383 2761 441 ll
3902 383 4015 444 728

744 506 972 574 regione,
997 515 1051 557 ut
1085 503 1380 558 necessaria
1422 511 1621 562 emant,
1660 510 1707 554 et
1760 501 1952 569 liqueat
1980 509 2104 568 quot
2135 499 2304 566 equis,

2427 500 2455 566 ἶ)
2482 499 2550 550 ἐν
2579 495 2758 561 ἑτέρῳ
2787 497 2997 562 ἀργίας
3025 495 3207 561 καιρῷ
3243 495 3399 548 ὥστε
3429 497 3539 550 ἐὰν
3557 497 3642 565 μὴ
3664 494 4015 563 εὐπορῶσιν

742 613 846 662 qua
875 598 1060 664 specie,
1089 606 1254 664 etquo
1280 611 1440 648 curru
1469 595 1700 664 indigeat
1728 595 1950 645 militum
1981 595 2217 661 quilibet.
2258 592 2328 646 Ut

2432 594 2484 642 ot
2512 587 2861 656 στρατιῶται
2890 585 3036 640 κατὰ
3063 587 3179 652 τὴν
3207 588 3407 655 χώραν
3438 589 3730 656 ἀγοράσαι
3771 587 3844 642 τὰ
3884 589 4010 642 ἑπι-

739 700 1024 750 prwpares,
1088 686 1397 749 imperator,
1448 700 1550 750 quo
1607 685 1715 736 hcec
1769 693 2065 750 opportuno
2100 692 2329 749 tempore

2431 681 2657 747 τήδεια,
2715 680 2979 748 φανερὸν
3033 679 3307 748 γίνεσθαι
3367 680 3576 733 πόσων
3627 683 3854 747 ἵππων,
3914 682 4011 733 καὶ

738 781 1051 836 νγωειεηιιιι·
1089 770 1218 834 ipsis
1267 770 1626 833 comparanda
1655 774 1720 820 ab
1772 769 2038 836 aliquibus
2067 779 2328 822 mercato-

744 862 908 914 ribus.
938 860 1116 929 Neque
1147 863 1267 915 inde
1297 864 1551 930 indigenae
1577 860 1896 914 habitatores
1917 863 2202 925 la'dantur,
2238 879 2327 914 ne-

743 967 839 1019 que
891 953 1082 1005 milites
1130 955 1438 1007 necessariis
1479 952 1764 1018 speciebus,
1808 962 1856 1006 et
1888 954 2072 1016 armis,
2116 955 2162 1005 si
2190 953 2329 1020 forte

739 1043 815 1094 ita
855 1059 934 1098 res
967 1061 1020 1098 se
1050 1045 1261 1107 habeat,
1298 1045 1490 1112 privati
1525 1044 1812 1114 indigeant.
1850 1043 2135 1114 Postquam
2166 1045 2327 1113 igitur

736 1145 1022 1202 equestrem
1057 1138 1273 1189 militem
1299 1137 1640 1196 armavimus,
1674 1137 1860 1190 deinde
1910 1145 1957 1188 et
1988 1137 2245 1205 quomodo
2277 1146 2325 1188 te

739 1237 980 1292 oporteat
1008 1230 1358 1281 necessariam
1385 1229 1703 1291 pedestrium
1733 1228 1960 1280 militum
1988 1236 2322 1279 armaturam

738 1318 912 1385 facere
922 1320 1037 1386 jam
1064 1320 1319 1372 dicemus.

2431 773 2605 824 ποίου
2636 767 2856 833 εἴδους,
2915 768 3014 820 καὶ
3054 770 3231 821 ποίου
3288 768 3551 838 ἅρματος
3599 769 3840 823 δέονται
3895 767 4015 822 τῶν

2429 860 2806 931 στρατιωτῶν
2875 861 3154 925 ἕκαστος.
3209 861 3347 914 “Ira
3405 860 3866 930 παρασκευάζῃς
3899 904 3915 925 ,
3970 856 4016 912 ὦ

2431 952 2747 1022 στρατηγὲ,
2797 952 2986 1005 ταῦτα
3015 953 3086 1003 ἐν
3132 951 3212 1016 τῷ
3252 951 3448 1006 δέοντι
3499 952 3684 1021 καιρῷ
3740 954 4014 1020 εὑτρεπιό

2430 1044 2628 1104 ζεσθαι
2664 1043 2814 1110 πρὸς
2837 1042 3172 1110 ἀγορασιάν
3206 1042 3408 1108 αὐτοῖς
3439 1043 3558 1096 ἀπὸ
3604 1043 3882 1112 ἐμπόρων
3935 1062 4013 1095 τι-

2428 1132 2572 1196 νῶν,
2619 1133 2717 1186 καὶ
2759 1131 2911 1200 μήτε
2965 1130 3246 1185 ἐντεῦθεν
3279 1135 3330 1186 ot
3381 1134 3646 1188 ἐντόπιοι
3700 1135 4014 1203 οἰκήτορες

2423 1224 2838 1289 βλάπτωνται,
2874 1221 3028 1291 μήτε
3053 1225 3107 1275 οι
3134 1223 3486 1292 στρατιῶται
3513 1226 3631 1279 τῶν
3667 1228 4016 1295 ἀναγκαίων

2425 1313 2601 1368 εἰδῶν
2630 1315 2728 1368 καὶ
2765 1315 2990 1379 ὅπλων,
3044 1317 3098 1368 ει
3150 1315 3306 1368 οὕτω
3356 1316 3546 1385 τύχοι,
3576 1321 4009 1386 ὑστερούμενοι

735 1409 1064 1476 ἀπορῶσιν.
1105 1411 1268 1463 Ἐπεὶ
1296 1407 1410 1464 οὖν
1436 1411 1544 1463 τὸν
1578 1407 1987 1476 καϐαλλάριον
2025 1407 2402 1476 στρατιώτην
2427 1407 2871 1472 ἐξωπλίσαμεν,
2898 1405 3046 1473 ἑξῆς
3079 1407 3179 1460 καὶ
3233 1408 3395 1476 ὅπως
3448 1409 3564 1479 χρή
3625 1427 3698 1463 σε
3766 1412 3862 1464 καὶ
3895 1410 4014 1463 τῶν

737 1499 881 1566 πεζῇ
917 1501 1273 1570 μαχομένων
1297 1499 1670 1568 στρατιωτῶν
1691 1499 1805 1567 τὴν
1827 1499 2093 1554 δέουσαν
2136 1500 2507 1565 ποιήσασθαι
2537 1500 2788 1551 ὅπλισιν
2811 1498 2929 1566 ἤδη
2957 1499 3236 1568 λέξομεν.

807 1590 896 1645 24.
923 1591 1054 1645 Cum
1084 1593 1244 1660 igitur
1268 1593 1519 1658 pedestris
1557 1594 1818 1645 exercitus
1858 1594 1996 1644 acies
2025 1593 2320 1661 antiquitus

736 1683 790 1734 in
819 1684 923 1735 tria
961 1682 1285 1735 divideretur
1322 1683 1462 1749 apud
1488 1691 1714 1736 vetustos
1756 1685 1997 1744 tacticos,
2027 1683 2122 1734 hoc
2143 1692 2241 1745 est,
2267 1683 2321 1734 in

736 1783 971 1826 armatos
997 1790 1124 1842 quos
1164 1776 1470 1827 recentiores
1515 1784 1749 1827 scutatos
1802 1775 2216 1842 appellaverunt,
2267 1775 2321 1825 in

737 1866 862 1919 levis
889 1867 1405 1919 armaturwamilites
1433 1883 1558 1935 quos
1589 1875 1637 1919 et
1676 1867 1730 1918 in
1770 1881 1996 1934 prwsens
2017 1867 2194 1918 eodem
2227 1881 2321 1918 no-

2502 1590 2601 1643 x6’.
2636 1588 2749 1656 Τῆς
2785 1588 3027 1657 πεζικῆς
3061 1593 3271 1644 τοίνυν
3314 1592 3423 1646 τοῦ
3475 1593 3735 1661 στρατοῦ
3784 1594 4014 1656 τάξεως

2427 1678 2614 1732 πάλαι
2631 1677 2748 1746 μὲν
2767 1679 2854 1742 είς
2870 1680 3001 1744 τρία
3019 1679 3384 1747 διῃρημένης
3408 1684 3566 1749 παρὰ
3591 1682 3714 1748 τοῖς
3735 1683 4012 1750 ἀρχαίοις

2426 1768 2745 1834 τακτικοῖς,
2792 1764 2921 1822 οἷον
2973 1771 3058 1835 είς
3110 1772 3399 1837 ὁπλίτας,
3462 1773 3572 1839 οὓς
3620 1777 3675 1826 οι
3731 1775 4008 1842 rediesth

2425 1861 2809 1927 σκουτάτους
2848 1861 3177 1928 ἐκάλεσαν,
3218 1867 3304 1929 είς
3335 1864 3580 1933 ψιλοὺς,
3611 1867 3718 1932 οὓς
3747 1867 3844 1920 καὶ
3897 1867 4012 1919 νῦν

738 1958 877 2011 mine
919 1969 1102 2011 vocant
1124 1999 1137 2021 ,
1171 1971 1219 2010 et
1249 1959 1300 2010 in
1333 1958 1518 2025 peltas,
1546 1974 1766 2026 quarunt
1798 1957 1950 2010 modo
1993 1973 2053 2010 ue
2081 1957 2322 2026 appella-

2427 1951 2647 2020 ψιλοὺς
2674 1950 2755 2016 τῷ
2785 1949 2944 2015 αὐτῷ
2967 1953 3266 2007 καλοῦσιν
3292 1955 3567 2024 ὀνόματι,
3600 1957 3697 2010 καὶ
3742 1961 3831 2023 εις
3859 1959 4009 2011 πέλ-

739 2048 934 2100 ιὶυηεηι
971 2048 1176 2116 quidem
1208 2051 1484 2112 novimus;
1514 2049 1717 2102 videtur
1741 2047 1868 2100 ntihi
1893 2047 2018 2100 levis
2039 2059 2326 2102 armatura:

2427 2059 2556 2108 τας,
2611 2037 2698 2096 ὧν
2743 2045 2797 2095 οἱ
2847 2043 2976 2096 καθ’
3007 2042 3165 2113 ἡμᾶς
3198 2046 3270 2099 οὐ
3323 2046 3690 2116 γινώσκουσι
3727 2048 3845 2116 μὲν
3893 2051 4010 2114 τὴν

744 2138 1003 2190 militibus
1029 2138 1121 2192 hos
1147 2140 1445 2192 accensenti
1489 2138 1621 2191 duos
1661 2138 1799 2191 solos
1831 2138 2040 2192 ordines
2068 2140 2325 2206 pedestris

2428 2133 2680 2200 κλῆσιν,
2710 2133 2880 2187 δοκεῖ
2897 2151 3000 2202 μοι
3034 2135 3102 2187 δὲ
3133 2135 3259 2201 τοῖς
3301 2136 3504 2205 ψιλοῖς
3532 2140 3754 2206 αὐτοὺς
3783 2156 4011 2208 συγκα-

737 2231 994 2282 exercs'tus
1013 2245 1444 2292 commemorare,
1469 2239 1798 2282 armatorum
1819 2240 1866 2283 et
1886 2231 2008 2283 leris
2041 2242 2328 2286 armaturae

741 2319 991 2372 militum.
1031 2319 1103 2373 De
1139 2320 1220 2374 his
1253 2321 1414 2389 igitur
1461 2321 1730 2374 ordinibus
1775 2336 1867 2374 nos
1905 2321 2125 2388 deﬁnire
2153 2337 2328 2375 susce-

743 2424 943 2476 pimus.

805 2586 896 2641 25.
946 2587 1192 2641 Armabis
1241 2588 1406 2658 igitur
1442 2595 1674 2640 scutatos
1722 2587 2007 2655 pedestres,
2045 2589 2138 2658 qui
2184 2589 2326 2641 anti-

738 2681 918 2748 quitus
949 2681 1146 2732 armati
1177 2679 1524 2742 vocabantur,
1569 2679 1648 2731 ita
1689 2686 1745 2730 ut
1788 2677 2012 2730 habeant
2062 2679 2325 2743 spatham.

739 2771 934 2823 hastile
977 2780 1024 2822 et
1057 2782 1284 2833 scutum,
1308 2786 1423 2822 cum
1457 2769 1663 2837 quidem
1686 2768 1894 2821 utilitas
1926 2779 2186 2836 exposcet,
2214 2771 2332 2821 lon-

739 2875 862 2929 gum
904 2875 1176 2928 magnum,
1225 2856 1364 2926 quod
1412 2866 1630 2909 vocatur
1673 2855 1899 2922 thyreos,
1952 2856 2163 2908 omnino
2210 2870 2330 2908 vero

743 2948 1028 3002 rotundmn
1066 2949 1380 3017 perfectura.
1427 2945 1591 2999 Scuta
1622 2961 1735 2997 vero
1765 2945 1998 2998 omnium
2034 2944 2211 2996 eodem
2251 2959 2333 2996 co-

739 3042 850 3093 lore
872 3040 950 3094 vel
977 3039 1263 3093 secundant
1298 3053 1595 3098 numerum,
1621 3043 1694 3088 vel
1741 3035 2026 3088 secundum
2059 3035 2332 3086 ordinem;

740 3132 965 3185 habeant
1000 3148 1117 3184 vero
1165 3132 1324 3183 etiam
1379 3129 1641 3182 cassidem
1687 3128 1850 3180 crista
1890 3129 2081 3195 exigua
2113 3143 2332 3193 superne

2427 2221 2795 2286 ταλέξαντες
2824 2221 2934 2275 δύο
2964 2225 3157 2291 μόνας
3185 2222 3299 2293 (68)
3320 2225 3523 2292 τάξεις
3575 2226 3816 2288 πεζικοῦ
3855 2247 4010 2299 μνη-

2421 2311 2720 2378 μονεῦσαι
2757 2313 3045 2380 στρατοῦ,
3082 2316 3345 2368 ὁπλιτῶν
3376 2334 3439 2370 τε
3466 2317 3565 2370 καὶ
3587 2319 3805 2385 ψιλῶν.
3867 2321 4010 2388 Περὶ

2427 2401 2654 2454 τούτων
2697 2398 2811 2457 οὖν
2854 2403 3027 2472 ’ἡμεῖς
3066 2404 3456 2473 διαλαϐόντες
3497 2409 3616 2462 τῶν
3645 2410 3872 2474 τάξεων
3920 2413 4008 2466 δι-

2429 2491 2778 2561 ορισώμεθα.

2499 2581 2596 2636 κε’.
2635 2584 2941 2651 Ὀπλίσεις
2966 2585 3084 2653 μὲν
3125 2585 3236 2638 οὖν
3267 2587 3375 2640 τὸν
3411 2585 3589 2646 πεζὸν
3619 2591 3962 2643 σκουτάτον
3987 2631 4002 2650 ,

2428 2673 2735 2744 τὸνξπάλαι
2758 2677 3139 2744 καλούμενον
3166 2680 3449 2745 ὁπλίτην,
3480 2679 3637 2733 ὥστε
3655 2680 3820 2748 ἔχειν
3847 2683 4012 2735 σπά-

2431 2770 2566 2834 θην,
2597 2767 2899 2836 κοντάριν,
2929 2769 3278 2838 σκουτάριν,
3303 2772 3402 2825 ὅτε
3431 2774 3548 2841 μὲν
3579 2776 3750 2842 χρεία
3799 2775 4010 2834 καλεῖ.

2430 2858 2744 2924 ἐπίμηκες,
2777 2860 2957 2928 μέγα.
3004 2860 3035 2913 ὃ
3063 2860 3332 2915 καλεῖται
3375 2864 3618 2930 θυρεὸς,
3657 2865 3897 2928 πάντως
3943 2865 4013 2917 δὲ

2430 2951 2812 3019 στρογγύλον
2841 2951 3096 3005 τέλειον.
3134 2954 3210 3005 Τὰ
3255 2952 3324 3005 δὲ
3357 2956 3693 3021 σκουτάρια
3746 2958 4012 3023 ὁμόχροα

2432 3039 2692 3108 πάντων,
2721 3043 2759 3109 ἣ
2787 3043 2936 3096 κατὰ
2956 3043 3227 3110 ἀριθμὸν,
3260 3043 3298 3112 ἢ
3326 3045 3476 3098 κατὰ
3504 3044 3716 3113 τάγμα,
3759 3046 3926 3114 ἔχειν
3943 3046 4013 3098 de

2432 3133 2529 3185 καὶ
2583 3132 2847 3186 κασσίδα
2894 3135 3112 3202 τουφῖν
3161 3135 3378 3203 μικρὸν
3416 3135 3685 3204 ἔχουσαν
3738 3143 4004 3204 ανωθεν,

741 3225 1093 3283 instructam,
1139 3220 1455 3288 [undibula,
1510 3235 1715 3271 secures
1764 3218 2044 3287 ancipites,
2096 3232 2325 3286 quarum

2430 3223 2833 3291 σφενδοσόλα,
2864 3222 3158 3292 τζὶκούρια
3183 3225 3459 3295 δίστομα,
3494 3227 3560 3280 τὸ
3573 3229 3690 3297 μὲν
3708 3227 3782 3281 ἓν
3811 3233 4009 3298 στόμα

746 3314 958 3383 quidem
989 3314 1126 3366 acies
1159 3329 1261 3364 una
1285 3311 1443 3364 veluti
1468 3312 1673 3377 spatha,
1707 3310 1878 3362 altera
1903 3326 2040 3372 vero,
2063 3320 2117 3360 ut
2147 3325 2326 3361 mucro

742 3416 932 3470 tiasta',
960 3421 1076 3474 qute
1102 3415 1380 3473 portentur
1423 3419 1540 3455 cum
1578 3403 1738 3454 thecis
1789 3403 2042 3468 pelliceis,
2077 3399 2156 3453 vel
2188 3399 2326 3453 alias

745 3509 955 3548 secures
986 3492 1231 3544 habentes
1257 3492 1464 3555 quidem
1500 3491 1665 3541 aciem
1711 3505 1870 3541 unam
1909 3489 2206 3557 praecisam.
2247 3489 2329 3541 al-

743 3565 910 3637 teriim
951 3598 1067 3635 vero
1096 3581 1400 3645 rotundam,
1434 3580 1510 3633 vel
1549 3581 1683 3632 alias
1710 3596 1914 3632 secures
1941 3581 2192 3647 ancipites
2223 3580 2328 3631 ritu

743 3675 1002 3742 pelecum.
1032 3671 1203 3725 Electi
1226 3682 1401 3724 autem
1438 3672 1568 3723 aciei
1593 3672 1815 3723 habeant
1845 3674 2006 3724 etiam
2029 3671 2209 3735 zabas,
2233 3673 2327 3724 hoc

748 3773 828 3816 est
860 3763 1082 3823 loricas,
1112 3762 1157 3814 si
1185 3759 1430 3829 possibile
1457 3769 1556 3824 est,
1592 3761 1857 3822 universi;
1889 3761 1971 3812 sin
1997 3762 2193 3826 minus,
2221 3761 2326 3813 duo

743 3856 904 3924 primi
936 3856 1184 3906 acierum.
1215 3852 1416 3907 Contra
1453 3869 1567 3905 vero
1591 3853 1842 3917 membra,
1870 3856 1966 3906 hoc
1990 3865 2064 3908 est
2086 3855 2326 3909 humeros

747 3945 892 3998 zaba!
928 3943 1180 4012 [lautulus
1229 3945 1444 4012 exiguas
1491 3945 1754 4009 habeant,
1797 3957 1844 3998 et
1888 3947 2160 4010 manicas,
2212 3963 2327 4016 qua:

746 4033 1044 4088 mauicella:
1088 4044 1136 4086 et
1186 4032 1499 4099 chiropsella
1551 4034 1819 4096 dicuntur,
1869 4033 2090 4102 ferreas,
2143 4036 2219 4086 vel
2259 4037 2328 4088 li-

748 4143 925 4195 gneas,
967 4135 1015 4179 et
1045 4139 1226 4178 ocreas
1274 4123 1544 4186 similiter,
1570 4140 1684 4191 qua:
1730 4125 1980 4178 dicuntur
2023 4127 2327 4194 podopsella

745 4217 822 4272 vel
853 4215 1186 4279 chalcotuba,
1223 4216 1451 4268 maxime
1487 4231 1604 4268 vero
1634 4217 1695 4281 ii,
1735 4219 1824 4286 qui
1875 4218 1929 4270 in
1973 4218 2232 4286 capitibus
2276 4229 2326 4274 et

747 4309 936 4365 caudis
975 4309 1210 4362 acierum
1237 4306 1487 4361 collocati
1521 4316 1664 4361 sunt.

815 4592 907 4647 26.
947 4592 1015 4645 Et
1046 4600 1282 4646 scutatos
1326 4592 1404 4644 ita
1443 4591 1697 4656 armabis,
1745 4600 1802 4644 ut
1847 4590 2048 4644 dictum
2077 4601 2154 4644 est
2190 4603 2208 4640 :
2236 4605 2322 4643 eos
2353 4563 2399 4620 θ

748 4700 890 4746 vero,
913 4684 1002 4752 qui
1023 4684 1146 4737 levis
1165 4693 1455 4736 armatura:
1475 4681 1813 4751 appellantur
1829 4682 1923 4734 hoc
1945 4681 2129 4733 modo:
2158 4679 2330 4734 Toxo—

748 4775 1023 4841 pharetra,
1055 4788 1172 4840 qua:
1203 4774 1257 4824 in
1299 4773 1528 4824 humeris
1570 4781 1842 4841 gestantur
1865 4770 2114 4824 habentia
2131 4787 2327 4823 eucura

2428 3314 2508 3376 ὡς
2528 3311 2793 3379 σπάθην,
2851 3312 2918 3365 τὸ
2964 3312 3033 3365 δὲ
3069 3313 3276 3380 ἕτερον
3303 3315 3383 3380 ὡς
3424 3320 3745 3384 κονταρίου
3773 3319 3956 3388 ξίφος
3986 3363 4002 3384 ,

2428 3402 2950 3470 ἀναβασταζόμενα
2973 3405 3123 3472 μετὰ
3151 3406 3451 3473 θηκαρίων
3501 3407 3871 3477 δερματίνων
3899 3451 3914 3474 ,
3966 3414 4005 3479 ἢ

2429 3492 2718 3561 τζὶκούρια
2745 3494 2936 3562 ἕτερα,
2959 3494 3176 3563 ἔχοντα
3197 3498 3264 3549 τὸ
3279 3498 3395 3566 μὲν
3413 3497 3484 3552 ἓν
3507 3501 3701 3568 στόμα
3722 3503 3834 3572 (69)
3857 3504 4009 3555 κόπ-

2433 3599 2560 3648 τον,
2603 3584 2670 3637 τὸ
2687 3583 2755 3636 δὲ
2773 3584 2978 3651 ἕτερον
3002 3589 3480 3656 στρογγύλον.“Η
3498 3590 3671 3658 ἕτερα
3704 3591 3956 3660 τζῖκούρι
3970 3612 4009 3646 a

2427 3670 2682 3739 δίστομα
2706 3671 2879 3735 τάξιν
2907 3675 3225 3728 πελεκίων.
3240 3677 3386 3743 Τοὺς
3407 3677 3476 3730 δὲ
3495 3679 3859 3747 ἐπιλέκτους
3896 3682 4009 3749 τῆς

2425 3761 2727 3831 ἀκίαςΠΟ)
2755 3763 2922 3830 ἔχειν
2958 3764 3057 3817 καὶ
3085 3764 3282 3832 ζάόας,
3309 3767 3438 3835 ἤτοι
3486 3771 3734 3837 λωρίκια
3758 3812 3773 3836 ,
3807 3775 3861 3825 εί
3893 3775 4011 3841 μὲν

2426 3853 2706 3917 δυνατὸν,
2734 3853 2936 3921 ὅλους,
2971 3856 3070 3908 ἐπὶ
3116 3858 3229 3928 (71)
3281 3858 3399 3912 κᾶν
3422 3860 3532 3914 δύο
3559 3863 3698 3928 τοὺς
3740 3865 4009 3932 πρώτους

2425 3944 2546 3998 τῶν
2571 3944 2780 3999 άκιῶν.
2813 3948 2970 3999 Κατὰ
3005 3947 3074 3999 δὲ
3101 3948 3218 4001 τῶν
3236 3950 3452 4020 μήλων
3496 3955 3626 4022 ῆτοι
3666 3953 3787 4007 τῶν
3835 3958 4011 4024 ὤμων

2427 4035 2536 4104 τῆς
2563 4036 2739 4101 ζάϐας
2798 4040 3252 4106 φλαμουλίσκια
3298 4043 3502 4110 μικρὰ,
3556 4047 3724 4112 ἔχειν
3777 4046 3847 4099 δὲ
3907 4051 4009 4101 καὶ

2426 4128 2813 4197 χειρομάνικα
2840 4131 2977 4199 (72),
3013 4132 3085 4185 τὰ
3112 4135 3407 4202 λεγόμενα
3426 4138 3817 4205 μανικέλλια,
3842 4141 3880 4206 ἣ
3908 4144 4006 4194 καὶ

2425 4221 2710 4288 χειρόψελ
2723 4221 2792 4272 1a
2821 4219 3064 4288 σιδηρᾶ,
3086 4223 3125 4289 ἣ
3157 4222 3399 4288 ξύλινα,
3427 4227 3525 4280 καὶ
3575 4232 4011 4300 περικνημίδας

2425 4311 2661 4379 ὁμοίως,
2716 4309 2755 4364 t1
2791 4309 3026 4380 λέγεται
3078 4313 3437 4384 ποδόψελλα
3485 4319 3524 4386 ἢ
3578 4322 3968 4388 χιιλκότουσα
3992 4367 4006 4384 ,

2419 4404 2688 4473 μάλιστα
2729 4405 2872 4470 τοὺς
2892 4407 2962 4459 ἐν
2983 4407 3113 4474 ταῖς
3142 4409 3436 4478 κεφαλαῖς
3481 4413 3581 4466 καὶ
3623 4413 3832 4481 οὐραῖς
3889 4414 4012 4469 τῶν

2426 4495 2615 4549 άκιῶν
2647 4497 3070 4566 τεταγμένους.

2502 4591 2614 4648 κς’.
2643 4586 2748 4639 Καὶ
2779 4587 2919 4652 τοὺς
2941 4588 3060 4656 μὲν
3085 4590 3466 4658 σκουτάτους
3495 4592 3680 4659 οὕτως
3701 4595 4008 4660 ὁπλίσεις,

2424 4675 2505 4740 ὡς
2535 4675 2785 4743 εἴρηται,
2813 4675 2956 4742 τοὺς
2977 4676 3047 4728 δὲ
3073 4678 3440 4746 λεγομένους
3465 4682 3690 4749 ψιλοὺς
3738 4683 3848 4736 τὸν
3876 4687 4010 4752 τρόπ-

2425 4766 2793 4821 ποντοῦτον’
2836 4767 3248 4837 Τοξοεράρετρα
3289 4771 3385 4826 ἐπὶ
3421 4771 3539 4825 τῶν
3583 4773 3758 4842 ὤμων
3785 4777 4012 4829 ἀνασα-

751 4880 967 4933 magna,
1003 4877 1120 4931 qua:
1161 4861 1370 4930 singula
1395 4862 1635 4929 triginta,
1666 4860 1744 4912 vel
1765 4860 2121 4928 quadraginta
2159 4860 2327 4928 sagit-

2427 4856 2758 4926 σταζόμενα
2790 4857 3009 4926 ἔχοντα
3034 4861 3342 4929 κούκουρα
3368 4862 3603 4931 μεγάλα
3649 4866 3967 4933 χωροῦντα
3993 4909 4007 4926 ,

751 4962 832 5005 tas
863 4954 1094 5018 capiant.
1129 4949 1404 5003 Solenaria
1442 4951 1615 5017 lignea
1639 4964 1757 5000 cum
1791 4949 1966 5014 parvis
2016 4948 2249 5016 sagittis,
2275 4958 2325 5001 et

751 5044 960 5095 cucuris
990 5041 1216 5111 exiguis,
1248 5055 1365 5108 qua:
1404 5041 1474 5091 ad
1505 5055 1749 5107 magnam
1775 5037 2088 5092 distantiam
2109 5036 2326 5105 jaciun-

751 5143 839 5187 tur
871 5135 935 5188 ab
959 5133 1184 5186 arcubus
1221 5132 1361 5201 (75),
1393 5140 1446 5184 ct
1474 5130 1707 5184 inimicis
1757 5128 1969 5183 inutilia
2021 5137 2168 5182 sunt.
2220 5127 2325 5180 Bu—

2430 4949 2547 5002 ἀνὰ
2562 4947 2615 5001 λ’
2644 4949 2681 5015 ἢ
2699 4948 2756 5017 μ’
2779 4949 3093 5017 σαγιττῶν.
3110 4953 3453 5022 Σωληνάρια
3478 4955 3590 5025 (74)
3614 4956 3835 5019 ξύλινα
3857 4961 4011 5026 μετὰ

2427 5038 2656 5108 μικρῶν
2681 5038 3000 5108 σαγιττῶν,
3032 5043 3133 5094 καὶ
3181 5045 3529 5112 κουκούρων
3550 5045 3806 5114 μικρῶν,
3859 5048 4012 5115 ἅπερ

2432 5131 2530 5185 ἐπὶ
2566 5132 2726 5185 πολὺ
2754 5131 3058 5202 διάστημα
3082 5134 3395 5201 ρίπτονται
3421 5135 3516 5190 διὰ
3544 5136 3662 5190 τῶν
3686 5137 4003 5212 τοξιιρίων⁹

2275 5219 2482 5277 NOTAE
2493 5265 2508 5280 .

822 5314 937 5382 (68)
995 5313 1109 5366 Δύο
1130 5310 1884 5382 μόναςκὸοτίϋθδδιυτηδύο
1918 5309 2112 5380 μῆνας.

846 5380 936 5447 69)
985 5384 1055 5434 Τὸ
1081 5380 1196 5451 μὲν
1225 5383 1312 5434 ἓν.
1349 5380 1702 5435 Scribebatur
1729 5380 1942 5451 {copim

850 5453 936 5520 70)
969 5449 1297 5520 Τῆςήάκίας.
1328 5451 1703 5520 Scriliebalur,
1723 5449 1900 5520 ᾁξίας.

825 5519 937 5590 (71)
973 5519 1105 5575 cod.
1141 5520 1397 5590 Laurent.
1439 5521 1619 5590 habet,
1654 5519 1826 5590 obicis;
1867 5522 2002 5590 ἐστι.

811 5587 928 5661 (⁵12)
942 5590 1047 5643 Καὶ
1064 5589 1467 5660 χειρομάνικιι.
1480 5589 1604 5661 _Scri
1615 5589 1860 5661 bebaytur,
1877 5589 1968 5640 καὶ
1982 5587 2339 5657 χειρομανέα.’

825 5659 937 5730 (75)
973 5659 1088 5714 Huc
1106 5675 1300 5730 usque,
1317 5674 1438 5728 quae
1461 5659 1679 5712 diverso
1705 5660 2022 5730 charactere
2039 5666 2317 5730 notantur,

756 5731 813 5858 i‘n
837 5725 1012 5852 ’ρυεῖιί
1052 5725 1238 5787 ood'téo
1271 5725 1516 5794 deerant,
1549 5743 1648 5785 nec
1676 5743 1704 5782 ει
1771 5725 2012 5783 Mcursio
2073 5727 2320 5797 suppleta

786 5812 954 5858 ueran
983 5835 999 5853 .

2499 5314 2897 5402 (ᾏλτρὺςάδὲ
2922 5315 3290 5402 λεγομένους
3324 5318 3552 5402 ἓξιλοὺς
3605 5318 4008 5402 άναὸἰιιξνταᾷίἼ

2422 5399 2578 5456 μενά
2601 5383 2820 5456 ἔχοντα
2841 5383 3139 5456 κουκούρα
3188 5383 3420 5455 μεγάλα
3461 5383 3756 5456 κυροῦντα
3796 5391 3918 5443 ἀνὰ
3954 5397 4008 5442 ,ι’

2428 5454 2467 5520 ἢ
2492 5460 2550 5520 μ’
2598 5454 2780 5525 τόξον
2801 5454 3099 5522 φαρέτραν
3123 5454 3224 5508 ἐπὶ
3254 5454 3361 5508 τὸν
3389 5454 3577 5525 νόμον
3596 5459 4007 5518 άναΰασταῦ-

2423 5537 2578 5593 μενα
2599 5522 2833 5593 ἔχοντα-
2870 5525 3168 5591 κούκουρα
3189 5527 3423 5593 μεγάλα
3453 5522 3763 5592 χωροῦντα
3802 5529 3924 5581 ἀνὰ
3954 5528 4006 5579 ,ι’

2430 5592 2468 5658 ἢ
2494 5597 2552 5659 μ’
2585 5591 2880 5659 σαγιττῶν
2925 5591 3294 5661 σωληνάρια,
3325 5605 3432 5650 etv.
3499 5591 3678 5650 Locus
3729 5598 3817 5650 hic
3849 5600 4006 5650 valde

2435 5671 2890 5734 c_orruptus_ora_t,
2916 5671 3159 5734 et_voces
3195 5665 3562 5734 transpositau
3589 5680 3653 5719 ac
3676 5667 3815 5718 male
3848 5682 4002 5734 repe-

2435 5731 2567 5802 ligo.
2595 5731 2887 5802 lii-Slitulio
2921 5749 2934 5784 :
2968 5731 3105 5792 Τοὺς
3209 5731 3534 5800 λεγομένους
3564 5734 3750 5801 ψιλοὺς
3775 5731 4000 5802 ἔχοντας

2425 5799 2596 5866 τόξον,
2619 5801 2916 5869 φαρέτραν,
2935 5803 3026 5854 καὶ
3054 5799 3328 5870 κούκουρα
3344 5799 3563 5871 μεγάλα
3581 5799 3868 5871 χωροῦντα
3893 5803 4002 5858 ἀνὰ
