4220 6442
218 428 338 489 ’ἵὲὓ

1285 421 1613 481 ΤᾹΟΤΠᾺ.
1662 445 1706 453 -ο
1750 419 2252 480 CONSTITUTIO
2292 421 2364 480 Vl

3360 425 3462 486 730

223 543 325 588 καὶ
353 539 462 598 τοῖς
493 535 704 604 ἐχθροῖς
736 536 985 604 ἄχρηστα
1014 536 1118 587 είσι
1150 552 1161 567 ο
1191 534 1432 604 βιρίττας
1463 536 1600 604 (73).
1632 535 1666 586 5.
1702 533 1788 584 λέ·
1819 536 1867 592 Λ

1819 536 1867 592 Λ
1895 533 2050 587 rittas
2093 543 2297 595 autem,
2325 547 2446 600 qua:
2488 533 2769 597 rhietaria,
2804 534 2854 588 id
2902 542 3008 598 cst,
3060 534 3165 589 tela
3210 535 3458 590 dicuntur

216 647 384 693 γεται
414 628 710 697 ρικτάρια,
763 628 891 688 τοὺς
955 627 1197 696 ἀπείρως
1254 626 1390 693 πρὸς
1437 627 1535 694 τὴν
1582 625 1792 687 τοξείαν

217 721 474 784 ἔχοντας,
502 718 648 786 ἢκαὶ
677 718 1048 786 λειπομένους.
1090 718 1163 777 ὡς
1194 718 1360 778 εἰκὸς,
1395 717 1582 780 τόξων.
1609 718 1792 784 Ἐχειν

1893 639 1986 679 eos
2018 626 2219 678 habere
2253 632 2488 691 oportet,
2512 623 2603 691 qui
2629 627 2703 676 rci
2731 627 3021 693 sagittas-ia:
3051 627 3282 694 imperiti
3307 637 3457 690 sunt,

1892 724 2054 783 atque
2086 718 2251 768 etiam
2292 729 2409 775 eos,
2441 715 2534 781 qui
2557 715 2792 767 arcubus
2829 717 3168 770 deficiuntur.
3213 717 3457 774 llabeant

214 810 274 860 δὲ
306 812 400 860 καὶ
425 809 720 876 σκουτάρια
753 809 943 877 μικρὰ,
965 808 1294 878 στρογγύλα,
1328 808 1676 876 σφενδοὸὁλα,
1699 808 1793 859 καὶ

1787 845 1793 857 .
1890 807 2052 858 ctiam
2081 804 2289 860 scutula
2322 807 2484 873 parva
2519 805 2774 869 rotunda,
2818 806 3116 868 fundibula.
3148 819 3197 863 et
3231 811 3453 863 tzicuria

214 899 509 968 τζικούρια
530 901 690 968 ὅμοια
719 898 828 950 τῶν
857 900 1164 968 εἰρημένων
1188 899 1673 966 ἀναὸασταζόμενα
1701 897 1792 949 καὶ

214 990 361 1040 αὐτὰ
393 991 470 1052 είς
501 990 736 1058 θηκάρια
769 989 1083 1058 δερμάτινα.
1116 990 1195 1040 Τὰ
1222 991 1279 1041 δὲ
1317 989 1504 1057 ἱμάτια
1542 989 1650 1040 τῶν
1689 1004 1789 1039 πε-

215 1082 331 1144 ζῶν
368 1083 622 1134 ἁπάντων
643 1083 883 1134 ἔστωσαν
913 1082 1072 1133 κονδά
1098 1082 1260 1150 μέχρι
1289 1082 1398 1131 τῶν
1421 1079 1662 1145 γονάτων
1689 1080 1787 1130 αὺ-

213 1173 352 1233 τῶν,
392 1174 486 1222 ἐὰν
517 1172 736 1224 δυνατὶν
767 1173 961 1234 αὐτοὺς
992 1171 1134 1238 ἔχειν
1160 1173 1254 1223 καὶ
1282 1172 1602 1238 ὲπιλώρικα.
1623 1170 1703 1221 Τὰ
1732 1171 1788 1222 δὲ

216 1263 551 1330 ὑποδήματα
577 1264 754 1314 αὐτῶν
785 1263 898 1330 (76)
943 1263 1017 1331 μὴ
1059 1262 1201 1331 ἔχειν
1231 1262 1408 1325 ὀξείας
1457 1261 1785 1330 ἔμπροσθεν.

227 1354 558 1420 Ἀναγκαῖον
601 1355 653 1405 δὲ
693 1355 809 1421 (Π)
846 1355 940 1405 καὶ
978 1353 1176 1420 ὀλίγοις
1215 1356 1425 1424 μικροῖς
1463 1354 1612 1421 ἥλοις
1651 1354 1785 1404 καῦ-

216 1443 490 1512 η).οὖσ9αι
516 1445 674 1504 αὐτὰ,
699 1445 866 1513 ῆγουν
912 1445 1164 1512 καρφίοις
1204 1445 1354 1513 (78),
1399 1445 1536 1513 πρὸς
1569 1444 1785 1495 πλείονα

215 1536 551 1602 ὑπουργίαν·
581 1535 824 1604 χρήσιμα
847 1536 954 1604 γὰρ
986 1536 1154 1587 ταῦτα
1173 1575 1186 1596 ,
1218 1537 1312 1586 καὶ
1341 1536 1398 1586 ὲν
1429 1538 1548 1592 ταῖς
1576 1536 1779 1586 ὁδοιπο-

215 1626 365 1693 ρίαις
391 1624 644 1692 μάλιστα.
680 1624 790 1676 Καὶ
816 1625 912 1686 τὰς
946 1625 1146 1693 κουρὰς
1190 1625 1244 1676 δὲ
1276 1625 1452 1676 αὐτῶν
1483 1625 1674 1685 κοντας
1705 1626 1786 1690 γίο

212 1721 427 1779 νεσΘαι,
459 1719 550 1770 καὶ
575 1717 650 1788 μὴ
679 1719 894 1787 ἀφεῖναι
918 1720 1100 1781 αὐτοῖς
1133 1718 1338 1780 τελείας
1371 1719 1564 1786 τρίχας
1593 1717 1785 1786 χρήσι-

214 1814 320 1880 μόν
357 1816 524 1864 ἐστιν.

1893 897 2165 965 praedictis
2195 896 2384 950 formis
2414 899 2636 962 Similia,
2668 914 2773 967 qua
2804 899 2966 952 etiam
2992 901 3164 954 thecis
3193 903 3456 954 coriaeeis

1891 997 2188 1055 gestemur.
2214 986 2408 1040 Vestes
2441 990 2679 1055 peditum
2738 988 2981 1041 omnium
3015 989 3122 1042 sint
3171 992 3374 1053 condaz,
3401 990 3452 1042 id

1892 1088 1996 1137 est,
2031 1087 2258 1131 attonsa:
2287 1094 2456 1146 usque
2489 1080 2552 1130 ad
2584 1094 2755 1148 genua
2801 1081 3038 1140 illorum,
3067 1087 3120 1132 et
3172 1080 3215 1132 si
3253 1081 3301 1132 id
3338 1082 3452 1134 ﬁeri

1889 1178 2084 1236 potest,
2116 1171 2446 1237 superlorica
2479 1171 2728 1224 habeant.
2766 1172 2944 1224 Calcei
2979 1173 3192 1224 illorum
3239 1171 3453 1240 fastigia

1888 1271 2011 1314 ante
2047 1264 2355 1314 acuminata
2403 1279 2469 1317 ne
2511 1264 2761 1315 habeant.
2793 1262 3168 1317 Necessarium
3206 1279 3336 1317 vero
3372 1275 3455 1317 est

1887 1353 2076 1418 paucis
2131 1355 2452 1420 quibusdam
2511 1355 2736 1407 clavulis
2789 1355 2989 1406 firmari
3038 1357 3269 1416 calceos,
3315 1372 3452 1424 quos

1887 1443 2105 1509 carpliia
2141 1444 2441 1510 appellant;
2492 1446 2556 1496 ad
2595 1446 2776 1497 varios
2804 1449 2947 1496 enim
3004 1461 3135 1496 usus
3169 1446 3296 1497 illud
3321 1448 3452 1498 utile.

1886 1543 1988 1593 est,
2022 1543 2076 1586 et
2106 1534 2159 1586 in
2219 1536 2406 1602 primis
2440 1537 2504 1588 ad
2544 1538 2732 1589 itinera
2779 1536 3045 1590 facienda.
3094 1538 3161 1591 Et
3203 1539 3452 1590 caesaries

1887 1622 2098 1677 illorum
2136 1629 2341 1688 condar,
2379 1629 2427 1679 id
2455 1639 2555 1687 est,
2586 1639 2811 1680 attonsze
2848 1631 2996 1686 fiant.
3021 1630 3298 1682 autetiam
3332 1646 3452 1698 per-

1887 1716 2120 1779 mittere,
2160 1728 2216 1769 ut
2263 1720 2409 1771 nullo
2458 1723 2618 1771 modo
2663 1721 2870 1772 crinem
2920 1720 3173 1782 habeant,
3217 1721 3449 1777 fortasse

1887 1821 1991 1856 nnn
2029 1807 2218 1859 inutile
2245 1818 2344 1860 est.

284 1924 391 1987 κζ’.
426 1924 568 1976 Ἀλλ’
600 1925 744 1977 οὕτω
784 1925 880 1993 μὲν
908 1930 1033 1988 τοὺς
1078 1927 1275 1990 πεζοὺς
1313 1928 1650 1994 στρατιώτας
1695 1927 1779 1974 ἐν-
1811 1912 1854 1967 Β

1778 1956 1779 1961 η
1811 1912 1854 1967 Β
1952 1912 2043 1966 27.
2085 1913 2150 1965 Ει
2174 1917 2375 1982 pedites
2403 1920 2616 1984 quidem
2658 1921 2722 1974 ad
2777 1922 2920 1976 hunc
2953 1925 3176 1976 modum
3211 1940 3444 1993 appara-

205 2018 394 2076 δύσεις
431 2017 523 2067 καὶ
554 2017 908 2086 περιφράξεις
934 2018 1001 2068 δι’
1032 2019 1212 2070 ὅπλων
1240 2033 1253 2045 ο
1293 2018 1429 2083 πρὸς
1459 2017 1514 2066 δὲ
1548 2017 1645 2083 τὴν
1677 2017 1781 2066 ὑπ-

207 2108 444 2176 ηρεσίαν
470 2108 647 2159 αὐτῶν
681 2109 773 2160 καὶ
796 2108 1039 2177 φυλακὴν
1081 2107 1296 2177 ἁμάξας
1340 2106 1779 2175 παρασκευάσεις

206 2198 495 2260 εὐσταλεῖς
536 2199 703 2267 ἤγουν
735 2199 973 2266 ἐλαφρὰς
1018 2199 1113 2251 καὶ
1147 2199 1350 2267 γοργὰς
1392 2197 1529 2248 κατὰ
1581 2197 1778 2266 δεκαρ-

208 2289 362 2356 χίαν,
395 2290 515 2357 ἤτοι
540 2287 939 2358 λοντουϐέρνιν,
975 2289 1100 2357 μίαν
1126 2291 1216 2340 καὶ
1249 2288 1323 2358 μὴ
1354 2288 1535 2349 πλέον,
1585 2289 1669 2338 ἵνα
1704 2289 1776 2355 μή

205 2376 401 2427 πολλοὶ
431 2378 510 2437 είς
545 2377 682 2428 αὐτὰ
746 2378 1126 2446 ἀσχολούμενοι
1185 2379 1446 2447 άργῶσιν.
1478 2376 1678 2443 Ἐχέτω
1723 2376 1777 2426 δὲ

204 2466 418 2532 ἑκάστη
454 2466 561 2516 τῶν
593 2466 815 2534 ἁμαξῶν
868 2467 1212 2536 χειρόμυλον,
1267 2467 1478 2534 ἀξίνην,
1534 2467 1773 2528 πέλεκιν,

207 2554 543 2623 σκέπαρνον,
580 2556 812 2622 πριόνιν,
845 2556 1050 2624 δρυγας
1107 2556 1223 2618 δύο,
1262 2557 1492 2622 σφύραν,
1543 2557 1776 2623 πτυάρια

203 2644 324 2708 δύο,
363 2644 592 2708 κοφίνιν,
628 2645 856 2707 κιλίκια,
892 2646 1160 2712 φαλκίαν,
1199 2645 1485 2715 τζικούρια
1507 2685 1520 2707 ,
1553 2645 1774 2713 βαρδού-

205 2750 326 2796 κια,
359 2733 660 2801 ματζούκια
690 2736 844 2802 (ἴσως
874 2737 967 2788 καὶ
993 2737 1198 2787 τούτων
1244 2736 1399 2805 χρεία
1424 2737 1642 2805 γένηται
1664 2739 1775 2797 τοῖς

212 2820 626 2888 στρατιώταις),
661 2823 944 2890 τριϐόλους
977 2823 1369 2892 άναδεδεμένας
1417 2824 1525 2893 (79)
1573 2825 1657 2875 διὰ
1687 2825 1773 2875 λε-

203 2909 362 2960 πτῶν
401 2911 803 2978 σφηκωμάτων,
834 2913 927 2962 καὶ
959 2912 1016 2962 ὲν
1044 2912 1215 2980 ἧλωσι
1248 2913 1452 2982 σιδηρῴ
1492 2913 1601 2981 (80)
1638 2915 1773 2964 ἀπο-

201 2999 582 3067 κρατουμένας
604 3038 619 3061 ,
655 2999 742 3050 διά
780 2999 842 3049 τὸ
885 2999 1114 3066 ἑτοίμως
1158 3001 1554 3066 συναγαγέσοαι
1585 3001 1768 3062 αὑτάς.

212 3089 446 3156 Ἐτέρας
478 3091 692 3158 ἁμάξας
713 3090 942 3159 ἐχούσας
965 3091 1372 3161 τοξοόολίστρας
1394 3096 1487 3145 καὶ
1516 3095 1771 3160 σαγίττας

204 3180 412 3244 αὐτῶν,
446 3181 541 3231 καὶ
575 3181 886 3250 βαλίστρας,
917 3182 1035 3248 ἦτοι
1067 3183 1382 3250 μαγγανικά
1409 3184 1473 3235 τὰ
1503 3185 1770 3253 λεγόμενα

200 3272 481 3324 ἀλακάτια
507 3271 847 3340 στρεφόμενα
878 3271 1178 3334 κύκλωθεν,
1216 3275 1312 3325 καὶ
1342 3276 1768 3344 μαγγαναρίους,

199 3361 597 3427 λεπτουργοὺς,
653 3359 895 3427 χαλκεῖς,
947 3361 1042 3411 καί
1092 3359 1300 3422 τούτοις
1348 3361 1477 3412 tam
1536 3361 1770 3430 ἄρχοντα

197 3451 516 3518 ἐπιστῆσαι.

275 3571 387 3633 κη’.
428 3563 650 3634 Ἐτὲρας
700 3564 918 3632 ἁμάξας
979 3565 1252 3634 φερούσας
1299 3565 1360 3618 τὸ
1421 3563 1770 3635 ἀρμαμέντον

197 3659 439 3712 ἑκάστου
471 3655 704 3722 ἀριθμοῦ
741 3655 848 3706 τῶν
880 3656 1247 3725 στρατιωτῶν.
1295 3658 1517 3725 Ἐτέρας
1556 3656 1770 3725 ἁμάξας

196 3751 276 3810 ῶς
318 3749 449 3800 δέκα
483 3749 514 3816 ἢ
551 3749 644 3798 καὶ
678 3746 850 3798 εῐκοσι
876 3745 990 3815 (81)
1027 3745 1397 3814 βασταζούσας
1430 3747 1640 3808 πιστὸν,
1674 3749 1767 3799 καὶ

200 3839 570 3905 παξιμάδιον,
623 3839 718 3890 καὶ
785 3839 1082 3904 σαγίττας,
1131 3837 1224 3890 καὶ
1282 3836 1506 3906 τοξάρια
1557 3841 1621 3890 ὲκ
1667 3855 1766 3888 πε-

200 3929 418 4000 ρισσοῦ.

272 4041 377 4094 κθ¹.
412 4040 642 4100 Ἵππους
676 4036 1079 4106 σαγματαρίους
1105 4075 1118 4096 ,
1146 4035 1178 4104 ἢ
1219 4035 1486 4102 ὑποζύγια
1537 4075 1552 4098 ,
1584 4037 1632 4088 εἰ
1668 4036 1766 4104 μὲν

198 4133 474 4200 ἐνδέχεται
501 4171 517 4196 ,
547 4128 667 4182 καθ’
699 4127 928 4179 ἕκαστον
961 4125 1334 4195 κοντουὸἐρνιν
1354 4166 1368 4187 ,
1414 4128 1462 4177 εἰ
1491 4126 1545 4177 δὲ
1582 4128 1721 4194 μήγε
1747 4167 1761 4190 ,

198 4222 283 4282 είς
310 4219 378 4270 τά
405 4217 499 4269 δύο
527 4215 910 4282 κοντουδέρνια
945 4213 1060 4275 ἕνα,
1098 4215 1182 4265 ἵνα
1224 4216 1272 4265 εί
1319 4216 1543 4283 γένηται
1574 4217 1762 4282 καιρὸς

199 4307 539 4380 χωρισθῆναι
564 4305 690 4367 τοὺς
702 4303 901 4366 πεζοὺς
923 4306 985 4356 ὲκ
1013 4305 1118 4356 τῶν
1144 4303 1368 4373 ἁμαξῶν
1388 4345 1404 4368 ,
1435 4305 1530 4356 καὶ⁹
1555 4321 1759 4373 προκα-

195 4399 454 4452 ταλαϐεῖν
480 4397 664 4462 τόπον,
699 4395 987 4464 βαστάζειν
1015 4396 1158 4447 ὀκτὼ
1187 4396 1218 4464 ἢ
1256 4396 1384 4447 δέκα
1413 4397 1636 4464 ἡμερῶν
1665 4396 1760 4448 δα-

195 4491 400 4559 πάνην,
449 4489 544 4540 καὶ
588 4486 898 4540 ἀκολουθεῖν
952 4487 1142 4555 μέχρις
1188 4482 1247 4541 οὗ
1293 4489 1663 4556 ὲπιφθάσωσιν
1703 4490 1759 4542 αἱ

195 4579 408 4649 ἅμαξαι
435 4578 733 4648 ἀργότερον
763 4577 1183 4647 περιπατοῦσαι.

264 4782 329 4834 λ’.
364 4782 477 4834 Οὐκ
518 4781 788 4849 ἄχρηστον
831 4781 887 4832 δέ
924 4798 1016 4849 μοι
1052 4781 1198 4833 δοκεῖ
1233 4781 1619 4851 μνημονεῦσαι,
1658 4784 1761 4835 κᾶν

191 4876 253 4927 ὲν
297 4872 497 4942 μικρῷ,
529 4873 618 4922 καὶ
650 4871 748 4939 τῆς
771 4870 1002 4940 ἀρχαίας
1030 4871 1293 4933 ὁπλίσεως
1321 4872 1429 4924 τῶν
1458 4873 1637 4936 πεζῶν
1669 4876 1759 4925 καὶ

193 4966 306 5020 τῶν
339 4964 717 5034 καὸαλλαρίων
737 5003 754 5026 ,
787 4963 968 5026 καθὼς
1011 4964 1262 5026 Λίλιανὸς
1286 4982 1346 5016 τε
1377 4966 1472 5017 καὶ
1502 4967 1550 5016 οί
1581 4965 1754 5018 λοιποὶ

189 5059 303 5110 τῶν
327 5055 600 5109 τακτικῶν
632 5057 967 5122 συγγραφεῖς
994 5054 1396 5123 ὑπηγόρευσαν.
1456 5055 1611 5124 Παρὰ
1648 5057 1754 5125 γὰρ

189 5147 304 5207 τοῖς
329 5144 576 5212 ἀρχαίοις
618 5143 716 5210 τὴν
761 5143 860 5212 μὲν
888 5142 1117 5212 ἱππικὴν
1136 5142 1285 5205 τάξιν
1329 5145 1406 5206 εἰς
1439 5143 1532 5196 δύο
1568 5145 1755 5214 διαφο-

195 5234 296 5305 ρὰς
359 5236 622 5287 ὁπλίσεων
672 5235 888 5288 ἐποίουν
937 5235 987 5285 οί
1044 5235 1383 5304 στρατηγοὶ,
1459 5235 1586 5304 μίαν
1659 5236 1757 5304 μὲν

1884 2002 1986 2063 bis,
2026 2013 2079 2056 et
2103 2008 2270 2058 armis
2303 2018 2474 2075 teges.
2507 2011 2583 2063 Ad
2622 2028 2776 2065 usum
2810 2014 3020 2067 illorum
3069 2025 3116 2068 et
3159 2031 3449 2069 conserva-

1888 2094 2083 2145 'innem
2117 2111 2300 2151 carros
2361 2100 2580 2154 habebis
2609 2105 2905 2170 expeditos,
2954 2107 3120 2172 agiles
3156 2118 3208 2159 et
3239 2109 3444 2170 firmos,

1883 2186 2172 2254 unicuique
2203 2189 2436 2241 decuriae
2487 2193 2598 2243 sive
2635 2196 2992 2246 contubernio
3038 2212 3227 2258 llllllm,
3255 2207 3309 2249 et
3341 2213 3446 2251 non

1881 2278 2081 2342 plures,
2117 2286 2175 2329 ut
2199 2283 2434 2333 ncmulti
2469 2283 2519 2333 in
2552 2283 2655 2336 illis
2689 2287 2935 2352 occupati
2960 2288 3215 2340 nticntur.
3244 2288 3449 2342 Habeat

1880 2377 2057 2420 autem
2093 2374 2466 2439 unusquisque
2507 2389 2694 2427 carrus
2730 2377 2922 2429 molam
2967 2381 3325 2444 manuariam,
3356 2394 3447 2433 se-

1879 2456 2075 2518 curim,
2122 2459 2345 2523 asciam,
2404 2463 2658 2528 prionim,
2713 2464 2762 2514 id
2819 2474 2925 2524 est,
2973 2480 3200 2526 svrram,
3249 2482 3448 2536 orugas

1879 2543 2033 2608 duas,
2065 2546 2337 2610 malleum,
2379 2552 2605 2618 ptyaria,
2650 2553 2763 2604 sive
2794 2567 3000 2605 vannos
3050 2553 3208 2617 duos,
3256 2555 3446 2623 capbi-

1879 2651 2000 2687 nam
2029 2638 2285 2697 ciliciam,
2317 2641 2608 2706 phalciam,
2648 2642 2898 2699 tzieuria,
2925 2643 3201 2704 barducia,
3236 2655 3446 2699 matzu-

1878 2722 2020 2786 chia,
2071 2723 2324 2778 fortassis
2369 2730 2527 2778 t‘liam
2579 2727 2723 2794 (nam
2776 2729 2967 2782 horum
3017 2746 3150 2784 usus
3183 2733 3446 2786 militibus

1879 2813 2147 2867 interdum
2192 2818 2316 2884 est),
2371 2818 2595 2872 tribulas
2653 2821 2834 2887 parvis
2893 2823 3218 2888 quibusdam
3259 2822 3446 2879 fasciis

1878 2904 2088 2972 ligatas,
2120 2917 2174 2960 et
2210 2909 2362 2962 clavo
2397 2907 2572 2962 ferreo
2616 2911 3006 2978 appendentes,
3057 2922 3116 2966 ut
3158 2913 3314 2969 facile
3351 2916 3449 2968 ad-

1872 3000 1996 3052 duci
2034 3001 2283 3067 possint;
2335 3003 2472 3055 alios
2501 3017 2698 3056 currus
2743 3005 3075 3072 sagittarios,
3101 3008 3193 3074 qui
3220 3009 3444 3075 sagittas

1873 3089 2068 3150 ferant,
2095 3100 2146 3141 et
2165 3093 2504 3158 manganica,
2527 3092 2899 3154 sivelialistas,
2926 3109 3047 3160 quze
3077 3095 3301 3148 alacatia
3339 3111 3442 3148 no-

1875 3177 2180 3241 minantur,
2227 3178 2553 3240 orbiculam,
2595 3190 2649 3232 et
2693 3181 3095 3246 manganarios,
3139 3183 3440 3245 calatores.

1797 3235 1839 3291 ο
1875 3262 2056 3315 fabros
2087 3265 2335 3328 aerarios,
2363 3275 2413 3318 et
2449 3267 2568 3319 istis
2591 3267 2916 3334 peculiarem
2969 3268 3200 3335 aliquem
3249 3269 3443 3336 praefe-

1871 3357 2015 3401 ctum
2062 3351 2280 3418 eligere.

1939 3546 2030 3600 28.
2049 3546 2196 3600 Alios
2225 3561 2430 3608 carros,
2452 3548 2543 3616 qui
2568 3547 2998 3617 uniuscujusque
3037 3561 3434 3607 armamentum

1872 3633 2046 3688 ferant
2093 3649 2191 3702 pro
2236 3650 2465 3688 numero
2517 3637 2770 3702 militum,
2817 3639 2951 3692 alios
3000 3654 3186 3693 carros
3224 3642 3433 3705 decem,

1869 3729 1953 3780 vel
2018 3727 2226 3796 viginti,
2284 3729 2376 3795 qui
2428 3727 2605 3782 ferant
2659 3731 2883 3796 pictum,
2937 3732 3324 3800 paxiniadium,
3381 3735 3432 3789 id

1866 3829 1969 3880 est,
2021 3835 2214 3888 panem
2272 3821 2595 3887 biscoctum,
2647 3825 2904 3892 sagittas,
2958 3835 3012 3877 et
3067 3839 3226 3880 arcus
3279 3843 3434 3881 com-

1866 3914 2065 3980 plures.

1933 4030 2022 4084 29.
2066 4029 2141 4082 Ex
2180 4031 2354 4099 equis,
2403 4029 2484 4083 vel
2523 4029 2790 4096 jumentis
2833 4028 3200 4096 sagmatariis.
3255 4031 3308 4084 id
3347 4041 3431 4085 est

1870 4121 2206 4182 sarcinariis,
2225 4124 2266 4174 si
2294 4122 2405 4173 ﬁeri
2426 4129 2614 4186 potest,
2643 4122 2694 4172 in
2727 4136 3052 4188 unoquoque
3074 4123 3431 4176 contubernio

1870 4226 2059 4273 unum,
2092 4212 2173 4263 sin
2201 4215 2395 4274 minus,
2429 4213 2643 4265 duobus
2673 4213 3039 4267 contuberniis
3070 4229 3259 4278 unum,
3294 4224 3350 4268 ut
3381 4215 3426 4268 si

1869 4301 2084 4354 occasio
2115 4303 2317 4370 qumvis
2343 4303 2434 4354 fiat
2458 4303 2878 4370 separandorum
2926 4304 3161 4369 peditum
3195 4320 3224 4356 a
3250 4307 3429 4358 curri-

1876 4391 1999 4452 bus,
2039 4401 2092 4444 et
2141 4393 2470 4460 anticipandi
2518 4394 2642 4454 loci,
2695 4395 2890 4447 vehant
2932 4409 3117 4446 secum
3168 4405 3291 4448 octo
3343 4400 3425 4451 vel

1863 4483 2046 4536 decem
2105 4482 2314 4535 dierum
2380 4486 2631 4536 idoneum
2699 4495 3082 4547 commeatum,
3133 4485 3306 4540 donec
3357 4504 3424 4540 co

1794 4552 1838 4608 θ
1863 4590 2080 4631 currus,
2112 4575 2203 4642 qui
2227 4575 2431 4629 tardius
2465 4576 2756 4643 procedere
2787 4577 2983 4638 solent,
3018 4587 3204 4644 postea
3236 4578 3302 4630 ad
3329 4593 3418 4632 eos

1859 4666 2192 4735 perveniant.

1928 4778 2016 4832 50.
2050 4777 2158 4831 Non
2195 4778 2383 4832 inutile
2413 4793 2539 4831 vero
2567 4779 2696 4830 mihi
2732 4779 2939 4831 videtur
2972 4781 3157 4848 paucis
3185 4782 3420 4849 antiqua:

1857 4880 2143 4923 armatura!
2173 4870 2422 4933 formam,
2463 4870 2604 4938 quod
2649 4870 2712 4922 ad
2741 4871 2948 4937 equites
2981 4880 3032 4923 et
3060 4873 3262 4939 pedites
3294 4887 3417 4941 per-

1863 4961 2018 5020 tinet,
2050 4976 2371 5022 memorare,
2403 4961 2858 5029 quemadmodum
2901 4961 3168 5025 IElianus,
3195 4971 3247 5017 et
3291 4965 3417 5017 reli-

1860 5052 1952 5120 qui
1988 5053 2063 5104 rei
2094 5053 2344 5105 militaris
2385 5053 2673 5119 scriptores
2723 5053 2994 5105 memoria:
3043 5055 3414 5122 prodiderunt.

1861 5142 2013 5209 Apud
2044 5143 2299 5211 antiquos
2344 5143 2484 5195 enim
2529 5151 2833 5210 equestrem
2881 5143 3050 5196 aciem
3094 5144 3303 5199 duabus
3329 5147 3413 5198 di-

1863 5233 2034 5287 versis
2072 5233 2362 5287 armaturis
2398 5233 2739 5296 muniebant;
2783 5233 3002 5285 alteram
3044 5243 3218 5288 autem
3263 5244 3416 5289 cata-

1710 5371 1935 5430 ΝΟΉΕ.

189 5505 230 5555 λ’
262 5503 297 5575 ᾗ
345 5507 401 5575 μ(
429 5503 714 5570 σαγιττῶν,
745 5506 835 5557 ἐπὶ
871 5505 979 5557 τῶν
1022 5507 1186 5571 ὤμων
1244 5505 1748 5575 ἁναὸασταζὸμενα,

191 5572 526 5640 σωληνάρια,
546 5583 649 5626 etc.

411 5639 700 5712 Βιρίτῖαςο
732 5639 941 5712 scribe,
970 5642 1258 5712 βηρύττας.

262 5659 383 5708 (ιο)
411 5659 700 5706 supinae.
733 5659 941 5705 nerine,
970 5659 1258 5766 ρηευττας.

258 5709 378 5780 (19)
412 5709 808 5780 ’Υποδ-ήματα.
843 5710 1032 5766 Scribe
1073 5722 1211 5775 atur,
1241 5711 1623 5780 ὑποδείγματα.

261 5777 379 5848 (77)
442 5777 772 5846 ’Λνατκαῖν.
816 5781 1187 5846 Scribebatur,
1227 5777 1559 5850 ἀναγκαίοις.

1932 5508 2041 5574 (78)
2082 5511 2323 5574 Καρςριὶι.
2361 5505 2731 5574 Scribebatur,
2758 5501 2986 5574 xapgofa.

1927 5569 2038 5646 (79)
2067 5569 2542 5646 Ἀνάδεδεμὲναςί
2568 5569 2936 5646 Scribebatur,
2957 5569 3410 5646 ᾁναδεδειγμένοι.

1926 5640 2037 5713 (80)
2081 5647 2184 5716 ᾈΈν
2209 5644 2400 5716 ἤὶι-ωσι
2419 5641 2698 5716 ᾼσιόηρῷζ
2721 5641 2946 5716 Scribe;
2960 5640 3158 5716 ὲνῇλιρ
3187 5642 3408 5716 σιδηρῷ.

1925 5708 2036 5780 (81)
2079 5714 2170 5777 Ὠς
2231 5708 2375 5766 δέκα
2409 5713 2447 5779 ἢ
2496 5712 2592 5766 καί
2644 5711 2855 5763 εἴκοσι.
2914 5708 3298 5774 Scribebatur,
3334 5708 3411 5773 ὡς

1851 5785 1904 5836 δέ
1938 5787 2030 5836 καῖ
2054 5784 2242 5835 εἴκοσι.
