4220 6442
787 414 889 481 731

1991 416 2268 478 LEONIS
2293 416 2419 477 PIIl
2431 417 2749 480 LOSOPHI

3938 426 4047 490 τοι

787 534 1096 604 phrartum,
1142 531 1195 587 id
1232 541 1335 596 est,
1383 532 1669 590 loricatum
1708 533 2072 604 appellabant,
2133 536 2357 589 alteram

2461 535 2851 605 κατάφρακτον
2888 537 3191 610 λεγομένην
3214 575 3231 603 ,
3295 537 3391 593 καθ.
3418 538 3520 611 τὴν
3552 536 3750 608 ἑτέραν
3780 539 3845 595 οὗ
3872 545 4044 600 κατά·

788 635 969 678 autem
1016 638 1123 677 non
1167 622 1597 692 cataphractum,
1638 625 1691 680 id
1743 632 2019 689 est,‘non
2076 624 2362 680 loricatam

787 716 1059 770 dicebant.

859 806 946 860 3t.
980 805 1280 860 Armabant
1318 814 1498 861 autem
1543 804 1952 875 cataphractum
1998 806 2237 875 equitem
2264 820 2366 860 un-

787 897 950 965 dique
980 905 1092 950 tum
1126 897 1326 967 ipsum,
1353 909 1464 950 tum
1502 910 1702 965 equum
1734 896 1895 951 etiam
1925 896 2154 958 loriciis,
2183 894 2235 950 id
2257 905 2363 959 est,

788 986 993 1055 galeis;
1046 987 1328 1054 clibaneis,
1378 987 1429 1040 id
1480 994 1586 1050 est,
1620 986 1976 1044 thoracibus:
2022 988 2365 1058 parameriis,

786 1078 843 1134 id
881 1086 965 1133 est
1015 1078 1321 1143 machmris,
1367 1077 1447 1131 vel
1488 1076 1705 1141 ferreis,
1742 1080 1926 1134 velex
1979 1079 2240 1134 cornibus
2284 1078 2368 1133 in-

785 1171 969 1227 textis.
1008 1170 1187 1240 Equos
1229 1171 1546 1225 muniebant
1576 1171 1892 1226 lateralibus
1922 1179 1978 1225 et
2020 1169 2364 1237 frontalibus,

788 1261 842 1317 id
902 1271 1007 1324 est,
1059 1260 1251 1325 latera,
1306 1270 1359 1316 et
1417 1264 1612 1332 capita,
1661 1270 1715 1316 et
1772 1263 2013 1316 cervices
2071 1276 2364 1331 equorum,

786 1351 1099 1407 thoracibus
1142 1360 1198 1407 et
1241 1351 1425 1407 loricis
1484 1360 1539 1407 et
1604 1353 1708 1406 alia
1740 1361 1904 1423 certa
1944 1354 2172 1408 materia
2215 1362 2366 1424 tege-

787 1441 937 1497 bant.
1327 1481 1335 1489 .

854 1533 946 1588 '52.
979 1532 1057 1586 Ex
1082 1532 1147 1587 iis
1167 1533 1444 1597 omnibus,
1472 1534 1562 1603 qui
1595 1533 1684 1587 vel
1719 1535 2080 1603 cataphracti,
2128 1535 2215 1591 vel
2254 1552 2364 1591 non

784 1624 1121 1695 cataphracti
1152 1634 1303 1688 sunt,
1336 1626 1427 1679 alii
1456 1626 1673 1695 quidem
1711 1628 1984 1681 habebant
2008 1628 2279 1690 contaria,
2310 1628 2363 1682 id

791 1724 873 1770 cst
898 1754 912 1779 ,
957 1715 1163 1781 hastas,
1195 1731 1331 1786 quas
1359 1732 1504 1770 nunc
1536 1717 1787 1771 menaula
1826 1726 2044 1780 vocant,
2075 1732 2196 1785 quae
2230 1716 2361 1772 olim

785 1808 993 1876 antiqui
1020 1808 1242 1862 loucbas
1269 1808 1645 1868 nominabant,
1679 1807 1772 1877 qui
1800 1808 2132 1877 cataphracti
2162 1824 2361 1865 manus

2466 641 2727 695 φρακτον.

2545 801 2648 857 λα’.
2687 802 2949 867 Ὠπλιζον
3007 803 3065 858 δέ
3097 802 3192 859 τόν
3225 804 3326 877 μὲν
3354 806 3742 877 κατάφρακτον
3772 811 4048 867 κασαλλά-

2472 910 2588 964 ριον
2608 893 2969 964 πανταχόθεν,
2990 895 3153 950 αὐτόν
3180 913 3240 950 τε
3272 896 3364 950 καὶ
3393 898 3486 951 τδν
3521 899 3689 953 ίππον
3716 902 3908 957 αὐτοῦ.
3942 905 4049 958 Kal

2464 984 2556 1038 τὸν
2588 985 2687 1055 μὲν
2707 985 2874 1056 ἄνδρα
2901 985 3202 1058 λωρικίοις,
3228 987 3322 1042 καὶ
3341 988 3642 1055 κλιϐανίοις
3663 992 3698 1063 ἦ
3724 992 4045 1067 σιδηροῖς,ῆ

2466 1078 2532 1130 ἐκ
2557 1080 2803 1150 κεράτων
2835 1079 3277 1151 ἐπιπλεγμένοις,
3320 1082 3417 1137 καὶ
3469 1085 3870 1157 παραμικρίοις
3908 1087 4048 1157 (8‘3).

2466 1169 2605 1232 Τοὺς
2650 1170 2707 1224 δὲ
2754 1171 2955 1234 ἵππους
2994 1174 3376 1244 κατέφραττον
3419 1176 3913 1247 παραπλευριδίοις
3954 1180 4050 1231 καὶ

2464 1262 2944 1329 προμετωπιδίοις,
2971 1261 3141 1333 ἤγουν
3172 1264 3239 1317 τὰ
3258 1263 3492 1333 πλευρὰ,
3523 1265 3738 1329 καὶτὰς
3773 1269 4049 1337 κεφαλὰς,

2466 1350 2562 1402 καὶ
2577 1350 2706 1413 τοὺς
2734 1349 3044 1423 τραχήλους
3072 1352 3184 1405 τῶν
3207 1353 3392 1407 ἵππων
3425 1355 3515 1409 διὰ
3544 1354 3841 1413 κλιϐανίων
3871 1358 3909 1428 ἦ
3941 1359 4048 1413 λω-

2468 1441 2677 1510 ρικίων,
2713 1441 2747 1512 ἢ
2775 1441 2944 1513 ἄλλης
2974 1443 3107 1511 ὕλης
3151 1445 3516 1502 κατέσκεπον.

2535 1532 2640 1603 λβ⁹.
2678 1534 2899 1590 Τούτων
2927 1536 2985 1589 δὲ
3019 1537 3240 1590 πάντων
3270 1536 3382 1591 τῶν
3404 1554 3465 1591 τε
3493 1539 3908 1610 καταφράκτων
3948 1558 4049 1595 κα-

2466 1625 2774 1696 σαλλαρίων
2814 1626 2912 1679 καὶ
2958 1628 3069 1681 τῶν
3120 1628 3197 1699 μὴ
3227 1631 3635 1700 καταφράκτων
3668 1633 3719 1684 oi
3750 1634 3855 1702 μὲν
3903 1632 4050 1704 εἶχον

2465 1719 2749 1786 κοντάρια,
2792 1719 2843 1769 οί
2880 1717 2939 1771 δὲ
2967 1718 3037 1770 τὰ
3064 1718 3335 1788 λεγόμενα
3368 1721 3464 1774 νῦν
3495 1723 3739 1791 μέναυλα
3762 1763 3780 1787 ,
3818 1726 3969 1796 άπερ
4000 1728 4049 1779 οί

2464 1808 2682 1876 ἀρχαῖοι
2714 1809 2913 1879 λόγχας
2961 1809 3211 1865 ἐκάλουν.
3262 1811 3475 1875 Οῖτινες
3538 1814 3633 1865 καὶ
3665 1815 4047 1885 κατάφρακτοι

784 1914 911 1953 cum
945 1899 1099 1953 hoste
1117 1901 1501 1961 conserebant,
1535 1898 1627 1953 alii
1656 1906 1837 1952 autem
1868 1898 2083 1952 eminus
2105 1898 2360 1966 iaculan-

2646 1869 2845 1971 χεῖρας.
2864 1869 3188 1956 συνέϐαλλον
3207 1906 3320 1966 τοῖς
3350 1869 3651 1973 πολεμίοις,
3680 1907 3730 1959 οί
3754 1869 4049 1978 δέμακρό-

784 2001 888 2055 tes,
928 2006 1068 2062 quos
1112 1999 1307 2046 vocant
1345 1991 1726 2053 acrobolistas,
1785 1990 1837 2043 id
1892 2000 1998 2053 est,
2030 1991 2364 2058 iaculatores

783 2080 1063 2135 velitares.
1084 2078 1186 2145 Qui
1212 2093 1340 2132 vero
1358 2079 1542 2133 hastas
1566 2079 1854 2143 habebant,
1880 2079 1953 2132 illi
1974 2090 2141 2140 certe.
2176 2095 2366 2149 quem-

784 2172 1080 2227 admodum
1115 2173 1320 2227 dictum
1361 2181 1466 2236 est,
1500 2187 1624 2228 cum
1676 2172 1927 2227 hostibus
1975 2173 2361 2243 conﬂigebant,

784 2266 1036 2320 cominus
1060 2264 1229 2320 hastis
1260 2271 1579 2332 pugnantes.
1618 2261 1698 2316 Ex
1728 2263 1795 2318 iis
1830 2274 2009 2319 autem
2037 2267 2130 2333 qui
2164 2264 2358 2333 proelio

784 2354 1169 2423 conﬂigebant,
1230 2354 1322 2407 alii
1375 2353 1618 2418 thureos,
1667 2353 1721 2408 id
1768 2362 1874 2416 est,
1923 2364 2078 2409 scuta
2128 2355 2361 2421 oblonga

784 2459 982 2515 magna
1010 2444 1301 2509 habebant,
1326 2444 1416 2497 alii
1444 2444 1562 2497 sine
1585 2443 1755 2499 scutis
1776 2444 1911 2498 solis
1937 2444 2124 2499 hastis
2135 2447 2361 2515 praelia-

785 2538 1007 2599 bantur,
1050 2542 1104 2588 et
1134 2533 1208 2587 illi
1236 2528 1452 2604 quidem
1491 2533 1870 2603 thureOphori,
1923 2534 1977 2589 id
2010 2543 2121 2601 est,
2163 2537 2361 2592 scutati

794 2625 1241 2688 Inominabantur,
1262 2624 1318 2679 bi
1350 2640 1480 2680 vero
1505 2625 1741 2681 hastati:
1779 2640 1903 2681 nam
1928 2627 2233 2682 contarium
2266 2628 2361 2682 ba-

783 2727 928 2775 statn
957 2716 1299 2787 appellabant

851 2919 942 2973 33.
970 2917 1194 2988 Equites
1223 2916 1601 2982 acrobolistas,
1634 2916 1687 2971 id
1730 2924 1837 2982 est,
1887 2916 2220 2986 iaculatores
2264 2930 2361 2970 ve-

784 3011 992 3070 litares,
1031 3008 1122 3078 qui
1145 3008 1363 3061 eminus
1395 3005 1599 3061 feriunt
1644 3013 1699 3061 et
1738 3008 2079 3076 prmliantur,
2108 3008 2198 3061 alii
2238 3007 2355 3061 rhi-

781 3101 991 3161 ctariis.
1024 3099 1076 3153 id
1106 3108 1210 3162 est,
1256 3097 1458 3168 iaculis
1500 3099 1819 3162 utebantur,
1859 3098 1951 3152 alii
1997 3099 2232 3151 arcubus
2258 3114 2273 3151 :
2303 3104 2360 3152 et

2464 1988 2555 2042 Θεν
2589 1986 2732 2061 ἦσαν
2756 1992 3155 2060 ἀκοντίζοντες,
3181 1992 3274 2056 οὓς
3297 1994 3393 2047 καὶ
3415 1995 3601 2063 ἐλεγον
3628 1996 4044 2066 άκροϐολιστάς.

2463 2082 2585 2134 Τῶν
2605 2083 2661 2136 δέ
2686 2082 2754 2137 τὰ
2783 2086 3065 2155 κοντάρια,
3095 2085 3128 2156 ἦ
3157 2086 3256 2150 τὰς
3292 2085 3494 2156 λόγχας
3526 2087 3756 2156 ἐχόντων
3776 2129 3794 2154 ,
3828 2089 3880 2142 oi
3905 2089 4007 2157 μέν
4030 2127 4049 2155 ,

2459 2171 2537 2235 ὡς
2564 2172 2802 2243 εἴρηται,
2837 2170 2981 2246 ἦσαν
3009 2176 3059 2228 οί
3110 2180 3222 2239 τοῖς
3256 2177 3541 2248 πολεμίοις
3567 2180 4045 2251 συμπλεκόμενοι,

2462 2267 2560 2319 καὶ
2614 2267 2844 2338 πλησίον
2873 2268 2964 2322 διὰ
2994 2268 3103 2322 τῶν
3134 2269 3378 2340 δοράτων
3416 2273 3537 2342 ἦτοι
3586 2272 3696 2325 τῶν
3742 2274 4047 2344 κονταρίων

2468 2358 2790 2428 μαχόμενοι.
2816 2360 3035 2414 Τούτων
3062 2361 3120 2413 δέ
3167 2362 3278 2415 τῶν
3311 2362 3781 2434 συμπλεκομένων
3800 2368 3869 2435 τῇ
3899 2365 4047 2437 μάχῃ

2461 2447 2512 2500 οί
2571 2448 2671 2518 μὲν
2738 2448 2964 2520 θυρεοὺς
3011 2447 3201 2520 εἶχον,
3262 2452 3385 2521 ἢτοι
3441 2452 3741 2523 σκουτάρια
3794 2454 4044 2524 ἐπιμήκη

2464 2540 2697 2610 μεγάλα,
2732 2543 2785 2594 oi
2827 2542 2886 2595 δέ
2910 2542 3081 2613 χωρὶς
3108 2543 3215 2594 τῶν
3247 2543 3457 2614 θυρεῶν
3491 2543 3675 2612 μόνοις
3714 2545 3829 2608 τοῖς
3856 2561 4046 2597 κοντα-

2464 2634 2598 2704 ρίοις
2621 2634 2735 2703 (83)
2754 2635 3042 2705 ἐμάχοντο.
3061 2637 3169 2689 Kal
3187 2636 3238 2688 οί
3259 2637 3359 2705 μέν
3376 2635 3670 2690 ἐκαλοῦντο
3690 2636 3754 2689 ου
3764 2637 4041 2707 ρεοφόροι,

2459 2726 2509 2777 οί
2563 2723 2621 2777 δέ
2673 2724 2817 2788 ίδίως
2871 2724 3230 2794 δορατοφόροι
3262 2740 3277 2756 ·
3341 2727 3473 2797 δόρυ
3521 2726 3632 2798 γὰρ
3679 2727 3740 2780 τὸ
3789 2728 4046 2800 κοντάριν

2462 2812 2666 2882 ἐλεγον.

2531 2902 2634 2973 λγ¹.
2678 2906 3098 2976 ’Δκροϐολιστᾶς
3126 2909 3185 2963 δέ
3213 2908 3323 2962 τῶν
3352 2907 3738 2978 καδαλλαρίων
3761 2907 4000 2963 ἐκάλουν
4024 2947 4041 2973 ,

2460 2996 2629 3064 ἤγουν
2656 2996 2783 3059 τοὺς
2811 2998 3087 3068 μακρόθεν
3114 2999 3411 3068 βάλλοντάς
3450 3014 3511 3050 τε
3558 2998 3655 3051 καὶ
3682 2998 4042 3067 μαχομένους.

2460 3084 2678 3137 Τούτων
2716 3084 2771 3137 δέ
2800 3085 2850 3138 οί
2894 3086 2995 3155 μὲν
3022 3087 3292 3157 δορατίοις
3347 3087 3517 3156 ἤγουν
3556 3085 3868 3155 ρικταρίοις
3917 3087 4042 3140 ἐκέ-

782 3193 875 3248 alii
897 3206 964 3247 ex
1008 3190 1115 3244 illis
1142 3190 1359 3243 eminus
1397 3188 1765 3256 coniiciebant
1793 3188 2002 3250 hastas,
2028 3188 2119 3241 alii
2160 3188 2361 3241 directe

2461 3191 2686 3245 χρηντο,
2726 3176 2775 3229 οί
2805 3175 2860 3230 δέ
2904 3175 3105 3240 τόξοις.
3166 3176 3280 3230 Kal
3308 3176 3359 3230 οί
3390 3176 3491 3247 μέν
3537 3176 3720 3229 αὐτῶν
3768 3176 4043 3247 μακρόθεν

782 3281 1159 3353 procedentes,
1198 3280 1287 3333 alii
1328 3281 1834 3341 circumcursando,
1876 3294 2016 3348 quos
2058 3278 2356 3347 hippacon-

784 3375 965 3437 tistas,
1014 3372 1063 3425 id
1107 3380 1211 3434 est,
1257 3382 1537 3440 equestres
1581 3371 1914 3439 iaculatores
1961 3370 2233 3433 dixerunt,
2265 3368 2357 3422 alii

780 3463 1023 3518 arcubus
1050 3461 1334 3524 feriebant,
1368 3477 1507 3531 quos
1557 3463 1934 3528 ἱπποτοξότας,
1967 3461 2018 3515 id
2056 3472 2157 3524 est,
2192 3475 2361 3529 eque-

782 3564 922 3629 strtes
951 3553 1283 3622 sagittarios.
1318 3553 1551 3616 Quidam
1582 3567 1648 3606 ex
1685 3551 1793 3605 illis
1820 3551 2090 3620 expeditis
2136 3561 2190 3604 ct
2218 3550 2356 3604 veli-

784 3644 995 3699 taribus
1047 3643 1243 3711 iaculis
1310 3645 1624 3705 utebantur,
1673 3650 1728 3695 et
1781 3638 1904 3695 cuni
1960 3641 2125 3695 semel
2196 3650 2359 3709 atque

784 3737 981 3789 iterum
1004 3733 1228 3802 iaculati
1278 3731 1502 3797 fuerint,
1546 3732 1613 3786 de
1663 3740 1860 3785 castero
1905 3730 2204 3798 conﬂigunt
2232 3744 2358 3783 cum

785 3826 1059 3890 hostibus,
1108 3824 1192 3878 vel
1249 3814 1439 3887 hastis,
1491 3838 1630 3893 quas
1672 3823 1943 3876 habebant
2000 3822 2229 3885 relictis,
2274 3820 2360 3874 vel

782 3917 1053 3987 expeditis
1082 3914 1300 3984 iaculis,
1332 3914 1413 3966 vel
1463 3912 1673 3981 Spatbis
1723 3911 1837 3966 suis
1867 3921 2080 3991 utentes
2105 3931 2117 3963 :
2145 3921 2199 3963 et
2225 3910 2362 3965 istos

780 4010 1055 4065 vocabant
1106 4007 1312 4061 velites.
1346 4005 1576 4072 Quidam
1616 4020 1680 4058 ex
1731 4005 1837 4059 illis
1891 4018 2113 4058 secures
2160 3994 2356 4072 parvas

784 4100 1050 4162 ferebant,
1085 4099 1256 4152 aciem
1292 4098 1527 4165 undique
1558 4105 1792 4159 acutam,
1827 4094 1983 4164 quasi
2008 4092 2199 4146 dentes
2230 4106 2355 4145 cum

783 4199 1125 4246 exacuuntur
1166 4188 1448 4242 habentes.
1488 4186 1552 4241 Et
1588 4195 1895 4256 equestrem
1939 4184 2112 4238 aciem
2143 4185 2359 4252 (quem-

787 4282 1082 4337 admodum
1116 4280 1306 4351 paucis
1326 4277 1612 4348 complecti
1662 4275 1836 4348 potui)
1866 4276 1934 4330 ad
1965 4276 2112 4330 hunc
2135 4273 2360 4329 modum
2399 4289 2401 4291 ί

789 4372 1080 4427 armabaut
1109 4369 1337 4439 antiqui.

858 4465 951 4520 54.
988 4462 1298 4517 Pedestrem
1347 4461 1520 4515 aciem
1559 4460 1629 4514 ab
1661 4458 1903 4528 antiquis
1938 4457 2021 4513 sic
2050 4455 2363 4511 invenimus

2464 3266 2725 3338 ἔρριπτον
2750 3267 2817 3319 τὰ
2841 3269 3121 3338 ρικτάρια,
3154 3268 3189 3337 ἢ
3223 3268 3312 3321 ἐπ’
3343 3268 3562 3331 εὺθείας
3598 3267 3712 3339 (84)
3734 3268 4043 3339 ἐρχόμενοι,

2465 3355 2498 3426 ἣ
2533 3356 2716 3426 κύκλῳ
2743 3359 3177 3428 περιτρέχοντες.
3200 3357 3308 3420 Οὓς
3333 3358 3567 3412 ἐκάλουν
3599 3358 4041 3420 ίπποκοντιστάς.

2466 3448 2530 3500 Ol
2564 3446 2621 3500 δέ
2650 3450 2763 3511 τοῖς
2795 3449 2970 3514 τόξοις
3000 3448 3225 3501 ἔϐαλλον
3250 3487 3267 3511 ,
3295 3448 3390 3511 οὓς
3417 3449 3645 3515 ἐκάλουν
3668 3450 4045 3514 ἱπποτοξότας.

2466 3537 2623 3600 Τινὲς
2651 3537 2710 3591 δέ
2738 3538 2918 3592 αὐτῶν
2962 3539 3223 3609 ἐλαφροῖς
3274 3539 3582 3610 κονταρίοις
3637 3539 3904 3609 ἐχρῶντο,
3951 3542 4046 3595 καὶ

2469 3630 2599 3699 μίαν
2635 3630 2957 3702 ἢδευτέραν
2991 3630 3545 3701 προεξακοντίσαντες
3589 3633 3651 3684 τὸ
3688 3633 3876 3687 λοιπὸν
3920 3650 4047 3686 συν-

2432 3760 2438 3766 .
2466 3720 2759 3774 επλέκοντο
2785 3724 2897 3785 τοῖς
2940 3721 3240 3792 πολεμίοις,
3293 3722 3326 3793 ἢ
3357 3726 3467 3784 τοῖς
3494 3723 3764 3797 δορατίοις
3788 3719 3870 3787 οἷς
3900 3721 4045 3794 εἶχον

2467 3813 2945 3884 άπολειπομένοις,
2972 3815 3143 3885 ἦγουν
3166 3816 3280 3878 τοῖς
3309 3815 3565 3887 ἐλαφροῖς
3615 3818 3925 3888 κονταρίοις
3949 3855 3967 3880 ο
4010 3818 4045 3888 ἢ

2465 3908 2581 3968 τοῖς
2623 3906 2874 3970 σπαθίοις
2945 3907 3127 3960 αὐτῶν
3169 3907 3582 3979 διαχρώμενοι,
3656 3911 3754 3963 καὶ
3817 3909 4047 3973 τούτους

2467 3997 2696 4051 ἐκάλουν
2747 3996 3037 4067 ἐλαφρούς.
3095 3999 3253 4060 Τινὲς
3299 3998 3356 4051 δέ
3405 3998 3590 4053 αὐτῶν
3637 4000 3738 4053 καὶ
3789 4000 4045 4065 πελέκεις

2470 4090 2705 4163 μικροὺς
2745 4090 2943 4160 ἔφερον
2976 4090 3317 4160 πανταχόθεν
3351 4091 3579 4161 ἐχούσας
3614 4091 3839 4154 ἀκωκὰς
3866 4093 4047 4156 ὀξείας

2464 4180 2543 4246 ὡς
2596 4181 2819 4244 ὀδόντας
2865 4181 3261 4251 ὴκονημένους.
3313 4183 3427 4237 Kal
3488 4183 3589 4255 τὴν
3632 4184 4047 4258 καόαλλαρικὴν

2468 4275 2620 4340 τάξιν
2650 4274 2827 4338 οὕτως
2860 4274 3096 4341 ὥπλιζον
3146 4276 3196 4327 oi
3241 4275 3506 4344 παλαιοὶ,
3540 4278 3665 4331 ὅσον
3693 4278 3752 4331 ἐν
3793 4279 4048 4351 συντόμῳ

2468 4369 2664 4421 εἰπεῖν.
2820 4364 2827 4372 “
3079 4361 3092 4376 ⁸
3144 4422 3149 4426 .

2539 4459 2634 4515 λδ’.
2659 4461 2771 4532 Τὴν
2804 4462 2861 4516 δέ
2887 4460 3119 4532 πεζικὴν
3146 4459 3300 4533 παρὰ
3324 4460 3426 4533 τὴν
3452 4458 3561 4512 τῶν
3607 4459 3854 4530 ἀρχαίων
3892 4460 4049 4527 τάξιν

785 4556 1121 4623 descriptam
1161 4568 1303 4608 esse.
1345 4550 1403 4606 ln
1453 4561 1561 4607 tres
1608 4553 1752 4606 enim
1804 4560 1983 4619 partes
2020 4548 2207 4619 copias
2236 4562 2365 4602 suas

2469 4549 2641 4615 οὕτως
2661 4551 2912 4623 εὕρομεν.
2939 4552 3153 4624 Τριχῶς
3179 4552 3277 4621 μὲν
3298 4552 3407 4621 γὰρ
3435 4552 3605 4622 αὐτῆς
3624 4551 3931 4621 διεμέριζον
3948 4552 4049 4622 τὴν

785 4644 1120 4707 dividebant,
1145 4641 1600 4711 quemadmodum
1632 4657 1660 4693 a
1692 4640 1849 4694 nobis
1878 4640 2128 4708 superius
2154 4652 2361 4719 memo-

789 4745 969 4791 ratqu
1011 4745 1095 4789 est
1134 4743 1231 4789 :et
1268 4734 1521 4803 primam,
1555 4748 1774 4803 gravem
1824 4742 2180 4799 armaturam,
2224 4730 2362 4783 alte-

786 4842 903 4881 ram
935 4825 1191 4895 peltastas
1234 4824 1351 4879 sive
1386 4833 1642 4889 cetratos,
1676 4824 1888 4877 tertiam
1921 4823 2089 4877 levem
2120 4833 2360 4900 armatu-

788 4935 904 4974 ram
968 4918 1254 4972 vocabant.
1308 4915 1374 4969 Et
1430 4916 1609 4985 gravis
1675 4925 1967 4969 armatura:
2017 4911 2363 4966 Macedonico

791 5024 942 5063 more
965 5008 1425 5076 ponderosissima
1474 5022 1624 5061 arma
1675 5006 1873 5071 fecere,
1904 5003 2363 5076 quemadmodum

789 5097 1092 5153 Alexander
1119 5080 1341 5149 Macedo
1381 5094 1557 5151 facere
1583 5095 1812 5149 solebat.

862 5190 953 5244 55.
1013 5187 1224 5243 Etenim
1272 5197 1426 5242 scuta
1472 5188 1579 5241 illis
1625 5186 1897 5241 faciebant
1942 5185 2199 5253 rotunda,
2244 5203 2364 5241 ma-

2463 4646 2701 4719 ὅπλισιν,
2745 4644 2821 4707 ὡς
2871 4645 3132 4713 ἀνωτέρω
3184 4644 3402 4715 εἴρηται
3440 4644 3595 4712 ἡμῖν.
3646 4643 3758 4696 Kal
3794 4641 3894 4712 τὴν
3945 4644 4049 4713 μὲν

2464 4735 2692 4789 ἐκάλουν
2713 4736 2937 4799 ὁπλίτας
2965 4778 2980 4802 ,
3022 4736 3123 4805 τὴν
3149 4736 3207 4788 δέ
3234 4734 3540 4798 πελταστὰς
3562 4776 3578 4799 ,
3617 4736 3719 4803 τὴν
3748 4734 3806 4788 δέ
3829 4735 4045 4804 ψιλούς.

2463 4822 2576 4876 Kal
2604 4822 2701 4893 τὴν
2736 4822 2835 4892 μὲν
2863 4822 2971 4873 τῶν
3003 4822 3314 4892 λεγομένων
3333 4821 3569 4874 ὁπλιτῶν
3593 4820 3902 4892 βαρυτάτην
3938 4840 4049 4877 πα-

2474 4912 2542 4982 ρὰ
2571 4913 2777 4975 πάντας
2808 4912 2934 4975 τοὺς
2957 4910 3157 4975 πεζοὺς
3178 4911 3420 4973 ἐποίουν,
3457 4910 3599 4964 κατὰ
3625 4912 3717 4965 τὸν
3741 4913 4044 4966 Μακεδονι-

2470 5003 2565 5056 κὸν
2595 5005 2815 5074 τρόπον,
2839 5002 3007 5073 ἤγουν
3036 5002 3159 5057 καθ’
3188 5002 3248 5057 ὃν
3270 5001 3624 5073 Ἀλέξανδρος
3651 5004 3681 5055 ὀ
3725 5002 3836 5057 τῶν
3856 5003 4049 5059 Μακε-

2470 5090 2635 5144 δόνων
2657 5092 2947 5161 ἐχρήσατο.

2540 5184 2638 5239 λε’.
2689 5184 2799 5237 Kal
2822 5184 2930 5254 γὰρ
2965 5182 3265 5255 σκουτάρια
3306 5181 3524 5237 ἐποίουν
3568 5182 3749 5245 αὐτοῖς
3787 5184 4047 5254 στρογγύ-

795 5298 923 5352 gna,
963 5280 1218 5349 oblonga.
1249 5295 1371 5349 qure
1392 5279 1613 5333 thureos
1637 5279 1999 5347 appellabant,
2034 5288 2088 5333 et
2121 5280 2369 5334 machae-

2471 5276 2538 5329 λα
2567 5275 2777 5346 μεγάλα
2806 5277 3112 5347 παραμήκη
3136 5315 3152 5340 ,
3196 5274 3233 5329 ἃ
3272 5274 3459 5344 ἔλεγον
3496 5274 3747 5345 θυρεοὺς,
3794 5278 3895 5330 καὶ
3941 5295 4045 5348 μα-

793 5391 881 5429 ras
914 5388 1053 5444 quas
1084 5373 1383 5442 parameria
1423 5370 1786 5440 appellabant,
1831 5383 1886 5425 et
1938 5370 2146 5435 loricia,
2177 5370 2231 5424 id
2275 5380 2366 5425 est.

2476 5367 2670 5437 χαίρας
2702 5406 2717 5425 ,
2780 5366 2950 5436 ἧγουν
3002 5366 3379 5436 παραμήρια,
3452 5365 3549 5418 καὶ
3599 5364 3903 5437 θώρακας,
3955 5369 4046 5421 καὶ

792 5467 993 5537 galeas,
1028 5476 1083 5520 et
1132 5464 1385 5530 clibania,
1417 5463 1471 5518 id
1510 5472 1593 5519 est
1629 5463 1897 5528 thoraces,
1926 5473 1982 5518 et
2006 5461 2272 5529 cassides,
2303 5471 2364 5516 et

2471 5457 2648 5527 κράνη
2672 5496 2690 5523 ,
2728 5456 2898 5525 ἧγουν
2936 5455 3169 5527 λωρίκια
3192 5494 3210 5519 ,
3278 5456 3374 5508 καὶ
3421 5454 3676 5509 κλιϐάνια
3728 5456 3845 5528 (85)
3871 5497 3891 5525 ,
3947 5456 4043 5511 καὶ

1232 5560 1236 5564 ‘
2319 5549 2551 5608 NOTAE.

871 5646 985 5714 (82)
1009 5644 1443 5716 Παραμικρίοις.
1482 5644 1701 5716 Scribe,
1734 5643 2125 5716 παραμηρίοις.

868 5716 979 5783 (83)
1013 5715 1228 5783 Mdv-occ
1292 5717 1414 5781 τοῖς
1462 5715 1817 5783 κονταρίοις.
1866 5715 2255 5781 δονιὺοὺθιιιΐ,
2304 5730 2364 5783 μ.

801 5788 1166 5854 σκουταρίοιε.
2204 5820 2208 5823 γ

872 5856 987 5926 (84)
1017 5859 1091 5916 Ἥ
1121 5856 1214 5912 ἐπ’
1250 5858 1501 5925 εὐθείας.
1536 5854 1904 5921 Scribebatur,
1936 5854 1970 5927 ἢ
2010 5852 2345 5932 εὐπαθείαςξ

2550 5639 2664 5711 (85)
2703 5640 2812 5711 ι(αὲ
2841 5637 3479 5711 θὼρκαςβαικράνη.
3526 5638 3717 5711 ἤγουν
3774 5640 4047 5709 λωρίκια.

2504 5708 2603 5764 καί
2632 5708 2927 5779 meam.
2969 5709 3148 5765 Locus
3172 5719 3468 5779 corruptus
3505 5722 3611 5765 est.
3664 5708 3941 5776 Restituo,
3985 5729 4045 5764 ae

2471 5782 2591 5902 laeso
2625 5797 2641 5836 :
2672 5778 2946 5854 θώρακας,
2973 5781 3140 5851 ἧγουν
3172 5778 3422 5850 λωρίκια,
3456 5781 3551 5834 καὶ
3576 5781 3775 5849 κράνη,
3808 5781 3909 5834 καὶ
3940 5781 4046 5839 κλι-

2510 5866 2651 5902 ανια.

2510 5866 2651 5905 ανια.
