4176 6446
153 417 259 478 733

1230 418 1561 478 TACTICA.
1602 442 1669 454 -
1695 414 2196 477 CONSTITUTIO
2221 419 2351 479 VII.

3271 422 3376 484 73L

154 521 438 584 κάσσιδας,
482 522 571 575 καὶ
600 521 906 591 μανικέλια,
941 525 1036 578 καὶ
1059 523 1394 595 χαλκότουῦα
1422 564 1436 586 ,
1482 525 1628 593 ἅπερ
1657 523 1705 574 oi
1734 573 1739 582 ,

1844 525 2132 589 ianicellia,
2169 533 2223 578 et
2253 523 2595 589 chalcotuha,
2636 540 2757 594 quae
2802 525 3008 595 antiqui
3053 525 3377 595 pericnemi-

150 613 374 666 παλαιοὶ
408 612 806 681 περικνημίδας
844 613 1103 667 ἐκάλουν·
1159 615 1256 694 καὶ
1296 615 1550 682 κοντάρια
1601 630 1708 681 μα-

155 704 411 774 κρότερα.
463 704 600 766 Τοὺς
635 703 737 772 μὲν
763 703 857 758 οὖν
902 706 1126 770 ὁπλίτας
1169 705 1490 777 λεγομένους
1535 705 1708 764 οὕτως

152 795 409 858 ὥπλιζον.

217 885 332 948 λς’.
352 883 492 946 Τοὺς
509 883 565 937 δὲ
584 883 772 953 ψιλοὺς
788 886 1002 941 πάντων
1026 886 1363 958 ἐλαφροτάτη
1386 884 1618 947 ὥπλιζον
1645 884 1710 950 τῇ

1809 615 1928 678 das,
1961 617 2011 669 id
2060 625 2163 678 est,
2205 631 2395 669 ocreas
2444 628 2623 670 aaneas
2674 619 3044 671 nominabant.
3097 631 3150 674 et
3195 620 3382 677 hastas

1815 713 2021 777 longas.
2063 707 2130 762 Et
2157 723 2372 777 gravem
2392 717 2724 762 armaturam
2753 710 2834 762 sic
2859 713 3168 768 armabant.

1881 883 1970 937 56.
1996 883 2188 938 Levem
2222 893 2557 940 armaturam
2619 881 2896 938 levissimo
2939 885 3180 940 omnium
3213 902 3383 956 appa-

150 978 478 1044 παρασκευῇ
499 990 514 1005 ο
545 975 667 1029 οὔτε
694 978 804 1046 γὰρ
839 979 1124 1048 θώρακας,
1150 979 1316 1048 ἤγουν
1362 975 1613 1030 κλιϐάνια
1636 1012 1650 1036 ,
1680 972 1712 1042 ἢ

1844 982 1938 1027 atu
1979 975 2229 1043 tegebant
2263 996 2273 1028 :
2304 989 2480 1044 neque
2518 975 2663 1030 enim
2688 975 2947 1040 clibania,
2982 974 3033 1030 id
3062 985 3168 1038 est.
3201 979 3384 1031 thora-

150 1067 388 1133 λωρίκια.
412 1105 426 1127 ,
475 1064 596 1118 οὗτε
647 1068 1041 1138 περικνημίδας
1071 1110 1085 1132 ,
1120 1070 1285 1138 ἠγουν
1313 1064 1646 1133 ποδόψελλα,
1681 1064 1713 1132 ἦ

1849 1078 1929 1128 es,
1971 1079 2144 1132 neque
2169 1065 2384 1129 loricia,
2418 1065 2470 1118 id
2491 1073 2592 1131 est,
2623 1066 3018 1136 galeas,neque
3041 1066 3385 1134 chalcotuba,

152 1156 515 1224 χαλκότουσα,
543 1155 665 1209 οὕτε
705 1157 952 1229 θυρεοὺς,
976 1158 1009 1229 ἢ
1029 1159 1258 1221 ἀσπίδας
1285 1159 1528 1229 βαρείας,
1554 1157 1718 1225 ἠγουν

1844 1157 1872 1211 d
1899 1163 2002 1222 est,
2033 1171 2222 1210 ocreas
2260 1171 2459 1219 auieas,
2502 1172 2678 1225 neque
2721 1158 2966 1219 thureos,
3003 1157 3056 1212 id
3097 1167 3200 1224 est,
3231 1165 3387 1213 scuta

153 1249 220 1299 τὰ
255 1249 473 1316 μεγάλα
510 1249 824 1317 σκουτάρια,
854 1248 989 1303 ἀλλὰ
1041 1249 1128 1303 διὰ
1155 1251 1262 1302 τῶν
1289 1248 1556 1319 μακρόθεν
1592 1246 1719 1315 βαλ-

154 1339 408 1406 λομένων
448 1339 627 1391 ὃπλων
676 1339 942 1409 ἐμάχοντο
971 1379 985 1403 ,
1037 1335 1147 1392 οἷον
1195 1341 1245 1392 οἱ
1292 1338 1634 1401 τοξεύοντες,
1686 1335 1719 1404 ἢ

1818 1262 2015 1318 magna
2052 1247 2338 1310 habebant,
2370 1245 2464 1300 sed
2488 1247 2703 1300 eminus
2740 1247 3000 1314 conjectis
3030 1248 3146 1303 telis
3177 1261 3389 1316 pugna—

1823 1334 1969 1397 bant,
2010 1343 2069 1386 ut
2115 1334 2362 1402 sagittas,
2395 1333 2478 1386 vel
2519 1333 2802 1396 rhictaria,
2843 1334 2894 1385 id
2934 1342 3036 1396 est,
3078 1334 3260 1400 jacula
3307 1342 3389 1396 vel

162 1431 423 1498 ρικτὰρια
451 1431 752 1498 ῥίπτοντες,
788 1429 822 1498 ἢ
857 1429 1034 1493 λίθους
1061 1430 1343 1500 βάλλοντες
1361 1429 1484 1488 τοὺς
1517 1427 1615 1495 μὲν
1636 1425 1721 1476 διὰ

1844 1438 1956 1478 taxa
2004 1423 2350 1492 projicientes
2387 1424 2491 1476 alia
2548 1437 2735 1483 manu,
2789 1422 2893 1475 alia
2963 1421 3165 1477 fundis.
3207 1425 3392 1480 Vestes

155 1520 360 1590 χειρὸς,
386 1521 515 1583 τοὺς
539 1519 596 1571 δὲ
634 1519 723 1571 διὰ
760 1520 1065 1591 σφενδόνης.
1108 1521 1304 1582 Στολὰς
1330 1519 1388 1571 δὲ
1432 1514 1574 1586 εἶχον
1606 1531 1723 1566 στε-

1828 1513 2098 1567 habebant
2123 1513 2304 1568 ﬁrmas
2324 1516 2439 1571 vice
2469 1515 2781 1569 loriciorum
2813 1525 2866 1569 et
2896 1516 3177 1569 thoracum
3209 1525 3264 1570 et
3291 1515 3398 1570 bu-

158 1611 313 1680 ρεὰς,
347 1612 443 1663 καὶ
477 1609 690 1678 πηκτὰς
722 1610 842 1664 ἀντί
865 1610 1150 1680 λωρικίων,
1187 1612 1281 1664 καὶ
1301 1608 1608 1670 κλιϐανίων,
1633 1605 1726 1657 καὶ
1823 1603 2083 1672 jusmodi.

155 1702 266 1754 τῶν
297 1701 497 1757 ἄλλων.

225 1794 330 1858 λζ.
369 1795 442 1847 Τὸ
471 1793 526 1846 δὲ
572 1793 681 1846 τῶν
717 1791 1035 1846 πελταστῶν
1073 1792 1360 1860 λεγόμενον
1401 1785 1568 1854 εἶδος,
1594 1789 1729 1858 ὅπερ

1903 1794 1992 1847 57.
2043 1792 2399 1847 Peltastarum
2462 1808 2557 1847 seu
2614 1801 2942 1848 cetratorum
2990 1811 3205 1866 agmen,
3251 1799 3398 1869 quod

157 1886 205 1936 οἱ
232 1885 495 1954 νεώτεροι
524 1884 634 1938 τῶν
661 1885 935 1938 τακτικῶν
985 1884 1085 1936 οὐκ
1126 1883 1398 1952 ἐδήλωσαν
1440 1877 1612 1951 (οἶμαι
1648 1882 1726 1944 δὲ,

1844 1886 2165 1940 recentiores
2195 1886 2270 1939 rei
2305 1886 2554 1938 militaris
2574 1887 2866 1953 scriptores
2895 1893 3399 1955 praetermiserunt:

157 1975 232 2038 ὡς
262 1976 380 2028 ᾰνω
420 1993 509 2044 μοι
548 1976 782 2045 εἴρηται,
813 1976 927 2036 τοῖς
964 1973 1136 2042 ψιλοῖς
1161 1972 1290 2025 αὐτὸ
1318 1973 1727 2042 συμμίξαντες),

169 2068 265 2117 καὶ
305 2065 438 2117 αὐτὸ
471 2065 571 2132 μὲν
601 2061 747 2133 εἶχεν
793 2064 1058 2133 ὁπλισμὸν
1081 2101 1096 2124 ,
1139 2062 1491 2132 ἐλαφρότερον
1527 2063 1582 2115 δὲ
1624 2063 1732 2115 τῶν

157 2155 357 2207 ἄλλων.
399 2151 526 2222 Εἶχε
553 2155 659 2224 γὰρ
687 2155 915 2225 πέλτην,
945 2156 974 2207 ὃ
1003 2157 1116 2206 ἐστι
1144 2155 1460 2224 σκουτάριον
1501 2154 1696 2222 μικρὸν
1716 2191 1731 2215 ,

158 2245 250 2296 καὶ
290 2245 361 2297 τὰ
399 2243 600 2313 δόρατα
633 2245 832 2310 αὐτῶν,
875 2245 1042 2314 ἢγουν
1077 2245 1145 2297 τὰ
1182 2245 1442 2314 κοντάρια
1468 2243 1599 2295 πολὺ
1627 2242 1735 2295 τῶν

159 2331 484 2402 heroum
517 2336 792 2405 σαρισσῶν
829 2336 978 2404 παρὰ
1009 2337 1121 2398 τοῖς
1145 2336 1392 2396 παλαιοῖς
1423 2333 1734 2403 κοντότερα.

159 2425 222 2476 Δί
247 2423 308 2474 δὲ
343 2425 600 2492 σάρισσαι
629 2420 769 2494 ἦσαν
806 2427 1060 2494 κοντάρια
1098 2425 1282 2493 μακρὰ
1302 2423 1404 2484 ἕως
1433 2422 1623 2492 πηχῶν
1653 2421 1736 2483 ιδ’,

161 2512 252 2563 καὶ
275 2512 408 2580 ἄχρι
440 2512 630 2581 πηχῶν
667 2519 762 2576 ις’.
794 2512 981 2566 Ταῦτα
1005 2512 1060 2563 δὲ
1078 2507 1219 2581 ἦσαν
1247 2511 1480 2578 μάλιστα
1506 2513 1602 2575 τῆς
1621 2513 1741 2564 Μα-

163 2603 454 2671 κεδονικῆς
498 2603 786 2665 ὁπλίσεως.
819 2603 1028 2655 Ἐδόκει
1077 2602 1132 2655 δὲ
1184 2604 1216 2673 ἡ
1267 2603 1376 2655 τῶν
1429 2601 1742 2654 πελταστῶν

161 2694 378 2754 ὅπλισις
430 2694 602 2762 μέσην
634 2694 780 2762 ἔχειν
813 2695 967 2760 τάξιν
1003 2694 1113 2747 τῶν
1167 2711 1226 2746 τε
1276 2694 1446 2761 ψιλῶν
1499 2695 1594 2746 καὶ
1632 2693 1743 2746 τῶν

167 2783 315 2847 ἰδίως
362 2783 672 2854 λεγομένων
703 2785 973 2851 ὁπλιτῶν,
1006 2785 1284 2855 βαρυτέρα
1333 2785 1430 2854 μὲν
1457 2779 1590 2838 οὖσα
1635 2783 1744 2836 τῶν

162 2875 362 2945 ψιλῶν,
397 2875 738 2945 ἐλαφροτέρα
766 2875 823 2927 δὲ
853 2876 962 2928 τῶν
987 2875 1245 2929 ὁπλιτῶν.

234 2966 343 3034 λη’.
374 2961 484 3018 Ἦν
508 2966 564 3018 δὲ
594 2967 746 3035 παρὰ
776 2969 888 3028 τοῖς
921 2965 1165 3027 ὁπλίταις
1192 2964 1284 3017 κα)⁸
1310 2964 1474 3025 ἀσπὶς
1497 2964 1744 3017 Μακεδο-

168 3058 293 3128 νικὴ
322 3056 500 3127 χαλκῆ
553 3058 614 3109 οὐ
665 3057 787 3110 λίαν
839 3056 993 3127 κοίλη
1038 3056 1176 3128 (86),
1231 3056 1398 3125 ἤγουν
1430 3056 1746 3126 σκουτάριον

171 3150 510 3220 στρογγύλον
543 3149 688 3219 μέγα
710 3189 726 3213 ,
784 3149 1108 3220 ἁπλωτέραν
1142 3148 1263 3217 ἕχον
1291 3149 1390 3217 τὴν
1419 3146 1703 3214 κοιλότητα
1730 3188 1744 3212 ,

168 3241 227 3291 τὸ
263 3239 326 3292 δὲ
359 3240 559 3310 μέτρον
593 3239 762 3310 αὐτῆς
787 3241 1076 3309 σπιθαμῶν
1098 3240 1164 3307 γ’.
1192 3236 1300 3292 Ἧν
1329 3239 1387 3290 δὲ
1414 3238 1508 3290 καὶ
1543 3237 1737 3290 κοντά-

172 3347 289 3400 ριον
334 3331 398 3383 ού
451 3331 770 3400 μικρότερον
812 3333 1002 3400 πηχῶν
1032 3329 1102 3401 η’.
1155 3331 1227 3383 Τὸ
1260 3331 1315 3382 δὲ
1365 3329 1737 3397 μακρότερον,

178 3422 343 3490 μέχρι
388 3419 485 3473 τοῦ
521 3420 781 3474 δύνασθαι
826 3423 996 3490 ἄνδρα
1044 3420 1351 3491 κρατοῦντα
1402 3422 1569 3472 κινεῖν
1614 3419 1743 3470 αὐτὸ

175 3515 440 3575 εὐκόλως.

244 3604 345 3657 λΘ’.
392 3603 456 3656 Ἦ
487 3603 541 3657 δὲ
559 3601 905 3673 Μακεδονικὴ
927 3601 1136 3671 φάλαγξ
1159 3601 1363 3670 ἐκείνη,
1394 3601 1561 3670 ἧγουν
1583 3602 1616 3668 ἡ
1640 3618 1745 3652 πα-

183 3696 436 3763 ραταγὴ,
485 3695 659 3747 ἐδόκει
698 3696 810 3756 τοῖς
857 3694 1134 3762 πολεμίοις
1191 3692 1557 3751 ἀνυπόστατος
1584 3687 1743 3756 εἶναι,

183 3788 271 3839 διὰ
299 3787 398 3856 τὴν
430 3789 489 3839 ὲν
539 3789 658 3851 ταῖς
700 3788 884 3853 τάξεσι
928 3785 1292 3854 κατασκευήν.
1321 3786 1531 3836 ’Ίστατο
1576 3783 1683 3852 γὰρ
1720 3785 1747 3835 ό

185 3878 326 3946 ἀνὴρ
362 3877 766 3946 ἐξωπλισμένος
799 3881 857 3930 ὲν
894 3877 970 3946 τῷ
1001 3875 1094 3929 τοῦ
1124 3876 1328 3943 ἀγῶνος
1350 3877 1448 3943 τῆς
1477 3874 1749 3943 συμϐολῆς

188 3964 364 4033 καιρῷ
426 3964 952 4034 καταπυκνουμένης
1015 3965 1115 4032 τῆς
1179 3963 1497 4033 παραταγῆς
1564 3964 1621 4015 ὲν
1683 3966 1748 4031 τῇ

190 4053 422 4106 ἑκάστου
458 4056 642 4108 στάσει
679 4057 760 4118 είς
785 4057 980 4124 πήχεις
1007 4053 1098 4106 δύο
1131 4056 1373 4123 κατέχων
1419 4055 1516 4123 τὴν
1563 4055 1752 4123 σάρισ-

193 4161 309 4205 σαν,
344 4145 516 4214 ἦγουν
550 4146 612 4198 τὸ
643 4145 852 4216 μακρὸν
881 4145 1182 4214 κοντὰριον,
1213 4145 1369 4213 ὅπερ,
1389 4144 1461 4207 ῶς
1487 4143 1584 4213 μέν
1613 4161 1754 4207 τινες

191 4233 423 4300 ἔφασαν,
460 4235 648 4302 πηχῶν
699 4235 1019 4300 ἑξκαίδεκα,
1053 4235 1193 4288 κατὰ
1234 4235 1291 4287 δὲ
1326 4235 1421 4304 τὴν
1477 4235 1754 4305 ἀλήθειαν,

1835 1976 2070 2030 arbitror
2093 1976 2238 2029 enim
2257 1991 2381 2028 cum
2416 1976 2517 2029 levi
2552 1988 2822 2029 armatura
2851 1978 2919 2031 ab
2950 1980 3017 2033 iis
3045 1982 3402 2049 scriptoribus

1833 2065 2090 2119 confusos
2118 2081 2254 2118 esse.
2298 2064 2576 2117 Habt-bant.
2604 2076 2780 2119 autem
2825 2069 2875 2120 hi
2922 2081 3275 2135 armaturam,
3309 2073 3401 2126 sed

1835 2155 2086 2210 leviorem
2115 2155 2236 2209 aliis
2269 2171 2283 2205 :
2320 2155 2587 2207 habebant
2615 2167 2793 2209 autem
2827 2157 3045 2223 peltam,
3079 2159 3131 2212 id
3163 2167 3408 2223 est,scu-

1835 2253 1950 2299 tum
1981 2260 2228 2315 parvum,
2261 2253 2317 2299 et
2361 2245 2565 2309 hastas,
2605 2259 2726 2313 quae
2767 2245 2836 2297 ab
2877 2246 3274 2315 antiquioribus
3316 2263 3409 2302 sa-

1838 2334 1992 2389 rissae
2018 2335 2172 2388 dicta:
2203 2341 2332 2389 sunt
2361 2352 2374 2388 :
2400 2334 2617 2389 sarissa:
2645 2344 2823 2388 autem
2864 2335 3033 2390 hasta!
3065 2347 3220 2390 erant
3239 2339 3410 2408 longa)

1841 2426 2108 2481 interdum
2133 2428 2542 2496 quatuordecim
2590 2427 2923 2490 cubitorum,
2957 2427 3228 2481 interdum
3257 2429 3413 2484 sede-

1840 2519 1946 2572 cim
1979 2518 2310 2572 cubitorum.
2344 2517 2471 2572 Haec
2509 2525 2626 2571 erat
2662 2518 2834 2570 forma
2875 2519 3121 2571 armandi
3162 2517 3413 2573 Macedo-

1842 2609 1984 2662 nica.
2015 2607 2379 2662 PeltaStarum
2407 2617 2682 2660 armatura
2717 2608 2953 2661 medium
2978 2607 3247 2676 quoddam
3272 2610 3418 2663 inter

1844 2711 2064 2765 gravem
2105 2705 2158 2749 et
2197 2696 2367 2750 levem
2417 2707 2752 2751 armaturam
2784 2699 3021 2762 tenebat,
3052 2699 3266 2768 gravior
3288 2699 3414 2765 levi,

1849 2796 1904 2840 et
1933 2787 2105 2839 levior
2126 2786 2277 2854 gravi
2302 2796 2598 2840 armatura.

1916 2967 2003 3022 58.
2034 2967 2195 3022 Gravi
2221 2979 2513 3022 armaturae
2536 2968 2710 3024 adfuit
2737 2984 2954 3039 quoque
2982 2979 3036 3026 et
3067 2971 3216 3042 aspis
3241 2970 3422 3028 Mace-

1846 3057 2040 3110 donica
2077 3065 2238 3110 aerata
2270 3072 2377 3110 non
2423 3059 2718 3110 admodum
2753 3073 3014 3122 concava,
3060 3058 3262 3123 idest,
3297 3075 3425 3114 scu-

1851 3158 1964 3200 tum
1993 3149 2286 3202 rotundum
2310 3164 2586 3217 magnum,
2619 3149 3006 3217 simpliciorem
3048 3150 3253 3203 habens
3279 3153 3426 3205 cavi-

1854 3248 2038 3301 tatem,
2075 3254 2386 3292 mensuram
2436 3241 2596 3293 trium
2639 3241 3055 3307 Spithamarum,
3109 3240 3161 3294 id
3192 3251 3296 3305 est,
3325 3242 3425 3294 do-

1843 3328 2138 3381 drantium.
2162 3328 2288 3381 Erat
2319 3336 2500 3382 autem
2533 3330 2687 3382 hasta
2718 3343 2822 3381 non
2855 3330 3035 3384 minor
3058 3340 3182 3384 octo
3203 3331 3425 3393 cubitis,

1845 3416 2007 3472 Hasta
2036 3417 2249 3486 longior
2278 3432 2344 3470 eo
2366 3434 2539 3487 usque
2557 3419 3001 3488 ducebatur,quo
3032 3421 3194 3476 homo
3217 3421 3428 3476 viribus

1847 3512 1961 3563 suis
1988 3510 2236 3575 expedite
2268 3524 2388 3562 eam
2427 3520 2661 3563 tractare
2693 3520 2965 3578 potuerat.

1931 3595 2019 3648 39.
2048 3595 2399 3649 Macedonica
2437 3598 2693 3664 phalanx,
2727 3598 2780 3651 id
2813 3609 2915 3664 est,
2947 3600 3114 3664 acies,
3144 3602 3427 3660 videbatur

1851 3685 2103 3740 hostibus
2141 3697 2360 3754 propter
2393 3688 2528 3741 aciei
2568 3689 2897 3741 instruenda:
2942 3690 3163 3743 modum
3202 3691 3433 3761 inexpu-

1849 3775 2078 3843 gnabilis
2110 3791 2252 3830 esse.
2282 3776 2471 3830 Stabat
2495 3778 2637 3831 enim
2667 3780 3041 3849 unusquisque
3076 3781 3159 3834 vir
3189 3793 3430 3836 armatus

1851 3865 1969 3933 ipso
1994 3866 2324 3936 conﬂigendi
2382 3877 2642 3937 tempore,
2707 3871 2931 3925 densata
2963 3873 3081 3928 acie
3130 3874 3198 3927 ad
3238 3890 3432 3929 unius-

1852 3953 2118 4021 cujusque
2148 3957 2463 4014 stationem,
2505 3955 2814 4009 cubitorum
2857 3959 3090 4011 duorum
3131 3959 3309 4014 locum
3344 3977 3436 4016 oc-

1855 4058 2086 4111 cupans,
2147 4045 2432 4111 sarissam,
2487 4046 2540 4099 id
2594 4055 2696 4110 est,
2745 4047 2957 4116 longam
3008 4049 3218 4103 hastam
3269 4066 3433 4105 manu

1858 4145 2070 4196 tenens,
2102 4137 2340 4190 sedecim
2373 4149 2429 4191 ut
2461 4139 2680 4205 Quidam
2740 4148 2930 4207 putant
2968 4141 3298 4207 cubitorum,
3353 4159 3439 4197 re-

1860 4241 1989 4279 vera
2016 4236 2194 4279 autem
2226 4230 2635 4295 quatuordecim
2683 4230 3014 4285 cubitorum.
3066 4232 3143 4285 Ex
3179 4234 3268 4298 iis,
3303 4250 3439 4302 qua-

195 4322 387 4391 πηχῶν
416 4323 497 4375 ιδ’.
547 4322 763 4375 Τούτων
803 4323 861 4375 δὲ
894 4323 1154 4392 τέσσαρες
1195 4322 1291 4391 μὲν
1322 4324 1511 4392 πήχεις
1540 4323 1733 4391 ἀφαιρε

1866 4328 1989 4371 ιυοι·
2016 4319 2320 4372 cubitorum
2345 4321 2604 4386 spatium,
2636 4336 2831 4376 manus
2857 4323 2911 4376 in
2937 4323 3292 4392 posteriorem
3316 4341 3441 4394 par-

195 4414 255 4465 τὸ
282 4411 487 4483 μεταξὺ
509 4412 619 4466 τῶν
642 4413 842 4484 χειρῶν
862 4415 943 4477 είς
971 4414 1031 4465 τὸ
1051 4413 1245 4466 ὀπίσω.
1281 4415 1343 4464 Οί
1370 4413 1426 4465 δὲ
1468 4413 1641 4464 λοιποὶ
1670 4413 1758 4465 δέ-

1869 4417 1976 4462 tem
2025 4418 2314 4478 occupant,
2347 4411 2541 4480 reliqui
2588 4413 2775 4466 decem
2828 4415 2993 4468 cubiti
3030 4416 3082 4468 in
3112 4418 3439 4473 anteriorem

199 4520 269 4554 κα
321 4503 518 4572 πήχεις
569 4503 650 4565 είς
683 4503 745 4555 τὸ
784 4501 1090 4573 ἔμπροσθεν
1135 4500 1464 4553 ὲκτείνονται
1506 4502 1610 4570 πρὸ
1657 4502 1739 4552 τῶι

1872 4507 2079 4568 partem
2121 4509 2244 4553 ante
2275 4515 2501 4569 corpora
2554 4503 2970 4570 protenduntur.
3021 4507 3196 4575 Atque
3225 4507 3340 4562 haec
3375 4508 3443 4563 de

202 4594 497 4662 σωμάτων.
547 4592 799 4646 Τοσαῦτα
841 4594 938 4662 μὲν
975 4589 1070 4648 οὖν
1099 4594 1193 4646 καλ⁵
1223 4593 1350 4662 περὶ
1381 4595 1478 4662 τῆς
1511 4592 1629 4644 καθ’
1674 4593 1739 4645 ἔνι

1876 4601 2122 4658 separata
2173 4591 2604 4661 uniuscujusque
2648 4595 2942 4663 singularis
2997 4598 3103 4650 viri
3144 4609 3442 4665 armatura,

200 4683 368 4752 ἄνδρα
395 4683 735 4753 στρατιώτην
761 4683 1026 4745 ὁπλίσεως
1055 4682 1118 4736 ἔκ
1144 4700 1203 4736 τε
1243 4684 1351 4735 τῶν
1403 4683 1646 4735 παλαιῶν
1676 4701 1739 4736 κα

1869 4696 1937 4736 ex
1990 4682 2229 4750 antiquis
2263 4691 2318 4736 et
2365 4685 2760 4741 recentioribus
2807 4687 2884 4741 rei
2926 4687 3177 4744 militaris
3209 4689 3446 4759 scripto-

201 4775 312 4826 τῶν
343 4776 624 4844 νεωτέρων
657 4774 928 4826 τακτικῶν
977 4773 1364 4842 ἀναλεξάμενοι
1408 4773 1739 4841 διεταξάμεθ.

1867 4774 2020 4828 ribus
2058 4775 2372 4843 collegimus
2412 4786 2466 4830 et
2503 4779 2909 4847 descripsimus,
2954 4790 3012 4834 ut
3055 4782 3283 4837 istorum
3343 4800 3442 4838 no-

203 4880 265 4916 τε
317 4865 414 4916 καὶ
462 4864 858 4933 διωρισάμεθα,
885 4864 972 4917 ἵνα
1027 4863 1165 4934 ἔχων
1193 4861 1372 4916 αὐτῶν
1419 4863 1518 4934 τὴν
1570 4863 1738 4930 γνῶσι

1876 4863 2048 4917 titiam
2109 4879 2232 4918 cum
2280 4863 2503 4931 habeas,
2552 4869 2695 4936 quod
2749 4869 3089 4925 conducibile
3145 4869 3242 4926 tibi
3283 4872 3445 4927 luerit

205 4955 408 5026 ὲκλέγῃ
436 4956 498 5009 τὸ
527 4957 814 5027 χρήσιμον.

777 5043 1084 5098 ΔΙΔΤᾹΞΙΣ
1140 5042 1214 5097 Z'.

277 5138 420 5206 Περὶ
451 5137 786 5206 γυμνασίας
818 5133 1260 5203 καεαλλαρικῆς
1299 5133 1398 5187 καὶ
1435 5133 1700 5202 πεζικῆς.
1742 5192 1745 5195 ,

281 5227 351 5282 α’.
393 5228 548 5296 Ἑξῆς
573 5229 629 5281 δὲ
656 5229 750 5280 καὶ
787 5229 915 5297 περ).
959 5229 1058 5295 τῆς
1105 5225 1282 5278 αὐτῶν
1328 5226 1635 5294 γυμνασίας
1668 5225 1773 5293 πρὸ

1879 4955 2064 5020 eligas.

2363 5045 2820 5102 CONSTITUTIO
2863 5048 2971 5104 VII.

2130 5137 2205 5189 De
2229 5140 2597 5192 exercitatione
2621 5143 2848 5210 equestri
2871 5151 2919 5195 et
2955 5145 3204 5210 pedestri.

1952 5227 2002 5279 l.
2058 5225 2317 5293 Deinceps
2375 5227 2488 5296 jam
2540 5227 2608 5282 de
2666 5231 3056 5286 exercitatione
3102 5248 3223 5301 quae
3254 5231 3445 5286 bellica

217 5311 330 5374 τῶν
371 5319 681 5389 πολεμικῶν
733 5321 958 5387 ἀγώνων
1019 5319 1334 5388 ὀφειλούσης
1394 5318 1636 5385 γίνεσθαι
1679 5336 1739 5386 με

1881 5319 2175 5372 certamina
2207 5317 2361 5370 debet
2408 5319 2636 5382 anteire,
2680 5335 2908 5374 numero
2935 5330 2989 5375 et
3041 5321 3304 5389 paucis,o
3346 5323 3450 5374 im-

215 5413 384 5481 τρίως
415 5426 496 5461 σοι
545 5410 640 5461 καὶ
693 5410 972 5479 συντόμως
1007 5409 1474 5481 ύπαγορεύσομεν,
1506 5402 1550 5460 ὧ
1585 5425 1780 5478 στρατ-

1883 5424 2120 5478 perator,
2153 5408 2317 5462 verba
2343 5407 2565 5473 faciam,
2599 5417 2656 5463 ut
2706 5426 2798 5479 per
2831 5411 2960 5465 istas
2998 5411 3449 5466 exercitationum

215 5503 341 5572 ηγὲ,
372 5502 458 5554 ἵνα
504 5500 1040 5571 προπαρασκευάζῃς
1093 5503 1287 5564 αὐτοὺς
1338 5499 1609 5564 ἐθίζεσθαι
1645 5502 1739 5569 πρὲ

1887 5499 2307 5567 periclitationes
2351 5499 2416 5551 ad
2472 5515 2597 5554 vera
2653 5501 2888 5568 pericula
2955 5516 3049 5556 eos
3095 5501 3454 5556 assuetaeias.

1736 5612 1967 5669 ΝΟΤιΕ.

297 5707 411 5772 (86)
444 5706 591 5759 Δίαν
620 5706 897 5772 κοίλη.1η
938 5706 1100 5760 Checi
1137 5707 1323 5760 codice
1354 5707 1568 5760 videtur
1600 5705 1787 5766 fuisse,

219 5777 282 5829 οὐ
309 5778 429 5829 λίαν
446 5776 620 5844 κοίλη.
649 5774 834 5832 lieete.
895 5777 985 5831 Sic
1029 5777 1440 5831 Constantinus.
1500 5772 1654 5843 Εἶχον
1704 5780 1794 5827 καὶ

1898 5704 2194 5775 σκουτάρια
2224 5704 2566 5775 Μακεδονικὰ
2610 5705 2803 5774 χαλκᾶ,
2854 5705 3180 5775 στρογγύλα,
3215 5701 3449 5775 μεγάλα,

1905 5773 1996 5824 καὶ
2013 5773 2070 5824 οὐ
2100 5774 2228 5824 πολὺ
2255 5774 2439 5839 βαοὲα.
