4220 6442
776 407 886 468 ’135

2035 391 2310 455 LEONIS
2336 389 2797 453 PHILOSOPHI

3925 391 4036 454 736

782 511 1048 583 Imperitis
1070 508 1212 563 enim
1236 506 1302 561 ad
1329 505 1539 563 subitas
1558 517 1613 560 ct
1638 506 1906 560 irruentes
1920 516 2105 559 rerum
2130 517 2350 575 aggres-
2379 545 2386 560 ι

2455 500 2578 562 τοὺς
2604 499 2827 569 ἀληθεῖς
2854 498 3136 563 κινδύνους
3166 499 3255 555 διά
3284 499 3394 554 τῶν
3420 500 3479 553 ἐν
3524 502 3806 572 γυμνασίᾳ
3854 505 4039 557 κινδύ-

778 605 960 659 siones
983 614 1123 657 cwca
1150 606 1204 652 et
1236 598 1407 652 inscia
1434 612 1556 652 esse
1588 596 1742 652 solet.

849 863 904 916 2.
930 860 1121 916 Hieme
1150 870 1242 915 aut
1266 859 1373 915 alio
1397 858 1592 929 quovis
1630 867 1902 927 tempore,
1935 856 2156 927 quando
2186 855 2355 914 inter-

779 954 971 1009 missio
1024 955 1147 1010 belli
1182 966 1289 1017 est,
1324 962 1419 1006 aut
1463 951 1850 1007 excursionum
1890 951 1946 1004 in
1981 949 2166 1006 hostili
2207 958 2352 1005 terra

780 1048 1067 1113 relaaatio,
1148 1044 1545 1101 assuefaciendi
1594 1045 1661 1099 ad
1720 1043 2037 1113 patientiam
2098 1042 2349 1097 laborum

781 1148 911 1193 sunt
969 1138 1188 1202 milites,
1246 1144 1302 1191 et
1350 1136 1593 1190 bellicosi
1640 1135 1966 1204 operosique
2022 1135 2350 1190 assiduitate

780 1228 1038 1282 reddendi
1066 1237 1214 1293 sunt,
1250 1241 1427 1297 neque
1457 1228 1509 1280 in
1539 1226 1650 1279 otio
1707 1234 1762 1279 et
1786 1224 1993 1279 desidia
2018 1241 2141 1281 esse
2167 1227 2354 1281 sinen-

778 1319 853 1373 di.
881 1317 1095 1374 Etenim
1128 1321 1297 1372 otium
1328 1315 1579 1385 languida
1640 1325 1695 1371 et
1719 1316 1897 1371 soluta
1937 1316 2067 1372 facit
2096 1332 2347 1385 corpora,

779 1410 987 1464 desidia
1041 1409 1257 1463 timidas
1298 1418 1353 1461 et
1391 1405 1733 1462 ell'eminatas
1774 1408 1951 1462 reddit
1981 1414 2209 1461 mentes.
2237 1405 2347 1460 Vo-

779 1501 1013 1569 luptates
1065 1503 1209 1553 enim
1288 1498 1534 1569 quotidie
1596 1499 1908 1553 inescantes
1982 1497 2346 1553 fortissimum

690 1598 693 1601 ’
777 1605 1049 1660 quemque
1097 1600 1476 1659 corrumpunt.
1522 1587 1750 1653 Quando
1781 1598 1961 1641 autem
2006 1588 2167 1656 longo
2206 1599 2348 1644 tem-

777 1698 908 1750 pore
929 1682 1247 1751 interposito
1273 1681 1341 1733 ad
1370 1680 1586 1733 labores
1633 1680 1878 1744 veniunt,
1911 1696 2089 1750 neque
2117 1682 2347 1737 libenter

776 1774 1072 1836 sustinent,
1137 1786 1319 1840 neque
1342 1771 1435 1824 diu
1461 1772 1681 1834 durant,
1710 1771 1809 1827 sed
1840 1772 2024 1826 statim
2067 1772 2347 1843 refugiunt

776 1865 1095 1934 priusquam
1128 1838 1430 1932 periculum
1458 1864 1701 1917 laborum
1727 1864 2043 1918 bellicorum
2078 1838 2346 1920 fecerint:
2381 1838 2425 1893 Β

776 1957 860 2008 siu
894 1957 946 2009 in
975 1955 1274 2025 periculum
1300 1956 1571 2018 venerint,
1603 1954 1761 2008 facile
1799 1955 1999 2008 iterum
2034 1955 2346 2021 discedunt,

776 2061 955 2116 neque
997 2046 1063 2100 ad
1112 2045 1464 2115 perferendos
1512 2046 1748 2112 labores,
1801 2061 1977 2116 neque
2028 2047 2095 2100 ad
2166 2048 2348 2102 susci-

775 2138 967 2206 pienda
1016 2136 1253 2207 pericula
1303 2136 1481 2191 idonei
1512 2146 1662 2192 sunt.
1705 2137 1886 2203 Quare
1914 2137 2117 2192 bonum
2143 2153 2244 2208 ego
2266 2138 2350 2209 ju-

774 2229 897 2282 dico
948 2229 1358 2297 imperatorem,
1392 2229 1486 2298 qni
1530 2238 1644 2282 tum
1676 2238 1965 2298 praeparat,
2010 2238 2123 2284 tum
2165 2230 2349 2299 dispo-

778 2320 859 2372 nit
884 2334 1075 2373 omnes
1121 2334 1229 2385 res,
1272 2320 1567 2387 omniaque
1610 2320 1826 2386 negotia
1860 2320 1927 2373 ad
1965 2336 2098 2375 usus
2125 2320 2349 2375 bellicos

776 2412 1108 2480 spectantia,
1156 2409 1375 2479 quando
1457 2410 1534 2464 rei
1591 2410 1799 2465 bellica:
1846 2410 1993 2464 nulla
2048 2412 2350 2467 necessitas

777 2510 952 2571 urget.
982 2499 1247 2555 Exerceto
1293 2508 1476 2556 autem
1526 2514 1623 2556 eos
1651 2500 1738 2557 his
1765 2500 2011 2557 moribus
2043 2512 2099 2557 et
2118 2501 2346 2557 institu-

775 2591 845 2646 tis
860 2609 873 2645 :

840 2770 894 2823 5.
925 2767 1191 2833 Primum,
1225 2770 1605 2839 unusquisque
1640 2770 1796 2827 miles
1824 2771 1876 2825 in
1909 2770 2095 2842 aliquo
2129 2771 2350 2840 negatio

776 2863 865 2916 sit.
891 2860 1095 2916 Graves
1129 2868 1333 2923 autem,
1364 2861 1417 2915 id
1464 2870 1550 2915 est
1585 2870 1831 2917 scutatos
1883 2864 2115 2932 pedites,
2146 2867 2229 2918 vel
2255 2865 2350 2935 qui

777 2953 1087 3007 universam
1145 2963 1477 3006 armaturam
1525 2963 1739 3022 gestant
1762 2956 1830 3009 ad
1863 2956 2143 3026 singulare
2168 2966 2351 3011 certa-

774 3061 900 3100 men
934 3060 1057 3100 cum
1077 3046 1250 3101 scutis
1273 3055 1328 3101 et
1366 3047 1532 3115 virgis
1568 3048 1711 3101 inter
1734 3062 1796 3102 se
1821 3064 2100 3103 exerceas.

844 3139 899 3192 4.
927 3136 1010 3191 Ad
1051 3137 1386 3205 conjicienda
1422 3138 1637 3192 eminus
1686 3138 1893 3207 jacula,
1923 3149 1977 3194 et
2009 3146 2347 3193 matzumar-

776 3231 991 3294 bulum,
1019 3231 1163 3298 quod
1193 3245 1341 3283 nunc
1361 3228 1564 3283 dicitur
1589 3230 1782 3290 saliba,
1812 3230 1899 3284 vel
1932 3231 2205 3285 tzicurim.

847 3324 899 3378 5.
928 3322 1125 3378 Levem
1156 3331 1492 3377 armaturam
1523 3323 1825 3386 exercebis,
1855 3323 1921 3377 ad
1957 3325 2184 3395 sagittas
2207 3325 2355 3381 cele-

776 3416 909 3470 riter
960 3414 1263 3483 jaciendas,
1311 3414 1366 3469 in
1416 3414 1628 3471 hastam
1664 3416 1904 3485 aliquam
1940 3416 2107 3470 altam
2129 3417 2350 3473 eminus

775 3505 1029 3563 deﬂxanu

844 3595 901 3651 6.
935 3595 1016 3650 Ad
1042 3595 1225 3666 jacula
1253 3594 1472 3651 eminus
1513 3595 1877 3664 conjicienda,
1899 3604 1955 3651 et
1989 3595 2212 3653 fundas.

850 3772 900 3824 7.
940 3769 1162 3841 Equites
1204 3770 1487 3825 exercebis
1510 3771 1576 3825 ad
1607 3771 1837 3841 sagittas
1874 3770 2130 3826 celeriter
2148 3771 2354 3842 jacien-

776 3862 919 3916 das:
969 3862 1222 3916 celeritas
1274 3863 1418 3915 enim
1478 3873 1744 3931 praeparat
1774 3862 2060 3931 sagittam,
2096 3872 2155 3917 ut
2198 3863 2357 3920 facile

777 3963 831 4008 et
860 3968 986 4007 cum
1010 3953 1215 4022 impetu
1245 3968 1312 4008 ex
1352 3970 1485 4008 arcu
1530 3955 1875 4008 excutiatur:
1908 3954 2052 4023 quod
2099 3970 2357 4011 necessa-

778 4044 918 4095 rium
950 4051 1068 4105 est,
1120 4054 1175 4097 et
1234 4045 1302 4099 iis
1353 4046 1446 4114 qui
1517 4045 1675 4114 equis
1742 4043 2015 4099 vehuntur
2068 4044 2122 4099 in
2165 4046 2357 4116 primis

776 4136 1139 4191 conducibile.

846 4350 901 4405 8.
952 4351 1130 4419 Atque
1193 4349 1356 4403 etiam
1388 4356 1450 4402 ut
1495 4348 1706 4419 pedites
1735 4348 1989 4404 similiter
2025 4348 2242 4404 eminus
2268 4347 2355 4418 ja-

776 4445 926 4497 eiant
986 4441 1232 4511 sagittas,
1286 4441 1402 4496 sive
1467 4441 1523 4495 iu
1584 4441 1819 4505 hastam,
1878 4440 1995 4494 sive
2040 4439 2094 4493 in
2120 4439 2354 4508 quodvis

778 4533 925 4589 aliud
962 4535 1199 4602 signum.

848 4626 900 4678 9.
934 4623 1004 4678 Ut
1050 4623 1277 4693 sagittas
1327 4622 1382 4676 in
1431 4637 1622 4677 omnes
1679 4632 1859 4692 partes
1910 4636 2053 4693 equo
2100 4629 2355 4676 currente

775 4716 1003 4786 jaciant,
1034 4724 1178 4779 ante,
1220 4723 1384 4775 retro,
1437 4715 1804 4781 dextrorsum,
1842 4714 2247 4770 sinistrorsum.
2294 4712 2353 4767 In

777 4823 981 4879 equum
1010 4816 1068 4860 ut
1093 4806 1313 4859 exsilire
1345 4806 1576 4875 possint.

850 4894 1053 4953 10..Ut
1100 4896 1327 4963 sagittas
1396 4903 1648 4949 contenta
1692 4894 1900 4965 jaciant
1954 4910 2020 4949 ex
2055 4909 2197 4964 equo
2226 4910 2356 4949 cur-

778 4998 953 5053 rente,
992 5004 1182 5052 unam,
1209 4997 1373 5058 atque
1404 4988 1531 5042 item
1577 4990 1831 5053 alteram,
1878 4996 1931 5043 et
1962 4988 2229 5042 intentum
2262 5002 2353 5040 aro

779 5096 905 5137 cum
953 5080 1243 5136 confestim
1278 5080 1330 5134 in
1380 5091 1629 5149 corylum
1680 5088 1902 5151 ponant,
1957 5079 2004 5134 si
2048 5079 2191 5134 latus
2219 5078 2354 5133 satis

779 5180 1004 5241 corytus
1048 5169 1253 5225 fuerit:
1309 5169 1392 5223 sin
1428 5169 1607 5222 minus
1641 5169 1692 5222 in
1734 5171 2122 5236 semicorytum
2152 5169 2219 5223 ad
2251 5169 2356 5223 hoc

780 5278 960 5331 Ipsum
993 5271 1296 5331 opportune
1325 5258 1529 5314 factum
1576 5270 1804 5329 ponant,
1834 5269 1889 5315 et
1918 5261 2131 5316 hastam
2162 5261 2355 5313 hume-

780 5353 860 5408 ris
885 5353 1001 5407 suis
1021 5360 1283 5422 gestatam
1316 5352 1499 5407 statim
1532 5352 1587 5407 in
1620 5367 1818 5407 manus
1846 5360 2089 5410 sumant.
2121 5350 2350 5406 Postea-

780 5456 945 5513 quam
996 5451 1175 5495 autem
1222 5456 1406 5495 arcum
1454 5443 1509 5495 in
1550 5451 1743 5513 corylo
1777 5442 2045 5495 intentum
2076 5440 2351 5506 habuerit,

781 5543 835 5588 et
863 5533 1158 5602 sumpserit
1221 5530 1457 5594 hastam,
1510 5531 1565 5584 in
1618 5532 1848 5587 humero
1901 5532 2095 5585 iterum
2139 5530 2351 5586 hastam

785 5626 967 5678 statim
996 5632 1188 5694 ponat,
1216 5634 1267 5678 et
1302 5637 1489 5677 areum
1530 5622 1648 5677 sine
1684 5637 1835 5677 mora
1875 5629 2138 5677 assumat.

2458 610 2586 647 νων.
2646 593 2722 646 Τὸ
2765 593 2876 663 γὰρ
2925 591 3277 662 ἀγύμναστον
3334 592 3615 656 παντελῶς
3672 594 3889 664 ἀμαθὲς
3948 600 4039 652 καὶ

2454 683 2658 753 τυφλὸν
2683 685 2823 755 πρὸς
2836 686 2937 750 τάς
2961 683 3166 755 ἀθρόας
3192 684 3289 738 καὶ
3310 685 3677 757 ἀμελετήτους
3696 686 4041 758 ἔγχειρήσεις

2457 776 2797 847 εὑρίσκεται.

2526 868 2593 937 β’.
2634 868 2707 921 Ἦ
2730 867 2842 939 γάρ
2875 870 2935 923 εν
2956 868 3135 940 καιρῷ
3172 868 3463 941 χειμῶνος,
3502 871 3537 941 ἢ
3570 873 3630 925 ὲν
3654 871 3829 943 ἑτέρῳ
3856 874 4044 942 καιρῷ

2453 960 2513 1014 ἐν
2615 960 2763 1013 εστιν
2788 960 2959 1032 ἀνοχὴ
2996 961 3260 1031 πολέμου,
3290 960 3325 1031 ἦ
3350 978 3513 1015 τινων
3532 962 3877 1016 ὲπελεύσεων
3905 966 4045 1017 κατά

2454 1050 2715 1120 πολεμίας
2755 1050 2862 1120 γῆς
2905 1051 3113 1115 ἄνεσις,
3162 1052 3461 1122 γυμνάζειν
3488 1068 3548 1105 σε
3576 1054 3683 1124 χρὴ
3712 1056 3783 1110 τά
3812 1057 4043 1126 στρατό-

2452 1141 2611 1206 πεδα,
2647 1140 2743 1195 καὶ
2787 1142 2961 1194 ποιεῖν
3009 1142 3138 1204 τοὺς
3178 1141 3520 1213 στρατιώτας
3562 1143 3925 1213 πολεμικοὺς,
3955 1146 4045 1197 καὶ

2452 1230 2641 1302 ὥσπερ
2692 1232 3025 1303 συντρόφους
3068 1234 3179 1287 τῶν
3214 1234 3389 1286 πόνων
3419 1232 3509 1287 διά
3528 1232 3625 1286 τοῦ
3662 1235 3919 1303 ἐθισμοῦ,
3953 1237 4047 1289 καὶ

2454 1324 2531 1393 μὴ
2558 1324 2724 1395 ἀφίης
2764 1324 2963 1388 αὐτοὺς
2988 1324 3203 1394 ἀργεῖν,
3235 1328 3372 1397 μήτε
3399 1324 3689 1397 ῥᾳθυμεῖν.
3723 1328 3835 1379 Καὶ
3874 1327 3988 1397 γὰρ
4015 1330 4046 1397 η

2450 1413 2619 1483 ἀργία
2676 1414 2897 1481 μαλακά
2947 1414 3043 1467 καὶ
3074 1414 3276 1486 ἀσθενῆ
3309 1420 3455 1469 ποιεῖ
3496 1416 3568 1469 τά
3628 1415 3881 1487 σώματα,
3918 1420 3954 1487 ἡ
3987 1419 4044 1472 δὲ

2451 1503 2696 1575 ῥᾳθυμία
2748 1505 2928 1569 δειλὰς
2976 1506 3072 1560 καὶ
3120 1507 3420 1576 ἀνάνδρους
3458 1508 3558 1572 τάς
3582 1508 3768 1578 ψυχάς
3798 1509 3920 1579 (87)
3946 1527 4047 1562 πα-

2453 1593 2794 1666 ρασκευάζει.
2823 1598 2889 1650 Al
2919 1599 3026 1670 γάρ
3049 1599 3233 1669 ἡδοναὶ
3259 1599 3322 1652 τὸ
3353 1600 3475 1654 καθ’
3510 1602 3723 1672 ἡμέραν
3750 1602 4046 1666 δελεάζου-

2452 1708 2537 1743 σιν
2581 1692 2676 1743 καὶ
2720 1694 3108 1762 ὲντολμότατον
3158 1695 3553 1767 διαφθείρουσι.
3603 1699 3715 1752 Καὶ
3774 1700 3910 1753 ὃταν
3956 1699 4045 1751 ἐπὶ

2455 1783 2666 1855 μακρὸν
2722 1783 2917 1853 χρόνον
2968 1786 3246 1851 ἀνεθέντες
3296 1787 3462 1840 πάλιν
3517 1790 3613 1841 ἐπὶ
3657 1790 3787 1853 τοὺς
3844 1789 4043 1853 πόνους

2456 1874 2704 1938 ἔλθωσιν,
2746 1876 2870 1929 οὕτε
2902 1876 3074 1945 ἡδέως
3119 1879 3364 1945 ἕξουσιν,
3390 1878 3519 1933 οὔτε
3551 1879 3645 1933 επὶ
3672 1879 3809 1933 πολὺ
3839 1897 4044 1951 καρτε-

2458 1966 2734 2036 ρήσουσιν,
2761 1967 2877 2021 ἀλλ’
2910 1968 3112 2031 εὐθέως
3144 1970 3438 2038 φεύγουσιν
3470 1971 3601 2041 πρὶν
3651 1969 3685 2041 ἢ
3720 1972 3815 2024 καὶ
3845 1974 4045 2041 πεῖραν

2454 2055 2637 2110 λαϐεῖν
2671 2058 2781 2110 τῶν
2804 2058 3117 2128 πολεμικῶν
3158 2060 3356 2113 πόνων.
3400 2061 3463 2115 Et
3493 2060 3553 2114 δὲ
3587 2061 3681 2114 καὶ
3713 2063 3797 2125 είς
3844 2065 4044 2133 πεῖραν

2455 2147 2548 2200 ἐπὶ
2587 2148 2784 2218 μικρὸν
2834 2149 3084 2215 ἔλθωσιν,
3127 2150 3335 2220 ταχέως
3367 2151 3822 2221 ἀποχωρίζονται,
3856 2154 4045 2224 φέρειν

2453 2239 2581 2301 τοὺς
2608 2240 2803 2302 πόνους
2829 2241 2921 2293 καὶ
2965 2241 3243 2305 κινδύνους
3284 2242 3344 2295 οὐ
3383 2242 3691 2311 δυνάμενοι.
3720 2246 3922 2315 Διόπερ
3952 2250 4043 2299 καὶ

2454 2328 2657 2398 ἀγαθὸν
2686 2329 2800 2397 ἐγὼ
2821 2330 2993 2401 κρίνω
3020 2332 3348 2402 στρατηγὸν,
3382 2334 3512 2386 ὅταν
3545 2333 3615 2385 τὲ
3646 2336 3898 2405 χρήσιμα
3924 2338 4043 2389 τότε

2458 2420 2709 2486 σκευάζει
2781 2422 2879 2475 καὶ
2922 2422 3195 2476 διατάττει
3247 2425 3343 2478 καὶ
3385 2424 3523 2493 ἔργα
3570 2427 3667 2478 καὶ
3717 2428 4041 2498 πράγματα,

2454 2512 2583 2565 ὅταν
2624 2514 2685 2565 οὐ
2740 2513 3160 2581 κατεπείγουσιν
3210 2514 3265 2566 at
3323 2514 3436 2566 τῶν
3482 2516 3798 2587 πολεμικῶν
3862 2520 4043 2572 πόνων

2454 2604 2714 2672 ἀνάγκαι.
2777 2604 3027 2673 Γύμναζε
3072 2604 3130 2657 δὲ
3171 2604 3266 2657 τὸν
3309 2605 3540 2676 στρατὸν
3563 2608 3831 2673 τοιούτοις
3860 2611 4045 2672 πόνοις

2455 2695 2550 2748 καὶ
2571 2696 3009 2766 ἐπιτηδεύμασιν
3044 2714 3060 2730 ο

2524 2792 2596 2854 γ’.
2628 2785 2853 2856 Πρῶτον
2918 2789 3017 2856 μὲν
3068 2787 3163 2840 τδν
3207 2787 3329 2841 καθ’
3363 2788 3463 2841 ἕνα
3507 2788 3851 2858 στρατιώτην
3881 2788 3960 2853 ὡς
3988 2791 4045 2841 ἐν

2461 2877 2687 2948 μελέτῃ,
2725 2878 2850 2940 τοὺς
2903 2876 3008 2947 μὲν
3045 2878 3271 2942 ὁπλίτας
3312 2880 3642 2943 σκουτάτους
3689 2881 3852 2953 πεζῇ,
3880 2882 4046 2951 ἤγουν

2455 2969 2583 3031 τοὺς
2614 2967 2913 3037 φοροῦντας
2940 2973 3041 3040 τὴν
3077 2970 3508 3035 πανοπλίαν,εῑς
3540 2975 3877 3045 μονομαχίας
3911 2975 4048 3043 μετά

2457 3059 2793 3128 σκουταρίων
2824 3060 2918 3113 καὶ
2939 3059 3174 3130 βεργίων
3204 3061 3609 3133 ἀντισαλλήλων
3642 3102 3660 3126 ,

2525 3149 2587 3203 δ’.
2622 3150 2722 3213 Εἰς
2781 3150 2843 3204 τὸ
2898 3150 3050 3220 ῥίψαι
3097 3152 3335 3220 μήκοθεν
3378 3153 3656 3223 ρικτάρια.
3693 3154 3789 3208 καὶ
3844 3156 4047 3224 ματζυ-

2459 3242 2789 3314 μὰρδουλον,
2820 3242 2849 3295 δ
2886 3244 3105 3309 λέγεται
3147 3241 3243 3295 νῦν
3279 3243 3496 3307 σαλίόα,
3525 3246 3619 3298 καὶ
3635 3244 3941 3319 τζικούριν.

2524 3342 2586 3389 ε’.
2624 3336 2765 3397 Τοὺς
2812 3335 2871 3387 δὲ
2920 3335 3252 3403 λεγομένους
3303 3334 3496 3403 ψιλοὺς
3543 3335 3688 3392 οὕτω
3715 3341 4043 3409 γυμνάσεις,

2455 3426 2537 3489 εἰς
2582 3426 2798 3492 τοξείαν
2858 3425 3126 3496 σύντομον
3172 3424 3318 3479 κατὰ
3341 3429 3629 3499 κονταρίου
3681 3429 3893 3499 ὑψηλοῦ
3940 3431 4048 3485 ἀπὸ

2457 3518 2845 3588 διαστήματος.

2530 3606 2607 3673 ς’.
2640 3610 2735 3673 El;
2756 3610 2819 3663 τὸ
2846 3610 3067 3681 ῥίπτειν
3094 3610 3333 3681 μήκοθεν
3370 3612 3622 3683 ρικτάριν
3648 3612 3741 3667 καὶ
3768 3613 4049 3683 σφενδόϐο-

2462 3700 2577 3753 λον.

2535 3790 2601 3856 ξ’.
2638 3792 2733 3857 Et;
2761 3793 3026 3864 πηδήσεις
3058 3796 3153 3849 καὶ
3180 3795 3417 3865 δρόμους
3450 3795 3593 3849 κατά
3629 3812 3687 3848 τε
3712 3794 3934 3865 ὁμαλῶν
3964 3798 4051 3849 τό·

2459 3900 2576 3938 πων
2604 3884 2699 3938 καὶ
2730 3885 3055 3955 ἀνωμάλων.
3086 3887 3226 3948 Τοὺς
3245 3886 3303 3939 δὲ
3323 3885 3723 3956 κασαλλαρίους
3744 3885 4050 3954 γυμνάσεις

2458 3974 2538 4036 είς
2564 3974 2624 4026 τὸ
2650 3973 2888 4040 τοξεύειν
2912 3976 3214 4045 συντόμως.
3258 3976 3323 4028 Ἦ
3347 3977 3455 4047 γάρ
3479 3976 3723 4047 ταχύτης
3774 3978 3870 4029 καὶ
3903 3980 4051 4030 ἑκτι-

2458 4065 2749 4119 νάσσεσθαι
2801 4066 3206 4137 παρασκευάζει
3242 4069 3343 4140 τὴν
3385 4069 3651 4135 σαγίτταν
3676 4070 3772 4123 καὶ
3805 4070 4048 4138 ἰσχυρῶς

2460 4156 2773 4227 βάλλεσθαι.
2802 4159 2978 4226 Ὅπερ
3016 4159 3127 4213 τῶν
3167 4160 3484 4228 ἀναγκαίων
3522 4160 3659 4225 ἐστὶ,
3696 4162 3927 4225 καὶτοῖς
3955 4164 4051 4213 ἐπὶ

2469 4249 2653 4304 ἵππων
2684 4251 3000 4321 ὀχουμένοις
3030 4253 3321 4323 χρήσιμον.

2527 4349 2599 4413 η’.
2638 4343 2747 4395 Καὶ
2781 4342 2984 4406 ετιιεὶς
3024 4344 3086 4396 τὸ
3108 4343 3348 4410 τοξεύειν
3373 4341 3514 4416 πεζῇ
3546 4343 3657 4397 ἀπὸ
3683 4344 4052 4417 διαστήματος

2462 4433 2766 4505 συντόμως,
2809 4436 2917 4488 εἴτε
2970 4434 3111 4488 κατά
3139 4435 3447 4506 κονταρίου,
3502 4436 3615 4489 εἴτε
3670 4434 3813 4489 κατὰ
3860 4436 4051 4507 ἑτέρου

2386 4516 2437 4576 D
2465 4526 2711 4596 σημείου.

2526 4618 2591 4672 θ’.
2619 4619 2712 4678 Εἰς
2761 4618 2822 4671 τὸ
2860 4618 3102 4683 τοξεύειν
3143 4620 3329 4674 ἐπάνω
3379 4619 3551 4673 ἵππου
3600 4620 3886 4690 τρέχοντος
3918 4635 4053 4672 συν-

2459 4711 2641 4779 τόμως
2667 4710 2998 4779 ἔμπροσθεν,
3025 4710 3271 4778 ὄπισθεν,
3321 4710 3492 4777 δεξιὰ,
3534 4712 3820 4781 ἀριστερά.
3854 4710 3949 4774 Et;
3994 4712 4055 4763 τὸ

2460 4800 2638 4870 πηδᾷν
2666 4799 2751 4869 ἐφ’
2786 4800 3009 4863 ἵππους.

2513 4897 2565 4944 ι’.
2596 4890 2689 4953 Εις
2732 4891 2793 4943 τὸ
2836 4888 3075 4954 τοξεύειν
3136 4893 3419 4963 συντόμως
3460 4891 3647 4945 ἐπάνω
3691 4891 3861 4944 ἵππου
3923 4893 4052 4964 τρέ-

2452 4998 2636 5052 χοντος
2671 4982 2799 5051 μίαν
2857 4981 2891 5053 ἢ
2951 4982 3047 5036 καὶ
3088 4983 3347 5054 δευτέραν
3410 4983 3693 5053 σαγίτταν,
3731 4984 3828 5037 καὶ
3856 4985 4053 5037 ἀποτί-

2453 5072 2641 5127 θεσθαι
2690 5072 2752 5125 τὸ
2807 5071 2960 5137 τόξον
3018 5072 3354 5143 τεταγμένον
3388 5073 3446 5126 ἐν
3496 5072 3577 5144 τῷ
3617 5070 3895 5143 θηκαρίῳ,
3945 5072 4045 5124 ἐὰν

2453 5164 2628 5219 πλατὺ
2797 5165 2831 5234 ἢ
2860 5166 2919 5218 ὲν
2958 5164 3103 5234 ἄλλῳ
3135 5166 3416 5235 ἡμιθηκίῳ
3462 5166 3556 5219 ἐπὶ
3582 5163 3760 5234 τούτῳ
3782 5165 4052 5234 γινομένῳ

2454 5256 2745 5327 εὐκαίρως.
2763 5257 2873 5309 Καὶ
2894 5256 3363 5329 ἐπιλαμϐάνεσθαι
3383 5256 3478 5310 τοῦ
3513 5256 3799 5327 κονταρξου
3833 5256 3931 5309 ἐπὶ
3960 5254 4051 5308 τοῦ

2457 5348 2605 5419 ὤμου
2642 5346 3065 5418 βασταζόμενον,
3102 5348 3197 5401 καὶ
3235 5344 3355 5402 εἶτα
3380 5349 3442 5401 τὸ
3481 5348 3669 5412 τόξον,
3711 5348 4049 5417 τεταγμινον

2459 5443 2517 5493 ἰν
2544 5439 2622 5510 τῷ
2668 5440 2937 5510 θηκαρεῳ,
2973 5444 3197 5513 κρατεῖν
3225 5442 3281 5495 δὲ
3325 5442 3385 5495 τὺ
3418 5428 3693 5513 κοντάριν,
3743 5442 3841 5492 καὶ
3868 5459 3884 5479 ν
3909 5440 4051 5492 m6-

2462 5549 2578 5601 μως
2607 5532 2959 5586 ἀποτίθεσθαι
2992 5534 3125 5587 αὐτὸ
3154 5536 3213 5589 ιν
3241 5533 3319 5606 τῷ
3375 5532 3511 5605 ὤμῳ
3534 5573 3550 5599 ,
3585 5532 4052 5604 ἐπιλομῧάνεσθαι

2459 5623 2517 5675 δὲ
2555 5622 2652 5676 τοῦ
2678 5623 2857 5687 τόξου.

2325 5717 2556 5773 ΝΟΤΑΣ.

850 5805 963 5875 (87)
985 5808 1089 5862 Kal
1116 5808 1451 5877 ἀνάνδρους
1482 5811 1587 5877 τὰς
1609 5811 1829 5881 ψυχάς.
1875 5812 2254 5879 Scribebatur,
2277 5815 2371 5867 καὶ

2455 5813 2598 5883 νδρας
2626 5827 2725 5873 τας
2758 5809 3016 5875 ψυγικάς.
