4176 6446
136 442 244 507 737

1229 450 1557 509 TACTICA.
1593 470 1661 483 ·-
1691 443 2190 505 CONSTITUTIO
2211 447 2342 504 'i'll.

3277 459 3381 520 738

209 557 305 610 ια’.
353 557 449 618 εἰς
483 557 544 608 τὶ·
585 558 914 627 ἐπέρχεσθαι
958 560 1208 630 ἀλλήλοις
1232 561 1431 629 ἄνδρας
1473 560 1588 622 δύο,
1625 555 1718 610 καὶ

1892 554 1978 606 Η.
2013 553 2084 607 Ut.
2115 554 2372 608 invadant
2414 569 2470 607 se
2501 567 2692 610 mutuo
2716 557 2825 612 duo
2865 565 2990 624 viri,
3026 570 3070 613 et
3116 565 3386 634 recedant,

137 649 448 713 ὑποχωρεῖν
506 648 602 698 καὶ
661 648 821 700 πάλιν
863 649 1198 715 ἐπελαύνειν,
1251 651 1345 702 καὶ
1404 650 1716 712 ἐξελίσσειν,

136 737 281 786 κατὰ
317 736 407 786 τὸν
436 735 605 786 τύπον
632 736 725 786 τοῦ
760 736 1051 805 λεγομένου
1087 739 1546 809 παρακονταρίου.

207 849 298 916 ιβ’.
324 850 488 910 Τινάς
515 849 573 900 δὲ
605 849 781 901 αὐτῶν
819 851 980 902 καλόν
1007 852 1121 904 ἐστι
1153 851 1246 904 καὶ
1280 852 1338 902 tv
1381 851 1458 921 τῷ
1509 853 1718 904 ὁδοιπο-

135 943 254 1011 ρεῖν
284 942 412 1003 τοὺς
441 943 778 1012 στρατιώτας
816 942 1192 1012 γυμνάζεσθαι
1217 943 1275 996 tv
1307 947 1372 1014 τῇ
1411 945 1516 1015 ἰδία
1543 945 1716 1014 χώρᾳ,

133 1034 230 1086 καί
264 1033 607 1101 ἐπιτηδεύειν
642 1033 783 1087 αὐτὰ
824 1035 1008 1088 ἐπάνω
1036 1034 1145 1086 τῶν
1188 1035 1368 1088 ἵππων
1396 1038 1589 1088 ποιεῖν.
1625 1036 1720 1088 Ἐκ

131 1124 329 1176 τούτου
361 1125 470 1195 γάρ
504 1125 599 1177 καὶ
641 1125 673 1194 ἡ
699 1124 814 1188 ὁδὸς
843 1125 1234 1195 ἀνεμπόδιστος
1272 1127 1594 1191 ὲκτελεῖται,
1625 1127 1720 1180 καὶ

132 1217 180 1267 οἱ
220 1217 382 1268 ἵπποι
404 1217 465 1268 οὐ
493 1216 889 1287 συντρίϐονται.

209 1307 303 1374 ιγ’.
352 1308 477 1359 Ἐὰν
515 1308 573 1360 δὲ
607 1309 786 1378 συμϐῇ
828 1307 924 1362 καὶ
954 1309 1196 1378 χρονίσαι
1223 1311 1284 1364 τὸ
1313 1310 1626 1381 στράτευμα
1664 1311 1721 1364 tv

135 1397 428 1466 ἐξπεδίτῳ,
470 1398 635 1467 ἤγουν
707 1398 836 1451 ἔνθα
895 1400 1184 1468 συνάγεται
1244 1399 1390 1452 κατά
1443 1400 1534 1452 τὸν
1592 1401 1721 1454 ἴδιον

134 1489 332 1559 καιρὸν
368 1489 487 1552 ὅλος
517 1490 545 1539 ό
576 1488 827 1559 στρατὸς,
866 1491 940 1560 μὴ
977 1491 1181 1561 ἀργοὺς
1201 1485 1341 1543 εἶναι
1371 1490 1460 1544 τὸν
1495 1491 1718 1556 καθένα,

131 1581 250 1632 ἀλλ’
285 1580 561 1644 ἐθίζεσθαι
595 1581 813 1644 αὐτοὺς,
846 1580 922 1644 ὡς
943 1581 1179 1652 εἴρηται,
1224 1585 1426 1638 πονεῖν.
1448 1584 1555 1636 Καὶ
1587 1585 1719 1637 ποτὲ

135 1670 240 1738 μὲν
271 1669 651 1739 γυμνάζεσθαι
675 1674 857 1725 πονεῖν
883 1673 1024 1726 κατὰ
1052 1673 1145 1726 τὸν
1177 1675 1467 1743 εἰρημένον
1496 1675 1717 1744 τρόπον,

133 1763 267 1813 ποτὲ
313 1762 370 1814 δὲ
413 1763 491 1826 ὼς
547 1764 604 1816 tv
633 1765 931 1836 παρατάξει
961 1766 1055 1819 καὶ
1105 1766 1162 1817 tv
1208 1766 1476 1835 ἀλλήλοιςο
1513 1769 1642 1820 ποτὲ
1664 1768 1721 1821 δὲ

133 1853 213 1912 εἰς
260 1852 444 1906 ὅπλων
491 1853 757 1923 ἐργασίας
798 1853 1241 1924 ἀπασχολεῖσθαι.
1283 1855 1348 1907 Ἦ
1391 1855 1502 1925 γάρ
1557 1855 1724 1923 ἀργία

131 1945 194 1996 οὐ
246 1946 412 2012 μόνον
465 1947 703 2016 νωθροὺς
778 1948 873 1999 καὶ
925 1947 1216 2018 ἀνάνδρους
1262 1951 1423 2011 ποιεῖ,
1470 1946 1606 2000 ἀλλά
1633 1949 1726 2001 καὶ

134 2037 274 2089 κενά
327 2055 451 2091 τινα
509 2039 604 2091 καὶ
660 2037 931 2110 στασιώδη
992 2039 1222 2109 μελετᾷν
1294 2040 1490 2102 αὐτοὺς
1545 2057 1721 2110 παρα-

135 2131 395 2192 σκευάζει
428 2131 522 2182 καὶ
550 2131 871 2200 παρεξάγει.
894 2133 1300 2202 Γυμναζόμενοι
1329 2133 1386 2184 δὲ
1415 2133 1550 2201 πρὸς
1597 2135 1723 2196 τοὺς

135 2220 420 2280 ἑκουσίους
461 2221 676 2286 πόνους,
735 2223 971 2285 εὐκόλως
1011 2221 1118 2291 ἄρα
1147 2223 1395 2285 καὶτοὺς
1439 2223 1722 2286 ἀκουσίους

134 2311 470 2363 ὑπενείκωσι
499 2351 514 2374 ,
569 2313 662 2363 καὶ
708 2313 844 2381 πρὸς
888 2314 957 2365 τά
996 2311 1487 2381 παραγγελλόμενα
1539 2312 1722 2375 αὐτοῖς

135 2401 441 2453 ὑπακούειν
476 2401 780 2456 ἐθισθῶσιν.

211 2514 299 2565 ιδ’.
330 2515 440 2566 Καὶ
472 2516 531 2568 ού
567 2516 727 2584 μόνον
765 2514 967 2568 καθένα
1014 2516 1311 2584 γυμνάσεις
1335 2517 1555 2581 αὐτοὺς,
1586 2517 1721 2572 ἀλλά

136 2603 343 2668 ὲθίσεις
379 2607 472 2657 καὶ
519 2607 748 2660 καθόλου
785 2605 1074 2674 γινώσκειν
1102 2607 1201 2670 τάς
1232 2608 1368 2669 ιδίας
1391 2609 1595 2672 τάξεις,
1627 2612 1721 2662 καὶ

143 2695 330 2763 μένειν
389 2698 446 2749 έν
475 2699 686 2761 αὑταῖς,
717 2699 810 2750 καὶ
839 2701 959 2760 ταῖς
1002 2698 1180 2766 ὕψεσι,
1221 2699 1315 2751 καὶ
1346 2701 1458 2761 τοῖς
1490 2701 1716 2770 ὀνόμασι

141 2785 397 2853 συνήθεις
454 2786 715 2856 ἀλλήλους
768 2787 1037 2854 γίνεσθαι,
1100 2788 1196 2840 καὶ
1257 2789 1340 2852 τίς
1384 2790 1718 2860 στρατιώτης

139 2874 243 2925 ὑπὸ
303 2875 426 2926 τινα
477 2877 625 2928 ἐστὶν
676 2877 927 2948 ἄρχοντα,
986 2879 1082 2932 καὶ
1128 2882 1184 2934 tv
1223 2880 1360 2950 ποίῳ
1400 2881 1597 2951 βάνδῳ,
1626 2883 1720 2934 κα)⁸

141 2965 280 3034 μετά
313 2967 496 3019 πόσων
518 2968 725 3038 ἀνδρῶν
753 2969 1024 3026 τάττεται.

202 3143 288 3192 ιε’.
338 3138 636 3192 Γινώσκειν
691 3142 744 3194 δὲ
799 3142 869 3195 τὰ
914 3143 1039 3207 ὀξέα
1093 3147 1530 3218 παραγγέλματα
1585 3151 1790 3218 mea

137 3227 349 3292 τάξεως
404 3232 555 3300 παρά
607 3232 717 3284 τῶν
770 3233 1048 3303 ἀρχόντων
1094 3238 1376 3307 γινόμενα.
1438 3237 1564 3292 Οἷον
1624 3243 1724 3303 τὰς

138 3320 418 3382 ἐκτάσεις,
467 3323 576 3374 εἴτε
631 3324 771 3376 κατὰ
807 3325 1030 3388 πλάτος,
1061 3327 1171 3380 εῐτε
1225 3329 1368 3382 κατά
1407 3331 1580 3398 μῆκος
1624 3332 1722 3400 τῆς

140 3411 530 3481 παρατάξεως.
575 3413 809 3483 Ὁμοίως
852 3415 910 3468 δὶ
951 3419 1046 3470 καὶ
1087 3422 1186 3482 τάς
1233 3421 1515 3486 συστολὰς,
1553 3424 1722 3491 ἧγουν

142 3503 396 3571 σφίγξεις
442 3505 525 3566 είς
574 3505 868 3561 πύκνωσιν.
924 3509 1033 3561 Καὶ
1085 3508 1183 3571 τὰς
1233 3511 1460 3577 κλίσεις,
1518 3515 1610 3565 ἐπὶ
1665 3515 1733 3566 τά

140 3595 433 3664 ἀριστερά,
477 3596 566 3647 ἐπὶ
616 3596 684 3648 τά
711 3597 881 3663 δεξιὰ,
933 3601 1026 3652 καὶ
1051 3601 1150 3664 τάς
1178 3602 1286 3654 τῶν
1312 3603 1536 3672 όρδίνων
1567 3622 1631 3672 με
1645 3623 1732 3657 ια-

141 3687 422 3755 ποιήσεις,
449 3688 519 3740 τά
556 3687 900 3758 διαστήματα
950 3691 1058 3743 τῶν
1115 3695 1354 3747 στάσεων
1404 3695 1510 3748 ἀπὸ
1541 3698 1733 3766 ἀνδρὸς

141 3777 220 3838 είς
271 3777 468 3847 ἄνδρα,
518 3781 613 3831 καὶ
653 3780 751 3842 τὰς
819 3783 1052 3850 μερικάς
1107 3784 1283 3838 αὐτῶν
1338 3787 1644 3850 πυκνώσεις
1697 3789 1730 3858 ἢ

142 3865 464 3935 ἀραιώσεις,
503 3868 599 3921 καὶ
670 3871 768 3932 τάς
851 3871 1186 3942 άδιαλλήλων
1250 3876 1581 3946 ἀπαντήσεις
1641 3865 1736 3931 καὶ

145 3956 558 4026 ἀντιδαμάσεις,
609 3960 728 4028 ἤτοι
759 3961 1069 4030 ἐρχομένων
1113 3964 1146 4033 ἢ
1185 3967 1606 4035 ἀπερχομένων,
1640 3967 1736 4021 καὶ

143 4047 241 4107 τάς
278 4048 422 4100 κατὰ
449 4050 548 4111 τὰς
597 4051 762 4114 ἀκίας
804 4053 970 4123 ἧγουν
1015 4055 1141 4119 τοὺς
1173 4056 1414 4125 όρδίνους
1444 4059 1738 4130 διαιρέσεις

145 4139 330 4193 αὐτῶν
387 4141 482 4193 καὶ
510 4143 863 4213 μετρισμούς.

221 4253 322 4319 ις’.
357 4256 468 4308 Καὶ
510 4257 834 4324 κατατάξεις
865 4261 1034 4332 αὐτὴν
1078 4264 1355 4333 φάλαγγα,
1408 4268 1575 4336 ἧγουν
1638 4271 1736 4340 τὴν

147 4348 279 4416 ὅλην
337 4350 707 4420 παραταγὴν,
758 4353 922 4419 ὃταν,
987 4355 1063 4418 ὡς
1113 4358 1358 4427 εἴρηται,
1433 4362 1524 4412 ἐπὶ
1572 4361 1734 4429 βάθος

1822 652 1874 695 et
1907 659 2098 698 rursus
2130 646 2404 713 ingruant,
2442 656 2496 698 et
2545 647 2793 702 evolvam
2820 664 2881 703 se
2913 651 2980 704 ad
3035 653 3252 704 modum
3297 669 3390 722 pa-

1821 746 2110 786 ηιςοιιιῑιτιι
2123 775 2134 784 .

1889 825 1976 878 12.
2011 825 2152 880 Utile
2208 841 2338 880 vero
2393 837 2475 882 est
2532 828 2586 882 in
2642 828 2761 896 ipso
2791 830 2984 885 itinere
3020 833 3291 898 faciendo,
3337 845 3392 889 ut

1819 916 2036 983 quidam
2089 932 2155 970 ex
2211 917 2316 971 illis
2357 921 2470 974 suis
2504 921 2637 976 locis
2669 936 2727 976 se
2759 934 3072 985 exerceant,
3102 937 3156 979 et
3190 943 3393 982 conen-

1821 1016 1908 1060 tur
1962 1009 2075 1062 haec
2121 1023 2188 1063 ex
2242 1010 2398 1076 equis
2447 1009 2646 1067 facere.
2710 1012 2824 1068 Hoc
2877 1015 3040 1068 modo
3086 1016 3258 1086 ipsum
3293 1025 3393 1073 iter

1819 1099 2132 1168 expeditum
2159 1099 2285 1164 erit,
2316 1110 2370 1155 et
2397 1103 2524 1171 equi
2556 1105 2737 1160 minus
2761 1115 3066 1162 atterentur

1893 1299 1981 1352 l3.
2021 1299 2081 1352 Si
2113 1299 2396 1370 contingat
2446 1300 2501 1354 in
2551 1300 2804 1370 expedito
2831 1304 3158 1358 commorari
3188 1306 3399 1360 exerci-

1821 1399 1956 1452 tum,
1989 1389 2044 1444 id
2095 1399 2196 1454 est,
2258 1391 2309 1444 in
2358 1406 2424 1446 eo
2475 1392 2596 1446 loco
2637 1393 2728 1447 ubi
2759 1403 2983 1448 coactus
3013 1406 3118 1458 est,
3147 1397 3296 1450 omni
3329 1412 3397 1451 eo

1820 1490 2064 1548 tempore
2122 1495 2188 1535 ne
2234 1497 2372 1536 unus
2423 1483 2641 1552 quidem
2691 1500 2757 1538 ex
2809 1485 3096 1550 militibus,
3132 1497 3394 1556 quantum

1821 1570 1936 1624 ﬁeri
1970 1579 2168 1638 potest.
2209 1573 2417 1628 otiosus
2443 1575 2534 1638 sit,
2576 1575 2670 1630 sed
2701 1575 2766 1629 ad
2811 1576 3072 1640 laborem,
3108 1585 3166 1630 ut
3194 1576 3397 1632 dictum

1820 1673 1927 1726 εει,
1986 1665 2382 1719 assuefaciendi
2437 1681 2629 1720 omnes
2680 1677 2828 1732 sunt,
2871 1679 2924 1722 et
2955 1669 3226 1724 interdum
3265 1685 3399 1739 pra:-

1821 1753 1966 1807 dicto
1995 1769 2147 1809 more
2175 1756 2486 1819 exercendi,
2517 1755 2789 1810 interdum
2821 1758 2872 1811 in
2895 1759 3036 1823 acie,
3068 1768 3122 1812 et
3149 1761 3290 1813 inter
3317 1777 3396 1825 se,

1830 1847 2101 1900 interdum
2146 1848 2200 1900 in
2249 1847 2416 1903 armis
2485 1848 2600 1904 suis
2631 1847 2975 1918 detergendis
3016 1858 3070 1903 et
3108 1851 3401 1904 nitidandis

1828 1947 2184 2008 occupentur.
2249 1939 2430 1993 Otium
2476 1941 2619 1994 enim
2674 1955 2780 1993 non
2834 1942 3010 1995 solum
3064 1941 3287 2008 ignavos
3348 1950 3401 1995 et

1827 2029 2164 2085 eﬂeminatos
2199 2030 2346 2094 facit,
2387 2031 2483 2086 sed
2517 2031 2682 2085 etiam
2712 2031 2778 2086 ad
2812 2032 2995 2086 inania
3040 2034 3289 2101 quaedam
3346 2044 3400 2086 et

1826 2121 2136 2176 turbulenta
2170 2122 2461 2190 cogitanda
2511 2123 2754 2176 animum
2799 2123 3056 2177 traducit.
3091 2124 3173 2177 Ad
3206 2124 3402 2177 volun-

1827 2211 1999 2266 tarios
2054 2210 2268 2266 labores
2316 2212 2360 2265 si
2389 2227 2447 2266 se
2481 2223 2788 2276 exerceant,
2825 2212 2984 2267 facile
3016 2215 3180 2267 etiam
3231 2215 3399 2267 coacti

1828 2305 2046 2358 labores
2080 2304 2371 2373 perferent,
2402 2314 2455 2358 et
2488 2306 2555 2360 ad
2585 2306 2850 2375 imperata
2886 2305 3135 2360 facienda
3168 2307 3402 2376 aptiores

1827 2404 2006 2449 erunt.

1898 2509 1984 2563 Ν.
2013 2507 2121 2564 Nec
2168 2510 2442 2578 sigillatim
2475 2509 2635 2563 modo
2667 2510 2953 2565 exercebis
2979 2525 3093 2573 eos,
3120 2511 3210 2566 sed
3243 2527 3403 2580 gene-

1827 2599 1982 2652 ratim
2013 2599 2176 2653 etiam
2205 2597 2554 2663 assuefacies,
2591 2608 2652 2652 ut
2695 2613 2822 2652 suas
2873 2599 3134 2654 stationes
3167 2599 3404 2668 perfecte

1825 2699 2175 2759 cognoscant,
2204 2699 2258 2744 et
2281 2690 2333 2742 in
2361 2691 2468 2743 illis
2503 2701 2908 2743 commorentur
2932 2732 2946 2755 ,
2979 2701 3030 2745 et
3065 2702 3311 2760 aspectu,
3349 2702 3404 2746 et

1827 2780 2044 2833 nomine
2097 2778 2436 2834 familiariter
2486 2795 2545 2834 se
2597 2791 2796 2834 mutuo
2843 2791 3163 2851 agnoscant,
3206 2791 3260 2836 et
3298 2783 3403 2837 sub

1823 2886 1933 2940 quo
1957 2869 2210 2940 praefecto
2241 2870 2395 2926 miles
2415 2873 2792 2941 unusquisque
2817 2874 2909 2935 sit,
2944 2873 2995 2926 itt
3020 2889 3125 2941 qua
3156 2874 3403 2934 cohorte,

1823 2971 1877 3015 et
1948 2963 2148 3030 quibus
2222 2978 2346 3016 cum
2414 2962 2546 3017 vitis
2628 2964 2679 3015 in
2747 2964 3108 3018 contubernio
3171 2967 3405 3020 colloce-

1823 3069 1928 3111 lUl‘.

1897 3147 1983 3200 l5.
2020 3145 2325 3215 Cognoscat
2390 3147 2552 3200 etiam
2585 3148 2834 3201 celeriter
2889 3148 3166 3210 mandata,
3222 3163 3346 3218 qua:
3375 3165 3403 3202 a

1833 3237 2102 3307 praefectis
2153 3239 2367 3291 dantur.
2425 3237 2562 3291 Cum
2618 3239 2949 3307 praecipitur,
2996 3247 3054 3292 ut
3083 3241 3400 3292 extendatur

1833 3333 1978 3385 acies
2005 3332 2120 3384 sive
2151 3331 2203 3384 in
2235 3330 2643 3399 longitudinem,
2694 3332 2809 3384 sive
2839 3333 2894 3384 in
2927 3332 3290 3394 latitudinem,
3322 3332 3403 3384 vel

1834 3432 1892 3478 ut
1942 3431 2188 3492 cogatur,
2239 3431 2293 3477 et
2322 3422 2674 3476 contrahatur
2723 3422 2777 3475 in
2825 3422 3172 3487 densitatem,
3228 3423 3308 3476 vel
3348 3433 3402 3475 ut

1835 3511 2111 3565 inclinatio
2172 3509 2266 3564 fiat
2311 3509 2365 3563 in
2415 3512 2680 3572 dextram,
2733 3518 2826 3563 aut
2858 3511 3136 3564 sinistram
3175 3522 3404 3579 partem,

1836 3605 1914 3657 vel
1954 3612 2014 3658 ut
2039 3603 2290 3657 ordinum
2326 3601 2697 3666 commutatio,
2723 3608 2775 3655 et
2803 3603 3081 3656 intervalla
3108 3603 3406 3656 stationum

1836 3712 1862 3748 a
1893 3697 2007 3748 viro
2046 3682 2110 3747 ad
2157 3697 2331 3746 virum
2371 3693 2522 3756 fiant,
2568 3694 2650 3746 vel
2685 3701 2744 3745 ut
2780 3703 3044 3762 separatae
3069 3695 3406 3763 singulorum

1836 3787 2110 3855 agminum
2166 3785 2485 3847 densitates,
2544 3786 2626 3838 vel
2681 3787 2950 3850 raritates,
3010 3788 3095 3840 vel
3146 3795 3202 3840 ut
3231 3789 3405 3841 mutui

1835 3889 2117 3936 occursus,
2149 3883 2203 3927 ct
2251 3873 2632 3935 discessiones,
2669 3875 2784 3928 sive
2819 3876 3253 3940 adventantium,
3289 3878 3406 3932 sive

1838 3966 2205 4019 recedentium
2235 3965 2365 4027 sint,
2398 3971 2452 4018 et
2475 3965 2982 4030 contuberniorum,
3015 3968 3130 4020 sive
3156 3968 3406 4021 ordinum

1839 4057 1980 4109 inter
2008 4072 2067 4110 se
2095 4055 2434 4126 partitiones,
2494 4057 2888 4124 separationes,
2921 4067 2977 4111 et
3019 4057 3406 4114 instructiones

1838 4147 1986 4199 fiant.

1909 4257 1996 4311 16.
2029 4258 2128 4312 \e-
2188 4265 2249 4312 ut
2293 4259 2557 4326 phalanx,
2619 4261 2669 4312 id
2700 4267 2804 4321 est,
2843 4259 3098 4312 universa
3137 4259 3282 4313 acies
3316 4269 3404 4313 aut

1840 4347 1891 4399 in
1926 4355 2136 4401 arctum
2171 4348 2542 4406 contrahatur,
2575 4357 2670 4400 aut
2694 4348 2746 4398 in
2781 4347 3175 4415 longitudinem
3206 4349 3398 4416 produ-

150 4438 526 4501 συστέλλεται,
561 4443 655 4493 καὶ
683 4442 808 4494 ὅταν
839 4443 932 4495 ἐπὶ
972 4445 1144 4513 μῆκος
1167 4447 1485 4511 ἐκτείνεται,
1519 4451 1612 4500 καὶ
1635 4450 1732 4519 τὴν
1767 4481 1810 4535 υ
1836 4447 2013 4501 0³1111⁵»
2070 4437 2153 4490 νει
2214 4447 2274 4490 υῐ
2317 4437 2602 4501 ἀίεῑοῐηοε»
2655 4437 2706 4490 id
2737 4446 2840 4500 θεῖν
2878 4452 3076 4505 anceps
3123 4441 3268 4493 ³0⁵68
3295 4439 3407 4506 “Mt

150 4528 453 4598 λεγομένην
484 4529 804 4599 ἀντίστομον
831 4531 996 4601 ἧγουν
1032 4533 1283 4602 δίστομον
1331 4536 1510 4606 μάχην
1536 4578 1550 4599 ,
1607 4539 1734 4592 ὃταν

149 4621 198 4672 oi
238 4620 526 4690 λεγόμενοι
577 4621 822 4690 οὐραγοὶ,
899 4624 1016 4694 ἦτοι
1067 4627 1113 4677 ot
1169 4626 1392 4680 ὄπισθεν
1447 4629 1555 4683 τῶν
1600 4632 1736 4683 ὂλων

151 4711 351 4775 ἀκιῶν,
408 4712 844 4783 ιπιστρέψαντεςν
879 4715 1014 4784 πρὸς
1054 4716 1180 4778 τοὺς
1223 4718 1554 4782 κυκλοῦντας
1592 4723 1734 4774 κατά

152 4805 447 4870 πρόσωπον
494 4804 758 4872 μάχονται
812 4806 884 4868 ὡς
926 4809 1320 4875 πρωτοστάται,
1376 4811 1467 4861 καὶ
1512 4811 1734 4865 ὄπισθεν

153 4894 335 4946 αὐτῶν
402 4895 602 4963 ὁμοίως
673 4895 857 4960 αὐτοῖς
899 4898 1243 4969 ἀντιστρέφει
1299 4901 1358 4952 τὸ
1412 4903 1582 4971 ἥμισυ
1637 4904 1734 4974 τῆς

153 4986 337 5049 ἀκίας,
393 4988 488 5038 καὶ
544 4987 706 5041 πάλιν
735 4989 834 5052 τάς
884 4991 948 5042 ὲκ
981 4991 1089 5042 τῶν
1117 4993 1375 5044 τοιούτων
1423 4995 1733 5064 μεταὸολῶν

155 5077 488 5147 ἀνακλήσεις
518 5081 613 5134 καὶ
637 5082 1128 5146 ἀποκαταστάσεις.

228 5169 317 5232 ιζ’.
339 5171 402 5222 Οἱ
430 5173 538 5241 γὰρ
553 5173 688 5240 πρὸς
705 5172 876 5226 ταῦτα
889 5175 1065 5228 πάντα
1088 5175 1388 5245 ἐθιζόμενοι
1415 5177 1742 5248 στρατιῶται

158 5263 244 5316 διὰ
277 5263 498 5340 τάχους,
526 5263 597 5326 ὡς
628 5267 829 5332 εἰπεῖν,
863 5268 956 5320 καὶ
988 5267 1282 5336 αὐτόματοι
1311 5269 1565 5337 φέρονται
1605 5270 1741 5340 πρὶς

159 5355 256 5422 τὴν
283 5354 460 5417 τάξιν.
505 5356 567 5408 Οί
611 5355 668 5408 δὲ
696 5356 901 5410 τούτων
934 5357 1202 5410 ἀνέθιστοι
1248 5361 1338 5410 καὶ
1383 5357 1738 5422 ἀπαίδευτοι,

159 5445 246 5497 διὰ
272 5447 511 5514 ταράχου
559 5446 775 5512 πολλοῦ,
812 5449 904 5501 καὶ
941 5449 1092 5518 μόλις
1153 5448 1610 5503 ἁποκαθίστανται
1658 5453 1738 5514 είς

169 5538 256 5597 ca;
286 5539 718 5605 κατεπειγούσας
749 5539 846 5609 τῆς
869 5541 1072 5606 τάξεως
1098 5540 1305 5610 χρείας.

233 5647 324 5718 ιη’.
359 5650 690 5720 Διαμερίσας
733 5651 788 5704 δὲ
836 5652 898 5704 τὸ
949 5653 1264 5723 στράτευμα
1318 5652 1448 5722 πρὸς
1474 5650 1734 5721 ἀλλήλους

165 5740 406 5811 ἀσιδήρῳ
458 5740 604 5812 μάχῃ
637 5743 1114 5808 συμὸαλλέτωσαν,
1156 5745 1270 5815 ἦτοι
1320 5745 1404 5797 διὰ
1437 5744 1734 5813 κονταρίων

167 5832 295 5886 ἄνευ
341 5833 533 5902 ξιφῶν,
581 5834 913 5904 ἦσαγιττῶν
980 5839 1198 5907 ὁμοίως,
1243 5839 1298 5909 ἢ,
1353 5838 1428 5902 ὡς
1474 5837 1736 5908 εἴπομεν,

414 5931 688 5993 ΡΑτιιοι..
725 5932 842 5993 Gn.
880 5931 1063 5992 CVII.

1837 4531 1940 4584 hoc
1966 4542 2068 4592 est,
2100 4532 2320 4600 quando
2343 4530 2591 4600 οὐραγοὶ,
2633 4530 2684 4584 id
2715 4541 2797 4585 est
2826 4531 3082 4597 caudani,
3124 4545 3251 4601 post
3290 4536 3406 4586 uni-

1835 4639 2049 4676 versam
2097 4625 2268 4677 aciem
2318 4624 2566 4677 conversi
2611 4624 2874 4677 adversus
2930 4625 3134 4688 hostes,
3173 4628 3266 4694 qui
3303 4628 3406 4680 cir-

1835 4715 2166 4769 cumvallare
2209 4716 2507 4768 exercitum
2571 4726 2880 4779 conantur,
2930 4718 3086 4785 quasi
3143 4720 3406 4787 prtestites

1835 4813 2097 4875 pugnant,
2141 4816 2195 4858 et
2227 4822 2255 4858 a
2287 4815 2439 4871 tergo
2496 4807 2747 4858 similiter
2799 4807 3084 4859 dimidium
3117 4809 3404 4861 contuber-

1837 4898 1985 4952 nium
2019 4898 2082 4950 ad
2115 4898 2235 4950 illos
2270 4906 2612 4961 convertunt,
2647 4898 2727 4951 vel
2753 4906 2809 4949 ttt
2833 4898 3061 4952 istarum
3099 4909 3407 4957 commuta-

1842 4990 2047 5043 tionum
2081 4989 2457 5043 inclinationes
2496 4997 2550 5042 et
2589 4989 2962 5043 traductiones
3003 4990 3152 5044 fiant.

1915 5175 2002 5228 l7.
2037 5173 2139 5240 Qui
2173 5177 2237 5228 ad
2265 5177 2366 5230 ista
2404 5174 2690 5230 assuefacti
2725 5183 2851 5228 sunt
2886 5173 3106 5237 milites,
3140 5174 3406 5241 celeriter,

1847 5275 1906 5317 ut
1937 5267 2007 5319 ita
2038 5266 2237 5328 dicant,
2261 5277 2310 5318 et
2335 5282 2430 5319 sua
2458 5275 2647 5334 sponte
2673 5265 2740 5317 ad
2766 5264 2936 5317 aciem
2971 5265 3110 5319 banc
3135 5264 3405 5318 feruntur.

1844 5358 1946 5422 Qui
1975 5359 2200 5409 istarum
2255 5372 2436 5409 rerum
2473 5357 2670 5408 insueti
2720 5355 2987 5424 rudesque
3024 5365 3170 5418 sunt,
3210 5371 3408 5426 magno

1845 5466 1966 5501 cum
1992 5450 2205 5518 negotio
2237 5459 2289 5501 et
2338 5449 2583 5503 molestia
2615 5449 2681 5500 ad
2710 5447 3047 5501 imminentia
3085 5448 3326 5516 pericula
3354 5447 3406 5500 in

1843 5540 1956 5592 acie
1991 5539 2244 5592 constitui
2275 5548 2520 5609 possunt.

1913 5650 1994 5703 18.
2041 5649 2139 5703 Ubi
2193 5651 2487 5705 exercitum
2539 5649 2809 5713 diviseris,
2848 5649 2963 5702 sine
3011 5649 3200 5702 ferreis
3239 5648 3407 5702 armis

1842 5743 1979 5796 inter
2004 5758 2062 5796 se
2090 5745 2519 5806 committantur,
2555 5743 2638 5795 vel
2665 5757 2787 5795 cum
2824 5743 2993 5796 hastis
3022 5741 3137 5795 sine
3159 5740 3406 5809 cuspide,

1841 5837 1921 5890 vel
1952 5837 2162 5907 sagittis
2200 5838 2467 5903 similiter,
2519 5839 2620 5903 vel,
2656 5849 2712 5892 ut
2763 5837 3136 5907 praediximus,
3167 5849 3264 5905 pro
3295 5832 3407 5903 gla-

2936 5928 3010 5987 2b
