4220 6442
767 460 877 525 739

2026 450 2299 512 LEONIS
2332 447 2787 510 PHILOSOPHI

3911 455 4018 520 7w

769 573 877 627 diis
906 577 1130 625 utantur
1157 562 1343 632 virgis,
1393 560 1475 615 vel
1516 558 1752 614 calamos
1796 572 1895 629 pro
1932 557 2102 612 hastis
2132 559 2333 613 tradas.
2367 562 2409 616 A

2367 562 2409 616 Α
2440 559 2559 611 ἀντὶ
2611 559 2856 613 σπαθίων
2910 557 3168 629 βεργίοις,
3228 563 3259 633 ἢ
3303 563 3576 635 νάρθηκας
3613 607 3627 629 ,
3675 566 4018 639 ἢκαὶάμους

769 664 866 721 Sin
896 662 1081 732 glebas
1111 657 1307 710 habeat
1359 653 1517 707 tellus
1570 652 1622 704 in
1654 664 1758 720 qua
1783 660 2128 713 exercentur,
2166 648 2337 717 conji-

770 770 895 810 cere
936 766 1029 807 eas
1065 747 1281 817 jnbebis
1330 747 1382 799 in
1428 760 1487 799 se
1517 752 1703 796 mutuo
1728 740 1867 793 inter
1899 738 2335 817 conﬂigendum:

770 845 1040 900 interdum
1102 838 1433 902 chananiis,
1492 835 1571 889 vel
1628 833 1695 888 iis
1748 832 2016 888 similibus
2064 814 2339 901 iitprmlio

771 945 1013 991 utantur.

838 1114 923 1169 l9.
965 1112 1207 1166 Acclivcs
1253 1106 1359 1159 illis
1402 1102 1565 1158 colles
1603 1111 1932 1161 monstrans,
1957 1098 2090 1169 jnbe
2121 1107 2178 1153 ut
2212 1113 2335 1153 cum

766 1218 931 1257 cursu
955 1197 1319 1253 conscendant
1352 1211 1366 1247 :
1402 1202 1455 1245 et
1482 1193 1533 1245 in
1561 1206 1676 1251 eos,
1703 1190 1794 1258 qui
1824 1188 1936 1255 jam
1968 1186 2135 1241 colles
2174 1200 2339 1239 occu-

766 1299 919 1361 pant,
944 1289 1073 1358 jube
1106 1285 1244 1339 alios
1280 1281 1505 1352 quosvis
1542 1279 1738 1333 milites
1790 1274 2066 1341 invadere,
2097 1275 2188 1346 qui
2218 1274 2337 1364 illos

766 1384 811 1438 si
849 1381 1058 1451 possint
1085 1376 1377 1445 depellant.

835 1472 926 1529 20.
958 1472 1059 1527 Ubi
1095 1472 1291 1524 tntlites
1320 1468 1431 1534 jam
1459 1462 1793 1526 exercueris,
1834 1462 1957 1516 illos
1989 1459 2252 1520 dimittes,
2282 1466 2339 1512 et

765 1568 889 1623 aliis
940 1567 1121 1619 trades
1183 1560 1399 1613 illorum
1462 1570 1637 1618 arma,
1680 1562 1734 1608 et
1763 1561 2063 1615 manentes,
2093 1550 2336 1619 atquein

764 1659 869 1713 hac
892 1651 1289 1711 exercitatione
1319 1656 1539 1703 strenue
1562 1660 1622 1699 se
1666 1652 1932 1714 gerentes,
1961 1640 2293 1696 collaudabis
2317 1656 2334 1705 ;

762 1764 856 1803 eos
888 1746 981 1817 qui
1009 1741 1375 1799 socorditeret
1402 1737 1707 1793 effeminate
1737 1749 1797 1790 se
1838 1745 2052 1804 gerunt,
2081 1746 2334 1795 exacues,

764 1850 819 1894 et
842 1836 1107 1894 exeitabis
1132 1834 1197 1887 ad
1230 1831 1462 1885 oll‘ensas
1488 1828 1706 1883 illorum
1747 1824 2123 1896 corrigendas.

834 2018 925 2070 21.
965 2014 1078 2068 Tali
1107 2013 1252 2069 enim
1288 2010 1557 2065 industria
1593 2023 1657 2062 ac
1686 2006 2076 2062 exercitatione
2104 2019 2211 2059 non
2247 2020 2334 2057 so-

761 2108 873 2161 lum
905 2105 970 2158 ad
999 2104 1212 2157 labores
1248 2100 1585 2169 paratiorest
1616 2095 1911 2157 exercitus,
1939 2107 2126 2147 verum
2162 2093 2329 2163 etiam

760 2196 1046 2250 sanitatem
1085 2191 1277 2243 melius
1321 2197 1524 2249 tuetur,
1568 2185 1759 2240 cteibo
1803 2184 2128 2254 potioneque
2150 2182 2334 2238 suavis

762 2288 979 2348 fruitur,
1005 2296 1317 2353 quanquam
1352 2279 1510 2333 νιιὶοι·
1534 2293 1598 2332 ac
1635 2278 1849 2331 tenuior
1881 2274 2066 2330 fuerit.
2101 2274 2167 2329 Et
2198 2289 2336 2328 cor-

762 2393 862 2447 pus
896 2373 1160 2428 valentius
1188 2371 1393 2425 lirmius
1421 2368 1601 2431 habet,
1630 2368 1676 2422 si
1696 2366 2011 2429 sudoribus,
2036 2365 2333 2428 caloribus,

762 2465 1227 2537 api-nationibus,
1293 2458 1609 2529 frigoribus,
1680 2457 2202 2528 tempestatibusque
2254 2470 2335 2511 as-

762 2559 1066 2616 suefactum
1093 2556 1279 2612 fuerit.

828 2747 918 2803 22.
952 2744 1213 2799 Similiter
1264 2739 1546 2794 exercebis
1585 2737 1818 2808 equites,
1850 2737 1918 2793 ad
1941 2736 2336 2793 decertationes

760 2840 1024 2912 quasdam
1076 2844 1132 2891 et
1180 2835 1583 2897 dimicationes,
1614 2830 2024 2895 insectationes,
2054 2828 2334 2885 conﬂicta-

760 2933 962 2993 tiones,
1016 2924 1398 2988 velitationes,
1454 2930 1509 2975 et
1559 2922 1872 2989 sagittarum
1919 2920 2336 2989 jaculornmque

759 3018 1117 3077 emissiones,
1197 3022 1250 3068 et
1304 3026 1644 3081 quaecunque
1695 3011 1949 3079 deinceps
2005 3009 2101 3063 tibi
2159 3006 2334 3062 fusius

758 3121 1049 3176 cxpuuam.

828 3200 917 3252 25.
956 3196 1079 3250 llrec
1104 3192 1305 3248 faciant
1351 3194 1404 3247 in
1450 3193 1583 3250 locis
1611 3191 1787 3263 planis
1824 3200 1878 3246 et
1915 3189 2331 3259 campestribus,

760 3299 816 3343 et
845 3289 910 3341 ad
951 3286 1216 3340 montium
1268 3286 1451 3354 pedes,
1500 3292 1554 3336 et
1608 3281 1675 3335 ad
1724 3294 1918 3349 aspera
1956 3294 2171 3348 quoque
2218 3278 2335 3332 loca

758 3387 1024 3450 quantum
1066 3384 1296 3446 possunt
1327 3373 1609 3428 accedant.

788 3471 880 3525 24.
915 3468 1030 3522 Non
1065 3467 1224 3520 modo
1260 3464 1415 3529 mihi,
1459 3477 1645 3516 verum
1700 3461 1864 3515 etiam
1896 3458 2193 3529 majoribus
2241 3473 2337 3513 no-

760 3564 888 3619 stris
940 3562 1115 3617 visum
1165 3568 1249 3614 est
1298 3555 1762 3626 pernecessariurn
1806 3566 1952 3616 esse,
2012 3559 2072 3604 ut
2129 3566 2253 3605 cum
2281 3550 2335 3604 in

758 3652 1155 3723 campestribus
1210 3658 1263 3704 et
1319 3647 1495 3718 planis
1521 3648 1653 3700 locis
1687 3644 1754 3699 ad
1784 3658 2007 3699 cursum
2047 3657 2336 3698 exercean-

760 3755 850 3801 tur
880 3746 1031 3814 equi,
1084 3753 1195 3797 tum
1230 3741 1393 3795 etiam
1426 3740 1482 3795 in
1508 3740 1669 3795 editis
1703 3749 1757 3795 et
1786 3738 2073 3794 condensis
2106 3746 2159 3793 et
2181 3752 2338 3807 aspe-

759 3841 837 3895 ris
897 3838 1051 3900 locis,
1103 3844 1163 3890 ut
1218 3834 1333 3888 haec
1394 3833 1512 3887 loca
1562 3831 1777 3902 agmine
1835 3830 1983 3885 facto
2034 3836 2335 3892 transeant,

759 3940 924 4000 atque
947 3928 1111 3983 etiam
1152 3925 1223 3980 ad
1265 3923 1495 3979 declivia
1533 3922 1783 3978 similiter
1816 3936 1875 3976 se
1912 3929 2238 3992 praeparent.
2278 3918 2336 3974 Si

758 4016 933 4077 enim:
954 4019 1021 4073 ad
1070 4017 1215 4071 hunc
1273 4015 1495 4070 modum
1557 4012 1847 4068 assuefacti
1896 4010 2125 4077 fuerint,
2159 4025 2336 4081 neque

761 4112 1008 4166 homines
1046 4123 1221 4178 neque
1248 4122 1418 4176 equos
1472 4105 1614 4160 ullus
1667 4106 1751 4159 vel
1781 4104 2014 4159 olfeudet
2048 4102 2130 4157 vel
2157 4102 2335 4158 laedet.

826 4200 916 4255 9.5.
946 4197 1161 4253 Estate
1181 4212 1249 4251 ne
1272 4211 1472 4267 equum
1504 4194 1572 4248 ad
1593 4194 1785 4249 crebro
1818 4192 2111 4248 bibendum
2141 4206 2336 4246 assue-

761 4290 950 4347 facias.
1002 4288 1117 4355 Qua
1179 4288 1246 4343 de
1300 4301 1465 4342 causa
1497 4286 1679 4340 minus
1710 4284 1838 4339 utile
1873 4293 1956 4341 est
1996 4292 2215 4354 pr0ptcr
2237 4283 2337 4337 llu-

761 4385 907 4437 vium
936 4391 1114 4436 castra
1142 4394 1364 4451 ponere.

829 4472 920 4528 26.
953 4473 1138 4526 Aciem
1189 4470 1383 4525 borum
1437 4469 1680 4526 instruas
1736 4468 1791 4522 in
1840 4468 2052 4538 asperis
2096 4476 2150 4522 ct
2198 4467 2335 4522 aviis

2442 651 2564 705 ἀντὶ
2592 653 2893 723 κονταρίων
2921 654 3217 718 ἀναδιδούς.
3254 656 3379 709 Ἐάν
3418 658 3474 709 δὲ
3500 660 3591 712 καὶ
3622 657 3824 727 βώλους
3852 661 3951 732 ἔχῃ
3983 663 4018 734 ἠ

2441 743 2513 813 γῆ
2540 738 2643 818 ἐνῇ
2676 746 3063 816 γυμνάζονται,
3080 748 3298 812 τούτους
3334 748 3546 819 βάλλειν
3571 749 3750 803 κέλευε
3786 753 3905 804 κατ’
3928 754 4019 807 ἀλ-

2440 836 2613 907 λήλων
2635 837 2693 889 ἐν
2719 839 2784 908 τῇ
2825 838 3097 909 γυμνασία
3151 842 3249 909 τῆς
3303 838 3596 909 συμϐολῆς.
3654 842 3792 895 Ποτέ
3835 841 3894 895 δὲ
3923 842 4018 895 καὶ

2439 929 2509 982 τὰ
2539 929 2806 999 λεγόμενα
2833 930 3100 1003 χαρζάνια
3133 931 3165 1002 ἢ
3194 931 3402 995 τούτοις
3433 933 3594 1003 ὅμοιά
3623 951 3741 987 τινα
3770 935 4020 1006 χρήσθω-

2443 1037 2543 1072 σαν
2565 1021 2622 1073 ἐν
2654 1021 2718 1089 τῇ
2749 1018 2920 1091 μάχῃ.

2513 1109 2593 1165 ιϐ’.
2632 1110 2821 1176 Δείξας
2876 1111 2933 1163 δέ
2965 1112 3150 1176 αὐτοῖς
3173 1115 3269 1166 καὶ
3299 1111 3515 1183 βουνοὺς
3551 1114 3784 1185 ὀρθίους,
3824 1116 4015 1169 κέλευε

2441 1202 2539 1256 σὺν
2566 1204 2752 1274 δρόμῳ
2796 1201 3106 1257 ἀναϐαίνειν
3165 1204 3259 1256 καὶ
3306 1204 3745 1274 καταλαμϐάνειν
3794 1207 4015 1269 αὐτοὺς,

2437 1293 2659 1364 ἐχοντας
2713 1292 2951 1362 δηλονότι
3015 1294 3143 1357 τοὺς
3214 1293 3433 1362 βουνοὺς
3484 1296 3730 1358 ἐκείνους
3795 1296 4020 1367 ἐτέρους

2438 1386 2775 1453 στρατιώτας
2806 1383 3115 1454 ἐφεστῶτας
3152 1384 3239 1438 ἐπ’
3269 1384 3469 1438 αὐτῶν.

2506 1475 2576 1530 κ’.
2602 1477 2713 1530 Kal
2754 1478 2884 1532 ὅταν
2921 1475 3071 1539 τινὰς
3123 1476 3232 1529 τῶν
3290 1475 3636 1547 στρατιωτῶν
3704 1477 4018 1548 γυμνάσῃς,

2436 1567 2599 1622 πάλιν
2638 1569 2881 1631 ἐκείνους
2902 1566 3150 1622 ἐκϐαλὼν
3198 1567 3406 1638 ἐτέροις
3451 1566 3737 1629 ἐπιδώσεις
3761 1568 3829 1621 τὰ
3859 1568 4017 1637 εἰρηο

2439 1658 2576 1728 μένα
2594 1657 2751 1711 ὅπλα.
2771 1657 2881 1711 Kal
2898 1658 3022 1720 τοὺς
3040 1656 3327 1727 μείναντας
3348 1655 3551 1725 (88-89)
3570 1655 4020 1727 ἀνδραγαθήσαν-

2435 1767 2533 1813 τας
2565 1752 2622 1802 ἐν
2670 1751 2737 1818 τῇ
2772 1750 3050 1819 γυμνασίᾳ
3090 1748 3421 1811 ἐπαινέσεις.
3450 1747 3577 1810 τοὺς
3624 1748 3679 1800 δὲ
3708 1747 3902 1815 ἀφυῶς
3932 1747 4022 1799 ἐλο

2439 1838 2628 1903 θόντας
2658 1839 2754 1892 καὶ
2806 1837 3084 1905 ἀνάνδρως
3112 1837 3471 1909 παραθήξεις,
3516 1839 3612 1891 καὶ
3653 1840 4019 1908 παροτρυνεῖς

2441 1933 2520 1996 είς
2558 1932 2619 1985 τὸ
2640 1932 2708 1985 τά
2736 1931 3089 2000 ἐλαττώματα
3123 1930 3304 1984 αὐτῶν
3334 1928 3704 2000 ἀνορθωθῆναι

2493 2025 2617 2080 ’κα’.
2663 2027 2756 2079 Ἐκ
2790 2025 2899 2093 γὰρ
2927 2004 3024 2095 τῆδς
3046 2025 3303 2095 τοιαύτης
3327 2024 3555 2095 μελέτης
3582 2026 3677 2078 καὶ
3709 2025 4020 2095 γυμνασίας

2440 2116 2499 2169 οὐ
2533 2117 2691 2186 μόνον
2748 2116 2985 2180 ἐθίζεται
3025 2115 3159 2186 πρὸς
3212 2117 3335 2177 τοὺς
3365 2117 3557 2179 πόνους
3587 2115 3649 2169 τὺ
3678 2116 4018 2186 στράτευμα,

2440 2208 2572 2263 ἀλλά
2597 2209 2691 2262 καὶ
2734 2208 2986 2276 ὑγιαίνει,
3025 2208 3119 2260 καὶ
3145 2208 3324 2261 πᾶσαν
3358 2208 3564 2277 τροφὴν
3611 2206 3782 2278 ἡδέως
3824 2205 4020 2268 ἐσθίει,

2441 2301 2538 2355 καὶ
2573 2301 2737 2363 πίνει,
2767 2298 2871 2352 κᾶν
2899 2299 3018 2370 λιτή
3052 2300 3221 2364 ἐστιν,
3257 2299 3398 2368 ὑπὲρ
3424 2298 3525 2361 τάς
3554 2296 3863 2359 πολυτελεῖς
3889 2313 4023 2365 τρυ-

2442 2392 2549 2459 φάς
2577 2405 2591 2420 ·
2626 2389 2832 2458 γίνεται
2877 2388 2934 2442 δὲ
2991 2388 3170 2442 αὐτῶν
3211 2389 3269 2441 τὸ
3318 2389 3477 2457 σῶμα
3532 2406 3625 2442 καί
3650 2386 3897 2458 στερρὸν,
3924 2385 4021 2437 καὶ

2442 2479 2778 2543 συνεθίζεται
2801 2481 2913 2541 τοῖς
2942 2477 3192 2548 μέλλουσι
3212 2477 3418 2542 πόνοις,
3453 2476 3660 2547 ἱδρῶτι,
3697 2478 3790 2529 καὶ
3815 2474 4015 2527 θάλπει

2441 2570 2537 2625 καὶ
2586 2570 2827 2641 καύματι
2876 2570 3172 2639 ἀσκιάστῳ,
3229 2569 3321 2622 καὶ
3374 2569 3609 2638 κρυμοῖς
3664 2568 3757 2620 καὶ
3784 2565 4021 2637 χειμῶσι

2442 2659 2957 2729 συγγυμναζόμενον
2990 2659 3121 2727 (90).

2512 2748 2614 2818 κβ.
2655 2749 2886 2818 Ὁμοίως
2926 2749 2983 2801 δὲ
3018 2748 3318 2818 γυμνάσεις
3344 2747 3585 2811 καὶτοὺς
3610 2746 4022 2816 καϐαλλαρίους

2441 2840 2646 2909 ἐρίζειν
2675 2840 2870 2903 αὐτοὺς
2920 2839 3109 2902 ποιῶν,
3145 2838 3238 2893 καὶ
3284 2839 3635 2910 ἁμιλλᾶσθαι,
3690 2841 3785 2891 καὶ
3810 2837 4021 2899 διώξεις

2441 2934 2637 2996 ποιεῖν,
2679 2932 2774 2984 καὶ
2821 2931 3157 2999 συμπλοκὰς,
3204 2932 3300 2984 καὶ
3335 2929 3806 3002 ἀκροϐολισμοὺς,
3849 2930 4019 2998 ἧγουν

2439 3025 2672 3090 τοξείας,
2700 3025 2734 3095 ἢ
2763 3024 3087 3089 ἀκοντίσεις,
3130 3026 3222 3078 καὶ
3264 3026 3363 3080 ὅσα
3397 3025 3523 3094 ἑξῆς
3556 3041 3639 3077 σοι
3685 3022 4023 3092 πλατύτερον

2440 3116 2684 3188 δηλώσω.

2514 3207 2619 3277 κγ’.
2650 3206 2913 3262 Ταῦταδέ
2948 3210 3121 3261 ποιεῖν
3143 3209 3237 3261 καὶ
3270 3208 3326 3261 ἐν
3372 3207 3647 3270 ἐπιπέδοις
3679 3206 3891 3269 τόποις,
3930 3206 4025 3258 καὶ

2446 3300 2573 3369 περὶ
2623 3298 2793 3360 αὑτάς
2834 3298 2932 3359 τὰς
2964 3299 3119 3369 ῥίζας
3167 3298 3276 3350 τῶν
3321 3296 3525 3366 βουνῶν
3548 3297 3632 3364 ἐφ’
3654 3297 3778 3349 ὅσον
3799 3297 4026 3350 δυνατόν

2445 3392 2590 3445 ἐστιν
2623 3390 2841 3451 αὐτοὺς.
2876 3392 2969 3443 καὶ
2992 3390 3237 3460 τραχέων
3267 3389 3507 3459 ἐγγίζειν
3533 3389 3734 3442 τόπων.

2514 3475 2612 3529 κδ’.
2643 3476 2754 3530 Kal
2790 3476 2947 3530 τοῦτο
2997 3477 3098 3549 μὲν
3144 3480 3255 3541 τοῖς
3296 3478 3548 3541 παλαιοῖς
3579 3478 3781 3542 ἔδοξεν,
3810 3479 3938 3546 ἐμοὶ
3970 3478 4027 3531 δὲ

2444 3570 2589 3623 δοκεῖ
2647 3567 2722 3639 μὴ
2779 3569 2940 3639 μόνον
2992 3571 3073 3633 είς
3110 3570 3343 3642 δρόμους
3367 3573 3425 3624 ἐν
3458 3574 3568 3634 τοῖς
3592 3571 3816 3641 ὁμαλοῖς
3840 3572 4026 3633 τόποις

2444 3656 2717 3721 ἐθίζεσθαι
2736 3658 2861 3719 τοὺς
2909 3657 3107 3722 ῖππους
3126 3660 3424 3727 ἀναγκαῖον
3450 3654 3613 3723 εἶναι,
3635 3658 3796 3713 .ἀλλά
3830 3661 3929 3713 καὶ
3952 3660 4025 3720 είς

2445 3744 2681 3815 ὑψηλοὺς
2742 3746 2834 3798 καὶ
2867 3746 3049 3810 δασεῖς
3105 3748 3200 3801 καὶ
3236 3750 3481 3818 τραχεῖς,
3518 3747 3659 3800 ῶστε
3694 3748 3795 3801 σὺν
3836 3747 4026 3817 ἐλασίςι

2443 3833 2666 3896 τούτους
2724 3833 3039 3889 διαϐαίνειν.
3082 3834 3314 3905 ὐμοίως
3347 3836 3403 3889 δέ
3436 3837 3530 3890 καὶ
3576 3839 3658 3899 είς
3688 3838 3814 3899 τοὺς
3846 3854 4025 3889 κατωο

2444 3926 2650 3995 φερεῖς.
2682 3923 2809 3978 Ἐὰν
2847 3925 2953 3996 γὰρ
2998 3927 3081 3989 είς
3128 3928 3251 3990 τοὺς
3298 3927 3571 3991 τοιούτους
3601 3926 3900 3991 ἐθίζονται,
3929 3931 4023 3981 οὐκ

2445 4015 2523 4069 ἐτι
2546 4016 2665 4069 οὐδὲ
2684 4018 2808 4080 τοὺς
2839 4016 3037 4088 ἀνδρας
3073 4018 3195 4072 οὐδὲ
3223 4020 3348 4084 τοὺς
3384 4019 3583 4083 ῖππους
3623 4017 3821 4084 ξενίζει
3866 4020 4026 4083 τόπος

2444 4105 2477 4176 ἢ
2512 4106 2705 4162 ἀδικεῖ.

2511 4202 2607 4249 κε’.
2649 4195 2809 4248 Ἀλλά
2835 4196 2927 4249 καὶ
2951 4197 3009 4250 ἐν
3032 4196 3107 4268 τῷ
3150 4198 3329 4270 καιρῷ
3358 4198 3452 4253 τοῦ
3485 4199 3679 4272 θέρους
3721 4201 3799 4270 μὴ
3832 4202 4023 4269 ἐπιτη-

2442 4285 2615 4340 δεύειν
2644 4288 2861 4351 πυκνῶς
2882 4289 3006 4352 τοὺς
3033 4288 3233 4352 ἵππους
3273 4288 3530 4354 ποτίζειν.
3568 4289 3660 4343 Διδ
3682 4291 3805 4344 ούδέ
3834 4292 4027 4362 χρήσι-

2445 4372 2545 4442 μόν
2573 4372 2687 4425 ἐστι
2705 4371 2929 4443 πλησίον
2959 4373 3219 4444 ποταμῶν
3246 4374 3576 4445 ἀπληκεύειν
3607 4375 3717 4446 (9|)

2513 4460 2625 4527 κς’.
2659 4464 2765 4518 Kal
2805 4465 3330 4535 παρατάσσεσθαιδέ
3353 4468 3431 4530 είς
3457 4468 3584 4530 τοὺς
3617 4468 3907 4539 δυσχερεῖς
3935 4470 4027 4523 καὶ

763 4567 918 4630 locis,
970 4572 1025 4618 et
1065 4563 1345 4618 cohortem
1386 4560 1558 4630 ipsam
1596 4558 1882 4629 permittas
1921 4559 1991 4613 ita
2033 4557 2109 4611 uti
2144 4568 2227 4612 est
2254 4558 2336 4611 in-
2365 4580 2418 4640 Β

2365 4580 2418 4640 D
2443 4554 2739 4619 δυσϐάτους
2793 4556 3011 4621 τόπους,
3052 4558 3148 4610 καὶ
3199 4559 3517 4628 ἐπιτρέπειν
3563 4559 3638 4622 ῶς
3664 4561 3781 4612 ἐστι
3809 4560 3876 4612 τδ
3900 4560 4025 4629 βάν-

757 4668 986 4723 structa,
1043 4656 1260 4727 agmine
1314 4654 1458 4708 facto
1507 4667 1569 4708 ea
1606 4653 1722 4708 loca
1763 4651 2128 4708 conscendere
2175 4663 2337 4721 atque

759 4750 953 4805 iterum
988 4746 1335 4802 descendere.

827 4839 919 4892 27.
957 4838 1280 4905 Quicunque
1308 4836 1424 4891 suis
1455 4836 1607 4907 equis
1642 4846 1927 4905 parcentes
1973 4834 2040 4889 iis
2069 4833 2335 4888 exercita-

762 4930 1000 4983 tionibus
1057 4928 1353 4991 abstinent,
1405 4926 1457 4980 hi
1521 4932 1786 4996 quantum
1840 4925 1896 4978 in
1955 4938 2013 4978 se
2068 4931 2151 4977 est
2177 4936 2335 4975 suam

759 5022 1001 5090 ipsorum
1039 5020 1264 5074 salutem
1294 5019 1549 5088 produnt.

828 5114 919 5168 28.
958 5112 1222 5181 Deinceps
1258 5129 1354 5182 par
1381 5119 1486 5177 est,
1508 5124 1821 5180 quanquam
1846 5106 2173 5171 verecunde,
2201 5121 2337 5176 pau-

759 5203 840 5259 cis
876 5215 1056 5258 tamen
1090 5211 1331 5257 veterum
1370 5210 1552 5256 motus
1593 5200 1817 5253 bellicos
1846 5208 1900 5251 et
1940 5205 2204 5266 praecepta
2236 5211 2332 5249 ex-

2443 4645 2552 4710 δον,
2623 4646 2805 4710 καθὼς
2863 4647 3061 4717 φθάσει
3107 4650 3135 4701 ὁ
3191 4649 3353 4710 τόπος
3418 4649 3635 4719 ἑκάστῳ
3689 4651 3788 4701 σὺν
3835 4649 4026 4719 iliaci;

2445 4738 2769 4809 ἀνέρχεσθαι
2799 4740 2999 4808 ὁμοίως
3037 4738 3092 4792 δέ
3121 4739 3214 4791 καὶ
3245 4738 3632 4809 κατέρχεσθαι.

2516 4830 2618 4892 κζ’.
2650 4831 2801 4883 Ὅσοι
2852 4830 3028 4882 τοίνυν
3072 4830 3375 4900 φειδόμενοι
3424 4831 3535 4884 τῶν
3601 4832 3786 4885 ἵππων
3847 4833 4026 4886 αὐτῶν

2447 4919 2833 4991 περιφρονοῦσι
2876 4918 2976 4988 τῆς
3013 4919 3267 4989 τοιαύτης
3297 4920 3477 4973 αὐτῶν
3516 4922 3854 4991 γυμνασίας,
3902 4923 4026 4974 ἐαυ-

2448 5012 2558 5072 τοῖς
2586 5009 3020 5064 ἐπιϐουλεύουσι.

2516 5100 2620 5171 κη’.
2651 5102 2773 5154 Ἐπὶ
2797 5101 3007 5167 τούτοις
3037 5103 3155 5156 δέον
3188 5104 3356 5167 ἐστὶν,
3381 5105 3430 5158 εί
3456 5104 3552 5158 καὶ
3585 5104 3850 5176 μετρίως,
3878 5106 4025 5176 ὅμως

2445 5194 2539 5247 καὶ⁸
2595 5196 2653 5246 ἐν
2707 5194 2909 5262 ὀλίγοις
2970 5196 3298 5265 ὑποδείξεσι,
3344 5198 3526 5261 καθὼς
3565 5199 4019 5271 προῡπεθέμεθα,

758 5296 1011 5364 planare,
1057 5302 1117 5347 ut
1156 5293 1210 5346 in
1250 5292 1357 5347 illis
1395 5305 1614 5361 quoque
1649 5303 1908 5344 exerceas
1938 5297 2082 5353 tuos,
2122 5295 2176 5341 et
2210 5287 2331 5341 illos

2443 5284 2777 5354 πλατύτερον
2816 5286 2916 5347 τάς
2941 5286 3049 5339 τῶν
3076 5287 3321 5357 ἀρχαίων
3363 5291 3606 5359 κινήσεις
3634 5289 3729 5341 καὶ
3771 5288 3842 5340 τά
3871 5288 4024 5355 λεγός

761 5398 873 5441 tum
898 5387 1041 5441 dicto
1073 5395 1185 5438 tum
1218 5384 1360 5438 facto
1393 5384 1458 5437 ad
1489 5398 1601 5437 rem
1630 5383 1767 5436 bene
1796 5379 2108 5449 gerendam,
2132 5387 2185 5432 et
2216 5393 2328 5432 rem

2440 5390 2579 5443 μενα
2626 5375 3081 5446 παραγγέλματα,
3114 5376 3201 5432 ἵνα
3251 5379 3641 5451 προγυμνάζῃς
3688 5379 3783 5431 καλ⁵
3825 5379 3885 5431 ἐν
3905 5377 4024 5431 τού-

760 5476 1052 5531 militaretn
1083 5474 1518 5545 cognoscendam
1551 5472 1773 5528 excites.
1809 5469 1941 5525 Nam
1975 5478 2327 5542 posteaquam

2435 5484 2546 5534 τοις
2596 5470 2658 5523 τὸ
2688 5472 3022 5543 στράτευμα,
3055 5474 3149 5527 καὶ
3209 5473 3484 5545 διεγείρῃς
3528 5474 3725 5535 αὐτοὺς
3781 5475 3883 5527 καὶ
3939 5472 4023 5526 διὰ

2257 5599 2467 5657 ΝΟτῶ

827 5698 1039 5767 (88-89)
1075 5699 1197 5769 Kal
1235 5700 1375 5767 τοὺς
1424 5699 1766 5769 μείναντας.
1816 5698 2205 5767 Scribebatur,
2237 5695 2333 5749 καὶ

755 5771 881 5832 τοὺς
921 5769 1017 5839 μὲν
1042 5768 1257 5831 αὐτούς.

2525 5691 2637 5761 (90)
2684 5695 3267 5765 Συγτυμναζόμενον.
3300 5695 3651 5753 Scribebatur
3674 5739 3688 5765 ,
3748 5698 4023 5771 γυμναζόο

2454 5780 3052 5900 Ἀπληκεύειν.
3084 5834 3458 5902 Scribebatur,
3485 5837 3861 5895 ἀποκελεύιιν.
