4220 6442
742 403 852 471 ’143

2008 401 2281 463 LEONIS
2318 399 2778 463 PHILOSOPHI

3891 394 4002 457 744

817 512 908 566 35.
947 508 1104 563 Aliud
1142 520 1313 575 genus
1353 515 1469 572 est,
1501 515 1560 561 ut
1587 516 1708 577 post
1750 508 2044 578 perfectam
2073 509 2136 562 ad
2172 508 2313 562 latus
2345 512 2388 566 Α

2345 512 2388 566 Α
2490 506 2584 562 λε’,
2634 508 2827 576 Ἑτέρα
2875 504 2929 559 δὲ
2977 503 3209 575 κίνησις,
3265 503 3405 556 ὥστε
3463 504 3600 574 μετά
3659 503 3756 573 τὴν
3791 504 4003 577 ἀκριδῆ

748 601 1143 660 densationcm,
1171 597 1249 651 sic
1281 597 1495 652 densati
1531 599 1806 652 ambulent
1837 618 1850 653 :
1885 608 1939 653 et
1972 600 2190 669 quando
2223 615 2311 654 sa—

746 691 894 760 gittae
922 687 1114 755 conjici
1143 685 1427 756 incipiunt,
1451 694 1565 739 tum
1589 686 1818 756 praecipe
1844 686 2107 752 Πάταξον,
2131 685 2182 740 id
2206 694 2310 749 est,

752 781 870 835 Feri
902 799 914 833 :
946 778 1167 833 decanis
1229 788 1282 833 et
1314 778 1589 847 quintanis
1626 777 1677 830 in
1708 779 2008 833 anteriores
2032 786 2210 847 partes
2232 776 2314 830 in-

748 868 1100 932 clinantibus,
1125 874 1179 921 et
1210 883 1306 922 sua
1340 869 1578 936 ipsorum
1614 867 1791 936 capita
1824 882 1947 921 eum
1972 866 2137 921 scutis
2172 866 2312 932 suis,

746 971 906 1028 atque
934 974 1196 1029 equorum
1231 958 1368 1011 colla
1405 958 1584 1027 aliqua
1613 974 1676 1012 cx
1714 971 1862 1027 parte
1901 958 2224 1027 tegentibus,
2261 967 2315 1012 et

749 1054 935 1107 hastas
961 1051 1202 1104 humeris
1231 1050 1591 1118 gestantibus,
1623 1051 1794 1106 scutis
1814 1050 1975 1104 etiam
2001 1056 2169 1103 tectas
2200 1050 2315 1104 suis

750 1142 1049 1212 procedant
1078 1140 1350 1206 ordinate,
1383 1156 1506 1195 cum
1543 1142 1796 1210 tripudio,
1825 1142 1873 1195 id
1914 1151 2017 1206 εει,
2058 1140 2315 1195 mediocri

747 1232 982 1300 quodam
1001 1240 1172 1295 motu,
1195 1230 1287 1300 qui
1309 1230 1463 1299 calpa
1489 1229 1688 1285 dicitur
1708 1250 1722 1285 :
1747 1246 1843 1285 nee
1872 1230 2174 1301 impetuose
2195 1246 2317 1286 cur-

750 1331 891 1387 rant,
922 1338 991 1376 ne
1019 1322 1384 1404 contentionis
1409 1322 1683 1378 celeritate
1708 1332 1833 1378 ante
1866 1337 2062 1378 manus
2091 1338 2317 1378 conser-

752 1427 853 1478 Ias,
889 1413 1033 1482 quod
1064 1414 1217 1469 valde
1249 1414 1616 1483 periculosum
1645 1423 1746 1477 est.
1779 1416 2123 1485 perturbetur
2150 1415 2316 1481 acies,

751 1505 1047 1573 sagittariis
1072 1505 1314 1571 interim,
1341 1507 1435 1577 qui
1467 1521 1497 1559 a
1522 1513 1676 1577 tergo
1716 1506 1930 1561 illorum
1963 1516 2111 1571 sunt,
2148 1506 2318 1577 sagit-

755 1607 841 1651 tas
866 1598 1215 1667 jaeientihus.

823 1778 913 1834 56.
948 1778 1106 1835 Aliud
1145 1796 1314 1851 genus
1337 1790 1441 1845 est,
1475 1789 1533 1835 ut
1573 1778 2175 1834 incursioneinterdum
2202 1793 2321 1847 pcr-

2420 600 2697 652 πύκνωσιν
2755 597 2855 667 τῆς
2932 596 3073 650 κατὰ
3131 596 3369 666 πλευρὰν
3433 596 3666 665 μάλιστα
3721 595 4005 663 σφίγξεως

2420 688 2880 759 πεπυκνωμένους
2943 688 3286 758 περιπατεῖν,
3324 688 3451 740 ὅταν
3493 687 3525 757 ἠ
3559 686 3737 753 τοξεὶα
3772 687 4005 757 ἄρχεται

2419 781 2682 851 γίνεσθαι,
2740 780 2835 834 καὶ
2896 779 3285 850 παραγγέλλει,
3340 778 3604 843 Πάταξον,
3664 781 3755 837 καὶ
3787 780 4007 833 ἐπικλι-

2424 872 2599 941 μένων
2649 870 2757 923 τῶν
2808 869 3087 939 δεκαρχῶν
3136 868 3230 921 καὶ
3297 867 3613 939 πενταρχῶν
3662 869 3754 921 ἐπὶ
3806 869 3877 922 τά
3911 868 4009 938 ἔμ-

2421 963 2675 1035 προσθεν,
2726 962 2822 1016 καλ⁸
2881 962 3190 1015 σκεπόντων
3246 964 3344 1024 τάς
3395 960 3604 1015 ἑαυτῶν
3634 961 3882 1029 κεφαλὰς
3910 961 4006 1014 καὶ

2425 1056 2590 1126 μέρος
2617 1055 2725 1108 τῶν
2766 1054 3055 1124 τραχήλων
3083 1054 3190 1107 τῶν
3222 1054 3402 1106 ἵππων
3450 1054 3589 1124 μετὰ
3630 1054 3740 1106 τῶν
3772 1070 4006 1106 σκουτα-

2426 1148 2556 1217 ρίων
2635 1145 2832 1210 αὐτῶν,
2897 1144 2991 1197 καὶ
3066 1143 3134 1197 τὰ
3192 1143 3450 1214 κοντάρια
3511 1142 4005 1207 ἀνασασταζόντων

2423 1236 2517 1288 επὶ
2580 1235 2705 1297 τοὺς
2764 1232 2944 1303 ὤμους
2997 1232 3093 1283 καὶ
3151 1230 3652 1301 ὑποκρυπτομένων
3707 1230 3846 1299 μετὰ
3895 1229 4006 1282 τῶν

2428 1324 2765 1394 σκουταρίων
2825 1320 3141 1376 ἐπελαύνειν
3213 1321 3488 1383 εὐτάκτως
3558 1320 3800 1390 τριπόδῳ
3858 1320 4006 1389 μόνῳ

2426 1421 2590 1489 ἧγουν
2624 1418 2881 1487 κινήματι
2927 1414 3225 1486 συμμέτρῳ
3246 1413 3325 1482 τῷ
3352 1414 3630 1484 λεγομένῳ
3660 1412 3870 1478 κάλπα,
3910 1415 4006 1467 καὶ

2430 1512 2505 1579 μὴ
2540 1509 2726 1579 βιαίως
2771 1506 3009 1578 τρέχειν,
3046 1508 3134 1561 ἵνα
3187 1507 3262 1578 μὴ
3303 1508 3370 1577 τῇ
3401 1506 3621 1585 ὀξύτητι
3654 1507 3756 1576 τῆς
3780 1504 4006 1569 ἑλασίας

2426 1598 2647 1673 διαλυθῇ
2679 1604 2710 1673 ή
2738 1599 2891 1665 τάξις
2918 1600 3022 1669 πρὸ
3047 1600 3244 1670 μίξεως
3276 1598 3495 1670 χειρῶν,
3525 1600 3663 1668 ὅπερ
3692 1598 3839 1651 ἐστὶν
3887 1599 4007 1650 ἐπι-

2386 1717 2389 1720 ⁴
2428 1695 2688 1755 κίνδυνον,
2720 1695 2842 1756 τοὺς
2870 1691 2926 1745 δὲ
2955 1691 3179 1745 ὄπισθεν
3206 1693 3321 1745 ὅσοι
3349 1689 3559 1754 τοξόται
3584 1690 3690 1742 εἰσὶ
3742 1686 4004 1754 τοξεύειν.

2498 1784 2606 1850 λς’.
2654 1783 2933 1854 Ἐτέρααδὲ
2982 1780 3215 1851 κίνησις,
3257 1782 3397 1835 ὥστε
3435 1780 3742 1834 ἐπιδιώκειν
3771 1780 3861 1834 ὁτὲ
3910 1778 4007 1849 μιν

754 1881 1052 1940 sequantur
1073 1871 1230 1951 quasi
1264 1886 1536 1937 cursores,
1570 1886 1709 1940 quos
1731 1884 1874 1923 nunc
1896 1868 2192 1936 proclastas
2220 1881 2321 1921 no-
2354 1863 2393 1919 Β

2354 1863 2393 1919 Β
2426 1880 2521 1932 σὺν
2548 1878 2758 1948 ἐλασία,
2813 1878 2888 1939 ὼς
2933 1874 3271 1947 κούρσωρας,
3299 1873 3393 1937 οὒς
3431 1876 3480 1927 oi
3528 1872 3622 1926 νῦν
3653 1871 4004 1943 προκλάστας

756 1964 1005 2016 minant:
1046 1964 1315 2017 interdum
1368 1964 1617 2017 ordinate
1668 1970 1726 2016 ut
1778 1959 2124 2026 defensores,
2182 1974 2323 2029 quos

758 2067 901 2105 nunc
937 2053 1175 2108 vindices
1216 2054 1591 2123 appellamus:
1632 2064 1683 2109 et
1728 2054 1773 2107 si
1812 2054 1968 2122 quasi
2008 2058 2326 2111 cursoribus

757 2144 1047 2211 praecipere
1070 2154 1300 2210 oportet,
1337 2145 1624 2198 dicendum
1652 2154 1757 2209 est,
1783 2145 1979 2216 Δρόμῳ
2001 2146 2114 2211 ἔλα,
2146 2148 2195 2201 id
2219 2158 2323 2213 est,

754 2234 931 2289 Cursu
959 2236 1243 2299 contende,
1267 2244 1321 2289 et
1342 2236 1503 2289 unius
1524 2235 1768 2290 milliaris
1796 2236 2031 2306 spatium
2057 2238 2325 2293 incursio-

758 2340 879 2378 nem
912 2325 1048 2379 hanc
1080 2325 1303 2381 faciant.
1335 2325 1429 2380 Sin
1462 2327 1618 2396 quasi
1642 2326 1981 2388 defensores.
2006 2328 2329 2398 praecipien-

756 2419 885 2473 dum
922 2430 1005 2473 est
1042 2418 1145 2473 hoc
1180 2417 1359 2483 modo,
1389 2418 1539 2471 Μετὰ
1569 2419 1667 2488 τῆς
1697 2418 1901 2483 τάξεως
1930 2419 2233 2483 ἀκολούθει,
2274 2421 2328 2475 id

756 2516 860 2571 est,
890 2508 1025 2561 Cum
1062 2506 1179 2561 acie
1221 2506 1518 2577 procedito,
1563 2517 1614 2561 et
1643 2507 1889 2561 ordinate
1943 2521 2009 2563 ac
2041 2508 2331 2567 distribute

760 2596 1076 2669 procedant.

827 2688 918 2743 37.
944 2685 1105 2740 Aliud
1140 2700 1309 2756 genus
1336 2696 1440 2753 est,
1477 2695 1533 2741 ut
1556 2686 1910 2743 'retroeedant
1944 2689 2248 2760 paululum,
2278 2698 2333 2745 ει

760 2792 954 2833 rursus
996 2786 1419 2832 convertantur:
1452 2786 1505 2833 et
1552 2779 1773 2848 quando
1814 2778 1937 2834 illos
1986 2781 2333 2837 retrocedere

761 2868 908 2933 vult,
948 2881 1142 2922 cursor
1175 2867 1394 2935 clamet,
1423 2869 1603 2923 Τύπτε
1654 2871 1744 2923 καὶ
1793 2872 2084 2943 ὑποχώρει,
2124 2872 2245 2930 Feri
2279 2886 2335 2931 et

761 2961 1062 3017 retrocede.
1109 2960 1210 3016 Ubi
1253 2970 1433 3015 autem
1476 2966 1891 3020 retrocesserint
1919 2966 1984 3020 ad
2018 2983 2210 3034 unum,
2242 2978 2335 3024 aut

762 3054 995 3108 alterum
1036 3052 1247 3123 sagittae
1279 3053 1505 3119 iactum,
1539 3053 1854 3110 defensores
1884 3072 2075 3113 rursus
2105 3060 2336 3129 appellet

765 3141 849 3195 his
885 3140 1065 3195 verbis
1090 3160 1101 3195 :
1128 3141 1394 3211 Στράφου,
1413 3140 1527 3205 έλα,
1556 3142 1607 3195 id
1635 3153 1737 3208 est,
1756 3142 1937 3209 Verte,
1960 3149 2223 3202 contende
2247 3166 2259 3202 :
2284 3155 2336 3202 et

766 3233 1050 3289 confestim
1091 3248 1283 3287 rursus
1317 3241 1528 3288 vertent
1561 3248 1621 3287 se
1642 3242 1838 3289 contra
1878 3236 2085 3293 hostes.
2114 3239 2227 3293 Hoc
2252 3238 2336 3293 fa-

767 3330 915 3381 ciant
957 3340 1063 3379 non
1095 3324 1256 3379 modo
1280 3335 1615 3387 antrorsum,
1641 3325 1737 3379 sed
1771 3326 1933 3380 etiam
1966 3328 2333 3394 dextrorsum,

768 3419 1078 3482 laevorsum,
1116 3429 1449 3483 rursumque
1486 3414 1552 3468 ad
1587 3416 1884 3472 secundam
1915 3420 2087 3474 aciem
2120 3438 2135 3475 :
2166 3436 2340 3491 neque

769 3513 825 3565 in
854 3511 970 3580 ipsa
993 3508 1264 3569 versione.
1293 3509 1387 3563 sed
1417 3509 1581 3563 etiam
1615 3508 1895 3565 intervallo
1916 3512 2201 3582 interjecto
2221 3528 2341 3568 ver-

769 3603 888 3658 um
913 3615 972 3655 se
1007 3614 1168 3669 saepe,
1184 3607 1239 3653 et
1268 3599 1601 3668 δρουγγιστὶ,
1621 3602 1673 3657 id
1701 3608 1803 3664 εει,
1835 3602 2090 3657 universo
2128 3605 2343 3673 agmine

772 3692 917 3748 facto
944 3692 1280 3747 contendant
1304 3704 1492 3748 contra
1527 3692 1731 3748 hostes.
1766 3691 1908 3748 Inter
1936 3694 2341 3749 exercitandum

773 3786 961 3841 hastas
983 3787 1133 3857 ipsas
1155 3786 1209 3841 in
1230 3786 1398 3840 altum
1422 3786 1688 3851 sublatas,
1718 3801 1828 3841 non
1856 3787 1909 3841 in
1940 3786 2083 3842 latus
2096 3788 2345 3858 obliqua-

773 3889 857 3932 tas
888 3876 1087 3932 habere
1117 3884 1352 3947 oportet,
1391 3891 1459 3931 ne
1511 3878 1634 3947 equi
1665 3877 1719 3932 in
1750 3877 2133 3947 exercitatione
2166 3880 2270 3935 hac
2293 3889 2347 3935 et

773 3970 1121 4024 contentione
1150 3967 1537 4037 impediantur.

845 4060 1117 4115 38.Aiiud
1155 4075 1327 4131 genus
1362 4070 1485 4124 est,
1523 4068 1583 4119 ut
1622 4059 1875 4115 ordinate
1922 4076 1981 4117 se
2028 4061 2082 4116 in
2126 4061 2345 4127 laevam,

775 4160 872 4207 aut
921 4151 1165 4205 dextram
1213 4151 1586 4215 transferant,
1646 4152 1790 4220 quod
1839 4150 2113 4207 lateranis-
2138 4161 2193 4206 et
2229 4168 2350 4207 cor-

778 4245 1060 4301 nistitibus
1089 4252 1479 4315 Opportunum,
1513 4244 1861 4299 commodum
1895 4253 1992 4308 est,
2028 4244 2079 4298 id
2119 4255 2225 4309 est,
2258 4246 2347 4314 iis,

2425 1971 2671 2037 λέγουσιν
2700 2010 2715 2033 ,
2763 1969 2851 2023 ὁτὲ
2901 1968 2958 2022 δὲ
3020 1966 3465 2036 συντεταγμένως
3543 1964 3619 2029 ὡς
3709 1963 4008 2031 διαφένσω-

2431 2077 2526 2132 ρας
2579 2060 2711 2130 (97),
2761 2059 2855 2122 οὓς
2892 2059 3052 2129 ἡμεῖς
3084 2056 3359 2126 καλοῦμεν
3388 2054 3655 2118 ἐκδίκους.
3681 2053 3796 2107 Καὶ
3831 2054 3880 2105 εί
3914 2052 4010 2121 μὲν

2425 2152 2502 2214 ὡς
2559 2151 2877 2221 κούρσωρας
2937 2150 3042 2221 χρὴ
3106 2151 3293 2211 κινεῖν,
3344 2146 3756 2217 παραγγέλλει·
3813 2144 4010 2213 Δρόμῳ

2428 2244 2544 2297 ἔλα.
2610 2246 2718 2298 Καὶ
2769 2245 2873 2306 ἓως
2920 2243 3038 2305 ἑνὸς
3094 2241 3268 2312 μιλίου
3301 2237 3623 2295 άποκινοῢσι
3653 2238 3751 2290 σὺν
3795 2237 4006 2305 έλασία.

2441 2336 2566 2389 Ἐάν
2616 2337 2671 2389 δὲ
2727 2336 2803 2399 ὠς
2882 2333 3256 2403 διαφένσωρας
3288 2373 3301 2398 ,
3378 2328 3746 2401 παραγγέλλει
3785 2342 3800 2357 ⁸
3857 2326 4011 2380 Μετὰ

2429 2427 2528 2496 τῆς
2556 2427 2759 2492 τάξεώς
2814 2424 3095 2481 ἀκολούθει
3122 2441 3137 2457 ·
3183 2425 3278 2477 καὶ
3337 2419 3690 2478 ἀκολουθοῦσι
3720 2431 3990 2484 συντετατ

2434 2519 2630 2589 μένως.

2501 2690 2597 2757 λζ’.
2656 2690 2849 2760 Ἑτέρα
2909 2688 2967 2743 δὲ
3011 2689 3246 2758 κίνησις,
3292 2687 3436 2740 ὥστε
3462 2686 3772 2756 ὑποχωρεῖν
3808 2684 4009 2751 ὀλίγον,

2433 2787 2527 2841 καὶ
2553 2785 2713 2838 πάλιν
2768 2781 3238 2853 ἀντιστρέφεσθαι.
3289 2781 3399 2834 Καὶ
3446 2781 3534 2833 ὅτε
3589 2778 3690 2848 μὲν
3736 2778 3869 2850 θέλῃ
3902 2775 4015 2846 (98)

2435 2879 2806 2949 ὑποχωρῆσαι,
2838 2876 2867 2929 ό
2898 2874 3149 2945 κούρσωρ
3207 2873 3424 2944 κράζει,
3472 2871 3653 2924 Τύπτε
3684 2868 3778 2923 καὶ
3808 2868 4016 2937 ὑωχώο

2437 2988 2519 3041 ρει
2554 2970 2649 3022 σὺν
2708 2966 2918 3036 ὲλασίᾳ,
2959 2965 3063 3029 ἓως
3119 2964 3176 3017 ἓν
3227 2964 3260 3034 ἢ
3305 2962 3558 3033 δεύτερον
3600 2959 4013 3030 σαγιττοδόλον·

2437 3062 2529 3115 ἐπὶ
2557 3061 2682 3123 τοὺς
2740 3058 3077 3127 διφένσωρας
3121 3055 3283 3109 πάλιν
3326 3055 3494 3123 κράξε
3543 3052 3653 3123 (99)
3682 3069 3696 3082 ο
3729 3053 4015 3121 Στράφου,

2391 3197 2403 3216 ,
2439 3154 2531 3207 ελα
2554 3153 2654 3223 (1)·
2680 3153 2775 3229 καὶ
2793 3151 3324 3221 άνθυποστρέφουσιν
3344 3149 3543 3203 ὡσανεὶ
3564 3149 3706 3204 κατά
3728 3147 3834 3200 τῶν
3860 3146 4018 3200 {vav-

2439 3244 2585 3297 τίων.
2638 3238 2748 3296 Καὶ
2794 3241 2953 3295 τοῦτο
2980 3243 3155 3295 ποιεῖν
3205 3240 3485 3304 πολλάκις,
3518 3241 3614 3293 καὶ
3642 3238 3717 3309 μὴ
3750 3238 3912 3308 μόνον
3930 3236 4018 3290 tu!

2438 3336 2505 3389 τὰ
2556 3335 2764 3405 πρόσω,
2824 3334 2960 3388 ἀλλὰ
3004 3334 3099 3387 καὶ
3146 3332 3316 3397 δεξιά,
3367 3333 3463 3386 καὶ
3489 3330 3774 3415 ἀριστερὰ,
3804 3331 3897 3415 καὶ
3923 3329 4020 3383 πά-

2439 3426 2522 3478 λιν
2604 3426 2803 3478 ὠσανεὶ
2868 3426 2961 3478 ἐπὶ
3020 3425 3122 3495 τὴν
3184 3422 3445 3494 δευτέραν
3491 3421 3677 3487 τάξιν,
3716 3413 3840 3474 ’καὶ
3895 3418 4021 3471 ποτὶ

2445 3516 2543 3586 μὲν
2616 3517 2673 3569 ἑν
2731 3514 2882 3585 αὐτῷ
2938 3514 3015 3584 τῷ
3072 3512 3423 3583 διαλείμματι
3472 3510 3678 3581 ταύτης
3711 3550 3727 3575 ,
3780 3509 3913 3563 ποτὶ
3966 3507 4021 3560 δὲ

2443 3608 2501 3659 ἒν
2552 3606 2633 3675 τῷ
2712 3605 2914 3675 μεταξὺ
2983 3605 3153 3675 αὐτῆς
3235 3602 3605 3670 ἐξελίσσεσθαι
3640 3642 3655 3666 ,
3731 3600 3828 3653 καὶ
3910 3598 4022 3666 ἅμα

2443 3697 2777 3766 δρουγγιστὶ,
2842 3695 3010 3764 ἤγουν
3051 3692 3189 3763 ὁμοῦ
3211 3694 3389 3763 όρμᾷν
3430 3692 3573 3746 κατὰ
3627 3690 3736 3743 τῶν
3793 3689 4022 3759 ἐχθρῶν·

2445 3788 2504 3839 ὲν
2532 3787 2589 3839 δὲ
2611 3788 2727 3848 ταῖς
2752 3785 3084 3856 γυμνασίαις
3141 3784 3211 3837 τά
3248 3783 3509 3852 κοντάρια
3539 3781 4023 3849 άναόασταζόμενα

2448 3878 2588 3948 ἔχειν
2613 3878 2714 3940 δεῖ,
2752 3878 2848 3930 καὶ
2879 3875 2955 3947 μὴ
2990 3877 3070 3939 είς
3098 3875 3327 3943 πλάγιον
3351 3915 3367 3942 ,
3416 3874 3503 3927 ἵνα
3552 3873 3626 3943 μὴ
3668 3874 3716 3925 oi
3765 3872 3927 3925 ἵπποι
3954 3870 4025 3939 (Ξ)

2447 3973 2504 4023 δν
2542 3973 2607 4040 τῇ
2643 3969 2835 4038 ὲλασίᾳ
2878 3966 3305 4037 ὲμποδίζωνται.

2523 4061 2622 4129 λη’.
2671 4062 2862 4131 Ἑτέρα
2885 4061 2945 4115 δὲ
3001 4060 3235 4131 κίνησις,
3264 4058 3406 4112 ὥστε
3454 4054 3837 4128 μετατίθεσθαι
3900 4069 4023 4106 συν-

2450 4152 2801 4221 τεταγμένως
2822 4150 3086 4221 ἀριστερὰ
3119 4150 3214 4204 καὶ
3241 4149 3413 4215 δεξιὰ,
3468 4148 3607 4217 ὅπερ
3636 4143 3869 4217 ἁρμόζει
3901 4141 4028 4195 πλα-

2452 4242 2769 4314 γιοφύλαξιν
2822 4242 2916 4297 καὶ
2968 4242 3420 4312 ύπερκερασταῖς,
3452 4239 3619 4308 ἧγουν
3677 4237 3789 4297 τοῖς
3827 4234 3923 4287 ἐπὶ
3976 4232 4031 4283 τὸ

775 4338 873 4410 qui
902 4338 968 4393 ad
998 4337 1502 4393 circumveniendos
1560 4344 1612 4391 et
1641 4335 2149 4392 circnmcludendos
2169 4338 2353 4393 hostes

2454 4335 2732 4391 κυκλῶσαι
2784 4335 2882 4403 τὴν
2920 4333 3030 4385 τῶν
3092 4331 3366 4401 πολεμίων
3409 4328 3715 4399 παράταξιν
3762 4324 4028 4391 τεταγμέ-

776 4430 1058 4485 constituti
1090 4438 1239 4484 sunt.
1274 4428 1339 4481 Et
1371 4428 1503 4504 siin
1530 4428 1776 4482 dextram
1827 4438 2033 4498 partem
2068 4430 2355 4486 traducere

2455 4444 2564 4489 νοις
2592 4426 2685 4479 ἐπὶ
2736 4424 2831 4477 τοῦ
2863 4422 3038 4489 δεξιοῦ
3072 4422 3269 4493 μέρους
3310 4419 3498 4489 ὥσπερ
3546 4418 3734 4487 κέρας,
3769 4415 3867 4467 καὶ
3894 4430 4031 4481 παρ-

774 4535 873 4575 εοε
899 4523 1110 4589 eupias,
1131 4518 1200 4573 iis
1235 4517 1413 4573 verbis
1443 4516 1534 4571 ﬁat
1564 4530 1579 4568 :
1606 4517 1896 4586 Κατάφερε
1926 4516 2062 4585 πρὸς
2091 4517 2158 4570 τὰ
2185 4517 2355 4584 δεξιά,
2389 4528 2434 4585 ι)

2389 4528 2434 4585 ι)
2464 4518 2737 4588 αγγέλλει,
2777 4519 2826 4571 εί
2874 4517 2973 4586 μὲν
3013 4514 3279 4587 ἀριστερά
3340 4508 3729 4582 μετατίθεσθαι
3762 4504 4029 4575 βούλεται,

779 4612 829 4666 id
863 4619 967 4675 est,
999 4608 1256 4665 Transfer
1277 4617 1328 4663 te
1356 4608 1423 4664 ad
1450 4608 1693 4663 dextram
1715 4624 1731 4661 :
1756 4607 1841 4663 sin
1876 4608 2162 4664 laavorsum
2196 4611 2349 4678 velis,

2458 4612 2751 4681 Κατάφερε
2780 4610 2916 4680 πρὸς
2944 4609 3014 4661 τὰ
3063 4605 3325 4679 ἀριστερά
3344 4620 3358 4633 ·
3392 4603 3441 4655 εί
3471 4602 3529 4655 δὲ
3574 4598 3723 4663 δεξιά
3759 4595 4034 4668 μετατίθε-

779 4716 894 4758 tum
930 4706 1117 4758 dicas:
1156 4703 1446 4773 Κατάφερε
1482 4701 1616 4772 πρδς
1653 4702 2258 4771 τάριστεράήτναιιεΐει·
2302 4714 2355 4759 te
2464 4706 2612 4766 σθαι,
2650 4704 2944 4773 Κατάφερε
2974 4701 3108 4772 πρὸς
3150 4699 3218 4752 τὰ
3246 4696 3394 4762 δεξιά
3423 4712 3439 4728 ·
3482 4694 3574 4748 καὶ
3605 4692 3779 4753 οὕτως
3808 4691 4031 4761 μετατί-

781 4798 847 4850 ad
877 4797 1064 4850 laevam
1101 4813 1115 4848 :
1144 4790 1349 4864 itaque
1370 4801 1672 4857 transeant,
1706 4794 1750 4848 si
1781 4809 1888 4847 una
1911 4793 2111 4848 cohors
2144 4795 2353 4861 debeat,

783 4904 911 4951 utra,
949 4886 1033 4942 sin
1078 4886 1283 4957 plures,
1315 4901 1420 4939 una
1470 4894 1623 4953 parte
1653 4886 1921 4950 traducta,
1952 4886 2171 4955 reliquae
2200 4886 2357 4941 simi-

784 4980 901 5033 liter
930 4994 1024 5048 per
1053 4978 1307 5033 cohortes
1338 4988 1639 5032 transeant.

851 5074 941 5127 59.
971 5071 1131 5126 Aliud
1156 5087 1353 5142 genus,
1387 5079 1447 5125 ut
1474 5070 1525 5123 in
1546 5071 1748 5139 quibus
1774 5071 2085 5128 consistunt
2114 5073 2268 5136 locis,
2303 5076 2355 5129 in

782 5164 989 5219 eisdem
1034 5164 1307 5217 interdum
1356 5178 1414 5217 se
1453 5173 1691 5228 vertant,
1743 5164 2015 5219 interdum
2055 5180 2186 5221 vero
2212 5165 2359 5221 fron-

2463 4797 2653 4850 θεσθαι
2685 4814 2699 4828 ο
2767 4795 2861 4849 ἐὰν
2909 4793 3010 4863 μὲν
3071 4792 3129 4845 ἓν
3185 4789 3374 4861 βάνὸον
3432 4787 3571 4849 εστὶ,
3621 4785 3684 4838 τὸ
3728 4783 3788 4837 ἓν
3826 4799 3841 4813 ο
3876 4783 3927 4834 si
3980 4779 4033 4832 δὲ

2462 4889 2707 4952 πλείονα,
2755 4887 2955 4955 ὁμοίως
3020 4884 3113 4935 τοῦ
3163 4882 3279 4944 ἑνὸς
3321 4880 3521 4951 μέρους
3591 4874 4031 4948 μετατιθεμένου,

2460 4982 2551 5033 καὶ
2581 4980 2650 5033 τὰ
2686 4978 2847 5030 λοιπά
2876 4976 3137 5038 ὡσαύτως
3169 4972 3312 5026 κατὰ
3340 4971 3398 5023 ἓν
3428 4969 3617 5040 βάνὸον
3647 4966 3917 5020 ποιοῦσιν.

2532 5070 2629 5127 λθ’.
2670 5070 2862 5139 ⁹Ετέρα
2890 5069 2947 5122 δὲ
2977 5068 3213 5135 κίνησις,
3271 5064 3413 5117 ὥστε
3444 5057 3876 5132 μεταϐάλλεσθαι
3911 5053 4032 5111 ποτὲ

2468 5166 2565 5235 μὲν
2591 5166 2648 5217 ὲν
2669 5159 2749 5225 οἷς
2774 5164 3016 5215 ἵστανται
3058 5161 3263 5224 τόποις,
3305 5159 3435 5213 ποτε
3470 5157 3527 5211 δὲ
3575 5155 3669 5209 καὶ
3696 5153 3756 5206 τὸ
3782 5152 4033 5222 μέτωπον

787 5265 894 5311 tem
943 5255 1078 5311 aciei
1117 5263 1471 5310 commutent.
1507 5253 1562 5310 Si
1596 5259 1912 5325 repentinus
1945 5256 2140 5327 aliquis
2178 5266 2360 5313 motus

2465 5260 2564 5327 τῆς
2596 5254 2950 5328 παρατάξεως
2995 5255 3375 5316 άλλάσσοντες.
3413 5252 3540 5307 Ἐὰν
3580 5251 3678 5321 μὲν
3727 5250 3839 5319 γὰρ
3872 5249 4032 5316 αίφνισ

2323 5370 2554 5427 ΝΟΤᾸΞ.

856 5457 969 5526 (97)
1008 5458 1105 5523 Ὠς
1136 5457 1569 5528 διαφένσωρας.
1616 5460 1954 5516 Posteriores
2000 5460 2172 5517 Graeci
2210 5461 2359 5515 diec-

788 5527 941 5590 bant,
997 5528 1391 5597 διαφένσωρας,
1435 5527 1533 5599 pro
1580 5530 1970 5601 δηφένσωρας,
2021 5534 2135 5588 sive
2180 5532 2359 5600 διφέν-

790 5613 1099 5742 ῗωῶοθῗκω
1125 5668 1222 5742 ὅτε
1240 5668 1354 5737 μὲν
1394 5668 1561 5742 eun.
1584 5668 2079 5742 lnterpungcndum
2114 5673 2359 5728 seriben-

2538 5466 2651 5535 (99)
2680 5465 2871 5519 Πάλιν
2902 5464 3091 5534 κράζὲ.
3128 5463 3256 5519 ltem
3287 5462 3486 5535 scribe,
3516 5456 3902 5535 ndktvfpdin.

2539 5527 2950 5605 (η’Στράφουξ
2969 5537 3099 5590 ἔλα.
3146 5536 3237 5589 Sic
3288 5536 3342 5589 in
3385 5531 3549 5588 Checi
3599 5530 3789 5586 codice
3828 5527 4034 5583 videtur

2471 5606 2659 5661 fuisse.
2691 5607 2745 5659 In
2770 5609 2892 5662 aliis
2924 5608 3076 5662 deest
3095 5605 3211 5659 ἔλα.

2539 5677 2617 5747 ('2)
2668 5677 2792 5730 Ἵνα
2815 5677 2900 5747 μὴ
2932 5680 2988 5731 οἱ
3015 5677 3208 5747 ἵπποι.
3234 5675 3324 5732 Sic
3356 5681 3475 5733 erat
3497 5680 3553 5730 et
3577 5673 3630 5729 in
3658 5670 3848 5729 codice
3880 5667 4036 5726 Pisto-

788 5739 1023 5820 dnurque
1054 5741 1186 5793 ικαὶ
1201 5740 1287 5793 ὅτε
1330 5742 1428 5811 μὲν
1466 5740 1597 5814 θέλῃ
1634 5739 2004 5815 ὑποχωρῆσαι,
2048 5745 2077 5796 ὁ
2111 5744 2362 5815 κούρσωρ

1578 5756 1597 5810 ἐι
1634 5739 2004 5815 ὑποχωρῆσαι,
2048 5745 2077 5796 ὁ
2111 5744 2362 5815 κούρσωρ
2471 5739 2622 5804 ιιιιιιο
2654 5763 2750 5820 pro
2793 5739 2986 5820 ἵναμὴ
3018 5746 3244 5803 κτύπον.

791 5807 988 5881 πράξῃ.

3197 5834 3221 5877 <
