4220 6442
235 409 346 473 745

1333 418 1666 480 TACI‘ICA.
1697 442 1765 452 —
1794 417 2453 490 CONSTlTUTIO_VII.

3373 433 3478 498 746

236 519 466 612 διασμός
500 536 582 612 τις
607 519 829 591 γένηται
859 522 962 575 ὑπο
983 524 1210 595 ἐχθρῶν,
1243 529 1382 581 κατὰ
1408 528 1596 595 νώτου,
1631 532 1797 600 ἤγουν
1827 530 1870 586 Α
1899 547 1902 583 |

1827 530 1870 586 Α
1899 540 2045 584 retro
2077 532 2168 585 ﬁat
2211 535 2462 589 hostibus
2494 548 2524 588 a
2563 543 2710 603 tergo
2744 536 3155 595 imminentibus
3178 580 3192 605 ,
3241 543 3473 612 przecipe

236 609 462 664 ὄπισθεν
483 611 580 681 (3),
601 612 1027 682 ἐπιφερομένων,
1050 617 1813 691 παραγγέλλει,Μετασχημά-

236 719 412 756 τισον.
472 701 583 755 Καὶ
624 703 699 766 ώς
747 703 993 758 ἵστανται
1035 707 1091 758 ὲν
1118 710 1230 770 τοῖς
1258 708 1443 772 τόποις
1484 712 1664 764 αὐτῶν
1720 713 1811 764 ἐπὶ

235 792 410 861 οὐράν
455 792 676 846 ὄπισθεν
749 792 1002 862 βλέπουσι
1069 796 1176 850 τῶν
1239 797 1579 868 βανδοφόρων
1637 801 1812 870 μόνων

239 883 383 951 μετὰ
434 883 542 936 τῶν
587 884 863 954 ἀρχόντων
917 888 997 948 είς
1043 888 1105 940 τὸ
1149 889 1290 943 κατά
1337 892 1503 962 οὐρὰν
1563 892 1812 960 μέτωπον

237 972 575 1042 ἐρχομένων.
605 973 669 1025 El
709 974 764 1027 δὲ
825 975 1024 1046 πλῆθος
1071 977 1278 1048 ἐχθρῶν
1302 981 1538 1050 ἐπιφανῇ
1563 981 1807 1047 ὄπισθεν,

233 1063 630 1132 παραγγέλλει,
671 1065 1040 1135 Μετάλλαξον.
1096 1070 1206 1124 Καὶ
1254 1072 1374 1124 τότε
1431 1074 1808 1142 μετατίθενται

234 1155 381 1208 κατὰ
412 1155 620 1224 βάνδον.

310 1244 386 1316 μ’.
432 1247 506 1299 Οὐ
542 1247 702 1317 μόνον
735 1247 792 1302 δὲ
817 1249 910 1304 ἐπὶ
948 1250 1121 1321 μῆκος
1160 1251 1452 1322 ὀρδινεύειν
1481 1255 1573 1308 καὶ
1602 1257 1811 1326 γυμνά·

233 1335 352 1400 ζειν
376 1337 666 1405 ἀναγκαῖόν
708 1341 874 1405 ἐστιν,
909 1340 1045 1395 άλλά
1104 1344 1198 1397 καὶ
1228 1344 1541 1412 δρουγγιστὶ
1587 1348 1808 1403 τάσσον·

233 1445 339 1491 τας
387 1431 690 1500 γυμνάζειν
737 1432 833 1485 καὶ
888 1432 1192 1499 ἐξελαύνειν
1222 1436 1310 1490 ἐπ’
1335 1435 1548 1500 εὐθείας
1569 1440 1663 1492 καὶ
1715 1441 1809 1494 κύ-

231 1519 401 1582 κλους
421 1520 726 1592 διαφόρους,
762 1522 978 1593 πρῶτον
1028 1525 1127 1595 μὲν
1154 1525 1242 1578 διὰ
1275 1525 1374 1589 τάς
1428 1528 1807 1599 ὑποχωρήσεις

230 1611 330 1663 καὶ
366 1611 754 1683 άντιστροφάς,
792 1609 913 1668 εἷτα
939 1615 1028 1669 διά
1062 1615 1160 1680 τὰς
1190 1617 1484 1684 αἰφνιδίους
1519 1620 1660 1673 κατά
1700 1621 1807 1674 τῶν

231 1701 448 1772 ἐχθρῶν
474 1702 716 1772 ἐφόδους,
757 1704 942 1758 λοιπὸν
967 1707 1022 1759 δὲ
1064 1707 1158 1759 καὶ
1178 1708 1265 1762 διά
1289 1709 1348 1761 τὸ
1369 1711 1647 1780 συντόμως
1695 1715 1805 1777 τοῖς

1917 619 2021 673 hoc
2063 619 2222 673 modo
2259 623 2804 692 εΜετασχημάτισον,
2859 625 2910 678 id
2961 634 3062 691 est,
3089 625 3396 686 Converte:
3430 641 3477 684 ει

1918 710 1969 763 in
2011 711 2247 765 statione
2284 727 2382 766 sua
2417 714 2799 778 consistentes,
2830 715 2896 767 ad
2931 718 3161 771 caudam
3202 733 3262 773 se
3305 719 3480 790 solum

1915 812 2266 867 convertant,
2298 804 2571 872 signiferis
2600 815 2654 860 et
2704 804 2975 874 praefectis
3007 809 3137 863 solis
3189 809 3256 864 ad
3296 810 3481 864 cauda»

1917 892 2148 947 frontem
2203 893 2666 964 pervenientibus.
2725 894 2820 949 Sin
2867 913 3059 966 magna
3105 900 3184 953 vis
3241 901 3479 955 hostium

1915 983 2155 1052 ingruat,
2183 994 2293 1038 tum
2347 985 2601 1053 prmeipe,
2643 987 3005 1052 Μετάλλαζον,
3043 987 3400 1059 Transmuta,
3429 1001 3482 1048 et

1914 1074 2122 1144 integra
2156 1085 2269 1130 tum
2311 1077 2508 1132 cohors
2539 1092 2599 1133 se
2628 1087 2964 1134 transmutet.

1981 1249 2073 1304 40.
2104 1248 2214 1306 Νεε
2263 1267 2390 1308 vero
2442 1254 2496 1308 in
2545 1255 2932 1324 longitudinem
2981 1259 3155 1312 solum
3207 1260 3479 1314 instruere

1910 1341 2039 1394 utile
2091 1349 2195 1404 est,
2241 1342 2332 1396 sed
2373 1343 2533 1397 etiam
2560 1345 2894 1414 δρουγγιστὶ,
2945 1347 2996 1402 id
3044 1357 3153 1413 est,
3199 1351 3481 1406 confertim

1910 1431 2270 1496 instruantur,
2313 1440 2372 1486 ιιι
2402 1443 2690 1487 exerceant
2735 1449 2831 1499 se,
2872 1444 2927 1490 et
2969 1438 3298 1491 contendant
3334 1439 3482 1492 varie

1908 1522 1962 1574 in
1997 1521 2257 1577 directum
2303 1539 2398 1592 per
2453 1526 2908 1595 retrogressiones
2968 1536 3024 1580 et
3071 1529 3475 1593 conversiones,

1908 1626 2002 1682 per
2052 1613 2359 1682 repentinas
2416 1614 2652 1668 hostium
2716 1615 3092 1680 incursiones,
3142 1625 3200 1670 ut
3240 1618 3473 1686 quadarn

1906 1719 2030 1757 cum
2079 1705 2351 1760 celeritate
2374 1705 2583 1774 possint
2635 1705 2848 1762 amictis
2901 1723 3053 1776 opem
3099 1709 3262 1763 ferre.
3311 1708 3368 1762 Si
3415 1710 3483 1763 ad

230 1790 511 1862 δεομένοις
539 1795 871 1865 ἐπιϐοηθεῖν.
903 1796 964 1848 El
999 1796 1108 1868 γάρ
1145 1797 1314 1863 οὓτως
1342 1800 1597 1853 ἐθισθῶσι
1631 1802 1708 1872 (ί)
1737 1804 1805 1857 τά
1837 1859 1874 1872 __

1837 1859 1874 1872 __
1909 1794 2055 1849 hunc
2105 1794 2324 1850 modum
2386 1796 2706 1853 assuefactte
2762 1799 3014 1853 cohortes
3061 1797 3280 1860 fuerint,
3330 1813 3481 1854 com-

230 1880 514 1950 τάγματα,
543 1885 772 1954 ἑτοίμως
807 1886 988 1955 ἔχουσι
1016 1888 1109 1940 καὶ
1151 1890 1229 1952 είς
1272 1890 1610 1960 κούρσωρας,
1636 1894 1799 1961 ἤγουν

230 1971 606 2040 προκλάστας,
655 1975 688 2045 ἢ
753 1976 1091 2048 προμάχους,
1150 1979 1244 2034 καὶ
1309 1982 1387 2043 είς
1442 1982 1796 2055 διφένσωρας,

1905 1887 2061 1941 mode
2090 1896 2345 1957 poterunt
2386 1889 2438 1943 in
2474 1905 2745 1956 cursores,
2775 1889 2827 1944 id
2868 1900 2974 1954 est,
3011 1890 3334 1960 proclastas.
3369 1889 3482 1944 sive

1902 1992 2351 2052 propugnatores,
2389 1993 2442 2038 et
2472 1985 2524 2040 in
2577 1985 2916 2047 defensores,
2963 1985 3075 2039 sive
3119 1985 3383 2048 vindices,
3423 1991 3478 2039 et

229 2065 406 2133 ἤγουν
440 2065 718 2132 ἐκδίκους,
751 2068 784 2138 ἤ
820 2067 1067 2138 βοηθοὺς,
1101 2072 1190 2123 καὶ
1237 2072 1315 2134 εἰς
1351 2072 1585 2145 ἑκάστην
1617 2077 1804 2146 χρείαν

1404 2073 1585 2145 εάστην
1617 2077 1804 2146 χρείαν
1903 2074 2284 2142 praesidiarios,
2317 2076 2385 2130 ad
2418 2089 2631 2132 omnem
2661 2091 2819 2132 usum
2851 2075 3070 2130 instrui.

226 2157 402 2209 τάσσε
413 2157 554 2210 σθαι.

306 2254 421 2316 μα’.
462 2248 572 2302 Καὶ
593 2248 689 2319 τῆς
714 2249 975 2321 τοιαύτης
1025 2246 1116 2306 οὖν
1145 2270 1451 2324 γυμνασιας
1506 2259 1804 2329 κατορθου-

231 2337 406 2407 μένης
423 2340 500 2403 είς
526 2340 592 2392 τά
619 2341 859 2405 πλείονα,
887 2344 935 2395 εί
964 2345 1058 2398 καὶ
1087 2345 1161 2415 μὴ
1216 2347 1390 2400 πάντα
1419 2348 1499 2400 δεῖ
1521 2349 1806 2416 γινώσκειν

228 2429 362 2491 τοὺς
394 2430 725 2500 στρατιώτας
777 2435 862 2504 (οὐ
891 2433 1000 2504 γάρ
1028 2435 1108 2488 δεῖ
1140 2438 1312 2491 πάντα
1340 2440 1805 2507 που6λικίζεσθαι,

230 2519 326 2571 διὰ
360 2521 420 2573 τὺ
452 2522 526 2592 μὴ
548 2527 658 2586 τοῖς
697 2525 908 2594 ἐχθροῖς
941 2528 1325 2600 γινώσκεσθαι)
1356 2548 1367 2560 ·
1393 2532 1480 2584 διὰ
1509 2533 1614 2586 τῶν
1662 2535 1810 2604 εἰρη-

233 2609 420 2676 μένων
475 2612 679 2665 τούτων
707 2614 860 2667 ὲννέα
892 2616 1157 2686 κινήσεων
1200 2620 1335 2690 πρὸς
1392 2622 1568 2675 πᾶσαν
1623 2625 1809 2693 χρείαν

229 2699 435 2771 ἕτοιμα
460 2702 703 2770 γίνονται
737 2706 803 2758 τά
834 2707 1013 2761 αὐτῶν
1057 2709 1332 2780 τάγματα,
1366 2712 1460 2764 καὶ
1509 2713 1590 2774 εἰς
1647 2714 1810 2784 κούρ-

118 2814 122 2817 ·
232 2807 447 2863 σωρας,
470 2794 565 2849 καὶ
610 2797 690 2859 είς
719 2797 1076 2868 διφένσωρας,
1101 2802 1195 2854 καὶ
1223 2802 1302 2864 είς
1338 2802 1805 2873 πλαγιοφύλακας,

233 2883 336 2936 καὶ
369 2885 449 2947 είς
470 2885 907 2957 ὑπερκεραστάς,
938 2891 1024 2942 ὅτε
1056 2890 1214 2960 χρεία
1254 2892 1475 2962 γένηται
1503 2894 1807 2964 ἀφορισθῆ-

226 2972 325 3025 ναι
374 2989 526 3038 τινας
581 2974 786 3040 αὐτῶν,
830 2977 888 3029 ὲν
943 2977 1203 3049 συνηθείᾳ
1226 2979 1406 3049 πάσης
1429 2979 1630 3046 τάξεως
1659 2981 1809 3048 γινό-

231 3078 400 3131 μενα.

1974 2249 2064 2303 Μ.
2102 2249 2249 2304 Talis
2280 2250 2442 2320 igitur
2480 2250 2801 2304 exercitatio
2830 2250 3115 2319 diligenter
3146 2250 3198 2303 in
3233 2249 3481 2318 plurimis

1906 2347 1991 2391 est
2023 2337 2350 2399 adhibenda,
2387 2336 2653 2405 siquidem
2705 2337 2890 2391 omnia
2923 2354 2952 2391 a
2983 2339 3246 2391 militibus
3279 2353 3484 2407 cogno-

1910 2426 2108 2481 scenda
2141 2442 2248 2480 non
2279 2435 2428 2482 sunt.
2455 2425 2572 2481 Non
2595 2429 2738 2482 enini
2763 2436 2978 2496 oportet
2996 2428 3180 2481 omnia
3209 2427 3260 2480 in
3289 2427 3483 2496 vulgus

1909 2517 2110 2581 efferri,
2143 2533 2209 2572 ne
2255 2518 2322 2571 ab
2369 2518 2614 2571 hostibus
2656 2533 2720 2572 ea
2763 2528 3149 2588 agnoscantur.
3184 2519 3253 2574 Iis
3297 2526 3480 2572 autem

1910 2609 2149 2662 motibus
2206 2609 2479 2677 praedictis
2513 2609 2580 2662 ad
2629 2624 2820 2664 omnes
2865 2625 3000 2664 usus
3055 2609 3179 2662 belli
3225 2609 3481 2664 cohortes

1913 2701 2120 2754 habiles
2139 2700 2292 2763 fiunt,
2317 2709 2374 2753 ut
2403 2710 2514 2754 tum
2541 2701 2594 2753 in
2626 2717 2897 2764 cursores,
2928 2712 3040 2755 tum
3070 2703 3120 2755 in
3144 2701 3482 2765 defensores,

1911 2802 2025 2845 tum
2061 2792 2111 2843 in
2146 2791 2437 2856 Iateranos,
2480 2801 2592 2846 tum
2627 2792 2682 2845 in
2711 2791 3045 2859 cornistites,
3078 2793 3168 2848 uhi
3198 2807 3339 2864 opus
3373 2800 3479 2858 est,

1913 2881 2155 2951 cooptari
2175 2882 2494 2951 assumique
2517 2883 2748 2952 possint.

307 3152 419 3222 μβ’.
451 3153 772 3222 Ἀναγκαῖον
807 3154 864 3209 δέ
897 3156 1013 3207 ἐστι
1059 3156 1253 3210 λοιπὸν
1283 3158 1375 3210 καὶ
1402 3158 1502 3228 τὴν
1550 3159 1688 3228 πρὸς
1718 3160 1809 3214 ἄλ·
1836 3175 1879 3232 c

1836 3175 1879 3232 ο
1981 3167 2070 3220 42.
2116 3166 2298 3221 Banda
2331 3175 2534 3228 autem,
2572 3165 2686 3219 sive
2715 3166 2968 3220 cohortes
2997 3165 3229 3235 quadam
3258 3181 3483 3222 consen-

226 3250 372 3318 ληλα
402 3251 469 3302 τά
521 3249 693 3318 βάνδα
724 3253 1045 3320 συμφωνίαν
1079 3253 1172 3306 καὶ
1192 3253 1349 3320 τάξιν
1377 3254 1674 3318 είθίζεσθαι
1727 3257 1802 3319 ώς

225 3342 325 3390 ἐπὶ
349 3340 725 3409 παρατάξεως.
775 3341 913 3394 Ἀλλ’
937 3341 1047 3402 ἵνα,
1077 3341 1157 3403 ὡς
1206 3342 1442 3411 εῐρηται,
1479 3344 1553 3412 μὴ
1595 3343 1802 3414 φανερὰ

226 3433 441 3494 γίνεται
464 3433 500 3499 ἡ
531 3432 680 3483 πᾶσα
713 3429 931 3495 ἔκταξις
958 3434 1070 3494 τοῖς
1101 3431 1332 3501 ἐχθροῖς.
1377 3432 1644 3485 Οὐδέποτε
1695 3438 1803 3504 γὰρ

225 3521 343 3592 πρὸ
394 3523 494 3591 τῆς
529 3521 707 3592 μάχης
756 3523 856 3592 τὴν
883 3524 1064 3576 πᾶσαν
1093 3524 1246 3587 τάξιν
1279 3527 1335 3575 ἐν
1366 3524 1443 3593 τῷ
1475 3525 1613 3592 ἅμα,
1639 3541 1798 3576 τουτ-

224 3612 383 3664 έστιν
435 3613 517 3675 είς
569 3614 793 3682 πρώτην
860 3614 956 3665 καὶ
1021 3613 1281 3683 δευτέραν
1331 3613 1665 3683 παράταξιν,
1715 3614 1804 3667 διὰ

224 3703 544 3772 γυμνασίαν
578 3705 746 3774 μόνην
772 3704 1019 3767 τάσσειν,
1051 3704 1082 3773 ἢ
1127 3705 1600 3773 πλαγιοφύλακας,
1622 3704 1653 3774 ἢ
1679 3706 1804 3769 τοὺς

225 3797 648 3865 ὑπερκεραστὰς
687 3795 1040 3864 λεγομένους,
1099 3795 1130 3864 ἦ
1175 3797 1302 3859 τοὺς
1351 3796 1666 3866 δρουγγιστὶ
1709 3799 1804 3851 καὶ

225 3887 603 3949 λανθανόντως
639 3886 1104 3954 προσπίπτοντας,
1140 3887 1174 3955 ἢ
1202 3886 1446 3956 ὲνέδρας,
1495 3888 1662 3956 ἤγουν
1713 3888 1807 3952 ὲγ-

226 3977 479 4046 κρίματα
521 3977 597 4046 (ὅ)
635 3976 746 4030 ’τά
797 3977 903 4047 γάρ
956 3976 1184 4029 τοιαῦτα
1229 3977 1561 4046 στρατηγίας
1608 3978 1805 4046 μᾶλλον

224 4067 640 4138 ἐπιτηδεύματα
678 4065 818 4122 εἶναι
871 4069 1012 4123 κατὰ
1046 4069 1154 4122 τῶν
1211 4069 1442 4138 ἐχθρῶν,
1496 4070 1528 4139 ἢ
1577 4070 1802 4134 τάξεως,

226 4161 380 4230 ἅπερ
434 4160 987 4231 προπουσλικίζεσθαι
1039 4164 1096 4214 ὲν
1171 4163 1291 4224 ταῖς
1348 4162 1680 4232 γυμνασίαις
1744 4164 1804 4216 οὐ

228 4252 525 4321 συμφέρει.
570 4251 732 4305 Ἀλλὰ
761 4253 882 4306 τότε
920 4254 1055 4324 πρὸς
1088 4254 1149 4308 τὸ
1172 4254 1343 4324 παρὸν
1369 4254 1510 4307 κατὰ
1532 4254 1630 4325 τὴν
1648 4256 1806 4309 citat-

225 4343 432 4394 τοῦσαν
456 4344 647 4412 χρείαν
669 4347 834 4401 ποιεῖ.

304 4431 414 4502 μγ’.
452 4435 665 4506 Πρέπον
697 4437 809 4501 οὖν,
845 4437 951 4490 εἴτε
987 4437 1106 4492 καθ’
1130 4438 1290 4490 ἑαυτὸ
1335 4436 1431 4490 τοῦ
1465 4437 1701 4509 κόμητος
1745 4439 1808 4491 τὸ

1905 3260 2058 3315 sione
2107 3267 2162 3312 et
2208 3259 2588 3320 instructione,
2621 3257 2776 3325 quasi
2806 3257 2856 3310 in
2898 3258 3012 3312 acie
3054 3257 3167 3326 ipsa
3206 3257 3481 3327 jungenda

1905 3359 2051 3404 sunt.
2090 3349 2190 3402 Sed
2219 3366 2285 3402 ne
2325 3349 2589 3403 univers:e
2612 3349 3026 3403 exercitationes
3056 3359 3109 3402 et
3174 3348 3482 3403 molitiones

1907 3443 2155 3496 hostibus
2172 3451 2552 3510 agnoscantur,
2575 3457 2851 3510 nunquam
2872 3451 2995 3494 ante
3015 3441 3473 3494 conflictationem

1907 3535 2077 3603 ipsam
2106 3536 2369 3588 universae
2401 3536 2568 3602 copi-ae
2618 3536 2814 3598 simul,
2845 3533 2894 3586 id
2935 3543 3011 3586 est
3040 3575 3053 3595 ,
3088 3534 3139 3586 in
3176 3535 3406 3603 prinam
3430 3541 3482 3587 et

1907 3626 2200 3678 secundam
2229 3625 2399 3677 aciem
2423 3623 2829 3677 exercitationis
2858 3637 3026 3676 causa
3055 3623 3474 3686 transferantur,

1907 3715 1989 3767 vel
2019 3715 2082 3767 ad
2121 3715 2411 3780 Iateranos,
2446 3715 2527 3768 vel
2569 3715 2634 3767 ad
2679 3715 3008 3777 cornistites,
3048 3713 3128 3765 vel
3165 3713 3228 3765 ad
3259 3727 3355 3766 eos
3385 3713 3478 3780 qui

1904 3806 2234 3877 δρουγγιστὶ,
2263 3807 2313 3860 id
2337 3816 2438 3867 est,
2458 3805 2765 3869 confertim,
2795 3815 2847 3858 et
2873 3805 3009 3858 clam
3035 3803 3370 3867 adoriuntur,
3400 3802 3480 3856 vel

1907 3899 1973 3951 ad
2029 3899 2275 3952 occultas
2338 3897 2603 3961 insidias;
2673 3897 2983 3968 huiusmodi
3036 3897 3180 3950 enim
3250 3894 3479 3948 consilii

1908 3989 2256 4058 imperatoria
2324 3991 2586 4057 divulgari
2642 4000 2696 4042 et
2746 3992 2798 4043 in
2837 3990 3028 4057 vulgus
3074 3987 3252 4042 efferri
3304 3987 3482 4056 prius-

1908 4094 2073 4148 quam
2117 4093 2241 4132 eum
2288 4080 2442 4133 hoste
2490 4077 2788 4147 eonfligas,
2839 4078 3032 4131 inutile
3089 4085 3193 4130 est.
3258 4075 3362 4129 Sed
3409 4073 3480 4128 ad

1911 4181 2228 4240 praesentem
2258 4187 2437 4225 rerum
2467 4187 2622 4224 usum
2652 4187 2716 4226 ex
2748 4182 2990 4239 tempore
3020 4171 3145 4223 talia
3173 4166 3478 4222 adhibenda

1909 4270 2058 4314 SUDI.

1978 4435 2067 4488 45.
2112 4435 2214 4488 Par
2242 4443 2325 4488 est
2351 4434 2534 4502 igitur,
2567 4433 2680 4488 sive
2716 4433 2931 4487 comitis
2959 4431 3191 4500 alicujus
3215 4431 3477 4495 handnm,

227 4523 444 4593 βάνδον,
471 4526 581 4578 εἴτε
603 4526 927 4595 δρούγγους,
961 4528 1073 4581 εἴτε
1112 4529 1350 4600 τούρμα,
1387 4530 1494 4582 εἴτε
1534 4530 1625 4583 καὶ
1679 4548 1803 4602 προ·
1836 4521 1877 4576 D

1836 4521 1877 4576 ἰ)
1909 4527 2023 4583 sive
2063 4527 2329 4596 drungus,
2361 4526 2475 4581 sive
2505 4536 2684 4580 turma
2713 4525 2943 4580 seorsim
2988 4535 3332 4586 exerceatur,
3362 4523 3478 4577 sive

224 4614 538 4685 παράταξις
592 4618 788 4672 πολλοῦ
844 4619 1074 4688 στρατοῦ
1125 4621 1291 4683 ἔστιν,
1341 4621 1398 4672 ὲν
1428 4621 1576 4691 τρισὶ
1605 4621 1798 4690 μέρεσι

225 4710 455 4764 τάσσειν
506 4711 632 4774 τοὺς
704 4711 1176 4782 γυμναζομένους.
1230 4712 1339 4764 Καὶ
1383 4712 1429 4764 εί
1485 4711 1582 4780 μὲν
1613 4711 1803 4780 βάνδον

226 4800 349 4854 ἐστὶ
375 4801 436 4852 τὸ
469 4799 596 4853 ⁶καθ’
640 4800 800 4854 ἑαυτὸ
828 4802 1261 4871 γυμναζόμενον,
1292 4803 1414 4865 τοὺς
1457 4801 1674 4863 πλείους
1702 4802 1799 4857 αὺ-

223 4890 339 4943 τῶν
373 4891 432 4943 ὲν
446 4889 598 4952 τάξει
620 4891 950 4962 κουρσώρων
976 4893 1170 4944 ποιεῖν.
1205 4889 1334 4943 Ἀπὸ
1357 4890 1491 4944 δέκα
1514 4891 1571 4944 δὲ
1599 4892 1803 4946 καὸαλ-

223 4981 453 5053 λαρίους
482 4981 557 5050 (6)
587 4983 679 5035 ἐπὶ
697 4983 875 5053 ἁπλῆς
911 4984 1070 5045 άκίας
1121 4983 1271 5036 ἐνθεν
1302 4984 1558 5038 κάκεῖθεν
1607 4984 1804 5047 αὐτοὺς

232 5071 612 5142 ίσομετώπους
641 5073 861 5127 τάσσειν
899 5076 957 5127 ἐν
1001 5073 1150 5140 τάξει
1183 5071 1554 5144 διφενσώρων,
1613 5074 1807 5136 ἄλλους

224 5167 286 5219 δὲ
356 5165 570 5235 ὀλίγους
633 5166 1031 5238 καὸαλλαρίους
1092 5166 1220 5236 ἄχρι
1283 5165 1412 5218 δέκα
1466 5166 1688 5220 τάσσειν
1738 5164 1807 5217 δι’

223 5257 407 5326 ὅψεως
433 5258 732 5324 ἐναντίους,
786 5257 926 5312 ὥστε
976 5260 1074 5327 τὴν
1113 5256 1386 5327 συμϐολὴν
1426 5260 1558 5327 πρὸς
1603 5258 1804 5321 αὐτοὺς

227 5347 572 5412 εἰκάζεσθαι.

1911 4620 1964 4672 in
2008 4620 2367 4674 instructione
2418 4617 2597 4687 magni
2641 4617 2914 4672 exercitus
2952 4615 3275 4678 collocetur,
3329 4621 3388 4667 ut
3421 4613 3477 4667 in

1915 4720 2024 4764 tres
2058 4717 2240 4778 partes
2272 4707 2562 4761 exercendi
2599 4706 2932 4760 dividantur.
2976 4703 3032 4758 Si
3071 4705 3330 4767 bandum,
3364 4703 3480 4756 sive

1907 4804 2101 4857 cohors
2120 4816 2209 4869 per
2226 4816 2285 4853 se
2312 4808 2691 4862 exerceantur,
2712 4797 3000 4852 maximam
3033 4797 3244 4849 illorum
3275 4806 3480 4863 partem

1913 4895 1966 4949 in
2001 4907 2287 4948 cursorum
2317 4891 2534 4960 agmine
2565 4905 2764 4959 pones;
2798 4903 2864 4944 ex
2897 4889 3173 4957 equitatus
3215 4887 3474 4954 simplici-

1913 4987 2016 5040 bus
2076 4983 2450 5038 contuberniis
2491 4982 2639 5046 hinc,
2667 4991 2830 5050 atque
2849 4981 2996 5034 illine
3023 4977 3247 5048 aequalia
3273 4994 3479 5030 eoi-nua

1912 5073 2260 5128 defensorum
2292 5072 2412 5125 loco
2440 5086 2637 5139 pones;
2671 5069 2804 5123 alios
2831 5079 3010 5122 autem
3041 5083 3243 5138 paucos
3268 5068 3478 5135 equites

1913 5167 2127 5221 eminus
2152 5173 2275 5218 ante
2303 5171 2656 5230 conspectum
2692 5160 2906 5213 illorum
2930 5174 3120 5229 pones,
3155 5167 3212 5212 ut
3233 5159 3385 5227 quasi
3413 5156 3478 5210 ad

1914 5257 2311 5326 confligendum
2337 5268 2460 5308 eum
2494 5252 2600 5306 illis
2624 5266 2681 5306 se
2709 5265 3014 5321 pmparare
3037 5250 3268 5320 possint.

1733 5473 1957 5532 ΝΟΤίΕ.

300 5596 382 5664 (5)
408 5593 567 5647 Κατὰ
591 5593 796 5660 νώτου,
835 5594 1022 5662 ἤγουν
1053 5593 1320 5648 ὄπισθεν.
1352 5592 1720 5656 Serihehatur,
1747 5609 1799 5645 κ.

227 5686 279 5722 ν.
307 5663 654 5737 ὗγρόπισθεν.

304 5732 728 5806 (ΠῈθισθῶσι.
755 5734 1124 5806 Seribehatur,
1148 5732 1457 5806 tetasOiIm.

309 5802 634 5879 (ὅΓΗγουν
681 5807 1022 5876 ἑγκρίματα.
1075 5805 1288 5870 Scribe,
1326 5804 1492 5875 ἤγουν
1542 5802 1785 5874 ἐγκρύμ-

1914 5607 2073 5724 Psibi).
2123 5657 2257 5740 Ἀίεὸ
2315 5658 2460 5711 δέκα
2524 5656 2591 5709 δὲ
2646 5655 3107 5722 καόαλλαρίοινς.
3141 5652 3471 5718 l'ljicicnlmn

1911 5744 2128 5792 censeo,
2167 5743 2314 5781 οεκα.
