4176 6446
798 390 909 459 ’147

2018 404 2291 466 LEONIS
2324 408 2782 472 PHILOSOPHI

3932 420 4037 485 748

868 501 960 559 ιι.
980 499 1102 559 Jam
1124 518 1245 560 cum
1265 519 1325 560 se
1345 506 1502 575 quasi
1526 508 1593 563 ad
1621 508 1871 579 praelium
1896 522 2141 580 movent,
2169 528 2354 582 magno

2539 521 2641 588 μδ’.
2689 522 2995 577 Κινούντων
3029 522 3085 578 δὲ
3131 523 3308 580 αὐτῶν
3332 526 3429 591 ,ὡς
3474 528 3565 583 ἐπὶ
3592 530 3776 601 μάχην
3812 530 4035 605 ἐξέρχε-

799 605 1003 665 tmpetu
1043 594 1186 651 facto
1217 610 1471 654 cursores
1500 614 1559 655 se
1600 615 1630 654 a
1660 600 2040 659 defensoribus
2088 616 2362 675 separant,

799 693 856 740 et
884 685 973 741 ubi
1007 693 1152 739 recta
1176 701 1348 741 unum
1395 698 1558 759 atque
1579 689 1810 746 alterum
1842 692 2075 750 milliare
2107 708 2381 764 excurre:

798 774 925 836 rint,
950 774 1233 830 dimidium
1262 777 1408 833 illius
1431 779 1588 847 spatii
1619 791 1981 849 revertantur,
2006 792 2061 839 et
2088 785 2361 843 interdum

795 862 1140 918 dextrorsum
1161 904 1176 927 ,
1212 864 1483 920 interdum
1516 866 1800 926 laevorsum
1832 887 1891 927 se
1919 875 2191 930 currendo
2222 876 2361 931 obli-

796 963 997 1022 quent,
1027 954 1212 1024 sicque
1241 957 1400 1012 tertio
1452 971 1754 1031 quartoque
1792 962 2017 1031 faciant,
2058 982 2361 1038 rursusque

797 1045 1093 1099 orbiculate
1127 1047 1443 1115 procedant,
1480 1058 1668 1118 postea
1697 1053 1931 1121 spatium
1972 1054 2104 1111 illud
2132 1071 2358 1127 percur-

792 1144 992 1200 rentes,
1008 1139 1167 1206 [quod
1199 1139 1342 1194 inter
1365 1156 1461 1196 eos
1485 1155 1539 1197 et
1563 1143 1877 1202 defensores
1898 1160 2005 1212 est,
2044 1149 2186 1205 unde
2213 1150 2361 1207 exie-

792 1236 936 1291 rant,
969 1244 1092 1284 cum
1133 1229 1511 1287 defensoribus
1546 1236 1704 1304 quasi
1734 1236 2018 1295 instructis
2058 1240 2110 1295 in
2138 1242 2260 1296 acie
2290 1242 2357 1299 iis

791 1328 1107 1385 occurrant,
1143 1321 1238 1391 qui
1270 1333 1397 1379 ante
1429 1339 1526 1381 eos
1558 1325 2004 1400 insequebantur.

854 1502 947 1555 ἠδ.
978 1500 1213 1573 Drungo,
1239 1504 1291 1559 id
1316 1514 1419 1573 est,
1444 1508 1650 1579 integra
1673 1510 1898 1567 cohorte
1920 1512 2171 1569 milliaria
2198 1530 2355 1570 excr-

787 1595 989 1647 citante
1020 1597 1252 1659 sc,idem
1284 1597 1473 1666 facies,
1510 1610 1565 1655 et
1614 1603 1891 1658 cohortem
1929 1605 1982 1660 in
2014 1620 2267 1662 cursores
2302 1617 2356 1662 et

2466 612 2587 665 σθαι
2621 614 2717 667 σὺν
2737 614 2927 687 έλασίεμ¹
2947 614 3038 669 τοῦ
3066 616 3398 689 κούρσωρος,
3444 622 3536 674 καὶ
3561 622 3898 692 χωρίζεσθαι
3926 625 4036 678 τῶν

2461 702 2911 776 διφεστόρων(7),
2935 708 3030 761 καὶ
3052 708 3344 780 τρέχοντας
3394 712 3479 766 ἐπ’
3520 713 3735 779 εύθείας
3782 715 3861 779 ὡς
3896 715 3955 769 ιν
4001 717 4033 787 ἢ

2460 794 2713 864 δεύτερον
2738 796 2906 866 μίλιν,
2935 798 3303 870 ὑποστρέφειν
3339 801 3446 867 ῑως
3492 803 3585 858 τοῦ
3618 805 3862 875 ἡμίσεως
3891 808 4037 862 ἐκεί-

2461 902 2552 940 νου
2579 885 2964 958 διαστήματος,
2989 892 3083 944 καὶ
3118 891 3464 957 ἐκκλίνοντας
3518 894 3646 949 ποτέ
3701 897 3800 966 μὶν
3859 898 4033 965 δεξιὰ,

2460 975 2589 1029 ποτέ
2610 975 2666 1029 δὲ
2690 977 2952 1050 ἀριστερὰ
2971 982 3206 1052 τρέχειν,
3232 981 3406 1047 οὕτως
3431 984 3488 1038 δέ
3537 988 3710 1040 ποιεῖν
3730 988 3828 1042 καὶ
3848 990 4033 1059 τρίτον

2459 1066 2555 1119 καὶ
2580 1067 2854 1137 τέταρτον,
2891 1064 3009 1149 εἶτα
3065 1072 3227 1128 πάλιν
3276 1072 3598 1140 κυκλοειδῶς
3624 1077 3891 1140 ἐλαύνειν,
3940 1081 4032 1132 καὶ

2462 1158 2599 1229 μετὰ
2622 1159 2793 1213 ταῦτα
2814 1164 3243 1233 προστρέχοντας
3276 1167 3335 1219 ἐν
3372 1164 3450 1237 τῷ
3482 1169 3683 1237 μεταξὺ
3716 1170 3871 1239 τόπῳ
3923 1170 4030 1223 τῶν

2456 1248 2820 1319 διιρενσὼρων,
2854 1252 2977 1307 ὅθεν
3004 1254 3097 1306 καὶ
3124 1254 3370 1326 ἐξῆλθον,
3400 1258 3535 1327 μετὰ
3556 1257 3662 1311 τῶν
3684 1260 3759 1322 ὡς
3789 1262 3850 1313 ἐν
3879 1262 4028 1328 τάξει

2455 1339 2801 1409 διφενσώρων
2853 1342 3118 1413 ἐλαύνειν,
3160 1344 3235 1410 ὼς
3266 1347 3346 1411 είς
3378 1348 3681 1419 ἀπάντησιν
3707 1352 3814 1403 τῶν
3856 1370 4026 1406 κατα-

2456 1430 2761 1485 διωκόντων
2783 1433 3000 1498 αὐτούς.

2530 1518 2631 1590 με’.
2662 1520 2816 1575 Οὕτω
2851 1523 2907 1577 δέ
2938 1527 3110 1579 ποιεῖν
3138 1528 3233 1580 καὶ
3266 1527 3535 1598 δρούγγου
3562 1532 3985 1603 γυμναζομένου
4008 1550 4022 1564 ·

2456 1611 2548 1663 καὶ
2579 1611 2648 1665 τά
2680 1614 2778 1682 μὲν
2800 1614 2908 1667 τῶν
2932 1616 3141 1684 βάνδων
3186 1618 3352 1673 αὐτοῦ
3401 1622 3621 1676 τάσσειν
3676 1624 4022 1695 κούρσωρας,

787 1684 841 1737 in
866 1686 1183 1743 defensores
1205 1689 1437 1757 divides,
1471 1701 1524 1748 et
1553 1708 1647 1749 eos
1676 1695 1770 1764 qui
1801 1710 2055 1752 cursores
2086 1708 2233 1763 sunt,
2269 1698 2354 1753 in-

2452 1702 2522 1756 τὰ
2547 1694 2604 1757 δέ
2644 1705 2995 1777 διφένσωρας,
3018 1709 3114 1763 καὶ
3137 1710 3297 1765 πάλιν
3324 1713 3664 1768 ἐναλλάσσειν
3689 1684 3850 1781 αὐτὰ,

788 1777 999 1831 terdum
1037 1779 1352 1836 defensores
1398 1781 1882 1850 facies,interdum
1923 1798 2144 1857 contra,
2184 1800 2241 1846 ut
2282 1790 2348 1845 ad

2457 1794 2548 1866 [τὰ
2581 1794 2703 1867 μὲν]
2727 1798 2853 1861 τοὺς
2873 1796 3212 1871 κούρσωρας,
3245 1803 3312 1856 τὰ
3338 1803 3393 1857 δὲ
3426 1805 3795 1878 διαφένσωρας
3826 1777 4021 1872 ποιεῖν,

786 1880 1001 1921 onmem
1034 1871 1393 1940 usumparati
1423 1873 1551 1929 sint.

2456 1864 2553 1960 καὶ.
2586 1864 2730 1951 τούς
2787 1864 3208 1962 διαφένσωραςξ
3250 1893 3390 1949 ὥστε
3439 1864 3576 1967 πρδς
3628 1864 3726 1967 τὴν
3758 1864 4023 1955 δοκοῦσαν

2392 2045 2407 2065 Ι
2454 1980 2642 2053 χρείαν
2675 1983 2927 2053 ἑτοίμους
2949 1985 3147 2049 αὐτοὺς
3176 1981 3334 2042 εἷναι.

854 2043 942 2098 46.
977 2044 1240 2102 Similiter
1281 2049 1467 2117 facies,
1501 2052 1679 2147 turma
1732 2056 1917 2127 aliqua
1953 2072 2014 2113 se
2043 2069 2350 2126 exercente,

2454 2043 2640 2146 μς’.
2682 2043 2921 2146 ὀμόιωξ
2961 2078 3017 2131 δι
3078 2043 3250 2133 ποιεῖν
3277 2080 3369 2133 και
3400 2080 3643 2151 τούρμας
3671 2083 4019 2153 γυμναζομέ-

782 2145 837 2192 et
871 2139 988 2193 acie
1035 2140 1209 2207 prima
1251 2152 1343 2197 aut
1394 2146 1633 2201 secunda
1660 2133 1780 2203 'hoc
1821 2149 2075 2206 faciente.
2121 2153 2353 2209 Adverte

783 2237 962 2282 autem
988 2230 1333 2299 potissimum
1362 2234 1462 2289 has
1485 2237 1818 2293 orbiculatas
1850 2256 2138 2297 cursorum
2167 2242 2351 2298 incur-

782 2318 986 2382 siones,
1012 2320 1104 2376 ubi
1127 2322 1339 2379 diversa
1365 2333 1419 2379 et
1444 2328 1589 2382 varia
1614 2329 1791 2384 banda
1821 2330 1935 2386 sive
1958 2333 2210 2388 cohortes
2233 2334 2352 2388 fue-

784 2412 910 2475 rint,
936 2423 995 2466 ut
1024 2414 1075 2466 in
1099 2415 1235 2469 duas
1258 2425 1434 2471 sortes
1457 2418 1787 2485 dividantur,
1811 2431 1865 2476 et
1903 2424 2181 2478 contrario
2210 2425 2352 2480 inter

781 2519 839 2556 se
867 2513 1014 2557 motu
1043 2514 1285 2571 currant,
1319 2516 1373 2560 et
1402 2508 1614 2563 obviam
1646 2512 1749 2568 sibi
1784 2524 1971 2568 mutuo
2005 2515 2155 2580 ﬁant,
2181 2518 2349 2572 altera

782 2594 935 2662 foris,
966 2598 1129 2651 altera
1172 2598 1401 2653 interius
1432 2598 1733 2669 ‘Currendo,
1765 2614 1823 2658 ut
1858 2622 1922 2660 ne
1962 2606 2351 2678 impedimento

779 2688 1056 2758 equitibus
1086 2689 1214 2746 sint.

849 2800 938 2855 Π.
978 2800 1179 2858 Deinde
1217 2806 1459 2862 latrones
1497 2808 1611 2863 sive
1652 2808 2346 2882 lateranos’etcornistitel,

780 2893 833 2946 id
877 2902 988 2955 est,
1034 2910 1127 2949 eos
1172 2896 1261 2963 qui
1305 2898 1373 2951 ad
1420 2898 1842 2956 circumdandos
1881 2918 1911 2956 a
1956 2904 2143 2959 dextra
2197 2916 2350 2974 parte

780 2987 963 3041 hostes
998 2987 1221 3041 locaturi
1244 3030 1258 3054 ,
1289 2991 1576 3060 separatim
1619 3008 1741 3047 cum
1779 2994 1885 3049 illis
1929 2998 2257 3065 δρουγγιστὶ,
2296 2999 2349 3053 id

778 3086 884 3141 est,
917 3078 1203 3135 confertim
1226 3090 1279 3135 et
1306 3082 1467 3137 simul
1491 3083 1821 3138 incursando
1850 3102 2125 3140 exerceas.
2166 3086 2269 3142 Sed
2296 3088 2363 3179 id‘

2452 2185 2550 2237 νης
2574 2166 2931 2239 παρατάξεως
2951 2170 3196 2241 πρώτης,
3227 2172 3321 2226 καὶ
3350 2173 3704 2243 παρατάξεως
3733 2174 4014 2246 δευτέρας.

2463 2258 2789 2327 Ἐπισκέψαι
2842 2258 2901 2311 δέ
2950 2261 3031 2323 είς
3090 2260 3189 2323 τὰς
3243 2261 3574 2326 κυκλοειδεῖς
3630 2262 3851 2327 ὲλασίας
3914 2266 4022 2319 τῶν

2451 2348 2781 2421 κουρσώρων
2832 2350 2966 2403 ὅπου
3002 2350 3231 2423 διάφορα
3267 2352 3429 2421 βάνδα
3481 2353 3850 2423 εὑρίσκονται,
3878 2350 4019 2409 ὥστε

2452 2444 2531 2503 εἰς
2576 2440 2670 2494 δύο
2723 2440 2897 2511 ἀρχὰς
2928 2440 3100 2495 ταῦτα
3145 2442 3481 2513 μερίζεσθαι,
3517 2445 3611 2498 καὶ
3644 2445 3891 2499 ἐλαύνειν
3921 2448 4020 2516 τὴν

2451 2532 2699 2585 ἐναντίαν
2749 2532 3014 2601 ἀλλήλων,
3068 2534 3161 2587 καὶ
3204 2534 3296 2587 ὑπ’
3346 2534 3514 2598 αὐτὰς
3535 2535 3633 2601 τὰς
3659 2536 3851 2607 ἀρχάς,
3923 2538 4022 2608 τὴν

2453 2623 2554 2694 μὲν
2589 2622 2715 2693 μίαν
2734 2624 2860 2690 ἔξω,
2888 2624 2988 2694 τὴν
3014 2624 3070 2678 δέ
3103 2625 3359 2697 δευτέραν
3392 2627 3643 2698 ἐσωτέρω
3674 2629 3911 2700 τρέχειν,
3934 2632 4060 2683 Eva."

2454 2715 2530 2787 μὴ
2557 2716 2991 2788 προσκρούματα
3013 2717 3395 2789 χάϐαλλαρίων
3424 2719 3700 2788 γίνωνται.

2519 2830 2627 2902 μς.
2689 2832 2816 2885 Δέον
2868 2833 2926 2886 δὲ
2983 2831 3079 2887 καὶ
3126 2820 3593 2903 πλαγιοφύλακας,
3626 2837 3722 2891 καὶ
3772 2838 4016 2908 ὑπερκε-

2452 2922 2677 2999 ραστὰς,
2709 2924 2878 2993 ἧγουν
2905 2924 3031 2987 τοὺς
3057 2924 3156 2983 τὰς
3178 2925 3480 2987 κυκλώσεις
3520 2926 3629 2979 ἀπὸ
3685 2925 3780 2979 τοῦ
3840 2926 4018 2993 δεξιοῦ

2454 3000 2652 3081 μέρους
2715 3012 3003 3075 ποιοῦντας
3078 3013 3221 3077 ίδίως
3277 3014 3413 3084 μετὰ
3458 3014 3635 3069 αὐτῶν
3681 3015 4018 3087 δρουγγιστὶ,

2450 3103 2615 3172 ἦγο·.ν
2658 3105 2893 3166 πυκνοὺς
2946 3104 3040 3158 καὶ
3088 3104 3223 3173 ὁμοῦ
3281 3105 3651 3175 ἐμπίπτοντας
3692 3107 4018 3175 γυμνάζειν,

776 3173 1051 3243 praedictis
1067 3174 1132 3229 de
1155 3176 1339 3230 causis
1356 3185 1618 3245 quantum
1650 3187 1804 3247 potes
1822 3179 2129 3232 clanculum
2157 3179 2353 3235 facias.’

2450 3193 2817 3259 λανθανόντως
2855 3194 2911 3247 δὲ
2943 3195 3012 3247 δι’
3036 3195 3105 3265 ἠν
3129 3173 3388 3268 ἀνωτέρω
3417 3197 3643 3267 εἴπομεν
3670 3173 3874 3251 αἰτίαν.

846 3288 935 3342 68.
976 3287 1160 3358 Itaque
1187 3289 1230 3343 si
1262 3290 1416 3360 quasi
1440 3290 1701 3345 adversus
1736 3292 1909 3345 aciem
1944 3292 2179 3347 hostium
2211 3293 2343 3346 emi-

778 3395 881 3434 nus
915 3382 1292 3443 exsistcntem,
1333 3390 1455 3436 tuos
1489 3381 1835 3445 instruxeris,
1879 3396 2075 3436 accura
2115 3391 2172 3435 ut
2200 3397 2343 3437 exae—

776 3483 1013 3543 quentur
1041 3474 1166 3536 illis,
1201 3484 1255 3529 et
1291 3490 1395 3527 non
1434 3474 1935 3528 circumveniantur
1964 3474 2032 3526 ab
2068 3474 2155 3527 iis.
2190 3464 2255 3526 In
2278 3472 2343 3528 iis

775 3576 895 3634 quae
925 3567 1171 3621 cominus
1202 3577 1329 3622 sunt
1358 3567 1553 3636 perfice
1586 3574 1647 3621 ut
1678 3567 1863 3622 hostes
1891 3582 1920 3620 a
1957 3568 2064 3620 tuis
2105 3566 2342 3620 circumé

777 3657 992 3724 dentur,
1024 3660 1212 3728 paucis
1241 3660 1513 3730 equitibus
1552 3674 1650 3728 per
1685 3659 1953 3729 simplicia
1985 3658 2342 3713 contubernia

779 3765 952 3819 usque
995 3752 1057 3805 ad
1099 3752 1260 3807 unius
1296 3762 1462 3821 atque
1501 3754 1727 3807 alterius
1757 3747 2002 3806 cdliortis
2036 3749 2341 3804 multitudi-

779 3858 899 3896 nem
935 3843 1092 3912 qunsi
1138 3845 1391 3899 hostibus
1432 3844 1766 3915 praepositis,
1809 3853 1867 3898 ut
1909 3844 2199 3896 adversum
2249 3857 2342 3895 eos

778 3946 889 3989 tum
924 3936 990 3989 ad
1033 3937 1358 4001 lunandmn,
1405 3946 1517 3990 tum
1546 3938 1612 3990 ad
1647 3935 2184 3991 circumveniendum
2222 3948 2340 3997 eus,

775 4029 1089 4101 cor'nistites
1128 4029 1385 4095 dirigant.
1435 4026 1634 4081 Deinde
1677 4028 1755 4081 sic
1782 4026 1872 4095 qui
1913 4040 2036 4077 cum
2082 4023 2187 4077 illis
2216 4038 2340 4075 vcr-

776 4130 994 4179 santur,
1015 4119 1328 4186 δρουγγιστὶ
1349 4118 1501 4188 quasi
1533 4133 1681 4172 maza
1712 4117 1873 4170 simul
1904 4114 2207 4169 clanculum
2242 4113 2340 4181 ipsi

777 4214 875 4266 soli
900 4213 964 4267 de
996 4212 1292 4281 improviso
1313 4211 1660 4265 contentione
1690 4210 1925 4279 quadam
1950 4207 2112 4262 celeri
2144 4221 2339 4260 excur-

778 4314 979 4365 rentes.
1011 4319 1041 4359 a
1080 4315 1251 4375 tergo,
1286 4303 1336 4359 id
1382 4313 1485 4368 est,
1523 4303 1729 4374 postica
1761 4311 1913 4373 parte
1944 4301 2181 4379 hostium
2218 4300 2340 4354 illos

779 4396 1050 4449 invadant.

843 4510 931 4564 49.
958 4509 1051 4563 Hm
1099 4510 1262 4580 igitur
1281 4509 1698 4565 exercitationes
1723 4507 1996 4578 simplices
2020 4514 2166 4567 sunt,
2188 4519 2337 4560 com-

777 4604 1013 4656 llillllllCl‘
1044 4611 1219 4656 tamen
1253 4602 1450 4657 multas
1467 4601 1745 4663 cohortes,
1784 4608 1837 4654 et
1868 4598 2116 4669 privatim
2151 4611 2342 4649 nnam~

773 4710 1048 4763 quamque
1097 4694 1376 4749 cohortem
1423 4694 1616 4748 idonee
1667 4704 1951 4753 exercent,
2002 4704 2055 4743 et
2103 4689 2338 4743 inimicis

775 4788 920 4841 acies
952 4795 1141 4841 nostra
1176 4785 1398 4840 minime
1429 4786 1692 4855 aperitur.
1719 4784 1840 4839 Istae
1885 4782 2336 4855 exercitationum

776 4877 963 4931 fnrmze
982 4878 1200 4947 scriptis
1228 4878 1502 4932 tradenda:
1522 4878 1853 4932 turmarchis
1878 4877 1983 4930 tuis
2007 4884 2158 4937 sunt,
2180 4882 2234 4929 ct
2254 4888 2339 4929 re-

775 4970 939 5040 liquis
968 4969 1289 5026 cohortibus
1315 4985 1439 5041 quae
1459 4970 1753 5039 separatim
1782 4979 2127 5024 exercentur.

843 5164 934 5219 50.
970 5163 1315 5221 Assuefacito
1339 5167 1403 5221 ad
1431 5167 1743 5237 hujusmodi
1765 5167 2205 5233 exercitationes,
2229 5185 2335 5225 non

774 5259 949 5311 solum
985 5258 1037 5310 in
1069 5258 1490 5327 campesuibus,
1522 5260 1617 5314 sed
1650 5259 1813 5314 etiam
1847 5259 1898 5312 in
1935 5260 2069 5315 aviis
2098 5267 2153 5314 et
2182 5274 2337 5330 aspc-

773 5350 871 5413 ris,
902 5350 954 5403 in
983 5350 1170 5405 arduis
1201 5359 1255 5404 et
1286 5350 1605 5414 acclivibus,
1637 5351 1691 5406 in
1727 5351 2031 5407 declivibus
2059 5363 2114 5407 et
2146 5353 2333 5421 pronis

772 5441 904 5497 locis
928 5460 942 5495 :
974 5450 1028 5497 et
1055 5441 1172 5512 ipso
1208 5451 1375 5499 aestus
1414 5442 1812 5513 squallorisque
1830 5448 2071 5513 tempore
2099 5443 2227 5498 utile
2250 5450 2334 5498 est

2516 3312 2625 3374 μη’.
2660 3306 2821 3359 ’Ὥστε
2879 3307 2959 3369 είς
3006 3306 3106 3376 μὲν
3133 3306 3233 3371 τὰς
3274 3308 3624 3379 μακροτέρας
3679 3309 4020 3381 παρατάξεις

2442 3396 2553 3472 τῷν
2580 3398 2835 3457 ἐναντίων
2864 3398 2951 3452 ἵνα
2994 3398 3234 3463 ίσῶνται⁴,
3266 3400 3363 3454 καὶ
3398 3402 3472 3470 μὴ
3531 3401 3590 3472 ἐν
3636 3401 3768 3471 περὶ
3811 3402 4019 3472 λαμβάο

2442 3466 2636 3542 vernat
2658 3488 2733 3558 (8)
2765 3488 2857 3541 ὑπ’
2906 3479 3087 3542 adﬂixi
3109 3505 3125 3520 ·
3156 3490 3298 3542 κατὰ
3337 3466 3409 3542 δὲ
3565 3466 3900 3561 κοντοτέρων
3931 3466 4019 3556 ἐίς

2442 3577 2503 3630 τὸ
2536 3579 2634 3640 τὰς
2663 3576 2966 3643 κυκλώσεις
3008 3577 3284 3631 ποιεῖσθαι
3329 3578 3802 3648 ἀντιτασσομένων
3836 3580 4016 3633 αὐτῶν

2442 3669 2637 3737 ὀλίγων
2668 3668 3047 3739 καδαλλαρίων
3098 3670 3191 3721 ἐπὶ
3216 3668 3394 3738 ἁπλῆς
3427 3670 3591 3733 ἁκίας
3643 3669 3772 3740 ἄχρι
3813 3669 3936 3734 ἑνὸς
3981 3670 4014 3739 ἦ

2442 3760 2693 3830 δευτέρου
2721 3759 2936 3829 βάνδου,
2971 3761 3047 3823 ὡς
3076 3760 3344 3823 ἐναντίου,
3380 3761 3465 3814 ῖνα
3514 3760 3651 3831 πρὸς
3685 3762 3889 3841 αύτοὺς
3917 3778 4015 3813 κα-

2443 3850 2722 3915 νονίζωσιν
2743 3851 2792 3903 oi
2832 3852 3241 3921 ύπερκερασταὶ
3271 3853 3539 3924 πρότερον
3569 3854 3888 3925 ὑπερκερᾷν
3917 3855 4017 3907 αύ-

2427 3942 2587 4005 -τοὺς,
2619 3942 2735 4012 ἦτοι
2766 3940 3023 4001 κυκλοῦν.
3060 3938 3172 3995 Εἶθ’
3207 3942 3382 4006 οὕτως
3441 3943 3784 4006 συνελθόντες
3815 3945 4014 4007 absab;

2442 4033 2776 4101 δρουγγιστὶ,
2796 4032 2962 4102 ἧγουν
2989 4030 3064 4095 ὡς
3099 4023 3264 4099 μάζα,
3290 4031 3425 4104 ὁμοῦ
3461 4033 3834 4097 λανθανόντως
3860 4036 4017 4088 αὐτοὶ

2445 4124 2599 4193 μόνοι
2631 4124 2786 4191 ἄφνω
2815 4120 3239 4192 ύπεξερχόμενοι
3276 4124 3415 4193 μετὰ
3444 4123 3660 4186 έλασίας
3702 4123 3885 4187 ὀξείας
3941 4122 4018 4191 τῷ

2442 4214 2593 4285 νώτῳ
2648 4214 2813 4283 ἧγουν
2847 4210 2986 4279 κατὰ
3038 4212 3100 4264 τὸ
3133 4212 3360 4268 ὄπισθεν
3400 4214 3510 4269 τῶν
3542 4214 3805 4269 ἐναντίων
3833 4215 4016 4269 ὲπιτίυ

2443 4303 2647 4363 (istim.

2518 4501 2624 4572 μθ’.
2685 4496 2857 4557 Αὗται
2915 4497 3008 4557 οὖν
3061 4490 3442 4574 αίγυμνασίαι
3500 4501 3670 4555 ἁπλαῖ
3696 4503 3857 4556 εἰσιν.
3904 4503 4018 4557 Καὶ

2446 4592 2721 4657 κοινῶςκδὲ
2757 4593 2924 4646 πολλὰ
2961 4595 3219 4664 τάγματα
3270 4594 3365 4647 καὶ
3398 4593 3539 4656 ἰδίως
3578 4593 3740 4647 πάλιν
3769 4596 3828 4647 ἐν
3886 4594 4018 4661 τάγ-

2448 4703 2576 4755 ματι
2623 4686 2700 4757 (9)
2757 4687 3026 4757 ἁρμοδίως
3085 4688 3445 4755 γυμνάζουσι,
3477 4687 3569 4737 καὶ
3621 4687 3734 4745 τοῖς
3800 4684 4017 4754 ἐχθροῖς

2444 4776 2719 4843 ἄγνωστος
2745 4779 2779 4846 ἡ
2812 4777 2963 4841 τάξις
2992 4775 3340 4845 φυλάττεται,
3368 4778 3461 4829 καὶ
3489 4775 3610 4829 δέον
3634 4792 3716 4835 σε,
3743 4768 3789 4827 ὦ
3814 4792 4018 4846 στρατ-

2447 4867 2572 4936 ηγὲ,
2606 4867 2811 4926 ταύτας
2845 4869 2945 4930 τάς
3005 4868 3312 4938 γυμνασίας
3371 4868 3663 4938 ἐγγράφως
3683 4866 3866 4920 δοῦναι
3921 4869 4019 4920 καὶ

2437 4962 2563 5023 τοὺς
2615 4960 2719 5011 ὑπὸ
2748 4960 2806 5012 σὲ
2846 4959 3205 5030 τουρμὰρχας⁸
3259 4958 3353 5013 καὶ
3407 4961 3521 5022 τοῖς
3565 4957 3747 5021 ἄλλοις
3765 4960 3879 5021 τοῖς
3910 4958 4019 5032 ἰδίᾳ

2439 5050 2869 5121 γυμναζομένοις
2900 5051 3195 5122 τάγμασιν.

2507 5166 2571 5221 ν’.
2609 5165 2837 5230 Ἐθίζειν
2867 5166 2923 5220 δὲ
2967 5167 3065 5231 τάς
3110 5162 3370 5228 τοιαύτας
3398 5165 3705 5237 γυμνασίας
3742 5166 3819 5235 μῆ
3853 5167 4015 5235 μόνον

2438 5259 2495 5311 ἐν
2548 5258 2790 5328 ὁμαλοῖς,
2822 5258 2957 5312 ἁλλὰ
2990 5258 3083 5311 καὶ
3144 5260 3202 5311 ἐν
3227 5257 3512 5319 δυσϐάτοις
3554 5257 3763 5321 τόποις,
3797 5259 3895 5309 καὶ
3934 5260 4015 5309 ei:

2439 5350 2695 5419 ὑψηλοὺς,
2725 5352 2820 5403 καὶ
2853 5353 2930 5413 είς
2954 5351 3310 5421 κατωφερεῖς,
3352 5350 3444 5403 καὶ
3490 5350 3550 5401 ἐν
3574 5349 3751 5419 καιρῷ
3786 5348 3844 5401 δὲ
3885 5349 4013 5403 καύ-

2441 5455 2611 5502 σωνος
2645 5440 2809 5493 καλόν
2845 5441 2961 5493 ἐστι
2989 5439 3285 5508 γυμνάζειν
3318 5438 3412 5492 καὶ
3452 5437 3653 5502 ἐθίζειν
3686 5437 3781 5491 τὸν
3846 5455 4016 5508 στρα-

2271 5554 2507 5615 ΝΟΤΑ).

842 5673 919 5747 (7)
944 5744 953 5747 _
974 5676 1358 5744 Atgsdtdpwr.
1390 5676 1597 5738 Scribe,
1632 5676 2019 5747 διαφενσόρων.

768 5814 799 5865 6
820 5746 919 5825 .(8)
943 5744 1044 5798 Ἐν
1074 5747 1200 5815 περὶ
1232 5747 1668 5817 λαμϐάνωνται.
1717 5744 1907 5804 Scribe
1938 5788 1952 5815 ,
1981 5746 2324 5820 ἐμπεριλαμ-

804 5831 1059 5872 eruunt.

2495 5676 2571 5741 (9)
2597 5679 2699 5732 Ἐν
2716 5675 2980 5745 τάγματι.
3013 5675 3237 5745 Scribe.
3278 5674 3336 5726 ἒν
3368 5674 3552 5744 τάγμα
3581 5692 3653 5745 τι.
3713 5672 3850 5741 Qum
3882 5690 4012 5727 vero

2437 5748 2636 5801 ibiolcin
2692 5743 3020 5813 sequuntur.
3067 5746 3135 5797 τὰ
3164 5744 3454 5815 ’τάγμα-ια,
3483 5743 3489 5744 ⁷
3522 5743 3658 5801 male
3730 5744 4011 5816 geminata

2437 5833 2633 5873 censeo
2667 5833 2682 5881 ς
2716 5818 2897 5884 itaque
2919 5816 3166 5873 delenda.
