  <div class='ocr_page' id='page_1' title='image "/cluster/home/n/w/nwhite01/storage/ocr_20150623/107/nnc1.0046980040/446.png"; bbox 0 0 4176 6446; ppageno 0'>
   <div class='ocr_carea' id='block_1_1' title="bbox 151 413 263 475">
    <p class='ocr_par' dir='ltr' id='par_1_1' title="bbox 151 413 263 475">
     <span class='ocr_line' id='line_1_1' title="bbox 151 413 263 475; baseline 0.009 -1"><span class='ocrx_word' id='word_1_1' title='bbox 151 413 263 475; x_wconf 68' lang='grc'><strong>’749</strong></span> 
     </span>
    </p>
   </div>
   <div class='ocr_carea' id='block_1_2' title="bbox 153 615 522 685">
    <p class='ocr_par' dir='ltr' id='par_1_2' title="bbox 153 615 522 685">
     <span class='ocr_line' id='line_1_2' title="bbox 153 615 522 685; baseline 0.003 -19"><span class='ocrx_word' id='word_1_2' title='bbox 153 615 522 685; x_wconf 71' lang='grc' dir='ltr'><strong>συμϐήσεται.</strong></span> 
     </span>
    </p>
   </div>
   <div class='ocr_carea' id='block_1_3' title="bbox 227 789 1742 865">
    <p class='ocr_par' dir='ltr' id='par_1_3' title="bbox 227 789 1742 865">
     <span class='ocr_line' id='line_1_3' title="bbox 227 789 1742 865; baseline -0.001 -19"><span class='ocrx_word' id='word_1_3' title='bbox 227 800 328 846; x_wconf 71' lang='grc' dir='ltr'><strong>ναν.</strong></span> <span class='ocrx_word' id='word_1_4' title='bbox 367 792 488 860; x_wconf 71' lang='grc' dir='ltr'><strong>Χρὴ</strong></span> <span class='ocrx_word' id='word_1_5' title='bbox 513 791 622 863; x_wconf 80' lang='grc' dir='ltr'><strong>γάρ</strong></span> <span class='ocrx_word' id='word_1_6' title='bbox 642 791 815 855; x_wconf 82' lang='grc' dir='ltr'><strong>οὕτως</strong></span> <span class='ocrx_word' id='word_1_7' title='bbox 864 789 964 865; x_wconf 71' lang='grc' dir='ltr'><strong>τὴν</strong></span> <span class='ocrx_word' id='word_1_8' title='bbox 990 793 1300 863; x_wconf 78' lang='grc' dir='ltr'><strong>γυμνασίαν</strong></span> <span class='ocrx_word' id='word_1_9' title='bbox 1355 794 1632 848; x_wconf 78' lang='grc' dir='ltr'><strong>ποιεῖσθαι</strong></span> <span class='ocrx_word' id='word_1_10' title='bbox 1665 793 1742 858; x_wconf 80' lang='grc' dir='ltr'><strong>ὡς</strong></span> 
     </span>
    </p>
   </div>
   <div class='ocr_carea' id='block_1_4' title="bbox 155 882 1743 956">
    <p class='ocr_par' dir='ltr' id='par_1_4' title="bbox 155 882 1743 956">
     <span class='ocr_line' id='line_1_4' title="bbox 155 882 1743 956; baseline 0 -20"><span class='ocrx_word' id='word_1_11' title='bbox 155 886 250 937; x_wconf 72' lang='grc' dir='ltr'><strong>ἐπὶ</strong></span> <span class='ocrx_word' id='word_1_12' title='bbox 282 883 453 938; x_wconf 83' lang='grc' dir='ltr'><strong>αὐτοῦ</strong></span> <span class='ocrx_word' id='word_1_13' title='bbox 483 882 578 938; x_wconf 87' lang='grc' dir='ltr'><strong>τοῦ</strong></span> <span class='ocrx_word' id='word_1_14' title='bbox 613 884 876 953; x_wconf 77' lang='grc' dir='ltr'><strong>πολέμου.</strong></span> <span class='ocrx_word' id='word_1_15' title='bbox 899 884 990 938; x_wconf 83' lang='grc' dir='ltr'><strong>Διδ</strong></span> <span class='ocrx_word' id='word_1_16' title='bbox 1022 885 1119 938; x_wconf 80' lang='grc' dir='ltr'><strong>καὶ</strong></span> <span class='ocrx_word' id='word_1_17' title='bbox 1145 886 1307 956; x_wconf 69' lang='grc' dir='ltr'><strong>ἡμεῖς</strong></span> <span class='ocrx_word' id='word_1_18' title='bbox 1341 885 1432 940; x_wconf 81' lang='grc' dir='ltr'><strong>διὰ</strong></span> <span class='ocrx_word' id='word_1_19' title='bbox 1458 887 1520 937; x_wconf 80' lang='grc' dir='ltr'><strong>τὸ</strong></span> <span class='ocrx_word' id='word_1_20' title='bbox 1549 885 1743 954; x_wconf 64' lang='grc' dir='ltr'><strong>χρῆσις</strong></span> 
     </span>
    </p>
   </div>
   <div class='ocr_carea' id='block_1_5' title="bbox 155 975 1741 1047">
    <p class='ocr_par' dir='ltr' id='par_1_5' title="bbox 155 975 1741 1047">
     <span class='ocr_line' id='line_1_5' title="bbox 155 975 1741 1047; baseline -0.001 -19"><span class='ocrx_word' id='word_1_21' title='bbox 155 994 257 1045; x_wconf 84' lang='grc' dir='ltr'><strong>μον</strong></span> <span class='ocrx_word' id='word_1_22' title='bbox 289 978 387 1030; x_wconf 75' lang='grc' dir='ltr'><strong>καὶ</strong></span> <span class='ocrx_word' id='word_1_23' title='bbox 416 979 485 1030; x_wconf 75' lang='grc' dir='ltr'><strong>τὰ</strong></span> <span class='ocrx_word' id='word_1_24' title='bbox 515 978 574 1030; x_wconf 80' lang='grc' dir='ltr'><strong>ὲν</strong></span> <span class='ocrx_word' id='word_1_25' title='bbox 599 975 776 1046; x_wconf 87' lang='grc' dir='ltr'><strong>καιρῷ</strong></span> <span class='ocrx_word' id='word_1_26' title='bbox 825 977 1067 1044; x_wconf 80' lang='grc' dir='ltr'><strong>πολέμου</strong></span> <span class='ocrx_word' id='word_1_27' title='bbox 1119 976 1355 1031; x_wconf 74' lang='grc' dir='ltr'><strong>ἐνταῦθα</strong></span> <span class='ocrx_word' id='word_1_28' title='bbox 1412 978 1741 1047; x_wconf 74' lang='grc' dir='ltr'><strong>εἰρήκαμεν.</strong></span> 
     </span>
    </p>
   </div>
   <div class='ocr_carea' id='block_1_6' title="bbox 153 1067 1738 1142">
    <p class='ocr_par' dir='ltr' id='par_1_6' title="bbox 153 1067 1738 1142">
     <span class='ocr_line' id='line_1_6' title="bbox 153 1067 1738 1142; baseline -0.003 -17"><span class='ocrx_word' id='word_1_29' title='bbox 153 1072 230 1126; x_wconf 76' lang='grc' dir='ltr'><strong>Τὸ</strong></span> <span class='ocrx_word' id='word_1_30' title='bbox 279 1072 392 1140; x_wconf 74' lang='grc' dir='ltr'><strong>γάρ</strong></span> <span class='ocrx_word' id='word_1_31' title='bbox 439 1071 577 1142; x_wconf 82' lang='grc' dir='ltr'><strong>πρὸς</strong></span> <span class='ocrx_word' id='word_1_32' title='bbox 608 1071 734 1133; x_wconf 74' lang='grc' dir='ltr'><strong>τοὺς</strong></span> <span class='ocrx_word' id='word_1_33' title='bbox 793 1069 1070 1134; x_wconf 76' lang='grc' dir='ltr'>κινδύνους</span> <span class='ocrx_word' id='word_1_34' title='bbox 1121 1068 1395 1134; x_wconf 75' lang='grc' dir='ltr'><strong>ἐθίζεσθαι</strong></span> <span class='ocrx_word' id='word_1_35' title='bbox 1433 1067 1738 1138; x_wconf 77' lang='grc' dir='ltr'><strong>ἀνδρειοτέ-</strong></span> 
     </span>
    </p>
   </div>
   <div class='ocr_carea' id='block_1_7' title="bbox 156 1159 1024 1234">
    <p class='ocr_par' dir='ltr' id='par_1_7' title="bbox 156 1159 1024 1234">
     <span class='ocr_line' id='line_1_7' title="bbox 156 1159 1024 1234; baseline 0 -20"><span class='ocrx_word' id='word_1_36' title='bbox 156 1180 285 1234; x_wconf 82' lang='grc' dir='ltr'><strong>ρους</strong></span> <span class='ocrx_word' id='word_1_37' title='bbox 316 1165 444 1223; x_wconf 82' lang='grc' dir='ltr'><strong>τοὺς</strong></span> <span class='ocrx_word' id='word_1_38' title='bbox 484 1159 826 1228; x_wconf 79' lang='grc' dir='ltr'><strong>στρατιώτας</strong></span> <span class='ocrx_word' id='word_1_39' title='bbox 860 1161 1024 1214; x_wconf 78' lang='grc' dir='ltr'><strong>ποιεῖ.</strong></span> 
     </span>
    </p>
   </div>
   <div class='ocr_carea' id='block_1_8' title="bbox 226 1251 1742 1324">
    <p class='ocr_par' dir='ltr' id='par_1_8' title="bbox 226 1251 1742 1324">
     <span class='ocr_line' id='line_1_8' title="bbox 226 1251 1742 1324; baseline 0.001 -22"><span class='ocrx_word' id='word_1_40' title='bbox 226 1254 326 1322; x_wconf 72' lang='grc' dir='ltr'><strong>νβ’.</strong></span> <span class='ocrx_word' id='word_1_41' title='bbox 383 1252 532 1306; x_wconf 70' lang='grc' dir='ltr'><strong>Ἐπεὶ</strong></span> <span class='ocrx_word' id='word_1_42' title='bbox 558 1254 615 1306; x_wconf 84' lang='grc' dir='ltr'><strong>δὲ</strong></span> <span class='ocrx_word' id='word_1_43' title='bbox 648 1253 746 1324; x_wconf 79' lang='grc' dir='ltr'><strong>τὴν</strong></span> <span class='ocrx_word' id='word_1_44' title='bbox 778 1253 889 1306; x_wconf 88' lang='grc' dir='ltr'><strong>τῶν</strong></span> <span class='ocrx_word' id='word_1_45' title='bbox 927 1251 1310 1324; x_wconf 69' lang='grc' dir='ltr'><strong>καδαλλαρίων</strong></span> <span class='ocrx_word' id='word_1_46' title='bbox 1345 1253 1653 1324; x_wconf 79' lang='grc' dir='ltr'>γυμνασίαν</span> <span class='ocrx_word' id='word_1_47' title='bbox 1679 1252 1742 1304; x_wconf 76' lang='grc' dir='ltr'><strong>ἔκ</strong></span> 
     </span>
    </p>
   </div>
   <div class='ocr_carea' id='block_1_9' title="bbox 155 1343 1742 1416">
    <p class='ocr_par' dir='ltr' id='par_1_9' title="bbox 155 1343 1742 1416">
     <span class='ocr_line' id='line_1_9' title="bbox 155 1343 1742 1416; baseline -0.001 -20"><span class='ocrx_word' id='word_1_48' title='bbox 155 1348 363 1416; x_wconf 74' lang='grc' dir='ltr'><strong>μέρους</strong></span> <span class='ocrx_word' id='word_1_49' title='bbox 417 1344 803 1415; x_wconf 79' lang='grc' dir='ltr'><strong>διεταξάμεθα,</strong></span> <span class='ocrx_word' id='word_1_50' title='bbox 837 1343 1014 1413; x_wconf 83' lang='grc' dir='ltr'><strong>χρεών</strong></span> <span class='ocrx_word' id='word_1_51' title='bbox 1060 1344 1208 1397; x_wconf 65' lang='grc' dir='ltr'><strong>ἐστιν</strong></span> <span class='ocrx_word' id='word_1_52' title='bbox 1255 1344 1456 1413; x_wconf 81' lang='grc' dir='ltr'><strong>ὁμοίως</strong></span> <span class='ocrx_word' id='word_1_53' title='bbox 1505 1344 1600 1396; x_wconf 77' lang='grc' dir='ltr'><strong>καὶ</strong></span> <span class='ocrx_word' id='word_1_54' title='bbox 1643 1343 1742 1410; x_wconf 77' lang='grc' dir='ltr'><strong>τὴν</strong></span> 
     </span>
    </p>
   </div>
   <div class='ocr_carea' id='block_1_10' title="bbox 151 1433 1737 1506">
    <p class='ocr_par' dir='ltr' id='par_1_10' title="bbox 151 1433 1737 1506">
     <span class='ocr_line' id='line_1_10' title="bbox 151 1433 1737 1506; baseline -0.003 -18"><span class='ocrx_word' id='word_1_55' title='bbox 151 1439 262 1488; x_wconf 77' lang='grc' dir='ltr'><strong>τῶν</strong></span> <span class='ocrx_word' id='word_1_56' title='bbox 290 1437 534 1500; x_wconf 76' lang='grc' dir='ltr'><strong>πεζικῶν</strong></span> <span class='ocrx_word' id='word_1_57' title='bbox 565 1436 867 1505; x_wconf 78' lang='grc' dir='ltr'><strong>ταγμάτων</strong></span> <span class='ocrx_word' id='word_1_58' title='bbox 893 1437 1200 1506; x_wconf 76' lang='grc' dir='ltr'><strong>γυμνασίαν</strong></span> <span class='ocrx_word' id='word_1_59' title='bbox 1254 1452 1338 1488; x_wconf 90' lang='grc' dir='ltr'><strong>σοι</strong></span> <span class='ocrx_word' id='word_1_60' title='bbox 1380 1433 1737 1506; x_wconf 77' lang='grc' dir='ltr'><strong>διορίσασθαι,</strong></span> 
     </span>
    </p>
   </div>
   <div class='ocr_carea' id='block_1_11' title="bbox 149 1524 1741 1599">
    <p class='ocr_par' dir='ltr' id='par_1_11' title="bbox 149 1524 1741 1599">
     <span class='ocr_line' id='line_1_11' title="bbox 149 1524 1741 1599; baseline -0.003 -18"><span class='ocrx_word' id='word_1_61' title='bbox 149 1531 278 1582; x_wconf 65' lang='grc' dir='ltr'><strong>ὅσον</strong></span> <span class='ocrx_word' id='word_1_62' title='bbox 334 1531 402 1583; x_wconf 71' lang='grc' dir='ltr'><strong>ὲκ</strong></span> <span class='ocrx_word' id='word_1_63' title='bbox 435 1528 541 1582; x_wconf 91' lang='grc' dir='ltr'><strong>τῶν</strong></span> <span class='ocrx_word' id='word_1_64' title='bbox 593 1527 842 1599; x_wconf 77' lang='grc' dir='ltr'><strong>ἀρχαίων</strong></span> <span class='ocrx_word' id='word_1_65' title='bbox 895 1527 1192 1593; x_wconf 81' lang='grc' dir='ltr'><strong>τακτικῶν,</strong></span> <span class='ocrx_word' id='word_1_66' title='bbox 1225 1529 1318 1582; x_wconf 81' lang='grc' dir='ltr'><strong>καὶ</strong></span> <span class='ocrx_word' id='word_1_67' title='bbox 1348 1527 1472 1582; x_wconf 84' lang='grc' dir='ltr'><strong>ὅσον</strong></span> <span class='ocrx_word' id='word_1_68' title='bbox 1518 1529 1583 1580; x_wconf 80' lang='grc' dir='ltr'><strong>ὲκ</strong></span> <span class='ocrx_word' id='word_1_69' title='bbox 1631 1524 1741 1578; x_wconf 89' lang='grc' dir='ltr'><strong>τῶν</strong></span> 
     </span>
    </p>
   </div>
   <div class='ocr_carea' id='block_1_12' title="bbox 152 1620 772 1692">
    <p class='ocr_par' dir='ltr' id='par_1_12' title="bbox 152 1620 772 1692">
     <span class='ocr_line' id='line_1_12' title="bbox 152 1620 772 1692; baseline 0 -18"><span class='ocrx_word' id='word_1_70' title='bbox 152 1622 293 1674; x_wconf 87' lang='grc' dir='ltr'><strong>νέων</strong></span> <span class='ocrx_word' id='word_1_71' title='bbox 328 1620 772 1692; x_wconf 77' lang='grc' dir='ltr'><strong>παρειλήφαμεν.</strong></span> 
     </span>
    </p>
   </div>
   <div class='ocr_carea' id='block_1_13' title="bbox 224 1709 1740 1784">
    <p class='ocr_par' dir='ltr' id='par_1_13' title="bbox 224 1709 1740 1784">
     <span class='ocr_line' id='line_1_13' title="bbox 224 1709 1740 1784; baseline -0.002 -20"><span class='ocrx_word' id='word_1_72' title='bbox 224 1711 329 1780; x_wconf 57' lang='lat' dir='ltr'><strong>vf.</strong></span> <span class='ocrx_word' id='word_1_73' title='bbox 380 1712 686 1784; x_wconf 73' lang='grc' dir='ltr'><strong>ὐριζονται</strong></span> <span class='ocrx_word' id='word_1_74' title='bbox 745 1711 856 1782; x_wconf 76' lang='grc'><strong>(10)</strong></span> <span class='ocrx_word' id='word_1_75' title='bbox 885 1709 1066 1764; x_wconf 81' lang='grc' dir='ltr'><strong>τοίνυν</strong></span> <span class='ocrx_word' id='word_1_76' title='bbox 1107 1713 1164 1765; x_wconf 80' lang='grc' dir='ltr'><strong>αἱ</strong></span> <span class='ocrx_word' id='word_1_77' title='bbox 1193 1712 1346 1765; x_wconf 83' lang='grc' dir='ltr'><strong>άκίαι</strong></span> <span class='ocrx_word' id='word_1_78' title='bbox 1376 1710 1594 1782; x_wconf 86' lang='grc' dir='ltr'><strong>πρῶτον</strong></span> <span class='ocrx_word' id='word_1_79' title='bbox 1649 1710 1740 1762; x_wconf 78' lang='grc' dir='ltr'><strong>τὸν</strong></span> 
     </span>
    </p>
   </div>
   <div class='ocr_carea' id='block_1_14' title="bbox 152 1802 1738 1876">
    <p class='ocr_par' dir='ltr' id='par_1_14' title="bbox 152 1802 1738 1876">
     <span class='ocr_line' id='line_1_14' title="bbox 152 1802 1738 1876; baseline -0.002 -18"><span class='ocrx_word' id='word_1_80' title='bbox 152 1807 250 1860; x_wconf 82' lang='grc' dir='ltr'><strong>τοῦ</strong></span> <span class='ocrx_word' id='word_1_81' title='bbox 279 1804 510 1871; x_wconf 74' lang='grc' dir='ltr'><strong>πεζικοῦ</strong></span> <span class='ocrx_word' id='word_1_82' title='bbox 530 1805 813 1876; x_wconf 81' lang='grc' dir='ltr'><strong>τάγματος</strong></span> <span class='ocrx_word' id='word_1_83' title='bbox 845 1805 982 1875; x_wconf 81' lang='lat' dir='ltr'><strong>(ll),</strong></span> <span class='ocrx_word' id='word_1_84' title='bbox 1023 1805 1205 1868; x_wconf 88' lang='grc' dir='ltr'><strong>καθὼς</strong></span> <span class='ocrx_word' id='word_1_85' title='bbox 1236 1804 1349 1858; x_wconf 75' lang='grc' dir='ltr'><strong>ἄνω</strong></span> <span class='ocrx_word' id='word_1_86' title='bbox 1378 1821 1482 1857; x_wconf 89' lang='grc' dir='ltr'><strong>που</strong></span> <span class='ocrx_word' id='word_1_87' title='bbox 1523 1802 1738 1872; x_wconf 75' lang='grc' dir='ltr'><strong>ἐσημά-</strong></span> 
     </span>
    </p>
   </div>
   <div class='ocr_carea' id='block_1_15' title="bbox 1246 414 2385 479">
    <p class='ocr_par' dir='ltr' id='par_1_15' title="bbox 1246 414 2385 479">
     <span class='ocr_line' id='line_1_15' title="bbox 1246 414 2385 479; baseline 0.004 -6"><span class='ocrx_word' id='word_1_88' title='bbox 1246 414 1579 475; x_wconf 79' lang='lat' dir='ltr'><strong>TACTICA.</strong></span> <span class='ocrx_word' id='word_1_89' title='bbox 1615 440 1684 456; x_wconf 71' lang='grc' dir='ltr'><strong>ε·-</strong></span> <span class='ocrx_word' id='word_1_90' title='bbox 1717 415 2223 479; x_wconf 81' lang='lat' dir='ltr'><strong>CONSTITUTIO</strong></span> <span class='ocrx_word' id='word_1_91' title='bbox 2259 417 2385 477; x_wconf 87' lang='lat' dir='ltr'><strong>Vll.</strong></span> 
     </span>
    </p>
   </div>
   <div class='ocr_carea' id='block_1_16' title="bbox 153 513 1742 594">
    <p class='ocr_par' dir='ltr' id='par_1_16' title="bbox 153 513 1730 593">
     <span class='ocr_line' id='line_1_16' title="bbox 153 513 1730 593; baseline 0.001 -18"><span class='ocrx_word' id='word_1_92' title='bbox 153 524 267 576; x_wconf 78' lang='grc' dir='ltr'><strong>τόν.</strong></span> <span class='ocrx_word' id='word_1_93' title='bbox 296 521 486 584; x_wconf 78' lang='grc' dir='ltr'><strong>οὐδεὶς</strong></span> <span class='ocrx_word' id='word_1_94' title='bbox 517 522 624 592; x_wconf 82' lang='grc' dir='ltr'><strong>γὰρ</strong></span> <span class='ocrx_word' id='word_1_95' title='bbox 651 513 760 575; x_wconf 77' lang='grc' dir='ltr'><strong>οἶδε</strong></span> <span class='ocrx_word' id='word_1_96' title='bbox 788 517 919 575; x_wconf 82' lang='grc' dir='ltr'><strong>πότε</strong></span> <span class='ocrx_word' id='word_1_97' title='bbox 946 517 1290 591; x_wconf 77' lang='grc' dir='ltr'><strong>συμὸήσεται</strong></span> <span class='ocrx_word' id='word_1_98' title='bbox 1317 522 1490 593; x_wconf 88' lang='grc' dir='ltr'><strong>μάχη,</strong></span> <span class='ocrx_word' id='word_1_99' title='bbox 1520 523 1617 578; x_wconf 71' lang='grc' dir='ltr'><strong>καὶ</strong></span> <span class='ocrx_word' id='word_1_100' title='bbox 1676 522 1730 576; x_wconf 81' lang='grc' dir='ltr'><strong>τί</strong></span> 
     </span>
    </p>
   </div>
   <div class='ocr_carea' id='block_1_17' title="bbox 1846 513 3024 594">
    <p class='ocr_par' dir='ltr' id='par_1_17' title="bbox 1846 526 3024 594">
     <span class='ocr_line' id='line_1_17' title="bbox 1846 526 3024 594; baseline 0 -16"><span class='ocrx_word' id='word_1_101' title='bbox 1846 526 2148 594; x_wconf 71' lang='lat' dir='ltr'><strong>patientiam</strong></span> <span class='ocrx_word' id='word_1_102' title='bbox 2183 527 2434 582; x_wconf 84' lang='lat' dir='ltr'><strong>laborum</strong></span> <span class='ocrx_word' id='word_1_103' title='bbox 2470 539 2728 582; x_wconf 91' lang='lat' dir='ltr'><strong>exercere</strong></span> <span class='ocrx_word' id='word_1_104' title='bbox 2777 526 2978 580; x_wconf 84' lang='lat' dir='ltr'><strong>milites</strong></span> <span class='ocrx_word' id='word_1_105' title='bbox 3008 539 3024 578; x_wconf 88' lang='lat'><strong>:</strong></span> 
     </span>
    </p>
   </div>
   <div class='ocr_carea' id='block_1_18' title="bbox 3316 422 3419 485">
    <p class='ocr_par' dir='ltr' id='par_1_18' title="bbox 3316 422 3419 485">
     <span class='ocr_line' id='line_1_18' title="bbox 3316 422 3419 485; baseline 0.01 -3"><span class='ocrx_word' id='word_1_106' title='bbox 3316 422 3419 485; x_wconf 63' lang='lat'><strong>7.30</strong></span> 
     </span>
    </p>
   </div>
   <div class='ocr_carea' id='block_1_19' title="bbox 3073 529 3415 581">
    <p class='ocr_par' dir='ltr' id='par_1_19' title="bbox 3073 529 3415 581">
     <span class='ocr_line' id='line_1_19' title="bbox 3073 529 3415 581; baseline 0.009 -3"><span class='ocrx_word' id='word_1_107' title='bbox 3073 537 3240 579; x_wconf 85' lang='lat' dir='ltr'><strong>nemo</strong></span> <span class='ocrx_word' id='word_1_108' title='bbox 3269 529 3415 581; x_wconf 87' lang='lat' dir='ltr'><strong>enim</strong></span> 
     </span>
    </p>
   </div>
   <div class='ocr_carea' id='block_1_20' title="bbox 1844 615 3416 686">
    <p class='ocr_par' dir='ltr' id='par_1_20' title="bbox 1844 615 3416 686">
     <span class='ocr_line' id='line_1_20' title="bbox 1844 615 3416 686; baseline 0 -16"><span class='ocrx_word' id='word_1_109' title='bbox 1844 617 1947 670; x_wconf 91' lang='lat' dir='ltr'><strong>scit</strong></span> <span class='ocrx_word' id='word_1_110' title='bbox 1980 631 2094 686; x_wconf 92' lang='lat' dir='ltr'><strong>quo</strong></span> <span class='ocrx_word' id='word_1_111' title='bbox 2130 625 2372 686; x_wconf 89' lang='lat' dir='ltr'><strong>tempore</strong></span> <span class='ocrx_word' id='word_1_112' title='bbox 2411 615 2612 670; x_wconf 88' lang='lat' dir='ltr'><strong>bellum</strong></span> <span class='ocrx_word' id='word_1_113' title='bbox 2664 615 2906 671; x_wconf 82' lang='lat' dir='ltr'><strong>futurum</strong></span> <span class='ocrx_word' id='word_1_114' title='bbox 2928 655 2942 678; x_wconf 93' lang='lat'><strong>,</strong></span> <span class='ocrx_word' id='word_1_115' title='bbox 2985 625 3040 668; x_wconf 88' lang='lat' dir='ltr'><strong>et</strong></span> <span class='ocrx_word' id='word_1_116' title='bbox 3069 615 3329 685; x_wconf 82' lang='lat' dir='ltr'><strong>quidnam</strong></span> <span class='ocrx_word' id='word_1_117' title='bbox 3364 619 3416 672; x_wconf 88' lang='lat' dir='ltr'><strong>in</strong></span> 
     </span>
    </p>
   </div>
   <div class='ocr_carea' id='block_1_21' title="bbox 1845 707 2572 763">
    <p class='ocr_par' dir='ltr' id='par_1_21' title="bbox 1845 707 2572 763">
     <span class='ocr_line' id='line_1_21' title="bbox 1845 707 2572 763; baseline -0.003 -1"><span class='ocrx_word' id='word_1_118' title='bbox 1845 707 1988 762; x_wconf 87' lang='lat' dir='ltr'><strong>bello</strong></span> <span class='ocrx_word' id='word_1_119' title='bbox 2019 723 2122 762; x_wconf 90' lang='lat' dir='ltr'><strong>usu</strong></span> <span class='ocrx_word' id='word_1_120' title='bbox 2153 719 2442 762; x_wconf 83' lang='lat' dir='ltr'><strong>venturum</strong></span> <span class='ocrx_word' id='word_1_121' title='bbox 2477 707 2572 763; x_wconf 93' lang='lat' dir='ltr'><strong>sit.</strong></span> 
     </span>
    </p>
   </div>
   <div class='ocr_carea' id='block_1_22' title="bbox 1914 796 3419 864">
    <p class='ocr_par' dir='ltr' id='par_1_22' title="bbox 1914 796 3419 864">
     <span class='ocr_line' id='line_1_22' title="bbox 1914 796 3419 864; baseline -0.003 -11"><span class='ocrx_word' id='word_1_122' title='bbox 1914 799 2002 853; x_wconf 85' lang='lat'><strong>5|.</strong></span> <span class='ocrx_word' id='word_1_123' title='bbox 2040 797 2118 852; x_wconf 84' lang='lat' dir='ltr'><strong>Ita</strong></span> <span class='ocrx_word' id='word_1_124' title='bbox 2149 797 2472 852; x_wconf 76' lang='lat' dir='ltr'><strong>exercitatio</strong></span> <span class='ocrx_word' id='word_1_125' title='bbox 2510 796 2874 861; x_wconf 84' lang='lat' dir='ltr'><strong>instituenda,</strong></span> <span class='ocrx_word' id='word_1_126' title='bbox 2910 797 3063 864; x_wconf 85' lang='lat' dir='ltr'><strong>quasi</strong></span> <span class='ocrx_word' id='word_1_127' title='bbox 3101 796 3298 851; x_wconf 88' lang='lat' dir='ltr'><strong>bellum</strong></span> <span class='ocrx_word' id='word_1_128' title='bbox 3338 796 3419 864; x_wconf 84' lang='lat' dir='ltr'><strong>ip-</strong></span> 
     </span>
    </p>
   </div>
   <div class='ocr_carea' id='block_1_23' title="bbox 1843 888 3420 961">
    <p class='ocr_par' dir='ltr' id='par_1_23' title="bbox 1843 888 3420 961">
     <span class='ocr_line' id='line_1_23' title="bbox 1843 888 3420 961; baseline -0.002 -17"><span class='ocrx_word' id='word_1_129' title='bbox 1843 906 1965 944; x_wconf 88' lang='lat' dir='ltr'><strong>sum</strong></span> <span class='ocrx_word' id='word_1_130' title='bbox 2013 898 2314 961; x_wconf 72' lang='lat' dir='ltr'><strong>gereretur.</strong></span> <span class='ocrx_word' id='word_1_131' title='bbox 2365 889 2549 958; x_wconf 81' lang='lat' dir='ltr'><strong>Itaque</strong></span> <span class='ocrx_word' id='word_1_132' title='bbox 2603 888 2860 944; x_wconf 77' lang='lat' dir='ltr'><strong>utilitatis</strong></span> <span class='ocrx_word' id='word_1_133' title='bbox 2904 904 3069 944; x_wconf 84' lang='lat' dir='ltr'><strong>causa</strong></span> <span class='ocrx_word' id='word_1_134' title='bbox 3117 905 3186 943; x_wconf 91' lang='lat' dir='ltr'><strong>ne</strong></span> <span class='ocrx_word' id='word_1_135' title='bbox 3239 888 3420 942; x_wconf 87' lang='lat' dir='ltr'><strong>bellici</strong></span> 
     </span>
    </p>
   </div>
   <div class='ocr_carea' id='block_1_24' title="bbox 1843 980 3420 1052">
    <p class='ocr_par' dir='ltr' id='par_1_24' title="bbox 1843 980 3420 1052">
     <span class='ocr_line' id='line_1_24' title="bbox 1843 980 3420 1052; baseline -0.002 -17"><span class='ocrx_word' id='word_1_136' title='bbox 1843 983 2062 1052; x_wconf 83' lang='lat' dir='ltr'><strong>quidem</strong></span> <span class='ocrx_word' id='word_1_137' title='bbox 2114 980 2376 1051; x_wconf 89' lang='lat' dir='ltr'><strong>temporis</strong></span> <span class='ocrx_word' id='word_1_138' title='bbox 2426 980 2731 1035; x_wconf 87' lang='lat' dir='ltr'><strong>similitudo</strong></span> <span class='ocrx_word' id='word_1_139' title='bbox 2778 981 3237 1050; x_wconf 76' lang='lat' dir='ltr'><strong>praetermittenda</strong></span> <span class='ocrx_word' id='word_1_140' title='bbox 3298 989 3420 1035; x_wconf 83' lang='lat' dir='ltr'><strong>est:</strong></span> 
     </span>
    </p>
   </div>
   <div class='ocr_carea' id='block_1_25' title="bbox 1845 1070 3421 1142">
    <p class='ocr_par' dir='ltr' id='par_1_25' title="bbox 1845 1070 3421 1142">
     <span class='ocr_line' id='line_1_25' title="bbox 1845 1070 3421 1142; baseline -0.002 -15"><span class='ocrx_word' id='word_1_141' title='bbox 1845 1089 1971 1127; x_wconf 88' lang='lat' dir='ltr'><strong>nam</strong></span> <span class='ocrx_word' id='word_1_142' title='bbox 1999 1075 2114 1128; x_wconf 79' lang='lat' dir='ltr'><strong>haec</strong></span> <span class='ocrx_word' id='word_1_143' title='bbox 2135 1071 2470 1128; x_wconf 90' lang='lat' dir='ltr'><strong>assuefactio</strong></span> <span class='ocrx_word' id='word_1_144' title='bbox 2501 1071 2868 1142; x_wconf 84' lang='lat' dir='ltr'><strong>periculorum</strong></span> <span class='ocrx_word' id='word_1_145' title='bbox 2894 1073 3054 1142; x_wconf 64' lang='lat' dir='ltr'><strong>longe</strong></span> <span class='ocrx_word' id='word_1_146' title='bbox 3085 1070 3421 1126; x_wconf 76' lang='lat' dir='ltr'><strong>robustiores</strong></span> 
     </span>
    </p>
   </div>
   <div class='ocr_carea' id='block_1_26' title="bbox 1845 1165 2235 1220">
    <p class='ocr_par' dir='ltr' id='par_1_26' title="bbox 1845 1165 2235 1220">
     <span class='ocr_line' id='line_1_26' title="bbox 1845 1165 2235 1220; baseline -0.003 0"><span class='ocrx_word' id='word_1_147' title='bbox 1845 1165 2049 1220; x_wconf 84' lang='lat' dir='ltr'><strong>milites</strong></span> <span class='ocrx_word' id='word_1_148' title='bbox 2080 1165 2235 1220; x_wconf 89' lang='lat' dir='ltr'><strong>facit.</strong></span> 
     </span>
    </p>
   </div>
   <div class='ocr_carea' id='block_1_27' title="bbox 1915 1255 3423 1328">
    <p class='ocr_par' dir='ltr' id='par_1_27' title="bbox 1915 1255 3423 1328">
     <span class='ocr_line' id='line_1_27' title="bbox 1915 1255 3423 1328; baseline -0.002 -15"><span class='ocrx_word' id='word_1_149' title='bbox 1915 1259 2002 1314; x_wconf 76' lang='grc'><strong>52.</strong></span> <span class='ocrx_word' id='word_1_150' title='bbox 2029 1259 2299 1325; x_wconf 77' lang='lat' dir='ltr'><strong>Quoniam</strong></span> <span class='ocrx_word' id='word_1_151' title='bbox 2325 1267 2634 1328; x_wconf 83' lang='lat' dir='ltr'><strong>equestrem</strong></span> <span class='ocrx_word' id='word_1_152' title='bbox 2663 1255 3106 1311; x_wconf 87' lang='lat' dir='ltr'><strong>exercitationem</strong></span> <span class='ocrx_word' id='word_1_153' title='bbox 3149 1256 3326 1324; x_wconf 84' lang='lat' dir='ltr'><strong>aiiqua</strong></span> <span class='ocrx_word' id='word_1_154' title='bbox 3357 1271 3423 1310; x_wconf 88' lang='lat' dir='ltr'><strong>ex</strong></span> 
     </span>
    </p>
   </div>
   <div class='ocr_carea' id='block_1_28' title="bbox 1845 1347 3425 1424">
    <p class='ocr_par' dir='ltr' id='par_1_28' title="bbox 1845 1347 3425 1424">
     <span class='ocr_line' id='line_1_28' title="bbox 1845 1347 3425 1424; baseline -0.003 -19"><span class='ocrx_word' id='word_1_155' title='bbox 1845 1363 1996 1424; x_wconf 86' lang='lat' dir='ltr'><strong>parte</strong></span> <span class='ocrx_word' id='word_1_156' title='bbox 2036 1351 2338 1422; x_wconf 77' lang='lat' dir='ltr'><strong>attigimus,</strong></span> <span class='ocrx_word' id='word_1_157' title='bbox 2387 1350 2467 1406; x_wconf 89' lang='lat' dir='ltr'><strong>sic</strong></span> <span class='ocrx_word' id='word_1_158' title='bbox 2508 1348 2776 1415; x_wconf 80' lang='lat' dir='ltr'><strong>pedestris</strong></span> <span class='ocrx_word' id='word_1_159' title='bbox 2805 1347 2940 1401; x_wconf 86' lang='lat' dir='ltr'><strong>aciei</strong></span> <span class='ocrx_word' id='word_1_160' title='bbox 2977 1347 3425 1401; x_wconf 82' lang='lat' dir='ltr'><strong>exercitationem</strong></span> 
     </span>
    </p>
   </div>
   <div class='ocr_carea' id='block_1_29' title="bbox 1845 1439 3426 1512">
    <p class='ocr_par' dir='ltr' id='par_1_29' title="bbox 1845 1439 3426 1512">
     <span class='ocr_line' id='line_1_29' title="bbox 1845 1439 3426 1512; baseline -0.005 -14"><span class='ocrx_word' id='word_1_161' title='bbox 1845 1460 1952 1498; x_wconf 91' lang='lat' dir='ltr'><strong>non</strong></span> <span class='ocrx_word' id='word_1_162' title='bbox 1987 1443 2494 1512; x_wconf 59' lang='lat' dir='ltr'><strong>praetermittemus,</strong></span> <span class='ocrx_word' id='word_1_163' title='bbox 2531 1455 2696 1508; x_wconf 87' lang='lat' dir='ltr'><strong>quam</strong></span> <span class='ocrx_word' id='word_1_164' title='bbox 2729 1439 2812 1491; x_wconf 86' lang='lat' dir='ltr'><strong>vel</strong></span> <span class='ocrx_word' id='word_1_165' title='bbox 2844 1454 2908 1491; x_wconf 91' lang='lat' dir='ltr'><strong>ex</strong></span> <span class='ocrx_word' id='word_1_166' title='bbox 2946 1439 3221 1506; x_wconf 85' lang='lat' dir='ltr'><strong>antiquis,</strong></span> <span class='ocrx_word' id='word_1_167' title='bbox 3250 1439 3332 1490; x_wconf 88' lang='lat' dir='ltr'><strong>vel</strong></span> <span class='ocrx_word' id='word_1_168' title='bbox 3362 1454 3426 1490; x_wconf 89' lang='lat' dir='ltr'><strong>ex</strong></span> 
     </span>
    </p>
   </div>
   <div class='ocr_carea' id='block_1_30' title="bbox 1842 1527 3425 1600">
    <p class='ocr_par' dir='ltr' id='par_1_30' title="bbox 1842 1527 3425 1600">
     <span class='ocr_line' id='line_1_30' title="bbox 1842 1527 3425 1600; baseline -0.006 -10"><span class='ocrx_word' id='word_1_169' title='bbox 1842 1533 2246 1592; x_wconf 81' lang='lat' dir='ltr'><strong>recentioribus</strong></span> <span class='ocrx_word' id='word_1_170' title='bbox 2289 1534 2366 1589; x_wconf 89' lang='lat' dir='ltr'><strong>rei</strong></span> <span class='ocrx_word' id='word_1_171' title='bbox 2397 1532 2654 1588; x_wconf 89' lang='lat' dir='ltr'><strong>militaris</strong></span> <span class='ocrx_word' id='word_1_172' title='bbox 2695 1529 3057 1600; x_wconf 85' lang='lat' dir='ltr'><strong>scriptoribus</strong></span> <span class='ocrx_word' id='word_1_173' title='bbox 3092 1527 3425 1598; x_wconf 89' lang='lat' dir='ltr'><strong>accepimus.</strong></span> 
     </span>
    </p>
   </div>
   <div class='ocr_carea' id='block_1_31' title="bbox 1914 1713 3414 1786">
    <p class='ocr_par' dir='ltr' id='par_1_31' title="bbox 1914 1713 3414 1786">
     <span class='ocr_line' id='line_1_31' title="bbox 1914 1713 3414 1786; baseline -0.001 -16"><span class='ocrx_word' id='word_1_174' title='bbox 1914 1717 2000 1771; x_wconf 78' lang='lat'><strong>53.</strong></span> <span class='ocrx_word' id='word_1_175' title='bbox 2041 1714 2316 1770; x_wconf 83' lang='lat' dir='ltr'><strong>Pedestris</strong></span> <span class='ocrx_word' id='word_1_176' title='bbox 2369 1717 2502 1770; x_wconf 84' lang='lat' dir='ltr'><strong>aciei</strong></span> <span class='ocrx_word' id='word_1_177' title='bbox 2537 1715 2774 1786; x_wconf 91' lang='lat' dir='ltr'><strong>primum</strong></span> <span class='ocrx_word' id='word_1_178' title='bbox 2821 1714 3180 1771; x_wconf 89' lang='lat' dir='ltr'><strong>contubernia</strong></span> <span class='ocrx_word' id='word_1_179' title='bbox 3211 1713 3414 1771; x_wconf 82' lang='lat' dir='ltr'><strong>descri-</strong></span> 
     </span>
    </p>
   </div>
   <div class='ocr_carea' id='block_1_32' title="bbox 1844 1805 3428 1874">
    <p class='ocr_par' dir='ltr' id='par_1_32' title="bbox 1844 1805 3428 1874">
     <span class='ocr_line' id='line_1_32' title="bbox 1844 1805 3428 1874; baseline -0.001 -13"><span class='ocrx_word' id='word_1_180' title='bbox 1844 1809 2064 1870; x_wconf 85' lang='lat' dir='ltr'><strong>bantur,</strong></span> <span class='ocrx_word' id='word_1_181' title='bbox 2094 1805 2560 1874; x_wconf 85' lang='lat' dir='ltr'><strong>quemadmodum</strong></span> <span class='ocrx_word' id='word_1_182' title='bbox 2595 1813 2756 1859; x_wconf 83' lang='lat' dir='ltr'><strong>antea</strong></span> <span class='ocrx_word' id='word_1_183' title='bbox 2786 1805 3168 1873; x_wconf 62' lang='lat' dir='ltr'><strong>precepimus,</strong></span> <span class='ocrx_word' id='word_1_184' title='bbox 3194 1814 3253 1857; x_wconf 93' lang='lat' dir='ltr'><strong>ut</strong></span> <span class='ocrx_word' id='word_1_185' title='bbox 3279 1818 3428 1873; x_wconf 65' lang='lat' dir='ltr'><strong>quae-</strong></span> 
     </span>
    </p>
   </div>
   <div class='ocr_carea' id='block_1_33' title="bbox 153 1886 1742 1971">
    <p class='ocr_par' dir='ltr' id='par_1_33' title="bbox 153 1894 1742 1971">
     <span class='ocr_line' id='line_1_33' title="bbox 153 1894 1742 1971; baseline -0.004 -18"><span class='ocrx_word' id='word_1_186' title='bbox 153 1918 334 1971; x_wconf 81' lang='grc' dir='ltr'><strong>ναμεν</strong></span> <span class='ocrx_word' id='word_1_187' title='bbox 362 1939 378 1964; x_wconf 92' lang='grc'><strong>,</strong></span> <span class='ocrx_word' id='word_1_188' title='bbox 412 1899 555 1953; x_wconf 88' lang='grc' dir='ltr'><strong>ῶστε</strong></span> <span class='ocrx_word' id='word_1_189' title='bbox 585 1898 882 1952; x_wconf 87' lang='grc' dir='ltr'><strong>τάσσεσθαι</strong></span> <span class='ocrx_word' id='word_1_190' title='bbox 906 1895 1061 1960; x_wconf 83' lang='grc' dir='ltr'><strong>τινὰς</strong></span> <span class='ocrx_word' id='word_1_191' title='bbox 1118 1898 1216 1968; x_wconf 79' lang='grc' dir='ltr'><strong>μὲν</strong></span> <span class='ocrx_word' id='word_1_192' title='bbox 1253 1897 1542 1968; x_wconf 76' lang='grc' dir='ltr'><strong>ἀριστερᾷ,</strong></span> <span class='ocrx_word' id='word_1_193' title='bbox 1592 1894 1742 1956; x_wconf 81' lang='grc' dir='ltr'><strong>τινάς</strong></span> 
     </span>
    </p>
   </div>
   <div class='ocr_carea' id='block_1_34' title="bbox 1846 1886 3425 1971">
    <p class='ocr_par' dir='ltr' id='par_1_34' title="bbox 1846 1895 3425 1969">
     <span class='ocr_line' id='line_1_34' title="bbox 1846 1895 3425 1969; baseline -0.004 -14"><span class='ocrx_word' id='word_1_194' title='bbox 1846 1901 1969 1955; x_wconf 83' lang='lat' dir='ltr'><strong>dam</strong></span> <span class='ocrx_word' id='word_1_195' title='bbox 2004 1899 2071 1953; x_wconf 83' lang='lat' dir='ltr'><strong>ad</strong></span> <span class='ocrx_word' id='word_1_196' title='bbox 2103 1900 2314 1960; x_wconf 65' lang='lat' dir='ltr'><strong>laevam.</strong></span> <span class='ocrx_word' id='word_1_197' title='bbox 2359 1897 2607 1969; x_wconf 77' lang='lat' dir='ltr'><strong>quzedam</strong></span> <span class='ocrx_word' id='word_1_198' title='bbox 2647 1897 2714 1951; x_wconf 92' lang='lat' dir='ltr'><strong>ad</strong></span> <span class='ocrx_word' id='word_1_199' title='bbox 2754 1897 2999 1951; x_wconf 79' lang='lat' dir='ltr'><strong>dextram</strong></span> <span class='ocrx_word' id='word_1_200' title='bbox 3037 1896 3282 1950; x_wconf 84' lang='lat' dir='ltr'><strong>cohortis</strong></span> <span class='ocrx_word' id='word_1_201' title='bbox 3310 1895 3425 1949; x_wconf 84' lang='lat' dir='ltr'><strong>sive</strong></span> 
     </span>
    </p>
   </div>
   <div class='ocr_carea' id='block_1_35' title="bbox 152 1988 1748 2062">
    <p class='ocr_par' dir='ltr' id='par_1_35' title="bbox 152 1988 1748 2062">
     <span class='ocr_line' id='line_1_35' title="bbox 152 1988 1748 2062; baseline -0.008 -15"><span class='ocrx_word' id='word_1_202' title='bbox 152 1993 210 2046; x_wconf 78' lang='grc' dir='ltr'><strong>δὲ</strong></span> <span class='ocrx_word' id='word_1_203' title='bbox 235 1992 391 2062; x_wconf 70' lang='grc' dir='ltr'><strong>δεξιᾷ</strong></span> <span class='ocrx_word' id='word_1_204' title='bbox 422 1990 517 2044; x_wconf 90' lang='grc' dir='ltr'><strong>τοῦ</strong></span> <span class='ocrx_word' id='word_1_205' title='bbox 547 1989 763 2059; x_wconf 80' lang='grc' dir='ltr'><strong>βάνδου,</strong></span> <span class='ocrx_word' id='word_1_206' title='bbox 793 1990 912 2060; x_wconf 72' lang='grc' dir='ltr'><strong>ἦτοι</strong></span> <span class='ocrx_word' id='word_1_207' title='bbox 980 1989 1076 2043; x_wconf 85' lang='grc' dir='ltr'><strong>τοῦ</strong></span> <span class='ocrx_word' id='word_1_208' title='bbox 1111 1991 1397 2060; x_wconf 77' lang='grc' dir='ltr'><strong>ἄρχοντος.</strong></span> <span class='ocrx_word' id='word_1_209' title='bbox 1465 1988 1573 2040; x_wconf 81' lang='grc' dir='ltr'><strong>Καὶ</strong></span> <span class='ocrx_word' id='word_1_210' title='bbox 1619 2001 1748 2054; x_wconf 86' lang='grc' dir='ltr'><strong>προ-</strong></span> 
     </span>
    </p>
   </div>
   <div class='ocr_carea' id='block_1_36' title="bbox 154 2077 1748 2155">
    <p class='ocr_par' dir='ltr' id='par_1_36' title="bbox 154 2077 1748 2155">
     <span class='ocr_line' id='line_1_36' title="bbox 154 2077 1748 2155; baseline -0.007 -17"><span class='ocrx_word' id='word_1_211' title='bbox 154 2083 533 2155; x_wconf 75' lang='grc' dir='ltr'><strong>πορευομένου</strong></span> <span class='ocrx_word' id='word_1_212' title='bbox 561 2081 656 2135; x_wconf 88' lang='grc' dir='ltr'><strong>τοῦ</strong></span> <span class='ocrx_word' id='word_1_213' title='bbox 684 2082 943 2151; x_wconf 80' lang='grc' dir='ltr'><strong>ἄρχοντος</strong></span> <span class='ocrx_word' id='word_1_214' title='bbox 997 2081 1115 2150; x_wconf 81' lang='grc' dir='ltr'><strong>άμα</strong></span> <span class='ocrx_word' id='word_1_215' title='bbox 1148 2079 1228 2150; x_wconf 85' lang='grc' dir='ltr'><strong>τῷ</strong></span> <span class='ocrx_word' id='word_1_216' title='bbox 1258 2078 1590 2150; x_wconf 74' lang='grc' dir='ltr'><strong>βανδοφόρῳ,</strong></span> <span class='ocrx_word' id='word_1_217' title='bbox 1655 2077 1748 2128; x_wconf 76' lang='grc' dir='ltr'><strong>καὶ</strong></span> 
     </span>
    </p>
   </div>
   <div class='ocr_carea' id='block_1_37' title="bbox 151 2169 1746 2247">
    <p class='ocr_par' dir='ltr' id='par_1_37' title="bbox 151 2169 1746 2247">
     <span class='ocr_line' id='line_1_37' title="bbox 151 2169 1746 2247; baseline -0.006 -18"><span class='ocrx_word' id='word_1_218' title='bbox 151 2178 231 2246; x_wconf 80' lang='grc' dir='ltr'><strong>τῷ</strong></span> <span class='ocrx_word' id='word_1_219' title='bbox 256 2175 578 2247; x_wconf 81' lang='grc' dir='ltr'><strong>μανδάτωρι</strong></span> <span class='ocrx_word' id='word_1_220' title='bbox 602 2214 619 2240; x_wconf 96' lang='grc'><strong>,</strong></span> <span class='ocrx_word' id='word_1_221' title='bbox 678 2174 772 2228; x_wconf 77' lang='grc' dir='ltr'><strong>καὶ</strong></span> <span class='ocrx_word' id='word_1_222' title='bbox 825 2173 1184 2243; x_wconf 86' lang='grc' dir='ltr'><strong>βουκινάτωρι</strong></span> <span class='ocrx_word' id='word_1_223' title='bbox 1212 2212 1229 2238; x_wconf 92' lang='grc'><strong>,</strong></span> <span class='ocrx_word' id='word_1_224' title='bbox 1267 2169 1746 2233; x_wconf 74' lang='grc' dir='ltr'><strong>ἐπακολουθοῦσιν,</strong></span> 
     </span>
    </p>
   </div>
   <div class='ocr_carea' id='block_1_38' title="bbox 151 2265 1745 2340">
    <p class='ocr_par' dir='ltr' id='par_1_38' title="bbox 151 2265 1745 2340">
     <span class='ocr_line' id='line_1_38' title="bbox 151 2265 1745 2340; baseline -0.003 -20"><span class='ocrx_word' id='word_1_225' title='bbox 151 2269 228 2324; x_wconf 75' lang='grc' dir='ltr'><strong>ὡς</strong></span> <span class='ocrx_word' id='word_1_226' title='bbox 261 2267 598 2340; x_wconf 63' lang='grc' dir='ltr'><strong>ὦρτσθησαν,</strong></span> <span class='ocrx_word' id='word_1_227' title='bbox 624 2267 871 2338; x_wconf 77' lang='grc' dir='ltr'><strong>όλιχαγοὶ</strong></span> <span class='ocrx_word' id='word_1_228' title='bbox 903 2267 1041 2338; x_wconf 68' lang='grc'><strong>(12),</strong></span> <span class='ocrx_word' id='word_1_229' title='bbox 1064 2267 1233 2338; x_wconf 71' lang='grc' dir='ltr'><strong>ἦγουν</strong></span> <span class='ocrx_word' id='word_1_230' title='bbox 1261 2268 1310 2319; x_wconf 82' lang='grc' dir='ltr'><strong>οἱ</strong></span> <span class='ocrx_word' id='word_1_231' title='bbox 1341 2265 1745 2337; x_wconf 81' lang='grc' dir='ltr'><strong>πρωτοστάται,</strong></span> 
     </span>
    </p>
   </div>
   <div class='ocr_carea' id='block_1_39' title="bbox 152 2354 1749 2432">
    <p class='ocr_par' dir='ltr' id='par_1_39' title="bbox 152 2354 1749 2432">
     <span class='ocr_line' id='line_1_39' title="bbox 152 2354 1749 2432; baseline -0.004 -18"><span class='ocrx_word' id='word_1_232' title='bbox 152 2360 498 2432; x_wconf 58' lang='lat' dir='ltr'><strong>suum»,</strong></span> <span class='ocrx_word' id='word_1_233' title='bbox 540 2359 756 2432; x_wconf 87' lang='grc' dir='ltr'><strong>πρῶτον</strong></span> <span class='ocrx_word' id='word_1_234' title='bbox 793 2360 845 2411; x_wconf 74' lang='grc' dir='ltr'><strong>οἱ</strong></span> <span class='ocrx_word' id='word_1_235' title='bbox 887 2357 984 2412; x_wconf 88' lang='grc' dir='ltr'><strong>τοῦ</strong></span> <span class='ocrx_word' id='word_1_236' title='bbox 1021 2357 1314 2428; x_wconf 79' lang='grc' dir='ltr'><strong>ἀριστεροῦ</strong></span> <span class='ocrx_word' id='word_1_237' title='bbox 1366 2357 1587 2428; x_wconf 78' lang='grc' dir='ltr'><strong>μέρους,</strong></span> <span class='ocrx_word' id='word_1_238' title='bbox 1651 2354 1749 2408; x_wconf 73' lang='grc' dir='ltr'><strong>καὶ</strong></span> 
     </span>
    </p>
   </div>
   <div class='ocr_carea' id='block_1_40' title="bbox 150 2452 622 2519">
    <p class='ocr_par' dir='ltr' id='par_1_40' title="bbox 150 2452 622 2519">
     <span class='ocr_line' id='line_1_40' title="bbox 150 2452 622 2519; baseline 0.004 -14"><span class='ocrx_word' id='word_1_239' title='bbox 150 2454 275 2506; x_wconf 81' lang='grc' dir='ltr'><strong>τότε</strong></span> <span class='ocrx_word' id='word_1_240' title='bbox 302 2453 398 2506; x_wconf 86' lang='grc' dir='ltr'><strong>τοῦ</strong></span> <span class='ocrx_word' id='word_1_241' title='bbox 423 2452 622 2519; x_wconf 75' lang='grc' dir='ltr'><strong>δεξιοῦ.</strong></span> 
     </span>
    </p>
   </div>
   <div class='ocr_carea' id='block_1_41' title="bbox 221 2543 1747 2616">
    <p class='ocr_par' dir='ltr' id='par_1_41' title="bbox 221 2543 1747 2616">
     <span class='ocr_line' id='line_1_41' title="bbox 221 2543 1747 2616; baseline -0.001 -18"><span class='ocrx_word' id='word_1_242' title='bbox 221 2544 321 2600; x_wconf 80' lang='grc' dir='ltr'><strong>νὸ’.</strong></span> <span class='ocrx_word' id='word_1_243' title='bbox 387 2545 701 2616; x_wconf 74' lang='grc' dir='ltr'><strong>Γενομένων</strong></span> <span class='ocrx_word' id='word_1_244' title='bbox 745 2546 804 2599; x_wconf 76' lang='grc' dir='ltr'><strong>δὲ</strong></span> <span class='ocrx_word' id='word_1_245' title='bbox 842 2544 1024 2600; x_wconf 82' lang='grc' dir='ltr'><strong>αὐτῶν</strong></span> <span class='ocrx_word' id='word_1_246' title='bbox 1072 2547 1132 2598; x_wconf 72' lang='grc' dir='ltr'><strong>ιν</strong></span> <span class='ocrx_word' id='word_1_247' title='bbox 1158 2543 1236 2614; x_wconf 85' lang='grc' dir='ltr'><strong>τῷ</strong></span> <span class='ocrx_word' id='word_1_248' title='bbox 1280 2545 1382 2614; x_wconf 81' lang='grc' dir='ltr'><strong>τῆς</strong></span> <span class='ocrx_word' id='word_1_249' title='bbox 1439 2543 1747 2614; x_wconf 78' lang='grc' dir='ltr'><strong>γυμνασίας</strong></span> 
     </span>
    </p>
   </div>
   <div class='ocr_carea' id='block_1_42' title="bbox 151 2636 1746 2710">
    <p class='ocr_par' dir='ltr' id='par_1_42' title="bbox 151 2636 1746 2710">
     <span class='ocr_line' id='line_1_42' title="bbox 151 2636 1746 2710; baseline -0.003 -18"><span class='ocrx_word' id='word_1_250' title='bbox 151 2641 330 2708; x_wconf 75' lang='grc' dir='ltr'><strong>τόπῳ,</strong></span> <span class='ocrx_word' id='word_1_251' title='bbox 364 2641 398 2709; x_wconf 81' lang='grc' dir='ltr'>ἦ</span> <span class='ocrx_word' id='word_1_252' title='bbox 421 2639 520 2708; x_wconf 84' lang='grc' dir='ltr'><strong>τῆς</strong></span> <span class='ocrx_word' id='word_1_253' title='bbox 549 2638 927 2710; x_wconf 83' lang='grc' dir='ltr'><strong>παρατάξεως,</strong></span> <span class='ocrx_word' id='word_1_254' title='bbox 954 2639 1166 2692; x_wconf 74' lang='grc' dir='ltr'><strong>ἵσταται</strong></span> <span class='ocrx_word' id='word_1_255' title='bbox 1195 2639 1225 2690; x_wconf 83' lang='grc' dir='ltr'><strong>ὸ</strong></span> <span class='ocrx_word' id='word_1_256' title='bbox 1252 2637 1456 2707; x_wconf 77' lang='grc' dir='ltr'><strong>ἄρχων,</strong></span> <span class='ocrx_word' id='word_1_257' title='bbox 1489 2638 1582 2690; x_wconf 78' lang='grc' dir='ltr'><strong>καὶ</strong></span> <span class='ocrx_word' id='word_1_258' title='bbox 1609 2636 1746 2706; x_wconf 86' lang='grc' dir='ltr'><strong>μετά</strong></span> 
     </span>
    </p>
   </div>
   <div class='ocr_carea' id='block_1_43' title="bbox 152 2727 1747 2803">
    <p class='ocr_par' dir='ltr' id='par_1_43' title="bbox 152 2727 1747 2803">
     <span class='ocr_line' id='line_1_43' title="bbox 152 2727 1747 2803; baseline -0.003 -19"><span class='ocrx_word' id='word_1_259' title='bbox 152 2732 323 2785; x_wconf 77' lang='grc' dir='ltr'><strong>αὐτὸν</strong></span> <span class='ocrx_word' id='word_1_260' title='bbox 369 2733 400 2784; x_wconf 84' lang='grc' dir='ltr'><strong>ό</strong></span> <span class='ocrx_word' id='word_1_261' title='bbox 460 2730 805 2803; x_wconf 82' lang='grc' dir='ltr'><strong>βανδοφόρος,</strong></span> <span class='ocrx_word' id='word_1_262' title='bbox 862 2731 957 2785; x_wconf 76' lang='grc' dir='ltr'><strong>καὶ</strong></span> <span class='ocrx_word' id='word_1_263' title='bbox 1001 2731 1056 2782; x_wconf 80' lang='grc' dir='ltr'><strong>ετ</strong></span> <span class='ocrx_word' id='word_1_264' title='bbox 1099 2746 1183 2792; x_wconf 90' lang='grc' dir='ltr'><strong>τις</strong></span> <span class='ocrx_word' id='word_1_265' title='bbox 1221 2729 1407 2798; x_wconf 74' lang='grc' dir='ltr'><strong>ἔτερος</strong></span> <span class='ocrx_word' id='word_1_266' title='bbox 1456 2727 1595 2780; x_wconf 79' lang='grc' dir='ltr'><strong>κατά</strong></span> <span class='ocrx_word' id='word_1_267' title='bbox 1624 2745 1747 2780; x_wconf 67' lang='grc' dir='ltr'><strong>συν.</strong></span> 
     </span>
    </p>
   </div>
   <div class='ocr_carea' id='block_1_44' title="bbox 151 2819 1737 2892">
    <p class='ocr_par' dir='ltr' id='par_1_44' title="bbox 151 2819 1737 2892">
     <span class='ocr_line' id='line_1_44' title="bbox 151 2819 1737 2892; baseline -0.001 -18"><span class='ocrx_word' id='word_1_268' title='bbox 151 2824 364 2892; x_wconf 83' lang='grc' dir='ltr'><strong>ήθειαν.</strong></span> <span class='ocrx_word' id='word_1_269' title='bbox 397 2823 504 2874; x_wconf 75' lang='grc' dir='ltr'><strong>Καὶ</strong></span> <span class='ocrx_word' id='word_1_270' title='bbox 521 2823 963 2892; x_wconf 86' lang='grc' dir='ltr'><strong>παρατάσσονται</strong></span> <span class='ocrx_word' id='word_1_271' title='bbox 987 2821 1142 2876; x_wconf 67' lang='grc' dir='ltr'><strong>αὐτοὶ</strong></span> <span class='ocrx_word' id='word_1_272' title='bbox 1172 2819 1324 2873; x_wconf 77' lang='grc' dir='ltr'><strong>ἔνθεν</strong></span> <span class='ocrx_word' id='word_1_273' title='bbox 1353 2820 1446 2874; x_wconf 75' lang='grc' dir='ltr'><strong>καὶ</strong></span> <span class='ocrx_word' id='word_1_274' title='bbox 1480 2819 1737 2873; x_wconf 79' lang='grc' dir='ltr'><strong>κάκεῖθεν</strong></span> 
     </span>
    </p>
   </div>
   <div class='ocr_carea' id='block_1_45' title="bbox 151 2911 1748 2983">
    <p class='ocr_par' dir='ltr' id='par_1_45' title="bbox 151 2911 1748 2983">
     <span class='ocr_line' id='line_1_45' title="bbox 151 2911 1748 2983; baseline -0.002 -15"><span class='ocrx_word' id='word_1_275' title='bbox 151 2916 208 2968; x_wconf 78' lang='grc' dir='ltr'><strong>αἱ</strong></span> <span class='ocrx_word' id='word_1_276' title='bbox 250 2914 412 2968; x_wconf 80' lang='grc' dir='ltr'><strong>άκίαι</strong></span> <span class='ocrx_word' id='word_1_277' title='bbox 438 2912 874 2983; x_wconf 79' lang='grc' dir='ltr'><strong>ὡςώρίσθησαν,</strong></span> <span class='ocrx_word' id='word_1_278' title='bbox 925 2912 1142 2982; x_wconf 86' lang='grc' dir='ltr'><strong>πρῶτον</strong></span> <span class='ocrx_word' id='word_1_279' title='bbox 1197 2913 1254 2965; x_wconf 82' lang='grc' dir='ltr'><strong>ὲν</strong></span> <span class='ocrx_word' id='word_1_280' title='bbox 1295 2911 1604 2982; x_wconf 79' lang='grc' dir='ltr'><strong>ἀραιοτέρῳ</strong></span> <span class='ocrx_word' id='word_1_281' title='bbox 1634 2911 1748 2966; x_wconf 84' lang='grc' dir='ltr'><strong>δια-</strong></span> 
     </span>
    </p>
   </div>
   <div class='ocr_carea' id='block_1_46' title="bbox 153 3000 1744 3075">
    <p class='ocr_par' dir='ltr' id='par_1_46' title="bbox 153 3000 1744 3075">
     <span class='ocr_line' id='line_1_46' title="bbox 153 3000 1744 3075; baseline -0.003 -17"><span class='ocrx_word' id='word_1_282' title='bbox 153 3007 423 3075; x_wconf 86' lang='grc' dir='ltr'><strong>στήματι,</strong></span> <span class='ocrx_word' id='word_1_283' title='bbox 449 3003 539 3057; x_wconf 68' lang='grc' dir='ltr'><strong>ἵνα</strong></span> <span class='ocrx_word' id='word_1_284' title='bbox 573 3005 648 3074; x_wconf 79' lang='grc' dir='ltr'><strong>μὴ</strong></span> <span class='ocrx_word' id='word_1_285' title='bbox 683 3003 1073 3074; x_wconf 83' lang='grc' dir='ltr'><strong>συντρίϐωνται</strong></span> <span class='ocrx_word' id='word_1_286' title='bbox 1099 3005 1193 3058; x_wconf 83' lang='grc' dir='ltr'><strong>ὑπ’</strong></span> <span class='ocrx_word' id='word_1_287' title='bbox 1219 3003 1485 3074; x_wconf 81' lang='grc' dir='ltr'><strong>ἀλλήλων,</strong></span> <span class='ocrx_word' id='word_1_288' title='bbox 1515 3002 1623 3055; x_wconf 77' lang='grc' dir='ltr'><strong>ἀπὸ</strong></span> <span class='ocrx_word' id='word_1_289' title='bbox 1659 3000 1744 3065; x_wconf 81' lang='grc' dir='ltr'><strong>ις’</strong></span> 
     </span>
    </p>
   </div>
   <div class='ocr_carea' id='block_1_47' title="bbox 149 3094 1745 3165">
    <p class='ocr_par' dir='ltr' id='par_1_47' title="bbox 149 3094 1745 3165">
     <span class='ocr_line' id='line_1_47' title="bbox 149 3094 1745 3165; baseline -0.001 -17"><span class='ocrx_word' id='word_1_290' title='bbox 149 3097 213 3148; x_wconf 83' lang='grc' dir='ltr'><strong>τὸ</strong></span> <span class='ocrx_word' id='word_1_291' title='bbox 263 3095 452 3164; x_wconf 83' lang='grc' dir='ltr'><strong>βάθος,</strong></span> <span class='ocrx_word' id='word_1_292' title='bbox 482 3095 651 3165; x_wconf 76' lang='grc' dir='ltr'><strong>ἧγουν</strong></span> <span class='ocrx_word' id='word_1_293' title='bbox 671 3097 732 3148; x_wconf 75' lang='grc' dir='ltr'><strong>τὸ</strong></span> <span class='ocrx_word' id='word_1_294' title='bbox 763 3097 958 3165; x_wconf 69' lang='grc' dir='ltr'><strong>πάχος,</strong></span> <span class='ocrx_word' id='word_1_295' title='bbox 995 3095 1220 3165; x_wconf 73' lang='grc' dir='ltr'><strong>ἔχουσαι</strong></span> <span class='ocrx_word' id='word_1_296' title='bbox 1255 3097 1348 3149; x_wconf 82' lang='grc' dir='ltr'><strong>καὶ</strong></span> <span class='ocrx_word' id='word_1_297' title='bbox 1395 3095 1522 3147; x_wconf 71' lang='grc' dir='ltr'><strong>τοῦτ</strong></span> <span class='ocrx_word' id='word_1_298' title='bbox 1556 3094 1745 3163; x_wconf 74' lang='grc' dir='ltr'><strong>ψιλοὺς</strong></span> 
     </span>
    </p>
   </div>
   <div class='ocr_carea' id='block_1_48' title="bbox 148 3185 1742 3258">
    <p class='ocr_par' dir='ltr' id='par_1_48' title="bbox 148 3185 1742 3258">
     <span class='ocr_line' id='line_1_48' title="bbox 148 3185 1742 3258; baseline -0.001 -18"><span class='ocrx_word' id='word_1_299' title='bbox 148 3187 380 3240; x_wconf 74' lang='grc' dir='ltr'><strong>θπισθεν</strong></span> <span class='ocrx_word' id='word_1_300' title='bbox 401 3226 416 3250; x_wconf 94' lang='grc'><strong>,</strong></span> <span class='ocrx_word' id='word_1_301' title='bbox 451 3187 520 3240; x_wconf 83' lang='grc' dir='ltr'><strong>τὰ</strong></span> <span class='ocrx_word' id='word_1_302' title='bbox 541 3186 600 3239; x_wconf 64' lang='grc' dir='ltr'><strong>δὲ</strong></span> <span class='ocrx_word' id='word_1_303' title='bbox 635 3186 765 3258; x_wconf 79' lang='grc' dir='ltr'><strong>ξίφη</strong></span> <span class='ocrx_word' id='word_1_304' title='bbox 799 3188 909 3240; x_wconf 91' lang='grc' dir='ltr'><strong>τῶν</strong></span> <span class='ocrx_word' id='word_1_305' title='bbox 955 3189 1255 3258; x_wconf 85' lang='grc' dir='ltr'><strong>κονταρίων</strong></span> <span class='ocrx_word' id='word_1_306' title='bbox 1304 3189 1417 3242; x_wconf 78' lang='grc' dir='ltr'><strong>ἄνω</strong></span> <span class='ocrx_word' id='word_1_307' title='bbox 1458 3185 1742 3257; x_wconf 81' lang='grc' dir='ltr'><strong>βλέποντα,</strong></span> 
     </span>
    </p>
   </div>
   <div class='ocr_carea' id='block_1_49' title="bbox 1771 3242 1818 3304">
    <p class='ocr_par' dir='ltr' id='par_1_49' title="bbox 1771 3242 1818 3304">
     <span class='ocr_line' id='line_1_49' title="bbox 1771 3242 1818 3304; baseline 0 0"><span class='ocrx_word' id='word_1_308' title='bbox 1771 3242 1818 3304; x_wconf 91' lang='lat' dir='ltr'><strong><em>C</em></strong></span> 
     </span>
    </p>
   </div>
   <div class='ocr_carea' id='block_1_50' title="bbox 1849 1985 3424 2058">
    <p class='ocr_par' dir='ltr' id='par_1_50' title="bbox 1849 1985 3424 2058">
     <span class='ocr_line' id='line_1_50' title="bbox 1849 1985 3424 2058; baseline -0.003 -16"><span class='ocrx_word' id='word_1_309' title='bbox 1849 1987 2086 2058; x_wconf 62' lang='lat' dir='ltr'><strong>praefecti</strong></span> <span class='ocrx_word' id='word_1_310' title='bbox 2109 1988 2442 2043; x_wconf 89' lang='lat' dir='ltr'><strong>collocentur</strong></span> <span class='ocrx_word' id='word_1_311' title='bbox 2490 2004 2504 2041; x_wconf 93' lang='lat'><strong>:</strong></span> <span class='ocrx_word' id='word_1_312' title='bbox 2546 2001 2782 2057; x_wconf 90' lang='lat' dir='ltr'><strong>cumque</strong></span> <span class='ocrx_word' id='word_1_313' title='bbox 2804 1985 3090 2056; x_wconf 61' lang='lat' dir='ltr'><strong>praefectus</strong></span> <span class='ocrx_word' id='word_1_314' title='bbox 3114 1985 3278 2040; x_wconf 88' lang='lat' dir='ltr'><strong>simul</strong></span> <span class='ocrx_word' id='word_1_315' title='bbox 3300 2000 3424 2039; x_wconf 90' lang='lat' dir='ltr'><strong>cum</strong></span> 
     </span>
    </p>
   </div>
   <div class='ocr_carea' id='block_1_51' title="bbox 1847 2076 3426 2152">
    <p class='ocr_par' dir='ltr' id='par_1_51' title="bbox 1847 2076 3426 2152">
     <span class='ocr_line' id='line_1_51' title="bbox 1847 2076 3426 2152; baseline -0.003 -17"><span class='ocrx_word' id='word_1_316' title='bbox 1847 2080 2107 2152; x_wconf 77' lang='lat' dir='ltr'><strong>signifero</strong></span> <span class='ocrx_word' id='word_1_317' title='bbox 2127 2090 2184 2134; x_wconf 92' lang='lat' dir='ltr'><strong>et</strong></span> <span class='ocrx_word' id='word_1_318' title='bbox 2214 2079 2556 2140; x_wconf 88' lang='lat' dir='ltr'><strong>mandatore,</strong></span> <span class='ocrx_word' id='word_1_319' title='bbox 2585 2088 2641 2133; x_wconf 91' lang='lat' dir='ltr'><strong>et</strong></span> <span class='ocrx_word' id='word_1_320' title='bbox 2671 2079 3028 2132; x_wconf 88' lang='lat' dir='ltr'><strong>buccinatore</strong></span> <span class='ocrx_word' id='word_1_321' title='bbox 3053 2076 3315 2146; x_wconf 87' lang='lat' dir='ltr'><strong>procedit,</strong></span> <span class='ocrx_word' id='word_1_322' title='bbox 3341 2092 3426 2130; x_wconf 89' lang='lat' dir='ltr'><strong>se-</strong></span> 
     </span>
    </p>
   </div>
   <div class='ocr_carea' id='block_1_52' title="bbox 1847 2168 3424 2242">
    <p class='ocr_par' dir='ltr' id='par_1_52' title="bbox 1847 2168 3424 2242">
     <span class='ocr_line' id='line_1_52' title="bbox 1847 2168 3424 2242; baseline -0.003 -15"><span class='ocrx_word' id='word_1_323' title='bbox 1847 2180 2085 2242; x_wconf 92' lang='lat' dir='ltr'><strong>quantur</strong></span> <span class='ocrx_word' id='word_1_324' title='bbox 2113 2170 2573 2241; x_wconf 85' lang='lat' dir='ltr'><strong>quemadmodum</strong></span> <span class='ocrx_word' id='word_1_325' title='bbox 2608 2170 2893 2225; x_wconf 88' lang='lat' dir='ltr'><strong>constituti</strong></span> <span class='ocrx_word' id='word_1_326' title='bbox 2937 2169 3157 2225; x_wconf 81' lang='lat' dir='ltr'><strong>fuerant</strong></span> <span class='ocrx_word' id='word_1_327' title='bbox 3189 2168 3424 2237; x_wconf 71' lang='lat' dir='ltr'><strong>lochagi,</strong></span> 
     </span>
    </p>
   </div>
   <div class='ocr_carea' id='block_1_53' title="bbox 1849 2261 3424 2332">
    <p class='ocr_par' dir='ltr' id='par_1_53' title="bbox 1849 2261 3424 2332">
     <span class='ocr_line' id='line_1_53' title="bbox 1849 2261 3424 2332; baseline -0.003 -13"><span class='ocrx_word' id='word_1_328' title='bbox 1849 2265 1901 2319; x_wconf 87' lang='lat' dir='ltr'><strong>id</strong></span> <span class='ocrx_word' id='word_1_329' title='bbox 1930 2273 2046 2327; x_wconf 86' lang='lat' dir='ltr'><strong>est,</strong></span> <span class='ocrx_word' id='word_1_330' title='bbox 2081 2265 2348 2331; x_wconf 69' lang='lat' dir='ltr'><strong>pmstites</strong></span> <span class='ocrx_word' id='word_1_331' title='bbox 2382 2271 2436 2318; x_wconf 90' lang='lat' dir='ltr'><strong>et</strong></span> <span class='ocrx_word' id='word_1_332' title='bbox 2465 2262 2661 2318; x_wconf 88' lang='lat' dir='ltr'><strong>decani</strong></span> <span class='ocrx_word' id='word_1_333' title='bbox 2693 2261 2906 2318; x_wconf 86' lang='lat' dir='ltr'><strong>sinistri</strong></span> <span class='ocrx_word' id='word_1_334' title='bbox 2941 2261 3129 2317; x_wconf 81' lang='lat' dir='ltr'><strong>lateris</strong></span> <span class='ocrx_word' id='word_1_335' title='bbox 3163 2261 3424 2332; x_wconf 84' lang='lat' dir='ltr'><strong>primum.</strong></span> 
     </span>
    </p>
   </div>
   <div class='ocr_carea' id='block_1_54' title="bbox 1847 2357 2274 2415">
    <p class='ocr_par' dir='ltr' id='par_1_54' title="bbox 1847 2357 2274 2415">
     <span class='ocr_line' id='line_1_54' title="bbox 1847 2357 2274 2415; baseline -0.009 -1"><span class='ocrx_word' id='word_1_336' title='bbox 1847 2357 2044 2415; x_wconf 87' lang='lat' dir='ltr'><strong>deinde</strong></span> <span class='ocrx_word' id='word_1_337' title='bbox 2074 2357 2274 2412; x_wconf 77' lang='lat' dir='ltr'><strong>dextri.</strong></span> 
     </span>
    </p>
   </div>
   <div class='ocr_carea' id='block_1_55' title="bbox 1919 2545 3430 2607">
    <p class='ocr_par' dir='ltr' id='par_1_55' title="bbox 1919 2545 3430 2607">
     <span class='ocr_line' id='line_1_55' title="bbox 1919 2545 3430 2607; baseline -0.005 -1"><span class='ocrx_word' id='word_1_338' title='bbox 1919 2553 2007 2607; x_wconf 72' lang='grc'><strong>54.</strong></span> <span class='ocrx_word' id='word_1_339' title='bbox 2043 2551 2143 2607; x_wconf 87' lang='lat' dir='ltr'><strong>Ubi</strong></span> <span class='ocrx_word' id='word_1_340' title='bbox 2178 2553 2231 2606; x_wconf 92' lang='lat' dir='ltr'><strong>in</strong></span> <span class='ocrx_word' id='word_1_341' title='bbox 2259 2549 2671 2607; x_wconf 78' lang='lat' dir='ltr'><strong>exercitationis</strong></span> <span class='ocrx_word' id='word_1_342' title='bbox 2696 2549 2810 2604; x_wconf 89' lang='lat' dir='ltr'><strong>sive</strong></span> <span class='ocrx_word' id='word_1_343' title='bbox 2834 2549 3119 2605; x_wconf 69' lang='lat' dir='ltr'><strong>instructa:</strong></span> <span class='ocrx_word' id='word_1_344' title='bbox 3148 2547 3283 2602; x_wconf 84' lang='lat' dir='ltr'><strong>aciei</strong></span> <span class='ocrx_word' id='word_1_345' title='bbox 3309 2545 3430 2601; x_wconf 88' lang='lat' dir='ltr'><strong>loco</strong></span> 
     </span>
    </p>
   </div>
   <div class='ocr_carea' id='block_1_56' title="bbox 1849 2637 3428 2712">
    <p class='ocr_par' dir='ltr' id='par_1_56' title="bbox 1849 2637 3428 2712">
     <span class='ocr_line' id='line_1_56' title="bbox 1849 2637 3428 2712; baseline -0.004 -15"><span class='ocrx_word' id='word_1_346' title='bbox 1849 2643 2080 2702; x_wconf 83' lang='lat' dir='ltr'><strong>fuerint,</strong></span> <span class='ocrx_word' id='word_1_347' title='bbox 2121 2651 2226 2698; x_wconf 84' lang='lat' dir='ltr'><strong>stet</strong></span> <span class='ocrx_word' id='word_1_348' title='bbox 2262 2641 2573 2712; x_wconf 67' lang='lat' dir='ltr'><strong>praefectus,</strong></span> <span class='ocrx_word' id='word_1_349' title='bbox 2611 2649 2667 2695; x_wconf 91' lang='lat' dir='ltr'><strong>et</strong></span> <span class='ocrx_word' id='word_1_350' title='bbox 2712 2655 2836 2695; x_wconf 90' lang='lat' dir='ltr'><strong>cum</strong></span> <span class='ocrx_word' id='word_1_351' title='bbox 2873 2655 2940 2696; x_wconf 82' lang='lat' dir='ltr'><strong>eo</strong></span> <span class='ocrx_word' id='word_1_352' title='bbox 2986 2639 3237 2711; x_wconf 79' lang='lat' dir='ltr'><strong>signifer,</strong></span> <span class='ocrx_word' id='word_1_353' title='bbox 3292 2644 3347 2692; x_wconf 91' lang='lat' dir='ltr'><strong>et</strong></span> <span class='ocrx_word' id='word_1_354' title='bbox 3381 2637 3428 2690; x_wconf 82' lang='lat' dir='ltr'><strong>si</strong></span> 
     </span>
    </p>
   </div>
   <div class='ocr_carea' id='block_1_57' title="bbox 1847 2731 3431 2806">
    <p class='ocr_par' dir='ltr' id='par_1_57' title="bbox 1847 2731 3431 2806">
     <span class='ocr_line' id='line_1_57' title="bbox 1847 2731 3431 2806; baseline -0.005 -16"><span class='ocrx_word' id='word_1_355' title='bbox 1847 2736 1972 2806; x_wconf 89' lang='lat' dir='ltr'><strong>quis</strong></span> <span class='ocrx_word' id='word_1_356' title='bbox 2007 2735 2148 2789; x_wconf 88' lang='lat' dir='ltr'><strong>alius</strong></span> <span class='ocrx_word' id='word_1_357' title='bbox 2189 2749 2315 2788; x_wconf 91' lang='lat' dir='ltr'><strong>cum</strong></span> <span class='ocrx_word' id='word_1_358' title='bbox 2348 2749 2415 2788; x_wconf 88' lang='lat' dir='ltr'><strong>eo</strong></span> <span class='ocrx_word' id='word_1_359' title='bbox 2447 2746 2570 2788; x_wconf 84' lang='lat' dir='ltr'><strong>esse</strong></span> <span class='ocrx_word' id='word_1_360' title='bbox 2604 2732 2928 2793; x_wconf 87' lang='lat' dir='ltr'><strong>consuevit,</strong></span> <span class='ocrx_word' id='word_1_361' title='bbox 2977 2731 3431 2799; x_wconf 89' lang='lat' dir='ltr'><strong>instruanturque</strong></span> 
     </span>
    </p>
   </div>
   <div class='ocr_carea' id='block_1_58' title="bbox 1848 2823 3431 2895">
    <p class='ocr_par' dir='ltr' id='par_1_58' title="bbox 1848 2823 3431 2895">
     <span class='ocr_line' id='line_1_58' title="bbox 1848 2823 3431 2895; baseline -0.006 -12"><span class='ocrx_word' id='word_1_362' title='bbox 1848 2825 2208 2884; x_wconf 89' lang='lat' dir='ltr'><strong>contubernia</strong></span> <span class='ocrx_word' id='word_1_363' title='bbox 2256 2827 2382 2880; x_wconf 90' lang='lat' dir='ltr'><strong>hinc</strong></span> <span class='ocrx_word' id='word_1_364' title='bbox 2428 2835 2592 2895; x_wconf 87' lang='lat' dir='ltr'><strong>atque</strong></span> <span class='ocrx_word' id='word_1_365' title='bbox 2631 2824 2817 2888; x_wconf 89' lang='lat' dir='ltr'><strong>illine,</strong></span> <span class='ocrx_word' id='word_1_366' title='bbox 2866 2823 3132 2892; x_wconf 88' lang='lat' dir='ltr'><strong>primum.</strong></span> <span class='ocrx_word' id='word_1_367' title='bbox 3167 2823 3431 2889; x_wconf 83' lang='lat' dir='ltr'><strong>quemad-</strong></span> 
     </span>
    </p>
   </div>
   <div class='ocr_carea' id='block_1_59' title="bbox 1850 2912 3432 2987">
    <p class='ocr_par' dir='ltr' id='par_1_59' title="bbox 1850 2912 3432 2987">
     <span class='ocr_line' id='line_1_59' title="bbox 1850 2912 3432 2987; baseline -0.006 -13"><span class='ocrx_word' id='word_1_368' title='bbox 1850 2920 2070 2975; x_wconf 90' lang='lat' dir='ltr'><strong>modum</strong></span> <span class='ocrx_word' id='word_1_369' title='bbox 2098 2917 2429 2987; x_wconf 83' lang='lat' dir='ltr'><strong>explicatum</strong></span> <span class='ocrx_word' id='word_1_370' title='bbox 2463 2925 2620 2970; x_wconf 90' lang='lat' dir='ltr'><strong>antea</strong></span> <span class='ocrx_word' id='word_1_371' title='bbox 2656 2923 2758 2979; x_wconf 85' lang='lat' dir='ltr'><strong>est,</strong></span> <span class='ocrx_word' id='word_1_372' title='bbox 2787 2916 2994 2968; x_wconf 83' lang='lat' dir='ltr'><strong>laxiore</strong></span> <span class='ocrx_word' id='word_1_373' title='bbox 3021 2923 3076 2969; x_wconf 91' lang='lat' dir='ltr'><strong>et</strong></span> <span class='ocrx_word' id='word_1_374' title='bbox 3107 2913 3317 2967; x_wconf 90' lang='lat' dir='ltr'><strong>rariore</strong></span> <span class='ocrx_word' id='word_1_375' title='bbox 3347 2912 3432 2965; x_wconf 89' lang='lat' dir='ltr'><strong>in-</strong></span> 
     </span>
    </p>
   </div>
   <div class='ocr_carea' id='block_1_60' title="bbox 1852 3001 3429 3074">
    <p class='ocr_par' dir='ltr' id='par_1_60' title="bbox 1852 3001 3429 3074">
     <span class='ocr_line' id='line_1_60' title="bbox 1852 3001 3429 3074; baseline -0.006 -10"><span class='ocrx_word' id='word_1_376' title='bbox 1852 3007 2119 3070; x_wconf 86' lang='lat' dir='ltr'><strong>tervallo,</strong></span> <span class='ocrx_word' id='word_1_377' title='bbox 2161 3015 2222 3061; x_wconf 92' lang='lat' dir='ltr'><strong>ut</strong></span> <span class='ocrx_word' id='word_1_378' title='bbox 2257 3021 2322 3059; x_wconf 90' lang='lat' dir='ltr'><strong>ne</strong></span> <span class='ocrx_word' id='word_1_379' title='bbox 2359 3020 2389 3059; x_wconf 89' lang='lat' dir='ltr'><strong>a</strong></span> <span class='ocrx_word' id='word_1_380' title='bbox 2434 3020 2494 3060; x_wconf 85' lang='lat' dir='ltr'><strong>se</strong></span> <span class='ocrx_word' id='word_1_381' title='bbox 2534 3015 2724 3058; x_wconf 87' lang='lat' dir='ltr'><strong>mutuo</strong></span> <span class='ocrx_word' id='word_1_382' title='bbox 2753 3005 3064 3074; x_wconf 75' lang='lat' dir='ltr'><strong>affligantur</strong></span> <span class='ocrx_word' id='word_1_383' title='bbox 3092 3023 3105 3057; x_wconf 90' lang='lat'><strong>:</strong></span> <span class='ocrx_word' id='word_1_384' title='bbox 3138 3002 3334 3057; x_wconf 90' lang='lat' dir='ltr'><strong>deinde</strong></span> <span class='ocrx_word' id='word_1_385' title='bbox 3363 3001 3429 3056; x_wconf 89' lang='lat' dir='ltr'><strong>ad</strong></span> 
     </span>
    </p>
   </div>
   <div class='ocr_carea' id='block_1_61' title="bbox 1849 3098 3430 3164">
    <p class='ocr_par' dir='ltr' id='par_1_61' title="bbox 1849 3098 3430 3164">
     <span class='ocr_line' id='line_1_61' title="bbox 1849 3098 3430 3164; baseline -0.004 -7"><span class='ocrx_word' id='word_1_386' title='bbox 1849 3101 2087 3157; x_wconf 90' lang='lat' dir='ltr'><strong>sedecim</strong></span> <span class='ocrx_word' id='word_1_387' title='bbox 2137 3099 2382 3153; x_wconf 88' lang='lat' dir='ltr'><strong>virorum</strong></span> <span class='ocrx_word' id='word_1_388' title='bbox 2429 3099 2773 3152; x_wconf 86' lang='lat' dir='ltr'><strong>altitudinem</strong></span> <span class='ocrx_word' id='word_1_389' title='bbox 2798 3137 2814 3162; x_wconf 91' lang='lat'><strong>,</strong></span> <span class='ocrx_word' id='word_1_390' title='bbox 2857 3099 2909 3152; x_wconf 90' lang='lat' dir='ltr'><strong>id</strong></span> <span class='ocrx_word' id='word_1_391' title='bbox 2948 3108 3052 3161; x_wconf 91' lang='lat' dir='ltr'><strong>est,</strong></span> <span class='ocrx_word' id='word_1_392' title='bbox 3085 3098 3430 3164; x_wconf 84' lang='lat' dir='ltr'><strong>profundita-</strong></span> 
     </span>
    </p>
   </div>
   <div class='ocr_carea' id='block_1_62' title="bbox 1851 3191 3431 3261">
    <p class='ocr_par' dir='ltr' id='par_1_62' title="bbox 1851 3191 3431 3261">
     <span class='ocr_line' id='line_1_62' title="bbox 1851 3191 3431 3261; baseline -0.003 -14"><span class='ocrx_word' id='word_1_393' title='bbox 1851 3204 1981 3248; x_wconf 91' lang='lat' dir='ltr'><strong>tem.</strong></span> <span class='ocrx_word' id='word_1_394' title='bbox 2019 3191 2285 3261; x_wconf 88' lang='lat' dir='ltr'><strong>Cuspides</strong></span> <span class='ocrx_word' id='word_1_395' title='bbox 2336 3192 2616 3245; x_wconf 85' lang='lat' dir='ltr'><strong>hastarum</strong></span> <span class='ocrx_word' id='word_1_396' title='bbox 2655 3206 2873 3245; x_wconf 85' lang='lat' dir='ltr'><strong>sursum</strong></span> <span class='ocrx_word' id='word_1_397' title='bbox 2924 3199 3136 3245; x_wconf 87' lang='lat' dir='ltr'><strong>erectas</strong></span> <span class='ocrx_word' id='word_1_398' title='bbox 3172 3191 3431 3254; x_wconf 75' lang='lat' dir='ltr'><strong>habt-ant,</strong></span> 
     </span>
    </p>
   </div>
   <div class='ocr_carea' id='block_1_63' title="bbox 152 3277 1742 3351">
    <p class='ocr_par' dir='ltr' id='par_1_63' title="bbox 152 3277 1740 3349">
     <span class='ocr_line' id='line_1_63' title="bbox 152 3277 1740 3349; baseline 0 -19"><span class='ocrx_word' id='word_1_399' title='bbox 152 3281 244 3332; x_wconf 79' lang='grc' dir='ltr'><strong>ῐνα</strong></span> <span class='ocrx_word' id='word_1_400' title='bbox 277 3279 358 3349; x_wconf 78' lang='grc' dir='ltr'><strong>μὴ</strong></span> <span class='ocrx_word' id='word_1_401' title='bbox 381 3279 783 3348; x_wconf 74' lang='grc' dir='ltr'><strong>ὲμποδίζωνται</strong></span> <span class='ocrx_word' id='word_1_402' title='bbox 824 3278 915 3331; x_wconf 77' lang='grc' dir='ltr'><strong>ὑπ’</strong></span> <span class='ocrx_word' id='word_1_403' title='bbox 944 3279 1144 3333; x_wconf 82' lang='grc' dir='ltr'><strong>αὐτῶν.</strong></span> <span class='ocrx_word' id='word_1_404' title='bbox 1185 3279 1536 3348; x_wconf 79' lang='grc' dir='ltr'><strong>Ἐμπροσθεν</strong></span> <span class='ocrx_word' id='word_1_405' title='bbox 1566 3279 1622 3331; x_wconf 84' lang='grc' dir='ltr'><strong>δὲ</strong></span> <span class='ocrx_word' id='word_1_406' title='bbox 1647 3277 1740 3330; x_wconf 87' lang='grc' dir='ltr'><strong>τοῦ</strong></span> 
     </span>
    </p>
   </div>
   <div class='ocr_carea' id='block_1_64' title="bbox 1846 3277 3432 3351">
    <p class='ocr_par' dir='ltr' id='par_1_64' title="bbox 1849 3280 3432 3351">
     <span class='ocr_line' id='line_1_64' title="bbox 1849 3280 3432 3351; baseline -0.004 -13"><span class='ocrx_word' id='word_1_407' title='bbox 1849 3299 1917 3338; x_wconf 92' lang='lat' dir='ltr'><strong>ne</strong></span> <span class='ocrx_word' id='word_1_408' title='bbox 1945 3283 2013 3336; x_wconf 88' lang='lat' dir='ltr'><strong>ab</strong></span> <span class='ocrx_word' id='word_1_409' title='bbox 2040 3282 2147 3336; x_wconf 88' lang='lat' dir='ltr'><strong>illis</strong></span> <span class='ocrx_word' id='word_1_410' title='bbox 2179 3281 2560 3351; x_wconf 87' lang='lat' dir='ltr'><strong>impediantur.</strong></span> <span class='ocrx_word' id='word_1_411' title='bbox 2595 3283 2735 3336; x_wconf 85' lang='lat' dir='ltr'><strong>Ante</strong></span> <span class='ocrx_word' id='word_1_412' title='bbox 2780 3280 3012 3335; x_wconf 81' lang='lat' dir='ltr'><strong>frontem</strong></span> <span class='ocrx_word' id='word_1_413' title='bbox 3057 3281 3192 3335; x_wconf 88' lang='lat' dir='ltr'><strong>aciei</strong></span> <span class='ocrx_word' id='word_1_414' title='bbox 3237 3280 3432 3334; x_wconf 89' lang='lat' dir='ltr'><strong>ambu-</strong></span> 
     </span>
    </p>
   </div>
   <div class='ocr_carea' id='block_1_65' title="bbox 153 3368 1742 3442">
    <p class='ocr_par' dir='ltr' id='par_1_65' title="bbox 153 3368 1742 3442">
     <span class='ocr_line' id='line_1_65' title="bbox 153 3368 1742 3442; baseline -0.001 -20"><span class='ocrx_word' id='word_1_415' title='bbox 153 3369 416 3437; x_wconf 83' lang='grc' dir='ltr'><strong>μετὼπου</strong></span> <span class='ocrx_word' id='word_1_416' title='bbox 470 3368 888 3440; x_wconf 77' lang='grc' dir='ltr'><strong>περιπατοῦσιν,</strong></span> <span class='ocrx_word' id='word_1_417' title='bbox 918 3371 947 3421; x_wconf 89' lang='grc' dir='ltr'><strong>ό</strong></span> <span class='ocrx_word' id='word_1_418' title='bbox 1001 3370 1313 3442; x_wconf 82' lang='grc' dir='ltr'><strong>μανδάτωρ,</strong></span> <span class='ocrx_word' id='word_1_419' title='bbox 1357 3371 1386 3423; x_wconf 78' lang='grc' dir='ltr'><strong>ό</strong></span> <span class='ocrx_word' id='word_1_420' title='bbox 1438 3369 1742 3440; x_wconf 83' lang='grc' dir='ltr'><strong>καμπιδού-</strong></span> 
     </span>
    </p>
   </div>
   <div class='ocr_carea' id='block_1_66' title="bbox 151 3459 1744 3530">
    <p class='ocr_par' dir='ltr' id='par_1_66' title="bbox 151 3459 1744 3530">
     <span class='ocr_line' id='line_1_66' title="bbox 151 3459 1744 3530; baseline -0.001 -17"><span class='ocrx_word' id='word_1_421' title='bbox 151 3478 330 3529; x_wconf 89' lang='grc' dir='ltr'><strong>κτωρ,</strong></span> <span class='ocrx_word' id='word_1_422' title='bbox 368 3461 536 3530; x_wconf 72' lang='grc' dir='ltr'><strong>ἤγουν</strong></span> <span class='ocrx_word' id='word_1_423' title='bbox 565 3461 593 3513; x_wconf 84' lang='grc' dir='ltr'><strong>ό</strong></span> <span class='ocrx_word' id='word_1_424' title='bbox 617 3459 810 3528; x_wconf 85' lang='grc' dir='ltr'><strong>όδηγὺς</strong></span> <span class='ocrx_word' id='word_1_425' title='bbox 840 3459 950 3512; x_wconf 90' lang='grc' dir='ltr'><strong>τῶν</strong></span> <span class='ocrx_word' id='word_1_426' title='bbox 977 3459 1180 3521; x_wconf 88' lang='grc' dir='ltr'><strong>τόπων,</strong></span> <span class='ocrx_word' id='word_1_427' title='bbox 1202 3463 1231 3512; x_wconf 90' lang='grc' dir='ltr'><strong>ό</strong></span> <span class='ocrx_word' id='word_1_428' title='bbox 1259 3461 1358 3529; x_wconf 77' lang='grc' dir='ltr'><strong>μὲν</strong></span> <span class='ocrx_word' id='word_1_429' title='bbox 1387 3461 1511 3522; x_wconf 81' lang='grc' dir='ltr'><strong>τοῦς</strong></span> <span class='ocrx_word' id='word_1_430' title='bbox 1542 3460 1744 3522; x_wconf 86' lang='grc' dir='ltr'><strong>τόπους</strong></span> 
     </span>
    </p>
   </div>
   <div class='ocr_carea' id='block_1_67' title="bbox 149 3549 1742 3624">
    <p class='ocr_par' dir='ltr' id='par_1_67' title="bbox 149 3549 1742 3624">
     <span class='ocr_line' id='line_1_67' title="bbox 149 3549 1742 3624; baseline -0.001 -20"><span class='ocrx_word' id='word_1_431' title='bbox 149 3552 462 3622; x_wconf 83' lang='grc' dir='ltr'><strong>άνερευνῶν</strong></span> <span class='ocrx_word' id='word_1_432' title='bbox 489 3551 582 3604; x_wconf 69' lang='grc' dir='ltr'><strong>καὶ</strong></span> <span class='ocrx_word' id='word_1_433' title='bbox 617 3551 850 3622; x_wconf 80' lang='grc' dir='ltr'><strong>ὁδηγῶν,</strong></span> <span class='ocrx_word' id='word_1_434' title='bbox 880 3553 910 3605; x_wconf 84' lang='grc' dir='ltr'><strong>ὁ</strong></span> <span class='ocrx_word' id='word_1_435' title='bbox 932 3553 990 3606; x_wconf 77' lang='grc' dir='ltr'><strong>δὲ</strong></span> <span class='ocrx_word' id='word_1_436' title='bbox 1033 3553 1102 3606; x_wconf 83' lang='grc' dir='ltr'><strong>τά</strong></span> <span class='ocrx_word' id='word_1_437' title='bbox 1138 3552 1383 3624; x_wconf 79' lang='grc' dir='ltr'><strong>μανδάτα</strong></span> <span class='ocrx_word' id='word_1_438' title='bbox 1408 3551 1600 3622; x_wconf 84' lang='grc' dir='ltr'><strong>γνώμῃ</strong></span> <span class='ocrx_word' id='word_1_439' title='bbox 1647 3549 1742 3604; x_wconf 89' lang='grc' dir='ltr'><strong>τοῦ</strong></span> 
     </span>
    </p>
   </div>
   <div class='ocr_carea' id='block_1_68' title="bbox 150 3644 640 3716">
    <p class='ocr_par' dir='ltr' id='par_1_68' title="bbox 150 3644 640 3716">
     <span class='ocr_line' id='line_1_68' title="bbox 150 3644 640 3716; baseline 0.002 -19"><span class='ocrx_word' id='word_1_440' title='bbox 150 3644 420 3716; x_wconf 72' lang='grc' dir='ltr'><strong>ἄρχοντος</strong></span> <span class='ocrx_word' id='word_1_441' title='bbox 442 3645 640 3707; x_wconf 80' lang='grc' dir='ltr'><strong>διδούς.</strong></span> 
     </span>
    </p>
   </div>
   <div class='ocr_carea' id='block_1_69' title="bbox 228 3732 1743 3806">
    <p class='ocr_par' dir='ltr' id='par_1_69' title="bbox 228 3732 1743 3806">
     <span class='ocr_line' id='line_1_69' title="bbox 228 3732 1743 3806; baseline 0.003 -20"><span class='ocrx_word' id='word_1_442' title='bbox 228 3732 330 3788; x_wconf 88' lang='grc' dir='ltr'><strong>νε⁹.</strong></span> <span class='ocrx_word' id='word_1_443' title='bbox 370 3734 482 3787; x_wconf 78' lang='grc' dir='ltr'><strong>Καὶ</strong></span> <span class='ocrx_word' id='word_1_444' title='bbox 507 3735 558 3787; x_wconf 81' lang='grc' dir='ltr'><strong>εἰ</strong></span> <span class='ocrx_word' id='word_1_445' title='bbox 592 3734 692 3804; x_wconf 70' lang='grc' dir='ltr'><strong>μιν</strong></span> <span class='ocrx_word' id='word_1_446' title='bbox 709 3734 895 3804; x_wconf 81' lang='grc' dir='ltr'><strong>τάγμα</strong></span> <span class='ocrx_word' id='word_1_447' title='bbox 946 3735 1065 3787; x_wconf 76' lang='grc' dir='ltr'><strong>ἐστὶ</strong></span> <span class='ocrx_word' id='word_1_448' title='bbox 1102 3734 1164 3788; x_wconf 75' lang='grc' dir='ltr'><strong>τὸ</strong></span> <span class='ocrx_word' id='word_1_449' title='bbox 1191 3735 1624 3806; x_wconf 81' lang='grc' dir='ltr'><strong>γυμναζόμενον,</strong></span> <span class='ocrx_word' id='word_1_450' title='bbox 1653 3737 1743 3790; x_wconf 74' lang='grc' dir='ltr'><strong>τὸν</strong></span> 
     </span>
    </p>
   </div>
   <div class='ocr_carea' id='block_1_70' title="bbox 148 3825 1744 3898">
    <p class='ocr_par' dir='ltr' id='par_1_70' title="bbox 148 3825 1744 3898">
     <span class='ocr_line' id='line_1_70' title="bbox 148 3825 1744 3898; baseline 0.002 -19"><span class='ocrx_word' id='word_1_451' title='bbox 148 3825 244 3880; x_wconf 84' lang='grc' dir='ltr'><strong>τοῦ</strong></span> <span class='ocrx_word' id='word_1_452' title='bbox 274 3827 562 3896; x_wconf 87' lang='grc' dir='ltr'><strong>τάγματος</strong></span> <span class='ocrx_word' id='word_1_453' title='bbox 588 3827 825 3898; x_wconf 77' lang='grc' dir='ltr'><strong>ἄρχοντα</strong></span> <span class='ocrx_word' id='word_1_454' title='bbox 879 3826 1192 3898; x_wconf 71' lang='grc' dir='ltr'><strong>ἔμπροσθεν</strong></span> <span class='ocrx_word' id='word_1_455' title='bbox 1225 3830 1548 3897; x_wconf 77' lang='grc' dir='ltr'><strong>περιπατεῖν</strong></span> <span class='ocrx_word' id='word_1_456' title='bbox 1605 3830 1744 3898; x_wconf 69' lang='grc' dir='ltr'><strong>μετὰ</strong></span> 
     </span>
    </p>
   </div>
   <div class='ocr_carea' id='block_1_71' title="bbox 154 3923 1741 3995">
    <p class='ocr_par' dir='ltr' id='par_1_71' title="bbox 154 3923 1741 3995">
     <span class='ocr_line' id='line_1_71' title="bbox 154 3923 1741 3995; baseline 0 -19"><span class='ocrx_word' id='word_1_457' title='bbox 154 3923 509 3993; x_wconf 85' lang='grc' dir='ltr'><strong>μανὸάτωρος</strong></span> <span class='ocrx_word' id='word_1_458' title='bbox 561 3923 655 3976; x_wconf 82' lang='grc' dir='ltr'><strong>καὶ</strong></span> <span class='ocrx_word' id='word_1_459' title='bbox 707 3923 1232 3994; x_wconf 74' lang='grc' dir='ltr'><strong>καμπιδούκτωροςο</strong></span> <span class='ocrx_word' id='word_1_460' title='bbox 1291 3925 1341 3976; x_wconf 86' lang='grc' dir='ltr'><strong>εἰ</strong></span> <span class='ocrx_word' id='word_1_461' title='bbox 1393 3923 1451 3976; x_wconf 73' lang='grc' dir='ltr'><strong>δὲ</strong></span> <span class='ocrx_word' id='word_1_462' title='bbox 1507 3924 1741 3995; x_wconf 83' lang='grc' dir='ltr'><strong>τούρμα,</strong></span> 
     </span>
    </p>
   </div>
   <div class='ocr_carea' id='block_1_72' title="bbox 149 4011 1742 4085">
    <p class='ocr_par' dir='ltr' id='par_1_72' title="bbox 149 4011 1742 4085">
     <span class='ocr_line' id='line_1_72' title="bbox 149 4011 1742 4085; baseline 0.005 -24"><span class='ocrx_word' id='word_1_463' title='bbox 149 4011 514 4081; x_wconf 75' lang='grc' dir='ltr'><strong>γυμνάζεται,</strong></span> <span class='ocrx_word' id='word_1_464' title='bbox 557 4012 764 4084; x_wconf 78' lang='grc' dir='ltr'><strong>μηδένα</strong></span> <span class='ocrx_word' id='word_1_465' title='bbox 819 4012 1130 4085; x_wconf 74' lang='grc' dir='ltr'><strong>ἔμπροσθεν</strong></span> <span class='ocrx_word' id='word_1_466' title='bbox 1181 4016 1505 4083; x_wconf 79' lang='grc' dir='ltr'><strong>περιπατεῖν</strong></span> <span class='ocrx_word' id='word_1_467' title='bbox 1559 4017 1608 4068; x_wconf 75' lang='grc' dir='ltr'><strong>εἰ</strong></span> <span class='ocrx_word' id='word_1_468' title='bbox 1668 4015 1742 4085; x_wconf 82' lang='grc' dir='ltr'><strong>μὴ</strong></span> 
     </span>
    </p>
   </div>
   <div class='ocr_carea' id='block_1_73' title="bbox 147 4105 1740 4178">
    <p class='ocr_par' dir='ltr' id='par_1_73' title="bbox 147 4105 1740 4178">
     <span class='ocr_line' id='line_1_73' title="bbox 147 4105 1740 4178; baseline 0.003 -22"><span class='ocrx_word' id='word_1_469' title='bbox 147 4105 512 4176; x_wconf 77' lang='grc' dir='ltr'><strong>τουρμάρχην</strong></span> <span class='ocrx_word' id='word_1_470' title='bbox 576 4105 942 4176; x_wconf 78' lang='grc' dir='ltr'><strong>καϐαλλάριον</strong></span> <span class='ocrx_word' id='word_1_471' title='bbox 1010 4105 1147 4176; x_wconf 79' lang='grc' dir='ltr'><strong>μετὰ</strong></span> <span class='ocrx_word' id='word_1_472' title='bbox 1202 4106 1572 4178; x_wconf 83' lang='grc' dir='ltr'><strong>μανδατὼρων</strong></span> <span class='ocrx_word' id='word_1_473' title='bbox 1625 4107 1740 4171; x_wconf 80' lang='grc' dir='ltr'><strong>δύο,</strong></span> 
     </span>
    </p>
   </div>
   <div class='ocr_carea' id='block_1_74' title="bbox 149 4195 1744 4267">
    <p class='ocr_par' dir='ltr' id='par_1_74' title="bbox 149 4195 1744 4267">
     <span class='ocr_line' id='line_1_74' title="bbox 149 4195 1744 4267; baseline 0.002 -19"><span class='ocrx_word' id='word_1_474' title='bbox 149 4195 664 4267; x_wconf 81' lang='grc' dir='ltr'><strong>καμπιδουκτώρων</strong></span> <span class='ocrx_word' id='word_1_475' title='bbox 728 4197 825 4251; x_wconf 85' lang='grc' dir='ltr'><strong>δύο</strong></span> <span class='ocrx_word' id='word_1_476' title='bbox 869 4197 1008 4265; x_wconf 80' lang='grc'><strong>(15),</strong></span> <span class='ocrx_word' id='word_1_477' title='bbox 1062 4196 1376 4266; x_wconf 89' lang='grc' dir='ltr'><strong>στράτωρος</strong></span> <span class='ocrx_word' id='word_1_478' title='bbox 1428 4197 1567 4264; x_wconf 75' lang='grc' dir='ltr'><strong>ἑνὸς,</strong></span> <span class='ocrx_word' id='word_1_479' title='bbox 1647 4199 1744 4252; x_wconf 75' lang='grc' dir='ltr'><strong>καὶ</strong></span> 
     </span>
    </p>
   </div>
   <div class='ocr_carea' id='block_1_75' title="bbox 150 4286 1742 4357">
    <p class='ocr_par' dir='ltr' id='par_1_75' title="bbox 150 4286 1742 4357">
     <span class='ocr_line' id='line_1_75' title="bbox 150 4286 1742 4357; baseline 0.001 -19"><span class='ocrx_word' id='word_1_480' title='bbox 150 4286 441 4340; x_wconf 80' lang='grc' dir='ltr'><strong>σπαθάτου</strong></span> <span class='ocrx_word' id='word_1_481' title='bbox 498 4286 640 4350; x_wconf 64' lang='grc' dir='ltr'><strong>ἑνὸς,</strong></span> <span class='ocrx_word' id='word_1_482' title='bbox 691 4287 812 4356; x_wconf 75' lang='grc' dir='ltr'><strong>ἦτοι</strong></span> <span class='ocrx_word' id='word_1_483' title='bbox 853 4286 949 4340; x_wconf 87' lang='grc' dir='ltr'><strong>τοῦ</strong></span> <span class='ocrx_word' id='word_1_484' title='bbox 972 4286 1042 4339; x_wconf 85' lang='grc' dir='ltr'><strong>τά</strong></span> <span class='ocrx_word' id='word_1_485' title='bbox 1072 4286 1213 4340; x_wconf 76' lang='grc' dir='ltr'><strong>ὅπλα</strong></span> <span class='ocrx_word' id='word_1_486' title='bbox 1235 4286 1327 4340; x_wconf 88' lang='grc' dir='ltr'><strong>τοῦ</strong></span> <span class='ocrx_word' id='word_1_487' title='bbox 1349 4287 1608 4357; x_wconf 79' lang='grc' dir='ltr'><strong>ἄρχοντος</strong></span> <span class='ocrx_word' id='word_1_488' title='bbox 1632 4288 1742 4356; x_wconf 83' lang='grc' dir='ltr'><strong>φέ-</strong></span> 
     </span>
    </p>
   </div>
   <div class='ocr_carea' id='block_1_76' title="bbox 149 4369 1740 4450">
    <p class='ocr_par' dir='ltr' id='par_1_76' title="bbox 149 4369 1740 4450">
     <span class='ocr_line' id='line_1_76' title="bbox 149 4369 1740 4450; baseline 0.003 -22"><span class='ocrx_word' id='word_1_489' title='bbox 149 4393 363 4446; x_wconf 87' lang='grc' dir='ltr'><strong>ροντος,</strong></span> <span class='ocrx_word' id='word_1_490' title='bbox 417 4376 521 4439; x_wconf 70' lang='grc' dir='ltr'><strong>ἕως</strong></span> <span class='ocrx_word' id='word_1_491' title='bbox 573 4369 636 4429; x_wconf 79' lang='grc' dir='ltr'><strong>οὗ</strong></span> <span class='ocrx_word' id='word_1_492' title='bbox 672 4375 904 4448; x_wconf 82' lang='grc' dir='ltr'><strong>πλησίον</strong></span> <span class='ocrx_word' id='word_1_493' title='bbox 952 4376 1054 4447; x_wconf 81' lang='grc' dir='ltr'><strong>τῆς</strong></span> <span class='ocrx_word' id='word_1_494' title='bbox 1096 4377 1373 4448; x_wconf 78' lang='grc' dir='ltr'><strong>συμϐολῆς</strong></span> <span class='ocrx_word' id='word_1_495' title='bbox 1438 4380 1668 4448; x_wconf 85' lang='grc' dir='ltr'><strong>γένηται</strong></span> <span class='ocrx_word' id='word_1_496' title='bbox 1707 4381 1740 4450; x_wconf 74' lang='grc' dir='ltr'>ἢ</span> 
     </span>
    </p>
   </div>
   <div class='ocr_carea' id='block_1_77' title="bbox 147 4467 1737 4544">
    <p class='ocr_par' dir='ltr' id='par_1_77' title="bbox 147 4467 1737 4544">
     <span class='ocr_line' id='line_1_77' title="bbox 147 4467 1737 4544; baseline 0.003 -24"><span class='ocrx_word' id='word_1_497' title='bbox 147 4467 511 4539; x_wconf 83' lang='grc' dir='ltr'><strong>παραταγῆς·</strong></span> <span class='ocrx_word' id='word_1_498' title='bbox 539 4469 660 4522; x_wconf 89' lang='grc' dir='ltr'><strong>τότε</strong></span> <span class='ocrx_word' id='word_1_499' title='bbox 686 4469 744 4521; x_wconf 79' lang='grc' dir='ltr'><strong>δὲ</strong></span> <span class='ocrx_word' id='word_1_500' title='bbox 777 4472 836 4523; x_wconf 84' lang='grc' dir='ltr'><strong>ὲν</strong></span> <span class='ocrx_word' id='word_1_501' title='bbox 859 4472 925 4542; x_wconf 81' lang='grc' dir='ltr'><strong>τῇ</strong></span> <span class='ocrx_word' id='word_1_502' title='bbox 960 4474 1248 4541; x_wconf 80' lang='grc' dir='ltr'><strong>παραταγῇ</strong></span> <span class='ocrx_word' id='word_1_503' title='bbox 1279 4471 1537 4540; x_wconf 75' lang='grc' dir='ltr'><strong>ἀσφαλῶς</strong></span> <span class='ocrx_word' id='word_1_504' title='bbox 1558 4473 1737 4544; x_wconf 78' lang='grc' dir='ltr'><strong>εἰσέρ-</strong></span> 
     </span>
    </p>
   </div>
   <div class='ocr_carea' id='block_1_78' title="bbox 147 4551 1472 4629">
    <p class='ocr_par' dir='ltr' id='par_1_78' title="bbox 147 4551 1472 4629">
     <span class='ocr_line' id='line_1_78' title="bbox 147 4551 1472 4629; baseline 0.004 -19"><span class='ocrx_word' id='word_1_505' title='bbox 147 4576 304 4629; x_wconf 82' lang='grc' dir='ltr'><strong>χεται</strong></span> <span class='ocrx_word' id='word_1_506' title='bbox 342 4561 404 4611; x_wconf 77' lang='grc' dir='ltr'><strong>ὲν</strong></span> <span class='ocrx_word' id='word_1_507' title='bbox 445 4551 491 4626; x_wconf 83' lang='grc' dir='ltr'>ᾧ</span> <span class='ocrx_word' id='word_1_508' title='bbox 523 4558 673 4626; x_wconf 78' lang='grc' dir='ltr'><strong>τόπῳ</strong></span> <span class='ocrx_word' id='word_1_509' title='bbox 697 4559 759 4612; x_wconf 79' lang='grc' dir='ltr'><strong>τὸ</strong></span> <span class='ocrx_word' id='word_1_510' title='bbox 783 4559 975 4627; x_wconf 83' lang='grc' dir='ltr'><strong>βάνδον</strong></span> <span class='ocrx_word' id='word_1_511' title='bbox 999 4559 1165 4613; x_wconf 85' lang='grc' dir='ltr'><strong>αὐτοῦ</strong></span> <span class='ocrx_word' id='word_1_512' title='bbox 1190 4561 1472 4615; x_wconf 83' lang='grc' dir='ltr'><strong>τέτακται.</strong></span> 
     </span>
    </p>
   </div>
   <div class='ocr_carea' id='block_1_79' title="bbox 108 4650 1741 4723">
    <p class='ocr_par' dir='ltr' id='par_1_79' title="bbox 108 4650 1741 4723">
     <span class='ocr_line' id='line_1_79' title="bbox 108 4650 1741 4723; baseline 0.004 -22"><span class='ocrx_word' id='word_1_513' title='bbox 108 4683 116 4723; x_wconf 61' lang='grc' dir='ltr'><strong>ί</strong></span> <span class='ocrx_word' id='word_1_514' title='bbox 216 4650 332 4714; x_wconf 72' lang='lat' dir='ltr'><strong>vc&quot;.</strong></span> <span class='ocrx_word' id='word_1_515' title='bbox 383 4651 477 4723; x_wconf 77' lang='grc' dir='ltr'><strong>Μὴ</strong></span> <span class='ocrx_word' id='word_1_516' title='bbox 528 4652 938 4722; x_wconf 78' lang='grc' dir='ltr'><strong>συμπλέκεσθαι</strong></span> <span class='ocrx_word' id='word_1_517' title='bbox 997 4653 1054 4706; x_wconf 78' lang='grc' dir='ltr'><strong>δὲ</strong></span> <span class='ocrx_word' id='word_1_518' title='bbox 1111 4652 1274 4705; x_wconf 76' lang='grc' dir='ltr'><strong>αὐτὸν</strong></span> <span class='ocrx_word' id='word_1_519' title='bbox 1297 4655 1410 4715; x_wconf 83' lang='grc' dir='ltr'><strong>τοῖς</strong></span> <span class='ocrx_word' id='word_1_520' title='bbox 1449 4654 1741 4720; x_wconf 73' lang='grc' dir='ltr'><strong>ἐναντίοις,</strong></span> 
     </span>
    </p>
   </div>
   <div class='ocr_carea' id='block_1_80' title="bbox 150 4741 1740 4815">
    <p class='ocr_par' dir='ltr' id='par_1_80' title="bbox 150 4741 1740 4815">
     <span class='ocr_line' id='line_1_80' title="bbox 150 4741 1740 4815; baseline 0.001 -21"><span class='ocrx_word' id='word_1_521' title='bbox 150 4743 286 4812; x_wconf 74' lang='grc' dir='ltr'><strong>μηδὲ</strong></span> <span class='ocrx_word' id='word_1_522' title='bbox 329 4741 577 4811; x_wconf 82' lang='grc' dir='ltr'><strong>βοὺκινον</strong></span> <span class='ocrx_word' id='word_1_523' title='bbox 601 4741 767 4812; x_wconf 80' lang='grc' dir='ltr'><strong>λέγῃς</strong></span> <span class='ocrx_word' id='word_1_524' title='bbox 796 4742 1028 4796; x_wconf 79' lang='grc' dir='ltr'><strong>ἑκάστου</strong></span> <span class='ocrx_word' id='word_1_525' title='bbox 1065 4741 1286 4811; x_wconf 79' lang='grc' dir='ltr'><strong>μέρους,</strong></span> <span class='ocrx_word' id='word_1_526' title='bbox 1318 4741 1460 4810; x_wconf 81' lang='grc' dir='ltr'><strong>πλὴν</strong></span> <span class='ocrx_word' id='word_1_527' title='bbox 1479 4741 1575 4795; x_wconf 86' lang='grc' dir='ltr'><strong>τοῦ</strong></span> <span class='ocrx_word' id='word_1_528' title='bbox 1603 4760 1740 4815; x_wconf 78' lang='grc' dir='ltr'><strong>μερ-</strong></span> 
     </span>
    </p>
   </div>
   <div class='ocr_carea' id='block_1_81' title="bbox 147 4833 1740 4907">
    <p class='ocr_par' dir='ltr' id='par_1_81' title="bbox 147 4833 1740 4907">
     <span class='ocr_line' id='line_1_81' title="bbox 147 4833 1740 4907; baseline -0.001 -18"><span class='ocrx_word' id='word_1_529' title='bbox 147 4838 345 4907; x_wconf 84' lang='grc' dir='ltr'><strong>άρχου,</strong></span> <span class='ocrx_word' id='word_1_530' title='bbox 405 4835 516 4887; x_wconf 72' lang='grc' dir='ltr'><strong>εἴτε</strong></span> <span class='ocrx_word' id='word_1_531' title='bbox 550 4833 683 4904; x_wconf 77' lang='grc' dir='ltr'><strong>μίαν</strong></span> <span class='ocrx_word' id='word_1_532' title='bbox 735 4833 983 4904; x_wconf 84' lang='grc' dir='ltr'><strong>τούρμαν</strong></span> <span class='ocrx_word' id='word_1_533' title='bbox 1017 4833 1131 4903; x_wconf 75' lang='grc' dir='ltr'><strong>ἔχει</strong></span> <span class='ocrx_word' id='word_1_534' title='bbox 1182 4833 1244 4885; x_wconf 85' lang='grc' dir='ltr'><strong>τὸ</strong></span> <span class='ocrx_word' id='word_1_535' title='bbox 1279 4833 1466 4903; x_wconf 77' lang='grc' dir='ltr'><strong>μέρος,</strong></span> <span class='ocrx_word' id='word_1_536' title='bbox 1493 4834 1601 4887; x_wconf 73' lang='grc' dir='ltr'><strong>εἴτε</strong></span> <span class='ocrx_word' id='word_1_537' title='bbox 1626 4835 1740 4899; x_wconf 82' lang='grc' dir='ltr'><strong>δύο,</strong></span> 
     </span>
    </p>
   </div>
   <div class='ocr_carea' id='block_1_82' title="bbox 147 4917 1739 4996">
    <p class='ocr_par' dir='ltr' id='par_1_82' title="bbox 147 4917 1739 4996">
     <span class='ocr_line' id='line_1_82' title="bbox 147 4917 1739 4996; baseline -0.001 -17"><span class='ocrx_word' id='word_1_538' title='bbox 147 4927 259 4980; x_wconf 76' lang='grc' dir='ltr'><strong>εἴτε</strong></span> <span class='ocrx_word' id='word_1_539' title='bbox 294 4925 569 4991; x_wconf 77' lang='grc' dir='ltr'><strong>πλείονας,</strong></span> <span class='ocrx_word' id='word_1_540' title='bbox 607 4925 713 4979; x_wconf 80' lang='grc' dir='ltr'><strong>κᾶν</strong></span> <span class='ocrx_word' id='word_1_541' title='bbox 734 4925 784 4978; x_wconf 74' lang='grc' dir='ltr'><strong>εἰ</strong></span> <span class='ocrx_word' id='word_1_542' title='bbox 817 4924 999 4996; x_wconf 74' lang='grc' dir='ltr'><strong>συμϐῇ</strong></span> <span class='ocrx_word' id='word_1_543' title='bbox 1027 4923 1198 4977; x_wconf 79' lang='grc' dir='ltr'><strong>πολλὰ</strong></span> <span class='ocrx_word' id='word_1_544' title='bbox 1224 4917 1364 4978; x_wconf 78' lang='grc' dir='ltr'><strong>εἶναι</strong></span> <span class='ocrx_word' id='word_1_545' title='bbox 1403 4924 1473 4977; x_wconf 81' lang='grc' dir='ltr'><strong>τά</strong></span> <span class='ocrx_word' id='word_1_546' title='bbox 1493 4923 1739 4994; x_wconf 83' lang='grc' dir='ltr'><strong>βούκινα,</strong></span> 
     </span>
    </p>
   </div>
   <div class='ocr_carea' id='block_1_83' title="bbox 152 5016 1741 5090">
    <p class='ocr_par' dir='ltr' id='par_1_83' title="bbox 152 5016 1741 5090">
     <span class='ocr_line' id='line_1_83' title="bbox 152 5016 1741 5090; baseline -0.001 -17"><span class='ocrx_word' id='word_1_547' title='bbox 152 5021 237 5073; x_wconf 80' lang='grc' dir='ltr'><strong>ῐνα</strong></span> <span class='ocrx_word' id='word_1_548' title='bbox 291 5019 371 5090; x_wconf 81' lang='grc' dir='ltr'><strong>μὴ</strong></span> <span class='ocrx_word' id='word_1_549' title='bbox 400 5017 634 5088; x_wconf 69' lang='grc' dir='ltr'><strong>θορύϐου</strong></span> <span class='ocrx_word' id='word_1_550' title='bbox 665 5018 960 5086; x_wconf 84' lang='grc' dir='ltr'><strong>γενομένου</strong></span> <span class='ocrx_word' id='word_1_551' title='bbox 1010 5017 1331 5071; x_wconf 83' lang='grc' dir='ltr'><strong>κωλύωνται</strong></span> <span class='ocrx_word' id='word_1_552' title='bbox 1367 5016 1438 5070; x_wconf 84' lang='grc' dir='ltr'><strong>τά</strong></span> <span class='ocrx_word' id='word_1_553' title='bbox 1493 5018 1741 5087; x_wconf 85' lang='grc' dir='ltr'><strong>μανδάτα</strong></span> 
     </span>
    </p>
   </div>
   <div class='ocr_carea' id='block_1_84' title="bbox 149 5107 1739 5180">
    <p class='ocr_par' dir='ltr' id='par_1_84' title="bbox 149 5107 1739 5180">
     <span class='ocr_line' id='line_1_84' title="bbox 149 5107 1739 5180; baseline -0.001 -16"><span class='ocrx_word' id='word_1_554' title='bbox 149 5111 528 5176; x_wconf 74' lang='grc' dir='ltr'><strong>ἐξακούεσθαι,</strong></span> <span class='ocrx_word' id='word_1_555' title='bbox 588 5110 699 5163; x_wconf 69' lang='grc' dir='ltr'><strong>Καὶ</strong></span> <span class='ocrx_word' id='word_1_556' title='bbox 743 5111 793 5162; x_wconf 74' lang='grc' dir='ltr'><strong>οἱ</strong></span> <span class='ocrx_word' id='word_1_557' title='bbox 860 5109 961 5180; x_wconf 82' lang='grc' dir='ltr'><strong>μὲν</strong></span> <span class='ocrx_word' id='word_1_558' title='bbox 1016 5109 1232 5163; x_wconf 78' lang='grc' dir='ltr'><strong>ὁπλῖται</strong></span> <span class='ocrx_word' id='word_1_559' title='bbox 1264 5107 1442 5174; x_wconf 67' lang='grc' dir='ltr'><strong>πεζοὶ,</strong></span> <span class='ocrx_word' id='word_1_560' title='bbox 1486 5108 1655 5178; x_wconf 63' lang='grc' dir='ltr'><strong>ἤγουν</strong></span> <span class='ocrx_word' id='word_1_561' title='bbox 1691 5111 1739 5162; x_wconf 81' lang='grc' dir='ltr'><strong>οἱ</strong></span> 
     </span>
    </p>
   </div>
   <div class='ocr_carea' id='block_1_85' title="bbox 151 5200 972 5263">
    <p class='ocr_par' dir='ltr' id='par_1_85' title="bbox 151 5200 972 5263">
     <span class='ocr_line' id='line_1_85' title="bbox 151 5200 972 5263; baseline -0.005 -6"><span class='ocrx_word' id='word_1_562' title='bbox 151 5202 442 5257; x_wconf 90' lang='grc' dir='ltr'><strong>σκουτάτοι</strong></span> <span class='ocrx_word' id='word_1_563' title='bbox 467 5201 755 5256; x_wconf 84' lang='grc' dir='ltr'><strong>τάσσονται</strong></span> <span class='ocrx_word' id='word_1_564' title='bbox 779 5200 972 5263; x_wconf 69' lang='grc' dir='ltr'><strong>οὕτως.</strong></span> 
     </span>
    </p>
   </div>
   <div class='ocr_carea' id='block_1_86' title="bbox 218 5291 1734 5365">
    <p class='ocr_par' dir='ltr' id='par_1_86' title="bbox 218 5291 1734 5365">
     <span class='ocr_line' id='line_1_86' title="bbox 218 5291 1734 5365; baseline -0.001 -18"><span class='ocrx_word' id='word_1_565' title='bbox 218 5295 317 5360; x_wconf 69' lang='grc' dir='ltr'><strong>νζθ.</strong></span> <span class='ocrx_word' id='word_1_566' title='bbox 341 5295 407 5348; x_wconf 82' lang='grc' dir='ltr'><strong>οι</strong></span> <span class='ocrx_word' id='word_1_567' title='bbox 437 5293 496 5347; x_wconf 68' lang='grc' dir='ltr'><strong>δὲ</strong></span> <span class='ocrx_word' id='word_1_568' title='bbox 523 5293 668 5364; x_wconf 78' lang='grc' dir='ltr'><strong>ψιλοϊ</strong></span> <span class='ocrx_word' id='word_1_569' title='bbox 690 5293 832 5347; x_wconf 82' lang='grc' dir='ltr'><strong>κατὰ</strong></span> <span class='ocrx_word' id='word_1_570' title='bbox 853 5293 1142 5365; x_wconf 75' lang='grc' dir='ltr'><strong>διαφόρους</strong></span> <span class='ocrx_word' id='word_1_571' title='bbox 1165 5293 1397 5364; x_wconf 81' lang='grc' dir='ltr'><strong>τρόπους</strong></span> <span class='ocrx_word' id='word_1_572' title='bbox 1421 5291 1734 5356; x_wconf 85' lang='grc' dir='ltr'><strong>τάσσονται,</strong></span> 
     </span>
    </p>
   </div>
   <div class='ocr_carea' id='block_1_87' title="bbox 152 5379 1735 5458">
    <p class='ocr_par' dir='ltr' id='par_1_87' title="bbox 152 5379 1735 5458">
     <span class='ocr_line' id='line_1_87' title="bbox 152 5379 1735 5458; baseline -0.004 -18"><span class='ocrx_word' id='word_1_573' title='bbox 152 5388 322 5458; x_wconf 72' lang='grc' dir='ltr'><strong>ἧγουν</strong></span> <span class='ocrx_word' id='word_1_574' title='bbox 353 5387 404 5439; x_wconf 79' lang='grc' dir='ltr'><strong>οι</strong></span> <span class='ocrx_word' id='word_1_575' title='bbox 437 5384 822 5456; x_wconf 77' lang='grc' dir='ltr'><strong>ἁκροὸολισταὶ</strong></span> <span class='ocrx_word' id='word_1_576' title='bbox 862 5382 975 5440; x_wconf 61' lang='grc'><strong>(14³</strong></span> <span class='ocrx_word' id='word_1_577' title='bbox 1038 5382 1138 5442; x_wconf 79' lang='grc' dir='ltr'><strong>μὲν</strong></span> <span class='ocrx_word' id='word_1_578' title='bbox 1172 5382 1341 5437; x_wconf 85' lang='grc' dir='ltr'><strong>πάλαι</strong></span> <span class='ocrx_word' id='word_1_579' title='bbox 1391 5379 1735 5451; x_wconf 66' lang='grc' dir='ltr'><strong>καλούμενοι,</strong></span> 
     </span>
    </p>
   </div>
   <div class='ocr_carea' id='block_1_88' title="bbox 1846 3372 3426 3444">
    <p class='ocr_par' dir='ltr' id='par_1_88' title="bbox 1846 3372 3426 3444">
     <span class='ocr_line' id='line_1_88' title="bbox 1846 3372 3426 3444; baseline -0.006 -14"><span class='ocrx_word' id='word_1_580' title='bbox 1846 3377 1959 3430; x_wconf 77' lang='lat' dir='ltr'><strong>lent</strong></span> <span class='ocrx_word' id='word_1_581' title='bbox 1990 3375 2276 3429; x_wconf 87' lang='lat' dir='ltr'><strong>mandator</strong></span> <span class='ocrx_word' id='word_1_582' title='bbox 2306 3385 2360 3428; x_wconf 93' lang='lat' dir='ltr'><strong>et</strong></span> <span class='ocrx_word' id='word_1_583' title='bbox 2393 3374 2796 3444; x_wconf 87' lang='lat' dir='ltr'><strong>campiductor,</strong></span> <span class='ocrx_word' id='word_1_584' title='bbox 2828 3375 2878 3427; x_wconf 91' lang='lat' dir='ltr'><strong>id</strong></span> <span class='ocrx_word' id='word_1_585' title='bbox 2911 3383 3020 3434; x_wconf 83' lang='lat' dir='ltr'><strong>est,</strong></span> <span class='ocrx_word' id='word_1_586' title='bbox 3049 3373 3159 3428; x_wconf 85' lang='lat' dir='ltr'><strong>dux</strong></span> <span class='ocrx_word' id='word_1_587' title='bbox 3195 3372 3426 3434; x_wconf 63' lang='lat' dir='ltr'><strong>viarum,</strong></span> 
     </span>
    </p>
   </div>
   <div class='ocr_carea' id='block_1_89' title="bbox 1847 3465 3429 3537">
    <p class='ocr_par' dir='ltr' id='par_1_89' title="bbox 1847 3465 3429 3537">
     <span class='ocr_line' id='line_1_89' title="bbox 1847 3465 3429 3537; baseline -0.004 -15"><span class='ocrx_word' id='word_1_588' title='bbox 1847 3469 1936 3523; x_wconf 89' lang='lat' dir='ltr'><strong>hic</strong></span> <span class='ocrx_word' id='word_1_589' title='bbox 1960 3468 2179 3537; x_wconf 89' lang='lat' dir='ltr'><strong>quidem</strong></span> <span class='ocrx_word' id='word_1_590' title='bbox 2209 3475 2271 3521; x_wconf 92' lang='lat' dir='ltr'><strong>ut</strong></span> <span class='ocrx_word' id='word_1_591' title='bbox 2301 3467 2421 3520; x_wconf 87' lang='lat' dir='ltr'><strong>vias</strong></span> <span class='ocrx_word' id='word_1_592' title='bbox 2452 3467 2689 3535; x_wconf 79' lang='lat' dir='ltr'><strong>indaget,</strong></span> <span class='ocrx_word' id='word_1_593' title='bbox 2729 3476 2783 3520; x_wconf 91' lang='lat' dir='ltr'><strong>et</strong></span> <span class='ocrx_word' id='word_1_594' title='bbox 2815 3481 2910 3520; x_wconf 87' lang='lat' dir='ltr'><strong>eos</strong></span> <span class='ocrx_word' id='word_1_595' title='bbox 2940 3465 3126 3530; x_wconf 89' lang='lat' dir='ltr'><strong>ducat,</strong></span> <span class='ocrx_word' id='word_1_596' title='bbox 3160 3465 3246 3519; x_wconf 94' lang='lat' dir='ltr'><strong>ille</strong></span> <span class='ocrx_word' id='word_1_597' title='bbox 3282 3477 3429 3528; x_wconf 79' lang='lat' dir='ltr'><strong>vero,</strong></span> 
     </span>
    </p>
   </div>
   <div class='ocr_carea' id='block_1_90' title="bbox 1845 3557 2976 3631">
    <p class='ocr_par' dir='ltr' id='par_1_90' title="bbox 1845 3557 2976 3631">
     <span class='ocr_line' id='line_1_90' title="bbox 1845 3557 2976 3631; baseline -0.005 -15"><span class='ocrx_word' id='word_1_598' title='bbox 1845 3571 1907 3617; x_wconf 91' lang='lat' dir='ltr'><strong>ut</strong></span> <span class='ocrx_word' id='word_1_599' title='bbox 1931 3575 1994 3616; x_wconf 88' lang='lat' dir='ltr'><strong>ex</strong></span> <span class='ocrx_word' id='word_1_600' title='bbox 2026 3559 2256 3631; x_wconf 89' lang='lat' dir='ltr'><strong>imperio</strong></span> <span class='ocrx_word' id='word_1_601' title='bbox 2288 3557 2535 3630; x_wconf 58' lang='lat' dir='ltr'><strong>pra-fecti</strong></span> <span class='ocrx_word' id='word_1_602' title='bbox 2577 3557 2833 3612; x_wconf 89' lang='lat' dir='ltr'><strong>mandata</strong></span> <span class='ocrx_word' id='word_1_603' title='bbox 2865 3557 2976 3610; x_wconf 71' lang='lat' dir='ltr'><strong>det.</strong></span> 
     </span>
    </p>
   </div>
   <div class='ocr_carea' id='block_1_91' title="bbox 1919 3731 3431 3802">
    <p class='ocr_par' dir='ltr' id='par_1_91' title="bbox 1919 3731 3431 3802">
     <span class='ocr_line' id='line_1_91' title="bbox 1919 3731 3431 3802; baseline -0.007 -9"><span class='ocrx_word' id='word_1_604' title='bbox 1919 3741 2008 3794; x_wconf 66' lang='lat'><strong>55.</strong></span> <span class='ocrx_word' id='word_1_605' title='bbox 2051 3737 2109 3792; x_wconf 88' lang='lat' dir='ltr'><strong>Si</strong></span> <span class='ocrx_word' id='word_1_606' title='bbox 2144 3737 2345 3792; x_wconf 87' lang='lat' dir='ltr'><strong>cohors</strong></span> <span class='ocrx_word' id='word_1_607' title='bbox 2380 3735 2686 3791; x_wconf 89' lang='lat' dir='ltr'><strong>exercenda</strong></span> <span class='ocrx_word' id='word_1_608' title='bbox 2736 3733 2837 3797; x_wconf 86' lang='lat' dir='ltr'><strong>sit,</strong></span> <span class='ocrx_word' id='word_1_609' title='bbox 2869 3732 3112 3786; x_wconf 79' lang='lat' dir='ltr'><strong>cohortis</strong></span> <span class='ocrx_word' id='word_1_610' title='bbox 3143 3731 3431 3802; x_wconf 67' lang='lat' dir='ltr'><strong>praefectus</strong></span> 
     </span>
    </p>
   </div>
   <div class='ocr_carea' id='block_1_92' title="bbox 1845 3823 3454 3899">
    <p class='ocr_par' dir='ltr' id='par_1_92' title="bbox 1845 3823 3454 3899">
     <span class='ocr_line' id='line_1_92' title="bbox 1845 3823 3454 3899; baseline -0.006 -15"><span class='ocrx_word' id='word_1_611' title='bbox 1845 3840 1970 3885; x_wconf 85' lang='lat' dir='ltr'><strong>ante</strong></span> <span class='ocrx_word' id='word_1_612' title='bbox 1995 3845 2090 3884; x_wconf 88' lang='lat' dir='ltr'><strong>eos</strong></span> <span class='ocrx_word' id='word_1_613' title='bbox 2118 3844 2243 3883; x_wconf 90' lang='lat' dir='ltr'><strong>cum</strong></span> <span class='ocrx_word' id='word_1_614' title='bbox 2278 3827 2595 3882; x_wconf 84' lang='lat' dir='ltr'><strong>mandatorc</strong></span> <span class='ocrx_word' id='word_1_615' title='bbox 2639 3835 2693 3879; x_wconf 92' lang='lat' dir='ltr'><strong>et</strong></span> <span class='ocrx_word' id='word_1_616' title='bbox 2722 3826 3133 3895; x_wconf 88' lang='lat' dir='ltr'><strong>campiductore</strong></span> <span class='ocrx_word' id='word_1_617' title='bbox 3160 3823 3428 3878; x_wconf 87' lang='lat' dir='ltr'><strong>ambulet.</strong></span> <span class='ocrx_word' id='word_1_618' title='bbox 3445 3867 3454 3899; x_wconf 50' lang='grc' dir='ltr'>ι</span> 
     </span>
    </p>
   </div>
   <div class='ocr_carea' id='block_1_93' title="bbox 1847 3904 3453 3981">
    <p class='ocr_par' dir='ltr' id='par_1_93' title="bbox 1847 3904 3453 3981">
     <span class='ocr_line' id='line_1_93' title="bbox 1847 3904 3453 3981; baseline -0.006 -8"><span class='ocrx_word' id='word_1_619' title='bbox 1847 3921 1943 3973; x_wconf 89' lang='lat' dir='ltr'><strong>Sin</strong></span> <span class='ocrx_word' id='word_1_620' title='bbox 1981 3926 2162 3973; x_wconf 90' lang='lat' dir='ltr'><strong>turma</strong></span> <span class='ocrx_word' id='word_1_621' title='bbox 2202 3924 2547 3981; x_wconf 85' lang='lat' dir='ltr'><strong>exerceatur,</strong></span> <span class='ocrx_word' id='word_1_622' title='bbox 2583 3931 2742 3971; x_wconf 87' lang='lat' dir='ltr'><strong>nemo</strong></span> <span class='ocrx_word' id='word_1_623' title='bbox 2775 3916 3148 3971; x_wconf 83' lang='lat' dir='ltr'><strong>anteatnhulet</strong></span> <span class='ocrx_word' id='word_1_624' title='bbox 3180 3914 3284 3968; x_wconf 89' lang='lat' dir='ltr'><strong>nisi</strong></span> <span class='ocrx_word' id='word_1_625' title='bbox 3318 3904 3453 3967; x_wconf 82' lang='lat' dir='ltr'><strong>Iur-&#39;</strong></span> 
     </span>
    </p>
   </div>
   <div class='ocr_carea' id='block_1_94' title="bbox 1847 4004 3434 4077">
    <p class='ocr_par' dir='ltr' id='par_1_94' title="bbox 1847 4004 3434 4077">
     <span class='ocr_line' id='line_1_94' title="bbox 1847 4004 3434 4077; baseline -0.006 -11"><span class='ocrx_word' id='word_1_626' title='bbox 1847 4011 2106 4066; x_wconf 88' lang='lat' dir='ltr'><strong>marchus</strong></span> <span class='ocrx_word' id='word_1_627' title='bbox 2147 4020 2202 4064; x_wconf 89' lang='lat' dir='ltr'><strong>et</strong></span> <span class='ocrx_word' id='word_1_628' title='bbox 2243 4023 2412 4077; x_wconf 88' lang='lat' dir='ltr'><strong>eques</strong></span> <span class='ocrx_word' id='word_1_629' title='bbox 2443 4023 2569 4062; x_wconf 90' lang='lat' dir='ltr'><strong>cum</strong></span> <span class='ocrx_word' id='word_1_630' title='bbox 2628 4006 3041 4060; x_wconf 83' lang='lat' dir='ltr'><strong>mandatoribus</strong></span> <span class='ocrx_word' id='word_1_631' title='bbox 3088 4004 3340 4064; x_wconf 84' lang='lat' dir='ltr'><strong>duobus,</strong></span> <span class='ocrx_word' id='word_1_632' title='bbox 3379 4010 3434 4055; x_wconf 89' lang='lat' dir='ltr'><strong>et</strong></span> 
     </span>
    </p>
   </div>
   <div class='ocr_carea' id='block_1_95' title="bbox 1845 4093 3434 4169">
    <p class='ocr_par' dir='ltr' id='par_1_95' title="bbox 1845 4093 3434 4169">
     <span class='ocr_line' id='line_1_95' title="bbox 1845 4093 3434 4169; baseline -0.008 -12"><span class='ocrx_word' id='word_1_633' title='bbox 1845 4097 2349 4169; x_wconf 84' lang='lat' dir='ltr'><strong>campiductoribus</strong></span> <span class='ocrx_word' id='word_1_634' title='bbox 2379 4097 2628 4156; x_wconf 88' lang='lat' dir='ltr'><strong>duobus,</strong></span> <span class='ocrx_word' id='word_1_635' title='bbox 2671 4105 2908 4150; x_wconf 79' lang='lat' dir='ltr'><strong>stratore</strong></span> <span class='ocrx_word' id='word_1_636' title='bbox 2941 4110 3054 4149; x_wconf 90' lang='lat' dir='ltr'><strong>uno</strong></span> <span class='ocrx_word' id='word_1_637' title='bbox 3094 4102 3149 4148; x_wconf 92' lang='lat' dir='ltr'><strong>et</strong></span> <span class='ocrx_word' id='word_1_638' title='bbox 3181 4093 3434 4162; x_wconf 87' lang='lat' dir='ltr'><strong>spathato</strong></span> 
     </span>
    </p>
   </div>
   <div class='ocr_carea' id='block_1_96' title="bbox 1847 4183 3432 4258">
    <p class='ocr_par' dir='ltr' id='par_1_96' title="bbox 1847 4183 3432 4258">
     <span class='ocr_line' id='line_1_96' title="bbox 1847 4183 3432 4258; baseline -0.008 -10"><span class='ocrx_word' id='word_1_639' title='bbox 1847 4209 1979 4250; x_wconf 86' lang='lat' dir='ltr'><strong>uno.</strong></span> <span class='ocrx_word' id='word_1_640' title='bbox 2023 4191 2074 4243; x_wconf 86' lang='lat' dir='ltr'><strong>id</strong></span> <span class='ocrx_word' id='word_1_641' title='bbox 2116 4197 2221 4249; x_wconf 89' lang='lat' dir='ltr'><strong>est.</strong></span> <span class='ocrx_word' id='word_1_642' title='bbox 2264 4189 2543 4258; x_wconf 77' lang='lat' dir='ltr'><strong>armigero</strong></span> <span class='ocrx_word' id='word_1_643' title='bbox 2579 4187 2671 4256; x_wconf 86' lang='lat' dir='ltr'><strong>qui</strong></span> <span class='ocrx_word' id='word_1_644' title='bbox 2709 4185 3040 4241; x_wconf 71' lang='lat' dir='ltr'><strong>tut-marchre</strong></span> <span class='ocrx_word' id='word_1_645' title='bbox 3086 4199 3236 4236; x_wconf 85' lang='lat' dir='ltr'><strong>arma</strong></span> <span class='ocrx_word' id='word_1_646' title='bbox 3272 4183 3432 4252; x_wconf 79' lang='lat' dir='ltr'><strong>gerit,</strong></span> 
     </span>
    </p>
   </div>
   <div class='ocr_carea' id='block_1_97' title="bbox 1844 4273 3429 4350">
    <p class='ocr_par' dir='ltr' id='par_1_97' title="bbox 1844 4273 3429 4350">
     <span class='ocr_line' id='line_1_97' title="bbox 1844 4273 3429 4350; baseline -0.009 -12"><span class='ocrx_word' id='word_1_647' title='bbox 1844 4286 2018 4338; x_wconf 87' lang='lat' dir='ltr'><strong>donec</strong></span> <span class='ocrx_word' id='word_1_648' title='bbox 2048 4295 2215 4350; x_wconf 87' lang='lat' dir='ltr'><strong>prope</strong></span> <span class='ocrx_word' id='word_1_649' title='bbox 2240 4278 2698 4332; x_wconf 77' lang='lat' dir='ltr'><strong>conflictationem</strong></span> <span class='ocrx_word' id='word_1_650' title='bbox 2741 4279 2912 4342; x_wconf 83' lang='lat' dir='ltr'><strong>ipsam</strong></span> <span class='ocrx_word' id='word_1_651' title='bbox 2945 4275 3191 4329; x_wconf 87' lang='lat' dir='ltr'><strong>venerint</strong></span> <span class='ocrx_word' id='word_1_652' title='bbox 3220 4273 3429 4340; x_wconf 67' lang='lat' dir='ltr'><strong>copiae;</strong></span> 
     </span>
    </p>
   </div>
   <div class='ocr_carea' id='block_1_98' title="bbox 1846 4367 3435 4432">
    <p class='ocr_par' dir='ltr' id='par_1_98' title="bbox 1846 4367 3435 4432">
     <span class='ocr_line' id='line_1_98' title="bbox 1846 4367 3435 4432; baseline -0.008 -1"><span class='ocrx_word' id='word_1_653' title='bbox 1846 4386 1960 4432; x_wconf 91' lang='lat' dir='ltr'><strong>tum</strong></span> <span class='ocrx_word' id='word_1_654' title='bbox 1994 4383 2141 4429; x_wconf 90' lang='lat' dir='ltr'><strong>certe</strong></span> <span class='ocrx_word' id='word_1_655' title='bbox 2167 4372 2235 4426; x_wconf 84' lang='lat' dir='ltr'><strong>ad</strong></span> <span class='ocrx_word' id='word_1_656' title='bbox 2269 4371 2448 4426; x_wconf 89' lang='lat' dir='ltr'><strong>locum</strong></span> <span class='ocrx_word' id='word_1_657' title='bbox 2472 4388 2632 4426; x_wconf 90' lang='lat' dir='ltr'><strong>suum</strong></span> <span class='ocrx_word' id='word_1_658' title='bbox 2655 4382 2708 4426; x_wconf 90' lang='lat' dir='ltr'><strong>et</strong></span> <span class='ocrx_word' id='word_1_659' title='bbox 2729 4371 3023 4426; x_wconf 86' lang='lat' dir='ltr'><strong>stationem</strong></span> <span class='ocrx_word' id='word_1_660' title='bbox 3051 4368 3104 4422; x_wconf 89' lang='lat' dir='ltr'><strong>in</strong></span> <span class='ocrx_word' id='word_1_661' title='bbox 3131 4367 3358 4422; x_wconf 89' lang='lat' dir='ltr'><strong>cohorte</strong></span> <span class='ocrx_word' id='word_1_662' title='bbox 3381 4374 3435 4420; x_wconf 90' lang='lat' dir='ltr'><strong>ct</strong></span> 
     </span>
    </p>
   </div>
   <div class='ocr_carea' id='block_1_99' title="bbox 1845 4464 2580 4523">
    <p class='ocr_par' dir='ltr' id='par_1_99' title="bbox 1845 4464 2580 4523">
     <span class='ocr_line' id='line_1_99' title="bbox 1845 4464 2580 4523; baseline -0.01 0"><span class='ocrx_word' id='word_1_663' title='bbox 1845 4467 2027 4523; x_wconf 89' lang='lat' dir='ltr'><strong>bando</strong></span> <span class='ocrx_word' id='word_1_664' title='bbox 2051 4480 2155 4521; x_wconf 87' lang='lat' dir='ltr'><strong>suo</strong></span> <span class='ocrx_word' id='word_1_665' title='bbox 2189 4471 2306 4519; x_wconf 92' lang='lat' dir='ltr'><strong>tuto</strong></span> <span class='ocrx_word' id='word_1_666' title='bbox 2339 4464 2580 4519; x_wconf 90' lang='lat' dir='ltr'><strong>accedat.</strong></span> 
     </span>
    </p>
   </div>
   <div class='ocr_carea' id='block_1_100' title="bbox 1915 4641 3432 4716">
    <p class='ocr_par' dir='ltr' id='par_1_100' title="bbox 1915 4641 3432 4716">
     <span class='ocr_line' id='line_1_100' title="bbox 1915 4641 3432 4716; baseline -0.005 -15"><span class='ocrx_word' id='word_1_667' title='bbox 1915 4645 2008 4701; x_wconf 84' lang='lat'><strong>56.</strong></span> <span class='ocrx_word' id='word_1_668' title='bbox 2044 4645 2230 4716; x_wconf 80' lang='lat' dir='ltr'><strong>Neque</strong></span> <span class='ocrx_word' id='word_1_669' title='bbox 2249 4659 2374 4700; x_wconf 90' lang='lat' dir='ltr'><strong>cum</strong></span> <span class='ocrx_word' id='word_1_670' title='bbox 2398 4643 2648 4697; x_wconf 81' lang='lat' dir='ltr'><strong>hostibus</strong></span> <span class='ocrx_word' id='word_1_671' title='bbox 2668 4641 2929 4711; x_wconf 73' lang='lat' dir='ltr'><strong>conﬂigat</strong></span> <span class='ocrx_word' id='word_1_672' title='bbox 2953 4641 3064 4703; x_wconf 86' lang='lat' dir='ltr'><strong>ille,</strong></span> <span class='ocrx_word' id='word_1_673' title='bbox 3091 4656 3269 4710; x_wconf 90' lang='lat' dir='ltr'><strong>neque</strong></span> <span class='ocrx_word' id='word_1_674' title='bbox 3297 4641 3432 4694; x_wconf 86' lang='lat' dir='ltr'><strong>bue-</strong></span> 
     </span>
    </p>
   </div>
   <div class='ocr_carea' id='block_1_101' title="bbox 1848 4730 3434 4809">
    <p class='ocr_par' dir='ltr' id='par_1_101' title="bbox 1848 4730 3434 4809">
     <span class='ocr_line' id='line_1_101' title="bbox 1848 4730 3434 4809; baseline -0.007 -13"><span class='ocrx_word' id='word_1_675' title='bbox 1848 4741 1992 4801; x_wconf 92' lang='lat' dir='ltr'><strong>cina,</strong></span> <span class='ocrx_word' id='word_1_676' title='bbox 2023 4737 2276 4809; x_wconf 83' lang='lat' dir='ltr'><strong>quamvis</strong></span> <span class='ocrx_word' id='word_1_677' title='bbox 2306 4736 2622 4805; x_wconf 86' lang='lat' dir='ltr'><strong>complures</strong></span> <span class='ocrx_word' id='word_1_678' title='bbox 2661 4733 2906 4796; x_wconf 88' lang='lat' dir='ltr'><strong>fuerint,</strong></span> <span class='ocrx_word' id='word_1_679' title='bbox 2941 4735 2993 4786; x_wconf 93' lang='lat' dir='ltr'><strong>in</strong></span> <span class='ocrx_word' id='word_1_680' title='bbox 3024 4733 3136 4786; x_wconf 85' lang='lat' dir='ltr'><strong>ullo</strong></span> <span class='ocrx_word' id='word_1_681' title='bbox 3179 4733 3354 4802; x_wconf 80' lang='grc' dir='ltr'><strong>μέρει,</strong></span> <span class='ocrx_word' id='word_1_682' title='bbox 3385 4730 3434 4786; x_wconf 89' lang='lat' dir='ltr'><strong>id</strong></span> 
     </span>
    </p>
   </div>
   <div class='ocr_carea' id='block_1_102' title="bbox 1847 4823 3436 4897">
    <p class='ocr_par' dir='ltr' id='par_1_102' title="bbox 1847 4823 3436 4897">
     <span class='ocr_line' id='line_1_102' title="bbox 1847 4823 3436 4897; baseline -0.008 -11"><span class='ocrx_word' id='word_1_683' title='bbox 1847 4839 1952 4896; x_wconf 88' lang='lat' dir='ltr'><strong>cst,</strong></span> <span class='ocrx_word' id='word_1_684' title='bbox 1994 4831 2190 4886; x_wconf 87' lang='lat' dir='ltr'><strong>triente</strong></span> <span class='ocrx_word' id='word_1_685' title='bbox 2219 4827 2497 4884; x_wconf 86' lang='lat' dir='ltr'><strong>exercitus</strong></span> <span class='ocrx_word' id='word_1_686' title='bbox 2528 4835 2786 4897; x_wconf 86' lang='lat' dir='ltr'><strong>personet</strong></span> <span class='ocrx_word' id='word_1_687' title='bbox 2825 4826 2930 4878; x_wconf 87' lang='lat' dir='ltr'><strong>nisi</strong></span> <span class='ocrx_word' id='word_1_688' title='bbox 2970 4825 3291 4886; x_wconf 65' lang='lat' dir='ltr'><strong>tnerarchaa,</strong></span> <span class='ocrx_word' id='word_1_689' title='bbox 3320 4823 3436 4875; x_wconf 72' lang='lat' dir='ltr'><strong>sive</strong></span> 
     </span>
    </p>
   </div>
   <div class='ocr_carea' id='block_1_103' title="bbox 1850 4917 3434 4984">
    <p class='ocr_par' dir='ltr' id='par_1_103' title="bbox 1850 4917 3434 4984">
     <span class='ocr_line' id='line_1_103' title="bbox 1850 4917 3434 4984; baseline -0.009 -5"><span class='ocrx_word' id='word_1_690' title='bbox 1850 4939 2012 4979; x_wconf 87' lang='lat' dir='ltr'><strong>unam</strong></span> <span class='ocrx_word' id='word_1_691' title='bbox 2065 4931 2303 4976; x_wconf 89' lang='lat' dir='ltr'><strong>turmam</strong></span> <span class='ocrx_word' id='word_1_692' title='bbox 2347 4920 2518 4974; x_wconf 90' lang='lat' dir='ltr'><strong>triens</strong></span> <span class='ocrx_word' id='word_1_693' title='bbox 2565 4917 2797 4982; x_wconf 87' lang='lat' dir='ltr'><strong>habeat,</strong></span> <span class='ocrx_word' id='word_1_694' title='bbox 2839 4917 2956 4971; x_wconf 83' lang='lat' dir='ltr'><strong>sive</strong></span> <span class='ocrx_word' id='word_1_695' title='bbox 3015 4917 3219 4984; x_wconf 87' lang='lat' dir='ltr'><strong>plures,</strong></span> <span class='ocrx_word' id='word_1_696' title='bbox 3254 4924 3313 4967; x_wconf 90' lang='lat' dir='ltr'><strong>ut</strong></span> <span class='ocrx_word' id='word_1_697' title='bbox 3351 4929 3434 4966; x_wconf 73' lang='lat' dir='ltr'><strong>ne</strong></span> 
     </span>
    </p>
   </div>
   <div class='ocr_carea' id='block_1_104' title="bbox 1850 5001 3435 5081">
    <p class='ocr_par' dir='ltr' id='par_1_104' title="bbox 1850 5001 3435 5081">
     <span class='ocr_line' id='line_1_104' title="bbox 1850 5001 3435 5081; baseline -0.009 -12"><span class='ocrx_word' id='word_1_698' title='bbox 1850 5015 2083 5069; x_wconf 91' lang='lat' dir='ltr'><strong>tumultu</strong></span> <span class='ocrx_word' id='word_1_699' title='bbox 2120 5013 2308 5081; x_wconf 89' lang='lat' dir='ltr'><strong>aliquo</strong></span> <span class='ocrx_word' id='word_1_700' title='bbox 2343 5011 2711 5080; x_wconf 82' lang='lat' dir='ltr'><strong>impediantur</strong></span> <span class='ocrx_word' id='word_1_701' title='bbox 2751 5008 3008 5061; x_wconf 85' lang='lat' dir='ltr'><strong>mandata</strong></span> <span class='ocrx_word' id='word_1_702' title='bbox 3053 5005 3332 5059; x_wconf 87' lang='lat' dir='ltr'><strong>exaudire.</strong></span> <span class='ocrx_word' id='word_1_703' title='bbox 3371 5001 3435 5056; x_wconf 75' lang='lat' dir='ltr'><strong>Et</strong></span> 
     </span>
    </p>
   </div>
   <div class='ocr_carea' id='block_1_105' title="bbox 1847 5096 3436 5178">
    <p class='ocr_par' dir='ltr' id='par_1_105' title="bbox 1847 5096 3436 5178">
     <span class='ocr_line' id='line_1_105' title="bbox 1847 5096 3436 5178; baseline -0.008 -18"><span class='ocrx_word' id='word_1_704' title='bbox 1847 5107 2029 5178; x_wconf 76' lang='lat' dir='ltr'><strong>gravis</strong></span> <span class='ocrx_word' id='word_1_705' title='bbox 2072 5113 2374 5168; x_wconf 87' lang='lat' dir='ltr'><strong>armatura,</strong></span> <span class='ocrx_word' id='word_1_706' title='bbox 2423 5104 2474 5156; x_wconf 93' lang='lat' dir='ltr'><strong>id</strong></span> <span class='ocrx_word' id='word_1_707' title='bbox 2515 5112 2622 5166; x_wconf 88' lang='lat' dir='ltr'><strong>est,</strong></span> <span class='ocrx_word' id='word_1_708' title='bbox 2666 5100 2876 5170; x_wconf 87' lang='lat' dir='ltr'><strong>pedites</strong></span> <span class='ocrx_word' id='word_1_709' title='bbox 2918 5098 3138 5161; x_wconf 89' lang='lat' dir='ltr'><strong>scutati,</strong></span> <span class='ocrx_word' id='word_1_710' title='bbox 3178 5097 3246 5152; x_wconf 89' lang='lat' dir='ltr'><strong>ad</strong></span> <span class='ocrx_word' id='word_1_711' title='bbox 3289 5096 3436 5150; x_wconf 89' lang='lat' dir='ltr'><strong>hunc</strong></span> 
     </span>
    </p>
   </div>
   <div class='ocr_carea' id='block_1_106' title="bbox 1845 5198 2467 5253">
    <p class='ocr_par' dir='ltr' id='par_1_106' title="bbox 1845 5198 2467 5253">
     <span class='ocr_line' id='line_1_106' title="bbox 1845 5198 2467 5253; baseline -0.01 0"><span class='ocrx_word' id='word_1_712' title='bbox 1845 5199 2064 5253; x_wconf 87' lang='lat' dir='ltr'><strong>modum</strong></span> <span class='ocrx_word' id='word_1_713' title='bbox 2097 5198 2467 5252; x_wconf 90' lang='lat' dir='ltr'><strong>instruuntur.</strong></span> 
     </span>
    </p>
   </div>
   <div class='ocr_carea' id='block_1_107' title="bbox 1925 5273 3432 5344">
    <p class='ocr_par' dir='ltr' id='par_1_107' title="bbox 1925 5273 3432 5344">
     <span class='ocr_line' id='line_1_107' title="bbox 1925 5273 3432 5344; baseline -0.009 -1"><span class='ocrx_word' id='word_1_714' title='bbox 1925 5291 2014 5344; x_wconf 81' lang='grc'><strong>57.</strong></span> <span class='ocrx_word' id='word_1_715' title='bbox 2048 5288 2205 5343; x_wconf 87' lang='lat' dir='ltr'><strong>Levis</strong></span> <span class='ocrx_word' id='word_1_716' title='bbox 2231 5297 2506 5341; x_wconf 82' lang='lat' dir='ltr'><strong>armatura</strong></span> <span class='ocrx_word' id='word_1_717' title='bbox 2542 5285 2774 5341; x_wconf 87' lang='lat' dir='ltr'><strong>diversis</strong></span> <span class='ocrx_word' id='word_1_718' title='bbox 2796 5282 2972 5338; x_wconf 89' lang='lat' dir='ltr'><strong>modis</strong></span> <span class='ocrx_word' id='word_1_719' title='bbox 2999 5280 3302 5335; x_wconf 87' lang='lat' dir='ltr'><strong>instruitur.</strong></span> <span class='ocrx_word' id='word_1_720' title='bbox 3331 5273 3432 5342; x_wconf 84' lang='lat' dir='ltr'><strong>Qui</strong></span> 
     </span>
    </p>
   </div>
   <div class='ocr_carea' id='block_1_108' title="bbox 1845 5373 3433 5449">
    <p class='ocr_par' dir='ltr' id='par_1_108' title="bbox 1845 5373 3433 5449">
     <span class='ocr_line' id='line_1_108' title="bbox 1845 5373 3433 5449; baseline -0.008 -15"><span class='ocrx_word' id='word_1_721' title='bbox 1845 5379 2387 5449; x_wconf 71' lang='grc' dir='ltr'><strong>ρηὶηιάκροόολισταὶ</strong></span> <span class='ocrx_word' id='word_1_722' title='bbox 2403 5379 2560 5441; x_wconf 89' lang='lat' dir='ltr'><strong>olim,</strong></span> <span class='ocrx_word' id='word_1_723' title='bbox 2599 5391 2746 5432; x_wconf 90' lang='lat' dir='ltr'><strong>nunc</strong></span> <span class='ocrx_word' id='word_1_724' title='bbox 2773 5373 3041 5445; x_wconf 78' lang='lat' dir='ltr'><strong>sagittarii</strong></span> <span class='ocrx_word' id='word_1_725' title='bbox 3060 5373 3433 5433; x_wconf 84' lang='lat' dir='ltr'><strong>nominantur,</strong></span> 
     </span>
    </p>
   </div>
   <div class='ocr_carea' id='block_1_109' title="bbox 1697 5493 1932 5552">
    <p class='ocr_par' dir='ltr' id='par_1_109' title="bbox 1697 5493 1932 5552">
     <span class='ocr_line' id='line_1_109' title="bbox 1697 5493 1932 5552; baseline 0.013 -4"><span class='ocrx_word' id='word_1_726' title='bbox 1697 5493 1932 5552; x_wconf 73' lang='grc' dir='ltr'><strong>ΝΟἸἘ.</strong></span> 
     </span>
    </p>
   </div>
   <div class='ocr_carea' id='block_1_110' title="bbox 223 5611 1304 5685">
    <p class='ocr_par' dir='ltr' id='par_1_110' title="bbox 223 5611 1304 5685">
     <span class='ocr_line' id='line_1_110' title="bbox 223 5611 1304 5685; baseline -0.006 -13"><span class='ocrx_word' id='word_1_727' title='bbox 223 5614 337 5685; x_wconf 82' lang='grc'><strong>(10)</strong></span> <span class='ocrx_word' id='word_1_728' title='bbox 381 5613 722 5685; x_wconf 62' lang='grc' dir='ltr'><strong>Ὀριξζονται.</strong></span> <span class='ocrx_word' id='word_1_729' title='bbox 755 5613 966 5677; x_wconf 78' lang='lat' dir='ltr'><strong>Scribe,</strong></span> <span class='ocrx_word' id='word_1_730' title='bbox 996 5611 1304 5685; x_wconf 21' lang='lat' dir='ltr'><strong>6Apt&#39;CtuvtaAt.</strong></span> 
     </span>
    </p>
   </div>
   <div class='ocr_carea' id='block_1_111' title="bbox 221 5682 1734 5758">
    <p class='ocr_par' dir='ltr' id='par_1_111' title="bbox 221 5682 1734 5758">
     <span class='ocr_line' id='line_1_111' title="bbox 221 5682 1734 5758; baseline -0.001 -17"><span class='ocrx_word' id='word_1_731' title='bbox 221 5682 337 5758; x_wconf 81' lang='lat' dir='ltr'><strong>(ll)</strong></span> <span class='ocrx_word' id='word_1_732' title='bbox 391 5684 630 5758; x_wconf 53' lang='grc' dir='ltr'><strong>Πρῶτον⁹</strong></span> <span class='ocrx_word' id='word_1_733' title='bbox 667 5686 772 5740; x_wconf 75' lang='grc' dir='ltr'><strong>τὸν</strong></span> <span class='ocrx_word' id='word_1_734' title='bbox 801 5685 908 5739; x_wconf 83' lang='grc' dir='ltr'><strong>τοῦ</strong></span> <span class='ocrx_word' id='word_1_735' title='bbox 934 5682 1169 5744; x_wconf 79' lang='grc' dir='ltr'><strong>πεζικοῦ</strong></span> <span class='ocrx_word' id='word_1_736' title='bbox 1199 5682 1509 5753; x_wconf 67' lang='grc' dir='ltr'><strong>τάγματος.</strong></span> <span class='ocrx_word' id='word_1_737' title='bbox 1541 5683 1734 5741; x_wconf 83' lang='lat' dir='ltr'><strong>Delen-</strong></span> 
     </span>
    </p>
   </div>
   <div class='ocr_carea' id='block_1_112' title="bbox 148 5755 665 5816">
    <p class='ocr_par' dir='ltr' id='par_1_112' title="bbox 148 5755 665 5816">
     <span class='ocr_line' id='line_1_112' title="bbox 148 5755 665 5816; baseline -0.017 -2"><span class='ocrx_word' id='word_1_738' title='bbox 148 5759 282 5814; x_wconf 54' lang='lat' dir='ltr'><strong>du&#39;n</strong></span> <span class='ocrx_word' id='word_1_739' title='bbox 308 5755 531 5816; x_wconf 78' lang='lat' dir='ltr'><strong>censeo,</strong></span> <span class='ocrx_word' id='word_1_740' title='bbox 560 5755 665 5807; x_wconf 84' lang='grc' dir='ltr'><strong>τόν.</strong></span> 
     </span>
    </p>
   </div>
   <div class='ocr_carea' id='block_1_113' title="bbox 226 5827 1345 5900">
    <p class='ocr_par' dir='ltr' id='par_1_113' title="bbox 226 5827 1345 5900">
     <span class='ocr_line' id='line_1_113' title="bbox 226 5827 1345 5900; baseline -0.004 -15"><span class='ocrx_word' id='word_1_741' title='bbox 226 5829 335 5897; x_wconf 64' lang='lat' dir='ltr'><strong>lii)</strong></span> <span class='ocrx_word' id='word_1_742' title='bbox 391 5827 712 5897; x_wconf 70' lang='grc' dir='ltr'><strong>Ὀλιχαγοί.</strong></span> <span class='ocrx_word' id='word_1_743' title='bbox 758 5827 971 5896; x_wconf 79' lang='lat' dir='ltr'><strong>Scribe,</strong></span> <span class='ocrx_word' id='word_1_744' title='bbox 1013 5827 1345 5900; x_wconf 72' lang='grc' dir='ltr'><strong>οἰλοχαγοξ.,</strong></span> 
     </span>
    </p>
   </div>
   <div class='ocr_carea' id='block_1_114' title="bbox 1918 5606 3432 5681">
    <p class='ocr_par' dir='ltr' id='par_1_114' title="bbox 1918 5606 3432 5681">
     <span class='ocr_line' id='line_1_114' title="bbox 1918 5606 3432 5681; baseline -0.009 -17"><span class='ocrx_word' id='word_1_745' title='bbox 1918 5615 2030 5678; x_wconf 75' lang='grc'><strong>(15)</strong></span> <span class='ocrx_word' id='word_1_746' title='bbox 2056 5609 2604 5681; x_wconf 77' lang='grc' dir='ltr'><strong>Κιιμπιόουιιτώρων</strong></span> <span class='ocrx_word' id='word_1_747' title='bbox 2636 5607 2765 5661; x_wconf 83' lang='grc' dir='ltr'><strong>δύο.</strong></span> <span class='ocrx_word' id='word_1_748' title='bbox 2796 5606 3150 5662; x_wconf 72' lang='lat' dir='ltr'><strong>Scribebatur</strong></span> <span class='ocrx_word' id='word_1_749' title='bbox 3171 5643 3185 5668; x_wconf 93' lang='lat'><strong>,</strong></span> <span class='ocrx_word' id='word_1_750' title='bbox 3219 5615 3432 5670; x_wconf 76' lang='grc' dir='ltr'><strong>καμπι-</strong></span> 
     </span>
    </p>
   </div>
   <div class='ocr_carea' id='block_1_115' title="bbox 1849 5684 3428 5823">
    <p class='ocr_par' dir='ltr' id='par_1_115' title="bbox 1849 5684 3428 5823">
     <span class='ocr_line' id='line_1_115' title="bbox 1849 5684 3428 5823; baseline -0.009 -16"><span class='ocrx_word' id='word_1_751' title='bbox 1849 5685 2057 5823; x_wconf 52' lang='grc' dir='ltr'><strong>κτῗῗ-ῖῖν</strong></span> <span class='ocrx_word' id='word_1_752' title='bbox 2078 5684 2661 5823; x_wconf 41' lang='grc' dir='ltr'><strong>’ἓτροόαίισταζηὸἰο</strong></span> <span class='ocrx_word' id='word_1_753' title='bbox 2690 5749 2858 5823; x_wconf 78' lang='lat' dir='ltr'><strong>codex</strong></span> <span class='ocrx_word' id='word_1_754' title='bbox 2887 5746 3051 5803; x_wconf 73' lang='lat' dir='ltr'><strong>Chcci</strong></span> <span class='ocrx_word' id='word_1_755' title='bbox 3076 5760 3193 5814; x_wconf 88' lang='lat' dir='ltr'><strong>pro,</strong></span> <span class='ocrx_word' id='word_1_756' title='bbox 3240 5741 3428 5812; x_wconf 76' lang='grc' dir='ltr'><strong>βιαρα-</strong></span> 
     </span>
    </p>
   </div>
   <div class='ocr_carea' id='block_1_116' title="bbox 1843 5819 2745 5892">
    <p class='ocr_par' dir='ltr' id='par_1_116' title="bbox 1843 5819 2745 5892">
     <span class='ocr_line' id='line_1_116' title="bbox 1843 5819 2745 5892; baseline -0.007 -15"><span class='ocrx_word' id='word_1_757' title='bbox 1843 5819 2038 5880; x_wconf 76' lang='grc' dir='ltr'><strong>λισταί.</strong></span> <span class='ocrx_word' id='word_1_758' title='bbox 2073 5822 2290 5880; x_wconf 80' lang='lat' dir='ltr'><strong>Pistorii</strong></span> <span class='ocrx_word' id='word_1_759' title='bbox 2317 5839 2329 5876; x_wconf 92' lang='lat'><strong>:</strong></span> <span class='ocrx_word' id='word_1_760' title='bbox 2361 5819 2745 5892; x_wconf 73' lang='grc' dir='ltr'><strong>βελοϐολισταε.</strong></span> 
     </span>
    </p>
   </div>
  </div>
