4176 6446
742 356 840 421 τε)
1977 356 2255 418 LEONIS
2288 356 2750 419 PHILOSOPHI

3901 363 4011 428 752

740 463 1013 521 interdum
1063 478 1093 517 a
1147 472 1298 530 tergo
1340 460 1776 531 uniuscujusque
1819 462 2167 518 contubernii
2224 481 2319 534 pro

2429 462 2523 517 νῦν
2548 464 2605 517 δὲ
2640 463 2854 527 τοξόται
2887 464 2921 535 ἢ
2983 462 3389 535 σαγιττάτορες.
3418 464 3555 520 [loc-1
3590 464 3690 536 μὲν
3726 465 3838 535 γὰρ
3880 466 4013 521 5m-

742 556 1109 614 multitudinis
1138 560 1348 609 ratione
1370 554 1727 619 collocentur,
1753 562 1813 609 ut
1838 562 2172 609 scutatorum
2197 556 2311 609 sin-

744 650 887 716 gulis
921 645 1295 701 contuberniis
1331 644 1783 715 quaternionibus
1819 660 1961 700 unus
1997 644 2312 713 sagittarius

744 738 1089 808 respondeat.
1149 736 1424 792 Interdum
1473 737 1525 790 in
1564 736 1679 806 ipsa
1732 736 2078 792 contubernii
2126 736 2312 790 altitu-

742 832 867 884 dine
900 819 1147 885 sculatns
1176 840 1229 884 et
1260 828 1567 898 sagittarius
1594 828 1898 883 alternatim
1934 836 2110 891 stent,
2148 828 2314 882 inter-

739 924 870 976 dum
905 923 958 976 in
1001 922 1377 978 contuberniis
1409 929 1463 977 et
1499 923 1791 988 cornibus,
1828 922 1879 975 id
1915 930 2016 985 est,
2053 921 2313 976 extremis

738 1015 856 1070 oris
886 1017 1188 1085 copiarum,
1220 1015 1449 1071 interius
1472 1014 1771 1084 equitibus,
1798 1029 1942 1084 saepe
1973 1016 2136 1069 etiam
2162 1024 2311 1069 ειιον

743 1106 855 1158 rius
889 1106 1029 1158 haud
1062 1106 1217 1173 longe
1260 1120 1383 1158 cum
1417 1106 1605 1173 paucis
1645 1106 1875 1160 scutatis
1917 1105 1983 1158 ad
2017 1103 2313 1159 defenden-

741 1195 840 1248 dus
871 1198 1157 1251 interiores
1186 1198 1416 1265 equites,
1456 1196 1501 1249 si
1537 1196 1705 1250 multa
1746 1196 1881 1250 levis
1910 1196 1983 1250 sit
2010 1206 2311 1250 armatura.

740 1289 1125 1359 διαστήματος,

747 1386 914 1453 ρίους.
946 1384 1040 1436 ἐὰν
1069 1384 1256 1438 πολλοί
1286 1387 1422 1438 εἰσιν
1443 1387 1491 1440 οἱ
1514 1386 1683 1456 ψιλοί.

814 1476 901 1531 58.
943 1476 1047 1541 Qui
1078 1477 1365 1541 rhictaria,
1397 1478 1447 1532 id
1481 1487 1600 1541 est,
1629 1478 1807 1547 jacnla
1842 1480 1925 1533 vel
1958 1480 2211 1544 tzicuria,
2240 1479 2325 1532 vel

2432 556 2561 608 σθεν
2594 557 2829 627 ἑκάστης
2863 557 3022 619 άκίας
3050 558 3184 628 πρὸς
3208 556 3269 611 τὸ
3309 558 3507 628 μέτρον
3537 558 3644 612 τῶν
3672 560 3812 613 δτων
3866 557 4008 628 (15).

2416 649 2692 701 τουτέστιν
2742 651 2822 713 εἰς
2854 651 2979 712 τοὺς
3002 648 3077 712 ις’
3113 650 3441 713 σκουτάτους
3487 648 3530 703 δ’
3563 650 3747 719 ψιλοί·
3789 653 3879 703 ἵνα
3907 650 4011 717 μέ-

2418 756 2508 809 χρι
2536 737 2577 791 δ’
2611 737 2972 810 μεριζομένης
2998 739 3095 809 τῆς
3119 739 3229 791 τῶν
3265 739 3573 793 σκουτάτων
3607 740 3771 804 άκίας
3800 740 4011 810 εὑρεθῇ

2420 828 2498 893 εἷς
2524 831 2744 900 τοξότης
2770 832 2992 886 δπισθεν
3021 834 3202 896 αὐτοῖς
3220 847 3236 864 ⁸
3264 833 3394 886 ποτὲ
3420 833 3478 887 δὲ
3518 835 3577 887 ὲν
3605 834 3683 903 τῷ
3715 834 3872 903 βάθει
3898 834 4013 886 τῶν

2420 924 2592 977 άκιῶν
2622 918 2701 987 εἷς
2738 926 2883 993 παρῇ
2921 925 3237 987 σκουτάτος,
3269 926 3363 979 καὶ
3396 924 3641 995 τοξότης,
3666 926 3800 978 ποτὲ
3825 925 3887 978 δὲ
3950 925 4010 979 ιδ

2425 1019 2545 1079 ταῖς
2572 1018 2759 1081 άκίαις
2782 1020 2874 1071 καὶ
2910 1020 2967 1070 ὲν
2999 1021 3110 1080 τοῖς
3139 1017 3386 1085 κέρασιν,
3421 1018 3590 1087 ἢγουν
3620 1018 3738 1081 ταῖς
3791 1017 4014 1086 ἐξοχαῖς

2421 1107 2531 1160 τῶν
2561 1109 2942 1178 παρατάξεων,
2992 1108 3271 1161 τουτέστιν
3325 1107 3575 1176 ἐσωτέρω
3606 1106 3715 1158 τῶν
3735 1105 4013 1159 1:67.134-

2428 1199 2578 1268 ρίων,
2610 1199 2875 1261 πολλάκις
2903 1198 2961 1251 δὲ
2990 1200 3083 1251 καὶ
3121 1198 3370 1267 ἐξωτέρω
3416 1197 3618 1258 αὐτῶν,
3648 1196 3757 1251 ἀπὸ
3802 1201 4012 1265 μικροῦ

1180 1290 1317 1360 μετὰ
1372 1292 1463 1342 καὶ
1517 1292 1713 1358 ὀλίγων
1741 1291 2053 1344 σκουτάτων
2110 1293 2189 1353 είς
2234 1291 2296 1343 τὸ
2333 1292 2619 1361 ἐκδικῆσαι
2672 1294 2801 1357 τοὺς
2835 1294 2915 1356 εἰς
2978 1291 3040 1344 τὸ
3105 1291 3372 1361 ἐσώτερον
3433 1290 3673 1352 ἑστῶτας
3726 1290 4014 1342 καὸαλλα-

2498 1471 2601 1543 νη’.
2629 1472 2694 1525 Οἱ
2726 1470 2784 1524 δὲ
2810 1471 2878 1525 τά
2910 1470 3188 1540 ῥικτάρια,
3226 1470 3260 1540 ἢ
3296 1467 3605 1539 τζικούρια,
3638 1469 3670 1537 ἦ
3706 1467 4014 1539 βαρδοῦκια

745 1567 1002 1620 barducia
1042 1568 1271 1630 habent},
1310 1569 1345 1621 ii
1388 1569 1467 1622 vel
1507 1586 1534 1620 a
1572 1579 1724 1639 tergo
1756 1578 2119 1634 scutatorum,
2156 1571 2241 1623 vel
2272 1571 2319 1623 in

2429 1567 2658 1637 ἔχοντες,
2687 1564 2720 1635 ἧ
2748 1562 2971 1617 ὄπισθεν
3000 1562 3106 1615 τῶν
3131 1561 3301 1615 άκιῶν
3344 1562 3454 1615 τῶν
3480 1560 3818 1625 σκουτάτων,
3867 1560 3903 1629 ἦ
3932 1562 4013 1621 εἰς

743 1661 1000 1713 extremis
1029 1660 1141 1713 oris
1161 1660 1316 1725 aciei,
1347 1671 1401 1715 et
1428 1677 1532 1715 non
1571 1662 1623 1715 iu
1651 1661 1853 1728 medio,
1886 1662 2154 1716 locentur.
2180 1660 2319 1715 Fun-

2429 1652 2499 1704 τὰ
2528 1651 2673 1719 ἄκρα
2696 1649 2796 1718 τῆς
2827 1649 3211 1719 παρατάξεως,
3251 1648 3347 1702 καὶ
3374 1649 3475 1702 οὐκ
3502 1650 3560 1701 ὲν
3591 1648 3670 1714 τῷ
3710 1650 3886 1718 μέσῳ.
3946 1652 4009 1702 Ol

744 1752 948 1807 ditores
981 1767 1172 1808 omnes
1214 1754 1267 1807 in
1298 1755 1560 1807 extremis
1596 1754 1710 1809 oris
1742 1755 1903 1808 aciei.
1944 1752 2097 1808 Nunc
2143 1765 2319 1809 autem

2429 1742 2480 1795 δὲ
2513 1740 2950 1810 σφενδοδολισταὶ
2992 1742 3211 1802 πάντως
3275 1743 3354 1803 είς
3407 1740 3478 1792 τὰ
3509 1741 3656 1811 ἄκρα
3696 1740 3800 1808 τῆς
3830 1758 4016 1809 παρα-

745 1846 1053 1925 sagittarios
1104 1846 1453 1916 reliqnosque
1487 1847 1816 1915 jaculatores
1856 1862 1883 1900 a
1928 1857 2077 1915 tergo
2133 1856 2319 1900 contu-

2429 1833 2651 1898 τάξεως.
2684 1832 2798 1885 Νῦν
2825 1832 2881 1884 δὲ
2911 1831 3149 1901 τάξομεν
3176 1832 3398 1897 τοξότας
3440 1832 3533 1884 καὶ
3563 1832 3786 1894 λοιποὺς
3848 1833 4015 1885 ἀκον-

748 1933 1058 2003 berniorum
1104 1933 1391 1987 adversum
1438 1948 1533 1988 eos
1575 1934 1669 2002 qui
1716 1934 1991 1987 contraria
2044 1942 2321 2000 exercent,

745 2021 827 2074 vel
856 2022 1322 2090 quemadmodum
1357 2038 1490 2077 usus
1525 2024 1773 2093 requirit,
1802 2024 2217 2079 collocabimus.

819 2107 904 2165 59.
937 2114 1158 2181 Equites
1182 2114 1232 2166 in
1264 2114 1394 2181 ipsis
1415 2114 1529 2168 oris
1547 2116 1680 2168 aciei
1710 2114 1977 2183 pedestris
2000 2114 2319 2168 collocabis.

744 2202 1099 2274 Quaecunque
1149 2215 1331 2259 autem
1368 2206 1705 2260 robustiores
1733 2207 1991 2260 cohortes
2021 2215 2167 2269 sunt,
2196 2221 2319 2258 cum

745 2296 977 2349 ducibus
1022 2296 1139 2351 suis
1196 2298 1249 2349 in
1294 2297 1550 2351 exteriori
1600 2297 1717 2352 loco
1769 2298 2130 2352 collocentur.
2171 2297 2236 2350 Et
2274 2296 2321 2352 si

748 2384 1059 2452 romplnrcs
1096 2386 1309 2452 equites
1356 2384 1560 2438 fuerint
1601 2386 1693 2454 qni
1745 2385 2031 2439 duodecim
2090 2387 2320 2440 millium

748 2489 1033 2528 numerum
1055 2476 1409 2537 excesserint,
1440 2484 1553 2529 tum
1588 2476 1653 2529 ad
1689 2475 1879 2531 decem
1917 2477 2158 2530 virorum
2199 2477 2324 2531 alti-

748 2567 991 2621 tudinem
1031 2571 1202 2624 liant:
1236 2572 1320 2625 sin
1354 2572 1670 2641 pauciores.
1708 2572 1775 2626 ad
1809 2574 2052 2642 quinque
2081 2572 2322 2626 virorum

750 2654 1089 2708 altitudinem
1116 2660 1539 2713 constituantur.
1562 2658 1683 2714 Sint
1710 2669 1892 2715 autem
1917 2662 2138 2731 quidam
2163 2678 2323 2731 supra

748 2745 951 2814 justum
984 2764 1293 2813 numerum,
1318 2751 1411 2821 qui
1447 2752 1587 2806 ultra
1612 2767 1813 2809 currus
1834 2768 1863 2805 a
1888 2762 2039 2824 tergo
2064 2754 2118 2808 in
2147 2754 2326 2809 subsi-

748 2838 852 2890 diis
884 2840 1151 2904 luccntnr,
1178 2850 1237 2894 ιιι
1261 2842 1305 2896 si
1329 2858 1359 2895 a
1394 2852 1542 2911 tergo
1569 2845 1750 2899 hostes
1778 2846 2099 2907 invaserint,
2127 2861 2324 2901 occur-

750 2937 873 2982 rant
913 2929 1018 2983 illis
1046 2946 1059 2983 :
1093 2932 1177 2984 sin
1207 2931 1408 2997 minus,
1442 2933 1705 2988 lateribus
1732 2935 2122 3005 adjungantur.

820 3097 909 3153 60.
948 3098 1177 3156 Laxiore
1216 3104 1450 3173 primum
1498 3106 1782 3163 intervallo
1824 3109 2168 3167 instruantur
2214 3115 2321 3181 isti,

2425 1923 2611 1985 τιστάς
2672 1923 2896 1977 ὖπισθεν
2926 1922 3035 1975 τῶν
3067 1923 3239 1978 άκιῶν
3289 1924 3422 1996 πρὸς
3454 1924 3553 1995 τὴν
3578 1924 3911 1994 γυμνασίαν,
3976 1924 4011 1986 ἢ

2424 2017 2499 2079 ὡς
2520 2016 2741 2069 άπαιτεί
2765 2018 2798 2085 ἡ
2834 2015 2998 2087 χρεία
3027 2016 3221 2083 αὐτῆς.

2495 2109 2593 2164 νθ’.
2650 2111 2789 2173 Τοὺς
2818 2111 2877 2164 δὲ
2912 2110 3315 2181 καϐαλλαρίους
3370 2112 3451 2174 είς
3476 2112 3545 2165 τὰ
3596 2112 3742 2183 ἄκρα
3773 2113 3877 2181 τῆς
3911 2128 4015 2165 πε-

2424 2198 2580 2271 ζικῆς
2607 2200 2969 2270 παρατάξεως
3011 2200 3216 2264 τάξεις.
3256 2201 3394 2254 Ὅσα
3428 2201 3486 2254 δὲ
3542 2201 3724 2255 αὐτῶν
3764 2202 4015 2269 ἀνδρειό-

2420 2306 2555 2361 τερα
2585 2291 2864 2360 τάγματα,
2882 2290 3019 2361 μετὰ
3041 2290 3149 2344 τῶν
3181 2291 3460 2360 ἀρχόντων
3518 2292 3699 2345 αὐτῶν
3726 2292 4013 2359 ἐξωτέρω.

2423 2383 2533 2437 Καὶ
2590 2384 2636 2435 εί
2684 2384 2783 2452 μὲν
2841 2383 3027 2435 πολλοί
3085 2385 3225 2436 εἰσιν
3267 2384 3315 2435 oi
3347 2383 3723 2453 καὸαλλάριοι,
3759 2384 4017 2435 τουτέστι

2423 2475 2586 2527 πλέον
2615 2475 2723 2527 τῶν
2753 2474 2820 2545 ιβ’
2877 2476 3159 2544 χιλιάδων,
3211 2474 3319 2529 ἀπὸ
3350 2474 3575 2527 δέκατον
3624 2474 3786 2543 βάθος
3852 2472 4021 2526 τοῦτο

2422 2566 2681 2635 γίνεσθαι.
2719 2568 2781 2620 Εἰ
2816 2568 2872 2621 δὲ
2907 2568 3003 2620 καὶ
3028 2566 3391 2637 ὀλιγωτέρους
3423 2565 3517 2617 τοῦ
3560 2566 3758 2635 μέτρου
3794 2564 4018 2627 τούτου,

2424 2660 2535 2713 άπὸ
2562 2659 2747 2714 πέντε.
2798 2657 2951 2713 Εἶναι
2978 2660 3036 2713 δὲ
3068 2661 3132 2712 ἐκ
3161 2658 3425 2730 περισσοῦ
3482 2675 3635 2720 τινας
3682 2657 3913 2709 δπισθεν
3960 2659 4021 2708 ὲν

2426 2752 2757 2821 ὑποϐοηθείᾳ
2784 2752 2963 2807 αὐτῶν
3003 2752 3251 2822 ἐξωτέρω
3311 2752 3421 2805 τῶν
3463 2752 3725 2821 ἁμαξῶν
3784 2753 3875 2805 ἵνα
3922 2752 4021 2803 ἐὰν

2426 2843 2524 2912 μὲν
2563 2843 2650 2896 διὰ
2700 2843 2808 2896 τῶν
2852 2843 3076 2896 ὄπισθέν
3117 2860 3263 2906 τινες
3318 2843 3428 2896 τῶν
3485 2843 3695 2915 ἐχθρῶν
3742 2844 4016 2911 φανῶσιν,

2426 2934 2842 3003 ἁποσοϐἠσωσιν
2890 2934 3088 2997 αὐτούς
3112 2951 3125 2966 °
3165 2937 3213 2987 εί
3250 2934 3306 2988 δὲ
3334 2936 3499 3005 μήγε,
3526 2934 3872 3006 προστεθῶσι
3900 2939 4019 2998 τοῖς

2431 3025 2684 3092 πλαγίοις
2712 3026 2807 3078 καὶ
2836 3025 3011 3079 αὐτοί.

2491 3114 2553 3182 ξ’.
2589 3117 2893 3169 Τάσσονται
2919 3118 2977 3171 δὲ
3024 3116 3116 3170 καὶ
3143 3117 3296 3169 αὐτοὶ
3342 3116 3401 3168 ὲν
3434 3115 3740 3187 άραιοτέρῳ
3794 3118 4018 3185 πρῶτον

749 3199 809 3267 nt
840 3193 881 3245 si
908 3193 1083 3264 aliqua
1115 3198 1331 3251 occasio
1354 3202 1630 3256 exercitus
1654 3206 2028 3260 commutandi
2060 3208 2186 3275 ﬁat,
2221 3211 2319 3264 iiii-

2429 3209 2774 3275 διαστήματι,
2818 3207 2903 3259 ἵνα
2938 3208 3034 3260 ἐὰν
3069 3209 3295 3277 γένηται
3341 3208 3531 3279 καιρὸς
3565 3208 3643 3270 είς
3672 3208 3733 3258 τὸ
3780 3208 4011 3278 χρῄζειν

749 3282 957 3336 nimum
988 3284 1376 3353 impediantur.

817 3373 899 3427 6|.
928 3374 1216 3446 Pi-recipics
1244 3380 1543 3448 equitibus,
1574 3398 1641 3437 ne
1673 3384 1837 3439 nimis
1870 3386 2173 3457 impetuose
2200 3404 2325 3443 cur-

752 3472 873 3516 sent
916 3465 967 3518 in
993 3465 1201 3531 hostes,
1244 3484 1423 3539 neque
1460 3486 1490 3523 a
1536 3472 1769 3540 pedestri
1803 3474 1919 3529 acie
1958 3476 2120 3547 longo
2160 3480 2327 3533 inter-

752 3551 893 3609 vallo
930 3558 1233 3623 discedant,
1269 3576 1337 3614 ne
1368 3562 1412 3613 si
1445 3560 1583 3615 forte
1619 3564 1831 3619 insidia:
1872 3566 2022 3629 fiant,
2056 3578 2110 3621 et
2146 3568 2327 3623 hostes

751 3662 899 3707 retro
932 3655 985 3708 in
1018 3670 1113 3710 eos
1144 3672 1203 3711 se
1232 3668 1576 3725 convertant,
1608 3662 1815 3729 pedites
1851 3663 2044 3718 horum
2076 3666 2327 3734 praesidio

750 3747 993 3803 destituti
1025 3752 1242 3821 aliquod
1279 3754 1477 3808 vulnus
1506 3754 1793 3825 accipiant.
1837 3756 1893 3812 Si
1927 3760 2097 3828 pressi
2135 3746 2324 3815 admo-

753 3840 879 3892 dum
910 3841 1267 3912 dissipatique
1300 3844 1520 3909 fuerint,
1559 3855 1670 3899 tum
1702 3857 1848 3901 retro
1882 3850 1946 3902 ad
1977 3865 2174 3905 currus
2199 3866 2329 3904 suos

753 3934 1188 3999 conservandos,
1224 3938 1315 4006 qui
1352 3953 1381 3991 a
1415 3950 1565 4009 tergo
1591 3941 1725 3996 aciei
1771 3943 2040 4012 pedestris
2076 3945 2327 4000 instructi

756 4032 903 4085 sunt,
936 4038 995 4078 se
1020 4026 1339 4095 conferant,
1379 4046 1479 4085 nec
1508 4046 1605 4087 eos
1637 4044 1978 4102 praetereant.
2022 4038 2117 4090 Sin
2152 4054 2218 4091 ne
2250 4039 2331 4093 sic

754 4114 972 4178 quidem
1016 4119 1271 4174 resistere
1310 4124 1547 4190 possint,
1590 4142 1654 4179 ex
1700 4128 1857 4195 equis
1882 4127 2237 4195 descendant,
2276 4140 2331 4185 et

756 4207 985 4269 pedibus
1010 4210 1223 4279 seipaos
1253 4213 1565 4269 defendant.

823 4488 911 4542 (32.
948 4489 1002 4543 Si
1056 4491 1228 4546 aciem
1276 4493 1549 4550 instruere
1599 4498 1873 4555 exercitus
1915 4501 2177 4566 voluerit,
2220 4522 2327 4560 nou

2437 3297 2731 3367 μεταϐάλλε
2742 3298 2884 3362 σθαι,
2950 3297 3024 3368 μὴ
3057 3298 3482 3367 ὲμποδὶζωνται.

2506 3386 2608 3454 ξεί.
2663 3388 3036 3458 Παραγγελεῖς
3084 3389 3141 3441 δὲ
3178 3390 3306 3451 τοὺς
3360 3388 3756 3459 καδαλλαρίους
3788 3389 3865 3459 μὴ
3921 3407 4017 3442 και

2431 3480 2715 3551 τατρέχειν
2742 3480 2850 3533 τῶν
2878 3480 3108 3551 ἐχθρῶν,
3164 3480 3298 3550 μηδὲ
3347 3480 3681 3549 ἀφίστασθαι
3719 3483 3820 3550 τῆς
3857 3482 4015 3546 πεζι-

2435 3575 2535 3643 κῆς
2589 3572 2945 3641 παρατάξεως
2993 3571 3070 3634 ὡς
3124 3573 3216 3624 ἐπὶ
3248 3571 3381 3625 πολὺ
3424 3572 3720 3642 διάστημα,
3752 3573 3847 3626 καὶ
3876 3574 4017 3642 τάχα

2432 3663 2712 3735 τραπῶσιν
2750 3664 2799 3715 οἱ
2848 3663 3051 3734 ἐχθροί·
3089 3663 3179 3716 ἵνα.
3234 3663 3308 3733 μὴ
3352 3664 3687 3733 ὲγκρξματὸς
3716 3665 3830 3733 (l6)
3868 3683 4018 3726 τινος

2434 3756 2566 3826 παρ’
2594 3756 2773 3809 αὐτῶν
2802 3756 3116 3824 γενομένου,
3164 3755 3321 3825 εἰπερ
3349 3755 3457 3807 ἀπὸ
3485 3754 3851 3823 διαστήματός
3883 3758 4019 3807 εἰσιν

2434 3848 2481 3899 οἱ
2516 3846 2669 3911 πεζοὶ
2699 3846 3063 3915 γυμνούμενοι
3093 3846 3193 3915 τῆς
3236 3846 3617 3917 παρατάξεως,
3657 3848 4017 3916 ὲπηρεασθῶ-

2437 3958 2544 4003 σιν,
2587 3941 2662 4003 ῶς
2707 3938 3018 4010 ὀλιγώτεροι
3072 3941 3106 4011 ἢ
3153 3940 3547 4010 ἀσθενέστεροι.
3588 3939 3746 3992 Ἀλλὰ
3801 3942 3903 3993 καὶ
3957 3940 4019 3992 ἂν

2446 4030 2767 4102 βιασθῶσιν,
2794 4030 2867 4093 ῶς
2892 4033 3058 4094 εἰκὸς,
3087 4031 3358 4099 παρὰτῶν
3372 4030 3645 4095 ἐναντίων,
3676 4031 3899 4083 δπιτθεν
3924 4032 4018 4098 τῆς

2436 4124 2798 4195 παρατάξεως
2823 4124 2932 4177 τῶν
2960 4124 3141 4188 πεζῶν
3190 4124 3495 4193 ὀφείλοδσιν
3519 4118 3658 4176 εἶναι
3690 4124 3825 4191 πρδς
3857 4124 4016 4191 gaulu-

2436 4216 2538 4284 κῆν
2570 4215 2771 4268 αὐτῶν
2809 4216 2857 4267 εἰ
2887 4216 2942 4268 δὲ
2971 4215 3101 4285 μηδὲ
3121 4214 3291 4277 οὕτως
3324 4214 3627 4284 ἀντέχουσι,
3659 4214 4017 4283 κατέρχεσθαι

2437 4308 2632 4370 αὐτοὺς
2671 4309 2736 4359 ὲκ
2756 4308 2862 4359 τῶν
2883 4307 3084 4369 ἵππων,
3114 4307 3209 4360 καὶ
3237 4304 3413 4370 οὕτως
3456 4303 3596 4374 πεζῇ
3622 4304 3852 4367 ἑαυτοὺς
3875 4304 4018 4356 ἔκδι-

2438 4401 2574 4475 κεῖν,

2512 4488 2608 4559 ξβ’.
2641 4490 2767 4543 Ἐὰν
2800 4491 2857 4543 δὲ
2893 4488 3301 4559 παρατάξεσθαι
3354 4488 3453 4558 μὲν
3506 4488 3637 4559 θέλῃ
3682 4488 3711 4540 ὁ
3770 4489 4019 4556 στρατὸςν

754 4588 932 4636 tamen
968 4598 1035 4637 eo
1074 4585 1161 4639 die
1200 4588 1521 4658 conﬂigere,
1571 4590 1616 4645 si
1662 4592 1959 4648 adversarii
2013 4595 2066 4649 in
2117 4597 2319 4665 equites

2435 4580 2509 4651 μὴ
2533 4581 2861 4652 συμϐάλλειν
2896 4582 2950 4634 δὲ
2984 4581 3125 4634 κατὰ
3158 4582 3256 4650 τὴν
3280 4581 3451 4649 αὐτὴν
3474 4581 3709 4649 ἡμέραν,
3733 4579 3828 4630 καὶ
3843 4583 4017 4649 ὁρμή-

757 4672 1033 4740 irrncrint,
1055 4686 1109 4731 et
1134 4694 1471 4750 nequaquam
1502 4684 1776 4739 sustinere
1792 4702 1888 4741 eus
1914 4688 1990 4742 tui
2013 4700 2329 4756 potuerunt,

761 4783 827 4821 ne
860 4771 1239 4836 prmstoleutnr
1266 4789 1363 4829 eos
1396 4776 1447 4829 in
1480 4776 1615 4830 aciei
1645 4779 1904 4833 cornibus
1932 4782 2196 4844 sistendo,
2236 4784 2332 4839 sed

763 4874 907 4914 rt‘tt'o
951 4864 1145 4918 cedant
1184 4867 1247 4918 ad
1296 4878 1568 4922 extremas
1617 4887 1743 4924 oras
1790 4873 1927 4927 aciei
1958 4882 2008 4927 et
2043 4889 2332 4930 curruum.

761 4953 913 5015 Quod
946 4954 991 5009 si
1024 4955 1150 5021 liat,
1182 4958 1392 5026 majore
1440 4961 1720 5017 intervallo
1758 4979 1897 5032 opus
1921 4975 2025 5027 est,
2060 4976 2119 5021 ut
2152 4968 2333 5022 disce-

754 5044 1009 5099 dentibus
1054 5046 1165 5115 jam
1209 5059 1322 5103 tum
1366 5053 1639 5120 equitibus
1684 5057 1866 5108 exteri
1910 5058 2178 5127 angustiis
2222 5074 2329 5113 non

654 5215 660 5222 .
757 5138 920 5193 nimis
953 5152 1290 5210 premantur,
1328 5161 1395 5199 ne
1421 5146 1661 5201 hostium
1693 5150 1904 5217 sagittis
1938 5150 2222 5205 lardantur.

833 5403 920 5457 (i5.
966 5401 1090 5459 llmc
1136 5416 1380 5478 tempore
1418 5411 1589 5479 praelii
1644 5412 1878 5467 maxime
1916 5413 2045 5466 [iant
2084 5433 2093 5465 :
2129 5414 2229 5468 hac
2272 5414 2340 5469 de

762 5508 922 5549 causa
954 5498 1098 5551 cnim
1126 5500 1207 5554 ha:
1235 5503 1652 5558 exercitationes
1683 5506 1916 5559 maxime
1936 5507 2334 5576 suscipiuntur.

2432 4691 2598 4728 σωσιν
2645 4675 2695 4726 οἱ
2756 4673 2941 4744 ἐχθροὶ
2992 4674 3135 4726 κατά
3189 4672 3299 4725 τῶν
3359 4669 3744 4739 καὸαλλαρίων
3802 4671 3899 4721 καὶ
3952 4671 4020 4739 μὶ-

2434 4766 2775 4838 βαστάζωσιν
2800 4765 3022 4830 αὐτοὺς,
3049 4764 3121 4835 μὴ
3156 4763 3498 4833 άναμένωσιν
3524 4763 3719 4824 αὐτοὺς
3746 4763 4019 4829 ἱστάμενοι

2432 4860 2509 4921 εἰς
2538 4858 2606 4910 τὰ
2635 4857 2841 4928 κέρατα
2860 4858 2955 4926 τῆς
2988 4856 3369 4926 παρατάξεως,
3400 4855 3515 4908 ἀλλ’
3545 4853 3770 4906 ὄπισθεν
3826 4851 4019 4922 ptines

2434 4951 2652 5012 ἔλθωσι,
2678 4950 2959 5002 τουτέστιν
2990 4950 3069 5011 εἰς
3095 4948 3161 5001 τά
3190 4948 3336 5016 ἄκρα
3383 4949 3482 5017 τῆς
3525 4944 3891 5017 παρατάξεως
3932 4943 4019 4997 καῖ

2435 5042 2545 5094 τῶν
2567 5040 2813 5109 ἁμαξῶν.
2851 5040 2914 5092 Ei
2956 5039 3012 5091 δὲ
3041 5039 3202 5093 τοῦτο
3248 5040 3498 5109 γένηται,
3551 5037 3723 5107 χρεία
3777 5035 4016 5105 μείζονος

2440 5132 2533 5183 τοῦ
2568 5130 2627 5181 ὲν
2666 5129 2745 5199 τῷ
2778 5130 2929 5199 μέσῳ
2978 5129 3366 5199 διαστήματος,
3398 5129 3483 5181 ἵνα
3519 5125 4016 5197 μεταϐαλλομένων,

2439 5223 2515 5285 ῶς
2540 5224 2709 5287 εἰκὸς,
2738 5223 2846 5274 τῶν
2873 5222 3257 5292 καϐάλλαρίων
3295 5221 3369 5291 μὴ
3394 5219 3865 5289 στενοχωρηθῶσι,
3888 5214 4014 5288 μηδι

2442 5316 2497 5367 αἱ
2530 5315 2634 5368 τῶν
2658 5314 2868 5385 ἐχθρῶν
2905 5316 3151 5381 σαγῖτται
3184 5315 3258 5383 μὴ
3285 5314 3596 5382 βλάπτωσιν
3623 5310 3842 5372 αὐτούς.

2518 5407 2613 5474 ξγ’.
2657 5408 2839 5460 Ταῦτα
2870 5407 2949 5459 δεῖ
2997 5407 3231 5477 μάλιστα
3274 5408 3365 5458 καὶ
3421 5408 3481 5457 ὲν
3511 5404 3687 5474 καιρῷ
3722 5402 3905 5472 μάχης
3940 5400 4011 5468 γί-

2450 5503 2656 5553 νεσθαιο
2699 5501 2788 5553 διὰ
2842 5500 3046 5571 ταύτην
3106 5500 3212 5571 γὰρ
3263 5499 3357 5552 καὶ
3390 5500 3422 5567 ἡ
3456 5499 3731 5567 γυμνασία
3766 5512 4010 5566 μιταχειο

2454 5591 2682 5662 ρεζεται.

2270 5696 2501 5762 NU'I‘AL.

836 5788 951 5861 (15)
977 5789 1096 5847 Τῶν
1122 5792 1288 5849 ὅτων.
1330 5794 1539 5858 bcribc,
1583 5794 1685 5846 τῶν
1720 5793 1873 5849 ὅλων.

2524 5798 2633 5865 (lbi
2684 5799 3084 5869 Ἐγιρίματος.
3120 5798 3331 5865 Scribe,
3374 5796 3790 5867 ἐγκρυμματος.
