4176 6446
130 381 239 448 ’153

1224 382 1555 445 TACTICA.
1592 407 1662 420 -
1690 382 2189 445 CONSTITUTIO
2216 383 2343 443 VII.

3287 380 3390 445 754

207 490 299 553 ξδ’.
337 488 565 543 Τούτων
622 489 723 558 μιν
779 481 874 544 οὗν
916 487 1029 542 τῶν
1047 488 1344 553 διατάξεων
1370 492 1705 562 εἰρημένων,

1877 494 1967 549 64.
2003 494 2070 547 lis
2111 495 2273 547 rebus
2314 491 2479 560 igitur
2518 489 2822 559 descriptis,
2851 497 3118 561 prmecpta
3163 504 3193 544 a
3224 490 3381 546 nobis

134 583 343 649 πρέπον
401 582 533 652 ἡμῖν
588 581 679 633 καὶ
726 581 794 635 τὰ
830 582 1085 651 σχήματα
1149 585 1245 637 καὶ
1302 584 1712 653 τὰνπαραγγέλ-

137 690 282 741 ματα
310 673 413 741 τῆς
452 672 682 741 πεζικῆς
703 672 932 737 τάξεως,
973 672 1162 747 ὥσπερ
1200 676 1296 729 καὶ⁷
1327 677 1427 745 τῆς
1458 676 1710 744 ἱππικῆς,

132 764 437 830 ὲμςανίσαι
463 780 547 816 σοι
567 764 661 817 καὶ
684 764 1037 834 διασαφῆσαι.

204 853 299 919 Es'.
335 855 511 907 Ὅταν
558 856 667 925 γὰρ
732 856 1058 925 παραστῶσι
1112 858 1249 928 πρὸς
1273 858 1372 927 τὴν
1404 858 1715 929 γυμνασίαν

134 946 198 995 τὰ
224 945 374 1013 μέρη
406 944 509 1013 τῆς
541 946 865 1015 παραταγῆς
899 946 1010 1000 τῶν
1031 941 1325 1017 ταγμάτων
1341 948 1436 1001 τοῦ
1457 948 1711 1018 στρατοῦ,

133 1036 498 1107 παραγγέλλῃ
522 1038 551 1088 ό
581 1037 870 1107 μανδάτωρ
897 1038 1069 1091 ταῦτα
1092 1057 1105 1070 ο
1135 1040 1291 1093 Μετὰ
1316 1042 1477 1108 σιγῆς
1535 1042 1713 1094 πάντα

131 1125 196 1175 τὰ
231 1126 676 1194 παραγγέλματα
726 1126 1072 1197 πληρώσατε.
1114 1130 1205 1200 Μὴ
1237 1128 1566 1199 ταραχθῆτε.
1600 1131 1713 1199 Τὴν

132 1217 285 1279 τάξιν
309 1218 468 1283 ὑμῶν
507 1218 854 1288 πληρώσατε.
880 1220 970 1289 Τῷ
998 1220 1171 1291 βάνδῳ
1205 1222 1705 1293 ἑπακολουθήσατε.

130 1308 339 1375 Μηδεὶς
376 1309 565 1382 άφήσῃ
596 1311 656 1364 τὸ
676 1310 887 1379 βάνδον.
914 1312 1023 1364 Καὶ
1046 1313 1169 1374 τοὺς
1200 1312 1431 1383 ἐχθροὺς
1459 1314 1706 1378 διώξατε.

132 1400 239 1452 Καὶ
273 1403 485 1454 τούτων
515 1403 823 1472 εἰρημένων
853 1404 1060 1457 κινοῦσι
1095 1406 1286 1475 πράως
1319 1422 1377 1459 τε
1428 1407 1515 1459 κα.ὶ
1578 1405 1713 1475 ἡσύ-

129 1510 261 1558 χως,
294 1492 436 1545 ὥστε
470 1494 604 1563 μηδὲ
632 1494 961 1565 ψιθυρισμὸν
996 1496 1239 1565 γίνεσθαι
1261 1498 1412 1567 παρά
1437 1515 1603 1561 τινος.

200 1578 312 1642 Eg".
350 1580 657 1643 Ἐθίζεσθαι
687 1582 742 1635 δὲ
772 1584 971 1648 αὐτοὺς
1030 1585 1167 1657 πρὸς
1214 1586 1388 1641 ταῦτα
1445 1590 1620 1659 φωνῇ,
1676 1588 1710 1659 ἢ

127 1672 384 1741 νεύματι,
420 1673 508 1725 διὰ
534 1676 760 1744 σημείου
795 1677 937 1741 τινὸς
964 1671 1077 1731 οἷον
1107 1680 1275 1731 κινεῖν
1306 1684 1401 1733 καὶ
1431 1682 1710 1749 ῖστασθαι,

127 1762 493 1816 λεπτύνεσθαι
507 1767 673 1836 ῆγουν
691 1783 755 1837 με
763 1767 1080 1837 ρίζεσθαιτὺ
1096 1767 1256 1837 βάθος
1269 1769 1377 1822 τῶν
1390 1770 1560 1823 άκιῶν
1575 1772 1619 1841 (Ι
1633 1770 1706 1841 7),

130 1856 463 1922 περιπατεῖν
534 1856 665 1920 ἴσως
710 1859 801 1911 καὶ
872 1860 1313 1930 συντεταγμένως
1370 1860 1463 1913 ἐπὶ
1513 1862 1706 1931 στόμα,

127 1945 300 2013 ῆγουν
329 1947 416 1999 ἐπ’
444 1947 679 2011 εὐθείας,
724 1951 817 2003 καὶ
838 1950 980 2005 κατὰ
998 1953 1211 2015 κοίλους
1244 1952 1441 2017 τόπους
1473 1954 1582 2024 (I8)
1616 1956 1708 2008 καὶ

125 2036 425 2105 διαφόρους
453 2038 806 2105 πυκνοῦσθαι,
834 2041 950 2111 ἦτοι
974 2042 1319 2111 σφίγγεσθαι,
1364 2045 1505 2098 κατὰ
1536 2045 1703 2114 βάθος

126 2128 220 2178 καὶ
274 2128 446 2191 νίκος,
503 2130 721 2201 φούλκῳ
751 2137 1095 2203 περιπατεῖν,
1150 2136 1479 2205 συμϐάλλειν
1524 2138 1600 2203 ὡς
1650 2140 1710 2191 ὲν

126 2220 279 2283 τάξει
315 2222 497 2291 μάχης
530 2224 667 2293 μετὰ
699 2227 1002 2295 σχήματος.

154 2362 155 2365 η
199 2312 301 2377 εἴ.
362 2315 742 2386 Γυμνάζεσθαι
771 2318 828 2371 δὲ
882 2320 975 2373 καὶ
1003 2320 1194 2385 οὕτως’
1236 2325 1366 2378 ποτε
1404 2325 1503 2393 μὲν
1566 2324 1706 2394 μετὰ

130 2406 395 2475 βεργίων,
432 2409 560 2460 ποτὲ
582 2408 638 2461 δὲ
672 2410 810 2479 μετὰ
856 2412 1079 2481 γυμνῶν
1116 2415 1358 2468 σπαθίων
1383 2416 1705 2485 μερίζεσθαι

131 2497 269 2563 πρὶς
328 2497 736 2567 διφαλαγγίαν,
793 2504 884 2555 καὶ
948 2505 1110 2557 πάλιν
1185 2508 1649 2562 ἀποκαθίστασθαι
1690 2527 1705 2541 ·

126 2587 273 2650 δεξιὰ
332 2590 429 2641 καὶ
456 2592 716 2661 ἀριστερά
765 2593 1069 2660 κλίνεσθαι,
1107 2597 1201 2650 καί⁵
1261 2603 1583 2667 περιπατεῖν
1612 2602 1706 2654 ἐπὶ

130 2682 294 2747 assa;
330 2681 503 2749 ἤγουν
526 2682 585 2735 τὸ
634 2684 807 2748 δεξιὸν
840 2684 1004 2755 μέρος
1028 2728 1042 2748 ,
1077 2688 1340 2757 προάγειν
1376 2689 1702 2760 ἔμπροσθεν,

130 2772 220 2821 καὶ
243 2770 409 2823 πάλιν
435 2771 926 2841 ἀποκαθίστασθαι,
952 2776 1317 2844 φυλάττεσθαι
1338 2782 1702 2851 ἀμφιστόμως

126 2861 505 2930 ἑκατέρωθεν,
542 2864 635 2916 καὶ
699 2865 863 2919 πάλιν
915 2870 1384 2925 ἀποκαθίστασθαι
1420 2889 1433 2903 °
1483 2877 1705 2944 μετατίι-

126 2951 317 3003 θετθαι
356 2952 512 3014 δεξιά
549 2956 640 3006 καὶ
667 2956 952 3026 ἀριστερά,
992 2959 1322 3027 ἀραιοῦσθαι
1359 2964 1453 3017 καὶ
1492 2966 1705 3020 πλατύ-

127 3043 317 3096 νεσθαι
346 3045 469 3113 ἦτοι
492 3046 841 3103 διαπλοῦσθαι
876 3051 935 3103 τὸ
966 3050 1127 3120 βάθος
1155 3053 1261 3106 τῶν
1295 3056 1489 3119 ἀκιῶν,
1533 3076 1703 3127 μετα-

130 3135 424 3190 εάὶλεσθαι
457 3138 600 3192 κατὰ
623 3139 816 3205 νώτου,
853 3144 947 3194 καὶ
997 3145 1160 3198 πάλιν
1207 3146 1700 3203 ἀποκαθίστασθαι.
1728 3180 1774 3240 C

129 3226 375 3281 Γίνονται
405 3230 461 3281 δὲ
509 3228 580 3283 τά
628 3232 882 3300 σχήματα
924 3234 1097 3289 ταῦτα
1140 3237 1229 3290 διὰ
1257 3239 1355 3302 τὰς
1412 3240 1705 3313 διαφόρους

126 3317 549 3382 ἀνακυπτούσας
582 3321 780 3383 αἰτίας.

194 3604 297 3673 ξη’.
354 3607 510 3675 Φωνῇ
570 3606 814 3676 τοίνυνῆ
865 3610 1092 3679 νεύματι
1139 3612 1226 3666 διὰ
1270 3616 1496 3684 σημείου
1559 3617 1703 3681 τινὸς

124 3695 337 3749 κινοῦσι
360 3698 456 3748 καὶ
481 3697 744 3751 ἵστανται.
778 3701 904 3751 Ὅτε
930 3701 986 3753 δὲ
1009 3701 1135 3773 θέλῃ
1165 3705 1406 3775 κινῆσαι,
1442 3708 1702 3775 σημαίνει

126 3787 156 3855 ἢ
184 3788 476 3857 βουκίνῳῆ
513 3792 576 3858 τῇ
603 3792 833 3860 ταυραίᾳ
855 3794 883 3844 ό
905 3795 1350 3867 καμπιδούκτωρ,
1375 3798 1407 3867 ἦ
1431 3802 1495 3868 τῇ
1528 3804 1700 3870 φωνῇ,

126 3878 215 3929 καὶ
246 3878 478 3931 κινοῦσι.
516 3880 575 3930 Εἰ
601 3879 655 3931 δὲ
686 3881 879 3949 στῆσαι
910 3882 1056 3955 θέλῃ,
1084 3885 1115 3953 ἢ
1149 3888 1215 3955 τῇ
1269 3888 1438 3959 τούόᾳ
1488 3891 1623 3959 (19),
1674 3892 1704 3944 ὃ

127 3972 243 4020 ἐστι
276 3971 473 4038 μικρὸν
508 3970 835 4041 βούκινον,ἦ
887 3974 953 4043 τῇ
997 3978 1175 4047 φωνῇ,
1236 3977 1267 4047 ἢ
1320 3980 1549 4049 νεύματι
1604 3982 1701 4052 τῆς

125 4060 329 4126 χειρὸς,
365 4062 461 4112 καὶ
488 4061 749 4116 ἵστανται.
782 4063 878 4116 Διὰ
904 4064 961 4118 δὲ
984 4065 1143 4120 τοῦτο
1170 4072 1317 4139 φωνῇ
1352 4074 1444 4122 καὶ
1489 4075 1702 4143 σημείῳ

125 4151 403 4214 ἐθίζεσθαι
423 4152 722 4220 ἀναγκαῖόν
743 4157 880 4219 ἐστι,
906 4157 992 4211 διά
1024 4159 1113 4211 τὸν
1151 4160 1243 4213 τοῦ
1276 4162 1522 4231 ἅρματος
1546 4165 1703 4235 θόρυ-

126 4241 237 4307 ϐον,
268 4243 302 4313 ἢ
344 4245 641 4314 κονιορτὸν,
674 4248 706 4319 ῆ
735 4248 967 4320 ὀμίχλην
997 4253 1412 4323 ἑπιγενομὲνην.

195 4355 291 4418 εθ’.
313 4357 701 4421 Λεπτύνονται,
718 4361 835 4429 ἦτοι
850 4362 1159 4431 μερίζονται
1176 4365 1232 4416 αἱ
1248 4366 1419 4428 ἀκίαι,
1443 4368 1572 4420 ὅταν
1594 4370 1701 4423 ἀπὸ

127 4444 200 4509 ις’
246 4446 459 4514 ἀνδρῶν
488 4448 550 4500 τὸ
590 4448 752 4516 βάθος
774 4451 954 4505 αὐτῶν
984 4454 1120 4517 ἐστι,
1152 4455 1246 4506 καὶ
1294 4454 1466 4519 θέλεις
1501 4460 1699 4527 μᾶλλον

1814 597 1867 641 et
1912 585 2278 640 institutiones
2323 581 2585 653 pedestris
2626 583 2783 645 aciei,
2812 582 3274 652 quemadmodum
3328 591 3383 635 et

1812 678 2099 747 equestris,
2139 675 2468 744 explicandae
2495 674 2589 729 tibi
2622 689 2685 729 ac
2713 676 3072 745 preponendm
3098 683 3251 728 sunt.

1880 851 1969 905 65.
2010 849 2241 917 Quando
2287 848 2351 903 ad
2393 849 2831 904 exercitationem
2868 863 3061 903 omnes
3102 849 3383 905 instructa:

1813 946 1945 1000 aciei
1976 945 2231 1000 cohortes
2264 942 2638 1004 convenerint,
2663 943 2778 995 haec
2804 942 2912 996 illis
2934 942 3221 995 mandator
3242 958 3379 1010 pra»

1812 1034 2018 1102 cipiat:
2061 1033 2199 1087 Cum
2237 1031 2455 1086 silentio
2489 1045 2680 1083 omnes
2726 1032 2988 1100 imperata
3031 1032 3271 1086 facitote.
3307 1032 3383 1087 Ne

1814 1123 2226 1196 perturbemini.
2262 1121 2562 1176 Stationem
2601 1130 2833 1175 vestram
2864 1132 3155 1177 servatote.
3177 1122 3382 1176 Cohor-

1814 1231 1919 1277 tem
1943 1216 2272 1289 sequamini.
2295 1214 2462 1269 Nemo
2496 1216 2775 1267 cohortem
2812 1229 2965 1267 suam
2995 1215 3231 1268 deserat.
3267 1214 3379 1268 lni-

1813 1315 1984 1369 ιιιῑροε
2055 1306 2479 1381 persequamini.
2544 1303 2656 1359 Hac
2735 1306 2986 1360 oratione
3056 1308 3261 1371 habita,
3311 1308 3382 1361 ita

1810 1407 1992 1477 quiete
2023 1412 2079 1459 et
2110 1402 2335 1456 remisse
2363 1412 2422 1453 se
2446 1396 2759 1459 movebunt,
2794 1408 2852 1452 ut
2893 1413 3054 1452 nemo
3092 1415 3160 1451 ne
3195 1414 3383 1454 susur-

1812 1508 1894 1555 ret
1921 1496 2163 1569 quidem.

1840 1585 1970 1646 ’66.
2000 1587 2345 1645 Exercitandi
2394 1588 2459 1641 ad
2518 1589 2631 1641 haec
2662 1593 2790 1639 sunt
2835 1598 2965 1637 voce
3018 1582 3100 1635 vel
3148 1590 3282 1636 nutu
3329 1588 3383 1637 et

1812 1680 1969 1749 signo
2024 1678 2207 1747 aliquo
2261 1685 2319 1729 ut
2367 1684 2621 1730 moveant
2652 1684 2705 1728 et
2723 1683 2885 1735 stent,
2946 1672 3194 1725 laxentur
3223 1680 3276 1725 et
3326 1672 3377 1726 in

1810 1770 2148 1827 altitudinem
2203 1767 2685 1821 contuberniorum
2733 1764 3071 1825 dividantur,
3128 1762 3387 1817 incedant

1807 1860 2146 1933 cquabilitcr
2169 1870 2223 1913 et
2249 1858 2519 1920 ordinate,
2556 1856 2608 1910 in
2647 1854 2897 1916 frontem,
2934 1854 2983 1905 id
3026 1860 3129 1915 est,
3162 1851 3384 1919 directe,

1808 1972 1872 2011 ac
1905 1955 2069 2010 variis
2121 1953 2295 2008 modis
2326 1950 2670 2019 diversisque
2709 1962 2765 2001 se
2816 1947 3143 2001 contrahant
3175 1955 3227 2001 et
3256 1948 3387 2001 den—

1807 2055 1950 2109 sent,
1997 2056 2111 2098 tum
2165 2044 2219 2095 in
2268 2041 2818 2108 longitudinem,tum
2875 2038 2927 2090 in
2979 2038 3326 2092 altitudinem
3368 2056 3381 2093 :

1806 2136 2007 2207 pbulco
2044 2134 2343 2197 ambulent,
2375 2135 2559 2202 sicque
2592 2131 2746 2200 quasi
2796 2134 2849 2187 in
2889 2136 3005 2201 ipsa
3045 2129 3221 2199 proelii
3272 2130 3386 2183 acie

1806 2235 2011 2290 essent,
2046 2227 2113 2285 ad
2141 2242 2258 2281 eam
2291 2225 2522 2280 formam
2564 2225 2878 2297 conﬂigant.

1879 2320 1970 2374 67.
2007 2318 2311 2373 Exerceant
2355 2333 2413 2373 se
2450 2332 2669 2388 quoque
2697 2319 2760 2372 ad
2802 2320 2949 2372 hunc
3002 2313 3223 2368 modum
3257 2328 3272 2365 τ
3301 2313 3385 2365 in-

1804 2412 2014 2467 terdum
2042 2426 2165 2464 cum
2201 2408 2361 2463 nudis
2387 2408 2620 2478 spathis,
2650 2407 2701 2461 id
2730 2414 2838 2469 est,
2875 2403 3067 2473 gladiis
3096 2420 3107 2454 :
3134 2398 3388 2455 dividan-

1806 2515 1893 2560 tur
1921 2504 1974 2559 in
2010 2502 2441 2571 diphalangiam,
2472 2500 2524 2553 id
2562 2508 2668 2561 est,
2703 2497 3033 2565 duplicatam
3075 2494 3274 2552 aciem,
3329 2497 3387 2543 et

1804 2612 1997 2652 rursus
2033 2596 2086 2649 in
2120 2594 2403 2663 pristinam
2453 2592 2681 2645 formam
2724 2590 2945 2643 redeant
2987 2606 3000 2641 :
3043 2588 3387 2641 dextrorsum

1802 2696 1857 2741 et
1886 2686 2173 2740 laevorsum
2206 2699 2265 2738 se
2293 2682 2593 2751 obliquent,
2621 2691 2674 2735 et
2704 2681 2757 2734 in
2783 2696 2954 2734 cornn
2990 2694 3049 2733 se
3077 2678 3383 2738 inllectant,

1806 2779 1857 2832 id
1899 2786 2001 2841 est,
2026 2778 2373 2831 dextrorsum
2405 2775 2717 2844 procedant,
2751 2781 2806 2827 et
2845 2786 3037 2825 rursus
3086 2769 3376 2837 pristinam

1803 2869 1872 2923 ad
1922 2867 2153 2922 formam
2200 2867 2426 2921 redeant
2460 2874 2514 2920 et
2549 2865 2837 2934 ancipitem
2865 2863 3036 2917 aciem
3079 2860 3383 2923 instruant,

1804 2962 1855 3015 id
1886 2971 1989 3027 est,
2031 2959 2099 3015 ad
2130 2958 2479 3027 accipiendos
2520 2957 2777 3025 utrinque
2808 2955 2997 3009 hostes
3037 2959 3304 3022 paratam.
3335 2956 3392 3004 ct

1804 3069 1997 3108 rursus
2026 3051 2093 3106 ad
2130 3051 2416 3120 pristinam
2450 3049 2680 3102 formam
2723 3048 2949 3100 redeant
2984 3063 2997 3098 :
3031 3044 3084 3098 in
3142 3044 3388 3097 dextram

1802 3149 1856 3194 et
1887 3141 2071 3194 laevam
2116 3156 2174 3194 se
2211 3137 2561 3202 transferant,
2600 3138 2831 3192 densent
2864 3151 2925 3191 se
2955 3144 3010 3189 et
3052 3134 3301 3191 dilatent.
3332 3130 3386 3186 id

1809 3242 1915 3296 est,
1949 3231 2256 3286 diilnudant
2314 3230 2652 3285 altitudinem
2720 3226 3085 3289 contubernii,
3146 3240 3175 3278 a
3234 3232 3389 3287 tergo

1809 3325 2189 3385 communiter,
2231 3331 2285 3375 et
2330 3337 2519 3375 rursus
2566 3321 2630 3373 ad
2678 3320 2964 3389 pristinam
3024 3317 3253 3370 formam
3297 3331 3384 3369 re-

1806 3415 1988 3467 deant.
2058 3413 2147 3466 llse
2211 3414 2398 3466 forma!
2456 3420 2682 3482 propter
2730 3411 2911 3465 varias
2967 3409 3384 3464 circumstantes

1805 3521 1999 3560 causas
2026 3504 2343 3559 exercenda:
2376 3512 2525 3558 sunt.

1875 3611 1963 3668 68.
1997 3610 2157 3665 Vocis
2203 3612 2367 3679 igitur
2404 3621 2499 3664 aut
2544 3618 2708 3663 nutus
2740 3608 2898 3678 signo
2930 3607 3117 3676 aliquo
3161 3587 3385 3660 movent

1803 3714 1857 3759 et
1883 3705 2204 3758 consistunt.
2243 3702 2471 3768 Quando
2502 3716 2719 3755 movere
2751 3716 2847 3753 eos
2872 3701 3007 3761 vult,
3038 3698 3268 3752 buccina
3300 3696 3382 3749 vel

1804 3808 2044 3858 stanrea,
2093 3798 2174 3849 vel
2229 3811 2359 3848 voce
2418 3810 2517 3847 sua
2572 3794 2847 3863 significat
2899 3792 3291 3859 campiductor,
3333 3798 3386 3841 et

1806 3899 2088 3944 moventur
2114 3908 2126 3943 :
2157 3889 2377 3957 quando
2423 3902 2552 3940 vero
2591 3886 2894 3940 consistere
2932 3900 3027 3938 eos
3057 3883 3193 3944 vult,
3232 3881 3379 3940 tuba,

1804 3983 1855 4035 id
1889 3991 1992 4045 est,
2029 3996 2195 4049 parva
2236 3980 2488 4040 buccina,
2516 3977 2599 4031 vel
2642 3992 2772 4030 voce
2805 3986 2857 4029 et
2890 3986 3022 4028 nutu
3075 3990 3273 4027 manus
3305 3972 3381 4028 si-

1802 4074 2043 4143 gniﬁcat,
2061 4082 2113 4125 et
2133 4070 2461 4125 c0nsistunt.
2482 4069 2773 4137 Propterea
2793 4075 2973 4119 autem
3006 4066 3122 4118 voci
3144 4076 3196 4116 et
3211 4063 3382 4129 signis

1802 4165 2196 4221 assuefacicndi
2228 4172 2370 4226 utut,
2426 4162 2555 4231 quia
2604 4176 2862 4214 curruum
2906 4159 3170 4212 tumultus
3198 4157 3385 4222 ingens

1801 4270 1963 4323 saepe,
1984 4269 2125 4321 saepe
2156 4252 2351 4320 pulvis,
2382 4267 2525 4320 szepe
2552 4250 2728 4318 caligo
2753 4264 2945 4317 magna
2969 4248 3311 4301 obversatur.

1873 4364 1962 4417 69.
2015 4362 2383 4414 Atteunantur
2421 4359 2803 4421 contubernia,
2856 4358 3079 4427 quando
3130 4355 3379 4409 sedecim

1805 4468 2043 4506 virorum
2104 4452 2446 4505 altitudinem
2506 4450 2727 4515 habent,
2768 4457 2821 4501 et
2849 4463 2945 4501 eos
2994 4447 3045 4499 in
3087 4444 3382 4513 longitudi-

125 4539 182 4591 τὸ
210 4538 387 4607 μῆκος
408 4539 519 4591 τῶν
543 4542 901 4617 παρατάξεων
922 4544 1157 4597 ἐκτεῖναι
1178 4546 1266 4599 διὰ
1284 4524 1517 4618 κόμπον,
1541 4550 1572 4620 ἢ
1602 4552 1691 4604 διά

1805 4560 1921 4599 nem
1946 4544 2082 4597 aciei
2113 4545 2295 4613 potius
2315 4544 2573 4597 diducere
2615 4542 2695 4595 vel
2738 4553 2965 4593 ornatus
2999 4553 3162 4591 causa
3209 4537 3383 4591 alicu-

124 4630 182 4681 τὸ
197 4630 462 4699 ίσωθῆναι
490 4634 555 4700 τῇ
578 4633 685 4685 τῶν
705 4634 965 4688 ἐναντίων
979 4636 1128 4700 τάξει
1158 4654 1170 4667 ·
1191 4639 1285 4691 καὶ
1306 4644 1692 4711 παραγγέλλειν

128 4721 373 4785 Ἔξελθε.
391 4724 501 4776 Καὶ
518 4724 826 4794 ἐξέρχονται
840 4721 923 4789 εἷς
936 4730 1064 4798 παρ’
1083 4730 1177 4782 ἕνα
1196 4731 1541 4801 μεριζόμενοι
1558 4736 1693 4803 (‘20).

126 4814 228 4865 Καὶ
275 4814 598 4868 λεπτύνεται
657 4817 754 4886 μὲν
781 4818 841 4869 τὸ
881 4818 1042 4887 βάθος
1097 4820 1206 4873 τῶν
1268 4822 1461 4884 ἀκιῶν,
1516 4842 1689 4894 προσ⁶

134 4903 330 4958 τίθεται
362 4904 420 4957 δὲ
458 4905 520 4957 τὸ
560 4907 733 4975 μῆκος
761 4908 860 4977 τῆς
912 4911 1289 4980 παρατάξεως.
1334 4915 1442 4967 Καὶ
1488 4916 1695 4981 γίνεται

124 4996 179 5046 τὸ
204 4996 369 5065 βάθος
409 4999 521 5051 ἁπδ
552 5005 625 5069 η’.
682 5002 743 5054 El
772 5002 829 5055 δὲ
871 5001 997 5073 θέλῃ
1053 5004 1161 5056 άπὸ
1203 5006 1502 5077 τεσσάρων,
1532 5009 1695 5063 πάλιν

126 5084 287 5152 λέγει·
333 5086 580 5151 Ἔξελθε·
608 5091 701 5143 καὶ
728 5090 1043 5162 ἐξέρχονται
1070 5095 1271 5162 ὁμοίως
1305 5096 1505 5157 πάντες
1533 5098 1610 5157 είς
1637 5096 1695 5148 ἓν

128 5178 288 5248 μέρος
311 5178 463 5243 δεξιὰ
491 5180 524 5250 ἢ
548 5182 834 5253 ἀριστερά.
862 5184 1032 5239 Τοῦτο
1060 5186 1116 5239 δὲ
1149 5186 1305 5255 χρεία
1339 5188 1693 5257 παραφυλάτ-

1796 4638 1906 4706 jus,
1945 4638 2027 4691 vel
2087 4647 2147 4691 ut
2188 4638 2349 4691 alicui
2384 4636 2540 4691 alteri
2601 4635 2739 4691 aciei
2801 4642 3174 4702 exaequentur,
3200 4632 3379 4699 cupis.

1800 4729 2085 4799 Prmcipies
2111 4740 2292 4784 autem
2327 4730 2410 4783 bis
2426 4728 2605 4782 verbis
2635 4746 2649 4782 :
2677 4726 2894 4790 Ἔξελθε
2924 4744 2936 4779 :
2961 4725 3013 4778 id
3035 4732 3136 4789 est,
3168 4725 3378 4778 Exeas:

1800 4833 1857 4878 ει
1900 4824 2124 4878 exibunt
2156 4824 2340 4877 statim
2401 4837 2540 4876 unus
2593 4828 2711 4888 post
2741 4820 2971 4873 alterum
3004 4833 3063 4873 se
3099 4833 3378 4885 separaris.

1803 4913 1991 4985 Itaque
2013 4914 2241 4969 altitudo
2259 4912 2735 4968 contuberniorum
2761 4918 3097 4973 attenuatur,
3129 4916 3185 4961 et
3205 4907 3379 4975 longi—

1801 5006 1970 5059 tudini
2018 5006 2220 5075 aliquid
2279 5006 2556 5072 adiicitur,
2585 5013 2639 5057 et
2692 5003 2923 5057 altitudo
2953 5017 3099 5054 nunc
3128 5008 3372 5052 tanturn-

1800 5097 1960 5150 tnudo
1990 5096 2227 5149 virorum
2253 5106 2376 5149 octo
2408 5096 2485 5147 tit.
2514 5096 2568 5147 Si
2591 5110 2717 5148 vero
2752 5102 2993 5161 quatuor
3023 5091 3200 5144 solum
3229 5089 3376 5141 viro.

1801 5203 1921 5241 rum
1969 5188 2312 5241 altitudinem
2363 5187 2447 5241 vis
2475 5202 2617 5248 esse,
2653 5186 2743 5239 dic
2769 5199 2959 5239 rursus
2994 5199 3007 5237 :
3040 5180 3287 5248 Ἔξελθε,
3318 5178 3376 5237 id

1616 5322 1843 5379 NOT/E.

201 5413 315 5483 (ΓΙ)
351 5413 790 5489 ,βάθος-τῶίν
847 5416 1044 5489 ἁκᾼιών.
1098 5414 1153 5470 In
1207 5415 1450 5471 Palatino
1508 5418 1697 5473 codice

1805 5420 1918 5480 lobc
1940 5419 2189 5489 τρόπους.

126 5494 239 5537 erat
274 5499 288 5535 :
313 5483 378 5535 τὸ
404 5482 563 5548 βάθος
587 5485 676 5536 καὶ
706 5488 849 5547 νῖκος
870 5486 979 5537 τῶν
1009 5488 1063 5538 ἀ.
1125 5490 1579 5554 quetnadnnnlum
1642 5491 1694 5542 in

1866 5482 1987 5559 (19f
2008 5492 2081 5540 Ἠ
2104 5486 2177 5555 τῇ
2206 5488 2403 5551 τούὅςι.
2422 5485 2816 5559 δετίὺειιιιιυτῆ
2850 5484 2940 5537 τοῦ
2962 5484 3174 5552 βάνδου.
3202 5482 3262 5536 Et
3288 5484 3369 5539 sic

128 5555 369 5618 ejusdem
402 5554 430 5616 ε
462 5555 565 5607 line
589 5554 730 5609 κατὰ
764 5555 925 5624 βάθος
963 5558 1057 5608 καὶ
1083 5560 1227 5619 νῖκος
1258 5558 1473 5625 φούλκω
1536 5576 1601 5610 πε
1651 5578 1696 5609 ι-

132 5626 342 5679 πατεϊν.
401 5606 703 5681 Utrobiuuc
749 5628 1099 5681 scribendum
1144 5645 1388 5681 censeo:
1444 5614 1499 5681 ὶι.
1534 5577 1694 5681 sago;

1805 5554 1907 5614 erat
1936 5562 1987 5612 in
2018 5559 2207 5611 etnlice
2245 5557 2477 5611 l’istorii.

1865 5631 1975 5681 (ειη
2005 5629 2112 5681 Καὶ
2162 5628 2477 5681 ἐξέργοντα

1638 5648 1664 5681 ο

132 5606 342 5745 παῗεῖν.
401 5606 703 5693 Utrobiquc
749 5606 1099 5682 srcribcndutn
1144 5606 1499 5684 cens-tce

132 5710 198 5745 κα
250 5710 443 5746 μηκοε.

195 5711 536 5832 ῐὶιὲἷλχοιὲιιτὰ
565 5764 805 5832 κοίλους
838 5768 1075 5834 τύποι-ς.
1121 5767 1327 5833 Scribe,
1376 5768 1512 5821 κατᾶ
1571 5769 1694 5821 πο).-

1670 5647 1694 5691 εἴ

1865 5631 1975 5696 (9.0)
2005 5629 2112 5682 Καὶ
2162 5628 2524 5693 ἐξέρχονται,
2560 5621 2646 5689 εἷς
2678 5627 2815 5692 παρ’
2847 5625 2954 5677 ἕνα
2980 5622 3363 5696 ,ιίεριζόιιειόμ

1797 5690 2004 5764 Scribe,
2042 5701 2136 5754 καὶ
2175 5690 2482 5767 ἐξέρχονται
2510 5690 2669 5760 εὐθὺς
2702 5690 3222 5765 παραμεριζόμενοι.
