4176 6446
727 350 834 413 755

1943 346 2213 406 LEONIS
2254 343 2712 407 PHILOSOPHI

3871 346 3984 406 756

723 475 827 531 est,
860 464 1070 532 Eleas;
1102 473 1157 519 et
1185 463 1408 519 exibunt
1448 477 1639 519 omnes
1674 466 1725 518 in
1768 477 1933 516 unam
1961 463 2134 515 solum
2160 476 2288 529 par-

2413 476 2526 522 τειν,
2561 458 2649 511 ἵνα
2675 456 2881 522 πάντες
2901 456 2982 523 είς
3009 458 3069 511 ἓν
3093 459 3260 530 μέρος
3287 458 3382 512 καὶ
3411 459 3765 532 ιίσέρχωνται
3811 457 3870 512 δὲ
3895 456 3983 510 καὶ

728 569 856 624 lt'tll,
901 557 1145 613 dextram
1192 564 1288 609 aut
1343 554 1644 609 sinistram.
1677 552 1788 606 Hoc
1833 552 1977 606 enim
2021 551 2305 621 diligenter

731 649 1127 703 observandum
1175 656 1281 715 est,
1331 657 1392 703 ut
1440 661 1630 703 omnes
1676 661 1841 700 unam
1883 646 1936 700 in
1969 654 2176 714 partem
2210 656 2305 697 νει

732 741 879 794 oiant
912 749 964 794 et
991 748 1209 794 exeant.

797 853 886 906 70.
924 853 1227 909 Jubeantur
1269 852 1522 908 incedere
1567 853 1905 923 aequaoiliter
1935 860 1989 906 et
2032 851 2299 909 ordinate.

731 946 958 1010 Quando
1014 946 1228 1016 quidem
1287 944 1337 997 in
1389 944 1504 998 acie
1545 952 1774 998 caeteros
1837 951 2204 1005 antevortunt,
2249 948 2304 996 et

731 1044 1064 1112 inzequaliter
1088 1050 1237 1105 eunt,
1262 1041 1328 1096 iis
1353 1043 1530 1096 verbis
1560 1040 1841 1110 praecipies
1874 1058 1887 1093 :
1919 1041 2061 1093 Ἴσον
2092 1039 2152 1091 τὸ
2172 1037 2304 1107 μέτ-

731 1153 893 1198 ιυπον,
921 1137 972 1188 id
1025 1143 1126 1199 est,
1162 1132 1411 1204 Equalis
1449 1135 1520 1189 sit
1550 1134 1726 1198 frons,
1762 1141 1816 1188 et
1863 1133 2045 1188 statim
2079 1131 2304 1201 aqualis

731 1229 851 1282 erit.

796 1318 882 1370 71.
910 1317 1266 1373 Contrahitur
1314 1318 1397 1373 vel
1446 1318 1708 1374 densatur
1761 1319 2055 1382 exercitus,
2084 1334 2303 1389 quanno

730 1410 943 1464 duobus
973 1419 1068 1464 aut
1106 1412 1278 1464 tribus
1307 1409 1518 1479 sagitta:
1559 1411 1799 1481 jactibus
1843 1413 1911 1466 ab
1941 1412 2176 1466 hostium
2205 1428 2301 1466 co-

731 1504 830 1572 piis
881 1520 1001 1557 cum
1049 1504 1222 1569 abest,
1283 1512 1337 1558 et
1396 1504 1626 1558 frontem
1694 1506 1981 1573 utriusque
2031 1506 2302 1561 exercitus

730 1597 1070 1650 committere
1115 1597 1248 1661 vult,
1281 1605 1621 1650 contractum
1661 1604 1715 1649 et
1747 1596 2042 1651 densarum
2086 1598 2151 1652 ad
2184 1613 2301 1652 me-

729 1687 875 1742 dium
961 1689 1141 1742 locum
1215 1699 1327 1742 tum
1401 1688 1777 1758 longitudinis,
1834 1698 1948 1743 tum
2002 1689 2302 1743 altitudinis

2408 549 2762 620 ὲξέρχωνται.

2477 835 2540 890 o'.
2557 836 2884 908 Περιπατεῖν
2901 837 3029 900 ἴσως
3055 835 3149 891 καὶ
3169 835 3681 910 συν[τε]ταγμένως,
3699 842 3830 895 ὅταν
3847 843 3986 905 τινὲς

2405 930 2506 999 τῆς
2534 927 2889 1002 παρατάξεως
2941 930 3284 1000 προκύψωσι.
3319 933 3428 986 Καὶ
3457 933 3524 986 ἂν
3569 934 3701 997 ῐσως
3747 953 3988 1004 περιπαο

2407 1020 2574 1086 τοῠσι,
2611 1021 2705 1076 καὶ
2739 1021 3110 1093 παραγγέλλῃ,
3152 1024 3296 1076 Ἱσον
3321 1023 3380 1076 τὸ
3406 1025 3677 1094 μέτωπον,
3708 1025 3809 1078 καὶ
3838 1026 3987 1078 ίσοῦ-

2408 1130 2496 1166 ται
2526 1112 2587 1165 τὸ
2621 1114 2896 1183 μέτωπον.

2475 1315 2575 1371 oa'.
2607 1315 2937 1371 ΙῙυκνοῦνται
2966 1316 3084 1388 ἦτοι
3112 1317 3450 1386 σφίγγονται,
3497 1319 3626 1372 ὅταν
3649 1319 3724 1382 ὡς
3756 1321 3868 1374 ἀπὸ
3893 1321 3986 1374 δύο

2410 1410 2443 1478 ἢ
2471 1409 2636 1480 τριῶν
2662 1408 3053 1474 σαγιττοὸόλων
3082 1409 3179 1476 τῆς
3204 1407 3313 1460 τῶν
3363 1409 3572 1480 ἱχθρῶν
3619 1411 3983 1479 παρατάξεως

2407 1502 2634 1570 γίνεταιμ
2666 1499 2821 1569 ἡμῶν
2876 1501 2909 1568 ἠ
2966 1497 3308 1568 παράταξις,
3349 1501 3442 1553 καὶ
3503 1501 3684 1569 μέλλει
3741 1501 3987 1569 συμϐάλ-

2407 1593 2539 1655 λειν,
2586 1591 2770 1659 λέγει’
2809 1589 3026 1656 Ζεῦξον.
3076 1589 3184 1642 Καὶ
3247 1591 3610 1660 πυκνούμενοι
3664 1591 3984 1657 σφίγγονται

2407 1682 2542 1751 πρὸς
2574 1680 2664 1733 τὸν
2709 1679 2873 1750 μέσον
2927 1679 3092 1732 τόπον
3123 1679 3264 1733 κατά
3297 1678 3458 1749 βάθος
3513 1681 3607 1733 καὶ
3667 1681 3845 1749 μῆκος
3898 1697 3986 1732 τοο

729 1795 969 1848 eousque
1003 1779 1230 1833 frontem
1257 1779 1498 1843 adducit,
1534 1790 1590 1834 ut
1622 1782 1712 1849 qui
1752 1782 1804 1834 in
1842 1782 2120 1835 anteriore
2150 1788 2302 1849 parte

2413 1771 2625 1824 σοῦτον·
2661 1771 2748 1824 ἶνα
2802 1769 2853 1821 οἱ
2914 1769 3014 1839 μὲν
3065 1769 3374 1842 ἔμπροσθεν
3431 1771 3752 1840 τεταγμένοι
3797 1771 3893 1824 καὶ
3922 1773 3986 1823 ἐκ

730 1872 998 1934 Instructi,
1029 1879 1082 1925 et
1111 1872 1202 1941 qui
1231 1871 1282 1924 in
1313 1873 1573 1926 lateribus
1605 1872 1837 1936 fuerant,
1872 1873 2012 1926 intra
2037 1888 2299 1926 curruum

2405 1865 2658 1932 πλαγίου,
2709 1865 2786 1926 εἰς
2818 1862 2887 1915 τά
2936 1862 3156 1933 ἅρματα
3186 1864 3434 1935 ἀλλήλοις
3465 1864 3757 1931 ὲγγῐζωσιν
3785 1881 3796 1891 ·
3831 1866 3882 1916 ot
3929 1865 3985 1915 δὲ

728 1965 1068 2033 complexum
1119 1963 1273 2034 quasi
1319 1963 1723 2017 contineantur.
1753 1963 1880 2017 Haec
1923 1963 2098 2018 forma
2129 1971 2306 2034 potest

2413 1955 2626 2008 Επισθεν
2677 1956 2818 2008 κατά
2852 1955 3020 2008 νώτου
3076 1955 3323 2025 ἀλλήλοις
3375 1956 3561 2024 ὥσπερ
3606 1957 3983 2024 κεκόλληνται.

728 2070 846 2111 εεεε
877 2065 988 2109 tum
1022 2064 1217 2120 stante,
1256 2065 1370 2110 tum
1414 2064 1663 2109 movente
1690 2057 1952 2110 exercitu.

800 2259 888 2315 72.
921 2259 1348 2330 Prtecipiendum
1381 2273 1599 2328 quoque
1646 2259 1921 2330 οὗραγοῖς,
1955 2259 2008 2313 id
2041 2267 2145 2324 est,
2178 2259 2304 2314 ulti-

732 2353 931 2417 manis,
978 2368 1071 2406 seu
1123 2351 1385 2406 caudanis
1438 2366 1677 2421 persaepe
1737 2361 1821 2406 est
1855 2369 1867 2404 :
1900 2362 1950 2404 et
2009 2366 2106 2406 eos
2140 2352 2230 2421 qui
2272 2366 2304 2405 α

731 2453 880 2510 tergo
910 2451 1036 2497 sunt
1069 2442 1344 2512 impellere
1370 2452 1599 2511 oportet,
1651 2453 1813 2513 atque
1864 2445 1929 2496 ad
1975 2459 2136 2498 usum
2186 2459 2305 2498 om-

731 2551 852 2588 nem
909 2535 1195 2590 militarem
1239 2535 1482 2598 incitare,
1518 2544 1576 2588 ut
1611 2551 1677 2590 ne
1730 2536 1920 2606 aliqui,
1977 2545 2038 2590 ut
2071 2536 2185 2592 ﬁeri
2218 2552 2306 2592 so-

732 2625 822 2688 let,
852 2639 960 2693 prae
983 2633 1125 2680 metu
1154 2632 1489 2680 remaneant.

800 2735 887 2789 73.
923 2733 1127 2789 Pbulco
1172 2736 1473 2800 ambulant,
1505 2736 1726 2805 quando
1759 2736 1965 2804 junctis
1997 2739 2168 2807 copiis
2209 2739 2306 2793 ho-

733 2829 897 2882 SLium
931 2829 1093 2882 simul
1119 2839 1171 2882 et
1206 2830 1428 2895 nostris,
1458 2831 1669 2899 sagittae
1701 2830 1898 2900 conjici
1931 2832 2220 2900 incipiunt,
2253 2843 2308 2888 et

732 2921 825 2989 qui
858 2922 909 2974 in
953 2920 1128 2975 fronte
1164 2922 1416 2976 instructi
1469 2931 1614 2986 sunt,
1641 2923 1827 2986 zabas,
1872 2923 2081 2987 loricia,
2111 2925 2163 2977 id
2201 2934 2306 2989 est,

733 3014 916 3081 galeas
965 3029 1070 3065 non
1117 3023 1349 3081 gestant.
1389 3013 1523 3067 Cum
1573 3015 2034 3084 praecipiunt-illis,
2085 3016 2310 3069 Πύκνω-

735 3123 844 3167 σον,
901 3105 952 3157 id
995 3115 1099 3170 est,
1143 3106 1398 3168 Densato,
1454 3119 1564 3161 tum
1612 3108 1704 3178 qui
1759 3109 1812 3161 in
1844 3107 2017 3162 fronte
2056 3109 2307 3163 instructi

2404 2044 2572 2098 Τοῦτο
2588 2043 2644 2096 δὲ
2679 2043 2738 2096 τὸ
2765 2044 2952 2114 σχῆμα
2981 2043 3224 2112 γίνεσθαι
3260 2043 3487 2096 δύναται
3520 2045 3618 2099 καὶ
3648 2043 3988 2114 περιπατοῦ-

2405 2153 2504 2207 σης
2532 2135 2624 2189 καὶ
2656 2135 2951 2206 ἱσταμένης
2978 2135 3078 2204 τῆς
3109 2134 3495 2206 παρατάξεως.

2472 2250 2569 2319 οβ’.
2604 2249 2723 2320 Χρὴ
2751 2249 2808 2302 δὲ
2859 2250 2988 2312 τοὺς
3043 2249 3311 2319 οὐραγοὺς
3374 2249 3855 2320 παραγγέλλεσθαι
3895 2250 3987 2302 καὶ

2405 2341 2469 2394 ἐκ
2513 2340 2621 2393 τῶν
2653 2340 2876 2393 ὄπισθεν
2929 2341 3197 2411 προωθεῖν
3225 2341 3318 2392 καὶ
3356 2339 3632 2409 ἀπορθοῦν
3670 2341 3869 2402 αὐτοὺς
3907 2343 3986 2402 εις

2405 2433 2503 2503 τὴν
2532 2433 2739 2502 χρείαν,
2763 2432 2852 2486 ἴνα
2883 2431 2958 2503 μὴ
2980 2432 3351 2503 ἐναπομένωσί
3379 2449 3545 2499 τινες,
3579 2433 3654 2495 ὡς
3684 2434 3850 2498 εἰκὸς,
3878 2432 3988 2484 δει-

2407 2525 2648 2588 λιῶντες.

2477 2742 2576 2810 ογ’.
2615 2741 2837 2812 Φούλκῳ
2865 2742 2921 2795 δὲ
2948 2743 3269 2812 περιπατεῖν
3300 2739 3542 2808 λέγεται,
3571 2742 3699 2794 ὃταν
3723 2743 3988 2808 ὲγγιζου-

2412 2837 2517 2890 σῶν
2568 2838 2676 2890 τῶν
2727 2837 3083 2907 παρατάξεων
3140 2838 3240 2905 τῆς
3299 2854 3358 2888 τε
3418 2837 3692 2906 ἡμετέρας
3745 2839 3840 2890 καὶ
3889 2839 3991 2906 τῆς

2410 2930 2517 2982 τῶν
2564 2930 2842 2994 ἐναντίων,
2887 2930 3070 2999 μέλλει
3113 2930 3374 2998 ἄρχεσθαι
3420 2930 3453 2998 ἠ
3487 2928 3668 2992 τοξεία
3695 2929 3988 2996 γίνεσθαι,

2411 3021 2504 3074 καὶ
2534 3020 2595 3072 οὐ
2625 3021 2880 3088 φοροῦσιν
2906 3021 2955 3072 oi
2986 3022 3044 3072 ὲν
3079 3022 3158 3089 τῷ
3196 3019 3430 3089 μετώπῳ
3456 3020 3775 3087 τεταγμένοι
3818 3020 3991 3084 (seu;

2411 3111 2529 3181 ἦτοι
2571 3111 2822 3181 λωρίκια,
2855 3111 2948 3164 καὶ
2982 3111 3354 3181 παραγγέλλῃ,
3387 3111 3699 3175 Πύκνωσον,
3749 3113 3847 3164 καὶ
3880 3113 3992 3165 τῶν

733 3198 1205 3262 fuerint,densant
1235 3212 1388 3253 scuta
1415 3218 1511 3254 sua
1542 3202 1716 3254 donec
1755 3201 1858 3256 sibi
1898 3211 2089 3255 mutuo
2116 3217 2308 3271 appro-

2413 3168 2716 3271 E'pnpose'av
2740 3168 2880 3254 κατὰ
2927 3201 2990 3253 τὸ
3042 3168 3697 3272 μέτωπονήτεταγμένωνν
3726 3205 3993 3257 πυκνούνο

734 3290 1130 3358 pinquaterint,
1166 3302 1378 3345 ventres
1413 3309 1542 3345 suos
1565 3310 1737 3362 usque
1760 3295 1826 3348 ad
1852 3310 2013 3348 suras
2039 3304 2093 3349 et
2132 3309 2308 3364 genua

735 3384 904 3437 scutis
953 3384 1070 3438 suis
1117 3385 1423 3453 operientcs
1459 3405 1470 3438 :
1504 3387 1594 3454 qui
1627 3402 1654 3440 a
1688 3396 1839 3455 tergo
1877 3388 2095 3442 illorum
2139 3397 2307 3451 stant,

734 3486 885 3527 sruta
941 3492 1037 3528 sua
1089 3493 1251 3545 supra
1302 3493 1397 3532 eos
1454 3480 1819 3546 traducentes,
1854 3490 1908 3534 et
1948 3481 2001 3534 in
2033 3481 2309 3535 anteriore

735 3557 949 3618 illo’rum
992 3577 1140 3635 parte
1179 3578 1443 3637 ponentes
1488 3579 1728 3637 pectora,
1761 3581 1811 3623 et
1850 3573 2034 3626 vultus
2088 3571 2308 3625 illorum

736 3669 940 3727 tegunt,
973 3661 1160 3729 sicque
1190 3677 1315 3714 eum
1346 3661 1591 3715 hostibus
1615 3662 1932 3732 confligunt.

801 3955 887 4008 7t.
916 3954 1144 4019 Quando
1173 3963 1352 4008 autem
1377 3955 1600 4011 densata
1625 3957 1771 4010 acics
1804 3955 1869 4010 ad
1908 3957 2069 4010 unius
2101 3955 2311 4024 sagitta

733 4044 938 4112 jactnm
983 4045 1049 4097 ab
1102 4045 1349 4100 hostibus
1398 4046 1653 4110 abfuerit,
1685 4055 1739 4100 et
1770 4045 2100 4100 conﬂictatio
2131 4046 2310 4100 futura

736 4142 837 4194 est,
861 4133 1316 4203 ilicito,'Etozpo:,
1344 4135 1392 4188 id
1421 4145 1519 4199 est,
1549 4134 1747 4189 Parati.
1780 4136 1932 4188 Alius
1963 4139 2144 4189 statim
2164 4137 2311 4189 exci-

738 4226 868 4290 piat,
902 4237 953 4279 et
985 4228 1199 4289 clamet,
1230 4227 1439 4295 Βοήθει,
1477 4227 1528 4281 id
1573 4236 1673 4292 est,
1705 4225 1841 4281 Juva
1873 4244 1886 4280 :
1919 4237 1973 4281 et
2024 4227 2308 4282 confestim

741 4332 845 4368 una
873 4317 1124 4385 claraque
1153 4331 1283 4371 voce
1310 4333 1500 4373 omnes
1527 4328 1842 4388 personent,
1881 4318 1938 4371 '0
1967 4319 2117 4381 Θεός,
2153 4319 2203 4371 id
2230 4328 2312 4373 est

742 4407 902 4460 Deus.
942 4409 1016 4462 lbi
1050 4419 1161 4462 tum
1193 4410 1336 4464 leves
1391 4411 1615 4479 sagittas
1669 4411 1834 4464 altius
1875 4410 2139 4477 injiciant.
2170 4410 2308 4464 Scu-

2423 3309 2530 3344 των
2562 3292 2629 3344 τὰ
2678 3292 2976 3362 σκουτάρια
3006 3289 3182 3344 αὐτῶν
3213 3291 3372 3362 μέχρι
3421 3292 3515 3343 τοῦ
3553 3292 3793 3359 ἐγγίζειν
3826 3292 3993 3362 ἀλλή-

2411 3383 2544 3448 λοις,
2573 3382 3008 3446 κατασκέποντες
3034 3382 3576 3452 προσπεπλασμένως
3598 3382 3695 3445 τὰς
3717 3383 3992 3450 γαστέρας

2412 3475 2592 3528 αὐτῶν
2622 3477 2784 3545 μέχρι
2812 3475 2909 3544 τῆς
2938 3475 3176 3545 κνήμης,
3205 3475 3373 3544 ἧγουν
3406 3474 3501 3526 τοῦ
3531 3474 3830 3543 λεγομένου
3867 3476 3994 3528 σκέ-

2411 3566 2533 3629 λους
2554 3582 2566 3595 ·
2605 3568 2653 3616 oi
2682 3565 3031 3636 παρεστῶτες
3066 3564 3253 3627 αὐτοῖς
3281 3565 3506 3618 ὄπισθεν
3555 3566 3987 3635 ὑπερανέχοντες

2415 3659 2485 3711 τὰ
2547 3657 2844 3726 σκουτάρια
2887 3656 3088 3720 αὐτῶν,
3141 3657 3235 3708 καὶ
3297 3657 3666 3719 ἀναπαύοντες
3722 3660 3803 3720 είς
3860 3658 3988 3719 τοὺς

2410 3747 2743 3817 ἔμπροσθεν,
2772 3748 3035 3800 σκέπουσι
3065 3747 3132 3800 τὰ
3158 3747 3327 3817 στήθη
3357 3749 3449 3801 καὶ
3498 3749 3598 3809 τὰς
3641 3747 3791 3816 ὄψεις
3815 3749 3996 3800 αὐτῶν

2413 3843 2505 3894 καὶ
2525 3839 2696 3902 οὕτως
2733 3856 2796 3891 συ
2804 3839 3043 3910 μῦἀλλου
3054 3857 3124 3893 σι.

2483 3944 2573 3998 (ιδ’.
2616 3945 2786 3997 Ὅταν
2838 3945 2894 3997 δὲ
2927 3945 3272 4001 πυκνωθεῖσα
3321 3948 3415 3998 καὶ
3455 3949 3488 4016 ἡ
3518 3947 3821 4018 παράταξις
3853 3949 3996 4000 κατὰ

2412 4035 2571 4106 λόγον
2601 4037 2710 4090 ἀπὸ
2741 4038 2853 4099 ἐνὸς
2883 4039 3263 4105 σαγιττοϐόλου
3291 4040 3516 4108 γένηται
3543 4040 3651 4092 τῶν
3693 4040 3993 4108 πολεμίων,

2414 4133 2508 4185 καὶ
2535 4132 2716 4200 μέλλει
2763 4132 2978 4194 πάντως
3003 4133 3035 4198 ή
3067 4131 3313 4199 συμϐολὴ
3349 4129 3738 4190 συνάπτεσθαι,
3779 4148 3997 4198 παραγ-

2414 4225 2598 4295 γέλλῃ,
2631 4225 2895 4293 Ἔτοιμοι·
2927 4225 3022 4276 καὶ
3050 4223 3211 4276 ἄλλου
3233 4223 3611 4292 διαδεχομένου
3643 4223 3739 4274 καὶ
3769 4223 4001 4290 κράζον-

2411 4334 2523 4381 τος,
2549 4317 2758 4386 Βοήθειν
2781 4317 2875 4368 καὶ
2894 4319 3108 4370 πάντων
3128 4317 3574 4384 ἀποκρινομένων
3599 4317 3726 4376 ἴσως
3743 4317 3841 4367 καὶ
3861 4333 3924 4368 συ
3932 4334 3994 4382 μ-

2416 4411 2627 4476 φώνως,
2652 4410 2710 4461 Ὀ
2736 4409 2868 4471 Θεός
2889 4425 2900 4436 ·
2929 4411 2977 4460 οἱ
2998 4409 3097 4478 μὲν
3121 4409 3265 4477 ψιλοὶ
3295 4408 3600 4472 τοξεύουσιν
3622 4407 3996 4478 ὑψηλοτέροις

741 4497 833 4550 tati
861 4497 951 4564 qui
993 4499 1044 4550 in
1079 4497 1252 4552 fronte
1276 4499 1554 4553 constituti
1598 4507 1748 4559 sunt,
1796 4500 1885 4551 ubi
1924 4513 2090 4568 prepe
2120 4503 2308 4554 hostes

2417 4503 2463 4554 oi
2489 4502 2546 4553 δὲ
2577 4501 2859 4554 σκουτάτοι
2889 4501 2938 4551 οἱ
2967 4501 3047 4560 είς
3074 4501 3133 4551 τὸ
3167 4499 3417 4567 μέτωπον
3438 4500 3763 4567 τεταγμένοι
3793 4499 3874 4549 ἔτι
3909 4501 4001 4565 ἑγ-

743 4588 962 4651 fucrint,
1012 4590 1056 4642 si
1101 4591 1367 4644 m’atzucia
1409 4592 1490 4644 vel
1527 4591 1774 4652 tzicuria,
1807 4591 1886 4644 vel
1934 4591 2186 4644 rhictaria
2218 4591 2314 4643 ha-

743 4683 923 4744 beant,
978 4681 1233 4734 humilius
1282 4682 1573 4751 conjiciant
1601 4697 1665 4736 ea
1699 4700 1711 4734 :
1744 4682 1826 4735 sin
1854 4682 2034 4734 minus
2057 4723 2072 4744 ,
2101 4691 2318 4750 praesto-

743 4772 918 4823 lantes
957 4771 1129 4823 donec
1175 4773 1421 4826 cominus
1455 4773 1721 4835 venerint,
1754 4782 1806 4824 et
1833 4787 1956 4826 cum
1984 4771 2313 4840 jaculantes,

742 4861 826 4913 vel
857 4862 1210 4930 conjicientes
1239 4862 1366 4925 tela,
1395 4863 1602 4931 gladios
1647 4863 1993 4931 distringam,
2028 4876 2203 4930 neque
2239 4877 2318 4915 re-

747 4953 1150 5007 ti'ocedcnttbus
1188 4962 1242 5007 et
1281 4956 1760 5024 tergiversantibus
1823 4957 2073 5009 hostibus
2125 4972 2318 5011 excur-

750 5046 937 5108 rendo,
969 5045 1061 5099 sed
1095 5045 1148 5097 in
1178 5046 1294 5099 acie
1320 5047 1668 5102 consistendo
1698 5060 1956 5117 pugnent.
1980 5051 2082 5116 Qui
2110 5068 2139 5106 a
2167 5062 2316 5121 tergo

749 5138 964 5195 illorum
997 5146 1163 5202 stant,
1187 5153 1285 5193 sua
1317 5139 1555 5208 ipsorum
1579 5140 1753 5210 capita
1777 5141 1948 5196 scutis
1978 5143 2092 5197 suis
2131 5154 2317 5212 tegen-

669 5223 673 5226 ’
754 5240 852 5292 tes,
894 5231 1260 5288 anterioribus
1301 5231 1615 5289 hominibus
1657 5249 1782 5288 cum
1817 5234 2018 5303 jaculis
2049 5235 2163 5290 suis
2189 5251 2318 5290 suc--

750 5333 994 5377 currant.

832 5641 916 5693 75.
938 5640 1039 5706 Qui
1095 5641 1145 5694 in
1189 5641 1362 5694 fronte
1388 5642 1660 5697 exercitus
1693 5650 1840 5701 sunt,
1883 5642 1982 5695 sibi
2021 5641 2153 5710 ipsis
2192 5642 2318 5695 dili-

762 5743 945 5796 genter
988 5735 1320 5795 provideant,
1362 5733 1535 5789 donec
1563 5736 1810 5791 cominus
1845 5736 1909 5789 ad
1965 5751 2160 5790 manus
2194 5751 2324 5789 ten-

2413 4592 2624 4662 γυτέρω
2652 4590 2954 4658 γενομένων
2982 4589 3090 4641 τῶν
3122 4588 3419 4656 πολεμίων,
3455 4590 3506 4639 εἰ
3544 4588 3643 4655 μὲν
3685 4586 3850 4654 ἔχωσι
3899 4605 4000 4655 μα-

2413 4687 2660 4752 τζούκια,
2700 4687 2732 4756 ἢ
2778 4684 3083 4754 τζικούρια,
3128 4683 3160 4754 ἢ
3200 4684 3477 4754 ῥικτὰρια,
3509 4683 3588 4744 είς
3621 4681 3682 4733 τὺ
3708 4681 3886 4750 χαμαὶ
3919 4681 4001 4748 ρε-

2427 4793 2654 4829 πτουσιν
2707 4776 2863 4828 αὑτά.
2918 4776 2980 4827 Εἰ
3006 4774 3060 4826 δὲ
3093 4774 3256 4843 μήγε,
3291 4772 3651 4842 ἀναμένοντες
3694 4771 3887 4840 μέχρις
3937 4762 4001 4821 οὗ

2419 4871 2586 4938 ἐγγὺς
2617 4869 2834 4929 ἔλθωσι,
2867 4867 2988 4921 τότε
3037 4866 3409 4930 ἀκοντίζοντες
3457 4864 3524 4916 τὰ
3567 4865 3850 4930 κοντάρια,
3883 4863 4001 4931 ἦτοι

2419 4962 2672 5032 ρικτάρια
2710 4957 2906 5020 αὐτῶν,
2953 4956 3414 5026 ἐπιλαμϐάνονται
3460 4955 3568 5006 τῶν
3606 4954 3859 5006 σπαθίων
3888 4954 3989 5005 αὖ·

2415 5052 2523 5105 τῶν
2554 5092 2567 5112 ,
2588 5051 2678 5104 καὶ
2711 5050 2972 5119 μάχονται
3004 5049 3280 5110 εὐτάκτως
3308 5049 3364 5099 ἐν
3395 5049 3461 5114 τῇ
3495 5046 3646 5111 τάξει
3671 5044 3854 5097 αὐτῶν
3886 5043 3982 5112 μέν

2417 5161 2594 5206 νοντες
2625 5144 2717 5196 καὶ
2753 5143 2814 5195 οὺ
2846 5140 3267 5210 κατατρέχοντες
3296 5143 3426 5204 τῶν,
3467 5140 3542 5201 ὡς
3577 5137 3743 5198 εἰκὸς,
3780 5137 4002 5205 ὑποχω-

2423 5236 2659 5306 ρούντων
2675 5234 2858 5296 αὐτοῖς
2882 5231 3114 5301 ἐχθρῶν.
3141 5233 3205 5282 Ol.
3223 5231 3279 5283 δὲ
3305 5228 3531 5282 ὄπισθεν
3557 5227 3738 5280 αὐτῶν
3764 5225 4004 5288 ἑστῶτες

2416 5327 2514 5388 τὰς
2540 5327 2744 5378 ὲαυτῶι
2773 5323 3013 5392 κεφαλὰς
3051 5323 3344 5384 σκέποντες
3400 5322 3538 5390 μετά
3590 5320 3699 5371 τῶν
3761 5333 4001 5370 σκουτα·

2429 5416 2558 5486 ρὶων
2589 5413 2768 5466 αὐτῶν
2801 5411 3150 5482 ὲπιὸοηθοῦσι
3204 5413 3318 5474 τοῖς
3371 5409 3688 5481 ἔμπροσθεν
3715 5406 3858 5476 μετά
3894 5407 4005 5460 τῶν

2436 5506 2760 5574 κονταρίων.

2498 5620 2588 5674 οε’.
2643 5620 2812 5688 Χρεία
2867 5620 2923 5671 δέ
2984 5620 3129 5671 ἐστιν
3161 5616 3420 5685 ἀσφαλῶς
3478 5615 3602 5676 τοὺς
3635 5614 3712 5675 εἰς
3744 5613 4004 5682 μέτωπον

2435 5711 2795 5782 τασσομένους
2864 5708 3260 5780 προφυλάττειν
3317 5706 3542 5768 ἑαυτοὺς
3571 5703 3762 5774 μέχρις
3798 5696 3859 5755 οὗ
3924 5701 4004 5762 είς
