4176 6446
153 425 252 491 757

1229 431 1556 494 TACTICA.
1593 461 1659 473 —
1697 434 2195 498 CONSTITUTIO
2239 433 2376 498 VII.

3285 437 3388 500 758

149 538 334 608 χεῖρας
383 537 448 590 ἐκ
519 533 613 588 τοῦ
663 533 886 606 πλησίον
958 536 1204 604 ἔλθωσιν,
1250 539 1335 594 ἶνα
1396 541 1468 610 μὴ
1500 559 1709 596 κατατοι

1825 554 1938 600 tum
1975 545 2063 612 sit,
2096 561 2164 600 ne
2208 545 2251 601 si
2285 544 2446 598 zabas
2475 550 2569 597 aut
2599 543 2939 612 chalcotuba,
2967 545 3020 601 id
3057 555 3161 612 est,
3195 564 3388 604 ocreas

153 630 412 694 ξεύωνται
445 631 547 684 ὑπὸ
575 647 683 684 των
711 630 1004 701 πολεμίων,
1029 633 1125 688 ἐάν
1159 634 1392 704 μάλιστα
1440 635 1516 706 μὴ
1550 637 1711 709 ἔχωσι

151 720 320 782 ζάῦας
348 720 381 789 ἢ
404 719 736 787 χαλκότυόα.

211 810 322 873 οςῖ
365 812 692 879 Μερίζονται
738 811 873 883 πρὸς
916 811 1298 882 διφαλαγγίαν,
1359 813 1488 867 ὅταν
1514 815 1598 868 ἔπ’
1625 817 1713 870 εὐο

149 901 295 963 θείας
328 901 674 968 περιπατῶσι
699 901 796 972 τῆς
834 903 1214 973 παρατάξεως,
1246 905 1341 958 καὶ¹
1403 905 1714 976 ἔμπροσθεν

147 995 240 1046 καὶ
293 995 521 1047 ὄπισθεν
575 995 815 1062 φανῶσιν
860 995 1129 1066 πολέμιοι,
1165 997 1259 1050 καὶ
1299 997 1348 1050 εῖ
1377 997 1474 1067 μὲν
1498 998 1606 1051 άπὸ
1637 996 1712 1062 ις’

144 1086 356 1155 ἀνδρῶν
405 1085 598 1155 εχωσιν
642 1085 698 1138 αἱ
745 1086 921 1150 άκίαι,
957 1087 1050 1139 καὶ
1095 1087 1330 1157 ἤγγισαν
1360 1089 1409 1140 οῖ
1447 1087 1514 1140 δι’
1540 1089 1715 1158 ὅψεως

144 1177 434 1246 ἐρχόμενοι
497 1178 702 1248 ἐχθροὶ,
743 1181 838 1232 καὶ
888 1177 1170 1247 μέλλουσιν
1229 1180 1293 1232 ὲκ
1343 1179 1436 1232 τοῦ
1488 1179 1715 1250 πλησίον

143 1268 410 1336 ἄρχεσθαι
473 1271 572 1338 τῆς
621 1270 821 1338 μάχης,
881 1269 1266 1339 παραγγέλλειν
1311 1270 1441 1322 ’Δπὸ
1479 1270 1530 1341 η’
1564 1271 1717 1340 μερί-

145 1359 331 1427 σθητε,
374 1361 464 1412 καὶ
488 1361 535 1412 οῖ
561 1358 610 1430 η’
650 1361 728 1423 είς
758 1360 1135 1429 διφαλαγγίαν,
1171 1362 1264 1412 καὶ
1287 1361 1336 1413 οῖ
1365 1359 1412 1430 η’
1442 1362 1708 1426 ἵστανται,

143 1451 188 1502 οἱ
214 1442 280 1502 δὲ
308 1449 359 1520 η’
388 1451 742 1521 στρεφόμενοι
773 1453 863 1504 καὶ
887 1450 1160 1513 κινοῦντες
1185 1450 1320 1520 πρὸς
1355 1451 1715 1519 διφαλαγγίαν

146 1539 484 1610 μερίζονται.
515 1542 562 1592 ol
591 1540 646 1593 δὲ
679 1541 711 1610 ἢ
737 1541 844 1594 ἀπὸ
896 1539 946 1610 η’
970 1541 1220 1595 ἵστανται
1249 1543 1308 1596 τδ
1340 1541 1574 1612 βάθος,ἢ
1609 1542 1716 1595 ἀπὸ

142 1631 180 1683 δ’
187 1672 200 1684 .
235 1630 631 1699 Παραγγέλλει·
654 1632 882 1700 Έδραῖοι
901 1634 1058 1702 στῆτε
1079 1637 1126 1687 oi
1150 1635 1410 1704 δεύτεροι,
1440 1634 1596 1686 καὶοὶ
1618 1635 1714 1704 τῆς

142 1724 450 1791 φαλαγγίας
506 1725 788 1794 ἐξέρχεσθε
807 1742 820 1756 ·
871 1724 1111 1796 δεύτεροι
1141 1726 1198 1779 δέ
1229 1727 1387 1788 εἰσιν,
1413 1727 1460 1778 οί
1488 1725 1714 1796 λεγόμε-

141 1831 216 1865 νοι
248 1813 420 1866 πάλαι
451 1815 746 1878 σεκοῦνδοι,
780 1813 812 1883 ἢ
842 1815 1150 1868 ἐπιστάται.
1192 1815 1305 1867 Καὶ
1356 1815 1712 1885 στρεφόμενοι

1815 652 1992 692 ωηολε
2022 652 2130 690 non
2157 637 2406 702 habeant,
2443 634 2670 705 sagittis:
2694 635 2762 689 ab
2789 636 3036 693 hostibus
3066 637 3385 693 confodian-

1816 736 1922 781 tur.

1888 819 1975 872 76.
2006 816 2333 872 Dividuntur
2360 817 2414 872 in
2447 818 2872 889 diphalangiam,
2904 818 2956 872 id
2995 827 3100 884 est,
3131 822 3376 891 duplica-

1814 920 1923 965 tam
1959 910 2154 973 aciem,
2178 908 2398 976 quando
2427 910 2570 964 acies
2593 911 2864 965 instructa
2884 910 3089 965 directe
3114 913 3379 977 ambulat,

1815 1011 1976 1071 atque
2012 1011 2137 1056 ante
2155 1016 2219 1055 ac
2249 1014 2280 1052 a
2313 1012 2466 1068 tergo
2494 1001 2776 1056 imminent
2819 1002 3008 1058 hostes
3039 1021 3053 1057 :
3085 1003 3162 1058 ibi
3196 1013 3308 1058 tum
3337 1009 3382 1060 si
3428 1019 3432 1024 '

1814 1106 1878 1145 ex
1915 1091 2148 1147 sedecim
2181 1091 2274 1144 ﬁat
2299 1090 2746 1156 contubernium,
2775 1100 2828 1146 et
2851 1093 2903 1146 in
2931 1104 3226 1164 conspectu
3263 1095 3382 1150 fue-

1816 1184 1920 1237 rint
1946 1183 2152 1246 hostes,
2188 1193 2243 1237 et
2274 1182 2526 1237 cominus
2557 1196 2722 1236 manu
2763 1185 3053 1255 conﬂigere
3091 1187 3385 1249 voluerint,

1816 1274 2052 1342 praecipe
2087 1283 2145 1326 ut
2171 1288 2267 1342 per
2325 1283 2449 1328 octo
2480 1288 2540 1328 se
2581 1273 2841 1339 dividant,
2865 1286 2919 1330 et
2947 1285 3069 1332 octo
3099 1279 3153 1333 in
3187 1280 3380 1350 dipha-

1815 1364 2048 1432 langiam
2090 1364 2296 1425 statim,
2340 1362 2392 1416 id
2425 1371 2528 1424 est,
2553 1363 2883 1432 duplicatam
2938 1366 3260 1438 phalangem
3301 1371 3384 1425 di-

1813 1449 2091 1512 vidantur,
2111 1449 2300 1516 sicque
2322 1460 2446 1504 octo
2471 1452 2888 1508 contubernales
2906 1455 3116 1510 immoti
3139 1460 3384 1524 stabunt,

1813 1538 1907 1594 alii
1927 1549 2052 1594 octo
2076 1539 2322 1593 conversi
2356 1549 2408 1594 et
2439 1551 2720 1598 moventes
2738 1559 2797 1599 se
2825 1545 2877 1598 in
2900 1548 3236 1602 contrariam
3260 1565 3386 1619 par-

1814 1638 1946 1693 tem,
1986 1629 2056 1684 ad
2089 1629 2422 1698 duplicatam
2465 1632 2621 1702 quasi
2667 1633 2839 1687 aciem
2876 1650 2935 1690 se
2977 1637 3242 1703 dividant,
3296 1656 3387 1696 re-

1815 1723 1948 1793 liqui
1971 1721 2039 1775 ad
2085 1733 2210 1778 octo
2251 1724 2338 1779 vel
2401 1735 2640 1794 quatuor
2671 1727 3012 1783 altitudinem
3062 1733 3381 1789 consistent.

1815 1815 1927 1869 Illis
1951 1815 2366 1885 praecipiendum
2381 1827 2484 1878 est,
2501 1815 2733 1888 Ἐδραῖοι
2757 1819 2918 1890 στῆτε
2937 1823 2983 1874 oi
3008 1820 3272 1894 δεύτεροι,
3292 1826 3386 1879 καὶ

141 1906 186 1956 oi
215 1905 523 1971 σεκοῦνδοι,
559 1905 836 1960 τουτέστιν
869 1909 918 1960 οῖ
947 1907 1052 1960 ὑπὸ
1082 1906 1172 1959 τὸν
1204 1907 1477 1978 δεκάρχην
1519 1925 1709 1976 τεταγ-

1814 1905 1861 1958 οί
1895 1905 1996 1975 τῆς
2017 1906 2377 1977 διφαλαγγίας
2405 1907 2670 1975 ιξέλθετε,
2705 1911 2755 1964 id
2787 1921 2888 1972 est.
2929 1912 3097 1967 Firmi
3128 1927 3266 1970 state
3295 1932 3383 1972 se-

144 1997 314 2065 μένοι,
331 1997 638 2066 ἐξέρχονται
665 1997 1006 2068 διαστήματα
1036 1999 1162 2068 ἄχρι
1188 1999 1512 2069 τριακοσίων
1536 2000 1711 2068 βημά-

139 2103 245 2138 των
276 2127 291 2149 ,
341 2088 463 2155 ἦτοι
522 2086 917 2157 σκελισμάτων,
971 2088 1111 2141 ὥστε
1181 2089 1255 2159 μὴ
1308 2088 1711 2152 δύνασθαιτάς

142 2179 479 2248 βαλλομένας
502 2183 651 2250 παρὰ
679 2198 786 2232 των
819 2182 1076 2236 ἐναντίων
1109 2184 1365 2250 σαγίττας
1424 2181 1708 2251 ἑκατέρω-

140 2273 226 2324 θεν
269 2272 531 2341 βλάπτειν
571 2277 695 2336 τοὺς
728 2273 929 2335 νὼτους
965 2273 1073 2326 τῶν
1099 2273 1564 2340 ἀντιελεπόντων,
1595 2274 1708 2327 ἀλλ’

138 2364 192 2412 ὲν
215 2366 294 2431 τῷ
324 2362 566 2434 εὐκαίρῳ
622 2365 773 2434 τόπῳ
808 2367 1026 2417 πίπτειν
1059 2365 1248 2428 αὑτάς.
1319 2360 1454 2418 Εἶτα
1493 2381 1708 2435 παραγ-

139 2455 356 2518 γέλλει·
415 2454 842 2524 ⁹Υποστρέψατε,
882 2455 978 2508 καὶ
1033 2457 1193 2509 πάλιν
1249 2455 1706 2526 ὑποστρέψαντες,

138 2547 182 2596 εἱ
210 2545 372 2615 χρεία
427 2545 674 2617 γένηται,
711 2547 1175 2601 άποκαθίστανται
1228 2547 1306 2610 εἰς
1337 2547 1398 2600 τὸ
1448 2549 1709 2617 πρότερον

142 2641 347 2708 aliiu-

206 2823 306 2886 οῖ’.
363 2825 428 2876 Εἰ
495 2823 569 2887 δὲ,
627 2823 704 2884 ὡς
771 2823 935 2886 εἰκὸς,
995 2825 1028 2894 ἡ
1092 2825 1295 2894 μείζων
1323 2825 1547 2896 δύναμις
1601 2827 1707 2882 τῶν

138 2915 350 2985 ἐχθρῶν
377 2915 465 2967 διά
487 2914 582 2966 τοῦ
616 2913 806 2978 νώτου,
839 2915 1007 2981 ἧγουν
1032 2914 1258 2968 ὄπισθεν
1301 2917 1401 2986 τῆς
1460 2919 1709 2988 παρατά-

140 3005 270 3071 ξεως
300 3007 539 3078 ἔρχεται,
575 3007 668 3060 καὶ
719 3008 927 3076 ἄμαξαι
961 3008 1060 3060 οὐκ
1106 3009 1490 3063 ἀκολουθοῦσιν
1537 3013 1584 3064 οῖ
1617 3027 1704 3063 σεο

138 3099 369 3162 κοῦνδοι,
427 3100 594 3167 ἠγουν
655 3101 705 3151 oi.
768 3098 1075 3163 ἐπιστάται,
1123 3100 1369 3156 ἵστανται
1439 3102 1497 3155 δὲ
1523 3103 1616 3154 καὶ
1659 3102 1707 3154 oi

136 3191 354 3260 πρίμοι,
393 3191 560 3260 ήγουν
596 3190 653 3255 ,οί
687 3188 1100 3259 πρωτοστάται,
1135 3193 1185 3244 οί
1219 3191 1274 3244 δὲ
1306 3193 1525 3263 λοχαγοὶ
1554 3190 1707 3262 ὶξέρ·
1735 3236 1777 3294 c

137 3298 342 3352 χονται.

203 3372 329 3448 011'.
365 3372 440 3424 Τὸ
491 3372 547 3425 δὲ
588 3372 685 3441 τῆς
724 3370 1032 3448 φαλαγγίας
1069 3373 1301 3440 γίνεται,
1335 3374 1461 3427 ὅταν
1488 3375 1544 3428 αἱ
1572 3375 1709 3443 ἆμαο

135 3465 223 3529 Eat
249 3447 350 3516 οὐκ
375 3447 776 3526 ἀκολουθοῦσιν,
812 3464 844 3533 ἡ
896 3465 1327 3534 ἁκολουθήσασαι
1368 3467 1698 3537 ἐϐιάσθησαν

137 3556 242 3607 ὑπὸ
263 3555 373 3607 τῶν
414 3554 707 3622 πολεμίων.
742 3554 978 3617 Ταύταις
1004 3555 1059 3607 δὲ
1089 3555 1192 3626 χρὴ
1213 3557 1426 3619 πάντως
1452 3560 1542 3610 ἐπὶ
1567 3575 1703 3610 παν-

135 3649 223 3709 τὸς
266 3646 672 3716 ἡτοιμασμένον
718 3646 946 3708 πεζικοῦ
987 3649 1214 3717 στρατοῦ
1253 3649 1592 3702 ἀκολουθεῖν.
1642 3651 1704 3702 Εἰ

139 3740 216 3809 μὴ
249 3738 357 3809 ἄρα
391 3736 788 3807 καϐαλλαρικὸς
818 3739 1044 3808 στρατὸς
1078 3739 1271 3810 βιασθῇ
1299 3741 1582 3803 πεζεῦσαι,
1614 3741 1707 3794 καὶ

62 3841 72 3856 ⁸
136 3833 194 3881 εν
229 3828 407 3900 καιρῷ
437 3827 666 3897 τοιούτῳ
698 3829 730 3897 ἢ
765 3829 988 3899 ἁμαξῶν
1018 3831 1050 3900 ἢ
1088 3830 1252 3900 ἄλλης
1282 3831 1415 3902 ὓλης
1445 3832 1583 3884 κατὰ
1609 3831 1703 3884 τοῦ

135 3921 309 3973 νώτου
341 3922 587 3990 ἀπορεῖν.

204 4009 304 4064 σθ’.
362 4011 521 4073 Δεξιά
571 4012 626 4065 δὲ
669 4013 763 4065 καὶ
811 4011 1074 4082 ἀριστερὰ
1134 4011 1424 4076 κλίνονται,
1468 4013 1596 4065 ὅταν
1641 4015 1705 4064 ἐκ

134 4101 368 4170 πλαγίου
419 4106 498 4165 είς
531 4103 588 4155 ἓν
625 4104 788 4173 μέρος
847 4102 974 4172 θέλῃ
1025 4103 1121 4171 τὴν
1159 4104 1464 4171 παράταξιν
1519 4102 1701 4172 σῦραι,

133 4192 165 4261 ἢ
197 4193 287 4245 διά
311 4193 390 4256 τδ,
411 4193 484 4256 ὡς
505 4193 670 4255 εἰκὸς,
700 4193 933 4244 ἐκτεῖναι
956 4193 1053 4260 τὴν
1080 4190 1383 4261 παράταξιν
1411 4193 1504 4244 καὶ
1536 4193 1702 4260 ὑπερ-

134 4285 390 4351 κεράσαι,
423 4284 587 4351 ἤγουν
618 4281 893 4334 κυκλῶσαι
933 4282 1057 4344 τοὺς
1088 4283 1333 4351 ἐχθροὺς,
1363 4281 1393 4351 ἢ
1429 4282 1501 4351 μὴ
1538 4283 1700 4351 ὑπερ-

133 4373 480 4443 κερασθῆναι
520 4374 686 4443 ἤγουν
733 4372 1074 4442 κυκλωθῆναι
1123 4374 1251 4443 παρ’
1304 4372 1560 4441 αὐτῶν,ῆ
1613 4371 1700 4424 διά

130 4465 298 4517 τόπου
365 4465 811 4534 ἐπιτηδειότητα,
864 4464 897 4534 ἢ
957 4464 1048 4516 διὰ
1110 4463 1451 4535 παραγωγὴν
1510 4465 1696 4515 στειοῦ

1811 1995 1998 2058 eundi.
2031 2005 2085 2051 et
2115 1997 2170 2051 in
2193 1999 2464 2067 duplicata
2500 1999 2617 2054 acie
2640 2000 2730 2069 qui
2756 2001 2915 2066 estis,
2943 2005 3108 2059 exite.
3143 2004 3380 2062 Secundi

1823 2094 2006 2139 autem
2043 2095 2170 2140 sunt
2207 2087 2297 2157 qui
2329 2088 2643 2153 ἐπιστάται,
2671 2090 2723 2144 id
2752 2099 2854 2157 est,
2874 2094 3063 2147 astites
3093 2098 3381 2150 nominan-

1810 2185 1919 2241 tur,
1948 2177 2041 2246 qui
2074 2178 2176 2232 sub
2196 2179 2386 2234 decani
2412 2190 2706 2249 protestate
2726 2191 2871 2238 sunt.
2906 2186 2970 2239 lli
3004 2191 3249 2243 conversi
3271 2200 3380 2245 tam

1809 2281 1974 2335 prepe
2003 2266 2068 2320 ad
2102 2282 2162 2322 se
2186 2279 2374 2324 mutuo
2400 2271 2677 2336 accedant,
2702 2282 2762 2326 ut
2785 2273 2946 2342 paulo
2970 2278 3202 2345 amplius
3218 2281 3385 2335 vesti-

1809 2358 1881 2426 gii
1920 2358 2201 2413 intervallo
2217 2361 2520 2427 distent,ne
2551 2363 2800 2433 utrinque
2834 2365 3092 2436 conjecta:
3120 2371 3186 2422 ab
3208 2371 3382 2426 hosti-

1811 2450 1911 2504 bus
1953 2453 2177 2518 sagittm,
2203 2462 2348 2522 terga
2367 2455 2618 2524 utrinque
2642 2457 2998 2523 spectantium
3033 2459 3247 2522 laedant,
3286 2464 3378 2517 sed

1809 2554 2144 2611 oppportnno
2160 2545 2341 2612 aliquo
2359 2545 2409 2599 in
2428 2546 2545 2602 loco
2567 2548 2782 2600 cadant.
2804 2547 3004 2603 Deinde
3025 2551 3101 2606 sic
3123 2552 3227 2606 illis
3245 2570 3381 2622 pra:-

1808 2636 1994 2702 cipito,
2016 2636 2434 2705 Ὑποστρέψατε,
2450 2637 2799 2693 Revertimini
2820 2657 2834 2693 :
2856 2651 2908 2696 et
2933 2649 3229 2708 rursum,si
3251 2663 3382 2703 usus

1808 2725 1989 2788 fuerit,
2007 2729 2254 2781 conversi
2273 2729 2338 2783 ad
2371 2729 2653 2799 pristinam
2695 2731 2828 2786 aciei
2865 2733 3092 2788 formam
3138 2739 3376 2792 redeant.

1881 2813 1968 2869 77.
2006 2813 2086 2882 Si,
2120 2818 2576 2885 quemadmodum
2641 2836 2741 2876 usu
2820 2826 3008 2880 venire
3058 2826 3379 2897 plerumque

1809 2913 2006 2974 potest,
2040 2909 2276 2977 majores
2310 2911 2547 2965 hostium
2578 2915 2748 2982 cepiae
2776 2929 2806 2967 a
2841 2926 3010 2986 tergo,
3037 2917 3087 2971 id
3121 2929 3224 2984 est,
3258 2931 3379 2989 post

1809 2999 2130 3053 instructam
2175 3001 2345 3055 aciem
2379 3003 2635 3059 curribus
2678 3020 2784 3059 non
2835 3011 3192 3077 sequentibus
3209 3014 3377 3068 inva-

1807 3089 1958 3154 dant,
2010 3098 2124 3144 tum
2171 3093 2394 3147 secundi
2444 3095 2559 3149 sive
2596 3095 2864 3164 epistatae,
2918 3099 2971 3152 id
3025 3109 3126 3163 est,
3161 3104 3374 3169 astites,

1809 3180 2134 3245 consistunt,
2160 3191 2214 3236 et
2245 3184 2404 3253 primi
2431 3185 2546 3239 sive
2572 3187 2862 3254 praestites,
2887 3190 2980 3258 qui
3035 3192 3250 3263 locbagi
3281 3210 3376 3250 no-

1812 3268 2115 3333 minantur,
2145 3280 2334 3325 contra
2364 3287 2460 3326 eos
2493 3283 2638 3327 eant.

1884 3357 1970 3412 78.
2007 3359 2394 3431 Diphalangiaa,
2431 3364 2482 3418 id
2506 3377 2612 3428 est,
2635 3365 2921 3434 duplicatae
2957 3370 3092 3423 aciei
3115 3385 3248 3424 usus
3268 3381 3375 3436 est,

1808 3449 2025 3514 quando
2055 3466 2249 3504 currus
2293 3467 2400 3506 non
2454 3464 2780 3521 sequuntur,
2817 3457 2900 3508 vel
2953 3457 2998 3510 si
3055 3473 3372 3524 sequamur,

1807 3536 1877 3589 ab
1906 3536 2155 3592 hostibus
2193 3549 2369 3594 tamen
2407 3544 2753 3610 populantur.
2796 3543 2905 3598 llos
2937 3554 3119 3599 autem
3151 3551 3377 3602 omnino

1808 3637 2018 3696 oportet
2042 3631 2343 3698 pedestrem
2375 3634 2544 3688 aciem
2574 3635 2892 3689 instructam
2918 3639 3092 3706 sequi,
3112 3639 3214 3693 nisi
3239 3640 3308 3691 fui
3326 3652 3376 3694 te

1808 3721 2077 3785 equestris
2101 3723 2371 3786 exercitus
2411 3734 2635 3792 cogatur
2660 3727 2882 3794 pedibus
2917 3731 3015 3790 ire,
3045 3730 3208 3796 idque
3235 3740 3372 3784 tem-

1808 3811 1955 3876 poris
1986 3812 2066 3865 vel
2095 3815 2368 3881 curribus,
2402 3817 2483 3870 vel
2509 3818 2610 3870 alia
2639 3820 2892 3888 quapiam
2919 3823 3144 3876 materia
3176 3841 3203 3874 ιι
3225 3833 3372 3892 tergo

1806 3910 1945 3970 eget.

1875 3993 1965 4046 79.
1996 3995 2054 4048 in
2112 3995 2358 4052 dextram
2408 4009 2463 4054 ct
2518 4002 2703 4056 laevam
2767 4015 2971 4073 partem
3019 4009 3367 4074 inclinantur.

1805 4085 2095 4153 quantloin
2131 4089 2356 4144 alteram
2390 4104 2594 4157 partem
2629 4096 2776 4149 acies
2817 4099 3149 4167 obliquatur,
3179 4107 3261 4157 vel
3313 4117 3371 4158 ut

1804 4176 2138 4244 producatur
2163 4181 2326 4240 acies.
2350 4191 2406 4235 et
2437 4183 2828 4240 circumveniat
2855 4190 3061 4256 hostes,
3098 4193 3178 4246 vel
3209 4205 3265 4248 ut
3307 4213 3371 4250 ne

1804 4269 2272 4326 circumveniatur
2303 4275 2369 4326 ab
2403 4275 2528 4340 illis,
2572 4277 2651 4330 vel
2697 4289 2917 4348 propter
2960 4281 3063 4336 loci
3104 4298 3370 4352 opportu-

1803 4362 2061 4428 nitatem,
2087 4365 2169 4419 vel
2193 4377 2413 4435 propter
2436 4367 2539 4422 loci
2569 4372 2784 4440 angusti
2819 4373 3126 4428 transitum.
3162 4377 3218 4430 Si
3240 4379 3369 4432 dex-

1802 4465 2040 4509 trorsum
2075 4457 2426 4515 traducturus
2471 4463 2640 4515 aciem
2667 4478 2745 4527 es,
2791 4466 3020 4533 praacipe
3071 4467 3139 4522 iis
3166 4471 3365 4534 verbis,

131 4560 321 4610 τόπου.
357 4558 465 4609 Καὶ
515 4547 564 4608 εἶ
617 4556 714 4625 μὲν
771 4556 921 4619 δεξιά
951 4555 1081 4629 θέλῃ
1135 4557 1478 4625 παραγαγεῖν
1507 4555 1696 4624 αὐτὴν,

1809 4548 1883 4601 Ad
1912 4549 2121 4604 hastam
2141 4550 2373 4615 declina,
2392 4568 2564 4623 eoque
2587 4570 2646 4608 se
2670 4560 2860 4609 armati
2883 4557 3106 4614 ﬂectant
3133 4579 3144 4614 :
3175 4562 3368 4616 deinde

133 4645 504 4717 παραγγέλλει
525 4660 539 4673 °
586 4645 709 4698 Ἐπὶ
743 4646 993 4717 κοντάριν
1016 4646 1212 4699 κλῖνον.
1241 4647 1349 4698 Καὶ
1376 4646 1698 4716 στρέφονται

132 4742 331 4801 πάντες
352 4740 400 4790 oi
425 4737 640 4791 ὁπλῖται
670 4737 895 4790 ἐκεῖθεν.
937 4734 1070 4790 Εἶτα
1103 4738 1495 4806 παραγγέλλειο
1541 4737 1699 4790 Ὑπό-

132 4832 386 4902 στρεψον,
421 4831 513 4883 καὶ
545 4831 1023 4884 άποκαθίστανται.
1057 4831 1120 4882 Ei
1170 4830 1227 4883 δὲ
1274 4830 1536 4900 ἀριστερὰ
1571 4831 1696 4902 θέλῃ

130 4925 330 4986 κλῖναι,
363 4921 737 4994 παραγγέλλει
757 4941 769 4952 ·
811 4924 934 4976 Ἐπὶ
959 4923 1210 4992 κοντάριν
1238 4922 1421 4986 κλίνας
1455 4922 1695 4991 κίνησον,

129 5018 222 5069 κα¹ι
253 5016 324 5068 τὰ
355 5015 489 5070 ἄλλα
519 5017 721 5085 ὁμοίως
748 5015 1127 5082 φυλάττονται.

198 5107 273 5162 π’,
324 5107 688 5177 Ἀμφίστομος
708 5106 765 5160 δὲ
794 5107 1028 5175 κίνησις,
1059 5109 1186 5158 ὅταν
1209 5104 1317 5158 τῶν
1350 5104 1584 5176 ιχθρῶν,
1619 5105 1696 5168 ὡς

131 5200 296 5265 εἰκὸς,
334 5200 490 5267 ἄφνω
521 5198 860 5267 γυρευόντων
899 5197 1209 5268 ἔμπροσθεν
1251 5199 1344 5250 καὶ
1373 5197 1594 5250 δπισθεν
1622 5197 1698 5267 μὴ

129 5293 308 5363 φθάσῃ
341 5289 478 5360 πρὸς
525 5290 888 5358 διφαλαγγίαν
941 5288 1262 5359 μερισθῆναι
1303 5290 1336 5358 ἡ
1372 5286 1693 5357 παράταξις,

130 5386 219 5438 καὶ
249 5383 638 5454 παραγγέλλει·
685 5383 806 5435 Τῶν
842 5382 1013 5436 άκιῶν
1057 5383 1156 5452 τὴν
1200 5381 1352 5445 τάξιν
1401 5379 1690 5448 φυλάξατε.

129 5477 235 5529 Καὶ
281 5476 332 5528 oi
399 5473 616 5544 ἡμίσεις
656 5474 799 5527 κατὰ
840 5473 948 5526 τῶν
1011 5470 1318 5542 ἔμπροσθεν
1386 5471 1695 5542 ἐρχομένων

132 5567 408 5638 ἱστάμενοι
440 5565 791 5639 ἁρμόζονται,
841 5568 890 5619 οἱ
933 5566 989 5620 δὲ
1023 5565 1237 5635 ἡμίσεις
1267 5565 1359 5616 ἐπὶ
1410 5565 1500 5616 τὸν
1529 5563 1694 5616 νῶτον

131 5659 630 5729 ἀντιστρεφόμενοι.
661 5661 723 5713 Οἱ
749 5659 805 5712 δὲ
839 5661 896 5711 ὲν
926 5658 1002 5728 τῷ
1029 5658 1178 5728 μέσῳ
1203 5655 1432 5720 ἑστῶτες
1465 5657 1560 5718 τάς
1600 5672 1688 5708 κε-

129 5751 298 5822 φαλάς
321 5750 502 5803 αὐτῶν
534 5749 660 5814 ἴσως
694 5751 956 5804 σκέπουσι
979 5749 1068 5802 διά
1094 5749 1202 5800 τῶν
1227 5746 1583 5816 σκουταρίων.

194 5839 309 5896 πα’.
369 5841 764 5898 Μετατίθενται
798 5841 945 5908 δεξιὰ
999 5842 1091 5896 καὶ
1148 5839 1432 5910 ἀριστερὰ,
1484 5838 1608 5891 ὅταν
1662 5839 1687 5906 ἦ

1803 4642 2054 4710 praeeipe,
2073 4641 2446 4712 Ἐπίστρεψον,
2481 4645 2530 4698 id
2556 4655 2664 4708 est,
2693 4647 2962 4703 Converte
2983 4659 3055 4714 te,
3083 4661 3136 4705 et
3166 4653 3228 4705 ad
3256 4655 3366 4722 pri-

1800 4734 1997 4787 stinam
2036 4733 2266 4788 formam
2298 4736 2572 4790 redibunt.
2618 4738 2712 4791 Sin
2739 4755 2833 4793 eos
2863 4741 2930 4794 ad
2976 4742 3163 4795 laevam
3190 4744 3357 4796 decli-

1799 4841 1930 4881 nare
1955 4827 2208 4890 volueris,
2240 4829 2488 4897 praecipe,
2507 4829 2628 4882 Ἐπὶ
2674 4832 2953 4900 κοντάριον
3008 4833 3192 4897 κλίνας
3217 4836 3362 4904 κίνη-

1802 4935 1914 4982 σον,
1939 4920 2017 4971 Ad
2057 4918 2269 4973 hastam
2290 4921 2566 4975 declinans
2591 4934 2641 4976 te
2677 4937 2873 4977 move:
2913 4933 3076 4994 atque
3101 4926 3213 4981 ham
3239 4942 3368 4997 perv

1798 5009 1923 5062 inde
1957 5023 2021 5062 ac
2050 5010 2328 5079 superiora
2353 5010 2568 5066 faciant.
2760 5008 2766 5014 ’

1866 5099 1954 5152 80.
2000 5100 2384 5171 Ἀμφίστομος,
2404 5102 2452 5155 id
2480 5110 2585 5167 est,
2609 5117 2807 5172 anceps
2821 5114 3001 5160 motus
3018 5115 3121 5171 est,
3143 5107 3361 5176 quando

1799 5193 2031 5248 inimicis
2058 5194 2237 5248 subito
2263 5204 2386 5248 ante
2417 5206 2470 5249 et
2492 5210 2523 5248 a
2554 5205 2700 5265 tergo
2739 5198 3117 5252 invadentihus
3141 5236 3156 5262 ,
3175 5214 3278 5250 non
3306 5198 3358 5250 iu

1795 5283 2218 5353 diplialangiam,
2259 5284 2311 5338 id
2340 5295 2444 5350 est,
2471 5285 2800 5353 duplicatam
2855 5288 3028 5341 aciem
3059 5288 3228 5355 cepia:
3276 5290 3360 5341 di-

1797 5377 2070 5429 viduntur.
2100 5375 2376 5444 Pracipiet
2404 5379 2775 5434 contuberniis
2808 5388 2866 5432 ut
2897 5381 3182 5432 stationem
3203 5394 3357 5432 suam

1795 5469 2127 5533 custodiant,
2155 5477 2210 5525 et
2229 5469 2435 5523 dimidii
2467 5480 2656 5523 contra
2685 5486 2780 5524 eos
2821 5471 2913 5538 qui
2939 5471 3118 5538 primo
3139 5469 3358 5522 veniunt

1796 5559 1862 5614 ad
1901 5561 2150 5613 standum
2198 5575 2256 5614 sc
2286 5569 2488 5629 aptent,
2535 5561 2744 5615 dimidii
2797 5571 2984 5614 contra
3034 5562 3099 5614 ad
3145 5570 3354 5627 tergum

1797 5651 2062 5706 conversi.
2097 5651 2197 5717 Qui
2231 5653 2281 5706 in
2316 5652 2493 5707 medio
2509 5653 2836 5718 consistunt,
2871 5655 3044 5722 capita
3070 5667 3168 5707 sua
3187 5651 3356 5708 scutis

1797 5755 1992 5814 tegant.

1863 5839 1949 5890 δι.
1988 5835 2339 5894 Dextroisum
2372 5851 2466 5896 aut
2501 5843 2784 5897 lxtorsum
2811 5851 3115 5909 mutantur,
3135 5838 3354 5911 quando
