4176 6446
738 384 848 451 759

1966 382 2157 441 LEON
2169 382 2239 440 lS
2273 384 2369 441 PH
2380 381 2728 443 lLOSOPllI

3880 390 3988 449 τω

741 494 1063 548 necessitate
1101 492 1203 545 hoc
1244 488 1572 560 postulante,
1598 491 1663 544 ad
1702 492 1945 544 dextram
1983 500 2073 543 aut
2116 490 2303 542 Ia:vam

2407 490 2553 556 δεξιὰ
2578 491 2610 561 ἢ
2632 494 2892 563 ἀριστερά
2947 493 3121 559 θέλεις
3150 498 3501 565 μετενεγκεῖν
3521 494 3619 565 τὴν
3654 496 3982 563 παράταξιν.

744 581 1037 637 transferre
1065 582 1143 633 vis
1180 580 1502 632 exercitum.
1532 580 1771 647 Praecipe
1802 580 1869 633 iis
1895 579 2077 633 verbis
2125 578 2306 631 Μετάο

740 694 871 746 φερε
897 680 974 737 εἰς
1001 676 1066 726 τὰ
1091 675 1257 739 δεξιά,
1294 675 1344 728 id
1383 686 1487 737 est,
1523 674 1780 727 Transfer
1825 684 1875 728 te
1911 675 1976 727 ad
2028 676 2304 737 dextram;

739 771 822 821 vel
874 782 1084 828 rursus,
1123 765 1416 833 Μετάφερε
1446 769 1521 827 εἰς
1544 768 1613 817 τὰ
1643 767 1930 838 ἀριστερά,
1956 763 2213 817 Transfer
2255 774 2306 818 te

739 859 803 911 ad
838 858 1047 909 lteram.
1079 856 1198 911 Una
1225 855 1450 909 cohorte
1497 864 1835 921 transeunte,
1882 857 2133 910 universa
2161 854 2306 909 acies

739 949 803 1002 ad
823 963 942 1002 eam
970 958 1175 1016 partem
1210 956 1472 1003 transeat.

798 1044 888 1097 8‘2.
925 1044 1202 1097 ltaretiunt
1229 1044 1344 1099 sive
1369 1044 1670 1099 dilatantur
1698 1043 1865 1107 acies,
1906 1043 2126 1113 quando
2167 1041 2301 1096 den-

736 1145 884 1190 satas
917 1152 1008 1190 eas
1030 1135 1273 1190 dividere
1315 1136 1574 1199 volueris,
1612 1146 1666 1189 et
1716 1135 1907 1203 juncta
1948 1133 2302 1189 contubernia

737 1244 1012 1297 separare,
1046 1238 1098 1281 et
1124 1229 1411 1283 universas
1440 1230 1623 1296 copias
1659 1228 1711 1281 in
1749 1227 2143 1297 longitudinem
2180 1241 2305 1296 pro-

736 1322 955 1375 ducere.
1002 1321 1288 1390 Przecipies
1313 1330 1493 1375 autem
1523 1322 1588 1374 iis
1612 1321 1827 1375 verbis:
1871 1320 2142 1373 Πλάτυνον
2168 1319 2305 1389 πρὸς

738 1414 1059 1483 τάμφότερα
1083 1415 1246 1483 μέρη,
1289 1412 1341 1465 id
1376 1421 1481 1477 est,
1518 1412 1691 1467 Dilata
1740 1414 1795 1467 in
1845 1423 2133 1479 utramque
2175 1426 2305 1479 par-

739 1514 868 1567 tem,
897 1516 950 1560 et
972 1505 1338 1559 diffundantur
1359 1506 1567 1558 statim.
1603 1503 1727 1557 llaec
1754 1503 1929 1555 forma
1957 1511 2070 1555 tum
2110 1502 2305 1554 ambu-

737 1598 900 1660 laute,
939 1607 1050 1650 tum
1078 1605 1252 1651 stante
1275 1597 1517 1651 exercitu
1548 1595 1663 1651 tieri
1690 1603 1891 1664 potest,
1925 1594 2145 1648 duobus
2180 1608 2305 1648 σοι-α

736 1686 898 1739 nibus
962 1686 1203 1740 exterius
1252 1684 1614 1752 mutantibus,
1663 1685 1778 1739 sive
1820 1693 1998 1738 turnia
2042 1684 2133 1749 sit,
2191 1682 2305 1737 sive

734 1778 1028 1831 exercitus.

788 1866 878 1922 83.
904 1865 1307 1921 Densanturvcl
1324 1866 1667 1935 duplicantur
1686 1863 2069 1929 contubernia,
2086 1863 2306 1932 quando

735 1960 800 2012 ad
826 1969 1061 2027 quatuor
1097 1960 1339 2013 virorum
1369 1958 1715 2013 altitudinem
1742 1966 1907 2021 stant,
1941 1966 1997 2010 et
2026 1956 2307 2025 duplicare

731 2066 855 2103 eum
902 2066 1191 2104 numerum
1242 2050 1346 2114 vis,
1378 2060 1432 2104 et
1458 2051 1651 2104 idonee
1698 2050 1763 2102 ad
1804 2050 2145 2103 altitudinem
2178 2064 2308 2101 con-

734 2141 973 2195 tubernii
1007 2141 1223 2196 firmare
1244 2151 1434 2196 contra
1456 2142 1698 2197 hostium
1720 2142 1915 2204 aciem,
1933 2140 2083 2196 dices
2130 2159 2142 2195 :
2176 2141 2304 2193 Εἴσ-

746 2230 891 2297 ελοε,
915 2232 965 2284 id
993 2239 1097 2296 est,
1121 2233 1423 2301 Ingredere,
1441 2242 1495 2287 et
1512 2232 1695 2288 statim
1728 2242 1851 2286 octo
1875 2240 2054 2286 erunt.
2086 2229 2182 2284 Sin
2210 2246 2307 2286 eos

737 2324 974 2377 sedecim
1008 2324 1250 2377 volueris
1299 2323 1501 2388 facere,
1542 2340 1734 2379 rursus
1784 2324 1934 2379 dices
1960 2324 2205 2389 Εἴσελθε,
2252 2332 2307 2378 et

737 2431 877 2470 unus
913 2426 1035 2486 post
1064 2418 1296 2471 alterum
1320 2426 1511 2470 euntes
1534 2416 1600 2471 ad
1632 2431 1786 2470 suam
1817 2417 2105 2469 stationem
2126 2415 2305 2483 dupli-

730 2518 949 2574 cantur,
979 2517 1033 2561 et
1076 2509 1207 2561 fient
1239 2508 1477 2562 sedecim
1515 2508 1823 2562 altitudine.
1859 2506 1942 2560 Ab
1983 2523 2090 2560 uno
2122 2518 2303 2561 autem

731 2600 897 2654 latere
932 2600 1109 2655 solum
1165 2609 1385 2663 exeant,
1438 2601 1581 2655 sicut
1612 2608 1769 2655 antea
1802 2600 2179 2670 prmcepimus.
2206 2599 2303 2654 Sin

731 2690 798 2742 ad
829 2689 1048 2758 triginta
1080 2691 1189 2744 duo
1234 2690 1475 2744 virorum
1528 2691 1876 2745 altitudinem
1923 2691 2303 2755 contubernia,

731 2781 878 2848 quod
922 2781 1146 2837 minime
1189 2796 1415 2835 necesse
1462 2790 1568 2845 est,
1610 2782 1787 2836 facere
1824 2784 1924 2847 vis,
1981 2783 2296 2853 prmdicito:

731 2873 919 2941 Στίχος
946 2873 1050 2926 ὑπὸ
1101 2872 1305 2943 στίχον,
1332 2874 1379 2927 id
1402 2884 1499 2939 est,
1526 2872 1831 2943 Manipulns
1860 2874 1961 2930 sub
1989 2875 2300 2944 manipulo:

731 2974 895 3033 atque
943 2965 1015 3017 ita
1068 2964 1437 3033 duplicantur,
1480 2977 1532 3020 et
1577 2967 1723 3020 acies
1771 2967 1883 3035 ipsa
1921 2967 2204 3029 densatur,
2252 2977 2307 3020 et

731 3054 1017 3122 longitudo
1041 3056 1162 3124 ejus
1191 3056 1556 3108 contrahitur.

2410 583 2615 649 χρείας,
2651 583 2725 645 ώς
2751 584 2915 650 εἰκὸς,
2945 583 3089 638 οὕτω
3123 585 3413 655 καλούσης,
3468 587 3560 637 καὶ
3590 586 3982 653 παραγγέλλει·

2408 672 2699 741 Μετάερερε
2752 675 2829 736 εἰς
2876 674 2945 726 τὰ
2985 673 3135 739 δεξιά
3162 691 3176 706 ·
3210 675 3243 746 ἢ
3287 676 3468 739 πάλιν,
3495 676 3781 745 Μετάφερε
3808 677 3889 738 είς
3918 679 3985 730 τὰ

2408 764 2691 835 ἀριστερά.
2720 766 2829 818 Καὶ
2869 766 2986 829 ἐνὸς
3035 768 3315 837 τάγματος
3347 766 3767 838 μετατιθεμένου
3812 783 3984 836 μετα-

2409 856 2634 925 φέρεται
2670 859 2702 927 ἠ
2737 858 3042 927 παράταξις
3088 860 3237 913 πᾶσα
3290 860 3426 930 πρὸς
3472 861 3532 914 τὸ
3583 862 3745 931 μέρος
3788 864 3973 915 ἐκεῖνο

2410 946 2708 1013 συντόμως.

2478 1034 2587 1104 πβ’.
2634 1036 2971 1109 Ἀραιοῦνται
3026 1040 3144 1109 ἦτοι
3175 1039 3558 1109 πλατύνονται,
3622 1045 3751 1097 ὅταν
3801 1060 3984 1095 πεπυ-

2407 1129 2677 1199 κνωμένοι
2712 1133 2836 1196 εἰσὶ,
2870 1132 2963 1184 καὶ
2990 1132 3161 1197 θέλεις
3188 1136 3407 1204 μερίσαι
3445 1136 3559 1205 ἦτοι
3594 1135 3878 1202 λεπτῦναι,
3909 1136 3984 1199 ώς

2408 1221 2573 1284 εἰκὸς,
2632 1221 2730 1284 τὰς
2790 1224 2971 1288 άκίας,
3009 1224 3105 1277 καλ⁸
3142 1226 3381 1280 ἐκτεῖναι
3409 1227 3507 1298 τὴν
3562 1229 3870 1299 παράταξιν
3900 1231 3981 1290 εἰς

2410 1313 2668 1384 μῆκος,ἣ
2707 1314 2797 1368 διὰ
2826 1316 2887 1369 τὸ
2936 1316 3242 1387 άνωτέρους
3290 1320 3485 1382 αὐτοὺς
3539 1321 3814 1387 γενέσθαι.
3878 1321 3986 1373 Καὶ

2407 1405 2797 1475 παραγγέλλει,
2858 1408 3129 1461 Πλάτυνον
3160 1410 3295 1479 πρὸς
3353 1410 3419 1463 τά
3447 1411 3769 1481 ἀμφίστομα
3806 1412 3975 1481 μέρη,

2407 1499 2500 1551 καὶ
2528 1498 2905 1554 πλατύνονται.
2937 1501 3107 1554 Τοῦτο
3142 1501 3197 1554 δέ
3220 1501 3279 1555 τὸ
3309 1506 3493 1573 σχῆμα
3524 1502 3619 1555 καὶ
3648 1505 3985 1573 περιπατού-

2406 1605 2438 1639 σ
2443 1606 2506 1658 ης
2525 1593 2619 1645 καὶ
2650 1592 2940 1663 ἱσταμένης
2961 1594 3061 1663 τῆς
3084 1592 3442 1663 παρατάξεως
3460 1596 3679 1648 δύναται
3703 1596 3978 1662 γίνεσθαι,

2404 1683 2513 1733 τῶν
2538 1683 2630 1736 δύο
2683 1687 2929 1755 κεράτων
2970 1688 3063 1739 ἐπὶ
3095 1686 3165 1739 τά
3192 1685 3296 1751 ἔξω
3338 1688 3621 1751 νευόντων,
3657 1688 3766 1740 εἴτε
3816 1688 3987 1758 μέρος

2406 1772 2463 1824 ἐν
2494 1774 2662 1839 ἐστιν,
2692 1776 2802 1828 εἴτε
2831 1777 2864 1846 ὴ
2890 1775 3210 1845 παράταξις.

2478 1863 2590 1932 πγ’.
2624 1866 2950 1920 Βαθύνονται
2987 1868 3043 1921 δέ
3073 1868 3192 1938 ἦτοι
3222 1869 3529 1923 διπλοῦνται
3553 1872 3609 1923 αἱ
3637 1870 3812 1934 άκίαι,
3860 1872 3987 1923 ὅταν

2412 1957 2509 2026 μὲν
2537 1958 2647 2011 ἀπὸ
2670 1960 2950 2029 τεσσάρων
2977 1961 3245 2025 ἵστανται,
3272 1963 3368 2015 καὶ
3399 1961 3560 2033 θέλῃς
3582 1962 3749 2025 αὐτὰς
3788 1963 3987 2014 διπλῶ-

2411 2064 2522 2114 σαι,
2554 2049 2804 2119 καὶπρὸς
2850 2051 3127 2122 συμϐολὴν
3165 2053 3602 2123 ίσχυροποιῆσαι,
3634 2052 3985 2121 ἁρμοζόντως

2408 2141 2486 2210 τῷ
2510 2140 2666 2210 βάθει
2689 2143 2789 2211 τῆς
2813 2143 3175 2212 παρατάξεως
3205 2142 3313 2196 τῶν
3344 2143 3624 2209 ἐναντίων,
3649 2145 3741 2196 καὶ
3768 2160 3988 2213 παραγ-

2406 2233 2609 2301 γέλλει,
2645 2234 2886 2289 Εῖσελθε.
2924 2236 3035 2289 Καὶ
3091 2235 3330 2301 γίνονται
3375 2234 3449 2304 η’.
3486 2235 3550 2289 El
3605 2234 3662 2286 δέ
3693 2234 3854 2305 θέλῃς
3908 2234 3982 2297 ις’

2407 2324 2652 2393 ποιῆσαι,
2677 2325 2838 2378 πάλιν
2863 2325 3245 2397 παραγγέλλει’
3270 2326 3507 2379 Εἶσελθε.
3532 2325 3641 2381 Καὶ
3666 2327 3989 2395 εἰσερχόμ-

2409 2434 2489 2470 νοι
2525 2419 2602 2479 είς
2619 2417 2745 2480 τοὺς
2769 2417 2929 2481 ίδὶους
2960 2419 3155 2481 τόπους
3187 2414 3265 2482 εἷς
3289 2420 3419 2489 παρ’
3444 2413 3520 2480 εἷς
3542 2418 3860 2471 διπλοῦνται
3892 2418 3989 2470 καὶ

2408 2512 2649 2579 γίνονται
2679 2510 2777 2576 ις’,
2811 2510 3011 2573 πάντες
3037 2512 3115 2573 είς
3135 2511 3192 2563 ἓν
3230 2512 3415 2583 μέρος,
3455 2512 3529 2574 ώς
3560 2511 3803 2579 ἐξῆλθον.
3830 2513 3893 2563 Εἰ
3933 2511 3989 2562 δὲ

2408 2601 2602 2665 θέλεις,
2628 2602 2705 2665 ώς
2734 2602 2898 2665 εἰκὸς,
2950 2602 3061 2654 ἀπὸ
3083 2600 3161 2668 λβ¹
3188 2602 3249 2654 τὸ
3300 2601 3460 2670 βάθος
3487 2600 3592 2655 τῶν
3621 2600 3793 2653 ἀκιῶν
3824 2603 3989 2668 ποιῆ-

2409 2709 2520 2757 σαι,
2556 2695 2695 2765 ὅπερ
2721 2696 2819 2747 οὐκ
2845 2695 2958 2747 ἔστι
2984 2692 3262 2763 χρειῶδες,
3294 2693 3685 2762 παραγγέλλει,
3723 2690 3782 2743 '0
3806 2693 3988 2760 στίχος

2407 2787 2512 2840 ὑπὸ
2540 2787 2632 2841 τὸν
2695 2786 2897 2857 στίχον,
2954 2789 3046 2838 καὶ
3083 2783 3364 2838 διπλοῦται
3402 2784 3603 2854 ὁμοίως
3666 2784 3761 2837 καὶ
3821 2782 3987 2853 βαθύ-

2407 2896 2557 2933 νεται
2595 2879 2692 2949 μὶν
2740 2882 2778 2950 ἡ
2836 2876 3160 2949 παράταξις,
3210 2875 3554 2930 συστέλλεται
3603 2875 3661 2929 δὲ
3701 2875 3761 2929 τὺ
3809 2876 3988 2946 μῆκος

2407 2989 2600 3041 αυτης.

789 3150 882 3203 84.
909 3149 1287 3212 Contrahitur,
1340 3151 1558 3218 quando
1585 3148 1896 3203 ambulante
1951 3150 2004 3203 in
2036 3151 2299 3207 directum

2484 3158 2589 3212 πδ¹.
2618 3154 3057 3211 ὶίεταῦάλλονται
3086 3153 3238 3213 ὅταν,
3264 3152 3350 3204 ἐπ’
3378 3149 3592 3213 εὐθείας
3643 3149 3984 3218 περιπατού-

727 3241 992 3304 cxercitu,
1026 3256 1134 3292 non
1163 3249 1288 3293 ante
1314 3241 1431 3307 ejus
1462 3249 1815 3308 conspectum
1848 3241 2031 3294 hostes
2058 3243 2301 3307 veniunt,

729 3334 821 3385 sed
859 3349 885 3385 a
912 3342 1086 3402 tergo.
1128 3330 1266 3383 Tum
1304 3332 1347 3385 si
1375 3330 1631 3397 frontem,
1676 3330 1729 3383 id
1759 3339 1863 3396 est,
1896 3332 2156 3401 lochagos
2187 3333 2303 3387 sive

730 3426 995 3495 praestites
1028 3424 1266 3479 sedecim
1308 3424 1550 3477 virorum
1610 3425 1907 3477 transferre
1942 3426 2116 3493 cupis,
2164 3440 2303 3494 pra:-

727 3520 846 3597 cipe
878 3518 943 3569 ad
981 3518 1125 3569 hunc
1168 3516 1431 3568 modum:
1487 3514 1834 3577 Μετάλλαξον
1883 3514 1974 3567 τὸν
2010 3517 2193 3579 τόπον,
2250 3516 2304 3569 id

726 3610 831 3673 est,
873 3613 1161 3664 Commuta
1210 3610 1429 3661 locum:
1477 3617 1531 3660 et
1577 3608 1919 3661 altitudinem
1961 3610 2303 3663 contubernii

734 3714 1090 3757 transeuntes
1118 3702 1330 3770 lochagi
1365 3701 1481 3753 sive
1512 3702 2189 3770 praestites,compluribus
2210 3718 2305 3757 eos

729 3794 1106 3865 sequentibus,
1142 3793 1377 3846 frontem
1424 3808 1622 3846 novant
1660 3808 1724 3847 cx
1785 3794 2015 3847 adverso
2064 3795 2303 3849 hostium

728 3887 1085 3939 entistituant.
1127 3885 1241 3939 Hoc
1273 3896 1398 3939 ante
1428 3885 1803 3940 ἀυιιὸιιιίοιιειη
1822 3888 2092 3942 exercitus
2115 3889 2305 3943 sedulo

728 3982 842 4032 fiat.
866 3978 920 4031 Si
941 3980 1052 4046 jam
1085 3978 1419 4030 addensatus
1450 3977 1923 4043 fueritexet‘citus,
1944 3988 1997 4031 et
2029 3980 2131 4035 hoc
2160 3981 2305 4048 quod

726 4087 891 4139 supra
924 4084 1285 4124 memoratum
1313 4079 1417 4131 est,
1452 4069 1741 4124 commode
1785 4070 1899 4125 fieri
1935 4087 2043 4125 non
2108 4083 2303 4142 potest,

725 4161 911 4222 dicito,
931 4158 1451 4227 Μετασχημάτισον,
1498 4156 1671 4221 idest,
1700 4158 1969 4212 Converte
1996 4175 2009 4224 ;
2040 4169 2093 4213 et
2115 4177 2305 4229 quem-

725 4251 1017 4305 admodum
1077 4261 1200 4305 ante
1250 4254 1468 4303 stabant
1510 4252 1793 4315 conversi,
1840 4253 2016 4305 solum
2063 4253 2129 4306 ad
2189 4262 2302 4307 ter-

727 4361 851 4415 gum
878 4354 1175 4398 extremam
1208 4342 1382 4397 aciem
1414 4343 1730 4412 respiciant.
1776 4345 2003 4413 lochago
2024 4348 2137 4398 sive
2164 4361 2303 4409 pra:-

727 4439 852 4492 stite
888 4438 940 4490 in
976 4437 1309 4490 anteriorem
1366 4445 1577 4504 partem
1609 4436 1834 4490 minime
1873 4446 2174 4503 spectante,
2208 4438 2301 4493 sed

2410 3268 2511 3318 σης
2561 3249 2663 3315 τῆς
2717 3245 3099 3316 παρατάξεως,
3137 3244 3338 3313 μηκέτι
3367 3243 3435 3294 δι’
3460 3242 3633 3310 ὅψεως
3661 3240 3891 3292 ἔλθωσιν
3938 3241 3987 3289 τί

2407 3341 2781 3413 ἐχθρο“ι,ἁλλά
2804 3342 2913 3393 ἀπὸ
2949 3339 3170 3391 ὄπισθεν
3232 3337 3423 3404 αὑτῆς.
3480 3336 3590 3388 Καὶ
3637 3334 3703 3386 ἂν
3767 3334 3869 3401 μὲν
3926 3333 3988 3384 τὸ

2410 3437 2689 3507 μέτωπον,
2723 3434 2843 3503 ἢτοι
2872 3435 2997 3494 τοὺς
3028 3431 3312 3499 λοχαγοὺς,
3342 3429 3467 3490 τοὺς
3516 3428 3612 3479 καὶ
3660 3427 3986 3496 πρωτοπα-

2405 3545 2525 3593 τας,
2577 3527 2801 3579 όπισθεν
2850 3523 3010 3593 θέλῃς
3071 3523 3415 3591 μετενεγκεῖν
3467 3518 3575 3572 άπὸ
3640 3516 3714 3581 ις’
3769 3518 3987 3583 ἀνδρῶν

2406 3620 2557 3680 ὁντος
2584 3618 2679 3671 τοῦ
2710 3615 2926 3686 βάθους,
2955 3612 3345 3684 παραγγέλλει,
3389 3610 3733 3674 Μεταλλαξον
3759 3611 3850 3661 τὸν
3897 3610 3986 3660 τό-

2410 3728 2532 3773 πον,
2561 3709 2654 3761 καὶ
2682 3709 2770 3761 διὰ
2797 3706 2891 3759 τοῦ
2920 3706 3113 3776 βάθους
3137 3705 3246 3756 τῶν
3276 3704 3450 3757 άκιῶν
3478 3704 3883 3773 παρερχόμενοι
3935 3702 3985 3753 οἱ

2407 3801 2630 3870 λοχαγοὶ
2670 3801 2915 3851 ἵστανται
2962 3800 3041 3860 εἰς
3091 3795 3420 3865 παράταξιν,
3450 3793 3986 3846 συνακολουθούντων

2406 3895 2589 3955 αὐτοῖς
2611 3891 2836 3944 καὶτῶν
2880 3890 3103 3954 λοιπῶν,
3142 3889 3236 3941 καὶ
3302 3886 3729 3956 μεταὸάλλονται
3763 3885 3823 3937 τὸ
3857 3885 3985 3954 μέτ’

2408 4004 2558 4039 ωπον
2576 3986 2670 4040 ἐπὶ
2688 3987 2812 4046 τοὺς
2825 3983 3117 4051 πολεμίους
3148 3979 3447 4042 ποιοῦντες.
3476 3979 3647 4033 Τοῦτο
3670 3978 3726 4031 δέ
3750 3979 3858 4046 πρὺ
3883 3978 3983 4045 τῆς

2410 4075 2745 4138 πυκνώσεως
2781 4073 3104 4143 ἐπιτηδείως
3135 4072 3366 4139 γίνεται.
3402 4070 3465 4122 ΕΞ
3517 4069 3575 4122 δὲ
3623 4068 3986 4121 πεπύκνωται

2408 4170 2501 4222 καὶ
2534 4169 2595 4221 οὐ
2631 4167 2892 4234 συφθάςει
2920 4166 3179 4235 ἁρμόσαι.
3236 4162 3627 4233 παραγγέλλει,
3684 4162 3983 4229 Μετασχη-

2411 4262 2659 4333 μάτισον,
2691 4261 2783 4313 καὶ
2813 4258 3163 4329 στρεφόμενοι
3197 4256 3270 4317 ώς
3296 4256 3539 4307 ἵστανται
3594 4252 3983 4309 ἀντιϐλέπωσι

2408 4356 2548 4408 κατὰ
2566 4353 2662 4407 τοῦ
2689 4352 2884 4414 νώτου,
2909 4352 3077 4421 ἣγουν
3106 4350 3167 4403 τὸ
3195 4349 3373 4401 ὀπίσω
3423 4347 3609 4418 μέρος,
3650 4346 3839 4398 οὐκέτι
3885 4344 3982 4397 τοῦ

2408 4444 2641 4514 λοχαγοῦ
2674 4442 2983 4513 ἔμπροσθεν
3039 4439 3456 4511 εὑρισκομένου,
3502 4437 3641 4494 ἀλλὰ
3668 4436 3761 4490 τοῦ
3792 4435 3855 4500 ἐξ
3886 4436 3985 4490 καὶ

727 4530 992 4583 ultimano
1014 4531 1123 4598 jam
1155 4530 1208 4581 in
1244 4526 1423 4582 fronte
1456 4529 1783 4594 constituto,
1817 4542 1980 4598 quem
2040 4529 2294 4599 οὐραγόν,

2407 4535 2628 4589 δεκάτου
2652 4531 2909 4603 οὐραγοῦ.

726 4624 777 4677 id
812 4630 914 4684 est,
953 4623 1260 4676 caudanum
1288 4622 1591 4675 nominant.

796 4716 884 4769 85.
913 4713 1036 4766 Hac
1067 4714 1230 4782 igitur
1255 4713 1700 4777 exercitationes,
1732 4720 1846 4766 tum
1873 4714 1990 4783 ipso
2006 4714 2129 4770 belli
2156 4724 2297 4770 tem-

722 4823 854 4878 pore
884 4806 1108 4859 militetn
1142 4813 1389 4873 paratum
1415 4815 1468 4859 et
1500 4806 1752 4860 idoneum
1784 4805 2013 4871 edicere,
2042 4817 2156 4861 tum
2175 4819 2301 4862 ante

726 4908 938 4967 tempus
976 4897 1123 4962 belli,
1162 4900 1283 4951 sine
1339 4897 1487 4953 ferro
1528 4900 1699 4954 armis
1754 4900 1879 4954 aliis
1909 4901 1974 4953 ad
2032 4902 2301 4955 exercita-

726 4991 927 5044 tionem
959 4990 1194 5053 idoneis,
1231 4990 1298 5045 arl
1335 5006 1529 5044 onmes
1561 4992 1765 5047 formas
1807 4992 2127 5047 bellicorum
2178 5008 2301 5048 mo-

726 5092 905 5149 tuum,
937 5091 990 5135 et
1028 5083 1093 5137 ad
1121 5098 1339 5137 onmem
1372 5084 1769 5139 institutionem
1795 5086 2139 5141 assuefacere
2175 5103 2301 5158 pos-

725 5190 873 5230 sunt.
914 5176 1171 5247 lngenue,
1212 5177 1331 5231 sine
1393 5177 1547 5232 turba
1575 5188 1629 5232 et
1659 5180 1895 5234 tumultu
1933 5182 2080 5244 liant,
2114 5182 2305 5238 divisis

725 5271 805 5323 sie
835 5270 975 5322 inter
1008 5284 1067 5324 se
1107 5269 1454 5336 cohortibus,
1498 5282 1557 5325 ut
1602 5272 1739 5328 duas
1775 5273 1877 5326 sibi
1924 5283 2115 5329 mutuo
2159 5276 2305 5330 acies

724 5360 1001 5429 oppositas
1028 5360 1248 5426 faciant,
1276 5363 1390 5416 sive
1413 5378 1477 5417 ex
1515 5378 1622 5418 una
1657 5365 1901 5429 cohorte,
1934 5366 2047 5420 sive
2082 5380 2145 5421 ex
2176 5366 2300 5436 plu-

726 5455 873 5508 tibus
905 5457 987 5510 ha:
1016 5454 1159 5510 acies
1191 5455 1551 5510 instruantur-

792 5548 879 5601 86.
908 5546 1023 5602 Non
1054 5548 1242 5617 ignoro
1268 5556 1445 5601 autem
1465 5547 1600 5602 alias
1624 5546 1884 5615 quasdam
1907 5548 2298 5618 pt'a-ccptioncs

724 5634 1253 5706 exercitationesque
1282 5646 1523 5689 motuunt
1559 5637 1777 5704 scriptis
1827 5653 1890 5690 ac
1931 5637 2127 5691 litteris
2173 5653 2297 5692 esse

725 5726 992 5794 proditas,
1026 5736 1137 5781 tum
1169 5728 1237 5781 ab
1267 5726 1410 5791 aliis,
1443 5734 1557 5779 tttm
1593 5728 1939 5795 potissimum
1975 5729 2044 5781 ab
2076 5728 2293 5783 .L'liano

726 5828 778 5874 et
809 5818 1063 5879 Arriano.
1094 5819 1419 5881 quibuscum
1478 5821 1659 5876 ωειοιί
1699 5822 1855 5885 quasi
1881 5837 1986 5876 una
2013 5836 2145 5877 voce
2168 5840 2296 5877 con-

2475 4718 2578 4775 πε’.
2615 4721 2678 4772 Δί
2708 4716 2805 4786 μὲν
2830 4710 2923 4768 οὗν
2943 4712 3243 4782 γυμνασέαι
3263 4704 3423 4765 αὗται
3448 4709 3700 4763 δύνανται
3725 4711 3783 4763 ἐν
3804 4708 3985 4780 καιρῷ

2406 4815 2643 4882 πολέμου
2670 4812 2764 4862 τὸν
2792 4805 3129 4875 στρατιώτην
3146 4804 3363 4873 ἕτοιμον
3393 4802 3857 4871 παρασκευάζειν,
3887 4804 3983 4855 καὶ

2403 4911 2512 4983 πρὸ
2537 4882 2733 4976 καιροῦ
2766 4900 3004 4969 πολέμου
3039 4898 3168 4952 ἄνευ
3198 4896 3419 4964 σιδήρου
3444 4894 3534 4947 διὰ
3566 4893 3749 4947 ὃπλων
3775 4895 3983 4966 ἐτέρων

2402 5005 2512 5056 τῶν
2534 4999 2671 5070 πρὸς
2699 4992 3009 5064 γυμνασίαν
3034 4988 3359 5059 ἐπιτηδείων
3391 4987 3594 5051 ἐθίζειν
3634 4987 3774 5058 πρὸς
3802 4987 3984 5041 πάντα

2404 5096 2472 5148 τὰ
2494 5092 2751 5162 σχήματα
2784 5086 2892 5137 τῶν
2947 5083 3237 5153 κινήσεων,
3269 5080 3364 5134 καὶ
3416 5078 3488 5131 τὰ
3542 5078 3984 5148 παραγγέλματα

2406 5184 2623 5254 εὐφυῶς
2657 5181 2755 5234 καὶ
2814 5180 2942 5233 ἄνευ
2978 5176 3222 5246 ταραχῆς
3277 5173 3375 5229 καὶ
3432 5170 3695 5242 θροισμοῦ
3742 5171 3987 5241 staﬁva-

2409 5278 2555 5340 σθαι,
2586 5276 2716 5328 ὅταν
2753 5271 2988 5342 μάλιστα
3030 5269 3164 5336 πρὸς
3208 5265 3413 5335 ἄλληλα
3464 5265 3533 5317 τὰ
3563 5264 3817 5333 τάγματα
3843 5264 3986 5318 atat-

2409 5367 2648 5439 ρούμενα
2672 5365 2751 5426 εἰς
2776 5361 2870 5415 δύο
2898 5356 3377 5428 ἀντιπαρατάξεις,
3408 5356 3516 5410 εἴτε
3541 5355 3663 5408 καθ’
3690 5355 3749 5407 ἓν
3771 5356 3983 5424 τάγμα,

2406 5461 2513 5512 εἴτε
2545 5458 2686 5509 κατὰ
2724 5455 2945 5507 πλείονα
2968 5453 3203 5504 ποιεῖται
3235 5449 3334 5520 τὴν
3351 5448 3682 5518 γυμνασίαν.

2476 5548 2594 5613 πς’.
2632 5548 2748 5600 Οὐκ
2778 5545 2957 5613 ἀγνοῶ
2982 5545 3066 5597 ὅτι
3098 5542 3249 5612 παρὰ
3274 5544 3387 5604 τοῖς
3411 5541 3659 5610 ἀρχαίοις
3688 5540 3783 5592 καὶ
3813 5539 3982 5610 ἕτερά

2402 5658 2524 5693 τινα
2562 5638 2914 5708 παραδίδοται
2946 5635 3385 5705 παραγγέλματα
3412 5635 3507 5686 καὶ
3550 5634 3835 5703 κινήματα
3882 5650 3984 5699 γυ-

2410 5735 2643 5803 μνασίας
2668 5731 2848 5793 ἄλλοις
2877 5747 2961 5797 τε,
2986 5730 3082 5782 καὶ
3098 5729 3353 5799 ’Δριανῷ,
3388 5729 3481 5782 καὶ
3507 5727 3766 5795 Λὶλιανῷ,
3791 5726 3987 5796 ῶσπερ

2407 5823 2466 5887 ἐξ
2520 5824 2640 5886 ἐνὸς
2692 5822 2960 5892 στὸματος
2998 5823 3126 5893 περὶ
3162 5822 3343 5877 αὐτῶν
3386 5819 3782 5890 ὸιιοορωνοῦσιν.
3836 5818 3981 5873 Ἀλλ’
