4176 6446
135 447 236 513 761

1240 446 1575 507 TACTICA.
1596 471 1666 481 ·-
1694 444 2196 508 CONSTITUTIO
2232 449 2360 510 VII.

3292 457 3394 522 702

139 558 222 610 ἵνα
255 555 332 625 μὴ
367 556 462 608 ἐπὶ
497 554 694 616 πλάτος
723 553 976 608 τοσοῦτον
1009 554 1353 624 παρεκτείνω
1407 557 1498 609 τὸν
1532 555 1713 621 λόγον,

1821 555 2062 610 sentiunt
2093 574 2105 609 :
2139 557 2234 611 sed
2259 573 2324 611 ne
2353 556 2421 610 ad
2475 556 2696 613 nimiam
2749 560 3145 631 longitudinem
3191 570 3394 634 produ-

137 644 192 694 ὲν
239 642 527 711 κεφαλαίῳ
561 641 708 712 μόνῳ
750 644 970 713 μνήμην
1004 643 1308 714 παραθήσω
1339 644 1586 708 ἐκείνων,
1620 646 1715 696 καὶ

136 733 226 786 τοῦ
257 735 452 787 λοιποῦ
480 737 826 805 σιωπήσομαι
853 736 912 788 τὸ
942 736 1164 806 πλῆθος,
1189 737 1250 790 τὸ
1273 738 1390 806 μὲν,
1421 737 1507 790 διὰ
1540 737 1636 808 τὴν
1660 738 1715 790 ὲν

135 827 318 888 αὐτοῖς
355 826 593 894 ἁσαφίαν
614 826 722 896 (21)
757 843 816 878 τε
842 828 932 881 καὶ
964 827 1286 897 ἀχρηστίαν,
1319 829 1377 881 τὸ
1405 829 1481 894 δὲ,
1508 829 1600 881 καὶ
1631 829 1716 880 διὰ

137 919 196 971 τὸ
229 918 448 971 ἐκεῖθεν
479 918 855 987 ἀναληφθῆναι
889 919 1079 989 ὥσπερ
1119 911 1544 992 ἀνθολογηθὲντα
1582 924 1711 989 παρ’

135 1011 288 1080 ἡμῶν
311 1011 551 1064 ἐνταῦθα
587 1013 682 1064 κα)⁵
710 1012 978 1083 είρημένα
1008 1013 1146 1082 μετὰ
1173 1017 1273 1084 τῆς
1301 1016 1410 1067 τῶν
1435 1014 1715 1085 νεωτέρων

133 1103 222 1155 διὰ
253 1105 457 1173 πείρας
485 1103 778 1173 εὑρέσεως.
813 1105 922 1157 Καὶ
945 1103 1031 1157 ἴνα
1069 1104 1143 1175 μὴ
1175 1105 1527 1176 ἀπειρόκαλοι
1557 1106 1716 1170 δόξω-

139 1211 235 1262 μεν
260 1189 428 1258 εἶναι,
460 1196 554 1246 καὶ
606 1195 1007 1267 δευτερολογείν
1062 1196 1286 1266 ἀσαφῶς
1316 1197 1553 1251 ἐνταῦθα
1614 1199 1713 1268 ἤδη

135 1284 536 1354 σαφηνισθέντα
568 1284 700 1354 (22).

201 1486 311 1552 ττξ.
349 1490 506 1559 Παρὰ
529 1489 635 1560 γὰρ
675 1489 912 1560 Αίλιανῴ
945 1489 1193 1558 λέγονται
1225 1490 1462 1560 ὀνόματα
1489 1492 1594 1546 ’καὶ
1627 1510 1712 1546 κι-

133 1581 320 1652 νήσεις
355 1577 518 1634 αὗται
542 1596 558 1613 ο
600 1583 632 1650 ἡ
667 1581 763 1650 μὲν
784 1580 959 1644 κλίσις
993 1581 1324 1652 καλουμένη,
1349 1583 1445 1652 τὴν
1465 1583 1520 1636 δὲ
1540 1583 1714 1637 κλίσιν

134 1677 208 1734 εἰς
241 1672 336 1724 δύο
354 1673 569 1742 διαιρεῖ.
598 1674 706 1726 Καὶ
728 1673 824 1744 τὴν
852 1673 951 1743 μὲν
965 1674 1056 1726 ἐπὶ
1083 1673 1282 1726 ἀσπίδα
1314 1676 1404 1728 καὶ
1421 1676 1580 1738 αὐτὸς
1600 1675 1714 1728 κλί-

133 1781 214 1814 σιν
238 1763 410 1830 λέγει,
444 1764 608 1832 ἤγουν
628 1765 1043 1836 ὲπὶσκουτάριν,
1063 1763 1160 1833 τὴν
1187 1765 1241 1818 δὲ
1263 1765 1353 1818 ἐπὶ
1375 1765 1525 1836 δόρυ,
1546 1768 1715 1838 ἤγουν

132 1858 221 1910 ἐπὶ
233 1857 677 1924 κοντάριν,Ἐστι
707 1856 764 1908 δέ
781 1873 863 1918 τις
877 1855 1091 1926 κίνησις
1119 1856 1212 1909 καὶ
1235 1858 1364 1926 παρ’
1380 1855 1555 1908 αὐτῶν
1579 1859 1711 1928 (25),

1828 651 1980 696 catur
2018 645 2220 710 oratio,
2261 660 2370 700 uno
2397 646 2560 715 quasi
2582 645 2759 715 capite
2791 650 2966 702 solum
2997 650 3088 705 illa
3116 654 3391 709 recitabo:

1824 735 1891 789 de
1923 745 2120 791 caetero
2153 743 2335 791 autem
2362 748 2584 809 pr0pter
2635 739 3032 810 longitudinem
3080 745 3171 799 illa
3203 749 3393 801 eadem

1826 828 2260 894 prretermittam,
2294 831 2488 897 partim
2521 842 2743 902 propter
2792 832 3184 890 obscuritatem
3234 849 3398 908 Itque

1827 917 2193 982 inutilitatem,
2249 919 2446 986 paitim
2493 922 2618 988 quia
2679 922 2746 978 iis
2799 923 3082 993 diligenter
3141 928 3394 996 cognitis,

1824 1027 1944 1079 qua:
1971 1028 2001 1066 a
2039 1013 2200 1067 nobis
2231 1014 2496 1084 explicata
2522 1026 2667 1082 sunt,
2693 1019 3028 1088 experientia
3052 1023 3286 1089 quadam
3311 1025 3396 1075 ad-

1826 1105 2016 1183 hibita,
2038 1105 2196 1161 facile
2229 1107 2328 1160 ista
2356 1108 2424 1160 ab
2452 1109 2530 1162 eis
2559 1110 2700 1161 sumi
2742 1120 2988 1178 possunt.
3034 1112 3202 1167 Valde
3232 1117 3392 1168 etiam

1824 1207 2106 1268 propterea
2138 1199 2320 1255 insciti
2359 1201 2633 1270 rudesque
2684 1219 2867 1257 rerum
2893 1207 3204 1260 videremur
3243 1224 3387 1273 esse,

1823 1292 1868 1345 si
1902 1292 2016 1346 haec
2039 1307 2161 1361 qua:
2187 1307 2312 1347 cum
2357 1295 2603 1350 claritate
2637 1298 2872 1366 quadam
2913 1307 2966 1352 et
3012 1301 3397 1371 perspicuitate

1820 1383 2067 1450 exposita
2091 1393 2240 1448 sunt,
2269 1399 2390 1439 cum
2417 1389 2752 1442 obscuritate
2779 1389 2976 1443 iterum
3007 1403 3396 1460 repeteremus.

1894 1470 1984 1523 ρ7.
2021 1470 2102 1523 Ali
2135 1471 2357 1526 IEliano
2392 1483 2571 1528 autem
2608 1476 2722 1530 haec
2748 1478 2970 1531 nomina
3013 1488 3066 1533 et
3116 1481 3169 1534 lii
3218 1493 3397 1537 motus

1824 1571 2205 1618 recensentur:
2227 1565 2437 1629 Κλίσις,
2475 1567 2527 1619 id
2557 1575 2659 1630 est,
2688 1568 2998 1623 declinatio.
3033 1568 3184 1625 Hane
3217 1581 3396 1626 autem

1822 1653 2237 1710 declinationem
2279 1659 2330 1711 in
2366 1658 2476 1713 duo
2524 1659 2735 1725 dividit,
2773 1661 2999 1716 alteram
3035 1663 3126 1716 ἐπὶ
3171 1665 3394 1727 ἀσπίδα,

1824 1747 1889 1799 ad
1915 1748 2186 1818 clypeum,
2222 1750 2337 1803 sive
2378 1751 2442 1802 ad
2489 1761 2726 1812 scutum,
2768 1753 2850 1806 vel
2897 1752 2965 1806 ad
3000 1754 3213 1819 laevam,
3255 1755 3392 1808 alte»

1823 1852 1936 1892 ram
1969 1838 2062 1890 ἐπὶ
2097 1839 2246 1907 δόρυ,
2290 1839 2356 1893 ad
2391 1840 2628 1904 hastam,
2681 1840 2762 1894 vel
2815 1844 2884 1896 ad
2928 1844 3194 1897 dextram.
3241 1844 3396 1898 Alius

132 1950 222 2001 κα).
285 1948 576 2018 μεταϐιλὴ,
633 1949 727 2000 καὶ
763 1946 1085 2018 ἐπιστροφὴ,
1117 1949 1212 2002 καὶ
1264 1949 1600 2020 ἀναστροφὴ,
1626 1951 1713 2004 καὶ

1823 1929 1962 1998 apud
1990 1929 2139 1984 illum
2164 1940 2345 1986 motus
2377 1941 2479 1997 est,
2523 1933 2814 2005 μεταϐολὴ,
2859 1935 3236 2002 commutatio,
3269 1952 3398 1991 cou-

133 2039 539 2109 περισπασμὺς,
582 2039 676 2090 καὶ
721 2037 1190 2107 ἐκπερισπασμὸς,
1243 2038 1337 2090 καὶ
1379 2036 1581 2106 ζυγεῖν,
1625 2041 1721 2094 καὶ

134 2132 362 2199 στιχεῖν,
395 2130 491 2182 καὶ
524 2130 613 2182 ἐπ’
639 2127 796 2200 ὀρθὸν
816 2129 1127 2194 ἀποδοῦναι,
1157 2130 1252 2181 καὶ
1278 2129 1592 2197 ἐξελίσσειν,
1627 2132 1723 2186 καὶ

133 2221 526 2284 διπλασιάζειν.
578 2222 809 2288 Λέγεται
868 2221 924 2274 δὲ
969 2222 1064 2274 καὶ
1109 2222 1394 2293 ἐπαγωγὴ,
1454 2225 1547 2277 καὶ
1577 2225 1721 2289 δεξιὰ

132 2314 467 2381 παραγωγὴ,
503 2312 599 2365 καὶ
637 2311 841 2380 πλαγία
878 2311 1110 2382 φάλαγξ,
1175 2316 1267 2365 καὶ
1295 2314 1451 2385 ὀρθία
1485 2316 1716 2384 φάλαγξ,

132 2407 222 2457 καὶ
255 2403 388 2474 λοξὴ
423 2404 660 2473 φάλαγξ,
708 2407 803 2457 καὶ
833 2403 1175 2474 παρεμϐολὴ,
1198 2407 1292 2459 καὶ
1321 2406 1600 2476 πρόταξις,
1623 2410 1721 2462 καὶ

132 2497 368 2562 ἔνταξις,
407 2499 498 2549 καὶ
520 2496 801 2560 ὑπόταξις,
847 2498 942 2549 καὶ
979 2496 1246 2562 ἐπίταξις,
1267 2500 1361 2550 καὶ
1401 2497 1718 2569 πρόσταξις,

132 2591 222 2643 καὶ
269 2591 598 2660 παράταξις.

196 2700 311 2770 mf.
340 2702 409 2752 Al
428 2702 524 2772 μὲν
547 2696 639 2755 οὖν
655 2701 764 2754 τῶν
792 2703 1060 2773 κινήσεωι
1080 2717 1356 2755 τοσαυται.
1379 2700 1460 2753 Τὰ
1482 2699 1537 2753 δὲ
1575 2717 1717 2772 παρο

130 2793 298 2862 αγγὲλ
305 2809 453 2861 ματα
479 2791 538 2845 οὔ
546 2810 648 2856 τως
673 2808 687 2822 °

201 2908 335 2972 Ἀγε
353 2906 433 2970 είς
466 2910 532 2958 τὰ
559 2906 718 2959 ὅπλα.

200 2993 532 3064 Παράστητε
573 2995 723 3064 παρὰ
751 2997 819 3048 τὰ
850 2996 1008 3048 ὅπλα.

208 3086 543 3155 Ὁπλοφὸρος
574 3085 648 3158 μὴ
676 3086 852 3139 ἀπίτω
881 3087 977 3157 τῆς
1005 3087 1300 3155 φάλαγγος.

199 3179 341 3247 Σίγα
376 3180 472 3232 καὶ
504 3179 736 3250 πρόσεχε
767 3179 843 3253 τῷ
870 3178 1393 3251 παραγγελλομένῳ.

201 3271 352 3321 Ἀνω
379 3270 445 3321 τὰ
473 3269 694 3339 δόρατα..

199 3360 383 3422 Κάθες
411 3360 478 3412 τὰ
499 3359 719 3430 δόρατα.

195 3450 444 3520 Οὐραγδς
475 3450 565 3503 τὸν
595 3450 748 3520 λόχον
768 3450 876 3520 (24)
898 3438 1265 3505 ἀπευθυνέτω.

197 3545 370 3614 Τήρει
400 3544 469 3596 τὰ
490 3544 863 3616 διαστήματα.

203 3635 328 3687 Ἐπὶ
350 3635 478 3705 δόρυ
503 3634 702 3689 κλῖνον.

210 3727 336 3780 Ἐπὶ
364 3728 566 3782 ἀσπίδα
597 3728 779 3782 κλῖνον

198 3824 242 3876 Il
255 3820 440 3892 ςιόαγε.

205 3912 339 3980 Ἐχε
368 3908 565 3973 οὕτως.

199 4002 296 4064 Είς
316 3999 476 4071 ὀρθὸν
505 3999 726 4063 ἀπόδος.

199 4093 275 4145 Τὸ
311 4091 478 4161 βάθος
509 4090 852 4156 διπλασίαζε.

213 4184 718 4254 Ἀποκατάστησον.

197 4278 306 4331 Τὸν
336 4278 555 4330 λάκωνα
578 4276 670 4328 ἐπὶ
705 4275 766 4329 τὸ
790 4275 917 4346 δόρυ
951 4274 1279 4347 ἐκπερίσπα.

206 4368 712 4439 ’Δποκατάστησον.

218 4460 308 4517 :0'.
355 4461 518 4515 ’Δλλὰ
547 4459 720 4513 ταῦτα
751 4460 840 4512 διὰ
861 4476 920 4511 τε
950 4459 1011 4512 τὸ
1039 4459 1249 4527 ἀσαφὲς
1271 4458 1364 4511 καὶ
1395 4459 1494 4529 τὴν
1534 4459 1705 4528 ἀχρη-

1825 2024 2023 2088 versio,
2075 2025 2338 2087 reversio.
2380 2024 2618 2090 biﬂexio,
2681 2026 2933 2093 triﬂexio,
2971 2029 3184 2097 jugare,
3225 2029 3396 2081 decu-

1825 2109 1987 2181 riare,
2032 2116 2289 2185 dirigere,
2335 2118 2604 2178 evolvere,
2645 2119 2943 2185 duplicare.
2985 2119 3196 2173 Dicitur
3230 2120 3392 2174 etiam

1825 2207 2088 2266 inductio.
2125 2207 2316 2260 dextra
2362 2207 2658 2270 traductio,
2702 2207 2921 2276 obliqua
2959 2209 3216 2274 phalanx,
3247 2219 3394 2261 recta

1823 2300 2080 2367 phalanx,
2113 2300 2335 2354 incurva
2381 2300 2636 2369 phalanx,
2683 2301 3008 2370 interjectio,
3059 2301 3391 2370 praepositio,

1824 2390 2121 2461 iniposizio,
2151 2393 2478 2461 suppositio,
2512 2394 2851 2462 p0:lp0§ill0,
2877 2393 3162 2462 appositio.

1891 2677 1978 2731 88.
2010 2674 2239 2731 Nomina
2289 2675 2455 2747 igitur
2484 2680 2728 2733 mutuum
2772 2677 2888 2733 haec
2918 2685 3066 2734 Sunt.
3116 2673 3388 2746 l’rmcepta

1819 2779 2002 2824 autem
2035 2770 2145 2823 illis
2175 2769 2292 2824 haec
2318 2769 2467 2823 trade
2497 2787 2508 2822 :

1889 2886 2002 2953 Age
2032 2885 2097 2938 ad
2129 2899 2303 2939 arma.

1889 2976 2144 3032 Assistite
2177 2975 2368 3030 armis.

1887 3070 2146 3122 Armatus
2175 3083 2243 3121 ne
2273 3066 2520 3122 discedat
2549 3068 2615 3121 ab
2650 3067 2792 3123 acie.

1891 3156 2001 3212 Sile
2028 3168 2080 3212 et
2121 3157 2342 3212 attende
2375 3158 2800 3228 praecipientem.

1735 3262 1780 3320 ς
1881 3249 2112 3304 Sursum
2148 3250 2355 3305 hastas.

1885 3339 2118 3394 Demittc
2142 3340 2352 3393 hastas.

1886 3430 2194 3486 Ultimanus
2233 3432 2652 3487 contubernium
2685 3433 2899 3504 dirigat.

1884 3520 2112 3574 Custodi
2135 3521 2440 3576 intervalla.

1883 3612 1964 3667 Ad
2002 3614 2212 3669 hastam
2244 3617 2476 3670 declina.

1886 3706 1967 3758 Ad
2008 3706 2242 3775 clipeum
2273 3707 2506 3762 declina.

1885 3799 2150 3853 Procede.

1887 3889 2033 3942 Istuc
2065 3905 2244 3943 serva.

1884 3979 2096 4035 Directe
2123 3984 2376 4049 procede.

1882 4073 2236 4127 Altitudinem
2273 4074 2510 4146 duplica.

1888 4160 2085 4229 Recipe
2119 4162 2340 4214 iterum.

1882 4252 2213 4307 Laconicum
2249 4253 2316 4307 ad
2351 4253 2562 4308 hastam
2597 4254 2845 4311 trivelve.

1881 4344 2081 4414 Recipe
2115 4356 2184 4399 te.

1879 4457 1967 4512 89.
2006 4457 2110 4511 Sed
2143 4459 2245 4514 ista
2272 4470 2437 4529 atque
2471 4463 2576 4516 alia
2626 4464 2755 4517 item
2807 4465 3124 4534 hujusmodi
3168 4475 3391 4536 propter

126 4555 281 4607 στίαν
327 4553 465 4614 τέως
505 4551 855 4622 παρείδομεν,
889 4549 985 4603 τοῦ
1031 4550 1301 4618 συντόμου
1357 4552 1452 4603 καὶ
1504 4550 1708 4620 σαφοῦς

1821 4551 2200 4606 obscuritatem
2233 4561 2286 4607 et
2319 4555 2670 4610 inutilitatem
2698 4558 2803 4610 huc
2837 4574 3008 4626 usque
3049 4559 3384 4621 distulimus.

127 4646 366 4717 μάλιστα
397 4643 797 4714 φροντίζοντες.

187 4850 260 4919 μ’.
297 4849 381 4902 Τὰ
435 4848 532 4918 μὲν
584 4843 678 4901 οὖν
734 4847 864 4917 περὶ
918 4847 1225 4918 γυμνασίας
1260 4849 1391 4917 ἡμῖν
1446 4865 1704 4919 προειρηο

125 4945 259 5012 μένα
294 4939 529 5009 πεζικῆς
557 4956 614 4992 τε
640 4939 733 4992 καὶ
763 4938 1013 5009 ἱππικῆς,
1040 4939 1130 4991 τόν
1169 4955 1226 4991 τε
1260 4937 1380 4991 καθ’
1407 4938 1503 4991 ἕνα
1533 4957 1702 5009 στρα-

121 5031 343 5101 τιώτην,
373 5030 467 5082 καὶ
497 5027 605 5081 τῶν
627 5027 768 5081 κατὰ
795 5027 1049 5097 τάγματα
1079 5027 1174 5082 καὶ⁵
1223 5027 1576 5099 παρατάξεις,
1626 5031 1703 5093 ὡς

122 5124 176 5175 ὲν
200 5120 451 5190 ὲπιτόμῳ
479 5118 793 5189 ἀρκούντως
845 5118 979 5188 ἔχει.
1022 5118 1324 5190 Ἀρμοδίως
1366 5120 1423 5173 δὲ
1450 5119 1528 5189 τῷ
1560 5137 1702 5190 παρ-

122 5211 232 5264 όντι
264 5209 605 5278 συντάγματι
636 5209 730 5261 καὶ
765 5205 836 5260 τὰ
863 5210 976 5272 τοῖς
1021 5209 1396 5280 ἁμαρτάνουσι
1430 5212 1696 5281 στρατιώ-

1817 4643 1947 4711 quia
1979 4643 2261 4699 brevitatis
2283 4656 2336 4700 et
2363 4646 2768 4716 perspicuitatis
2794 4651 3088 4704 maximam
3114 4655 3384 4705 rationem

1818 4732 2104 4788 habemus.

1882 4849 1970 4902 90.
2005 4847 2128 4903 Haec
2160 4849 2323 4918 igitur
2355 4865 2384 4903 a
2424 4851 2583 4905 nobis
2616 4854 2683 4905 de
2712 4851 3108 4906 exercitatione
3136 4854 3382 4922 equestri

1810 4949 1863 4993 et
1891 4941 2147 5010 pedestri,
2191 4951 2307 4995 tum
2357 4943 2631 5013 sigillatim
2661 4958 2755 5012 per
2787 4959 3230 5013 unumquemque
3277 4946 3385 5017 nii-

1809 5031 1980 5098 litem,
2005 5041 2115 5085 tum
2137 5035 2434 5101 generatim
2462 5050 2557 5103 per
2582 5036 2838 5090 cohortes
2857 5046 3018 5104 atque
3036 5037 3205 5102 acies,
3233 5037 3382 5090 brevi

1818 5133 2247 5176 commemorata
2303 5125 2438 5177 satis
2477 5134 2659 5178 sunto.
2697 5126 2800 5179 Par
2857 5137 2936 5180 est
2984 5136 3186 5192 autem,
3224 5137 3276 5181 et
3304 5130 3382 5181 rei

1805 5223 2070 5283 susceptae
2103 5215 2380 5281 idoneum,
2405 5215 2853 5287 delinquentibus
2888 5218 3152 5273 militibus
3183 5220 3382 5274 multas

121 5319 238 5366 ταις
272 5301 527 5371 ἐπιτίμια
573 5299 815 5366 ἐντάξαι,
870 5301 957 5354 ἵνα
1002 5300 1341 5368 γινώσκωσιν
1394 5303 1554 5364 αὐτὰ,
1603 5304 1696 5355 καὶ

1827 5322 2099 5375 inponere,
2126 5317 2181 5362 ut
2208 5323 2300 5363 eas
2334 5321 2684 5380 cognoscant,
2705 5327 2880 5382 neque
2907 5311 3213 5383 ignorantia
3241 5328 3382 5383 qua-

127 5398 198 5467 μὴ
224 5394 549 5464 ἀγνοοῦντες
566 5395 883 5467 ὲμπίπτωσι
931 5397 1050 5458 ταῖς
1092 5393 1149 5446 ὲν
1179 5395 1362 5456 αὐτοῖς
1415 5395 1700 5464 κειμέναις

1821 5401 1930 5453 lani
1966 5401 2016 5453 in
2057 5399 2168 5456 [me
2192 5402 2455 5472 supplicia
2497 5402 2602 5458 illis
2629 5405 2920 5459 constituta
2951 5404 3210 5461 incidant.

124 5487 437 5561 τιμωρίαις.

1555 5661 1790 5730 ΝΟΤᾸΞ,

217 5804 307 5874 21)
329 5802 654 5874 'Aqagalar.
681 5803 892 5867 Scribe,
920 5806 1210 5872 ἀσάφειαν.

217 5806 307 5874 21)
329 5806 654 5872 ’Δσαςοιαη
681 5806 892 5867 Scribe,
920 5806 1210 5872 ἀσάφειαν.

190 5806 310 5950 ΣΗ)
349 5872 496 5942 Ἤδη
526 5876 998 5945 σαφηνισθέντα.
1023 5872 1473 5940 δυτίὺοὺαιυῃτὰ
1500 5871 1611 5942 εἴδη
1642 5888 1690 5924 σ.

2042 5810 2183 5881 Παρ’
2205 5808 2421 5879 αὐτῶν.
2455 5808 2664 5875 Scribe,
2691 5828 2751 5864 π.
2778 5811 2944 5881 αὐτῷ.

1877 5876 1987 5944 (24)
2033 5876 2141 5933 Τὸν
2170 5876 2376 5947 λόχον.
2415 5881 2782 5945 δςτὼευιιιιιι·,
2820 5876 3107 5944 τὸνλόγον.
