4176 6446
807 421 915 489 763

1258 526 1733 585 ‘CONSTITU'I‘IO
1784 525 1923 585 VIII.

1230 620 1305 675 De
1364 621 1546 675 utultis
1602 621 1945 675 militaribus.

881 716 932 771 ἰ.
959 712 1073 768 Non
1124 711 1289 767 modo
1334 711 1387 766 in
1430 713 1573 766 veris
1610 709 2028 775 certaminibus,
2081 710 2173 766 sed
2214 710 2378 765 etiam

811 808 927 875 ipso
966 803 1377 858 exercitationis
1420 813 1685 871 tempore,
1715 814 1908 856 omnes
1935 801 2173 869 praefecti
2204 810 2368 871 atque

808 897 1063 950 cohortes
1092 896 1355 950 militares
1377 892 1738 961 convocandi,
1758 903 1813 948 et
1840 893 1921 947 ha:
1947 893 2091 963 leges
2116 894 2380 949 militares

809 987 1156 1043 recensendae
1195 991 1345 1052 sunt,
1376 998 1493 1055 quae
1521 983 1723 1040 multas
1754 984 1853 1039 has
1881 984 2192 1039 continent:

874 1261 931 1315 2.
966 1260 1024 1315 Si
1056 1260 1211 1314 miles
1256 1258 1523 1329 quintano
1551 1266 1646 1312 aut
1690 1268 1963 1330 quartano
1994 1274 2094 1315 suo
2122 1259 2360 1315 adverse

809 1364 915 1419 tur,
956 1354 1286 1421 castigetur:
1338 1351 1422 1407 sin
1488 1360 1790 1421 quartanus
1828 1360 1921 1406 aut
1955 1357 2252 1422 quintanus
2278 1352 2374 1407 dc-

807 1459 942 1498 cano
969 1459 1068 1497 suo
1100 1446 1435 1505 adversetur,
1468 1446 1763 1513 castigetur
1803 1459 2042 1512 quoque.
2082 1442 2176 1498 Sin
2219 1444 2378 1498 deca-

808 1544 911 1584 nus
960 1531 1299 1597 centurioni,
1342 1531 1458 1600 pari
1506 1532 1688 1584 modo.
1733 1528 1829 1583 Sin
1862 1531 1987 1597 quis
2036 1544 2102 1583 ex
2151 1532 2379 1587 cohorte

809 1628 1004 1680 audeat
1036 1632 1139 1680 hoc
1169 1629 1432 1682 adversus
1476 1640 1637 1681 suum
1690 1626 1862 1695 ipsius
1887 1626 2142 1683 comitem
2177 1626 2374 1696 facere,

809 1720 980 1787 rapite
1010 1720 1301 1787 plectatur.

880 1810 933 1863 5.
973 1808 1029 1863 Si
1075 1808 1200 1878 quis
1252 1807 1507 1876 iniuriam
1549 1824 1580 1863 a
1637 1823 1911 1879 quoquam
1961 1811 2252 1880 acceperit,
2307 1810 2375 1865 ad

808 1902 1048 1957 cohortis
1074 1916 1187 1955 suae
1225 1901 1537 1970 prmfectum
1574 1900 1807 1955 referat:
1859 1901 1942 1956 sin
1970 1901 2038 1955 ab
2077 1901 2197 1970 ipso
2230 1918 2369 1972 prae-

809 1993 950 2047 fecto
977 1992 1224 2057 laedatur,
1262 1991 1455 2062 majori
1485 1992 1649 2047 alicui
1682 1990 1939 2063 praefecto
1963 2004 2169 2050 narret.

875 2174 930 2227 4.
969 2174 1025 2227 Si
1058 2174 1183 2243 quis
1230 2174 1428 2229 audeat
1469 2174 1735 2245 magicam
1776 2189 2055 2243 exercere,
2096 2194 2206 2247 quo
2243 2188 2380 2233 tem-

809 2281 940 2336 pore
974 2268 1237 2322 militares
1264 2267 1487 2321 domum
1514 2281 1670 2321 suam
1699 2268 2069 2336 remittuntur,
2114 2281 2379 2339 perpetuo

809 2357 879 2411 ab
907 2358 1163 2412 omnibus
1197 2356 1419 2412 aciebus
1447 2356 1770 2426 expellatur.

879 2538 935 2591 5.
991 2535 1181 2606 Siqui
1250 2534 1686 2603 coniurationem
1745 2543 1841 2589 aut
1871 2543 2089 2604 pactum
2152 2534 2374 2604 aliquod

808 2636 996 2681 contra
1026 2626 1340 2698 praefectum
1381 2642 1540 2681 suum
1577 2626 1771 2696 quavis
1816 2627 1881 2681 de
1918 2642 2083 2682 causa
2128 2626 2375 2694 fecerint,

811 2719 987 2787 capite
1019 2719 1351 2788 plectantur,
1390 2726 1445 2771 et
1472 2717 1525 2771 in
1558 2716 1749 2788 primis
1780 2716 1881 2777 illi.
1912 2718 2007 2786 qui
2041 2717 2203 2787 hujus
2230 2718 2377 2773 sedi-

810 2810 973 2865 tionis
996 2820 1050 2865 et
1078 2809 1477 2879 conjurationis
1513 2816 1768 2863 auctores
1804 2808 2025 2863 fuerint.

873 2992 930 3046 ϐ.
963 2991 1019 3045 Si
1072 2992 1161 3046 cui
1203 2989 1449 3046 custodia
1502 2988 1744 3043 civitatis
1772 2997 1866 3043 aut
1893 2988 2099 3043 castelli
2148 2988 2377 3059 alicujus

810 3083 1094 3137 commissa
1115 3092 1219 3144 est,
1253 3082 1408 3151 isque
1431 3096 1551 3135 eam
1575 3079 1895 3151 prodiderit.
1921 3088 2016 3134 aut
2046 3080 2217 3134 invito
2241 3096 2376 3150 pra:-

808 3172 949 3227 fecto
1014 3170 1341 3237 deseruerit,
1406 3178 1652 3224 extremo
1718 3168 1984 3238 supplicio
2050 3168 2371 3225 adiciatur:

879 3352 931 3406 7.
960 3351 1016 3405 Si
1045 3352 1167 3420 quis
1195 3350 1437 3419 seipsum
1494 3347 1733 3402 inimicis
1765 3349 1993 3417 prodere
2022 3351 2157 3406 velle
2183 3351 2375 3423 depre-

815 3443 1107 3507 hendatur,
1144 3451 1392 3496 extremo
1420 3441 1689 3510 supplicio
1714 3439 2000 3495 aﬂiciatur.

863 3550 1155 3619 Nequeille
1206 3549 1403 3611 solum,
1431 3547 1524 3601 sed
1558 3548 1603 3601 is
1630 3550 1794 3602 etiam
1827 3549 1919 3618 qui
1954 3564 2077 3603 eum
2123 3553 2376 3606 conscius

812 3643 973 3712 hujus
1007 3642 1287 3704 facinoris,
1318 3640 1369 3693 id
1400 3639 1578 3708 ipsum
1620 3649 1797 3693 tamen
1848 3638 2105 3709 praefecto
2137 3641 2379 3697 indicare

811 3735 1007 3789 noluit.

879 3828 932 3880 8.
969 3824 1027 3880 Si
1073 3824 1198 3894 quis
1238 3839 1362 3878 cum
1406 3823 1597 3878 deeani
1652 3822 1907 3878 mandata
1956 3823 2216 3890 audierit,
2266 3840 2375 3880 non

811 3926 938 3990 agat
961 3932 1047 3982 ea,
1072 3916 1390 3984 castigetur.
1429 3915 1523 3970 Sin
1554 3925 1775 3985 propter
1808 3916 2172 3986 ignorantiam
2204 3917 2379 3972 offen-

810 4008 971 4067 derit.
999 4007 1241 4061 decanus
1267 4006 1401 4075 ipse,
1432 4004 1527 4076 qui
1560 4005 1664 4061 hoc
1699 4005 1774 4060 illi
1808 4020 1917 4060 non
1979 4006 2258 4070 indicavit,
2290 4022 2382 4061 ca-

810 4100 1058 4169 stigetur.

883 4188 938 4243 9.
979 4187 1038 4244 Si
1083 4189 1210 4255 quis
1248 4187 1483 4243 bestiam
1534 4187 1775 4258 aliquam
1825 4194 1921 4242 aut
1970 4200 2085 4243 rem
2131 4189 2246 4245 sive
2271 4204 2385 4243 ma-

811 4298 974 4353 gnam
1009 4282 1125 4337 sive
1174 4296 1397 4352 parvam
1448 4280 1736 4346 invenerit,
1774 4290 1829 4334 et
1857 4294 1978 4334 eam
2003 4279 2259 4349 praefecto
2283 4295 2386 4335 suo

812 4391 921 4431 non
948 4374 1257 4438 tradiderit,
1301 4381 1414 4427 tum
1448 4373 1585 4444 ipse,
1613 4382 1726 4426 tum
1760 4372 1853 4442 qui
1884 4372 2140 4429 conscius
2178 4372 2252 4428 illi
2280 4382 2383 4438 est,

813 4465 973 4537 quasi
1010 4464 1159 4518 fures
1198 4462 1417 4530 utrique
1444 4461 1799 4530 castigentur.

888 4694 977 4749 i0.
1013 4692 1232 4763 Siquis
1278 4689 1539 4746 damnum
1594 4689 1857 4759 municipi
1910 4703 2012 4744 suo
2065 4688 2275 4755 fecerit,
2329 4700 2385 4746 et

816 4784 948 4840 illud
977 4783 1259 4839 voluntate
1278 4795 1376 4836 sua
1409 4793 1517 4835 non
1540 4779 1870 4846 resarcierit,
1894 4779 2112 4851 duplam
2141 4779 2217 4835 illi
2244 4782 2385 4836 mul-

816 4887 926 4930 tam
962 4872 1256 4945 persolvat.

890 4968 981 5021 Η.
1014 4965 1071 5019 Si
1112 4962 1239 5034 quis
1271 4962 1458 5032 aliquo
1488 4959 1792 5016 vacationis
1836 4968 2082 5031 tempore
2115 4963 2387 5019 intermis-

2039 415 2316 478 LEONIS
2344 414 2802 476 I’HILOSOPIII

3950 420 4062 487 76$

3062 524 3375 581 ΔΙΑΤΑΞΙΣ
3407 527 3486 584 Η’.

2800 616 2936 685 Περί
2956 617 3397 685 στρατιωτικῶν
3414 619 3740 689 ἐπιτιμίων.

2548 710 2616 767 α’.
2654 713 2745 764 Δεῖ
2759 709 2851 766 οὖν
2878 712 2939 767 οὐ
2969 713 3127 782 μόνον
3149 712 3208 765 ιν
3234 711 3411 783 καιρῷ
3430 713 3537 766 τῶν
3571 713 3790 784 ἀληθῶν
3804 714 4058 783 ἀγώνων,

2481 804 2617 857 ἀλλά
2656 805 2751 857 καὶ
2777 805 2835 856 ἐν
2869 803 2949 874 τῷ
2975 802 3152 874 καιρῷ
3179 802 3281 872 τῆς
3340 804 3670 873 γυμνασίας,
3702 806 4061 877 συνηγμένων

2482 899 2736 951 ἁπάντων
2786 897 2890 949 τῶν
2949 914 3009 948 τε
3050 896 3329 968 ἀρχόντων
3359 896 3592 950 καὶτῶν
3641 899 4059 967 στρατιωτικῶν

2478 990 2797 1060 ταγμάτων,
2820 987 3246 1059 προσκαλεῖσθαι
3280 988 3510 1054 πάντας,
3563 988 3656 1041 καὶ
3706 990 4059 1057 ὐπαναγινώ-

2482 1097 2631 1134 σκειν
2659 1079 2841 1141 αὐτοῖς
2868 1078 2937 1131 τά
2980 1080 3244 1150 εἰρημένα
3260 1077 3467 1147 νόμιμα
3484 1078 3855 1149 στρατιωτικά
3885 1079 4057 1131 ἐπιτί-

2481 1188 2580 1241 μια
2605 1171 2796 1242 ἔχοντα
2828 1168 3000 1232 οὕτως
3018 1185 3033 1199 ο

2552 1262 2617 1333 β’,
2658 1262 2782 1315 Ἐὰν
2801 1260 3141 1332 στρατιώτης
3169 1259 3247 1331 τῷ
3274 1260 3386 1329 ἰδίῳ
3408 1263 3687 1333 πεντάρκῃ
3720 1261 3754 1330 ἦ
3776 1262 4055 1333 τετράρκῃ

2476 1352 2799 1423 ἐναντιωθῇ,
2833 1350 3282 1419 σωφρονιξέσθωο
3321 1350 3371 1403 εἰ
3398 1350 3454 1403 δὲ
3478 1351 3786 1421 τετράρχης
3811 1352 3847 1421 ἢ
3901 1368 4056 1403 πεντ-

2477 1444 2653 1515 ἀρχης
2683 1445 2759 1515 τῷ
2802 1444 2916 1514 ἰδίῳ
2949 1442 3221 1512 δεκάρχῳ,
3273 1442 3473 1513 ὁμοίως
3519 1442 3945 1513 σωφρονιζέσθω
3966 1459 3981 1474 ·
4008 1444 4053 1495 εἰ

2474 1536 2531 1589 δὲ
2557 1536 2812 1605 δέκαρχοι
2836 1533 2912 1605 τῷ
2946 1533 3247 1606 πεντάρχῃ.
3282 1532 3345 1585 Εἰ
3373 1533 3429 1586 δέ
3456 1550 3542 1597 τις
3568 1533 3677 1586 τῶν
3708 1533 3803 1587 τοῦ
3839 1534 4057 1603 τάγμα-

2474 1643 2564 1689 τος
2615 1626 2866 1697 τολμήσῃ
2899 1627 3058 1679 τοῦτο
3120 1624 3342 1695 ποιῆσαι
3370 1625 3451 1687 εἰς
3470 1625 3562 1679 τὸν
3593 1624 3787 1679 ἑαυτοῦ
3815 1626 4054 1695 κόμητα.

2482 1716 2752 1787 κεφαλικῇ
2783 1716 3024 1787 τιμωρία
3049 1714 3378 1769 ὑποκείσθω.

2549 1808 2618 1878 γ’.
2644 1807 2707 1861 Εἰ
2762 1807 2949 1879 μέντοι
3003 1806 3234 1877 ἀδικηθῇ
3299 1806 3451 1876 παρά
3491 1822 3667 1871 τινος,
3709 1805 3789 1876 τῷ
3833 1806 4054 1877 ἄρχοντι

2409 1882 2573 1955 Βτοῦ
2628 1902 2904 1970 τάγματος
2966 1899 3271 1970 προσέλθῃ·
3325 1900 3373 1952 εἰ
3404 1898 3460 1951 δὲ
3491 1899 3642 1969 παρά
3694 1898 3789 1952 τοῦ
3853 1900 4053 1970 ἄρχον-

2478 2008 2569 2054 τος
2630 1989 2795 2043 αὐτοῦ
2851 1988 3121 2061 ἀδικηθῇ,
3176 1989 3255 2059 τῷ
3332 1989 3540 2059 μείζονι
3604 1991 3822 2062 ἄρχοντι
3884 2008 4055 2061 προσ-

2480 2081 2631 2153 ἐλθῃ.

2547 2171 2609 2227 δ’.
2641 2171 2767 2225 Ἐάν
2795 2189 2880 2235 τις
2910 2171 3155 2243 τολμήσῃ
3187 2170 3449 2241 βαγεῦσαι
3479 2171 3590 2242 (25)
3630 2172 3769 2242 ὑπὲρ
3804 2171 3897 2225 τὸν
3930 2172 4056 2241 χρύ-

2480 2279 2569 2315 νον
2599 2279 2697 2314 του
2726 2262 3024 2331 κομεάτου,
3070 2262 3237 2331 ήγουν
3269 2260 3366 2331 τῆς
3398 2260 3714 2322 ἀπολύσεως
3745 2261 3856 2313 τῶν
3884 2277 4055 2331 στρα-

2476 2354 2686 2407 τιωτῶν
2717 2355 2797 2417 εἰς
2826 2355 2953 2417 τοὺς
2976 2352 3141 2415 ἰδίους
3165 2351 3372 2417 οἴκους,
3400 2354 3479 2415 εἰς
3502 2352 3725 2424 διηνεκῆ
3740 2351 4058 2416 ταξατέωνα

2479 2446 2808 2516 κατακριθῇ.

2558 2537 2621 2592 ε’.
2647 2538 2710 2591 Εἰ
2737 2536 2795 2590 δέ
2820 2552 2964 2599 τινες
2993 2535 3307 2605 τολμήσωσι
3340 2534 3702 2605 συνομωσίαν,
3725 2534 3758 2603 ἦ
3792 2534 4051 2604 φατρίαν,

2478 2631 2620 2685 κατὰ
2651 2629 2744 2684 τοῦ
2774 2629 3034 2700 ἄρχοντος
3061 2624 3156 2681 τοῦ
3213 2624 3343 2678 ἰδίου
3372 2628 3616 2695 ποιῆσαι,
3658 2625 3795 2696 ὑπὲρ
3827 2626 4055 2695 οἱασδή-

2480 2740 2610 2777 ποτε
2639 2722 2840 2785 αἰτίας,
2900 2718 3170 2789 κεφαλικῇ
3205 2716 3446 2787 τιμωρίᾳ
3486 2714 3861 2784 ὁποδληθῶσι,
3913 2717 4057 2768 κατά

2480 2812 2756 2883 ἐξαίρετον
2773 2811 2824 2864 οἰ
2854 2810 3063 2879 πρῶτοι
3090 2810 3190 2878 τῆς
3234 2805 3578 2876 συνομωσίας
3608 2803 3642 2874 ἢ
3676 2804 3775 2874 τῆς
3809 2805 4055 2867 στάσεως

2479 2904 2782 2973 γενόμενοι.

2552 2996 2625 3060 ς’.
2659 2997 2725 3051 Εἴ
2753 3014 2837 3060 τις
2852 2996 3251 3069 παραφυλακὴν
3278 2995 3483 3059 πόλεως
3512 2996 3544 3067 ἢ
3569 2995 3809 3065 κάστρου
3832 3006 4059 3043 πιστευο

2479 3091 2594 3153 θεὶς
2621 3090 2775 3143 τοῦτο
2802 3088 3173 3162 παραδὼσῃ,ἢ
3204 3087 3353 3159 παρὰ
3386 3087 3611 3157 γνώμην
3649 3085 3745 3139 τοῦ
3794 3085 4057 3152 ἄρχοντος

2478 3181 2643 3237 αὑτοῦ
2673 3181 2882 3235 ἐκεῖθεν
2912 3182 3266 3253 ἀναχωρήσῃ,
3298 3181 3505 3252 ἐσχάτῃ
3531 3177 3771 3250 τιμωρία
3809 3174 4053 3244 ὐποδλη-

2479 3276 2720 3348 θήσεται.

2544 3368 2612 3433 ζ’.
2649 3368 2715 3420 Εἰ
2740 3383 2824 3431 τις
2852 3365 3085 3437 ἔλεγχθῇ
3116 3364 3351 3435 θελήσας
3372 3363 3587 3435 ἐχθροῖς
3628 3360 3825 3416 ἑαυτὸν
3874 3376 4056 3429 παρα-

2476 3460 2680 3527 δοῦναι,
2718 3462 2784 3531 τῇ
2809 3459 3015 3530 ἐσχάτῃ
3038 3455 3278 3527 τιμωρία
3304 3454 3608 3525 ὑποδληθῇ.

2540 3574 2614 3627 Οὐ
2639 3575 2798 3645 μόνον
2838 3572 3019 3637 αὐτὸς,
3043 3570 3180 3626 ἀλλά
3209 3571 3343 3625 καὶὸ
3371 3569 3529 3623 τοῦτο
3564 3568 3816 3631 συνειδώς
3872 3565 4060 3635 ἔπτδη

2468 3666 2635 3720 ,τοῦτο
2665 3665 2823 3734 γνοὺς
2864 3666 2940 3735 τῷ
2969 3664 3191 3736 ἄρχοντι
3230 3663 3330 3716 οὐκ
3376 3662 3664 3732 ἐμήνυσεν.

2554 3849 2625 3919 η’.
2659 3848 2728 3901 Εἴ
2758 3837 2842 3913 τις
2874 3846 3115 3911 ἀκούσας
3146 3846 3215 3901 τά
3268 3846 3512 3917 μανδάτα
3558 3844 3652 3898 τοῦ
3682 3843 3955 3913 δεκάρχου
3984 3843 4060 3915 μὴ

2485 3940 2721 4011 φυλάξῃ,
2789 3938 3229 4010 σωφρονιζέσθω.
3276 3937 3339 3991 Εἰ
3368 3935 3655 4005 δὶάγνοῶν
3705 3936 3773 3990 τά
3819 3937 4062 4007 μανδάτα

2487 4034 2715 4106 πταίσῃ,
2750 4034 2778 4086 6
2808 4031 3080 4102 δεκάρχης
3109 4027 3549 4101 σωφρονιζέσθω,
3578 4026 3765 4098 ἐπειδὴ
3790 4026 3854 4079 οὐ
3878 4028 4063 4097 προεῖ-

2490 4142 2589 4179 πεν
2611 4124 2782 4195 αὐτῷ.

2558 4218 2622 4273 θ’.
2660 4217 2728 4271 Εἰ
2776 4234 2863 4280 τις
2919 4216 3112 4284 ἄλογον
3146 4214 3282 4280 ζῶον
3327 4214 3361 4287 ἢ
3413 4213 3543 4269 ἄλλο
3570 4213 3881 4284 οἰονδήποτι
3924 4207 4064 4275 εἶδος

2490 4307 2683 4379 μικρὸν
2709 4308 2743 4379 ἢ
2779 4306 2921 4375 μέγα
2968 4304 3167 4377 εὑρὼν,
3199 4304 3274 4375 μὴ
3305 4302 3464 4356 τοῦτο
3490 4302 3800 4376 φανερώσῃ,
3862 4301 3962 4355 καὶ
3988 4300 4065 4369 τῷ

2487 4400 2704 4470 ἄρχοντι
2738 4396 2816 4468 τῷ
2840 4396 2957 4465 ἰδίῳ
2987 4394 3304 4466 παραδὼσῃ,
3338 4390 3774 4464 σωφρονιζέσθω,
3812 4391 3877 4445 οὐ
3904 4393 4066 4461 μόνον

2412 4536 2466 4597 D
2493 4489 2674 4553 αὐτὸς,
2692 4487 2829 4542 ἀλλά
2849 4487 2942 4540 καὶ
2965 4486 2994 4539 6
3020 4484 3276 4549 συνειδὼς
3304 4483 3549 4555 αὺτῷ,ώς
3572 4484 3798 4537 κλέπται
3819 4483 4065 4552 ἀμφότι-

2491 4598 2593 4652 ροι.

2563 4693 2618 4749 ι’.
2677 4694 2748 4748 Εἴ
2803 4710 2889 4758 τις
2916 4691 3172 4765 ζημιώσῃ
3217 4690 3591 4762 συντιλεστὴν,
3636 4690 3834 4762 καὶμὴ
3878 4691 4067 4745 τοῦτον

2488 4790 2807 4860 προαιρέσει
2824 4786 3272 4859 ἀποθεραπεύσῃ,
3300 4784 3442 4841 κατά
3466 4786 3527 4838 τὸ
3545 4785 3825 4839 διπλάσιον
3852 4785 3954 4856 τὴν
3968 4787 4065 4856 ζη-

2492 4881 2622 4951 μίαν
2654 4879 2803 4951 αὑτῷ
2830 4879 3284 4951 ἀποκαταστήσῃ.

2562 4973 2651 5028 ια’.
2686 4973 2751 5027 Εἴ
2771 4990 2853 5036 τις
2888 4972 3180 5041 λαμϐάνων
3208 4970 3471 5025 ἀπόλυσιν
3508 4971 3566 5023 ὲν
3598 4968 3884 5041 εὐκαιρίας
3931 4971 4066 5040 ήμέο

819 5060 1029 5116 sionetn
1088 5057 1327 5125 aliquam
1368 5055 1589 5119 haheat,
1620 5063 1675 5111 et
1705 5069 1771 5109 eo
1805 5064 2048 5125 tempore
2092 5070 2245 5111 arma
2290 5072 2381 5111 sua

2490 5082 2609 5136 ραις
2638 5062 2747 5117 τῶν
2770 5061 2964 5117 ἑαυτοῦ
2984 5062 3164 5115 ὃπλων
3195 5060 3609 5131 περιφρονήσει,
3648 5061 3741 5113 καὶ
3778 5062 3858 5133 μὴ
3878 5061 4069 5119 τοῦτοι

818 5153 1141 5223 neglexerit,
1166 5158 1221 5205 et
1248 5150 1489 5205 decanus
1514 5164 1639 5204 eum
1665 5163 1771 5204 non
1802 5148 2039 5218 coegerit
2067 5164 2206 5203 nova
2237 5163 2356 5203 com
2373 5177 2390 5192 -

820 5258 1037 5314 parare,
1066 5252 1161 5296 aut
1197 5241 1386 5297 saltem
1414 5239 1672 5312 praefecto
1704 5254 1805 5294 suo
1828 5238 1931 5293 hoc
1971 5254 2079 5293 non
2110 5239 2386 5294 indicave-

821 5337 914 5403 rit,
947 5345 1063 5392 tum
1104 5335 1286 5403 miles,
1326 5343 1438 5389 tum
1468 5333 1713 5390 decanus
1746 5332 2106 5401 castigentur.

2485 5159 2515 5211 6
2536 5155 2808 5227 δεκάρχης
2828 5154 3115 5227 ἀναγκάσῃ
3144 5154 3447 5225 κτήσασθαι
3481 5153 3616 5225 (26),
3642 5153 3676 5223 ἢ
3700 5154 3795 5207 καὶ
3826 5155 3907 5225 τῷ
3953 5156 4067 5227 ἰδίῳ

2484 5249 2707 5320 ἄρχοντι
2725 5247 2882 5301 τοῦτο
2909 5246 2985 5317 μὴ
3002 5244 3312 5318 φανερώσῃ,
3330 5246 3425 5299 καὶ
3454 5248 3483 5299 6
3510 5244 3852 5318 στρατιώτης
3879 5249 4066 5313 αὐτὸς,

2488 5338 2583 5391 καὶ
2609 5338 2637 5391 6
2663 5336 2933 5406 δεκάρχης
2970 5335 3431 5407 σωφρονισθιῖηιν.

2336 5478 2569 5537 NOTAE.

890 5592 1004 5660 (25)
1037 5591 1357 5662 Βατεῦσαι.
1383 5591 1439 5648 In
1461 5591 1650 5648 codice
1679 5592 1897 5663 videtur
1943 5591 2113 5647 fuisse
2134 5582 2383 5663 ίμαγεῦ-

822 5680 931 5734 trag.
959 5664 1113 5734 Male.
1151 5662 1325 5734 Rufus
1356 5663 1409 5717 in
1448 5663 1575 5733 Leg.
1616 5663 1801 5734 milit.;
1821 5662 1986 5734 Εῐτις
2016 5662 2261 5734 τολμήσῃ
2289 5663 2385 5733 βα-

822 5731 1015 5803 γεζισαι
1059 5733 1201 5803 ὑπὲρ
1242 5732 1336 5786 τὸν
1361 5731 1551 5803 χρόνον
1581 5732 2052 5803 τοῦίκομμεάτου,
2079 5731 2185 5802 τῆς
2224 5731 2388 5803 στρα-

822 5750 1015 5800 γευσαι
1059 5750 1162 5786 υπε

822 5800 974 5867 τείας
1000 5750 1238 5868 ὲκσληςή

1243 5802 1418 5862 σεται.
1455 5803 1610 5869 Apud
1663 5802 1883 5863 Graecus
1920 5805 2249 5871 posteriores
2294 5802 2391 5869 3a-

2488 5593 2691 5667 γεύειν,
2733 5595 3057 5667 cstragqri,
3084 5612 3285 5653 errare.
3326 5595 3523 5654 Suidas
3560 5612 3578 5653 :
3615 5595 3895 5667 βαγεύειν,
3925 5598 4063 5651 πλα-

2492 5662 2758 5732 νητεύειν.
2789 5662 3287 5721 Ἶίάέϐίοεεαγὲιιηι
3328 5676 3601 5723 nostrum.

2569 5735 2682 5804 (26)
2725 5734 2788 5786 '0
2811 5734 3112 5805 δεκάρχης
3142 5737 3459 5808 ἀναγκάσῃ
3514 5737 3876 5807 κτήσασθαι.
3901 5737 4066 5796 Deest

2498 5806 2652 5869 alia,
2690 5815 2783 5861 aut
2814 5807 2918 5861 tale
2946 5808 3098 5869 quid.
