4176 6446
151 465 249 525 7G5

1230 452 1558 514 TACTICA.
1599 474 1665 486 -
1696 444 2191 508 CONSTITUTIO
2219 444 2382 507 ΠΗ.

3291 441 3396 504 766

222 572 310 642 ιβ’.
358 573 423 626 Et
450 587 535 632 τις
564 573 639 638 μὴ
671 566 958 638 ὑπακούσῃ
988 563 1066 637 τῷ
1098 564 1212 635 ἰδίῳ
1239 564 1480 634 ἄρχοντι,
1513 576 1726 630 σωφρο-

1894 558 1982 612 12.
2034 558 2091 612 Si
2130 558 2255 626 quis
2313 553 2568 626 pra-fecto
2610 569 2711 609 suo
2759 568 2868 610 nor.
2918 553 3393 624 obtemperaverit,

151 664 382 728 νιζέσθω
417 661 558 716 κατὰ
573 661 697 724 τοὺς
724 661 944 729 νόμους.

219 754 310 824 ιγ’.
348 756 417 807 Et
443 771 524 816 τις
581 751 833 821 ζημιώσῃ
887 748 1244 820 στρατιώτην,
1300 746 1358 798 ὲν
1408 743 1567 814 διπλῇ
1619 759 1719 794 πο-

153 845 340 913 σότητι
381 841 531 912 αὐτῷ
577 840 1033 909 ἀποκαταστήσῃ,
1094 835 1292 907 ὁμοίως
1339 835 1434 887 καὶ
1477 832 1723 885 συντελε-

155 938 304 1005 στήν.

223 1023 306 1077 ιδ’.
340 1025 404 1077 Εἰ
449 1023 504 1076 δὲ
542 1023 601 1075 ὲν
629 1018 1046 1090 παραχειμαδίῳ
1074 1017 1219 1071 ἐστὶν
1249 1019 1277 1069 ὁ
1326 1013 1575 1085 στρατὸς,
1629 1009 1722 1064 καὶ

154 1117 295 1170 κατὰ
320 1116 556 1186 πάροδον
597 1117 625 1168 ὁ
654 1114 859 1185 ἄρχων,
899 1113 932 1182 ἢ
990 1113 1018 1163 ὁ
1063 1108 1420 1179 στρατιώτης,
1471 1103 1724 1174 ζημιώσῃ

155 1208 539 1277 συντελεστὴν.
585 1206 679 1260 καὶ
719 1206 795 1276 μὴ
843 1203 1032 1256 τοῦτον
1087 1202 1312 1262 δεόντως
1346 1195 1725 1267 ἀποθεραπεύ-

153 1316 242 1370 σῃ,
268 1303 328 1352 ὲν
351 1299 512 1369 διπλῇ
546 1298 804 1367 ποσότητι
822 1295 979 1348 τοῦτο
1001 1291 1149 1362 αὐτῷ
1173 1289 1619 1358 ἀποκαταστήσῃ.

222 1389 308 1443 ιε’.
357 1392 423 1443 Et
460 1407 542 1452 τις
581 1391 638 1442 ὲν
672 1385 848 1457 καιρῴ
895 1385 1134 1453 πολέμου
1167 1381 1287 1449 δίχα
1313 1379 1580 1448 κομεάτου
1612 1373 1723 1443 (i7)

151 1482 321 1548 ἧγουν
343 1481 656 1543 ἀπολύσεως
689 1476 783 1531 τοῦ
814 1475 1064 1547 στρατοῦ,
1098 1470 1428 1544 στρατιώτην
1461 1466 1726 1521 ἀπολῦσαι

149 1573 434 1643 τολμήσῃ,
475 1573 768 1642 τριάκοντα
799 1567 1149 1638 νομισμάτων
1179 1564 1365 1631 ποινὴν
1395 1560 1598 1614 διδότω.
1640 1557 1726 1609 Ἐν

149 1665 328 1733 καιρῷ
348 1664 405 1715 δὲ
425 1660 854 1732 παραχειμαδίου
876 1661 953 1722 είς
970 1656 1111 1726 δύοῆ
1131 1657 1274 1726 τρεῖς
1293 1653 1465 1723 μῆνας
1487 1647 1723 1702 ποιείτω

151 1760 209 1809 ὲν
241 1756 425 1826 καιρῷ
454 1756 508 1809 δὲ
536 1755 778 1825 είρήνης,
817 1752 957 1806 κατά
1010 1749 1072 1802 τὸ
1121 1749 1394 1817 διάστημα
1437 1744 1534 1812 τῆς
1558 1743 1718 1810 ἐπαρ-

1828 650 2040 720 legibus
2067 650 2383 717 castigetnr.

1902 743 1987 797 15.
2018 740 2074 796 Si
2098 741 2224 810 quis
2252 739 2512 796 damnum
2565 740 2723 796 militi
2753 749 2848 795 aut
2878 739 3142 810 municipi
3184 738 3394 806 fecerit,

1830 836 2056 907 duplum
2095 835 2171 889 illi
2200 836 2470 890 reStituat.

1907 1015 1996 1070 M.
2036 1014 2093 1069 Si
2122 1013 2177 1068 in
2203 1013 2451 1068 hibernis
2483 1013 2645 1068 fuerit
2677 1014 2977 1080 exercitus,
3000 1023 3053 1069 et
3084 1014 3136 1068 in
3171 1015 3397 1084 ipsoiti-

1833 1122 1961 1162 nere
1985 1106 2094 1161 dux
2135 1107 2216 1161 vel
2257 1105 2415 1160 miles
2463 1105 2723 1160 damnum
2787 1106 3049 1176 municipi
3092 1107 3300 1173 fecerit,
3337 1119 3395 1162 et

1833 1198 1966 1253 illud
2017 1197 2235 1261 iterum,
2268 1196 2722 1266 quemadmodum
2751 1211 2851 1265 par
2880 1206 2983 1261 est,
3017 1211 3125 1250 non
3151 1211 3400 1268 compen-

1834 1293 2055 1358 saverit,
2091 1291 2316 1359 duplum
2350 1288 2427 1342 illi
2453 1289 2762 1357 persolvere
2792 1298 3040 1358 cogatur.

1904 1385 1992 1440 15.
2026 1385 2083 1439 Si
2112 1384 2236 1454 quis
2261 1380 2384 1438 belli
2415 1391 2659 1451 tempore
2688 1382 2808 1435 sine
2835 1392 3164 1447 commeatu,
3206 1383 3258 1436 id
3290 1391 3398 1446 est,

1833 1470 2156 1526 dimissione
2202 1470 2494 1534 exercitus,
2568 1467 2795 1521 militem
2853 1467 3128 1521 dimittere
3177 1470 3394 1531 audeat,

1834 1561 2056 1632 triginta
2111 1561 2353 1615 nummis
2409 1560 2690 1615 multetur.
2741 1558 2993 1613 Hibernis
3031 1568 3215 1613 autem
3259 1560 3398 1614 duos

1834 1661 1930 1709 aut
1964 1664 2073 1708 tres
2101 1667 2315 1707 menses
2347 1653 2450 1708 hoc
2475 1652 2678 1707 faciat:
2710 1653 2863 1721 pacis
2889 1663 3136 1720 tempore
3166 1667 3268 1722 pro
3316 1653 3398 1706 in-

1836 1746 2063 1802 tervallo
2111 1745 2216 1799 loci
2243 1752 2581 1800 commeatus
2635 1743 2751 1799 sive
2798 1743 3136 1799 dimissionis
3183 1753 3397 1815 tempus

152 1849 277 1917 χίας
306 1849 336 1902 ὁ
367 1847 467 1918 τῆς
491 1845 806 1908 ἀπολύσεως
832 1842 1022 1912 καιρὸς
1049 1840 1127 1911 τῷ
1153 1839 1459 1908 στρατιώτῃ
1482 1832 1725 1887 διδόσθω.

1839 1837 2000 1893 militi
2030 1836 2382 1891 concedatur.

227 1942 327 2006 ις’.
353 1941 422 1994 Εἴ
469 1957 548 2001 τις
584 1938 737 1990 πόλιν
769 1937 802 2005 ἦ
837 1935 1070 2004 κάστρον
1103 1929 1411 1988 πιστευθεὶς
1445 1928 1523 1988 είς
1549 1942 1723 1994 παρα--

156 2031 407 2102 φυλακὴν
469 2027 625 2080 τοῦτο
688 2024 987 2094 προδώσει,
1045 2022 1078 2090 ἢ
1134 2019 1301 2089 χωρὶς
1354 2015 1595 2083 ἀνάγκης
1645 2014 1724 2074 εἰς

154 2125 300 2193 ζωὴν
353 2116 733 2184 συντεινούσης
778 2114 1150 2182 ἀναχωρήσῃ,
1213 2108 1508 2176 δυνάμενος
1563 2103 1724 2157 τοῦτο

152 2213 460 2282 ἐκδικῆσαι,
484 2207 752 2276 κεφαλικῇ
797 2205 1037 2273 τιμωρίᾳ
1085 2198 1483 2254 ύποὸαλλέσθω.

226 2305 315 2366 ιζ’.
347 2301 536 2354 Ταῦτα
566 2299 663 2368 μὲν
693 2296 788 2350 καὶ
819 2297 876 2347 ὲν
914 2293 1092 2364 καιρῷ
1115 2292 1416 2362 γυμνασίας
1439 2287 1577 2356 ὁμοῦ
1606 2304 1728 2338 συν-

153 2396 414 2466 ηγμένων
477 2391 584 2443 τῶν
659 2384 1005 2457 στρατιωτῶν
1073 2377 1604 2448 ὑπαναγινωσκέσθω
1658 2377 1728 2429 τὰ

153 2487 448 2555 ἐπιτίμια,
510 2482 600 2534 καὶ
653 2481 711 2533 ὲν
771 2478 942 2548 ἑτέρῳ
998 2476 1294 2545 οίῳδήποτε
1349 2469 1524 2541 καιρῷ
1590 2469 1727 2539 πρὸς

152 2579 363 2646 εἴδησιν
388 2575 495 2628 τῶν
527 2570 870 2644 στρατιωτῶν
924 2569 1017 2620 καὶ
1047 2566 1155 2617 τῶν
1210 2563 1486 2632 ἀρχόντων
1518 2558 1722 2612 αὐτῶν.

225 2666 318 2737 ιη’.
353 2668 445 2717 Δεῖ
474 2665 530 2716 δὲ
565 2661 894 2730 συνταγῆναι
929 2657 1109 2717 αὐτοῖς
1142 2655 1234 2706 καὶ
1271 2654 1338 2706 τὰ
1360 2651 1520 2704 λοιπά
1551 2651 1725 2704 ὲπιτί-

157 2777 283 2830 μια,
322 2760 424 2812 ὅσα
455 2758 573 2810 δέον
607 2756 663 2807 ὲν
690 2753 769 2823 τῷ
800 2749 975 2821 καιρῷ
996 2748 1091 2802 τοῦ
1125 2746 1364 2815 πολέμου
1417 2743 1728 2811 ἀναγκαίως

153 2849 536 2921 φυλάττεσθαι.

219 2944 306 2998 ιϐ’.
343 2943 497 2996 Μετά
523 2940 615 2994 οὖν
653 2938 712 2991 τὸ
744 2937 976 3006 ταγῆναι
1031 2934 1100 2986 τά
1153 2931 1410 3001 τάγματα
1455 2926 1727 2996 ἀναγινώ-

153 3053 345 3090 σκεται
381 3035 473 3086 καὶ
502 3032 673 3086 ταῦτα
690 3029 883 3092 οὕτως·

223 3128 293 3180 κ’.
345 3127 472 3179 Ἐὰν
532 3122 871 3194 στρατιώτης
923 3120 980 3172 ὲν
1022 3116 1198 3187 καιρῷ
1249 3113 1604 3185 παρατάξεως
1635 3111 1728 3166 καὶ

1906 1927 1991 1982 l6.
2022 1924 2078 1980 Si
2106 1926 2198 1980 cui
2230 1924 2478 1981 custodia
2513 1924 2769 1988 civitatis,
2801 1932 2897 1978 aut
2923 1923 3130 1979 castelli
3160 1923 3395 1994 alicujus

1831 2018 2126 2074 commissa
2148 2007 2254 2080 est,
2287 2026 2343 2070 et
2375 2031 2496 2070 eam
2531 2016 2850 2084 prodiderit,
2885 2015 2966 2069 vel
2997 2015 3114 2069 sine
3159 2016 3398 2070 necessi—

1835 2119 1944 2164 tate
1976 2109 2156 2178 aliqua
2205 2108 2272 2161 ad
2316 2108 2485 2160 vitam
2534 2107 2839 2176 pertinente
2890 2106 3232 2173 discesserit,
3271 2122 3398 2162 cum

1833 2213 2014 2272 posset
2035 2201 2213 2255 locum
2242 2199 2548 2266 defendere,
2581 2201 2758 2268 capite
2786 2200 3071 2267 plectatur.

1912 2294 1998 2350 l7.
2037 2293 2130 2349 lla;
2157 2294 2499 2365 congregatis
2547 2293 2667 2362 ipso
2714 2293 3126 2348 exercitationis
3163 2303 3402 2363 tempore

1835 2387 2123 2449 militibus,
2179 2395 2236 2441 et
2305 2386 2412 2440 alio
2458 2384 2654 2454 quovis
2707 2384 2903 2440 idoneo
2980 2394 3224 2454 tempore
3257 2427 3272 2451 ,
3333 2386 3400 2439 ad

1835 2479 2070 2534 militum
2140 2488 2194 2534 et
2260 2477 2640 2547 praefectorum
2709 2477 2998 2532 scientiam
3076 2477 3263 2532 multa:
3319 2478 3399 2532 le-

1869 2580 2050 2625 antur.

1869 2588 2050 2625 antur.

1833 2588 1865 2641 g
1906 2663 1995 2716 18.
2043 2661 2454 2716 Constituenda:
2501 2670 2760 2728 prmterea
2813 2660 2919 2716 illis
2960 2662 3179 2731 reliquae
3219 2661 3403 2716 multa:

1835 2764 1997 2818 sunt,
2055 2768 2177 2824 qua:
2247 2752 2372 2808 belli
2431 2761 2674 2822 tempore
2741 2752 3054 2808 necessario
3122 2753 3401 2808 servanda:

1834 2855 1985 2902 sunt.

1906 2931 1994 2986 l9.
2023 2929 2153 2987 Post
2183 2932 2479 2986 instructas
2506 2929 2780 2995 cohortes,
2819 2931 2932 2986 haec
2965 2930 3071 2986 illis
3096 2931 3349 3004 legantur
3384 2950 3398 2986 :

1900 3101 1995 3158 20.
2030 3100 2087 3155 Si
2131 3103 2286 3158 miles
2319 3101 2446 3157 belli
2477 3110 2719 3171 tempore
2756 3102 2926 3157 aciem
2987 3118 3140 3158 suam
3183 3113 3276 3158 aut
3304 3119 3399 3157 co-

152 3217 396 3284 πολέμου
423 3214 520 3284 τὴν
574 3193 726 3276 τάξιν
755 3212 788 3280 ἢ
821 3210 882 3262 τὸ
930 3208 1120 3278 βάνδον
1187 3205 1353 3257 αὑτοῦ
1407 3205 1542 3274 ὶάσῃ
1577 3201 1726 3271 καὶῆ

1838 3197 2046 3250 hortem
2091 3195 2387 3264 reliquerit,
2420 3204 2514 3248 aut
2547 3193 2840 3262 aufugerit,
2874 3203 2968 3248 aut
3005 3195 3184 3250 locum
3219 3196 3402 3265 inquo

151 3309 323 3377 φύγῃ,
350 3307 383 3374 ἢ
407 3305 502 3358 τοῦ
531 3305 700 3357 τόπου
732 3305 788 3355 ὲν
819 3296 863 3368 ᾧ
923 3300 1095 3367 ἐτάγη
1129 3294 1476 3363 προπηδήσῃς
1531 3293 1564 3360 ἦ
1602 3309 1732 3346 σκυ⁸

150 3401 320 3469 λεύσῃ
353 3400 564 3466 νεκρζν,
592 3395 625 3465 ἢ
649 3396 728 3457 είς
771 3388 1047 3454 ὲπιδίωξιν
1083 3386 1293 3457 ἐχθρῶν
1316 3385 1658 3456 καταδράμῃ,
1696 3383 1728 3452 ἢ

148 3493 358 3562 τούλδῳ
399 3490 431 3558 ἢ
466 3489 718 3557 φοσσάτῳ
767 3483 976 3554 ἐχθρῶν
1029 3479 1254 3552 ἐπέλθῃ,
1303 3476 1597 3546 κελεύομεν
1638 3476 1731 3528 καὶ

148 3585 513 3656 τιμωρεῖσθαι
525 3579 686 3636 αὑτὸν
710 3574 1040 3646 κεφαλικῶς,
1055 3573 1149 3626 καὶ
1171 3573 1347 3625 πάντα
1362 3569 1453 3634 τά,
1471 3571 1546 3628 ώς
1562 3569 1730 3633 εἰκὸς,

149 3677 282 3746 παρ’
336 3672 500 3728 αὑτοῦ
548 3669 910 3740 εὑρισκόμενα
934 3663 1283 3735 ἀφαιρεῖσθαι
1324 3663 1416 3713 καὶ
1467 3660 1543 3728 τῷ
1570 3657 1732 3727 κοινῷ

148 3767 389 3822 δίδοσθαι
425 3765 519 3819 τοῦ
566 3764 867 3830 τάγματος,
899 3758 974 3822 ώς
997 3757 1094 3826 τὴν
1130 3754 1285 3820 τάξιν
1320 3749 1726 3822 παραλύσαντα,

150 3861 381 3922 καὶτοῖς
407 3857 612 3926 ἑτέροις
652 3852 764 3924 (28)
791 3849 954 3904 αὐτοῦ
991 3844 1473 3900 ἐπιϐουλεύσαντα.

225 3948 335 4004 κα’.
375 3948 500 4001 Ἐὰν
531 3948 589 4000 ὲν
622 3943 798 4014 καιρῷ
820 3941 1086 4012 δημοσίας
1120 3935 1482 4008 παρατάξεως
1511 3933 1544 4004 ἢ
1593 3951 1729 4002 συμ-

151 4041 314 4111 ϐολῆς
342 4039 541 4110 τροπὴ,
564 4037 701 4105 ὅπερ
725 4032 911 4102 ἀπείη,
942 4032 1166 4100 γένηται
1191 4029 1319 4081 ἄνευ
1343 4026 1484 4088 τινὸς
1504 4025 1729 4093 εὐλόγου

148 4133 244 4185 καὶ
276 4131 515 4200 φανερᾶς
550 4127 752 4190 αἰτίας,
798 4123 1090 4192 κελεύομεν
1117 4121 1243 4182 τοὺς
1276 4117 1611 4187 στρατιώτας
1635 4114 1730 4168 τοῦ

153 4223 378 4294 πρώτου
410 4221 707 4290 φεύγοντος
740 4217 1020 4284 τάγματος
1053 4212 1148 4266 καὶ
1197 4207 1604 4279 ἀναχωροῦντος
1634 4207 1731 4277 τῆς

149 4312 532 4383 παρατάξεως,
563 4309 680 4378 ἦτοι
718 4305 812 4359 τοῦ
875 4303 1006 4356 ίδίου
1071 4302 1291 4372 μέρους,
1342 4298 1468 4360 τοὺς
1517 4298 1594 4359 είς
1632 4295 1730 4366 τὴν

151 4408 335 4476 μάχην
357 4401 622 4468 ταγὲντας
643 4394 1130 4456 ἀποδεκατούσθαι,
1163 4392 1254 4444 καὶ
1277 4389 1379 4442 ὑπο
1401 4389 1508 4441 τῶν
1529 4387 1730 4440 λοιπῶν

147 4497 448 4568 ταγμάτων
478 4488 958 4557 κατατοξεύεσθαι,
981 4487 1054 4548 ώς
1075 4485 1172 4555 τὴν
1199 4481 1350 4546 τάξιν
1384 4479 1731 4551 παραλύσαν-

1837 3286 2192 3341 constituitur
2218 3283 2587 3348 anteverterit,
2625 3283 2708 3337 vel
2744 3284 2975 3339 cadaver
2995 3284 3399 3353 despoliaverit,

1836 3379 1918 3432 vel
1949 3378 2016 3432 ad
2057 3377 2422 3447 insequendos
2470 3376 2654 3430 hostes
2703 3377 3030 3441 excurrerit,
3081 3380 3164 3430 vel
3196 3377 3261 3431 ad
3292 3378 3401 3430 tul-

1833 3472 1984 3533 dum,
2021 3469 2136 3522 sive
2168 3467 2578 3538 impedimenta,
2621 3466 2707 3520 vel
2731 3465 3020 3532 fossatum,
3082 3468 3134 3521 id
3167 3476 3272 3532 est,
3307 3484 3399 3522 ca-

1835 3573 1949 3618 stra
1979 3561 2217 3616 hostium
2253 3558 2563 3622 accesserit,
2600 3558 2778 3626 capite
2811 3559 3091 3623 multetur,
3131 3568 3185 3614 et
3217 3563 3399 3615 omnia

1834 3656 1975 3710 bona
2005 3653 2386 3715 detrahantur,
2415 3660 2472 3706 et
2512 3651 2721 3704 cohorti
2755 3652 3044 3717 universae,
3075 3653 3202 3724 quia
3229 3655 3398 3708 aciem

1833 3744 2136 3800 dissolvere
2173 3744 2471 3816 cogitabat,
2500 3753 2554 3800 et
2583 3745 2707 3799 aliis
2751 3743 2976 3800 insidias
3010 3748 3273 3813 struebat,
3294 3746 3402 3802 dis-

1835 3832 2167 3888 tribuantur.

1895 3927 1986 3982 2|.
2036 3925 2093 3980 Si
2122 3925 2391 3980 universae
2425 3923 2561 3979 aciei
2594 3925 2895 3989 instructae,
2928 3932 3022 3977 aut
3056 3923 3228 3994 ipsius
3268 3939 3401 3979 con-

1834 4017 2151 4072 flictationis
2193 4028 2459 4084 tempore,
2493 4014 2619 4084 fuga
2663 4015 2828 4084 (quod
2879 4014 3084 4084 absit!)
3137 4015 3282 4068 nulla
3313 4031 3404 4069 ra-

1837 4108 2086 4163 tionabili
2131 4108 2198 4163 de
2242 4122 2408 4161 causa
2452 4117 2711 4175 certaque
2755 4106 2867 4170 fiat,
2902 4106 3274 4176 praecipimus,
3299 4109 3403 4161 mi-

1835 4201 1956 4256 lites
2006 4200 2252 4254 cohortis
2304 4199 2442 4268 ejus,
2497 4213 2619 4267 quas
2667 4199 2843 4267 primo
2896 4207 3042 4268 terga
3104 4199 3287 4264 dabat,
3349 4208 3403 4252 et

1832 4293 2067 4362 primum
2133 4305 2199 4344 ex
2261 4289 2378 4344 acie
2430 4287 2722 4350 discessit,
2787 4288 3066 4354 decimari,
3114 4298 3168 4343 et
3230 4305 3260 4342 τι
3319 4304 3404 4343 re-

1833 4382 1996 4452 liquis
2026 4381 2346 4436 cohortibus
2391 4380 2607 4450 sagittis
2665 4380 2886 4450 conligi,
2918 4381 3047 4450 quia
3077 4380 3250 4433 aciem
3285 4380 3399 4435 dis-

1835 4472 2134 4535 solverunt,
2189 4479 2243 4524 et
2287 4477 2541 4524 auctores
2580 4469 2731 4523 omni
2757 4484 2822 4525 ex
2864 4481 3016 4539 parte
3069 4468 3231 4539 hujus
3262 4468 3402 4541 fugae

145 4553 276 4657 ταξξ
302 4588 399 4642 καὶ
414 4585 620 4648 αἰτίους
651 4553 748 4655 vi;
765 4580 858 4635 τοῦ
881 4579 1084 4642 παντὸς
1119 4553 1316 4647 μέρους
1348 4573 1551 4644 τροπῆς
1574 4587 1726 4639 γενο-
1757 4553 1802 4611 Ι)
1830 4562 2072 4619 fuerunt.

193 4686 372 4745 ένους.

148 4705 424 4846 μῠζέἳξλῐὶ
451 4773 508 4826 δὲ
536 4769 718 4841 συμϐῇ
767 4783 919 4830 τινας
952 4766 1008 4817 ὲν
1034 4763 1240 4826 αὐτοῖς,
1290 4761 1363 4823 ώς
1393 4759 1556 4823 εἰκὸς,
1590 4756 1725 4828 πλη·-

140 4872 350 4941 γάτους
385 4868 441 4919 ὲν
471 4863 609 4933 αὐτῇ
644 4863 710 4932 τῇ
744 4857 986 4930 συμὸολῇ
1009 4853 1283 4941 γενέσθαι,
1316 4850 1556 4914 ἐκείνους
1586 4847 1728 4902 ἐλευ-

144 4940 344 5030 θέρους
367 4956 460 5010 τοῦ
495 4954 739 5008 τοιούτου
769 4950 1114 5020 ἐγκλήματος
1140 4940 1298 4998 εἶναι.

219 5049 328 5119 κγ’.
370 5047 495 5101 Ἐἀν
519 5045 710 5116 βάνδου
757 5043 1043 5111 ἀφαίρεσις
1076 5036 1179 5089 ὑπὸ
1218 5032 1425 5103 ἐχθρῶν
1475 5031 1722 5102 γένηται,

141 5143 284 5212 ὅπερ
313 5139 501 5208 ἀπείη,
526 5135 653 5189 ἀνευ
698 5132 841 5193 τινὸς
879 5127 1100 5195 εὐλόγου
1139 5125 1235 5212 καὶ
1296 5123 1555 5212 φανερᾶς-

145 5207 389 5300 φάσεως,
427 5207 719 5292 κελεύομεν
767 5219 892 5282 τοὺς
943 5216 1039 5287 τὴν
1099 5211 1346 5282 φυλακὴν
1379 5207 1473 5262 τοῦ
1533 5208 1720 5278 βάνδου

145 5319 544 5380 πιστευθέντας
562 5311 1012 5386 σωφρονίζεσθαι,
1039 5308 1131 5361 καὶ
1154 5303 1433 5366 παντελῶς
1460 5303 1722 5372 ἐσχάτους

143 5411 394 5483 γίνεσθαι
421 5408 531 5460 τῶν
559 5404 878 5476 ἀρχομένων
908 5401 998 5453 ὑπ’
1023 5397 1224 5459 αὐτῶν,
1256 5395 1351 5448 καὶ
1375 5394 1622 5462 ἀτίμους.
1658 5391 1722 5443 El

141 5507 200 5562 δὲ
236 5502 420 5575 συμϐῇ
457 5515 609 5562 τινας
638 5495 816 5550 αύτῶν
843 5492 1183 5564 μαχομένους
1230 5487 1476 5556 γίνεσθαι
1511 5483 1724 5553 πληγά-

146 5614 294 5660 τους,
317 5595 445 5656 τοὺς
472 5588 750 5650 τοιούτους
780 5583 1102 5654 ὲλευθέρους
1138 5579 1231 5632 τοῦ
1271 5575 1593 5651 [ὲπι]τιμίου
1617 5591 1725 5626 τοι-

151 5689 306 5742 θύτου
341 5677 833 5753 ἐπιφυλάττεσθαι.

1904 4745 1993 4800 22.
2034 4741 2128 4798 Sin
2163 4741 2430 4812 quosdam
2466 4755 2531 4796 ex
2577 4739 2687 4795 illis
2720 4740 2996 4797 sauciatos
3025 4755 3147 4798 esse
3183 4742 3400 4799 contin-

1833 4846 1943 4905 gat,
1975 4852 2071 4891 eos
2115 4834 2261 4889 omni
2290 4833 2394 4889 hoc
2424 4832 2655 4890 crimine
2695 4833 2994 4892 liberamus
3036 4844 3199 4907 atque
3227 4839 3400 4894 exsol-

1835 4932 2030 4983 vimus.

1901 5020 1991 5074 23.
2035 5018 2089 5073 Si
2127 5019 2313 5083 bandi,
2345 5019 2397 5074 id
2436 5029 2536 5084 est,
2580 5019 2825 5075 cohortis
2856 5019 3092 5090 alicujus
3125 5021 3193 5075 ab
3233 5022 3401 5077 hosti-

1831 5113 1931 5167 bus
1963 5112 2173 5181 ereplio
2202 5112 2315 5178 fiat,
2344 5127 2464 5180 quae
2490 5113 2607 5165 sine
2640 5112 2746 5164 ulla
2785 5121 2930 5165 certa
2969 5123 3063 5165 aut
3111 5112 3399 5168 manifesta

1829 5219 1994 5260 causa
2029 5203 2282 5267 discedit,
2321 5203 2376 5255 hi
2418 5201 2619 5270 quibus
2667 5202 2915 5256 custodia
2957 5201 3122 5271 hujus
3154 5203 3399 5258 cohortis

1833 5296 2127 5351 commissa
2156 5303 2240 5349 est
2279 5295 2639 5364 castigentur,
2669 5302 2724 5348 et
2759 5294 3001 5349 omnium
3034 5294 3400 5364 subjectorum

1831 5388 2188 5458 ahjectissimi
2225 5385 2795 5456 contemptissimique
2827 5386 2954 5441 sint.
3000 5385 3095 5439 Sin
3131 5388 3396 5456 quosdam

1832 5494 1896 5533 ex
1953 5479 2061 5533 illis
2102 5477 2399 5549 pugnando
2443 5476 2719 5532 sauciatos
2776 5491 2897 5532 esse
2942 5476 3239 5549 contingat,
3266 5476 3400 5533 istos

1835 5569 1936 5623 hac
1973 5567 2142 5622 multa
2173 5567 2373 5624 liberos
2402 5579 2522 5622 esse
2554 5565 2827 5620 volumus.

1652 5758 1882 5816 ΝΟΤΑΞ.

217 5883 328 5958 (ἳἸ)
347 5882 496 5950 Δίχα
511 5873 822 5948 κομεὰτου.
841 5869 1215 5932 Scribebatur,
1239 5861 1363 5933 δίχα
1392 5859 1722 5930 κομητὰτου.

1905 5855 2016 5925 (‘28)
2058 5854 2163 5910 Kal
2194 5852 2314 5920 τοῖς
2347 5851 2588 5922 ἑτέροις.
2623 5849 2835 5916 Scribe,
2865 5847 2961 5903 καὶ
2995 5848 3106 5910 τοῖς
3143 5845 3396 5919 εταίροις,
