4176 6446
791 415 901 480 767

2019 419 2295 481 LEONIS
2326 423 2423 483 PII
2436 423 2789 485 iLOSOPHI

3958 440 4073 505 768

866 527 958 581 24.
987 526 1046 580 Si
1068 527 1179 596 jam
1214 527 1442 589 fossam,
1491 528 1539 582 id
1584 540 1689 593 cst,
1726 530 1924 585 castris
1954 532 2151 600 positis
2174 534 2363 587 coniin

2569 537 2667 589 κδ’.
2712 535 2840 590 Ἐάν
2865 538 3138 606 φοσσάτου
3161 537 3316 601 ὄντος
3346 540 3545 611 τροπὴ,
3570 541 3711 611 ὅπερ
3744 542 3939 611 ἀπείη,
3984 545 4081 613 μέ-

794 629 886 691 gat
927 620 1092 689 (quod
1135 619 1335 687 absit!)
1362 621 1598 689 alicujus
1639 632 1835 676 turmae
1877 623 1993 677 sive
2029 624 2164 677 aciei
2196 623 2379 694 fugam

798 713 935 778 iieri,
967 726 1142 783 neque
1202 712 1269 765 ad
1326 712 1644 768 defensores
1678 724 1999 780 accurrunt,
2047 731 2225 784 neque
2272 714 2380 771 fusi

794 814 840 859 et
866 803 1029 870 fugati
1060 804 1125 857 ad
1150 814 1327 858 castra
1358 805 1714 869 contendunt,
1743 806 1839 860 sed
1856 815 2171 875 contemptu
2194 806 2381 875 aliquo

793 897 857 949 ad
890 896 995 949 alia
1021 896 1140 950 loca
1176 896 1529 959 transvolant,
1565 896 1617 949 hi
1651 897 1745 966 qui
1782 897 1895 952 hazc
1917 896 2123 951 faciunt
2149 898 2229 952 sic
2283 914 2381 967 pu-

792 992 1014 1041 nianlur
1028 987 1184 1057 quasi
1199 995 1519 1042 cazterorum
1541 988 1849 1057 proditores
1881 997 1935 1044 et
1957 997 2374 1060 contemptores.

853 1173 943 1227 25.
978 1172 1032 1227 Si
1064 1172 1219 1226 miles
1249 1188 1301 1226 lli
1324 1171 1518 1241 prmlio
1552 1187 1705 1227 arma
1730 1172 1977 1242 abjiciat,
2021 1174 2281 1241 puniatur
2308 1174 2374 1242 is,

788 1266 948 1335 quasi
982 1266 1074 1335 qui
1106 1266 1223 1335 ipse
1256 1280 1315 1320 se
1338 1266 1531 1333 nudat,
1564 1275 1618 1320 ct
1652 1265 1838 1321 hostes
1864 1274 2063 1321 armat.

862 1445 957 1498 26.
989 1443 1045 1499 Si
1076 1444 1201 1512 quis
1233 1443 1522 1514 praefectus
1562 1457 1714 1497 arma
1747 1442 1910 1497 militi
1931 1443 2254 1511 detraxerit,
2291 1446 2375 1500 vel

789 1536 1200 1591 excusationem
1249 1549 1345 1601 pro
1382 1548 1449 1588 eo
1491 1534 1735 1588 attulerit
1774 1551 1875 1589 cur
1917 1536 1984 1590 ad
2034 1538 2178 1593 diem
2216 1556 2374 1595 com-

792 1639 1005 1684 meatus
1032 1644 1141 1682 non
1176 1631 1343 1691 venit,
1376 1637 1471 1681 aut
1498 1629 1591 1682 ubi
1616 1629 1842 1683 domum
1878 1641 2123 1697 venerat,
2154 1633 2226 1687 ita
2256 1648 2373 1688 ser-

792 1724 924 1775 vitio
960 1722 1115 1775 illum
1146 1730 1477 1791 occupatum
1504 1722 1761 1786 detinuit,
1794 1733 1854 1778 ut
1888 1724 2181 1780 stationem
2215 1741 2371 1781 suam

790 1814 1109 1883 neglexerit,
1152 1822 1205 1867 et
1232 1828 1383 1867 arma
1413 1816 1831 1883 contempserit,
1872 1827 2073 1885 praeter
2112 1834 2197 1883 ea,
2248 1835 2371 1889 quae

2494 648 2621 699 ρους
2647 631 2680 699 ἢ
2718 631 3076 701 παρατάξεως
3104 630 3351 700 γένηται,
3370 631 3466 684 καὶ
3497 633 3629 703 μηδὲ
3658 634 3798 703 πρὸς
3828 634 4079 701 διφένσο-

2491 742 2590 794 ρας
2606 724 3021 795 προσδράμωσι,
3044 722 3169 793 μηδ’
3183 726 3241 777 έν
3263 723 3414 793 αὐτῷ
3431 722 3507 793 τῷ
3521 725 3774 795 φοσσάτῳ
3790 726 4079 793 καταφεύ-

2488 830 2625 881 γωσι
2642 813 2991 883 τρεπόμενοι,
3014 811 3152 865 ἀλλὰ
3175 811 3631 883 περιφρονοῦντες
3657 816 3715 868 ὲν
3733 815 3909 885 ἑτέρῳ
3927 814 4080 883 τόπῳ

2487 903 2909 973 προσδράμωσι,
2968 901 3263 972 κελεύομεν
3291 904 3417 967 τοὺς
3457 902 3617 956 τοῦτο
3668 905 3934 975 πράττειν
3955 903 4078 956 τολ-

2488 995 2707 1064 μῶντας
2742 994 3106 1065 τιμωρεῖσθαι
3150 994 3228 1059 ώς
3265 994 3378 1048 τῶν
3419 996 3622 1067 ἑτέρων
3658 993 3773 1069 (29)
3804 1013 4075 1067 περιφρο-

2485 1085 2782 1155 νήσαντας.
3442 1152 3464 1163 ρ

2554 1183 2655 1229 κε’.
2701 1176 2825 1229 Ἐὰν
2852 1175 3193 1248 στρατιώτης
3236 1178 3309 1232 τὰ
3338 1178 3477 1231 ὅπλα
3506 1178 3673 1232 αὑτοῦ
3713 1177 3851 1249 ῥίψῃ
3882 1178 3941 1228 ὲν
3972 1192 4073 1228 τιο-

2483 1268 2656 1339 λέμῳ,
2685 1269 2982 1340 κελεύομεν
3011 1269 3174 1325 αὐτὸν
3195 1271 3578 1342 τιμωρεῖσθαι,
3608 1271 3684 1335 ὼς
3706 1267 4075 1341 γυμνώσαντα

2484 1357 2696 1421 ἑαυτὸν,
2737 1359 2833 1412 καὶ
2860 1361 2986 1422 τοὺς
3009 1359 3239 1432 ἐχθροὺς
3264 1364 3580 1417 ὁπλίσαντα.

2554 1455 2667 1513 κς’.
2715 1450 2841 1505 Ἐάν
2861 1468 2947 1516 τις
2970 1452 3080 1504 τῶν
3130 1454 3409 1524 ἀρχόντων
3437 1456 3746 1528 παροπλίσῃ
3800 1464 4071 1529 στρατιώ-

2480 1539 2657 1610 την,ἢ
2693 1539 2990 1614 έξκουτεύῃ
3014 1542 3125 1612 (50)
3146 1543 3180 1612 ἢ
3213 1543 3289 1613 μὴ
3321 1545 3680 1601 συνεισελθεῖν
3700 1549 3759 1600 έν
3783 1546 3865 1617 τῷ
3897 1550 4071 1620 καιρῷ

2480 1631 2574 1685 τοῦ
2608 1632 2956 1705 φοσσάτου,ἢ
2994 1634 3318 1689 συνελθόντα
3338 1640 3418 1699 εἰς
3443 1639 3649 1691 οἰκείαν
3679 1641 3934 1713 κατάσχῃ
3952 1642 4072 1694 δου-

2479 1724 2655 1788 λείαν,
2692 1724 2833 1777 ὦστε
2889 1725 2991 1795 τὴν
3044 1726 3199 1791 τάξιν
3257 1728 3424 1783 αὐτοῦ
3484 1732 3923 1801 καταφρονῆσαι,
3978 1734 4069 1787 καὶ

2478 1816 2749 1888 ἀμελῆσαι
2772 1817 2881 1870 τῶν
2905 1816 3087 1870 ὃπλων
3111 1859 3126 1885 ,
3154 1818 3428 1890 παρεκτὸς
3448 1820 3561 1874 τῶν
3588 1824 3945 1891 τεταγμένων
3962 1824 4071 1876 άπὸ

790 1924 818 1960 a
844 1914 1033 1961 nostro
1057 1906 1260 1960 scrinio
1283 1906 1584 1961 constituta
1619 1918 1768 1973 sunt,
1800 1910 2122 1982 castigetur,
2149 1922 2202 1967 et
2234 1914 2372 1967 mul-

2478 1909 2572 1963 τοῦ
2620 1910 2893 1983 ἡμετέρου
2930 1910 3117 1983 κρίνου
3172 1913 3310 1984 (51),
3342 1914 3781 1984 σωφρονιζέσθω.
3827 1915 3945 1970 Καὶ
3971 1915 4067 1986 ζη-

793 2008 936 2054 tetur
974 2015 990 2053 :
1025 2000 1321 2069 imperator
1370 2002 1491 2055 auri
1542 2000 1683 2055 libra
1732 2022 1745 2057 :
1793 2004 2104 2059 turmarcha
2137 2007 2379 2061 nummis

2485 2002 2747 2072 μιούσθω,
2785 2003 3090 2075 στρατηγὸς
3125 2005 3229 2075 μιν
3248 2006 3475 2075 χρυσίου
3490 2005 3681 2077 λίτραν
3708 2007 3841 2077 μίαν
3866 2048 3885 2075 ,
3911 2024 4068 2077 τουρ-

792 2095 1013 2162 triginta
1043 2108 1136 2147 sex
1162 2110 1176 2148 :
1212 2094 1563 2165 drungarius,
1598 2094 1652 2148 id
1679 2102 1783 2156 est,
1818 2094 2109 2164 praefectus
2137 2098 2372 2156 cohortis

2485 2094 2807 2166 μάρχηςξδδ
2864 2096 3179 2167 νομίσματα
3240 2096 3351 2163 λς’,
3394 2099 3751 2169 δρουγγάριος
3802 2100 3861 2152 δὲ
3918 2100 4067 2167 νομί-

791 2190 1059 2243 milliaria:
1105 2190 1350 2246 nummis
1393 2190 1583 2260 viginti
1618 2199 1897 2260 quatuor:
1935 2207 2143 2259 comes,
2187 2194 2241 2248 id
2273 2204 2376 2262 est,

789 2285 1081 2354 praefectus
1108 2285 1374 2352 cohortis,
1408 2286 1653 2341 nummis
1691 2286 2005 2343 duodecim.

856 2378 945 2431 9.7.
978 2378 1049 2431 Iis
1074 2378 1242 2447 igitur
1282 2378 1471 2433 multis
1502 2378 1835 2436 militaribus
1867 2381 2197 2451 descriptis,
2225 2382 2377 2437 dein-

786 2483 916 2538 Crps
942 2470 1036 2522 tibi
1055 2469 1520 2539 quemadmodum
1546 2470 1836 2526 ducendus
1864 2473 2141 2529 exercitus
2164 2473 2233 2529 sit
2262 2486 2374 2529 tum

786 2561 956 2623 domi,
987 2572 1100 2615 tum
1141 2560 1298 2627 foris,
1332 2561 1449 2617 sive
1482 2562 1776 2617 universus
1812 2562 1911 2616 tibi
1950 2562 2243 2618 ducendus
2280 2565 2373 2630 sit,

787 2654 903 2707 sive
932 2654 1192 2709 cohortes
1226 2662 1491 2723 separata:
1529 2655 1749 2725 aliquae,
1784 2655 2045 2727 qualique
2076 2672 2201 2712 cum
2238 2672 2375 2713 cun-

784 2747 1077 2802 stitutione
1103 2745 1416 2803 faciendum
1455 2746 1549 2812 sit,
1589 2762 1886 2817 exponam.

1288 2857 1757 2915 CONSTITUTIO
1786 2860 1877 2916 IX.

1249 2950 1327 3004 De
1386 2954 1648 3005 exercitus
1700 2953 1909 3007 itinere.

859 3043 910 3099 1.
952 3041 1052 3098 Ubi
1086 3042 1139 3097 in
1187 3054 1365 3098 vestra
1394 3044 1638 3112 ipsorum
1684 3044 1892 3098 ditione
1940 3059 2067 3098 cum
2126 3045 2369 3101 exercitu

787 3136 890 3189 iter
913 3135 992 3199 lit,
1027 3134 1296 3189 militibus
1328 3134 1762 3204 praecipiendum
1796 3144 1899 3199 est,
1930 3144 1989 3189 ut
2024 3151 2201 3206 neque
2234 3151 2373 3207 prae-

785 3229 1007 3290 dentur,
1054 3239 1232 3294 neque
1262 3225 1597 3295 populentur
1624 3236 1849 3281 terram.
1894 3225 2189 3281 Multitudo
2225 3227 2369 3281 cnim
2400 3254 2442 3309 ο

2482 2204 2664 2256 σματα
2688 2186 2767 2241 κδ’
2775 2187 2989 2259 ,ζκόμης
3006 2190 3083 2256 δὲ,
3106 2190 3201 2243 καὶ
3222 2191 3378 2254 εἴτις
3406 2191 3618 2263 ἔτερος,
3642 2190 3962 2262 νομίσματα
3981 2190 4065 2261 ιβ’.

2547 2370 2650 2436 κζ’.
2714 2373 2968 2428 Τοσαῦτα
3005 2373 3103 2430 κα)⁸
3133 2375 3262 2447 περὶ
3304 2375 3418 2431 τῶν
3450 2378 3864 2449 στρατιωτικῶν
3888 2379 4065 2433 ἐπιτι-

2481 2462 2620 2533 μίων
2666 2463 3063 2535 διορισάμενοι,
3126 2463 3253 2533 ἑξῆς
3294 2483 3379 2521 σοι
3418 2469 3568 2531 ὅπως
3618 2470 3711 2522 καὶ
3766 2469 4068 2540 ὁδοιπορεῖν

2475 2553 2592 2605 δέον
2628 2552 2721 2605 τόν
2766 2570 2825 2606 τε
2873 2556 3110 2609 καθόλου
3167 2559 3421 2629 στρατὸν,
3461 2562 3558 2614 καὶ
3610 2560 3753 2613 κατὰ
3788 2560 3982 2631 μέρος,
4011 2561 4069 2613 ἓν

2475 2662 2534 2697 τε
2551 2649 2618 2717 τῇ
2651 2647 2899 2717 ἡμετέρᾳ
2940 2648 3118 2720 χώρᾳ,
3178 2651 3273 2705 καὶ
3315 2651 3374 2705 ὲν
3405 2654 3472 2721 τῇ
3501 2651 3612 2705 τῶν
3645 2651 3946 2722 πολεμίοιν,
3975 2653 4069 2706 καὶ

2479 2738 2619 2807 μετὰ
2649 2738 2812 2802 ποίας
2844 2742 3258 2808 καταστάσεως,
3284 2742 3386 2812 ἤδη
3406 2742 3815 2808 διαταξώαεθα.

3066 2855 3127 2910 ΔΙ
3136 2853 3380 2909 ΑΤΑΞΙΣ
3401 2856 3481 2911 8'.

3004 2945 3143 3013 Περί
3168 2944 3538 3013 ὁδοιπορίας.

2545 3042 2613 3088 α’.
2668 3034 2800 3089 Δέον
2865 3053 2922 3088 σε
2952 3035 3156 3102 τοίνυν,
3195 3030 3241 3090 ὦ
3289 3038 3588 3108 στρατηγὲ,
3621 3038 3750 3093 ὅταν
3781 3039 4069 3111 ὁδοιτεορῇς

2478 3126 2616 3197 μετὰ
2660 3126 2753 3180 τοῦ
2788 3126 3046 3197 στρατοῦ,
3079 3130 3127 3181 εἰ
3188 3128 3287 3198 μὲν
3314 3131 3374 3182 tv
3427 3133 3494 3200 τῇ
3542 3130 3651 3201 ἰδίᾳ
3682 3130 3838 3202 ὑμῶν
3869 3135 3945 3203 γῇ
3974 3135 4069 3204 τὴν

2489 3218 2717 3290 πορείαν
2763 3224 2960 3283 ποιεῖς,
2993 3220 3082 3274 ἵνα
3140 3220 3531 3292 παραγγέλλῃς
3562 3225 3675 3285 τοῖς
3707 3225 4069 3293 στρατιώταις

786 3320 1047 3381 militum.
1105 3319 1150 3373 si
1196 3317 1419 3387 quando
1469 3318 1747 3373 licentiam
1814 3318 2033 3382 habeat,
2078 3318 2256 3374 solute
2312 3320 2365 3374 iu

2478 3310 2774 3381 ἀπέχεσθαι
2815 3312 2913 3381 τῆς
2944 3311 3128 3382 χώρας
3153 3353 3169 3378 ,
3223 3314 3319 3365 καὶ
3356 3314 3495 3384 μήτε
3540 3313 3878 3383 πραιδεύειν,
3933 3316 4068 3385 μήτε

784 3413 973 3468 omnia
1008 3412 1197 3466 irruit:
1228 3410 1439 3480 objecta
1474 3410 1621 3464 enim
1654 3420 1782 3465 ante
1823 3411 2013 3465 oculos
2044 3410 2227 3480 praeda
2251 3452 2267 3477 ,
2298 3410 2366 3464 ad

2478 3403 2720 3475 φθείρειν
2748 3420 2761 3434 °
2801 3403 3009 3472 πλῆθος
3033 3403 3145 3475 γὰρ
3176 3403 3608 3475 στρατεύματος,
3638 3406 3766 3459 ὅταν
3809 3405 3953 3478 λάϐῃ
3978 3404 4068 3459 τοῦ

783 3506 1139 3575 cupiditatem
1185 3503 1486 3558 inescatur.
1525 3501 1601 3555 Ex
1634 3518 1743 3572 quo
1786 3502 1866 3567 fit,
1921 3512 1978 3557 ut
2028 3503 2192 3558 vestri
2224 3517 2368 3573 saepe

2478 3495 2737 3550 δύνασθαι
2798 3495 2899 3563 τὴν
2948 3495 3232 3561 ἐξουσίαν,
3288 3494 3529 3563 ἀφειδῶς
3574 3496 3865 3549 ἐπιπίπτει
3932 3497 4065 3566 πρὸς

784 3580 937 3651 vdbis
968 3594 1174 3649 inimici
1200 3602 1363 3664 atque
1389 3593 1686 3649 adversarii
1715 3594 1843 3648 sint.

2478 3589 2719 3643 ἆπαντα’
2777 3587 3086 3650 δελεάζεται
3117 3586 3227 3657 γὰρ
3274 3588 3353 3649 εἰς
3407 3584 3742 3652 πλεονεξίαν,
3795 3588 3929 3641 ὅταν
3968 3588 4067 3657 ὁρᾷ

666 3688 669 3691 ’
782 3688 925 3743 κατὰ
947 3687 1070 3757 ὄψιν
1120 3687 1489 3758 προκειμένην
1525 3686 1623 3757 τὴν
1678 3686 1890 3756 χρείαν,
1942 3684 2037 3738 καὶ
2087 3683 2347 3748 πολλάκις
2377 3681 2504 3744 τοὺς
2574 3680 2739 3743 ἰδίους
2761 3678 2851 3734 διὰ
2878 3679 2977 3749 τὴν
3017 3679 3279 3750 τοιαύτην
3305 3678 3487 3732 αἰτίαν
3552 3678 3850 3749 πολεμίους
3881 3682 4050 3734 ποιεῖ.

849 3802 901 3853 '2.
934 3796 1013 3853 Ne
1038 3796 1223 3852 tardes
1252 3798 1306 3851 in
1339 3807 1518 3852 vestra
1553 3813 1679 3853 cum
1705 3798 1949 3851 exercitu
1982 3797 2195 3852 ditione
2222 3812 2366 3852 com-

784 3887 1076 3953 morando,
1120 3901 1247 3941 cum
1284 3885 1397 3955 jam
1432 3887 1486 3941 in
1513 3886 1765 3941 hostilem
1800 3893 2004 3940 terram
2036 3886 2247 3941 irruere
2274 3888 2365 3940 de-

779 3981 1060 4044 creveris;
1123 3992 1249 4032 nam
1296 3986 1349 4032 et
1404 3976 1655 4046 proprias
1724 3975 1913 4045 fruges
1972 3976 2250 4040 absumes,
2308 3984 2363 4030 et

780 4073 990 4127 amicos
1034 4070 1210 4140 magis
1255 4084 1420 4137 quam
1464 4068 1719 4123 inimicos
1745 4068 1930 4121 laedes.
1964 4066 2231 4121 Celeriter
2255 4066 2357 4133 igi-

781 4174 869 4216 tur
907 4160 1095 4231 copias
1126 4157 1417 4224 traducite,
1449 4157 1614 4227 idque
1654 4156 2027 4226 potissimum,
2062 4155 2108 4210 si
2146 4154 2200 4208 in
2244 4154 2359 4209 fru-

778 4252 1011 4320 giferam
1053 4259 1108 4305 et
1153 4247 1491 4304 fructuosam
1563 4248 1803 4303 hostium
1885 4245 2160 4317 regionem
2229 4246 2377 4300 irru-

782 4354 973 4412 pturus
1001 4357 1079 4397 es.

852 4436 908 4488 ὅ.
933 4433 1299 4504 Frequentem
1325 4434 1648 4495 exercitum,
1678 4432 1780 4485 nisi
1813 4431 2000 4486 hostes
2025 4429 2370 4495 immineant,

783 4527 835 4579 in
874 4540 1042 4578 unum
1084 4523 1265 4577 locum
1310 4538 1377 4577 ne
1418 4538 1619 4593 cogas;
1672 4522 1833 4576 otiosi
1874 4522 2019 4576 enim
2062 4520 2261 4575 milites
2304 4519 2371 4573 ad

2545 3792 2610 3861 β’.
2635 3793 2789 3863 Μηδὲ
2814 3792 3028 3863 χρόνιζε
3048 3790 3418 3862 καθεζόμενος
3442 3793 3585 3863 μετὰ
3603 3793 3695 3847 τοῦ
3722 3796 4065 3865 στρατεύμα·

2471 3902 2562 3948 τος
2577 3886 2636 3938 ὲν
2652 3888 2717 3955 τῇ
2742 3883 2847 3955 ἰδία
2861 3883 3038 3955 χώρᾳ,
3055 3884 3183 3937 ὅταν
3207 3884 3309 3954 ἠδη
3324 3884 3515 3954 ὁρίσῃς
3539 3884 3848 3939 εἰσϐάλλειν
3869 3890 3939 3957 τῇ
3963 3889 4066 3957 χώ-

2473 3991 2543 4046 ρᾳ
2557 3974 2666 4027 τῶν
2691 3973 2994 4044 πολεμίων.
3029 3974 3139 4027 Καὶ
3162 3977 3269 4045 γὰρ
3299 3976 3394 4027 καὶ
3415 3976 3541 4039 τοὺς
3569 3975 3731 4039 ἰδίους
3761 3976 4064 4039 άναλώσεις

2468 4067 2738 4136 καρποὺς,
2800 4066 2899 4121 καὶ
2929 4066 3229 4139 ζημιώσεις
3258 4067 3461 4136 μᾶλλον
3490 4069 3617 4131 τοὺς
3650 4067 3839 4137 φίλους
3872 4069 3907 4141 ἢ
3940 4070 4065 4131 τοὺς

2477 4157 2792 4227 πολεμίους.
2822 4158 3047 4228 Ταχέως
3073 4157 3131 4211 δὲ
3182 4159 3456 4229 μετάφερε
3512 4158 3612 4220 τὰς
3649 4158 3935 4229 δυνάμεις,
3967 4161 4065 4230 μά-

2476 4249 2632 4302 λιστα
2666 4250 2761 4302 ἐὰν
2778 4251 2857 4312 εἰς
2887 4249 3124 4319 λιπαρὰν
3148 4250 3242 4302 καὶ
3272 4249 3609 4321 πολύτροφον
3644 4250 3754 4303 τῶν
3785 4250 4063 4321 πολεμίων

2476 4338 2581 4408 γῆν
2610 4338 2821 4408 μέλλεις
2845 4338 3172 4393 εἰσϐάλλειν.

2548 4437 2620 4499 γ’.
2646 4432 2738 4495 Εἰς
2765 4432 2863 4485 ἕνα
2892 4431 2949 4485 δὲ
2976 4432 3139 4485 τόπον
3166 4433 3399 4505 στρατὸν
3423 4434 3592 4491 πολὺν
3613 4434 3688 4505 μὴ
3709 4434 3939 4505 σύναγε,
3968 4453 4063 4489 πο-

2476 4521 2679 4593 λεμίων
2712 4522 2787 4593 μὴ
2840 4521 3241 4592 ἐνοχλούντων,
3296 4524 3382 4576 ἵνα
3436 4523 3513 4595 μὴ
3574 4525 3961 4596 εὐκαιροῦντες
4013 4528 4059 4578 οἰ

782 4614 1077 4668 seditiones
1143 4620 1197 4666 et
1272 4626 1559 4682 perversas
1617 4612 1979 4682 cogitationes
2056 4626 2115 4666 se
2173 4610 2370 4678 adjun-

2478 4613 2809 4683 στρατιῶται
2855 4613 2936 4676 εἰς
2966 4613 3186 4677 στάσεις
3232 4616 3327 4667 καὶ
3362 4614 3623 4685 ἀκαίρους
3648 4615 3860 4678 ἐννοίας
3894 4618 4061 4688 ἀσχο-

821 4716 941 4760 ιιηι.

821 4722 941 4760 unt.

784 4722 815 4776 Β
852 4800 908 4853 4.
932 4797 1028 4853 Sin
1063 4813 1195 4854 usus
1221 4797 1421 4867 aliquis
1484 4798 1586 4852 hoc
1633 4797 1922 4867 requirat,
1952 4795 2037 4850 vel
2078 4794 2319 4849 adnomii
2345 4833 2362 4859 ,

2465 4704 2705 4759 λοῦνται.

2536 4795 2599 4850 δ’.
2632 4796 2695 4849 Εἰ
2720 4796 2777 4849 δέ
2807 4813 2936 4850 ποτε
2973 4796 3131 4869 χρεία
3153 4797 3372 4850 καλεσει
3405 4798 3565 4852 τοῦτο
3594 4798 3845 4867 γίνεσθαι
3899 4802 4060 4873 χάριν

787 4890 837 4943 id
859 4900 962 4957 est,
988 4890 1274 4944 nominum
1301 4889 1789 4944 describendorum
1816 4903 2006 4954 causa,
2026 4887 2109 4943 vel
2136 4886 2366 4955 alicujus

2478 4888 2787 4960 Ξιδνουμίου.
2812 4890 2845 4960 ἢ
2875 4889 3042 4961 ἄλλης
3078 4890 3384 4958 ἀναγκαίας
3431 4891 3631 4955 αἰτίας,
3662 4890 3695 4961 ἢ
3736 4891 3946 4961 ταχέως
3973 4895 4061 4947 τὸν

789 4981 1019 5036 alterius
1070 4981 1150 5035 rei
1181 4980 1384 5051 gratia,
1430 4989 1487 5033 ut
1518 4989 1788 5048 cogantur
1831 4979 1886 5033 in
1933 4993 2103 5033 unum
2143 4978 2365 5045 milites,

781 5084 992 5146 quanta
1027 5073 1262 5126 maxima
1293 5071 1572 5125 celeritate
1613 5081 1786 5141 potes,
1818 5070 2005 5140 copias
2040 5070 2125 5124 vel
2154 5069 2359 5135 divide,

780 5166 868 5221 vel
914 5179 1129 5228 exerce,
1166 5174 1220 5219 et
1260 5164 1315 5218 in
1375 5164 1542 5217 rebus
1592 5162 1804 5218 bellicis
1861 5170 2159 5231 occupatos
2215 5170 2361 5225 tene,

784 5255 1241 5328 quemadmodum
1275 5256 1332 5308 in
1381 5254 1558 5324 capite
1615 5253 1691 5307 De
1740 5254 2042 5307 exercendis
2105 5252 2362 5306 militibus

782 5349 1236 5421 prmscripsimus.
1295 5344 1476 5401 Otium
1536 5347 1678 5401 enim
1726 5356 1781 5400 et
1843 5345 2048 5401 desidia
2113 5344 2364 5399 insolitas

782 5448 951 5510 atque
984 5442 1412 5510 intemperantes
1452 5438 1570 5493 fere
1595 5436 1953 5508 cogitationes
1977 5435 2217 5506 pariunt.

2467 4980 2697 5051 στρατὸν
2721 4980 3011 5053 διαμέριζε
3045 4982 3179 5054 (52),
3205 4981 3239 5053 ἢ
3268 4981 3518 5054 γύμναζε
3542 4983 3638 5036 καὶ
3666 4983 3748 5046 εἰς
3776 4983 3915 5053 ἔργα
3950 4986 4057 5039 τῶν

2468 5072 2650 5125 ὃπλων
2707 5072 3052 5143 ἀσχολεῖσθαι
3106 5074 3522 5145 παρασκεύαζε,
3570 5073 3646 5136 ώς
3685 5074 3744 5124 ὲν
3786 5073 3868 5143 τῷ
3920 5078 4057 5143 Πειιί

2469 5164 2810 5233 γυμνασίας
2868 5164 2999 5234 ἡμῖν
3052 5164 3267 5235 είρηται
3321 5161 3623 5233 κεφαλαίῳ.
3661 5160 3731 5213 Ἦ
3789 5160 3903 5231 γὰρ
3958 5164 4058 5231 ἁρ-

2471 5256 2567 5324 γία
2614 5255 2927 5327 κενωτέρας
2983 5255 3216 5326 μελέτας
3252 5255 3382 5320 τσως
3412 5256 3507 5310 καὶ
3554 5252 3877 5317 ὲπιὸλαϐεῖς
3924 5253 4047 5308 am

2472 5346 2657 5415 γεννᾷ.

2290 5527 2520 5586 NOTAE.

859 5625 973 5696 (29)
1012 5626 1134 5679 Τῶν
1162 5626 1395 5695 ἐτέρων.
1421 5627 1792 5690 Scribebatur,
1833 5626 1942 5679 τῶν
1958 5625 2257 5696 νεωτέρων.

861 5698 974 5766 (30)
1011 5700 1087 5752 Ἦ
1128 5699 1437 5766 ἐξουτεύῃ.
1492 5699 1865 5759 Scribebatur,
1911 5697 1945 5766 ἢ
2003 5695 2364 5766 έκκουλκεύῃ.

788 5767 1142 5822 Recentiores
1175 5769 1372 5831 Gueci,
1405 5770 1781 5834 ὲξκουσσεύειν
1812 5769 2039 5835 dicunt,
2089 5781 2363 5822 exarare.

792 5835 929 5895 Vide
957 5836 1295 5894 Glossariqu
1323 5849 1595 5895 nostrum.

2475 5626 2663 5753 y'o(u51)
2700 5626 2810 5683 Τοῦ
2854 5626 3146 5698 ἡμετέρου
3192 5628 3423 5698 κρίνου.
3467 5626 3678 5695 Scribe,
3719 5644 3775 5684 τ.
3813 5628 3869 5699 ἠ.
3904 5644 4055 5692 σκρι-

2547 5768 2660 5837 (52)
2698 5768 2809 5840 Τὸν
2840 5770 3105 5837 στρατὸν
3129 5768 3443 5840 διαμέριζὲ.
3481 5767 3809 5825 Addendum
3860 5783 4050 5825 ncces-

2474 5841 2643 5905 sario,
2683 5838 2715 5908 ἢ
2751 5840 3022 5909 γύμναζε.
