4176 6446
163 405 265 436 Ἳρζδ

170 432 267 470 ω»

1242 402 1570 464 TACTICA.
1597 429 1667 439 --
1696 404 2196 467 CONSTITUTIO
2226 407 2308 465 IX

3306 412 3410 476 770

229 519 293 570 ε’.
344 516 469 569 Ἐάν
521 516 752 585 πόλεμον
804 514 1124 584 προσδοκᾷς,
1187 516 1322 584 μετὰ
1373 516 1577 579 τάξεως
1631 518 1721 570 τὸν

1895 520 1948 572 5.
1983 519 2038 574 Si
2099 522 2300 575 bellum
2343 531 2642 588 exspettes.
2685 524 2734 574 in
2763 523 2878 577 acie
2906 523 3177 579 exercitus
3200 524 3406 578 inStru-

162 609 397 678 στρατὸν
432 607 753 678 περιπατεῖν
785 606 1027 675 ποίησον,
1064 605 1165 656 κάν
1187 621 1244 658 τε
1266 607 1404 659 κατὰ
1437 606 1733 676 δρούγγους

158 701 257 760 τὰς
289 698 601 766 ὁδοιπορίας
622 697 920 759 ποιοῦνται,
958 696 1057 747 κᾶν
1087 712 1141 746 τε
1177 698 1317 747 κατά
1341 695 1602 764 τούρμας.
1632 697 1735 749 κᾶν

158 807 214 842 τε
245 792 393 843 κατά
447 791 575 849 ὅλας
601 787 957 858 παρατάξεις.
993 786 1066 837 Τὸ
1117 788 1228 856 γὰρ
1278 786 1334 836 ὲν
1358 787 1508 849 τάξει
1535 788 1737 848 ταύτας

159 882 432 949 γίνεσθαι,
453 880 514 932 οὐ
542 879 701 950 μόνον
721 878 813 931 ἐπὶ
840 878 935 945 τῆς
960 877 1242 944 πολεμίας,
1267 877 1399 930 ἀλλά
1419 878 1510 930 καὶ
1533 878 1624 930 ἐπὶ
1637 876 1737 946 τῆς

164 975 322 1037 ἰδίας,
361 973 796 1040 ἀσφαλεστέρους
858 971 949 1022 καὶ
984 970 1572 1040 προγεγυμνασμένους
1599 973 1740 1021 ποιεῖ

160 1063 286 1122 τοὺς
316 1060 670 1130 στρατιώτας.

232 1157 314 1211 ς’,
362 1151 608 1218 ἐκάστῳ
640 1148 696 1201 δὲ
733 1148 980 1220 δρούγγῳ
1005 1145 1277 1210 ἐθίζεσθαι
1330 1145 1572 1214 ποίησον,
1600 1146 1738 1198 ὥστε

161 1242 260 1307 τὴν
296 1240 436 1291 ἰδίαν
470 1239 799 1306 ἀποσκευὴν
835 1235 1058 1289 δπισθεν
1101 1234 1412 1288 ἀκολουθεῖν
1468 1235 1605 1303 μετά
1633 1235 1742 1287 τῶν

170 1331 318 1382 ίδίων
363 1327 625 1397 σημείων,
655 1324 748 1380 καὶ
797 1326 872 1396 μὴ
907 1324 1299 1395 ἐπιμίγνυσθαι
1321 1325 1501 1394 ἑτέρᾳ,
1548 1327 1741 1390 Ἀναγο

167 1418 322 1470 καῖον
349 1416 457 1486 γάρ
489 1418 660 1479 ἐστιν,
684 1415 810 1466 ὅταν
827 1415 875 1465 οἱ
907 1413 1153 1482 πολέμιοι
1179 1408 1302 1462 οὔτε
1330 1407 1742 1480 πάρεισιν,οῠτε

169 1506 478 1569 ὲλπίζονται
505 1506 562 1556 ὲν
584 1507 650 1574 τῇ
678 1503 924 1573 ἡμετέρα⁴
961 1504 1056 1571 γῇ,
1103 1501 1137 1567 ἢ
1169 1501 1308 1553 κατά
1356 1500 1673 1570 δρούγγους,
1703 1499 1737 1566 ἢ

168 1590 311 1643 κατά
367 1589 608 1659 τούρμας
659 1591 1010 1660 περιπατεῖν,
1047 1589 1138 1640 καὶ
1189 1588 1262 1658 μὴ
1286 1587 1538 1652 συνάγειν
1580 1586 1636 1638 ὲν
1665 1587 1746 1638 ἐν).

169 1677 321 1745 τόπῳ
351 1679 441 1728 τὸν
475 1677 689 1730 ἃπαντα
722 1675 973 1744 στρατὸν,
1005 1674 1093 1728 διά
1135 1692 1194 1726 τε
1237 1678 1297 1726 τὸ
1331 1673 1403 1742 μὴ
1459 1672 1744 1742 λιμώττειν

169 1772 334 1824 αὑτὸν
361 1771 619 1841 εὐχερῶς,
657 1769 795 1839 μηδὲ
826 1769 1157 1822 εὐσύνοπτον
1186 1768 1246 1819 τὸ
1271 1767 1474 1836 πλῆθος
1501 1767 1620 1820 ὅλον
1647 1768 1747 1834 τῆς

1838 617 1956 662 ctus
1974 612 2220 678 prodeat,
2248 610 2361 663 sive
2374 622 2487 677 .per
2503 611 2763 679 drungos,
2790 613 2839 664 id
2867 621 2971 677 est,
3008 612 3261 666 cohortes
3287 615 3410 668 mil-

1838 699 2046 762 liarias,
2070 701 2183 754 sive
2204 715 2300 768 per
2326 707 2557 765 turmas,
2589 702 2705 754 sive
2734 716 2828 768 per
2860 703 3100 772 integras
3130 703 3276 758 acies
3307 704 3406 758 iter

1841 786 2023 842 faciat.
2057 788 2191 842 Nam
2227 790 2279 842 in
2309 790 2428 844 acie
2460 805 2584 846 esse
2618 790 2843 854 milites,
2880 807 2990 844 non
3025 794 3207 847 solum
3237 793 3290 848 in
3317 795 3412 847 bo-

1839 881 1950 933 stili
1980 891 2146 943 terra,
2176 879 2271 934 sed
2299 879 2463 933 etiam
2490 882 2543 934 in
2571 897 2692 948 sua,
2720 881 2951 950 perutile
2985 891 3086 946 est,
3107 895 3161 937 et
3184 886 3411 940 tutiores

1837 980 1931 1018 eos
1963 965 2243 1033 magisque
2282 967 2606 1022 exercitatos
2627 969 2819 1023 reddit.

1914 1151 1976 1204 6.’
2003 1159 2460 1220 [litumqnemque
2506 1148 2800 1220 drungum,
2839 1168 2935 1206 seu
2965 1153 3250 1208 cohortem
3286 1153 3412 1207 mil»

1843 1243 2050 1296 liariam
2074 1235 2430 1305 issuefacito,
2463 1249 2521 1296 ut
2546 1242 2760 1296 illorum
2785 1243 3168 1312 impedimenta
3193 1259 3221 1296 a
3253 1253 3406 1313 tergo

1842 1344 1961 1382 eam
2016 1338 2340 1397 sequantur,
2384 1343 2507 1383 cum
2545 1327 2773 1395 privatis
2819 1336 2873 1382 et
2923 1329 3037 1382 suis
3063 1314 3366 1400 insignibus
3395 1370 3410 1392 ,

1844 1429 2017 1483 neque
2041 1415 2216 1468 aliena
2243 1413 2671 1468 admisceantur.
2699 1415 2932 1480 Quando
2953 1417 3098 1470 enim
3129 1418 3183 1471 in
3219 1427 3408 1473 nostra

1845 1503 2062 1569 regione
2097 1503 2281 1556 hostes
2314 1518 2486 1572 neque
2521 1504 2740 1570 adsunt,
2795 1520 2972 1573 neque
3004 1517 3409 1574 exspectantur,

1847 1593 1930 1645 vel
1983 1593 2317 1661 drungatim,
2381 1596 2462 1648 vel
2517 1596 2796 1650 turmatim
2850 1598 3151 1661 ambulent,
3207 1613 3308 1651 nec
3361 1598 3413 1650 in

1849 1697 2016 1735 unum
2057 1683 2233 1735 locum
2263 1685 2660 1749 conducantur,
2695 1695 2754 1738 ut
2787 1702 2858 1741 ne
2885 1688 3027 1742 fame
3069 1698 3418 1756 premantur,

1850 1785 2027 1840 neque
2063 1770 2218 1824 facile
2257 1772 2324 1824 ab
2373 1772 2612 1826 hostium
2650 1775 3089 1843 speculatoribus
3119 1793 3412 1831 numeren-

170 1865 526 1930 κατασκοπῆς
558 1860 667 1913 τῶν
715 1859 946 1929 ἐχθρῶν,
974 1858 1048 1920 ὡς
1072 1857 1236 1923 εἰκὸς,
1294 1859 1563 1926 γίλεσθαι,
1600 1855 1735 1925 μηδὲ

1846 1871 1955 1927 tur,
1988 1871 2041 1916 et
2073 1872 2260 1931 pastus
2288 1863 2662 1930 jnmentorum
2693 1880 2885 1920 omnes
2907 1868 3165 1921 exedant.

169 1954 249 2014 εἰς
267 1949 480 2025 βοσκὰς
503 1949 839 2002 στενοῦσθαι.

238 2043 302 2106 ζ’.
323 2042 679 2110 Ἐγγιζόντων
708 2039 886 2092 δὲτῶν
905 2038 1110 2110 ἐχθρῶν
1140 2040 1213 2102 ὼς
1245 2040 1352 2109 πρδ
1385 2038 1436 2103 ς’
1467 2041 1500 2108 ἧ
1528 2038 1571 2103 ζ’
1602 2039 1738 2108 ἡμε-

173 2133 284 2203 ρῶν
317 2133 352 2202 ἦ
379 2133 474 2184 καὶ
496 2131 626 2183 δέκα
670 2129 1071 2194 συνάπτεσθαι,
1108 2130 1203 2183 καὶ
1232 2131 1289 2182 ἐν
1317 2129 1395 2198 τῷ
1427 2129 1546 2198 ἅμα
1575 2129 1736 2181 ἀπλι-

171 2223 377 2284 κεύειν,
429 2221 524 2274 καὶ
569 2219 686 2284 ἐὰν,
731 2220 804 2282 ὡς
841 2219 986 2283 εἰκὸς
1012 2259 1028 2284 ,
1065 2222 1126 2272 ὲν
1157 2217 1454 2286 ἀγνώστοις
1499 2219 1680 2280 τόποις
1706 2219 1740 2286 ἡ

170 2313 452 2382 ὁδοιπορία
498 2310 728 2379 γίνεται,
778 2311 874 2362 καὶ
924 2311 983 2362 οὑ
1039 2310 1261 2380 πάρεισί
1317 2324 1462 2371 τινες
1511 2307 1742 2361 ἐντόπιοι

171 2403 503 2472 ὼυκάτορες
531 2401 664 2472 (53),
688 2402 1018 2469 ἀποστείλῃς
1064 2402 1190 2462 τοὺς
1222 2399 1635 2468 μινσοράτορας,
1661 2397 1748 2452 ἵνα

173 2493 659 2564 προλαμϐάνωσιν,
705 2491 800 2544 ὲάν
844 2489 1040 2560 ἐχθροῦ
1065 2489 1227 2558 φόϐος
1250 2491 1349 2542 οὐκ
1379 2488 1457 2540 ἔτι
1478 2489 1612 2558 (54),
1642 2487 1748 2556 πρδ

175 2588 306 2657 μιᾶς
339 2585 577 2656 ἡμέρας,
615 2584 650 2654 ἦ
679 2599 823 2646 τινες
849 2583 960 2652 (55)
991 2581 1263 2651 ὀφείλουσι
1293 2581 1392 2650 τὴν
1422 2580 1748 2652 περίμετρον

173 2680 270 2732 τοῦ
297 2680 500 2740 παντὸς
516 2675 840 2746 διαγράφειν
868 2673 1122 2745 στρατοῦ,
1143 2673 1202 2726 ὲν
1225 2667 1270 2740 ᾧ
1298 2671 1509 2742 μέλλεις
1527 2687 1748 2742 στρατοο

175 2767 539 2831 πεδεύεσθαι,
600 2767 695 2820 καὶ
749 2767 811 2819 τὸ
864 2764 1156 2819 ἐπιϐάλλον
1214 2764 1411 2833 μέτρον
1472 2763 1748 2831 ἀναλόγως

175 2862 394 2929 ἑκάστῳ
429 2859 586 2928 μέρει
618 2856 954 2926 διαμερίσαι.

243 2947 320 3017 η’.
381 2949 463 3001 Τά
503 2947 644 3001 αὖτά
687 2946 745 2999 δὲ
797 2947 973 2997 ποιεῖν
1019 2946 1110 2997 καὶ
1164 2946 1288 3006 τοὺς
1346 2944 1746 3015 άντικίνοορας.

175 3033 339 3092 οὗτοι
380 3039 435 3089 δέ
491 3039 628 3090 εἰσιν
675 3038 724 3089 οἱ
768 3035 1072 3103 ὀφείλοντες
1113 3035 1219 3088 τῶν
1250 3034 1458 3089 ὑδάτων
1511 3036 1604 3087 καὶ
1648 3034 1747 3104 τῆς

175 3127 405 3196 γνώμης
437 3125 549 3194 (56)
571 3126 668 3195 τὴν
701 3125 895 3196 χρῆσιν
920 3123 1379 3194 καταμανθάνειν.

245 3217 313 3270 θ’.
356 3218 481 3270 Ἐαν
527 3217 583 3269 δὲ
625 3217 711 3270 διὰ
741 3217 987 3286 τραχέων
1016 3218 1158 3270 πάνυ
1194 3216 1373 3268 τόπων
1407 3216 1439 3284 ἡ
1467 3214 1743 3282 ὁδοιπορία

180 3310 353 3379 μέλλῃ
380 3309 644 3376 γίνεσθαι,
700 3308 734 3376 ἢ
780 3307 1136 3378 κρημνωδῶν,
1183 3307 1218 3376 ἢ
1253 3305 1549 3369 δυσϐάτων,
1582 3305 1614 3374 ἦ
1648 3305 1742 3357 δα-

179 3400 339 3462 σέων,
357 3395 800 3470 προ[ευ]τρέπιζε
826 3396 1022 3465 πλῆθος
1044 3394 1296 3466 στρατοῦ,
1319 3397 1412 3447 καὶ
1433 3395 1746 3447 ἀπόστειλον

177 3491 274 3543 ἐπὶ
323 3491 501 3555 τοῦτο,
550 3489 689 3542 ὥστε
735 3487 1131 3560 διορθώσασθαι
1184 3488 1278 3540 καὶ
1329 3485 1747 3557 παρασκευάσαι

178 3582 400 3634 εὐθεῖαν
425 3579 676 3648 γενέσθαι
710 3580 807 3650 τὴν
832 3580 948 3632 ὁδὸν
977 3579 1120 3630 κατά
1164 3579 1226 3631 τὸ
1270 3578 1516 3643 δυνατὸν,
1547 3577 1633 3628 ἵνα
1672 3577 1747 3646 μὴ

181 3671 535 3741 συντρίϐηται
582 3671 615 3740 ἡ
661 3670 844 3730 ἵππος.
892 3668 1030 3731 Τοὺς
1079 3667 1136 3720 δὲ
1180 3666 1610 3737 ἀφοριζομένους
1655 3667 1748 3717 ἐπὶ

176 3759 356 3830 τούτῳ
391 3760 466 3830 μὴ
493 3759 809 3812 ὑποκεῖσθαι
842 3757 1019 3828 βίγλα,
1051 3757 1084 3827 ῆ
1116 3757 1280 3826 ἑτέρᾳ
1303 3755 1538 3825 δουλείᾳ.

252 3858 308 3905 ι’.
345 3849 781 3920 Περιπατοῦντος
812 3847 869 3900 δὲ
908 3847 1001 3900 τοῦ
1055 3846 1307 3916 στρατοῦ,
1349 3845 1646 3915 ἡγείσθωή
1681 3845 1747 3915 σὴ

179 3942 482 4010 ὲνδοξότης,
529 3940 604 4004 ὡς
633 3939 725 3992 τοῦ
755 3939 954 4000 παντὸς
989 3937 1219 4007 στρατοῦ
1271 3939 1573 4006 στρατηγὸς
1613 3954 1746 4006 προ-

181 4035 547 4104 πορευόμενος
578 4030 741 4085 αὑτοῦ
764 4030 929 4100 τιμῆς
958 4029 1166 4088 ἕνεκεν.
1198 4029 1290 4080 καὶ
1328 4028 1414 4079 διὰ
1447 4029 1539 4079 τὸν
1586 4027 1749 4095 φόϐον

177 4125 291 4180 τῶν
331 4124 621 4194 ἐπιτιμίων
669 4121 808 4191 μετά
848 4121 948 4190 τῆς
971 4121 1084 4189 ,σῆς
1109 4120 1324 4188 ἀπάσης
1354 4117 1746 4189 προελεύσεως,

181 4218 278 4272 καὶ
305 4217 414 4269 τῶν
441 4215 582 4269 κατά
613 4212 707 4266 σοῦ
741 4212 965 4283 βάνδων,
1002 4211 1096 4264 καὶ
1151 4210 1371 4262 ὄπισθεν
1400 4208 1615 4262 πάντων
1646 4208 1750 4260 ὑπ-

180 4306 333 4377 ερισὶ
366 4307 479 4377 (37)
506 4306 807 4373 ἀποσκευή.

257 4397 352 4454 ια’.
388 4399 530 4468 Πρὸς
558 4398 618 4451 τὸ
648 4398 832 4467 σχῆμα
862 4395 920 4447 δὲ
959 4393 1118 4447 τοῦτο
1143 4393 1237 4446 καὶ
1290 4392 1518 4453 ἕκαστος
1544 4407 1745 4460 τουρμ-

1915 2039 1964 2091 7.
1999 2035 2327 2103 Pmpinqttis
2388 2037 2501 2102 jam
2550 2037 2826 2101 hostibus,
2859 2048 2985 2093 ante
3037 2055 3149 2102 sex,
3190 2041 3272 2094 vel
3330 2056 3417 2097 se-

1844 2133 2131 2198 ptem,aut
2162 2126 2322 2179 etiam
2379 2126 2565 2180 decent
2600 2127 2810 2181 dierum
2867 2143 3126 2199 pugnam,
3181 2145 3416 2201 cumque

1847 2233 2014 2288 prope
2071 2226 2254 2271 castra
2307 2227 2610 2286 ponuntur,
2642 2220 2688 2274 si
2714 2219 2768 2272 in
2808 2220 2993 2288 ignota
3023 2222 3144 2276 loca
3190 2223 3292 2277 iter
3338 2223 3417 2277 fa-

1847 2309 2098 2362 ciendum
2135 2309 2228 2372 sit,
2283 2322 2458 2375 neque
2508 2309 2775 2378 indigena:
2825 2311 3080 2367 ductores
3123 2312 3418 2377 adfuerint,

1848 2406 2141 2452 metatores
2188 2397 2301 2452 sive
2352 2407 2756 2454 mensuratores
2802 2402 3136 2468 prauuittes,
3183 2415 3240 2457 ut
3295 2405 3415 2458 loca

1848 2490 2169 2558 anticipent,
2205 2491 2249 2544 si
2276 2490 2457 2545 nullus
2474 2490 2714 2544 hostium
2747 2491 2909 2545 timor
2961 2493 3290 2561 impendeat,
3321 2498 3412 2566 qui

1849 2592 2158 2637 castrorum
2191 2581 2456 2636 ambitum
2488 2592 2615 2636 ante
2643 2597 2811 2635 unum
2856 2582 2998 2636 diem
3037 2584 3416 2648 dimetiantur,

1851 2671 2037 2740 inquo
2075 2680 2254 2726 castra
2291 2679 2579 2739 ponentur,
2607 2679 2882 2725 etcertam
2927 2659 3220 2742 quamdam
3256 2692 3406 2730 men-

1853 2774 2036 2816 suram
2065 2775 2188 2813 cum
2219 2760 2570 2829 proportione
2585 2761 2732 2830 justa
2765 2762 3063 2833 unicuique
3104 2774 3293 2820 turma:
3322 2767 3418 2820 tri~

1853 2853 2040 2906 buanL

1922 2942 2139 2996 8.ldcm
2173 2942 2378 2997 faciant
2432 2952 2487 2996 et
2544 2943 2917 2998 anticensores
2952 2959 2969 3010 ;
3003 2944 3200 2999 horum
3256 2947 3421 3001 etiam

1852 3030 2086 3085 ofﬁcium
2127 3041 2230 3096 est,
2289 3046 2555 3102 aquarum
2595 3032 3020 3102 pastionumque
3068 3034 3174 3088 vim
3207 3043 3262 3090 et
3320 3051 3420 3091 co-

1852 3121 1997 3190 piam
2014 3120 2317 3176 advertere.

1917 3211 1969 3264 9.
2007 3212 2064 3265 Si
2097 3226 2192 3279 per
2213 3225 2408 3280 aspera
2437 3210 2733 3265 admodum
2766 3210 2886 3266 loca
2922 3213 3022 3268 iter
3042 3213 3284 3269 futurum
3314 3227 3418 3282 est,

1849 3311 1941 3355 aut
1965 3300 2285 3371 praecipitia,
2315 3310 2407 3355 aut
2429 3316 2526 3371 per
2550 3303 2672 3356 avia
2706 3311 2761 3357 et
2819 3303 3098 3358 condensa
3132 3305 3283 3371 loca,
3314 3307 3419 3361 ali-

1849 3403 1982 3462 quot
2014 3408 2077 3445 ex
2111 3393 2351 3446 exercitu
2382 3408 2647 3461 praepara,
2681 3404 2736 3449 et
2775 3394 3064 3463 praemitte,
3092 3399 3188 3464 qui
3241 3402 3420 3470 quoad

1850 3486 1961 3539 fieri
2018 3495 2193 3554 potest
2230 3485 2444 3554 planam
2478 3495 2532 3538 et
2581 3486 2841 3540 directam
2893 3488 3034 3541 viam
3068 3488 3320 3553 eﬂiciaut,
3361 3498 3420 3543 ut

1847 3577 2056 3646 neequi
2095 3577 2423 3646 afﬂigantur.
2455 3559 2519 3630 Hi
2540 3577 2632 3645 qui
2681 3577 2748 3631 ad
2781 3579 2882 3632 hoc
2930 3579 3204 3646 negotium
3262 3581 3419 3635 asciti
3482 3637 3490 3648 ,

1848 3680 1996 3734 sunt,
2029 3683 2205 3738 neque
2228 3669 2716 3738 speculationibus,
2747 3684 2920 3736 neque
2960 3668 3084 3724 ullis
3129 3670 3254 3725 aliis
3300 3687 3419 3725 utu-

1851 3761 2077 3816 neribus
2104 3741 2368 3816 faciendis
2401 3761 2720 3815 inserviant.

1922 3853 2010 3908 lO.
2046 3854 2353 3908 Prodeunte
2410 3853 2651 3907 exercitu
2695 3854 2902 3921 primus
2932 3862 3153 3908 anteeas
3185 3861 3239 3905 tu
3293 3853 3419 3906 uni-

1852 3947 1989 3998 versi
2016 3945 2289 3998 exercitus
2345 3945 2663 4013 imperator,
2713 3954 2767 3998 et
2821 3954 3040 3998 anteeas
3071 3945 3293 3999 honoris
3338 3943 3416 3998 tui

1853 4051 2046 4097 causa,
2086 4045 2306 4103 propter
2339 4037 2632 4087 multorum
2687 4037 2958 4098 timorem,
2989 4052 3111 4090 cutn
3165 4036 3413 4090 universa

1851 4123 2199 4193 expeditione
2239 4131 2329 4177 tua
2355 4134 2408 4177 et
2433 4124 2750 4178 cohortibus
2775 4125 2883 4178 tnis
2919 4134 3194 4178 :extrema
3235 4135 3412 4179 autem

1852 4216 2091 4268 omnium
2129 4214 2515 4280 impedimenta
2549 4225 2638 4267 tua
2664 4226 2806 4268 eant.

1925 4399 2011 4452 ll.
2055 4398 2134 4452 Ad
2179 4399 2323 4452 hunc
2358 4399 2579 4451 modum
2608 4397 2985 4468 unusquisque
3034 4407 3146 4451 tum
3178 4409 3415 4453 turmar-

179 4489 357 4558 ἀρχης
389 4485 423 4555 ἢ
451 4485 809 4556 δρουγγάριος
837 4479 1224 4552 περιπατείτω,
1256 4480 1354 4549 τὴν
1382 4479 1552 4548 αὐτὴν
1593 4477 1744 4541 τάξιν

1852 4487 1975 4550 clla,
2009 4494 2122 4538 tum
2149 4485 2498 4554 drungarius,
2527 4484 2578 4538 id
2613 4493 2718 4547 est,
2765 4485 3015 4539 tribunus
3049 4485 3248 4549 minor,
3288 4501 3411 4554 pro-

181 4578 491 4646 φυλάττων,
523 4576 634 4628 εἴτε
667 4575 966 4645 ήνωμένως
1003 4570 1416 4642 περιπατοῦσιν,
1447 4571 1553 4622 είτε
1584 4570 1744 4632 ίδίως.

193 4669 284 4721 Ἐν
337 4667 393 4719 δὲ
439 4669 558 4729 ταῖς
618 4665 728 4717 τῶν
776 4662 1035 4734 ποταμῶν
1097 4661 1431 4726 διαϐάσεσιν,
1490 4659 1523 4730 ἢ
1577 4660 1751 4713 ἄλλων

180 4760 479 4827 ἀγνώστων
509 4757 748 4829 χωρίων,
779 4757 905 4820 τοὺς
937 4755 1321 4824 άντικένσορας
1349 4749 1751 4823 προλαμϐάνειν

181 4852 326 4905 ὥστε
360 4849 676 4920 δοκιμάζειν
711 4849 973 4919 πρότερον
1005 4846 1131 4909 τοὺς
1170 4846 1390 4911 τόπους,
1441 4843 1535 4896 καὶ
1581 4842 1750 4906 οὕτως

179 4941 548 5008 ἀπαγγέλλειν
589 4957 670 4992 σοι
719 4939 786 4992 τὰ
833 4937 928 4990 τοῦ
981 4938 1167 4999 τόπου,
1217 4937 1304 4987 ἵνα
1349 4934 1436 4987 διὰ
1471 4935 1581 4986 τῶν
1623 4936 1744 4986 ἐπι-

179 5030 411 5100 τηδείων
444 5030 718 5100 ἀρχόντων
748 5027 1103 5095 ἀποστέλλῃς,
1129 5026 1224 5078 καὶ
1244 5023 1624 5093 προψυλάττῃς
1651 5021 1747 5091 τὴν

179 5119 452 5174 διάϐασιν.

254 5211 347 5279 ιβ’.
400 5210 462 5262 Εἰ
513 5207 570 5261 δὲ
614 5208 757 5262 πάνυ
805 5205 1125 5272 ἐπισφαλεῖς
1170 5207 1306 5256 εἰσιν
1351 5206 1400 5256 oi
1449 5205 1605 5256 τόποι
1658 5205 1748 5256 καὶ

181 5302 456 5364 δύσκολοι,
486 5301 577 5353 καὶ
597 5298 820 5352 σεαυτὸν
837 5297 947 5365 (58)
969 5297 1060 5347 τοῦ
1089 5296 1287 5358 παντὸς
1318 5295 1617 5363 στρατηγὸν
1644 5296 1750 5347 ἀπ-

1849 4578 1996 4640 deat,
2025 4578 2166 4629 hanc
2196 4575 2367 4630 aciem
2400 4590 2644 4636 servans,
2712 4574 2824 4627 sive
2885 4574 3175 4642 conjuncte
3226 4589 3416 4628 omnes

1848 4666 2148 4729 ambulent,
2183 4666 2298 4720 sive
2321 4667 2572 4720 seorsim.
2609 4663 2666 4718 In
2698 4664 2984 4718 fluviorum
3006 4665 3417 4718 transitionibus

1850 4768 1943 4812 aut
1973 4758 2203 4812 aliorum
2227 4757 2472 4810 locorum
2514 4755 2848 4826 ignotorum,
2884 4763 3259 4809 antecessores
3280 4769 3416 4822 pra:-

1854 4849 2034 4912 mitte,
2067 4847 2157 4916 qui
2187 4847 2339 4915 prius
2393 4847 2511 4900 loca
2542 4847 2848 4915 explorent,
2885 4859 3057 4916 eaque
3080 4844 3260 4914 qualia
3311 4843 3418 4898 sint

1865 4941 2139 5001 nuntient,
2176 4947 2233 4991 ut
2266 4937 2595 5008 quibusdam
2651 4937 2865 4990 idoneis
2926 4935 3196 5004 praefectis
3234 4928 3414 4989 statim

1855 5031 2175 5100 praemissis,
2198 5030 2486 5098 diligenter
2513 5041 2760 5082 asserves
2796 5027 3106 5082 transitum.

1930 5209 2015 5261 l2.
2079 5206 2176 5260 Sin
2225 5206 2515 5259 admodum
2585 5205 2813 5270 lubrica,
2883 5203 3232 5272 diﬂiciliaque
3300 5201 3416 5255 loca

1862 5298 2082 5363 fuerint,
2109 5297 2338 5366 teipsum
2364 5306 2577 5366 Oportet
2597 5297 2828 5366 primum
2852 5311 2917 5350 eo
2948 5295 3199 5360 transire,
3222 5285 3416 5364 deihde

1677 5405 1904 5462 ΝΟΤΕ.

256 5532 367 5598 ('53)
404 5532 792 5598 Λουκατορες.
836 5522 897 5576 ln
947 5521 1196 5576 Palatino
1234 5521 1424 5577 codice
1465 5529 1602 5587 erat,
1634 5522 1681 5572 οἱ
1712 5522 1758 5572 δ’

183 5596 341 5657 ἑκάτε
351 5618 454 5669 ροι.
493 5596 652 5669 Hale.

258 5660 370 5741 (35')
410 5670 530 5741 (lim
560 5665 668 5718 ἔτι.
703 5663 915 5741 sem-oe,
945 5661 1042 5741 οξκ
1067 5660 1202 5713 ἔστι.

258 5730 374 5810 (55)
412 5739 480 5793 Ἡ
518 5749 694 5797 τινες.
719 5731 925 5793 Scribe,
956 5730 1170 5790 οἵτινες.

510 5831 776 5888 ΡΑτιιοι..
821 5826 934 5882 Gn.
976 5823 1154 5883 CVII.

1937 5524 2047 5593 (56)
2080 5522 2188 5577 Καὶ
2218 5523 2326 5589 τῆς
2348 5523 2602 5593 γνώμης.
2636 5520 2847 5593 Scribe,
2872 5522 2962 5593 καὶ
2996 5520 3093 5587 τῆς
3127 5520 3312 5588 νομῆς.

1935 5591 2048 5660 (57)
2084 5593 2378 5659 ’Υπερισέ,
2413 5592 2625 5651 Scribe,
2661 5592 2694 5660 ἡ
2725 5592 2853 5659 περὶ
2881 5591 2959 5641 σέ.

1933 5664 2042 5731 (58)
2075 5662 2178 5716 Kal
2203 5663 2476 5715 σεαυτόν.
2512 5660 2718 5722 Scribe,
2747 5662 2852 5730 χρὴ
2886 5677 2933 5710 σ.

2918 5814 2993 5875 23
