4176 6446
766 422 862 488 ΤΗ

1957 399 2152 460 LEON
2162 400 2232 458 IS
2268 395 2724 458 PHILOSOPHI

3901 381 4009 443 772

776 535 847 588 ibi
894 527 1191 585 consistere
1235 528 1290 576 et
1354 516 1704 580 commorari,
1760 513 1929 566 donec
1981 524 2173 565 omnes
2223 508 2340 561 sine

2454 505 2720 576 ἔρχεσθαι,
2756 502 2850 554 καὶ
2885 498 3128 566 γίνεσθαι
3169 494 3310 549 κατά
3339 495 3429 549 τὸν
3475 494 3657 558 τόπον,
3701 494 3796 547 καὶ
3833 511 4010 564 παρα-

770 623 1074 680 υίῐνηείοηε
1109 614 1450 672 transierint.

841 715 928 769 15.
957 713 1071 765 lloc
1106 709 1251 763 enim
1294 703 1473 759 virum
1526 696 1926 755 nobilissimum
1991 702 2045 749 et
2092 693 2335 747 clarissi-

774 820 919 861 mum
961 808 1169 872 patrem
1207 802 1457 851 nostrum
1485 802 1662 859 regem
1710 786 1970 840 Basilium
2021 782 2214 837 fecisse
2246 796 2337 835 co-

773 894 1085 967 gnovimus,
1119 887 1342 959 quando
1371 891 1563 938 contra
1598 878 2001 934 Germaniciam
2034 874 2228 945 Syriae
2256 872 2337 927 ci-

771 965 993 1039 vitatem
1021 982 1206 1049 copias
1237 978 1486 1038 duxerat,
1517 983 1571 1025 et
1620 970 1940 1024 Paradisum
1972 965 2199 1019 ﬂuvium
2234 979 2336 1019 an-

773 1077 1041 1144 ticipat-at,
1066 1070 1160 1141 qui
1198 1065 1542 1135 lampadibus
1574 1064 1626 1116 in
1659 1059 1841 1114 medio
1872 1055 2194 1111 constitutis
2223 1053 2341 1123 ipse

768 1181 866 1221 sua
891 1165 1062 1235 ipsius
1117 1157 1407 1231 praesentia
1465 1160 1631 1221 atque
1681 1164 1803 1219 ope,
1835 1149 2149 1201 universum
2181 1157 2340 1197 exer-

770 1234 937 1312 citum
971 1252 1129 1307 facile
1151 1258 1206 1305 et
1252 1249 1373 1302 sine
1416 1243 1717 1298 offensione
1760 1237 2023 1301 traduxit,
2058 1234 2151 1304 qui
2201 1248 2344 1302 saepe

773 1360 992 1401 manum
1042 1341 1150 1396 illis
1212 1337 1425 1392 afflictis
1472 1339 1816 1405 porrexerat,
1874 1336 1930 1385 et
1963 1325 2231 1400 quosdam
2270 1339 2337 1379 ex

772 1436 1024 1509 periculis
1054 1430 1275 1502 eripuit.

842 1620 927 1673 Η.
969 1615 1113 1678 llaec,
1166 1611 1209 1665 si
1245 1611 1431 1662 hostes
1485 1620 1594 1658 non
1622 1601 1959 1664 immineant,
2015 1598 2338 1666 imperator,

772 1707 1084 1774 facies;sin
1122 1716 1290 1773 prope
1315 1697 1541 1760 fuerint,
1565 1705 1681 1748 tum
1735 1693 1788 1746 in
1837 1689 2057 1761 propria
2112 1686 2347 1743 statione

775 1808 1112 1870 permaneas.
1141 1786 1529 1855 Unusquisque
1564 1792 1744 1836 autem
1764 1778 2051 1850 praefectus
2072 1777 2152 1833 sui
2178 1776 2365 1845 ipsius.

775 1869 1016 1943 cohortis
1046 1892 1138 1937 aut
1170 1891 1359 1935 turmae
1389 1891 1578 1931 curam
1614 1873 1893 1942 suscipiet,
1916 1869 2089 1924 donec
2132 1881 2348 1931 omnes,

778 1978 866 2047 qui
902 1976 1004 2031 sub
1028 1971 1254 2041 imperio
1284 1968 1400 2037 ejus
1420 1965 1643 2030 fuerint,
1689 1971 1995 2024 transeant,
2031 1969 2089 2035 ut
2110 1974 2177 2011 ue
2206 1957 2347 2010 alius

777 2071 941 2122 alium
1007 2061 1414 2120 antevertendo,
1470 2073 1529 2110 se
1580 2066 1770 2108 mutuo
1818 2053 2137 2121 perturbent
2184 2059 2349 2116 atque

776 2155 1043 2224 allligaut;
1088 2161 1201 2205 tum
1252 2147 1397 2201 enim
1451 2142 1703 2198 fortassis
1754 2142 1937 2211 aliqua
1998 2137 2348 2193 incommoda

777 2246 1046 2299 orientur.

858 2334 946 2389 15.
984 2330 1212 2397 Quando
1237 2335 1415 2381 autem
1455 2339 1551 2394 per
1581 2321 1861 2391 regionem
1890 2322 2129 2390 aliquam
2172 2330 2350 2374 trans-

783 2426 934 2489 ieris,
996 2436 1117 2490 qua:
1151 2421 1251 2472 sub
1285 2417 1492 2471 ditionc
1550 2423 1735 2467 nostra
1789 2420 1894 2475 est,
1941 2426 2131 2481 parcas
2169 2419 2223 2464 et
2269 2410 2350 2463 fa—

779 2528 905 2568 veas
938 2511 1081 2580 agris
1117 2508 1279 2561 cultis
1308 2524 1323 2571 ;
1358 2504 1609 2571 idemque
1635 2500 1901 2554 militibus
1958 2499 2208 2568 pra-cipe,
2237 2498 2353 2552 sive

780 2605 897 2656 loca
939 2600 1082 2655 culta
1105 2608 1158 2653 et
1180 2596 1383 2650 vitibus
1412 2592 1648 2658 consita,
1680 2591 1793 2645 sive
1852 2588 1999 2644 horti
2030 2587 2253 2653 fuerint,
2284 2604 2352 2643 ne

780 2709 874 2763 per
900 2691 1138 2746 medium
1174 2690 1367 2741 horum
1390 2686 1637 2738 locorum
1673 2687 1971 2746 transeant,
2015 2690 2076 2734 ut
2103 2695 2169 2733 ex
2217 2679 2353 2749 legi-

778 2783 882 2837 bus
926 2777 1365 2850 pranscriptisque
1403 2772 1606 2827 nostris
1658 2769 1958 2838 municipes
2016 2780 2176 2839 atque
2204 2768 2354 2839 agri-

780 2871 911 2926 cola:
944 2868 1098 2922 illaesi
1128 2873 1541 2919 conserventur.

850 2958 942 3012 16.
976 2958 1033 3010 Si
1071 2955 1184 3008 tieri
1219 2960 1418 3022 potest,
1443 2957 1503 3003 ut
1530 2964 1622 3018 per
1648 2947 1854 3001 inculta
1898 2946 2017 3000 loca
2069 2960 2188 3010 eas,
2225 2946 2357 3001 illuc

783 3052 947 3117 longe
974 3044 1261 3100 intervallo
1287 3041 1479 3096 transi.
1508 3038 1602 3092 Sin
1637 3039 1940 3093 necessitas
1998 3038 2116 3106 ipsa
2141 3047 2354 3107 urgeat,

784 3150 964 3208 utper
996 3138 1111 3190 luce
1168 3150 1283 3197 eas,
1345 3129 1788 3198 uniuscujusque
1851 3136 2044 3182 turma:
2088 3125 2357 3197 prazfectis

781 3230 1065 3300 praxipies
1098 3235 1154 3279 ut
1179 3225 1249 3278 ibi
1279 3223 1601 3285 consistant,
1634 3230 1686 3273 et
1709 3219 2018 3274 cautionem
2044 3219 2358 3288 diligentem

782 3321 1100 3382 adhibeant,
1137 3317 1310 3369 donec
1337 3328 1528 3367 omnes
1578 3312 1800 3374 milites,
1849 3310 1945 3379 qui
1996 3310 2099 3364 sub
2140 3310 2358 3363 illorum

782 3420 1049 3480 potestate
1076 3416 1225 3472 sunt,
1255 3404 1597 3467 transierint,
1629 3411 1682 3458 et
1707 3401 1965 3473 praefecto
1999 3410 2112 3455 tum
2174 3402 2358 3472 proxi-

784 3521 873 3595 mo
901 3504 1017 3556 loca
1059 3500 1173 3555 haec
1204 3499 1374 3555 illaasa
1405 3494 1644 3562 tradant,
1676 3495 1870 3564 sicque
1920 3492 2228 3549 discedant.

852 3679 951 3734 .l7.
992 3674 1254 3730 Similiter
1282 3671 1445 3727 etiam
1473 3671 1754 3748 proximus
1776 3670 1853 3724 illi
1889 3669 2070 3730 faciet.
2094 3680 2149 3725 et
2190 3686 2361 3726 unus-

788 3779 1029 3849 quisque
1086 3772 1246 3824 etiam
1287 3766 1575 3837 prmfectus
1618 3765 1811 3821 ordine
1841 3780 1984 3826 suo:
2022 3766 2101 3821 sic
2140 3766 2357 3819 etordi-

785 3869 869 3921 nis
920 3858 1263 3918 conservatio
1308 3866 1420 3910 tum
1464 3865 1575 3919 tua,
1629 3865 1742 3909 tum
1796 3853 2194 3923 praefectorum,
2242 3864 2355 3907 tum

786 3962 1015 4015 militum
1048 3952 1413 4016 adhibebitur,
1451 3961 1506 4006 et
1556 3950 1816 4021 agricola:
1886 3948 2097 4003 fructus
2155 3950 2359 4003 illaesos

784 4054 906 4106 erit.

859 4140 947 4193 18.
976 4137 1205 4203 Quando
1248 4132 1533 4187 imminere
1569 4131 1722 4185 labor
1781 4130 1927 4195 belli,
1955 4130 2037 4183 vel
2102 4129 2357 4196 difﬁcilis,

784 4245 837 4286 rt
863 4234 915 4285 in
949 4244 1140 4284 omnes
1178 4234 1360 4295 partes
1384 4222 1906 4292 circumspiciendus
1943 4222 2205 4279 transitus
2237 4239 2358 4279 esse

789 4324 1019 4383 videtur,
1057 4320 1103 4373 si
1147 4318 1274 4373 fera:
1304 4324 1399 4370 aut
1432 4324 1729 4369 mansueta:
1769 4315 1961 4369 bestia:
1989 4315 2355 4379 occurrerint,

786 4422 880 4468 aut
909 4414 961 4465 in
1009 4416 1363 4478 conspectum
1409 4406 1623 4459 illorum
1684 4404 2023 4474 prodierint,
2075 4406 2359 4459 venatione

2440 598 2632 667 στῆναι
2659 598 2762 659 δεῖ,
2788 594 2946 664 ἄχρις
2972 593 3038 644 ἂν
3070 591 3270 651 πάντες
3305 586 3529 650 ἀπαθῶς
3555 584 3858 639 διέλθωσιν.

2512 694 2598 755 ιγ’.
2632 685 2803 738 Τοῦτο
2830 684 2938 752 γὰρ
2981 679 3075 733 καὶ
3121 678 3213 730 τὸν
3242 679 3514 747 ἡμέτερον
3542 676 3876 745 ἀείμνηστον
3907 691 4009 727 πα-

2441 775 2573 844 τέρα
2609 774 2702 825 καὶ
2751 770 2977 839 βασιλέα
3019 765 3302 820 Βασίλειον
3353 765 3707 833 πεποιηκέναι
3742 762 4013 832 γινώσκοι

2445 884 2566 937 μεν,
2597 866 2685 919 ὅτε
2721 862 2863 916 κατά
2894 859 3262 933 Γερμανικίας
3288 859 3386 927 τῆς
3417 858 3475 910 ὲν
3506 857 3678 928 Συρίᾳ
3707 857 3808 928 τὴν
3842 874 4011 925 cepa-

2440 958 2592 1012 τείαν
2624 956 2936 1024 ἐποιήσατο,
2967 948 3456 1023 προκαταλαϐόντα
3486 949 3587 1019 μὲν
3610 948 3702 1001 τὸν
3742 949 4011 1019 Παράδει-

2443 1067 2534 1103 σον
2577 1049 2869 1117 λεγόμενον
2912 1044 3181 1113 ποταμὸν,
3210 1041 3572 1112 παραστάντα
3603 1039 3661 1092 δὲ
3695 1040 3838 1109 μετά
3875 1041 4013 1110 λαμ-

2443 1140 2627 1193 πάδων
2658 1138 2800 1192 κατά
2832 1136 2892 1190 τὸ
2936 1133 3120 1205 μέσον,
3167 1133 3263 1185 καὶ
3300 1134 3367 1201 τῇ
3412 1130 3579 1183 αὐτοῦ
3612 1131 3890 1201 παρουσίᾳ
3919 1133 4013 1183 καὶ

2442 1229 2712 1299 ἀσφαλείᾳ
2740 1228 2920 1281 πάντα
2959 1225 3050 1278 τὸν
3080 1224 3172 1276 ὑπ’
3200 1222 3362 1276 αὐτὸν
3396 1222 3626 1291 στρατὺν
3656 1221 3889 1284 ἀπαθῶς
3922 1223 4014 1275 καὶ

2445 1319 2680 1381 εὐκόλως
2707 1317 3096 1371 διαϐιϐάσαντα
3122 1354 3138 1379 ,
3168 1314 3243 1376 ὼς
3276 1315 3371 1367 καὶ
3415 1314 3575 1383 χεῖρα
3598 1312 3785 1367 δοῦναι
3815 1312 4015 1366 πολλάς

2446 1430 2534 1476 κις
2564 1412 2657 1465 καὶ
2682 1410 2747 1466 δι’
2775 1408 2972 1462 ἑαυτοῦ
2997 1423 3150 1470 τινας
3166 1405 3275 1459 τῶν
3305 1404 3653 1475 στρατιωτῶν
3671 1403 4015 1458 κινδυνεύον-

2444 1522 2541 1568 τας
2570 1499 2972 1557 ἀνασώσασθαι.
4012 1482 4017 1488 ’

2519 1593 2603 1645 ιδ’.
2652 1589 2821 1655 Τοῦτο
2868 1589 2926 1642 δὲ
2970 1589 3148 1641 ποιεῖν
3177 1604 3260 1640 σοι
3290 1584 3609 1655 κελεύομεν,
3640 1579 3687 1638 ὦ
3719 1587 4019 1657 στρατηγέ,

2448 1684 2542 1736 ἐὰν
2578 1683 2653 1754 μὴ
2697 1682 2988 1750 έγγίξωσιν
3021 1680 3070 1732 oi
3100 1678 3350 1748 πολέμιοι
3391 1678 3505 1739 τοῖς
3545 1676 3732 1741 τόποις
3766 1678 4015 1738 ἐκείνοις.

2463 1774 2588 1827 Ἐὰν
2613 1775 2669 1827 δὲ
2701 1773 3014 1842 ὲγγίζωσιν,
3040 1769 3161 1823 τότε
3194 1769 3253 1820 σὲ
3287 1769 3386 1836 μὲν
3408 1770 3466 1821 ὲν
3492 1769 3559 1837 τῇ
3587 1766 3694 1838 ίδίᾳ
3734 1767 3894 1833 τάξει
3929 1770 4021 1838 μέ-

2378 1836 2419 1891 B
2452 1884 2583 1929 νειν,
2601 1836 2831 1917 ἕκαστον
2863 1865 2916 1917 δὲ
2941 1863 3178 1932 ἀρχοντα
3201 1856 3297 1912 τοῦ
3318 1858 3449 1912 ίδίου
3475 1836 3680 1929 μέρους*
3701 1856 3805 1927 τὴν
3833 1836 4023 1927 χρείαν

2454 1958 2870 2029 ἀναπληρῶσαι,
2900 1956 3005 2016 ἕως
3042 1954 3107 2008 ἂν
3139 1952 3339 2013 πάντες
3368 1951 3419 2003 ei
3450 1951 3541 2003 ὑπ’
3566 1950 3727 2003 αὑτὸν
3752 1949 4022 2016 στρατιῶ-

2454 2068 2544 2103 ται
2568 2048 2813 2111 ἀϐλαϐῶς
2843 2047 3141 2109 διέλθωσιν,
3180 2044 3267 2096 ἵνα
3297 2042 3373 2112 μὴ
3402 2042 3794 2106 σπουδάζοντες
3823 2042 4026 2101 πάντες

2455 2146 2612 2208 ἄλλος
2637 2144 2727 2197 τὸν
2779 2142 2937 2196 ἀλλον
2992 2139 3304 2210 προλαϐεῖν,
3345 2137 3624 2190 ἀτακτῶσι
3672 2137 3768 2190 καὶ
3812 2134 4024 2206 συντρί-

2455 2237 2679 2298 ϐωνται,
2706 2234 2834 2297 ἴσως
2855 2232 2975 2284 τότε
3006 2231 3101 2284 καὶ
3135 2230 3328 2300 βλάϐαι
3358 2230 3498 2292 τινὲς
3531 2229 3812 2297 γίνωνται.

2528 2332 2609 2378 ιε’.
2644 2326 2812 2377 Ὅταν
2841 2324 2898 2376 δὲ
2924 2323 2980 2375 ἐν
3033 2323 3100 2391 τῇ
3128 2319 3282 2392 χώρα
3310 2320 3417 2375 τῶν
3452 2322 3710 2390 ὑπηκόων
3743 2319 3907 2388 ἡμῶν
3934 2319 4028 2387 τὴν

2458 2416 2711 2470 διάϐασιν
2759 2412 2853 2465 τοῦ
2899 2409 3132 2482 στρατοῦ
3184 2412 3365 2479 ποιῇς,
3418 2408 3695 2479 φεὶδεσθαι
3742 2408 3838 2460 καὶ
3886 2408 4024 2459 ἀπο-

2459 2512 2680 2580 φεύγειν
2709 2512 2833 2571 τοὺς
2855 2506 3271 2579 γεωργηθέντας
3305 2504 3501 2565 τόπους
3527 2506 3639 2567 τοῖς
3666 2501 4031 2572 στρατιώταις

2459 2600 2803 2670 παράγγελλε
2825 2615 2840 2628 °
2890 2600 2999 2652 εἴτε
3025 2597 3278 2669 χωράφιά
3304 2598 3463 2659 είσιν,
3496 2594 3605 2647 εῐτε
3639 2592 3969 2663 ἀμπελῶνες
3994 2593 4029 2662 ἢ

2459 2693 2625 2761 κῆποι
2645 2707 2660 2725 ο
2694 2692 2786 2745 καὶ
2819 2692 2895 2760 μὴ
2926 2689 3243 2743 διαϐαίνωσι
3277 2688 3442 2755 μέσον
3471 2685 3675 2748 αὐτῶν,
3709 2686 3795 2738 ἵνα
3820 2684 4031 2753 φυλάτ-

2459 2799 2558 2853 τῃς
2610 2782 2737 2844 τοὺς
2787 2778 3067 2840 ὑποτελεῖς
3095 2777 3255 2846 ἡμῶν
3297 2777 3392 2829 καὶ
3433 2778 3710 2846 γεωργοὺς
3739 2773 4033 2844 ἀζημίους,

2462 2870 2602 2924 κατὰ
2631 2869 2721 2923 τὸν
2748 2870 2874 2937 παρ’
2909 2866 3064 2938 ἡμῶν
3092 2882 3176 2918 σοι
3198 2863 3595 2935 προεκτεθέντα
3629 2864 3815 2932 νόμον.

2540 2958 2635 3024 ις’.
2668 2960 2779 3014 Καὶ
2811 2961 2857 3012 εί
2887 2958 2987 3028 μὲν
3019 2956 3260 3019 δυνατὸν,
3298 2955 3387 3009 δεά
3412 2954 3521 3007 τῶν
3546 2954 3921 3023 άγεωργήτων
3944 2955 4038 3006 τόο

2462 3067 2579 3103 πων
2625 3050 2844 3120 μακράν
2894 3066 2954 3101 σε
2993 3047 3322 3118 διέρχεσθαι.
3352 3046 3416 3098 Εί
3447 3045 3504 3099 δὲ
3552 3044 3765 3113 ἀνάγκη
3809 3060 3869 3096 σε
3905 3061 4041 3097 κατ-

2464 3142 2674 3210 επείγει
2723 3140 2811 3193 διά
2865 3138 2974 3192 τῶν
3000 3137 3260 3191 τοιούτων
3293 3135 3720 3208 γεωργηθέντων
3744 3134 3931 3187 τόπων
3960 3135 4041 3187 δι-

2468 3232 2664 3295 ελΟεῖν,
2711 3228 3083 3300 παραγγείλῃς
3108 3228 3235 3290 τοὺς
3278 3227 3512 3281 ἑκάστου
3538 3226 3815 3294 τάγματος
3840 3226 4043 3295 ἄρχον-

2468 3337 2591 3382 τας,
2626 3319 2822 3388 μέχρις
2850 3318 2915 3370 ἂν
2944 3317 2991 3369 oi
3021 3315 3113 3368 ὑπ’
3145 3315 3341 3376 αὐτοὺς
3357 3313 3680 3381 τεταγμένοι
3704 3310 4041 3380 στρατιῶται

2466 3410 2828 3482 παρέλθωσιν,
2854 3406 3104 3461 ἵστασθαι
3133 3406 3229 3458 καὶ
3258 3403 3571 3473 φυλάττειν,
3600 3402 3694 3453 καὶ
3719 3400 3781 3454 τὲ
3809 3400 3911 3453 ἀπ’
3940 3400 4041 3452 αὑ-

2464 3503 2557 3557 τοῦ
2577 3502 2887 3572 ἐρχομένων
2906 3498 3018 3569 (59)
3040 3496 3389 3569 παραδιδόναι
3403 3494 3530 3557 τοὺς
3541 3491 3814 3555 τοιούτους
3836 3493 4043 3554 τόπους

2465 3591 2745 3653 ἀϐλαϐεῖς,
2779 3588 2875 3642 καὶ
2896 3586 3069 3650 οὕτως
3103 3584 3428 3654 ἀναχωρεῖν.

2542 3682 2628 3748 ιζ’.
2677 3681 2783 3734 Τδν
2824 3682 3010 3749 ὅμοιον
3054 3678 3111 3730 δὲ
3156 3676 3360 3748 τρόπον
3414 3674 3588 3727 ποιεῖν
3656 3671 3754 3726 καὶ
3793 3672 3891 3724 τδν
3942 3672 4043 3724 ἀπ’

2467 3778 2699 3840 ἐκείνου,
2734 3775 2828 3828 καὶ
2860 3774 3089 3833 ἕκαστος
3117 3769 3300 3840 άρχων
3327 3765 3391 3820 τδ
3415 3766 3546 3820 αὐτὸ
3574 3765 3817 3819 ποιείτω.
3847 3763 4043 3825 Οὕτως

2467 3869 2575 3938 γάρ
2608 3867 2703 3920 καὶ
2749 3867 2783 3935 ὴ
2835 3864 2903 3933 σὴ
2946 3860 3191 3928 εὐταξία,
3227 3858 3323 3913 καὶ
3349 3860 3382 3927 ἡ
3413 3857 3522 3910 τῶν
3548 3857 3845 3927 ἀρχόντων,
3879 3857 3977 3908 καὶ
4008 3857 4044 3924 ἠ

2465 3958 2558 4012 τοῦ
2594 3954 2847 4027 στρατοῦ,
2890 3953 2987 4007 καὶ
3038 3951 3100 4005 τὸ
3151 3947 3384 4010 ἀϐλαϐὲς
3441 3947 3534 4000 τοῦ
3605 3944 3855 4016 γεωργοῦ
3924 3945 4046 3997 δια-

2467 4049 2895 4119 φυλαχθήσεται.

2541 4138 2630 4209 ιη’.
2689 4137 2859 4189 Ὅταν
2916 4132 2972 4185 δὲ
3044 4128 3240 4201 έγγίζῃ
3294 4128 3385 4180 καὶ
3434 4125 3799 4195 προσδοκᾶται
3862 4125 4045 4192 κάμαο

2465 4247 2555 4293 τος
2592 4225 2704 4296 (40)
2733 4222 2974 4292 πολέμου
3001 4260 3017 4284 ,
3064 4220 3098 4290 ἢ
3130 4217 3397 4288 δυσχερὴς
3433 4216 3528 4269 καὶ
3559 4215 3821 4276 ἑπίκοπος
3852 4214 4046 4267 διάϐαο

2468 4338 2572 4385 σις,
2624 4318 2719 4371 ἐὰν
2744 4316 2859 4382 ζῶα
2891 4315 3057 4384 ἄγρια
3088 4312 3123 4381 ἢ
3167 4311 3351 4381 ἥμερα
3376 4308 3519 4362 κατὰ
3549 4307 3645 4375 τὴν
3688 4305 3808 4358 ὁδὸν
3852 4304 4043 4356 διανα-

2468 4412 2684 4475 στῶσιν,
2714 4408 2748 4480 ἦ
2777 4407 3125 4475 ὁπαντήσωσι
3155 4401 3295 4454 κατά
3325 4400 3647 4471 πρόσωπον,
3676 4395 3894 4468 κωλύῃς
3930 4397 4045 4465 (ιι)

784 4502 1225 4561 ctinscclatinne
1272 4499 1491 4553 illarum
1548 4496 1749 4551 milites
1808 4505 1930 4551 tuos
1975 4495 2292 4565 prohibebis
2338 4512 2351 4561 ;

2458 4507 2543 4559 ἵνα
2577 4503 2651 4574 μὴ
2680 4500 2946 4553 διώκωσιν
2998 4495 3160 4557 αὐτὰ,
3211 4493 3295 4545 ὅτι
3337 4491 3403 4544 δι’
3452 4489 3631 4542 αὐτῶν
3670 4487 3900 4557 Θόρυϐος
3949 4490 4046 4539 καὶ

787 4612 979 4665 magna
1050 4594 1195 4648 enim
1273 4590 1432 4644 turba
1500 4603 1837 4660 magnusque
1890 4588 2096 4643 clamor
2170 4604 2236 4641 ex
2293 4602 2358 4641 co

786 4696 956 4751 esset,
992 4694 1046 4739 et
1099 4684 1224 4753 equi
1263 4682 1481 4736 illorum
1526 4680 1645 4735 sine
1694 4678 1804 4734 ulla
1853 4680 2176 4733 necessitate
2219 4677 2360 4732 affli-

786 4787 1068 4849 gerentur.

856 4872 944 4924 19.
976 4866 1204 4935 Quando
1232 4864 1381 4936 paris
1408 4872 1643 4934 tempus,
1696 4872 1753 4917 ct
1818 4863 1970 4917 nulla
2010 4862 2133 4917 belli
2167 4876 2357 4931 exspe—

785 4964 953 5020 ctatio
999 4970 1083 5016 est
1114 4999 1130 5025 ,
1190 4969 1322 5015 tunc
1355 4957 1575 5012 venatio
1612 4956 1903 5010 admodum
1965 4955 2113 5009 utilis
2167 4954 2357 5008 militi-

788 5060 887 5113 bus
921 5067 1023 5111 est.

844 5149 938 5202 20.
976 5148 1031 5201 Si
1069 5158 1295 5217 parvum
1318 5140 1618 5197 exercitum
1649 5149 1840 5194 contra
1900 5138 2084 5194 hostes
2112 5137 2355 5203 duxeris,

789 5256 881 5308 per
907 5239 1144 5293 habitata
1172 5237 1292 5290 loca
1321 5249 1388 5288 ne
1412 5233 1600 5296 ducas,
1643 5247 1819 5301 neque
1866 5230 1919 5289 in
1950 5239 2063 5295 tua,
2094 5244 2272 5299 neque
2304 5229 2357 5281 in

788 5331 1020 5384 hostium
1044 5328 1283 5396 regione,
1318 5340 1384 5378 ne
1420 5324 1559 5379 forte
1586 5323 1959 5393 speculatores
1983 5321 2140 5376 facile
2168 5319 2360 5375 adver—

2457 4593 2670 4665 κραυγῆ
2699 4591 2909 4658 γίνεται
3000 4585 3093 4639 καὶ
3137 4584 3184 4636 oi
3221 4582 3379 4634 ἵπποι
3413 4579 3613 4649 κωρεῖς
3644 4576 3758 4646 (42)
3785 4576 4041 4645 ἀνάγκης

2457 4683 2863 4752 συντρίϐονται.

2530 4859 2610 4911 ιῦν.
2652 4858 2824 4911 Ὀταν
2855 4856 2909 4908 δὲ
2945 4854 3137 4923 καιρός
3180 4854 3330 4903 ἐστιν
3381 4849 3623 4919 εἰρήνης,
3688 4846 3784 4899 καὶ
3816 4846 4043 4915 οὼμία

2463 4952 2677 5021 ἀνάγκη
2727 4948 3026 5011 ὲλπίζεται,
3067 4945 3186 4997 τότε
3250 4941 3498 5013 χρήσιμά
3535 4942 3640 4993 εἱσι
3691 4938 3759 4991 τά
3804 4941 4043 5007 κυνήγια

2461 5046 2571 5106 τοῖς
2604 5039 2983 5112 στρατιώταις.

2538 5142 2606 5188 κ’.
2650 5133 2776 5186 Ἐάν
2822 5132 2880 5185 δὲ
2926 5130 3105 5197 ὀλίγον
3134 5126 3383 5198 στρατὸν,
3435 5125 3510 5188 ὡς
3554 5124 3723 5185 εἰκὸς.
3772 5122 4042 5192 ἐπιφέρῃς

2461 5228 2554 5280 καὶ
2615 5224 2814 5297 μέλλῃς
2880 5219 3218 5290 ἐπιτηδεύειν
3270 5217 3412 5270 κατά
3457 5215 3565 5270 τῶν
3617 5213 3920 5285 πολεμίων,
3967 5213 4042 5281 μὴ

2461 5316 2785 5387 διαϐιϐάζῃς
2817 5312 3014 5375 αὐτοὺς
3042 5310 3182 5365 κατὰ
3217 5310 3397 5364 τόπων
3430 5305 3789 5376 οἰκουμένων,
3815 5304 3955 5375 μηδὲ
3984 5305 4041 5355 έν

2308 5456 2546 5512 NOTAE.

854 5561 963 5628 (51))
1005 5556 1113 5610 Kal
1138 5559 1213 5628 τὸ
1239 5553 1339 5610 ἀπ’
1374 5554 1561 5628 αὐτοῦ
1588 5552 1942 5623 ἐρχομένων.
1994 5552 2208 5615 Scribe,
2257 5550 2348 5603 καὶ

781 5625 871 5698 τῷ
888 5631 974 5680 ἐπ’
1000 5625 1164 5698 αὑτοῦ
1193 5625 1489 5698 ἐρχομένῳ.

857 5700 966 5767 (10)
997 5690 1617 5767 Κάματὸξξίιρεεέιιαιυι*
1662 5693 1811 5761 κάμα
1844 5693 1949 5755 ἕως
2004 5690 2060 5745 In
2101 5690 2348 5745 Palatino

784 5778 919 5828 erat,
943 5768 1091 5835 τάμα
1114 5766 1216 5830 ἕως
1235 5801 1251 5816 .

2534 5548 2646 5613 (Η)
2677 5547 2965 5608 Κωλύεις.
2994 5542 3371 5613 Seribeliatur,
3406 5537 3679 5613 gaudet;

2551 5604 2641 5700 δίᾷῇ
2677 5618 2784 5670 Καὶ
2821 5620 2873 5670 οἱ
2905 5604 3078 5669 ἵπποι
3128 5610 3357 5681 χωρεῖς.
3410 5609 3636 5671 Scribe,
3664 5604 3756 5658 καὶ
3806 5607 3855 5658 o!
3883 5605 4041 5658 ἵπποι

2457 5703 2644 5756 χωρις.
