4176 6446
139 439 237 502 ἈὛ3

1236 441 1563 501 TAC’I‘ICA.
1595 464 1660 475 -
1693 440 2192 499 CONSTITUTIO
2226 442 2324 500 IX.

3268 437 3372 498 774

134 556 199 622 τῇ
255 549 504 620 ὴμετέρςι⁵
547 552 638 620 τῇ,
671 552 806 621 μηδὲ
834 555 890 605 ἐν
920 557 987 624 τῇ
1023 555 1276 627 πολεμίᾳ,
1313 559 1398 609 ἵνα
1429 556 1503 625 μὴ
1544 570 1705 621 φανε-

1816 561 1948 614 tant,
1985 563 2038 604 et
2071 529 2322 607 hostibus
2353 554 2624 616 nuntient,
2690 554 2784 606 sed
2818 566 2914 620 per
2975 550 3080 605 alia
3124 553 3370 620 quaedam

137 644 319 712 ρειιθῇς
347 642 434 695 διὰ
466 643 572 694 τῶν
621 647 984 698 κατασκόπων
1030 651 1141 711 τοῖς
1195 649 1429 719 ἐχθροῖς,
1467 647 1602 699 ἀλλὰ
1633 646 1701 698 δι’

133 734 342 803 ἑτέρων
386 735 567 787 τόπων
612 736 835 805 ἀφανῶν
881 739 1150 801 σπούδαζε
1185 737 1576 809 παρέρχεσθαι,
1610 735 1704 788 καὶ

129 823 306 877 ταῦτα
343 825 462 894 μὲν,
491 825 620 877 ὃταν
651 825 710 876 ὲν
744 827 809 895 τῇ
849 826 954 898 ίδίᾳ
979 827 1133 898 χώρα
1162 826 1254 882 τὸν
1279 825 1507 896 στρατὸν
1535 825 1704 878 διαϐι-

131 914 345 980 ὗὰζεις,
370 916 475 986 χρή
503 933 561 968 σε
584 916 1029 987 διασφάττεσθαι.

198 1004 310 1059 κα’.
347 1005 519 1058 Ὅταν
548 1005 607 1058 δὲ
645 1007 701 1058 ὲν
731 1009 795 1077 τῇ
825 1008 1061 1079 πολεμίᾳ
1110 1009 1209 1078 τήν
1245 1010 1556 1079 ὁδοιπορίαν
1608 1011 1705 1062 ὲπ-

133 1095 289 1162 ἀγεις
351 1096 446 1148 τοῦ
493 1094 760 1166 στρατοῦ,
796 1099 902 1169 χρή
943 1115 1002 1150 σε
1053 1100 1258 1172 ταύτην
1314 1099 1555 1169 φθείρειν
1610 1100 1706 1153 καὶ

133 1188 311 1239 καίειν
344 1187 440 1238 καὶ
481 1188 866 1257 κατατέμνειν.
918 1190 1096 1259 Ζημία
1143 1191 1252 1263 γὰρ
1281 1192 1580 1262 χρημάτων
1610 1191 1705 1243 καὶ

133 1276 371 1346 καρπῶν
414 1275 592 1330 ἔνδεια
644 1279 932 1343 ἐλάττονας
961 1284 1107 1334 ποιεῖ
1129 1283 1258 1344 τοὺς
1288 1281 1580 1350 πολεμίους
1610 1282 1706 1332 καὶ

133 1367 221 1419 τὸν
256 1367 500 1437 πόλεμον
543 1369 951 1440 ἀσθενέστερον,
1002 1372 1190 1443 ὥσπερ
1225 1374 1259 1444 ἡ
1301 1374 1508 1426 τούτων
1548 1389 1703 1442 περιο

133 1457 286 1509 ουσία
320 1459 526 1528 μᾶλλον
552 1459 743 1530 τρέφει
767 1461 957 1514 τοῦτον
983 1463 1078 1515 καὶ
1111 1463 1353 1529 αὐξάνει.

201 1548 314 1618 κβ’.
354 1549 481 1604 Ἐὰν
510 1550 566 1602 δὲ
598 1550 766 1604 πολὺν
797 1553 988 1621 χρόνον
1028 1555 1086 1605 ὲν
1114 1557 1180 1625 τῇ
1215 1554 1450 1625 πολεμίᾳ
1477 1557 1544 1624 γῇ
1581 1555 1706 1624 μὲλ-

133 1639 230 1710 λῃς
298 1643 928 1710 καταστρατοπεδεύειν,
1003 1645 1243 1696 τοσαῦτα
1317 1645 1411 1697 καὶ
1479 1645 1704 1698 τοιαῦτα

135 1730 375 1798 φθείρων
408 1731 520 1801 (45)
561 1733 663 1803 τῆς
708 1733 894 1804 χώρας
932 1729 1043 1788 οἷον
1075 1737 1172 1789 καὶ
1213 1737 1338 1789 ὅσον
1383 1737 1563 1790 αὐτῶν
1607 1737 1704 1805 οὐχ

133 1820 276 1885 ἕξεις
304 1823 518 1892 χρείαν,
550 1824 620 1876 τὰ
647 1825 703 1878 δὲ
729 1826 1001 1895 ἀναγκαῖα
1034 1827 1265 1895 φύλαττε
1291 1831 1402 1892 τοῖς
1435 1829 1572 1898 μετά
1610 1829 1702 1881 σοῦ

135 1914 544 1982 στρατεύμασιν
572 1917 651 1979 είς
673 1916 916 1987 δαπάνην
942 1919 1141 1974 αὐτῶν.

200 2010 311 2070 κγ’.
349 2005 520 2059 Ὅταν
572 2007 628 2060 δὲ
678 2007 776 2070 τὰς
820 2008 1036 2074 ἁπάσας
1071 2010 1327 2080 δυνάμεις
1376 2011 1504 2082 ἔχῃς
1546 2010 1704 2080 ὁμοῦ,

138 2094 277 2163 μήτε
324 2095 418 2149 ἐπὶ
443 2100 542 2165 τῆς
571 2097 846 2167 ἡμετέρας
878 2099 1061 2170 χώρας
1111 2101 1247 2171 μήτε
1277 2103 1368 2154 ἐπὶ
1409 2102 1574 2171 ἄλλης
1608 2103 1708 2154 ὐπ-

133 2189 300 2254 ηκὸου
324 2187 687 2258 καθεζόμενος
715 2190 926 2260 χρόνιζε
949 2209 961 2221 ·
990 2192 1084 2245 καὶ
1105 2193 1214 2264 γὰρ
1238 2195 1364 2256 τοὺς
1401 2195 1565 2256 ἰδίους
1613 2195 1706 2247 ἀν-

135 2277 368 2338 αλώσεις
421 2279 687 2348 καρποὺς,
716 2282 810 2332 καὶ
838 2279 1140 2350 ζημιώσας
1166 2281 1327 2332 πλέον
1356 2281 1483 2342 τοὺς
1520 2281 1710 2349 φίλους

137 2366 341 2434 μᾶλον
376 2367 407 2436 ἢ
442 2370 564 2432 τοὺς
598 2370 1218 2439 πολεμίους.Μετάγαγε
1253 2371 1310 2423 δὲ
1342 2371 1510 2433 αύτάς
1543 2371 1704 2439 ταχὺ,

135 2459 229 2509 ἐὰν
278 2459 538 2511 ἀκίνδυνά
583 2460 700 2513 ἐστι
746 2459 820 2512 τὰ
865 2461 965 2529 τῆς
990 2460 1194 2523 οίκείας
1239 2461 1442 2530 χώρας,
1477 2461 1568 2514 καί¹
1619 2462 1712 2512 ἐπ-

136 2549 312 2614 άταγι
338 2548 433 2600 ἐπὶ
464 2548 561 2617 τὴν
598 2549 881 2620 πολεμίαν.
915 2552 1026 2604 ttat
1052 2551 1161 2619 γὰρ
1189 2551 1283 2604 ἐάν
1307 2552 1452 2603 ἐστιν
1482 2552 1515 2620 ἠ
1552 2551 1710 2602 πολε-

139 2639 236 2705 μία
265 2637 495 2706 δαψιλὴς
515 2640 610 2692 καὶ
625 2639 901 2711 εὖκαρπος
928 2641 1022 2693 καὶ
1050 2639 1302 2704 πλουσία,
1325 2640 1533 2709 τροφὴν
1565 2639 1706 2703 ἔξεις

81 2760 84 2762 ~
135 2729 229 2780 καὶ
283 2729 549 2799 εὐπορίαν
601 2729 854 2796 ἄφθονον.
902 2729 1028 2782 Ἐὰν
1064 2729 1120 2782 δὲ
1154 2730 1255 2782 οὐκ
1299 2729 1414 2780 εστι
1461 2731 1706 2797 τοιαύτη,

135 2820 231 2887 τὴν
269 2821 372 2888 μὲν
402 2819 539 2872 ἰδίαν
570 2837 664 2873 σου
690 2821 784 2875 καὶ
810 2821 972 2890 φίλην
1003 2821 1189 2892 χώραν
1227 2821 1328 2874 οὐκ
1358 2821 1666 2890 ἐρημώσεις
1692 2837 1705 2850 °

138 2908 317 2960 πολλά
347 2909 404 2962 δὲ
433 2911 584 2978 ὅμως
616 2912 712 2964 καὶ
744 2912 852 2964 ἀπὸ
879 2914 978 2982 τῆς
1014 2911 1296 2980 πολεμίας,
1328 2913 1376 2963 εί
1403 2912 1497 2965 καὶ
1527 2911 1602 2980 μὴ
1626 2911 1711 2962 λι-

137 3002 292 3070 παρά
336 3003 507 3068 ἐστιν,
553 3003 805 3076 εὑρήσεις
865 3006 947 3068 είς
991 3004 1181 3076 χρείαν
1230 3004 1342 3073 (44)
1391 3002 1484 3056 τοῦ
1519 3002 1624 3056 ὑπὸ
1655 3004 1714 3057 σὲ

139 3092 373 3160 στρατοῦ
398 3094 491 3145 καὶ
518 3093 808 3162 ἀναγκαία.

1811 644 2219 711 locaincognita
2248 658 2341 699 eos
2378 643 2550 698 ducas
2585 660 2599 707 ;
2643 645 2803 714 idque
2849 645 2905 697 in
2948 650 3042 698 tua
3081 643 3255 713 ipsius
3288 644 3372 697 di—

1810 733 1954 786 tione
1985 714 2173 794 facies,
2209 732 2253 787 si
2289 732 2509 801 quando
2541 734 2837 788 exercitum
2869 732 3049 790 ducis.

1875 990 1965 1043 2|.
2003 991 2232 1056 Quando
2258 1005 2353 1061 per
2382 991 2634 1046 hostilem
2660 1001 2864 1048 terram
2917 992 3017 1047 iter
3058 989 3189 1046 facit
3216 1007 3372 1048 exer—

1808 1079 1948 1134 citus
1979 1091 2123 1143 tuus,
2184 1081 2434 1146 incende,
2473 1090 2650 1147 vasta,
2700 1083 2957 1151 populare
2995 1091 3196 1137 terram
3249 1083 3370 1136 illo-

1809 1185 1928 1223 rum
1960 1188 1974 1235 ;
2008 1186 2134 1224 nam
2177 1173 2530 1238 pecuniarum
2567 1183 2778 1241 egestas
2820 1174 3145 1244 frugumque
3188 1173 3370 1242 inopia

1808 1261 1991 1316 hostes
2036 1260 2440 1326 imbecilliores,
2489 1264 2800 1333 bellumque
2872 1262 3142 1321 infirmius
3189 1264 3369 1327 facit;

1806 1353 2262 1420 quemadmodum
2328 1361 2516 1407 contra
2589 1354 2814 1408 istarum
2863 1369 3043 1407 rerum
3103 1352 3375 1406 afﬂuentia

1807 1444 2020 1497 illorum
2057 1445 2165 1496 vim
2227 1445 2415 1498 incitat
2441 1455 2631 1498 contra
2683 1460 2781 1498 nos
2825 1455 2987 1511 atque
3017 1445 3267 1517 adauget.

1876 1532 1965 1585 22.
1991 1532 2048 1586 Si
2078 1533 2242 1602 longo
2292 1545 2540 1603 tempore
2587 1535 2640 1587 in
2673 1534 2853 1588 hostili
2895 1544 3039 1588 terra
3069 1518 3378 1588 commora-

1808 1635 1963 1678 turus
1985 1640 2065 1685 es,
2096 1635 2179 1681 tot
2216 1626 2455 1695 taliaque
2479 1635 2712 1687 vastato,
2738 1635 2869 1693 quot
2901 1626 3262 1694 qualiumque
3314 1635 3371 1679 tu

1807 1732 1913 1771 non
1941 1720 2139 1788 cgebis.
2174 1719 2258 1772 Ad
2294 1721 2566 1773 exercitus
2591 1719 2668 1772 tui
2718 1728 2989 1788 sumptus,
3020 1717 3166 1786 quod
3189 1732 3378 1772 neces-

1809 1811 2013 1864 sarium
2040 1810 2148 1863 erit
2175 1809 2503 1864 reservahis.

1882 1981 1970 2034 23.
1996 1981 2222 2046 Quando
2248 1996 2441 2036 omnes
2472 1981 2660 2049 c0pias
2693 1982 2941 2051 coegeris
2973 1982 3162 2047 simul,
3196 1996 3375 2052 neque

1809 2071 1863 2124 in
1893 2081 2080 2125 nostra
2107 2071 2332 2136 ditione,
2361 2087 2536 2138 neque
2563 2072 2617 2125 in
2650 2072 2757 2125 ulla
2794 2074 3018 2142 regione
3065 2073 3171 2126 sub
3205 2072 3378 2142 impeo

1809 2161 1953 2214 rium
2011 2168 2261 2215 nostrum
2315 2161 2564 2228 subjecta
2612 2161 2707 2215 diu
2759 2159 3108 2227 praestolare;
3143 2175 3268 2214 nam
3325 2169 3382 2214 et

1810 2257 2027 2302 nostras
2056 2248 2243 2318 fruges
2299 2249 2567 2313 vastabis,
2617 2259 2673 2303 et
2737 2250 2947 2304 amicos
2997 2249 3170 2318 magis
3215 2264 3380 2317 quam

1812 2340 2062 2394 inimicos
2101 2340 2280 2395 laedes.
2325 2341 2588 2396 Celeriter
2618 2351 2824 2405 autem,
2862 2342 2906 2395 si
2951 2341 3174 2410 aliquod
3233 2341 3380 2410 peri-

1812 2429 1996 2486 culum
2056 2430 2389 2498 impendeat,
2421 2446 2453 2484 a
2504 2440 2693 2486 nostra
2761 2431 2968 2484 ditione
3006 2432 3072 2485 ad
3129 2431 3380 2491 hostilem

1812 2527 2012 2573 terram
2049 2519 2360 2585 traducito;
2399 2534 2550 2583 nam,
2581 2521 2626 2572 si
2687 2519 2851 2572 fuerit
2878 2535 2940 2573 ea
2965 2520 3166 2588 opima,
3191 2518 3382 2573 fertilis

1813 2621 1876 2661 ac
1911 2607 2170 2676 locuples,
2212 2607 2514 2662 ubertatem
2558 2619 2895 2663 commeatus
2945 2622 3000 2664 et
3056 2619 3379 2663 cacterarum

1815 2713 1994 2753 rerum
2056 2698 2387 2754 allluentiam
2451 2699 2712 2763 habebis;
2777 2701 2861 2752 sin
2931 2700 3198 2769 ejusmodi
3270 2716 3381 2753 non

1816 2790 2002 2850 fuerit.
2027 2798 2174 2845 tuam
2197 2799 2377 2846 tamen
2429 2791 2696 2859 integram
2731 2791 3101 2856 conservabis,
3135 2800 3188 2845 et
3210 2791 3382 2845 multa

1819 2881 1873 2933 in
1901 2880 2084 2934 hostili
2113 2888 2276 2944 terra,
2299 2895 2610 2950 quanquam
2648 2880 2944 2934 admodum
2969 2879 3248 2935 fructuosa
3277 2897 3383 2936 non

1820 2966 1910 3044 sit,
1953 2966 2019 3018 ad
2076 2965 2328 3020 alendum
2379 2974 2559 3020 tamen
2597 2967 2896 3020 exercitum
2979 2968 3176 3022 idonea
3237 2968 3386 3023 inve-

1817 3051 1850 3087 ΙΙ
1861 3049 1956 3090 ICS.

206 3180 309 3233 κδ’.
357 3181 447 3235 ἐν
489 3181 546 3236 δὲ
581 3184 646 3252 τῇ
680 3183 917 3252 πολεμίᾳ
967 3186 1038 3252 γῇ
1090 3182 1204 3251 (45)
1243 3183 1317 3251 μὴ
1364 3183 1531 3253 ἀφίῃς
1582 3185 1709 3247 τοὺς

1884 3186 1974 3240 24.
2002 3187 2108 3241 Ubi
2143 3187 2196 3240 in
2233 3188 2416 3243 hostili
2480 3197 2623 3242 terra
2661 3187 2852 3251 fueris,
2929 3188 3070 3242 haud
3107 3189 3386 3258 permittes

140 3271 477 3340 στρατιώτας
527 3274 776 3336 ἀτάκτως
818 3273 1081 3343 φέρεσθαι
1130 3275 1269 3344 πρὸς
1299 3273 1398 3337 τὰς
1428 3274 1706 3342 ἀφελείας.

139 3361 412 3424 Πολλάκις
459 3361 569 3431 γὰρ
616 3360 1092 3431 ἐπιϐουλευόμενοι
1147 3361 1299 3430 παρὰ
1343 3362 1448 3415 τῶν
1501 3363 1711 3433 ἐχθρῶν

141 3452 387 3522 μεγαλας
423 3451 626 3522 βλάὃας
651 3452 1035 3522 ὑπομενοῦσιν.

209 3552 312 3599 κεό
341 3545 654 3615 Φροντίσεις
681 3545 739 3599 δὲ
767 3545 826 3597 ἐν
850 3548 915 3616 τῇ
952 3544 1060 3617 ίδίᾳ
1088 3548 1161 3616 γῇ
1193 3545 1490 3615 ὁδοιπορῶν
1517 3546 1613 3598 σὺν
1637 3544 1713 3613 τῷ

139 3636 514 3706 στρατεύματι
556 3635 659 3705 τῆς
690 3653 750 3689 τε
782 3636 989 3707 ἀγορᾶς
1037 3636 1133 3688 καὶ
1177 3635 1446 3705 ἐμπορίας
1477 3637 1617 3688 κατά
1647 3653 1710 3688 τε

137 3727 285 3797 γῆν,
327 3728 379 3780 εί
419 3727 555 3797 τύχῃ
580 3769 596 3792 ,
645 3729 739 3780 καὶ
783 3727 926 3781 κατά
971 3725 1264 3791 θάλασσαν,
1302 3726 1389 3780 ἵνα
1419 3725 1704 3779 ἀκινδύνου

137 3821 238 3888 τῆς
284 3822 591 3888 παρουσίας
641 3819 813 3888 αὐτῆς
856 3818 1047 3888 οῠσης,
1082 3818 1292 3881 ἀόκνως
1348 3817 1446 3871 καὶ
1495 3817 1713 3886 ἀφόϐως

139 3911 431 3981 κομίζουσι
463 3910 556 3964 τὸν
581 3911 662 3972 είς
682 3910 751 3962 τά
781 3910 1059 3979 ἐπιτήδεια
1091 3909 1309 3980 φόρτον.

212 4006 332 4065 κς⁴.
359 4002 525 4055 ὀταν
549 4000 606 4053 δὲ
633 4000 719 4053 διὰ
751 4000 952 4054 στενῶν
978 3999 1157 4056 τόπων
1200 3999 1412 4067 μέλλεις
1445 3998 1716 4051 ποιεῖσθαι

136 4094 240 4166 τὴν
269 4093 526 4162 πάροδον,
559 4093 594 4162 ἢ
629 4092 716 4146 διὰ
734 4091 950 4164 ὀρεινῆς
979 4091 1074 4145 καὶ
1110 4091 1378 4143 δυσϐάτου
1409 4090 1594 4161 χώρας
1622 4107 1716 4142 πο·

140 4186 340 4256 λεμίας
374 4183 647 4254 παράγειν
699 4182 790 4236 τὸν
830 4182 1090 4252 στρατὸν.
1154 4182 1449 4249 ἀναγκαίον
1505 4198 1715 4250 παρεκ-

140 4279 390 4347 πέμπειν
427 4292 484 4328 σε
507 4274 673 4345 μέρος
689 4290 742 4325 τι
768 4273 863 4325 τοῦ
890 4273 1320 4342 στρατεύματος,
1338 4273 1431 4325 καὶ
1445 4289 1719 4341 προκατα-

141 4365 524 4438 λαμϐάνεσθαι
552 4364 651 4428 τὰς
683 4363 1015 4433 δπερὸἀσεις
1041 4402 1057 4426 ,
1108 4363 1200 4416 καὶ
1242 4363 1341 4425 τὰς
1370 4363 1481 4415 τῶν
1517 4362 1718 4414 στενῶν

141 4460 439 4530 παρόδους,
473 4458 642 4528 ἧγουν
670 4456 768 4520 τὰς
797 4457 1096 4526 λεγομένας
1124 4455 1468 4526 κλεισούρας,
1518 4455 1605 4506 ἵνα
1642 4455 1718 4524 μὴ

141 4553 452 4622 φθάσαντες
506 4549 557 4601 οἱ
618 4548 901 4617 πολέμιοι,
961 4547 1056 4600 καὶ
1115 4547 1402 4609 σταθέντες
1461 4547 1556 4598 ἐπὶ
1610 4545 1718 4598 τῶν

143 4645 331 4714 ἄκρων
386 4639 420 4709 ἢ
448 4637 556 4690 τῶν
599 4638 798 4689 στενῶν
847 4633 1166 4688 κωλύσωσιν
1215 4650 1274 4688 σε
1326 4634 1426 4703 τὴν
1470 4634 1719 4688 διάὁασιν

141 4729 494 4799 ποιεῖσθαι,ἢ
526 4727 766 4780 κίνδυνον
785 4726 872 4780 διὰ
892 4727 992 4795 τῆς
1025 4725 1380 4795 στενοπορίας
1411 4725 1713 4792 ἐπαγαγεῖν

143 4824 223 4894 τῷ
254 4820 649 4893 στρατεύματι.

215 4913 326 4979 κζ’.
354 4913 431 4966 Τδ
458 4912 514 4964 δὲ
543 4909 675 4964 αύτδ
703 4908 954 4979 φρόντιζε
989 4906 1082 4962 καὶ
1129 4908 1255 4959 ὅταν
1287 4904 1449 4969 αὐτὸς
1476 4903 1720 4975 πεφόϐη-

146 5022 240 5059 σαι
294 5000 570 5071 πολεμίων
625 4999 875 5068 εἰσὸολὴν
921 4999 1002 5060 είς
1056 4997 1157 5067 τὴν
1207 4996 1343 5047 ἰδίαν
1372 4994 1580 5064 χώραν,
1631 4994 1721 5045 ἵνα

147 5093 574 5168 προκαταλὸᾖῃς
614 5094 685 5145 τὰ
719 5091 877 5143 στενά
901 5091 1001 5159 τῆς
1029 5089 1171 5152 ὁδοῦ,
1206 5088 1298 5141 καὶ
1330 5087 1580 5157 κωλύσῃς
1612 5086 1721 5137 τῶν

148 5189 430 5257 πολεμίων
489 5185 587 5254 τὴν
643 5182 849 5237 εἴσοδον
902 5181 994 5234 διά
1048 5197 1191 5243 τινος
1258 5179 1722 5248 ἀποστελλομένου

150 5275 391 5349 στρατοῦ
412 5317 426 5341 ,
475 5276 511 5346 ἢ
543 5272 724 5336 κακῶς
755 5273 867 5343 (4G)
901 5271 1182 5342 διαθήσεις
1212 5272 1408 5332 αὐτοὺς
1439 5272 1496 5320 ὲν
1519 5272 1586 5340 τῇ
1616 5269 1723 5321 τῶν

150 5363 365 5420 στενῶν
397 5362 573 5433 διόδῳ.

1816 3277 2016 3331 milites
2038 3289 2162 3334 tuos
2184 3279 2251 3334 ad
2278 3293 2496 3332 omnem
2541 3279 2780 3348 praedam
2839 3278 3157 3336 inordinate
3185 3294 3386 3332 excur-

1815 3383 1955 3421 rere.
1988 3367 2142 3436 Sanpe
2184 3368 2329 3422 enim
2377 3369 2445 3422 ab
2475 3368 2728 3423 hostibus
2760 3369 3117 3424 circumventi
3162 3384 3388 3443 magnas

1813 3468 1867 3513 et
1892 3474 2086 3528 graves
2110 3459 2290 3513 clades
2321 3461 2608 3528 accipient.

1881 3553 1973 3606 25.
2001 3553 2057 3605 In
2080 3559 2171 3605 tua
2199 3552 2368 3621 ipsius
2397 3561 2540 3607 terra
2589 3569 2709 3609 cum
2733 3554 2978 3608 exercitu
3009 3553 3387 3622 proﬁciscens,

1816 3642 2080 3707 cogitabis
2131 3642 2199 3696 de
2256 3657 2475 3695 annona
2524 3651 2578 3696 et
2627 3642 3027 3707 mercimoniis,
3073 3651 3188 3695 tum
3241 3653 3389 3696 terra

1819 3742 1931 3785 tum
1974 3733 2136 3796 mari,
2171 3740 2230 3785 ut
2269 3731 2334 3784 ad
2367 3747 2462 3785 vos
2491 3732 2611 3786 sine
2650 3733 2999 3786 incommodo
3028 3733 3384 3800 perveniant;

1819 3835 1930 3878 tum
1956 3825 2102 3878 enim
2155 3825 2380 3893 capiose
2415 3833 2469 3877 et
2502 3824 2782 3878 amuenter
2821 3838 2881 3878 ea
2913 3824 3119 3886 omnia,
3153 3838 3386 3892 quorum

1819 3917 1871 3969 in
1927 3916 2167 3969 exercitu
2218 3915 2416 3984 aliquis
2441 3931 2570 3969 usus
2625 3923 2728 3979 est,
2763 3914 2827 3967 ad
2874 3928 2971 3967 vos
3011 3913 3388 3982 asportabunt.

1887 4007 1976 4060 26.
2002 4007 2232 4071 Quando
2273 4021 2369 4074 per
2429 4006 2712 4073 angustias
2766 4005 2999 4072 aliquas,
3037 4011 3130 4056 aut
3161 4017 3256 4072 per
3298 4017 3394 4055 ar-

1820 4094 1958 4148 duos
2005 4095 2262 4163 aviosque
2291 4104 2500 4147 montes
2526 4093 2870 4161 profecturus
2901 4108 2985 4158 es,
3039 4093 3301 4160 prmmitte
3325 4107 3390 4146 ex

1824 4186 1952 4250 tuis,
1980 4186 2071 4255 qui
2116 4186 2244 4254 iuga
2279 4184 2543 4238 montium
2582 4192 2636 4236 et
2678 4183 2794 4236 loca
2835 4184 2904 4237 ibi
2937 4183 3239 4237 editissima
3297 4197 3393 4236 oc-

1821 4285 2038 4342 cupent,
2080 4285 2133 4328 et
2157 4276 2247 4344 qui
2283 4275 2460 4329 aditus
2491 4284 2750 4341 angustos
2788 4284 2839 4327 et
2886 4274 3070 4327 minus
3124 4281 3389 4341 patentes,

1821 4364 2270 4432 quas‘clausuras
2302 4363 2609 4426 nominant,
2633 4362 2931 4431 anticipent
2961 4405 2973 4424 ,
3017 4375 3083 4416 ne
3141 4361 3393 4415 hostibus

1822 4455 2291 4523 praevertentibus,
2345 4453 2476 4508 etin
2534 4452 2667 4520 ipsis
2721 4451 3096 4520 angustiarum
3141 4449 3394 4506 faucibus

1826 4549 1879 4594 et
1911 4542 2176 4596 montium
2205 4540 2434 4608 fastigiis
2455 4539 2887 4602 considentibus,
2915 4539 2999 4592 vel
3043 4539 3146 4592 iter
3171 4539 3396 4590 omnino

1828 4627 2174 4695 impediatur,
2207 4627 2288 4680 vcl
2341 4627 2458 4680 sine
2500 4640 2695 4693 magna
2723 4623 3024 4677 oﬂ‘ensione
3055 4625 3249 4677 confici
3285 4637 3392 4674 non

1826 4719 2019 4788 possit.

1897 4896 1988 4950 27.
2026 4894 2135 4948 lloc
2159 4893 2297 4949 idem
2333 4892 2495 4946 etiam
2533 4899 2588 4944 tu
2624 4889 2867 4959 provide,
2903 4889 2948 4942 si
2971 4886 3194 4956 quando
3216 4885 3394 4951 hosti-

1831 4987 1932 5040 lem
1968 4985 2337 5038 incursionem
2386 4983 2437 5035 in
2471 4991 2618 5035 luant
2658 4981 2932 5048 regionem
2981 4978 3218 5030 futuram
3279 4975 3395 5028 for-

1835 5080 2005 5132 midas
2033 5095 2047 5140 ;
2077 5077 2254 5143 aliqua
2276 5075 2422 5127 enim
2461 5073 2690 5126 militum
2721 5085 2878 5124 humu
2898 5069 2965 5123 ad
2992 5069 3272 5137 angustias
3301 5082 3397 5120 oc-

1833 5166 2109 5237 cupandas
2130 5167 2320 5230 missa,
2356 5164 2478 5217 illos
2509 5163 2655 5217 aditu
2689 5161 3023 5230 prohibebis,
3052 5171 3103 5213 et
3130 5156 3400 5228 permulta

1829 5258 2170 5315 incommoda
2208 5257 2313 5310 illis
2340 5256 2553 5308 afferes.

1669 5503 1902 5556 NOTAE.

230 5679 482 5766 (431K141
516 5676 755 5730 τοιαῦτα
777 5673 1058 5743 φθείρων.
1091 5670 1472 5740 Scribebatur,
1515 5671 1608 5723 καὶ
1659 5673 1723 5738 τῇ

159 5753 494 5836 ταφθῖίριυγ.
637 5819 647 5832 ⁹
825 5815 835 5826 σ
995 5814 1005 5825 _
1112 5770 1136 5824 τ.
1299 5810 1311 5819 ,
1467 5811 1508 5837 ,ι
1591 5811 1615 5840 ,ἲ

237 5821 348 5890 (Η)
388 5823 478 5886 Eu,
521 5834 743 5889 γλιειαν.
783 5815 872 5872 Stc
906 5814 1098 5884 legitur
1125 5830 1177 5868 in
1213 5826 1398 5865 (‘OtllCC
1423 5811 1727 5866 Pislomno

1837 5685 1932 5738 pro
1966 5671 2043 5731 εἰς
2087 5669 2312 5736 χωρίοιν.

1910 5739 2020 5798 ίίίῖἢ
2056 5738 2160 5804 Γῇ.
2189 5740 2399 5803 Scribe,
2430 5739 2528 5806 μή.

1911 5810 2020 5879 (an;
2065 5807 2375 5873 ’⁸11κιικώς.
2408 5805 2617 5870 Scribe,
2652 5805 2744 5871 καὶ
2780 5805 2986 5873 κακῶς.
