4176 6446
776 418 880 479 775

1932 405 2204 467 LEONIS
2242 403 2345 463 ΡΗ
2362 402 2713 464 ILOSOPHI

3919 391 4029 454 77G

842 526 933 580 28.
965 524 1024 580 Si
1058 525 1276 591 longum
1297 520 1514 592 aliquod
1549 519 1673 586 iter,
1712 529 1766 575 et
1800 518 2094 573 multorum
2119 517 2330 571 dierum
2363 556 2371 576 λ

2506 510 2614 582 κη’.
2655 510 2781 564 Ἐάν
2806 509 2862 563 δὲ
2894 509 2982 563 διὰ
3012 509 3227 579 μακρᾶς
3271 502 3389 556 ὁδοῦ
3424 502 3623 573 μέλλῃς
3660 500 4025 569 πορεύεσθαι,

775 618 918 671 viam
950 626 1062 671 tum
1098 616 1153 668 in
1178 625 1289 675 tua,
1321 621 1437 666 tum
1461 612 1515 665 in
1534 612 1715 666 hostili
1745 609 1966 679 regione
1990 608 2337 664 confccturus

778 724 857 770 es,
896 708 1126 776 primum
1162 703 1495 757 assuelacito
1527 702 1753 761 milites,
1800 709 1857 753 ut
1890 700 1943 753 in
1981 698 2202 767 regione
2245 705 2335 750 tua

778 801 903 853 dum
932 798 1061 860 sint,
1092 795 1342 849 ordinem
1370 808 1530 848 suum
1572 793 1625 845 in
1657 792 1969 860 manipulis,
1999 805 2120 857 quae
2147 796 2338 843 contu-

783 888 966 941 bernia
998 901 1214 956 quoque
1240 892 1523 947 vocantur,
1556 891 1608 936 et
1632 882 1923 936 stationem
1964 888 2207 945 teneant,
2244 891 2335 930 an-

782 973 1141 1049 tegredie‘ntcs
1169 974 1830 1046 scquantur,uthostilem
1866 974 1918 1026 in
1962 980 2162 1025 terram
2217 983 2340 1023 cum

783 1069 1045 1132 venerint,
1077 1080 1131 1123 et
1161 1082 1259 1120 nec
1288 1067 1526 1136 opinatis
1554 1065 1621 1118 de
1670 1063 1968 1132 improviso
2004 1059 2341 1114 incursioni-

786 1157 886 1209 bus
915 1153 1135 1223 appetiti
1185 1154 1316 1216 sint,
1366 1152 1549 1205 minus
1593 1149 2011 1210 tumultuentur,
2059 1154 2114 1200 et
2148 1145 2241 1199 alii
2276 1142 2344 1199 ad

783 1246 921 1299 alios
945 1246 1172 1300 confuse
1195 1249 1569 1307 accurrentes,
1618 1240 1718 1293 sibi
1751 1239 1883 1307 ipsis
1912 1237 2061 1291 nullo
2094 1235 2348 1305 praesidio

784 1338 910 1399 sint,
940 1335 1031 1389 sed
1063 1334 1132 1389 ab
1154 1333 1399 1387 hostibus
1426 1332 1592 1385 multa
1646 1329 1786 1383 mala
1828 1338 1940 1381 tum
1981 1336 2198 1397 propter
2259 1326 2347 1381 sui
2380 1360 2387 1383 ι

782 1423 1267 1492 perturbationem,
1310 1428 1423 1474 tum
1464 1425 1684 1486 propter
1711 1417 1950 1489 hostium
1973 1415 2229 1484 impetum
2259 1428 2349 1468 ac-

791 1515 1017 1583 cipiant.
1050 1514 1323 1567 Consucta
1350 1511 1492 1565 enim
1518 1508 1621 1562 hac
1637 1508 1847 1562 ordinis
1903 1504 2342 1568 conservatione,

786 1616 901 1661 tum
933 1608 996 1658 ad
1029 1621 1112 1658 res
1151 1617 1341 1657 omnes
1370 1599 1748 1669 suscipiendas
1777 1605 1941 1651 erunt
1988 1595 2194 1660 idonei,
2232 1604 2346 1647 tum

787 1696 852 1748 ad
884 1694 1080 1748 bellum
1122 1694 1297 1762 ipsum
1322 1692 1520 1761 parati,
1560 1688 1859 1760 presertim
1894 1687 1938 1741 si
1988 1687 2203 1757 signum
2253 1684 2351 1739 ali-

788 1785 934 1853 quod
967 1785 1217 1849 habeant,
1255 1793 1308 1838 et
1365 1791 1586 1851 aspectu
1637 1780 1742 1850 ipsi
1793 1779 2028 1834 seinter
2080 1791 2140 1832 se
2185 1790 2352 1845 agno-

790 1885 968 1930 scant.

854 1966 944 2020 29.
965 1969 1067 2023 Per
1089 1962 1372 2034 angustias
1394 1961 1529 2018 tales
1552 1975 1717 2031 quam
1742 1957 1967 2014 minime
1984 1963 2138 2028 potes
2161 1954 2351 2010 ducito

790 2057 1109 2117 exercitum,
1164 2054 1258 2109 sed
1308 2069 1404 2122 per
1451 2052 1691 2122 spatiosa
1716 2052 1859 2112 loca,
1892 2050 1946 2103 in
1996 2047 2197 2117 quibus
2244 2060 2351 2099 non

793 2156 1106 2217 prementur
1131 2145 1396 2218 angustiis
1425 2144 1670 2199 locorum
1711 2140 1998 2211 implicati,
2064 2139 2161 2193 sed
2199 2137 2290 2191 ubi
2322 2152 2352 2190 a

791 2243 960 2297 latere
979 2238 1202 2308 produci
1234 2234 1696 2303 inlongitudinem
1735 2240 1999 2301 possunt;
2025 2228 2183 2282 facile
2206 2227 2354 2281 enim

793 2325 1007 2381 insidiis
1031 2322 1433 2385 circumveniri,
1462 2327 1516 2375 et
1540 2319 1777 2373 hostium
1804 2318 1987 2371 subito
2044 2316 2352 2368 interventu:

791 2413 1019 2484 opprimi
1050 2422 1298 2482 possunt,
1326 2412 1421 2478 qui
1470 2410 1546 2462 ita
1587 2408 1745 2462 .locis
1777 2406 1974 2460 inclusi
2009 2412 2157 2467 sunt,
2179 2411 2240 2456 ut
2286 2402 2355 2456 ad

794 2504 1001 2575 aliquid
1060 2502 1384 2572 praeclarum
1417 2496 1844 2568 :suscipiendum
1875 2494 2261 2563 impediantur.

862 2594 952 2648 30.
983 2592 1040 2646 Si
1090 2592 1238 2646 enim
1294 2604 1361 2645 ex
1410 2588 1640 2642 adverso
1691 2587 1878 2640 hostes
1926 2584 2149 2638 veniant
2195 2580 2357 2637 latius

796 2680 1077 2735 instructis
1105 2676 1302 2746 copiis,
1325 2674 1483 2730 facile
1504 2671 1805 2726 fundentur
1854 2677 1912 2724 et
1943 2666 2358 2738 dissipabuntur

796 2778 897 2838 tui,
930 2768 1389 2841 quemadmodum
1414 2779 1538 2822 cum
1587 2764 1644 2818 in
1689 2762 1830 2818 bello
1855 2761 1925 2817 ab
1970 2760 2222 2817 hostibus
2246 2761 2358 2815 cir-

798 2862 1065 2917 cumelusi
1087 2862 1242 2916 estis.

866 2955 955 3009 3i.
976 2952 1072 3006 Sin
1097 2966 1127 3006 a
1151 2952 1319 3015 latere
1357 2962 1453 3018 per
1480 2947 1691 3002 medias
1733 2945 1919 3015 copias
1959 2944 2145 2999 hostes
2174 2942 2361 2997 incur-

799 3054 942 3108 rant,
1026 3042 1184 3098 facile
1237 3039 1638 3102 distrahuntur,
1677 3045 1731 3092 et
1779 3042 2106 3105 separantur
2170 3032 2359 3101 copiae.

797 3136 952 3202 Quod
974 3135 1022 3189 si
1049 3133 1116 3188 ad
1142 3132 1463 3203 phalangem
1495 3128 1672 3183 redire
1696 3127 1991 3191 voluerint,
2025 3133 2080 3179 et
2100 3123 2361 3191 utrinque

798 3229 955 3298 quasi
1019 3226 1190 3281 aciem
1249 3223 1542 3284 instruere,
1614 3219 1890 3273 infirmum
1928 3226 2044 3270 tum
2108 3212 2360 3285 praelium

798 3321 903 3376 erit
923 3361 938 3385 ,
969 3317 1095 3388 quia
1124 3314 1413 3370 confestim
1445 3311 1548 3365 hoc
1595 3309 1664 3364 ab
1694 3308 1799 3363 illis
1826 3306 1941 3361 fieri
1960 3320 2066 3360 non
2094 3311 2291 3374 potest.

869 3411 957 3464 ‘52.
984 3410 1080 3464 Sin
1120 3421 1149 3459 a
1182 3415 1333 3474 tergo
1354 3401 1631 3462 invadant,
1660 3412 1813 3467 aeque
1861 3408 2101 3464 prmsens
2145 3390 2351 3461 pericu-

805 3504 917 3587 lpm
937 3506 1038 3563 est,
1076 3511 1140 3551 ac
1180 3493 1395 3559 fuisset,
1415 3492 1459 3547 si
1498 3505 1613 3554 eos,
1654 3488 1748 3557 qui
1786 3487 1839 3540 in
1870 3484 2050 3541 fronte
2080 3494 2233 3547 sunt,
2279 3482 2366 3535 in-

803 3592 1096 3646 Vasissent.

872 3684 960 3737 55.
1002 3676 1157 3745 Quod
1181 3676 1228 3731 si
1264 3672 1483 3743 aliquod
1543 3669 1850 3725 subsidium
1888 3679 2011 3721 esse
2051 3663 2364 3733 contingat,

807 3775 994 3830 inutile
1030 3781 1210 3825 tamen
1240 3768 1369 3822 illud
1396 3774 1558 3833 atque
1592 3761 1837 3816 inellicax
1876 3758 1999 3813 erit.
2032 3754 2164 3811 Nam
2241 3769 2365 3810 cum

804 3868 901 3938 qui
938 3882 968 3920 a
1007 3874 1160 3933 tergo
1206 3868 1337 3916 sunt
1376 3872 1533 3926 Opem
1592 3853 1734 3908 ferre
1764 3852 1830 3907 iis
1865 3850 2111 3913 student,
2171 3848 2266 3917 qui
2311 3847 2365 3899 in

804 3937 983 4012 fronte
1002 3954 1357 4013 collocantur,
1394 3956 1489 4001 aut
1529 3952 1740 4005 contra,
1775 3940 1868 4010 qui
1892 3940 1946 3993 in
2014 3937 2192 3993 fronte
2239 3942 2369 3991 sunt

806 4050 875 4104 iis
890 4048 981 4117 qui
1011 4062 1039 4099 a
1066 4053 1217 4113 tergo
1256 4048 1384 4096 sunt
1415 4048 1736 4093 succurrere
1765 4031 1976 4093 volunt,
2010 4029 2163 4084 tarda
2187 4038 2368 4082 tamen

804 4150 855 4195 et
879 4154 1001 4194 sera
1033 4133 1342 4206 progressio
1376 4132 1490 4184 haec
1512 4127 1649 4182 solet
1679 4139 1821 4191 esse,
1860 4123 2180 4193 plerumque
2235 4119 2371 4173 inu-

806 4231 939 4285 tilis.

877 4321 966 4374 ει.
1003 4316 1288 4373 Exercitus
1337 4320 1655 4369 contractus
1684 4316 1741 4364 et
1767 4305 2091 4377 quadratus,
2137 4309 2232 4356 aut
2261 4315 2369 4357 non

810 4412 885 4467 ita
942 4409 1173 4465 multum
1231 4405 1535 4472 oblongus,
1610 4398 1677 4454 ad
1748 4410 1965 4452 omnem
2029 4393 2370 4449 occasionem

810 4511 972 4571 atque
997 4506 1248 4554 eventum
1285 4494 1513 4554 tlrmus,
1559 4488 1707 4543 utilis
1759 4495 1922 4555 atque
1979 4493 2129 4539 tutus
2160 4490 2265 4537 est.

1165 4582 1186 4621 J

879 4673 970 4727 55.
998 4670 1153 4740 Saepe
1168 4667 1314 4723 enim
1354 4678 1464 4719 non
1500 4661 1823 4723 contractis,
1857 4659 1951 4715 sed
1979 4655 2261 4726 dissipatis
2278 4670 2375 4709 co-

694 4753 706 4772 ³
811 4765 939 4837 piis,
964 4762 1057 4832 qui
1084 4759 1245 4830 primi
1272 4772 1303 4811 e
1331 4753 1599 4810 montosis
1635 4750 1773 4806 locis
1809 4752 1864 4805 in
1895 4758 2231 4818 campestres
2282 4747 2379 4801 de-

2440 603 2533 655 καὶ
2565 601 2774 653 πολλῶν
2802 600 3023 671 ἡμερῶν
3052 598 3288 651 διανύειν
3323 592 3543 663 πορείαν
3576 592 3671 645 καὶ
3720 593 3778 643 ἐν
3809 594 3876 660 τῇ
3915 593 4027 661 ἰδία

2442 693 2594 764 χώρα
2624 692 2717 745 καὶ
2753 693 2812 743 ὲν
2848 694 2915 761 τῇ
2944 688 3205 759 πολεμίᾳ,
3250 685 3338 739 διὰ
3374 684 3473 754 μὲν
3511 683 3610 748 τῆς
3659 682 3792 743 ἰδίας
3836 681 4027 752 χώρας

2442 786 2528 839 ἶνα
2577 784 2762 856 ἐθίζῃς
2810 784 2879 836 τά
2924 782 3311 854 στρατεύματα
3368 781 3550 850 μένειν
3590 778 3649 830 ὲν
3691 777 3869 841 τάξει,
3932 778 4029 828 καὶ

2444 877 2842 947 συμφυλάττειν
2883 876 3009 935 τοὺς
3069 874 3231 935 ίδίους
3264 872 3475 939 λόχους,
3506 870 3675 940 ᾕγουν
3705 869 3836 931 τοὺς
3869 867 4025 938 ὀρδί-

2443 985 2566 1031 νους
2594 968 2691 1038 τῆς
2724 967 2930 1030 τάξεως
2954 1006 2969 1029 ,
2996 966 3099 1018 ’καὶ
3128 963 3441 1018 ἀκολουθεῖν
3470 964 3583 1023 τοῖς
3609 961 3899 1031 ἄρχουσιν,
3934 960 4022 1012 ἵνα

2447 1061 2541 1113 καὶ
2591 1061 2649 1112 ἐν
2674 1060 2740 1128 τῇ
2772 1055 3010 1125 πολεμίᾳ
3059 1054 3196 1125 πρὸς
3238 1054 3358 1115 τὰς,
3396 1051 3474 1114 ὡς
3504 1051 3672 1114 είκδς,
3724 1050 4024 1119 γινομένας

2446 1150 2703 1219 ἐξαίφνης
2737 1146 3025 1210 ἐπιϐουλὰς
3081 1145 3157 1215 μὴ
3206 1142 3456 1215 ὲναθρύῳ
3518 1142 3631 1210 (47)
3684 1140 3889 1209 καιρῷ,
3930 1143 4026 1191 καὶ

2445 1240 2615 1305 ὀξέως
2655 1236 3044 1307 ὲπιγινομένῳ,
3093 1234 3447 1307 θορυϐοῦνται
3501 1234 3595 1286 καὶ
3644 1233 4019 1300 ἐπιτρέχουσι.

2422 1340 2425 1345 '
2449 1331 2546 1383 καὶ
2573 1329 2726 1383 ἄλλοι
2753 1328 2887 1399 πρὸς
2917 1327 3112 1390 ἄλλους
3142 1325 3420 1396 φέρονται,
3442 1324 3536 1377 καὶ
3562 1322 3649 1375 διά
3662 1320 3823 1374 τοῦτο
3854 1320 4025 1391 μηδὲν

2448 1419 2480 1488 ἦ
2516 1417 2611 1471 καὶ
2657 1417 2872 1488 βοηθεῖν
2914 1416 3192 1480 δύνανται,
3228 1411 3401 1466 πολλὰ
3440 1412 3498 1464 δὲ
3546 1410 3693 1464 κακὰ
3741 1409 3775 1479 ἢ
3823 1412 3922 1462 καὶ
3954 1410 4023 1461 δι’

2451 1508 2661 1562 ἑαυτῶν
2688 1510 2721 1578 ἢ
2750 1508 2847 1562 καὶ
2865 1508 2955 1562 διά
3001 1506 3111 1561 τῶν
3159 1504 3433 1575 πολεμίων
3476 1502 3743 1566 πάθωσιν,
3784 1499 3903 1554 ἀλλ’
3934 1500 4021 1552 ἵνα

2448 1601 2536 1655 διὰ
2592 1598 2685 1653 τοῦ
2752 1598 2977 1665 ἐθισμοῦ
3047 1598 3147 1667 τῆς
3200 1595 3452 1661 εὐταξίας
3503 1594 3597 1647 καὶ
3652 1595 3730 1657 είς
3793 1593 4024 1662 πορείαν

2451 1692 2588 1743 είσὶν
2649 1689 2944 1755 ἐπιδέξιοι,
3010 1690 3103 1742 καὶ
3174 1689 3255 1751 είς
3318 1688 3498 1758 μάχην
3558 1684 3977 1756 εύτρεπισμένοι
4006 1723 4021 1742 ,

2449 1778 2664 1849 ἔχοντες
2694 1778 2787 1832 καὶ
2832 1777 3057 1848 σημεῖόν
3086 1794 3138 1830 τι
3165 1776 3257 1830 καὶ
3304 1775 3565 1847 ἀλλήλους
3609 1776 3667 1828 εν
3710 1772 3865 1837 τάξει
3898 1771 4020 1840 βλέ-

2382 1858 2426 1917 Β
2455 1886 2669 1931 ποντες.

2522 1960 2628 2015 κθ¹.
2683 1960 2793 2029 Τὴν
2851 1960 2909 2013 δὲ
2961 1958 3188 2031 πορείαν
3242 1956 3335 2011 τοῦ
3395 1955 3803 2025 στρατεύματος
3833 1953 4021 2020 ὀλίγην

2453 2049 2725 2103 ποιεῖσθαί
2751 2067 2809 2102 σε
2831 2050 2929 2113 δεί,
2967 2050 3060 2103 καὶ
3084 2048 3175 2102 διὰ
3207 2048 3464 2101 τοιούτων
3497 2046 3713 2116 χωρίων
3741 2042 4021 2106 διαϐίϐαζε

2453 2144 2551 2205 τὰς
2578 2141 2779 2206 τάξεις,
2834 2142 2900 2194 δι’
2957 2134 3033 2195 ὧν
3084 2140 3144 2194 ού
3198 2137 3640 2207 συνθλιϐἠσονται
3702 2136 3816 2207 (48)
3870 2136 4022 2204 ἔχου-

2457 2249 2547 2284 σαι
2579 2231 2775 2293 πλάτος
2802 2231 2941 2283 ὥστε
2976 2232 3041 2283 ἐκ
3068 2230 3309 2299 πλευράς
3356 2228 3448 2281 ἐπὶ
3502 2226 3675 2296 μῆκος
3704 2225 4020 2293 ἐκταθῆναι.

2457 2320 2916 2374 Εύεπιϐούλευτοι
2977 2323 3084 2389 γὰρ
3126 2322 3364 2387 γίνονται
3414 2318 3547 2388 πρὸς
3594 2316 3693 2378 τὰς
3724 2315 4020 2382 αίφνιδίονς

2457 2413 2566 2465 τῶν
2618 2412 2894 2481 πολεμίων
2940 2411 3263 2480 ἐπιφανείας
3295 2410 3350 2464 αἱ
3382 2408 3651 2473 τοιαῦται,
3685 2407 3780 2459 καὶ
3826 2405 4025 2476 μᾶλλον

2459 2505 2558 2556 οὒκ
2588 2503 2805 2573 ἔχουσαι
2834 2501 2894 2555 τὸ
2927 2501 3274 2570 δραστήριον.

2529 2594 2603 2647 λ’.
2646 2593 2771 2645 Ἐάν
2798 2592 2906 2663 γάρ
2946 2592 3130 2653 αὐτοῖς
3162 2590 3270 2644 άπὸ
3300 2587 3612 2659 ἔμπροσθεν
3640 2588 4027 2657 άπαντήσωσιν

2458 2684 2509 2737 ol
2537 2683 2786 2751 πολέμιοι
2824 2683 3149 2750 πλατύτεροι
3191 2681 3536 2750 τεταγμένοι,
3570 2677 3805 2740 εὐκόλως
3833 2678 4026 2736 αὐτοὺς

2458 2774 2770 2843 τρέπονται,
2804 2772 3056 2842 καθάπερ
3106 2773 3158 2824 οί
3204 2770 3299 2825 ἐπὶ
3344 2771 3444 2838 τῆς
3498 2770 3677 2838 μάχης
3723 2770 3893 2837 αὐτῆς
3934 2766 4025 2818 εύ-

2459 2863 2666 2934 καίρως
2696 2862 3021 2925 κυκλοῦντες
3043 2862 3169 2924 τοὺς
3191 2858 3485 2920 ἐναντίους.

2531 2953 2632 3007 λα’.
2674 2952 2800 3006 Ἐὰν
2829 2953 2886 3005 δὲ
2916 2950 3059 3005 κατὰ
3107 2952 3278 3021 μέσην
3304 2949 3404 3019 τὴν
3446 2946 3674 3017 δύναμιν
3699 2947 3763 2998 ἐκ
3791 2946 4031 3014 πλευρᾶς

2462 3044 2785 3107 ἐπιϐάλωσι,
2816 3043 2953 3113 ταχὺ
2998 3042 3272 3095 διιστῶσιν
3300 3038 3482 3093 αὐτῶν
3510 3038 3609 3107 τὴν
3659 3036 3886 3106 πορείαν
3939 3036 4032 3088 καὶ

2462 3134 2872 3189 διακόπτουσιν.
2907 3132 3033 3185 Ἐάν
3068 3132 3178 3202 γὰρ
3213 3129 3581 3198 ἐπιστρέψωσι
3611 3127 3746 3196 πρὸς
3774 3127 4030 3195 φάλαγγα

2464 3228 2513 3280 oi
2538 3224 2959 3295 ὁδοιποροῦντες,
2976 3222 3115 3275 ὥστε
3138 3218 3701 3291 ἀντιπαρατάξασθαι,
3730 3216 3964 3287 ἀσθενὴς
3995 3218 4030 3286 ἡ

2466 3318 2617 3387 μάχη
2640 3315 2849 3385 γίνεται
2884 3316 2979 3369 καὶ
3001 3315 3101 3367 οὐκ
3126 3313 3326 3383 ἔχουσα
3350 3313 3534 3381 τάχος.

2535 3406 2634 3475 λβ’.
2672 3404 2867 3458 Ἐὰνδὲ
2897 3403 3008 3457 άπὸ
3028 3404 3251 3457 δπισθεν
3279 3400 3606 3471 ἑπιφανῶσι,
3638 3398 3926 3467 προφανὴς
3946 3396 4031 3464 τί·

2464 3514 2615 3551 νεται
2646 3496 2865 3565 ὄλεθρος
2893 3494 3097 3563 ὁμοίως
3120 3496 3234 3558 τοῖς
3259 3494 3317 3547 ὲν
3348 3492 3427 3563 τῷ
3464 3489 3773 3562 ἔμπροσθεν
3803 3489 3902 3559 τῆς
3935 3506 4033 3541 ποο

2468 3587 2618 3658 ρείας
2645 3584 3016 3654 τεταγμένοις.

2534 3678 2634 3745 λγ’.
2665 3677 2960 3746 Συμϐαίνει
2987 3676 3044 3728 δὲ
3077 3676 3171 3729 καὶ
3200 3675 3295 3729 ὲάν
3339 3693 3424 3738 τις
3460 3673 3840 3744 παραϐοήθεια
3874 3672 4034 3740 γένη-

2464 3784 2576 3834 ται,
2608 3767 2839 3837 δυσχερῆ
2871 3765 2966 3819 καὶ
2996 3766 3276 3835 ἄπρακτον
3314 3763 3483 3833 αὐτὴν
3508 3763 3772 3830 γενέσθαι·
3790 3760 3902 3822 τῶν
3928 3761 4034 3828 γάρ

2466 3858 2575 3915 ἀπὸ
2606 3856 2826 3910 ὄπισθεν
2869 3858 2980 3917 τοῖς
3020 3854 3330 3925 ἔμπροσθεν
3364 3853 3697 3922 βουλομένων
3738 3850 3974 3920 βοηθεῖν,
4000 3849 4032 3915 ἢ

2468 3948 2630 4002 πάλιν
2659 3945 2767 4000 τῶν
2797 3943 3105 4016 ἔμπροσθεν
3132 3945 3245 4006 τοῖς
3286 3944 3364 4004 είς
3390 3941 3451 3993 τδ
3474 3940 3718 4004 ὄπισθεν,
3748 3938 3968 4009 βραδεῖα
4000 3937 4033 4003 ή

2470 4039 2700 4100 ἐλευσις,
2728 4036 2824 4089 καὶ
2846 4036 2906 4088 ού
2943 4033 3084 4087 κατὰ
3112 4032 3300 4103 καιρὸν
3335 4031 3559 4085 δύναται
3588 4028 3859 4099 γίνεσθαι.

2539 4297 2634 4352 λδ’.
2656 4297 2719 4349 'll
2743 4296 2801 4348 δὲ
2833 4292 3238 4363 συνεσταλμένη
3267 4292 3460 4361 πορεία
3486 4290 3582 4345 καὶ
3609 4289 3973 4359 τετράγωνος.
4003 4287 4035 4353 ή

2476 4387 2814 4457 παραμήκης
2874 4384 2995 4455 μὲν,
3069 4384 3144 4454 μὴ
3198 4384 3339 4436 πάνυ
3398 4380 3456 4435 δὲ
3512 4379 3671 4433 τοῦτο
3726 4379 3926 4451 ἔχουσα
3980 4377 4038 4428 τὺ

2397 4510 2450 4569 D
2478 4477 2683 4547 σχῆμα,
2740 4474 2877 4528 ἀλλὰ
2926 4474 3258 4544 σύμμετρον,
3309 4474 3389 4534 είς
3432 4471 3609 4553 πάντα
3659 4469 3852 4537 καιρόν
3896 4469 4038 4520 ἐστιν

2476 4569 2570 4623 καὶ
2598 4567 3097 4638 εύμεταχείριστος,
3128 4565 3223 4617 καὶ
3251 4562 3523 4632 ἀσφαλής.
3566 4548 3573 4553 ’

2543 4656 2637 4711 λε’.
2674 4657 2941 4719 Πολλάκις
2984 4655 3095 4726 γὰρ
3147 4657 3227 4716 εἰς
3266 4650 3599 4721 ἀμφιϐολίας
3649 4648 4037 4719 ιμπίπτουσιν,

2473 4750 2601 4803 ὅταν
2633 4748 2684 4801 οἱ
2714 4748 2917 4818 πρῶτοι
2940 4744 3276 4808 καταϐάντες
3334 4742 3443 4796 άπὸ
3484 4738 3713 4813 ὀρεινῶν
3738 4738 3924 4791 τόπων
3964 4737 4041 4798 είς

813 4827 1101 4916 scendunt,
1128 4849 1314 4905 animo
1370 4846 1625 4902 haesitant
1673 4857 1739 4898 ac
1784 4841 2165 4911 pertuhantur,
2213 4846 2371 4907 atque

2474 4839 2703 4893 ἐπίπεδα
2749 4838 2941 4908 χωρία·
2970 4838 3296 4905 θεασάμενοι
3325 4834 3434 4905 γὰρ
3463 4834 3587 4894 τοὺς
3621 4829 3797 4883 ὀπίσω
3826 4827 4040 4882 ἐπιϐαί-

813 4963 908 5002 eos
934 4958 1071 5014 quos
1099 4957 1129 4995 a
1159 4950 1310 5009 tergo
1345 4937 1553 5003 vident,
1594 4936 1782 4990 hostes
1803 4946 1925 4987 esse
1959 4936 2171 5000 putant,
2223 4938 2281 4982 ut
2309 4928 2371 4982 ad

2484 4946 2672 4991 νοντας
2695 4968 2711 4993 ,
2772 4925 2956 4991 ἔδοξαν
3012 4920 3156 4979 εἶναι
3206 4922 3478 4994 πολεμίων
3534 4920 3853 4984 ἐπελευσιν,
3906 4919 4041 4971 ὥστε

815 5037 1215 5108 confligendum
1240 5048 1364 5088 cum
1400 5031 1518 5086 suis
1545 5029 1699 5097 quasi
1720 5042 1844 5082 cum
1875 5023 2126 5079 hostibus
2158 5036 2216 5075 se
2238 5034 2379 5090 pras-

815 5136 1029 5200 parent,
1057 5135 1220 5196 atque
1244 5124 1407 5179 etiam
1437 5121 1505 5176 ad
1543 5133 1738 5174 manus
1767 5114 2160 5176 conserendas,
2186 5120 2241 5165 et
2260 5110 2376 5166 hel-

816 5222 929 5276 lum
951 5216 1290 5275 inferendum
1314 5228 1449 5283 pene
1475 5210 1715 5265 veniant.

888 5312 979 5366 36.
1023 5308 1413 5379 Impedimenta
1479 5302 1757 5363 universa,
1819 5310 2038 5367 operas,
2082 5293 2329 5348 sarcinas
2356 5333 2375 5356 ,

819 5411 982 5470 atque
1030 5412 1242 5453 onmem
1278 5400 1600 5464 apparatum
1656 5392 1710 5445 in
1750 5388 1945 5444 mediis
1985 5384 2162 5454 copiis
2208 5383 2379 5439 collo-

818 5500 959 5547 αιιο.

2488 5017 2718 5071 σπεῦσαι
2750 5015 3075 5085 προσϐαλεῖν
3120 5013 3197 5077 ὡς
3245 5012 3479 5084 ἐχθροῖς,
3524 5009 3675 5072 τινάς
3726 5009 3784 5061 δὲ
3829 5009 3927 5061 καὶ
3972 5009 4044 5068 εἰς

2486 5112 2672 5181 χεῖρας
2699 5107 2872 5161 ἐλθεῖν
2905 5106 3048 5162 κατὰ
3082 5105 3329 5176 ἀλλήλων
3360 5102 3514 5173 παρὰ
3544 5100 3761 5172 μικρόν.

2553 5292 2663 5355 λς’.
2704 5291 2963 5361 Λάμϐανε
2991 5290 3048 5343 δὲ
3082 5290 3178 5345 καὶ
3207 5288 3367 5342 τάττε
3400 5286 3461 5340 τδ
3496 5284 3709 5339 τοῦλδον
3756 5283 3923 5349 ὅλων
3948 5283 4040 5351 τήν

2484 5402 2544 5438 τε
2570 5383 2813 5437 δουλείαν
2833 5421 2850 5445 ,
2883 5384 2979 5436 καὶ
3005 5383 3076 5435 τὰ
3106 5380 3410 5451 σαγμάρια,
3460 5378 3555 5431 καὶ
3596 5376 3695 5448 τὴν
3736 5376 4041 5446 ἀποσκευὴν

2487 5477 2705 5530 ἅπασαν
2736 5475 2794 5527 ὲν
2825 5474 2966 5546 μέσῃ
2994 5476 3061 5544 τῇ
3090 5472 3339 5543 δυνάμει.

2316 5586 2550 5643 NOTAE.

893 5692 1004 5754 (ιῖδ
1053 5689 1149 5741 Ἐν
1176 5686 1385 5755 ἀθρόῳ.
1410 5684 1721 5755 ,Legcbatur
1750 5680 2016 5751 ἱναθρύῳ.
2049 5679 2229 5734 Codex
2274 5677 2379 5732 Pa-

822 5762 1027 5817 latinus
1064 5758 1185 5825 fert,
1233 5754 1479 5826 ἑναθρίῳ.

2560 5677 2670 5750 (48)
2699 5678 2778 5731 Δι’
2800 5673 2888 5733 ὦν
2917 5680 2989 5733 οὐ
3013 5675 3546 5744 συνθλιϐήσονται.
3580 5674 3772 5731 Deerat
3794 5675 3881 5727 οὗ.
