  <div class='ocr_page' id='page_1' title='image "/cluster/home/n/w/nwhite01/storage/ocr_20150623/107/nnc1.0046980040/460.png"; bbox 0 0 4176 6446; ppageno 0'>
   <div class='ocr_carea' id='block_1_1' title="bbox 165 417 264 480">
    <p class='ocr_par' dir='ltr' id='par_1_1' title="bbox 165 417 264 480">
     <span class='ocr_line' id='line_1_1' title="bbox 165 417 264 480; baseline 0.01 -1"><span class='ocrx_word' id='word_1_1' title='bbox 165 417 264 480; x_wconf 81' lang='lat'><strong>777</strong></span> 
     </span>
    </p>
   </div>
   <div class='ocr_carea' id='block_1_2' title="bbox 1245 425 2364 494">
    <p class='ocr_par' dir='ltr' id='par_1_2' title="bbox 1245 425 2364 494">
     <span class='ocr_line' id='line_1_2' title="bbox 1245 425 2364 494; baseline 0.003 -9"><span class='ocrx_word' id='word_1_2' title='bbox 1245 427 1572 486; x_wconf 77' lang='lat' dir='ltr'><strong>T.-\CTICA.</strong></span> <span class='ocrx_word' id='word_1_3' title='bbox 1617 452 1679 462; x_wconf 85' lang='lat'><strong><em>—</em></strong></span> <span class='ocrx_word' id='word_1_4' title='bbox 1723 425 2222 494; x_wconf 83' lang='lat' dir='ltr'><strong>CONSTITUTIO</strong></span> <span class='ocrx_word' id='word_1_5' title='bbox 2265 433 2364 490; x_wconf 80' lang='lat' dir='ltr'><strong>l.\&#39;.</strong></span> 
     </span>
    </p>
   </div>
   <div class='ocr_carea' id='block_1_3' title="bbox 3285 433 3390 494">
    <p class='ocr_par' dir='ltr' id='par_1_3' title="bbox 3285 433 3390 494">
     <span class='ocr_line' id='line_1_3' title="bbox 3285 433 3390 494; baseline -0.01 0"><span class='ocrx_word' id='word_1_6' title='bbox 3285 433 3390 494; x_wconf 76' lang='grc' dir='ltr'><strong>’ΠΒ</strong></span> 
     </span>
    </p>
   </div>
   <div class='ocr_carea' id='block_1_4' title="bbox 232 528 1729 610">
    <p class='ocr_par' dir='ltr' id='par_1_4' title="bbox 232 528 1716 605">
     <span class='ocr_line' id='line_1_4' title="bbox 232 528 1716 605; baseline 0.005 -25"><span class='ocrx_word' id='word_1_7' title='bbox 232 528 336 593; x_wconf 72' lang='grc' dir='ltr'><strong>λζ’.</strong></span> <span class='ocrx_word' id='word_1_8' title='bbox 376 531 501 584; x_wconf 73' lang='grc' dir='ltr'><strong>Ἐὰν</strong></span> <span class='ocrx_word' id='word_1_9' title='bbox 528 531 582 583; x_wconf 79' lang='grc' dir='ltr'>δὲ</span> <span class='ocrx_word' id='word_1_10' title='bbox 610 533 702 584; x_wconf 83' lang='grc' dir='ltr'>καὶ</span> <span class='ocrx_word' id='word_1_11' title='bbox 731 530 836 585; x_wconf 86' lang='grc' dir='ltr'>άπὸ</span> <span class='ocrx_word' id='word_1_12' title='bbox 865 531 1088 586; x_wconf 70' lang='grc' dir='ltr'>δπισθεν</span> <span class='ocrx_word' id='word_1_13' title='bbox 1130 534 1397 604; x_wconf 71' lang='grc' dir='ltr'>ὑφορᾶσαι</span> <span class='ocrx_word' id='word_1_14' title='bbox 1431 537 1616 605; x_wconf 76' lang='grc' dir='ltr'>ξφοδόν</span> <span class='ocrx_word' id='word_1_15' title='bbox 1645 555 1716 588; x_wconf 83' lang='grc' dir='ltr'>τι·</span> 
     </span>
    </p>
   </div>
   <div class='ocr_carea' id='block_1_5' title="bbox 1826 528 3394 610">
    <p class='ocr_par' dir='ltr' id='par_1_5' title="bbox 1896 540 3394 610">
     <span class='ocr_line' id='line_1_5' title="bbox 1896 540 3394 610; baseline 0.001 -18"><span class='ocrx_word' id='word_1_16' title='bbox 1896 541 1981 592; x_wconf 79' lang='grc'><strong>57.</strong></span> <span class='ocrx_word' id='word_1_17' title='bbox 2031 541 2086 594; x_wconf 86' lang='lat' dir='ltr'><strong>Si</strong></span> <span class='ocrx_word' id='word_1_18' title='bbox 2129 559 2157 595; x_wconf 93' lang='lat' dir='ltr'><strong>a</strong></span> <span class='ocrx_word' id='word_1_19' title='bbox 2226 554 2373 610; x_wconf 64' lang='lat' dir='ltr'><strong>tergo</strong></span> <span class='ocrx_word' id='word_1_20' title='bbox 2425 541 2657 608; x_wconf 77' lang='lat' dir='ltr'><strong>:iliquzuu</strong></span> <span class='ocrx_word' id='word_1_21' title='bbox 2737 545 2968 594; x_wconf 49' lang='lat' dir='ltr'><strong>hostium</strong></span> <span class='ocrx_word' id='word_1_22' title='bbox 3033 540 3394 594; x_wconf 77' lang='lat' dir='ltr'><strong>incursionem</strong></span> 
     </span>
    </p>
   </div>
   <div class='ocr_carea' id='block_1_6' title="bbox 165 618 1728 694">
    <p class='ocr_par' dir='ltr' id='par_1_6' title="bbox 165 618 1728 694">
     <span class='ocr_line' id='line_1_6' title="bbox 165 618 1728 694; baseline 0.005 -23"><span class='ocrx_word' id='word_1_23' title='bbox 165 639 290 680; x_wconf 85' lang='grc' dir='ltr'>νων,</span> <span class='ocrx_word' id='word_1_24' title='bbox 310 618 536 688; x_wconf 72' lang='grc' dir='ltr'>ποίησον</span> <span class='ocrx_word' id='word_1_25' title='bbox 560 622 652 673; x_wconf 79' lang='grc' dir='ltr'>καὶ</span> <span class='ocrx_word' id='word_1_26' title='bbox 685 621 809 684; x_wconf 77' lang='grc' dir='ltr'>τοὺς</span> <span class='ocrx_word' id='word_1_27' title='bbox 839 624 1224 689; x_wconf 72' lang='grc' dir='ltr'>νωτοφύλακας</span> <span class='ocrx_word' id='word_1_28' title='bbox 1257 628 1506 694; x_wconf 75' lang='grc' dir='ltr'>ἰσχυροὺς</span> <span class='ocrx_word' id='word_1_29' title='bbox 1531 629 1728 694; x_wconf 78' lang='grc' dir='ltr'>ὁμοίως</span> 
     </span>
    </p>
   </div>
   <div class='ocr_carea' id='block_1_7' title="bbox 162 707 1729 785">
    <p class='ocr_par' dir='ltr' id='par_1_7' title="bbox 162 707 1729 785">
     <span class='ocr_line' id='line_1_7' title="bbox 162 707 1729 785; baseline 0.005 -25"><span class='ocrx_word' id='word_1_30' title='bbox 162 707 269 761; x_wconf 83' lang='grc' dir='ltr'><strong>τῶν</strong></span> <span class='ocrx_word' id='word_1_31' title='bbox 303 707 614 779; x_wconf 82' lang='grc' dir='ltr'>ἔμπροσθεν</span> <span class='ocrx_word' id='word_1_32' title='bbox 657 712 1005 781; x_wconf 72' lang='grc' dir='ltr'><strong>τεταγμένων</strong></span> <span class='ocrx_word' id='word_1_33' title='bbox 1035 714 1091 765; x_wconf 81' lang='grc' dir='ltr'><strong>ἐν</strong></span> <span class='ocrx_word' id='word_1_34' title='bbox 1125 715 1201 783; x_wconf 80' lang='grc' dir='ltr'>τῷ</span> <span class='ocrx_word' id='word_1_35' title='bbox 1241 713 1475 784; x_wconf 81' lang='grc' dir='ltr'>μετώπῳ</span> <span class='ocrx_word' id='word_1_36' title='bbox 1501 717 1598 785; x_wconf 73' lang='grc' dir='ltr'>τῆς</span> <span class='ocrx_word' id='word_1_37' title='bbox 1635 735 1729 768; x_wconf 87' lang='grc' dir='ltr'>πο-</span> 
     </span>
    </p>
   </div>
   <div class='ocr_carea' id='block_1_8' title="bbox 163 800 1730 876">
    <p class='ocr_par' dir='ltr' id='par_1_8' title="bbox 163 800 1730 876">
     <span class='ocr_line' id='line_1_8' title="bbox 163 800 1730 876; baseline 0.007 -25"><span class='ocrx_word' id='word_1_38' title='bbox 163 800 340 867; x_wconf 82' lang='grc' dir='ltr'>ρείας,</span> <span class='ocrx_word' id='word_1_39' title='bbox 382 800 523 854; x_wconf 83' lang='grc' dir='ltr'>ὥστε</span> <span class='ocrx_word' id='word_1_40' title='bbox 567 800 733 871; x_wconf 81' lang='grc' dir='ltr'>μηδὲν</span> <span class='ocrx_word' id='word_1_41' title='bbox 765 804 1042 874; x_wconf 81' lang='grc' dir='ltr'><strong>διαφέρειν</strong></span> <span class='ocrx_word' id='word_1_42' title='bbox 1087 808 1210 870; x_wconf 75' lang='grc' dir='ltr'>τοὺς</span> <span class='ocrx_word' id='word_1_43' title='bbox 1251 807 1426 859; x_wconf 83' lang='grc' dir='ltr'>ὀπίσω</span> <span class='ocrx_word' id='word_1_44' title='bbox 1477 809 1584 860; x_wconf 88' lang='grc' dir='ltr'><strong>τῶν</strong></span> <span class='ocrx_word' id='word_1_45' title='bbox 1634 810 1730 876; x_wconf 78' lang='grc' dir='ltr'><strong>ἔμ-</strong></span> 
     </span>
    </p>
   </div>
   <div class='ocr_carea' id='block_1_9' title="bbox 164 891 1481 964">
    <p class='ocr_par' dir='ltr' id='par_1_9' title="bbox 164 891 1481 964">
     <span class='ocr_line' id='line_1_9' title="bbox 164 891 1481 964; baseline 0.009 -24"><span class='ocrx_word' id='word_1_46' title='bbox 164 891 402 959; x_wconf 85' lang='grc' dir='ltr'>προσθεν</span> <span class='ocrx_word' id='word_1_47' title='bbox 429 891 563 960; x_wconf 79' lang='grc' dir='ltr'>πρὸς</span> <span class='ocrx_word' id='word_1_48' title='bbox 595 893 685 957; x_wconf 84' lang='grc' dir='ltr'>τὰ,</span> <span class='ocrx_word' id='word_1_49' title='bbox 725 892 844 963; x_wconf 80' lang='grc' dir='ltr'>[ὡς]</span> <span class='ocrx_word' id='word_1_50' title='bbox 899 895 1064 960; x_wconf 76' lang='grc' dir='ltr'>εἰκὸς,</span> <span class='ocrx_word' id='word_1_51' title='bbox 1098 897 1481 964; x_wconf 79' lang='grc' dir='ltr'>συμϐαίνοντα.</span> 
     </span>
    </p>
   </div>
   <div class='ocr_carea' id='block_1_10' title="bbox 227 979 1730 1057">
    <p class='ocr_par' dir='ltr' id='par_1_10' title="bbox 227 979 1730 1057">
     <span class='ocr_line' id='line_1_10' title="bbox 227 979 1730 1057; baseline 0.007 -27"><span class='ocrx_word' id='word_1_52' title='bbox 227 979 340 1050; x_wconf 78' lang='grc' dir='ltr'><strong>λη’.</strong></span> <span class='ocrx_word' id='word_1_53' title='bbox 388 982 746 1053; x_wconf 74' lang='grc' dir='ltr'>’Δποστείλῃς</span> <span class='ocrx_word' id='word_1_54' title='bbox 773 983 828 1034; x_wconf 80' lang='grc' dir='ltr'>δὲ</span> <span class='ocrx_word' id='word_1_55' title='bbox 875 985 967 1038; x_wconf 90' lang='grc' dir='ltr'><strong>καί</strong></span> <span class='ocrx_word' id='word_1_56' title='bbox 1003 1001 1153 1048; x_wconf 87' lang='grc' dir='ltr'>τινας</span> <span class='ocrx_word' id='word_1_57' title='bbox 1182 987 1574 1057; x_wconf 83' lang='grc' dir='ltr'>καϐαλλαρίους</span> <span class='ocrx_word' id='word_1_58' title='bbox 1605 991 1730 1052; x_wconf 65' lang='grc' dir='ltr'>τοὺς</span> 
     </span>
    </p>
   </div>
   <div class='ocr_carea' id='block_1_11' title="bbox 164 1070 1729 1146">
    <p class='ocr_par' dir='ltr' id='par_1_11' title="bbox 164 1070 1729 1146">
     <span class='ocr_line' id='line_1_11' title="bbox 164 1070 1729 1146; baseline 0.006 -25"><span class='ocrx_word' id='word_1_59' title='bbox 164 1070 457 1139; x_wconf 76' lang='grc' dir='ltr'>μέλλοντας</span> <span class='ocrx_word' id='word_1_60' title='bbox 485 1072 828 1142; x_wconf 77' lang='grc' dir='ltr'><strong>διερευνῆσαι</strong></span> <span class='ocrx_word' id='word_1_61' title='bbox 853 1073 950 1138; x_wconf 70' lang='grc' dir='ltr'>τὶς</span> <span class='ocrx_word' id='word_1_62' title='bbox 977 1075 1148 1140; x_wconf 81' lang='grc' dir='ltr'>ὁδοὺς,</span> <span class='ocrx_word' id='word_1_63' title='bbox 1194 1078 1290 1130; x_wconf 79' lang='grc' dir='ltr'>καὶ</span> <span class='ocrx_word' id='word_1_64' title='bbox 1334 1079 1570 1146; x_wconf 86' lang='grc' dir='ltr'>μάλιστα</span> <span class='ocrx_word' id='word_1_65' title='bbox 1601 1081 1729 1132; x_wconf 82' lang='grc' dir='ltr'>ὅταν</span> 
     </span>
    </p>
   </div>
   <div class='ocr_carea' id='block_1_12' title="bbox 161 1165 1730 1241">
    <p class='ocr_par' dir='ltr' id='par_1_12' title="bbox 161 1165 1730 1241">
     <span class='ocr_line' id='line_1_12' title="bbox 161 1165 1730 1241; baseline 0.004 -24"><span class='ocrx_word' id='word_1_66' title='bbox 161 1165 386 1229; x_wconf 75' lang='grc' dir='ltr'><strong>ὑλώδεις</strong></span> <span class='ocrx_word' id='word_1_67' title='bbox 432 1168 524 1218; x_wconf 67' lang='grc' dir='ltr'>καὶ</span> <span class='ocrx_word' id='word_1_68' title='bbox 569 1167 1084 1238; x_wconf 79' lang='grc' dir='ltr'>περικεκλεισμένας</span> <span class='ocrx_word' id='word_1_69' title='bbox 1133 1169 1338 1239; x_wconf 81' lang='grc' dir='ltr'><strong>βουνοῖς</strong></span> <span class='ocrx_word' id='word_1_70' title='bbox 1382 1171 1414 1239; x_wconf 82' lang='grc' dir='ltr'>ἦ</span> <span class='ocrx_word' id='word_1_71' title='bbox 1458 1171 1608 1241; x_wconf 79' lang='grc' dir='ltr'>ὄρεσι</span> <span class='ocrx_word' id='word_1_72' title='bbox 1656 1172 1730 1224; x_wconf 91' lang='grc' dir='ltr'>δι-</span> 
     </span>
    </p>
   </div>
   <div class='ocr_carea' id='block_1_13' title="bbox 159 1256 1729 1331">
    <p class='ocr_par' dir='ltr' id='par_1_13' title="bbox 159 1256 1729 1331">
     <span class='ocr_line' id='line_1_13' title="bbox 159 1256 1729 1331; baseline 0.003 -22"><span class='ocrx_word' id='word_1_73' title='bbox 159 1256 372 1320; x_wconf 85' lang='grc' dir='ltr'>οδεύεις</span> <span class='ocrx_word' id='word_1_74' title='bbox 420 1259 673 1328; x_wconf 79' lang='grc' dir='ltr'>ἐρημίας.</span> <span class='ocrx_word' id='word_1_75' title='bbox 725 1259 990 1323; x_wconf 78' lang='grc' dir='ltr'><strong>Πολλάκις</strong></span> <span class='ocrx_word' id='word_1_76' title='bbox 1020 1261 1128 1331; x_wconf 75' lang='grc' dir='ltr'><strong>γάρ</strong></span> <span class='ocrx_word' id='word_1_77' title='bbox 1173 1260 1535 1330; x_wconf 80' lang='grc' dir='ltr'>ἐγκρύμματα</span> <span class='ocrx_word' id='word_1_78' title='bbox 1572 1264 1729 1315; x_wconf 87' lang='grc' dir='ltr'>πολε-</span> 
     </span>
    </p>
   </div>
   <div class='ocr_carea' id='block_1_14' title="bbox 163 1348 1728 1425">
    <p class='ocr_par' dir='ltr' id='par_1_14' title="bbox 163 1348 1728 1425">
     <span class='ocr_line' id='line_1_14' title="bbox 163 1348 1728 1425; baseline 0.005 -25"><span class='ocrx_word' id='word_1_79' title='bbox 163 1348 308 1415; x_wconf 80' lang='grc' dir='ltr'>μίων</span> <span class='ocrx_word' id='word_1_80' title='bbox 339 1350 774 1414; x_wconf 74' lang='grc' dir='ltr'>ἐπικαθέζονται,</span> <span class='ocrx_word' id='word_1_81' title='bbox 809 1351 903 1405; x_wconf 74' lang='grc' dir='ltr'>καὶ</span> <span class='ocrx_word' id='word_1_82' title='bbox 928 1351 1160 1405; x_wconf 83' lang='grc' dir='ltr'>λαθόντα</span> <span class='ocrx_word' id='word_1_83' title='bbox 1187 1352 1323 1419; x_wconf 76' lang='grc' dir='ltr'>τάχα</span> <span class='ocrx_word' id='word_1_84' title='bbox 1363 1352 1430 1405; x_wconf 72' lang='grc' dir='ltr'><strong>τὰ</strong></span> <span class='ocrx_word' id='word_1_85' title='bbox 1456 1353 1551 1406; x_wconf 84' lang='grc' dir='ltr'>ὅλα</span> <span class='ocrx_word' id='word_1_86' title='bbox 1586 1354 1728 1425; x_wconf 79' lang='grc' dir='ltr'>πρά·</span> 
     </span>
    </p>
   </div>
   <div class='ocr_carea' id='block_1_15' title="bbox 162 1439 1165 1510">
    <p class='ocr_par' dir='ltr' id='par_1_15' title="bbox 162 1439 1165 1510">
     <span class='ocr_line' id='line_1_15' title="bbox 162 1439 1165 1510; baseline 0.008 -21"><span class='ocrx_word' id='word_1_87' title='bbox 162 1453 350 1506; x_wconf 80' lang='grc' dir='ltr'>γματα</span> <span class='ocrx_word' id='word_1_88' title='bbox 386 1439 722 1510; x_wconf 91' lang='grc' dir='ltr'>συντρίϐουσι</span> <span class='ocrx_word' id='word_1_89' title='bbox 753 1442 861 1493; x_wconf 88' lang='grc' dir='ltr'><strong>τῶν</strong></span> <span class='ocrx_word' id='word_1_90' title='bbox 887 1443 1165 1497; x_wconf 88' lang='grc' dir='ltr'>ἐναντίων.</span> 
     </span>
    </p>
   </div>
   <div class='ocr_carea' id='block_1_16' title="bbox 229 1514 1732 1606">
    <p class='ocr_par' dir='ltr' id='par_1_16' title="bbox 229 1514 1732 1606">
     <span class='ocr_line' id='line_1_16' title="bbox 229 1514 1732 1606; baseline 0.008 -28"><span class='ocrx_word' id='word_1_91' title='bbox 229 1514 332 1580; x_wconf 84' lang='grc' dir='ltr'>λθ’.</span> <span class='ocrx_word' id='word_1_92' title='bbox 368 1529 479 1599; x_wconf 80' lang='grc' dir='ltr'><strong>Τὴν</strong></span> <span class='ocrx_word' id='word_1_93' title='bbox 501 1531 597 1600; x_wconf 75' lang='grc' dir='ltr'>μὲν</span> <span class='ocrx_word' id='word_1_94' title='bbox 620 1532 727 1600; x_wconf 74' lang='grc' dir='ltr'><strong>γὰρ</strong></span> <span class='ocrx_word' id='word_1_95' title='bbox 758 1533 980 1586; x_wconf 82' lang='grc' dir='ltr'>πεδιάδα</span> <span class='ocrx_word' id='word_1_96' title='bbox 1007 1535 1109 1603; x_wconf 78' lang='grc' dir='ltr'>γῆν</span> <span class='ocrx_word' id='word_1_97' title='bbox 1148 1536 1196 1587; x_wconf 84' lang='grc' dir='ltr'><strong>οί</strong></span> <span class='ocrx_word' id='word_1_98' title='bbox 1225 1535 1439 1590; x_wconf 75' lang='grc' dir='ltr'>πάντων</span> <span class='ocrx_word' id='word_1_99' title='bbox 1466 1538 1732 1606; x_wconf 68' lang='grc' dir='ltr'>ὀφθαλμοὶ</span> 
     </span>
    </p>
   </div>
   <div class='ocr_carea' id='block_1_17' title="bbox 160 1616 1731 1696">
    <p class='ocr_par' dir='ltr' id='par_1_17' title="bbox 160 1616 1731 1696">
     <span class='ocr_line' id='line_1_17' title="bbox 160 1616 1731 1696; baseline 0.008 -29"><span class='ocrx_word' id='word_1_100' title='bbox 160 1616 616 1688; x_wconf 80' lang='grc' dir='ltr'>περιϐλεπόμενοι</span> <span class='ocrx_word' id='word_1_101' title='bbox 674 1621 909 1685; x_wconf 80' lang='grc' dir='ltr'><strong>εὐκόλως</strong></span> <span class='ocrx_word' id='word_1_102' title='bbox 961 1623 1308 1694; x_wconf 77' lang='grc' dir='ltr'>διερευνῶσιο</span> <span class='ocrx_word' id='word_1_103' title='bbox 1368 1628 1460 1679; x_wconf 75' lang='grc' dir='ltr'>καὶ</span> <span class='ocrx_word' id='word_1_104' title='bbox 1525 1628 1632 1696; x_wconf 74' lang='grc' dir='ltr'><strong>γάρ</strong></span> <span class='ocrx_word' id='word_1_105' title='bbox 1675 1629 1731 1679; x_wconf 83' lang='grc' dir='ltr'><strong>ἐν</strong></span> 
     </span>
    </p>
   </div>
   <div class='ocr_carea' id='block_1_18' title="bbox 159 1708 1732 1788">
    <p class='ocr_par' dir='ltr' id='par_1_18' title="bbox 159 1708 1732 1788">
     <span class='ocr_line' id='line_1_18' title="bbox 159 1708 1732 1788; baseline 0.007 -29"><span class='ocrx_word' id='word_1_106' title='bbox 159 1708 352 1778; x_wconf 67' lang='grc' dir='ltr'>ἡμέρα</span> <span class='ocrx_word' id='word_1_107' title='bbox 396 1709 667 1780; x_wconf 72' lang='grc' dir='ltr'>κονιορτὸς</span> <span class='ocrx_word' id='word_1_108' title='bbox 687 1711 1089 1784; x_wconf 76' lang='grc' dir='ltr'>ἀναφερόμενος</span> <span class='ocrx_word' id='word_1_109' title='bbox 1111 1715 1367 1779; x_wconf 77' lang='grc' dir='ltr'><strong>πολλάκις</strong></span> <span class='ocrx_word' id='word_1_110' title='bbox 1414 1716 1604 1786; x_wconf 79' lang='grc' dir='ltr'><strong>μηνύει</strong></span> <span class='ocrx_word' id='word_1_111' title='bbox 1634 1718 1732 1788; x_wconf 82' lang='grc' dir='ltr'>τὴν</span> 
     </span>
    </p>
   </div>
   <div class='ocr_carea' id='block_1_19' title="bbox 161 1799 1733 1878">
    <p class='ocr_par' dir='ltr' id='par_1_19' title="bbox 161 1799 1733 1878">
     <span class='ocr_line' id='line_1_19' title="bbox 161 1799 1733 1878; baseline 0.008 -28"><span class='ocrx_word' id='word_1_112' title='bbox 161 1799 451 1854; x_wconf 70' lang='grc' dir='ltr'>ἐπέλευσιν</span> <span class='ocrx_word' id='word_1_113' title='bbox 474 1800 582 1854; x_wconf 88' lang='grc' dir='ltr'><strong>τῶν</strong></span> <span class='ocrx_word' id='word_1_114' title='bbox 608 1801 908 1871; x_wconf 86' lang='grc' dir='ltr'>πολεμίων,</span> <span class='ocrx_word' id='word_1_115' title='bbox 941 1806 1034 1858; x_wconf 76' lang='grc' dir='ltr'>καὶ</span> <span class='ocrx_word' id='word_1_116' title='bbox 1074 1807 1221 1878; x_wconf 84' lang='grc' dir='ltr'>πυρὰ</span> <span class='ocrx_word' id='word_1_117' title='bbox 1251 1809 1515 1877; x_wconf 81' lang='grc' dir='ltr'>καιόμενα</span> <span class='ocrx_word' id='word_1_118' title='bbox 1543 1811 1733 1874; x_wconf 76' lang='grc' dir='ltr'>νυκτὸς</span> 
     </span>
    </p>
   </div>
   <div class='ocr_carea' id='block_1_20' title="bbox 163 1889 1356 1965">
    <p class='ocr_par' dir='ltr' id='par_1_20' title="bbox 163 1889 1356 1965">
     <span class='ocr_line' id='line_1_20' title="bbox 163 1889 1356 1965; baseline 0.008 -23"><span class='ocrx_word' id='word_1_119' title='bbox 163 1889 458 1960; x_wconf 79' lang='grc' dir='ltr'>ὑπέλαμψε</span> <span class='ocrx_word' id='word_1_120' title='bbox 492 1892 584 1944; x_wconf 77' lang='grc' dir='ltr'>καὶ</span> <span class='ocrx_word' id='word_1_121' title='bbox 614 1892 856 1958; x_wconf 69' lang='grc' dir='ltr'>ὑπέδειξε</span> <span class='ocrx_word' id='word_1_122' title='bbox 887 1895 1011 1960; x_wconf 81' lang='grc' dir='ltr'>τοὺς</span> <span class='ocrx_word' id='word_1_123' title='bbox 1044 1897 1356 1965; x_wconf 87' lang='grc' dir='ltr'>πολεμίους.</span> 
     </span>
    </p>
   </div>
   <div class='ocr_carea' id='block_1_21' title="bbox 234 1984 1735 2064">
    <p class='ocr_par' dir='ltr' id='par_1_21' title="bbox 234 1984 1735 2064">
     <span class='ocr_line' id='line_1_21' title="bbox 234 1984 1735 2064; baseline 0.008 -30"><span class='ocrx_word' id='word_1_124' title='bbox 234 1989 311 2051; x_wconf 86' lang='grc' dir='ltr'><strong>μ’.</strong></span> <span class='ocrx_word' id='word_1_125' title='bbox 353 1984 462 2036; x_wconf 81' lang='grc' dir='ltr'><strong>Καὶ</strong></span> <span class='ocrx_word' id='word_1_126' title='bbox 493 1984 589 2038; x_wconf 76' lang='grc' dir='ltr'><strong>ἐὰν</strong></span> <span class='ocrx_word' id='word_1_127' title='bbox 629 1986 729 2054; x_wconf 73' lang='grc' dir='ltr'>μὲν</span> <span class='ocrx_word' id='word_1_128' title='bbox 763 1987 822 2039; x_wconf 89' lang='grc' dir='ltr'><strong>οὑ</strong></span> <span class='ocrx_word' id='word_1_129' title='bbox 856 1987 1056 2059; x_wconf 71' lang='grc' dir='ltr'>μέλλῃς</span> <span class='ocrx_word' id='word_1_130' title='bbox 1108 1990 1392 2045; x_wconf 85' lang='grc' dir='ltr'>ἐκτάσσειν</span> <span class='ocrx_word' id='word_1_131' title='bbox 1435 1995 1512 2056; x_wconf 86' lang='grc' dir='ltr'><strong>εἰς</strong></span> <span class='ocrx_word' id='word_1_132' title='bbox 1554 1995 1735 2064; x_wconf 80' lang='grc' dir='ltr'><strong>μάχην</strong></span> 
     </span>
    </p>
   </div>
   <div class='ocr_carea' id='block_1_22' title="bbox 159 2071 1731 2153">
    <p class='ocr_par' dir='ltr' id='par_1_22' title="bbox 159 2071 1731 2153">
     <span class='ocr_line' id='line_1_22' title="bbox 159 2071 1731 2153; baseline 0.01 -30"><span class='ocrx_word' id='word_1_133' title='bbox 159 2071 260 2134; x_wconf 74' lang='grc' dir='ltr'><strong>τὰς</strong></span> <span class='ocrx_word' id='word_1_134' title='bbox 289 2071 587 2142; x_wconf 85' lang='grc' dir='ltr'>δυνάμεις,</span> <span class='ocrx_word' id='word_1_135' title='bbox 633 2074 733 2142; x_wconf 81' lang='grc' dir='ltr'><strong>άγε</strong></span> <span class='ocrx_word' id='word_1_136' title='bbox 760 2077 929 2141; x_wconf 72' lang='grc' dir='ltr'>αὑτάς</span> <span class='ocrx_word' id='word_1_137' title='bbox 963 2079 1021 2134; x_wconf 78' lang='grc' dir='ltr'><strong>ἐν</strong></span> <span class='ocrx_word' id='word_1_138' title='bbox 1046 2080 1231 2152; x_wconf 74' lang='grc' dir='ltr'>ἡμέρᾳ</span> <span class='ocrx_word' id='word_1_139' title='bbox 1281 2083 1458 2153; x_wconf 85' lang='grc' dir='ltr'>μόνον.</span> <span class='ocrx_word' id='word_1_140' title='bbox 1508 2086 1635 2136; x_wconf 79' lang='grc' dir='ltr'>Ἐάν</span> <span class='ocrx_word' id='word_1_141' title='bbox 1677 2085 1731 2138; x_wconf 86' lang='grc' dir='ltr'>δὲ</span> 
     </span>
    </p>
   </div>
   <div class='ocr_carea' id='block_1_23' title="bbox 160 2163 1727 2246">
    <p class='ocr_par' dir='ltr' id='par_1_23' title="bbox 160 2163 1727 2246">
     <span class='ocr_line' id='line_1_23' title="bbox 160 2163 1727 2246; baseline 0.011 -34"><span class='ocrx_word' id='word_1_142' title='bbox 160 2163 386 2230; x_wconf 79' lang='grc' dir='ltr'>ἐπίγεσε</span> <span class='ocrx_word' id='word_1_143' title='bbox 413 2164 528 2233; x_wconf 63' lang='grc'><strong>(49)</strong></span> <span class='ocrx_word' id='word_1_144' title='bbox 572 2168 666 2222; x_wconf 72' lang='grc' dir='ltr'>καὶ</span> <span class='ocrx_word' id='word_1_145' title='bbox 699 2168 1007 2241; x_wconf 63' lang='grc' dir='ltr'>σπουδάζεις</span> <span class='ocrx_word' id='word_1_146' title='bbox 1056 2172 1278 2240; x_wconf 78' lang='grc' dir='ltr'>φθάνειν</span> <span class='ocrx_word' id='word_1_147' title='bbox 1305 2177 1727 2246; x_wconf 82' lang='grc' dir='ltr'>συντομώτερον,</span> 
     </span>
    </p>
   </div>
   <div class='ocr_carea' id='block_1_24' title="bbox 161 2252 1732 2333">
    <p class='ocr_par' dir='ltr' id='par_1_24' title="bbox 161 2252 1732 2333">
     <span class='ocr_line' id='line_1_24' title="bbox 161 2252 1732 2333; baseline 0.012 -31"><span class='ocrx_word' id='word_1_148' title='bbox 161 2252 262 2318; x_wconf 80' lang='grc' dir='ltr'>ἂγε</span> <span class='ocrx_word' id='word_1_149' title='bbox 309 2253 481 2318; x_wconf 76' lang='grc' dir='ltr'>αὑτάς</span> <span class='ocrx_word' id='word_1_150' title='bbox 509 2255 604 2308; x_wconf 76' lang='grc' dir='ltr'>καὶ</span> <span class='ocrx_word' id='word_1_151' title='bbox 630 2258 814 2323; x_wconf 80' lang='grc' dir='ltr'>νυκτὶ,</span> <span class='ocrx_word' id='word_1_152' title='bbox 842 2259 937 2314; x_wconf 79' lang='grc' dir='ltr'><strong>ἐὰν</strong></span> <span class='ocrx_word' id='word_1_153' title='bbox 984 2261 1094 2331; x_wconf 81' lang='grc' dir='ltr'>ἄρα</span> <span class='ocrx_word' id='word_1_154' title='bbox 1117 2265 1356 2333; x_wconf 79' lang='grc' dir='ltr'>ἀσφαλὲς</span> <span class='ocrx_word' id='word_1_155' title='bbox 1403 2262 1540 2320; x_wconf 86' lang='grc' dir='ltr'>εἶναι</span> <span class='ocrx_word' id='word_1_156' title='bbox 1577 2268 1732 2321; x_wconf 86' lang='grc' dir='ltr'>τοῦτο</span> 
     </span>
    </p>
   </div>
   <div class='ocr_carea' id='block_1_25' title="bbox 159 2343 416 2416">
    <p class='ocr_par' dir='ltr' id='par_1_25' title="bbox 159 2343 416 2416">
     <span class='ocr_line' id='line_1_25' title="bbox 159 2343 416 2416; baseline -0.019 -4"><span class='ocrx_word' id='word_1_157' title='bbox 159 2343 416 2416; x_wconf 67' lang='grc' dir='ltr'>νομίζεις.</span> 
     </span>
    </p>
   </div>
   <div class='ocr_carea' id='block_1_26' title="bbox 235 2435 1731 2520">
    <p class='ocr_par' dir='ltr' id='par_1_26' title="bbox 235 2435 1731 2520">
     <span class='ocr_line' id='line_1_26' title="bbox 235 2435 1731 2520; baseline 0.012 -33"><span class='ocrx_word' id='word_1_158' title='bbox 235 2435 352 2502; x_wconf 85' lang='grc' dir='ltr'>μα’.</span> <span class='ocrx_word' id='word_1_159' title='bbox 399 2437 511 2490; x_wconf 74' lang='grc' dir='ltr'><strong>Καὶ</strong></span> <span class='ocrx_word' id='word_1_160' title='bbox 557 2440 664 2508; x_wconf 84' lang='grc' dir='ltr'><strong>πρδ</strong></span> <span class='ocrx_word' id='word_1_161' title='bbox 711 2442 812 2510; x_wconf 71' lang='grc' dir='ltr'>μὲν</span> <span class='ocrx_word' id='word_1_162' title='bbox 855 2444 951 2496; x_wconf 78' lang='grc' dir='ltr'><strong>τοῦ</strong></span> <span class='ocrx_word' id='word_1_163' title='bbox 994 2445 1187 2516; x_wconf 83' lang='grc' dir='ltr'>καιροῦ</span> <span class='ocrx_word' id='word_1_164' title='bbox 1236 2449 1336 2516; x_wconf 80' lang='grc' dir='ltr'>τῆς</span> <span class='ocrx_word' id='word_1_165' title='bbox 1371 2451 1547 2520; x_wconf 79' lang='grc' dir='ltr'>μάχης</span> <span class='ocrx_word' id='word_1_166' title='bbox 1595 2453 1731 2520; x_wconf 70' lang='grc' dir='ltr'>μετὰ</span> 
     </span>
    </p>
   </div>
   <div class='ocr_carea' id='block_1_27' title="bbox 159 2525 1731 2609">
    <p class='ocr_par' dir='ltr' id='par_1_27' title="bbox 159 2525 1731 2609">
     <span class='ocr_line' id='line_1_27' title="bbox 159 2525 1731 2609; baseline 0.011 -32"><span class='ocrx_word' id='word_1_167' title='bbox 159 2525 400 2589; x_wconf 67' lang='grc' dir='ltr'>ἀνέσεως</span> <span class='ocrx_word' id='word_1_168' title='bbox 426 2530 517 2581; x_wconf 80' lang='grc' dir='ltr'>καὶ</span> <span class='ocrx_word' id='word_1_169' title='bbox 545 2531 739 2602; x_wconf 82' lang='grc' dir='ltr'>σχολῆς</span> <span class='ocrx_word' id='word_1_170' title='bbox 763 2533 1052 2606; x_wconf 79' lang='grc' dir='ltr'>προέρχου·</span> <span class='ocrx_word' id='word_1_171' title='bbox 1075 2537 1210 2591; x_wconf 74' lang='grc' dir='ltr'>ἐπὰν</span> <span class='ocrx_word' id='word_1_172' title='bbox 1237 2537 1292 2591; x_wconf 79' lang='grc' dir='ltr'>δὲ</span> <span class='ocrx_word' id='word_1_173' title='bbox 1319 2543 1430 2602; x_wconf 85' lang='grc' dir='ltr'>τοῖς</span> <span class='ocrx_word' id='word_1_174' title='bbox 1456 2543 1731 2609; x_wconf 82' lang='grc' dir='ltr'>πολεμίοις</span> 
     </span>
    </p>
   </div>
   <div class='ocr_carea' id='block_1_28' title="bbox 160 2620 1729 2707">
    <p class='ocr_par' dir='ltr' id='par_1_28' title="bbox 160 2620 1729 2707">
     <span class='ocr_line' id='line_1_28' title="bbox 160 2620 1729 2707; baseline 0.013 -37"><span class='ocrx_word' id='word_1_175' title='bbox 160 2620 521 2693; x_wconf 73' lang='grc' dir='ltr'>ἐμφανισθῇς,</span> <span class='ocrx_word' id='word_1_176' title='bbox 558 2625 718 2689; x_wconf 79' lang='grc' dir='ltr'>εὐθὺς</span> <span class='ocrx_word' id='word_1_177' title='bbox 741 2627 1022 2692; x_wconf 74' lang='grc' dir='ltr'>ἐπιϐαλοῦ,</span> <span class='ocrx_word' id='word_1_178' title='bbox 1058 2633 1235 2694; x_wconf 88' lang='grc' dir='ltr'>καλῶς</span> <span class='ocrx_word' id='word_1_179' title='bbox 1265 2637 1600 2702; x_wconf 77' lang='grc' dir='ltr'>προεκτάξας</span> <span class='ocrx_word' id='word_1_180' title='bbox 1632 2642 1729 2707; x_wconf 75' lang='grc' dir='ltr'>τὴν</span> 
     </span>
    </p>
   </div>
   <div class='ocr_carea' id='block_1_29' title="bbox 157 2712 1728 2793">
    <p class='ocr_par' dir='ltr' id='par_1_29' title="bbox 157 2712 1728 2793">
     <span class='ocr_line' id='line_1_29' title="bbox 157 2712 1728 2793; baseline 0.012 -30"><span class='ocrx_word' id='word_1_181' title='bbox 157 2712 409 2782; x_wconf 82' lang='grc' dir='ltr'>δύναμιν.</span> <span class='ocrx_word' id='word_1_182' title='bbox 437 2715 704 2780; x_wconf 84' lang='grc' dir='ltr'>Πολλάκις</span> <span class='ocrx_word' id='word_1_183' title='bbox 731 2720 840 2790; x_wconf 78' lang='grc' dir='ltr'><strong>γάρ</strong></span> <span class='ocrx_word' id='word_1_184' title='bbox 873 2725 981 2792; x_wconf 79' lang='grc' dir='ltr'>πρὸ</span> <span class='ocrx_word' id='word_1_185' title='bbox 1007 2724 1099 2774; x_wconf 73' lang='grc' dir='ltr'>τοῦ</span> <span class='ocrx_word' id='word_1_186' title='bbox 1136 2724 1465 2793; x_wconf 77' lang='grc' dir='ltr'>συμϐάλλειν</span> <span class='ocrx_word' id='word_1_187' title='bbox 1501 2729 1589 2780; x_wconf 81' lang='grc' dir='ltr'>τὸν</span> <span class='ocrx_word' id='word_1_188' title='bbox 1635 2735 1728 2782; x_wconf 73' lang='grc' dir='ltr'>πό-</span> 
     </span>
    </p>
   </div>
   <div class='ocr_carea' id='block_1_30' title="bbox 157 2800 1729 2882">
    <p class='ocr_par' dir='ltr' id='par_1_30' title="bbox 157 2800 1729 2882">
     <span class='ocr_line' id='line_1_30' title="bbox 157 2800 1729 2882; baseline 0.011 -29"><span class='ocrx_word' id='word_1_189' title='bbox 157 2800 322 2870; x_wconf 85' lang='grc' dir='ltr'>λεμον</span> <span class='ocrx_word' id='word_1_190' title='bbox 364 2803 394 2857; x_wconf 86' lang='grc' dir='ltr'><strong>δ</strong></span> <span class='ocrx_word' id='word_1_191' title='bbox 441 2805 566 2877; x_wconf 73' lang='grc' dir='ltr'>περὶ</span> <span class='ocrx_word' id='word_1_192' title='bbox 611 2807 818 2862; x_wconf 85' lang='grc' dir='ltr'>τούτων</span> <span class='ocrx_word' id='word_1_193' title='bbox 865 2813 1066 2873; x_wconf 81' lang='grc' dir='ltr'>σκοπὸς</span> <span class='ocrx_word' id='word_1_194' title='bbox 1116 2813 1197 2876; x_wconf 83' lang='grc' dir='ltr'><strong>είς</strong></span> <span class='ocrx_word' id='word_1_195' title='bbox 1226 2813 1423 2868; x_wconf 76' lang='grc' dir='ltr'>δειλίαν</span> <span class='ocrx_word' id='word_1_196' title='bbox 1471 2818 1592 2882; x_wconf 82' lang='grc' dir='ltr'>ἄγει</span> <span class='ocrx_word' id='word_1_197' title='bbox 1636 2821 1729 2871; x_wconf 77' lang='grc' dir='ltr'>καὶ</span> 
     </span>
    </p>
   </div>
   <div class='ocr_carea' id='block_1_31' title="bbox 156 2895 1728 2978">
    <p class='ocr_par' dir='ltr' id='par_1_31' title="bbox 156 2895 1728 2978">
     <span class='ocr_line' id='line_1_31' title="bbox 156 2895 1728 2978; baseline 0.011 -34"><span class='ocrx_word' id='word_1_198' title='bbox 156 2895 284 2956; x_wconf 75' lang='grc' dir='ltr'>τοὺς</span> <span class='ocrx_word' id='word_1_199' title='bbox 315 2895 613 2966; x_wconf 87' lang='grc' dir='ltr'>ἀνδρείους,</span> <span class='ocrx_word' id='word_1_200' title='bbox 652 2902 747 2953; x_wconf 75' lang='grc' dir='ltr'>καὶ</span> <span class='ocrx_word' id='word_1_201' title='bbox 773 2899 990 2972; x_wconf 81' lang='grc' dir='ltr'>δαπανᾷ</span> <span class='ocrx_word' id='word_1_202' title='bbox 1016 2906 1082 2973; x_wconf 77' lang='grc' dir='ltr'><strong>τῇ</strong></span> <span class='ocrx_word' id='word_1_203' title='bbox 1111 2905 1349 2975; x_wconf 79' lang='grc' dir='ltr'>μερίμνῃ</span> <span class='ocrx_word' id='word_1_204' title='bbox 1377 2908 1474 2976; x_wconf 75' lang='grc' dir='ltr'>τὴν</span> <span class='ocrx_word' id='word_1_205' title='bbox 1499 2908 1728 2978; x_wconf 74' lang='grc' dir='ltr'>δύναμιν</span> 
     </span>
    </p>
   </div>
   <div class='ocr_carea' id='block_1_32' title="bbox 156 2985 587 3054">
    <p class='ocr_par' dir='ltr' id='par_1_32' title="bbox 156 2985 587 3054">
     <span class='ocr_line' id='line_1_32' title="bbox 156 2985 587 3054; baseline 0.014 -18"><span class='ocrx_word' id='word_1_206' title='bbox 156 2985 267 3038; x_wconf 85' lang='grc' dir='ltr'><strong>τῶν</strong></span> <span class='ocrx_word' id='word_1_207' title='bbox 294 2989 587 3054; x_wconf 85' lang='grc' dir='ltr'>σωμάτων.</span> 
     </span>
    </p>
   </div>
   <div class='ocr_carea' id='block_1_33' title="bbox 228 3075 1725 3154">
    <p class='ocr_par' dir='ltr' id='par_1_33' title="bbox 228 3075 1725 3154">
     <span class='ocr_line' id='line_1_33' title="bbox 228 3075 1725 3154; baseline 0.013 -27"><span class='ocrx_word' id='word_1_208' title='bbox 228 3075 342 3144; x_wconf 86' lang='grc' dir='ltr'><strong>μβ’.</strong></span> <span class='ocrx_word' id='word_1_209' title='bbox 389 3077 528 3141; x_wconf 77' lang='grc' dir='ltr'>Τοὺς</span> <span class='ocrx_word' id='word_1_210' title='bbox 571 3079 628 3132; x_wconf 77' lang='grc' dir='ltr'>δὲ</span> <span class='ocrx_word' id='word_1_211' title='bbox 675 3081 897 3145; x_wconf 71' lang='grc' dir='ltr'>στενοὺς</span> <span class='ocrx_word' id='word_1_212' title='bbox 922 3084 1016 3136; x_wconf 82' lang='grc' dir='ltr'>καὶ</span> <span class='ocrx_word' id='word_1_213' title='bbox 1044 3085 1341 3150; x_wconf 87' lang='grc' dir='ltr'>δυσϐάτους</span> <span class='ocrx_word' id='word_1_214' title='bbox 1388 3091 1584 3154; x_wconf 79' lang='grc' dir='ltr'>τόπους</span> <span class='ocrx_word' id='word_1_215' title='bbox 1631 3094 1725 3146; x_wconf 75' lang='grc' dir='ltr'>ἐπὶ</span> 
     </span>
    </p>
   </div>
   <div class='ocr_carea' id='block_1_34' title="bbox 1833 628 3398 696">
    <p class='ocr_par' dir='ltr' id='par_1_34' title="bbox 1833 628 3398 696">
     <span class='ocr_line' id='line_1_34' title="bbox 1833 628 3398 696; baseline 0.001 -19"><span class='ocrx_word' id='word_1_216' title='bbox 1833 628 1913 680; x_wconf 86' lang='lat' dir='ltr'><strong>vel</strong></span> <span class='ocrx_word' id='word_1_217' title='bbox 1943 629 2148 688; x_wconf 79' lang='lat' dir='ltr'><strong>videas.</strong></span> <span class='ocrx_word' id='word_1_218' title='bbox 2173 632 2252 681; x_wconf 87' lang='lat' dir='ltr'><strong>vel</strong></span> <span class='ocrx_word' id='word_1_219' title='bbox 2293 640 2522 686; x_wconf 82' lang='lat' dir='ltr'><strong>metuas.</strong></span> <span class='ocrx_word' id='word_1_220' title='bbox 2561 643 2656 679; x_wconf 72' lang='lat' dir='ltr'><strong>eos</strong></span> <span class='ocrx_word' id='word_1_221' title='bbox 2684 628 2777 694; x_wconf 85' lang='lat' dir='ltr'><strong>qui</strong></span> <span class='ocrx_word' id='word_1_222' title='bbox 2813 644 2840 678; x_wconf 75' lang='grc' dir='ltr'>ει</span> <span class='ocrx_word' id='word_1_223' title='bbox 2877 638 3027 696; x_wconf 81' lang='lat' dir='ltr'><strong>tergo</strong></span> <span class='ocrx_word' id='word_1_224' title='bbox 3060 633 3189 679; x_wconf 87' lang='lat' dir='ltr'><strong>sunt</strong></span> <span class='ocrx_word' id='word_1_225' title='bbox 3245 640 3398 691; x_wconf 67' lang='lat' dir='ltr'><strong>neque</strong></span> 
     </span>
    </p>
   </div>
   <div class='ocr_carea' id='block_1_35' title="bbox 1833 715 3401 788">
    <p class='ocr_par' dir='ltr' id='par_1_35' title="bbox 1833 715 3401 788">
     <span class='ocr_line' id='line_1_35' title="bbox 1833 715 3401 788; baseline -0.002 -17"><span class='ocrx_word' id='word_1_226' title='bbox 1833 719 2016 772; x_wconf 90' lang='lat' dir='ltr'><strong>lirmos</strong></span> <span class='ocrx_word' id='word_1_227' title='bbox 2066 729 2118 771; x_wconf 89' lang='lat' dir='ltr'><strong>et</strong></span> <span class='ocrx_word' id='word_1_228' title='bbox 2147 730 2363 788; x_wconf 85' lang='lat' dir='ltr'><strong>paratos</strong></span> <span class='ocrx_word' id='word_1_229' title='bbox 2395 719 2574 782; x_wconf 74' lang='lat' dir='ltr'><strong>facito,</strong></span> <span class='ocrx_word' id='word_1_230' title='bbox 2612 730 2776 786; x_wconf 86' lang='lat' dir='ltr'><strong>atque</strong></span> <span class='ocrx_word' id='word_1_231' title='bbox 2813 732 2930 777; x_wconf 89' lang='lat' dir='ltr'><strong>eus,</strong></span> <span class='ocrx_word' id='word_1_232' title='bbox 2985 718 3076 779; x_wconf 84' lang='lat' dir='ltr'><strong>qui</strong></span> <span class='ocrx_word' id='word_1_233' title='bbox 3109 718 3161 768; x_wconf 90' lang='lat' dir='ltr'><strong>in</strong></span> <span class='ocrx_word' id='word_1_234' title='bbox 3221 715 3401 768; x_wconf 79' lang='lat' dir='ltr'><strong>fronte</strong></span> 
     </span>
    </p>
   </div>
   <div class='ocr_carea' id='block_1_36' title="bbox 1831 805 3400 878">
    <p class='ocr_par' dir='ltr' id='par_1_36' title="bbox 1831 805 3400 878">
     <span class='ocr_line' id='line_1_36' title="bbox 1831 805 3400 878; baseline -0.002 -18"><span class='ocrx_word' id='word_1_235' title='bbox 1831 809 2076 862; x_wconf 86' lang='lat' dir='ltr'><strong>collocati</strong></span> <span class='ocrx_word' id='word_1_236' title='bbox 2118 809 2581 878; x_wconf 80' lang='lat' dir='ltr'><strong>antegrediuutur,</strong></span> <span class='ocrx_word' id='word_1_237' title='bbox 2615 818 2776 874; x_wconf 89' lang='lat' dir='ltr'><strong>atque</strong></span> <span class='ocrx_word' id='word_1_238' title='bbox 2813 805 2878 858; x_wconf 93' lang='lat' dir='ltr'><strong>ad</strong></span> <span class='ocrx_word' id='word_1_239' title='bbox 2913 820 3001 860; x_wconf 88' lang='lat' dir='ltr'><strong>ea.</strong></span> <span class='ocrx_word' id='word_1_240' title='bbox 3036 821 3158 871; x_wconf 80' lang='lat' dir='ltr'><strong>quae</strong></span> <span class='ocrx_word' id='word_1_241' title='bbox 3199 819 3400 857; x_wconf 77' lang='lat' dir='ltr'><strong>usuve-</strong></span> 
     </span>
    </p>
   </div>
   <div class='ocr_carea' id='block_1_37' title="bbox 1833 897 2742 966">
    <p class='ocr_par' dir='ltr' id='par_1_37' title="bbox 1833 897 2742 966">
     <span class='ocr_line' id='line_1_37' title="bbox 1833 897 2742 966; baseline 0 -17"><span class='ocrx_word' id='word_1_242' title='bbox 1833 897 1948 950; x_wconf 92' lang='lat' dir='ltr'><strong>nire</strong></span> <span class='ocrx_word' id='word_1_243' title='bbox 1979 907 2226 965; x_wconf 88' lang='lat' dir='ltr'><strong>possunt,</strong></span> <span class='ocrx_word' id='word_1_244' title='bbox 2254 912 2404 966; x_wconf 72' lang='lat' dir='ltr'><strong>mque</strong></span> <span class='ocrx_word' id='word_1_245' title='bbox 2431 899 2742 949; x_wconf 79' lang='lat' dir='ltr'><strong>instructos.</strong></span> 
     </span>
    </p>
   </div>
   <div class='ocr_carea' id='block_1_38' title="bbox 1902 981 3393 1052">
    <p class='ocr_par' dir='ltr' id='par_1_38' title="bbox 1902 981 3393 1052">
     <span class='ocr_line' id='line_1_38' title="bbox 1902 981 3393 1052; baseline -0.003 -13"><span class='ocrx_word' id='word_1_246' title='bbox 1902 987 1990 1039; x_wconf 80' lang='lat'><strong>38.</strong></span> <span class='ocrx_word' id='word_1_247' title='bbox 2021 986 2321 1039; x_wconf 67' lang='lat' dir='ltr'><strong>Praemittes</strong></span> <span class='ocrx_word' id='word_1_248' title='bbox 2351 989 2515 1039; x_wconf 89' lang='lat' dir='ltr'><strong>etiam</strong></span> <span class='ocrx_word' id='word_1_249' title='bbox 2541 985 2606 1038; x_wconf 81' lang='lat' dir='ltr'><strong>ad</strong></span> <span class='ocrx_word' id='word_1_250' title='bbox 2653 986 2769 1039; x_wconf 90' lang='lat' dir='ltr'><strong>loca</strong></span> <span class='ocrx_word' id='word_1_251' title='bbox 2794 982 3127 1052; x_wconf 74' lang='lat' dir='ltr'><strong>exploranda</strong></span> <span class='ocrx_word' id='word_1_252' title='bbox 3179 981 3393 1048; x_wconf 90' lang='lat' dir='ltr'><strong>equites</strong></span> 
     </span>
    </p>
   </div>
   <div class='ocr_carea' id='block_1_39' title="bbox 1833 1070 3397 1146">
    <p class='ocr_par' dir='ltr' id='par_1_39' title="bbox 1833 1070 3397 1146">
     <span class='ocr_line' id='line_1_39' title="bbox 1833 1070 3397 1146; baseline -0.004 -17"><span class='ocrx_word' id='word_1_253' title='bbox 1833 1077 2121 1145; x_wconf 87' lang='lat' dir='ltr'><strong>quosdam,</strong></span> <span class='ocrx_word' id='word_1_254' title='bbox 2165 1079 2458 1146; x_wconf 61' lang='lat' dir='ltr'><strong>pratsortim</strong></span> <span class='ocrx_word' id='word_1_255' title='bbox 2500 1078 2544 1130; x_wconf 92' lang='lat' dir='ltr'><strong>si</strong></span> <span class='ocrx_word' id='word_1_256' title='bbox 2570 1076 2768 1132; x_wconf 88' lang='lat' dir='ltr'><strong>silvosa</strong></span> <span class='ocrx_word' id='word_1_257' title='bbox 2813 1077 2943 1137; x_wconf 90' lang='lat' dir='ltr'><strong>sint,</strong></span> <span class='ocrx_word' id='word_1_258' title='bbox 3013 1082 3104 1126; x_wconf 88' lang='lat' dir='ltr'><strong>aut</strong></span> <span class='ocrx_word' id='word_1_259' title='bbox 3144 1070 3397 1131; x_wconf 88' lang='lat' dir='ltr'><strong>collibus,</strong></span> 
     </span>
    </p>
   </div>
   <div class='ocr_carea' id='block_1_40' title="bbox 1831 1165 3398 1238">
    <p class='ocr_par' dir='ltr' id='par_1_40' title="bbox 1831 1165 3398 1238">
     <span class='ocr_line' id='line_1_40' title="bbox 1831 1165 3398 1238; baseline -0.005 -16"><span class='ocrx_word' id='word_1_260' title='bbox 1831 1179 1928 1222; x_wconf 88' lang='lat' dir='ltr'><strong>aut</strong></span> <span class='ocrx_word' id='word_1_261' title='bbox 1972 1169 2247 1223; x_wconf 76' lang='lat' dir='ltr'><strong>montibus</strong></span> <span class='ocrx_word' id='word_1_262' title='bbox 2293 1169 2520 1234; x_wconf 90' lang='lat' dir='ltr'><strong>inclusa,</strong></span> <span class='ocrx_word' id='word_1_263' title='bbox 2551 1184 2646 1238; x_wconf 90' lang='lat' dir='ltr'><strong>per</strong></span> <span class='ocrx_word' id='word_1_264' title='bbox 2679 1183 2804 1238; x_wconf 75' lang='lat' dir='ltr'><strong>qua:</strong></span> <span class='ocrx_word' id='word_1_265' title='bbox 2866 1165 3258 1220; x_wconf 87' lang='lat' dir='ltr'><strong>transeundum</strong></span> <span class='ocrx_word' id='word_1_266' title='bbox 3295 1171 3398 1216; x_wconf 87' lang='lat' dir='ltr'><strong>est.</strong></span> 
     </span>
    </p>
   </div>
   <div class='ocr_carea' id='block_1_41' title="bbox 1835 1257 3396 1327">
    <p class='ocr_par' dir='ltr' id='par_1_41' title="bbox 1835 1257 3396 1327">
     <span class='ocr_line' id='line_1_41' title="bbox 1835 1257 3396 1327; baseline -0.005 -14"><span class='ocrx_word' id='word_1_267' title='bbox 1835 1259 1987 1327; x_wconf 63' lang='lat' dir='ltr'><strong>Smpe</strong></span> <span class='ocrx_word' id='word_1_268' title='bbox 2022 1259 2165 1311; x_wconf 90' lang='lat' dir='ltr'><strong>enim</strong></span> <span class='ocrx_word' id='word_1_269' title='bbox 2217 1258 2451 1312; x_wconf 87' lang='lat' dir='ltr'><strong>hostium</strong></span> <span class='ocrx_word' id='word_1_270' title='bbox 2482 1259 2711 1313; x_wconf 89' lang='lat' dir='ltr'><strong>latentes</strong></span> <span class='ocrx_word' id='word_1_271' title='bbox 2764 1257 2973 1312; x_wconf 66' lang='lat' dir='ltr'><strong>insidiae</strong></span> <span class='ocrx_word' id='word_1_272' title='bbox 3011 1269 3279 1309; x_wconf 71' lang='lat' dir='ltr'><strong>summam</strong></span> <span class='ocrx_word' id='word_1_273' title='bbox 3308 1268 3396 1306; x_wconf 92' lang='lat' dir='ltr'><strong>re-</strong></span> 
     </span>
    </p>
   </div>
   <div class='ocr_carea' id='block_1_42' title="bbox 1835 1348 2700 1419">
    <p class='ocr_par' dir='ltr' id='par_1_42' title="bbox 1835 1348 2700 1419">
     <span class='ocr_line' id='line_1_42' title="bbox 1835 1348 2700 1419; baseline 0.001 -15"><span class='ocrx_word' id='word_1_274' title='bbox 1835 1366 1952 1404; x_wconf 90' lang='lat' dir='ltr'><strong>rum</strong></span> <span class='ocrx_word' id='word_1_275' title='bbox 1986 1348 2308 1404; x_wconf 83' lang='lat' dir='ltr'><strong>labefactant</strong></span> <span class='ocrx_word' id='word_1_276' title='bbox 2335 1359 2388 1405; x_wconf 93' lang='lat' dir='ltr'><strong>et</strong></span> <span class='ocrx_word' id='word_1_277' title='bbox 2420 1349 2700 1419; x_wconf 88' lang='lat' dir='ltr'><strong>dejiciunt.</strong></span> 
     </span>
    </p>
   </div>
   <div class='ocr_carea' id='block_1_43' title="bbox 1904 1529 3402 1598">
    <p class='ocr_par' dir='ltr' id='par_1_43' title="bbox 1904 1529 3402 1598">
     <span class='ocr_line' id='line_1_43' title="bbox 1904 1529 3402 1598; baseline -0.003 -12"><span class='ocrx_word' id='word_1_278' title='bbox 1904 1532 1991 1586; x_wconf 83' lang='lat'><strong>59.</strong></span> <span class='ocrx_word' id='word_1_279' title='bbox 2055 1529 2188 1583; x_wconf 84' lang='lat' dir='ltr'><strong>Nam</strong></span> <span class='ocrx_word' id='word_1_280' title='bbox 2239 1529 2640 1598; x_wconf 77' lang='lat' dir='ltr'><strong>campestribus</strong></span> <span class='ocrx_word' id='word_1_281' title='bbox 2703 1543 2756 1584; x_wconf 88' lang='lat' dir='ltr'><strong>et</strong></span> <span class='ocrx_word' id='word_1_282' title='bbox 2811 1531 2985 1598; x_wconf 86' lang='lat' dir='ltr'><strong>planis</strong></span> <span class='ocrx_word' id='word_1_283' title='bbox 3031 1530 3183 1591; x_wconf 85' lang='lat' dir='ltr'><strong>locis,</strong></span> <span class='ocrx_word' id='word_1_284' title='bbox 3228 1529 3402 1583; x_wconf 85' lang='lat' dir='ltr'><strong>oculis</strong></span> 
     </span>
    </p>
   </div>
   <div class='ocr_carea' id='block_1_44' title="bbox 1834 1620 3400 1690">
    <p class='ocr_par' dir='ltr' id='par_1_44' title="bbox 1834 1620 3400 1690">
     <span class='ocr_line' id='line_1_44' title="bbox 1834 1620 3400 1690; baseline -0.003 -14"><span class='ocrx_word' id='word_1_285' title='bbox 1834 1623 2016 1676; x_wconf 87' lang='lat' dir='ltr'><strong>omnia</strong></span> <span class='ocrx_word' id='word_1_286' title='bbox 2051 1621 2283 1675; x_wconf 87' lang='lat' dir='ltr'><strong>lustrare</strong></span> <span class='ocrx_word' id='word_1_287' title='bbox 2305 1629 2554 1689; x_wconf 90' lang='lat' dir='ltr'><strong>possunt.</strong></span> <span class='ocrx_word' id='word_1_288' title='bbox 2587 1621 2652 1674; x_wconf 86' lang='lat' dir='ltr'><strong>Et</strong></span> <span class='ocrx_word' id='word_1_289' title='bbox 2691 1621 2870 1690; x_wconf 83' lang='lat' dir='ltr'><strong>pulvis</strong></span> <span class='ocrx_word' id='word_1_290' title='bbox 2896 1636 3121 1689; x_wconf 88' lang='lat' dir='ltr'><strong>magnus</strong></span> <span class='ocrx_word' id='word_1_291' title='bbox 3168 1620 3400 1673; x_wconf 81' lang='lat' dir='ltr'><strong>interdiu</strong></span> 
     </span>
    </p>
   </div>
   <div class='ocr_carea' id='block_1_45' title="bbox 1835 1713 3398 1784">
    <p class='ocr_par' dir='ltr' id='par_1_45' title="bbox 1835 1713 3398 1784">
     <span class='ocr_line' id='line_1_45' title="bbox 1835 1713 3398 1784; baseline -0.001 -15"><span class='ocrx_word' id='word_1_292' title='bbox 1835 1716 2125 1777; x_wconf 75' lang='lat' dir='ltr'><strong>excitatus,</strong></span> <span class='ocrx_word' id='word_1_293' title='bbox 2162 1723 2254 1768; x_wconf 90' lang='lat' dir='ltr'><strong>aut</strong></span> <span class='ocrx_word' id='word_1_294' title='bbox 2296 1714 2444 1784; x_wconf 91' lang='lat' dir='ltr'><strong>ignes</strong></span> <span class='ocrx_word' id='word_1_295' title='bbox 2496 1725 2549 1769; x_wconf 91' lang='lat' dir='ltr'><strong>ct</strong></span> <span class='ocrx_word' id='word_1_296' title='bbox 2596 1713 2742 1768; x_wconf 79' lang='lat' dir='ltr'><strong>faces</strong></span> <span class='ocrx_word' id='word_1_297' title='bbox 2794 1723 2955 1771; x_wconf 88' lang='lat' dir='ltr'><strong>noctu</strong></span> <span class='ocrx_word' id='word_1_298' title='bbox 2996 1728 3257 1778; x_wconf 65' lang='lat' dir='ltr'><strong>accensaa,</strong></span> <span class='ocrx_word' id='word_1_299' title='bbox 3305 1713 3398 1768; x_wconf 86' lang='lat' dir='ltr'><strong>ho-</strong></span> 
     </span>
    </p>
   </div>
   <div class='ocr_carea' id='block_1_46' title="bbox 1841 1803 2793 1875">
    <p class='ocr_par' dir='ltr' id='par_1_46' title="bbox 1841 1803 2793 1875">
     <span class='ocr_line' id='line_1_46' title="bbox 1841 1803 2793 1875; baseline -0.003 -14"><span class='ocrx_word' id='word_1_300' title='bbox 1841 1806 2004 1861; x_wconf 90' lang='lat' dir='ltr'><strong>stium</strong></span> <span class='ocrx_word' id='word_1_301' title='bbox 2040 1820 2181 1875; x_wconf 62' lang='lat' dir='ltr'><strong>saepe</strong></span> <span class='ocrx_word' id='word_1_302' title='bbox 2209 1803 2503 1859; x_wconf 84' lang='lat' dir='ltr'><strong>adventum</strong></span> <span class='ocrx_word' id='word_1_303' title='bbox 2539 1804 2793 1874; x_wconf 90' lang='lat' dir='ltr'><strong>produnt.</strong></span> 
     </span>
    </p>
   </div>
   <div class='ocr_carea' id='block_1_47' title="bbox 1907 1980 3400 2054">
    <p class='ocr_par' dir='ltr' id='par_1_47' title="bbox 1907 1980 3400 2054">
     <span class='ocr_line' id='line_1_47' title="bbox 1907 1980 3400 2054; baseline -0.002 -16"><span class='ocrx_word' id='word_1_304' title='bbox 1907 1987 1995 2038; x_wconf 73' lang='lat' dir='ltr'><strong>Ml.</strong></span> <span class='ocrx_word' id='word_1_305' title='bbox 2031 1985 2086 2039; x_wconf 90' lang='lat' dir='ltr'><strong>Si</strong></span> <span class='ocrx_word' id='word_1_306' title='bbox 2117 1986 2183 2039; x_wconf 91' lang='lat' dir='ltr'><strong>ad</strong></span> <span class='ocrx_word' id='word_1_307' title='bbox 2212 2000 2444 2054; x_wconf 82' lang='lat' dir='ltr'><strong>pugnam</strong></span> <span class='ocrx_word' id='word_1_308' title='bbox 2497 1987 2695 2040; x_wconf 83' lang='lat' dir='ltr'><strong>milites</strong></span> <span class='ocrx_word' id='word_1_309' title='bbox 2717 1996 2841 2038; x_wconf 87' lang='lat' dir='ltr'><strong>tuos</strong></span> <span class='ocrx_word' id='word_1_310' title='bbox 2877 1982 3178 2053; x_wconf 90' lang='lat' dir='ltr'><strong>producere</strong></span> <span class='ocrx_word' id='word_1_311' title='bbox 3213 1980 3400 2035; x_wconf 77' lang='lat' dir='ltr'><strong>volue-</strong></span> 
     </span>
    </p>
   </div>
   <div class='ocr_carea' id='block_1_48' title="bbox 1834 2073 3400 2138">
    <p class='ocr_par' dir='ltr' id='par_1_48' title="bbox 1834 2073 3400 2138">
     <span class='ocr_line' id='line_1_48' title="bbox 1834 2073 3400 2138; baseline -0.004 -7"><span class='ocrx_word' id='word_1_312' title='bbox 1834 2079 1929 2138; x_wconf 89' lang='lat' dir='ltr'><strong>ris.</strong></span> <span class='ocrx_word' id='word_1_313' title='bbox 1953 2077 2058 2131; x_wconf 93' lang='lat' dir='ltr'><strong>duc</strong></span> <span class='ocrx_word' id='word_1_314' title='bbox 2092 2091 2185 2130; x_wconf 91' lang='lat' dir='ltr'><strong>eos</strong></span> <span class='ocrx_word' id='word_1_315' title='bbox 2214 2076 2446 2130; x_wconf 83' lang='lat' dir='ltr'><strong>interdiu</strong></span> <span class='ocrx_word' id='word_1_316' title='bbox 2503 2077 2723 2138; x_wconf 79' lang='lat' dir='ltr'><strong>solum;</strong></span> <span class='ocrx_word' id='word_1_317' title='bbox 2765 2076 2848 2129; x_wconf 89' lang='lat' dir='ltr'><strong>sin</strong></span> <span class='ocrx_word' id='word_1_318' title='bbox 2888 2073 3134 2129; x_wconf 82' lang='lat' dir='ltr'><strong>celeriter</strong></span> <span class='ocrx_word' id='word_1_319' title='bbox 3174 2081 3400 2125; x_wconf 84' lang='lat' dir='ltr'><strong>conten-</strong></span> 
     </span>
    </p>
   </div>
   <div class='ocr_carea' id='block_1_49' title="bbox 1833 2159 3399 2233">
    <p class='ocr_par' dir='ltr' id='par_1_49' title="bbox 1833 2159 3399 2233">
     <span class='ocr_line' id='line_1_49' title="bbox 1833 2159 3399 2233; baseline -0.004 -15"><span class='ocrx_word' id='word_1_320' title='bbox 1833 2166 1960 2218; x_wconf 89' lang='lat' dir='ltr'><strong>dere</strong></span> <span class='ocrx_word' id='word_1_321' title='bbox 2006 2172 2060 2218; x_wconf 93' lang='lat' dir='ltr'><strong>et</strong></span> <span class='ocrx_word' id='word_1_322' title='bbox 2089 2163 2323 2218; x_wconf 84' lang='lat' dir='ltr'><strong>hostium</strong></span> <span class='ocrx_word' id='word_1_323' title='bbox 2343 2165 2800 2233; x_wconf 72' lang='lat' dir='ltr'><strong>exspectationem</strong></span> <span class='ocrx_word' id='word_1_324' title='bbox 2830 2171 3167 2216; x_wconf 86' lang='lat' dir='ltr'><strong>autevertere</strong></span> <span class='ocrx_word' id='word_1_325' title='bbox 3190 2159 3399 2228; x_wconf 86' lang='lat' dir='ltr'><strong>cupias,</strong></span> 
     </span>
    </p>
   </div>
   <div class='ocr_carea' id='block_1_50' title="bbox 1836 2256 3402 2326">
    <p class='ocr_par' dir='ltr' id='par_1_50' title="bbox 1836 2256 3402 2326">
     <span class='ocr_line' id='line_1_50' title="bbox 1836 2256 3402 2326; baseline -0.002 -16"><span class='ocrx_word' id='word_1_326' title='bbox 1836 2266 2002 2310; x_wconf 91' lang='lat' dir='ltr'><strong>noctu</strong></span> <span class='ocrx_word' id='word_1_327' title='bbox 2059 2272 2275 2326; x_wconf 82' lang='lat' dir='ltr'><strong>quoque</strong></span> <span class='ocrx_word' id='word_1_328' title='bbox 2326 2273 2419 2310; x_wconf 89' lang='lat' dir='ltr'><strong>eos</strong></span> <span class='ocrx_word' id='word_1_329' title='bbox 2464 2257 2656 2320; x_wconf 88' lang='lat' dir='ltr'><strong>ducas,</strong></span> <span class='ocrx_word' id='word_1_330' title='bbox 2705 2257 2750 2310; x_wconf 91' lang='lat' dir='ltr'><strong>si</strong></span> <span class='ocrx_word' id='word_1_331' title='bbox 2799 2257 2852 2310; x_wconf 91' lang='lat' dir='ltr'><strong>id</strong></span> <span class='ocrx_word' id='word_1_332' title='bbox 2913 2256 3026 2310; x_wconf 83' lang='lat' dir='ltr'><strong>ﬁeri</strong></span> <span class='ocrx_word' id='word_1_333' title='bbox 3072 2264 3188 2309; x_wconf 88' lang='lat' dir='ltr'><strong>tuto</strong></span> <span class='ocrx_word' id='word_1_334' title='bbox 3243 2267 3402 2322; x_wconf 80' lang='lat' dir='ltr'><strong>posse</strong></span> 
     </span>
    </p>
   </div>
   <div class='ocr_carea' id='block_1_51' title="bbox 1833 2347 2124 2401">
    <p class='ocr_par' dir='ltr' id='par_1_51' title="bbox 1833 2347 2124 2401">
     <span class='ocr_line' id='line_1_51' title="bbox 1833 2347 2124 2401; baseline -0.007 -1"><span class='ocrx_word' id='word_1_335' title='bbox 1833 2347 2124 2401; x_wconf 72' lang='lat' dir='ltr'><strong>videbitur.</strong></span> 
     </span>
    </p>
   </div>
   <div class='ocr_carea' id='block_1_52' title="bbox 1902 2437 3401 2509">
    <p class='ocr_par' dir='ltr' id='par_1_52' title="bbox 1902 2437 3401 2509">
     <span class='ocr_line' id='line_1_52' title="bbox 1902 2437 3401 2509; baseline -0.003 -15"><span class='ocrx_word' id='word_1_336' title='bbox 1902 2441 1991 2494; x_wconf 72' lang='grc'><strong>41.</strong></span> <span class='ocrx_word' id='word_1_337' title='bbox 2018 2441 2157 2493; x_wconf 83' lang='lat' dir='ltr'><strong>Ante</strong></span> <span class='ocrx_word' id='word_1_338' title='bbox 2178 2439 2302 2494; x_wconf 88' lang='lat' dir='ltr'><strong>belli</strong></span> <span class='ocrx_word' id='word_1_339' title='bbox 2334 2447 2545 2507; x_wconf 88' lang='lat' dir='ltr'><strong>tempus</strong></span> <span class='ocrx_word' id='word_1_340' title='bbox 2602 2439 2832 2493; x_wconf 85' lang='lat' dir='ltr'><strong>remisse</strong></span> <span class='ocrx_word' id='word_1_341' title='bbox 2871 2453 2934 2494; x_wconf 91' lang='lat' dir='ltr'><strong>ac</strong></span> <span class='ocrx_word' id='word_1_342' title='bbox 2958 2437 3281 2509; x_wconf 81' lang='lat' dir='ltr'><strong>pedetentim</strong></span> <span class='ocrx_word' id='word_1_343' title='bbox 3315 2437 3401 2490; x_wconf 92' lang='lat' dir='ltr'><strong>iu-</strong></span> 
     </span>
    </p>
   </div>
   <div class='ocr_carea' id='block_1_53' title="bbox 1832 2528 3396 2598">
    <p class='ocr_par' dir='ltr' id='par_1_53' title="bbox 1832 2528 3396 2598">
     <span class='ocr_line' id='line_1_53' title="bbox 1832 2528 3396 2598; baseline -0.004 -12"><span class='ocrx_word' id='word_1_344' title='bbox 1832 2531 2042 2594; x_wconf 86' lang='lat' dir='ltr'><strong>cedito;</strong></span> <span class='ocrx_word' id='word_1_345' title='bbox 2069 2530 2160 2583; x_wconf 80' lang='lat' dir='ltr'><strong>ubi</strong></span> <span class='ocrx_word' id='word_1_346' title='bbox 2192 2533 2373 2584; x_wconf 84' lang='lat' dir='ltr'><strong>hostes</strong></span> <span class='ocrx_word' id='word_1_347' title='bbox 2401 2529 2454 2582; x_wconf 91' lang='lat' dir='ltr'><strong>in</strong></span> <span class='ocrx_word' id='word_1_348' title='bbox 2500 2538 2852 2598; x_wconf 85' lang='lat' dir='ltr'><strong>conspectum</strong></span> <span class='ocrx_word' id='word_1_349' title='bbox 2890 2534 3058 2597; x_wconf 81' lang='lat' dir='ltr'><strong>prope</strong></span> <span class='ocrx_word' id='word_1_350' title='bbox 3122 2528 3396 2589; x_wconf 84' lang='lat' dir='ltr'><strong>venerint,</strong></span> 
     </span>
    </p>
   </div>
   <div class='ocr_carea' id='block_1_54' title="bbox 1830 2618 3396 2690">
    <p class='ocr_par' dir='ltr' id='par_1_54' title="bbox 1830 2618 3396 2690">
     <span class='ocr_line' id='line_1_54' title="bbox 1830 2618 3396 2690; baseline -0.006 -11"><span class='ocrx_word' id='word_1_351' title='bbox 1830 2640 1954 2679; x_wconf 91' lang='lat' dir='ltr'><strong>cum</strong></span> <span class='ocrx_word' id='word_1_352' title='bbox 1987 2623 2264 2677; x_wconf 81' lang='lat' dir='ltr'><strong>celeritate</strong></span> <span class='ocrx_word' id='word_1_353' title='bbox 2285 2621 2517 2690; x_wconf 88' lang='lat' dir='ltr'><strong>quadam</strong></span> <span class='ocrx_word' id='word_1_354' title='bbox 2549 2620 2830 2675; x_wconf 90' lang='lat' dir='ltr'><strong>instructis</strong></span> <span class='ocrx_word' id='word_1_355' title='bbox 2866 2620 3038 2688; x_wconf 85' lang='lat' dir='ltr'><strong>copiis</strong></span> <span class='ocrx_word' id='word_1_356' title='bbox 3063 2619 3115 2672; x_wconf 91' lang='lat' dir='ltr'><strong>in</strong></span> <span class='ocrx_word' id='word_1_357' title='bbox 3149 2618 3270 2671; x_wconf 92' lang='lat' dir='ltr'><strong>illos</strong></span> <span class='ocrx_word' id='word_1_358' title='bbox 3325 2619 3396 2670; x_wconf 85' lang='lat' dir='ltr'><strong>ir-</strong></span> 
     </span>
    </p>
   </div>
   <div class='ocr_carea' id='block_1_55' title="bbox 1831 2711 3403 2784">
    <p class='ocr_par' dir='ltr' id='par_1_55' title="bbox 1831 2711 3403 2784">
     <span class='ocr_line' id='line_1_55' title="bbox 1831 2711 3403 2784; baseline -0.004 -14"><span class='ocrx_word' id='word_1_359' title='bbox 1831 2717 2001 2781; x_wconf 86' lang='lat' dir='ltr'><strong>ruito;</strong></span> <span class='ocrx_word' id='word_1_360' title='bbox 2027 2716 2185 2784; x_wconf 89' lang='lat' dir='ltr'><strong>longa</strong></span> <span class='ocrx_word' id='word_1_361' title='bbox 2239 2715 2383 2768; x_wconf 86' lang='lat' dir='ltr'><strong>enim</strong></span> <span class='ocrx_word' id='word_1_362' title='bbox 2415 2729 2557 2782; x_wconf 62' lang='lat' dir='ltr'><strong>sa‘pe</strong></span> <span class='ocrx_word' id='word_1_363' title='bbox 2617 2722 2742 2767; x_wconf 88' lang='lat' dir='ltr'><strong>ante</strong></span> <span class='ocrx_word' id='word_1_364' title='bbox 2776 2726 3011 2782; x_wconf 87' lang='lat' dir='ltr'><strong>pugnam</strong></span> <span class='ocrx_word' id='word_1_365' title='bbox 3041 2711 3106 2765; x_wconf 89' lang='lat' dir='ltr'><strong>de</strong></span> <span class='ocrx_word' id='word_1_366' title='bbox 3142 2711 3282 2766; x_wconf 88' lang='lat' dir='ltr'><strong>bello</strong></span> <span class='ocrx_word' id='word_1_367' title='bbox 3311 2725 3403 2764; x_wconf 85' lang='lat' dir='ltr'><strong>co-</strong></span> 
     </span>
    </p>
   </div>
   <div class='ocr_carea' id='block_1_56' title="bbox 1829 2800 3394 2879">
    <p class='ocr_par' dir='ltr' id='par_1_56' title="bbox 1829 2800 3394 2879">
     <span class='ocr_line' id='line_1_56' title="bbox 1829 2800 3394 2879; baseline -0.005 -19"><span class='ocrx_word' id='word_1_368' title='bbox 1829 2809 2018 2879; x_wconf 85' lang='lat' dir='ltr'><strong>gitatio</strong></span> <span class='ocrx_word' id='word_1_369' title='bbox 2062 2807 2283 2860; x_wconf 79' lang='lat' dir='ltr'><strong>fortium</strong></span> <span class='ocrx_word' id='word_1_370' title='bbox 2339 2807 2578 2859; x_wconf 79' lang='lat' dir='ltr'><strong>virorum</strong></span> <span class='ocrx_word' id='word_1_371' title='bbox 2614 2807 2827 2858; x_wconf 89' lang='lat' dir='ltr'><strong>animos</strong></span> <span class='ocrx_word' id='word_1_372' title='bbox 2858 2805 3210 2871; x_wconf 81' lang='lat' dir='ltr'><strong>languescere</strong></span> <span class='ocrx_word' id='word_1_373' title='bbox 3243 2800 3394 2864; x_wconf 78' lang='lat' dir='ltr'><strong>facit,</strong></span> 
     </span>
    </p>
   </div>
   <div class='ocr_carea' id='block_1_57' title="bbox 1828 2891 3397 2966">
    <p class='ocr_par' dir='ltr' id='par_1_57' title="bbox 1828 2891 3397 2966">
     <span class='ocr_line' id='line_1_57' title="bbox 1828 2891 3397 2966; baseline -0.004 -12"><span class='ocrx_word' id='word_1_374' title='bbox 1828 2911 1876 2955; x_wconf 92' lang='lat' dir='ltr'><strong>et</strong></span> <span class='ocrx_word' id='word_1_375' title='bbox 1899 2898 2066 2954; x_wconf 91' lang='lat' dir='ltr'><strong>animi</strong></span> <span class='ocrx_word' id='word_1_376' title='bbox 2105 2897 2415 2954; x_wconf 90' lang='lat' dir='ltr'><strong>sollicitudo</strong></span> <span class='ocrx_word' id='word_1_377' title='bbox 2443 2897 2586 2951; x_wconf 81' lang='lat' dir='ltr'><strong>vires</strong></span> <span class='ocrx_word' id='word_1_378' title='bbox 2642 2896 2889 2966; x_wconf 90' lang='lat' dir='ltr'><strong>corporis</strong></span> <span class='ocrx_word' id='word_1_379' title='bbox 2938 2895 3258 2965; x_wconf 90' lang='lat' dir='ltr'><strong>plerumque</strong></span> <span class='ocrx_word' id='word_1_380' title='bbox 3301 2891 3397 2947; x_wconf 87' lang='lat' dir='ltr'><strong>ab-</strong></span> 
     </span>
    </p>
   </div>
   <div class='ocr_carea' id='block_1_58' title="bbox 1827 2992 2014 3046">
    <p class='ocr_par' dir='ltr' id='par_1_58' title="bbox 1827 2992 2014 3046">
     <span class='ocr_line' id='line_1_58' title="bbox 1827 2992 2014 3046; baseline -0.021 0"><span class='ocrx_word' id='word_1_381' title='bbox 1827 2992 2014 3046; x_wconf 85' lang='lat' dir='ltr'><strong>sumit.</strong></span> 
     </span>
    </p>
   </div>
   <div class='ocr_carea' id='block_1_59' title="bbox 1895 3073 3399 3148">
    <p class='ocr_par' dir='ltr' id='par_1_59' title="bbox 1895 3073 3399 3148">
     <span class='ocr_line' id='line_1_59' title="bbox 1895 3073 3399 3148; baseline -0.003 -16"><span class='ocrx_word' id='word_1_382' title='bbox 1895 3081 1984 3132; x_wconf 68' lang='lat'><strong>42.</strong></span> <span class='ocrx_word' id='word_1_383' title='bbox 2013 3079 2283 3148; x_wconf 81' lang='lat' dir='ltr'><strong>Augustas</strong></span> <span class='ocrx_word' id='word_1_384' title='bbox 2320 3085 2375 3131; x_wconf 92' lang='lat' dir='ltr'><strong>et</strong></span> <span class='ocrx_word' id='word_1_385' title='bbox 2425 3076 2674 3130; x_wconf 83' lang='lat' dir='ltr'><strong>dil&#39;licilcs</strong></span> <span class='ocrx_word' id='word_1_386' title='bbox 2709 3076 2762 3129; x_wconf 91' lang='lat' dir='ltr'><strong>in</strong></span> <span class='ocrx_word' id='word_1_387' title='bbox 2814 3076 3052 3130; x_wconf 82' lang='lat' dir='ltr'><strong>hostium</strong></span> <span class='ocrx_word' id='word_1_388' title='bbox 3087 3073 3399 3144; x_wconf 85' lang='lat' dir='ltr'><strong>regionibus</strong></span> 
     </span>
    </p>
   </div>
   <div class='ocr_carea' id='block_1_60' title="bbox 158 3163 1729 3262">
    <p class='ocr_par' dir='ltr' id='par_1_60' title="bbox 158 3165 1722 3262">
     <span class='ocr_line' id='line_1_60' title="bbox 158 3165 1722 3262; baseline 0.013 -46"><span class='ocrx_word' id='word_1_389' title='bbox 337 3167 614 3238; x_wconf 84' lang='grc' dir='ltr'>διάστημα</span> <span class='ocrx_word' id='word_1_390' title='bbox 644 3172 1036 3242; x_wconf 75' lang='grc' dir='ltr'>ἐκτεταμένους</span> <span class='ocrx_word' id='word_1_391' title='bbox 1077 3179 1136 3231; x_wconf 78' lang='grc' dir='ltr'><strong>ἐν</strong></span> <span class='ocrx_word' id='word_1_392' title='bbox 1182 3179 1336 3250; x_wconf 73' lang='grc' dir='ltr'>χώρα</span> <span class='ocrx_word' id='word_1_393' title='bbox 1365 3183 1571 3252; x_wconf 80' lang='grc' dir='ltr'>ἐχθρῶν</span> <span class='ocrx_word' id='word_1_394' title='bbox 1603 3185 1722 3237; x_wconf 78' lang='grc' dir='ltr'>κατ’</span> 
     </span>
    </p>
   </div>
   <div class='ocr_carea' id='block_1_61' title="bbox 1826 3163 3398 3262">
    <p class='ocr_par' dir='ltr' id='par_1_61' title="bbox 1829 3163 3398 3237">
     <span class='ocr_line' id='line_1_61' title="bbox 1829 3163 3398 3237; baseline -0.003 -16"><span class='ocrx_word' id='word_1_395' title='bbox 1829 3169 1967 3232; x_wconf 78' lang='lat' dir='ltr'><strong>vias,</strong></span> <span class='ocrx_word' id='word_1_396' title='bbox 2021 3168 2066 3222; x_wconf 88' lang='lat' dir='ltr'><strong>si</strong></span> <span class='ocrx_word' id='word_1_397' title='bbox 2114 3168 2286 3237; x_wconf 74' lang='lat' dir='ltr'><strong>longze</strong></span> <span class='ocrx_word' id='word_1_398' title='bbox 2325 3167 2616 3220; x_wconf 86' lang='lat' dir='ltr'><strong>admodum</strong></span> <span class='ocrx_word' id='word_1_399' title='bbox 2669 3166 2893 3226; x_wconf 81' lang='lat' dir='ltr'><strong>fuerint.</strong></span> <span class='ocrx_word' id='word_1_400' title='bbox 2957 3174 3135 3218; x_wconf 86' lang='lat' dir='ltr'><strong>tamen</strong></span> <span class='ocrx_word' id='word_1_401' title='bbox 3192 3163 3398 3232; x_wconf 86' lang='lat' dir='ltr'><strong>pedites</strong></span> 
     </span>
    </p>
   </div>
   <div class='ocr_carea' id='block_1_62' title="bbox 156 3256 1714 3344">
    <p class='ocr_par' dir='ltr' id='par_1_62' title="bbox 156 3256 1714 3344">
     <span class='ocr_line' id='line_1_62' title="bbox 156 3256 1714 3344; baseline 0.014 -37"><span class='ocrx_word' id='word_1_402' title='bbox 156 3256 437 3326; x_wconf 77' lang='grc' dir='ltr'>ἐξαίρετον</span> <span class='ocrx_word' id='word_1_403' title='bbox 478 3261 528 3312; x_wconf 91' lang='grc' dir='ltr'><strong>οί</strong></span> <span class='ocrx_word' id='word_1_404' title='bbox 563 3263 717 3326; x_wconf 75' lang='grc' dir='ltr'>πεζοὶ</span> <span class='ocrx_word' id='word_1_405' title='bbox 769 3265 1066 3320; x_wconf 87' lang='grc' dir='ltr'>διαϐαίνειν</span> <span class='ocrx_word' id='word_1_406' title='bbox 1096 3269 1159 3322; x_wconf 91' lang='grc' dir='ltr'><strong>οὑ</strong></span> <span class='ocrx_word' id='word_1_407' title='bbox 1203 3271 1478 3342; x_wconf 74' lang='grc' dir='ltr'>δυσχερῶς</span> <span class='ocrx_word' id='word_1_408' title='bbox 1512 3277 1714 3344; x_wconf 77' lang='grc' dir='ltr'>ἔχουσι.</span> 
     </span>
    </p>
   </div>
   <div class='ocr_carea' id='block_1_63' title="bbox 154 3346 1254 3429">
    <p class='ocr_par' dir='ltr' id='par_1_63' title="bbox 154 3346 1254 3429">
     <span class='ocr_line' id='line_1_63' title="bbox 154 3346 1254 3429; baseline 0.015 -32"><span class='ocrx_word' id='word_1_409' title='bbox 154 3346 291 3416; x_wconf 81' lang='grc' dir='ltr'>Περὶ</span> <span class='ocrx_word' id='word_1_410' title='bbox 319 3348 525 3402; x_wconf 71' lang='grc' dir='ltr'>τούτων</span> <span class='ocrx_word' id='word_1_411' title='bbox 551 3351 607 3403; x_wconf 78' lang='grc' dir='ltr'><strong>δέ</strong></span> <span class='ocrx_word' id='word_1_412' title='bbox 639 3353 777 3421; x_wconf 83' lang='grc' dir='ltr'><strong>μετά</strong></span> <span class='ocrx_word' id='word_1_413' title='bbox 801 3354 979 3421; x_wconf 80' lang='grc' dir='ltr'>ὀλίγον</span> <span class='ocrx_word' id='word_1_414' title='bbox 1001 3358 1254 3429; x_wconf 80' lang='grc' dir='ltr'>ἐροῦμεν.</span> 
     </span>
    </p>
   </div>
   <div class='ocr_carea' id='block_1_64' title="bbox 227 3438 1724 3522">
    <p class='ocr_par' dir='ltr' id='par_1_64' title="bbox 227 3438 1724 3522">
     <span class='ocr_line' id='line_1_64' title="bbox 227 3438 1724 3522; baseline 0.014 -33"><span class='ocrx_word' id='word_1_415' title='bbox 227 3444 341 3506; x_wconf 86' lang='grc' dir='ltr'>μγ’.</span> <span class='ocrx_word' id='word_1_416' title='bbox 371 3438 510 3503; x_wconf 78' lang='grc' dir='ltr'>Τοὺς</span> <span class='ocrx_word' id='word_1_417' title='bbox 538 3439 594 3494; x_wconf 69' lang='grc' dir='ltr'>δὲ</span> <span class='ocrx_word' id='word_1_418' title='bbox 636 3442 1032 3514; x_wconf 87' lang='grc' dir='ltr'>καϐαλλαρίους</span> <span class='ocrx_word' id='word_1_419' title='bbox 1060 3449 1120 3501; x_wconf 80' lang='grc' dir='ltr'><strong>ἐν</strong></span> <span class='ocrx_word' id='word_1_420' title='bbox 1147 3452 1212 3520; x_wconf 80' lang='grc' dir='ltr'><strong>τῇ</strong></span> <span class='ocrx_word' id='word_1_421' title='bbox 1244 3451 1396 3522; x_wconf 75' lang='grc' dir='ltr'>χώρα</span> <span class='ocrx_word' id='word_1_422' title='bbox 1430 3456 1536 3506; x_wconf 90' lang='grc' dir='ltr'><strong>τῶν</strong></span> <span class='ocrx_word' id='word_1_423' title='bbox 1569 3457 1724 3510; x_wconf 86' lang='grc' dir='ltr'>πολε-</span> 
     </span>
    </p>
   </div>
   <div class='ocr_carea' id='block_1_65' title="bbox 156 3525 1722 3611">
    <p class='ocr_par' dir='ltr' id='par_1_65' title="bbox 156 3525 1722 3611">
     <span class='ocr_line' id='line_1_65' title="bbox 156 3525 1722 3611; baseline 0.013 -34"><span class='ocrx_word' id='word_1_424' title='bbox 156 3525 317 3594; x_wconf 80' lang='grc' dir='ltr'>μίων,</span> <span class='ocrx_word' id='word_1_425' title='bbox 351 3528 411 3581; x_wconf 74' lang='grc' dir='ltr'><strong>ἐν</strong></span> <span class='ocrx_word' id='word_1_426' title='bbox 452 3529 630 3600; x_wconf 89' lang='grc' dir='ltr'>καιρῷ</span> <span class='ocrx_word' id='word_1_427' title='bbox 658 3532 850 3600; x_wconf 77' lang='grc' dir='ltr'>θέρους</span> <span class='ocrx_word' id='word_1_428' title='bbox 872 3535 1127 3605; x_wconf 85' lang='grc' dir='ltr'>μάλιστα,</span> <span class='ocrx_word' id='word_1_429' title='bbox 1176 3541 1597 3611; x_wconf 80' lang='grc' dir='ltr'>ἀπερισκέπτως</span> <span class='ocrx_word' id='word_1_430' title='bbox 1633 3548 1722 3598; x_wconf 72' lang='grc' dir='ltr'>καὶ</span> 
     </span>
    </p>
   </div>
   <div class='ocr_carea' id='block_1_66' title="bbox 151 3616 1722 3702">
    <p class='ocr_par' dir='ltr' id='par_1_66' title="bbox 151 3616 1722 3702">
     <span class='ocr_line' id='line_1_66' title="bbox 151 3616 1722 3702; baseline 0.012 -35"><span class='ocrx_word' id='word_1_431' title='bbox 151 3616 226 3678; x_wconf 83' lang='grc' dir='ltr'><strong>ῶς</strong></span> <span class='ocrx_word' id='word_1_432' title='bbox 251 3617 446 3687; x_wconf 73' lang='grc' dir='ltr'>ἔτυχεν</span> <span class='ocrx_word' id='word_1_433' title='bbox 476 3617 775 3675; x_wconf 86' lang='grc' dir='ltr'>διαϐαίνειν</span> <span class='ocrx_word' id='word_1_434' title='bbox 800 3624 898 3676; x_wconf 89' lang='grc' dir='ltr'><strong>οὑκ</strong></span> <span class='ocrx_word' id='word_1_435' title='bbox 930 3626 1300 3697; x_wconf 75' lang='grc' dir='ltr'>ἐπιτρέπομεν</span> <span class='ocrx_word' id='word_1_436' title='bbox 1346 3633 1514 3700; x_wconf 69' lang='grc' dir='ltr'>χωρὶς</span> <span class='ocrx_word' id='word_1_437' title='bbox 1557 3636 1722 3702; x_wconf 80' lang='grc' dir='ltr'>ἀνάγ-</span> 
     </span>
    </p>
   </div>
   <div class='ocr_carea' id='block_1_67' title="bbox 151 3708 1719 3788">
    <p class='ocr_par' dir='ltr' id='par_1_67' title="bbox 151 3708 1719 3788">
     <span class='ocr_line' id='line_1_67' title="bbox 151 3708 1719 3788; baseline 0.009 -28"><span class='ocrx_word' id='word_1_438' title='bbox 151 3723 277 3773; x_wconf 85' lang='grc' dir='ltr'>κης.</span> <span class='ocrx_word' id='word_1_439' title='bbox 305 3708 428 3762; x_wconf 77' lang='grc' dir='ltr'><strong>Ἐὰν</strong></span> <span class='ocrx_word' id='word_1_440' title='bbox 451 3709 509 3761; x_wconf 69' lang='grc' dir='ltr'>δέ</span> <span class='ocrx_word' id='word_1_441' title='bbox 542 3710 690 3764; x_wconf 84' lang='grc' dir='ltr'>ἐστιν</span> <span class='ocrx_word' id='word_1_442' title='bbox 717 3713 882 3777; x_wconf 86' lang='grc' dir='ltr'>τόπος</span> <span class='ocrx_word' id='word_1_443' title='bbox 914 3714 1000 3768; x_wconf 76' lang='grc' dir='ltr'>ἐπ’</span> <span class='ocrx_word' id='word_1_444' title='bbox 1022 3714 1203 3782; x_wconf 82' lang='grc' dir='ltr'>ὀλίγον</span> <span class='ocrx_word' id='word_1_445' title='bbox 1231 3718 1354 3786; x_wconf 79' lang='grc' dir='ltr'>ἀχρι</span> <span class='ocrx_word' id='word_1_446' title='bbox 1387 3719 1505 3782; x_wconf 77' lang='grc' dir='ltr'>ἑνὸς</span> <span class='ocrx_word' id='word_1_447' title='bbox 1543 3723 1719 3788; x_wconf 85' lang='grc' dir='ltr'>μιλίου</span> 
     </span>
    </p>
   </div>
   <div class='ocr_carea' id='block_1_68' title="bbox 150 3798 1720 3869">
    <p class='ocr_par' dir='ltr' id='par_1_68' title="bbox 150 3798 1720 3869">
     <span class='ocr_line' id='line_1_68' title="bbox 150 3798 1720 3869; baseline 0.01 -21"><span class='ocrx_word' id='word_1_448' title='bbox 150 3798 550 3866; x_wconf 79' lang='grc' dir='ltr'>ἐκτεταμένος,</span> <span class='ocrx_word' id='word_1_449' title='bbox 612 3804 706 3854; x_wconf 75' lang='grc' dir='ltr'>καὶ</span> <span class='ocrx_word' id='word_1_450' title='bbox 761 3803 1014 3858; x_wconf 82' lang='grc' dir='ltr'>δύνανται</span> <span class='ocrx_word' id='word_1_451' title='bbox 1065 3807 1158 3860; x_wconf 71' lang='grc' dir='ltr'>καὶ</span> <span class='ocrx_word' id='word_1_452' title='bbox 1200 3806 1356 3869; x_wconf 77' lang='grc' dir='ltr'>πεζοὶ</span> <span class='ocrx_word' id='word_1_453' title='bbox 1425 3809 1720 3864; x_wconf 88' lang='grc' dir='ltr'>διαϐαίνειν</span> 
     </span>
    </p>
   </div>
   <div class='ocr_carea' id='block_1_69' title="bbox 148 3890 1722 3966">
    <p class='ocr_par' dir='ltr' id='par_1_69' title="bbox 148 3890 1722 3966">
     <span class='ocr_line' id='line_1_69' title="bbox 148 3890 1722 3966; baseline 0.008 -26"><span class='ocrx_word' id='word_1_454' title='bbox 148 3890 288 3954; x_wconf 79' lang='grc' dir='ltr'>ἐκεῖ,</span> <span class='ocrx_word' id='word_1_455' title='bbox 336 3890 560 3944; x_wconf 86' lang='grc' dir='ltr'>δυνατόν</span> <span class='ocrx_word' id='word_1_456' title='bbox 607 3895 723 3946; x_wconf 76' lang='grc' dir='ltr'>ἐστι</span> <span class='ocrx_word' id='word_1_457' title='bbox 782 3895 877 3949; x_wconf 81' lang='grc' dir='ltr'>καὶ</span> <span class='ocrx_word' id='word_1_458' title='bbox 910 3895 1306 3966; x_wconf 88' lang='grc' dir='ltr'>καϐαλλαρίους</span> <span class='ocrx_word' id='word_1_459' title='bbox 1352 3898 1604 3964; x_wconf 76' lang='grc' dir='ltr'>πεζεύειν</span> <span class='ocrx_word' id='word_1_460' title='bbox 1664 3903 1722 3952; x_wconf 85' lang='grc' dir='ltr'><strong>ἐν</strong></span> 
     </span>
    </p>
   </div>
   <div class='ocr_carea' id='block_1_70' title="bbox 149 3979 643 4050">
    <p class='ocr_par' dir='ltr' id='par_1_70' title="bbox 149 3979 643 4050">
     <span class='ocr_line' id='line_1_70' title="bbox 149 3979 643 4050; baseline 0.01 -18"><span class='ocrx_word' id='word_1_461' title='bbox 149 3979 334 4045; x_wconf 88' lang='grc' dir='ltr'>αὑτοῖς</span> <span class='ocrx_word' id='word_1_462' title='bbox 363 3982 643 4050; x_wconf 83' lang='grc' dir='ltr'>ἀσφαλῶς.</span> 
     </span>
    </p>
   </div>
   <div class='ocr_carea' id='block_1_71' title="bbox 222 4067 1721 4144">
    <p class='ocr_par' dir='ltr' id='par_1_71' title="bbox 222 4067 1721 4144">
     <span class='ocr_line' id='line_1_71' title="bbox 222 4067 1721 4144; baseline 0.007 -23"><span class='ocrx_word' id='word_1_463' title='bbox 222 4067 327 4138; x_wconf 65' lang='grc' dir='ltr'><strong>με.</strong></span> <span class='ocrx_word' id='word_1_464' title='bbox 367 4071 593 4135; x_wconf 82' lang='grc' dir='ltr'>Στενοὺς</span> <span class='ocrx_word' id='word_1_465' title='bbox 618 4072 675 4125; x_wconf 77' lang='grc' dir='ltr'><strong>δέ</strong></span> <span class='ocrx_word' id='word_1_466' title='bbox 709 4074 805 4128; x_wconf 75' lang='grc' dir='ltr'>καὶ</span> <span class='ocrx_word' id='word_1_467' title='bbox 829 4075 1120 4138; x_wconf 89' lang='grc' dir='ltr'>δυσκόλους</span> <span class='ocrx_word' id='word_1_468' title='bbox 1156 4076 1398 4139; x_wconf 85' lang='grc' dir='ltr'>ἐκείνους</span> <span class='ocrx_word' id='word_1_469' title='bbox 1448 4076 1589 4144; x_wconf 83' lang='grc' dir='ltr'>λέγω</span> <span class='ocrx_word' id='word_1_470' title='bbox 1635 4081 1721 4132; x_wconf 77' lang='grc' dir='ltr'>τό·</span> 
     </span>
    </p>
   </div>
   <div class='ocr_carea' id='block_1_72' title="bbox 147 4164 1718 4240">
    <p class='ocr_par' dir='ltr' id='par_1_72' title="bbox 147 4164 1718 4240">
     <span class='ocr_line' id='line_1_72' title="bbox 147 4164 1718 4240; baseline 0.004 -25"><span class='ocrx_word' id='word_1_471' title='bbox 147 4180 284 4226; x_wconf 68' lang='grc' dir='ltr'>παυς</span> <span class='ocrx_word' id='word_1_472' title='bbox 311 4165 438 4228; x_wconf 70' lang='grc' dir='ltr'>τοὺς</span> <span class='ocrx_word' id='word_1_473' title='bbox 464 4164 591 4234; x_wconf 88' lang='grc' dir='ltr'>μίαν</span> <span class='ocrx_word' id='word_1_474' title='bbox 621 4167 713 4219; x_wconf 77' lang='grc' dir='ltr'>καὶ</span> <span class='ocrx_word' id='word_1_475' title='bbox 764 4169 932 4237; x_wconf 82' lang='grc' dir='ltr'>μόνην</span> <span class='ocrx_word' id='word_1_476' title='bbox 963 4168 1193 4238; x_wconf 77' lang='grc' dir='ltr'>πάροδον</span> <span class='ocrx_word' id='word_1_477' title='bbox 1220 4169 1461 4237; x_wconf 74' lang='grc' dir='ltr'>ἔχοντας.</span> <span class='ocrx_word' id='word_1_478' title='bbox 1499 4169 1559 4221; x_wconf 79' lang='lat' dir='ltr'><strong>El</strong></span> <span class='ocrx_word' id='word_1_479' title='bbox 1613 4173 1718 4240; x_wconf 67' lang='grc' dir='ltr'><strong>γὰρ</strong></span> 
     </span>
    </p>
   </div>
   <div class='ocr_carea' id='block_1_73' title="bbox 147 4253 1717 4325">
    <p class='ocr_par' dir='ltr' id='par_1_73' title="bbox 147 4253 1717 4325">
     <span class='ocr_line' id='line_1_73' title="bbox 147 4253 1717 4325; baseline 0.003 -19"><span class='ocrx_word' id='word_1_480' title='bbox 147 4253 242 4306; x_wconf 70' lang='grc' dir='ltr'>καὶ</span> <span class='ocrx_word' id='word_1_481' title='bbox 274 4253 431 4306; x_wconf 79' lang='grc' dir='ltr'>ἄλλαι</span> <span class='ocrx_word' id='word_1_482' title='bbox 458 4255 564 4306; x_wconf 77' lang='grc' dir='ltr'>εἰσὶ</span> <span class='ocrx_word' id='word_1_483' title='bbox 599 4255 854 4324; x_wconf 77' lang='grc' dir='ltr'>πάροδοι,</span> <span class='ocrx_word' id='word_1_484' title='bbox 905 4257 1000 4309; x_wconf 73' lang='grc' dir='ltr'>καὶ</span> <span class='ocrx_word' id='word_1_485' title='bbox 1047 4257 1399 4325; x_wconf 78' lang='grc' dir='ltr'>ἐπινοηθῆναι</span> <span class='ocrx_word' id='word_1_486' title='bbox 1445 4258 1717 4324; x_wconf 81' lang='grc' dir='ltr'>δύνανται,</span> 
     </span>
    </p>
   </div>
   <div class='ocr_carea' id='block_1_74' title="bbox 147 4337 1436 4412">
    <p class='ocr_par' dir='ltr' id='par_1_74' title="bbox 147 4337 1436 4412">
     <span class='ocr_line' id='line_1_74' title="bbox 147 4337 1436 4412; baseline 0.007 -23"><span class='ocrx_word' id='word_1_487' title='bbox 147 4337 557 4406; x_wconf 83' lang='grc' dir='ltr'>ἀνεμποδίστως</span> <span class='ocrx_word' id='word_1_488' title='bbox 589 4342 622 4410; x_wconf 73' lang='grc' dir='ltr'>ἡ</span> <span class='ocrx_word' id='word_1_489' title='bbox 655 4341 883 4409; x_wconf 78' lang='grc' dir='ltr'>πάροδος</span> <span class='ocrx_word' id='word_1_490' title='bbox 911 4343 1133 4395; x_wconf 83' lang='grc' dir='ltr'>δύναται</span> <span class='ocrx_word' id='word_1_491' title='bbox 1165 4343 1436 4412; x_wconf 83' lang='grc' dir='ltr'>γενέσθαι.</span> 
     </span>
    </p>
   </div>
   <div class='ocr_carea' id='block_1_75' title="bbox 215 4428 1714 4502">
    <p class='ocr_par' dir='ltr' id='par_1_75' title="bbox 215 4428 1714 4502">
     <span class='ocr_line' id='line_1_75' title="bbox 215 4428 1714 4502; baseline 0.007 -25"><span class='ocrx_word' id='word_1_492' title='bbox 215 4435 321 4492; x_wconf 84' lang='grc' dir='ltr'>με’.</span> <span class='ocrx_word' id='word_1_493' title='bbox 376 4429 500 4480; x_wconf 68' lang='grc' dir='ltr'>Ἐάν</span> <span class='ocrx_word' id='word_1_494' title='bbox 528 4428 620 4480; x_wconf 76' lang='grc' dir='ltr'>οὖν</span> <span class='ocrx_word' id='word_1_495' title='bbox 663 4431 885 4499; x_wconf 82' lang='grc' dir='ltr'>γένηται</span> <span class='ocrx_word' id='word_1_496' title='bbox 925 4434 1114 4502; x_wconf 76' lang='grc' dir='ltr'>καιρὸς</span> <span class='ocrx_word' id='word_1_497' title='bbox 1164 4434 1366 4487; x_wconf 88' lang='grc' dir='ltr'>στενῶν</span> <span class='ocrx_word' id='word_1_498' title='bbox 1396 4435 1714 4501; x_wconf 83' lang='grc' dir='ltr'>διαϐάσεων,</span> 
     </span>
    </p>
   </div>
   <div class='ocr_carea' id='block_1_76' title="bbox 1824 3257 3398 3326">
    <p class='ocr_par' dir='ltr' id='par_1_76' title="bbox 1824 3257 3398 3326">
     <span class='ocr_line' id='line_1_76' title="bbox 1824 3257 3398 3326; baseline -0.003 -14"><span class='ocrx_word' id='word_1_499' title='bbox 1824 3259 1980 3312; x_wconf 76' lang='lat' dir='ltr'><strong>facile</strong></span> <span class='ocrx_word' id='word_1_500' title='bbox 2027 3261 2263 3313; x_wconf 83' lang='lat' dir='ltr'><strong>transire</strong></span> <span class='ocrx_word' id='word_1_501' title='bbox 2318 3259 2436 3312; x_wconf 87' lang='lat' dir='ltr'><strong>sine</strong></span> <span class='ocrx_word' id='word_1_502' title='bbox 2485 3258 2737 3313; x_wconf 84' lang='lat' dir='ltr'><strong>molestia</strong></span> <span class='ocrx_word' id='word_1_503' title='bbox 2780 3265 3045 3326; x_wconf 76' lang='lat' dir='ltr'><strong>possum;</strong></span> <span class='ocrx_word' id='word_1_504' title='bbox 3082 3257 3146 3309; x_wconf 88' lang='lat' dir='ltr'><strong>de</strong></span> <span class='ocrx_word' id='word_1_505' title='bbox 3174 3271 3279 3325; x_wconf 91' lang='lat' dir='ltr'><strong>qua</strong></span> <span class='ocrx_word' id='word_1_506' title='bbox 3341 3270 3398 3308; x_wconf 89' lang='lat' dir='ltr'><strong>re</strong></span> 
     </span>
    </p>
   </div>
   <div class='ocr_carea' id='block_1_77' title="bbox 1826 3351 2479 3421">
    <p class='ocr_par' dir='ltr' id='par_1_77' title="bbox 1826 3351 2479 3421">
     <span class='ocr_line' id='line_1_77' title="bbox 1826 3351 2479 3421; baseline 0 -19"><span class='ocrx_word' id='word_1_507' title='bbox 1826 3352 1984 3421; x_wconf 85' lang='lat' dir='ltr'><strong>paulo</strong></span> <span class='ocrx_word' id='word_1_508' title='bbox 2018 3360 2140 3419; x_wconf 90' lang='lat' dir='ltr'><strong>post</strong></span> <span class='ocrx_word' id='word_1_509' title='bbox 2171 3351 2479 3419; x_wconf 88' lang='lat' dir='ltr'><strong>loquemur.</strong></span> 
     </span>
    </p>
   </div>
   <div class='ocr_carea' id='block_1_78' title="bbox 1894 3439 3396 3512">
    <p class='ocr_par' dir='ltr' id='par_1_78' title="bbox 1894 3439 3396 3512">
     <span class='ocr_line' id='line_1_78' title="bbox 1894 3439 3396 3512; baseline -0.005 -15"><span class='ocrx_word' id='word_1_510' title='bbox 1894 3444 1981 3498; x_wconf 74' lang='grc'><strong>43.</strong></span> <span class='ocrx_word' id='word_1_511' title='bbox 2013 3442 2235 3512; x_wconf 83' lang='lat' dir='ltr'><strong>Equites</strong></span> <span class='ocrx_word' id='word_1_512' title='bbox 2260 3443 2312 3495; x_wconf 93' lang='lat' dir='ltr'><strong>iu</strong></span> <span class='ocrx_word' id='word_1_513' title='bbox 2343 3443 2530 3495; x_wconf 84' lang='lat' dir='ltr'><strong>liostili</strong></span> <span class='ocrx_word' id='word_1_514' title='bbox 2556 3442 2800 3510; x_wconf 80' lang='lat' dir='ltr'><strong>regione,</strong></span> <span class='ocrx_word' id='word_1_515' title='bbox 2833 3440 3028 3494; x_wconf 89' lang='lat' dir='ltr'><strong>messis</strong></span> <span class='ocrx_word' id='word_1_516' title='bbox 3052 3439 3396 3508; x_wconf 85' lang='lat' dir='ltr'><strong>potissimum</strong></span> 
     </span>
    </p>
   </div>
   <div class='ocr_carea' id='block_1_79' title="bbox 1823 3531 3394 3602">
    <p class='ocr_par' dir='ltr' id='par_1_79' title="bbox 1823 3531 3394 3602">
     <span class='ocr_line' id='line_1_79' title="bbox 1823 3531 3394 3602; baseline -0.001 -16"><span class='ocrx_word' id='word_1_517' title='bbox 1823 3544 2086 3602; x_wconf 79' lang='lat' dir='ltr'><strong>tempore,</strong></span> <span class='ocrx_word' id='word_1_518' title='bbox 2141 3535 2592 3601; x_wconf 76' lang='lat' dir='ltr'><strong>incircumsperte</strong></span> <span class='ocrx_word' id='word_1_519' title='bbox 2635 3543 2958 3600; x_wconf 36' lang='lat' dir='ltr'><strong>tcmereque,</strong></span> <span class='ocrx_word' id='word_1_520' title='bbox 2987 3531 3169 3600; x_wconf 82' lang='lat' dir='ltr'><strong>vagari</strong></span> <span class='ocrx_word' id='word_1_521' title='bbox 3211 3531 3394 3590; x_wconf 89' lang='lat' dir='ltr'><strong>latius.</strong></span> 
     </span>
    </p>
   </div>
   <div class='ocr_carea' id='block_1_80' title="bbox 1824 3621 3392 3690">
    <p class='ocr_par' dir='ltr' id='par_1_80' title="bbox 1824 3621 3392 3690">
     <span class='ocr_line' id='line_1_80' title="bbox 1824 3621 3392 3690; baseline -0.001 -16"><span class='ocrx_word' id='word_1_522' title='bbox 1824 3623 1926 3676; x_wconf 87' lang='lat' dir='ltr'><strong>nisi</strong></span> <span class='ocrx_word' id='word_1_523' title='bbox 1960 3625 2008 3675; x_wconf 92' lang='lat' dir='ltr'><strong>id</strong></span> <span class='ocrx_word' id='word_1_524' title='bbox 2062 3624 2359 3677; x_wconf 86' lang='lat' dir='ltr'><strong>necessitas</strong></span> <span class='ocrx_word' id='word_1_525' title='bbox 2409 3623 2671 3690; x_wconf 87' lang='lat' dir='ltr'><strong>requirat,</strong></span> <span class='ocrx_word' id='word_1_526' title='bbox 2726 3621 2950 3674; x_wconf 86' lang='lat' dir='ltr'><strong>minime</strong></span> <span class='ocrx_word' id='word_1_527' title='bbox 3001 3621 3392 3690; x_wconf 87' lang='lat' dir='ltr'><strong>permittimus.</strong></span> 
     </span>
    </p>
   </div>
   <div class='ocr_carea' id='block_1_81' title="bbox 1821 3711 3396 3782">
    <p class='ocr_par' dir='ltr' id='par_1_81' title="bbox 1821 3711 3396 3782">
     <span class='ocr_line' id='line_1_81' title="bbox 1821 3711 3396 3782; baseline -0.003 -15"><span class='ocrx_word' id='word_1_528' title='bbox 1821 3715 1974 3779; x_wconf 76' lang='lat' dir='ltr'><strong>Quud</strong></span> <span class='ocrx_word' id='word_1_529' title='bbox 2002 3717 2046 3766; x_wconf 81' lang='lat' dir='ltr'><strong>si</strong></span> <span class='ocrx_word' id='word_1_530' title='bbox 2087 3716 2236 3768; x_wconf 90' lang='lat' dir='ltr'><strong>locus</strong></span> <span class='ocrx_word' id='word_1_531' title='bbox 2272 3715 2467 3782; x_wconf 76' lang='lat' dir='ltr'><strong>aliquis</strong></span> <span class='ocrx_word' id='word_1_532' title='bbox 2504 3712 2661 3766; x_wconf 81' lang='lat' dir='ltr'><strong>fuerit</strong></span> <span class='ocrx_word' id='word_1_533' title='bbox 2694 3713 2761 3766; x_wconf 88' lang='lat' dir='ltr'><strong>ad</strong></span> <span class='ocrx_word' id='word_1_534' title='bbox 2795 3713 2958 3766; x_wconf 92' lang='lat' dir='ltr'><strong>unius</strong></span> <span class='ocrx_word' id='word_1_535' title='bbox 2992 3711 3240 3766; x_wconf 88' lang='lat' dir='ltr'><strong>milliaris</strong></span> <span class='ocrx_word' id='word_1_536' title='bbox 3277 3713 3396 3764; x_wconf 90' lang='lat' dir='ltr'><strong>lon-</strong></span> 
     </span>
    </p>
   </div>
   <div class='ocr_carea' id='block_1_82' title="bbox 1822 3801 3396 3873">
    <p class='ocr_par' dir='ltr' id='par_1_82' title="bbox 1822 3801 3396 3873">
     <span class='ocr_line' id='line_1_82' title="bbox 1822 3801 3396 3873; baseline 0.001 -21"><span class='ocrx_word' id='word_1_537' title='bbox 1822 3805 2144 3873; x_wconf 76' lang='lat' dir='ltr'><strong>gitudinem,</strong></span> <span class='ocrx_word' id='word_1_538' title='bbox 2182 3806 2233 3857; x_wconf 89' lang='lat' dir='ltr'><strong>in</strong></span> <span class='ocrx_word' id='word_1_539' title='bbox 2261 3821 2368 3873; x_wconf 90' lang='lat' dir='ltr'><strong>quo</strong></span> <span class='ocrx_word' id='word_1_540' title='bbox 2431 3803 2639 3871; x_wconf 86' lang='lat' dir='ltr'><strong>pedites</strong></span> <span class='ocrx_word' id='word_1_541' title='bbox 2680 3805 2757 3856; x_wconf 86' lang='lat' dir='ltr'><strong>ire</strong></span> <span class='ocrx_word' id='word_1_542' title='bbox 2783 3811 3038 3872; x_wconf 86' lang='lat' dir='ltr'><strong>possunt,</strong></span> <span class='ocrx_word' id='word_1_543' title='bbox 3061 3801 3396 3858; x_wconf 85' lang='lat' dir='ltr'><strong>descendant</strong></span> 
     </span>
    </p>
   </div>
   <div class='ocr_carea' id='block_1_83' title="bbox 1825 3894 2902 3964">
    <p class='ocr_par' dir='ltr' id='par_1_83' title="bbox 1825 3894 2902 3964">
     <span class='ocr_line' id='line_1_83' title="bbox 1825 3894 2902 3964; baseline -0.003 -15"><span class='ocrx_word' id='word_1_544' title='bbox 1825 3905 1935 3949; x_wconf 87' lang='lat' dir='ltr'><strong>tum</strong></span> <span class='ocrx_word' id='word_1_545' title='bbox 1968 3896 2192 3964; x_wconf 78' lang='lat' dir='ltr'><strong>equites,</strong></span> <span class='ocrx_word' id='word_1_546' title='bbox 2227 3904 2279 3949; x_wconf 89' lang='lat' dir='ltr'><strong>et</strong></span> <span class='ocrx_word' id='word_1_547' title='bbox 2309 3895 2477 3948; x_wconf 87' lang='lat' dir='ltr'><strong>libere</strong></span> <span class='ocrx_word' id='word_1_548' title='bbox 2497 3894 2726 3962; x_wconf 90' lang='lat' dir='ltr'><strong>pedibus</strong></span> <span class='ocrx_word' id='word_1_549' title='bbox 2757 3902 2902 3947; x_wconf 86' lang='lat' dir='ltr'><strong>eant.</strong></span> 
     </span>
    </p>
   </div>
   <div class='ocr_carea' id='block_1_84' title="bbox 1893 4069 3395 4139">
    <p class='ocr_par' dir='ltr' id='par_1_84' title="bbox 1893 4069 3395 4139">
     <span class='ocr_line' id='line_1_84' title="bbox 1893 4069 3395 4139; baseline 0 -16"><span class='ocrx_word' id='word_1_550' title='bbox 1893 4071 1980 4123; x_wconf 66' lang='grc' dir='ltr'><strong>Η.</strong></span> <span class='ocrx_word' id='word_1_551' title='bbox 2033 4070 2270 4136; x_wconf 86' lang='lat' dir='ltr'><strong>Angusta</strong></span> <span class='ocrx_word' id='word_1_552' title='bbox 2321 4079 2376 4123; x_wconf 83' lang='lat' dir='ltr'><strong>et</strong></span> <span class='ocrx_word' id='word_1_553' title='bbox 2417 4069 2654 4122; x_wconf 85' lang='lat' dir='ltr'><strong>dillicilia</strong></span> <span class='ocrx_word' id='word_1_554' title='bbox 2695 4070 2813 4123; x_wconf 90' lang='lat' dir='ltr'><strong>loca</strong></span> <span class='ocrx_word' id='word_1_555' title='bbox 2860 4083 2922 4123; x_wconf 86' lang='lat' dir='ltr'><strong>ea</strong></span> <span class='ocrx_word' id='word_1_556' title='bbox 2975 4069 3218 4132; x_wconf 89' lang='lat' dir='ltr'><strong>nomino,</strong></span> <span class='ocrx_word' id='word_1_557' title='bbox 3272 4085 3395 4139; x_wconf 76' lang='lat' dir='ltr'><strong>qua:</strong></span> 
     </span>
    </p>
   </div>
   <div class='ocr_carea' id='block_1_85' title="bbox 1825 4159 3394 4229">
    <p class='ocr_par' dir='ltr' id='par_1_85' title="bbox 1825 4159 3394 4229">
     <span class='ocr_line' id='line_1_85' title="bbox 1825 4159 3394 4229; baseline -0.002 -14"><span class='ocrx_word' id='word_1_558' title='bbox 1825 4177 1986 4215; x_wconf 88' lang='lat' dir='ltr'><strong>uuam</strong></span> <span class='ocrx_word' id='word_1_559' title='bbox 2036 4171 2244 4215; x_wconf 91' lang='lat' dir='ltr'><strong>tantum</strong></span> <span class='ocrx_word' id='word_1_560' title='bbox 2294 4161 2433 4214; x_wconf 70' lang='lat' dir='ltr'><strong>riam</strong></span> <span class='ocrx_word' id='word_1_561' title='bbox 2460 4171 2513 4215; x_wconf 90' lang='lat' dir='ltr'><strong>et</strong></span> <span class='ocrx_word' id='word_1_562' title='bbox 2555 4161 2844 4215; x_wconf 80' lang='lat' dir='ltr'><strong>transitum</strong></span> <span class='ocrx_word' id='word_1_563' title='bbox 2881 4161 3102 4214; x_wconf 83' lang='lat' dir='ltr'><strong>habent.</strong></span> <span class='ocrx_word' id='word_1_564' title='bbox 3139 4159 3234 4213; x_wconf 89' lang='lat' dir='ltr'><strong>Sin</strong></span> <span class='ocrx_word' id='word_1_565' title='bbox 3273 4161 3394 4229; x_wconf 84' lang='lat' dir='ltr'><strong>plu-</strong></span> 
     </span>
    </p>
   </div>
   <div class='ocr_carea' id='block_1_86' title="bbox 1824 4245 3395 4316">
    <p class='ocr_par' dir='ltr' id='par_1_86' title="bbox 1824 4245 3395 4316">
     <span class='ocr_line' id='line_1_86' title="bbox 1824 4245 3395 4316; baseline 0.001 -17"><span class='ocrx_word' id='word_1_566' title='bbox 1824 4264 1909 4300; x_wconf 79' lang='lat' dir='ltr'><strong>res</strong></span> <span class='ocrx_word' id='word_1_567' title='bbox 1940 4247 2069 4310; x_wconf 87' lang='lat' dir='ltr'><strong>sint,</strong></span> <span class='ocrx_word' id='word_1_568' title='bbox 2117 4256 2212 4299; x_wconf 87' lang='lat' dir='ltr'><strong>aut</strong></span> <span class='ocrx_word' id='word_1_569' title='bbox 2242 4245 2357 4300; x_wconf 81' lang='lat' dir='ltr'><strong>fieri</strong></span> <span class='ocrx_word' id='word_1_570' title='bbox 2403 4256 2680 4316; x_wconf 82' lang='lat' dir='ltr'><strong>poterunt,</strong></span> <span class='ocrx_word' id='word_1_571' title='bbox 2718 4247 2987 4301; x_wconf 81' lang='lat' dir='ltr'><strong>transitus</strong></span> <span class='ocrx_word' id='word_1_572' title='bbox 3038 4246 3174 4301; x_wconf 86' lang='lat' dir='ltr'><strong>satis</strong></span> <span class='ocrx_word' id='word_1_573' title='bbox 3217 4246 3395 4301; x_wconf 79' lang='lat' dir='ltr'><strong>bonus</strong></span> 
     </span>
    </p>
   </div>
   <div class='ocr_carea' id='block_1_87' title="bbox 1821 4337 2371 4406">
    <p class='ocr_par' dir='ltr' id='par_1_87' title="bbox 1821 4337 2371 4406">
     <span class='ocr_line' id='line_1_87' title="bbox 1821 4337 2371 4406; baseline -0.004 -14"><span class='ocrx_word' id='word_1_574' title='bbox 1821 4353 1944 4392; x_wconf 89' lang='lat' dir='ltr'><strong>esse</strong></span> <span class='ocrx_word' id='word_1_575' title='bbox 1968 4337 2241 4406; x_wconf 89' lang='lat' dir='ltr'><strong>putandus</strong></span> <span class='ocrx_word' id='word_1_576' title='bbox 2266 4346 2371 4392; x_wconf 89' lang='lat' dir='ltr'><strong>est.</strong></span> 
     </span>
    </p>
   </div>
   <div class='ocr_carea' id='block_1_88' title="bbox 1898 4427 3392 4499">
    <p class='ocr_par' dir='ltr' id='par_1_88' title="bbox 1898 4427 3392 4499">
     <span class='ocr_line' id='line_1_88' title="bbox 1898 4427 3392 4499; baseline 0.001 -19"><span class='ocrx_word' id='word_1_577' title='bbox 1898 4427 1987 4480; x_wconf 70' lang='grc'><strong>45.</strong></span> <span class='ocrx_word' id='word_1_578' title='bbox 2032 4427 2087 4480; x_wconf 88' lang='lat' dir='ltr'><strong>Si</strong></span> <span class='ocrx_word' id='word_1_579' title='bbox 2121 4437 2426 4495; x_wconf 88' lang='lat' dir='ltr'><strong>opportune</strong></span> <span class='ocrx_word' id='word_1_580' title='bbox 2457 4427 2691 4482; x_wconf 83' lang='lat' dir='ltr'><strong>dillicilia</strong></span> <span class='ocrx_word' id='word_1_581' title='bbox 2723 4429 2976 4497; x_wconf 84' lang='lat' dir='ltr'><strong>quaedam</strong></span> <span class='ocrx_word' id='word_1_582' title='bbox 3029 4437 3194 4498; x_wconf 86' lang='lat' dir='ltr'><strong>atque</strong></span> <span class='ocrx_word' id='word_1_583' title='bbox 3226 4442 3392 4499; x_wconf 65' lang='lat' dir='ltr'><strong>anguo</strong></span> 
     </span>
    </p>
   </div>
   <div class='ocr_carea' id='block_1_89' title="bbox 148 4518 1729 4596">
    <p class='ocr_par' dir='ltr' id='par_1_89' title="bbox 148 4518 1723 4596">
     <span class='ocr_line' id='line_1_89' title="bbox 148 4518 1723 4596; baseline 0.006 -26"><span class='ocrx_word' id='word_1_584' title='bbox 148 4518 241 4570; x_wconf 72' lang='grc' dir='ltr'>καὶ</span> <span class='ocrx_word' id='word_1_585' title='bbox 271 4518 359 4570; x_wconf 75' lang='grc' dir='ltr'><strong>διὰ</strong></span> <span class='ocrx_word' id='word_1_586' title='bbox 390 4519 496 4571; x_wconf 85' lang='grc' dir='ltr'><strong>τῶν</strong></span> <span class='ocrx_word' id='word_1_587' title='bbox 528 4521 704 4573; x_wconf 83' lang='grc' dir='ltr'>αὑτῶν</span> <span class='ocrx_word' id='word_1_588' title='bbox 737 4522 897 4574; x_wconf 88' lang='grc' dir='ltr'>πάλιν</span> <span class='ocrx_word' id='word_1_589' title='bbox 929 4523 1108 4576; x_wconf 82' lang='grc' dir='ltr'>τόπων</span> <span class='ocrx_word' id='word_1_590' title='bbox 1148 4523 1328 4592; x_wconf 81' lang='grc' dir='ltr'>μέλλει</span> <span class='ocrx_word' id='word_1_591' title='bbox 1363 4525 1723 4596; x_wconf 78' lang='grc' dir='ltr'>ὑποστρέφειν</span> 
     </span>
    </p>
   </div>
   <div class='ocr_carea' id='block_1_90' title="bbox 1826 4518 3390 4596">
    <p class='ocr_par' dir='ltr' id='par_1_90' title="bbox 1827 4519 3390 4589">
     <span class='ocr_line' id='line_1_90' title="bbox 1827 4519 3390 4589; baseline 0 -15"><span class='ocrx_word' id='word_1_592' title='bbox 1827 4529 1908 4574; x_wconf 90' lang='lat' dir='ltr'><strong>sta</strong></span> <span class='ocrx_word' id='word_1_593' title='bbox 1944 4519 2061 4572; x_wconf 88' lang='lat' dir='ltr'><strong>loca</strong></span> <span class='ocrx_word' id='word_1_594' title='bbox 2088 4521 2376 4583; x_wconf 84' lang='lat' dir='ltr'><strong>trausiisti,</strong></span> <span class='ocrx_word' id='word_1_595' title='bbox 2411 4534 2509 4589; x_wconf 91' lang='lat' dir='ltr'><strong>per</strong></span> <span class='ocrx_word' id='word_1_596' title='bbox 2536 4535 2659 4588; x_wconf 66' lang='lat' dir='ltr'><strong>quae</strong></span> <span class='ocrx_word' id='word_1_597' title='bbox 2692 4521 2784 4574; x_wconf 91' lang='lat' dir='ltr'><strong>tibi</strong></span> <span class='ocrx_word' id='word_1_598' title='bbox 2821 4523 3019 4574; x_wconf 90' lang='lat' dir='ltr'><strong>iterum</strong></span> <span class='ocrx_word' id='word_1_599' title='bbox 3053 4522 3390 4576; x_wconf 89' lang='lat' dir='ltr'><strong>redeundum</strong></span> 
     </span>
    </p>
   </div>
   <div class='ocr_carea' id='block_1_91' title="bbox 144 4607 1726 4682">
    <p class='ocr_par' dir='ltr' id='par_1_91' title="bbox 144 4607 1726 4682">
     <span class='ocr_line' id='line_1_91' title="bbox 144 4607 1726 4682; baseline 0.008 -23"><span class='ocrx_word' id='word_1_600' title='bbox 144 4610 172 4660; x_wconf 87' lang='grc' dir='ltr'><strong>ό</strong></span> <span class='ocrx_word' id='word_1_601' title='bbox 201 4607 456 4677; x_wconf 80' lang='grc' dir='ltr'>στρατὸς,</span> <span class='ocrx_word' id='word_1_602' title='bbox 500 4610 548 4661; x_wconf 88' lang='grc' dir='ltr'><strong>εί</strong></span> <span class='ocrx_word' id='word_1_603' title='bbox 575 4610 674 4678; x_wconf 69' lang='grc' dir='ltr'>μὲν</span> <span class='ocrx_word' id='word_1_604' title='bbox 723 4610 903 4673; x_wconf 84' lang='grc' dir='ltr'>δασεῖς</span> <span class='ocrx_word' id='word_1_605' title='bbox 949 4615 1075 4674; x_wconf 85' lang='grc' dir='ltr'>είσι,</span> <span class='ocrx_word' id='word_1_606' title='bbox 1115 4612 1206 4664; x_wconf 74' lang='grc' dir='ltr'>καὶ</span> <span class='ocrx_word' id='word_1_607' title='bbox 1249 4613 1336 4664; x_wconf 79' lang='grc' dir='ltr'>ἐπ’</span> <span class='ocrx_word' id='word_1_608' title='bbox 1390 4615 1568 4682; x_wconf 87' lang='grc' dir='ltr'>ὀλίγον</span> <span class='ocrx_word' id='word_1_609' title='bbox 1613 4617 1726 4671; x_wconf 68' lang='lat'><strong>6.5:-</strong></span> 
     </span>
    </p>
   </div>
   <div class='ocr_carea' id='block_1_92' title="bbox 148 4698 1722 4773">
    <p class='ocr_par' dir='ltr' id='par_1_92' title="bbox 148 4698 1722 4773">
     <span class='ocr_line' id='line_1_92' title="bbox 148 4698 1722 4773; baseline 0.007 -24"><span class='ocrx_word' id='word_1_610' title='bbox 148 4715 351 4767; x_wconf 79' lang='grc' dir='ltr'>στημα,</span> <span class='ocrx_word' id='word_1_611' title='bbox 405 4699 480 4762; x_wconf 85' lang='grc' dir='ltr'>ὡς</span> <span class='ocrx_word' id='word_1_612' title='bbox 534 4698 783 4770; x_wconf 77' lang='grc' dir='ltr'>εἴρηται,</span> <span class='ocrx_word' id='word_1_613' title='bbox 843 4702 1146 4773; x_wconf 74' lang='grc' dir='ltr'>κρατοῦσι,</span> <span class='ocrx_word' id='word_1_614' title='bbox 1203 4703 1424 4768; x_wconf 69' lang='grc' dir='ltr'>τούτους</span> <span class='ocrx_word' id='word_1_615' title='bbox 1455 4709 1594 4760; x_wconf 82' lang='grc' dir='ltr'><strong>κατά</strong></span> <span class='ocrx_word' id='word_1_616' title='bbox 1630 4709 1722 4760; x_wconf 78' lang='grc' dir='ltr'>τὸν</span> 
     </span>
    </p>
   </div>
   <div class='ocr_carea' id='block_1_93' title="bbox 146 4785 1719 4857">
    <p class='ocr_par' dir='ltr' id='par_1_93' title="bbox 146 4785 1719 4857">
     <span class='ocr_line' id='line_1_93' title="bbox 146 4785 1719 4857; baseline 0.007 -19"><span class='ocrx_word' id='word_1_617' title='bbox 146 4785 343 4856; x_wconf 83' lang='grc' dir='ltr'>καιρδν</span> <span class='ocrx_word' id='word_1_618' title='bbox 380 4787 478 4857; x_wconf 81' lang='grc' dir='ltr'>τῆς</span> <span class='ocrx_word' id='word_1_619' title='bbox 502 4788 623 4841; x_wconf 76' lang='grc' dir='ltr'>ὁδοῦ</span> <span class='ocrx_word' id='word_1_620' title='bbox 676 4789 931 4853; x_wconf 74' lang='grc' dir='ltr'>ἐκκοπτε,</span> <span class='ocrx_word' id='word_1_621' title='bbox 982 4793 1076 4844; x_wconf 61' lang='grc' dir='ltr'><strong>καὶ⁵</strong></span> <span class='ocrx_word' id='word_1_622' title='bbox 1115 4791 1370 4855; x_wconf 88' lang='grc' dir='ltr'>πλάτυνε,</span> <span class='ocrx_word' id='word_1_623' title='bbox 1420 4796 1514 4846; x_wconf 75' lang='grc' dir='ltr'>καὶ</span> <span class='ocrx_word' id='word_1_624' title='bbox 1550 4797 1719 4848; x_wconf 74' lang='grc' dir='ltr'>καθά-</span> 
     </span>
    </p>
   </div>
   <div class='ocr_carea' id='block_1_94' title="bbox 149 4875 1720 4952">
    <p class='ocr_par' dir='ltr' id='par_1_94' title="bbox 149 4875 1720 4952">
     <span class='ocr_line' id='line_1_94' title="bbox 149 4875 1720 4952; baseline 0.008 -24"><span class='ocrx_word' id='word_1_625' title='bbox 149 4875 264 4943; x_wconf 79' lang='grc' dir='ltr'>ριζς</span> <span class='ocrx_word' id='word_1_626' title='bbox 297 4876 440 4930; x_wconf 89' lang='grc' dir='ltr'><strong>κατά</strong></span> <span class='ocrx_word' id='word_1_627' title='bbox 483 4877 572 4932; x_wconf 80' lang='grc' dir='ltr'>τὸν</span> <span class='ocrx_word' id='word_1_628' title='bbox 609 4879 954 4949; x_wconf 85' lang='grc' dir='ltr'>ἐνδεχόμενον</span> <span class='ocrx_word' id='word_1_629' title='bbox 987 4883 1202 4952; x_wconf 87' lang='grc' dir='ltr'>τρόπον.</span> <span class='ocrx_word' id='word_1_630' title='bbox 1239 4886 1300 4936; x_wconf 79' lang='lat' dir='ltr'><strong>Ei</strong></span> <span class='ocrx_word' id='word_1_631' title='bbox 1325 4884 1382 4936; x_wconf 80' lang='grc' dir='ltr'>δὲ</span> <span class='ocrx_word' id='word_1_632' title='bbox 1422 4887 1598 4938; x_wconf 70' lang='grc' dir='ltr'>στενοὶ</span> <span class='ocrx_word' id='word_1_633' title='bbox 1628 4890 1720 4940; x_wconf 78' lang='grc' dir='ltr'>καὶ</span> 
     </span>
    </p>
   </div>
   <div class='ocr_carea' id='block_1_95' title="bbox 147 4966 1723 5038">
    <p class='ocr_par' dir='ltr' id='par_1_95' title="bbox 147 4966 1723 5038">
     <span class='ocr_line' id='line_1_95' title="bbox 147 4966 1723 5038; baseline 0.006 -22"><span class='ocrx_word' id='word_1_634' title='bbox 147 4966 529 5034; x_wconf 81' lang='grc' dir='ltr'>κρημνώδεις,</span> <span class='ocrx_word' id='word_1_635' title='bbox 583 4967 723 5020; x_wconf 82' lang='grc' dir='ltr'>ὥστε</span> <span class='ocrx_word' id='word_1_636' title='bbox 780 4968 854 5038; x_wconf 84' lang='grc' dir='ltr'>μὴ</span> <span class='ocrx_word' id='word_1_637' title='bbox 904 4969 1267 5024; x_wconf 81' lang='grc' dir='ltr'>πλατύνεσθαι</span> <span class='ocrx_word' id='word_1_638' title='bbox 1317 4971 1610 5034; x_wconf 76' lang='grc' dir='ltr'>δύνανται,</span> <span class='ocrx_word' id='word_1_639' title='bbox 1649 4977 1723 5036; x_wconf 82' lang='grc' dir='ltr'>ὼς</span> 
     </span>
    </p>
   </div>
   <div class='ocr_carea' id='block_1_96' title="bbox 146 5053 1726 5130">
    <p class='ocr_par' dir='ltr' id='par_1_96' title="bbox 146 5053 1726 5130">
     <span class='ocr_line' id='line_1_96' title="bbox 146 5053 1726 5130; baseline 0.008 -25"><span class='ocrx_word' id='word_1_640' title='bbox 146 5053 405 5124; x_wconf 75' lang='grc' dir='ltr'>ἀνωτέρω</span> <span class='ocrx_word' id='word_1_641' title='bbox 426 5058 558 5125; x_wconf 74' lang='grc' dir='ltr'>ἡμῖν</span> <span class='ocrx_word' id='word_1_642' title='bbox 585 5058 797 5127; x_wconf 78' lang='grc' dir='ltr'>εἴρηται</span> <span class='ocrx_word' id='word_1_643' title='bbox 833 5099 846 5119; x_wconf 85' lang='grc'><strong>,</strong></span> <span class='ocrx_word' id='word_1_644' title='bbox 879 5061 1369 5130; x_wconf 84' lang='grc' dir='ltr'>προκαταλάμϐανε</span> <span class='ocrx_word' id='word_1_645' title='bbox 1419 5063 1612 5126; x_wconf 73' lang='grc' dir='ltr'>αὐτοὺς</span> <span class='ocrx_word' id='word_1_646' title='bbox 1638 5064 1726 5117; x_wconf 82' lang='grc' dir='ltr'><strong>διά</strong></span> 
     </span>
    </p>
   </div>
   <div class='ocr_carea' id='block_1_97' title="bbox 145 5143 1725 5223">
    <p class='ocr_par' dir='ltr' id='par_1_97' title="bbox 145 5143 1725 5223">
     <span class='ocr_line' id='line_1_97' title="bbox 145 5143 1725 5223; baseline 0.008 -28"><span class='ocrx_word' id='word_1_647' title='bbox 145 5160 290 5206; x_wconf 86' lang='grc' dir='ltr'>τινος</span> <span class='ocrx_word' id='word_1_648' title='bbox 322 5143 556 5214; x_wconf 81' lang='grc' dir='ltr'>πεζικῆς</span> <span class='ocrx_word' id='word_1_649' title='bbox 617 5147 931 5218; x_wconf 85' lang='grc' dir='ltr'>δυνάμεως,</span> <span class='ocrx_word' id='word_1_650' title='bbox 989 5152 1082 5203; x_wconf 81' lang='grc' dir='ltr'>καὶ</span> <span class='ocrx_word' id='word_1_651' title='bbox 1127 5153 1184 5203; x_wconf 80' lang='grc' dir='ltr'><strong>ἐν</strong></span> <span class='ocrx_word' id='word_1_652' title='bbox 1231 5154 1343 5214; x_wconf 87' lang='grc' dir='ltr'>τοῖς</span> <span class='ocrx_word' id='word_1_653' title='bbox 1375 5152 1725 5223; x_wconf 67' lang='grc' dir='ltr'>ὑψηλοτέροις</span> 
     </span>
    </p>
   </div>
   <div class='ocr_carea' id='block_1_98' title="bbox 148 5240 1722 5321">
    <p class='ocr_par' dir='ltr' id='par_1_98' title="bbox 148 5240 1722 5321">
     <span class='ocr_line' id='line_1_98' title="bbox 148 5240 1722 5321; baseline 0.008 -30"><span class='ocrx_word' id='word_1_654' title='bbox 148 5240 330 5292; x_wconf 79' lang='grc' dir='ltr'>αὐτῶν</span> <span class='ocrx_word' id='word_1_655' title='bbox 372 5243 557 5305; x_wconf 86' lang='grc' dir='ltr'>τόποις</span> <span class='ocrx_word' id='word_1_656' title='bbox 601 5244 701 5312; x_wconf 82' lang='grc' dir='ltr'>τὴν</span> <span class='ocrx_word' id='word_1_657' title='bbox 733 5245 1009 5315; x_wconf 77' lang='grc' dir='ltr'>ἀρκοῦσαν</span> <span class='ocrx_word' id='word_1_658' title='bbox 1040 5249 1416 5318; x_wconf 84' lang='grc' dir='ltr'>καταλίμπανε</span> <span class='ocrx_word' id='word_1_659' title='bbox 1465 5252 1722 5321; x_wconf 80' lang='grc' dir='ltr'>ἀσφαλῶς</span> 
     </span>
    </p>
   </div>
   <div class='ocr_carea' id='block_1_99' title="bbox 150 5328 1718 5410">
    <p class='ocr_par' dir='ltr' id='par_1_99' title="bbox 150 5328 1718 5410">
     <span class='ocr_line' id='line_1_99' title="bbox 150 5328 1718 5410; baseline 0.009 -30"><span class='ocrx_word' id='word_1_660' title='bbox 150 5328 429 5400; x_wconf 82' lang='grc' dir='ltr'>βοήθειαν,</span> <span class='ocrx_word' id='word_1_661' title='bbox 461 5333 494 5399; x_wconf 80' lang='grc' dir='ltr'>ἢ</span> <span class='ocrx_word' id='word_1_662' title='bbox 520 5334 682 5402; x_wconf 68' lang='grc' dir='ltr'>τυχὸν</span> <span class='ocrx_word' id='word_1_663' title='bbox 709 5337 803 5388; x_wconf 73' lang='grc' dir='ltr'>καὶ</span> <span class='ocrx_word' id='word_1_664' title='bbox 849 5337 937 5388; x_wconf 76' lang='grc' dir='ltr'>διὰ</span> <span class='ocrx_word' id='word_1_665' title='bbox 967 5337 1343 5409; x_wconf 81' lang='grc' dir='ltr'>καϐαλλαρίων</span> <span class='ocrx_word' id='word_1_666' title='bbox 1403 5340 1566 5410; x_wconf 83' lang='grc' dir='ltr'>μέχρι</span> <span class='ocrx_word' id='word_1_667' title='bbox 1621 5341 1718 5410; x_wconf 79' lang='grc' dir='ltr'>τῆς</span> 
     </span>
    </p>
   </div>
   <div class='ocr_carea' id='block_1_100' title="bbox 150 5420 1724 5498">
    <p class='ocr_par' dir='ltr' id='par_1_100' title="bbox 150 5420 1724 5498">
     <span class='ocr_line' id='line_1_100' title="bbox 150 5420 1724 5498; baseline 0.008 -27"><span class='ocrx_word' id='word_1_668' title='bbox 150 5420 526 5493; x_wconf 79' lang='grc' dir='ltr'>ὑποστροφῆς,</span> <span class='ocrx_word' id='word_1_669' title='bbox 551 5423 693 5493; x_wconf 75' lang='grc' dir='ltr'>ἧκαὶ</span> <span class='ocrx_word' id='word_1_670' title='bbox 712 5424 868 5478; x_wconf 78' lang='grc' dir='ltr'>τοῦτο</span> <span class='ocrx_word' id='word_1_671' title='bbox 897 5429 1116 5481; x_wconf 70' lang='grc' dir='ltr'>κάκεῖνο</span> <span class='ocrx_word' id='word_1_672' title='bbox 1145 5432 1314 5482; x_wconf 84' lang='grc' dir='ltr'>ποιεῖν</span> <span class='ocrx_word' id='word_1_673' title='bbox 1343 5430 1403 5481; x_wconf 83' lang='grc' dir='ltr'>ἑν</span> <span class='ocrx_word' id='word_1_674' title='bbox 1425 5434 1536 5493; x_wconf 85' lang='grc' dir='ltr'>τοῖς</span> <span class='ocrx_word' id='word_1_675' title='bbox 1557 5433 1724 5498; x_wconf 87' lang='grc' dir='ltr'>ἀναγ-</span> 
     </span>
    </p>
   </div>
   <div class='ocr_carea' id='block_1_101' title="bbox 153 5512 1726 5590">
    <p class='ocr_par' dir='ltr' id='par_1_101' title="bbox 153 5512 1726 5590">
     <span class='ocr_line' id='line_1_101' title="bbox 153 5512 1726 5590; baseline 0.008 -27"><span class='ocrx_word' id='word_1_676' title='bbox 153 5512 462 5582; x_wconf 76' lang='grc' dir='ltr'>καιατέροις</span> <span class='ocrx_word' id='word_1_677' title='bbox 487 5513 694 5579; x_wconf 86' lang='grc' dir='ltr'>τόποις,</span> <span class='ocrx_word' id='word_1_678' title='bbox 725 5517 1002 5570; x_wconf 83' lang='grc' dir='ltr'>τουτέστιν</span> <span class='ocrx_word' id='word_1_679' title='bbox 1033 5519 1339 5584; x_wconf 85' lang='grc' dir='ltr'>ἐκκόπτειν,</span> <span class='ocrx_word' id='word_1_680' title='bbox 1359 5521 1528 5590; x_wconf 70' lang='grc' dir='ltr'>ἤγουν</span> <span class='ocrx_word' id='word_1_681' title='bbox 1557 5522 1726 5576; x_wconf 88' lang='grc' dir='ltr'>καθα-</span> 
     </span>
    </p>
   </div>
   <div class='ocr_carea' id='block_1_102' title="bbox 1822 4610 3394 4676">
    <p class='ocr_par' dir='ltr' id='par_1_102' title="bbox 1822 4610 3394 4676">
     <span class='ocr_line' id='line_1_102' title="bbox 1822 4610 3394 4676; baseline 0.001 -13"><span class='ocrx_word' id='word_1_682' title='bbox 1822 4619 1925 4672; x_wconf 83' lang='lat' dir='ltr'><strong>cst,</strong></span> <span class='ocrx_word' id='word_1_683' title='bbox 1980 4610 2025 4663; x_wconf 91' lang='lat' dir='ltr'><strong>si</strong></span> <span class='ocrx_word' id='word_1_684' title='bbox 2087 4610 2359 4663; x_wconf 77' lang='lat' dir='ltr'><strong>condensa</strong></span> <span class='ocrx_word' id='word_1_685' title='bbox 2407 4620 2463 4664; x_wconf 92' lang='lat' dir='ltr'><strong>et</strong></span> <span class='ocrx_word' id='word_1_686' title='bbox 2519 4610 2717 4664; x_wconf 82' lang='lat' dir='ltr'><strong>silvosa</strong></span> <span class='ocrx_word' id='word_1_687' title='bbox 2761 4610 2983 4676; x_wconf 78' lang='lat' dir='ltr'><strong>fuerint,</strong></span> <span class='ocrx_word' id='word_1_688' title='bbox 3038 4621 3093 4666; x_wconf 88' lang='lat' dir='ltr'><strong>et</strong></span> <span class='ocrx_word' id='word_1_689' title='bbox 3142 4627 3250 4666; x_wconf 91' lang='lat' dir='ltr'><strong>non</strong></span> <span class='ocrx_word' id='word_1_690' title='bbox 3298 4612 3394 4665; x_wconf 90' lang='lat' dir='ltr'><strong>im-</strong></span> 
     </span>
    </p>
   </div>
   <div class='ocr_carea' id='block_1_103' title="bbox 1823 4701 3388 4772">
    <p class='ocr_par' dir='ltr' id='par_1_103' title="bbox 1823 4701 3388 4772">
     <span class='ocr_line' id='line_1_103' title="bbox 1823 4701 3388 4772; baseline -0.001 -16"><span class='ocrx_word' id='word_1_691' title='bbox 1823 4718 2021 4757; x_wconf 73' lang='lat' dir='ltr'><strong>mensa:</strong></span> <span class='ocrx_word' id='word_1_692' title='bbox 2065 4702 2299 4768; x_wconf 86' lang='lat' dir='ltr'><strong>alicujus</strong></span> <span class='ocrx_word' id='word_1_693' title='bbox 2330 4703 2707 4771; x_wconf 82' lang='lat' dir='ltr'><strong>longitudinis,</strong></span> <span class='ocrx_word' id='word_1_694' title='bbox 2754 4703 2933 4772; x_wconf 90' lang='lat' dir='ltr'><strong>primo</strong></span> <span class='ocrx_word' id='word_1_695' title='bbox 2981 4701 3245 4757; x_wconf 78' lang='lat' dir='ltr'><strong>transitus</strong></span> <span class='ocrx_word' id='word_1_696' title='bbox 3291 4708 3388 4763; x_wconf 79' lang='lat' dir='ltr'><strong>tui,</strong></span> 
     </span>
    </p>
   </div>
   <div class='ocr_carea' id='block_1_104' title="bbox 1820 4793 3391 4864">
    <p class='ocr_par' dir='ltr' id='par_1_104' title="bbox 1820 4793 3391 4864">
     <span class='ocr_line' id='line_1_104' title="bbox 1820 4793 3391 4864; baseline 0.001 -19"><span class='ocrx_word' id='word_1_697' title='bbox 1820 4795 1998 4862; x_wconf 74' lang='lat' dir='ltr'><strong>quioad</strong></span> <span class='ocrx_word' id='word_1_698' title='bbox 2037 4793 2156 4862; x_wconf 85' lang='lat' dir='ltr'><strong>ejus</strong></span> <span class='ocrx_word' id='word_1_699' title='bbox 2189 4794 2302 4847; x_wconf 75' lang='lat' dir='ltr'><strong>ﬁeri</strong></span> <span class='ocrx_word' id='word_1_700' title='bbox 2333 4803 2534 4862; x_wconf 87' lang='lat' dir='ltr'><strong>potest,</strong></span> <span class='ocrx_word' id='word_1_701' title='bbox 2559 4794 2725 4858; x_wconf 61' lang='lat' dir='ltr'><strong>caede,</strong></span> <span class='ocrx_word' id='word_1_702' title='bbox 2757 4809 2950 4864; x_wconf 88' lang='lat' dir='ltr'><strong>purga,</strong></span> <span class='ocrx_word' id='word_1_703' title='bbox 2984 4795 3149 4848; x_wconf 91' lang='lat' dir='ltr'><strong>dilata</strong></span> <span class='ocrx_word' id='word_1_704' title='bbox 3177 4796 3391 4856; x_wconf 85' lang='lat' dir='ltr'><strong>locum;</strong></span> 
     </span>
    </p>
   </div>
   <div class='ocr_carea' id='block_1_105' title="bbox 1821 4885 3393 4956">
    <p class='ocr_par' dir='ltr' id='par_1_105' title="bbox 1821 4885 3393 4956">
     <span class='ocr_line' id='line_1_105' title="bbox 1821 4885 3393 4956; baseline 0 -18"><span class='ocrx_word' id='word_1_705' title='bbox 1821 4886 1904 4939; x_wconf 88' lang='lat' dir='ltr'><strong>siu</strong></span> <span class='ocrx_word' id='word_1_706' title='bbox 1939 4887 2141 4939; x_wconf 87' lang='lat' dir='ltr'><strong>arduus</strong></span> <span class='ocrx_word' id='word_1_707' title='bbox 2202 4900 2552 4954; x_wconf 64' lang='lat' dir='ltr'><strong>princepsque</strong></span> <span class='ocrx_word' id='word_1_708' title='bbox 2593 4885 2746 4940; x_wconf 92' lang='lat' dir='ltr'><strong>locus</strong></span> <span class='ocrx_word' id='word_1_709' title='bbox 2775 4885 2960 4951; x_wconf 78' lang='lat' dir='ltr'><strong>fuerit,</strong></span> <span class='ocrx_word' id='word_1_710' title='bbox 2992 4887 3196 4956; x_wconf 85' lang='lat' dir='ltr'><strong>quique</strong></span> <span class='ocrx_word' id='word_1_711' title='bbox 3230 4885 3393 4938; x_wconf 82' lang='lat' dir='ltr'><strong>latior</strong></span> 
     </span>
    </p>
   </div>
   <div class='ocr_carea' id='block_1_106' title="bbox 1827 4976 3391 5046">
    <p class='ocr_par' dir='ltr' id='par_1_106' title="bbox 1827 4976 3391 5046">
     <span class='ocr_line' id='line_1_106' title="bbox 1827 4976 3391 5046; baseline -0.003 -15"><span class='ocrx_word' id='word_1_712' title='bbox 1827 4979 1975 5031; x_wconf 90' lang='lat' dir='ltr'><strong>reddi</strong></span> <span class='ocrx_word' id='word_1_713' title='bbox 2027 4994 2137 5032; x_wconf 92' lang='lat' dir='ltr'><strong>nou</strong></span> <span class='ocrx_word' id='word_1_714' title='bbox 2189 4985 2386 5046; x_wconf 87' lang='lat' dir='ltr'><strong>potest,</strong></span> <span class='ocrx_word' id='word_1_715' title='bbox 2427 4976 2696 5044; x_wconf 65' lang='lat' dir='ltr'><strong>prmmitte</strong></span> <span class='ocrx_word' id='word_1_716' title='bbox 2749 4976 2984 5044; x_wconf 90' lang='lat' dir='ltr'><strong>aliquos.</strong></span> <span class='ocrx_word' id='word_1_717' title='bbox 3033 4977 3391 5044; x_wconf 86' lang='lat' dir='ltr'><strong>quemadmo-</strong></span> 
     </span>
    </p>
   </div>
   <div class='ocr_carea' id='block_1_107' title="bbox 1824 5066 3387 5135">
    <p class='ocr_par' dir='ltr' id='par_1_107' title="bbox 1824 5066 3387 5135">
     <span class='ocr_line' id='line_1_107' title="bbox 1824 5066 3387 5135; baseline -0.001 -15"><span class='ocrx_word' id='word_1_718' title='bbox 1824 5067 1951 5120; x_wconf 93' lang='lat' dir='ltr'><strong>dum</strong></span> <span class='ocrx_word' id='word_1_719' title='bbox 1981 5077 2107 5120; x_wconf 89' lang='lat' dir='ltr'><strong>ante</strong></span> <span class='ocrx_word' id='word_1_720' title='bbox 2135 5067 2339 5120; x_wconf 90' lang='lat' dir='ltr'><strong>dictum</strong></span> <span class='ocrx_word' id='word_1_721' title='bbox 2364 5075 2468 5130; x_wconf 90' lang='lat' dir='ltr'><strong>est,</strong></span> <span class='ocrx_word' id='word_1_722' title='bbox 2501 5080 2567 5120; x_wconf 82' lang='lat' dir='ltr'><strong>ex</strong></span> <span class='ocrx_word' id='word_1_723' title='bbox 2601 5066 2892 5133; x_wconf 87' lang='lat' dir='ltr'><strong>peditibus,</strong></span> <span class='ocrx_word' id='word_1_724' title='bbox 2925 5066 3018 5135; x_wconf 91' lang='lat' dir='ltr'><strong>qui</strong></span> <span class='ocrx_word' id='word_1_725' title='bbox 3050 5083 3174 5120; x_wconf 90' lang='lat' dir='ltr'><strong>eum</strong></span> <span class='ocrx_word' id='word_1_726' title='bbox 3209 5069 3387 5119; x_wconf 90' lang='lat' dir='ltr'><strong>locum</strong></span> 
     </span>
    </p>
   </div>
   <div class='ocr_carea' id='block_1_108' title="bbox 1823 5156 3387 5227">
    <p class='ocr_par' dir='ltr' id='par_1_108' title="bbox 1823 5156 3387 5227">
     <span class='ocr_line' id='line_1_108' title="bbox 1823 5156 3387 5227; baseline -0.003 -13"><span class='ocrx_word' id='word_1_727' title='bbox 1823 5165 2108 5227; x_wconf 89' lang='lat' dir='ltr'><strong>occupent,</strong></span> <span class='ocrx_word' id='word_1_728' title='bbox 2157 5157 2409 5212; x_wconf 86' lang='lat' dir='ltr'><strong>homines</strong></span> <span class='ocrx_word' id='word_1_729' title='bbox 2455 5156 2590 5211; x_wconf 89' lang='lat' dir='ltr'><strong>satis</strong></span> <span class='ocrx_word' id='word_1_730' title='bbox 2637 5158 2834 5210; x_wconf 92' lang='lat' dir='ltr'><strong>multos</strong></span> <span class='ocrx_word' id='word_1_731' title='bbox 2887 5167 3052 5225; x_wconf 88' lang='lat' dir='ltr'><strong>atque</strong></span> <span class='ocrx_word' id='word_1_732' title='bbox 3142 5157 3387 5218; x_wconf 89' lang='lat' dir='ltr'><strong>idoneos,</strong></span> 
     </span>
    </p>
   </div>
   <div class='ocr_carea' id='block_1_109' title="bbox 1821 5249 3386 5319">
    <p class='ocr_par' dir='ltr' id='par_1_109' title="bbox 1821 5249 3386 5319">
     <span class='ocr_line' id='line_1_109' title="bbox 1821 5249 3386 5319; baseline -0.001 -15"><span class='ocrx_word' id='word_1_733' title='bbox 1821 5259 1914 5305; x_wconf 92' lang='lat' dir='ltr'><strong>aut</strong></span> <span class='ocrx_word' id='word_1_734' title='bbox 1945 5252 1989 5306; x_wconf 90' lang='lat' dir='ltr'><strong>si</strong></span> <span class='ocrx_word' id='word_1_735' title='bbox 2028 5266 2163 5305; x_wconf 89' lang='lat' dir='ltr'><strong>usus</strong></span> <span class='ocrx_word' id='word_1_736' title='bbox 2201 5251 2356 5314; x_wconf 84' lang='lat' dir='ltr'><strong>lerat,</strong></span> <span class='ocrx_word' id='word_1_737' title='bbox 2391 5252 2604 5318; x_wconf 89' lang='lat' dir='ltr'><strong>equites</strong></span> <span class='ocrx_word' id='word_1_738' title='bbox 2639 5249 2730 5319; x_wconf 88' lang='lat' dir='ltr'><strong>qui</strong></span> <span class='ocrx_word' id='word_1_739' title='bbox 2765 5249 2832 5302; x_wconf 89' lang='lat' dir='ltr'><strong>ad</strong></span> <span class='ocrx_word' id='word_1_740' title='bbox 2878 5249 3111 5302; x_wconf 89' lang='lat' dir='ltr'><strong>reditum</strong></span> <span class='ocrx_word' id='word_1_741' title='bbox 3142 5257 3292 5302; x_wconf 90' lang='lat' dir='ltr'><strong>tuum</strong></span> <span class='ocrx_word' id='word_1_742' title='bbox 3323 5266 3386 5302; x_wconf 89' lang='lat' dir='ltr'><strong>ea</strong></span> 
     </span>
    </p>
   </div>
   <div class='ocr_carea' id='block_1_110' title="bbox 1819 5340 3389 5412">
    <p class='ocr_par' dir='ltr' id='par_1_110' title="bbox 1819 5340 3389 5412">
     <span class='ocr_line' id='line_1_110' title="bbox 1819 5340 3389 5412; baseline -0.001 -15"><span class='ocrx_word' id='word_1_743' title='bbox 1819 5343 1934 5398; x_wconf 90' lang='lat' dir='ltr'><strong>loca</strong></span> <span class='ocrx_word' id='word_1_744' title='bbox 1992 5352 2269 5398; x_wconf 81' lang='lat' dir='ltr'><strong>reservent</strong></span> <span class='ocrx_word' id='word_1_745' title='bbox 2301 5353 2353 5396; x_wconf 91' lang='lat' dir='ltr'><strong>et</strong></span> <span class='ocrx_word' id='word_1_746' title='bbox 2384 5342 2710 5396; x_wconf 85' lang='lat' dir='ltr'><strong>custodiant.</strong></span> <span class='ocrx_word' id='word_1_747' title='bbox 2745 5340 2842 5396; x_wconf 84' lang='lat' dir='ltr'><strong>Vel</strong></span> <span class='ocrx_word' id='word_1_748' title='bbox 2879 5343 2923 5397; x_wconf 88' lang='lat' dir='ltr'><strong>si</strong></span> <span class='ocrx_word' id='word_1_749' title='bbox 2950 5343 3169 5412; x_wconf 80' lang='lat' dir='ltr'><strong>quando</strong></span> <span class='ocrx_word' id='word_1_750' title='bbox 3198 5355 3389 5396; x_wconf 84' lang='lat' dir='ltr'><strong>neces-</strong></span> 
     </span>
    </p>
   </div>
   <div class='ocr_carea' id='block_1_111' title="bbox 1822 5431 3385 5504">
    <p class='ocr_par' dir='ltr' id='par_1_111' title="bbox 1822 5431 3385 5504">
     <span class='ocr_line' id='line_1_111' title="bbox 1822 5431 3385 5504; baseline -0.001 -17"><span class='ocrx_word' id='word_1_751' title='bbox 1822 5433 1958 5487; x_wconf 87' lang='lat' dir='ltr'><strong>sitas</strong></span> <span class='ocrx_word' id='word_1_752' title='bbox 1987 5433 2175 5502; x_wconf 78' lang='lat' dir='ltr'><strong>cxigit,</strong></span> <span class='ocrx_word' id='word_1_753' title='bbox 2207 5445 2500 5504; x_wconf 70' lang='lat' dir='ltr'><strong>utrumque</strong></span> <span class='ocrx_word' id='word_1_754' title='bbox 2530 5431 2720 5494; x_wconf 80' lang='lat' dir='ltr'><strong>facias,</strong></span> <span class='ocrx_word' id='word_1_755' title='bbox 2767 5431 2820 5487; x_wconf 90' lang='lat' dir='ltr'><strong>id</strong></span> <span class='ocrx_word' id='word_1_756' title='bbox 2850 5443 2953 5500; x_wconf 89' lang='lat' dir='ltr'><strong>est,</strong></span> <span class='ocrx_word' id='word_1_757' title='bbox 2982 5432 3145 5498; x_wconf 62' lang='lat' dir='ltr'><strong>caule,</strong></span> <span class='ocrx_word' id='word_1_758' title='bbox 3195 5445 3385 5503; x_wconf 84' lang='lat' dir='ltr'><strong>purga,</strong></span> 
     </span>
    </p>
   </div>
   <div class='ocr_carea' id='block_1_112' title="bbox 1823 5523 2834 5598">
    <p class='ocr_par' dir='ltr' id='par_1_112' title="bbox 1823 5523 2834 5598">
     <span class='ocr_line' id='line_1_112' title="bbox 1823 5523 2834 5598; baseline 0.005 -22"><span class='ocrx_word' id='word_1_759' title='bbox 1823 5532 1876 5576; x_wconf 85' lang='lat' dir='ltr'><strong>et</strong></span> <span class='ocrx_word' id='word_1_760' title='bbox 1915 5525 2160 5581; x_wconf 85' lang='lat' dir='ltr'><strong>subsidia</strong></span> <span class='ocrx_word' id='word_1_761' title='bbox 2194 5525 2265 5580; x_wconf 90' lang='lat' dir='ltr'><strong>ibi</strong></span> <span class='ocrx_word' id='word_1_762' title='bbox 2294 5525 2490 5584; x_wconf 82' lang='lat' dir='ltr'><strong>idonea</strong></span> <span class='ocrx_word' id='word_1_763' title='bbox 2520 5523 2834 5598; x_wconf 86' lang='lat' dir='ltr'><strong>relinquito.</strong></span> 
     </span>
    </p>
   </div>
   <div class='ocr_carea' id='block_1_113' title="bbox 153 5608 1861 5687">
    <p class='ocr_par' dir='ltr' id='par_1_113' title="bbox 153 5608 1861 5687">
     <span class='ocr_line' id='line_1_113' title="bbox 153 5608 1861 5687; baseline 0.007 -27"><span class='ocrx_word' id='word_1_764' title='bbox 153 5608 344 5679; x_wconf 80' lang='grc' dir='ltr'>ρίζειν,</span> <span class='ocrx_word' id='word_1_765' title='bbox 374 5609 470 5664; x_wconf 76' lang='grc' dir='ltr'>καὶ</span> <span class='ocrx_word' id='word_1_766' title='bbox 495 5609 742 5681; x_wconf 70' lang='grc' dir='ltr'>βοήθειαν</span> <span class='ocrx_word' id='word_1_767' title='bbox 777 5613 1202 5685; x_wconf 80' lang='grc' dir='ltr'>καταλιμπάνειν</span> <span class='ocrx_word' id='word_1_768' title='bbox 1237 5617 1372 5670; x_wconf 71' lang='grc' dir='ltr'>κατὰ</span> <span class='ocrx_word' id='word_1_769' title='bbox 1404 5617 1459 5670; x_wconf 71' lang='grc' dir='ltr'>τὸ</span> <span class='ocrx_word' id='word_1_770' title='bbox 1498 5618 1861 5687; x_wconf 64' lang='grc' dir='ltr'>ἐνδεχόμενον.</span> 
     </span>
    </p>
   </div>
   <div class='ocr_carea' id='block_1_114' title="bbox 1651 5706 1878 5768">
    <p class='ocr_par' dir='ltr' id='par_1_114' title="bbox 1651 5706 1878 5768">
     <span class='ocr_line' id='line_1_114' title="bbox 1651 5706 1878 5768; baseline 0.004 -4"><span class='ocrx_word' id='word_1_771' title='bbox 1651 5706 1878 5768; x_wconf 62' lang='grc' dir='ltr'><strong>ΝΟΤΛσ.</strong></span> 
     </span>
    </p>
   </div>
   <div class='ocr_carea' id='block_1_115' title="bbox 223 5789 1211 5866">
    <p class='ocr_par' dir='ltr' id='par_1_115' title="bbox 223 5789 1211 5866">
     <span class='ocr_line' id='line_1_115' title="bbox 223 5789 1211 5866; baseline 0.008 -24"><span class='ocrx_word' id='word_1_772' title='bbox 223 5790 336 5855; x_wconf 69' lang='grc'><strong>(49)</strong></span> <span class='ocrx_word' id='word_1_773' title='bbox 388 5789 683 5861; x_wconf 76' lang='grc' dir='ltr'>Ἐπίγεσε.</span> <span class='ocrx_word' id='word_1_774' title='bbox 728 5791 938 5862; x_wconf 80' lang='lat' dir='ltr'><strong>Scribe,</strong></span> <span class='ocrx_word' id='word_1_775' title='bbox 969 5795 1211 5866; x_wconf 76' lang='grc' dir='ltr'>ἑπείγῃς.</span> 
     </span>
    </p>
   </div>
  </div>
