4176 6446
759 379 868 444 779

1929 380 2126 439 LEON
2134 380 2205 439 IS
2233 380 2692 445 PlilLOSOPlII

3915 394 4033 459 780

826 482 919 540 46.
958 481 1063 549 Qui
1096 483 1198 538 iter
1221 498 1317 553 per
1352 494 1584 554 angusta
1614 485 1730 538 loca
1767 498 1891 538 cum
1934 485 2104 549 tuldo,
2138 485 2188 539 id
2218 495 2322 551 est,

2502 493 2621 562 μς’.
2659 496 2798 558 Τοὺς
2829 494 2884 548 δὲ
2916 494 3015 564 τὴν
3065 494 3294 566 πάροδον
3321 494 3411 550 διὰ
3449 498 3559 552 τῶν
3593 498 3795 553 στενῶν
3825 518 4028 555 ποιου-

756 576 1184 646 impedimentis,
1228 576 1309 631 vel
1354 577 1538 646 aliqua
1588 592 1709 630 cum
1760 576 1939 646 prmda
1990 576 2218 641 faciunt,
2272 578 2327 631 in

758 668 895 721 duas
936 674 1119 735 partes
1169 667 1286 722 sive
1328 666 1477 721 acies
1504 682 1562 721 se
1599 667 1865 731 dividant,
1898 675 1953 721 et
1996 668 2050 727 in
2093 667 2326 721 alterum

759 771 928 811 cornu
958 757 1267 811 acuminata
1295 756 1622 813 deductione
1654 758 1968 828 procedant.
2004 758 2325 812 Acuminata

756 854 937 901 autem
972 848 1245 914 deducdo,
1297 849 1346 903 id
1386 860 1490 910 est.
1536 850 1695 921 ὀρθία
1739 849 2047 919 παραγωγὴ
2102 850 2324 912 dicitur,

756 952 880 991 cum
913 939 968 993 in
1012 939 1195 993 fronte
1240 940 1399 995 exilis
1443 955 1717 1011 parvaque
1748 940 2042 994 multitudo
2072 940 2163 1005 sit,
2201 941 2324 996 dein

754 1029 919 1086 latius
970 1046 1035 1085 ac
1078 1030 1243 1085 latius
1290 1047 1349 1087 se
1408 1033 1474 1086 ad
1515 1041 1822 1087 ctu-emunt
1865 1046 2060 1101 agmen
2113 1032 2325 1096 fundat,

755 1130 918 1192 atque
967 1124 1039 1179 ibi
1101 1124 1375 1180 latissime
1428 1135 1631 1195 pateat.
1698 1124 1810 1179 lloc
1876 1134 2058 1179 autem
2120 1126 2325 1180 faciant

753 1212 1008 1273 maxime,
1049 1226 1175 1265 cum
1221 1211 1396 1280 praeda
1446 1212 1500 1265 in
1555 1213 1811 1269 manibus
1850 1212 2067 1267 illorum
2115 1222 2222 1268 est.
2268 1214 2325 1269 Si

752 1299 962 1367 pedites
1010 1300 1234 1365 fuerint,
1267 1302 1482 1356 facilius
1518 1303 1626 1357 illis
1673 1303 1793 1365 iter,
1838 1302 2210 1370 transitusque
2236 1317 2328 1357 ex-

753 1392 987 1460 peditior
1031 1408 1126 1461 per
1174 1409 1236 1447 ea
1301 1394 1419 1448 loca
1474 1396 1598 1449 erit.
1649 1394 1743 1447 Sin
1787 1394 2022 1462 equites,
2052 1408 2117 1447 ex
2167 1396 2326 1464 equis

751 1483 1106 1548 descendant,
1162 1493 1210 1539 et
1267 1487 1506 1540 medium
1556 1485 1789 1550 tuldum,
1845 1483 1895 1538 id
1948 1494 2050 1549 est,
2103 1484 2328 1554 impedio

755 1584 963 1639 menta,
992 1576 1369 1645 reliquumque
1393 1585 1713 1646 apparatum
1753 1576 1805 1630 in
1848 1576 2029 1631 medio
2058 1576 2319 1633 habeant.

817 1665 908 1719 47.
968 1664 1191 1720 Talibus
1238 1667 1291 1720 in
1337 1668 1677 1736 temporibus
1739 1677 1791 1721 et
1836 1667 1972 1721 locis
2040 1664 2324 1736 diphalan-

748 1758 858 1827 gia,
896 1757 949 1811 id
1001 1767 1107 1821 est,
1152 1759 1430 1829 duplicata
1478 1760 1595 1813 acie
1623 1774 1688 1813 ex
1716 1759 1867 1827 justo
1906 1757 2189 1811 hominum
2227 1772 2325 1812 nu-

750 1865 925 1916 mero,
957 1862 1071 1905 tum
1128 1860 1277 1929 ante,
1325 1860 1436 1906 tum
1482 1860 1629 1905 retro
1662 1851 1817 1921 quasi
1867 1851 2118 1920 ancipitis
2158 1852 2321 1921 gladii

750 1942 865 1999 acie
895 1942 1187 2007 instructa,
1220 1943 1267 1998 si
1299 1943 1393 2013 qui
1422 1944 1722 2012 supersint,
1769 1943 1805 1997 ii
1838 1943 1903 1997 ad
1943 1943 2174 2007 tuldum,
2211 1943 2325 1997 sive

752 2034 1165 2105 impedimenta,
1215 2044 1269 2089 et
1322 2034 1389 2089 ad
1440 2035 1699 2103 praedam,
1768 2036 1813 2089 si
1874 2051 2038 2103 quam
2100 2035 2322 2100 habent,

750 2126 1177 2181 conservandam
1236 2126 1569 2195 deligantur,
1629 2126 1776 2195 iique
1828 2125 2007 2189 multi,
2074 2134 2129 2180 et
2187 2125 2318 2179 honi

748 2217 954 2288 aplicti,
1002 2217 1055 2272 id
1102 2226 1208 2281 est,
1258 2232 1440 2273 rerum
1487 2217 1847 2272 castrensium
1897 2217 2153 2273 custodes
2189 2232 2326 2286 qua-

748 2320 875 2365 tuor
928 2309 982 2364 in
1019 2309 1267 2379 partibus
1314 2309 1602 2379 duplicatae
1652 2310 1809 2373 aciei,
1860 2308 2323 2378 quemadmodum

748 2402 901 2455 locus
958 2399 1219 2468 postulat,
1272 2399 1629 2464 collocentur,
1675 2408 1729 2453 ct
1780 2407 2081 2469 sequantur
2124 2413 2211 2465 ea,
2266 2405 2325 2451 ut

751 2490 1015 2563 repellant
1060 2498 1224 2559 atque
1248 2491 1472 2557 abigant
1516 2504 1631 2552 eos.
1657 2492 1750 2560 qui
1797 2491 1864 2545 ad
1895 2489 2193 2545 auferenda
2222 2505 2316 2545 va-

746 2582 904 2647 dunt,
938 2590 998 2636 ut
1036 2582 1244 2652 integra
1284 2583 1617 2651 minimeque
1687 2582 1999 2651 perturbata
2046 2581 2114 2637 ad
2147 2590 2326 2637 custoo

748 2672 899 2727 diam
959 2672 1157 2741 praeda:
1229 2682 1394 2744 atque
1471 2666 1987 2743 impedimentorum
2052 2673 2323 2729 collocata

747 2765 896 2820 acies
951 2774 1349 2830 conservetur,
1403 2781 1580 2836 neque
1633 2766 1701 2821 ab
1759 2765 2143 2823 incursoribus
2202 2766 2325 2822 istis

745 2854 1136 2927 perfringatur.
1180 2856 1322 2911 Fieri
1353 2858 1497 2911 enim
1534 2872 1641 2912 non
1688 2866 1890 2927 potest,
1939 2866 1997 2912 ut
2021 2858 2114 2925 qui
2155 2858 2209 2912 in
2242 2858 2326 2912 di-

748 2948 1064 3018 phalangia,
1125 2948 1177 3001 id
1218 2956 1324 3011 est,
1379 2947 1657 3018 duplicata
1706 2949 1825 3003 acie
1866 2948 2118 3002 instructi
2172 2960 2325 3011 sunt,

748 3040 914 3095 simul
947 3039 1141 3094 ordine
1172 3048 1523 3102 conservato,
1567 3040 1958 3109 impedimenta
1999 3047 2054 3094 et
2084 3041 2322 3110 praadam

2436 584 2662 652 μένους,
2698 586 2731 656 ἢ
2765 586 2902 654 μετά
2955 584 3175 637 τούλδου
3198 625 3212 648 ,
3244 587 3278 656 ἢ
3330 586 3468 656 μετὰ
3506 588 3741 658 πραίδας
3770 630 3786 652 ,
3816 592 3900 654 είς
3926 591 4031 644 δύο

2432 674 2717 743 φάλαγγας
2751 677 2868 744 ἢτοι
2898 674 3232 746 παρατάξεις
3265 675 3551 743 γίνεσθαι,
3579 681 3675 732 καὶ
3719 681 3812 733 ἐπὶ
3846 681 4028 752 κέρας

2432 768 2489 820 έν
2526 765 2683 836 ὀρθία
2712 768 3017 837 παραγωγῇ
3053 769 3375 838 περιπατεῖν
3397 768 3558 840 πεζῇ.
3594 770 3785 844 Ὄρθία
3807 770 3864 826 δέ
3899 773 4026 827 ἔστι

2433 856 2740 928 παραγωγὴ
2786 860 2820 928 ἡ
2857 859 2998 913 κατὰ
3031 857 3276 930 μέτωπον
3311 858 3411 928 μὲν
3472 860 3651 931 στενὴ,
3681 865 3826 915 κατά
3856 863 3915 917 δὲ
3942 865 4014 918 τὸ

2433 948 2595 1017 βάθος
2611 950 2690 1012 εἰς
2711 949 2883 1019 μῆκος
2909 950 3278 1021 ἐκτεινομένη.
3298 951 3471 1006 Τοῦτο
3494 953 3551 1006 δὲ
3573 956 3750 1008 ποιεῖν
3775 955 4023 1026 πραίδας

2432 1040 2666 1109 μάλιστα
2682 1042 2740 1093 ὲν
2761 1038 2945 1111 χερσὶν
2964 1039 3153 1110 οὔσης,
3183 1043 3293 1097 εἴτε
3322 1042 3478 1107 πεζοί
3508 1046 3664 1109 εἰσιν,
3686 1041 3769 1109 οἷς
3809 1047 4022 1116 μᾶλλον

2429 1135 2659 1207 εὐχερὴς
2694 1139 2728 1209 η
2758 1137 2866 1189 τῶν
2891 1136 3098 1190 δασέων
3135 1139 3230 1192 καὶ
3272 1139 3550 1194 δυσϐάτων
3582 1141 3769 1196 τόπων
3816 1143 4019 1197 διάϐα-

2431 1241 2546 1287 σις,
2596 1225 2706 1278 εἴτε
2745 1226 3096 1297 καϐαλλάριοι
3138 1227 3203 1279 ἐκ
3252 1228 3362 1281 τῶν
3416 1230 3601 1284 ἵππων
3650 1231 4017 1285 καταϐαίνον-

2428 1332 2539 1377 τες,
2572 1315 2667 1369 καὶ
2704 1316 2866 1387 μέσον
2891 1316 2953 1370 τδ
2988 1316 3203 1373 τοῦλδον
3236 1317 3333 1372 καὶ
3357 1319 3459 1391 τὴν
3512 1319 3829 1393 ἀποσκευὴν
3855 1322 4015 1392 ἕχον-

2428 1429 2534 1474 τες.

2501 1673 2609 1744 με’.
2653 1676 2741 1727 Ἐν
2773 1674 2831 1728 δὲ
2850 1674 2960 1734 τοῖς
2985 1674 3247 1739 τοιούτοις
3276 1674 3483 1745 καιροῖς
3526 1674 3622 1729 καὶ
3649 1676 3842 1739 τόποις
3872 1677 4011 1747 μετά

2426 1765 2524 1835 τὴν
2556 1764 2943 1833 διφαλαγγίαν,
2970 1764 3094 1834 ἥτις
3118 1762 3232 1834 ἔχει
3279 1765 3504 1820 δυνατὸν
3535 1764 3665 1820 λαὺν
3690 1767 4011 1838 ἔμπροσθεν

2427 1859 2523 1912 καὶ
2547 1859 2791 1921 ϐπισθεν,
2824 1857 3014 1928 ὥσπερ
3055 1855 3390 1927 στομώματα
3445 1858 3741 1929 μαχαίρας,
3768 1855 3839 1929 ἦν
3890 1860 4010 1914 δέον

2429 1968 2488 2004 σε
2503 1948 2783 2020 ἀφορίζειν
2811 1949 2891 2012 είς
2905 1946 3149 2019 φυλακὴν
3163 1946 3258 2001 τοῦ
3285 1947 3503 2002 τούλδου
3523 1949 3620 2003 καὶ
3642 1951 3743 2019 τῆς
3762 1950 4009 2021 πραίδας

2424 2041 2548 2110 τῆς.
2605 2040 2681 2103 ὡς
2740 2037 2907 2101 είκδς,
2931 2038 3158 2105 ἐνούσης
3191 2034 3375 2100 αὐτοῖς
3417 2034 3655 2100 πάντως,
3686 2039 3784 2090 καὶ
3812 2038 4009 2098 ἄλλους

2426 2125 2821 2195 ὶξαπλήκτους,
2842 2125 3009 2194 ἦγουν
3031 2124 3123 2178 ἐπὶ
3144 2124 3320 2194 τούτῳ
3347 2124 3495 2194 μόνῳ
3518 2121 3701 2189 ὂντας,
3727 2128 3860 2187 τοὺς
3875 2124 4006 2178 κα).-

2425 2214 2522 2267 λίω
2546 2215 2641 2268 καὶ
2668 2214 2885 2277 πλείους
2908 2217 3080 2268 ποιεῖν
3107 2214 3173 2267 ὲκ
3196 2214 3460 2283 περισσοῦ
3498 2214 3639 2267 κατά
3666 2212 3776 2269 τῶν
3803 2217 4007 2268 τεσσὰ-

2430 2323 2537 2376 ρων
2567 2305 2747 2375 μερῶν
2782 2305 2884 2374 τῆς
2912 2304 3296 2375 διφαλαγγίας,
3326 2304 3401 2368 ὡς
3430 2306 3461 2357 ὁ
3506 2305 3671 2369 τόπος
3701 2305 4009 2377 παραδέχε-

2425 2417 2539 2463 ται,
2572 2396 3113 2467 παρακολουθοῦντας
3138 2398 3232 2451 καὶ
3259 2392 3663 2460 ἀποσοϐοῦντας
3703 2398 3832 2461 τοὺς
3879 2398 4007 2467 βου-

2424 2490 2707 2558 λομένους,
2738 2489 2815 2553 ὡς
2841 2489 3007 2553 εἰκὸς,
3040 2489 3106 2541 ὲκ
3134 2488 3245 2542 τῶν
3268 2488 3480 2559 δχθρῶν
3511 2488 3869 2560 ἐπέρχεσθαι,
3910 2488 4009 2541 καὶ

2424 2578 2810 2649 διαταράσσειν
2835 2581 3038 2649 αὐτήν·
3085 2579 3173 2633 ἴνα
3198 2578 3566 2643 ἀδιάσπαστος
3617 2579 3715 2633 καὶ
3757 2580 4006 2648 ἁσύγχυ-

2426 2689 2517 2735 τος
2604 2670 2740 2741 πρὸς
2763 2669 3163 2740 παραφυλακὴν
3190 2669 3285 2723 τοῦ
3314 2668 3559 2734 τούλδου,
3585 2669 3803 2739 καὶτῆς
3840 2670 4011 2741 πραί-

2424 2763 2520 2826 δας
2571 2766 2685 2825 τοῖς
2728 2761 3169 2832 διαφυλάττεται,
3216 2761 3311 2816 καὶ
3341 2761 3477 2832 μηδὲ
3531 2763 3912 2833 περισπῶνται
3956 2762 4009 2816 οἱ

2426 2857 2485 2908 ἐν
2515 2856 2652 2924 αὑτῇ
2678 2855 2766 2908 διὰ
2788 2855 2916 2917 τοὺς
2940 2854 3364 2925 ἐπερχομένους.
3388 2855 3463 2909 Οὐ
3485 2856 3593 2926 γάρ
3625 2851 3853 2908 δυνατὸν
3878 2856 4011 2918 τοὺς

2425 2948 2504 3010 είς
2541 2947 2639 3016 τὴν
2676 2945 3041 3013 διφαλαγγίαν
3086 2945 3458 3014 τασσομένους
3489 2946 3587 3000 καὶ
3629 2946 3728 3017 τὴν
3768 2948 4011 3018 πραῖδαν

2427 3037 2566 3107 μετά
2598 3036 2803 3102 τάξεως
2825 3035 3148 3104 φυλάττειν,
3178 3036 3274 3089 καὶ
3302 3036 3437 3100 τοῖς,
3467 3036 3544 3099 ὼς
3570 3037 3739 3101 εἰκὸς,
3774 3039 4007 3107 ἐπερχο-

746 3132 1084 3198 custodiant,
1131 3140 1185 3187 et
1235 3147 1360 3186 cum
1417 3133 1673 3187 hostibus
1724 3132 2009 3187 dimicent.
2053 3132 2322 3199 Quocirca

2430 3129 2609 3199 μένοις
2647 3128 2757 3182 τῶν
2776 3127 2986 3198 ἐχθρῶν
3020 3127 3376 3199 ἁρμόζεσθαι.
3406 3127 3507 3181 Διά
3534 3127 3692 3181 τοῦτο
3717 3130 3782 3181 ὲκ
3808 3145 4011 3198 περισ-

746 3232 983 3291 quatuor
1042 3222 1097 3277 in
1158 3222 1412 3292 partibus
1457 3223 1731 3277 collocare
1782 3231 1994 3293 oportet
2048 3224 2321 3288 homines,

748 3321 945 3378 praeter
971 3312 1113 3366 hanc
1138 3310 1565 3381 diphalangiam,
1606 3320 1658 3365 et
1690 3326 1719 3365 a
1764 3321 1915 3382 tergo
1948 3312 2323 3382 potissimum,

745 3403 840 3473 qui
870 3401 1154 3457 fortissimi
1188 3412 1337 3458 sunt.
1387 3402 1479 3457 Sic
1504 3403 1648 3456 enim
1678 3401 1837 3457 facile
1870 3418 2065 3473 aspera
2120 3403 2326 3472 qumvis

745 3506 910 3566 atque
935 3494 1056 3549 avia
1093 3494 1216 3548 loca
1249 3494 1470 3548 transiri
1504 3504 1752 3563 possunt.

816 3672 906 3726 48.
944 3671 1229 3742 Equitum,
1266 3671 1361 3727 ubi
1405 3670 1788 3727 descenderint
1836 3679 1891 3726 et
1934 3672 2165 3742 pedibus
2205 3689 2323 3728 am-

747 3763 1077 3827 bulaverint,
1114 3778 1310 3834 equos,
1361 3762 1407 3817 si
1443 3762 1653 3832 pedites
1694 3762 1784 3815 alii
1840 3777 2006 3833 prope
2060 3779 2168 3818 non
2224 3766 2323 3819 ad—

748 3859 973 3925 fuerint,
1018 3859 1179 3927 longe
1212 3858 1282 3912 ab
1326 3856 1437 3911 illis
1480 3856 1535 3910 in
1573 3857 1755 3911 medio
1799 3856 2039 3925 quodam
2069 3859 2191 3912 loco
2234 3874 2321 3913 sc—

746 3967 898 4019 para,
950 3966 1018 4005 ne
1068 3951 1112 4003 si
1170 3963 1338 4019 prope
1377 3958 1584 4011 essent,
1634 3956 1686 4001 et
1734 3948 2048 4016 inopinatus
2099 3950 2321 4019 quidam

746 4041 909 4095 timor
949 4039 1135 4094 subito
1165 4036 1531 4106 impenderet,
1570 4035 1637 4090 ad
1668 4052 1839 4106 equos
1871 4038 1941 4091 ibi
1990 4041 2195 4101 statim,
2226 4040 2321 4109 qui

746 4131 799 4185 in
831 4131 947 4186 acie
971 4129 1084 4199 jam
1118 4138 1248 4184 sunt
1272 4138 1657 4194 accurrerent;
1701 4145 1823 4199 qua:
1854 4144 1939 4184 res
1976 4130 2093 4185 sine
2122 4147 2318 4202 magna

744 4232 894 4279 certe
913 4223 1214 4278 offensione
1239 4221 1358 4276 fieri
1388 4236 1497 4275 non
1526 4228 1736 4291 posset.

811 4403 901 4458 49.
944 4402 1041 4457 Sin
1076 4401 1327 4473 captivos
1376 4410 1472 4456 aut
1518 4400 1755 4470 prmdam
1790 4400 2031 4470 aliquam
2074 4401 2315 4472 abigant,

2431 3219 2524 3274 σοῦ
2552 3220 2633 3274 δεῖ
2661 3218 2861 3285 ἔξωθεν
2890 3220 2987 3289 τῆς
3017 3219 3378 3289 διφαλαγγίας
3402 3219 3546 3290 ἔχειν
3570 3221 3711 3274 κατὰ
3731 3221 3843 3273 τῶν
3884 3237 4014 3274 τεσ-

2431 3312 2614 3382 σάρων
2658 3310 2839 3382 μερῶν
2867 3351 2882 3375 ,
2928 3310 3024 3363 καὶ
3082 3311 3224 3364 κατά
3272 3310 3551 3379 ἐξαίρετον
3600 3310 3828 3364 δπισθεν
3878 3313 4012 3374 τοὺς

2428 3404 2737 3473 κρείττονας
2779 3398 3154 3473 ἀφορίζεσθαι.
3205 3398 3393 3464 Οὕτως
3418 3401 3528 3471 γάρ
3559 3398 3626 3455 ἂν
3657 3417 3742 3463 τις
3778 3400 4013 3471 δυνήσεο

2428 3510 2517 3547 ται
2558 3493 2616 3545 ὲν
2673 3491 2839 3546 παντὶ
2880 3490 3059 3561 καιρῷ
3099 3491 3229 3555 τοὺς
3281 3490 3574 3555 δυσκόλους
3633 3485 3728 3545 καὶ
3783 3491 4014 3563 τραχεῖς

2426 3586 2624 3649 τόπους
2652 3583 2947 3637 διαϐαίνειν
2983 3582 3241 3648 εὐκόλως.

2502 3675 2609 3746 μη’.
2637 3674 2773 3738 Τοὺς
2786 3674 2843 3728 δὲ
2865 3674 3065 3739 ἵππους
3084 3673 3195 3728 τῶν
3217 3675 3622 3730 ἀποϐαινόντων
3641 3675 3737 3729 καὶ
3757 3674 4015 3741 πεζευόν-

2425 3787 2532 3822 των
2563 3767 2930 3840 στρατιωτῶν,
2962 3766 3059 3821 ὲάν
3112 3765 3266 3832 πεζοὶ
3312 3764 3373 3821 οὗ
3411 3768 3619 3823 σύνεισι
3648 3769 4008 3840 στρατιῶται,

2429 3858 2505 3928 μὴ
2553 3858 2779 3928 πλησίον
2849 3854 2958 3911 τῶν
3014 3852 3356 3922 πεζευόντων
3409 3857 3522 3928 ἔχε,
3554 3856 3690 3912 ἀλλά
3735 3858 3795 3911 ὲν
3854 3858 4011 3927 μέσῳ

2424 3950 2575 4020 τόπῳ
2627 3949 2822 4012 αὐτοὺς
2870 3948 3128 4015 ἀσφαλῶς
3173 3948 3275 4015 ἀγε
3309 3965 3323 3979 ·
3376 3946 3517 4002 ὥστε
3548 3950 3646 4019 μὴ,
3694 3942 3772 4012 ὡς
3833 3948 4006 4012 εἰκὸς,

2426 4040 2737 4111 παραλόγου
2768 4037 2971 4101 δειλίας
3015 4040 3335 4110 γενομένης,
3367 4040 3766 4111 ταρασσόμενοι
3808 4040 3861 4093 οἱ
3906 4057 4011 4093 πε-

2423 4132 2706 4197 ζεύοντες,
2755 4130 2851 4184 έάν
2903 4129 3133 4201 πλησίον
3179 4131 3375 4195 αὐτοὺς
3418 4124 3643 4201 εὕρωσι,
3695 4132 4011 4201 προχείρως

2422 4221 2923 4292 ἐπιλαμϐανόμενοι
2976 4219 3085 4273 τῶν
3131 4220 3316 4274 ἵππων
3366 4220 3842 4290 καταλιμπάνουσι
3907 4219 4010 4289 τὴν

2422 4315 2594 4380 τάξιν,
2621 4314 2714 4365 καὶ
2742 4310 2992 4364 ἐντεῦθεν
3023 4310 3195 4381 βλάϐη
3230 4310 3463 4381 μεγίστη
3482 4309 3692 4377 γίνεται

2494 4406 2599 4476 μθ’.
2635 4405 2698 4458 El
2731 4403 2789 4456 δὲ
2822 4402 3002 4472 συμϐῇ
3044 4400 3421 4472 αἰχμαλωσίαν
3449 4400 3647 4464 αὐτοὺς
3688 4400 3724 4469 ἢ
3768 4399 4007 4471 πραῖδαν

742 4505 797 4550 ct
829 4498 1010 4550 hostes
1050 4509 1145 4550 cos
1176 4501 1608 4565 persequantur,
1651 4492 1899 4561 captivos
1937 4492 2148 4548 vinctos
2223 4510 2311 4549 re-

2425 4462 2801 4566 ὲπιφέρεσοαι,
2848 4462 2944 4547 καὶ
2976 4462 3283 4564 ’.μέλλουσιν
3312 4494 3362 4545 οἱ
3405 4462 4004 4563 ἐχθροὶ,ήέπιτη’ὂεὺειν

749 4589 1060 4657 liquamque
1106 4585 1342 4656 praedam
1392 4583 1653 4654 illigatam
1701 4583 1755 4634 in
1806 4597 1996 4649 unam,
2042 4592 2137 4637 aut
2180 4585 2318 4641 duas

748 4688 929 4747 partes
967 4671 1199 4740 divides,
1236 4694 1293 4731 et
1333 4682 1462 4731 ante
1513 4683 1565 4728 te
1616 4674 1868 4728 hostibus
1916 4673 2164 4743 ohjicies,
2211 4691 2318 4744 qua

746 4769 1130 4825 incursionem
1163 4768 1404 4822 hostium
1445 4766 1565 4821 fore
1609 4776 1792 4836 putas,
1835 4776 1896 4821 ut
1928 4767 2086 4836 quasi
2136 4778 2334 4833 scuto,-

744 4872 839 4917 aut
881 4860 1292 4931 propugnaculo
1344 4874 1501 4924 usus,
1547 4867 1642 4912 aut
1685 4858 2043 4913 disturbanda
2088 4858 2318 4929 impedi-

745 4962 928 5007 menta
980 4953 1033 5005 in
1080 4952 1267 5005 hostes
1295 4949 1589 5021 iaculando
1640 4949 1975 5012 abstineant,
2031 4959 2126 5003 aut
2176 4950 2220 5004 si
2264 4951 2316 5005 id

746 5047 939 5097 facere
979 5043 1177 5106 nolint,
1235 5052 1417 5097 tamen
1457 5042 1706 5111 captivos
1752 5050 1805 5095 et
1853 5041 2092 5111 praedam
2136 5042 2318 5111 potius

745 5136 962 5199 feriant,
993 5149 1172 5204 quam.
1189 5135 1408 5189 milites.

813 5227 901 5280 50.
945 5225 1000 5279 Si
1034 5227 1360 5281 necessitate
1400 5226 1605 5296 aliqua,
1643 5235 1738 5281 aut
1788 5226 2088 5295 improviso
2131 5225 2318 5296 aliquo

742 5333 873 5372 casu
902 5318 988 5371 vel
1032 5318 1307 5388 angustiis
1346 5318 1619 5382 inclusus,
1672 5319 1756 5373 vel
1806 5318 1986 5388 aliqua
2025 5319 2317 5387 perturba-

743 5414 893 5464 tione
947 5409 1243 5479 implicitus
1269 5409 1462 5477 fueris,
1499 5413 1644 5466 unde
1695 5412 1927 5481 teipsum
1973 5410 2093 5466 sine
2124 5410 2313 5477 aliquo

742 5502 947 5573 ingenti
988 5502 1235 5572 periculo
1283 5504 1539 5575 expedire
1585 5520 1695 5560 non
1740 5504 1937 5572 possis,
1985 5503 2180 5557 melius
2234 5513 2317 5558 est

743 5594 1024 5647 communi
1061 5596 1446 5660 consensione,
1494 5597 1576 5651 vel
1609 5606 1816 5666 partem
1845 5594 2062 5665 prmdae,
2100 5594 2180 5648 vcl
2228 5604 2313 5647 to-

744 5695 855 5738 tum
901 5686 1061 5738 etiam
1102 5685 1338 5754 praedam
1383 5687 1639 5744 hostibus
1682 5689 1977 5753 dimittere,
2009 5695 2063 5740 ct
2124 5700 2314 5740 secure

746 5780 865 5831 sine
908 5776 1107 5831 damno
1158 5766 1436 5833 discedere
1482 5782 1664 5850 potius
1716 5797 1879 5852 quam
1924 5779 2115 5849 plaudat
2149 5795 2311 5833 causa

750 5871 800 5924 in
830 5868 1046 5936 aliquod
1082 5872 1379 5942 periculum
1418 5875 1617 5929 vcnirc.

2421 4588 2540 4640 δέον
2572 4585 2766 4652 ταῦτα,
2794 4585 2827 4654 ἢ
2857 4584 3000 4638 κατά
3024 4585 3131 4637 τῶν
3156 4583 3275 4647 ἐνὸς
3303 4584 3369 4653 μέ
3380 4583 3556 4654 ρουςῆ
3583 4583 3725 4635 κατά
3739 4581 3854 4635 τῶν
3886 4581 4005 4646 δύο,

2421 4679 2551 4733 ἔνθα
2575 4681 2608 4750 ἡ
2634 4677 2866 4747 πάροδος
2889 4677 3136 4746 γίνεται,
3168 4677 3296 4741 τοὺς
3347 4674 3726 4745 αἰχμαλώτους
3781 4673 4007 4744 δεδεμέ-

2422 4788 2545 4838 νους
2573 4770 2820 4840 ἐξωτέρω
2848 4769 2945 4839 τῆς
2995 4767 3199 4833 τάξεως
3234 4767 3523 4839 παράγειν,
3558 4766 3653 4819 καὶ
3684 4766 3776 4819 ὑπ’
3820 4764 4007 4818 αὐτῶν

2421 4862 2620 4915 ὡσανεὶ
2648 4857 3054 4921 σκουτεύεσθαι,
3084 4859 3172 4912 ἵνα
3190 4858 3370 4910 αὐτῶν
3399 4858 3704 4926 φειδόμενοι
3732 4858 3781 4909 οε
3814 4855 4007 4926 ἐχθροὶ

2424 4955 2498 5025 μὴ
2528 4951 2919 5021 ἐπιτηδεύωσιν
2955 4948 3258 5014 ἀκοντίζειν
3286 4967 3300 4980 ο
3330 4951 3380 5003 ει
3409 4950 3466 5004 δὲ
3497 4952 3590 5004 καὶ
3614 4950 4002 5010 ἀκοντίσωσιν,

2420 5044 2617 5106 αὐτοὺς
2641 5041 2843 5113 μᾶλλον
2877 5040 3249 5111 ἀφανίζουσιν,
3278 5042 3374 5096 καὶ
3402 5042 3478 5112 μὴ
3501 5043 3592 5096 τὸν
3639 5044 4002 5117 στρατιώτην.

2488 5223 2550 5278 ν’.
2578 5224 2640 5277 Εἰ
2666 5223 2725 5276 δὲ
2745 5222 2853 5292 ἄρα
2879 5220 3194 5293 ἐννὰνάγκῃ,
3225 5218 3301 5283 ὡς
3334 5219 3503 5283 εἰκὸς,
3551 5220 3649 5273 καὶ
3676 5221 4001 5290 περιστάσει

2416 5317 2666 5387 ἀδοκήτῳ
2691 5316 2721 5369 ὁ
2750 5313 2979 5385 στρατὸς
3008 5314 3252 5384 γένηται.
3277 5313 3372 5366 καὶ
3400 5315 3458 5365 ὲν
3490 5312 3799 5383 στενὼμασι
3825 5330 3998 5367 κατα-

2414 5411 2635 5481 ληφθῇ.
2679 5408 2774 5462 καὶ
2820 5408 2921 5462 οὐκ
2965 5406 3111 5460 ἐστιν
3144 5406 3442 5469 ἀκινδύνως
3488 5406 3588 5476 τὴν
3632 5405 3996 5475 ἀναχώρησιν

2414 5502 2623 5557 ἐκεῖθεν
2672 5500 3025 5573 ποιήσασθαι,
3069 5499 3191 5553 τότε
3232 5498 3478 5569 κρεῖττόν
3534 5500 3681 5551 ἐστιν
3716 5499 3783 5550 ὲκ
3836 5512 3977 5564 συμ-

2420 5596 2599 5665 ιξώνου
2656 5596 2689 5667 ἢ
2742 5596 2905 5664 μέρος
2956 5593 3054 5661 τῆς
3093 5591 3325 5663 πραίδας
3353 5591 3388 5661 ἢ
3422 5592 3600 5644 πᾶσαν
3638 5607 3992 5661 παραχωρειν

2420 5690 2533 5751 τοῖς
2566 5688 2801 5760 ἐχθροῖς,
2827 5687 2923 5740 καί
2955 5685 3209 5749 ἀϐλαϐῶς
3241 5684 3581 5758 ἐξέρχεσοαι,
3624 5683 3759 5738 ἀλλά
3800 5684 3878 5755 μὴ
3926 5685 3996 5738 δι’

2423 5781 2593 5851 αὐτὴν
2630 5778 2979 5837 κινδυνεύειν,
