4176 6446
163 367 269 440 781

1297 387 1627 448 TACTICA.
1657 417 1707 428 -ν
1747 392 2246 456 CONSTITU'I‘IO
2280 400 2371 457 IX.
3305 413 3404 475 7&3

237 483 356 587 ναὶ
404 488 470 587 Pl
519 489 576 542 δὲ
637 491 712 560 μὴ
763 492 906 544 οῦτω
959 492 1394 564 συμόιόασθῆναι
1449 498 1746 567 βούλονται,

1908 506 2010 557 51.
2053 508 2145 558 Sin
2194 510 2293 562 hoc
2349 512 2511 563 modo
2552 524 2726 568 tecum
2780 519 2845 570 ad
2897 519 3199 587 pactionem
3237 528 3414 578 veniit:

164 575 492 646 διαχρῆσθαι
522 580 747 642 τούτους
775 582 860 633 ἐπ’
887 582 1043 650 ὄψεσι
1068 583 1176 636 τῶν
1204 585 1412 654 ἐχθρῶν
1433 628 1448 650 ,
1481 590 1577 641 καὶ
1620 594 1740 643 ἐπι-

167 667 354 734 μένειν
381 671 447 736 τῇ
469 667 631 738 χώρᾳ
662 669 858 732 αὐτῶν,
901 672 994 724 καὶ⁸
1013 671 1366 742 λυμαίνεσθαι
1394 677 1561 748 αὐτὴν
1582 681 1741 746 ἀφει-

162 754 291 818 δῶς,
317 756 377 826 ἢ,
406 758 481 820 ὡς
506 757 730 812 δυνατόν
748 761 914 825 ἐστιν,
940 763 1162 826 ἑαυτοὺς
1187 765 1325 833 μετὰ
1348 767 1554 832 τάξεως
1586 787 1739 840 περι-

164 846 382 914 σώζειν,
411 849 503 902 καὶ
528 849 632 919 τῆς
663 849 990 915 ἐξελεύσεως
1030 855 1355 925 φροντίζειν.

232 1023 347 1093 νβ’.
380 1021 489 1075 Καὶ
515 1025 782 1087 παντοίως
805 1041 906 1092 σοι,
1013 1030 1307 1099 στμτηγέ,
1352 1031 1549 1095 σκοπὸς
1601 1032 1742 1085 ἔστω

161 1114 218 1164 ἐν
256 1116 372 1177 τοῖς
400 1114 666 1178 τοιούτοις
707 1117 1012 1183 στενὼμασι
1053 1158 1068 1181 ,
1105 1123 1197 1173 καὶ
1225 1122 1456 1190 μάλιστα
1489 1127 1600 1186 τοῖς
1651 1127 1746 1177 ἐπὶ

167 1201 304 1255 πολὺ
336 1203 613 1274 διάστημα
641 1206 922 1276 κρατοῦσι,
967 1208 1041 1280 μὴ
1072 1210 1408 1279 ἐπιτηδεύειν
1459 1211 1744 1281 βιάζεσθαι

165 1293 404 1362 στρατοῦ
437 1295 694 1366 πάροδον,
746 1297 1038 1366 ἐξαιρέτως
1068 1301 1125 1352 ἐν
1181 1300 1369 1370 καιρῷ⁸
1396 1301 1625 1373 θέρους,
1660 1305 1747 1358 διὰ

161 1384 262 1454 τὴν
290 1385 392 1454 τῆς
419 1385 552 1456 ὕλης
578 1386 852 1456 δασύτητα
881 1390 1151 1459 πολεμίων
1193 1391 1425 1459 μάλιστα
1465 1394 1745 1462 ἐνοχλούν-

163 1493 293 1541 των,
329 1479 461 1548 πρὶν
488 1479 555 1532 ἂν
572 1479 620 1532 οί
650 1480 806 1532 αὐτοὶ
827 1481 1206 1551 ἁποσοὸηθῶσι
1244 1484 1589 1554 φαινόμενοι,
1627 1486 1660 1556 ἢ
1698 1487 1748 1538 οἱ

172 1567 501 1639 ὑψηλότεροι
572 1569 728 1624 τόποι
787 1572 887 1642 τῆς
958 1573 1193 1643 παρόδου
1245 1575 1349 1628 ὑπὸ
1401 1575 1494 1628 σοῦ
1541 1593 1748 1648 προκαο

165 1656 508 1725 ταληφθῶσι.

233 1748 341 1817 ντ’.
371 1750 483 1803 Καὶ
511 1750 683 1806 ταῦτα
727 1753 827 1823 μὲν
884 1755 976 1807 ἐπὶ
1003 1755 1099 1826 τῆς
1156 1757 1564 1828 καῦαλλαρικῆς
1590 1777 1751 1830 στρα-

1847 598 2141 661 noluerint,
2175 608 2286 651 tum
2323 602 2568 669 captivos
2622 606 2770 672 ipsos
2818 609 2868 661 in
2907 611 3146 664 hostium
3182 627 3414 683 conspe-

1844 692 1931 736 ctu
1970 685 2287 748 trucidabis,
2324 697 2489 755 atque
2516 691 2654 744 adeo
2691 694 2773 745 vel
2822 695 2874 746 in
2914 713 2978 749 eo
3005 701 3126 753 loco
3169 701 3264 753 tibi
3297 717 3412 768 per-

1847 776 2192 838 manendum,
2230 787 2283 830 ct
2317 781 2465 848 regio
2515 784 2752 852 undique
2797 789 3096 853 populanda
3126 794 3418 846 vastanda-

1845 879 1952 932 que
2003 876 2106 929 est,
2146 869 2226 922 vel
2267 871 2429 924 saluti
2465 880 2568 926 tua:
2609 877 3024 942 consulendum,
3059 892 3110 932 et
3162 883 3279 935 acie
3336 900 3420 934 tn—

1845 963 2050 1010 structa
2084 959 2150 1013 de
2181 963 2328 1014 exitu
2365 975 2419 1018 et
2449 965 2703 1018 evasione
2730 969 3081 1036 cogitandum
3117 983 3217 1024 est.

1919 1048 2008 1101 5‘2.
2051 1049 2287 1106 Omnino
2346 1055 2448 1107 hoc
2500 1056 2792 1110 consilium
2840 1060 2893 1114 in
2935 1063 3126 1131 primis
3182 1063 3276 1116 tibi
3331 1080 3420 1118 se-

1846 1141 2123 1224 quendum
2156 1153 2259 1208 est,
2290 1160 2356 1197 ne
2388 1147 2628 1201 exercitu
2669 1148 2854 1218 aliquo
2885 1151 3216 1218 admirabili,
3251 1163 3416 1222 atque

1849 1231 2129 1300 inepinato
2163 1234 2351 1289 labore
2384 1239 2435 1289 in
2475 1240 2543 1295 iis
2569 1241 2863 1310 angustiis,
2911 1260 3032 1311 qua:
3067 1247 3420 1314 potissimum

1850 1322 2084 1389 aliquam
2127 1325 2520 1392 longitudinem
2551 1329 2649 1385 via:
2684 1331 2904 1395 habent,
2941 1337 3136 1389 messis
3171 1346 3420 1404 tempore

1850 1424 2072 1481 propter
2114 1416 2260 1476 silv;e
2297 1417 2622 1474 densitatem
2662 1437 2935 1487 exerceas,
2967 1423 3013 1476 si
3069 1424 3251 1478 hostes
3302 1435 3415 1479 tum

1854 1511 1904 1556 te
1933 1505 2267 1572 perturbent,
2297 1509 2402 1563 nisi
2435 1509 2479 1564 si
2518 1511 2655 1564 forte
2687 1514 2838 1580 prius
2863 1513 2944 1567 vel
2982 1514 3106 1568 illos
3134 1515 3420 1583 repuleris.

1851 1595 1935 1646 vel
1967 1610 2182 1648 summa
2213 1597 2354 1652 illius
2381 1600 2482 1654 loci
2507 1601 2637 1670 juga
2670 1602 2869 1659 milites
2910 1604 2986 1657 tui
3015 1604 3417 1673 occupaverint.

1928 1775 2014 1827 55.
2049 1776 2173 1831 Hmc
2205 1778 2272 1830 de
2300 1781 2539 1845 equestri
2571 1781 2760 1836 itinere
2795 1800 2807 1835 :
2839 1782 2890 1835 in
2926 1783 3162 1853 pedestri
3207 1783 3419 1845 itinere,

164 1843 335 1906 τείαςο
367 1844 461 1896 ἐπὶ
487 1844 543 1896 δὲ
565 1845 662 1915 τῆς
695 1847 925 1917 πεζικῆς
953 1849 1258 1918 ὁδοιπορίας
1301 1852 1380 1913 εἰς
1421 1852 1519 1919 μὲν
1548 1854 1736 1905 ἐπιπέο

1850 1871 1897 1914 et
1929 1864 2103 1931 planis
2125 1843 2632 1938 campestribusque
2651 1871 2803 1935 locis,
2827 1843 2951 1926 ante
2974 1879 3028 1926 et
3061 1883 3183 1940 post
3205 1843 3420 1941 equites

163 1933 283 1996 δους
318 1936 516 1997 τόπους
542 1935 659 1988 δέον
693 1955 751 1989 σε
827 1939 920 1991 καὶ
953 1939 1174 1992 ὄπισθεν
1205 1942 1382 1995 αὐτῶν
1404 1945 1498 1995 καὶ
1539 1944 1744 2014 ἔμπροο

165 2024 292 2076 σθεν
324 2026 720 2096 καϐαλ).αρίους
741 2029 1000 2099 καθιστᾷν
1030 2032 1108 2092 είς
1149 2031 1357 2100 βίγλας,
1383 2035 1476 2086 καὶ
1500 2035 1747 2105 ἐξωτέρω

163 2119 262 2188 τῆς
294 2117 486 2187 βίγλας
518 2120 719 2189 μηδένα
755 2121 865 2172 τῶν
893 2122 1069 2185 πεζῶν
1101 2122 1402 2189 φαίνεσθαι.

234 2212 330 2263 νδ’.
361 2211 443 2263 Τά
468 2211 524 2264 δὲ
556 2211 807 2280 ἄπληκτα
849 2213 913 2265 ἐκ
952 2212 1044 2264 τοῦ
1073 2213 1296 2283 πλησίον
1347 2214 1616 2282 γίνεσθαι⁵
1655 2217 1743 2270 ἵνα

170 2304 243 2374 μὴ
276 2302 604 2358 σκοποῦνται
661 2305 711 2356 οἱ
761 2305 916 2368 πεζοὶ
975 2307 1400 2375 περιπατοῦντες
1453 2308 1586 2362 πολὺ
1626 2310 1743 2363 διά-

170 2414 378 2466 στημα.

233 2486 331 2541 νε’.
365 2486 476 2549 Τὰς
502 2487 556 2540 δὲ
585 2488 724 2558 μετὰ
742 2485 851 2540 τῶν
881 2486 1058 2551 πεζῶν
1080 2489 1295 2558 ἁμάξας
1322 2490 1462 2544 κατὰ
1500 2494 1568 2544 τά
1599 2493 1742 2564 μέρη

166 2580 266 2647 τῆς
301 2579 658 2650 παρατάξεως
715 2583 1038 2648 περιπατεῖν
1067 2581 1216 2643 δέον,
1251 2582 1361 2633 εἴτε
1415 2583 1472 2634 ἐν
1522 2583 1740 2652 ὀρδίνῳ,

168 2674 276 2723 εἴτε
311 2671 372 2722 ἐν
399 2670 720 2740 παρατάξει,
746 2671 879 2741 πρδς
897 2673 986 2725 τὸν
1012 2671 1178 2724 τόπον
1198 2673 1414 2743 πρῶτον
1447 2675 1541 2727 τοῦ
1566 2675 1743 2738 δεξιοῦ

168 2764 424 2832 κέρατος,
456 2756 572 2814 εἶτα
613 2761 707 2815 τοῦ
759 2763 1071 2832 ἀριστεροῦ,
1133 2764 1270 2832 μετὰ
1301 2766 1512 2828 ἐκείνας
1559 2766 1616 2818 δὲ
1649 2765 1744 2818 τοῦ

167 2855 336 2920 μέσου
390 2852 705 2923 ἀριστεροῦ,
770 2855 864 2906 καὶ
884 2853 1005 2906 τότε
1068 2854 1160 2906 τοῦ
1194 2854 1361 2923 μέσου
1397 2854 1570 2918 δεξιοῦ
1603 2896 1616 2917 ,
1651 2857 1745 2909 καὶ

168 2945 304 3012 μήτε
341 2943 685 3014 πεφυρμέναι
721 2944 811 2996 καὶ
839 2944 1282 3014 ἀναμεμιγμέναι
1310 2947 1729 3016 περιπατοῦσιν.

233 3033 344 3097 νς’.
397 3035 524 3087 Ἐάν
555 3034 611 3086 δὲ
656 3037 706 3087 οί
732 3035 916 3105 ἐχθροὶ
961 3036 1190 3105 πλησίον
1250 3037 1407 3100 είσὶν,
1440 3037 1560 3090 δέον
1618 3039 1744 3101 τοὺς

164 3127 393 3189 ὁπλίτας
422 3128 656 3180 ἕκαστον
683 3127 750 3178 τὰ
771 3127 914 3181 ὅπλα
944 3127 1108 3180 αὑτοῦ
1142 3128 1475 3195 βαστάζοντα
1509 3146 1743 3200 περιπα-

167 3222 298 3280 τεῖν,
334 3221 431 3271 καὶ
473 3219 546 3288 μὴ
573 3221 649 3281 εἰς
678 3220 772 3281 τὰς
810 3217 1024 3285 ἀμάξας
1069 3219 1240 3273 ταῦτα
1283 3220 1740 3290 καταλιμπάνειν,
1773 3205 1815 3262 C

165 3314 252 3366 ῖνα
279 3307 417 3364 ῶσιν
449 3313 654 3380 ἕτοιμοι
682 3311 816 3380 πρὸς
846 3311 944 3381 τὴν
968 3312 1167 3382 μάχην.
1211 3313 1299 3364 Ἑν
1337 3312 1394 3365 δὲ
1420 3315 1533 3373 τοῖς
1579 3313 1745 3379 άναγ-

165 3404 344 3466 χαίοις
380 3405 611 3471 καιροῖς,
644 3400 823 3463 καθὼς
859 3402 917 3454 ἐν
937 3405 1003 3472 τῇ
1038 3403 1340 3472 παρατάξει
1365 3402 1648 3454 τάττονται
1679 3401 1748 3454 τὰ

164 3497 443 3563 τάγματα,
468 3493 638 3555 οὕτως
664 3493 801 3545 αύτά
821 3493 900 3545 δεῖ
930 3495 1249 3563 περιπατεῖν
1293 3493 1386 3546 καὶ
1417 3493 1491 3562 μὴ
1547 3510 1746 3560 συγκε-

164 3586 416 3656 χυμένως
468 3585 639 3654 (50)ἦ
693 3584 1139 3652 διεσπασμένως·
1185 3583 1308 3649 ῖνα,
1368 3583 1462 3636 ἐάν
1520 3583 1744 3653 γένηται

165 3679 323 3749 χρεία
364 3677 458 3730 τοῦ
493 3675 926 3747 παρατάξεσθαι,
956 3675 1187 3743 ἑτοίμως
1231 3675 1312 3737 είς
1369 3675 1527 3727 τοῦτο
1579 3693 1748 3727 κατα-

169 3770 391 3822 στῶσιν.

236 3859 336 3922 νζ’.
383 3860 508 3911 Ἐὰν
546 3859 603 3912 δὲ
655 3859 838 3910 πολλοί
898 3859 1036 3910 εἰσιν
1067 3858 1118 3909 οἱ
1150 3856 1258 3909 τῶν
1295 3855 1508 3926 ἐχθρῶν
1539 3857 1740 3910 κασαλο

164 3954 368 4022 λάριοι,
399 3950 722 4018 ἐγγιζόντων
773 3950 971 4014 αὐτῶν,
1017 3947 1110 4000 τὸν
1155 3947 1384 4017 στρατὸν
1431 3945 1505 4016 μὴ
1554 3948 1747 4014 ἐπιτηο

163 4046 342 4098 δεύειν
385 4041 623 4110 συνεχῶς
655 4040 723 4092 τὰ
757 4040 1013 4108 ἄπληκτα
1044 4037 1332 4091 ἀλλάσσειν
1359 4037 1391 4105 ἢ
1415 4036 1512 4097 τὰς
1540 4036 1748 4087 ὁδοιπο-

169 4138 290 4207 ρίας
323 4134 591 4187 ποιεῖσθαι
624 4132 730 4201 πρὸ
752 4132 851 4198 τῆς
875 4130 970 4183 τοῦ
1003 4130 1235 4198 πολέμου
1273 4129 1568 4190 ἐκτάσεως,
1604 4128 1742 4179 ἀλλὰ

166 4229 276 4296 πρὸ
327 4225 423 4278 δύο
479 4225 512 4293 ἢ
564 4223 732 4292 τριῶν
783 4221 1009 4291 ἡμερῶν
1066 4215 1615 4289 προκαταλαμϐάνειν
1657 4217 1749 4268 τὸν

163 4320 352 4377 τύπον,
409 4315 536 4368 ἔνθα
578 4315 613 4383 ἡ
671 4311 913 4381 συμϐολὴ
950 4310 1130 4380 μέλλει
1177 4308 1422 4376 τίνεσθαι
1456 4343 1471 4369 ,
1521 4307 1746 4360 κάκεῖσε

166 4406 430 4476 ἀσφαλῶς
474 4403 823 4470 άπληκεύειν.

236 4496 343 4567 νη’.
387 4495 513 4547 Ἐὰν
564 4493 619 4545 δὲ
677 4491 885 4560 μέλλῃς
933 4488 1120 4557 ἔφοδον
1165 4489 1339 4541 ποιεῖν
1379 4489 1516 4541 κατὰ
1566 4487 1748 4559 χώρας
1782 4531 1824 4585 n

169 4589 387 4659 ἐχθρῶν
428 4583 568 4656 μετὰ
601 4581 826 4647 πεζικοῦ
853 4580 1082 4651 στρατοῦ
1115 4579 1200 4632 διὰ
1240 4579 1450 4633 δασέων
1483 4581 1575 4632 καὶ
1621 4580 1745 4632 δυσ-

169 4684 348 4735 Situm
372 4679 464 4732 καὶ
500 4675 700 4730 στενῶν
732 4675 933 4737 τόπων,
973 4673 1005 4742 ἢ
1041 4672 1137 4724 καὶ
1183 4672 1241 4723 ἐν
1273 4671 1453 4732 αὐτοῖς
1481 4671 1739 4740 ἐγχειρή-

169 4791 286 4835 σεις
317 4772 438 4824 κατ’
468 4770 646 4822 αὐτῶν
669 4764 967 4826 ποιεῖσθαι,
993 4763 1054 4816 οὐ
1089 4763 1170 4816 δεῖ
1197 4778 1255 4814 σε
1288 4761 1513 4823 πολλοὺς
1541 4760 1747 4813 καϐαλ-

155 4863 390 4934 ¹λαρίους
425 4860 590 4928 ἔχειν,
627 4857 763 4928 μήτε
796 4852 1014 4923 ἀμάξας
1043 4851 1210 4922 ἔχειν,
1242 4850 1275 4921 ἢ
1303 4848 1518 4902 τοῦλδον
1551 4849 1746 4913 πολὺν,

166 4957 198 5025 ἦ
233 4954 378 5008 ὅπλα
419 4951 625 5016 πολλὰ,
675 4943 788 5004 οἷον
833 4945 1097 5016 λωρίκια,
1143 4942 1239 4996 καὶ
1268 4941 1553 5004 κασσίδας,
1576 4941 1610 5011 ἢ
1637 4942 1754 4994 κλι-

168 5046 355 5110 ϐὶνια,
389 5043 423 5113 ἡ
472 5059 527 5094 τι
572 5037 851 5098 τοιοῦτον.
881 5034 1015 5088 ἀλλὰ
1058 5032 1355 5103 σκουτάρια
1399 5031 1560 5101 μόνον
1608 5030 1754 5100 ἔχειν

169 5138 296 5198 τοὺς
328 5133 677 5195 σκουτάτους,
711 5129 931 5200 μείζονα
972 5126 1027 5181 δὲ
1058 5125 1318 5196 κοντάρια
1341 5139 1356 5154 ’
1394 5123 1520 5185 τοὺς
1571 5121 1626 5174 δὲ
1664 5121 1754 5173 λε-

171 5225 442 5293 γομένους
467 5222 674 5290 ψιλοὺς,
710 5219 1006 5287 σκουτάρια
1066 5213 1231 5269 κοντα
1266 5214 1447 5268 καὶτὰ
1502 5211 1714 5265 σπαθία
1736 5249 1751 5274 ,

173 5317 270 5369 καὶ
320 5314 604 5382 τζικούρια
655 5306 846 5382 μικρὰ,
882 5311 973 5363 καὶ
991 5308 1330 5378 ἐλαφρότερα
1348 5303 1744 5374 τοξοφάρετρα,

174 5407 453 5479 ρικτάρια,
495 5404 721 5458 ἀκόντια
756 5403 948 5473 μικρά,
977 5400 1282 5467 τζικούρια,
1309 5397 1403 5451 καὶ
1425 5396 1476 5449 ετ
1499 5413 1554 5447 τι
1575 5391 1753 5446 τοιοῦ-

173 5517 266 5553 τον
290 5497 523 5568 ἐλαφρὸν
551 5496 648 5550 καὶ
674 5495 967 5565 χρήσιμον.
1004 5490 1217 5568 ξΔξίνας
1244 5489 1302 5542 δὲ
1328 5488 1541 5549 πάντως
1573 5501 1752 5554 περισ-

177 5590 276 5650 ea;
307 5589 414 5659 χρὴ
446 5588 611 5656 ἒχειν,
651 5585 746 5639 κα⁶ι
774 5588 831 5639 ἐν
877 5586 988 5647 τοῖς
1017 5580 1346 5651 σαγμαρίοις
1368 5572 1748 5645 ἐπιφέρεσθαι,

177 5679 265 5733 διὰ
289 5677 387 5741 τὰς
420 5676 630 5748 χρείας.

1847 4577 2092 4647 peditatu
2147 4575 2391 4629 facturus
2446 4589 2526 4638 es,

1845 4676 2078 4738 angusta
2113 4668 2254 4734 loca,
2283 4665 2538 4736 quamvis
2584 4665 2638 4717 in
2685 4679 2751 4718 eo
2785 4665 2904 4716 loco
2933 4679 3108 4732 pugna
3138 4665 3319 4733 gravis
3344 4663 3424 4716 fu-

1848 4772 1968 4814 tura
2012 4759 2104 4824 sit,
2155 4775 2334 4828 neque
2370 4772 2627 4826 magnum
2685 4755 3010 4825 equitatum,
3044 4769 3214 4823 neque
3255 4755 3425 4807 multa

1853 1955 1918 2005 ad
1969 1957 2358 2022 speculandum
2417 1963 2784 2016 constituendi
2831 1971 2992 2029 sunt,
3050 1972 3213 2033 atque
3265 1974 3416 2017 extra

1851 2061 1946 2102 eos
1999 2048 2184 2104 nullus
2226 2052 2469 2118 peditum
2500 2053 2590 2106 sit.
2655 2114 2658 2116 γ

1921 2227 2010 2282 54.
2063 2226 2275 2293 Castra,
2300 2228 2353 2282 ld
2401 2237 2508 2293 est,
2566 2230 2765 2298 aplicta
2813 2246 2982 2306 prope
3017 2232 3143 2287 illos
3177 2231 3304 2299 sint,
3361 2248 3428 2288 ne

1852 2319 2074 2388 longum
2115 2320 2374 2387 spatium,
2431 2321 2478 2375 si
2520 2320 2901 2387 discesserint,
2953 2325 3161 2392 pedites
3206 2326 3425 2394 conspi-

1854 2410 2091 2464 ciantur.

1926 2502 2015 2559 55.
2052 2503 2265 2560 Currus
2312 2505 2558 2574 peditum
2592 2506 2788 2561 ordine
2835 2507 3071 2575 quodam
3106 2507 3427 2577 procedant,

1851 2596 1966 2650 sive
1989 2605 2113 2663 post
2137 2596 2384 2666 singulas
2409 2597 2799 2650 contubernlas
2835 2606 2958 2666 post
2981 2599 3232 2651 dextrum
3256 2614 3424 2652 cornu

1851 2687 2048 2757 primo.
2079 2687 2276 2743 deinde
2303 2696 2427 2757 post
2474 2689 2787 2755 sinistrtim,
2825 2700 2939 2745 tum
2976 2700 3102 2760 post
3143 2691 3425 2750 sinistrum

1852 2778 2109 2844 medium,
2136 2789 2190 2834 et
2220 2781 2477 2848 deinceps
2509 2788 2632 2850 post
2662 2783 2912 2835 dextrum
2949 2783 3185 2839 medium
3209 2799 3225 2848 ;
3253 2798 3428 2851 neque

1852 2868 2087 2936 confusi,
2125 2880 2222 2925 aut
2249 2872 2503 2940 permixti
2558 2887 2755 2927 currus
2799 2873 3101 2928 ambulent.

1923 3049 2012 3103 56.
2056 3049 2112 3104 Si
2142 3063 2314 3120 prope
2341 3050 2528 3104 hostes
2562 3047 2788 3115 fuerint,
2815 3050 3014 3120 singuli
3047 3050 3238 3102 armati
3278 3062 3426 3102 arma

1852 3150 2083 3212 gestent,
2131 3157 2308 3212 neque
2343 3157 2405 3197 ea
2445 3144 2497 3195 in
2537 3143 2793 3197 curribus
2845 3143 3181 3210 relinquant,
3214 3151 3271 3194 ut
3320 3144 3427 3196 sint

1850 3232 1915 3286 ad
1951 3232 2200 3301 proelium
2255 3232 2425 3300 parati
2463 3249 2476 3284 :
2510 3239 2563 3284 et
2613 3230 2665 3284 in
2713 3231 3035 3299 periculosis
3089 3231 3430 3300 temporibus

1849 3335 2039 3374 omnes
2072 3336 2160 3374 res
2189 3322 2262 3372 ita
2295 3321 2578 3374 instructae
2607 3323 2738 3384 sint,
2771 3337 2834 3374 ac
2865 3323 2910 3374 si
2953 3323 3007 3374 in
3048 3323 3164 3390 ipsa
3191 3323 3312 3375 acie
3344 3337 3428 3373 es-

1850 3424 1989 3476 sent,
2038 3425 2095 3465 ut
2128 3414 2172 3466 si
2218 3429 2319 3467 nec
2347 3414 2595 3480 confuse,
2643 3429 2746 3468 nec
2788 3414 3096 3468 inordinate
3141 3414 3422 3483 prodeant.

1852 3502 1941 3554 ubi
1974 3502 2117 3554 acies
2144 3502 2462 3558 instruenda
2492 3502 2583 3566 sit,
2620 3502 2671 3556 in
2703 3513 2953 3571 promptu
3018 3512 3180 3572 atque
3213 3503 3267 3556 in
3300 3517 3423 3571 pro-

1852 3593 2028 3646 cinctu
2060 3595 2188 3647 sint.

1920 3858 2008 3911 57.
2064 3856 2120 3909 Si
2180 3856 2336 3910 multi
2407 3857 2646 3911 nostium
2706 3856 2907 3911 ruerint
2966 3857 3221 3926 equites.
3278 3867 3331 3910 et
3391 3858 3424 3908 ii

1851 3964 2015 4020 prOpe
2048 3949 2112 4001 ad
2147 3957 2197 4000 te
2231 3947 2514 4009 accedant,
2563 3965 2628 4001 nc
2663 3959 2947 4016 propterea
2976 3959 3158 4002 castra
3193 3949 3428 4000 transfe-

1851 4055 1962 4103 ras,
1994 4047 2048 4093 ct
2079 4054 2282 4093 novum
2318 4040 2420 4092 iter
2452 4049 2578 4092 ante
2617 4039 2818 4092 bellum
2864 4040 3219 4093 commissum
3255 4041 3428 4092 susci-

1853 4132 1991 4200 pias,
2027 4129 2120 4183 sed
2171 4137 2284 4182 tres
2329 4139 2424 4181 aut
2472 4137 2708 4196 quatuor
2748 4130 2863 4182 dies
2895 4138 3019 4181 ante
3070 4130 3424 4182 conﬂictatio-

1852 4237 1971 4275 nem
2012 4223 2206 4290 ipsam,
2249 4220 2513 4274 castrain
2554 4234 2618 4272 eo
2661 4220 2781 4272 loco
2813 4236 2973 4288 pone,
3015 4223 3104 4275 ubi
3150 4237 3292 4290 pugn
3318 4229 3423 4271 :tu-

1852 4328 1943 4366 rus
1971 4328 2050 4379 cs,
2080 4323 2134 4366 et
2166 4313 2236 4365 ibi
2270 4321 2388 4366 tuto
2423 4319 2473 4365 te
2500 4313 2567 4362 ad
2605 4311 2734 4367 illud
2772 4321 2984 4380 tempus
3016 4313 3307 4367 collocato.

1923 4483 2012 4538 58.
2101 4483 2157 4537 Si
2201 4483 2575 4536 incursionem
2632 4482 2684 4535 in
2743 4482 2995 4535 hostilem
3047 4491 3250 4535 terram
3301 4497 3423 4537 cum

2602 4574 2765 4643 idque
2817 4588 2913 4646 per
2960 4574 3229 4626 condensa
3264 4582 3427 4641 atquc

1850 4851 2259 4920 impedimenta,
2309 4862 2488 4918 neque
2533 4847 2701 4901 multa
2740 4860 2892 4897 arma
2934 4856 3112 4897 tecum
3158 4841 3324 4902 feras,
3373 4850 3428 4896 ut

1851 4943 2067 5007 loricis,
2120 4941 2174 4995 id
2218 4949 2322 5005 est,
2368 4939 2573 5008 galeas,
2609 4937 2877 4996 cassides,
2926 4934 3180 4998 elibania,
3220 4934 3270 4986 id
3321 4931 3425 4997 est,

1855 5037 2146 5097 thoraces;
2177 5034 2270 5087 sed
2299 5041 2452 5087 scuta
2483 5028 2681 5082 scutati
2721 5027 2897 5081 solum
2930 5025 3184 5087 habeant,
3214 5033 3268 5077 et
3295 5039 3425 5078 con-

1854 5127 2010 5191 taria,
2040 5125 2093 5180 id
2119 5133 2223 5190 est,
2283 5125 2470 5177 hastas
2501 5121 2718 5190 longas,
2745 5128 2798 5172 et
2829 5117 3072 5187 spathas.
3102 5128 3153 5169 et
3176 5115 3424 5168 tzicuria.

1855 5218 2023 5272 Leves
2053 5227 2230 5270 autem
2264 5215 2496 5269 habeant
2518 5220 2669 5266 scuta
2698 5227 2883 5280 parva,
2913 5209 3194 5271 rhictaria,
3224 5208 3423 5276 jacula.

1853 5306 2082 5361 tzicuria
2132 5320 2296 5374 parva
2327 5345 2342 5369 ,
2398 5312 2452 5356 et
2496 5302 2540 5355 si
2593 5301 2723 5369 quid
2773 5299 2917 5351 aliud
2951 5300 3057 5351 tale
3105 5297 3218 5349 leve
3267 5305 3428 5363 atque

1856 5397 2165 5466 expeditum
2200 5403 2302 5450 est.
2346 5393 2578 5448 Securos
2630 5389 2830 5443 multas
2874 5387 3074 5442 habere
3114 5385 3168 5438 in
3212 5397 3426 5452 sagina-

1859 5491 1978 5553 riis,
2032 5488 2084 5542 id
2134 5497 2237 5555 est,
2294 5483 2565 5554 sarciniis:
2620 5483 2687 5536 ad
2731 5494 2952 5536 omnem
3004 5493 3160 5534 usum
3212 5488 3427 5547 paratas

1859 5584 2093 5646 oportet.

1697 5748 1926 5806 ΝΟΤΕ.

256 5864 368 5932 (50)
401 5865 505 5921 Kal
531 5864 616 5935 μὴ
651 5859 1128 5934 συγκεχιιμένως.
1172 5853 1614 5947 llcsiderabatur,
1649 5847 1742 5917 μή·
