4176 6446
749 386 857 450 Ἰ87

2013 384 2286 443 LEONIS
2328 382 2781 443 PHILOSOPIH

3894 383 3999 446 788

756 500 857 553 bus
905 510 1087 550 autem
1146 505 1198 549 et
1251 507 1423 562 magis
1470 494 1727 562 Spatiosis
1780 492 1936 555 locis,
1974 494 2042 546 ad
2094 494 2325 545 frontem

2447 493 2543 551 τοῖς
2572 491 2912 561 ἀραιοτέροις
2943 490 3035 542 ἐπὶ
3080 491 3333 557 μέτωπον
3380 491 3437 543 ὲν
3468 492 3678 562 πλαγία
3714 493 3865 556 τάξει
3924 494 4005 555 είς

756 588 874 642 acie
934 589 984 640 in
1040 590 1205 639 latum
1261 597 1533 654 porrecta,
1578 593 1629 636 et
1675 584 1976 637 laxioribus
2047 583 2334 636 latitudine

758 678 1155 735 contuberniis.
1186 678 1473 729 altitudine
1502 675 1869 727 densioribus.

828 769 914 820 '78.
954 768 1087 820 lllud
1118 783 1213 836 pro
1243 777 1395 820 certo
1419 778 1623 825 teneas,
1652 766 1703 817 in
1730 764 2019 818 condensis
2048 764 2185 818 locis
2215 778 2330 827 eos,

757 862 851 930 qui
887 862 1172 921 rltictaria.
1201 861 1315 912 sive
1351 860 1626 922 menaula,
1660 859 1852 921 idest,
1880 856 2056 923 jacula
2088 857 2331 926 longiora

759 966 921 1005 manu
980 950 1304 1017 conjiciunt,
1337 952 1509 1019 magis
1552 948 1889 1003 necessarios
1942 963 2064 1001 esse
2110 949 2336 1016 sagitta-

761 1043 860 1097 riis
914 1055 1009 1096 aut
1044 1041 1439 1103 funditoribus.
1473 1052 1634 1109 atque
1673 1039 1795 1092 ideo
1823 1039 1978 1093 multi
2012 1040 2155 1092 leves
2179 1054 2335 1092 exer-

757 1131 915 1185 cendi
965 1134 1031 1185 ad
1074 1132 1189 1186 lucc
1248 1131 1352 1185 tela
1407 1132 1522 1185 sive
1556 1129 1739 1197 jacula
1782 1123 1947 1182 manu
1995 1129 2335 1198 conjicienda

758 1234 911 1280 sunt.
1871 1290 1877 1295 _

830 1316 919 1369 79.
965 1313 1248 1383 Sagittarii
1304 1314 1357 1367 in
1413 1313 1532 1367 acie
1578 1312 1842 1367 instructa
1906 1306 2336 1380 prmstab‘iliores

756 1415 908 1468 sunt,
942 1415 996 1459 et
1025 1406 1076 1458 in
1110 1406 1343 1475 asperis,
1374 1404 1562 1458 arduis
1591 1444 1606 1469 ,
1638 1403 1883 1473 angustis
1918 1413 2083 1473 atque
2112 1407 2335 1474 exposi-

763 1495 832 1549 tis
862 1496 914 1547 in
949 1493 1105 1547 locis.

832 1586 920 1640 80.
950 1584 1286 1641 Jaculatores
1321 1598 1473 1641 extra
1524 1589 1695 1643 aciem
1739 1587 2066 1641 instructam
2116 1588 2168 1641 in
2204 1604 2335 1643 con-

759 1674 949 1730 densis
978 1677 1111 1731 locis
1139 1679 1417 1733 utilissimi
1438 1689 1586 1734 sunt.
1617 1679 1795 1750 Atque
1817 1679 1932 1733 haec
1960 1680 2013 1732 in
2048 1680 2337 1733 itineribus

762 1766 1024 1823 faciendis
1055 1771 1395 1825 observanda
1435 1782 1583 1825 sunt.

833 1945 923 1998 8i.
966 1944 1294 2012 Priusquam
1341 1960 1533 1998 omnes
1575 1955 1757 2001 castra
1806 1946 2121 2015 posuerint,
2164 1947 2337 2000 aciem

764 2050 941 2103 nequc
985 2035 1314 2104 pedestrem,
1346 2051 1519 2104 neque
1558 2043 1867 2103 equestrem
1898 2036 2165 2088 dissolVas
2187 2075 2200 2098 ,
2242 2053 2338 2089 ne-

765 2142 872 2195 que
906 2126 1224 2195 priusquam
1256 2128 1517 2181 fossatum
1550 2126 1791 2195 undique
1844 2128 2111 2180 munitum
2156 2128 2250 2190 sit,
2285 2136 2339 2180 et

765 2215 1138 2283 speculatores
1192 2216 1446 2269 exierint.

835 2306 923 2359 82.
961 2306 1246 2376 Praacipies
1310 2317 1530 2369 autem,
1584 2316 1643 2361 ut
1704 2306 1944 2376 perfecte
2003 2315 2340 2376 cognoscant

768 2398 1015 2451 buccina:
1043 2396 1264 2460 sonum,
1305 2407 1362 2449 ut
1398 2400 1489 2451 ubi
1531 2398 1837 2452 consistere
1882 2414 1975 2452 eos
2020 2398 2178 2467 jubet
2213 2413 2344 2450 con-

767 2489 989 2553 sistant,
1022 2498 1075 2541 et
1106 2489 1195 2542 ubi
1223 2488 1325 2542 alia
1362 2486 1594 2543 buccina
1627 2490 1924 2558 procedere
1959 2505 2054 2544 eos
2087 2489 2341 2557 imperat,

767 2580 1089 2650 procedant.
1126 2580 1205 2633 Ad
1242 2580 1392 2633 hunc
1423 2582 1591 2650 igitur
1619 2584 1836 2635 modum
1865 2580 1931 2634 de
1959 2581 2151 2635 itinere
2182 2596 2343 2635 exer-

767 2673 911 2728 citus
943 2671 1193 2727 faciendo
1214 2673 1552 2743 disputatum
1602 2676 1697 2728 sit.
1735 2674 1920 2728 llcstat
1962 2682 2018 2727 ut
2067 2675 2133 2727 dc
2168 2673 2340 2737 tuldo,

768 2763 883 2817 sive
910 2763 1312 2833 impedimentis
1347 2780 1518 2835 pauca
1551 2766 1911 2821 disseramus.

1275 2948 1740 3004 CONSTITUTIO
1782 2951 1850 3004 Χ.

1086 3032 1162 3087 De
1196 3034 1365 3101 tuldo,
1399 3038 1451 3088 id
1482 3048 1579 3099 est,
1613 3038 2024 3104 impedimentis.

844 3127 897 3180 l.
939 3125 1123 3192 Tuldi,
1157 3128 1272 3182 sive
1318 3129 1832 3197 impedimentorum
1864 3146 1994 3185 cura
2032 3131 2131 3185 tibi
2160 3132 2343 3197 susci-
2371 3153 2415 3211 ο

770 3219 967 3289 pienda
992 3227 1077 3273 est
1106 3237 1119 3272 :
1154 3235 1331 3288 neque
1368 3222 1513 3274 enim
1545 3230 1750 3275 temere
1799 3237 1894 3277 aut
1938 3223 2165 3278 fortuito
2188 3224 2344 3293 disji-

764 3308 965 3362 eienda
1005 3318 1156 3373 sunt,
1190 3311 1283 3365 scd
1343 3311 1657 3381 ubicunque
1703 3314 2114 3384 relinquuntur,
2140 3316 2191 3369 in
2227 3325 2345 3369 tuto

766 3410 902 3453 sunt
929 3401 1273 3455 collocanda.

841 3493 896 3545 2.
938 3493 1124 3561 Neque
1156 3510 1370 3547 rursum
1403 3495 1455 3548 in
1486 3495 1625 3549 bello
1687 3496 2143 3565 incircumspeete
2171 3498 2346 3553 duca-

775 3577 897 3649 tu'r;
938 3601 1179 3654 persaepe
1230 3587 1374 3639 enim
1422 3589 1657 3641 militum
1704 3589 2052 3653 administri,
2106 3607 2347 3661 persa‘pe

779 3673 930 3726 liberi
968 3682 1131 3741 atque
1161 3676 1397 3742 cognati,
1421 3691 1558 3743 quos
1584 3676 1778 3730 charos
1801 3677 2022 3741 habent,
2046 3694 2169 3731 cum
2194 3679 2347 3733 tuldo

772 3774 923 3817 sunt.
972 3763 1129 3824 Quod
1173 3765 1277 3817 nisi
1330 3765 1382 3818 in
1432 3775 1547 3819 tuto
1601 3768 1691 3830 sit,
1725 3769 1999 3822 anxietate
2037 3768 2345 3823 animorum

774 3869 920 3919 sarpe
964 3865 1228 3905 vexantur
1270 3854 1493 3919 milites,
1531 3865 1585 3910 et
1612 3856 1981 3914 sollicitudine
2019 3858 2070 3911 in
2102 3858 2348 3915 diversas

780 3954 959 4013 partes
991 3946 1389 3999 distrahuntur.

844 4127 901 4181 ’5.
946 4126 1251 4196 Unicuique
1285 4129 1430 4181 enim
1478 4128 1730 4196 prudenti
1778 4131 1916 4195 viro,
1945 4143 2141 4200 praztcr
2187 4148 2345 4187 suum

775 4218 957 4285 ipsius
995 4218 1279 4285 damnum,
1314 4218 1489 4273 dolori
1516 4228 1600 4273 est
1628 4221 1792 4273 etiam
1833 4220 2039 4276 inimici
2073 4225 2349 4294 prosperio

776 4322 885 4363 tas.
925 4310 1109 4375 Itaque
1131 4326 1254 4363 cum
1286 4326 1446 4364 suum
1487 4311 1657 4379 ipsius
1682 4311 1943 4366 damnum
1969 4315 2144 4370 oculis
2172 4316 2351 4370 intue-

775 4412 887 4462 tur,
923 4402 1005 4453 vel
1035 4401 1259 4453 omnino
1304 4401 1446 4455 bello
1484 4401 1741 4467 abstinet,
1772 4402 1853 4457 vel
1885 4403 1953 4457 ad
1981 4405 2337 4474 pugnandum

777 4492 1089 4560 languidior
1121 4494 1198 4548 lit.

849 4583 903 4635 ι.
946 4583 1220 4651 Imprimis
1247 4591 1429 4638 autem
1459 4593 1793 4656 congregato
1832 4586 2018 4655 tuldo,
2049 4596 2103 4643 et
2130 4588 2353 4657 publico

778 4671 891 4739 iam
946 4674 1139 4742 proelio
1189 4675 1543 4738 imminente,
1586 4676 1993 4732 multitudinem
2061 4679 2353 4746 palicario-

787 4780 928 4827 l‘lllll,
980 4764 1030 4817 id
1083 4773 1187 4829 est,
1231 4780 1419 4819 eorum
1487 4766 1577 4835 qui
1639 4766 1909 4836 praefectis
1970 4776 2024 4821 et
2086 4770 2352 4825 militibus

781 4870 1006 4922 operam
1036 4856 1190 4922 dant,
1221 4872 1287 4911 eo
1315 4857 1585 4913 deducere
1631 4874 1740 4912 non
1784 4859 2037 4924 consulo,
2071 4875 2249 4930 neque
2291 4862 2344 4915 in

785 4960 885 4997 sua
926 4953 1070 4999 terra
1119 4946 1259 5001 bello
1302 4956 1641 5016 exspectato,
1686 4963 1863 5018 neque
1914 4949 1967 5004 iu
2009 4951 2223 5017 aliena;
2261 4954 2354 5007 sed

2436 582 2655 643 πλάτος,
2684 584 2741 641 ἐν
2768 581 3117 653 ἀραιοτέραις
3147 581 3246 650 μὲν
3280 583 3416 635 κατὰ
3454 582 3516 634 τὸ
3566 583 3766 645 πλάτος
3798 585 4004 648 άκίαις,

2437 671 2755 740 βαθυτέραις
2782 672 2838 724 δὲ
2863 670 3003 723 κατά
3032 672 3093 722 τὸ
3123 673 3319 740 πάχος.

2506 759 2604 830 οη’.
2634 761 2871 812 Γίνωσκε
2909 762 2986 824 δὲ,
3039 762 3121 812 ὅτι
3161 763 3217 813 ὲν
3255 763 3377 825 ταῖς
3411 762 3658 824 δασείαις
3688 762 3844 824 ὕλαις
3892 763 4007 830 (348)

2434 854 2481 904 οἱ
2513 855 2575 905 ἐκ
2604 851 2781 921 χειρὸς
2799 851 3173 915 ἀκοντίζοντες
3214 852 3301 904 διὰ
3330 854 3625 923 ρικταρίων
3655 855 3686 924 ἦ
3723 856 4009 922 μεναὺλων

2435 940 2848 1011 ἀναγκαιότεροί
2883 942 2989 995 εισι
3020 942 3242 995 καὶτῶν
3275 944 3505 1007 τοξοτῶν
3536 945 3628 996 καὶ
3683 944 3793 996 τῶν
3846 961 4011 1013 6:939-

2436 1034 2711 1090 δονιστῶν.
2747 1034 2847 1087 Διὰ
2899 1035 3055 1088 τοῦτο
3090 1037 3299 1106 πρέπον
3326 1038 3443 1090 ἐστὶ
3474 1038 3601 1097 τοὺς
3634 1037 3863 1101 πολλοὺς
3900 1039 4011 1089 τῶν

2435 1126 2604 1197 ψιλῶν
2633 1129 2712 1191 είς
2740 1126 2995 1197 ρικτάρια
3024 1129 3118 1181 καὶ
3146 1130 3368 1182 ἀκόντια
3392 1129 3456 1180 ὲκ
3497 1129 3679 1198 χειρὸς
3703 1128 4012 1199 βαλλόμενα

2438 1218 2835 1289 γυμνάζεσθαι.

2507 1310 2602 1363 οο’.
2639 1311 2702 1364 Οἱ
2737 1311 2794 1363 δὲ
2847 1311 3059 1375 τοξόται
3116 1311 3404 1377 ἀναγκαῖοί
3447 1312 3554 1364 εἰσι
3603 1316 3668 1383 τῇ
3706 1313 4014 1383 παρατάξει

2442 1402 2640 1471 μᾶλλον
2665 1401 3095 1472 ὑποτασσόμενοι
3121 1404 3216 1454 καὶ
3242 1405 3321 1466 εἰς
3338 1407 3558 1473 τραχεῖς
3604 1405 3697 1455 καὶ
3759 1408 3837 1467 εἰς
3875 1421 4013 1473 κρη·

2442 1493 2668 1563 μνὼδεις
2700 1494 2794 1546 καὶ
2822 1496 2899 1556 εἰς
2933 1494 3148 1555 στενοὺς
3190 1494 3282 1544 καὶ
3313 1495 3555 1563 γυμνοὺς
3584 1496 3808 1557 τόπους.

2512 1586 2585 1639 π’.
2634 1586 2698 1639 Οἱ
2739 1585 2921 1655 μέντοι
2969 1584 3284 1639 ἀκοντισταὶ
3322 1587 3417 1638 καὶ
3446 1585 3644 1649 ἔξωθεν
3676 1585 3777 1655 τῆς
3835 1603 4011 1655 παρα·

2439 1677 2641 1740 τάξεως
2670 1679 2749 1738 εἰς
2775 1676 2871 1739 τὰς
2896 1675 3025 1738 ὔλας
3049 1678 3145 1739 τὰς
3174 1676 3394 1737 δασείας
3438 1677 3669 1745 μάλιστα
3723 1677 4012 1744 ἀναγκαῖοί

2439 1764 2596 1816 εἰσιν.
2636 1762 2884 1816 Τοσαῦτα
2921 1763 3018 1832 μὲν
3047 1760 3140 1816 οὖν
3161 1763 3256 1815 καὶ
3292 1765 3347 1816 ἐν
3381 1766 3499 1827 ταῖς
3525 1766 3856 1835 ὁδοιπορίαις
3907 1783 4013 1818 πα-

2442 1854 2802 1924 ραφυλάττειν
2821 1871 2878 1907 σε
2904 1855 3222 1922 ἀναγκαῖον,
3259 1850 3304 1907 ὦ
3332 1856 3626 1926 στρατηγέ.

2512 1941 2622 1996 πα’.
2650 1944 2783 2012 Πρὶν
2808 1944 2841 2012 ἢ
2874 1943 2929 1995 δὲ
2964 1942 3170 2004 πάντας
3199 1942 3543 2011 άπληκεῦσαι
3572 1944 3673 2013 τὴν
3698 1944 4014 2012 παράταξιν

2445 2035 2710 2105 μηδέποτε
2749 2037 2952 2099 διάλυε,
2986 2036 3122 2104 μήτε
3160 2036 3251 2086 ἐπὶ
3280 2033 3455 2103 πεζῆς
3510 2037 3816 2106 στρατείας.
3880 2039 4015 2106 μήτε

2441 2129 2531 2188 ἐπὶ
2557 2126 2985 2195 καϐαλλαρικῆς,
3018 2125 3121 2189 ἓως
3147 2125 3213 2177 ἂν
3236 2126 3330 2178 καὶ
3354 2125 3414 2177 τὸ
3445 2127 3714 2193 φοσσάτον
3735 2128 4013 2197 ὀχυρωθῇ,

2442 2217 2534 2269 καὶ
2568 2218 2624 2267 αἱ
2648 2215 2825 2285 βίγλαι
2847 2216 3157 2280 ἐξὲλθωσιν.

2512 2309 2623 2375 πβ’.
2656 2307 2866 2359 Εἰδὲναι
2892 2306 2947 2358 δὲ
2988 2308 3198 2371 πάντας
3251 2310 3598 2379 προστάξεις,
3628 2309 3715 2361 ἴνα
3740 2310 3805 2377 τῇ
3863 2312 4016 2376 φωνῇ

2442 2401 2535 2454 τοῦ
2603 2401 2744 2455 κατὰ.
2798 2398 3085 2468 συνήθειαν
3139 2400 3386 2468 βουκίνου
3450 2403 3809 2471 γνωρίζοντες
3890 2402 4019 2452 αὐτο

2444 2494 2707 2555 ἵστανται,
2731 2492 2827 2544 καλ⁵
2851 2493 3010 2544 πάλιν
3035 2495 3101 2561 τῇ
3132 2492 3350 2560 συνήθει
3385 2492 3498 2562 (59)
3534 2495 3684 2562 φωνῇ
3709 2492 3807 2544 τοῦ
3826 2492 4019 2561 ἑτέρου

2447 2584 2695 2653 βουκίνου
2716 2622 2731 2645 ,
2772 2584 2942 2653 ἦγουν
2970 2583 3063 2635 τοῦ
3099 2584 3397 2653 κινήματος
3438 2586 3683 2638 κινῶσιν.
3709 2584 3900 2645 Οὕτως
3929 2584 4021 2636 οὖν

2444 2677 2575 2746 ἡμῖν
2605 2674 3091 2742 διατετυπωμένων
3118 2675 3227 2727 τῶν
3269 2676 3397 2747 περὶ
3426 2676 3730 2745 ὁδοιπορίας
3760 2676 4020 2743 στρατοῦ,

2445 2767 2644 2837 ἐφεξῆς
2666 2784 2746 2819 σοι
2772 2767 2867 2821 καὶ
2898 2767 2988 2819 τδν
3012 2768 3143 2839 περὶ
3174 2767 3269 2821 τοῦ
3297 2768 3597 2839 λεγομένου
3652 2767 3878 2821 τούλδου
3907 2767 4024 2820 δια·

2445 2858 2735 2931 ταξώμεθα
2772 2859 2962 2914 τύπον.

3039 2951 3351 3006 ΔΙᾹΤᾹΞΙΣ
3390 2952 3447 3007 ι’.

2753 3044 2893 3112 Περὶ
2929 3044 3034 3096 τοῦ
3062 3042 3391 3112 λεγομένου
3425 3041 3707 3097 τούλδου.

2518 3134 2586 3189 α’.
2628 3135 2720 3187 Δεῖ
2747 3131 2841 3188 οὖν
2872 3134 3083 3187 καὶτοῦ
3112 3134 3332 3187 τούλδου
3355 3133 3673 3202 ἀναγκαίως
3707 3149 3766 3185 σε
3803 3131 4023 3202 φροντί-

2446 3230 2582 3294 ζειν,
2633 3228 2726 3282 καὶ
2773 3227 2850 3298 μὴ
2892 3227 2967 3289 ὡς
3012 3226 3171 3295 ἔτυχε
3218 3225 3649 3295 καταλιμπάνειν
3702 3225 3859 3291 αὐτὸ,
3908 3224 4027 3280 ἀλλ’

2444 3319 2839 3388 ἀσφαλίζεσθαι
2874 3320 3006 3371 ὅπου
3038 3318 3105 3370 ἂν
3135 3318 3490 3387 καταλειφθῇ.

2519 3498 2583 3568 β’.
2602 3499 2755 3568 Μηδὲ
2786 3498 2947 3551 πάλιν
2995 3498 3346 3567 ἀπρονοήτως
3391 3496 3749 3567 ἐπιφέρεσθαι
3784 3498 3921 3549 αὐτὸ
3974 3498 4032 3549 ὲν

2446 3592 2512 3658 τῇ
2540 3589 2723 3658 μάχῃ·
2781 3586 3068 3657 συμϐαίνει
3119 3589 3226 3658 γὰρ
3278 3588 3372 3641 καὶ
3432 3588 3763 3657 παλλικάρια
3803 3586 3945 3641 εἶναι
3976 3590 4034 3640 ἐν

2449 3678 2598 3746 αὑτῷ
2621 3679 2862 3751 χρήσιμα
2892 3679 3008 3740 τοῖς
3041 3679 3426 3748 στρατιώταις,
3456 3681 3551 3731 καὶ
3610 3681 3801 3742 τέκνα,
3835 3681 3868 3748 ἢ
3901 3696 4036 3745 συγ-

2449 3771 2627 3835 γενεῖς
2663 3768 2864 3822 αὐτῶν.
2918 3770 3029 3823 Καὶ
3082 3771 3133 3823 εί
3184 3771 3259 3840 μὴ
3294 3773 3353 3823 ὲν
3416 3770 3685 3840 ἀσφαλείᾳ
3744 3772 4033 3839 τυγχάνει,

2458 3858 2537 3930 τῷ
2575 3858 2946 3929 περισπασμῷ
2995 3858 3161 3913 αὑτοῦ
3201 3862 3251 3913 οἱ
3315 3861 3643 3930 στρατιῶται
3688 3862 4035 3929 συνεχόμενοι

2451 3950 2740 4019 ἀμφίϐολοι
2785 3950 2878 4003 καὶ
2907 3950 3253 4021 μεριζόμενοι
3300 3950 3398 4015 τὰς
3427 3952 3648 4021 γνώμας
3678 3953 3739 4003 ἓν
3769 3955 3888 4014 ταῖς
3925 3952 4035 4021 μά,

2450 4057 2575 4108 χαις
2600 4039 2856 4106 γίιονται.

2526 4129 2596 4200 γ’.
2622 4132 2732 4184 Καὶ
2757 4133 2867 4201 γὰρ
2917 4133 3134 4203 ἑκάστῳ
3164 4134 3371 4205 συνετῷ
3420 4135 3578 4205 ἀνδρὶ
3633 4134 3843 4202 σπουδή
3892 4135 4036 4193 ἐστι,

2451 4224 2616 4294 χωρὶς
2671 4223 2807 4287 ἰδίας
2839 4222 3043 4294 βλάϐης
3070 4226 3138 4279 τὰ
3194 4225 3290 4279 τοῦ
3325 4224 3522 4296 ἐχθροῦ
3571 4226 3858 4296 κερδῆσαι.
3911 4225 4041 4276 Ἐάν

2451 4316 2506 4368 δὲ
2528 4316 2734 4368 οἰκείαν
2757 4316 3023 4386 ὑφορᾶται
3053 4316 3281 4388 βλάϐην,
3307 4318 3341 4391 ἢ
3374 4318 3660 4388 ἀπέχεται,
3714 4316 3750 4387 ἢ
3801 4316 4039 4387 ὀκνηρό-

2456 4422 2615 4477 τερος
2642 4406 2875 4474 γίνεται.

2525 4580 2566 4635 δ’
2574 4624 2588 4636 .
2627 4582 2736 4635 Καὶ
2771 4581 3143 4653 πρωτοτύπως
3168 4581 3270 4650 μὶν
3302 4583 3741 4651 συνεπαγομένου
3764 4583 3862 4634 τοῦ
3885 4583 4045 4635 τούλ-

2451 4672 2565 4735 δου,
2590 4673 2682 4723 καὶ
2711 4672 2983 4741 συμϐολῆς
3010 4670 3277 4741 δημοσίας
3303 4672 3789 4743 προσδοκωμένης,
3830 4672 4040 4742 πλῆθος

2453 4762 2559 4816 τῶν
2578 4762 2888 4831 λεγομένων
2908 4763 3299 4831 παλλικαρίων,
3331 4764 3500 4832 ἦγουν
3538 4762 3645 4815 τῶν
3675 4762 4039 4816 δουλευόντων

2451 4857 2565 4917 τοίς
2595 4871 2655 4906 τε
2676 4854 2901 4925 ἄρχουσι
2925 4856 3144 4917 καὶτοῖς
3171 4854 3558 4925 στρατιώταις,
3583 4855 3949 4925 ἐπιφέρεσθαι
3972 4857 4035 4908 οἱ.

2458 4947 2917 5017 συμϐουλεύομεν,
2971 4944 3097 4999 οὔτε
3127 4946 3184 5000 ὲν
3216 4949 3281 5017 τῇ
3319 4946 3425 5018 ἰδίᾳ
3440 4949 3509 5017 γῇ
3536 4947 3693 5019 ἡμῶν
3721 4947 3822 5015 τῆς
3857 4949 4038 5017 μάχης

787 5035 947 5101 pauci
977 5046 1122 5102 sunt,
1156 5037 1300 5108 iique
1324 5048 1587 5107 quantum
1627 5039 1742 5093 fieri
1769 5048 1947 5108 potest
1979 5040 2204 5105 firmiter
2235 5059 2346 5097 mu-

2455 5037 2843 5107 ἐλπιζομένης,
2898 5035 3025 5090 οὔτε
3078 5038 3136 5088 ἐν
3190 5040 3257 5107 τῇ
3315 5037 3575 5107 ἀλλοτρίᾳ
3624 5038 4038 5107 ἐπερχομένων,

784 5126 906 5180 ni:i.

860 5216 913 5269 5.
954 5215 1201 5271 Totidem
1226 5212 1405 5273 autem
1440 5221 1695 5282 retineas,
1732 5230 1864 5290 quot
1888 5222 1955 5275 ad
1980 5223 2193 5291 singula
2225 5241 2358 5277 con-

788 5306 1039 5361 tubernia
1091 5308 1523 5363 administranda
1581 5319 1636 5362 et
1686 5312 1931 5378 jumeuta
2003 5313 2356 5381 gubernanda

786 5400 925 5454 satis
959 5398 1095 5455 sint.
1138 5400 1192 5454 ld
1246 5403 1337 5455 fiet
1374 5412 1485 5453 tum
1534 5403 1603 5455 ad
1648 5403 1960 5455 varietatem
2005 5404 2222 5455 illorum
2261 5420 2357 5458 c0-

785 5490 1183 5561 gnosccndam,
1222 5501 1335 5545 tum
1368 5490 1434 5544 ad
1478 5491 1716 5544 acierum
1745 5490 2012 5545 rationem
2052 5492 2359 5562 percipien-

2457 5126 2593 5180 άλλά
2648 5127 2997 5198 συμμέτρους
3053 5122 3193 5180 εἶναι
3226 5128 3471 5192 καὶτοὺς
3503 5131 3561 5180 ἐν
3590 5129 3817 5199 δυνάμει
3850 5130 4037 5191 ὄντας.

2528 5216 2589 5270 ε’.
2615 5216 2913 5280 ’τοσούτους
2939 5218 3020 5283 δὲ,
3044 5220 3212 5290 ἤγουν
3234 5221 3362 5283 τοὺς
3393 5220 3796 5290 ἐπαρκοῦντας,
3822 5220 3968 5273 κατὰ
3984 5223 4041 5271 τὸ

2459 5309 2845 5381 κοντουϐέρνια
2873 5312 3214 5381 ἀντέχεσθαι,
3249 5312 3341 5365 καὶ
3372 5313 3595 5366 διοικεῖν
3638 5313 3708 5366 τά
3730 5312 3906 5379 ἄλογα
3938 5312 4036 5364 αὑ-

2462 5401 2570 5454 τῶν
2599 5402 2736 5473 πρὸς
2756 5402 2852 5472 τὴν
2875 5403 3137 5476 διαφοράν
3163 5408 3258 5460 καὶ
3273 5405 3376 5476 τὴν
3406 5406 3667 5476 ποιότητα
3688 5405 3788 5459 καὶ
3811 5405 4043 5472 διάγνω-

2466 5510 2550 5548 σιν
2574 5494 2681 5547 τῶν
2700 5496 3021 5567 ταγμάτων,
3051 5497 3169 5568 ἦτοι
3193 5498 3254 5552 τὸ
3284 5497 3489 5566 πλῆθος
3534 5499 3643 5555 τῶν
3682 5497 3900 5565 ἀλόγων
3919 5512 3935 5526 ο
3957 5494 4047 5549 διὰ

2291 5603 2524 5661 NOTJE.

867 5692 976 5760 (58)
1012 5692 1140 5757 Ταῖς
1194 5693 1463 5757 δασείαις
1528 5694 1715 5757 ὕλαις.
1759 5693 2131 5755 Scribcliatur,
2181 5695 2299 5757 ταῖς
2329 5694 2477 5749 δυσὶν
2514 5695 2689 5761 ὕλαις.

868 5763 977 5828 (59)
1010 5763 1086 5831 Τῇ
1116 5764 1387 5833 συνήθει.
1417 5766 1787 5829 Scribrltatur,
1820 5768 1883 5836 τῇ
1924 5764 2197 5835 συνηθείᾳ.
