4176 6446
147 413 258 479 780

1282 402 1615 465 TACTICA.
1656 425 1722 434 -
1759 396 2262 457 CONSTITUTIO
2289 396 2361 456 Χ.

3289 391 3398 455 790

143 534 209 586 τὸ
241 529 319 603 μὴ
355 528 555 596 πολλὴν
582 524 780 596 φύρσιν
811 523 904 578 καὶ
939 521 1184 591 δαπάνην
1207 523 1436 592 ἄκαιρον
1485 518 1577 572 καὶ
1619 533 1717 567 πε-

1833 516 1968 577 dnm,
2007 529 2073 565 ne
2103 511 2350 578 iumenta
2383 507 2698 578 perturbate
2741 505 2972 559 confusa
3019 513 3268 572 sumptus
3307 512 3410 559 im-

145 620 458 695 ρισπασμὸν
489 616 756 684 γίνεσθαι.

213 719 293 775 ς’.
323 711 560 770 Τούτους
593 707 650 760 δὲ
684 710 742 760 ἐν
791 706 870 776 τῷ
921 706 1098 776 κχιρῷ
1127 705 1228 774 τῆς
1291 703 1491 773 μάχης,
1529 701 1577 752 εί
1625 700 1724 768 μὲν

141 806 364 857 σύνεστι
397 801 618 864 πεζικὸς
663 798 916 868 στρατὸς,
947 797 1188 868 δηλονότι
1227 797 1324 848 σὺν
1350 792 1528 862 αὐτῷ,
1588 789 1726 861 μετὰ

139 896 250 948 τῶν
275 894 370 946 ἐπὶ
402 893 576 961 τούτῳ
615 889 1021 960 ἀφοριζομένων
1052 888 1479 957 καταλιμπάνειν
1508 885 1722 947 αὐτοὺς,

139 986 253 1036 εἴτε
284 987 344 1037 ἐν
364 988 430 1052 τῇ
465 983 592 1050 (Bia,
633 982 744 1033 εἴτε
773 982 832 1032 ὲν
887 983 953 1049 τῇ
983 976 1235 1048 ἀλλοτρίᾳ
1281 979 1308 1029 ὁ
1347 977 1580 1043 πόλεμος
1607 972 1727 1042 κρί-

139 1093 316 1127 vent.
352 1073 635 1140 Ἀσφαλῶς
659 1071 714 1124 δὲ
748 1073 946 1134 αὐτοὺς
979 1065 1118 1124 εἶναι
1144 1073 1200 1123 ἐν
1231 1068 1307 1138 τῷ
1330 1067 1605 1136 φοσσάτῳ,
1631 1082 1728 1117 κα-

141 1167 245 1228 θὼς
273 1170 332 1217 ἐν
353 1165 429 1234 τῷ
450 1165 578 1236 περ)⁵
611 1163 914 1234 ἀπλήκτων
936 1159 1250 1232 δηλώσομέν
1287 1175 1369 1211 σοι
1393 1155 1563 1226 τόπῳ.

211 1333 278 1397 ζ’.
319 1335 428 1385 Καὶ
484 1333 622 1386 αύτά
665 1334 721 1386 δὲ
770 1333 839 1386 τὰ
889 1332 1204 1403 σαγμάρια,
1244 1331 1338 1384 καὶ
1384 1327 1487 1397 τὴν
1536 1327 1728 1397 λοιπὴν

141 1425 477 1495 ἀποσκευὴν,
537 1425 680 1494 ἅπερ
717 1424 962 1477 καλεῖται
991 1423 1295 1494 ἀδέστρατα
1328 1420 1439 1492 (60)
1469 1420 1609 1490 μετά
1632 1421 1726 1472 τοῦ

143 1516 363 1568 τούλδου
392 1516 841 1584 καταλιμπάνειν.

215 1613 290 1676 η’.
327 1607 435 1659 Καὶ
479 1608 537 1658 ἑν
563 1605 662 1674 μὲν
692 1607 805 1668 τοῖς
852 1606 1106 1675 κούρσοις
1138 1603 1272 1674 (61),
1303 1604 1336 1674 ἢ
1371 1607 1492 1666 ταῖς
1541 1604 1729 1666 ἄλλαις

145 1699 376 1766 ἐφόδοις,
405 1699 548 1767 ἔχειν
582 1697 720 1750 αὐτὰ
745 1698 871 1760 τοὺς
905 1695 1249 1768 στρατιώτας
1273 1697 1413 1764 τάχα
1441 1696 1536 1748 καὶ
1567 1695 1727 1764 μέχρι

144 1793 234 1843 καὶ
263 1791 438 1858 αὐτῆς
455 1791 553 1859 τῆς
582 1787 798 1859 ἡμέρας
821 1788 920 1857 τῆς
951 1787 1225 1857 συμϐολῆς
1250 1784 1614 1855 πεφραγμένα
1635 1787 1726 1838 καὶ

145 1886 202 1935 ἐν
225 1882 474 1952 δυνάμει.

212 1974 280 2028 θ’.
327 1977 415 2028 Ἐν
440 1975 576 2043 αὐτῇ
601 1974 658 2026 δὲ
685 1976 750 2044 τῇ
778 1972 1021 2042 συμϐολῇ
1055 1971 1220 2040 ἐγγὺς
1251 1970 1399 2040 ἔχειν
1424 1971 1521 2039 τῆς
1551 1987 1726 2040 παρα-

144 2066 350 2131 τάξεως
371 2063 698 2135 ἀδὲστρατον
727 2065 836 2134 (62)
865 2064 964 2115 οὐκ
983 2064 1280 2130 ἀναγκαῖον
1315 2062 1571 2132 κρίνομεν
1586 2057 1724 2131 (65),

145 2153 259 2205 ἀλλ’
316 2151 375 2202 ἐν
434 2150 513 2221 τῷ
565 2153 821 2221 φοσσάτῳ
879 2151 1407 2221 καταλιμπάνεσθαι.
1459 2149 1569 2201 Καὶ
1618 2147 1726 2218 γὰρ

148 2241 436 2311 συμϐαίνει
466 2241 753 2305 πολλάκις,
800 2243 895 2296 καὶ
945 2246 1192 2314 ταραχῆς
1230 2241 1522 2311 γινομένης
1568 2241 1724 2292 εύκὸ-

145 2332 250 2395 λως
281 2333 720 2404 παραπίπτουσι,
749 2335 837 2387 διὰ
866 2334 924 2386 τὸ
945 2329 1056 2405 (6i)
1089 2334 1192 2386 ὑπὸ
1221 2332 1434 2403 μικρῶν
1455 2333 1726 2386 παλλικα-

147 2425 278 2495 ρίων
307 2425 643 2492 κρατεῖσθαι.

219 2521 271 2568 ι’.
306 2517 372 2570 El
417 2517 473 2570 δὲ
506 2516 725 2570 σύνεστι
774 2516 998 2579 πεζικδς
1049 2513 1299 2586 στρατὸς,
1358 2515 1406 2566 εί
1442 2514 1540 2582 μὲν
1571 2515 1626 2566 ὲν
1656 2514 1723 2582 τῇ

147 2607 254 2678 ἰδίᾳ
270 2608 446 2678 χώρᾳ,
471 2608 505 2678 ἢ
537 2610 595 2660 ὲν
620 2609 803 2670 αὐτοῖς
833 2611 944 2670 τοῖς
978 2609 1254 2677 μεθορίοις
1280 2607 1604 2676 ἀμφοτέρων
1619 2605 1724 2657 τῶν

145 2716 262 2767 χωρ
279 2700 343 2750 ἰν
376 2699 473 2766 τῆς
498 2714 558 2750 τε
587 2699 862 2769 ἡμετέρας
881 2697 1091 2766 καὶτῆς
1139 2697 1401 2766 πολεμίας
1426 2694 1725 2764 προσδοκά-

145 2807 236 2842 ται
261 2789 296 2858 ἡ
329 2792 476 2858 μάχη
506 2788 710 2850 εὐθέως
731 2788 999 2856 γίνεσθαι,
1022 2789 1115 2842 καὶ
1137 2788 1239 2840 οὐκ
1268 2787 1381 2857 ἔχει
1412 2786 1727 2855 ὑπέρθεσιν,

145 2881 264 2933 τότε
289 2883 349 2932 ὲν
371 2879 553 2949 ὀχυρῷ
585 2880 754 2949 τόπῳ,
785 2879 914 2931 ἔνθα
948 2879 1041 2931 καὶ
1088 2877 1280 2947 βοσκαὶ
1305 2878 1398 2929 καὶ
1432 2875 1601 2929 ὕδατα
1633 2878 1730 2944 ἀρ-

148 2971 349 3024 κοῦντα
370 2970 735 3040 εὑρίσκονται,
761 2970 835 3033 ὡς
851 2970 959 3023 ἀπὸ
975 2970 1266 3038 τριάκοντα
1295 2968 1390 3020 καὶ
1419 2969 1687 3035 πεντήκον
1702 2995 1726 3007 ο

143 3080 214 3115 τα
258 3062 456 3132 μιλίων
495 3061 932 3130 καταλιμπάνειν
965 3060 1056 3113 τὸν
1084 3058 1276 3112 πλίονα
1295 3058 1404 3128 (65)
1430 3058 1522 3111 καὶ
1552 3058 1726 3128 ἄχρηο

1753 1849 1800 1907 Β

1826 613 2093 676 portunos
2124 610 2178 655 et
2210 599 2648 669 perturbationes
2678 597 2856 649 varias
2885 594 3132 648 afferant.

1898 696 1951 748 6.
2013 694 2122 747 llos
2185 703 2435 759 tempore
2477 688 2682 759 prmlii,
2718 687 2762 740 si
2812 686 3076 754 pedestris
3113 686 3260 741 acies
3301 703 3405 742 non

1827 787 2088 850 adfuerit,
2119 801 2183 839 ae
2224 782 2486 850 reliquos,
2515 782 2607 849 qui
2648 781 2711 834 ad
2747 779 2880 832 tuldi
2927 782 3233 834 custodiam
3269 793 3400 834 cnn-

1828 879 2153 937 stiluuntur,
2203 889 2328 928 eum
2384 886 2445 925 ea
2499 879 2714 938 oportet
2779 870 3131 938 relinquere,
3191 871 3307 923 sive
3355 870 3405 922 in

1829 982 1949 1032 sua,
1998 968 2113 1020 sive
2146 965 2201 1017 in
2231 962 2410 1016 aliena
2455 968 2600 1014 terra
2646 958 2846 1012 bellum
2897 967 3139 1028 geratur.
3173 958 3404 1012 Tutissi-

1830 1075 1975 1112 mum
2009 1066 2188 1111 autem
2235 1063 2320 1110 est
2364 1053 2464 1107 hos
2502 1053 2555 1106 in
2599 1051 2743 1105 bello
2777 1065 2918 1111 esse,
2948 1050 3408 1118 quemadmodum

1830 1157 2019 1219 postea
2068 1147 2340 1210 dicemus,
2395 1144 2486 1198 ubi
2536 1143 2606 1197 de
2663 1141 2891 1212 aplicto,
2927 1142 2978 1196 id
3022 1151 3127 1206 est,
3186 1144 3409 1203 castris,

1829 1241 1992 1294 verba
2023 1238 2277 1292 facimus.

1904 1328 1955 1384 7.
1997 1329 2114 1397 Ipsa
2153 1338 2333 1382 autem
2375 1311 2672 1393 sagmaria,
2709 1322 2761 1376 id
2805 1330 2890 1377 est
2928 1363 2943 1386 ,
2973 1323 3245 1379 sarcinas.
3285 1323 3412 1374 reli—

1829 1435 2080 1491 quosque
2102 1425 2421 1488 apparatus.
2444 1429 2567 1486 qum
2592 1415 2846 1468 andresta
2878 1423 3102 1476 vocant,
3137 1428 3264 1466 cum
3295 1414 3412 1481 ipso

1831 1513 1980 1568 tuldo
2015 1513 2309 1581 relinques.

1901 1608 1954 1659 8.
2001 1609 2055 1657 In
2087 1600 2497 1656 incursionibus
2538 1599 2656 1652 haec
2689 1606 2910 1650 teneant
2945 1610 3131 1649 secum
3182 1597 3409 1659 milites,

1833 1711 1888 1752 et
1945 1710 2118 1764 usque
2154 1694 2221 1747 ad
2267 1693 2407 1747 diem
2449 1692 2628 1760 ipsum
2674 1689 2800 1743 belli
2852 1688 3230 1744 committendi
3277 1687 3414 1742 bene

1831 1794 2041 1844 munita
2078 1785 2314 1841 habeant
2338 1799 2400 1837 ac
2441 1783 2720 1837 roborata.

1901 1968 1955 2021 9.
2002 1967 2120 2032 Ipso
2166 1959 2595 2016 eonllictationis
2640 1969 2885 2027 tempore
2955 1957 3307 2020 andrcstum,
3361 1959 3410 2008 id

1830 2067 1934 2121 est,
1984 2063 2304 2125 apparatum
2342 2066 2508 2120 prope
2536 2049 2738 2102 habere
2779 2050 3006 2102 minimc
3038 2048 3410 2102 necessarium

1829 2161 1950 2209 est,
1989 2147 2082 2202 sed
2114 2147 2168 2198 in
2223 2142 2432 2196 fossato
2485 2141 2603 2194 sive
2641 2140 2843 2192 castris
2883 2138 3252 2207 relinquatur.
3279 2136 3414 2190 Per-

1828 2255 1971 2307 sa‘pe
1999 2237 2147 2288 enim
2177 2233 2413 2286 tumultu
2438 2231 2625 2298 aliquo
2658 2229 2822 2292 facto,
2857 2230 3058 2281 animis
3088 2228 3411 2293 concidunt,

1831 2331 1876 2386 si
1923 2343 2094 2399 pauca
2137 2324 2435 2396 palicaria,
2493 2323 2545 2376 id
2597 2329 2702 2388 est,
2744 2320 2906 2390 pauci
2947 2336 3013 2374 ex
3069 2319 3413 2373 administris

1830 2425 1972 2493 capti
2009 2421 2228 2474 fuerint.

1905 2516 1991 2568 10.
2029 2512 2126 2566 Sin
2176 2507 2450 2581 pedestris
2475 2506 2624 2561 acies
2671 2503 2912 2559 adfuerit
2950 2502 3067 2557 sive
3099 2501 3155 2556 in
3187 2504 3413 2569 regione

1829 2616 1945 2669 tua,
1983 2605 2099 2659 sive
2144 2603 2199 2656 in
2244 2597 2663 2666 intercapedine
2701 2595 2846 2648 inter
2879 2604 3026 2646 tuam
3068 2603 3123 2646 et
3153 2592 3409 2661 hostilem

1830 2709 2053 2756 terram.
2077 2694 2167 2747 ubi
2194 2692 2398 2745 bellum
2427 2689 2543 2742 sine
2560 2686 2671 2760 ulla
2695 2684 2956 2739 dilatione
3002 2689 3097 2736 aut
3131 2682 3413 2737 intermis-

1831 2789 1988 2842 sione
2011 2784 2252 2838 futurum
2282 2790 2387 2844 est,
2409 2781 2474 2831 ad
2504 2779 2743 2846 aliquem
2769 2775 2984 2828 firmum
3019 2772 3334 2838 Iocum,ubi
3357 2781 3415 2827 et

1829 2880 2110 2951 pastiones
2140 2885 2196 2930 et
2224 2889 2379 2944 aqua:
2413 2873 2613 2925 futura:
2647 2876 2800 2932 sunt,
2841 2868 3069 2936 triginta
3124 2873 3219 2919 aut
3251 2866 3414 2935 quin-

1829 2972 2089 3040 quaginta
2111 2966 2356 3020 millibus
2388 2965 2457 3016 ab
2485 2979 2550 3016 co
2576 2961 2696 3014 loco
2731 2959 2928 3012 inutile
2969 2958 3185 3012 tuldum
3225 2965 3284 3012 et
3323 2972 3415 3011 su-

1830 3061 2098 3131 perfluum
2131 3055 2450 3125 relinquito,
2483 3062 2535 3107 et
2563 3063 2974 3120 supervacanea
3010 3049 3256 3117 iumenta
3322 3061 3414 3102 reo

149 3170 275 3206 στον
297 3151 518 3205 τοῦλδον
540 3168 554 3182 ·
596 3152 694 3204 καὶ
738 3151 808 3204 τὰ
843 3149 1078 3220 περισσὰ
1109 3149 1278 3216 ἄλογα
1327 3149 1420 3201 καὶ
1472 3149 1728 3218 ὶργαλεῖα

1833 3157 2090 3222 liquaque
2133 3164 2309 3212 arma,
2334 3161 2456 3216 qua:
2507 3144 2627 3214 ipso
2663 3142 2790 3197 belli
2834 3149 3084 3210 tempore
3109 3139 3265 3193 utilia
3301 3152 3411 3193 non

148 3244 245 3295 καὶ
265 3243 432 3310 ἔτερα
469 3242 605 3307 εἴδη,
636 3234 711 3294 ὧν
740 3241 899 3312 χρεία
923 3242 1024 3294 οὐκ
1051 3240 1173 3292 ἔστι
1228 3238 1366 3292 κατά
1387 3238 1486 3306 τὴν
1517 3237 1728 3308 ἡμέραν

148 3331 240 3384 τοῦ
273 3332 405 3384 πολέ
415 3350 538 3400 μου.

226 3432 318 3481 ια’.
365 3424 616 3495 Ἀφέριζε
649 3425 705 3476 δὲ
738 3424 832 3476 καί
864 3440 1016 3487 τινας
1041 3425 1098 3477 ἐν
1119 3418 1195 3492 τῷ
1238 3423 1387 3491 μέσῳ
1402 3419 1728 3490 διαστήματι

148 3515 242 3569 τοῦ
274 3533 334 3568 τε
364 3513 585 3567 τούλδου
613 3515 705 3567 καὶ
730 3517 826 3584 τῆς
865 3515 1044 3583 μάχης
1076 3512 1451 3582 ἐγνωσμένους
1480 3513 1611 3565 πᾶσι
1637 3510 1730 3562 καὶ

154 3608 232 3678 μὴ
264 3608 535 3676 πονηροὺς
566 3607 658 3659 καὶ
683 3606 917 3674 φαύλους
964 3605 1304 3675 ἀνθρώπους,
1345 3606 1439 3656 καὶ
1460 3604 1731 3670 κατάστη-

154 3719 246 3755 σον
306 3702 505 3762 αύτοὺς
560 3701 641 3762 εἰς
693 3699 958 3752 διάστατα
1011 3697 1145 3767 (66),
1199 3698 1293 3750 καὶ
1329 3695 1604 3761 ὑπόδειξον
1639 3695 1727 3746 τό·

155 3810 291 3855 πους
337 3792 450 3861 (67)
494 3789 572 3861 τῷ
621 3790 842 3860 ἄρχοντι
887 3790 982 3842 τοῦ
1013 3789 1229 3841 τούλδου
1280 3787 1382 3856 (δεῖ
1438 3787 1543 3858 γὰρ
1599 3785 1731 3838 αὐτὸ

153 3886 375 3946 πάντως
424 3883 662 3953 ἄρχοντα
718 3881 849 3934 ἴδιον
899 3881 1086 3951 ἔχειν),
1139 3880 1276 3932 ὥστε
1315 3878 1448 3948 πρὸς
1491 3878 1589 3946 τὴν
1637 3875 1731 3928 τοῦ

154 3978 400 4047 πολέμου
431 3975 656 4028 ἔκϐασιν
683 3973 916 4042 ὀφείλειν
943 3973 1136 4032 αὐτοὺς
1162 3969 1395 4040 μηνῦσαι
1419 3969 1529 4029 τοῖς
1563 3967 1621 4019 ἐν
1658 3967 1734 4037 τῷ

154 4070 386 4139 τούλδῳ,
415 4069 448 4139 ἢ
488 4072 672 4137 μεῖναι
700 4067 758 4118 ὲν
787 4064 864 4133 τῷ
893 4065 1039 4134 αὐτῷ
1068 4064 1218 4132 τόπῳ
1235 4064 1290 4114 ἐν
1319 4052 1362 4126 ᾧ
1389 4057 1736 4126 καταλιμπά-

154 4179 362 4225 νονται,
393 4159 504 4227 ἢέν
531 4158 704 4228 ἑτέρῳ
732 4155 988 4209 ἀπελθεῖν
1008 4155 1085 4225 τῷ
1118 4152 1361 4207 δοκοῦντι
1384 4151 1552 4218 τόπῳ,
1575 4148 1608 4220 ἢ
1643 4149 1736 4201 καὶ

155 4255 381 4321 ἐνέγκαι
398 4252 598 4312 αὐτοὺς
624 4249 762 4319 πρὸς
783 4249 876 4301 τὸν
905 4247 1152 4317 στρατόν.

231 4343 324 4414 ιβ’.
359 4343 457 4395 Ἐκ
494 4341 550 4393 δὲ
577 4340 671 4393 τοῦ
701 4338 922 4392 τούλδου
981 4336 1263 4400 κινοῦντας
1310 4335 1404 4389 ἐπὶ
1430 4337 1528 4408 τὴν
1559 4338 1738 4409 μάχην

159 4433 503 4506 παραλαϐεῖν
537 4433 606 4484 τὰ
635 4431 944 4501 ἀδρέστατα
975 4428 1088 4499 (68)
1119 4429 1286 4500 ἡγουν
1311 4430 1616 4499 σαγμάρια,
1647 4431 1739 4482 καὶ

1830 3253 2010 3307 erunt,
2037 3241 2222 3294 omnia
2258 3236 2538 3290 traduces.

1901 3418 1987 3471 ll.
2027 3415 2302 3481 Quosdam
2331 3413 2384 3465 in
2419 3409 2604 3464 medio
2627 3405 2921 3462 intervallo
2959 3403 3093 3458 tuldi
3151 3414 3205 3459 et
3235 3403 3412 3473 prtrlii

1833 3508 2152 3569 cullocabis,
2189 3505 2441 3558 homines
2492 3509 2653 3555 notos
2680 3499 2958 3558 omnibus,
2993 3511 3170 3563 neque
3208 3495 3414 3548 obseu-

1834 3616 1950 3661 ros,
2000 3612 2178 3666 neque
2225 3595 2548 3656 sceleratos,
2605 3603 2814 3658 eosque
2870 3589 2922 3640 in
2955 3586 3137 3640 media
3186 3587 3271 3639 via
3332 3587 3416 3640 in—

1833 3703 2030 3748 strues.
2063 3691 2193 3744 Illos
2241 3685 2498 3756 praefecto
2547 3683 2680 3735 tuldi
2728 3682 2966 3750 (semper
2996 3678 3145 3732 enim
3176 3676 3415 3746 peculia-

1835 3799 1946 3838 rem
2008 3781 2246 3848 aliquem
2293 3766 2609 3846 pr:cfectum
2647 3771 2850 3824 habere
2899 3768 3124 3829 debent)
3157 3765 3415 3820 ostendes

1835 3874 1927 3942 qui
1965 3871 2098 3935 sint,
2129 3878 2188 3922 ut
2238 3869 2293 3921 in
2341 3865 2471 3920 belli
2500 3863 2650 3919 exitu
2705 3860 3004 3932 signiﬁcari
3050 3859 3128 3912 illi
3175 3857 3420 3926 possint,

1836 3975 2096 4018 utrumne
2135 3958 2466 4014 manendum
2533 3955 2587 4008 in
2625 3954 2719 4007 illo
2756 3955 2900 4016 loco,
2939 3967 3006 4004 an
3058 3950 3123 4004 ad
3175 3950 3421 4017 aliquem

1838 4053 2192 4108 munitiorem
2246 4049 2425 4102 locum
2483 4044 2913 4116 procedendum,
2972 4057 3038 4095 an
3103 4040 3285 4109 potius
3342 4038 3431 4093 adt

1839 4144 2140 4202 exercitum
2165 4137 2640 4209 commigrandum
2671 4135 2780 4188 illis
2820 4134 2912 4188 sit.

1913 4340 2002 4395 l2.
2042 4335 2462 4390 Proficiscentes
2493 4331 2558 4385 ad
2593 4329 2846 4399 prtelium
2887 4342 2916 4379 a
2961 4327 3111 4380 lttldu
3143 4327 3431 4396 sagmaria»

1846 4433 2125 4494 auferant,
2153 4437 2210 4482 et
2239 4439 2484 4496 saginam
2520 4422 2814 4492 duplicem,
2842 4432 2934 4474 aut
2977 4421 3250 4489 duplicem
3297 4429 3428 4474 ten-

159 4529 192 4598 ἢ
227 4528 421 4588 τέντας
454 4525 650 4586 διπλᾶς
681 4525 713 4594 ἢ
748 4524 914 4590 σαγῖα
958 4521 1126 4574 διπλᾶ
1159 4522 1240 4582 είς
1270 4521 1330 4573 τὸ
1385 4521 1484 4590 μὲν
1518 4521 1576 4573 ἒν
1614 4523 1731 4575 σκέ-

1845 4532 1983 4588 tam,
2015 4520 2068 4574 id
2092 4526 2198 4582 est,
2238 4516 2434 4586 duplex
2468 4512 2786 4575 tentorium,
2814 4509 3043 4563 alterum
3072 4523 3171 4578 pro
3201 4509 3419 4577 integu-

159 4618 386 4682 πεσθαι,
416 4616 576 4687 εἴπερ
607 4616 767 4688 χρεία
801 4613 1126 4678 mnsam?)
1150 4613 1207 4667 δὲ
1230 4613 1416 4682 ἕτερον
1446 4614 1524 4676 είς
1548 4613 1742 4668 τίνταν

159 4712 280 4780 ἦτοι
309 4707 372 4760 τὸ
390 4707 685 4776 λεγόμενον
706 4705 994 4778 καμάρδην
1020 4704 1183 4774 ἔχειν.

231 4806 324 4867 ιγ’.
363 4797 526 4851 Ἀλλά
553 4799 644 4851 καὶ
669 4797 913 4866 δαπάνην
943 4797 975 4864 ἢ
1018 4795 1359 4864 παξαματίου
1385 4835 1400 4856 ,
1435 4795 1468 4866 ἦ
1514 4795 1706 4848 πίστου
1728 4835 1742 4858 ,

162 4893 193 4962 ἦ
229 4892 394 4944 ἄλλου
418 4890 561 4952 τινος
593 4890 764 4951 εἴδους
782 4889 1018 4960 ἐλαφροῦ
1052 4889 1226 4942 εἴκοσι
1276 4888 1309 4956 ἢ
1342 4890 1435 4940 καὶ
1454 4889 1746 4957 τριάκοντα

159 4985 374 5056 λίτρας,
405 4985 496 5036 καὶ
519 4983 638 5038 τότε
669 4980 1009 5052 ἀπληκεῦοαι
1038 4981 1096 5032 ὲν
1129 4979 1205 5049 τῷ
1234 4981 1508 5050 φοσσάτῳ,
1535 4974 1648 5048 ὲνῷ
1678 4980 1744 5034 ἂν

1846 4623 2052 4678 mento,
2087 4612 2132 4666 si
2176 4623 2310 4664 usus
2346 4606 2511 4670 ferat,
2547 4603 2778 4658 alterum
2813 4617 2913 4672 pro
2946 4609 3119 4665 tenta,
3160 4600 3276 4654 sive
3323 4613 3429 4653 ca-

1845 4706 2036 4760 martia
2069 4689 2324 4755 habeant.

1920 4797 2005 4850 l3.
2049 4795 2401 4848 Commeatus
2431 4785 2765 4858 paxamadii,
2792 4784 2906 4839 sive
2935 4783 3185 4844 biscocti,
3221 4788 3315 4834 aut
3349 4775 3429 4833 al-

1853 4887 2023 4939 terius
2051 4882 2378 4950 cujusquam
2408 4876 2675 4945 expedita:
2725 4874 2800 4927 rei
2835 4871 3037 4925 habeas
3083 4870 3272 4940 viginti
3324 4878 3422 4922 aut

1857 4975 2079 5044 triginta
2108 4973 2302 5037 libras,
2338 4979 2391 5024 et
2450 4979 2561 5021 tum
2623 4972 2803 5019 castra
2856 4977 3030 5033 ponas
3088 4951 3421 5031 quocunque

1678 5118 1911 5174 ΝΟΤᾸΞ.

238 5243 352 5314 (60)
391 5239 766 5314 Ἀδέστρατα.
792 5235 1095 5314 Legebatur
1115 5229 1742 5314 Aiovpava..§pud_f‘.on-

170 5302 476 5371 sta‘ntt'num
541 5302 823 5371 scribitur,
858 5302 1178 5375 διάστρατα.
1202 5302 1354 5374 Apud
1402 5302 1738 5375 Mauritinrn,

168 5387 498 5448 ἀόἐστρατα,
530 5378 635 5432 Pro
666 5372 1071 5448 impedimentis
1096 5372 1408 5448 sumi‘ba‘nc
1432 5386 1616 5448 vocem
1635 5372 1744 5448 ela-

169 5469 294 5509 rutn
323 5442 428 5514 est,
453 5442 547 5504 sed
579 5442 858 5518 ejusurigo
884 5446 1138 5500 obscura.
1171 5445 1420 5513 Amplius
1454 5442 1749 5510 investige-

171 5536 317 5578 unus.

248 5591 362 5662 (6|)
403 5588 604 5662 Kalér
642 5588 758 5662 μέίν
792 5585 916 5650 τοῖς
944 5585 1248 5662 ξιούρσοις.
1298 5581 1619 5662 Legebattlr,
1657 5596 1753 5648 με-

172 5650 364 5724 θόδοις,
399 5650 664 5718 κουόσσιςζ
699 5657 816 5711 Jam
874 5650 1102 5724 κοῦρσα,
1134 5664 1258 5708 sunt
1290 5650 1500 5706 cursus.
1541 5650 1752 5703 Excur-

173 5736 381 5790 s'tones.
410 5729 542 5782 Vide
575 5726 906 5781 Glossarium
934 5736 1201 5779 nostrum.

243 5800 358 5870 (δί)
413 5797 818 5866 ’Δδέστρατοη
875 5796 1242 5860 Scrilwbatur,
1289 5792 1456 5855 ἀδεῶς
1501 5787 1748 5861 στρατόν.

1848 5225 2074 5282 Correxi
2108 5239 2139 5280 e
2165 5222 2354 5277 codice
2377 5219 2545 5288 Regio
2567 5231 2631 5271 ac
2660 5214 2986 5288 Pistoiiano.

1923 5276 2198 5366 (idsi—‘0va
2227 5276 2559 5366 ἀναγκαῖον
2596 5287 2895 5356 κρίνομεν.
2924 5280 3296 5342 Scribebatur,
3319 5276 3421 5331 οὐκ

1850 5362 2163 5434 ἀναγκαίως
2196 5362 2522 5434 κρίνεσθαι.-
2723 5425 2745 5434 λ
2781 5425 2791 5434 ι
2867 5421 2891 5433 η

1922 5425 2030 5507 (fil)
2065 5425 2164 5488 Διᾶ
2198 5425 2285 5486 τό.
2305 5430 2692 5507 Scribebatur,
2720 5425 2805 5507 διὰ
2825 5425 2953 5507 τῷν.

2069 5508 2178 5559 Τὸν
2204 5504 2444 5576 ﬁdiora.
2477 5499 2689 5576 Scribe,
2722 5495 2788 5547 τὰ
2816 5493 3058 5576 πλείονα.

1920 5509 2010 5576 (65
2069 5509 2178 5559 Τὸν
2204 5509 2444 5556 “lora.
2477 5509 2689 5555 Scribe,
2722 5509 2788 5547 τα
2816 5509 3058 5544 πλειονα.

1920 5509 2031 5645 (66)
2067 5577 2166 5639 Εἰς
2197 5573 2505 5645 διάοςταςα.
2546 5567 2755 5645 Scribe,
2784 5562 3213 5645 aig‘dtiéavpzrt‘z.

1921 5624 2030 5715 ξιξἧὶ
2064 5624 2170 5700 Inze
2195 5640 2516 5703 ὑπόδειξον
2543 5624 2786 5700 τρεπουξ.
2847 5624 3066 5696 Scribe;
3090 5629 3183 5682 και
3208 5627 3261 5680 ὑ.
3291 5624 3418 5678 τούς

1848 5734 1995 5770 τους.

1919 5771 2032 5855 (68)
2087 5784 2463 5852 Ἀδρέστατα.
2486 5778 2698 5843 Scribe,
2732 5773 3052 5844 ἀδέστρατα.
