4176 6446
756 388 860 454 791

2010 384 2199 442 LEUN
2214 384 2281 441 IS
2321 383 2773 446 PHILOSOPHI

3886 382 3988 448 79:2

757 502 993 558 volucris
1034 500 1174 564 loco,
1212 508 1265 554 et
1319 496 1545 562 fossato,
1588 497 1807 565 qttando
1851 494 1915 547 ad
1962 492 2321 562 prazliandum

2427 492 2551 562 δόξῃ
2576 493 2822 560 τίνεσθαι
2848 491 3018 561 τόπῳ,
3047 490 3133 544 ὅτε
3165 490 3298 562 πρὸς
3326 493 3424 564 τὴν
3445 494 3550 548 τῶν
3575 494 3786 567 ιχθρῶν
3808 498 3991 567 μάχην

754 582 877 647 cum
908 595 1160 648 hostibus
1192 590 1550 646 contendunt.

831 687 913 740 14-.
958 686 1243 738 Fossatum
1279 684 1358 736 vel
1395 681 1663 750 lapidum,
1698 683 1779 733 vel
1825 682 2053 734 laterum
2094 695 2311 752 aggere,

754 780 914 827 etiam
951 773 1188 837 munies,
1221 784 1532 840 quanquam
1566 767 1633 822 ad
1664 785 1832 823 unum
1864 769 2040 825 solum
2070 769 2210 825 diem
2242 767 2315 822 ibi

753 872 1189 918 commoraturus
1218 876 1296 915 es.

729 1018 733 1022 ἢ
825 954 910 1007 15.
956 951 1395 1021 Unumquodque
1425 949 1688 1014 bandum,
1746 950 1799 1004 id
1843 958 1949 1013 est,
1982 948 2202 1014 cohors,
2243 950 2319 1003 fee

754 1061 882 1097 num
933 1056 1027 1097 aut
1058 1043 1242 1113 paleas
1275 1042 1436 1096 unius
1462 1041 1567 1095 diei
1599 1055 1783 1095 secum
1812 1039 2223 1102 circumferant,
2255 1049 2317 1093 ut

752 1140 820 1201 si,
865 1138 1009 1206 quod
1059 1152 1160 1190 usu
1206 1134 1391 1187 venire
1434 1142 1646 1202 potest,
1693 1134 1865 1201 aliqua
1909 1130 2141 1186 offensio
2186 1130 2312 1185 belli

753 1227 1053 1295 contingat,
1087 1225 1129 1276 si
1162 1222 1243 1277 vel
1284 1223 1354 1275 ibi
1397 1228 1767 1290 permaneant,
1802 1220 1997 1273 habeat
2027 1228 2205 1273 tamen
2225 1216 2319 1288 ju—

754 1316 950 1369 tucutis
995 1314 1112 1367 suis
1167 1313 1333 1366 unius
1383 1312 1486 1363 diei
1534 1310 1812 1377 pabulum,
1856 1323 2035 1378 neque
2064 1308 2118 1361 in
2168 1318 2320 1362 tanto

752 1406 876 1460 belli
914 1405 1110 1458 ardore
1142 1404 1225 1457 vel
1269 1402 1333 1455 a.l
1375 1386 1677 1467 pastiouem
1732 1401 1831 1462 ire,
1883 1399 1967 1452 vel
2016 1398 2200 1453 fenum
2235 1412 2320 1454 se-

753 1513 896 1559 care,
929 1496 1127 1565 quibus
1171 1493 1336 1547 rebus
1374 1493 1492 1546 la-di
1536 1491 1603 1545 ab
1650 1491 1901 1545 hostibus
1949 1500 2204 1559 possent,
2235 1488 2318 1543 vel

752 1588 935 1659 vagari
971 1599 1023 1641 ct
1047 1588 1483 1641 circumcursare
1504 1583 1567 1636 ad
1588 1582 1843 1651 pabulum
1864 1581 2317 1649 comparandum,

751 1681 1001 1735 hostibus
1026 1681 1136 1748 jam
1180 1675 1609 1734 imminentibus,
1640 1674 1723 1739 vel
1756 1671 2046 1725 discedere
2091 1669 2228 1738 jam,
2266 1670 2317 1720 in

752 1781 901 1825 tanta
944 1769 1225 1823 hominum
1278 1766 1761 1835 jumentorumque
1791 1762 1932 1815 fame
1979 1769 2031 1815 et
2073 1758 2316 1819 miseria,

750 1872 914 1933 atque
943 1861 1079 1915 adeo
1104 1860 1328 1913 interire
1357 1867 1643 1926 cogantur.

825 1955 913 2009 10.
959 1954 1016 2006 Si
1069 1952 1316 2006 discedat
1349 1947 1623 2002 exercitus
1670 1954 1839 2009 tuus,
1886 1942 2201 2014 nulliusque
2242 1944 2319 1998 rei

752 2048 1011 2117 indigeat,
1054 2059 1253 2099 exures
1333 2041 1517 2095 fenum
1578 2053 1881 2107 onmesque
1930 2037 2115 2108 fruges
2163 2053 2323 2107 agro-

755 2154 904 2202 rum,
939 2148 992 2191 et
1020 2137 1099 2191 sic
1131 2132 1520 2204 proﬁcisceris,
1558 2140 1778 2199 prepter
1819 2128 2038 2193 hostes,
2071 2128 2163 2196 qui
2198 2135 2321 2196 post
2388 2196 2406 2211 γ’

754 2238 806 2282 te
840 2226 1055 2281 venturi
1088 2229 1373 2278 timentur.

828 2321 917 2372 l7.
955 2316 1011 2371 In
1037 2317 1184 2370 omni
1228 2315 1441 2375 itinere,
1477 2303 1730 2366 hostibus
1780 2308 2218 2373 imminentibus,
2262 2308 2317 2362 in

753 2411 933 2467 medio
978 2407 1256 2463 exercitus
1299 2406 1375 2458 tui
1418 2404 1624 2458 tuldum
1673 2401 1913 2465 habeas,
1946 2415 2014 2453 ne
2055 2400 2098 2454 si
2135 2400 2321 2469 aliquo

754 2499 1101 2567 rejiciuntur,
1134 2494 1204 2547 ab
1240 2494 1489 2547 hostibus
1517 2490 1863 2544 invadantur.

826 2590 913 2644 18.
955 2589 1013 2641 In
1046 2586 1263 2647 itinere,
1295 2581 1756 2653 quemadmodum
1787 2594 1954 2650 supra
1993 2578 2325 2649 praescripsi-

751 2696 897 2745 mus,
928 2694 1038 2733 non
1088 2674 1318 2731 confuse
1371 2674 1573 2727 milites
1619 2680 1675 2727 et
1712 2670 1971 2740 permiste
2014 2684 2139 2723 cum
2176 2669 2326 2722 tuldo

763 2771 1067 2832 ambulent,
1094 2767 1186 2822 sed
1228 2752 1481 2820 distincte
1511 2772 1565 2817 et
1616 2762 1938 2831 scparatim,
1968 2770 2027 2814 ut
2065 2767 2190 2829 post
2212 2767 2325 2813 tur—

759 2876 906 2915 mam
958 2874 1114 2915 suam
1167 2856 1378 2910 tuldum
1429 2868 1553 2907 cum
1589 2851 1720 2905 viris
1768 2850 1833 2905 ad
1881 2850 1932 2904 id
1989 2848 2324 2915 constitutis,

753 2968 895 3024 quos
931 2950 1202 3018 euplictos
1236 2945 1543 3007 nominant,
1578 2942 1807 2998 scorsim
1846 2940 2130 3011 procedat.

825 3040 914 3094 i9.
963 3038 1171 3092 Habeat
1204 3045 1382 3090 autem
1430 3034 1663 3097 tuldum,
1691 3033 2147 3101 quemadmodum
2203 3043 2327 3087 ante

2346 1823 2393 1882 B

2423 584 2847 651 ἀποκινήσωσιν.

2496 675 2578 727 ιδ’.
2607 673 2778 726 Τοῦτο
2809 674 2865 727 δέ
2889 675 2952 727 τὸ
2982 674 3247 744 φοσσὰτον
3277 676 3311 745 ἦ
3345 676 3453 729 ἀπὸ
3476 678 3763 747 οἰκοδομῆς
3801 676 3986 734 λίθων,

2420 766 2452 835 ἢ
2494 764 2751 830 πλίνθων,
2778 765 3076 835 ὀχυρῶσαι,
3108 765 3209 819 κᾶν
3251 766 3387 836 πρὸς
3425 766 3550 837 μίαν
3573 769 3782 838 ἡμέραν
3806 766 3987 836 συμϐῇ

2424 856 2603 927 μένειν
2638 856 2839 910 ἐκεῖσε.

2490 947 2568 999 ιε’.
2604 947 2874 1000 Ἕκαστον
2907 945 2964 999 δὲ
2996 946 3183 1016 βάνδον
3200 946 3551 1000 ἀποτίθεσθαι
3577 946 3765 1016 χόρτον
3792 947 3826 1015 ἦ
3853 948 3988 1017 ἄχυο

2423 1054 2513 1108 ρον
2544 1037 2671 1105 μιᾶς
2692 1036 2926 1107 ἡμέρας,
2957 1036 3044 1089 ἵνα
3070 1037 3183 1103 ἐὰν,
3219 1038 3293 1100 ὡς
3327 1037 3494 1099 εἰκὸς,
3520 1036 3778 1099 ἐναντίως
3799 1039 3869 1091 τὰ
3893 1040 3990 1091 τοῦ

2424 1128 2660 1196 πολέμου
2694 1128 2905 1199 ἐξέλθῃ,
2961 1129 3018 1181 ἐν
3072 1127 3151 1197 τῷ
3201 1128 3564 1198 ὑποστρέφειν
3608 1129 3697 1181 τὸν
3761 1130 3991 1199 στρατὸν

2423 1225 2562 1292 μετᾶ
2591 1221 2825 1291 σπουδῆς
2854 1223 2912 1275 ἐν
2928 1220 3127 1292 αὑτῷἢ
3160 1223 3339 1291 μεῖναι
3364 1223 3421 1275 ἐν
3443 1220 3588 1290 αὐτῷ
3613 1221 3692 1289 τῷ
3714 1223 3988 1290 gendum

2420 1313 2564 1381 ἔχειν
2595 1314 2693 1381 τὴν
2723 1312 2829 1365 τῶν
2871 1312 3083 1379 ἀλόγων
3120 1314 3434 1383 ἀποτροφὴν
3467 1314 3595 1383 μιᾶς
3634 1313 3870 1381 ἡμέρας,
3900 1313 3993 1365 καὶ

2424 1402 2499 1470 μὴ
2517 1401 2919 1468 ἀναγκάζεσθαι
2974 1402 3031 1453 ἐν
3064 1402 3290 1471 τοιούτῳ
3343 1401 3622 1471 θορύὸῳῆ
3676 1400 3915 1469 βόσκειν,
3957 1403 3991 1469 ἢ

2421 1491 2762 1562 χορτολογείν
2789 1495 2959 1545 ποιεῖν
2980 1492 3115 1562 (69),
3142 1493 3237 1546 καὶ
3259 1493 3590 1562 βλάπτεσθαι
3615 1495 3850 1564 ἑτοίμως
3890 1495 3994 1545 ὐπὸ

2420 1587 2527 1637 τῶν
2568 1584 2796 1653 ἐχθρῶν,
2826 1584 2858 1654 ἢ
2900 1585 3152 1655 γυρεύειν
3183 1586 3471 1656 ἐγχωρίοις
3496 1585 3582 1638 διὰ
3610 1584 3858 1647 δαπάνας
3888 1583 3995 1637 τῶν

2423 1675 2633 1744 ἐχθρῶν
2675 1675 3055 1744 ἐπικειμένων,
3110 1675 3143 1745 ἢ
3203 1676 3295 1728 καὶ
3349 1674 3641 1746 παρελθεῖν
3684 1676 3741 1727 ἐν
3770 1674 3996 1743 τοιαύτῃ

2422 1767 2600 1835 ἐνδείᾳ
2632 1767 2812 1820 αὐτῶν
2842 1782 2900 1819 τε
2926 1766 3016 1818 καὶ
3038 1766 3147 1819 τῶν
3180 1766 3409 1834 ἀλόγων,
3439 1766 3533 1818 καὶ
3555 1765 3863 1835 ἐκλυθῆναι.

2498 1946 2593 2003 ις’.
2634 1940 2700 2003 Ei
2736 1939 2793 1993 δὲ
2857 1939 2964 2009 ἄρα
2996 1940 3088 1993 καὶ
3134 1938 3523 2010 παρέρχονται,
3551 1938 3646 1992 καὶ
3673 1938 3774 1990 οὑκ
3815 1936 3996 2006 ἔχουσί

2425 2048 2571 2094 τινος
2601 2022 2810 2101 χρείαν,
2845 2030 3128 2101 ἀφορίσεις
3150 2032 3301 2094 τινὰς
3330 2030 3471 2084 ὥστε
3503 2031 3683 2084 καίειν
3729 2029 3825 2081 τὸν
3868 2030 3996 2100 χόρ-

2428 2140 2521 2175 τον
2558 2122 2651 2176 καὶ
2673 2121 2846 2185 οὕτως
2875 2121 2969 2173 ἐπὶ
3000 2122 3069 2175 τὰ
3090 2121 3399 2191 ἔμπροσθεν
3438 2120 3861 2191 περιπατεῖνδιὰ
3875 2122 3997 2181 τοὺς

2429 2214 2813 2283 ἐλπιζομένους
2842 2212 3016 2265 ὀπίσω
3037 2212 3367 2281 ἐπέρχεσθαι
3398 2211 3712 2283 πολεμίους.

2503 2302 2587 2367 ιζ’.
2629 2301 2715 2354 Ἐν
2750 2303 2806 2356 δὲ
2837 2305 2954 2365 ταῖς
3002 2301 3334 2372 ὁδοιπορίαις
3361 2302 3639 2371 πολεμίων
3670 2300 4001 2369 ἐγγιζόντων

2428 2393 2722 2461 ἀναγκαῖόν
2753 2392 2899 2443 ἐστιν
2931 2392 3017 2443 ἀεὶ
3051 2393 3215 2460 μέσον
3238 2390 3384 2460 ἔχειν
3409 2390 3472 2443 rb
3508 2390 3747 2457 τοῦλδον,
3797 2390 3886 2443 ἵνα
3928 2388 4001 2459 μὴ

2428 2484 2736 2554 ἀφύλακτον
2764 2482 2822 2536 ὃν
2852 2481 3245 2552 ἐπηρεάξηται.

2501 2580 2588 2642 ιη’.
2621 2572 2733 2634 Τὰς
2762 2572 2819 2624 δὲ
2851 2571 3183 2639 ὁδοιπορίας,
3210 2571 3286 2634 ὡς
3325 2571 3427 2641 ἤδη
3459 2570 3555 2624 καὶ⁵
3590 2570 3702 2626 ἄνω
3722 2587 3827 2623 που
3849 2572 4000 2623 εῖποη

2430 2678 2547 2731 μεν,
2586 2660 2659 2729 μὴ
2700 2660 2972 2712 ποιεῖσθαι
2997 2660 3343 2730 μεμιγμένας
3396 2661 3535 2730 μετὰ
3586 2660 3832 2723 τούλδου,
3867 2662 4005 2713 ἀλλὰ

2426 2752 2848 2822 διακεκριμένας
2909 2753 3004 2803 καὶ
3067 2752 3502 2821 κεχωρισμένας,
3548 2751 3691 2805 ὥστε
3747 2752 3896 2816 ῖδίως
3947 2754 4005 2805 τὸ

2426 2842 2642 2896 τοῦλδον
2688 2841 2915 2895 ὀπισθεν
2965 2841 3059 2893 τοῦ
3093 2842 3225 2894 ἰδίου
3276 2842 3479 2911 μέρους
3518 2842 3852 2912 ὁδοιπορεῖν,
3914 2846 4005 2895 καὶ

2431 2934 2577 2995 ἰδίως
2603 2935 2941 3001 στρατιώτας
2963 2931 3321 3001 εύπλήκτους.

2504 3024 2589 3078 ιθ’.
2638 3023 2751 3076 Ἀεὶ
2774 3024 2831 3075 δὲ
2865 3025 2926 3077 τὸ
2946 3023 3189 3088 τοῦλδον,
3210 3025 3286 3087 ὡς
3314 3024 3530 3095 εἴρηται
3557 3027 3689 3095 ἡμῖν
3720 3026 4003 3094 ἀνωτέρω,

754 3129 1219 3191 memoravimus,
1254 3122 1568 3195 separatum
1603 3124 1839 3192 aliquem
1868 3123 2203 3191 praefectum,
2234 3121 2324 3192 qui

2430 3116 2523 3168 καὶ
2564 3116 2808 3185 ἡγεμόνα
2862 3113 3007 3182 ἔχειν
3068 3114 3220 3179 ῐδιον,
3268 3113 3557 3167 ὦστεάύτὺ
3607 3117 3702 3167 καὶ
3729 3114 4005 3179 διατάξαι,

756 3223 1074 3277 universum
1128 3218 1260 3271 illud
1336 3216 1598 3285 gubernet
1644 3223 1699 3268 et
1751 3213 1950 3283 dirigat
2009 3214 2063 3267 in
2133 3227 2323 3268 omnes

2428 3208 2519 3261 καὶ
2543 3205 2868 3271 διευθύνειν,
2898 3205 2993 3259 καὶ
3021 3206 3179 3273 ἄγειν
3206 3205 3368 3259 αὑτὸν
3384 3206 3621 3275 οὓτως,ἧ
3647 3207 3753 3276 πρὸ
3782 3205 3883 3272 τῆς
3909 3223 4009 3257 παρ

754 3325 975 3383 partes;
1025 3318 1151 3363 ante
1203 3308 1521 3361 universum
1568 3304 1897 3369 exercitum,
1944 3304 1988 3356 si
2029 3320 2097 3359 ex
2139 3302 2323 3357 hostili

2427 3298 2723 3369 ρατὰξεως,
2751 3298 2846 3349 ἐὰν
2871 3300 2935 3351 ἐκ
2967 3298 3233 3368 πολεμίας
3258 3300 3361 3367 γῆς
3398 3298 3744 3370 ὕποστρέφῃς
3763 3315 3780 3330 ·
3830 3298 4010 3350 ὀπίσω

755 3414 901 3457 terra
954 3401 1229 3463 discedis;
1264 3407 1385 3467 post
1416 3397 1702 3450 universas
1744 3395 1963 3466 copias,
1996 3396 2039 3449 si
2074 3396 2323 3451 hostilem

2427 3390 2481 3444 δὲ
2509 3392 2606 3462 τῆς
2624 3391 3002 3463 παρατάξεως,
3033 3392 3130 3444 ἐὰν
3154 3392 3233 3455 είς
3268 3390 3536 3461 πολεμίαν
3561 3391 3667 3461 γῆν
3697 3391 4002 3461 ἐμϐάλλῃς,

754 3496 1031 3564 regionem
1067 3491 1319 3553 invadis;
1356 3489 1481 3541 hinc
1519 3495 1613 3540 aut
1640 3486 1820 3551 illinc,
1857 3486 1902 3541 si
1933 3486 2092 3540 alicui
2130 3501 2161 3541 e
2195 3486 2327 3541 late-

2428 3481 2580 3535 Ινθεν
2602 3482 2656 3535 δὲ
2682 3483 2716 3552 ἢ
2752 3482 2981 3547 ἐκεῖθεν,
3007 3482 3102 3535 ἐὰν
3131 3483 3199 3536 τὰ
3238 3482 3443 3549 πλάγια
3491 3481 3591 3551 τῆς
3644 3483 4009 3554 παρατάξεως

755 3583 911 3642 ribus
955 3585 1154 3647 times;
1200 3582 1254 3634 in
1307 3580 1506 3641 medio,
1570 3578 1617 3633 si
1675 3580 1858 3631 omnia
1902 3578 1999 3631 tibi
2043 3593 2199 3647 aeque
2243 3593 2327 3633 su-

2430 3572 2766 3643 φοὸούμενος
2812 3572 3043 3645 πορεύῃ,
3078 3574 3231 3638 ἐντὸς
3263 3574 3320 3627 δὲ
3348 3574 3446 3645 τῆς
3475 3574 3775 3643 φάλαγγος,
3817 3575 3915 3628 ἐὰν
3938 3578 4008 3626 τὰ

757 3688 945 3748 specta
976 3677 1111 3729 sint.
1155 3673 1335 3741 Atque
1369 3672 1485 3724 haec
1516 3670 1584 3725 de
1615 3669 1788 3734 tuldo,
1822 3671 1935 3724 sive
1970 3669 2327 3738 impedimen-

2429 3663 2764 3733 πανταχόθεν
2786 3663 3001 3717 ὖποπτα
3024 3664 3174 3735 ἔχῃς.
3203 3664 3449 3718 Τοσαῦτα
3481 3665 3580 3735 μὲν
3610 3662 3705 3719 οὖν
3737 3668 3831 3719 καὶ
3873 3668 4009 3735 περὶ

758 3773 851 3833 tis,
886 3768 1076 3837 paucis
1106 3766 1199 3819 tibi
1231 3763 1649 3833 explicavimus,
1676 3762 1790 3816 sive
1819 3762 1875 3814 itt
1902 3761 2155 3814 curribus
2186 3761 2327 3814 inter

2427 3752 2521 3807 τοῦ
2550 3754 2770 3807 τούλδου
2814 3755 2900 3807 διὰ
2935 3754 3181 3824 βραχέων
3216 3773 3299 3809 σοι
3319 3756 3689 3827 διεξήλθομεν,
3724 3753 3769 3811 ὦ
3802 3777 4005 3827 019a:-

756 3862 987 3931 peditcs,
1022 3859 1137 3911 sive
1180 3857 1233 3908 in
1268 3854 1534 3919 ,sareiniis
1566 3842 1706 3906 inter
1741 3848 1973 3921 equites,
1996 3853 2111 3905 sive
2144 3852 2326 3921 aliqua

756 3950 1017 4020 quapiam
1044 3946 1445 4017 praeparatione
1475 3947 1530 3997 iit
1565 3944 1827 4014 permista
1866 3944 2050 4005 turba,
2077 3953 2133 3997 ut
2176 3943 2328 3996 nulla

757 4062 821 4099 ex
856 4054 1029 4114 parte,
1066 4041 1244 4112 quoad
1289 4040 1407 4108 ejus
1448 4040 1565 4093 ﬁeri
1606 4039 1803 4108 potuit,
1839 4036 2044 4106 aliquid
2088 4037 2321 4090 abesset.

757 4136 945 4189 Restat
985 4134 1135 4202 jam,
1170 4143 1228 4184 ut
1274 4133 1341 4185 de
1387 4130 1742 4200 aplictorum,
1781 4127 1833 4182 id
1875 4135 1980 4194 est,
2017 4136 2323 4184 castrorum

757 4228 934 4281 forma
963 4226 1331 4295 disputemus.

1249 4462 1718 4538 CONS’I‘ITUTIO
1753 4480 1846 4536 x1.

1109 4575 1187 4629 De
1234 4575 1467 4643 aplictis,
1518 4575 1571 4627 id
1616 4582 1693 4627 est
1746 4574 1959 4627 castris.

831 4671 882 4723 1.
929 4669 1142 4738 Aplieta
1192 4668 1378 4737 igitur,
1412 4666 1526 4720 sive
1568 4663 1834 4718 fossatum
1867 4660 2014 4733 (nam
2061 4664 2321 4732 aplictum

758 4762 973 4832 proprie
1005 4762 1270 4815 lossatum
1305 4758 1475 4811 totius
1509 4758 1785 4811 exercitus
1816 4756 1922 4827 est)
1946 4757 2122 4810 valide
2147 4772 2312 4825 quan-

757 4866 867 4906 tum
907 4858 1059 4918 potes
1102 4847 1337 4901 munies.
1381 4844 1437 4897 Si
1487 4844 1542 4897 iu
1592 4844 1728 4898 locis
1771 4846 2034 4914 spatiosis
2079 4846 2327 4916 laxisque

752 4941 1039 4997 commode
1072 4952 1253 4995 castra
1307 4954 1511 5007 ponere
1554 4938 1819 5008 potueris.
1875 4937 1947 4991 ita
1992 4936 2205 4991 facias:
2238 4939 2324 4992 sin

754 5036 960 5096 minus,
1008 5049 1112 5086 non
1163 5033 1524 5101 negligenter,
1561 5031 1653 5086 sed
1702 5030 1894 5086 sedulo
1922 5038 1976 5084 et
2015 5030 2244 5084 firmiter
2271 5040 2325 5085 et

753 5124 923 5177 dense
955 5130 1134 5174 castra
1163 5136 1350 5190 pones.
1395 5120 1484 5174 Illa
1532 5130 1717 5175 autem
1762 5122 1881 5177 loca
1930 5122 1984 5177 in
2018 5123 2209 5193 primis
2238 5122 2324 5177 fu-

657 5238 665 5245 υ
752 5216 885 5282 gics,
915 5231 1034 5283 quae
1062 5215 1265 5284 aliquid
1304 5230 1469 5284 prepe
1499 5216 1699 5271 celsius
1754 5230 1817 5271 ac
1870 5218 2199 5274 eminentius
2227 5219 2324 5273 ha-

752 5306 901 5367 bent,
939 5321 1007 5358 ne
1039 5305 1172 5358 illud
1233 5305 1443 5361 inimici
1490 5316 1654 5361 noctu
1691 5313 1745 5359 et
1795 5306 2083 5361 confertim
2126 5309 2321 5364 antici-

753 5407 966 5464 pautcs,
1003 5397 1172 5451 multa
1204 5396 1344 5451 mala
1380 5398 1533 5452 vobis
1562 5411 1629 5452 ex
1658 5410 1724 5452 eo
1754 5397 1873 5451 loco
1904 5397 2157 5453 inferant.

790 5755 800 5769 ἱ
845 5684 933 5751 69)
968 5686 1041 5739 “Il
1074 5685 1452 5757 χορταῖογεῖν
1494 5687 1702 5743 ποιεῖν.
1754 5689 2024 5762 Scriboni")
2070 5692 2289 5762 χορτολο

748 5772 852 5826 γην
879 5772 934 5808 π.

2359 4486 2410 4545 1)

2430 3846 2549 3916 ηγέ,
2612 3847 2720 3899 εῖτε
2774 3848 2832 3898 ἐν
2869 3846 3103 3916 ἁμάξαις
3134 3849 3270 3916 μετὰ
3306 3847 3529 3912 πεζικοῦ
3579 3851 3838 3916 στρατοῦ,
3897 3854 4005 3903 sit:

2431 3935 2488 3986 tv
2529 3935 2855 4004 σαγμαρίοις
2898 3936 3033 4004 μετὰ
3067 3935 3467 4005 καόαλλαρίων,
3514 3938 3623 3989 εῐτε
3672 3936 3839 4007 ἄλλης
3869 3940 4008 3991 ἀπο-

2434 4023 2636 4091 σκευῆς
2667 4024 2921 4094 τοιαύτης
2956 4027 3092 4095 μετὰ
3114 4028 3442 4095 συμμίκτου,
3473 4026 3548 4089 ὡς
3577 4026 3644 4079 ἂν
3692 4028 3753 4080 ἐν
3794 4030 4005 4097 μηδενὶ,

2432 4115 2558 4168 ὅσον
2604 4115 2723 4167 ἐστὶ
2762 4116 2824 4167 τὺ
2846 4115 3070 4168 δυνατὸν
3111 4119 3261 4186 ἡμῖν,
3302 4117 3523 4188 ἐλλείπῃ
3546 4135 3627 4171 σοι
3648 4120 3933 4188 κεφαλαίῳ
3973 4125 4008 4189 ἡ

2435 4204 2682 4273 ἡμετέρα
2742 4205 3164 4275 παρακέλευσις.
3213 4207 3500 4275 Ἐχόμενον
3548 4208 3604 4261 δὲ
3657 4209 3865 4262 τούτων
3915 4214 4009 4262 καὶ

2430 4296 2497 4348 τὰ
2546 4299 2674 4363 περὶ
2708 4297 2818 4348 τῶν
2867 4296 3177 4367 λεγομὲνων
3204 4299 3480 4353 ἁπλίκτων
3506 4300 3919 4371 διασαφήσομεν
3942 4307 4005 4370 τῇ

2434 4388 2499 4457 σῇ
2532 4385 2852 4458 ἐνδοξότητι.

3002 4482 3313 4534 ΔΙΑΤΔΞΙΣ
3334 4481 3436 4535 IA'.

2966 4573 3107 4640 Περὶ
3131 4573 3462 4626 ἀπλίκτων.
3702 4623 3706 4627 .

2504 4658 2573 4713 α’.
2604 4661 2694 4712 Δεῖ
2713 4655 2807 4715 οὖν
2834 4660 2902 4727 τὰ
2926 4660 3183 4725 ᾶπλικτα,
3219 4662 3337 4731 ἦτοι
3366 4662 3434 4715 τὰ
3475 4663 3718 4731 φοσσὰτα
3774 4665 4003 4734 (κυρίως

2430 4751 2539 4822 γὰρ
2568 4752 2835 4819 φοσσάτον
2862 4752 2925 4804 τὸ
2961 4751 3222 4805 ἄπλικτον
3251 4752 3344 4805 τοῦ
3383 4754 3504 4806 ὅλου
3538 4754 3773 4824 στρατοῦ
3823 4757 4003 4809 καλεῖ-

2431 4848 2567 4915 ται),
2604 4847 2777 4899 ταῦτα
2809 4846 2902 4899 οὖν
2930 4845 3187 4913 ἀσφαλῶς
3211 4864 3270 4898 σε
3299 4850 3490 4901 ποιεῖν.
3527 4849 3634 4900 Καὶ
3666 4851 3698 4918 ή
3744 4850 3846 4917 μὲν
3895 4851 4002 4918 (70)

2431 4938 2725 5006 ἐνδέχεται,
2773 4938 2852 4999 είς
2880 4938 3237 5006 ἀραιοτέρους
3273 4938 3473 5002 τόπους
3523 4940 3904 5009 κατασκηνοῦν
3936 4943 4004 4995 τὰ

2429 5028 2835 5098 στρατιωτικὰ,
2888 5030 2937 5081 εί
2989 5029 3043 5081 δὲ
3074 5030 3134 5081 ού
3186 5031 3325 5083 κατὰ
3369 5031 3563 5093 πάντα,
3620 5031 3697 5101 μὴ
3754 5034 4001 5098 ἀμελῶς,

2428 5118 2565 5171 ἀλλὰ
2590 5118 2865 5187 σφιγκτῶς
2897 5120 2991 5172 καὶ
3011 5119 3223 5189 ὀχυρῶς
3243 5121 3577 5184 ἀπλικεύειν,
3597 5124 3692 5175 καὶ
3751 5124 4004 5192 ἀποφεύ-

2428 5226 2547 5277 γειν
2573 5211 2698 5273 τοὺς
2727 5211 2924 5273 τόπους
2947 5211 3063 5280 (7|)
3092 5212 3330 5274 ἐκείνους
3353 5212 3467 5265 ὅσοι
3523 5212 3737 5281 ἔχουσιν
3784 5215 3851 5266 ἐκ
3902 5215 4001 5267 τοῦ

2428 5301 2659 5371 πλησίον
2684 5301 3048 5373 ὑψηλοτέρους
3063 5302 3261 5369 αὐτῶν,
3292 5303 3381 5355 ἵνα
3416 5302 3492 5372 μὴ
3536 5304 3778 5366 ἐκείνους
3824 5307 3874 5358 οἱ
3903 5308 4001 5375 ἐχ-

2424 5393 2543 5462 θροὶ
2599 5393 2795 5465 ἀθρόον
2824 5394 2856 5463 ἢ
2899 5397 2955 5447 ἐν
2982 5396 3138 5447 νυκτὶ
3166 5394 3668 5467 προκαταλαϐόντες
3700 5397 3850 5453 κακὰ
3878 5414 4001 5455 τινα

2421 5484 2736 5555 διαθήσουσι
2766 5485 2845 5556 τῷ
2883 5488 3153 5556 φοσσάτῳ.

2198 5594 2401 5650 NOTAE

2499 5693 2609 5759 (70)
2638 5693 2748 5765 [fui
2773 5696 2808 5761 ἡ
2838 5694 2972 5761 μέν.
3011 5694 3219 5756 Scribe,
3255 5696 3345 5747 καὶ
3370 5696 3418 5747 εἰ
3452 5711 3572 5765 μεν.

2491 5765 2605 5830 (7|)
2635 5763 2692 5817 Τ(
2710 5764 2778 5829 ἰνς
2805 5768 3043 5829 τόπους.
3075 5763 3600 5843 Scribebamusob;
3637 5764 3862 5832 τύπους.
