4176 6446
148 416 250 485 793

1281 417 1615 480 TACTICA.
1643 444 1711 455 --
1742 420 2250 483 CONSTITUTIO
2273 423 2380 483 Χῐ.

3317 426 3422 490 794

215 531 283 600 β’.
317 530 492 585 ὐταν
537 529 718 586 τοίνυν
752 531 809 585 ἐν
849 534 916 601 τῇ
966 533 1071 586 τῶν
1115 533 1328 602 ἐχθρῶν
1369 534 1525 605 χώρᾳ
1567 551 1726 606 στρα-

1911 537 1965 592 2.
2007 536 2240 602 Quando
2263 539 2448 595 hostili
2479 538 2700 593 interra
2724 549 2905 594 castra
2931 538 3111 610 penis,
3137 539 3422 600 circumda

147 623 467 694 τοπεδεύῃς,
503 623 835 693 περιϐάλλου
861 625 1068 694 τάφρον
1108 623 1330 693 βαθεῖαν
1355 626 1491 694 (72),
1525 626 1627 678 κᾶν
1654 628 1734 689 εἰς

148 715 276 784 μίαν
299 717 491 786 μόνην,
529 717 605 779 ὠς
629 719 868 786 εἴρηται,
901 716 1119 787 ἡμέραν
1151 718 1354 788 μέλλῃς
1395 717 1733 772 ἀπλικεύειν.

157 807 551 877 Ἀμετανόητος
618 808 727 877 γὰρ
775 810 808 877 ὴ
861 805 1084 878 τοιαύτη
1163 809 1578 878 στρατοπεδεία,
1642 810 1736 863 καὶ

142 900 418 969 ἀσφαλὴς,
483 900 571 953 διὰ
621 900 721 962 τὰς
771 899 1072 967 αἰφνιδίους
1139 900 1230 951 καὶ
1292 900 1558 970 ἀοράτους
1611 901 1735 954 ἑπι-

141 991 343 1056 6ουλὰς
385 991 518 1061 (75).
595 992 978 1062 Καταστήσεις
1034 990 1090 1043 δὲ
1148 992 1242 1044 καὶ
1298 992 1562 1060 φύλακας,
1629 993 1735 1045 κᾶν

143 1083 366 1150 μακρὰν
421 1077 560 1133 εἶναι
602 1080 834 1150 νομίζης
887 1081 1014 1142 τοὺς
1070 1081 1385 1151 πολεμίους,
1423 1083 1520 1145 ¹ὼς
1566 1082 1735 1151 ἐγγὺς

138 1169 314 1221 ὅντων
323 1210 336 1224 .

208 1267 284 1326 γ’.
321 1263 498 1313 Ὅπου
527 1262 584 1314 δὲ
643 1262 859 1330 μέλλεις
892 1263 1167 1317 ποιεῖσθαι
1194 1265 1412 1335 χρόνιον
1468 1266 1530 1317 τὸ
1568 1266 1731 1320 ἄπλι-

135 1369 289 1414 κτον,
317 1353 394 1422 μὴ
423 1351 636 1422 ὲχθρῶν
666 1352 855 1422 ἔφοδον
902 1353 1147 1421 δηλονότι
1212 1356 1592 1426 ὑφορώμενος,
1639 1358 1732 1411 καὶ

135 1443 386 1514 φθείρειν
411 1445 596 1515 χώραν
625 1445 874 1498 ἐναντίαν
906 1446 1254 1515 βουλόμενος,
1299 1448 1527 1514 ὲκλέγου
1557 1452 1731 1520 χωρία

143 1536 431 1603 χρήσιμα,
469 1536 544 1604 μὴ
582 1534 780 1604 ὑλώδη,
807 1537 974 1606 ἤγουν
989 1536 1115 1601 ὕλας
1147 1539 1238 1590 καὶ
1279 1538 1450 1608 πηλὸν
1480 1540 1571 1592 καὶ
1604 1540 1730 1610 βάλ-

133 1641 231 1686 τας
263 1625 483 1693 ἔχοντα,
522 1623 615 1676 καὶ
662 1624 832 1677 ὕδατα
867 1626 1212 1695 σεσημμένα.
1247 1626 1330 1678 Τὰ
1382 1627 1491 1698 γὰρ
1543 1627 1730 1681 τοιαῦ-

136 1733 202 1767 τα
252 1716 343 1767 διὰ
382 1718 482 1777 τὰς
536 1715 930 1785 ἀναθυμιάσεις
966 1718 1059 1770 καὶ
1117 1717 1214 1781 τὰς
1243 1719 1350 1772 ἀπὸ
1405 1719 1515 1772 τῶν
1547 1720 1730 1772 τόπων

133 1807 406 1869 δυσωδίας
442 1809 638 1876 νοσερὰ
660 1810 787 1871 εισι,
825 1810 919 1862 καὶ
952 1809 1177 1877 λοιμοὺς
1201 1811 1294 1864 καὶ
1316 1811 1504 1874 νόσους
1545 1811 1723 1884 φθαρ-

134 1898 292 1960 τικὰς
326 1898 588 1968 ἐμϐάλλει
611 1899 692 1960 είς
712 1899 780 1952 τὰ
810 1899 1218 1970 στρατεύματα,
1242 1904 1336 1954 καὶ
1362 1877 1595 1966 πολλούς
1625 1877 1723 1974 μτὲν
1757 1877 1798 1931 Β

135 1989 400 2049 πολλάκις
439 1990 688 2042 ἐκάκωσε
722 1992 789 2059 τῇ
819 1989 980 2058 νόσῳ,
1021 1990 1249 2055 πολλοὺς
1277 1991 1335 2044 δὲ
1386 1993 1482 2046 καὶ
1505 1992 1723 2046 ἀπώλε-

137 2098 229 2133 σεν
253 2097 266 2110 ’
300 2079 443 2132 ὥστε
469 2081 724 2150 μὴμόνον
754 2081 934 2148 ὀλίγον
960 2083 1023 2134 ὲκ
1052 2081 1248 2136 τούτου
1277 2083 1557 2151 γενέσθαι,
1587 2085 1723 2138 ἀλλὰ

133 2172 230 2222 καὶ
246 2171 474 2234 ἀσθενὲς
505 2173 568 2222 τὸ
599 2172 935 2240 στράτευμα.

201 2265 266 2316 δ’.
320 2265 612 2334 Χρήσιμον
644 2264 701 2317 δὲ
746 2265 839 2316 καὶ
870 2265 1137 2335 σωτήριον
1164 2266 1241 2336 τῷ
1301 2269 1521 2339 στρατῷ
1579 2269 1723 2335 γίνεο

132 2357 284 2418 σθαι,
329 2355 430 2407 ἐὰν
482 2355 556 2425 μὴ
609 2356 705 2408 ἐπὶ
751 2355 848 2408 τοῦ
877 2355 1044 2408 αὑτοῦ
1081 2359 1219 2428 μένῃ
1249 2359 1515 2412 ἁπλίκτου
1558 2360 1725 2413 πολὺν

131 2447 348 2514 χρόνον,
375 2449 425 2499 εἰ
460 2445 535 2517 μὴ
559 2447 668 2515 ἄρα
702 2447 974 2516 χειμάζει,
1010 2451 1104 2499 καὶ
1158 2448 1249 2500 διὰ
1271 2449 1364 2502 τὸν
1390 2452 1586 2521 καιρδν
1613 2452 1722 2503 ὦσα

132 2553 240 2604 περ
261 2536 638 2605 πεπολισμένα
667 2537 780 2606 ἔχει
805 2536 876 2594 τὰ
895 2537 1137 2591 ἄπλικτα
1160 2544 1222 2592 τὸ
1256 2541 1588 2611 στράτευμα.
1613 2545 1724 2595 Καὶ

128 2632 241 2694 γὰρ
275 2629 374 2680 καὶ
403 2627 460 2678 al
485 2625 854 2695 σωτηριὼδεις
876 2627 1153 2697 ἐκκρίσεις
1190 2631 1284 2681 επὶ
1303 2630 1413 2683 τῶν
1445 2631 1626 2684 αὐτῶν
1649 2649 1725 2699 γι-

132 2719 336 2784 νὲμενα
362 2718 544 2769 τόπων
585 2717 792 2785 ἀτμοὺς
820 2717 1252 2788 διεφθαρμένους
1313 2720 1718 2789 ἀντιπέμπουσι,

129 2811 225 2859 καὶ
260 2807 808 2876 συμμεταϐάλλουσιν
853 2808 934 2869 είς
961 2809 1117 2861 νόσον
1138 2809 1234 2861 καὶ
1266 2809 1366 2879 τὴν
1413 2812 1508 2864 τοῦ
1567 2828 1722 2879 περι-

128 2901 353 2968 έχοντος
376 2899 537 2970 ἀέρος
568 2899 804 2962 εὐεξίαν.

196 2989 262 3043 ε’.
315 2989 408 3042 Ἐν
458 2990 515 3042 δὲ
561 2993 684 3053 ταῖς
735 2991 1205 3061 παραχειμασίαις
1250 2992 1488 3054 παντως,
1515 2992 1591 3055 ὡς
1609 2993 1723 3046 ἄνω

131 3101 238 3135 που
275 3083 516 3153 εἴρηται,
551 3081 797 3153 γύμναζε
830 3083 902 3136 τὰ
932 3083 1293 3155 στρατόπεδα,
1329 3086 1423 3137 καὶ
1450 3086 1721 3155 πολεμικὰ

1841 639 1964 682 tuos
1993 629 2210 698 lapltro,
2235 631 2288 685 id
2310 641 2414 695 est,
2439 632 2609 697 fossa,
2634 647 2949 702 quanquam
2976 633 3043 686 ad
3076 649 3247 688 unum
3272 635 3418 689 diem

1842 720 1912 773 ibi
1944 721 2121 774 solum
2154 736 2550 792 permansurus
2576 739 2657 779 cs.
2702 722 2905 777 Secura
2925 725 3071 780 enim
3103 725 3420 793 huiusmodi

1838 822 2016 866 castra
2087 821 2257 878 sunt,
2283 821 2339 868 et.
2392 816 2656 872 adversus
2694 831 2890 871 omnes
2932 832 3033 872 nec
3073 819 3327 886 Opinatas
3364 826 3421 872 et

1839 903 2052 959 subitas
2079 906 2323 960 hostium
2361 907 2713 962 incursiones
2754 917 2890 963 tuta.
2922 908 3218 963 Custodi-as
3249 912 3415 965 etiam

1838 997 2146 1063 adhibebis,
2183 999 2341 1068 quasi
2387 999 2574 1054 hostes
2617 1016 2787 1072 prope
2842 1001 3048 1067 adsint,
3101 1017 3416 1073 quanquam

1840 1086 1998 1157 longe
2027 1103 2125 1143 eos
2159 1089 2356 1144 abesse
2387 1091 2628 1151 noveris.
2753 1073 2761 1081 ’

1913 1275 1968 1328 5.
2011 1272 2114 1328 Ubi
2145 1273 2404 1328 diuturna
2439 1285 2619 1329 castra
2652 1289 2764 1329 uno
2794 1275 2983 1343 aliquo
3015 1273 3068 1327 in
3119 1274 3245 1328 loco
3273 1276 3419 1343 posi-

1837 1374 1993 1419 turus
2039 1379 2123 1428 cs,
2169 1378 2280 1417 non
2340 1366 2582 1418 hostium
2634 1364 3009 1419 incursionem
3059 1362 3282 1426 timens,
3325 1363 3441 1416 sed.

1835 1457 2052 1509 illorum
2116 1455 2398 1523 regionem
2462 1455 2848 1524 populaturus,
2906 1454 3026 1506 loca
3083 1453 3251 1522 eliges
3305 1468 3415 1506 non

1833 1546 2139 1612 condensa,
2190 1562 2438 1611 comosa,
2487 1546 2775 1615 paludosa,
2830 1554 2924 1599 aut
2979 1545 3190 1614 stagnis
3240 1544 3417 1599 abun-

1830 1640 2019 1694 dantia
2064 1658 2078 1694 :
2122 1639 2437 1709 huiusmodi
2476 1639 2622 1692 enim
2666 1638 2895 1713 halitum
2949 1637 3213 1692 emittunt.
3264 1637 3419 1691 insa-

1831 1731 2068 1794 lubrem,
2100 1740 2155 1784 et
2203 1731 2402 1784 odores
2441 1744 2637 1798 graves
2685 1729 2753 1783 ad
2795 1728 3129 1798 gignendum
3196 1728 3417 1782 morbos

1832 1821 2060 1875 idoneos
2110 1836 2126 1874 :
2185 1820 2386 1874 multas
2443 1822 2588 1874 enim
2648 1821 3001 1889 (egritudines
3059 1828 3114 1873 ct.
3164 1819 3417 1874 ardentes

1829 1921 2010 1983 pestes
2045 1911 2311 1983 inferunt,
2336 1919 2391 1964 et
2418 1927 2564 1981 saepe
2588 1913 2894 1966 exercitum
2924 1911 3166 1981 graviter
3192 1917 3416 1971 vexant,

1827 2019 1968 2073 saepe
1986 1980 2173 2058 etiam.
2197 2004 2515 2058 universum
2548 2004 2750 2068 delent,
2785 2013 2976 2057 utnon
3005 2003 3180 2057 solum
3209 2015 3416 2072 parvus

1828 2113 1893 2151 ex
1939 2113 2028 2161 eo,
2069 2104 2124 2150 et
2160 2096 2375 2160 debilis,
2408 2095 2504 2150 sed
2541 2094 2705 2150 etiam
2738 2106 3103 2163 consumptus
3139 2101 3193 2147 et
3230 2092 3415 2148 nullus

1828 2189 1940 2242 ﬁat.

1896 2281 1949 2334 4.
1991 2278 2136 2334 Utile
2165 2289 2216 2334 et
2261 2279 2504 2334 salutare
2539 2278 2806 2334 exercitui
2838 2286 2944 2341 est,
2973 2278 3026 2331 in
3063 2278 3259 2332 eodem
3289 2278 3412 2332 loco

1824 2369 1915 2422 diu
1949 2384 2056 2422 non
2089 2369 2420 2429 consistere,
2451 2368 2558 2420 nisi
2591 2367 2638 2421 si
2667 2366 2898 2420 hiberna
2943 2365 3151 2420 faciant
3185 2383 3197 2418 :
3247 2375 3413 2436 atque

1824 2471 1887 2507 ea
1924 2466 2036 2507 tum
2082 2454 2149 2506 ad
2182 2453 2421 2507 civitatis
2463 2453 2691 2507 fortnam
2734 2455 3008 2506 muniant.
3043 2452 3181 2506 Nam
3216 2469 3408 2507 excre-

1828 2551 2005 2602 tioues
2037 2546 2336 2600 faceulenta:
2373 2560 2664 2614 corporum
2692 2546 2747 2599 in
2778 2545 2985 2600 eisdem
3027 2561 3244 2615 semper
3274 2545 3412 2600 locis

1827 2639 2000 2701 factm,
2024 2637 2348 2705 depravatos
2382 2637 2584 2691 halitus
2608 2637 2910 2705 exspirant,
2937 2647 2991 2691 et
3015 2651 3236 2691 omnem
3266 2637 3412 2692 aeris

1823 2729 2201 2784 salubritatem
2236 2728 2290 2781 in
2320 2728 2760 2784 insalubritatem
2795 2727 3151 2784 transierunt.

1896 2991 1946 3044 5.
1981 2989 2234 3044 llibernis
2278 2989 2332 3043 in
2357 2988 2633 3058 omnibus,
2674 2990 2863 3058 copias
2919 2996 3043 3044 tuas
3083 2988 3149 3042 ad
3181 2996 3411 3042 conten-

1824 3081 2000 3136 tiones
2058 3080 2283 3135 bcllicas
2335 3089 2391 3134 ct
2430 3052 2700 3134 militares
2743 3080 2961 3134 labores
2985 3093 3202 3145 exerce,
3241 3089 3301 3133 ut
3341 3079 3411 3132 iis

131 3175 302 3238 ποίει,
326 3175 425 3226 καὶ
447 3174 533 3227 ἴνα
555 3174 942 3239 συνεθίζωνται
965 3177 1080 3237 τοῖς
1107 3174 1312 3240 πόνοις,
1338 3174 1424 3228 ἵνα
1448 3177 1588 3245 μήτε
1616 3178 1719 3244 ἀρ-

1825 3170 2140 3236 assucl‘aeti,
2188 3171 2361 3226 otium
2422 3185 2489 3225 ac
2547 3170 2838 3236 desidiam,
2870 3182 3076 3240 pestem
3123 3186 3188 3225 ac
3232 3171 3408 3225 labem

139 3268 296 3331 (ὦσι,
327 3268 468 3336 μήτε
491 3266 836 3337 ρᾳθυμῶσιν.

202 3364 282 3421 ς’.
341 3358 418 3409 οὐ
473 3359 633 3425 μόνον
679 3354 850 3428 [οὺ]δὲ
888 3354 1144 3423 ὑγιεινῶν
1197 3372 1258 3408 σε
1286 3355 1368 3408 δεῖ
1415 3356 1722 3427 φροντίζειν

131 3447 441 3511 ἀπλίκτων,
474 3447 604 3499 ὃταν
628 3446 814 3500 ἄδειαν
837 3444 968 3515 ἔχῃς
994 3443 1103 3496 ἀπὸ
1129 3444 1238 3496 τῶν
1257 3444 1553 3513 πολεμίων,
1587 3444 1722 3497 ἀλλὰ

131 3539 228 3591 ,ιιαὶ
257 3537 461 3599 πολλὰς
486 3538 580 3589 καὶ
610 3536 904 3606 διαφόρους
950 3534 1094 3603 ἔχειν
1124 3534 1266 3588 αὐτὰ
1303 3533 1402 3596 τὰς
1439 3535 1720 3603 χορηγίας,

130 3629 229 3682 καὶ
262 3627 499 3697 μάλιστα
537 3628 596 3678 ἐν
635 3624 714 3695 τῷ
737 3625 1020 3693 ὲξπεδίτῳ,
1053 3624 1225 3694 ἧγουν
1245 3625 1303 3675 ὲν
1330 3624 1396 3693 τῇ
1419 3624 1561 3676 κατὰ
1597 3641 1722 3676 και-

127 3725 230 3793 pay
270 3721 367 3776 τοῦ
393 3723 517 3774 ὅλου
566 3719 802 3791 στρατοῦ
838 3721 1153 3790 συναγωγῇ,
1191 3717 1322 3771 ἔνθα
1360 3719 1601 3790 μάλιστα
1628 3721 1721 3774 καὶ

132 3815 406 3885 χρονίζειν
434 3816 573 3868 δέον.

202 3909 271 3970 ζ’.
295 3906 610 3974 Φροντίζειν
649 3905 705 3958 δὲ
737 3903 962 3958 καὶτῶν
1014 3903 1294 3974 ἐμπόρων,
1327 3903 1412 3956 ἵνα
1470 3904 1546 3974 μὴ
1601 3903 1719 3956 ἀδι-

120 3999 394 4068 ,κούμενοι
425 3996 745 4061 λυποῦνται,
789 3997 884 4049 καὶ
917 3997 979 4049 οὐ
1038 3996 1266 4065 φέρουσι
1308 3995 1407 4059 τὰς
1457 3997 1719 4067 χορηγίας

129 4089 241 4141 τῶν
278 4088 626 4158 ἐπιτηδείων.

197 4181 272 4250 η’.
298 4182 364 4234 Εἰ
393 4181 450 4234 δέ
471 4198 555 4244 τις
580 4182 676 4234 καὶ⁵
714 4179 869 4243 ἐλπὶς
898 4179 1116 4234 ἐναντία
1141 4179 1366 4248 ἐνοχλεῖ,
1419 4181 1720 4249 ἀσφαλίζε-

131 4272 256 4325 σθαι
280 4272 314 4342 ἦ
341 4271 672 4342 ὀρύγμασιν,
703 4273 736 4343 ἢ
763 4273 955 4334 πάλοις
979 4272 1117 4341 (74),
1144 4273 1177 4343 ἢ
1203 4270 1485 4342 ὁλοκλήρῳ
1502 4272 1716 4343 τάφρῳ,

127 4367 158 4418 δ
182 4365 405 4434 λέγουσι
444 4366 639 4433 ςόσσα,
679 4365 714 4435 ἢ
742 4363 1069 4436 τριϐόλοιςῆ
1111 4364 1448 4433 οίκοδομαῖς,
1522 4363 1554 4433 ἢ
1609 4366 1718 4418 ἀπὸ

130 4457 307 4524 ξύλων
337 4457 372 4526 ἦ
426 4455 538 4509 ἀπὸ
573 4455 758 4519 λίθων,
801 4456 835 4525 ἢ
877 4454 1076 4520 ἄλλως,
1119 4454 1195 4518 ώς
1245 4454 1716 4526 δύνασαιὲπινοῆι-

127 4568 242 4604 σαι.

195 4641 268 4697 θ’.
307 4643 493 4711 Ἐχειν
521 4641 577 4694 δὲ
607 4641 699 4695 καὶ
721 4640 913 4710 βίγλας
938 4638 1163 4704 ἔξωθεν,
1195 4638 1333 4694 ἀλλὰ
1354 4640 1448 4692 καὶ
1475 4637 1713 4710 ἁμάξας,

129 4737 208 4797 είς
243 4732 611 4802 χαρακώσεις,
664 4732 760 4784 ὲάν
798 4733 928 4795 είσι,
962 4729 1080 4782 λίαν
1111 4728 1357 4782 δυνατόν.
1386 4731 1455 4781 Ἢ
1497 4731 1716 4801 χάρακα

127 4819 1066 4894 πήξεις,ὂλέγεταισταὸαρῶσαι,
1136 4818 1248 4872 εἴτε
1309 4820 1539 4889 ἀραιῶς,
1603 4822 1714 4874 εἴτε

125 4914 366 4967 τιυκνότε
376 4929 488 4983 ρον,
510 4913 582 4973 ὼς
601 4913 634 4982 ἡ
654 4909 886 4980 δύναμις
903 4909 1038 4980 εχει,
1060 4909 1158 4980 ἦτε
1176 4908 1262 4962 διὰ
1279 4907 1451 4975 ξύλων
1471 4907 1715 4975 τελείων,

127 5008 160 5075 ἣ
181 5005 420 5075 δένδρων
450 5004 753 5057 κοπέντων.

199 5103 252 5149 ι’.
283 5097 375 5147 Δεῖ
401 5094 511 5164 γὰρ
543 5094 763 5158 πάντως
809 5091 1112 5162 ἀσφάλειαν
1163 5091 1308 5163 ἔχειν
1331 5092 1393 5147 τὸ
1426 5093 1710 5164 ἄπλικτον,

1823 3264 2120 3328 exercitus,
2153 3263 2412 3318 devitcnt.

1888 3357 1942 3410 6.
1971 3355 2156 3425 Neque
2181 3371 2309 3410 vero
2336 3366 2648 3411 castrorum
2680 3355 2985 3410 salubrium
3021 3353 3200 3409 solum
3234 3353 3410 3409 susci-

1823 3449 2018 3519 pienda
2063 3465 2195 3504 cura
2239 3459 2347 3513 est,
2383 3464 2508 3502 cum
2551 3463 2782 3503 securus
2819 3447 2888 3501 ab
2920 3447 3168 3500 hostibus
3197 3460 3277 3510 es,
3316 3447 3410 3500 sed

1821 3541 1985 3594 etiam
2045 3550 2105 3594 ιιι
2146 3541 2393 3594 οιυιιίιιιιι
2450 3556 2633 3594 rerum
2675 3541 3112 3594 ιιρυοεεοτίειτιιιη
3177 3537 3413 3592 aliiucn-

1825 3634 1956 3686 tiam
2021 3634 2276 3695 habeant,
2328 3633 2489 3701 idque
2538 3633 2886 3702 potissimum
2943 3632 2995 3684 in
3039 3631 3315 3701 expedito,
3353 3630 3407 3683 id

1821 3737 1923 3789 est,
1962 3741 2025 3780 eo
2055 3736 2296 3794 tempore
2323 3743 2432 3794 quo
2462 3740 2653 3780 omnes
2695 3725 2894 3779 milites
2921 3724 2973 3778 in
3016 3739 3186 3778 unum
3210 3738 3413 3778 convc-

1823 3816 2000 3876 niuut,
2034 3815 2124 3867 ubi
2159 3816 2363 3868 diutius
2387 3815 2836 3868 commorandum
2865 3824 2970 3868 est.

1890 3906 1939 3960 7.
1966 3905 2282 3961 Providebis
2306 3909 2469 3960 etiam
2515 3907 2938 3971 mercatoribus,
2977 3919 3044 3959 ne
3076 3903 3150 3958 illi
3177 3901 3404 3972 iniurio-

1822 3999 1937 4052 sius
1999 3999 2252 4062 tractati,
2317 4013 2498 4051 rerum
2550 3998 2988 4051 necessariarum
3043 3996 3405 4049 invectionetn

1823 4104 1918 4159 pra
1940 4091 2256 4142 termittant.

1889 4181 1944 4234 8.
1998 4179 2094 4234 Sin
2142 4193 2269 4234 vero
2311 4178 2510 4249 aliquis
2552 4186 2727 4233 metus
2781 4178 3020 4233 hostium
3072 4179 3354 4249 impende:
3388 4221 3403 4243 ,

1822 4273 2137 4327 muniantur
2170 4281 2351 4326 castra
2395 4273 2478 4326 vel
2509 4271 2696 4336 fossis,
2723 4272 2808 4326 vel
2852 4273 3014 4341 palis,
3053 4274 3138 4326 vel
3178 4273 3403 4343 integris

1821 4365 2006 4426 fossis,
2038 4365 2120 4418 vel
2150 4365 2390 4428 tribulis,
2431 4365 2482 4418 id
2513 4373 2617 4428 est,
2651 4365 2976 4428 muricibus,
3005 4365 3089 4420 vel
3136 4355 3412 4430 adiﬁciis,

1821 4456 1935 4509 sive
1962 4471 2027 4509 ex
2071 4456 2238 4521 ligno,
2277 4455 2391 4510 sive
2419 4472 2487 4509 ex
2521 4456 2721 4525 lapide,
2761 4464 2855 4508 aut
2909 4456 3015 4509 alia
3046 4457 3241 4525 quavis
3285 4471 3400 4509 mc-

1746 4537 1795 4596 D
1825 4547 1958 4600 tcria
1981 4546 2269 4611 conlectis,
2305 4547 2764 4615 quemadmodum
2787 4548 3101 4616 excogitare
3137 4548 3362 4618 poteris.

1895 4637 1949 4692 9.
1980 4635 2366 4707 Speculatores
2403 4637 2539 4691 loris
2584 4638 2883 4692 collocandi
2932 4647 3082 4700 sunt,
3104 4646 3158 4691 et
3202 4653 3402 4691 currus

1823 4743 2016 4784 omnes
2040 4728 2106 4782 ad
2148 4728 2345 4782 vallum
2389 4727 2696 4784 faciendum
2743 4730 3123 4800 congregaLis.
3161 4729 3400 4784 Vallabis

1821 4829 2002 4875 autem
2034 4827 2213 4874 castra
2247 4834 2342 4888 pro
2389 4820 2668 4888 copiarum
2707 4822 2938 4887 ratione,
2969 4821 3050 4876 vel
3089 4821 3290 4884 laxius,
3316 4823 3398 4875 vel

1821 4913 2070 4977 densius,
2096 4926 2161 4966 cx
2189 4912 2352 4983 lignis
2374 4913 2620 4984 integris,
2652 4923 2748 4968 aut
2770 4930 2836 4968 ex
2863 4915 3020 4971 caesis
3046 4915 3360 4970 arboribus:

1889 5095 1976 5150 l0.
2003 5095 2140 5148 Tuta
2168 5105 2222 5150 et
2255 5098 2461 5149 munita
2499 5103 2678 5150 castra
2727 5111 2942 5166 semper
2991 5112 3114 5153 esse
3159 5110 3394 5168 oportet,

126 5193 175 5242 εἱ
211 5187 289 5259 μὴ
314 5187 421 5258 ἄρα
446 5188 503 5238 ὲν
532 5190 598 5256 τῇ
632 5186 878 5284 ἡμετέρα
907 5185 1060 5238 ἐστὶν
1103 5183 1276 5256 χώρᾳ,
1309 5186 1342 5258 ἢ
1395 5187 1706 5284 ⁸ςυμνασίας

1825 5191 1916 5245 nisi
1950 5191 2004 5244 in
2050 5198 2235 5244 nostra
2278 5191 2498 5260 regione
2529 5191 2610 5244 vel
2654 5190 3066 5246 exercitationis
3091 5205 3282 5256 causa,
3314 5193 3395 5246 \‘t'i

127 5281 292 5351 χάριν
316 5279 544 5349 γίνεται,
596 5277 629 5349 ἢ
666 5276 845 5332 εᾶλλου
898 5277 1044 5340 τινὸς
1086 5277 1383 5349 χρειώδους
1416 5276 1642 5348 ’τρόπου
1671 5281 1704 5348 ἡ

1825 5283 2041 5340 alterius
2089 5280 2321 5350 alicujus
2369 5283 2711 5338 necessitatis
2757 5284 2930 5352 gratia
2966 5291 3149 5338 castra
3173 5299 3395 5339 moven-

127 5371 222 5424 τοῦ
266 5370 572 5440 στρατηγοῦ
605 5369 718 5439 (75)
758 5370 994 5440 κίνησις.

206 5470 297 5520 ια’.
326 5464 577 5518 Μάλιστα
606 5461 662 5514 δὲ
708 5461 1015 5534 φροντίσεις
1049 5463 1143 5518 καὶ
1187 5462 1298 5518 τῶν
1320 5461 1707 5533 πλησιοχώρων

1817 5385 1922 5427 tur.

1883 5465 1968 5520 ll.
2011 5463 2338 5520 Procurabis
2386 5464 2569 5529 etiam,
2620 5479 2688 5520 ne
2734 5464 2925 5521 vicinae
2970 5466 3223 5536 regiones
3271 5481 3393 5535 quae

1676 5575 1908 5637 ΝΟΤᾸΣ.

206 5691 320 5763 (72)
360 5690 591 5763 Τάφρον
619 5688 1307 5763 ,βαθεῖτινηδετ-ἰὺοῂιιιυτ,
1343 5690 1545 5761 ταῦρον
1587 5691 1710 5763 βαθ.

204 5761 318 5828 (75)
375 5761 757 5828 Ἐπιὸουλάς.
784 5761 1000 5826 Scribe,
1024 5759 1304 5828 ἐπιϐολάς.

201 5832 318 5903 (76)
350 5831 425 5887 Ἦ
445 5832 683 5900 στόλοις.
736 5827 1128 5903 ιρεεὺοιυτ,ἢ
1179 5828 1358 5886 πάλιν.
1408 5829 1464 5888 in
1517 5833 1708 5891 codice

1821 5696 2296 5761 Pistorianoerat,
2324 5713 2523 5765 παλης.

1889 5767 2004 5840 (75)
2042 5768 2152 5824 Τοῦ
2183 5764 2541 5837 στρατηγοῦ.
2571 5768 2786 5837 Scribe,
2827 5766 2921 5822 τοῦ
2957 5764 3212 5839 στρατοῦ.
