4176 6446
811 391 919 454 ’195
2081 391 2353 455 LEONIS
2388 393 2848 454 PHILOSOPIII
3964 404 4065 465 796

813 497 916 552 suh
968 504 1153 551 nostro
1207 496 1432 564 imperio
1474 505 1621 560 sunt,
1655 496 1872 566 aliquod
1922 496 2183 551 damnum
2243 500 2376 553 acci-

2492 500 2770 555 ὑποτελῶν
2815 503 2914 571 τῆς
2970 503 3247 573 βασιλείας
3298 507 3475 576 ἡμῶν,
3512 509 3597 559 ἵνα
3634 513 3708 580 μὴ
3756 512 4061 566 ἀδικοῦνται

812 589 985 658 piant,
1016 589 1068 640 in
1101 587 1290 656 primis
1334 599 1516 643 autem
1564 600 1622 644 ut
1647 589 1896 659 agricolae
1926 588 2045 644 sine
2080 590 2376 645 oll‘ensione

2490 593 2638 662 παρὰ
2664 591 2771 644 τῶν
2802 593 3164 659 στρατιωτῶν,
3181 596 3277 647 καὶ
3306 596 3427 648 κατ’
3452 598 3726 667 ἐξαίρετον
3751 603 3864 655 τῶν
3883 619 4062 672 γεωρ·

811 687 1218 734 couserventur.
1248 677 1377 733 Duas
1430 680 1574 734 enim
1623 681 1704 734 ha:
1755 689 1900 735 artes
1940 681 2174 735 maxime
2225 682 2376 737 utiles

2487 683 2620 748 γῶν.
2647 683 2750 735 Δύο
2781 684 2891 752 γάρ
2912 684 3088 738 ταῦτά
3110 703 3198 755 μοι
3217 686 3469 742 δοκοῦσιν
3494 690 3908 761 ἐπιτηδεύματα
3941 694 4062 748 λίαν

810 786 931 825 esse
991 770 1243 823 videntur
1298 770 1367 825 ad
1424 771 1737 841 reipublicae
1802 772 2247 827 constitutionem
2332 782 2376 827 cl

2483 771 2759 837 ἀναγκαῖα
2791 772 2925 842 πρὸς
2948 772 3136 836 ἔθνους
3167 774 3427 829 σύστασιν
3463 778 3558 830 καὶ
3577 776 3865 847 διαμονήνο
3892 796 4063 851 γεωρ·

808 869 1298 923 conservationem.
1348 868 1712 938 Agricultura,
1775 882 1894 937 qua:
1936 866 2107 921 nutrit
2145 882 2209 920 ac
2258 883 2376 938 pro-

2483 862 2614 931 γικὴ
2648 862 2745 931 μὲν
2778 866 3051 935 τρέφουσα
3108 866 3203 918 καὶ
3234 865 3475 932 αὔξουσα
3531 869 3657 933 τοὺς
3696 869 4058 938 στρατώτας,

805 970 986 1015 movet
1037 962 1255 1023 milites.
1286 945 1359 1015 ὀι
1413 975 1503 1014 ars
1553 962 1830 1026 militaris,
1881 975 2003 1029 quae
2050 959 2291 1014 defendit
2330 968 2384 1016 et

806 1063 1108 1124 propugnat
1138 1054 1401 1121 agricolas
1428 1069 1443 1105 :
1477 1054 1699 1124 reliqua:
1732 1068 1859 1107 vero
1888 1062 2037 1108 artes
2077 1053 2196 1108 istis
2241 1053 2382 1107 infe-

803 1146 979 1199 riores
1030 1160 1150 1200 esse
1198 1145 1477 1209 videntur,
1508 1154 1671 1214 atque
1734 1144 1857 1199 ideo
1903 1134 2124 1199 necesse
2152 1153 2235 1198 est
2262 1143 2381 1199 istis

801 1238 1107 1306 providere,
1135 1246 1189 1292 et
1235 1238 1454 1291 illarqu
1485 1252 1671 1291 curam
1710 1252 1820 1290 non
1859 1238 2117 1306 abjicere,
2146 1245 2205 1290 ut
2232 1235 2378 1289 mili-

802 1336 885 1382 tes
909 1328 1054 1397 juste
1080 1329 1147 1381 ab
1175 1328 1279 1382 illis
1313 1328 1501 1380 nutriti
1538 1336 1758 1381 strenue
1798 1342 1855 1381 se
1903 1336 2113 1396 gerant,
2145 1335 2198 1380 et
2230 1324 2378 1395 agri-

800 1420 930 1474 οοιιε
951 1420 1177 1473 honeste
1198 1411 1412 1472 tractati
1438 1418 1597 1473 bonis
1627 1418 1773 1473 votis
1798 1418 1919 1473 illos
1949 1425 2371 1488 prosequantur.

878 1599 959 1652 l2.
1016 1598 1275 1654 Hostibus
1322 1599 1759 1663 imminentibus,
1806 1610 1859 1653 et
1905 1606 2225 1667 exspectato
2260 1597 2373 1668 jam

798 1689 959 1752 bello,
985 1690 1031 1743 si
1061 1689 1372 1758 anticipatis
1403 1690 1651 1743 hostibus
1675 1700 1853 1743 castra
1891 1687 2106 1751 feceris,
2143 1689 2373 1742 duorum

799 1789 894 1833 aut
919 1781 1083 1834 trium
1109 1781 1319 1834 dierum
1360 1781 1645 1849 pabulum,
1676 1782 1791 1835 sive
1835 1782 2069 1849 paleam,
2100 1782 2212 1835 sive
2247 1780 2373 1833 hor-

2487 953 2855 1024 στρατιωτικὴ
2899 955 2956 1007 δὲ
2979 953 3270 1008 ἐκδικοῦσα
3298 958 3391 1010 καὶ
3419 959 3892 1026 περιφυλάττουσα
3935 962 4060 1024 τοὺς

2482 1042 2791 1113 γεωργούς·
2826 1045 2882 1096 αἱ
2910 1045 2955 1097 δ’
2988 1046 3144 1100 ἄλλαι
3182 1046 3553 1113 ἐπιτηδεύσεις
3575 1048 3804 1119 δεύτερα
3850 1050 4060 1104 τούτων

2482 1135 2606 1204 ἐμοὶ
2653 1135 3096 1202 καταφαίνονται.
3152 1137 3252 1190 Διὰ
3306 1138 3463 1190 τοῦτο
3508 1140 3603 1193 καὶ
3655 1141 3962 1207 ἀναγκαῖον
3976 1143 4060 1195 ἀεὶ

2480 1224 2688 1281 τούτων
2718 1228 3119 1297 ἐπιμελεῖσθαι,
3150 1229 3247 1284 καὶ
3280 1228 3349 1283 τά
3373 1231 3514 1303 ὑπὲρ
3538 1233 3718 1286 αὐτῶν
3750 1235 4058 1303 φροντίζειν

2480 1318 2762 1383 ἑκάστοτε,
2820 1319 2895 1381 ὡς
2950 1319 3017 1372 ἂν
3061 1321 3155 1374 καλ⁵
3187 1322 3238 1374 οἱ
3272 1320 3603 1392 στρατιῶται
3651 1323 3883 1386 δικαίως
3928 1341 4056 1391 τρε-

2479 1411 2701 1480 φόμενοι
2729 1411 3129 1483 άνδραγαθῶσι,
3154 1413 3253 1467 καὶ
3304 1414 3356 1467 οἱ
3386 1415 3623 1484 γεωργοὶ
3663 1415 3741 1485 μὴ
3767 1413 4058 1484 ἀδικούμε-

2479 1519 2557 1555 νοι
2588 1505 2777 1572 εὐχαῖς
2826 1504 3021 1567 αὐτοὺς
3059 1507 3181 1568 ταῖς
3211 1505 3580 1576 ἁρμοζούσαις
3634 1509 4053 1578 προπέμπωσιν.

2548 1592 2635 1659 ιβ’.
2667 1594 2943 1663 Πολεμίων
2976 1595 3032 1647 δέ
3065 1595 3410 1662 ἐγγιζόντων,
3449 1597 3546 1649 καὶ
3597 1598 4053 1667 προσδοκωμένου

2475 1684 2731 1751 πολέμου,
2764 1684 2857 1737 ἐάν
2907 1685 3191 1755 προλαϐὼν
3222 1686 3281 1738 ἐν
3307 1688 3560 1757 φοσσάτῳ
3586 1688 3805 1759 διάγῃς,
3844 1705 4047 1758 utpar-

2474 1778 2598 1846 ηγέ,
2637 1777 2732 1829 καὶ
2792 1776 2918 1839 τοὺς
2959 1777 3187 1848 ἐχθροὺς
3216 1777 3514 1851 ἀναμένῃς,
3544 1780 3722 1831 ἐκεῖσε
3753 1780 3837 1833 δεῖ
3870 1780 4053 1849 εύτρε-

794 1869 981 1934 deum,
1007 1871 1387 1940 projumentis
1421 1870 1532 1925 tuis
1572 1886 1683 1940 prae
1729 1886 1894 1928 manu
1935 1871 2158 1931 habeas,
2186 1884 2371 1937 quem-

2480 1868 2657 1931 πίζειν
2706 1868 2800 1920 καὶ
2832 1868 3149 1922 άποτιθέναι
3179 1868 3390 1939 χόρτον,
3431 1870 3464 1939 ἢ
3520 1870 3742 1940 ἄχυρον,
3774 1870 3809 1939 ἢ
3863 1870 4055 1941 κριθὴν

797 1963 1092 2017 atmodum
1129 1963 1225 2017 tibi
1272 1963 1325 2016 in
1359 1964 1535 2033 capite
1566 1962 1641 2016 De
1685 1963 1874 2015 itinere
1908 1962 2168 2015 exercitus
2199 1960 2373 2029 explio

797 2056 937 2110 cari.
962 2055 1056 2108 Sin
1073 2055 1221 2109 illinc
1242 2056 1306 2108 ad
1332 2056 1437 2108 alia
1458 2063 1637 2109 castra
1670 2056 1901 2108 transire
1925 2052 2183 2117 volueris,
2213 2054 2375 2106 unius

757 2182 763 2190 -
797 2146 994 2202 saltem
1029 2146 1136 2202 diei
1169 2156 1535 2200 commeatum
1571 2161 1637 2199 eo
1680 2155 1856 2200 tecum
1904 2145 2117 2214 paleam
2152 2154 2246 2197 aut
2296 2143 2373 2198 fe-

799 2252 928 2289 ttum
978 2235 1140 2299 feras,
1179 2245 1234 2290 et
1274 2236 1327 2288 iu
1374 2237 1576 2290 castris
1616 2251 1871 2304 reponas,
1926 2249 1993 2288 ne
2042 2234 2179 2288 forte
2224 2234 2374 2303 pueri

809 2328 1123 2381 administri
1174 2328 1224 2380 vi
1275 2326 1343 2381 ab
1388 2327 1639 2381 hostibus
1674 2328 2043 2385 detineantur.
2076 2332 2139 2378 ‘ct
2182 2341 2245 2380 eo
2291 2325 2379 2379 die

796 2419 1187 2487 prohibeantur
1241 2417 1327 2471 vel
1386 2419 1646 2488 pabulum
1692 2416 1969 2489 colligere,
2001 2417 2085 2471 vel
2136 2416 2379 2484 iumenta

799 2510 868 2562 ad
905 2519 1127 2577 pastum
1158 2508 1383 2563 ducere.

2483 1962 2612 2027 μιᾶς
2639 1960 2672 2029 ἢ
2723 1959 2980 2027 δευτέρας
3014 1961 3227 2029 ἡμέρας
3263 1961 3373 2015 τῶν
3424 1961 3657 2028 ἀλόγων,
3690 1960 3771 2025 ’ὡς
3842 1963 3947 2033 ήδη
3981 1980 4055 2015 σοι

2480 2053 2574 2103 καὶ
2596 2054 2652 2105 ἐν
2683 2051 2761 2121 τῷ
2790 2052 2924 2120 Περὶ
2952 2054 3293 2119 ὁδοιπορίας
3322 2053 3600 2123 κεῳαλαίῳ
3632 2054 4051 2123 προδιτθέμεθα.

2482 2145 2589 2196 Καὶ
2619 2144 2782 2195 πάλιν
2805 2144 2898 2197 ἐὰν
2933 2144 3139 2196 ἐκεῖθεν
3176 2143 3443 2215 βουληθῇς
3470 2147 3551 2209 εἰς
3585 2144 3772 2214 ἕτερον
3798 2147 4055 2200 ἄπλικτον

2484 2234 2735 2287 ἀπελθεῖν
2793 2236 2885 2287 καὶ
2948 2235 3156 2287 ἐκεῖθεν
3210 2235 3672 2305 παρατάξασθαι,
3762 2238 4057 2304 ἀναγκαῖον

2484 2328 2677 2397 χόρτον
2722 2325 2814 2378 καὶ
2851 2324 3052 2395 ἄχυρον
3085 2328 3187 2379 κᾶν
3218 2329 3345 2396 μιᾶς
3372 2329 3584 2397 ἡμέρας
3620 2328 3934 2398 βαστάζειν,
3972 2330 4057 2381 καὶ

2486 2417 2657 2478 οὕτως
2688 2416 2745 2467 ὲν
2780 2434 2855 2484 τῳ
2885 2416 3154 2483 γινομένῳ
3183 2418 3436 2485 φοσσάτῳ
3467 2418 3819 2472 ἀποτίθεσθαι
3850 2417 4053 2471 τοῦτον·

2482 2507 2610 2568 ἴσως
2641 2508 2749 2575 γάρ
2798 2509 2858 2559 οὐ
2893 2507 3297 2576 συγχωροῦνται
3350 2509 3454 2561 ὑπὸ
3480 2510 3585 2563 τῶν
3623 2510 3833 2580 ἐχθρῶν
3886 2513 3935 2563 οἱ
3986 2513 4058 2570 εἰς

799 2598 1043 2652 δουλείαν
1060 2599 1431 2669 άφωρισμένοι
1458 2599 1646 2662 παῖδες
1675 2600 1810 2671 αὐτῇ
1836 2601 1902 2669 τῇ
1932 2598 2114 2668 ἡμέρᾳ
2142 2596 2376 2658 ἐξελθεῖν
2398 2598 2501 2651 καὶ
2518 2598 2930 2667 χορτολογῆσαι,
2949 2598 3069 2651 οὔτε
3092 2598 3147 2651 δὲ
3166 2598 3233 2651 τά
3254 2600 3426 2668 ἄλογα
3447 2600 3525 2663 είς
3556 2599 3755 2669 βοσκὴν
3786 2602 4053 2654 ἐκϐαλεῖν.

872 2690 958 2745 15.
982 2689 1039 2744 Si
1071 2690 1365 2744 admodum
1396 2705 1565 2760 prope
1616 2692 1801 2745 hostes
1850 2689 2076 2751 fuerint,
2120 2704 2227 2741 non
2274 2690 2368 2741 ab-

2545 2695 2632 2755 ιγ’.
2666 2690 2804 2741 Εἱδέ
2839 2690 2930 2741 καὶ
2960 2689 3095 2741 πολὺ
3137 2687 3447 2756 ἐγγίζουσιν
3478 2692 3525 2742 οἱ
3567 2690 3772 2760 ἐχθροὶ,
3805 2693 3911 2743 οὐκ
3942 2694 4059 2745 ἆτο-

799 2784 1026 2835 surdum
1057 2782 1161 2836 erit
1211 2783 1458 2853 singulos
1493 2784 1695 2837 milites
1744 2782 1883 2835 inter
1932 2784 2169 2836 cundum
2203 2782 2372 2849 palnt-

2480 2796 2575 2832 πον
2598 2780 2654 2830 ἐν
2675 2778 2755 2848 τῷ
2789 2781 3134 2847 περιπατεῖν,
3164 2779 3239 2839 ὡς
3265 2779 3505 2847 εἴρηται,
3537 2780 3767 2834 ἕκαστον
3799 2782 4053 2849 συνάγειν

800 2876 912 2927 lum
954 2875 1233 2944 colligere,
1268 2876 1394 2944 quia
1430 2874 1755 2943 castrisjatn
1786 2875 2001 2944 positis,
2030 2875 2077 2927 si
2117 2874 2270 2925 tuulti
2306 2889 2368 2925 ex

2480 2869 2564 2921 τὸν
2586 2868 2777 2937 χόρτον
2806 2869 2895 2920 τὸν
2917 2869 3197 2936 ὀφείλοντα
3221 2870 3548 2938 άποτεθῆνιι
3570 2885 3586 2900 ·
3620 2872 3740 2924 οὐδὲ
3775 2872 3886 2942 γάρ
3922 2874 4059 2941 μετὰ

801 2966 1048 3020 hostibus
1083 2966 1294 3035 equites
1327 2966 1552 3032 fuerint,
1589 2965 1743 3034 pueri
1774 2964 2084 3019 administri
2141 2965 2289 3018 exitu
2320 2972 2373 3019 et

2480 2961 2536 3013 τὸ
2587 2960 2914 3014 άπλικεῦσαι
2971 2960 3229 3021 πολλάκις
3304 2961 3712 3031 συγχωροῦνται
3770 2966 3819 3015 οἱ
3872 2964 4058 3023 παῖδες

796 3055 907 3112 feni
934 3057 1234 3128 pabulique
1266 3060 1512 3113 sectione
1542 3056 1999 3127 probibebuntur.

2482 3051 2722 3116 ἐξελθεῖν
2782 3051 2874 3103 καὶ
2926 3050 3337 3121 χορτολογῆσαι,
3381 3051 3639 3104 πλειόνων
3670 3053 3907 3120 μάλιστα
3961 3073 4059 3106 κι-

2484 3141 2789 3212 6αλλαρίων
2817 3141 2925 3193 τῶν
2951 3140 3159 3211 ἐχθρῶν
3189 3141 3614 3211 εὑρισκομένων.

878 3235 967 3289 Μ.
1012 3232 1118 3288 Par
1151 3240 1235 3288 cst
1270 3234 1323 3287 in
1358 3248 1519 3288 casus
1554 3233 1814 3287 adversos
1854 3245 1995 3300 saepe
2050 3229 2274 3292 intueri.
2326 3236 2376 3283 ct

2552 3232 2634 3287 ιδ’.
2667 3233 2773 3287 Καὶ
2809 3234 2924 3295 πῶς
2955 3236 3065 3302 γάρ
3095 3234 3157 3285 οὐ
3201 3233 3407 3286 δίκαιον
3441 3234 3536 3286 καὶ
3573 3234 3643 3287 τά
3676 3236 3752 3296 εἰς
3800 3234 4057 3304 δεύτερα-ι

798 3341 923 3397 quae
954 3323 1078 3377 inde
1108 3322 1549 3392 perturbationes
1584 3324 1716 3377 oriri
1747 3334 1979 3392 possunt
2004 3323 2374 3389 considerare,

801 3433 870 3472 ne
903 3424 1095 3486 postea
1128 3424 1181 3470 te
1206 3414 1399 3469 horum
1433 3414 1697 3484 pteniteat
1722 3431 1736 3469 :
1763 3416 2109 3484 maximeque
2140 3416 2204 3469 de
2226 3430 2378 3468 com—

801 3518 979 3588 meatu
1004 3514 1058 3561 et
1090 3506 1287 3577 pabulo
1314 3507 1545 3561 militum
1575 3516 1628 3561 et
1649 3507 2026 3577 jumentorum
2074 3506 2373 3571 laborabis,

799 3596 854 3652 c't
899 3605 1079 3652 castra
1144 3598 1354 3652 munita
1401 3611 1574 3667 pones
1630 3597 1843 3651 idoneis
1891 3597 1945 3651 in
2001 3595 2156 3661 locis,
2200 3597 2292 3650 ubi
2330 3597 2375 3652 si

798 3688 1023 3758 quando
1048 3702 1138 3743 res
1175 3688 1228 3741 id
1261 3687 1463 3757 exigat,
1492 3688 1577 3743 vel
1608 3704 1749 3758 aqua
1782 3687 1955 3755 ﬂuvii,
1991 3696 2085 3743 aut
2115 3688 2268 3743 locus
2291 3704 2378 3741 ar-

800 3780 966 3842 duus,
995 3784 1091 3831 aut
1138 3777 1245 3831 alia
1277 3777 1433 3831 tlrma
1486 3778 1744 3844 munitio,
1786 3776 2079 3833 defendere
2108 3761 2374 3834 fossatum

800 3867 1139 3939 temporibus
1166 3867 1504 3925 necessariis
1530 3876 1728 3939 possit.

873 4044 962 4099 15.
1014 4044 1312 4102 Diale-ultas
1373 4046 1640 4116 temporis
1690 4048 1736 4102 si
1778 4062 1899 4117 quae
1945 4047 2184 4117 pedestri
2240 4048 2378 4103 aciei

802 4137 1101 4207 contingat,
1120 4138 1311 4193 carris
1339 4145 1393 4193 et
1436 4138 1698 4207 plaustris
1725 4153 1913 4194 eorum
1942 4141 2379 4196 castracircum-

800 4228 950 4283 circa
982 4229 1137 4298 quasi
1166 4231 1305 4285 vallo
1347 4228 1627 4295 defendes,
1662 4231 1777 4286 sive
1814 4230 2051 4300 pedestri
2078 4232 2232 4297 aciei,
2267 4232 2380 4286 sive

800 4320 1071 4388 equestri,
1114 4320 1232 4374 sive
1270 4322 1545 4390 permistze
1572 4321 1888 4392 contingat,
1919 4331 1974 4376 et
2004 4321 2208 4377 circum
2237 4338 2381 4377 exte-

802 4408 1054 4465 ditlcabis
1089 4425 1189 4480 pro
1213 4411 1319 4467 loci
1344 4414 1579 4479 ratione,
1613 4413 2073 4484 quemadmodum
2104 4429 2135 4469 a
2165 4430 2251 4469 me
2284 4430 2378 4469 su-

802 4515 897 4570 pra
926 4510 1011 4556 est
1034 4501 1279 4568 dictum;
1313 4512 1369 4558 et
1400 4504 1645 4559 exterius
1680 4504 1881 4559 fossam
1917 4505 2119 4560 ducere
2150 4515 2216 4559 att
2252 4506 2378 4558 lati-

2479 3325 2649 3394 τύχην
2679 3326 2889 3394 άφορᾷν
2922 3324 3201 3387 πολλάκις,
3226 3325 3321 3377 καὶ⁵
3346 3325 3443 3388 τάς
3474 3323 3682 3378 ἐκεῖθεν
3711 3325 4059 3388 ἐναντιώσεις

2483 3416 2729 3478 σκοπεῖν,
2754 3412 3366 3484 καὶπροασφαλίξεσθαι
3388 3415 3457 3466 τά
3476 3412 3759 3481 μέλλοντα,
3786 3414 3863 3484 μὴ
3896 3431 4059 3483 μετα-

2481 3505 2741 3574 μέλεσθαι
2781 3503 3026 3573 ὕστερον,
3066 3504 3161 3557 ml.
3206 3503 3441 3574 μάλιστα
3473 3504 3574 3567 τάς
3604 3503 3922 3574 άποτροφάς
3948 3504 4049 3574 (7η

2475 3596 2700 3667 ἡμερῶν
2732 3595 2929 3663 ὀλίγων
2966 3594 3074 3648 τῶν
3105 3611 3167 3647 τε
3225 3594 3573 3665 στρατιωτῶν
3630 3595 3742 3667 (77)
3803 3596 3900 3647 καὶ
3951 3595 4059 3647 τῶν

2478 3689 2705 3757 ἀλόγων,
2726 3688 2818 3742 καὶ
2841 3688 3085 3756 φοσσάτα
3107 3686 3282 3757 ὀχυρὰ
3305 3689 3482 3741 ποιεῖν
3506 3686 3836 3757 ἐπιτηδείοις
3869 3685 4059 3750 τόποις

2479 3781 2607 3835 ἔνθα
2629 3780 2876 3844 δυνατὸν,
2908 3780 3015 3833 εἴτε
3059 3779 3204 3849 ὕδωρ
3235 3778 3503 3848 ποταμοῦ,
3544 3778 3655 3831 εἴτε
3680 3778 3844 3840 τόπος
3869 3778 4059 3846 δυσχεο

2484 3873 2609 3945 ρὴς,
2641 3873 2751 3925 εἴτε
2784 3862 2912 3925 ἄλλο
2959 3889 3012 3925 τι
3064 3870 3326 3942 ὀχύρωμα
3372 3870 3659 3924 διεκδικεῖν
3695 3869 3756 3923 τδ
3786 3869 4060 3939 φοσσάτον

2477 3966 2537 4017 ἐν
2561 3962 2736 4034 καιρῷ
2758 3963 3004 4032 ἀνάγκης
3024 3980 3038 4027 ;

2554 4060 2634 4107 ιε’.
2688 4054 2775 4106 Ἐν
2808 4053 2864 4105 δέ
2893 4054 3005 4115 τοῖς
3029 4049 3349 4118 ἀναγκαίοις
3369 4048 3464 4102 τοῦ
3509 4047 3736 4113 πεζικοῦ
3786 4049 4057 4102 autem

2480 4146 2575 4198 καὶ
2630 4145 2729 4206 τὰς
2758 4140 3004 4213 άμάξας²,
3042 4141 3116 4204 ὠς
3185 4141 3422 4209 εῐρηται,
3470 4137 3787 4208 περικύκλῳ
3827 4138 4060 4191 καθίστα

2477 4237 2572 4291 τοῦ
2602 4236 2887 4299 άπλίκτου,
2929 4234 3039 4286 εἴτε
3060 4234 3119 4286 ἐν
3138 4232 3347 4302 πεζικῷ
3373 4230 3605 4301 στρατῷ,
3643 4230 3675 4299 ἢ
3708 4231 3803 4283 καὶ
3824 4231 3925 4284 ἐάν
3954 4233 4061 4283 εισι

2479 4328 2574 4381 καὶ
2600 4328 2658 4380 ἐν
2690 4323 3095 4395 καϐαλλαρικῷ,
3147 4322 3181 4393 ἢ
3214 4321 3534 4393 συμμίκτῳ,
3583 4320 3675 4373 καὶ
3727 4319 4059 4389 οἰκοδομεῖν,

2478 4416 2553 4477 ῶς
2589 4431 2679 4484 μοι
2708 4414 2944 4485 εῖρηται,
2974 4412 3067 4465 ἐάν
3087 4412 3115 4463 ὁ
3146 4410 3310 4473 τόπος
3345 4408 3467 4481 ἔχῃ,
3502 4410 3595 4463 καὶ
3622 4408 3824 4475 ἔξωθεν
3852 4409 4060 4478 τάφρον

2482 4509 2678 4571 ποιεῖν,
2712 4508 2945 4569 πλάτους
2977 4505 3077 4575 μὲν
3128 4504 3305 4557 ποδῶν
3334 4509 3374 4561 ε’
3428 4503 3461 4572 ἢ
3502 4510 3589 4565 ς’·
3629 4500 3827 4565 ἱξωθεν
3861 4499 4062 4569 βάθους

803 4592 1044 4647 tudinem
1083 4595 1327 4665 quinque
1374 4596 1572 4666 pedum
1625 4605 1726 4653 aut
1773 4611 1891 4661 sex,
1929 4597 1996 4651 ad
2040 4597 2376 4652 altitudinem

2482 4602 2539 4655 δὲ
2586 4600 2629 4664 ξ’
2676 4600 2710 4669 ἢ
2744 4597 2815 4670 η’,
2851 4599 2944 4651 καὶ
2986 4597 3048 4650 τὸ
3079 4596 3241 4666 χῶμα
3275 4596 3333 4648 ἐν
3358 4597 3424 4663 τῇ
3456 4591 3703 4662 ἐσωτέρᾳ
3730 4591 3854 4659 ὄψει
3892 4589 4061 4659 τεθῆ-

801 4694 984 4739 autem
1033 4696 1243 4756 septem
1274 4697 1368 4743 aut
1422 4696 1547 4742 octo
1589 4689 1810 4758 pedum,
1840 4696 1893 4741 ct
1928 4704 2174 4759 aggerem
2224 4688 2383 4744 fossae

805 4775 1035 4830 interius
1061 4778 1341 4845 conjicies,
1378 4789 1432 4834 et
1453 4788 1608 4834 extra
1638 4779 1781 4834 hanc
1821 4778 2023 4835 fossam
2059 4779 2290 4835 tribulos
2328 4790 2383 4834 et

804 4864 990 4922 foveas
1021 4883 1219 4938 parvas
1247 4869 1383 4938 palis
1417 4871 1602 4926 inﬁxis
1646 4870 1835 4933 facies,
1872 4886 1993 4941 quae
2028 4873 2097 4925 ab
2133 4870 2376 4925 exercitu

802 4958 1062 5015 universo
1096 4961 1489 5030 cognoscenda:
1518 4970 1669 5027 sunt,
1699 4977 1767 5017 ne
1789 4962 2006 5017 illorum
2033 4963 2374 5032 ignoratione

806 5048 1091 5104 laudantur.

876 5140 964 5194 16.
1013 5141 1267 5198 Ambitus
1326 5143 1542 5209 fossati,
1593 5145 1710 5200 sive
1762 5154 2096 5211 castrorum,
2142 5155 2377 5217 quatuor

806 5238 992 5298 portas
1020 5232 1255 5300 majores
1282 5240 1335 5285 et
1381 5232 1627 5301 publicas
1658 5232 1876 5297 habeat,
1906 5235 2153 5303 portulas
2190 5244 2370 5289 autem

806 5336 1000 5389 parvas
1045 5332 1302 5391 praeterea
1347 5324 1671 5393 complures.
1710 5322 1875 5378 Juxta
1929 5338 2373 5395 unamquamque

805 5421 1038 5478 portam,
1080 5413 1130 5466 id
1155 5423 1258 5480 est,
1293 5429 1599 5484 egressum,
1632 5413 1921 5484 praal'ectus
1957 5416 2158 5484 aliquis
2191 5423 2369 5469 castra

804 5513 971 5572 ponat
994 5504 1060 5557 ad
1084 5504 1202 5574 ejus
1226 5505 1556 5561 custodiam.
1592 5504 1824 5561 Interius
1846 5518 2026 5562 autem
2046 5507 2201 5577 juxta
2225 5506 2374 5574 ipsos

2484 4708 2572 4746 ναι
2603 4708 2617 4723 ο
2652 4688 2853 4754 ἔξωθεν
2880 4689 2937 4741 δέ
2975 4686 3179 4755 ταύτης
3219 4684 3502 4756 τριϐόλους
3551 4683 3643 4736 καὶ
3672 4681 3916 4743 λάκκους
3972 4698 4062 4751 μι-

2482 4783 2646 4853 κροὺς
2686 4782 2905 4850 ἔχοντας
2931 4779 3136 4841 πάλους
3160 4778 3311 4839 ἐντὸς
3339 4775 3747 4844 πεπηγμένους,
3774 4772 3868 4835 οὓς
3894 4772 3981 4825 δεῖ
4003 4774 4062 4824 ἐν

2481 4872 2872 4941 γνώσειποιεῐν
2894 4872 3004 4933 τοῖς
3030 4868 3126 4922 τοῦ
3154 4867 3411 4939 στρατοῦ,
3437 4866 3525 4919 διὰ
3549 4864 3610 4919 τὺ
3640 4862 4059 4936 μὴάγνοοῦντας

2479 4964 2570 5017 ὑπ’
2599 4963 2780 5018 αὐτῶν
2813 4962 3169 5034 βλάπτεσθαι.

2548 5148 2649 5206 ις’.
2676 5140 2863 5209 Ἕχειν
2889 5137 2945 5191 δέ
2980 5137 3078 5190 καὶ
3134 5135 3233 5205 τὴν
3267 5132 3599 5203 περίμετρον
3630 5127 3725 5181 τοῦ
3780 5125 4056 5196 ipost:de

2477 5233 2749 5304 τέσσαρας
2783 5231 2881 5301 μέν
2914 5230 3067 5301 παρά
3097 5229 3193 5291 τὰς
3219 5226 3330 5298 (78)
3363 5223 3735 5294 μγαλοτέρας
3766 5220 3862 5272 καὶ
3885 5219 4059 5287 δημο-

2481 5324 2624 5385 σίας,
2650 5321 3003 5390 παραπόρτια
3034 5318 3092 5371 δέ
3129 5317 3301 5387 μικρὰ
3342 5314 3586 5377 πλείονα,
3628 5311 3724 5363 καὶ
3774 5307 3903 5363 καθ’
3926 5307 4058 5361 ἐκά·

2483 5434 2614 5484 στην
2642 5414 2850 5479 πόρταν
2884 5414 3051 5483 ἦγουν
3083 5409 3259 5473 ἔξοδον
3277 5407 3421 5477 ἔχειν
3447 5404 3683 5475 ἄρχοντα
3702 5400 3795 5453 τὸν
3823 5399 4059 5469 πλησίον

2478 5506 2840 5563 ἁπλικεύοντα
2900 5504 3036 5573 πρὸς
3087 5499 3486 5570 παραφυλακὴν
3537 5494 3724 5563 αὐτῆς.
3794 5494 3949 5547 Ἐσω
4003 5489 4059 5541 δὲ

2314 5618 2547 5675 NOTAE.

988 5708 1102 5787 Τρς
1119 5708 1237 5763 ἀπο
1246 5711 1481 5779 τροφάς.
1496 5711 1868 5787 Scribebatur,
1883 5713 1980 5787 τάς
1994 5712 2361 5787 ἀποστροφάς.

855 5778 964 5848 (77)
1015 5778 1134 5833 Τῶν
1184 5795 1248 5832 τε
1302 5778 1691 5849 στρατιωτῶν.
1736 5783 2112 5851 Sci'ibebatur,
2154 5778 2261 5835 ’ξύν’
2294 5800 2352 5836 τε

2473 5711 2720 5781 στρατόν.

2535 5773 2648 5849 {78)
2678 5780 2839 5849 Παρὰ
2860 5777 2986 5845 τὰς.
3013 5776 3227 5843 Scribe,
3260 5773 3487 5845 πόρτας.
