4176 6446
111 435 216 498 797
1177 419 1512 486 TACTICA.
1555 451 1612 457 —-
1657 419 2159 482 CONSTITUTIO
2194 420 2296 479 x1.
3253 419 3360 484 798

109 548 241 619 παρ’
265 548 368 602 αὐτ
382 548 436 612 ἃς
465 549 558 611 τὰς
587 547 803 616 ἀμάξας
836 547 933 609 τὰς
967 547 1072 598 τῶν
1097 545 1266 614 ψιλῶν
1292 545 1482 601 τέντα;
1512 541 1687 602 ἁπλᾶς
1718 546 1758 599 Α

1718 546 1760 599 Α
1786 552 1977 592 carros
2003 537 2225 601 levium,
2265 534 2318 588 id
2343 542 2446 596 est.
2474 534 2835 603 iaculatorum
2867 541 2921 588 et
2945 530 3356 605 sagittariorum

108 641 547 709 παρακειμένας,
597 639 764 707 ἧγουν
816 638 924 690 τῶν
962 654 1021 688 τε
1072 635 1405 690 ἀκοντιστῶν
1445 634 1540 686 καὶ
1581 637 1690 684 τῶν

1796 629 2075 698 simplices
2095 637 2292 692 tentas,
2333 626 2448 681 sive
2471 627 2703 681 tentoria
2738 640 2935 696 ponas,
2966 634 3019 682 et
3041 639 3072 678 a
3101 623 3363 678 curribus

105 729 364 797 τοξοτῶν,
399 731 493 783 καὶ
522 729 616 783 ἀπ’
635 731 854 783 ἐκείνων
879 726 1130 798 εῠκαιρον
1154 727 1425 794 διάστημα
1460 723 1594 795 (79),
1618 723 1693 784 ὡς

1797 727 2188 781 trecentorum,
2224 728 2316 771 aut
2345 714 2827 786 quadragintomm
2853 716 3048 785 pedum
3075 711 3365 767 intervallo

109 823 292 874 ποδῶν
318 829 383 886 τ’,
418 823 450 891 ἢ
483 820 546 885 ν’,
573 823 668 875 καὶ
711 821 832 874 τότε
865 820 962 883 τὰς
999 820 1190 881 λοιπὰς
1221 817 1456 888 ταγῆναι
1478 817 1692 875 τέντας.

1795 812 2079 876 distantes,
2109 821 2332 877 tumque
2378 809 2598 878 reliquae
2629 808 2701 862 ita
2737 808 3138 861 constituantur
3177 815 3361 864 tentet.

107 914 252 968 ὥστε
309 915 367 965 ἐν
425 918 540 978 ταῖς
578 915 685 967 τῶν
733 913 941 983 ἐχθρῶν
984 912 1218 975 τοξείαις
1258 910 1336 980 μὴ
1368 907 1693 978 πλήττεσθαι

1797 904 1848 957 id
1877 913 1978 968 est,
2005 902 2256 965 tentoria,
2291 910 2347 954 ut
2369 902 2496 954 dum
2549 903 2733 954 hostes
2755 900 2980 969 sagittas
2999 899 3230 968 iaciunt.
3259 901 3359 952 mi-

108 1005 208 1066 τᾶς
243 1007 303 1057 ὲν
338 1006 415 1076 τῷ
464 1008 634 1076 μέσῳ,
659 1005 784 1057 ἀλλ’
825 1007 881 1057 έν
916 1003 992 1074 τῷ
1031 1003 1270 1074 εὐκαίρῳ
1292 1004 1442 1071 τόπῳ
1477 1000 1695 1054 πίπτειν

1797 1010 1899 1049 nus
1934 996 1986 1048 in
2018 995 2200 1049 medio
2227 994 2502 1048 collocatze
2529 1002 2691 1046 tenta:
2718 991 3008 1056 feriantur,
3042 991 3134 1045 sed
3159 1005 3361 1061 oppor-

111 1098 208 1160 τὰς
236 1102 524 1166 σαγίττας.

1799 1097 1930 1141 tuno
1962 1087 2015 1142 in
2042 1088 2162 1141 loco
2197 1086 2406 1154 sagitta:
2443 1087 2658 1138 cadant.

187 1186 276 1250 ιζ.
297 1189 388 1238 Ἐν
410 1185 484 1256 τῷ
519 1185 667 1256 μέσῳ
694 1185 748 1238 δὲ
773 1183 865 1236 τοῦ
897 1182 1166 1251 φοσσὰτου
1196 1180 1518 1250 σταυροειδῆ
1556 1179 1692 1232 πλα-

1869 1179 1958 1232 17.
1995 1177 2054 1231 ln
2091 1178 2272 1232 medio
2305 1187 2607 1232 castrorum
2635 1176 2806 1245 platea
2835 1187 3003 1231 strata
3033 1178 3104 1233 sit
3138 1177 3204 1232 ad
3237 1191 3366 1231 cru-

113 1278 262 1328 τεῖαν
299 1270 438 1328 εἶναι
486 1276 741 1346 στράταν,
791 1274 854 1326 τὸ
896 1273 1095 1337 πλάτος
1131 1271 1184 1344 μ’
1217 1273 1249 1341 ἢ
1301 1269 1342 1324 ν’
1367 1271 1565 1336 ποδῶν,
1601 1270 1696 1322 καὶ

1794 1272 1875 1326 cis
1910 1270 2137 1325 fcrmam
2167 1279 2517 1330 transversa,
2553 1268 2910 1338 quadraginta
2937 1273 3047 1338 {aut
3095 1271 3366 1340 quinqua-

115 1367 269 1418 ἔνθεν
324 1366 580 1419 κάκεῖθεν
635 1363 1003 1436 παρακεῖσθαι
1057 1365 1193 1434 αὑτῇ
1229 1362 1329 1423 τὰς
1369 1364 1561 1424 τέντας
1603 1364 1688 1431 ρυ-

1796 1363 1942 1433 giuta
1992 1363 2186 1431 pedum
2225 1362 2531 1424 latitudine,
2575 1370 2629 1415 ct
2672 1361 2800 1415 hinc
2858 1371 3021 1429 atque
3062 1361 3210 1415 illinc
3253 1371 3368 1414 ten-

119 1458 351 1526 μοειδῶς
411 1458 532 1511 κατ’
555 1458 763 1530 δρδινον
791 1457 1017 1525 ἐχούσας
1069 1457 1242 1518 αὑτὰς
1274 1457 1452 1524 ὀλίγον
1484 1455 1579 1510 ἀπ’
1604 1454 1695 1508 ἀλο

1797 1462 1864 1508 ιω
1903 1463 1957 1506 et
2004 1462 2205 1516 castra,
2238 1451 2376 1506 serie
2405 1450 2641 1520 quadam
2683 1463 2736 1504 et
2768 1450 2962 1504 ordine
3006 1450 3369 1519 compitorum

118 1550 298 1620 λήλων
329 1549 624 1619 διάστημα,
648 1549 744 1602 καὶ
767 1550 996 1602 ἕκαστον
1016 1549 1369 1620 τουρμάρχην
1393 1547 1558 1620 μέσον
1587 1547 1694 1601 τῶν

1797 1557 1829 1596 a
1865 1557 1924 1597 se
1956 1542 2213 1596 distantia
2263 1551 2558 1611 ponantur.
2603 1539 2998 1610 Unusquisque
3037 1549 3217 1594 autem
3250 1549 3368 1594 tur-

122 1641 210 1691 ὑπ’
242 1640 409 1692 αὐτὸν
441 1637 775 1693 ἀπλικεύειν.

1796 1648 1901 1688 mae
1934 1633 2226 1703 praefectus
2256 1635 2307 1686 in
2337 1635 2513 1687 medio
2535 1649 2758 1686 suorum
2787 1643 2963 1688 castra
2997 1633 3213 1687 habeat.

189 1728 283 1800 ιη’.
324 1730 394 1781 Σὲ
421 1729 476 1782 δὲ
503 1729 593 1782 τὸν
624 1731 930 1800 στρατηγὸν
964 1730 1044 1792 εἰς
1077 1729 1136 1781 ἓν
1165 1729 1352 1798 μέρος,
1398 1728 1494 1782 καὶ
1536 1728 1611 1798 μὴ
1640 1731 1696 1783 ἐν

1867 1727 1954 1783 18.
1990 1725 2069 1780 Tu
2123 1742 2273 1789 vero.
2314 1727 2629 1795 imperator,
2672 1742 2779 1780 una
2812 1727 2990 1796 aliqua
3019 1742 3082 1780 ex
3109 1735 3284 1795 parte,
3315 1735 3371 1780 et

118 1818 195 1887 τῷ
229 1820 380 1889 μέσῳ
403 1820 502 1889 τῆς
546 1819 824 1884 πλατείας,
857 1821 943 1872 ἴνα
977 1819 1054 1890 μὴ
1083 1820 1174 1871 καὶ
1202 1822 1268 1889 τῇ
1299 1820 1442 1890 μέση
1472 1819 1694 1887 ιμποδί·
1733 1875 1767 1890 ..

1733 1875 1770 1890 η
1799 1832 1906 1871 non
1964 1817 2017 1871 in
2056 1817 2232 1870 media
2273 1817 2448 1887 platea
2503 1828 2684 1870 castra
2729 1816 2952 1882 habeas,
3007 1831 3078 1870 ne
3137 1817 3371 1872 aliorum

121 1875 380 1984 ςῇέπρδξ
416 1875 646 1978 πῖροδον
673 1875 900 1964 nulline
938 1875 1054 1963 τίῦκῖ
1082 1875 1516 1981 παρείκλμέδωηί
1540 1910 1700 1980 ὀχλῆ’
1733 1875 1770 1929 Β

1733 1875 1773 1929 Β
1803 1908 1998 1962 itinera
2044 1918 2094 1962 et
2127 1909 2414 1962 transitum
2453 1908 2736 1978 impedias,
2779 1919 2947 1978 tuque
2983 1909 3096 1977 ipse
3125 1923 3156 1962 a
3187 1917 3370 1962 trans-

122 2018 235 2053 σαι.
273 2002 412 2064 Τοὺς
451 2004 507 2054 δὲ
541 2002 967 2072 κασαλλαρίους,
1001 2004 1096 2055 ἐὰν
1117 2004 1340 2072 γένηται
1370 2003 1558 2073 καιρὸς
1586 2005 1700 2055 εἱσ-

1802 1999 2059 2054 euntibus
2103 2000 2440 2069 perturbere.
2486 1998 2738 2068 Equites,
2797 2000 2844 2053 si
2891 2001 3270 2069 opportunitas
3317 2000 3370 2054 id

121 2093 320 2157 ελοεῒν,
370 2097 428 2145 ἐν
463 2093 540 2164 τῷ
570 2094 722 2164 μέσῳ
775 2093 868 2147 τοῦ
915 2094 1186 2163 (ροσσάτου
1220 2093 1556 2160 ἀπλικεύιιν,
1606 2095 1703 2147 καὶ

1801 2089 1961 2155 ferat,
1997 2092 2050 2146 in
2075 2090 2272 2147 mediis
2306 2091 2523 2157 castris,
2556 2099 2611 2147 et
2632 2105 2740 2146 non
2771 2092 2826 2146 in
2853 2093 3134 2162 extremis,
3166 2095 3373 2150 consti-

125 2185 198 2255 μὴ
223 2187 281 2236 ἐν
309 2187 422 2248 τοῖς
446 2184 658 2255 ἄκροις.
1804 2193 1945 2238 tues.

193 2273 281 2327 ιϐ’.
315 2275 450 2338 Τοὺς
496 2275 550 2328 δὲ
599 2275 1051 2346 χρησιμωτέρους
1107 2274 1215 2327 τῶν
1253 2276 1512 2343 κομήτων
1562 2274 1701 2345 μετά

1874 2275 1957 2329 t9.
1998 2277 2328 2345 Aptissimos
2357 2292 2574 2346 quoque
2616 2277 2847 2331 comites
2873 2293 2996 2330 cum
3030 2281 3146 2334 suis
3174 2280 3369 2332 cohor-

121 2363 230 2416 τῶν
266 2364 358 2416 ὑπ’
380 2366 575 2428 αὐτοὺς
607 2363 907 2433 ταγμάτων
953 2366 1032 2428 εις
1082 2365 1180 2427 τὰς
1205 2365 1411 2433 πόρτας
1438 2363 1534 2416 τοῦ
1564 2381 1700 2432 φοσ-

1805 2369 1948 2420 tibus
1984 2367 2047 2421 ad
2082 2375 2269 2436 portas
2301 2367 2495 2423 fossati
2549 2367 2868 2435 collocabis,
2901 2379 2961 2423 ut
2993 2379 3119 2439 post
3149 2386 3371 2440 vesper-

125 2459 288 2509 σάτου
315 2454 692 2525 ἀφορίζεσθαι,
722 2453 862 2507 ὥστε
893 2455 1030 2524 μετά
1053 2454 1150 2516 τάς
1179 2454 1471 2524 ἑσπερινάς
1503 2455 1702 2523 μίσσας

1805 2457 1947 2510 tinas
1985 2458 2182 2512 missas
2228 2472 2387 2512 nemo
2430 2457 2630 2512 audeat
2671 2472 2865 2530 praeter
2896 2460 3238 2529 imperatoris
3282 2478 3373 2515 vo-

127 2547 333 2614 μηδένα
389 2547 610 2615 θαρῤεῖν
643 2546 804 2614 μέχρι
833 2545 930 2597 τοῦ
967 2545 1254 2614 δεδομένου
1291 2545 1516 2614 σημείου
1552 2547 1701 2615 παρὰ

1805 2548 2085 2614 luntatrtn,
2128 2548 2234 2602 nisi
2287 2549 2413 2604 dato
2464 2551 2623 2619 signo
2677 2549 2908 2620 ingredi,
2959 2561 3054 2606 aut
3097 2569 3127 2606 e
3164 2553 3374 2606 l'ossato

123 2639 351 2705 γνώμην
380 2635 473 2688 τοῦ
522 2635 829 2706 στρατηγοῦ
877 2636 1058 2692 αὐτῶν
1088 2635 1433 2707 εἰσέρχεσθαι
1477 2637 1511 2708 ἢ
1547 2638 1701 2707 ἐξέρ-
1803 2640 2005 2708 egredi.

123 2727 316 2798 χεσθειι
349 2729 404 2780 ὲν
430 2727 507 2798 τῷ
534 2728 806 2798 φοσσάτῳ.

192 2815 266 2873 κ’.
317 2818 430 2880 Τὰς
467 2818 524 2870 δὶ
572 2818 893 2888 νυκτερινὰς
947 2818 1138 2888 βίγλας
1168 2817 1280 2872 τῶν
1325 2819 1705 2892 καὸαλλαρίων

1875 2811 1964 2866 20.
2005 2811 2297 2869 Nocturna:
2324 2816 2569 2885 equitum
2605 2815 2852 2871 excubiae
2881 2817 3027 2873 intus
3055 2827 3173 2872 tuto
3218 2818 3365 2878 ﬁant.

125 2909 329 2961 ἔσωθεν
361 2908 528 2960 ὀντων
558 2908 816 2976 ἀσφαλῶς
851 2908 1117 2976 γίνεσθαι.
1147 2910 1415 2971 Ἕκαστος
1456 2910 1512 2961 δὲ
1540 2926 1701 2981 τουρ-

1811 2903 2196 2974 Unusquisque
2257 2909 2570 2961 turmarcha
2640 2925 2800 2963 suum
2876 2911 3249 2966 tnaitdatorcnt
3307 2914 3369 2968 ad

131 2998 348 3066 μάρχης
376 2997 460 3048 ῐνα
490 2997 622 3050 [διον
659 2996 966 3066 μανδάτορα
999 2997 1259 3068 ἀφορίσει,
1295 2997 1437 3050 ὥστε
1460 2993 1599 3050 εἶναι
1624 3001 1706 3061 είς

1809 2997 2154 3064 imperatoris
2196 3000 2476 3052 cohortem
2523 3002 2796 3066 aiiiatniet,
2847 3012 2905 3056 ut
2936 3002 3007 3055 ibi
3042 3016 3375 3072 permaneat.

125 3088 222 3156 τὴν
259 3087 463 3157 κόρτην
509 3085 603 3139 τοῦ
637 3085 944 3156 στρατηγοῦ
977 3087 1430 3157 προσεδρεύοντα.
1475 3087 1705 3158 Ὁμοίως

1809 3086 2072 3142 Similiter
2102 3089 2406 3158 drungarii,
2452 3091 2504 3143 id
2549 3099 2633 3145 est
2684 3093 2886 3147 tribuni
2915 3103 2970 3149 et
3013 3094 3264 3160 comites,
3306 3097 3372 3149 ad

126 3177 179 3229 δὲ
202 3179 298 3230 καὶ
320 3178 446 3239 τοὺς
467 3176 858 3247 δρουγγαρίους
881 3178 978 3230 καὶ
1008 3177 1260 3249 κόμητας
1288 3181 1368 3241 είς
1391 3178 1488 3249 τὴν
1515 3179 1706 3232 τένταν
1732 3219 1775 3278 c

1732 3219 1775 3278 ο
1811 3181 2247 3234 turmarcharum
2284 3193 2462 3235 castra
2493 3198 2622 3236 suos
2659 3184 2895 3248 mittant,
2937 3195 2996 3238 ut
3036 3201 3131 3254 per
3160 3201 3258 3242 eos
3287 3201 3378 3243 ce—

127 3265 220 3318 τοῦ
242 3267 613 3336 τουρμάρχουο
643 3267 729 3321 ἵνα
746 3267 833 3320 διὰ
861 3267 1066 3324 τούτων
1097 3269 1378 3340 συντόμως
1398 3268 1705 3337 γινώσκωσι
1735 3265 1775 3278 “’

1302 3285 1378 3333 ως
1398 3268 1705 3337 γινώσκωσι
1735 3265 1775 3278 “’
1812 3271 1998 3326 Ietiter
2025 3283 2381 3341 cognoscant,
2414 3288 2536 3342 qua:
2565 3273 2771 3344 agenda
2804 3285 2951 3330 sunt.

131 3358 334 3420 πάντες
353 3359 422 3411 τά
451 3358 826 3429 ὲντελλόμενα.
1734 3376 1765 3403 ἰ
1778 3363 1788 3369 ’

200 3454 308 3502 κα’.
337 3448 521 3517 Ἔχειν
541 3449 597 3501 δέ
623 3466 703 3514 σε,
731 3447 775 3504 ὦ
804 3451 1098 3522 στρατηγέ,
1131 3451 1262 3522 περὶ
1308 3451 1502 3506 ἑαυτὸν
1526 3451 1707 3521 βουκι-

1876 3447 1964 3500 2t.
2021 3447 2235 3502 Habeas
2279 3458 2481 3514 tecum,
2532 3464 2565 3504 ο
2618 3451 2938 3521 imperator,
2995 3453 3379 3512 buccinatores

132 3541 365 3610 vitopa;
391 3542 484 3593 καὶ
514 3542 725 3610 μικρῶν
754 3542 1018 3612 βουκίνων
1041 3545 1134 3597 καὶ
1177 3545 1448 3614 μεγάλων,
1481 3545 1576 3598 καὶ
1611 3545 1706 3597 τοῦ

1807 3545 1922 3592 ιυιη
1956 3539 2223 3606 majorum
2255 3541 2636 3605 buccinarum,
2668 3551 2783 3596 tum
2813 3544 3111 3612 minorum,
3151 3555 3206 3602 et
3236 3563 3375 3602 con-

130 3633 438 3700 εἰθισμένου
469 3631 714 3702 βουκίνου
745 3633 1097 3700 σαλπίζοντος
1127 3637 1255 3705 περὶ
1277 3636 1518 3707 ἑσπέραν
1539 3634 1708 3689 παύε-

1806 3639 1962 3682 sucta
1995 3629 2226 3683 buccina
2280 3631 2487 3698 vesperi
2525 3643 2777 3697 sonante,
2821 3635 3076 3690 desinant
3113 3653 3147 3691 a
3175 3639 3371 3694 labori-

133 3726 257 3777 σθαι
303 3724 412 3775 τῶν
458 3724 657 3790 πόνων,
695 3725 790 3780 καὶ
813 3726 1165 3791 δειπνοῦντας
1197 3727 1416 3796 ψάλλειν
1440 3728 1532 3780 τὸν
1558 3744 1706 3798 τρισ-
1810 3719 1934 3783 bus.
1981 3727 2036 3770 οι
2103 3719 2192 3772 "bi
2260 3722 2617 3786 εαξηθνθτίιιῑι
2664 3725 2966 3794 τρισάγιον,
3023 3728 3077 3782 id
3141 3739 3246 3796 cst,
3297 3739 3377 3787 ter

139 3817 295 3882 ἀγιον
331 3815 501 3883 ὕμνον
527 3817 660 3885 (80).

1807 3819 2055 3864 sanctum
2086 3809 2345 3878 hymnum
2380 3810 2490 3881 (8|)
2527 3824 2747 3868 canant.

201 3906 306 3976 κβ’.
344 3908 721 3978 ’Δφορίζεσθαι
746 3907 801 3961 δὲ
829 3908 921 3960 καί
960 3926 1111 3971 τινας
1141 3908 1339 3973 ἰδικούς
1376 3927 1470 3962 σου
1496 3910 1706 3980 ἀνθρώ·

1877 3899 1966 3952 22.
2027 3897 2307 3963 Quosdam
2365 3902 2529 3954 etiam
2603 3903 2910 3972 singulares
2981 3908 3130 3963 viros
3193 3890 3387 3965 ﬁdeles

132 4015 264 4060 πους
315 3999 557 4060 πιστοὺς,
599 3999 684 4052 ἵνα
714 3999 1172 4068 καταμανθάνωσι
1227 4001 1325 4062 τὰς
1369 4000 1578 4070 βίγλας,
1614 4001 1707 4054 καὶ

1807 3992 2137 4056 constitues,
2205 4001 2262 4044 ut
2319 3992 2580 4048 excubias
2630 3996 2980 4063 perlustrent,
3025 4008 3079 4052 et
3122 4001 3377 4056 omnibus

136 4093 269 4146 πᾶσι
305 4089 724 4160 παραγγέλλωσι
757 4090 968 4161 σιωπὴν
1011 4092 1174 4160 ἔχειν,
1195 4090 1336 4143 ὥστε
1365 4093 1424 4157 ἐξ
1445 4091 1706 4162 ὀνόματος

1808 4084 2125 4153 praecipiant
2175 4085 2479 4151 silentium,
2515 4096 2572 4140 ut
2619 4103 2686 4142 ne
2727 4090 2948 4143 nomine
2973 4092 3260 4162 quisquam
3289 4109 3377 4150 so-

138 4182 212 4251 μὴ
233 4181 458 4250 θαρρεῖν
498 4181 640 4250 μετὰ
669 4181 919 4252 κραυγῆς
953 4182 1138 4234 καλεῖν
1159 4182 1251 4235 τὸν
1273 4183 1488 4252 ἑταῖρον
1515 4182 1702 4236 αὐτοῦ’

1810 4176 1954 4229 cium
1989 4191 2150 4230 suum
2200 4177 2472 4245 appellare
2517 4179 2747 4245 audeat;
2808 4182 2976 4235 multa
3008 4184 3153 4236 enim
3204 4199 3270 4238 ex
3302 4187 3377 4240 si-

135 4271 308 4323 πολλὰ
338 4272 445 4341 γὰρ
471 4273 540 4325 τά
574 4273 637 4326 ὲκ
672 4273 770 4341 τῆς
802 4272 1012 4342 σιωπῆς
1040 4272 1239 4341 ἀγαθά.
1273 4274 1384 4326 Καὶ
1401 4275 1484 4327 ὅτι
1510 4274 1707 4328 πολλά-

1807 4267 1972 4322 lentio
2001 4268 2141 4322 bona
2179 4269 2628 4337 proﬁciscuntur.
2669 4270 2920 4342 Persmpe
2958 4276 3105 4330 enim
3137 4277 3204 4331 ad
3231 4277 3378 4333 hunc

134 4380 221 4428 κις
261 4363 602 4418 κατάσκοποι
658 4364 937 4435 πολεμίων
980 4366 1044 4417 ἐκ
1069 4364 1258 4419 τούτου
1289 4365 1384 4419 τοῦ
1409 4365 1612 4437 τρόπου
1648 4369 1706 4422 ὲν

1809 4359 2031 4414 modum
2077 4360 2315 4415 hostium
2362 4362 2735 4430 speculatores
2781 4365 3104 4433 deprehensi
3133 4368 3187 4422 in
3223 4385 3381 4425 eser—

135 4457 214 4528 τῷ
251 4455 604 4527 στρατοπέδῳ
628 4455 984 4520 λανθάνοντες
1025 4457 1388 4527 ἐφωράθησαν
1418 4459 1513 4512 καὶ
1538 4460 1703 4531 ἂκρα-

1809 4451 1917 4505 citu
1965 4463 2127 4519 atque
2180 4451 2316 4505 adeo
2354 4452 2498 4520 capti
2547 4462 2698 4518 sunt,
2738 4458 3202 4524 quemadmodum
3245 4476 3380 4517 con-

137 4547 404 4616 τήθησαν,
439 4546 627 4617 ὥσπερ
663 4548 759 4602 καὶ
797 4548 860 4600 ἑκ
882 4550 979 4618 τῆς
1005 4549 1253 4620 κραυγῆς
1283 4547 1455 4602 πολλά
1472 4549 1543 4604 τὰ
1568 4566 1708 4621 συμ-
1741 4554 1786 4609 D

1741 4554 1786 4609 ι)
1813 4551 1892 4596 tra
1931 4556 1998 4597 ex
2034 4542 2272 4598 clamore
2311 4551 2367 4598 et
2406 4543 2639 4598 tumultu
2683 4547 2851 4601 multa
2893 4564 3035 4619 saepe
3064 4552 3206 4607 mala
3236 4555 3380 4608 exsi-

136 4638 390 4693 σαίνοντα
408 4638 664 4710 βλαϐερά.
1810 4641 1981 4689 stunt.

204 4730 316 4798 κγ’.
354 4731 604 4784 κωλύειν
655 4731 712 4784 δὲ
763 4733 857 4784 καὶ
889 4733 989 4796 τὰς
1013 4731 1290 4803 ὀρχήσεις,
1332 4734 1429 4786 καὶ
1477 4733 1710 4804 μάλιστα

1879 4728 1970 4782 25.
2000 4730 2298 4787 Prohibeas
2335 4733 2499 4786 etiam
2551 4733 2829 4790 orcheseis
2877 4734 2991 4804 (δε)
3043 4744 3100 4792 et
3141 4738 3376 4794 maxime

136 4823 231 4886 τὰς
264 4822 580 4892 ἑσπερινάς,
611 4824 706 4876 καί
729 4823 857 4876 ἄλλο
884 4824 938 4876 εῐ
959 4841 1012 4876 τι
1035 4825 1306 4892 παίγνιον,
1338 4824 1414 4888 ὡς
1444 4825 1519 4897 μὴ
1549 4826 1708 4896 μόνον

1810 4831 2130 4887 nocturnas,
2178 4832 2233 4878 et
2270 4825 2313 4878 si
2346 4825 2474 4894 quid
2514 4825 2662 4879 aliud
2694 4825 2964 4880 ludicrum
2995 4837 3098 4894 est,
3122 4843 3246 4898 qua:
3269 4843 3378 4886 non

135 4916 412 4984 ἀκόσμους
447 4915 540 4967 καὶ
575 4914 938 4984 θορυσοειὸεῖς
989 4916 1249 4970 ποιοῦντα
1292 4916 1541 4984 ἀταξίας,
1572 4918 1708 4972 ἀλλά

1811 4912 1987 4966 solum
2019 4912 2305 4967 indecoras
2361 4922 2416 4967 et
2462 4913 2829 4968 tumultuosae
2875 4913 3088 4969 ordinis
3164 4923 3380 4983 pertur.

136 5009 227 5060 καὶ
255 5008 456 5070 κόπους
486 5006 776 5076 ἀνωφελεῖς
809 5008 1134 5078 παρέχοντα.

1813 5004 2058 5058 nationes
2103 5002 2332 5070 faciunt,
2383 5005 2476 5060 sed
2509 5006 2674 5060 etiam
2709 5004 2924 5060 labores
2963 5005 3189 5062 inutiles
3236 5021 3377 5076 pra:-

1812 5099 1958 5152 bent.

206 5185 308 5236 κδ’.
345 5186 472 5238 Ἐὰν
511 5185 566 5238 δὲ
610 5186 808 5257 μέλλῃς
863 5185 1124 5255 μεθιστᾷν
1173 5188 1254 5249 είς
1312 5186 1497 5257 ἕτερον
1543 5187 1704 5240 τόπον

1878 5190 1968 5244 24.
2003 5189 2062 5245 Si
2089 5192 2387 5246 exercitum
2438 5207 2468 5246 a
2497 5193 2695 5247 castris
2739 5191 2810 5247 ad
2850 5191 2956 5247 alia
2987 5203 3166 5248 castra
3205 5201 3380 5246 trans-

140 5275 246 5328 ἀπὸ
268 5275 536 5334 ἀπλίκτου
559 5276 621 5328 τὸ
657 5279 994 5348 στράτευμα,
1029 5277 1123 5330 καὶ
1158 5277 1323 5346 βούλη
1366 5278 1544 5331 λαϐεῖν
1580 5279 1705 5340 τοὺς

1816 5282 1956 5337 ferre
1987 5283 2164 5352 cupis,
2211 5283 2372 5353 idque
2416 5284 2558 5338 clam
2596 5285 2782 5340 hostes
2828 5283 3027 5348 facere,
3071 5283 3154 5337 vel
3197 5283 3378 5338 locum

139 5367 450 5437 πολεμίους,
480 5369 513 5438 ἧ
542 5369 740 5431 τόπους
767 5371 998 5440 ὀχυροὺς
1030 5369 1540 5439 προκαταλαϐέσθαι
1578 5387 1706 5439 προ-

1813 5372 2046 5441 aliquem
2094 5371 2309 5425 ﬁrmum
2383 5374 2634 5428 hostihus
2681 5373 2974 5442 prieripere
3023 5372 3231 5437 studes,
3286 5381 3380 5426 aut

1661 5461 1892 5518 NOTAS.

211 5550 652 5624 (79)Εῠκιιιρόν
709 5550 1029 5620 διάστημα.
1093 5550 1465 5618 Scribebatur,
1519 5554 1710 5622 καιρὸν

1290 5551 1465 5618 batur,
1519 5554 1710 5622 καιρὸν
1890 5554 2002 5624 (81)
2041 5555 2152 5610 Hoc
2177 5565 2282 5622 est,
2315 5557 2659 5618 saltationes,
2687 5555 2939 5611 choreas.

139 5623 536 5697 διάστημαηῌ
700 5689 712 5697 ⁸
941 5688 953 5697 ,
1119 5692 1141 5697 _
1380 5692 1410 5697 __
1481 5692 1493 5697 Δ
1610 5620 1628 5697 ς

1821 5694 1830 5697 _
1891 5620 2003 5694 (82)
2040 5620 2324 5697 Trisagintt
2359 5643 2465 5679 non
2519 5634 2602 5680 est
2629 5628 2866 5697 hymnus
2896 5634 2980 5679 ter
3002 5629 3251 5686 sanctus,
3281 5620 3378 5676 sed

210 5688 1089 5767 (80)ξ¹1³ἀλλεικτὸζμτρισᾴγιον
1109 5692 1318 5760 ὕμνον.
1379 5692 1452 5745 De
1481 5692 1584 5767 hoc
1609 5695 1708 5762 hy-
1818 5694 1859 5763 h;

1818 5688 2073 5767 hymnus,
2103 5699 2154 5749 in
2182 5688 2290 5767 quo
2317 5699 2458 5752 Deus
2486 5706 2567 5752 ter
2585 5688 2682 5752 seu
2709 5695 2885 5750 tribus
2912 5697 3124 5751 vicibus
3154 5700 3379 5750 sanctus

141 5758 272 5814 mno
300 5758 458 5830 plene
486 5777 586 5818 nos
625 5763 682 5816 in
710 5758 986 5816 Glossario
1012 5758 1206 5819 nostro
1230 5764 1580 5819 commcntati
1610 5758 1705 5817 sa-
1817 5758 2164 5833 prmdicatur.

147 5845 291 5888 ωυξ.
