4176 6446
830 372 937 434 799

2081 369 2356 432 LEONIS
2383 365 2839 433 PHILOSOPHI
3957 395 4055 456 δοῖ

831 478 948 534 Iaca
1002 478 1247 549 quardam
1310 478 1450 547 fugis
1521 487 1738 547 propter
1784 480 2113 535 oﬂ‘eusiones
2156 496 2277 549 quae
2319 479 2385 530 ab

2490 479 2730 547 αιρῆσαι,
2762 482 2794 551 ἦ
2823 483 2949 544 τοὺς
2974 486 3134 549 ὄντας
3164 490 3430 553 τοιούτους
3473 493 3677 564 ςεεύγῃς
3715 497 3803 550 διά
3831 517 3983 564 τινας
4004 508 4062 555 εκ

832 569 1080 624 hostibus
1103 568 1234 621 oriri
1266 578 1515 637 possunt,
1545 579 1598 622 et
1622 569 1673 622 in
1703 572 2076 624 necessitatem
2108 571 2389 640 prmliandi

831 659 1014 712 venire
1062 657 1323 721 nolueris,
1373 658 1523 725 ignes
1580 659 1780 711 multos
1823 657 2011 721 facito,
2054 668 2106 712 et
2140 656 2388 719 discede;

830 750 1011 802 hostes
1044 748 1188 800 enim
1222 760 1315 799 eos
1360 744 1509 814 ignes
1540 746 1583 799 si
1628 755 1870 812 cernant,
1900 748 2311 801 arbitrabuntur
2338 756 2389 801 te

828 840 880 893 in
912 840 1107 894 castris
1142 853 1284 903 esse,
1321 838 1510 906 sicque
1538 835 1684 906 quod
1715 838 1869 906 cupis
1894 838 2113 892 cﬂicies.

891 930 979 984 25.
1008 927 1121 984 lloc
1153 928 1517 998 Nicephorum
1558 928 1843 1000 copiarum
1879 937 2184 982 nostrarum
2218 928 2387 997 impe-

825 1030 1095 1085 ratorem,
1137 1020 1354 1089 quando
1397 1018 1449 1072 in
1505 1017 1718 1090 Syriam
1759 1019 1958 1085 ingenti
1992 1034 2114 1073 cum
2143 1018 2384 1071 exercitu

824 1127 854 1165 a
892 1112 1051 1166 nobis
1100 1111 1299 1165 missus
1347 1119 1450 1175 est,
1498 1108 1694 1163 fecisse
1749 1110 2021 1162 novimus.
2078 1106 2211 1160 Nam
2260 1122 2384 1161 cum

823 1217 1076 1271 magnam
1123 1201 1357 1271 praedam
1410 1200 1462 1253 in
1505 1198 1681 1252 media
1735 1198 1920 1253 hostili
1975 1208 2114 1251 terra
2144 1195 2382 1259 fecisset,

824 1295 1073 1349 hostibus
1100 1293 1382 1362 permultis
1412 1291 1675 1344 adversus
1702 1305 1825 1343 eum
1856 1289 2213 1357 congregatis,
2247 1302 2385 1356 quos

821 1382 1419 1455 Apulpherﬁeunuchus
1449 1380 1840 1433 Saracenorum
1877 1386 1930 1431 et
1970 1378 2383 1431 barbaricarum

821 1474 1103 1541 copiarum
1151 1473 1446 1540 imperator
1480 1478 1754 1539 coegerat,
1788 1479 1968 1522 tamen
1993 1468 2059 1523 ad
2090 1469 2235 1523 hunc
2268 1484 2384 1522 mo—

820 1567 950 1619 dum
1012 1565 1264 1634 populata
1318 1562 1500 1616 hostili
1550 1570 1717 1623 terra,
1773 1562 2015 1629 captivos
2074 1574 2204 1615 suos
2256 1559 2381 1613 reli-

820 1669 1091 1724 quairque
1128 1652 1363 1722 pratdam
1402 1652 1667 1723 integram
1693 1650 1934 1704 abduxit.

887 1836 977 1889 26.
1031 1834 1333 1907 Adversum
1390 1833 1742 1898 Bulgarorum
1813 1829 2211 1899 expeditionem
2273 1829 2379 1884 tale
2416 1815 2461 1872 Β

818 1927 1023 1995 aliquid
1067 1926 1134 1979 ab
1176 1925 1366 1977 eodem
1408 1922 1772 1990 excogitatum
1820 1931 1920 1985 est,
1972 1919 2116 1989 quod
2170 1934 2379 1989 nequa-

816 2032 981 2085 quam
1032 2014 1293 2068 oblivioni
1342 2013 1707 2065 mandandum
1758 2020 1877 2063 est:
1928 2010 2091 2064 simul
2138 2010 2282 2062 enim
2314 2010 2379 2063 ad

818 2118 1093 2161 vecturam
1124 2104 1456 2173 expeditum,
1488 2111 1540 2154 et
1570 2100 1635 2153 ad
1676 2099 1979 2153 custodiam
2014 2098 2379 2152 necessarium

817 2199 986 2253 fuisse
1024 2195 1426 2250 advertebatur.
1460 2191 1659 2245 liadios
1691 2191 1829 2243 duos
1861 2206 1982 2258 qua:
2020 2189 2251 2242 canonia
2286 2204 2378 2241 vo-

816 2297 962 2349 cant,
989 2287 1243 2356 aequales,
1272 2287 1434 2338 trium
1470 2283 1815 2337 dodrantium
1842 2292 1933 2334 aut
1959 2280 2122 2349 paulo
2149 2280 2377 2348 amplius

816 2379 1177 2451 longitudine,
1229 2379 1295 2430 ad
1352 2376 1581 2430 formam
1616 2377 1678 2439 Λ,
1712 2375 1762 2427 id
1798 2381 1901 2435 est,
1931 2372 2144 2425 lambda
2185 2373 2378 2425 litterze

810 2471 1100 2540 jungebat:
1170 2468 1398 2522 alterum
1442 2475 1624 2520 autem
1676 2467 1887 2518 radium
1939 2469 2053 2520 sive
2084 2467 2375 2532 canonion,

815 2564 1057 2631 quinque
1085 2568 1181 2614 aut
1213 2574 1304 2614 sex
1343 2558 1689 2613 drodantium
1716 2557 2075 2627 longitudine,
2115 2558 2375 2623 menauli,

815 2651 868 2705 id
900 2661 980 2704 est
1005 2650 1172 2719 jaculi
1209 2650 1380 2703 instar
1408 2650 1474 2702 ad
1506 2649 1656 2717 bipes
1699 2648 1825 2701 illuc
1849 2648 2169 2719 adiungens,
2207 2651 2378 2719 tripes

817 2742 967 2805 fecit,
1010 2741 1240 2795 firmatis
1312 2742 1453 2795 inter
1496 2756 1555 2797 se
1595 2740 1648 2794 in
1696 2742 1973 2811 iungendo
2020 2741 2267 2811 pedibus.
2316 2741 2375 2795 In

812 2848 1027 2888 summo
1068 2841 1247 2885 autem
1296 2832 1389 2884 illo
1418 2832 1574 2901 quasi
1623 2834 1875 2886 menaqu
1903 2833 2089 2902 cuspis
2127 2833 2375 2904 quaedam

814 2943 1007 2995 magna
1041 2938 1095 2981 ct
1121 2926 1297 2995 ampla
1323 2925 1518 2995 injecta
1547 2935 1652 2992 est,
1676 2941 1706 2979 e
1731 2926 1941 2996 tripode
1966 2928 2213 2982 eminens
2238 2930 2377 2985 duos

811 3020 1128 3079 dodrautcs,
1162 3027 1258 3071 aut
1292 3019 1453 3085 paulo
1490 3017 1743 3085 amplius.
1784 3017 1970 3088 Itaque
2002 3020 2210 3088 ligneos
2244 3021 2377 3075 istos

814 3111 1044 3163 tribulos
1074 3110 1190 3164 sive
1241 3110 1481 3163 murices
1524 3110 1745 3178 quando
1777 3111 1987 3165 volebat
2017 3112 2213 3165 iterum
2241 3129 2373 3167 cou-
2402 3135 2445 3192 (ς

807 3200 1043 3268 jungeus
1074 3198 1140 3251 ad
1176 3197 1531 3250 munitionem
1566 3196 1728 3250 simul
1756 3207 1810 3250 et
1842 3212 1989 3251 arma
2028 3199 2081 3250 iu
2126 3214 2374 3253 necessa-

811 3289 910 3343 riis
941 3288 1271 3355 temporibus
1314 3287 1572 3349 habebat,
1615 3288 1656 3342 si
1693 3289 1910 3356 quando
1946 3289 2183 3343 hostium
2222 3289 2375 3357 cqui-

813 3390 893 3434 tes
920 3380 972 3431 in
1003 3387 1186 3433 castra
1223 3386 1413 3431 nostra
1471 3379 1830 3448 irruptionem
1864 3387 2026 3447 atque
2056 3379 2374 3445 impressio-

812 3476 935 3521 nem
1008 3467 1185 3520 facere
1232 3465 1611 3532 moliebantur,
1684 3466 1775 3534 qui
1836 3468 1936 3521 hoc
2001 3469 2160 3535 quasi
2234 3468 2373 3520 vallo

749 3618 752 3621 Α
812 3554 1241 3627 ilnpedirenmr;
1286 3572 1428 3625 saepe
1464 3566 1516 3609 et
1561 3557 1989 3611 vulnerabantur
2033 3558 2370 3620 invadentes,

811 3667 935 3705 cum
992 3651 1149 3704 facile
1202 3650 1338 3712 tolli,
1388 3649 1585 3720 gestari
1654 3657 1706 3703 et
1758 3649 1915 3719 defigi
1972 3650 2161 3718 possit.
2216 3648 2371 3717 Saepe

812 3753 993 3797 autem
1027 3740 1246 3810 quando
1294 3738 1437 3793 fossa
1486 3754 1597 3792 non
1647 3739 1968 3803 ducebatur,
2019 3739 2136 3792 hmc
2191 3747 2371 3791 tamen

809 3849 960 3888 arma
992 3834 1057 3885 ad
1085 3830 1517 3884 incolumitatem
1550 3840 1736 3899 parata
1765 3844 1980 3899 semper
2011 3830 2264 3883 habebat.

882 3926 971 3978 27.
1005 3924 1235 3989 Quando
1280 3930 1460 3975 autem
1498 3935 1689 3975 secure
1722 3930 1772 3974 et
1810 3921 1928 3973 sine
1964 3921 2159 3975 timore
2193 3929 2371 3974 castra

808 4031 1015 4078 moves,
1065 4012 1317 4066 mandata
1370 4010 1543 4080 pridie
1591 4010 1798 4078 vesperi
1848 4011 2153 4064 mandatori
2195 4011 2369 4063 danda

809 4114 956 4169 sunt,
994 4118 1325 4172 rursumque
1369 4110 1489 4171 post
1538 4100 1709 4154 lucem
1745 4101 1851 4154 diei
1885 4116 1993 4169 quo
2034 4111 2210 4155 castra
2252 4116 2372 4154 mo-

807 4203 1024 4257 ventur,
1052 4193 1339 4247 buccinam
1384 4201 1463 4244 tcr
1502 4189 1810 4260 significare
1847 4190 1949 4245 hoc
1987 4200 2219 4260 oportet,
2253 4207 2370 4245 om-

810 4298 1015 4354 nesque
1047 4283 1236 4336 ordine
1275 4290 1437 4350 atque
1490 4280 1753 4333 instructa
1805 4281 1922 4334 acie
1954 4282 2272 4350 procedant,
2316 4291 2369 4333 et

809 4374 987 4444 primo
1029 4388 1241 4444 graves,
1282 4372 1474 4425 deinde
1512 4385 1729 4434 currus,
1785 4381 1836 4425 ct
1868 4371 1911 4425 si
1938 4372 2064 4441 quid
2108 4372 2254 4426 aliud
2302 4372 2368 4426 ad

808 4465 1102 4519 militarem
1130 4478 1292 4517 usum
1325 4462 1444 4515 vehi
1483 4471 1717 4530 oportet.

870 4641 962 4695 28.
996 4639 1368 4703 Tribulorum,
1397 4640 1448 4693 id
1484 4648 1587 4703 est,
1616 4640 1887 4695 muricum
1931 4656 2062 4695 usus
2096 4642 2146 4695 in
2168 4643 2367 4697 castris

804 4733 1249 4803 pernecessarius
1285 4741 1386 4787 est.
1420 4733 1475 4785 Si
1514 4732 1658 4786 enim
1696 4732 1777 4786 vel
1807 4747 2038 4787 saxosus
2068 4734 2220 4788 locus
2259 4735 2365 4801 fue-

805 4823 897 4889 rit,
926 4822 1008 4876 vel
1053 4821 1242 4876 fodere
1292 4838 1400 4875 non
1438 4822 1733 4890 potuerint,
1791 4823 1875 4875 vel
1921 4832 2161 4893 tempore
2205 4825 2368 4878 desti-

804 4921 1048 4974 tuantur,
1083 4911 1334 4964 eumdem
1382 4911 1435 4963 in
1482 4909 1679 4965 castris
1742 4912 2009 4980 ponendis
2066 4928 2223 4967 usum
2270 4916 2365 4968 tri-

806 5003 915 5056 buli
956 5003 1147 5057 idonee
1174 5001 1423 5057 collocati
1461 5000 1716 5067 al‘ferunt,
1758 5017 1919 5071 quem
1963 5012 2016 5058 et
2048 5004 2196 5059 fossa
2248 5007 2363 5076 ipsa

802 5104 1066 5165 apportat.

862 5186 953 5241 29.
992 5184 1246 5239 Diversos
1286 5185 1422 5239 situs
1475 5195 1529 5239 et
1555 5186 1756 5241 formas
1797 5185 2123 5241 fossatorum
2157 5189 2361 5258 antiqui

802 5277 1135 5333 tradiderunt
1180 5278 1232 5330 in
1274 5279 1466 5333 castris
1502 5280 1763 5348 ponendis
1788 5320 1800 5333 .
1835 5280 2126 5335 laudabilis
2176 5292 2356 5335 autem

2495 568 2605 621 τῶν
2635 571 2910 661 πολεμίων
2938 572 3160 642 βλάϐας,
3184 578 3277 631 καὶ
3300 580 3360 632 ού
3403 580 3569 655 βούλῃ
3598 584 3769 639 ἐλθεῖν
3787 590 3867 652 εἰς
3897 594 4060 661 ἀνάγ-

2496 672 2598 749 κην
2629 660 2722 711 τοῦ
2759 662 3045 731 μάχεσθαι,
3085 668 3235 735 πυρὰ
3285 669 3455 723 πολλά
3502 674 3709 738 καύσας
3766 680 4061 749 ἀναχώρει·

2498 745 2783 814 βλέποντες
2812 752 2920 824 γὰρ
2954 754 3001 806 oi
3046 755 3291 826 πολέμιοι
3334 761 3401 813 τὰ
3430 762 3582 830 φῶτα
3614 745 3981 833 δόξουσιν-ἐτι
4008 777 4062 827 ἐν

2493 836 2830 933 edidici-51m!)
2847 860 2905 896 σε
2934 845 3136 913 μένειν,
3166 849 3258 901 καὶ
3284 851 3584 919 ἐκτελέσεις
3601 874 3693 910 σου
3710 861 3768 913 τὸ
3792 861 4059 933 βούλημα.

2564 927 2661 983 κε’.
2707 930 2880 1024 Τοῦτο
2915 935 2971 987 δὲ
3013 938 3103 990 καὶ
3128 938 3439 1012 Νικηφόρον
3468 947 3623 1017 ἴσμεν
3652 951 3743 1001 τὸν
3793 927 4061 1024 ἦμέτερον

2496 1023 2797 1091 στρατηγὸν
2828 1029 3208 1095 πεποιηκέναι,
3241 1032 3328 1084 ὅτε
3362 1036 3503 1088 κατά
3537 1038 3733 1108 Συρίας
3774 1023 4058 1114 ἀπεστάλη

2492 1112 2623 1181 παρ’
2656 1114 2810 1181 ἡμων
2842 1116 2983 1183 μετὰ
3013 1115 3295 1187 δυνάμεως
3333 1120 3543 1192 ίκανῆς,
3579 1127 3777 1197 πολλήν
3810 1145 3869 1181 τε
3902 1112 4058 1201 ποιηέ

2493 1201 2723 1293 σάμενος
2755 1202 3059 1274 λεηλασίαν,
3098 1211 3189 1261 καὶ
3212 1209 3354 1264 οὕτω
3390 1215 3705 1281 μετατεθεὶς
3730 1220 3787 1271 ἐν
3818 1221 3964 1291 μέσῃ
3997 1227 4059 1293 τῇ

2492 1291 2745 1363 πολεμίᾳ,
2788 1294 2896 1349 τῶν
2943 1298 3153 1368 ἐχθρῶν
3198 1301 3362 1355 αὐτοῦ
3416 1320 3517 1358 που
3573 1312 3932 1380 συνηγμένων
3972 1291 4060 1377 οὓς

2502 1385 2806 1457 Ἀπουλφὲρ
2850 1391 2878 1443 ό
2912 1389 3166 1461 εὐνοῦχος
3203 1395 3231 1445 ό
3261 1396 3369 1450 τῶν
3396 1400 3723 1469 Σαρακηνῶν
3753 1408 4059 1476 στρατηγὸς

2490 1475 2807 1545 ἐπεφέρετο,
2852 1480 3021 1550 ῆγουν
3072 1482 3177 1535 τῶν
3240 1484 3592 1557 βαρϐαρικῶν
3622 1489 3927 1560 δυνάμεων,
3954 1475 4057 1563 τήν

2487 1585 2547 1620 τε
2606 1570 2981 1639 αἰχμαλωσίαν
3020 1573 3119 1645 τὴν
3169 1575 3531 1649 βαρϐαρικὴν,
3582 1584 3675 1635 καὶ
3725 1586 3908 1637 πᾶσαν
3962 1587 4057 1657 τὴν

2489 1659 2655 1729 ἄλλην
2676 1662 2904 1728 πραῖδαν
2931 1663 2999 1732 ἢν
3027 1661 3172 1737 εἶχεν
3200 1668 3450 1733 ἀϐλαϐῶς
3474 1672 3772 1727 διεσώσατο
3791 1674 4054 1747 λεηλατή-

2492 1766 2590 1813 σας
2614 1751 2711 1819 τὴν
2733 1753 2858 1804 πολε
2868 1753 3015 1819 μίαν.

2557 1839 2670 1904 κς’.
2726 1844 2882 1896 Κατά
2931 1844 2987 1897 δὲ
3047 1846 3146 1917 τὴν
3210 1849 3533 1921 Βουλγάρων
3571 1853 3931 1924 ἐκστρατείαν
3967 1861 4056 1910 καὶ

2483 1931 2545 1985 Et
2558 1951 2679 2003 ερον
2709 1935 2857 2004 αὑτῷ
2891 1937 3157 2009 ἐπενοήθη
3201 1943 3337 2012 πρὸς
3370 1944 3614 2014 φυλακὴν
3641 1947 3907 2002 ἀπλίκτου
3934 1956 4057 2020 χρή-

2486 2040 2660 2093 σιμον,
2696 2026 2833 2097 ὅπερ
2873 2029 2979 2098 χρὴ
3012 2029 3085 2098 μὴ
3118 2030 3257 2102 λήθῃ
3289 2035 3783 2107 παραπεμφθῑμαιο
3808 2040 3948 2107 ὁμοῦ
3998 2059 4052 2093 τε

2483 2115 2590 2184 γὰρ
2620 2114 2851 2186 ἐλαφρὸν
2880 2120 2959 2181 είς
2991 2119 3269 2190 βασταγὴν
3301 2124 3396 2175 καὶ
3428 2125 3723 2194 ἀναγκαῖον
3754 2130 3836 2191 είς
3884 2130 4054 2196 φυλα-

2482 2204 2585 2275 κὴν
2608 2206 2934 2274 ἐγνωρίσθη.
2963 2202 3069 2260 Ἶιν
3093 2209 3150 2264 δὲ
3171 2210 3427 2264 τοιοῦτονο
3452 2214 3687 2269 Κανόνια
3714 2217 3808 2269 δύο
3840 2218 4051 2288 σύμμε-

2481 2312 2585 2365 τρα
2637 2297 2812 2349 λαϐὼν
2870 2297 3054 2362 ξύλινα
3101 2302 3266 2367 τριῶν
3320 2320 3420 2356 που
3456 2304 3765 2375 σπιθαμῶν,
3808 2309 3842 2379 ἢ
3890 2310 4052 2381 ὀλίγῳ

2480 2386 2643 2437 πλέον
2676 2388 3004 2456 λαϐδαραὶαν
3041 2392 3321 2460 συνέμιξεν
3356 2395 3489 2461 (83)·
3520 2395 3705 2467 ἕτερον
3726 2397 3783 2451 δὲ
3805 2402 4050 2454 κανόνιον

2481 2476 2676 2545 ὁμοίως
2700 2478 2819 2544 έχον
2845 2480 3119 2551 σπιθαμὰς
3162 2481 3343 2547 πέντε,
3372 2484 3403 2555 ἦ
3429 2488 3522 2539 καὶ
3553 2488 3631 2551 ἒξ,
3663 2489 3815 2554 τάξιν
3845 2494 4047 2559 μεναύ-

2480 2567 2572 2620 λου
2608 2570 2665 2621 ἐν
2694 2570 2760 2640 τῇ
2785 2573 3043 2639 συμμίξει
3074 2573 3165 2626 τοῦ
3187 2575 3454 2627 δισκελίου
3482 2578 3713 2643 ἐπιθεὶς,
3744 2582 4050 2648 τρισκέλιον

2481 2660 2733 2729 ἐποίησεν
2781 2661 3065 2729 ἱστάμενον
3122 2663 3356 2733 ἰσχυρῶς
3415 2664 3503 2717 διὰ
3548 2666 3647 2735 τῆς
3678 2667 3770 2720 ὑπ’
3800 2670 4047 2738 ἀλλήλων

2478 2750 2586 2801 τῶν
2640 2750 2846 2803 σκελῶν
2882 2753 3317 2823 συγκροτήσεως.
3374 2755 3505 2826 Περὶ
3538 2756 3593 2808 δὲ
3643 2756 3704 2809 τὸ
3754 2759 3927 2827 ἄκρον
3956 2761 4046 2812 τοῦ

2478 2838 2586 2890 οἷον
2622 2840 2884 2907 μεναύλου
2940 2840 3186 2912 ξιφάριον
3240 2842 3415 2910 μέγαν
3447 2844 3541 2896 καὶ
3577 2845 3739 2915 ἁδρὸν
3795 2848 4046 2901 ἐνέϐαλεν

2478 2933 2806 3000 προκύπτων
2839 2934 2931 2985 τοῦ
2980 2933 3307 3002 τρισκελίου,
3355 2934 3431 2996 ὡς
3480 2935 3719 3006 εἴρηται,
3769 2939 4047 3007 σπιθαμὰς

2479 3022 2646 3092 δύο,ἢ
2682 3023 2862 3093 μικρῷ
2895 3024 3074 3087 πλέον,
3105 3023 3197 3076 καὶ
3222 3026 3365 3078 οὕτω
3385 3027 3511 3089 τοὺς
3541 3026 3783 3091 ξυλίνους
3809 3031 4049 3093 ἐκείνους

2480 3112 2757 3182 τριϐόλους
2813 3115 2902 3166 ὅτε
2956 3113 3203 3166 ἐϐούλετο
3264 3117 3586 3170 συστέλλων.
3615 3118 3745 3171 Ὅτε
3798 3120 4048 3173 ἐϐούλετο

2479 3205 2639 3256 πάλιν
2691 3205 2932 3268 συνίστα,
2985 3207 3078 3258 καὶ
3129 3207 3207 3266 εἰς
3254 3205 3515 3277 ὀχύρωμα
3567 3203 3710 3277 εἶχεν
3760 3210 3925 3278 ὁμοῦ,
3958 3213 4048 3263 καὶ

2475 3295 2612 3348 ὅπλα
2647 3296 2702 3347 ἐν
2728 3297 2845 3357 ταῖς
2872 3295 3191 3362 ἀναγκαίαις
3224 3298 3430 3368 χρείαις
3482 3299 3577 3350 τοῦ
3606 3300 3876 3353 ἀπλίκτου
3906 3302 4047 3354 κατὰ

2474 3384 2581 3436 τῶν
2633 3383 2944 3453 δυναμένων
2994 3385 3324 3456 ἐπέρχεσθαι
3385 3386 3766 3457 καϐαλλαρίων
3820 3394 3892 3459 τῇ
3938 3391 4045 3444 τῶν

2474 3474 2753 3544 δυνάμεων
2780 3475 2933 3545 ἡμῶν
2962 3475 3111 3540 τάξει
3139 3479 3584 3547 τιτρωσκομένων
3612 3482 3668 3530 ἐν
3697 3482 3820 3543 ταῖς
3844 3483 4045 3551 προϐο-

2474 3567 2593 3629 λαῖς
2630 3567 2737 3636 (81)
2770 3567 2872 3620 ὑπὸ
2904 3568 2995 3620 τοῦ
3021 3563 3131 3621 οἷον
3160 3568 3399 3640 χάρακος
3433 3568 3669 3632 εὐκόλως
3704 3573 3798 3623 καὶ
3824 3574 4045 3646 ἐπαιρό-

2480 3675 2637 3727 μενον
2671 3658 2780 3728 (85)
2813 3658 2905 3711 καὶ
2956 3657 3354 3729 βασταζόμενον
3412 3660 3505 3715 καὶ
3537 3664 3907 3731 πηγνύμενον,
3955 3663 4044 3715 καὶ

2474 3746 2561 3798 ὅτε
2598 3747 2855 3808 πολλάκις
2898 3748 3186 3819 ὀρύγματα
3237 3751 3334 3804 οὐκ
3370 3752 3597 3819 ἐγίνετο,
3653 3751 3846 3821 ἕτοιμα
3901 3748 4044 3823 εἶχον

2463 3836 2650 3890 ,ταῦτα
2677 3841 2755 3900 εἰς
2783 3840 3102 3908 ἀσφάλειαν.

2546 3930 2646 3991 κζ’.
2682 3930 2849 3981 Ὅταν
2881 3929 2935 3981 δὲ
2971 3932 3169 4001 μέλλῃς
3208 3933 3347 4002 μετά
3377 3935 3561 3996 ἀδείας
3593 3938 3765 3988 κινεῖν
3812 3936 3924 3989 Erit
3947 3934 4042 3991 τθῦ

2475 4017 2759 4081 ἁπλίκτου,
2818 4019 2935 4071 δέον
2978 4020 3212 4073 δίδοσθαι
3255 4024 3496 4092 μανδάτα
3526 4025 3633 4077 ἀπὸ
3675 4027 3919 4097 ἑσπέρας
3949 4028 4041 4083 καὶ

2475 4108 2637 4160 πάλιν
2665 4109 2744 4171 εἰς
2773 4109 2833 4162 τὸ
2865 4105 3029 4177 αὖγος
3065 4111 3184 4163 κατ’
3206 4113 3378 4182 αὐτὴν
3410 4114 3505 4182 τὴν
3535 4116 3746 4185 ἡμέραν
3770 4118 3865 4170 τοῦ
3892 4120 4043 4187 κινή-

2476 4216 2643 4267 ματος
2685 4199 2751 4251 τά
2796 4200 3018 4268 βούκινα
3072 4203 3356 4268 τρισσάκις
3410 4206 3713 4273 σημαίνειν,
3776 4208 3872 4259 καὶ
3920 4210 4040 4261 τότε

2476 4288 2663 4351 κινεῖν,
2714 4289 2808 4338 καὶ
2844 4288 2983 4339 κατά
3016 4287 3166 4353 τάξιν
3216 4288 3530 4358 ἐξέρχεσθαι
3577 4293 3700 4354 τοὺς
3747 4294 4037 4361 ἄρχοντας,

2475 4378 2566 4430 καὶ
2594 4378 2856 4448 πρότερον
2881 4379 2979 4448 μὲν
3012 4380 3137 4442 τοὺς
3157 4379 3401 4443 ὁπλίτας,
3425 4376 3543 4433 εἶτα
3574 4383 3669 4445 τὰς
3695 4385 3916 4451 ἀμάξας
3946 4385 4041 4439 ἐάν

2475 4468 2600 4528 εἰσι,
2661 4468 2754 4519 καὶ
2811 4468 2864 4519 εἴ
2900 4484 2951 4518 τι
2989 4467 3174 4537 ἕτερον
3201 4467 3589 4538 ἐπιφερόμενον
3627 4473 3702 4533 si;
3736 4472 4042 4542 ὑπηρεσίαν

2473 4556 2566 4609 τοῦ
2599 4556 2851 4625 στρατοῦ.

2546 4646 2650 4716 κη’.
2696 4648 2841 4701 Ἡδὲ
2884 4649 2991 4703 τῶν
3032 4653 3295 4721 τριϐόλων
3324 4657 3516 4725 χρῆσις
3568 4657 3841 4725 ἀναγκαία
3892 4657 4041 4711 ἐστὶν

2475 4739 2532 4790 ἐν
2566 4740 2677 4801 τοῖς
2708 4738 3011 4802 ἀπλίκτοιςο
3043 4742 3138 4793 ἐὰν
3172 4744 3279 4814 γὰρ
3314 4746 3347 4816 ἢ
3383 4746 3662 4815 πετρωδης
3689 4748 3717 4798 ὁ
3750 4749 3917 4810 τόπος
3946 4751 4039 4801 εὑ·

2478 4827 2629 4897 ρεθῇ,
2659 4828 2691 4895 ἦ
2730 4828 2804 4897 μὴ
2832 4829 3131 4900 δυνηθῶσιν
3177 4832 3389 4901 ὀρύξαι,
3414 4835 3446 4903 ἢ
3489 4835 3708 4903 βραδεῖα
3739 4836 3915 4906 ήῶρα
3945 4839 4038 4905 γέ-

2480 4936 2662 4987 νηται,
2684 4920 2781 4989 τὴν
2800 4920 2967 4988 αὐτὴν
2992 4920 3070 4990 τῷ
3097 4922 3313 4991 στρατῷ
3341 4924 3638 4993 παρέχουσι
3667 4925 3856 4994 χρείαν
3888 4927 3949 4981 ἐν
3971 4931 4036 4997 τῇ

2472 5010 2860 5080 στρατοπεδείᾳ
2884 5010 2940 5063 αί
2969 5011 3204 5079 τρίϐολοι
3229 5014 3546 5083 πρεπόντως
3568 5015 3949 5086 ἀποτιθέμενοι
3969 5019 4039 5085 ἣν

2468 5100 2561 5153 καὶ
2593 5100 2653 5151 τὸ
2684 5099 2900 5169 ὄρυγμα
2941 5101 3184 5171 παρέχει.

2537 5189 2634 5244 κθ’.
2664 5192 2895 5260 Οἴδαμεν
2932 5191 2986 5244 δὲ
3017 5192 3097 5243 ὅτι
3124 5191 3408 5262 διαφόρους
3438 5194 3612 5257 θέσεις
3649 5196 3743 5248 καὶ
3770 5199 4031 5268 σχήματα

2467 5286 2750 5353 φοσσάτων
2789 5284 2839 5336 oi
2884 5285 3099 5354 ἀρχαῖοι
3156 5284 3599 5354 παραδεδώκασιν
3629 5290 3686 5339 ἐν
3711 5291 3776 5358 τῇ
3811 5306 4036 5361 στρατο-

2364 5440 2599 5497 NOTAE.

868 5526 976 5596 (83)
1010 5525 1426 5593 Λαμϐδαραιειν
1451 5527 1802 5596 συνέμιξεντ
1821 5524 1879 5578 ιιι
1910 5526 2094 5579 codice.
2115 5526 2361 5579 Palatino

797 5594 917 5666 erat
950 5614 962 5647 :
1001 5596 1353 5666 λαμπαδαρια
1406 5596 1708 5665 συνέμιξεν.
1772 5594 1983 5659 Scribe,
2015 5596 2358 5666 λαμϐδαραία

798 5665 1129 5801 συίξῗῖξῗέλο
1154 5734 1277 5798 ταῖς
1301 5735 1635 5801 προϐολαῖς.
1669 5733 1874 5797 Scribe,
1928 5733 1985 5787 ἐν
2020 5735 2138 5795 ταῖς
2183 5751 2358 5805 προσ-

2469 5532 2784 5672 ϐοξὲθῖιὶαί
2819 5602 3227 5672 ἐπαιρόμενον.
3277 5602 3649 5674 Scribebatur,
3698 5607 3789 5661 καὶ
3838 5610 4037 5681 ἐπερά-

2468 5688 2644 5736 μενον.
