4176 6446
137 363 239 431 801

1230 374 1565 437 TACTICA.
1602 400 1665 412 ρ·
1687 377 2196 443 CONSTITUTIO
2237 384 2338 445 XI.

3291 396 3396 460 802

134 475 351 547 πεδείᾳο
400 476 736 550 ἑπαινετὴδὲ
784 481 819 553 ἡ
868 482 1211 555 παραμήκης
1244 486 1585 556 τετράγωνος
1641 487 1685 539 rb

1823 491 2089 559 quadrata
2137 501 2303 565 atque
2347 496 2579 568 oblonga
2616 508 2718 566 est,
2765 511 2880 556 tum
2928 503 3056 574 quia
3119 506 3395 574 ordinata.

131 567 402 632 εὔτακτος
423 572 516 624 καὶ
540 571 837 640 ἀναγκαία.

202 659 271 715 λ’.
304 663 399 726 Et;
424 664 479 715 δὲ
508 663 781 731 ὑπόδειξιν
811 667 1045 736 στρατοῦ
1071 667 1163 721 καὶ
1190 667 1493 735 φαντασίαν
1518 670 1718 740 μᾶλλον

126 754 200 807 τὰ
226 753 440 821 πλάγια
468 754 565 807 καὶ
610 756 704 808 ἐπὶ
735 755 867 825 ὕψος
888 756 1130 811 ἄπλικτα
1153 757 1375 812 πλείονα
1408 759 1501 812 τὸν
1529 760 1586 810 ὲν
1612 762 1712 813 αὐ-

126 848 244 908 τοῖς
281 845 517 915 στρατὸν
548 846 703 918 παρὰ
734 848 860 911 τοὺς
888 848 1037 913 τσους
1070 849 1105 921 ἢ
1134 851 1487 920 ἐγκειμένους
1514 851 1715 915 τόπους

131 936 585 1006 παραδείκνυσιν.
631 938 761 992 Ἐὰν
819 935 915 993 οὖν
942 940 1079 1011 ergo;
1120 940 1379 1005 ἐπίδειξιν
1413 944 1571 1013 χρεία
1623 943 1717 1011 γέ-

131 1045 315 1099 νηται,
339 1032 465 1095 τοὺς
491 1031 756 1100 πλαγίους
772 1032 829 1088 δὲ
849 1033 963 1103 (86)
986 1034 1335 1104 ἐπιλέγεσθαι
1366 1037 1587 1099 τόπους,
1621 1038 1717 1091 ἐὰν

132 1121 374 1190 μάλιστα
407 1124 503 1176 κα)⁵
524 1122 592 1177 τὰ
616 1124 901 1196 ἐπιτήδεια
929 1124 1093 1195 ἔχωσι
1140 1127 1240 1198 τῆς
1269 1129 1705 1199 ἀναγκαιοτέρας

129 1229 344 1283 χρείας.

194 1389 299 1446 λα’.
348 1391 594 1453 ’Δνίσους
634 1390 713 1456 δὲ,
739 1389 816 1455 ὡς
861 1392 1103 1464 εἴρηται,
1133 1393 1484 1464 ἐπιλέγεσθαι
1513 1397 1713 1462 τόπους

129 1485 204 1545 εἰς
243 1482 508 1547 ἄπλικτα,
545 1482 642 1535 καὶ
685 1483 762 1553 μὴ
795 1484 985 1554 χρόνον
1025 1483 1192 1537 πολὺν
1246 1487 1605 1559 ἐνδιατρίϐειν
1654 1491 1711 1542 ἐν

128 1575 205 1626 ἑνὶ
232 1573 443 1645 χωρίῳ,
466 1574 515 1625 εί
554 1572 630 1642 μὴ
660 1573 773 1644 ἄρα
806 1572 893 1625 διὰ
918 1573 1044 1636 τοὺς
1071 1573 1240 1645 ἀέρας
1270 1577 1399 1637 τοὺς
1434 1574 1711 1646 καθαροὺς

126 1665 218 1716 καὶ
254 1665 326 1717 τὰ
362 1664 646 1735 ἐπιτήδεια
675 1663 935 1734 χρειῶδες
968 1666 1139 1731 ἐστιν,
1189 1667 1287 1721 καὶ
1336 1668 1439 1721 οὑκ
1488 1668 1709 1722 ἁτεπεί-

125 1771 193 1827 γῃ
220 1755 336 1825 (87)
363 1773 449 1817 τις
478 1756 715 1825 ἀνάγκη.

1821 592 1934 636 tum
1965 587 2091 654 quia
2123 590 2436 648 necessaria
2464 600 2569 645 est.

1889 677 1978 730 30.
2023 679 2102 733 Ad
2144 680 2482 751 splendorem
2517 692 2573 741 et
2619 702 2868 759 pompam
2899 692 3176 749 exercitus
3202 696 3397 750 vendi-

1823 768 2067 834 tandam,
2119 773 2291 842 magis
2338 775 2517 831 valent
2567 778 2793 848 obliqua
2843 789 2897 836 et
2937 784 3004 838 ad
3048 785 3394 841 altitudinem

1820 862 2122 931 spectantia
2168 876 2369 931 castra,
2427 870 2802 943 maioremque
2848 888 3139 931 numerum
3181 888 3397 933 castro-

1820 966 1965 1019 rum,
2012 969 2176 1024 quam
2208 955 2367 1027 plana
2413 967 2467 1013 et
2496 964 2725 1031 aequalia
2755 966 2895 1027 loca,
2932 981 3045 1036 prae
3089 981 3150 1022 se
3181 968 3385 1026 lerunt.

1820 1040 1877 1096 Si
1911 1043 2075 1113 igitur
2115 1048 2296 1117 aliqua
2349 1062 2544 1119 pompa
2577 1065 2717 1121 Opus
2766 1056 2859 1120 sit,
2886 1057 3109 1128 obliqua
3141 1073 3205 1113 ac
3235 1060 3393 1114 decli-

1817 1135 1905 1189 via
1938 1136 2056 1192 loca
2093 1139 2385 1210 eligantur,
2430 1149 2659 1212 tumque
2700 1147 3045 1214 potissimum
3075 1166 3200 1206 cum
3248 1166 3397 1208 com-

1819 1236 2055 1283 meatum
2107 1231 2361 1287 idonentn
2412 1234 2615 1291 habent
2674 1239 2743 1292 ad
2796 1253 2991 1298 omnes
3046 1246 3390 1301 necessarios

1818 1336 1969 1376 USllSo

1887 1414 1975 1468 51.
2031 1413 2345 1487 lnaequalia,
2411 1430 2472 1475 ut
2517 1422 2780 1490 diximus,
2841 1428 2956 1482 loca
3012 1428 3283 1500 eligantur
3319 1434 3391 1487 ad

1812 1516 1995 1561 castra
2024 1511 2313 1577 ponenda:
2360 1527 2538 1585 neque
2576 1515 2738 1587 longo
2765 1527 3013 1589 tempore
3043 1538 3152 1577 uno
3184 1525 3237 1578 in
3263 1524 3388 1580 loco

1811 1609 2191 1665 permaneant,
2228 1601 2330 1655 nisi
2366 1612 2589 1673 propter
2617 1606 2738 1660 caeli
2771 1608 3113 1675 tenuitatem,
3146 1619 3201 1664 et
3232 1613 3390 1680 puri-

1814 1694 2006 1751 tatem,
2051 1702 2103 1744 et
2149 1702 2370 1762 propter
2432 1700 2805 1754 necessarium
2849 1712 3241 1771 commeatum,
3292 1716 3389 1761 aut

1811 1776 1915 1831 alia
1948 1781 2217 1850 quaepiam
2252 1784 2550 1843 necessitas
2573 1786 2829 1845 detineat.

187 1846 293 1915 λβν.
350 1845 512 1898 Ἀλλά
536 1850 631 1899 καὶ
659 1846 758 1910 τὰς
788 1848 1025 1916 φυσικὰς
1048 1848 1354 1917 ἀναγκαίας
1382 1851 1571 1920 χρείας
1592 1850 1692 1903 τῶι

1879 1845 1981 1928 52ί
2006 1845 2123 1928 Alvi
2156 1882 2474 1947 naturaeque
2521 1894 2689 1935 onera
2722 1896 3068 1953 nequaquam
3112 1884 3255 1940 intra
3294 1901 3386 1941 ca-

121 1936 445 2007 ἁνθρώπων,
496 1936 571 1999 ὡς
622 1937 860 2009 είρηται,
898 1939 978 2010 μὴ
1038 1939 1285 2011 γίνεσθαι
1346 1941 1548 1996 ἔσωθεν
1600 1942 1697 1996 τοῦ

120 2030 417 2097 posci-too,
449 2027 564 2081 ἀλλ’
595 2027 816 2095 ἔξωθεν,
851 2030 941 2084 διὰ
980 2029 1080 2101 τὴν
1107 2031 1372 2088 δυσωδίαν
1419 2033 1555 2104 (88),
1606 2035 1699 2087 καὶ

121 2122 357 2189 μάλιστα
387 2120 483 2173 ἐὰν
516 2120 753 2195 ἐπιμένῃ
776 2121 864 2176 διά
887 2138 1007 2177 τινα
1028 2124 1219 2194 χρείαν
1249 2123 1312 2179 τὸ
1339 2124 1610 2195 φοσσάτον
1641 2126 1697 2179 ὲν

118 2214 197 2265 ἐνὶ
222 2214 398 2284 τόπῳ.

182 2304 286 2373 λγ’.
331 2306 422 2359 Ἐν
469 2304 526 2358 δὲ
573 2306 684 2369 τοῖς
721 2306 1039 2376 ἀναγκαίοις
1072 2310 1285 2379 καιροῖς
1331 2308 1540 2381 βραχὺν
1597 2312 1695 2383 μὲν

113 2398 231 2468 ἦτοι
262 2396 462 2467 μικρὸν
490 2397 620 2450 δντα
648 2398 741 2451 τδν
767 2399 1012 2469 ποταμὸν
1034 2400 1093 2452 ὲν
1131 2399 1281 2469 μέσῳ
1298 2400 1381 2453 δεῖ
1405 2402 1695 2472 παραλαμ-

115 2491 298 2545 ϐάνειν
330 2488 425 2543 τοῦ
452 2490 693 2561 χάρακος
725 2489 822 2544 τοῦ
850 2492 1127 2560 φοσσάτου
1150 2492 1237 2545 ῐνα
1285 2493 1433 2547 ἐστὶν
1464 2493 1694 2558 εὗϐατος

112 2583 220 2644 τοῖς
249 2581 344 2635 τοῦ
374 2582 630 2652 στρατοῦ.

174 2670 270 2726 λδ’.
316 2673 443 2726 'an
470 2673 524 2726 δὲ
552 2674 759 2743 τραχύς
802 2676 920 2727 ἐστι
972 2678 1066 2729 καὶ
1113 2677 1308 2747 μέγας,
1347 2680 1411 2731 ὲκ
1457 2680 1688 2749 πλαγίου

112 2763 271 2816 αὑτὸν
290 2766 464 2817 ποιεῖν
490 2779 548 2816 σε
577 2764 682 2835 χρὴ
712 2765 798 2819 διὰ
822 2766 884 2819 τὸ
911 2768 991 2830 είς
1018 2766 1280 2839 ὀχύρωμα
1315 2770 1568 2838 γενέσθαι
1595 2773 1688 2826 τοῦ

113 2855 376 2927 στρατοῦ.

174 2949 272 3003 λε’.
335 2948 588 3019 Ποταμοῠ
638 2949 695 3003 δὲ
747 2949 1187 3020 παρα-τρέχοντος
1250 2953 1566 3025 συμμέτρου
1625 2958 1687 3010 οὐ

108 3040 220 3094 δέον
272 3041 401 3103 τοὺς
449 3040 650 3105 ἵππους
703 3044 831 3105 τοὺς
863 3041 1079 3110 ἐξάγεις
1106 3042 1187 3105 είς
1233 3044 1398 3098 ποτὸν
1428 3047 1571 3101 κατὰ
1622 3050 1684 3102 τὸ

106 3133 310 3187 ἄνωθεν
346 3136 530 3205 μέρος,
557 3139 643 3187 ἵνα
675 3136 750 3205 μὴ
783 3137 849 3207 τῇ
876 3137 1088 3207 κινήσει
1115 3134 1222 3189 τῶν
1256 3137 1436 3191 ποδῶν
1464 3141 1675 3211 ταράσ-

108 3242 288 3288 σοντες
321 3226 384 3279 τὸ
415 3226 558 3297 ὕδωρ
589 3225 807 3298 Θολερδν
835 3228 966 3281 αὐτὸ
997 3228 1092 3282 καὶ
1120 3227 1395 3299 ἄχρηστον
1443 3235 1686 3302 ποιήσω-

106 3333 207 3378 σιν,
240 3315 380 3370 ἀλλὰ
415 3316 659 3370 κάτωθεν
691 3317 914 3386 μᾶλλον.

166 3406 278 3475 λς’.
318 3408 447 3462 Ἐὰν
494 3408 550 3460 δὲ
576 3408 754 3476 ὀλίγος
786 3410 934 3463 ἐστὶν
963 3412 992 3461 ό
1018 3408 1264 3479 ποταμὸς
1306 3408 1398 3463 διὰ
1442 3411 1681 3481 ἀγγείων

101 3495 296 3566 αὐτοὺς
316 3502 439 3555 δέον
470 3503 731 3567 ποτίζειν,
768 3504 861 3556 καὶ
885 3503 961 3574 μὴ
990 3502 1283 3573 ἐπαφιέναι
1311 3505 1439 3569 τοὺς
1476 3505 1679 3570 ἵππους

98 3595 174 3657 εἰς
195 3593 261 3646 τὸ
286 3592 585 3666 ταράσσειν
616 3594 766 3647 αὐτό.

162 3683 263 3747 λζ’.
300 3684 538 3753 Πλησίον
569 3683 625 3737 δὲ
685 3684 872 3754 λόφου,
905 3684 986 3748 είς
1013 3685 1072 3738 ὃν
1100 3683 1355 3739 δύνανται
1406 3688 1457 3741 οἱ
1489 3687 1677 3760 ἐχθροὶ

96 3774 386 3841 ἀναϐῆναι,
444 3775 504 3828 τὸ
554 3775 814 3829 ἄπλικτον
846 3776 920 3848 μὴ
980 3775 1158 3842 ποιοῦ,
1217 3778 1415 3848 μήπως
1468 3780 1677 3835 ἐκεῖθεν

94 3868 217 3930 τοὺς
263 3868 320 3919 ἐν
376 3865 453 3936 τῷ
506 3869 856 3939 στρατοπέδῳ
906 3868 1039 3940 (89),
1068 3870 1542 3936 κατατοξεύσωσιν
1587 3874 1676 3927 εὐ-

93 3959 283 4019 κόλως.

154 4048 260 4121 λη’.
279 4050 407 4103 Ἐὰν
443 4050 499 4103 δὲ
530 4051 631 4104 οὐκ
661 4052 796 4105 εἰσιν
823 4053 991 4120 ἐγγὺς
1012 4053 1061 4104 οί
1094 4053 1371 4123 πολέμιοι,
1394 4054 1532 4109 ἀλλὰ
1568 4073 1673 4126 μα-

90 4139 228 4210 κρὰν
259 4139 369 4193 ἀπὸ
395 4139 594 4194 ἱκανῶν
622 4142 845 4213 ἡμερῶν
865 4141 1005 4207 ὁδοῦ,
1026 4143 1101 4213 μὴ
1125 4143 1412 4216 ἑπιτήδευε
1442 4146 1671 4215 πλησίον

89 4232 280 4296 ὓδατος
312 4233 382 4287 τὰ
401 4232 639 4286 ἄπλικτα
668 4237 862 4300 ποιεῖν,
890 4236 983 4287 καὶ
1014 4237 1251 4305 μάλιστα
1291 4238 1365 4309 μὴ
1399 4238 1668 4294 καὸαλλα⁴

90 4321 240 4388 ρίων,
278 4322 368 4376 ῐνα
399 4322 474 4393 μὴ
506 4324 600 4377 καὶ
653 4324 723 4378 τὰ
751 4325 924 4395 ἄλογα
958 4328 1054 4381 καὶ
1102 4329 1153 4380 οί
1207 4328 1400 4401 ἄνδρες
1450 4331 1665 4382 ὲνςσυν-

87 4410 243 4483 ηθείᾳ
273 4411 375 4481 τῆς
397 4410 729 4477 πολυποσίας
778 4415 1061 4486 γενόμενοι
1117 4417 1175 4469 ἐν
1212 4418 1391 4488 καιρῷ
1425 4418 1524 4488 τῆς
1553 4419 1665 4472 λείη

85 4502 245 4570 ψεως,
276 4502 355 4565 ὡς
404 4503 572 4567 εἰκὸς,
621 4502 812 4568 ὕδατος
863 4506 951 4558 ὅτε
980 4506 1061 4559 δεῖ
1126 4511 1413 4579 καρτερεῖν
1465 4510 1658 4580 φέρον·
1694 4529 1738 4585 D

84 4609 166 4657 τες
188 4592 517 4664 ὸλιγωρῶσι.

148 4684 248 4739 λθ’.
282 4684 418 4739 Οὐδὲ
447 4685 576 4750 τοὺς
614 4686 815 4752 πεζοὺς
864 4688 1004 4757 μετὰ
1036 4688 1146 4742 τῶν
1176 4690 1556 4763 καὸαλλαρίων
1589 4693 1671 4747 δεῖ

84 4777 418 4844 annnam,
448 4778 580 4849 πρὶν
615 4778 650 4851 ἢ
681 4781 807 4844 τοὺς
840 4779 1067 4851 ἐχθροὺς
1099 4784 1315 4851 ἐγγίσαι
1341 4785 1399 4836 ὲν
1429 4784 1506 4855 τῷ
1537 4803 1664 4855 (ροσ-

1804 1969 2040 2015 strorum
2074 1963 2339 2018 ambitum
2372 1969 2626 2035 ponenda
2669 1981 2817 2037 sunt,
2849 1973 2942 2028 sed
2969 1972 3125 2043 foris,
3159 1988 3384 2050 propter

1800 2053 1985 2110 odoris
2015 2056 2362 2125 gravitatem,
2406 2059 2454 2114 si
2500 2060 2706 2118 diutius
2746 2079 2855 2119 uno
2893 2065 2948 2120 in
2976 2066 3094 2123 loco
3132 2084 3383 2126 commo-

1799 2147 2029 2199 randum
2063 2146 2154 2202 sit.

1868 2323 1958 2377 55.
1994 2322 2334 2380 Necessariis
2366 2326 2702 2397 temporibus
2744 2329 2961 2386 brevem
2993 2341 3090 2388 aut
3120 2335 3377 2409 exiguum

1797 2412 2040 2466 rivulum
2068 2412 2208 2468 intra
2230 2415 2495 2472 ambitum
2529 2427 2833 2475 castrorum
2860 2424 3113 2495 recipies,
3138 2442 3202 2483 ea
3226 2438 3379 2498 parte

1798 2520 1902 2574 qua
1940 2507 2285 2576 permeabilis
2317 2519 2399 2565 est
2420 2512 2709 2568 exercitui.

1865 2689 1956 2743 54.
2009 2689 2105 2744 Sin
2151 2706 2383 2762 magnus
2435 2704 2599 2765 atque
2638 2711 2798 2768 asper
2829 2698 3028 2757 ﬂuvius
3071 2701 3258 2770 fuerit,
3305 2708 3375 2761 ad

1794 2780 1938 2837 litus
1969 2791 2274 2838 castrorum
2306 2783 2586 2856 jungatur,
2622 2795 2800 2858 utpro
2831 2790 2974 2847 vallo
3007 2796 3206 2850 castris
3241 2797 3333 2852 sit.

1866 2951 1955 3007 55.
2022 2952 2284 3008 Mediocri
2331 2953 2499 3011 ﬂuvio
2544 2961 2982 3032 praeterlabente,
3029 2969 3369 3038 superiorem

1792 3057 1999 3113 partem
2041 3062 2236 3102 versus
2288 3049 2417 3118 equi
2474 3062 2737 3120 aquatum
2786 3056 3023 3114 ducendi
3058 3076 3166 3115 non
3217 3073 3367 3129 sunt,

1791 3150 1858 3189 ne
1904 3150 2045 3204 aqua
2084 3136 2316 3205 pedibus
2359 3140 2572 3196 turbata
2602 3157 2827 3201 caenosa
2857 3160 2921 3203 ac
2954 3148 3217 3207 lutulenta
3252 3153 3366 3219 ﬂat,

1791 3224 1885 3279 sed
1919 3228 1986 3280 ad
2021 3226 2334 3285 inferiorem
2361 3242 2570 3301 partem
2601 3235 2909 3294 adducendi
2940 3252 3089 3298 sunt.

1858 3401 1943 3456 56.
1973 3402 2028 3457 Si
2054 3404 2287 3476 exiguus
2312 3408 2707 3481 fueritﬂuvius,
2725 3416 2871 3473 vasis
2885 3418 3122 3478 educant
3140 3438 3362 3496 aquam,

1784 3506 1963 3563 neque
1988 3510 2161 3565 equos
2196 3498 2250 3553 in
2294 3499 2522 3557 ﬂuvium
2565 3505 2880 3573 admittant,
2932 3524 3157 3583 propter
3206 3532 3365 3590 aquae

1783 3586 2197 3643 turbulentiam.

1855 3679 1943 3734 57.
1992 3679 2168 3753 Prope
2208 3684 2399 3741 collem
2456 3689 2719 3760 aliquem,
2773 3710 2937 3765 quem
2994 3698 3179 3758 hostes
3227 3719 3363 3761 con-

1780 3772 2044 3828 scendere
2083 3785 2336 3843 possunt,
2370 3788 2551 3834 castra
2587 3796 2655 3836 ne
2685 3797 2878 3853 ponas,
2914 3802 2981 3841 ne
3013 3789 3152 3848 forte
3190 3808 3359 3851 oecu-

1781 3873 1906 3934 pato
1942 3880 2010 3923 eo
2039 3866 2181 3931 loco,
2220 3870 2403 3926 hostes
2438 3873 2653 3943 sagittis
2692 3886 2743 3932 te
2770 3883 3101 3950 opprimant.

1847 4043 1937 4097 '58.
1980 4042 2037 4097 Si
2093 4061 2257 4115 prope
2306 4050 2492 4105 hostes
2536 4068 2644 4107 non
2698 4055 2986 4125 aﬂ‘uerint,
3042 4063 3136 4117 sed
3208 4065 3354 4138 longi

1778 4132 1991 4190 itineris
2030 4136 2171 4188 viam
2213 4136 2509 4205 abluerint,
2551 4150 2730 4198 castra
2770 4156 2988 4217 propter
3028 4148 3253 4209 ﬂuvium
3286 4132 3356 4209 ne

1775 4236 1965 4289 ponas,
2017 4224 2262 4292 equitum
2321 4227 2375 4279 in
2435 4230 2648 4296 primis,
2708 4249 2775 4288 ne
2824 4236 3071 4303 jnmenta
3118 4243 3355 4311 copiosa:

1775 4315 2052 4380 aquationi
2113 4316 2445 4383 assuefacta,
2488 4322 2595 4379 alio
2652 4332 2897 4397 tempore
2953 4330 3167 4387 defecta
3221 4348 3350 4407 pom

1771 4408 1991 4474 quando
2021 4410 2293 4467 snstinere
2317 4416 2463 4469 sitlm
2494 4416 2716 4482 debent,
2752 4436 2858 4475 non
2897 4425 3132 4491 possint.

1839 4690 1926 4745 59.
1968 4690 2184 4749 Pedites
2214 4695 2354 4751 intra
2387 4707 2696 4758 castrorum
2726 4704 2991 4763 ambitum
3020 4725 3144 4767 eum
3186 4718 3347 4787 equi-

1767 4781 1909 4839 tibus
1948 4786 2293 4855 requiescere
2339 4805 2448 4845 non
2479 4802 2714 4863 oportet,
2764 4798 2808 4852 si
2844 4799 3030 4858 hostes
3068 4781 3343 4878 longe—ab-

85 4871 246 4939 σάτῳ,
275 4869 611 4936 ἁλλ’ῐξωθεν
639 4873 758 4940 μὲν,
788 4872 1016 4944 πλησίον
1035 4874 1092 4927 δὲ
1118 4875 1214 4927 τοῦ
1243 4876 1540 4945 φοσσὰτου,
1574 4879 1660 4933 ἴνα

1798 4875 1988 4941 uerint,
2032 4878 2126 4933 sed
2175 4886 2329 4936 extra
2382 4892 2437 4939 et
2482 4889 2778 4958 separatim
2812 4908 2981 4964 prope
3029 4869 3230 4967 castr-a,
3285 4898 3381 4957 nt‘

84 4963 217 5031 μηδὲ
264 4963 712 5033 στενοχορῶνται,
762 4965 897 5035 μηδὲ
951 4966 1306 5038 εὐαρίθμητοι
1359 4969 1657 5037 φαίνωνται

1798 4982 1942 5039 eque
1978 4970 2160 5027 nimiis
2206 4979 2478 5045 angustiis
2518 4993 2855 5051 premantur,
2884 5001 3060 5057 neque
3094 5006 3123 5045 a
3150 5008 3344 5063 specu-

82 5058 183 5117 τοῖς
227 5053 621 5118 κατασκόποις.
664 5054 937 5127 Δοκίμαξε
968 5057 1026 5111 δὲ
1054 5058 1161 5130 πρὸ
1199 5059 1398 5129 ὀλίγων
1429 5063 1656 5135 ἡμερῶν

1798 5062 2028 5117 ttoribus
2061 5065 2215 5121 facile
2268 5082 2643 5129 numerentur.
2681 5073 2787 5131 Sed
2828 5094 3034 5148 paucos
3068 5096 3193 5140 ante
3222 5088 3339 5141 dies

80 5146 151 5208 εἰς
176 5147 344 5200 πόσον
392 5144 668 5216 διάστημα
721 5147 1051 5218 χωροῦνται,
1076 5154 1167 5204 καὶ
1215 5150 1331 5215 πῶς
1368 5153 1655 5221 μέλλουσιν

1803 5168 1924 5207 nam
1961 5155 2144 5213 hostes
2186 5164 2464 5227 accedant,
2515 5167 2913 5237 explorandum
2950 5184 3032 5230 est
3073 5190 3337 5246 quantum

81 5236 411 5304 ἁπλικεύειν,
444 5237 539 5292 καὶ
568 5237 662 5290 ἐὰν
690 5240 915 5309 γένηται
944 5241 1129 5304 αὐτοῖς
1165 5243 1352 5314 καιρὸς
1389 5243 1652 5298 εἰσελθεῖν

1798 5246 1918 5315 petii
1959 5250 2189 5319 capiant,
2224 5266 2277 5308 ‹-ι
2310 5236 2773 5325 quemadmodum
2816 5264 2956 5320 intra
3008 5236 3203 5324 vallum
3249 5288 3340 5327 ca-

83 5332 209 5397 μετὰ
239 5329 351 5384 τῶν
388 5328 790 5400 καδαλλαρίων.

1798 5346 1873 5392 lra
1904 5353 2129 5412 ponant,
2149 5345 2193 5399 si
2226 5349 2446 5416 quando
2464 5366 2601 5421 opus
2619 5352 2800 5423 fuerit,
2828 5368 2885 5413 ut
2907 5374 3028 5414 cum
3061 5365 3334 5433 equitibus

1762 5429 1922 5485 simul
1947 5446 2122 5488 castra
2160 5437 2409 5496 habeant.

1592 5567 1824 5631 NOTIE.

288 5657 435 5730 Τοὺς
458 5658 751 5729 πλαγίους
772 5659 864 5715 δέ.
913 5659 1126 5725 Scribe,
1165 5678 1216 5714 τ.
1245 5660 1508 5730 πλαγίους
1546 5662 1644 5716 δεῖ.

282 5728 389 5805 Kal
414 5730 524 5805 οὐκ
547 5727 866 5805 ἁτε-ζτιιίνιῄῃ.Δ
882 5731 1089 5805 Scribe,
1116 5731 1297 5805 xal‘ob
1322 5727 1640 5805 κατεπείγῃ.

141 5797 246 5868 (88)
290 5798 622 5853 Δυσωδίαν.
651 5797 1037 5863 Scribebatnr.
1070 5801 1382 5857 δυσωδεῖαν.

354 5892 623 5954 Ρλτιιοι..
670 5896 787 5956 Gn.
821 5896 1012 5958 CVII.

2772 5908 2844 5968 ‘26

1830 5669 1959 5753 (89)_
1992 5673 2210 5763 '57:an
2247 5682 2650 5749 στρατοπέδῳ.
2701 5687 3056 5741 Scribebatur
3077 5729 3093 5754 ,
3159 5691 3219 5744 ὲν
3249 5692 3330 5763 τῷ

1755 5745 1969 5813 στρατῷ
1996 5745 2189 5818 παίδῳ.
