4176 6446
839 379 942 439 803

2092 370 2368 432 LEONIS
2405 369 2859 431 PHILOSOPHI

3990 378 4087 439 804

909 491 1000 543 40.
1033 487 1129 541 Sin
1173 488 1353 541 hostes
1386 485 1723 550 immineant,
1771 480 2164 553 providendum
2193 489 2299 541 est,
2351 493 2399 531 ni

2594 488 2668 547 μί.
2707 476 2833 529 Ἐὰν
2884 476 2940 529 δὲ
2975 478 3024 529 οἱ
3054 477 3239 548 ἐχθροὶ
3262 479 3575 547 ὲγγίζωσιν,
3599 481 3680 531 ἵνα
3712 484 4083 538 συνάπτωνται

839 580 1027 634 eodem
1080 579 1130 631 in
1183 577 1411 638 ambitu,
1454 573 1682 630 confuse
1719 574 1929 643 equites
1982 578 2157 624 castra
2207 575 2411 637 ponant

839 684 961 722 cum
979 666 1265 737 peditibus,
1285 666 1376 719 sed
1392 666 1707 735 separatim,
1723 679 1785 717 ac
1800 663 2050 716 distincte
2065 662 2406 717 consideani.

908 762 997 827 41.
1029 760 1158 812 Belli
1197 767 1441 827 tempore
1464 758 1646 811 ﬁrmis.
1677 759 1731 810 in
1759 755 1894 809 locis
1920 765 2098 808 castra
2130 769 2324 824 ponas,
2355 764 2409 808 ct

836 869 965 906 cura
998 852 1092 905 tibi
1127 860 1465 906 commeatus
1515 863 1806 918 rerumque
1839 847 2269 903 necessariarum
2314 862 2378 901 su

838 944 1116 1013 scipienda
1152 952 1256 1007 est,
1294 954 1349 995 ut
1377 952 1488 995 tum
1544 940 1819 1003 homines,
1853 948 1963 994 tum
1990 939 2236 1008 iumenta
2281 953 2407 1006 pau-

839 1049 1032 1088 corum
1055 1034 1263 1088 dici-un
1294 1043 1679 1096 commeatum,
1711 1048 1744 1101 p
1778 1043 1930 1101 opter
1955 1030 2248 1100 ancipitem
2278 1028 2404 1082 belli

834 1134 1117 1186 eventum,
1149 1124 1401 1178 habeant.
1460 1122 1696 1177 Μακηηο
1736 1132 1916 1177 autem
1962 1120 2402 1192 prospiciendum

833 1226 941 1281 est,
977 1222 1037 1267 ut
1079 1231 1131 1269 ιιι
1168 1216 1359 1285 primis
1403 1230 1598 1281 aquam
1640 1214 1911 1278 obtinens,
1945 1223 2000 1266 et
2042 1213 2112 1266 ab
2156 1212 2404 1267 hostibus

834 1305 1118 1370 defendas,
1149 1321 1254 1375 qua
1288 1306 1363 1358 illi
1389 1306 1659 1358 interdum
1695 1304 1950 1372 egebuiit.
1986 1302 2042 1355 Si
2076 1318 2301 1372 campus
2321 1312 2403 1355 est

834 1395 889 1448 in
929 1410 1039 1465 quo
1072 1393 1407 1448 conﬂictatio
1437 1393 1560 1447 belli
1595 1392 1776 1447 futura
1809 1401 1913 1455 est,
1947 1408 1976 1445 a
2010 1400 2160 1461 tergo
2193 1392 2276 1445 vel
2304 1390 2404 1445 ﬂii-

832 1486 979 1540 vium
1008 1485 1087 1540 vel
1129 1485 1303 1540 laeum
1327 1485 1551 1548 habeas,
1585 1496 1679 1539 aut
1706 1486 1942 1555 aliquam
1975 1482 2184 1537 ﬁrmam
2218 1484 2401 1539 muni—

833 1578 1057 1631 tionem.

910 1755 999 1808 42.
1036 1752 1342 1812 Fossatum,
1381 1749 1431 1803 id
1456 1759 1556 1812 est,
1593 1757 1899 1802 castrorum
1921 1746 2187 1799 ambitum
2221 1760 2401 1799 muni-

2520 569 2569 619 οἱ
2594 568 2946 636 καϐαλλάριοι
2976 570 3092 631 τοῖς
3120 570 3325 632 πεζοῖς,
3356 572 3446 623 καὶ
3474 573 3533 623 ὲν
3568 572 3644 641 τῷ
3674 573 3786 641 an:
3832 576 4089 629 ἀπλικεύκ

2517 675 2667 711 ουσιν
2698 661 2756 712 ὲν
2780 663 2891 723 τοῖς
2916 661 3270 729 τεταγμένοις
3298 663 3505 725 τόποις.

2591 747 2702 819 μα’.
2745 751 2835 806 Ἔν
2868 751 2927 806 δὲ
2955 752 3034 823 τῷ
3079 752 3174 805 τοῦ
3234 754 3474 823 πολέμου
3534 759 3711 827 τναςρῇ
3756 758 3889 819 ,δέον
3925 776 3985 812 σε
4015 763 4087 824 εἰς

2513 841 2541 891 ὀ
2570 856 2746 910 πρους
2777 841 2976 907 τόπους
3002 842 3069 896 τά
3098 842 3133 896 ἀ
3216 860 3338 897 ηκια
3358 847 3613 912 ἐπινοεῖν,
3649 850 3741 901 καὶ
3782 850 4087 920 φροντίζειν

2514 934 2621 987 τῶν
2669 935 3014 1005 ἐπιτηδείων,
3052 936 3125 1007 μὴ
3151 937 3330 1007 μόνον,
3366 938 3439 1001 ὠ,
3464 942 3700 1010 εἷρηται,
3730 943 3830 1012 τῆς
3868 944 3968 996 τῶν
4000 944 4087 998 ἀν·

2514 1025 2751 1096 θρώπωθ
2780 1027 3097 1097 ἀποτροφίς
3130 1029 3311 1097 ὀλίγωκ
3360 1031 3606 1100 ἡμερῶν,
3629 1033 3743 1086 ἀλλ’
3766 1037 3815 1086 εί
3842 1035 4084 1101 δυνατέν,

2515 1116 2607 1168 καὶ
2655 1132 2764 1169 των
2819 1115 3067 1184 ἀλόγων,
3125 1117 3212 1173 διά
3251 1120 3313 1171 ’ὀ
3347 1119 3540 1189 ἄδηλον
3563 1137 3657 1175 του
3692 1122 3792 1176 τ-ολ
3828 1141 3953 1193 μου,
4000 1130 4087 1179 καὶ

2512 1204 2908 1272 ὲπιμελεισθαι,
2936 1206 3027 1258 καὶ⁹
3055 1204 3392 1274 διασκοπεῖν,
3433 1210 3520 1262 ἵνα
3551 1210 3638 1264 διὰ
3670 1214 3892 1267 πάντων
3927 1215 4086 1269 δύνα-

2513 1308 2601 1345 σαι
2634 1294 2693 1346 τὸ
2721 1294 2867 1367 ὕδωρ
2897 1295 3153 1349 ἐκδικεῖν·
3204 1299 3262 1349 ὲν
3294 1300 3470 1370 καιρῷ
3500 1300 3609 1370 γὰρ
3643 1304 3736 1355 καὶ
3764 1306 3894 1367 τοὺς
3944 1307 4090 1359 πολε.

2514 1380 2672 1448 μίους
2702 1382 2846 1445 ἓξεις
2870 1383 3181 1453 δεομένους.
3219 1388 3327 1439 Καὶ
3354 1388 3449 1442 ὲάν
3487 1390 3586 1459 μέν
3628 1392 3744 1443 ἐστι
3785 1393 4007 1462 κάμπος
4032 1398 4086 1448 ἐν

2508 1465 2552 1538 ᾧ
2578 1474 2609 1541 ἡ
2630 1472 2879 1544 συμϐολὴ
2910 1476 3002 1527 τοῦ
3023 1475 3259 1545 πολέμου
3285 1477 3748 1547 μέλλειζγίνεσθαι,
3772 1484 4087 1548 σπουδάζειν

2517 1563 2616 1630 μὲν
2653 1562 2795 1632 ἔχειν
2830 1565 3048 1626 πάντως
3077 1567 3157 1630 είς
3186 1567 3255 1619 τά
3286 1568 3460 1621 ὀπίσω
3486 1569 3519 1638 ἢ
3545 1574 3787 1642 mm.pr
3813 1574 3848 1644 ἢ
3872 1574 4059 1644 λίμνην

2516 1657 2527 1668 ”
2572 1654 2630 1705 ετ
2664 1671 2757 1722 ρον
2784 1671 2823 1707 τ
2852 1672 2897 1707 ιο
3001 1675 3023 1699 ν
3048 1658 3332 1729 ὀχύρωμα.

2586 1746 2659 1814 μβ
2681 1785 2694 1799 .
2728 1746 2837 1799 Καὶ⁵
2864 1746 2927 1799 τὸ
2956 1747 3053 1817 μὲν
3086 1751 3354 1816 φοσσάτον
3382 1755 3557 1805 ποιεῖν
3577 1753 3793 1823 ὀχυρὸν,
3812 1760 3905 1808 καὶ
3930 1774 4085 1826 στρα-

835 1857 946 1898 tum
1004 1843 1196 1902 facias.
1231 1853 1284 1895 ct
1322 1841 1458 1895 satis
1490 1836 1690 1891 multos
1731 1836 1804 1890 ibi
1855 1835 2154 1889 instructus
2200 1831 2399 1886 milites

2504 1835 2592 1886 τὸν
2648 1839 2706 1888 ἐν
2737 1837 2888 1905 αὐτῷ
2923 1839 3364 1909 καταλιμπάνειν
3394 1842 3485 1894 τὸν
3522 1846 3787 1911 ἀρκούτα,
3823 1847 3912 1899 ἶνα
3948 1848 4024 1917 μὴ
4056 1851 4082 1900 ὀ

834 1937 1133 2005 relinquas,
1182 1945 1241 1987 ut
1285 1946 1352 1986 ne
1382 1932 1427 1985 si
1464 1930 1701 1984 hostium
1748 1929 1856 1982 dux
1891 1927 2085 1982 castris
2121 1925 2227 2001 tuis
2264 1924 2395 1981 insi-

832 2027 1029 2088 dietur,
1072 2040 1165 2078 eos
1202 2022 1293 2092 qui
1342 2018 1626 2074 incastris
1670 2026 1798 2069 sunt
1838 2030 2030 2069 omnes
2086 2014 2398 2069 interﬂuat.

831 2119 1039 2173 Currus
1078 2124 1262 2169 autem
1287 2113 1363 2166 tui
1386 2111 1557 2165 aciem
1582 2117 1907 2178 sequantur.

906 2207 997 2261 45.
1028 2204 1083 2259 Si
1118 2203 1274 2258 fortis
1316 2202 1480 2255 fuerit
1521 2200 1674 2253 locus
1715 2209 1877 2267 atque
1910 2197 2211 2266 iumqualis,
2245 2213 2398 2250 cara-

832 2314 982 2365 gum,
1039 2296 1091 2349 id
1138 2302 1240 2358 est,
1283 2300 1582 2355 vecturam,
1631 2290 1945 2358 reliquaque
1994 2289 2397 2358 impedimenta,

831 2399 994 2458 atque
1035 2393 1353 2455 apparatum
1393 2384 1445 2436 in
1476 2380 1682 2435 lossato
1704 2395 1825 2434 cuin
1863 2380 2049 2449 paucis
2071 2379 2396 2450 quihusdam

834 2479 964 2532 iiiis
1013 2476 1298 2531 curulibus
1351 2473 1416 2527 ad
1470 2472 1685 2525 illorum
1745 2472 2044 2525 custodiam
2102 2471 2393 2540 relinques.

832 2572 991 2622 Acies
1029 2576 1210 2622 autem
1243 2566 1512 2620 instructa
1551 2563 1745 2618 idoneo
1771 2561 1825 2615 in
1868 2562 1990 2617 loco
2025 2579 2187 2633 prope
2220 2562 2398 2619 fossa-

835 2672 947 2714 tum
970 2660 1285 2714 collocetur.

897 2750 985 2806 44.
1017 2747 1073 2804 Si
1101 2750 1219 2803 loca
1264 2746 1581 2803 difﬁcultate
1626 2756 1787 2817 atque
1831 2748 2123 2817 asperitate
2168 2749 2396 2816 inunita,

830 2850 884 2893 «τι
929 2845 1111 2895 hostes
1144 2840 1379 2894 maxima
1422 2854 1488 2894 ex
1519 2849 1669 2909 parte
1696 2841 1908 2908 equites
1954 2840 2180 2903 fuerint,
2209 2840 2275 2894 ad
2303 2841 2399 2895 de-

832 2934 1134 2987 l'eiisiuiieiii
1180 2940 1235 2985 et
1282 2932 1771 3001 propugnationem
1830 2939 2067 2985 vectura:
2113 2945 2176 2984 ac
2228 2930 2399 2999 impe-

831 3022 1191 3076 dimentorum
1236 3021 1353 3091 ipsa
1391 3021 1496 3075 loci
1549 3028 1745 3073 natura
1801 3024 1931 3075 satis
1961 3021 2082 3074 erit.
2141 3019 2197 3076 Si
2250 3021 2394 3076 enim

831 3130 1025 3169 currus
1058 3114 1257 3169 talibus
1288 3115 1341 3169 iii
1365 3113 1500 3168 locis
1517 3122 1897 3182 sequerentur,
1923 3113 2084 3169 utiles
2120 3114 2399 3171 instructa:

2498 1940 2607 1976 των
2660 1926 2935 1995 πολεμίων
2990 1930 3291 1999 στρατηγὸς
3322 1930 3686 2005 ὲπιϐουλευσῃ
3722 1936 3816 1988 τὸν
3848 1938 4079 2008 χάρακα,

2500 2016 2595 2072 καὶ
2620 2017 2910 2089 διαφθείρῃ
2943 2022 3069 2083 τους
3119 2021 3342 2077 ἔσωθεν.
3380 2026 3488 2089 Τάς
3538 2026 3596 2079 δὲ
3635 2028 3852 2097 ἀμάξας
3882 2032 4080 2085 ἐπακοο

2502 2107 2719 2162 λουθεῖν
2747 2112 2807 2162 ὲν
2841 2109 3015 2174 τάξει.

2576 2198 2681 2267 μγ’.
2713 2201 2775 2253 Εἰ
2803 2201 2860 2253 δὲ
2897 2201 3118 2266 δυνατός
3166 2204 3311 2257 ἐστιν
3358 2208 3387 2258 ὀ
3432 2208 3595 2270 τόπος
3626 2210 3718 2262 καὶ
3766 2210 4078 2280 ἀνώμαλος,

2498 2290 2592 2343 τὸν
2620 2291 2716 2360 μὲν
2770 2294 3031 2363 καραγὸν,
3060 2294 3181 2364 ἦτοι
3236 2296 3336 2357 τάς
3387 2297 3623 2365 ἀμάξας,
3671 2302 3762 2353 καὶ
3794 2302 3865 2353 τὰ
3928 2303 4083 2371 ὅμοιοι

2502 2383 2596 2434 καί¹
2642 2383 2713 2434 τὸ
2743 2382 2929 2436 λοιπὸν
2976 2385 3218 2450 τοῦλδον,
3245 2387 3303 2439 ὲν
3330 2388 3406 2457 τῷ
3454 2392 3711 2460 φοσσάτῳ
3746 2394 4082 2463 καταλιμπά-

2503 2489 2613 2525 νειν
2650 2475 2793 2542 μετά
2845 2474 3043 2543 ὀλίγων
3073 2476 3182 2529 τῶν
3229 2478 3597 2547 ἀμαξηλατῶν
3632 2484 3713 2546 είς
3766 2486 4083 2555 παραφυλα-

2499 2563 2623 2631 κὴν,
2650 2562 2748 2633 τὴν
2776 2564 2834 2616 δὲ
2864 2567 3170 2635 παράταξιν
3194 2569 3422 2638 πλησίον
3451 2571 3544 2623 τοῦ
3568 2576 3841 2641 φοσσάτού
3863 2578 4081 2630 τάτσειν

2501 2655 2559 2706 ὲν
2592 2654 2885 2725 ἐπιτηδείῳ
2912 2660 3087 2726 τότ-ῳ.

2575 2742 2677 2813 μδ’.
2716 2745 2779 2796 Εἰ
2812 2745 2917 2815 γάρ
2956 2747 3097 2799 εἰσιν
3131 2748 3179 2800 οί
3210 2748 3365 2800 τόποι
3394 2750 3650 2805 δύ’-ϐάτοι
3704 2771 3798 2806 και
3842 2755 4082 2825 μάλιστα

2499 2836 2610 2888 τῶν
2640 2835 2852 2907 ἐχθρω)
2883 2838 3051 2891 ὄντων
3078 2839 3479 2911 καϐαλλαριων,
3507 2844 3669 2913 ἀρκεῖ
3688 2850 3753 2917 τῇ
3780 2850 4081 2917 παρατάξει

2498 2928 2578 2990 είς
2636 2927 2903 2998 οχύρωμα
2938 2930 2970 2998 ἡ
3002 2932 3097 2982 τοῦ
3129 2931 3294 2983 τόπου
3346 2933 3634 3002 δυσχέρεια
3660 2954 3671 2965 ·
3701 2940 3798 2990 ἐὰν
3855 2942 3967 3010 γὰρ
4023 2942 4078 2992 αἱ

2499 3018 2706 3089 ἅμαξαι
2764 3020 3130 3074 ἀκολουθῶσιν
3165 3024 3222 3075 ὲν
3250 3026 3363 3088 τοῖς
3414 3028 3673 3091 τοιούτοις
3710 3030 3925 3096 τόποις,
3985 3035 4082 3086 ἑπ-

2500 3111 2724 3179 ωφελείς
2789 3109 2887 3179 μὲν
2962 3113 3075 3173 τοῖς
3099 3113 3456 3181 τασσομένοις
3491 3115 3588 3166 οὐκ
3621 3118 3781 3180 εἰσὶν,
3814 3118 3952 3173 ἀλλά
3995 3123 4085 3173 καὶ

830 3205 965 3259 aciei
1011 3220 1116 3258 non
1163 3212 1346 3259 essent
1427 3204 1522 3257 sed
1573 3203 2011 3273 perturbationes
2061 3219 2185 3260 esse
2238 3220 2395 3274 repe-

2504 3200 2891 3269 δυσμετάθετοι
2924 3200 3291 3271 εὑρίσκονται.

833 3302 1095 3356 i'irentur.

897 3386 987 3448 65.
1026 3384 1351 3441 Οϋεετν.ιι›ἰε
1392 3386 1554 3440 etiam
1589 3386 1753 3441 boves
1792 3385 2099 3456 diligenter,
2135 3396 2195 3441 ut
2226 3388 2398 3443 aciem

828 3479 1003 3535 sicubi
1041 3486 1371 3547 sequantur,
1415 3478 1504 3531 ubi
1534 3493 1674 3549 opus
1716 3487 1801 3533 est
1839 3479 2140 3533 consistere
2170 3480 2398 3548 possint,

831 3586 898 3625 ne
938 3569 1174 3624 tumultu
1214 3568 1591 3634 inimicorum,
1624 3579 1678 3624 et
1707 3570 2024 3639 sagittarum
2060 3569 2400 3639 iaculorum-

828 3677 933 3731 que
964 3660 1304 3732 conjectione
1342 3661 1633 3731 exagitati,
1674 3675 1793 3715 eam
1849 3661 2146 3730 impediant
2189 3671 2240 3716 et
2274 3678 2397 3732 per-

830 3753 1061 3807 turbent.
1114 3750 1219 3806 Sed
1262 3752 1342 3806 vel
1387 3752 1637 3822 pedicas,
1680 3752 1763 3806 vei
1795 3752 2010 3807 vincula
2050 3752 2289 3821 ’njicies,
2333 3769 2401 3809 ne

829 3844 1044 3915 sagittis
1096 3844 1262 3913 aliqui
1315 3843 1579 3897 vulnerati
1608 3844 1815 3914 pedites
1842 3844 2174 3913 perturbent.
2214 3844 2400 3914 Itaque

830 3951 896 3988 ne
927 3951 1091 4006 prope
1115 3936 1335 4007 quidem
1380 3937 1588 4006 pedites
1623 3935 1675 3989 in
1708 3935 1824 3991 acie
1853 3935 2263 3990 admoveantur.

899 4201 989 4255 46.
1024 4198 1079 4253 Si
1108 4198 1271 4254 alicui
1304 4199 1426 4254 luco
1457 4198 1525 4252 ab
1553 4199 1804 4255 hosnhus
1826 4209 2142 4271 oppugnata
2173 4215 2398 4256 succur-

830 4292 1081 4357 rendum,
1118 4300 1219 4346 aut
1253 4292 1633 4362 anticipandus
1688 4292 1886 4361 aliquis
1921 4292 2073 4347 locus
2103 4307 2226 4347 eum
2258 4292 2399 4347 cele-

829 4386 989 4438 ritate
1032 4394 1137 4449 est,
1184 4400 1253 4439 ne
1298 4398 1492 4440 cnrrus
1547 4385 1754 4440 tardius
1790 4384 2146 4453 procedentes
2168 4384 2395 4453 impedi-

828 4486 1013 4531 mento
1064 4477 1169 4532 illis
1220 4479 1615 4531 maturantibus
1674 4478 1821 4542 sint,
1881 4475 2219 4546 relinquendi
2270 4492 2394 4531 cum

828 4569 1050 4639 reliquis
1096 4569 1497 4639 impedimentis
1541 4570 1594 4622 in
1640 4569 1821 4639 aliquo
1853 4568 1973 4623 loco
2003 4570 2215 4624 munito
2246 4577 2393 4623 sinit.

827 4658 1089 4730 Capiendi
1115 4660 1343 4730 pedites,
1384 4661 1791 4731 capiendusque
1810 4660 2037 4715 illorum
2059 4669 2395 4715 commeatus

826 4764 943 4817 est,
989 4756 1032 4807 si
1076 4754 1126 4807 id
1158 4768 1290 4809 usus
1328 4754 1539 4824 exigat,
1578 4766 1632 4808 et
1663 4753 1942 4809 vehendus
1979 4768 2105 4808 eum
2137 4753 2272 4817 illis,
2316 4753 2396 4808 vel

827 4846 1137 4916 sagmariis,
1186 4846 1238 4900 id
1268 4854 1351 4900 est
1383 4845 1636 4908 sarcinis,
1663 4846 1743 4900 vel
1771 4846 1925 4915 cquis
1952 4846 2019 4901 ad
2046 4845 2149 4899 hoc
2169 4844 2393 4915 paratis.

826 4938 1085 5007 (Lapieiidi
1115 4938 1277 4992 etiam
1312 4938 1519 5002 tribuli,
1560 4937 1610 4991 id
1643 4948 1747 5003 cst,
1778 4939 2010 4992 murices
2038 4946 2183 5000 sunt,
2209 4936 2396 5007 sicque

826 5047 950 5085 cum
975 5031 1217 5085 exercitu
1250 5030 1660 5087 discedendum.

895 5120 983 5176 47.
1025 5119 1163 5175 Tum
1209 5122 1388 5186 enim,
1441 5122 1486 5177 si
1534 5131 1743 5191 tempus
1794 5121 2015 5191 aliquod
2068 5130 2247 5176 castra
2292 5135 2393 5191 po-

827 5216 1002 5268 nenda
1045 5213 1233 5280 fuerit,
1271 5211 1416 5268 fossa
1446 5222 1748 5283 opportune
1771 5214 1953 5277 ducta,
1984 5221 2035 5267 et
2071 5212 2287 5267 tribulis
2309 5226 2398 5265 or-

822 5306 948 5358 iliue
976 5304 1185 5375 positis,
1223 5303 1307 5358 vel
1336 5302 1698 5361 aedificatione
1724 5304 1907 5373 aliqua
1949 5304 2095 5358 intus
2130 5302 2395 5367 adhibita,

824 5397 903 5450 vel
926 5397 1065 5451 vallo
1081 5413 1143 5452 ex
1164 5396 1320 5469 lignis
1342 5396 1611 5463 confecto,
1631 5412 1785 5466 teque
1809 5397 2017 5450 ﬁl'lllalll
2041 5395 2399 5449 munitionem

823 5487 1085 5542 fossatum
1132 5488 1382 5554 habebit,
1429 5504 1491 5543 ac
1534 5490 1579 5542 si
1624 5502 1821 5559 carago
1870 5487 2137 5541 munitum
2184 5489 2400 5540 luisset.

2576 3377 2671 3448 με’.
2724 3378 3060 3451 Ἐπινοήσειε
3106 3380 3162 3434 δὲ
3193 3382 3274 3444 εἰς
3325 3383 3449 3444 τοὺς
3510 3383 3636 3453 βὸαο
3681 3384 3793 3438 τῶν
3830 3388 4059 3457 ἀμαεων

2503 3471 2589 3523 ἶνα
2627 3472 2754 3524 ὅταν
2789 3472 3126 3525 ἀκολουθῶσι
3152 3477 3217 3543 τῇ
3259 3474 3561 3544 παρατάξει
3588 3476 3683 3528 ἐὰν
3712 3478 3875 3547 χρεία
3928 3482 4085 3548 γένη·

2503 3579 2590 3614 ται
2630 3562 2738 3633 ἀρα
2779 3565 2874 3617 καί⁵
2908 3566 3196 3634 ἀναμεῖναι
3240 3568 3340 3629 τάς
3379 3567 3593 3637 ἀμάξας
3628 3568 3767 3622 ὥστε
3802 3573 3879 3641 μὴ
3904 3572 4085 3625 διατα-

2508 3652 2800 3722 ράσσεσθαι
2822 3654 2924 3705 ὑπὸ
2954 3654 3047 3707 τοῦ
3072 3654 3303 3725 θορύϐου
3334 3656 3441 3707 τῶν
3462 3657 3695 3727 ἐχθρῶν,
3733 3660 3839 3710 ὑπὸ
3856 3661 3990 3724 τῶν,
4013 3663 4083 3723 ὠς

2502 3744 2670 3810 είκὸς,
2725 3743 3068 3815 βαλλομένων
3135 3747 3424 3813 σαγιττῶν,
3472 3751 3565 3801 καὶ
3597 3752 3856 3803 ἀτακτεῖν
3882 3755 3975 3805 καὶ
3996 3757 4080 3806 ἐν·

2500 3834 2677 3905 οχλεῖν
2716 3838 2782 3907 τῇ
2817 3838 3140 3907 παρατάξει.
3194 3839 3349 3893 Ἀλλά
3389 3840 3422 3911 ἢ
3465 3842 3751 3895 πεόικλουν
3791 3848 4084 3916 ταυτας,ῆ

2498 3932 2736 3999 οεσμεϊν,
2764 3930 2870 3997 ἵνα,
2922 3932 2996 3993 ὠ,
3026 3931 3264 4000 εἴρηται,
3290 3934 3338 3984 εἱ
3380 3933 3471 3986 καί
3503 3951 3647 3997 τινες
3690 3935 3749 3998 ἐξ
3780 3938 3962 3989 αὑτων
3987 3941 4086 3989 ὑπὸ

2504 4021 2774 4086 σαγιττῶν
2826 4022 3243 4092 τιτρώσκονται,
3277 4024 3353 4094 μὴ
3384 4024 3794 4096 διειάράσσωσι
3821 4029 3952 4091 τοὺς
3989 4047 4082 4081 περ

2504 4108 2648 4173 ζους,
2683 4110 2761 4162 διὸ
2789 4111 2908 4165 οὐδὲ
2934 4114 3040 4183 χρὴ
3071 4114 3203 4167 πολὺ
3243 4117 3408 4183 ἐγγὺς
3450 4116 3742 4170 ιάυτεσθλι
3782 4119 3842 4171 α’
3890 4120 3954 4182 ἀ,

2575 4200 2691 4271 μς’.
2720 4203 2780 4254 Εἰ
2807 4202 2885 4266 δὲ,
2910 4203 2983 4255 ὡς
3016 4206 3162 4267 εἰκὸς
3182 4244 3197 4269 ,
3239 4206 3461 4276 γένηται
3512 4209 3670 4278 χρεία
3717 4210 4086 4283 ἐνοχὶολμένῳ

2502 4293 2766 4365 βοηθῆσαι
2811 4295 2961 4365 τόπῳ
3010 4297 3115 4349 ὑπὸ
3180 4297 3413 4368 ἐχθρῶν,
3454 4300 3487 4370 ἢ
3524 4303 3963 4370 προκαταλαϐεῖν
3994 4321 4082 4357 τα-

2501 4386 2748 4456 χύτερον,
2787 4388 2881 4440 καὶ
2912 4388 2971 4440 ού
2998 4388 3291 4458 φθάξουειν
3320 4393 3375 4444 αἱ
3400 4392 3632 4461 ἄμαξαι,
3665 4393 3753 4446 ἴνα
3783 4394 3861 4465 μὴ
3893 4396 4087 4466 βραδύ-

2502 4494 2666 4529 νωσιν
2689 4479 2744 4529 αἱ
2779 4481 2982 4547 χρεῖαι·
3020 4481 3081 4531 τὸ
3106 4480 3206 4550 μὲν
3224 4482 3354 4534 ἄλλο
3384 4483 3601 4536 τοῦλδον
3640 4486 3732 4536 καὶ
3771 4486 3833 4537 τὸ
3870 4489 4081 4556 φοσσά-

2502 4585 2592 4620 τον
2624 4570 3061 4639 καταλιμπάνειν
3096 4574 3154 4624 ὲν
3180 4572 3363 4643 ὀχυρῴ
3415 4575 3584 4644 τόπῳ.
3617 4576 4083 4649 Παραλαμϐἀνειν

2500 4660 2557 4714 δὲ
2581 4662 2703 4724 τοὺς
2765 4663 2959 4727 πεζοὺς
3004 4664 3098 4715 καὶ
3124 4664 3222 4733 τὴν
3264 4665 3507 4735 δαπάνην
3541 4667 3743 4732 αὑτων,
3773 4670 3823 4720 εἰ
3865 4672 4084 4740 τοιαύτη

2504 4756 2725 4823 γένηται
2783 4755 2962 4826 χρεία,
3010 4757 3102 4808 καὶ
3156 4759 3595 4827 παρασκευάζειν
3649 4760 4084 4831 βαστάζεσθαιῆ

2500 4844 2587 4897 διὰ
2621 4846 2937 4915 σαγμαρίων
2967 4847 2999 4916 ἦ
3025 4847 3114 4899 ἐπὶ
3138 4848 3311 4918 τούτῳ
3346 4851 3742 4920 ἀφωρισμένων
3763 4852 3970 4919 ἵππων,
4000 4856 4089 4908 καὶ

2503 4938 2600 4998 τάς
2662 4936 2962 5006 τριϐόλους,
3024 4940 3115 4991 καὶ
3173 4939 3342 5002 οὕτως
3397 4940 3739 5011 ἀπέρχεσθαι
3803 4946 3945 5014 μετά
3996 4947 4085 4998 τοῦ

2505 5043 2563 5077 στ
2575 5043 2757 5096 ρατου.

2576 5119 2681 5188 μξκ
2711 5120 2840 5173 Τότε
2882 5121 3010 5192 γάρ,
3045 5124 3140 5174 ἐὰν
3181 5125 3272 5176 καὶ
3310 5126 3537 5194 γειηται
3568 5128 3756 5196 καιρὸς
3790 5128 4082 5189 άπλέκτου,

2502 5210 2596 5263 τοῦ
2651 5212 2963 5283 ὀρύγματος
3020 5214 3161 5268 κατά
3198 5215 3256 5267 τὸ
3283 5215 3401 5269 δέον
3450 5218 3765 5286 γενομένου,
3825 5221 3921 5271 καὶ
3983 5221 4085 5273 τῶν

2504 5302 2766 5368 τριϐόλων
2836 5306 3248 5377 ἀποτιθεμένων
3289 5348 3303 5373 ,
3362 5308 3396 5377 ἢ
3445 5309 3733 5379 οἰκοδομῆς
3790 5314 4085 5381 γενομένης

2503 5395 2726 5459 ἔσωθεν,
2762 5397 2793 5466 ῆ
2826 5398 3064 5468 χάρακος
3092 5400 3197 5452 ἀπὸ
3222 5399 3395 5464 ξύλων
3412 5401 3791 5472 πηγνυμένου,
3828 5405 4084 5473 τοιαύτην

2506 5490 2805 5557 ἀσφάλειαν
2849 5492 2993 5561 ἔχειν
3023 5492 3084 5545 τὸ
3116 5495 3405 5561 φοσσάτον,
3435 5495 3502 5564 ῆν
3529 5496 3731 5563 ὀφείλει
3767 5494 3919 5565 ῐχ;ιν
3956 5502 4085 5566 μετὰ

820 5581 1085 5651 Caragum
1127 5590 1309 5636 autem
1346 5582 1686 5653 appellamus
1726 5596 1920 5636 currus
1966 5589 2019 5634 et
2048 5580 2399 5635 miinitiOueiu

2505 5582 2601 5635 τοῦ
2651 5585 2918 5656 καραγοῦ.
2991 5588 3251 5657 Καραγὸι
3278 5587 3335 5641 δὲ
3362 5588 3591 5659 λέγομεν
3613 5589 3712 5651 τὰς
3747 5589 3973 5658 ἀμάξας
4004 5609 4086 5643 και

816 5667 1012 5725 lassati
1050 5686 1172 5726 cum
1211 5671 1333 5727 istis
1366 5671 1591 5726 factam.

889 5760 977 5815 $8.
1014 5762 1107 5816 Sin
1136 5763 1205 5817 ita
1246 5764 1482 5827 accidat,
1530 5774 1585 5817 ut
1624 5764 1805 5834 plures
1841 5765 2075 5835 equites,
2112 5764 2399 5834 pauciores

2508 5674 2598 5725 τὸν
2627 5674 2695 5727 δι’
2725 5676 2906 5729 αὐτῶν
2930 5679 3342 5751 περιτειχισμὸν
3375 5680 3469 5734 τοῦ
3507 5685 3779 5750 φοσσάτου

2587 5766 2693 5836 pq’.
2740 5768 2865 5822 Ίιῗάν
2900 5770 2954 5823 δὲ
2987 5770 3124 5841 τύχῃ
3153 5772 3291 5826 ὥστε
3330 5774 3453 5837 τοὺς
3487 5773 3888 5846 καϐειλλαρίους
3912 5776 4087 5829 πλείου
