4200 6440
805 376 909 440 807

2061 377 2349 440 LEONIS
2387 382 2852 449 PHILOSOPHI

3972 386 4073 449 808

803 495 999 557 pater
1036 497 1326 538 commune
1358 489 1412 535 et
1437 482 1715 552 publicum
1742 482 1964 548 bellum,
1985 487 2089 541 alia
2115 488 2181 541 ad
2213 489 2375 543 vict0<

2485 496 2654 564 χωρὶς
2680 496 2944 567 δημοσίου
2988 496 3224 566 πολέμου
3248 496 3591 567 κατορθῶσαι
3622 496 3719 567 τὴν
3748 496 3912 566 νίκην
3951 494 4070 551 κατ’

805 580 940 631 riam
969 574 1406 645 consequendam
1443 575 1720 629 institttas.
1762 574 1873 631 lluc
1906 578 2052 631 enim
2082 578 2375 632 admodum

804 673 1045 725 salutare
1078 683 1138 721 ac
1182 667 1553 721 necessarium
1592 678 1696 732 est,
1733 676 1792 721 ιιι
1832 668 2212 738 intelligentia.
2244 684 2374 738 pru-

803 764 1009 818 dentia.
1037 760 1413 829 magnitudine
1438 760 1627 826 animi,
1650 768 1767 813 arte
1787 760 2007 816 militari
2036 760 2226 817 hostes
2252 771 2375 816 tuos

804 867 1046 915 supr-res.

873 938 927 992 ὅ.
955 940 1133 1007 Atque
1165 940 1277 993 haec
1299 938 1517 1009 quidem
1544 941 1825 1010 prudentia
1850 942 2116 1012 factisque
2143 944 2375 1014 impera-

804 1028 962 1083 toriis
995 1028 1300 1098 priesmhis.
1339 1027 1587 1086 Scienter
1612 1045 1795 1088 autem
1822 1032 2023 1088 bellum
2048 1049 2226 1103 geres,
2260 1035 2377 1090 ido—

804 1133 901 1172 nea
930 1133 1054 1171 cum
1094 1119 1212 1173 acie
1238 1120 1540 1174 exercitum
1565 1120 1715 1174 varie
1740 1134 1805 1174 ac
1848 1126 1963 1175 tuto
2002 1120 2255 1177 diviseris
2283 1130 2376 1177 aut

802 1210 1180 1279 conjunxeris,
1212 1226 1274 1266 ac
1297 1212 1487 1266 ordine
1514 1212 1749 1281 quodam
1775 1212 1998 1268 militari
2027 1213 2131 1270 hoc
2158 1214 2371 1281 feceris,

803 1312 968 1372 atque
992 1304 1047 1356 in
1068 1303 1250 1357 hostes
1288 1303 1574 1359 invaseris.

871 1591 927 1646 6.
965 1589 1150 1659 Neque
1183 1604 1311 1644 vero
1344 1590 1580 1660 teipsum
1609 1590 1785 1646 solum
1819 1590 1889 1645 ab
1935 1591 2170 1646 hostium
2209 1591 2373 1656 dolis,

803 1681 1245 1746 incursionibus,
1298 1681 1544 1736 consiliis
1597 1688 1773 1735 tutum
1838 1680 2227 1747 conservabis,
2280 1680 2376 1735 sed

800 1776 967 1829 etiam
1012 1773 1224 1843 aliquas
1262 1773 1525 1827 adversus
1559 1787 1656 1828 eos
1694 1772 2130 1827 machinationes
2171 1786 2372 1826 serves.

2481 593 2677 647 αὐτῶν.
2741 590 2911 643 Τοῦτο
2963 589 3073 659 γάρ
3119 591 3235 641 ἐστι
3292 589 3385 641 καὶ
3431 594 3719 661 σωτήριον,
3779 590 3879 641 καὶ
3924 590 4067 643 πάνυ

2479 684 2807 752 ἀναγκαῖον,
2859 682 2946 735 ἵνα
2996 680 3083 734 διὰ
3128 684 3230 751 τῆς
3270 681 3370 747 σῆς
3408 680 3681 739 συνέσεως
3716 681 3814 734 καὶ
3854 682 4064 751 φρονή-

2481 793 2638 838 σεως,
2708 774 2800 827 καὶ
2867 771 3118 843 ἀνδρείας
3170 772 3266 825 καὶ
3325 776 3525 841 τέχνης
3570 774 3725 843 νικᾷς
3783 773 3919 837 τοὺς
3976 774 4065 843 ιχ-

2480 867 2508 920 θ
2517 866 2665 937 ρούς.

2549 959 2610 1013 ε’.
2641 957 2752 1012 Καὶ
2797 954 2973 1011 ταῦτα
3020 956 3120 1027 μὲν
3157 956 3249 1009 διά
3278 956 3387 1009 τῶν
3433 957 3805 1027 φρονημάτων
3834 957 4062 1013 καὶτῶν

2480 1049 2976 1123 στρατηγημάτων.
3004 1048 3104 1102 Διὰ
3132 1049 3191 1103 δὲ
3211 1049 3308 1119 τῆς
3346 1048 3653 1119 ima-naui]:
3684 1049 4062 1120 κατορθώσεις

2475 1145 2568 1199 τὸν
2622 1146 2878 1217 πόλεμον,
2906 1146 3001 1199 ἐὰν
3043 1146 3183 1216 μετὰ
3214 1145 3423 1210 τάξεως
3446 1145 3550 1216 τῆς
3575 1145 3901 1217 πρεπούσης
3948 1146 4062 1200 δια-

2478 1239 2802 1313 μερίσῃς,ἢ
2843 1238 3086 1312 συνάψῃς
3137 1239 3229 1293 τὸν
3295 1238 3527 1309 στρατδι
3571 1241 3835 1304 ποικίλως
3871 1240 3972 1295 καὶ
3998 1241 4059 1294 ά-

2474 1330 2718 1399 σφαλῶς,
2774 1333 2870 1385 καὶ
2899 1329 3221 1404 παρατάξῃς
3254 1332 3393 1402 μετὰ
3424 1331 3680 1396 εὐταξίας
3726 1332 4056 1402 πολεμικῆς.

2476 1423 2572 1476 καὶ
2618 1440 2788 1486 ουτως
2846 1425 2946 1488 τάς
3001 1425 3111 1478 τῶν
3180 1425 3459 1496 πολεμίων
3508 1427 3857 1496 ὲγχειρήσεις
3904 1427 4059 1496 ποιή-

2479 1530 2613 1577 σεις.

2551 1604 2625 1669 ς’.
2680 1606 2790 1661 Καὶ
2821 1606 2896 1676 μὴ
2922 1605 3083 1677 μόνον
3114 1606 3359 1677 φυλάξῃς
3391 1606 3622 1661 σεαυτὸν
3648 1608 3757 1661 άπὸ
3786 1608 3901 1661 τῶν
3932 1608 4054 1662 ἑπι-

2477 1697 2833 1767 τηδευμάτων
2891 1699 3058 1770 ἧγουν
3090 1700 3457 1770 φρονημάτων
3484 1698 3595 1753 τῶν
3646 1700 3909 1755 ἐναντίων
3938 1717 4053 1761 σου.

2478 1788 2595 1841 ἀλλ’
2644 1791 2733 1844 ῖνα
2779 1790 2980 1861 μᾶλλον
3024 1793 3118 1845 καὶ
3154 1793 3218 1847 σὺ
3248 1794 3367 1846 κατ’
3406 1791 3587 1844 αὐτῶν
3611 1792 3943 1866 ἐπιτηδεύῃς
3967 1793 4057 1844 καὶ

805 1864 958 1919 Unde
980 1874 1033 1919 et
1059 1864 1297 1933 majores
1317 1864 1492 1919 nostri
1517 1865 1619 1919 hoc
1644 1864 1800 1934 quasi
1836 1863 1967 1917 utile
1989 1862 2375 1926 observabant,

2480 1860 2900 1954 ἀντιστρατεύῃ,
2934 1881 3097 1936 Ὅθεν
3129 1884 3225 1937 καὶ
3254 1885 3301 1936 οἱ
3326 1881 3549 1938 παλαιοὶ
3573 1860 4055 1953 στρατηγοὶ-τοῦτο

800 1972 997 2026 nempe
1036 1957 1244 2012 ordinis
1274 1956 1765 2011 conservationem.
1806 1955 1883 2009 Ac
1917 1954 2040 2010 ideo
2071 1954 2370 2009 exercitum

802 2052 854 2103 in
900 2058 1141 2109 turmas.
1193 2050 1470 2119 drungos,
1518 2047 1572 2103 id
1618 2055 1731 2112 est,
1762 2045 2019 2102 cohortes
2066 2042 2370 2111 milliarias,

799 2150 1035 2213 tagmata
1075 2142 1188 2196 sive
1210 2141 1483 2206 cohortes,
1535 2139 1837 2206 centurias,
1882 2139 2264 2204 contubernia,
2308 2153 2372 2194 ac

800 2234 1038 2303 reliquas
1080 2243 1263 2303 partes
1297 2233 1365 2288 ad
1411 2248 1572 2289 usum
1616 2232 1870 2287 bellicum
1906 2230 2129 2287 idoneas
2170 2229 2371 2300 partie-

801 2323 999 2377 hantur
1033 2331 1196 2393 atque
1230 2312 1601 2378 instruebant.

868 2415 921 2469 7.
958 2413 1142 2485 Neque
1169 2416 1316 2470 enim
1346 2429 1447 2485 par
1472 2422 1557 2469 est
1578 2414 1630 2469 in
1656 2429 1821 2469 unam
1850 2413 2027 2469 solum
2061 2411 2233 2467 aciem
2253 2424 2373 2465 om-

799 2524 896 2563 nes
920 2508 1107 2578 copias
1132 2507 1405 2574 conferre,
1440 2522 1615 2579 neque
1639 2507 1696 2562 in
1723 2521 1837 2563 uno
1876 2514 2150 2562 momento
2170 2504 2372 2575 dijudi-

798 2600 1069 2655 cationem
1102 2609 1156 2654 et
1201 2600 1737 2657 administrationem
1764 2608 1931 2655 tanta:
1958 2599 2201 2669 equitum
2230 2596 2371 2651 mul-

796 2690 1049 2746 titudinis
1107 2706 1345 2762 ponere,
1400 2692 1703 2761 praesertim
1761 2705 1885 2745 cum
1934 2689 2032 2744 tibi
2078 2700 2370 2759 permagna

796 2784 1032 2839 militum
1074 2783 1363 2839 multitudo
1405 2782 1661 2839 adfuerit.
1704 2781 1761 2837 Si
1796 2791 1975 2838 autem
2012 2780 2369 2852 quemadmo-

796 2878 925 2931 dum
955 2892 1090 2932 usus
1118 2876 1303 2942 fuerit,
1333 2885 1388 2932 et
1410 2876 1506 2931 tibi
1536 2875 2041 2932 commodissimum
2075 2870 2381 2937 videbitur,

795 2968 1096 3023 exercitum
1145 2968 1489 3034 instruxeris,
1520 2982 1610 3023 res
1645 2967 1825 3022 varias
1854 2981 1919 3021 ac
1952 2966 2202 3021 diversas
2233 2963 2371 3018 bene

796 3060 1228 3116 administrabis.

867 3245 919 3299 8.
952 3243 1151 3299 Multos
1176 3254 1357 3299 autem
1385 3254 1438 3299 et
1460 3243 1643 3298 varios
1666 3242 1920 3297 adversos
1941 3255 2102 3296 casus
2123 3237 2370 3294 videmus

795 3336 1131 3404 contingere,
1163 3332 1385 3404 quando
1413 3332 1466 3386 in
1493 3347 1658 3387 unam
1680 3331 1853 3387 aciem
1877 3330 2168 3385 universas
2184 3327 2371 3397 copias

795 3426 921 3496 quis
946 3424 1109 3492 cogit,
1138 3424 1193 3478 in
1220 3422 1411 3494 primis
1453 3430 1635 3477 autem
1664 3436 1762 3477 eos
1792 3421 1887 3490 qui
1922 3418 2220 3485 contraria,
2256 3417 2372 3472 sive

798 3520 986 3579 hastas
1011 3525 1205 3587 gerunt
1231 3538 1242 3572 :
1268 3531 1393 3571 nam
1416 3530 1543 3571 cum
1570 3516 1761 3586 ingens
1784 3526 2045 3569 numerus
2066 3511 2138 3567 sit
2158 3524 2369 3574 eorum,

795 3612 889 3682 qui
942 3612 996 3666 in
1041 3611 1284 3666 exercitu
1334 3618 1484 3672 sunt,
1523 3623 1779 3680 magnum
1821 3605 2170 3661 intervallum
2210 3601 2372 3672 spatii

795 3704 1163 3775 occupabunt.

863 3795 917 3849 9.
960 3793 1163 3849 Deinde
1203 3809 1326 3855 cum
1373 3793 1538 3847 multa
1583 3801 1872 3847 occurrant
1912 3786 2198 3860 inmqualia
2229 3786 2370 3849 loca,

795 3888 1117 3957 inaequalem
1178 3902 1397 3957 quoque
1470 3895 1524 3941 ct
1588 3885 1731 3940 haud
1789 3883 2117 3955 morigeram
2172 3880 2368 3941 aciem,

796 3993 989 4049 nempe
1011 3986 1221 4033 vastam
1253 3991 1373 4032 esse
1398 3984 1632 4046 oportet,
1672 3983 1964 4045 partesque
1991 3971 2112 4041 ejus
2147 3970 2373 4025 minime

796 4072 937 4126 inter
964 4085 1023 4126 se
1065 4070 1381 4139 conspirare
1415 4076 1579 4137 atque
1619 4068 1756 4121 adeo
1791 4075 1918 4121 ante
1946 4079 2181 4136 pugnam
2219 4066 2372 4116 ince—

792 4173 964 4235 ptam,
993 4162 1361 4233 perturbatam
1392 4170 1445 4215 et
1478 4159 1844 4229 dissipabilem
1870 4156 2229 4211 inveniemus.

873 4340 956 4393 10.
1000 4338 1158 4405 Quod
1190 4339 1237 4393 si
1271 4338 1521 4394 hostibus
1560 4337 1665 4393 hoc
1690 4337 1995 4408 contingat,
2033 4345 2094 4392 ut
2134 4335 2372 4407 longitu-

794 4433 977 4487 dinem
1008 4431 1145 4486 aciei
1170 4441 1373 4487 nostraa
1401 4441 1681 4501 superent,
1710 4431 1762 4487 id
1792 4440 1897 4496 est,
1925 4431 1992 4487 ad
2012 4446 2112 4488 nos
2134 4430 2373 4487 circum-

2482 1975 2873 2048 παρετήρησαν
2901 1976 2978 2040 ὡς
2996 1976 3287 2048 χρήσιμον,
3322 1976 3491 2044 ἤγουν
3524 1975 3623 2045 τὴν
3648 1974 3927 2042 εὐταξίαν.
3950 1976 4057 2029 Καὶ

2472 2067 2561 2123 διά
2586 2066 2742 2122 τοῦτο
2784 2069 2865 2131 είς
2898 2068 3143 2139 τούρμας
3196 2066 3291 2121 καὶ
3316 2066 3617 2138 δρούγγους
3676 2066 3772 2120 καὶ
3809 2066 4055 2136 κόμητας

2473 2161 2567 2215 καὶ⁸
2594 2160 2928 2229 πεντάρχους
2977 2161 3073 2213 καὶ
3106 2161 3184 2223 είς
3214 2159 3346 2215 ἄλλα
3379 2160 3520 2230 μέρη
3551 2157 3689 2229 πρὸς
3714 2158 3812 2229 τὴν
3868 2158 4054 2227 χρείαν

2471 2253 2573 2323 τὴν
2594 2270 2876 2324 παρουσαν
2901 2253 2991 2306 τὸν
3044 2251 3164 2305 ὅλον
3189 2250 3418 2321 στρατὸν
3448 2249 3533 2302 δια
3542 2248 3865 2321 μερίσαντες
3885 2245 4055 2308 οὕτως

2473 2344 2901 2414 παρετάσσοντο.

2544 2433 2609 2500 ς’.
2641 2435 2715 2488 Οὐ
2754 2436 2863 2505 γάρ
2911 2433 3121 2504 πρέπον
3178 2433 3326 2487 ἐστὶν
3356 2434 3433 2495 εἰς
3473 2431 3604 2502 μῖαν
3654 2432 3822 2503 μόνην
3868 2430 4055 2500 παρά-

2473 2527 2624 2593 ταξιν
2662 2527 2948 2580 ἐκτάσσων
3008 2525 3099 2580 τὸν
3134 2527 3362 2597 στρατὸν
3386 2524 3481 2579 καὶ
3502 2525 3560 2578 ὲν
3592 2526 3690 2595 μιᾷ
3741 2524 3880 2595 μόνῃ
3912 2525 4054 2595 ροπῆ

2474 2618 2656 2688 κρίσιν
2676 2618 2766 2672 καὶ
2794 2618 3062 2689 διοίκησιν
3089 2616 3361 2671 τοσούτων
3385 2616 3638 2687 χιλιάδων
3674 2614 4056 2685 καδαλλαρξων

2472 2710 2773 2775 πιστεύειν,
2804 2708 2941 2764 ἀλλὰ
2987 2710 3083 2763 καὶ
3119 2708 3382 2778 δευτέραν
3428 2708 3692 2771 πολλάκις
3732 2708 3823 2760 καὶ
3864 2706 4056 2774 τρίτην

2472 2799 2777 2871 παράταξιν
2837 2800 2957 2854 κατ’
2994 2798 3216 2852 ὄπισθεν
3269 2799 3520 2869 διαιρεῖν,
3591 2798 3686 2851 καὶ
3754 2797 3923 2858 οὕτως
3957 2795 4057 2856 τὰς

2471 2891 2654 2958 τάξεις
2689 2893 2861 2945 ποιεῖν
2892 2892 3126 2963 μάλιστα
3152 2892 3281 2949 ὅταν
3305 2892 3385 2943 σοί
3411 2892 3579 2954 ἐστιν,
3598 2889 3780 2945 καθὼς
3810 2887 4057 2958 εἴρηται,

2471 2982 2675 3053 πλῆθος
2723 2984 3003 3054 στρατιᾶς.
3049 2984 3155 3037 Καὶ
3198 2983 3308 3053 γάρ
3340 2982 3516 3046 οὕτως
3552 2982 3741 3045 ποιῶν,
3772 2981 3848 3042 ὡς
3868 2981 3937 3035 ἄν
3974 2997 4057 3031 σοι

2472 3074 2600 3147 δόξῃ
2649 3075 2743 3130 καὶ
2767 3076 3045 3147 ἀπαιτήσῃ
3068 3077 3101 3145 ἡ
3140 3075 3321 3147 χρεία,
3359 3075 3617 3138 ποικίλως
3651 3073 3746 3126 καὶ
3776 3071 4055 3141 διαφόρως

2473 3166 2571 3231 τάς
2602 3166 2947 3238 ὲγχειρήσεις
2972 3166 3239 3236 ποιήσεις.

2542 3253 2610 3326 η’.
2640 3255 2819 3309 Πολλά
2872 3256 2970 3325 γάρ
3008 3255 3228 3309 ἐναντία
3258 3253 3583 3325 λογιζόμεθα
3614 3253 3878 3321 γίνεσθαι,
3927 3255 4057 3305 ὅταν

2473 3348 2554 3408 είς
2588 3346 2717 3415 μίαν
2747 3345 3055 3415 παράταξιν
3078 3346 3169 3399 τὸν
3213 3345 3334 3400 ὅλον
3376 3345 3606 3414 στρατόν
3640 3363 3721 3407 τις
3748 3346 4057 3415 συναγάγῃ.

2476 3438 2575 3492 καὶ
2610 3438 2730 3491 κατ’
2748 3436 3027 3506 ἐξαίρετον
3060 3438 3187 3500 τοὺς
3209 3437 3471 3508 κοντάρια
3487 3438 3737 3506 ἔχοντας·
3768 3436 4056 3504 συμ6άξιει

2473 3527 2581 3598 γὰρ
2609 3527 2846 3598 πλήθους
2878 3526 3031 3588 δντοπῖ
3060 3528 3317 3596 στρατοῦ.
3356 3526 3449 3579 καὶ
3488 3528 3566 3589 εἰς
3605 3526 3735 3579 πολὺ
3776 3526 4056 3593 διάστηῖτα

2473 3618 2532 3686 ἐξ
2561 3618 2802 3688 ἀνάγκης
2824 3615 3223 3686 ὲκτεινομὲνου.

2545 3796 2609 3850 θ’.
2662 3789 2796 3849 Εἶτα
2853 3796 2948 3848 καὶ
3002 3793 3309 3864 ἀνωμάλων
3366 3791 3547 3846 τόπων
3622 3790 4055 3849 ὑποπιπτόντων,

2474 3887 2658 3941 ἄνισον
2690 3882 3042 3954 εὑρίσκεσθαι
3092 3883 3186 3937 καὶ
3233 3881 3433 3950 ἀπειθῆ
3487 3882 3586 3953 τὴν
3625 3880 3955 3951 παράταξιν,
3987 3880 4057 3939 ὡς

2478 3976 2695 4050 μακράν
2726 3971 2913 4039 οὖσαν,
2965 3973 3059 4028 καὶ
3101 3973 3175 4045 μὴ
3228 3974 3538 4043 συμφωνεῖν
3570 3972 3818 4042 ἀλλήλοις
3854 3972 3924 4024 τά
3964 3971 4059 4040 μὲ-

2477 4088 2546 4141 ρη
2580 4070 2775 4139 αὐτῆς.
2801 4068 2898 4123 καὶ
2935 4067 3025 4121 διὰ
3053 4066 3213 4119 τοῦτο
3245 4067 3341 4118 καὶ
3385 4064 3493 4133 πρὸ
3520 4064 3619 4132 τῆς
3670 4063 3949 4131 συμϐολῆς
3978 4062 4060 4116 διᾶ

2473 4162 2573 4234 τὴν
2606 4160 2834 4225 ἀταξίαν
2891 4157 3203 4211 εὐδιάλυτον
3231 4156 3402 4227 αὐτὴν
3448 4159 3543 4208 καὶ
3587 4153 3946 4225 πεφυρμένην
3981 4152 4062 4219 γί-

2478 4253 2680 4307 νεσθαι.

2548 4350 2599 4399 ι’.
2632 4340 2763 4397 Εἶτα
2814 4342 2912 4396 ὲάν
2960 4355 3092 4393 ποτε
3123 4338 3306 4410 συμδῇ
3355 4339 3469 4400 τοῖς
3505 4334 3791 4406 πολεμίοις
3826 4334 3861 4406 ἢ
3894 4334 4059 4402 ὕπερ·

2475 4435 2768 4505 εκταθῆναι
2824 4432 2970 4488 κατά
3025 4431 3084 4485 τὸ
3116 4431 3366 4499 πλάγιον,
3422 4431 3614 4501 ἤγουν,
3645 4428 3740 4481 tul.
3767 4429 3944 4497 κέρας
3968 4428 4058 4478 ἑπ-

796 4523 1098 4579 cludendos
1141 4524 1324 4578 subito
1364 4523 1431 4577 ad
1477 4537 1646 4578 cornu
1686 4522 1930 4588 irruant,
1965 4522 2114 4577 acies
2142 4520 2369 4591 reliqua,

2478 4527 2712 4595 εξελθεῖν
2771 4523 2906 4592 πρὸς
2965 4521 3237 4575 κύκλωσιν
3270 4519 3573 4588 αἰφνιδίως,
3623 4515 3811 4569 λοιπὸν
3863 4516 3899 4584 ἡ
3964 4528 4061 4564 πα·

796 4631 919 4686 quae
972 4630 1002 4671 a
1039 4626 1190 4686 tergo
1247 4625 1299 4671 et
1344 4615 1610 4671 lateribus
1652 4624 1736 4670 est
1786 4615 2041 4685 praesidio
2093 4615 2371 4677 destituta,

801 4708 1017 4764 nemine
1042 4710 1154 4777 jam
1194 4707 1366 4762 aciem
1393 4706 1733 4771 sublevante,
1768 4706 2080 4761 necessario
2112 4706 2176 4760 ad
2210 4706 2375 4759 inter-

797 4801 1081 4857 necionem
1113 4801 1278 4855 venit.

871 4985 959 5039 ll.
996 4981 1194 5038 Prmlio
1223 4982 1335 5051 jam
1368 4982 1686 5047 commisso,
1724 4991 1943 5054 propter
1984 4984 2376 5055 longitudinem

801 5076 935 5133 aciei
976 5075 1226 5130 videmus
1266 5089 1408 5144 saepe
1445 5075 1674 5130 comites
1706 5090 1832 5130 cum
1879 5076 1994 5131 suis
2025 5076 2218 5131 bandis
2264 5078 2379 5132 sive

800 5166 1123 5223 cohortibus
1152 5165 1321 5220 aciem
1354 5164 1565 5219 occulte
1593 5163 1846 5220 deserere
1871 5182 1884 5219 :
1915 5181 2037 5235 qua:
2057 5181 2144 5221 res
2169 5167 2379 5222 caeteris

801 5259 1054 5313 omnibus
1098 5256 1440 5311 occasionem
1483 5255 1641 5310 aﬂ‘ert
1686 5256 2063 5313 miserabiliter
2115 5256 2377 5328 fugiendi.

811 5349 991 5405 Versis
1027 5350 1169 5405 enim
1222 5350 1274 5402 in
1325 5348 1507 5418 fugam
1554 5349 1687 5411 illis,
1732 5350 1877 5404 nulla
1918 5349 2256 5405 intermissio
2295 5348 2378 5404 fu-

803 5443 1002 5515 giendi,
1040 5442 1185 5496 nulla
1214 5457 1342 5512 spes
1380 5442 1670 5497 revocandi
1701 5450 1801 5498 est.
1831 5440 2001 5498 Nemo
2038 5444 2184 5497 enim
2217 5458 2313 5498 eos
2349 5459 2378 5498 a

804 5532 1064 5605 fugiendo
1091 5534 1369 5603 repellere.
1390 5544 1485 5587 aut
1506 5533 1573 5587 ad
1597 5535 1889 5590 stationem
1920 5536 2180 5590 reducere
2206 5544 2383 5605 potest

801 5629 913 5697 jam
950 5627 1017 5681 ad
1041 5624 1225 5696 fugam
1256 5625 1528 5681 incitatos.

879 5805 961 5859 l2.
1007 5803 1065 5859 Si
1110 5820 1239 5860 vero
1281 5805 1510 5863 feliciter
1549 5823 1608 5864 se
1662 5809 1860 5867 bellum
1901 5822 2150 5883 gesturos
2189 5825 2377 5884 putant

2481 4619 2701 4691 ράταξις
2742 4618 2832 4670 διά
2874 4631 2934 4667 τε
2982 4630 3089 4667 των
3135 4610 3311 4667 ὀπίσω
3339 4610 3432 4663 καὶ
3462 4610 3571 4662 τῶν
3618 4607 3867 4675 πλαγίων
3896 4602 4060 4669 nisi;

2477 4711 2759 4783 ἀποροῦσα
2806 4707 3078 4779 βοηθείας.
3136 4705 3231 4758 καὶ
3289 4702 3514 4774 μηδενὸς
3564 4701 3906 4769 ὑπάρχοντος
3972 4692 4059 4747 τοῦ

2479 4801 2905 4874 συνηγοροῦντος
2933 4796 3123 4867 αὐτὴν,
3180 4794 3240 4859 ἐξ
3278 4794 3522 4865 ἀνάγκης
3553 4792 3690 4863 πρὸς
3722 4789 3938 4843 τελείαν
3968 4805 4059 4855 ’ἕν’

2478 4896 2581 4969 γὴν
2607 4895 2859 4965 ὁρμήσει.

2555 4994 2641 5042 ια’.
2689 4985 2850 5039 Ἀλλά
2900 4984 2992 5038 καὶ
3052 4984 3110 5036 ὲν
3162 4980 3301 5051 αὐτῇ
3352 4981 3417 5049 τῇ
3463 4976 3558 5031 τοῦ
3623 4975 3868 5046 πολέμου
3928 4992 4061 5045 συμ-

2480 5082 2648 5151 ϐολῇ,
2705 5080 2792 5133 διὰ
2848 5077 2909 5130 τὸ
2972 5074 3147 5147 μῆκος
3192 5076 3292 5143 τῆς
3348 5069 3708 5141 παρατάξεως
3751 5067 4063 5121 ἐπιϐλέπειν

2481 5173 2741 5234 πολλάκις
2777 5169 2922 5231 τίνες
2952 5167 3060 5222 τῶν
3090 5165 3388 5234 ταγμάτων
3441 5163 3578 5232 μετά
3609 5160 3703 5213 καὶ
3731 5158 3843 5212 τῶν
3867 5158 4062 5228 βάνδων

2481 5265 2703 5336 ἀφανῶς
2756 5258 3140 5315 λιποτακτοῠσι
3176 5274 3188 5288 ·
3238 5256 3332 5309 καὶ
3383 5255 3594 5325 γίνεται
3655 5252 3749 5306 καὶ
3797 5254 3936 5306 πᾶσι
3964 5253 4063 5311 τοῖς

2481 5354 2685 5415 λοιποῖς
2713 5349 3110 5420 ἀναχωρήσεως
3147 5347 3440 5416 πρόφασις.
3487 5344 3599 5396 Καὶ
3634 5345 3868 5415 πρᾶγμα
3904 5343 4061 5395 elect-

2481 5447 2572 5500 νδ)
2599 5443 2949 5517 τρεπομένων
2993 5439 3194 5503 αὐτῶν,
3246 5438 3368 5492 οὐδὲ
3422 5438 3671 5509 άνακοπὴ
3719 5437 3820 5506 τῆς
3868 5440 4057 5507 φυγῆς.

2482 5535 2605 5590 οὐδὲ
2634 5531 2949 5603 ὑποστροφὴ
2969 5530 3193 5598 οὐδεμία
3219 5528 3451 5595 γίνεται·
3489 5528 3665 5592 οὐδεὶς
3692 5530 3803 5600 γὰρ
3839 5528 4060 5595 ἀναφαί-

2483 5646 2632 5684 νεται
2661 5629 2690 5681 ὁ
2725 5627 2933 5696 μέλλων
2963 5623 3351 5679 ἀνακαλεῖσθαι
3396 5625 3428 5693 ἢ
3464 5625 3816 5691 ὲπισυνάγειν
3872 5624 4057 5682 αὐτοὺς

2485 5724 2568 5786 είς
2598 5720 2827 5796 τρο-γὴν,
2860 5718 2937 5783 ὡς
2960 5719 3197 5789 εἴρηται,
3231 5721 3323 5773 καὶ
3356 5719 3533 5788 φυγὴν
3553 5718 3928 5790 ὁρμήσαντας.

2556 5813 2643 5884 ιβ’.
2690 5810 2817 5867 Ἐὰν
2867 5811 2925 5866 δὲ
2984 5811 3123 5881 τάχα
3154 5812 3248 5866 καὶ
3275 5810 3586 5883 νομίσουσιν
3620 5812 3758 5881 μετά
3788 5808 4057 5882 ἐπιτυχίας
