  <div class='ocr_page' id='page_1' title='image "/cluster/home/n/w/nwhite01/storage/ocr_20150623/107/nnc1.0046980040/476.png"; bbox 0 0 4200 6440; ppageno 0'>
   <div class='ocr_carea' id='block_1_1' title="bbox 133 378 3386 464">
    <p class='ocr_par' dir='ltr' id='par_1_1' title="bbox 133 378 3386 464">
     <span class='ocr_line' id='line_1_1' title="bbox 133 378 3386 464; baseline -0.005 -4"><span class='ocrx_word' id='word_1_1' title='bbox 133 401 250 464; x_wconf 79' lang='lat'><strong>809</strong></span> <span class='ocrx_word' id='word_1_2' title='bbox 1231 393 1567 454; x_wconf 79' lang='lat' dir='ltr'><strong>TACTICA.</strong></span> <span class='ocrx_word' id='word_1_3' title='bbox 1599 415 1668 427; x_wconf 91' lang='grc'><strong>-·</strong></span> <span class='ocrx_word' id='word_1_4' title='bbox 1705 388 2208 451; x_wconf 83' lang='lat' dir='ltr'><strong>CONSTITUTIO</strong></span> <span class='ocrx_word' id='word_1_5' title='bbox 2247 388 2351 448; x_wconf 83' lang='lat' dir='ltr'><strong>XI.</strong></span> <span class='ocrx_word' id='word_1_6' title='bbox 3282 378 3386 444; x_wconf 82' lang='lat'><strong>810</strong></span> 
     </span>
    </p>
   </div>
   <div class='ocr_carea' id='block_1_2' title="bbox 134 493 1793 580">
    <p class='ocr_par' dir='ltr' id='par_1_2' title="bbox 134 503 1793 580">
     <span class='ocr_line' id='line_1_2' title="bbox 134 503 1793 580; baseline -0.01 -13"><span class='ocrx_word' id='word_1_7' title='bbox 134 517 233 567; x_wconf 63' lang='grc' dir='ltr'>τὴν</span> <span class='ocrx_word' id='word_1_8' title='bbox 255 511 490 580; x_wconf 78' lang='grc' dir='ltr'>πόλεμον</span> <span class='ocrx_word' id='word_1_9' title='bbox 514 510 682 562; x_wconf 76' lang='grc' dir='ltr'>ποιεῖν</span> <span class='ocrx_word' id='word_1_10' title='bbox 715 508 856 570; x_wconf 69' lang='lat' dir='ltr'><strong>nisi;</strong></span> <span class='ocrx_word' id='word_1_11' title='bbox 888 505 1017 576; x_wconf 89' lang='grc' dir='ltr'>μίαν</span> <span class='ocrx_word' id='word_1_12' title='bbox 1044 503 1346 574; x_wconf 78' lang='grc' dir='ltr'><strong>παράταξιν</strong></span> <span class='ocrx_word' id='word_1_13' title='bbox 1369 503 1714 572; x_wconf 73' lang='grc' dir='ltr'><strong>τασσόμενοι,</strong></span> <span class='ocrx_word' id='word_1_14' title='bbox 1746 513 1793 571; x_wconf 66' lang='grc' dir='ltr'>Α</span> 
     </span>
    </p>
   </div>
   <div class='ocr_carea' id='block_1_3' title="bbox 1731 493 3390 580">
    <p class='ocr_par' dir='ltr' id='par_1_3' title="bbox 1746 493 3390 571">
     <span class='ocr_line' id='line_1_3' title="bbox 1746 493 3390 571; baseline -0.005 -18"><span class='ocrx_word' id='word_1_15' title='bbox 1746 513 1793 571; x_wconf 66' lang='grc' dir='ltr'><strong>Α</strong></span> <span class='ocrx_word' id='word_1_16' title='bbox 1818 500 1912 569; x_wconf 99' lang='lat' dir='ltr'><strong>qui</strong></span> <span class='ocrx_word' id='word_1_17' title='bbox 1937 515 2098 553; x_wconf 84' lang='lat' dir='ltr'><strong>unam</strong></span> <span class='ocrx_word' id='word_1_18' title='bbox 2119 499 2173 553; x_wconf 91' lang='lat' dir='ltr'><strong>in</strong></span> <span class='ocrx_word' id='word_1_19' title='bbox 2205 500 2377 553; x_wconf 84' lang='lat' dir='ltr'><strong>aciem</strong></span> <span class='ocrx_word' id='word_1_20' title='bbox 2401 512 2458 553; x_wconf 87' lang='lat' dir='ltr'><strong>se</strong></span> <span class='ocrx_word' id='word_1_21' title='bbox 2481 496 2778 561; x_wconf 88' lang='lat' dir='ltr'><strong>instruunt,</strong></span> <span class='ocrx_word' id='word_1_22' title='bbox 2805 504 2859 551; x_wconf 91' lang='lat' dir='ltr'><strong>et</strong></span> <span class='ocrx_word' id='word_1_23' title='bbox 2888 505 3014 551; x_wconf 78' lang='lat' dir='ltr'><strong>ante</strong></span> <span class='ocrx_word' id='word_1_24' title='bbox 3035 509 3093 550; x_wconf 85' lang='lat' dir='ltr'><strong>se</strong></span> <span class='ocrx_word' id='word_1_25' title='bbox 3117 493 3169 546; x_wconf 90' lang='lat' dir='ltr'><strong>in</strong></span> <span class='ocrx_word' id='word_1_26' title='bbox 3198 494 3390 562; x_wconf 71' lang='lat' dir='ltr'><strong>prmiio</strong></span> 
     </span>
    </p>
   </div>
   <div class='ocr_carea' id='block_1_4' title="bbox 138 586 1797 668">
    <p class='ocr_par' dir='ltr' id='par_1_4' title="bbox 138 591 1722 668">
     <span class='ocr_line' id='line_1_4' title="bbox 138 591 1722 668; baseline -0.009 -13"><span class='ocrx_word' id='word_1_27' title='bbox 138 603 239 656; x_wconf 77' lang='grc' dir='ltr'>καὶ</span> <span class='ocrx_word' id='word_1_28' title='bbox 300 599 563 668; x_wconf 66' lang='grc' dir='ltr'>προωθεω</span> <span class='ocrx_word' id='word_1_29' title='bbox 625 600 682 650; x_wconf 83' lang='grc' dir='ltr'><strong>ἐν</strong></span> <span class='ocrx_word' id='word_1_30' title='bbox 731 599 797 667; x_wconf 76' lang='grc' dir='ltr'>τῇ</span> <span class='ocrx_word' id='word_1_31' title='bbox 860 595 1006 666; x_wconf 80' lang='grc' dir='ltr'>μάχη</span> <span class='ocrx_word' id='word_1_32' title='bbox 1055 595 1180 654; x_wconf 82' lang='grc' dir='ltr'>τοὺς</span> <span class='ocrx_word' id='word_1_33' title='bbox 1239 591 1722 659; x_wconf 82' lang='grc' dir='ltr'>πολεμίους,,ὃταν</span> 
     </span>
    </p>
   </div>
   <div class='ocr_carea' id='block_1_5' title="bbox 1733 586 3392 668">
    <p class='ocr_par' dir='ltr' id='par_1_5' title="bbox 1827 586 3392 659">
     <span class='ocr_line' id='line_1_5' title="bbox 1827 586 3392 659; baseline -0.002 -15"><span class='ocrx_word' id='word_1_34' title='bbox 1827 589 2144 659; x_wconf 79' lang='lat' dir='ltr'><strong>repnlsuros</strong></span> <span class='ocrx_word' id='word_1_35' title='bbox 2193 589 2373 645; x_wconf 88' lang='lat' dir='ltr'><strong>hostes</strong></span> <span class='ocrx_word' id='word_1_36' title='bbox 2420 587 2766 650; x_wconf 77' lang='lat' dir='ltr'><strong>existimant,</strong></span> <span class='ocrx_word' id='word_1_37' title='bbox 2812 587 2900 640; x_wconf 86' lang='lat' dir='ltr'><strong>ubi</strong></span> <span class='ocrx_word' id='word_1_38' title='bbox 2946 586 3195 640; x_wconf 84' lang='lat' dir='ltr'><strong>universa</strong></span> <span class='ocrx_word' id='word_1_39' title='bbox 3244 586 3392 640; x_wconf 81' lang='lat' dir='ltr'><strong>acies</strong></span> 
     </span>
    </p>
   </div>
   <div class='ocr_carea' id='block_1_6' title="bbox 135 676 1794 762">
    <p class='ocr_par' dir='ltr' id='par_1_6' title="bbox 135 680 1717 762">
     <span class='ocr_line' id='line_1_6' title="bbox 135 680 1717 762; baseline -0.008 -16"><span class='ocrx_word' id='word_1_40' title='bbox 135 693 373 762; x_wconf 80' lang='grc' dir='ltr'>διαλυθῇ</span> <span class='ocrx_word' id='word_1_41' title='bbox 432 692 646 751; x_wconf 89' lang='grc' dir='ltr'>πάντως</span> <span class='ocrx_word' id='word_1_42' title='bbox 695 690 728 758; x_wconf 86' lang='grc' dir='ltr'>ὴ</span> <span class='ocrx_word' id='word_1_43' title='bbox 789 686 1090 757; x_wconf 79' lang='grc' dir='ltr'><strong>παράταξις</strong></span> <span class='ocrx_word' id='word_1_44' title='bbox 1148 685 1206 736; x_wconf 87' lang='grc' dir='ltr'><strong>ἐν</strong></span> <span class='ocrx_word' id='word_1_45' title='bbox 1259 684 1324 753; x_wconf 80' lang='grc' dir='ltr'><strong>τῇ</strong></span> <span class='ocrx_word' id='word_1_46' title='bbox 1359 681 1600 753; x_wconf 74' lang='grc' dir='ltr'>συμϐολῇ</span> <span class='ocrx_word' id='word_1_47' title='bbox 1623 680 1717 734; x_wconf 77' lang='grc' dir='ltr'><strong>τοῦ</strong></span> 
     </span>
    </p>
   </div>
   <div class='ocr_carea' id='block_1_7' title="bbox 1733 676 3392 762">
    <p class='ocr_par' dir='ltr' id='par_1_7' title="bbox 1827 676 3392 748">
     <span class='ocr_line' id='line_1_7' title="bbox 1827 676 3392 748; baseline -0.003 -13"><span class='ocrx_word' id='word_1_48' title='bbox 1827 680 2156 748; x_wconf 72' lang='lat' dir='ltr'><strong>dissipatur,</strong></span> <span class='ocrx_word' id='word_1_49' title='bbox 2196 688 2250 734; x_wconf 91' lang='lat' dir='ltr'><strong>ct</strong></span> <span class='ocrx_word' id='word_1_50' title='bbox 2291 680 2440 735; x_wconf 89' lang='lat' dir='ltr'><strong>omni</strong></span> <span class='ocrx_word' id='word_1_51' title='bbox 2483 679 2685 748; x_wconf 89' lang='lat' dir='ltr'><strong>impetu</strong></span> <span class='ocrx_word' id='word_1_52' title='bbox 2727 676 2991 748; x_wconf 74' lang='lat' dir='ltr'><strong>fugientes</strong></span> <span class='ocrx_word' id='word_1_53' title='bbox 3022 678 3206 732; x_wconf 84' lang='lat' dir='ltr'><strong>hostes</strong></span> <span class='ocrx_word' id='word_1_54' title='bbox 3245 676 3392 731; x_wconf 87' lang='lat' dir='ltr'><strong>inse-</strong></span> 
     </span>
    </p>
   </div>
   <div class='ocr_carea' id='block_1_8' title="bbox 136 768 1795 854">
    <p class='ocr_par' dir='ltr' id='par_1_8' title="bbox 136 770 1716 854">
     <span class='ocr_line' id='line_1_8' title="bbox 136 770 1716 854; baseline -0.01 -17"><span class='ocrx_word' id='word_1_55' title='bbox 136 784 388 854; x_wconf 81' lang='grc' dir='ltr'>πολέμου</span> <span class='ocrx_word' id='word_1_56' title='bbox 421 782 512 834; x_wconf 80' lang='grc' dir='ltr'>καὶ</span> <span class='ocrx_word' id='word_1_57' title='bbox 540 779 754 832; x_wconf 80' lang='grc' dir='ltr'>ποιοῦσι</span> <span class='ocrx_word' id='word_1_58' title='bbox 785 778 882 846; x_wconf 82' lang='grc' dir='ltr'>τὴν</span> <span class='ocrx_word' id='word_1_59' title='bbox 912 774 1092 841; x_wconf 80' lang='grc' dir='ltr'>δίωξιν</span> <span class='ocrx_word' id='word_1_60' title='bbox 1117 773 1384 854; x_wconf 15' lang='grc' dir='ltr'>ἀτάκτως,</span> <span class='ocrx_word' id='word_1_61' title='bbox 1410 775 1458 825; x_wconf 88' lang='grc' dir='ltr'><strong>οί</strong></span> <span class='ocrx_word' id='word_1_62' title='bbox 1496 770 1716 824; x_wconf 82' lang='grc' dir='ltr'>διώκον-</span> 
     </span>
    </p>
   </div>
   <div class='ocr_carea' id='block_1_9' title="bbox 1740 768 3399 854">
    <p class='ocr_par' dir='ltr' id='par_1_9' title="bbox 1827 768 3399 842">
     <span class='ocr_line' id='line_1_9' title="bbox 1827 768 3399 842; baseline -0.003 -16"><span class='ocrx_word' id='word_1_63' title='bbox 1827 772 2032 841; x_wconf 86' lang='lat' dir='ltr'><strong>quitur,</strong></span> <span class='ocrx_word' id='word_1_64' title='bbox 2070 770 2116 827; x_wconf 88' lang='lat' dir='ltr'><strong>si</strong></span> <span class='ocrx_word' id='word_1_65' title='bbox 2163 772 2438 842; x_wconf 79' lang='lat' dir='ltr'><strong>contingat</strong></span> <span class='ocrx_word' id='word_1_66' title='bbox 2471 787 2566 828; x_wconf 90' lang='lat' dir='ltr'><strong>eos</strong></span> <span class='ocrx_word' id='word_1_67' title='bbox 2596 772 2794 826; x_wconf 91' lang='lat' dir='ltr'><strong>iterum</strong></span> <span class='ocrx_word' id='word_1_68' title='bbox 2831 784 2890 825; x_wconf 87' lang='lat' dir='ltr'><strong>se</strong></span> <span class='ocrx_word' id='word_1_69' title='bbox 2919 770 3178 825; x_wconf 84' lang='lat' dir='ltr'><strong>adversus</strong></span> <span class='ocrx_word' id='word_1_70' title='bbox 3209 768 3399 838; x_wconf 80' lang='lat' dir='ltr'><strong>copias</strong></span> 
     </span>
    </p>
   </div>
   <div class='ocr_carea' id='block_1_10' title="bbox 135 861 1794 939">
    <p class='ocr_par' dir='ltr' id='par_1_10' title="bbox 135 861 1723 939">
     <span class='ocr_line' id='line_1_10' title="bbox 135 861 1723 939; baseline -0.008 -14"><span class='ocrx_word' id='word_1_71' title='bbox 135 889 235 935; x_wconf 87' lang='grc' dir='ltr'><strong>τες</strong></span> <span class='ocrx_word' id='word_1_72' title='bbox 260 887 274 902; x_wconf 87' lang='grc'><strong>·</strong></span> <span class='ocrx_word' id='word_1_73' title='bbox 323 873 418 924; x_wconf 81' lang='grc' dir='ltr'><strong>ἐὰν</strong></span> <span class='ocrx_word' id='word_1_74' title='bbox 446 868 624 939; x_wconf 76' lang='grc' dir='ltr'>συμϐῇ</span> <span class='ocrx_word' id='word_1_75' title='bbox 651 865 910 928; x_wconf 77' lang='grc' dir='ltr'><strong>πολλάκις</strong></span> <span class='ocrx_word' id='word_1_76' title='bbox 949 863 1074 926; x_wconf 74' lang='grc' dir='ltr'>τοὺς</span> <span class='ocrx_word' id='word_1_77' title='bbox 1100 861 1396 930; x_wconf 86' lang='grc' dir='ltr'>φεύγοντας</span> <span class='ocrx_word' id='word_1_78' title='bbox 1425 861 1723 927; x_wconf 80' lang='grc' dir='ltr'>ἀντιστρα-.</span> 
     </span>
    </p>
   </div>
   <div class='ocr_carea' id='block_1_11' title="bbox 1737 861 3396 939">
    <p class='ocr_par' dir='ltr' id='par_1_11' title="bbox 1828 863 3396 928">
     <span class='ocr_line' id='line_1_11' title="bbox 1828 863 3396 928; baseline -0.003 -10"><span class='ocrx_word' id='word_1_79' title='bbox 1828 864 1964 922; x_wconf 88' lang='lat' dir='ltr'><strong>alias</strong></span> <span class='ocrx_word' id='word_1_80' title='bbox 1994 864 2178 920; x_wconf 86' lang='lat' dir='ltr'><strong>subito</strong></span> <span class='ocrx_word' id='word_1_81' title='bbox 2206 878 2270 919; x_wconf 76' lang='lat' dir='ltr'><strong>ex</strong></span> <span class='ocrx_word' id='word_1_82' title='bbox 2307 865 2519 920; x_wconf 87' lang='lat' dir='ltr'><strong>insidiis</strong></span> <span class='ocrx_word' id='word_1_83' title='bbox 2557 863 2910 928; x_wconf 80' lang='lat' dir='ltr'><strong>intervenire,</strong></span> <span class='ocrx_word' id='word_1_84' title='bbox 2942 863 3085 916; x_wconf 86' lang='lat' dir='ltr'><strong>nulla</strong></span> <span class='ocrx_word' id='word_1_85' title='bbox 3109 877 3276 918; x_wconf 90' lang='lat' dir='ltr'><strong>causa</strong></span> <span class='ocrx_word' id='word_1_86' title='bbox 3309 870 3396 915; x_wconf 89' lang='lat' dir='ltr'><strong>cst</strong></span> 
     </span>
    </p>
   </div>
   <div class='ocr_carea' id='block_1_12' title="bbox 136 949 1795 1032">
    <p class='ocr_par' dir='ltr' id='par_1_12' title="bbox 136 949 1722 1032">
     <span class='ocr_line' id='line_1_12' title="bbox 136 949 1722 1032; baseline -0.009 -16"><span class='ocrx_word' id='word_1_87' title='bbox 136 964 317 1032; x_wconf 75' lang='grc' dir='ltr'>φῆναι</span> <span class='ocrx_word' id='word_1_88' title='bbox 373 960 514 1014; x_wconf 89' lang='grc' dir='ltr'><strong>κατά</strong></span> <span class='ocrx_word' id='word_1_89' title='bbox 556 958 663 1012; x_wconf 85' lang='grc' dir='ltr'>τῶν</span> <span class='ocrx_word' id='word_1_90' title='bbox 710 955 1011 1009; x_wconf 78' lang='grc' dir='ltr'><strong>διωκόντων</strong></span> <span class='ocrx_word' id='word_1_91' title='bbox 1041 953 1257 1014; x_wconf 81' lang='grc' dir='ltr'>αὐτοὺς.</span> <span class='ocrx_word' id='word_1_92' title='bbox 1293 951 1524 1020; x_wconf 75' lang='grc' dir='ltr'>δύναμιν</span> <span class='ocrx_word' id='word_1_93' title='bbox 1555 949 1722 1016; x_wconf 84' lang='grc' dir='ltr'>ἀλλην</span> 
     </span>
    </p>
   </div>
   <div class='ocr_carea' id='block_1_13' title="bbox 1736 949 3395 1032">
    <p class='ocr_par' dir='ltr' id='par_1_13' title="bbox 1829 952 3395 1024">
     <span class='ocr_line' id='line_1_13' title="bbox 1829 952 3395 1024; baseline -0.001 -17"><span class='ocrx_word' id='word_1_94' title='bbox 1829 953 1960 1022; x_wconf 89' lang='lat' dir='ltr'><strong>quin</strong></span> <span class='ocrx_word' id='word_1_95' title='bbox 1990 953 2550 1024; x_wconf 17' lang='lat' dir='ltr'><strong>qui-insequebantur.</strong></span> <span class='ocrx_word' id='word_1_96' title='bbox 2569 954 2749 1011; x_wconf 83' lang='lat' dir='ltr'><strong>statim</strong></span> <span class='ocrx_word' id='word_1_97' title='bbox 2779 952 3087 1024; x_wconf 71' lang='lat' dir='ltr'><strong>diﬂugiant,</strong></span> <span class='ocrx_word' id='word_1_98' title='bbox 3124 968 3247 1007; x_wconf 92' lang='lat' dir='ltr'><strong>cum</strong></span> <span class='ocrx_word' id='word_1_99' title='bbox 3276 953 3395 1006; x_wconf 82' lang='lat' dir='ltr'><strong>nul-</strong></span> 
     </span>
    </p>
   </div>
   <div class='ocr_carea' id='block_1_14' title="bbox 136 1040 1795 1122">
    <p class='ocr_par' dir='ltr' id='par_1_14' title="bbox 136 1040 1722 1122">
     <span class='ocr_line' id='line_1_14' title="bbox 136 1040 1722 1122; baseline -0.008 -16"><span class='ocrx_word' id='word_1_100' title='bbox 136 1051 427 1122; x_wconf 84' lang='grc' dir='ltr'>αίφνιδίως</span> <span class='ocrx_word' id='word_1_101' title='bbox 471 1050 578 1104; x_wconf 78' lang='grc' dir='ltr'>ἀπὸ</span> <span class='ocrx_word' id='word_1_102' title='bbox 626 1047 1014 1118; x_wconf 83' lang='grc' dir='ltr'>ἐγκρύμματος</span> <span class='ocrx_word' id='word_1_103' title='bbox 1076 1043 1434 1112; x_wconf 77' lang='grc' dir='ltr'>ἀναφανῆναι,</span> <span class='ocrx_word' id='word_1_104' title='bbox 1507 1040 1722 1110; x_wconf 78' lang='grc' dir='ltr'><strong>ἀνάγκη</strong></span> 
     </span>
    </p>
   </div>
   <div class='ocr_carea' id='block_1_15' title="bbox 1739 1040 3398 1122">
    <p class='ocr_par' dir='ltr' id='par_1_15' title="bbox 1831 1041 3398 1113">
     <span class='ocr_line' id='line_1_15' title="bbox 1831 1041 3398 1113; baseline -0.001 -17"><span class='ocrx_word' id='word_1_105' title='bbox 1831 1041 1916 1097; x_wconf 88' lang='lat' dir='ltr'><strong>los</strong></span> <span class='ocrx_word' id='word_1_106' title='bbox 1949 1042 2003 1096; x_wconf 89' lang='lat' dir='ltr'><strong>in</strong></span> <span class='ocrx_word' id='word_1_107' title='bbox 2042 1051 2296 1113; x_wconf 83' lang='lat' dir='ltr'><strong>promptu</strong></span> <span class='ocrx_word' id='word_1_108' title='bbox 2336 1043 2714 1113; x_wconf 72' lang='lat' dir='ltr'><strong>habeant,.qui</strong></span> <span class='ocrx_word' id='word_1_109' title='bbox 2758 1045 2856 1101; x_wconf 91' lang='lat' dir='ltr'><strong>hos</strong></span> <span class='ocrx_word' id='word_1_110' title='bbox 2885 1043 2954 1100; x_wconf 89' lang='lat' dir='ltr'><strong>de</strong></span> <span class='ocrx_word' id='word_1_111' title='bbox 2992 1044 3286 1112; x_wconf 62' lang='lat' dir='ltr'><strong>improviso</strong></span> <span class='ocrx_word' id='word_1_112' title='bbox 3317 1043 3398 1096; x_wconf 91' lang='lat' dir='ltr'><strong>iu-</strong></span> 
     </span>
    </p>
   </div>
   <div class='ocr_carea' id='block_1_16' title="bbox 137 1132 1796 1205">
    <p class='ocr_par' dir='ltr' id='par_1_16' title="bbox 137 1132 1727 1204">
     <span class='ocr_line' id='line_1_16' title="bbox 137 1132 1727 1204; baseline -0.008 -7"><span class='ocrx_word' id='word_1_113' title='bbox 137 1146 307 1199; x_wconf 79' lang='grc' dir='ltr'>πᾶσα</span> <span class='ocrx_word' id='word_1_114' title='bbox 367 1143 434 1196; x_wconf 80' lang='grc' dir='ltr'>ἂν</span> <span class='ocrx_word' id='word_1_115' title='bbox 483 1139 768 1202; x_wconf 81' lang='grc' dir='ltr'>διώκοντες</span> <span class='ocrx_word' id='word_1_116' title='bbox 812 1139 890 1200; x_wconf 84' lang='grc' dir='ltr'><strong>είς</strong></span> <span class='ocrx_word' id='word_1_117' title='bbox 949 1135 1128 1204; x_wconf 83' lang='grc' dir='ltr'>φυγὴν</span> <span class='ocrx_word' id='word_1_118' title='bbox 1176 1133 1481 1204; x_wconf 82' lang='grc' dir='ltr'><strong>ὁρμήσουσι</strong></span> <span class='ocrx_word' id='word_1_119' title='bbox 1525 1132 1727 1202; x_wconf 85' lang='grc' dir='ltr'>μηδένα</span> 
     </span>
    </p>
   </div>
   <div class='ocr_carea' id='block_1_17' title="bbox 1470 1132 3129 1205">
    <p class='ocr_par' dir='ltr' id='par_1_17' title="bbox 1470 1132 3129 1205">
     <span class='ocr_line' id='line_1_17' title="bbox 1470 1132 3129 1205; baseline 0.001 -21"><span class='ocrx_word' id='word_1_120' title='bbox 1470 1150 1481 1184; x_wconf 83' lang='grc' dir='ltr'><strong>ι</strong></span> <span class='ocrx_word' id='word_1_121' title='bbox 1525 1132 1727 1202; x_wconf 86' lang='grc' dir='ltr'>μηδένα</span> <span class='ocrx_word' id='word_1_122' title='bbox 1832 1134 2195 1190; x_wconf 79' lang='lat' dir='ltr'><strong>tervenientes</strong></span> <span class='ocrx_word' id='word_1_123' title='bbox 2214 1134 2477 1204; x_wconf 87' lang='lat' dir='ltr'><strong>repellere</strong></span> <span class='ocrx_word' id='word_1_124' title='bbox 2507 1143 2604 1188; x_wconf 86' lang='lat' dir='ltr'><strong>aut</strong></span> <span class='ocrx_word' id='word_1_125' title='bbox 2631 1134 2868 1191; x_wconf 82' lang='lat' dir='ltr'><strong>refutare</strong></span> <span class='ocrx_word' id='word_1_126' title='bbox 2899 1135 3129 1205; x_wconf 86' lang='lat' dir='ltr'><strong>possint.</strong></span> 
     </span>
    </p>
   </div>
   <div class='ocr_carea' id='block_1_18' title="bbox 137 1222 3400 1304">
    <p class='ocr_par' dir='ltr' id='par_1_18' title="bbox 137 1222 3400 1304">
     <span class='ocr_line' id='line_1_18' title="bbox 137 1222 3400 1304; baseline -0.002 -18"><span class='ocrx_word' id='word_1_127' title='bbox 137 1237 388 1304; x_wconf 76' lang='grc' dir='ltr'>ἔχοντες,</span> <span class='ocrx_word' id='word_1_128' title='bbox 418 1233 493 1296; x_wconf 85' lang='grc' dir='ltr'><strong>ὡς</strong></span> <span class='ocrx_word' id='word_1_129' title='bbox 525 1232 760 1302; x_wconf 71' lang='grc' dir='ltr'>εἴρηται,</span> <span class='ocrx_word' id='word_1_130' title='bbox 791 1229 881 1284; x_wconf 84' lang='grc' dir='ltr'>τὸν</span> <span class='ocrx_word' id='word_1_131' title='bbox 938 1225 1231 1296; x_wconf 81' lang='grc' dir='ltr'>δυνάμενον</span> <span class='ocrx_word' id='word_1_132' title='bbox 1268 1223 1573 1294; x_wconf 82' lang='grc' dir='ltr'>ἀπαντῆσαι</span> <span class='ocrx_word' id='word_1_133' title='bbox 1627 1223 1660 1294; x_wconf 82' lang='grc' dir='ltr'>ἢ</span> <span class='ocrx_word' id='word_1_134' title='bbox 1725 1222 2061 1294; x_wconf 74' lang='grc' dir='ltr'>ἀποσοϐῆσαι</span> <span class='ocrx_word' id='word_1_135' title='bbox 2123 1227 2248 1289; x_wconf 81' lang='grc' dir='ltr'>τοὺς</span> <span class='ocrx_word' id='word_1_136' title='bbox 2300 1225 2390 1280; x_wconf 74' lang='grc' dir='ltr'><strong>διά</strong></span> <span class='ocrx_word' id='word_1_137' title='bbox 2437 1225 2540 1295; x_wconf 78' lang='grc' dir='ltr'>τῆς</span> <span class='ocrx_word' id='word_1_138' title='bbox 2582 1225 2926 1296; x_wconf 80' lang='grc' dir='ltr'><strong>ὑποστροφῆς</strong></span> <span class='ocrx_word' id='word_1_139' title='bbox 2979 1223 3400 1295; x_wconf 80' lang='grc' dir='ltr'>ἀπροσδοκήτως</span> 
     </span>
    </p>
   </div>
   <div class='ocr_carea' id='block_1_19' title="bbox 143 1323 576 1394">
    <p class='ocr_par' dir='ltr' id='par_1_19' title="bbox 143 1323 576 1394">
     <span class='ocr_line' id='line_1_19' title="bbox 143 1323 576 1394; baseline -0.009 -17"><span class='ocrx_word' id='word_1_140' title='bbox 143 1323 576 1394; x_wconf 86' lang='grc' dir='ltr'>ἐπερχομένους.</span> 
     </span>
    </p>
   </div>
   <div class='ocr_carea' id='block_1_20' title="bbox 218 1405 1877 1488">
    <p class='ocr_par' dir='ltr' id='par_1_20' title="bbox 218 1408 1728 1488">
     <span class='ocr_line' id='line_1_20' title="bbox 218 1408 1728 1488; baseline -0.008 -16"><span class='ocrx_word' id='word_1_141' title='bbox 218 1425 314 1487; x_wconf 88' lang='grc' dir='ltr'>ιγ’.</span> <span class='ocrx_word' id='word_1_142' title='bbox 356 1419 454 1472; x_wconf 84' lang='grc' dir='ltr'>Ἐν</span> <span class='ocrx_word' id='word_1_143' title='bbox 512 1418 572 1471; x_wconf 82' lang='grc' dir='ltr'><strong>δέ</strong></span> <span class='ocrx_word' id='word_1_144' title='bbox 624 1416 783 1486; x_wconf 88' lang='grc' dir='ltr'>μόνον</span> <span class='ocrx_word' id='word_1_145' title='bbox 836 1417 1041 1488; x_wconf 78' lang='grc' dir='ltr'>νομίζω</span> <span class='ocrx_word' id='word_1_146' title='bbox 1093 1415 1414 1486; x_wconf 62' lang='grc' dir='ltr'>πῳτέρημα</span> <span class='ocrx_word' id='word_1_147' title='bbox 1472 1411 1614 1480; x_wconf 80' lang='grc' dir='ltr'>ἐχειν</span> <span class='ocrx_word' id='word_1_148' title='bbox 1666 1408 1728 1462; x_wconf 81' lang='grc' dir='ltr'><strong>τδ</strong></span> 
     </span>
    </p>
   </div>
   <div class='ocr_carea' id='block_1_21' title="bbox 1745 1405 3404 1488">
    <p class='ocr_par' dir='ltr' id='par_1_21' title="bbox 1901 1405 3404 1478">
     <span class='ocr_line' id='line_1_21' title="bbox 1901 1405 3404 1478; baseline -0.002 -17"><span class='ocrx_word' id='word_1_149' title='bbox 1901 1406 1992 1462; x_wconf 74' lang='lat' dir='ltr'><strong>l3.</strong></span> <span class='ocrx_word' id='word_1_150' title='bbox 2029 1405 2205 1462; x_wconf 89' lang='lat' dir='ltr'><strong>Unum</strong></span> <span class='ocrx_word' id='word_1_151' title='bbox 2232 1415 2436 1474; x_wconf 89' lang='lat' dir='ltr'><strong>autem,</strong></span> <span class='ocrx_word' id='word_1_152' title='bbox 2461 1406 2628 1478; x_wconf 84' lang='lat' dir='ltr'><strong>idque</strong></span> <span class='ocrx_word' id='word_1_153' title='bbox 2659 1406 2836 1462; x_wconf 84' lang='lat' dir='ltr'><strong>solum</strong></span> <span class='ocrx_word' id='word_1_154' title='bbox 2870 1405 3170 1464; x_wconf 83' lang='lat' dir='ltr'><strong>subsidium</strong></span> <span class='ocrx_word' id='word_1_155' title='bbox 3204 1405 3404 1459; x_wconf 88' lang='lat' dir='ltr'><strong>habere</strong></span> 
     </span>
    </p>
   </div>
   <div class='ocr_carea' id='block_1_22' title="bbox 141 1497 1800 1577">
    <p class='ocr_par' dir='ltr' id='par_1_22' title="bbox 141 1500 1719 1577">
     <span class='ocr_line' id='line_1_22' title="bbox 141 1500 1719 1577; baseline -0.006 -16"><span class='ocrx_word' id='word_1_156' title='bbox 141 1510 362 1569; x_wconf 79' lang='grc' dir='ltr'>πάντας</span> <span class='ocrx_word' id='word_1_157' title='bbox 407 1509 486 1571; x_wconf 84' lang='grc' dir='ltr'><strong>είς</strong></span> <span class='ocrx_word' id='word_1_158' title='bbox 520 1507 649 1577; x_wconf 88' lang='grc' dir='ltr'>μίαν</span> <span class='ocrx_word' id='word_1_159' title='bbox 690 1507 985 1562; x_wconf 82' lang='grc' dir='ltr'>τάσσεσθαι</span> <span class='ocrx_word' id='word_1_160' title='bbox 1038 1506 1372 1577; x_wconf 80' lang='grc' dir='ltr'>παράταξιν,</span> <span class='ocrx_word' id='word_1_161' title='bbox 1418 1501 1561 1556; x_wconf 83' lang='grc' dir='ltr'>τοῦτ’</span> <span class='ocrx_word' id='word_1_162' title='bbox 1603 1500 1719 1552; x_wconf 78' lang='grc' dir='ltr'>ἐστι</span> 
     </span>
    </p>
   </div>
   <div class='ocr_carea' id='block_1_23' title="bbox 1734 1497 3393 1577">
    <p class='ocr_par' dir='ltr' id='par_1_23' title="bbox 1827 1497 3393 1569">
     <span class='ocr_line' id='line_1_23' title="bbox 1827 1497 3393 1569; baseline 0 -18"><span class='ocrx_word' id='word_1_163' title='bbox 1827 1512 1923 1552; x_wconf 85' lang='lat' dir='ltr'><strong>eos</strong></span> <span class='ocrx_word' id='word_1_164' title='bbox 1959 1497 2242 1565; x_wconf 74' lang='lat' dir='ltr'><strong>existimo,</strong></span> <span class='ocrx_word' id='word_1_165' title='bbox 2273 1498 2368 1568; x_wconf 90' lang='lat' dir='ltr'><strong>qui</strong></span> <span class='ocrx_word' id='word_1_166' title='bbox 2402 1499 2900 1569; x_wconf 70' lang='lat' dir='ltr'><strong>universascopias</strong></span> <span class='ocrx_word' id='word_1_167' title='bbox 2930 1513 3094 1554; x_wconf 86' lang='lat' dir='ltr'><strong>unam</strong></span> <span class='ocrx_word' id='word_1_168' title='bbox 3131 1498 3184 1551; x_wconf 93' lang='lat' dir='ltr'><strong>in</strong></span> <span class='ocrx_word' id='word_1_169' title='bbox 3223 1497 3393 1552; x_wconf 85' lang='lat' dir='ltr'><strong>aciem</strong></span> 
     </span>
    </p>
   </div>
   <div class='ocr_carea' id='block_1_24' title="bbox 140 1586 1799 1669">
    <p class='ocr_par' dir='ltr' id='par_1_24' title="bbox 140 1591 1728 1669">
     <span class='ocr_line' id='line_1_24' title="bbox 140 1591 1728 1669; baseline -0.007 -16"><span class='ocrx_word' id='word_1_170' title='bbox 140 1601 207 1653; x_wconf 82' lang='grc' dir='ltr'><strong>τὸ</strong></span> <span class='ocrx_word' id='word_1_171' title='bbox 268 1598 553 1668; x_wconf 84' lang='grc' dir='ltr'>φαίνεσθαι</span> <span class='ocrx_word' id='word_1_172' title='bbox 623 1601 735 1663; x_wconf 84' lang='grc' dir='ltr'>τοῖς</span> <span class='ocrx_word' id='word_1_173' title='bbox 808 1597 1023 1669; x_wconf 78' lang='grc' dir='ltr'>ἐχθροῖς</span> <span class='ocrx_word' id='word_1_174' title='bbox 1094 1596 1332 1669; x_wconf 76' lang='grc' dir='ltr'>μήκοθεν</span> <span class='ocrx_word' id='word_1_175' title='bbox 1375 1592 1589 1648; x_wconf 85' lang='grc' dir='ltr'>τελείαν</span> <span class='ocrx_word' id='word_1_176' title='bbox 1634 1591 1728 1644; x_wconf 74' lang='grc' dir='ltr'>καὶ</span> 
     </span>
    </p>
   </div>
   <div class='ocr_carea' id='block_1_25' title="bbox 1746 1586 3405 1669">
    <p class='ocr_par' dir='ltr' id='par_1_25' title="bbox 1821 1586 3405 1659">
     <span class='ocr_line' id='line_1_25' title="bbox 1821 1586 3405 1659; baseline -0.003 -14"><span class='ocrx_word' id='word_1_177' title='bbox 1821 1587 2154 1652; x_wconf 84' lang='lat' dir='ltr'><strong>conferunt,</strong></span> <span class='ocrx_word' id='word_1_178' title='bbox 2193 1598 2255 1644; x_wconf 89' lang='lat' dir='ltr'><strong>ut</strong></span> <span class='ocrx_word' id='word_1_179' title='bbox 2288 1587 2529 1644; x_wconf 89' lang='lat' dir='ltr'><strong>inimicis</strong></span> <span class='ocrx_word' id='word_1_180' title='bbox 2562 1590 2843 1644; x_wconf 83' lang='lat' dir='ltr'><strong>videantur</strong></span> <span class='ocrx_word' id='word_1_181' title='bbox 2901 1590 3118 1644; x_wconf 78' lang='lat' dir='ltr'><strong>eminus</strong></span> <span class='ocrx_word' id='word_1_182' title='bbox 3145 1586 3405 1659; x_wconf 73' lang='lat' dir='ltr'><strong>perfecta:</strong></span> 
     </span>
    </p>
   </div>
   <div class='ocr_carea' id='block_1_26' title="bbox 140 1680 1799 1760">
    <p class='ocr_par' dir='ltr' id='par_1_26' title="bbox 140 1683 1726 1760">
     <span class='ocr_line' id='line_1_26' title="bbox 140 1683 1726 1760; baseline -0.005 -18"><span class='ocrx_word' id='word_1_183' title='bbox 140 1691 531 1760; x_wconf 79' lang='grc' dir='ltr'>ἐξογκωμένην</span> <span class='ocrx_word' id='word_1_184' title='bbox 591 1689 692 1760; x_wconf 85' lang='grc' dir='ltr'>τὴν</span> <span class='ocrx_word' id='word_1_185' title='bbox 742 1688 914 1755; x_wconf 79' lang='grc' dir='ltr'>τάξιν.</span> <span class='ocrx_word' id='word_1_186' title='bbox 980 1688 1138 1743; x_wconf 73' lang='grc' dir='ltr'><strong>⁹Αλλά</strong></span> <span class='ocrx_word' id='word_1_187' title='bbox 1211 1688 1307 1741; x_wconf 72' lang='grc' dir='ltr'>καὶ</span> <span class='ocrx_word' id='word_1_188' title='bbox 1368 1685 1501 1740; x_wconf 75' lang='grc' dir='ltr'>αὐτὸ</span> <span class='ocrx_word' id='word_1_189' title='bbox 1565 1683 1726 1754; x_wconf 85' lang='grc' dir='ltr'>μέχρι</span> 
     </span>
    </p>
   </div>
   <div class='ocr_carea' id='block_1_27' title="bbox 1745 1680 3404 1760">
    <p class='ocr_par' dir='ltr' id='par_1_27' title="bbox 1832 1680 3404 1752">
     <span class='ocr_line' id='line_1_27' title="bbox 1832 1680 3404 1752; baseline -0.001 -17"><span class='ocrx_word' id='word_1_190' title='bbox 1832 1691 1995 1752; x_wconf 85' lang='lat' dir='ltr'><strong>atque</strong></span> <span class='ocrx_word' id='word_1_191' title='bbox 2014 1681 2261 1752; x_wconf 73' lang='lat' dir='ltr'><strong>ingentes</strong></span> <span class='ocrx_word' id='word_1_192' title='bbox 2281 1682 2452 1751; x_wconf 64' lang='lat' dir='ltr'><strong>copia</strong></span> <span class='ocrx_word' id='word_1_193' title='bbox 2472 1695 2612 1737; x_wconf 86' lang='lat' dir='ltr'><strong>esse.</strong></span> <span class='ocrx_word' id='word_1_194' title='bbox 2637 1681 2704 1734; x_wconf 79' lang='lat' dir='ltr'><strong>At</strong></span> <span class='ocrx_word' id='word_1_195' title='bbox 2721 1680 2838 1736; x_wconf 69' lang='lat' dir='ltr'><strong>haec</strong></span> <span class='ocrx_word' id='word_1_196' title='bbox 2864 1696 2959 1736; x_wconf 79' lang='lat' dir='ltr'><strong>res</strong></span> <span class='ocrx_word' id='word_1_197' title='bbox 2973 1682 3209 1750; x_wconf 79' lang='lat' dir='ltr'><strong>speciem</strong></span> <span class='ocrx_word' id='word_1_198' title='bbox 3229 1681 3404 1735; x_wconf 85' lang='lat' dir='ltr'><strong>solum</strong></span> 
     </span>
    </p>
   </div>
   <div class='ocr_carea' id='block_1_28' title="bbox 141 1771 1800 1869">
    <p class='ocr_par' dir='ltr' id='par_1_28' title="bbox 141 1779 1800 1869">
     <span class='ocr_line' id='line_1_28' title="bbox 141 1779 1800 1869; baseline 0.021 -35"><span class='ocrx_word' id='word_1_199' title='bbox 141 1781 385 1869; x_wconf 80' lang='grc' dir='ltr'>θεωρίας</span> <span class='ocrx_word' id='word_1_200' title='bbox 418 1781 513 1834; x_wconf 77' lang='grc' dir='ltr'>καὶ</span> <span class='ocrx_word' id='word_1_201' title='bbox 548 1781 712 1850; x_wconf 81' lang='grc' dir='ltr'>μόνης</span> <span class='ocrx_word' id='word_1_202' title='bbox 734 1779 847 1850; x_wconf 71' lang='grc' dir='ltr'>ἔχει</span> <span class='ocrx_word' id='word_1_203' title='bbox 872 1780 930 1833; x_wconf 79' lang='grc' dir='ltr'><strong>τδ</strong></span> <span class='ocrx_word' id='word_1_204' title='bbox 957 1781 1171 1852; x_wconf 70' lang='grc' dir='ltr'><strong>κέρδ⁰ἶ’</strong></span> <span class='ocrx_word' id='word_1_205' title='bbox 1333 1868 1338 1869; x_wconf 17' lang='grc' dir='ltr'><strong>γ</strong></span> <span class='ocrx_word' id='word_1_206' title='bbox 1589 1868 1594 1869; x_wconf 21' lang='grc' dir='ltr'><strong>γ</strong></span> <span class='ocrx_word' id='word_1_207' title='bbox 1645 1867 1654 1869; x_wconf 97' lang='lat'><em>_</em></span> <span class='ocrx_word' id='word_1_208' title='bbox 1686 1867 1694 1869; x_wconf 96' lang='lat'><em>_</em></span> <span class='ocrx_word' id='word_1_209' title='bbox 1762 1815 1800 1869; x_wconf 82' lang='grc' dir='ltr'>Β</span> 
     </span>
    </p>
   </div>
   <div class='ocr_carea' id='block_1_29' title="bbox 1743 1771 3402 1869">
    <p class='ocr_par' dir='ltr' id='par_1_29' title="bbox 1762 1771 3402 1869">
     <span class='ocr_line' id='line_1_29' title="bbox 1762 1771 3402 1869; baseline -0.002 -41"><span class='ocrx_word' id='word_1_210' title='bbox 1762 1815 1805 1869; x_wconf 72' lang='grc' dir='ltr'>Β</span> <span class='ocrx_word' id='word_1_211' title='bbox 1832 1772 2086 1828; x_wconf 86' lang='lat' dir='ltr'><strong>utilitatis</strong></span> <span class='ocrx_word' id='word_1_212' title='bbox 2118 1771 2312 1835; x_wconf 75' lang='lat' dir='ltr'><strong>habet,</strong></span> <span class='ocrx_word' id='word_1_213' title='bbox 2350 1772 2638 1826; x_wconf 89' lang='lat' dir='ltr'><strong>utilitatem</strong></span> <span class='ocrx_word' id='word_1_214' title='bbox 2685 1780 2868 1827; x_wconf 86' lang='lat' dir='ltr'><strong>autem</strong></span> <span class='ocrx_word' id='word_1_215' title='bbox 2905 1771 3112 1826; x_wconf 85' lang='lat' dir='ltr'><strong>nullam</strong></span> <span class='ocrx_word' id='word_1_216' title='bbox 3141 1771 3402 1826; x_wconf 83' lang='lat' dir='ltr'><strong>continet.</strong></span> 
     </span>
    </p>
   </div>
   <div class='ocr_carea' id='block_1_30' title="bbox 225 1861 1884 1942">
    <p class='ocr_par' dir='ltr' id='par_1_30' title="bbox 225 1861 1802 1942">
     <span class='ocr_line' id='line_1_30' title="bbox 225 1861 1802 1942; baseline -0.002 -20"><span class='ocrx_word' id='word_1_217' title='bbox 225 1868 310 1923; x_wconf 88' lang='grc' dir='ltr'>ιδ’.</span> <span class='ocrx_word' id='word_1_218' title='bbox 345 1873 494 1940; x_wconf 84' lang='grc' dir='ltr'><strong>Ἔχει</strong></span> <span class='ocrx_word' id='word_1_219' title='bbox 526 1871 582 1924; x_wconf 86' lang='grc' dir='ltr'>δὲ</span> <span class='ocrx_word' id='word_1_220' title='bbox 631 1871 769 1941; x_wconf 83' lang='grc' dir='ltr'>τάχα</span> <span class='ocrx_word' id='word_1_221' title='bbox 821 1874 914 1924; x_wconf 81' lang='grc' dir='ltr'>καὶ</span> <span class='ocrx_word' id='word_1_222' title='bbox 944 1871 1130 1942; x_wconf 72' lang='grc' dir='ltr'>ἕτερον</span> <span class='ocrx_word' id='word_1_223' title='bbox 1177 1868 1519 1940; x_wconf 80' lang='grc' dir='ltr'>προτέρημα,</span> <span class='ocrx_word' id='word_1_224' title='bbox 1550 1868 1612 1920; x_wconf 82' lang='grc' dir='ltr'>τὺ</span> <span class='ocrx_word' id='word_1_225' title='bbox 1638 1867 1728 1920; x_wconf 82' lang='grc' dir='ltr'><strong>δύ-</strong></span> <span class='ocrx_word' id='word_1_226' title='bbox 1762 1861 1802 1869; x_wconf 75' lang='grc'><em>’⁷</em></span> 
     </span>
    </p>
   </div>
   <div class='ocr_carea' id='block_1_31' title="bbox 1747 1861 3406 1942">
    <p class='ocr_par' dir='ltr' id='par_1_31' title="bbox 1762 1861 3406 1933">
     <span class='ocr_line' id='line_1_31' title="bbox 1762 1861 3406 1933; baseline -0.002 -17"><span class='ocrx_word' id='word_1_227' title='bbox 1762 1861 1802 1869; x_wconf 68' lang='grc'>⁷</span> <span class='ocrx_word' id='word_1_228' title='bbox 1909 1863 1998 1918; x_wconf 70' lang='lat' dir='ltr'><strong>ﬂ.</strong></span> <span class='ocrx_word' id='word_1_229' title='bbox 2036 1862 2274 1918; x_wconf 81' lang='lat' dir='ltr'><strong>Alterum</strong></span> <span class='ocrx_word' id='word_1_230' title='bbox 2309 1872 2491 1918; x_wconf 87' lang='lat' dir='ltr'><strong>autem</strong></span> <span class='ocrx_word' id='word_1_231' title='bbox 2517 1862 2819 1918; x_wconf 82' lang='lat' dir='ltr'><strong>subsidium</strong></span> <span class='ocrx_word' id='word_1_232' title='bbox 2852 1872 2956 1927; x_wconf 88' lang='lat' dir='ltr'><strong>est,</strong></span> <span class='ocrx_word' id='word_1_233' title='bbox 2989 1862 3133 1933; x_wconf 89' lang='lat' dir='ltr'><strong>quod</strong></span> <span class='ocrx_word' id='word_1_234' title='bbox 3165 1877 3275 1916; x_wconf 85' lang='lat' dir='ltr'><strong>una</strong></span> <span class='ocrx_word' id='word_1_235' title='bbox 3302 1861 3406 1914; x_wconf 87' lang='lat' dir='ltr'><strong>hac</strong></span> 
     </span>
    </p>
   </div>
   <div class='ocr_carea' id='block_1_32' title="bbox 142 1958 1730 2032">
    <p class='ocr_par' dir='ltr' id='par_1_32' title="bbox 142 1958 1730 2032">
     <span class='ocr_line' id='line_1_32' title="bbox 142 1958 1730 2032; baseline -0.003 -20"><span class='ocrx_word' id='word_1_236' title='bbox 142 1960 347 2014; x_wconf 87' lang='grc' dir='ltr'>νασθαι</span> <span class='ocrx_word' id='word_1_237' title='bbox 375 1961 462 2013; x_wconf 79' lang='grc' dir='ltr'><strong>διά</strong></span> <span class='ocrx_word' id='word_1_238' title='bbox 492 1961 589 2030; x_wconf 82' lang='grc' dir='ltr'>τῆς</span> <span class='ocrx_word' id='word_1_239' title='bbox 615 1961 744 2029; x_wconf 80' lang='grc' dir='ltr'>μιᾶς</span> <span class='ocrx_word' id='word_1_240' title='bbox 775 1960 1128 2032; x_wconf 80' lang='grc' dir='ltr'>παρατάξεως</span> <span class='ocrx_word' id='word_1_241' title='bbox 1159 1960 1254 2012; x_wconf 76' lang='grc' dir='ltr'>καὶ</span> <span class='ocrx_word' id='word_1_242' title='bbox 1277 1958 1518 2028; x_wconf 71' lang='grc' dir='ltr'>μεγάλης</span> <span class='ocrx_word' id='word_1_243' title='bbox 1550 1958 1730 2010; x_wconf 80' lang='grc' dir='ltr'>ποιεῖν</span> 
     </span>
    </p>
   </div>
   <div class='ocr_carea' id='block_1_33' title="bbox 143 2047 1731 2122">
    <p class='ocr_par' dir='ltr' id='par_1_33' title="bbox 143 2047 1731 2122">
     <span class='ocr_line' id='line_1_33' title="bbox 143 2047 1731 2122; baseline -0.003 -18"><span class='ocrx_word' id='word_1_244' title='bbox 143 2051 429 2105; x_wconf 75' lang='grc' dir='ltr'>κύκλωσιν</span> <span class='ocrx_word' id='word_1_245' title='bbox 479 2051 585 2104; x_wconf 75' lang='grc' dir='ltr'>ἀπὸ</span> <span class='ocrx_word' id='word_1_246' title='bbox 643 2051 763 2115; x_wconf 80' lang='grc' dir='ltr'>ἐνὸς</span> <span class='ocrx_word' id='word_1_247' title='bbox 833 2051 1053 2122; x_wconf 85' lang='grc' dir='ltr'>μέρους,</span> <span class='ocrx_word' id='word_1_248' title='bbox 1092 2050 1187 2104; x_wconf 75' lang='grc' dir='ltr'>καὶ</span> <span class='ocrx_word' id='word_1_249' title='bbox 1242 2049 1553 2104; x_wconf 74' lang='grc' dir='ltr'>ἀποκλείειν</span> <span class='ocrx_word' id='word_1_250' title='bbox 1607 2047 1731 2109; x_wconf 79' lang='grc' dir='ltr'>τοὺς</span> 
     </span>
    </p>
   </div>
   <div class='ocr_carea' id='block_1_34' title="bbox 147 2139 1733 2213">
    <p class='ocr_par' dir='ltr' id='par_1_34' title="bbox 147 2139 1733 2213">
     <span class='ocr_line' id='line_1_34' title="bbox 147 2139 1733 2213; baseline -0.001 -22"><span class='ocrx_word' id='word_1_251' title='bbox 147 2141 466 2210; x_wconf 80' lang='grc' dir='ltr'>πολεμίους,</span> <span class='ocrx_word' id='word_1_252' title='bbox 503 2143 595 2196; x_wconf 77' lang='grc' dir='ltr'>καὶ</span> <span class='ocrx_word' id='word_1_253' title='bbox 645 2143 753 2213; x_wconf 83' lang='grc' dir='ltr'><strong>ἀρα</strong></span> <span class='ocrx_word' id='word_1_254' title='bbox 799 2143 892 2195; x_wconf 82' lang='grc' dir='ltr'>καὶ</span> <span class='ocrx_word' id='word_1_255' title='bbox 927 2142 1101 2212; x_wconf 84' lang='grc' dir='ltr'>τούτῳ</span> <span class='ocrx_word' id='word_1_256' title='bbox 1149 2141 1284 2211; x_wconf 84' lang='grc' dir='ltr'><strong>μετά</strong></span> <span class='ocrx_word' id='word_1_257' title='bbox 1309 2139 1403 2193; x_wconf 82' lang='grc' dir='ltr'>τοῦ</span> <span class='ocrx_word' id='word_1_258' title='bbox 1435 2139 1733 2209; x_wconf 77' lang='grc' dir='ltr'>πρέποντος</span> 
     </span>
    </p>
   </div>
   <div class='ocr_carea' id='block_1_35' title="bbox 144 2233 1090 2304">
    <p class='ocr_par' dir='ltr' id='par_1_35' title="bbox 144 2233 1090 2304">
     <span class='ocr_line' id='line_1_35' title="bbox 144 2233 1090 2304; baseline 0.005 -22"><span class='ocrx_word' id='word_1_259' title='bbox 144 2233 310 2301; x_wconf 69' lang='grc' dir='ltr'>λόγου</span> <span class='ocrx_word' id='word_1_260' title='bbox 344 2235 436 2286; x_wconf 77' lang='grc' dir='ltr'>καὶ</span> <span class='ocrx_word' id='word_1_261' title='bbox 464 2234 658 2303; x_wconf 80' lang='grc' dir='ltr'>τέχνης</span> <span class='ocrx_word' id='word_1_262' title='bbox 690 2251 776 2296; x_wconf 89' lang='grc' dir='ltr'><strong>τις</strong></span> <span class='ocrx_word' id='word_1_263' title='bbox 805 2234 1090 2304; x_wconf 77' lang='grc' dir='ltr'>χρήσεται.</span> 
     </span>
    </p>
   </div>
   <div class='ocr_carea' id='block_1_36' title="bbox 222 2317 1728 2391">
    <p class='ocr_par' dir='ltr' id='par_1_36' title="bbox 222 2317 1728 2391">
     <span class='ocr_line' id='line_1_36' title="bbox 222 2317 1728 2391; baseline -0.003 -17"><span class='ocrx_word' id='word_1_264' title='bbox 222 2322 307 2377; x_wconf 87' lang='grc' dir='ltr'>ιε’.</span> <span class='ocrx_word' id='word_1_265' title='bbox 342 2322 415 2374; x_wconf 85' lang='grc' dir='ltr'>Τὸ</span> <span class='ocrx_word' id='word_1_266' title='bbox 471 2322 526 2375; x_wconf 83' lang='grc' dir='ltr'><strong>δέ</strong></span> <span class='ocrx_word' id='word_1_267' title='bbox 575 2321 772 2384; x_wconf 77' lang='grc' dir='ltr'>διπλᾶς</span> <span class='ocrx_word' id='word_1_268' title='bbox 825 2323 996 2375; x_wconf 83' lang='grc' dir='ltr'>ποιεῖν</span> <span class='ocrx_word' id='word_1_269' title='bbox 1049 2321 1148 2385; x_wconf 82' lang='grc' dir='ltr'><strong>τάς</strong></span> <span class='ocrx_word' id='word_1_270' title='bbox 1205 2317 1562 2391; x_wconf 78' lang='grc' dir='ltr'>παρατάξεις,</span> <span class='ocrx_word' id='word_1_271' title='bbox 1591 2317 1728 2370; x_wconf 88' lang='grc' dir='ltr'>ὥστε</span> 
     </span>
    </p>
   </div>
   <div class='ocr_carea' id='block_1_37' title="bbox 145 2409 1727 2484">
    <p class='ocr_par' dir='ltr' id='par_1_37' title="bbox 145 2409 1727 2484">
     <span class='ocr_line' id='line_1_37' title="bbox 145 2409 1727 2484; baseline -0.003 -18"><span class='ocrx_word' id='word_1_272' title='bbox 145 2409 291 2466; x_wconf 76' lang='grc' dir='ltr'>εἶναι</span> <span class='ocrx_word' id='word_1_273' title='bbox 325 2415 406 2475; x_wconf 84' lang='grc' dir='ltr'><strong>είς</strong></span> <span class='ocrx_word' id='word_1_274' title='bbox 449 2413 808 2482; x_wconf 80' lang='grc' dir='ltr'>ὑποϐοήθειαν</span> <span class='ocrx_word' id='word_1_275' title='bbox 835 2415 937 2482; x_wconf 79' lang='grc' dir='ltr'>τῆς</span> <span class='ocrx_word' id='word_1_276' title='bbox 968 2414 1189 2483; x_wconf 86' lang='grc' dir='ltr'>πρώτης</span> <span class='ocrx_word' id='word_1_277' title='bbox 1236 2411 1593 2484; x_wconf 80' lang='grc' dir='ltr'>παρατάξεως</span> <span class='ocrx_word' id='word_1_278' title='bbox 1628 2411 1727 2480; x_wconf 74' lang='grc' dir='ltr'>τὴν</span> 
     </span>
    </p>
   </div>
   <div class='ocr_carea' id='block_1_38' title="bbox 144 2502 1734 2575">
    <p class='ocr_par' dir='ltr' id='par_1_38' title="bbox 144 2502 1734 2575">
     <span class='ocr_line' id='line_1_38' title="bbox 144 2502 1734 2575; baseline -0.002 -19"><span class='ocrx_word' id='word_1_279' title='bbox 144 2504 430 2574; x_wconf 79' lang='grc' dir='ltr'>δευτέραν,</span> <span class='ocrx_word' id='word_1_280' title='bbox 474 2505 614 2558; x_wconf 66' lang='grc' dir='ltr'>κατὰ</span> <span class='ocrx_word' id='word_1_281' title='bbox 662 2505 753 2558; x_wconf 66' lang='grc' dir='ltr'>τὸν</span> <span class='ocrx_word' id='word_1_282' title='bbox 784 2505 1123 2575; x_wconf 83' lang='grc' dir='ltr'>ἀνθρώπινον</span> <span class='ocrx_word' id='word_1_283' title='bbox 1165 2505 1431 2572; x_wconf 76' lang='grc' dir='ltr'>λογισμὸν</span> <span class='ocrx_word' id='word_1_284' title='bbox 1469 2503 1639 2556; x_wconf 81' lang='grc' dir='ltr'>πολλά</span> <span class='ocrx_word' id='word_1_285' title='bbox 1666 2502 1734 2554; x_wconf 78' lang='grc' dir='ltr'><strong>τά</strong></span> 
     </span>
    </p>
   </div>
   <div class='ocr_carea' id='block_1_39' title="bbox 145 2594 1734 2666">
    <p class='ocr_par' dir='ltr' id='par_1_39' title="bbox 145 2594 1734 2666">
     <span class='ocr_line' id='line_1_39' title="bbox 145 2594 1734 2666; baseline -0.002 -20"><span class='ocrx_word' id='word_1_286' title='bbox 145 2596 405 2664; x_wconf 73' lang='grc' dir='ltr'>ἐξαίρετα</span> <span class='ocrx_word' id='word_1_287' title='bbox 453 2597 546 2650; x_wconf 76' lang='grc' dir='ltr'>καὶ</span> <span class='ocrx_word' id='word_1_288' title='bbox 586 2598 857 2662; x_wconf 86' lang='grc' dir='ltr'>ἀναγκαῖα</span> <span class='ocrx_word' id='word_1_289' title='bbox 905 2597 1196 2666; x_wconf 73' lang='grc' dir='ltr'>νομίζομεν</span> <span class='ocrx_word' id='word_1_290' title='bbox 1245 2596 1573 2666; x_wconf 82' lang='grc' dir='ltr'>συντρέχειν.</span> <span class='ocrx_word' id='word_1_291' title='bbox 1625 2594 1734 2645; x_wconf 76' lang='grc' dir='ltr'><strong>Καὶ</strong></span> 
     </span>
    </p>
   </div>
   <div class='ocr_carea' id='block_1_40' title="bbox 148 2683 1734 2756">
    <p class='ocr_par' dir='ltr' id='par_1_40' title="bbox 148 2683 1734 2756">
     <span class='ocr_line' id='line_1_40' title="bbox 148 2683 1734 2756; baseline -0.001 -22"><span class='ocrx_word' id='word_1_292' title='bbox 148 2683 375 2753; x_wconf 79' lang='grc' dir='ltr'>πρῶτον</span> <span class='ocrx_word' id='word_1_293' title='bbox 404 2685 499 2753; x_wconf 78' lang='grc' dir='ltr'>μὲν</span> <span class='ocrx_word' id='word_1_294' title='bbox 535 2687 615 2737; x_wconf 86' lang='grc' dir='ltr'>ὃτι</span> <span class='ocrx_word' id='word_1_295' title='bbox 644 2686 692 2736; x_wconf 79' lang='lat' dir='ltr'><strong>oi</strong></span> <span class='ocrx_word' id='word_1_296' title='bbox 741 2687 839 2753; x_wconf 72' lang='grc' dir='ltr'>τῆς</span> <span class='ocrx_word' id='word_1_297' title='bbox 884 2684 1105 2756; x_wconf 85' lang='grc' dir='ltr'>πρώτης</span> <span class='ocrx_word' id='word_1_298' title='bbox 1169 2685 1524 2756; x_wconf 82' lang='grc' dir='ltr'>παρατάξεως</span> <span class='ocrx_word' id='word_1_299' title='bbox 1588 2683 1734 2751; x_wconf 77' lang='grc' dir='ltr'>έχον-</span> 
     </span>
    </p>
   </div>
   <div class='ocr_carea' id='block_1_41' title="bbox 146 2773 1734 2844">
    <p class='ocr_par' dir='ltr' id='par_1_41' title="bbox 146 2773 1734 2844">
     <span class='ocr_line' id='line_1_41' title="bbox 146 2773 1734 2844; baseline -0.001 -19"><span class='ocrx_word' id='word_1_300' title='bbox 146 2790 244 2836; x_wconf 85' lang='grc' dir='ltr'><strong>τες</strong></span> <span class='ocrx_word' id='word_1_301' title='bbox 297 2774 521 2826; x_wconf 78' lang='grc' dir='ltr'>ὄπισθεν</span> <span class='ocrx_word' id='word_1_302' title='bbox 556 2777 695 2827; x_wconf 69' lang='grc' dir='ltr'>κατὰ</span> <span class='ocrx_word' id='word_1_303' title='bbox 751 2775 845 2828; x_wconf 81' lang='grc' dir='ltr'>τοῦ</span> <span class='ocrx_word' id='word_1_304' title='bbox 892 2776 1062 2829; x_wconf 87' lang='grc' dir='ltr'>νώτου</span> <span class='ocrx_word' id='word_1_305' title='bbox 1109 2777 1288 2829; x_wconf 80' lang='grc' dir='ltr'>αὐτῶν</span> <span class='ocrx_word' id='word_1_306' title='bbox 1333 2774 1432 2844; x_wconf 72' lang='grc' dir='ltr'>τὴν</span> <span class='ocrx_word' id='word_1_307' title='bbox 1478 2773 1734 2843; x_wconf 81' lang='grc' dir='ltr'>δευτέραν</span> 
     </span>
    </p>
   </div>
   <div class='ocr_carea' id='block_1_42' title="bbox 146 2861 1735 2933">
    <p class='ocr_par' dir='ltr' id='par_1_42' title="bbox 146 2861 1735 2933">
     <span class='ocr_line' id='line_1_42' title="bbox 146 2861 1735 2933; baseline 0.001 -21"><span class='ocrx_word' id='word_1_308' title='bbox 146 2861 309 2927; x_wconf 79' lang='grc' dir='ltr'>τάξιν</span> <span class='ocrx_word' id='word_1_309' title='bbox 353 2861 724 2929; x_wconf 50' lang='grc' dir='ltr'>φυλάττουσαν</span> <span class='ocrx_word' id='word_1_310' title='bbox 772 2864 987 2926; x_wconf 83' lang='grc' dir='ltr'>αὐτοὺς,</span> <span class='ocrx_word' id='word_1_311' title='bbox 1062 2862 1487 2933; x_wconf 84' lang='grc' dir='ltr'>προθυμοτέρως</span> <span class='ocrx_word' id='word_1_312' title='bbox 1534 2863 1735 2931; x_wconf 84' lang='grc' dir='ltr'>μάχον-</span> 
     </span>
    </p>
   </div>
   <div class='ocr_carea' id='block_1_43' title="bbox 147 2952 1733 3024">
    <p class='ocr_par' dir='ltr' id='par_1_43' title="bbox 147 2952 1733 3024">
     <span class='ocr_line' id='line_1_43' title="bbox 147 2952 1733 3024; baseline -0.001 -20"><span class='ocrx_word' id='word_1_313' title='bbox 147 2969 243 3004; x_wconf 90' lang='grc' dir='ltr'><strong>ται</strong></span> <span class='ocrx_word' id='word_1_314' title='bbox 280 2954 411 3021; x_wconf 78' lang='grc' dir='ltr'>πρὸς</span> <span class='ocrx_word' id='word_1_315' title='bbox 445 2955 565 3016; x_wconf 71' lang='grc' dir='ltr'>τοὺς</span> <span class='ocrx_word' id='word_1_316' title='bbox 615 2954 928 3024; x_wconf 82' lang='grc' dir='ltr'>πολεμίους.</span> <span class='ocrx_word' id='word_1_317' title='bbox 990 2954 1219 3022; x_wconf 86' lang='grc' dir='ltr'>Ὁμοίως</span> <span class='ocrx_word' id='word_1_318' title='bbox 1267 2953 1323 3006; x_wconf 84' lang='grc' dir='ltr'>δὲ</span> <span class='ocrx_word' id='word_1_319' title='bbox 1355 2953 1446 3005; x_wconf 79' lang='grc' dir='ltr'>καὶ</span> <span class='ocrx_word' id='word_1_320' title='bbox 1472 2952 1540 3004; x_wconf 88' lang='grc' dir='ltr'><strong>τά</strong></span> <span class='ocrx_word' id='word_1_321' title='bbox 1568 2953 1733 3020; x_wconf 86' lang='grc' dir='ltr'>ἀκρα,</span> 
     </span>
    </p>
   </div>
   <div class='ocr_carea' id='block_1_44' title="bbox 147 3043 1736 3115">
    <p class='ocr_par' dir='ltr' id='par_1_44' title="bbox 147 3043 1736 3115">
     <span class='ocr_line' id='line_1_44' title="bbox 147 3043 1736 3115; baseline -0.001 -19"><span class='ocrx_word' id='word_1_322' title='bbox 147 3045 326 3113; x_wconf 69' lang='grc' dir='ltr'>ἤγουν</span> <span class='ocrx_word' id='word_1_323' title='bbox 378 3045 444 3096; x_wconf 69' lang='grc' dir='ltr'><strong>τὰ</strong></span> <span class='ocrx_word' id='word_1_324' title='bbox 492 3045 638 3109; x_wconf 81' lang='grc' dir='ltr'>δεξιά</span> <span class='ocrx_word' id='word_1_325' title='bbox 698 3051 794 3098; x_wconf 67' lang='grc' dir='ltr'>καὶ</span> <span class='ocrx_word' id='word_1_326' title='bbox 837 3046 905 3098; x_wconf 88' lang='grc' dir='ltr'><strong>τά</strong></span> <span class='ocrx_word' id='word_1_327' title='bbox 955 3045 1214 3115; x_wconf 69' lang='grc' dir='ltr'>ἀριστερὰ</span> <span class='ocrx_word' id='word_1_328' title='bbox 1240 3045 1338 3112; x_wconf 81' lang='grc' dir='ltr'>τῆς</span> <span class='ocrx_word' id='word_1_329' title='bbox 1374 3043 1736 3112; x_wconf 82' lang='grc' dir='ltr'>παρατάξεως</span> 
     </span>
    </p>
   </div>
   <div class='ocr_carea' id='block_1_45' title="bbox 1835 1950 3407 2024">
    <p class='ocr_par' dir='ltr' id='par_1_45' title="bbox 1835 1950 3407 2024">
     <span class='ocr_line' id='line_1_45' title="bbox 1835 1950 3407 2024; baseline -0.001 -18"><span class='ocrx_word' id='word_1_330' title='bbox 1835 1953 2100 2008; x_wconf 89' lang='lat' dir='ltr'><strong>instructa</strong></span> <span class='ocrx_word' id='word_1_331' title='bbox 2131 1953 2270 2015; x_wconf 85' lang='lat' dir='ltr'><strong>acie,</strong></span> <span class='ocrx_word' id='word_1_332' title='bbox 2303 1953 2370 2008; x_wconf 89' lang='lat' dir='ltr'><strong>ad</strong></span> <span class='ocrx_word' id='word_1_333' title='bbox 2401 1951 2921 2008; x_wconf 84' lang='lat' dir='ltr'><strong>circumfundendos</strong></span> <span class='ocrx_word' id='word_1_334' title='bbox 2949 1963 3112 2024; x_wconf 90' lang='lat' dir='ltr'><strong>atque</strong></span> <span class='ocrx_word' id='word_1_335' title='bbox 3146 1950 3407 2006; x_wconf 84' lang='lat' dir='ltr'><strong>interclu-</strong></span> 
     </span>
    </p>
   </div>
   <div class='ocr_carea' id='block_1_46' title="bbox 1835 2043 3403 2114">
    <p class='ocr_par' dir='ltr' id='par_1_46' title="bbox 1835 2043 3403 2114">
     <span class='ocr_line' id='line_1_46' title="bbox 1835 2043 3403 2114; baseline -0.003 -16"><span class='ocrx_word' id='word_1_336' title='bbox 1835 2044 2043 2098; x_wconf 88' lang='lat' dir='ltr'><strong>dendos</strong></span> <span class='ocrx_word' id='word_1_337' title='bbox 2066 2043 2250 2099; x_wconf 87' lang='lat' dir='ltr'><strong>hostes</strong></span> <span class='ocrx_word' id='word_1_338' title='bbox 2279 2045 2517 2114; x_wconf 87' lang='lat' dir='ltr'><strong>aptiores</strong></span> <span class='ocrx_word' id='word_1_339' title='bbox 2550 2053 2732 2109; x_wconf 89' lang='lat' dir='ltr'><strong>erunt,</strong></span> <span class='ocrx_word' id='word_1_340' title='bbox 2763 2044 2807 2098; x_wconf 88' lang='lat' dir='ltr'><strong>si</strong></span> <span class='ocrx_word' id='word_1_341' title='bbox 2834 2045 2885 2100; x_wconf 90' lang='lat' dir='ltr'><strong>id</strong></span> <span class='ocrx_word' id='word_1_342' title='bbox 2914 2044 3146 2100; x_wconf 78' lang='lat' dir='ltr'><strong>artiﬁcio</strong></span> <span class='ocrx_word' id='word_1_343' title='bbox 3169 2043 3403 2113; x_wconf 87' lang='lat' dir='ltr'><strong>quodam</strong></span> 
     </span>
    </p>
   </div>
   <div class='ocr_carea' id='block_1_47' title="bbox 1837 2135 2427 2191">
    <p class='ocr_par' dir='ltr' id='par_1_47' title="bbox 1837 2135 2427 2191">
     <span class='ocr_line' id='line_1_47' title="bbox 1837 2135 2427 2191; baseline 0 -1"><span class='ocrx_word' id='word_1_344' title='bbox 1837 2145 1890 2190; x_wconf 89' lang='lat' dir='ltr'><strong>et</strong></span> <span class='ocrx_word' id='word_1_345' title='bbox 1916 2150 2038 2191; x_wconf 89' lang='lat' dir='ltr'><strong>cum</strong></span> <span class='ocrx_word' id='word_1_346' title='bbox 2079 2135 2280 2191; x_wconf 88' lang='lat' dir='ltr'><strong>decoro</strong></span> <span class='ocrx_word' id='word_1_347' title='bbox 2317 2136 2427 2190; x_wconf 75' lang='lat' dir='ltr'><strong>flat.</strong></span> 
     </span>
    </p>
   </div>
   <div class='ocr_carea' id='block_1_48' title="bbox 1909 2307 3409 2384">
    <p class='ocr_par' dir='ltr' id='par_1_48' title="bbox 1909 2307 3409 2384">
     <span class='ocr_line' id='line_1_48' title="bbox 1909 2307 3409 2384; baseline -0.007 -14"><span class='ocrx_word' id='word_1_348' title='bbox 1909 2314 1994 2370; x_wconf 81' lang='lat' dir='ltr'><strong>l5.</strong></span> <span class='ocrx_word' id='word_1_349' title='bbox 2038 2313 2317 2384; x_wconf 81' lang='lat' dir='ltr'><strong>Duph&#39;eem</strong></span> <span class='ocrx_word' id='word_1_350' title='bbox 2344 2313 2612 2368; x_wconf 87' lang='lat' dir='ltr'><strong>instruere</strong></span> <span class='ocrx_word' id='word_1_351' title='bbox 2642 2312 2833 2377; x_wconf 87' lang='lat' dir='ltr'><strong>aciem,</strong></span> <span class='ocrx_word' id='word_1_352' title='bbox 2866 2320 2925 2364; x_wconf 90' lang='lat' dir='ltr'><strong>ut</strong></span> <span class='ocrx_word' id='word_1_353' title='bbox 2955 2325 3062 2365; x_wconf 90' lang='lat' dir='ltr'><strong>una</strong></span> <span class='ocrx_word' id='word_1_354' title='bbox 3091 2307 3244 2362; x_wconf 85' lang='lat' dir='ltr'><strong>alteri</strong></span> <span class='ocrx_word' id='word_1_355' title='bbox 3278 2307 3409 2361; x_wconf 84' lang='lat' dir='ltr'><strong>sub-</strong></span> 
     </span>
    </p>
   </div>
   <div class='ocr_carea' id='block_1_49' title="bbox 1838 2398 3405 2474">
    <p class='ocr_par' dir='ltr' id='par_1_49' title="bbox 1838 2398 3405 2474">
     <span class='ocr_line' id='line_1_49' title="bbox 1838 2398 3405 2474; baseline -0.006 -14"><span class='ocrx_word' id='word_1_356' title='bbox 1838 2404 1980 2460; x_wconf 93' lang='lat' dir='ltr'><strong>sidio</strong></span> <span class='ocrx_word' id='word_1_357' title='bbox 2002 2419 2122 2459; x_wconf 88' lang='lat' dir='ltr'><strong>esse</strong></span> <span class='ocrx_word' id='word_1_358' title='bbox 2159 2403 2352 2472; x_wconf 87' lang='lat' dir='ltr'><strong>possit,</strong></span> <span class='ocrx_word' id='word_1_359' title='bbox 2382 2411 2645 2473; x_wconf 88' lang='lat' dir='ltr'><strong>quantum</strong></span> <span class='ocrx_word' id='word_1_360' title='bbox 2683 2403 2923 2457; x_wconf 90' lang='lat' dir='ltr'><strong>humano</strong></span> <span class='ocrx_word' id='word_1_361' title='bbox 2949 2399 3158 2470; x_wconf 85' lang='lat' dir='ltr'><strong>judicio</strong></span> <span class='ocrx_word' id='word_1_362' title='bbox 3198 2398 3405 2474; x_wconf 86' lang='lat' dir='ltr'><strong>percipi</strong></span> 
     </span>
    </p>
   </div>
   <div class='ocr_carea' id='block_1_50' title="bbox 1839 2492 3407 2565">
    <p class='ocr_par' dir='ltr' id='par_1_50' title="bbox 1839 2492 3407 2565">
     <span class='ocr_line' id='line_1_50' title="bbox 1839 2492 3407 2565; baseline -0.003 -17"><span class='ocrx_word' id='word_1_363' title='bbox 1839 2503 2036 2564; x_wconf 87' lang='lat' dir='ltr'><strong>potest,</strong></span> <span class='ocrx_word' id='word_1_364' title='bbox 2067 2494 2234 2549; x_wconf 88' lang='lat' dir='ltr'><strong>multa</strong></span> <span class='ocrx_word' id='word_1_365' title='bbox 2263 2502 2315 2548; x_wconf 93' lang='lat' dir='ltr'><strong>et</strong></span> <span class='ocrx_word' id='word_1_366' title='bbox 2348 2508 2540 2565; x_wconf 85' lang='lat' dir='ltr'><strong>magna</strong></span> <span class='ocrx_word' id='word_1_367' title='bbox 2570 2502 2624 2547; x_wconf 91' lang='lat' dir='ltr'><strong>et</strong></span> <span class='ocrx_word' id='word_1_368' title='bbox 2650 2493 2904 2562; x_wconf 68' lang='lat' dir='ltr'><strong>praeclara</strong></span> <span class='ocrx_word' id='word_1_369' title='bbox 2935 2494 3072 2547; x_wconf 86' lang='lat' dir='ltr'><strong>bona</strong></span> <span class='ocrx_word' id='word_1_370' title='bbox 3104 2492 3156 2545; x_wconf 90' lang='lat' dir='ltr'><strong>in</strong></span> <span class='ocrx_word' id='word_1_371' title='bbox 3186 2505 3244 2546; x_wconf 90' lang='lat' dir='ltr'><strong>se</strong></span> <span class='ocrx_word' id='word_1_372' title='bbox 3275 2505 3407 2545; x_wconf 84' lang='lat' dir='ltr'><strong>con—</strong></span> 
     </span>
    </p>
   </div>
   <div class='ocr_carea' id='block_1_51' title="bbox 1839 2568 3407 2654">
    <p class='ocr_par' dir='ltr' id='par_1_51' title="bbox 1839 2568 3407 2654">
     <span class='ocr_line' id='line_1_51' title="bbox 1839 2568 3407 2654; baseline -0.003 -16"><span class='ocrx_word' id='word_1_373' title='bbox 1839 2568 1993 2638; x_wconf 78' lang='lat' dir='ltr'><strong>tinet.</strong></span> <span class='ocrx_word' id='word_1_374' title='bbox 2035 2583 2113 2638; x_wconf 77' lang='lat' dir='ltr'><strong>Ac</strong></span> <span class='ocrx_word' id='word_1_375' title='bbox 2153 2584 2387 2654; x_wconf 92' lang='lat' dir='ltr'><strong>primum</strong></span> <span class='ocrx_word' id='word_1_376' title='bbox 2430 2599 2561 2640; x_wconf 83' lang='lat' dir='ltr'><strong>sane</strong></span> <span class='ocrx_word' id='word_1_377' title='bbox 2591 2594 2692 2650; x_wconf 90' lang='lat' dir='ltr'><strong>est,</strong></span> <span class='ocrx_word' id='word_1_378' title='bbox 2728 2583 2870 2654; x_wconf 90' lang='lat' dir='ltr'><strong>quod</strong></span> <span class='ocrx_word' id='word_1_379' title='bbox 2903 2583 3077 2653; x_wconf 88' lang='lat' dir='ltr'><strong>prima</strong></span> <span class='ocrx_word' id='word_1_380' title='bbox 3115 2582 3260 2637; x_wconf 85' lang='lat' dir='ltr'><strong>acies</strong></span> <span class='ocrx_word' id='word_1_381' title='bbox 3284 2596 3407 2635; x_wconf 84' lang='lat' dir='ltr'><strong>cum</strong></span> 
     </span>
    </p>
   </div>
   <div class='ocr_carea' id='block_1_52' title="bbox 1839 2674 3410 2745">
    <p class='ocr_par' dir='ltr' id='par_1_52' title="bbox 1839 2674 3410 2745">
     <span class='ocr_line' id='line_1_52' title="bbox 1839 2674 3410 2745; baseline -0.001 -17"><span class='ocrx_word' id='word_1_382' title='bbox 1839 2676 2121 2730; x_wconf 83' lang='lat' dir='ltr'><strong>alterama</strong></span> <span class='ocrx_word' id='word_1_383' title='bbox 2162 2687 2312 2745; x_wconf 85' lang='lat' dir='ltr'><strong>tergo</strong></span> <span class='ocrx_word' id='word_1_384' title='bbox 2358 2675 2738 2730; x_wconf 87' lang='lat' dir='ltr'><strong>subsidiariam</strong></span> <span class='ocrx_word' id='word_1_385' title='bbox 2770 2675 2950 2738; x_wconf 88' lang='lat' dir='ltr'><strong>habet,</strong></span> <span class='ocrx_word' id='word_1_386' title='bbox 3005 2674 3199 2730; x_wconf 75' lang='lat' dir='ltr'><strong>fortius</strong></span> <span class='ocrx_word' id='word_1_387' title='bbox 3247 2683 3410 2742; x_wconf 89' lang='lat' dir='ltr'><strong>atque</strong></span> 
     </span>
    </p>
   </div>
   <div class='ocr_carea' id='block_1_53' title="bbox 1840 2766 3408 2824">
    <p class='ocr_par' dir='ltr' id='par_1_53' title="bbox 1840 2766 3408 2824">
     <span class='ocr_line' id='line_1_53' title="bbox 1840 2766 3408 2824; baseline -0.003 -3"><span class='ocrx_word' id='word_1_388' title='bbox 1840 2768 2076 2822; x_wconf 68' lang='lat' dir='ltr'><strong>alat-rius</strong></span> <span class='ocrx_word' id='word_1_389' title='bbox 2099 2783 2220 2822; x_wconf 90' lang='lat' dir='ltr'><strong>cum</strong></span> <span class='ocrx_word' id='word_1_390' title='bbox 2253 2767 2498 2824; x_wconf 85' lang='lat' dir='ltr'><strong>hostibus</strong></span> <span class='ocrx_word' id='word_1_391' title='bbox 2524 2768 2762 2823; x_wconf 81' lang='lat' dir='ltr'><strong>dimicat.</strong></span> <span class='ocrx_word' id='word_1_392' title='bbox 2789 2766 2991 2821; x_wconf 88' lang='lat' dir='ltr'><strong>Deinde</strong></span> <span class='ocrx_word' id='word_1_393' title='bbox 3013 2775 3272 2820; x_wconf 57' lang='lat' dir='ltr'><strong>extrema).</strong></span> <span class='ocrx_word' id='word_1_394' title='bbox 3297 2776 3408 2818; x_wconf 71' lang='lat' dir='ltr'><strong>orm</strong></span> 
     </span>
    </p>
   </div>
   <div class='ocr_carea' id='block_1_54' title="bbox 1843 2854 3404 2924">
    <p class='ocr_par' dir='ltr' id='par_1_54' title="bbox 1843 2854 3404 2924">
     <span class='ocr_line' id='line_1_54' title="bbox 1843 2854 3404 2924; baseline -0.003 -14"><span class='ocrx_word' id='word_1_395' title='bbox 1843 2865 1960 2910; x_wconf 88' lang='lat' dir='ltr'><strong>tum</strong></span> <span class='ocrx_word' id='word_1_396' title='bbox 1981 2857 2204 2921; x_wconf 69' lang='lat' dir='ltr'><strong>dextrm,</strong></span> <span class='ocrx_word' id='word_1_397' title='bbox 2230 2867 2341 2912; x_wconf 92' lang='lat' dir='ltr'><strong>tum</strong></span> <span class='ocrx_word' id='word_1_398' title='bbox 2365 2859 2620 2923; x_wconf 59' lang='lat' dir='ltr'><strong>sinistrae,</strong></span> <span class='ocrx_word' id='word_1_399' title='bbox 2642 2858 2901 2912; x_wconf 77' lang='lat' dir='ltr'><strong>laterariis</strong></span> <span class='ocrx_word' id='word_1_400' title='bbox 2919 2856 3173 2917; x_wconf 70' lang='lat' dir='ltr'><strong>defensae,</strong></span> <span class='ocrx_word' id='word_1_401' title='bbox 3198 2854 3404 2924; x_wconf 85' lang='lat' dir='ltr'><strong>majore</strong></span> 
     </span>
    </p>
   </div>
   <div class='ocr_carea' id='block_1_55' title="bbox 1843 2948 3407 3020">
    <p class='ocr_par' dir='ltr' id='par_1_55' title="bbox 1843 2948 3407 3020">
     <span class='ocr_line' id='line_1_55' title="bbox 1843 2948 3407 3020; baseline -0.001 -19"><span class='ocrx_word' id='word_1_402' title='bbox 1843 2959 1967 3001; x_wconf 75' lang='lat' dir='ltr'><strong>eum</strong></span> <span class='ocrx_word' id='word_1_403' title='bbox 2009 2949 2194 3002; x_wconf 85' lang='lat' dir='ltr'><strong>animo</strong></span> <span class='ocrx_word' id='word_1_404' title='bbox 2245 2964 2308 3003; x_wconf 90' lang='lat' dir='ltr'><strong>ac</strong></span> <span class='ocrx_word' id='word_1_405' title='bbox 2344 2950 2642 3019; x_wconf 89' lang='lat' dir='ltr'><strong>cupiditate</strong></span> <span class='ocrx_word' id='word_1_406' title='bbox 2678 2949 2814 3004; x_wconf 88' lang='lat' dir='ltr'><strong>bella</strong></span> <span class='ocrx_word' id='word_1_407' title='bbox 2860 2959 3071 3020; x_wconf 82' lang='lat' dir='ltr'><strong>gerunt.</strong></span> <span class='ocrx_word' id='word_1_408' title='bbox 3116 2948 3407 3004; x_wconf 79' lang='lat' dir='ltr'><strong>Maximum</strong></span> 
     </span>
    </p>
   </div>
   <div class='ocr_carea' id='block_1_56' title="bbox 1844 3039 3410 3110">
    <p class='ocr_par' dir='ltr' id='par_1_56' title="bbox 1844 3039 3410 3110">
     <span class='ocr_line' id='line_1_56' title="bbox 1844 3039 3410 3110; baseline 0.001 -18"><span class='ocrx_word' id='word_1_409' title='bbox 1844 3049 2023 3092; x_wconf 88' lang='lat' dir='ltr'><strong>autem</strong></span> <span class='ocrx_word' id='word_1_410' title='bbox 2067 3039 2373 3094; x_wconf 87' lang='lat' dir='ltr'><strong>subsidium</strong></span> <span class='ocrx_word' id='word_1_411' title='bbox 2420 3050 2531 3106; x_wconf 90' lang='lat' dir='ltr'><strong>est,</strong></span> <span class='ocrx_word' id='word_1_412' title='bbox 2569 3042 2712 3110; x_wconf 90' lang='lat' dir='ltr'><strong>quod</strong></span> <span class='ocrx_word' id='word_1_413' title='bbox 2757 3041 2993 3096; x_wconf 84' lang='lat' dir='ltr'><strong>secunda</strong></span> <span class='ocrx_word' id='word_1_414' title='bbox 3033 3041 3149 3096; x_wconf 87' lang='lat' dir='ltr'><strong>acie</strong></span> <span class='ocrx_word' id='word_1_415' title='bbox 3186 3056 3215 3094; x_wconf 91' lang='lat' dir='ltr'><strong>a</strong></span> <span class='ocrx_word' id='word_1_416' title='bbox 3260 3049 3410 3110; x_wconf 84' lang='lat' dir='ltr'><strong>tergo</strong></span> 
     </span>
    </p>
   </div>
   <div class='ocr_carea' id='block_1_57' title="bbox 148 3131 1807 3218">
    <p class='ocr_par' dir='ltr' id='par_1_57' title="bbox 148 3133 1807 3218">
     <span class='ocr_line' id='line_1_57' title="bbox 148 3133 1807 3218; baseline -0.001 -33"><span class='ocrx_word' id='word_1_417' title='bbox 148 3134 245 3185; x_wconf 87' lang='grc' dir='ltr'><strong>διά</strong></span> <span class='ocrx_word' id='word_1_418' title='bbox 276 3135 388 3187; x_wconf 86' lang='grc' dir='ltr'>τῶν</span> <span class='ocrx_word' id='word_1_419' title='bbox 431 3135 886 3202; x_wconf 85' lang='grc' dir='ltr'>πλαγιοφυλάκων</span> <span class='ocrx_word' id='word_1_420' title='bbox 925 3137 1300 3206; x_wconf 71' lang='grc' dir='ltr'>φυλαττόμενα</span> <span class='ocrx_word' id='word_1_421' title='bbox 1342 3133 1558 3201; x_wconf 75' lang='grc' dir='ltr'>ἀφόϐως</span> <span class='ocrx_word' id='word_1_422' title='bbox 1601 3133 1736 3202; x_wconf 71' lang='grc' dir='ltr'>πρδς</span> <span class='ocrx_word' id='word_1_423' title='bbox 1766 3159 1807 3218; x_wconf 77' lang='lat' dir='ltr'><strong><em>C</em></strong></span> 
     </span>
    </p>
   </div>
   <div class='ocr_carea' id='block_1_58' title="bbox 1747 3131 3406 3218">
    <p class='ocr_par' dir='ltr' id='par_1_58' title="bbox 1766 3131 3406 3218">
     <span class='ocr_line' id='line_1_58' title="bbox 1766 3131 3406 3218; baseline 0.001 -33"><span class='ocrx_word' id='word_1_424' title='bbox 1766 3159 1810 3218; x_wconf 69' lang='grc' dir='ltr'>ο</span> <span class='ocrx_word' id='word_1_425' title='bbox 1846 3131 2135 3198; x_wconf 88' lang='lat' dir='ltr'><strong>instructa,</strong></span> <span class='ocrx_word' id='word_1_426' title='bbox 2170 3133 2262 3203; x_wconf 88' lang='lat' dir='ltr'><strong>qui</strong></span> <span class='ocrx_word' id='word_1_427' title='bbox 2294 3133 2346 3187; x_wconf 92' lang='lat' dir='ltr'><strong>in</strong></span> <span class='ocrx_word' id='word_1_428' title='bbox 2388 3136 2563 3204; x_wconf 91' lang='lat' dir='ltr'><strong>prima</strong></span> <span class='ocrx_word' id='word_1_429' title='bbox 2597 3134 2714 3188; x_wconf 83' lang='lat' dir='ltr'><strong>acie</strong></span> <span class='ocrx_word' id='word_1_430' title='bbox 2743 3135 3031 3190; x_wconf 85' lang='lat' dir='ltr'><strong>stationem</strong></span> <span class='ocrx_word' id='word_1_431' title='bbox 3063 3150 3216 3189; x_wconf 86' lang='lat' dir='ltr'><strong>suam</strong></span> <span class='ocrx_word' id='word_1_432' title='bbox 3250 3133 3406 3188; x_wconf 83' lang='lat' dir='ltr'><strong>dese-</strong></span> 
     </span>
    </p>
   </div>
   <div class='ocr_carea' id='block_1_59' title="bbox 150 3225 1731 3296">
    <p class='ocr_par' dir='ltr' id='par_1_59' title="bbox 150 3225 1731 3296">
     <span class='ocr_line' id='line_1_59' title="bbox 150 3225 1731 3296; baseline 0 -20"><span class='ocrx_word' id='word_1_433' title='bbox 150 3225 284 3287; x_wconf 76' lang='grc' dir='ltr'>τοὺς</span> <span class='ocrx_word' id='word_1_434' title='bbox 309 3225 615 3296; x_wconf 77' lang='grc' dir='ltr'>ἔμπροσθεν</span> <span class='ocrx_word' id='word_1_435' title='bbox 661 3225 974 3293; x_wconf 75' lang='grc' dir='ltr'>πολεμοῦσι.</span> <span class='ocrx_word' id='word_1_436' title='bbox 1009 3228 1082 3280; x_wconf 85' lang='grc' dir='ltr'>Τὸ</span> <span class='ocrx_word' id='word_1_437' title='bbox 1111 3227 1166 3279; x_wconf 89' lang='grc' dir='ltr'><strong>δέ</strong></span> <span class='ocrx_word' id='word_1_438' title='bbox 1200 3227 1357 3278; x_wconf 84' lang='grc' dir='ltr'>πλέον</span> <span class='ocrx_word' id='word_1_439' title='bbox 1385 3225 1731 3296; x_wconf 80' lang='grc' dir='ltr'>προτέρημα,</span> 
     </span>
    </p>
   </div>
   <div class='ocr_carea' id='block_1_60' title="bbox 153 3315 1736 3389">
    <p class='ocr_par' dir='ltr' id='par_1_60' title="bbox 153 3315 1736 3389">
     <span class='ocr_line' id='line_1_60' title="bbox 153 3315 1736 3389; baseline -0.001 -21"><span class='ocrx_word' id='word_1_440' title='bbox 153 3318 245 3368; x_wconf 80' lang='grc' dir='ltr'>ὅτι</span> <span class='ocrx_word' id='word_1_441' title='bbox 276 3316 377 3385; x_wconf 80' lang='grc' dir='ltr'>τῆς</span> <span class='ocrx_word' id='word_1_442' title='bbox 408 3317 666 3388; x_wconf 77' lang='grc' dir='ltr'>δευτέρας</span> <span class='ocrx_word' id='word_1_443' title='bbox 701 3318 1060 3389; x_wconf 86' lang='grc' dir='ltr'>παρατάξεως</span> <span class='ocrx_word' id='word_1_444' title='bbox 1083 3317 1304 3370; x_wconf 77' lang='grc' dir='ltr'>ὄπισθεν</span> <span class='ocrx_word' id='word_1_445' title='bbox 1329 3316 1495 3386; x_wconf 79' lang='grc' dir='ltr'>οὔσης</span> <span class='ocrx_word' id='word_1_446' title='bbox 1531 3318 1579 3368; x_wconf 84' lang='grc' dir='ltr'>οἱ</span> <span class='ocrx_word' id='word_1_447' title='bbox 1610 3315 1736 3368; x_wconf 91' lang='grc' dir='ltr'>πολ-</span> 
     </span>
    </p>
   </div>
   <div class='ocr_carea' id='block_1_61' title="bbox 151 3406 1735 3480">
    <p class='ocr_par' dir='ltr' id='par_1_61' title="bbox 151 3406 1735 3480">
     <span class='ocr_line' id='line_1_61' title="bbox 151 3406 1735 3480; baseline 0 -21"><span class='ocrx_word' id='word_1_448' title='bbox 151 3406 320 3469; x_wconf 79' lang='grc' dir='ltr'>λάκις</span> <span class='ocrx_word' id='word_1_449' title='bbox 372 3407 816 3472; x_wconf 75' lang='grc' dir='ltr'>λιποτακτοῦντες</span> <span class='ocrx_word' id='word_1_450' title='bbox 863 3412 920 3464; x_wconf 91' lang='grc' dir='ltr'><strong>ἐν</strong></span> <span class='ocrx_word' id='word_1_451' title='bbox 972 3412 1037 3480; x_wconf 80' lang='grc' dir='ltr'>τῇ</span> <span class='ocrx_word' id='word_1_452' title='bbox 1090 3408 1280 3479; x_wconf 82' lang='grc' dir='ltr'>πρώτῃ</span> <span class='ocrx_word' id='word_1_453' title='bbox 1330 3407 1627 3478; x_wconf 79' lang='grc' dir='ltr'>παρατάξει</span> <span class='ocrx_word' id='word_1_454' title='bbox 1675 3408 1735 3460; x_wconf 72' lang='grc' dir='ltr'>οὔ</span> 
     </span>
    </p>
   </div>
   <div class='ocr_carea' id='block_1_62' title="bbox 1845 3223 3406 3295">
    <p class='ocr_par' dir='ltr' id='par_1_62' title="bbox 1845 3223 3406 3295">
     <span class='ocr_line' id='line_1_62' title="bbox 1845 3223 3406 3295; baseline 0.001 -20"><span class='ocrx_word' id='word_1_455' title='bbox 1845 3233 2000 3288; x_wconf 91' lang='lat' dir='ltr'><strong>runt,</strong></span> <span class='ocrx_word' id='word_1_456' title='bbox 2056 3223 2110 3277; x_wconf 89' lang='lat' dir='ltr'><strong>in</strong></span> <span class='ocrx_word' id='word_1_457' title='bbox 2159 3223 2339 3295; x_wconf 87' lang='lat' dir='ltr'><strong>fugam</strong></span> <span class='ocrx_word' id='word_1_458' title='bbox 2391 3240 2497 3278; x_wconf 92' lang='lat' dir='ltr'><strong>non</strong></span> <span class='ocrx_word' id='word_1_459' title='bbox 2546 3233 2860 3293; x_wconf 86' lang='lat' dir='ltr'><strong>vertuntur,</strong></span> <span class='ocrx_word' id='word_1_460' title='bbox 2910 3225 3067 3280; x_wconf 85' lang='lat' dir='ltr'><strong>veriti</strong></span> <span class='ocrx_word' id='word_1_461' title='bbox 3111 3226 3406 3280; x_wconf 74' lang='lat' dir='ltr'><strong>secundum</strong></span> 
     </span>
    </p>
   </div>
   <div class='ocr_carea' id='block_1_63' title="bbox 1843 3314 3409 3387">
    <p class='ocr_par' dir='ltr' id='par_1_63' title="bbox 1843 3314 3409 3387">
     <span class='ocr_line' id='line_1_63' title="bbox 1843 3314 3409 3387; baseline 0 -20"><span class='ocrx_word' id='word_1_462' title='bbox 1843 3314 2039 3378; x_wconf 88' lang='lat' dir='ltr'><strong>aciem,</strong></span> <span class='ocrx_word' id='word_1_463' title='bbox 2069 3323 2123 3369; x_wconf 87' lang='lat' dir='ltr'><strong>et</strong></span> <span class='ocrx_word' id='word_1_464' title='bbox 2163 3315 2530 3387; x_wconf 86' lang='lat' dir='ltr'><strong>suspicionem</strong></span> <span class='ocrx_word' id='word_1_465' title='bbox 2561 3316 2786 3387; x_wconf 59' lang='lat' dir='ltr'><strong>ignavia:</strong></span> <span class='ocrx_word' id='word_1_466' title='bbox 2817 3317 3101 3372; x_wconf 89' lang='lat' dir='ltr'><strong>timentes:</strong></span> <span class='ocrx_word' id='word_1_467' title='bbox 3135 3318 3239 3372; x_wconf 92' lang='lat' dir='ltr'><strong>hoc</strong></span> <span class='ocrx_word' id='word_1_468' title='bbox 3262 3316 3409 3372; x_wconf 87' lang='lat' dir='ltr'><strong>enim</strong></span> 
     </span>
    </p>
   </div>
   <div class='ocr_carea' id='block_1_64' title="bbox 1844 3409 2880 3478">
    <p class='ocr_par' dir='ltr' id='par_1_64' title="bbox 1844 3409 2880 3478">
     <span class='ocr_line' id='line_1_64' title="bbox 1844 3409 2880 3478; baseline 0.003 -17"><span class='ocrx_word' id='word_1_469' title='bbox 1844 3423 2094 3478; x_wconf 90' lang='lat' dir='ltr'><strong>magnam</strong></span> <span class='ocrx_word' id='word_1_470' title='bbox 2123 3409 2408 3465; x_wconf 87' lang='lat' dir='ltr'><strong>utilitatem</strong></span> <span class='ocrx_word' id='word_1_471' title='bbox 2444 3410 2498 3464; x_wconf 89' lang='lat' dir='ltr'><strong>in</strong></span> <span class='ocrx_word' id='word_1_472' title='bbox 2530 3409 2671 3465; x_wconf 86' lang='lat' dir='ltr'><strong>bello</strong></span> <span class='ocrx_word' id='word_1_473' title='bbox 2705 3409 2880 3465; x_wconf 81' lang='lat' dir='ltr'><strong>aﬂ&#39;ert.</strong></span> 
     </span>
    </p>
   </div>
   <div class='ocr_carea' id='block_1_65' title="bbox 153 3495 3415 3571">
    <p class='ocr_par' dir='ltr' id='par_1_65' title="bbox 153 3495 3415 3571">
     <span class='ocr_line' id='line_1_65' title="bbox 153 3495 3415 3571; baseline 0.001 -21"><span class='ocrx_word' id='word_1_474' title='bbox 153 3497 473 3565; x_wconf 83' lang='grc' dir='ltr'>τρέπονται,</span> <span class='ocrx_word' id='word_1_475' title='bbox 503 3500 577 3562; x_wconf 83' lang='grc' dir='ltr'><strong>ὡς</strong></span> <span class='ocrx_word' id='word_1_476' title='bbox 604 3501 813 3570; x_wconf 76' lang='grc' dir='ltr'>ἔτυχεν,</span> <span class='ocrx_word' id='word_1_477' title='bbox 847 3499 951 3552; x_wconf 82' lang='grc' dir='ltr'><strong>ὑπὸ</strong></span> <span class='ocrx_word' id='word_1_478' title='bbox 977 3499 1085 3552; x_wconf 86' lang='grc' dir='ltr'><strong>τῶν</strong></span> <span class='ocrx_word' id='word_1_479' title='bbox 1111 3498 1332 3552; x_wconf 76' lang='grc' dir='ltr'>ὄπισθεν</span> <span class='ocrx_word' id='word_1_480' title='bbox 1360 3498 1536 3552; x_wconf 77' lang='grc' dir='ltr'>αὐτῶν</span> <span class='ocrx_word' id='word_1_481' title='bbox 1555 3495 1977 3566; x_wconf 77' lang='grc' dir='ltr'>ὑποπτευόμενοι</span> <span class='ocrx_word' id='word_1_482' title='bbox 2006 3514 2019 3528; x_wconf 76' lang='grc' dir='ltr'><strong>ο</strong></span> <span class='ocrx_word' id='word_1_483' title='bbox 2083 3498 2244 3552; x_wconf 79' lang='grc' dir='ltr'>τοῦτο</span> <span class='ocrx_word' id='word_1_484' title='bbox 2316 3498 2424 3569; x_wconf 79' lang='grc' dir='ltr'><strong>γὰρ</strong></span> <span class='ocrx_word' id='word_1_485' title='bbox 2485 3500 2578 3554; x_wconf 79' lang='grc' dir='ltr'>καὶ</span> <span class='ocrx_word' id='word_1_486' title='bbox 2644 3499 2887 3571; x_wconf 82' lang='grc' dir='ltr'>μεγάλην</span> <span class='ocrx_word' id='word_1_487' title='bbox 2935 3500 3204 3570; x_wconf 84' lang='grc' dir='ltr'>ὠφέλειαν</span> <span class='ocrx_word' id='word_1_488' title='bbox 3268 3500 3415 3554; x_wconf 79' lang='grc' dir='ltr'>ποιεῖ</span> 
     </span>
    </p>
   </div>
   <div class='ocr_carea' id='block_1_66' title="bbox 155 3596 434 3667">
    <p class='ocr_par' dir='ltr' id='par_1_66' title="bbox 155 3596 434 3667">
     <span class='ocr_line' id='line_1_66' title="bbox 155 3596 434 3667; baseline 0.011 -3"><span class='ocrx_word' id='word_1_489' title='bbox 155 3597 226 3664; x_wconf 73' lang='grc' dir='ltr'><strong>τῇ</strong></span> <span class='ocrx_word' id='word_1_490' title='bbox 265 3596 434 3667; x_wconf 74' lang='grc' dir='ltr'>μάχῃ·</span> 
     </span>
    </p>
   </div>
   <div class='ocr_carea' id='block_1_67' title="bbox 235 3688 1731 3761">
    <p class='ocr_par' dir='ltr' id='par_1_67' title="bbox 235 3688 1731 3761">
     <span class='ocr_line' id='line_1_67' title="bbox 235 3688 1731 3761; baseline 0.001 -21"><span class='ocrx_word' id='word_1_491' title='bbox 235 3695 333 3752; x_wconf 82' lang='grc' dir='ltr'>ις’.</span> <span class='ocrx_word' id='word_1_492' title='bbox 368 3688 475 3743; x_wconf 67' lang='grc' dir='ltr'><strong>Καὶ</strong></span> <span class='ocrx_word' id='word_1_493' title='bbox 503 3690 560 3742; x_wconf 89' lang='grc' dir='ltr'><strong>ἐν</strong></span> <span class='ocrx_word' id='word_1_494' title='bbox 577 3689 751 3761; x_wconf 85' lang='grc' dir='ltr'>καιρῷ</span> <span class='ocrx_word' id='word_1_495' title='bbox 794 3691 849 3742; x_wconf 80' lang='grc' dir='ltr'>δὲ</span> <span class='ocrx_word' id='word_1_496' title='bbox 898 3691 1127 3760; x_wconf 78' lang='grc' dir='ltr'>τροπῆς,</span> <span class='ocrx_word' id='word_1_497' title='bbox 1179 3691 1253 3753; x_wconf 85' lang='grc' dir='ltr'>ὡς</span> <span class='ocrx_word' id='word_1_498' title='bbox 1303 3691 1562 3754; x_wconf 74' lang='grc' dir='ltr'>πολλάκις</span> <span class='ocrx_word' id='word_1_499' title='bbox 1591 3707 1731 3760; x_wconf 84' lang='grc' dir='ltr'>συμ-</span> 
     </span>
    </p>
   </div>
   <div class='ocr_carea' id='block_1_68' title="bbox 158 3779 1736 3854">
    <p class='ocr_par' dir='ltr' id='par_1_68' title="bbox 158 3779 1736 3854">
     <span class='ocr_line' id='line_1_68' title="bbox 158 3779 1736 3854; baseline 0.002 -22"><span class='ocrx_word' id='word_1_500' title='bbox 158 3779 337 3834; x_wconf 75' lang='grc' dir='ltr'>ϐαίνει</span> <span class='ocrx_word' id='word_1_501' title='bbox 362 3782 427 3849; x_wconf 79' lang='grc' dir='ltr'><strong>τῇ</strong></span> <span class='ocrx_word' id='word_1_502' title='bbox 465 3779 654 3851; x_wconf 78' lang='grc' dir='ltr'>πρώτῃ</span> <span class='ocrx_word' id='word_1_503' title='bbox 706 3783 880 3846; x_wconf 79' lang='grc' dir='ltr'>τάξει,</span> <span class='ocrx_word' id='word_1_504' title='bbox 911 3783 1117 3850; x_wconf 83' lang='grc' dir='ltr'>γίνεται</span> <span class='ocrx_word' id='word_1_505' title='bbox 1153 3785 1183 3851; x_wconf 85' lang='grc' dir='ltr'>ἡ</span> <span class='ocrx_word' id='word_1_506' title='bbox 1226 3784 1454 3854; x_wconf 76' lang='grc' dir='ltr'>δευτέρα</span> <span class='ocrx_word' id='word_1_507' title='bbox 1482 3786 1560 3848; x_wconf 89' lang='grc' dir='ltr'><strong>είς</strong></span> <span class='ocrx_word' id='word_1_508' title='bbox 1587 3784 1736 3838; x_wconf 85' lang='grc' dir='ltr'>ἀντί-</span> 
     </span>
    </p>
   </div>
   <div class='ocr_carea' id='block_1_69' title="bbox 157 3870 1736 3943">
    <p class='ocr_par' dir='ltr' id='par_1_69' title="bbox 157 3870 1736 3943">
     <span class='ocr_line' id='line_1_69' title="bbox 157 3870 1736 3943; baseline 0.004 -21"><span class='ocrx_word' id='word_1_509' title='bbox 157 3870 329 3940; x_wconf 71' lang='grc' dir='ltr'>ληψιν</span> <span class='ocrx_word' id='word_1_510' title='bbox 368 3872 464 3923; x_wconf 75' lang='grc' dir='ltr'>καὶ</span> <span class='ocrx_word' id='word_1_511' title='bbox 521 3871 864 3943; x_wconf 79' lang='grc' dir='ltr'>καταφυγὴν,</span> <span class='ocrx_word' id='word_1_512' title='bbox 917 3874 1039 3926; x_wconf 84' lang='grc' dir='ltr'>ὅθεν</span> <span class='ocrx_word' id='word_1_513' title='bbox 1087 3875 1250 3927; x_wconf 83' lang='grc' dir='ltr'>πάλιν</span> <span class='ocrx_word' id='word_1_514' title='bbox 1285 3875 1508 3928; x_wconf 84' lang='grc' dir='ltr'>δυνατὸν</span> <span class='ocrx_word' id='word_1_515' title='bbox 1534 3876 1736 3939; x_wconf 81' lang='grc' dir='ltr'>αὐτοὺς</span> 
     </span>
    </p>
   </div>
   <div class='ocr_carea' id='block_1_70' title="bbox 159 3958 1735 4034">
    <p class='ocr_par' dir='ltr' id='par_1_70' title="bbox 159 3958 1735 4034">
     <span class='ocr_line' id='line_1_70' title="bbox 159 3958 1735 4034; baseline 0.006 -24"><span class='ocrx_word' id='word_1_516' title='bbox 159 3958 550 4012; x_wconf 78' lang='grc' dir='ltr'>ἀνακαλεῖσθαι</span> <span class='ocrx_word' id='word_1_517' title='bbox 573 3959 964 4031; x_wconf 83' lang='grc' dir='ltr'>βοηθουμένους</span> <span class='ocrx_word' id='word_1_518' title='bbox 990 3963 1096 4016; x_wconf 82' lang='grc' dir='ltr'>ὑπὸ</span> <span class='ocrx_word' id='word_1_519' title='bbox 1123 3965 1219 4033; x_wconf 80' lang='grc' dir='ltr'>τῆς</span> <span class='ocrx_word' id='word_1_520' title='bbox 1235 3963 1493 4034; x_wconf 82' lang='grc' dir='ltr'>δευτέρας</span> <span class='ocrx_word' id='word_1_521' title='bbox 1509 3967 1735 4031; x_wconf 82' lang='grc' dir='ltr'>τάξεως,</span> 
     </span>
    </p>
   </div>
   <div class='ocr_carea' id='block_1_71' title="bbox 161 4050 1737 4127">
    <p class='ocr_par' dir='ltr' id='par_1_71' title="bbox 161 4050 1737 4127">
     <span class='ocr_line' id='line_1_71' title="bbox 161 4050 1737 4127; baseline 0.006 -27"><span class='ocrx_word' id='word_1_522' title='bbox 161 4051 262 4101; x_wconf 72' lang='grc' dir='ltr'>καὶ</span> <span class='ocrx_word' id='word_1_523' title='bbox 287 4050 425 4103; x_wconf 74' lang='grc' dir='ltr'>κατὰ</span> <span class='ocrx_word' id='word_1_524' title='bbox 446 4050 554 4103; x_wconf 85' lang='grc' dir='ltr'>τῶν</span> <span class='ocrx_word' id='word_1_525' title='bbox 596 4053 967 4105; x_wconf 79' lang='grc' dir='ltr'>ἐπιπεσόντων</span> <span class='ocrx_word' id='word_1_526' title='bbox 1019 4052 1228 4124; x_wconf 81' lang='grc' dir='ltr'>ἐχθρῶν</span> <span class='ocrx_word' id='word_1_527' title='bbox 1260 4053 1422 4108; x_wconf 86' lang='grc' dir='ltr'>πάλιν</span> <span class='ocrx_word' id='word_1_528' title='bbox 1454 4057 1737 4127; x_wconf 86' lang='grc' dir='ltr'>ἀντιστρέ-</span> 
     </span>
    </p>
   </div>
   <div class='ocr_carea' id='block_1_72' title="bbox 161 4140 384 4208">
    <p class='ocr_par' dir='ltr' id='par_1_72' title="bbox 161 4140 384 4208">
     <span class='ocr_line' id='line_1_72' title="bbox 161 4140 384 4208; baseline 0.013 -16"><span class='ocrx_word' id='word_1_529' title='bbox 161 4140 384 4208; x_wconf 88' lang='grc' dir='ltr'>φεσθαι.</span> 
     </span>
    </p>
   </div>
   <div class='ocr_carea' id='block_1_73' title="bbox 237 4227 1738 4309">
    <p class='ocr_par' dir='ltr' id='par_1_73' title="bbox 237 4227 1738 4309">
     <span class='ocr_line' id='line_1_73' title="bbox 237 4227 1738 4309; baseline 0.009 -32"><span class='ocrx_word' id='word_1_530' title='bbox 237 4227 323 4288; x_wconf 80' lang='grc' dir='ltr'><strong>ιζ’.</strong></span> <span class='ocrx_word' id='word_1_531' title='bbox 372 4227 529 4280; x_wconf 82' lang='grc' dir='ltr'>Ἀλλά</span> <span class='ocrx_word' id='word_1_532' title='bbox 564 4229 654 4280; x_wconf 82' lang='grc' dir='ltr'>καὶ</span> <span class='ocrx_word' id='word_1_533' title='bbox 679 4230 806 4282; x_wconf 85' lang='grc' dir='ltr'>ὅταν</span> <span class='ocrx_word' id='word_1_534' title='bbox 841 4231 1093 4284; x_wconf 84' lang='grc' dir='ltr'>διώκουσι</span> <span class='ocrx_word' id='word_1_535' title='bbox 1142 4235 1267 4296; x_wconf 72' lang='grc' dir='ltr'>τοὺς</span> <span class='ocrx_word' id='word_1_536' title='bbox 1314 4234 1539 4305; x_wconf 65' lang='grc' dir='ltr'>ἐχθροὺς</span> <span class='ocrx_word' id='word_1_537' title='bbox 1569 4238 1616 4289; x_wconf 90' lang='grc' dir='ltr'>οἱ</span> <span class='ocrx_word' id='word_1_538' title='bbox 1643 4241 1738 4309; x_wconf 82' lang='grc' dir='ltr'>τῆς</span> 
     </span>
    </p>
   </div>
   <div class='ocr_carea' id='block_1_74' title="bbox 163 4315 1740 4395">
    <p class='ocr_par' dir='ltr' id='par_1_74' title="bbox 163 4315 1740 4395">
     <span class='ocr_line' id='line_1_74' title="bbox 163 4315 1740 4395; baseline 0.009 -30"><span class='ocrx_word' id='word_1_539' title='bbox 163 4315 393 4388; x_wconf 77' lang='grc' dir='ltr'>πρώτης</span> <span class='ocrx_word' id='word_1_540' title='bbox 438 4319 793 4386; x_wconf 78' lang='grc' dir='ltr'>παρατάξεως</span> <span class='ocrx_word' id='word_1_541' title='bbox 838 4321 1092 4389; x_wconf 78' lang='grc' dir='ltr'>ἀσφαλῶς</span> <span class='ocrx_word' id='word_1_542' title='bbox 1137 4323 1228 4374; x_wconf 74' lang='grc' dir='ltr'><strong>καὶ</strong></span> <span class='ocrx_word' id='word_1_543' title='bbox 1265 4324 1401 4392; x_wconf 84' lang='grc' dir='ltr'><strong>μετά</strong></span> <span class='ocrx_word' id='word_1_544' title='bbox 1428 4325 1740 4395; x_wconf 81' lang='grc' dir='ltr'>προθυμίας</span> 
     </span>
    </p>
   </div>
   <div class='ocr_carea' id='block_1_75' title="bbox 164 4408 1738 4486">
    <p class='ocr_par' dir='ltr' id='par_1_75' title="bbox 164 4408 1738 4486">
     <span class='ocr_line' id='line_1_75' title="bbox 164 4408 1738 4486; baseline 0.006 -27"><span class='ocrx_word' id='word_1_545' title='bbox 164 4408 447 4461; x_wconf 83' lang='grc' dir='ltr'>ποιοῦνται</span> <span class='ocrx_word' id='word_1_546' title='bbox 483 4409 580 4478; x_wconf 79' lang='grc' dir='ltr'>τὴν</span> <span class='ocrx_word' id='word_1_547' title='bbox 607 4410 943 4474; x_wconf 74' lang='grc' dir='ltr'>δίωξινοέἀν</span> <span class='ocrx_word' id='word_1_548' title='bbox 991 4413 1101 4482; x_wconf 78' lang='grc' dir='ltr'><strong>γάρ</strong></span> <span class='ocrx_word' id='word_1_549' title='bbox 1157 4415 1614 4486; x_wconf 86' lang='grc' dir='ltr'>ἀντιστραφῶσιν,</span> <span class='ocrx_word' id='word_1_550' title='bbox 1663 4417 1738 4480; x_wconf 87' lang='grc' dir='ltr'><strong>ὡς</strong></span> 
     </span>
    </p>
   </div>
   <div class='ocr_carea' id='block_1_76' title="bbox 162 4501 1740 4579">
    <p class='ocr_par' dir='ltr' id='par_1_76' title="bbox 162 4501 1740 4579">
     <span class='ocr_line' id='line_1_76' title="bbox 162 4501 1740 4579; baseline 0.006 -26"><span class='ocrx_word' id='word_1_551' title='bbox 162 4501 425 4565; x_wconf 83' lang='grc' dir='ltr'>πολλάκις</span> <span class='ocrx_word' id='word_1_552' title='bbox 476 4502 705 4569; x_wconf 88' lang='grc' dir='ltr'>γίνεται,</span> <span class='ocrx_word' id='word_1_553' title='bbox 757 4502 1047 4572; x_wconf 85' lang='grc' dir='ltr'>φεύγοντες</span> <span class='ocrx_word' id='word_1_554' title='bbox 1102 4506 1151 4558; x_wconf 78' lang='grc' dir='ltr'>οἱ</span> <span class='ocrx_word' id='word_1_555' title='bbox 1202 4509 1385 4577; x_wconf 78' lang='grc' dir='ltr'>ἐχθροὶ</span> <span class='ocrx_word' id='word_1_556' title='bbox 1438 4510 1471 4579; x_wconf 82' lang='grc' dir='ltr'>ἦ</span> <span class='ocrx_word' id='word_1_557' title='bbox 1521 4510 1740 4563; x_wconf 82' lang='grc' dir='ltr'>ἄλλοθέν</span> 
     </span>
    </p>
   </div>
   <div class='ocr_carea' id='block_1_77' title="bbox 164 4591 1738 4672">
    <p class='ocr_par' dir='ltr' id='par_1_77' title="bbox 164 4591 1738 4672">
     <span class='ocr_line' id='line_1_77' title="bbox 164 4591 1738 4672; baseline 0.008 -30"><span class='ocrx_word' id='word_1_558' title='bbox 164 4591 331 4644; x_wconf 88' lang='grc' dir='ltr'>ποθεν</span> <span class='ocrx_word' id='word_1_559' title='bbox 360 4592 640 4659; x_wconf 74' lang='grc' dir='ltr'>αἰφνιδίως</span> <span class='ocrx_word' id='word_1_560' title='bbox 689 4593 990 4647; x_wconf 77' lang='grc' dir='ltr'>ἐπέλθωσιν</span> <span class='ocrx_word' id='word_1_561' title='bbox 1027 4596 1232 4666; x_wconf 75' lang='grc' dir='ltr'>ἐχθροὶ,</span> <span class='ocrx_word' id='word_1_562' title='bbox 1264 4596 1475 4664; x_wconf 85' lang='grc' dir='ltr'>γίνεται</span> <span class='ocrx_word' id='word_1_563' title='bbox 1513 4600 1738 4672; x_wconf 79' lang='grc' dir='ltr'>δευτέρα</span> 
     </span>
    </p>
   </div>
   <div class='ocr_carea' id='block_1_78' title="bbox 1915 3681 3408 3755">
    <p class='ocr_par' dir='ltr' id='par_1_78' title="bbox 1915 3681 3408 3755">
     <span class='ocr_line' id='line_1_78' title="bbox 1915 3681 3408 3755; baseline -0.003 -16"><span class='ocrx_word' id='word_1_564' title='bbox 1915 3685 2000 3740; x_wconf 78' lang='grc'><strong>16.</strong></span> <span class='ocrx_word' id='word_1_565' title='bbox 2036 3685 2214 3740; x_wconf 86' lang='lat' dir='ltr'><strong>Prima</strong></span> <span class='ocrx_word' id='word_1_566' title='bbox 2244 3686 2377 3750; x_wconf 82' lang='lat' dir='ltr'><strong>acie,</strong></span> <span class='ocrx_word' id='word_1_567' title='bbox 2422 3683 2883 3755; x_wconf 85' lang='lat' dir='ltr'><strong>quemadmodum</strong></span> <span class='ocrx_word' id='word_1_568' title='bbox 2921 3697 3064 3753; x_wconf 64' lang='lat' dir='ltr'><strong>saepe</strong></span> <span class='ocrx_word' id='word_1_569' title='bbox 3100 3697 3203 3738; x_wconf 88' lang='lat' dir='ltr'><strong>usu</strong></span> <span class='ocrx_word' id='word_1_570' title='bbox 3238 3681 3408 3744; x_wconf 79' lang='lat' dir='ltr'><strong>venit,</strong></span> 
     </span>
    </p>
   </div>
   <div class='ocr_carea' id='block_1_79' title="bbox 1843 3766 3402 3848">
    <p class='ocr_par' dir='ltr' id='par_1_79' title="bbox 1843 3766 3402 3848">
     <span class='ocr_line' id='line_1_79' title="bbox 1843 3766 3402 3848; baseline -0.003 -18"><span class='ocrx_word' id='word_1_571' title='bbox 1843 3777 2143 3848; x_wconf 72' lang='lat' dir='ltr'><strong>profligata,</strong></span> <span class='ocrx_word' id='word_1_572' title='bbox 2177 3766 2411 3832; x_wconf 72' lang='lat' dir='ltr'><strong>secunda</strong></span> <span class='ocrx_word' id='word_1_573' title='bbox 2445 3776 2590 3832; x_wconf 90' lang='lat' dir='ltr'><strong>acies</strong></span> <span class='ocrx_word' id='word_1_574' title='bbox 2621 3792 2762 3846; x_wconf 69' lang='lat' dir='ltr'><strong>saepe</strong></span> <span class='ocrx_word' id='word_1_575' title='bbox 2793 3775 3044 3846; x_wconf 65' lang='lat' dir='ltr'><strong>prmidio</strong></span> <span class='ocrx_word' id='word_1_576' title='bbox 3075 3774 3186 3829; x_wconf 89' lang='lat' dir='ltr'><strong>illis</strong></span> <span class='ocrx_word' id='word_1_577' title='bbox 3219 3773 3402 3843; x_wconf 86' lang='lat' dir='ltr'><strong>perfu-</strong></span> 
     </span>
    </p>
   </div>
   <div class='ocr_carea' id='block_1_80' title="bbox 1844 3866 3408 3942">
    <p class='ocr_par' dir='ltr' id='par_1_80' title="bbox 1844 3866 3408 3942">
     <span class='ocr_line' id='line_1_80' title="bbox 1844 3866 3408 3942; baseline -0.003 -18"><span class='ocrx_word' id='word_1_578' title='bbox 1844 3872 2040 3942; x_wconf 85' lang='lat' dir='ltr'><strong>gi0qne</strong></span> <span class='ocrx_word' id='word_1_579' title='bbox 2065 3880 2170 3936; x_wconf 92' lang='lat' dir='ltr'><strong>est,</strong></span> <span class='ocrx_word' id='word_1_580' title='bbox 2193 3871 2336 3924; x_wconf 79' lang='lat' dir='ltr'><strong>unde</strong></span> <span class='ocrx_word' id='word_1_581' title='bbox 2357 3885 2548 3925; x_wconf 90' lang='lat' dir='ltr'><strong>rursus</strong></span> <span class='ocrx_word' id='word_1_582' title='bbox 2574 3869 2739 3939; x_wconf 83' lang='lat' dir='ltr'><strong>adjuti</strong></span> <span class='ocrx_word' id='word_1_583' title='bbox 2769 3868 3116 3938; x_wconf 86' lang='lat' dir='ltr'><strong>revocatique</strong></span> <span class='ocrx_word' id='word_1_584' title='bbox 3145 3866 3408 3922; x_wconf 85' lang='lat' dir='ltr'><strong>adversus</strong></span> 
     </span>
    </p>
   </div>
   <div class='ocr_carea' id='block_1_81' title="bbox 1849 3956 3026 4013">
    <p class='ocr_par' dir='ltr' id='par_1_81' title="bbox 1849 3956 3026 4013">
     <span class='ocr_line' id='line_1_81' title="bbox 1849 3956 3026 4013; baseline 0 -3"><span class='ocrx_word' id='word_1_585' title='bbox 1849 3957 2119 4011; x_wconf 76' lang='lat' dir='ltr'><strong>irruentes</strong></span> <span class='ocrx_word' id='word_1_586' title='bbox 2152 3957 2334 4012; x_wconf 85' lang='lat' dir='ltr'><strong>hostes</strong></span> <span class='ocrx_word' id='word_1_587' title='bbox 2364 3956 2555 4011; x_wconf 81' lang='lat' dir='ltr'><strong>iterum</strong></span> <span class='ocrx_word' id='word_1_588' title='bbox 2592 3971 2652 4011; x_wconf 89' lang='lat' dir='ltr'><strong>se</strong></span> <span class='ocrx_word' id='word_1_589' title='bbox 2682 3964 3026 4013; x_wconf 83' lang='lat' dir='ltr'><strong>convertunt.</strong></span> 
     </span>
    </p>
   </div>
   <div class='ocr_carea' id='block_1_82' title="bbox 1919 4239 3410 4311">
    <p class='ocr_par' dir='ltr' id='par_1_82' title="bbox 1919 4239 3410 4311">
     <span class='ocr_line' id='line_1_82' title="bbox 1919 4239 3410 4311; baseline -0.001 -17"><span class='ocrx_word' id='word_1_590' title='bbox 1919 4243 2002 4295; x_wconf 83' lang='grc' dir='ltr'><strong>Π.</strong></span> <span class='ocrx_word' id='word_1_591' title='bbox 2052 4244 2226 4311; x_wconf 81' lang='lat' dir='ltr'><strong>Atque</strong></span> <span class='ocrx_word' id='word_1_592' title='bbox 2261 4244 2422 4296; x_wconf 77' lang='lat' dir='ltr'><strong>etiam</strong></span> <span class='ocrx_word' id='word_1_593' title='bbox 2457 4241 2675 4309; x_wconf 85' lang='lat' dir='ltr'><strong>quando</strong></span> <span class='ocrx_word' id='word_1_594' title='bbox 2713 4242 2804 4310; x_wconf 88' lang='lat' dir='ltr'><strong>qui</strong></span> <span class='ocrx_word' id='word_1_595' title='bbox 2850 4242 2902 4294; x_wconf 91' lang='lat' dir='ltr'><strong>iu</strong></span> <span class='ocrx_word' id='word_1_596' title='bbox 2931 4239 3103 4310; x_wconf 90' lang='lat' dir='ltr'><strong>prima</strong></span> <span class='ocrx_word' id='word_1_597' title='bbox 3139 4240 3253 4294; x_wconf 86' lang='lat' dir='ltr'><strong>acie</strong></span> <span class='ocrx_word' id='word_1_598' title='bbox 3282 4248 3410 4295; x_wconf 88' lang='lat' dir='ltr'><strong>sunt</strong></span> 
     </span>
    </p>
   </div>
   <div class='ocr_carea' id='block_1_83' title="bbox 1849 4331 3402 4403">
    <p class='ocr_par' dir='ltr' id='par_1_83' title="bbox 1849 4331 3402 4403">
     <span class='ocr_line' id='line_1_83' title="bbox 1849 4331 3402 4403; baseline 0 -18"><span class='ocrx_word' id='word_1_599' title='bbox 1849 4331 2032 4389; x_wconf 85' lang='lat' dir='ltr'><strong>hostes</strong></span> <span class='ocrx_word' id='word_1_600' title='bbox 2070 4348 2201 4388; x_wconf 88' lang='lat' dir='ltr'><strong>suos</strong></span> <span class='ocrx_word' id='word_1_601' title='bbox 2240 4345 2461 4388; x_wconf 90' lang='lat' dir='ltr'><strong>strenue</strong></span> <span class='ocrx_word' id='word_1_602' title='bbox 2491 4342 2653 4403; x_wconf 87' lang='lat' dir='ltr'><strong>atque</strong></span> <span class='ocrx_word' id='word_1_603' title='bbox 2691 4332 2946 4387; x_wconf 86' lang='lat' dir='ltr'><strong>alacriter</strong></span> <span class='ocrx_word' id='word_1_604' title='bbox 2980 4339 3402 4400; x_wconf 83' lang='lat' dir='ltr'><strong>persequuntur,</strong></span> 
     </span>
    </p>
   </div>
   <div class='ocr_carea' id='block_1_84' title="bbox 1847 4422 3407 4494">
    <p class='ocr_par' dir='ltr' id='par_1_84' title="bbox 1847 4422 3407 4494">
     <span class='ocr_line' id='line_1_84' title="bbox 1847 4422 3407 4494; baseline -0.003 -14"><span class='ocrx_word' id='word_1_605' title='bbox 1847 4425 1914 4490; x_wconf 85' lang='lat' dir='ltr'><strong>si,</strong></span> <span class='ocrx_word' id='word_1_606' title='bbox 1951 4425 2097 4494; x_wconf 89' lang='lat' dir='ltr'><strong>quod</strong></span> <span class='ocrx_word' id='word_1_607' title='bbox 2139 4425 2252 4480; x_wconf 82' lang='lat' dir='ltr'><strong>tieri</strong></span> <span class='ocrx_word' id='word_1_608' title='bbox 2293 4426 2463 4491; x_wconf 85' lang='lat' dir='ltr'><strong>solet,</strong></span> <span class='ocrx_word' id='word_1_609' title='bbox 2504 4431 2712 4480; x_wconf 70' lang='lat' dir='ltr'><strong>venant</strong></span> <span class='ocrx_word' id='word_1_610' title='bbox 2747 4439 2807 4478; x_wconf 90' lang='lat' dir='ltr'><strong>se</strong></span> <span class='ocrx_word' id='word_1_611' title='bbox 2846 4423 3039 4478; x_wconf 89' lang='lat' dir='ltr'><strong>iterum</strong></span> <span class='ocrx_word' id='word_1_612' title='bbox 3082 4422 3287 4486; x_wconf 88' lang='lat' dir='ltr'><strong>hostes,</strong></span> <span class='ocrx_word' id='word_1_613' title='bbox 3317 4430 3407 4477; x_wconf 86' lang='lat' dir='ltr'><strong>aut</strong></span> 
     </span>
    </p>
   </div>
   <div class='ocr_carea' id='block_1_85' title="bbox 1845 4515 3406 4579">
    <p class='ocr_par' dir='ltr' id='par_1_85' title="bbox 1845 4515 3406 4579">
     <span class='ocr_line' id='line_1_85' title="bbox 1845 4515 3406 4579; baseline 0.001 -11"><span class='ocrx_word' id='word_1_614' title='bbox 1845 4515 2064 4571; x_wconf 87' lang='lat' dir='ltr'><strong>aliunde</strong></span> <span class='ocrx_word' id='word_1_615' title='bbox 2092 4516 2272 4571; x_wconf 88' lang='lat' dir='ltr'><strong>subito</strong></span> <span class='ocrx_word' id='word_1_616' title='bbox 2315 4516 2438 4570; x_wconf 68' lang='grc' dir='ltr'>πονε</span> <span class='ocrx_word' id='word_1_617' title='bbox 2484 4516 2668 4570; x_wconf 89' lang='lat' dir='ltr'><strong>hostes</strong></span> <span class='ocrx_word' id='word_1_618' title='bbox 2705 4515 3121 4579; x_wconf 85' lang='lat' dir='ltr'><strong>intervenerint,</strong></span> <span class='ocrx_word' id='word_1_619' title='bbox 3167 4516 3406 4570; x_wconf 85' lang='lat' dir='ltr'><strong>secunda</strong></span> 
     </span>
    </p>
   </div>
   <div class='ocr_carea' id='block_1_86' title="bbox 1848 4606 3409 4677">
    <p class='ocr_par' dir='ltr' id='par_1_86' title="bbox 1848 4606 3409 4677">
     <span class='ocr_line' id='line_1_86' title="bbox 1848 4606 3409 4677; baseline 0.003 -18"><span class='ocrx_word' id='word_1_620' title='bbox 1848 4606 1992 4661; x_wconf 85' lang='lat' dir='ltr'><strong>acies</strong></span> <span class='ocrx_word' id='word_1_621' title='bbox 2035 4623 2353 4671; x_wconf 88' lang='lat' dir='ltr'><strong>occurrens,</strong></span> <span class='ocrx_word' id='word_1_622' title='bbox 2395 4608 2623 4677; x_wconf 80' lang='lat' dir='ltr'><strong>primam</strong></span> <span class='ocrx_word' id='word_1_623' title='bbox 2654 4608 2821 4661; x_wconf 86' lang='lat' dir='ltr'><strong>aciem</strong></span> <span class='ocrx_word' id='word_1_624' title='bbox 2856 4616 3146 4677; x_wconf 83' lang='lat' dir='ltr'><strong>congregat</strong></span> <span class='ocrx_word' id='word_1_625' title='bbox 3183 4615 3236 4662; x_wconf 81' lang='lat' dir='ltr'><strong>et</strong></span> <span class='ocrx_word' id='word_1_626' title='bbox 3276 4621 3409 4663; x_wconf 83' lang='lat' dir='ltr'><strong>con-</strong></span> 
     </span>
    </p>
   </div>
   <div class='ocr_carea' id='block_1_87' title="bbox 162 4681 2046 4786">
    <p class='ocr_par' dir='ltr' id='par_1_87' title="bbox 162 4681 2046 4786">
     <span class='ocr_line' id='line_1_87' title="bbox 162 4681 2046 4786; baseline 0.008 -53"><span class='ocrx_word' id='word_1_627' title='bbox 162 4681 317 4745; x_wconf 77' lang='grc' dir='ltr'>τάξις</span> <span class='ocrx_word' id='word_1_628' title='bbox 356 4682 648 4735; x_wconf 82' lang='grc' dir='ltr'>ἀπαντῶσα</span> <span class='ocrx_word' id='word_1_629' title='bbox 687 4682 779 4736; x_wconf 79' lang='grc' dir='ltr'>καὶ</span> <span class='ocrx_word' id='word_1_630' title='bbox 805 4686 1108 4754; x_wconf 87' lang='grc' dir='ltr'>συνάγουσα</span> <span class='ocrx_word' id='word_1_631' title='bbox 1129 4688 1222 4741; x_wconf 65' lang='grc' dir='ltr'>καὶ</span> <span class='ocrx_word' id='word_1_632' title='bbox 1256 4688 1595 4757; x_wconf 81' lang='grc' dir='ltr'>φυλάττουσα</span> <span class='ocrx_word' id='word_1_633' title='bbox 1618 4695 1740 4756; x_wconf 80' lang='grc' dir='ltr'>τοὺς</span> <span class='ocrx_word' id='word_1_634' title='bbox 1774 4732 1817 4786; x_wconf 79' lang='lat' dir='ltr'><strong>D</strong></span> <span class='ocrx_word' id='word_1_635' title='bbox 1847 4706 2046 4750; x_wconf 82' lang='lat' dir='ltr'><strong>servat.</strong></span> 
     </span>
    </p>
   </div>
   <div class='ocr_carea' id='block_1_88' title="bbox 164 4772 949 4842">
    <p class='ocr_par' dir='ltr' id='par_1_88' title="bbox 164 4772 949 4842">
     <span class='ocr_line' id='line_1_88' title="bbox 164 4772 949 4842; baseline 0.008 -19"><span class='ocrx_word' id='word_1_636' title='bbox 164 4775 262 4841; x_wconf 76' lang='grc' dir='ltr'>τῆς</span> <span class='ocrx_word' id='word_1_637' title='bbox 321 4772 541 4842; x_wconf 85' lang='grc' dir='ltr'>πρώτης</span> <span class='ocrx_word' id='word_1_638' title='bbox 573 4774 949 4842; x_wconf 75' lang='grc' dir='ltr'>παρατάξεως.</span> 
     </span>
    </p>
   </div>
   <div class='ocr_carea' id='block_1_89' title="bbox 236 4864 1738 4943">
    <p class='ocr_par' dir='ltr' id='par_1_89' title="bbox 236 4864 1738 4943">
     <span class='ocr_line' id='line_1_89' title="bbox 236 4864 1738 4943; baseline 0.007 -29"><span class='ocrx_word' id='word_1_639' title='bbox 236 4864 331 4932; x_wconf 87' lang='grc' dir='ltr'>ιη’.</span> <span class='ocrx_word' id='word_1_640' title='bbox 379 4864 536 4916; x_wconf 66' lang='grc' dir='ltr'>Ἀλλά</span> <span class='ocrx_word' id='word_1_641' title='bbox 569 4866 680 4929; x_wconf 64' lang='grc' dir='ltr'>καὶ,</span> <span class='ocrx_word' id='word_1_642' title='bbox 716 4866 744 4917; x_wconf 86' lang='grc' dir='ltr'>ὃ</span> <span class='ocrx_word' id='word_1_643' title='bbox 774 4867 847 4937; x_wconf 81' lang='grc' dir='ltr'>μὴ</span> <span class='ocrx_word' id='word_1_644' title='bbox 892 4869 1133 4938; x_wconf 81' lang='grc' dir='ltr'>γένηται,</span> <span class='ocrx_word' id='word_1_645' title='bbox 1170 4869 1263 4923; x_wconf 74' lang='grc' dir='ltr'><strong>ἐὰν</strong></span> <span class='ocrx_word' id='word_1_646' title='bbox 1296 4868 1481 4943; x_wconf 74' lang='grc' dir='ltr'>συμϐῇ·</span> <span class='ocrx_word' id='word_1_647' title='bbox 1527 4873 1738 4925; x_wconf 83' lang='grc' dir='ltr'>τελείαν</span> 
     </span>
    </p>
   </div>
   <div class='ocr_carea' id='block_1_90' title="bbox 1917 4877 3408 4952">
    <p class='ocr_par' dir='ltr' id='par_1_90' title="bbox 1917 4877 3408 4952">
     <span class='ocr_line' id='line_1_90' title="bbox 1917 4877 3408 4952; baseline 0.002 -22"><span class='ocrx_word' id='word_1_648' title='bbox 1917 4879 2002 4932; x_wconf 81' lang='grc'><strong>18.</strong></span> <span class='ocrx_word' id='word_1_649' title='bbox 2034 4877 2159 4943; x_wconf 87' lang='lat' dir='ltr'><strong>Sed,</strong></span> <span class='ocrx_word' id='word_1_650' title='bbox 2186 4880 2330 4950; x_wconf 91' lang='lat' dir='ltr'><strong>quod</strong></span> <span class='ocrx_word' id='word_1_651' title='bbox 2370 4879 2532 4946; x_wconf 87' lang='lat' dir='ltr'><strong>absit,</strong></span> <span class='ocrx_word' id='word_1_652' title='bbox 2563 4879 2608 4934; x_wconf 91' lang='lat' dir='ltr'><strong>si</strong></span> <span class='ocrx_word' id='word_1_653' title='bbox 2646 4878 2817 4948; x_wconf 87' lang='lat' dir='ltr'><strong>prima</strong></span> <span class='ocrx_word' id='word_1_654' title='bbox 2853 4878 2998 4932; x_wconf 85' lang='lat' dir='ltr'><strong>acies</strong></span> <span class='ocrx_word' id='word_1_655' title='bbox 3033 4878 3282 4947; x_wconf 83' lang='lat' dir='ltr'><strong>protinus</strong></span> <span class='ocrx_word' id='word_1_656' title='bbox 3318 4895 3408 4952; x_wconf 48' lang='lat' dir='ltr'><strong>re:</strong></span> 
     </span>
    </p>
   </div>
   <div class='ocr_carea' id='block_1_91' title="bbox 160 4955 1819 5041">
    <p class='ocr_par' dir='ltr' id='par_1_91' title="bbox 160 4955 1738 5029">
     <span class='ocr_line' id='line_1_91' title="bbox 160 4955 1738 5029; baseline 0.008 -24"><span class='ocrx_word' id='word_1_657' title='bbox 160 4957 372 5024; x_wconf 81' lang='grc' dir='ltr'>τροπὴν</span> <span class='ocrx_word' id='word_1_658' title='bbox 398 4955 646 5022; x_wconf 85' lang='grc' dir='ltr'>γενέσθαι</span> <span class='ocrx_word' id='word_1_659' title='bbox 673 4956 772 5025; x_wconf 84' lang='grc' dir='ltr'>τῆς</span> <span class='ocrx_word' id='word_1_660' title='bbox 797 4957 1014 5029; x_wconf 83' lang='grc' dir='ltr'>πρώτης</span> <span class='ocrx_word' id='word_1_661' title='bbox 1041 4959 1267 5028; x_wconf 76' lang='grc' dir='ltr'>τάξεως,</span> <span class='ocrx_word' id='word_1_662' title='bbox 1301 4963 1394 5014; x_wconf 75' lang='grc' dir='ltr'>καὶ</span> <span class='ocrx_word' id='word_1_663' title='bbox 1427 4964 1490 5015; x_wconf 82' lang='grc' dir='ltr'>οὐ</span> <span class='ocrx_word' id='word_1_664' title='bbox 1512 4962 1738 5017; x_wconf 85' lang='grc' dir='ltr'>δύναται</span> 
     </span>
    </p>
   </div>
   <div class='ocr_carea' id='block_1_92' title="bbox 1746 4955 3405 5041">
    <p class='ocr_par' dir='ltr' id='par_1_92' title="bbox 1844 4960 3405 5041">
     <span class='ocr_line' id='line_1_92' title="bbox 1844 4960 3405 5041; baseline 0.001 -18"><span class='ocrx_word' id='word_1_665' title='bbox 1844 4968 2096 5037; x_wconf 84' lang='lat' dir='ltr'><strong>pellatur,</strong></span> <span class='ocrx_word' id='word_1_666' title='bbox 2121 4986 2295 5040; x_wconf 84' lang='lat' dir='ltr'><strong>neque</strong></span> <span class='ocrx_word' id='word_1_667' title='bbox 2327 4971 2565 5026; x_wconf 82' lang='lat' dir='ltr'><strong>revocari</strong></span> <span class='ocrx_word' id='word_1_668' title='bbox 2594 4970 2668 5025; x_wconf 90' lang='lat' dir='ltr'><strong>ad</strong></span> <span class='ocrx_word' id='word_1_669' title='bbox 2694 4971 3040 5041; x_wconf 86' lang='lat' dir='ltr'><strong>pugnandum</strong></span> <span class='ocrx_word' id='word_1_670' title='bbox 3077 4987 3199 5026; x_wconf 89' lang='lat' dir='ltr'><strong>cum</strong></span> <span class='ocrx_word' id='word_1_671' title='bbox 3235 4960 3405 5026; x_wconf 72' lang='lat' dir='ltr'><strong>hosti-</strong></span> 
     </span>
    </p>
   </div>
   <div class='ocr_carea' id='block_1_93' title="bbox 163 5046 1740 5125">
    <p class='ocr_par' dir='ltr' id='par_1_93' title="bbox 163 5046 1740 5125">
     <span class='ocr_line' id='line_1_93' title="bbox 163 5046 1740 5125; baseline 0.008 -31"><span class='ocrx_word' id='word_1_672' title='bbox 163 5046 600 5116; x_wconf 67' lang='grc' dir='ltr'><strong>¹ἑιντιστραφῆναι</strong></span> <span class='ocrx_word' id='word_1_673' title='bbox 655 5049 795 5103; x_wconf 81' lang='grc' dir='ltr'>κατᾶ</span> <span class='ocrx_word' id='word_1_674' title='bbox 844 5049 951 5102; x_wconf 83' lang='grc' dir='ltr'>τῶν</span> <span class='ocrx_word' id='word_1_675' title='bbox 1012 5050 1347 5106; x_wconf 79' lang='grc' dir='ltr'>ἐπελθόντων</span> <span class='ocrx_word' id='word_1_676' title='bbox 1397 5054 1534 5125; x_wconf 82' lang='grc' dir='ltr'>αὐτῇ</span> <span class='ocrx_word' id='word_1_677' title='bbox 1580 5054 1740 5108; x_wconf 87' lang='grc' dir='ltr'>πολε-</span> 
     </span>
    </p>
   </div>
   <div class='ocr_carea' id='block_1_94' title="bbox 1847 5060 3403 5131">
    <p class='ocr_par' dir='ltr' id='par_1_94' title="bbox 1847 5060 3403 5131">
     <span class='ocr_line' id='line_1_94' title="bbox 1847 5060 3403 5131; baseline 0.001 -16"><span class='ocrx_word' id='word_1_678' title='bbox 1847 5061 1947 5116; x_wconf 89' lang='lat' dir='ltr'><strong>bus</strong></span> <span class='ocrx_word' id='word_1_679' title='bbox 1969 5062 2183 5131; x_wconf 88' lang='lat' dir='ltr'><strong>poterit,</strong></span> <span class='ocrx_word' id='word_1_680' title='bbox 2209 5061 2441 5116; x_wconf 77' lang='lat' dir='ltr'><strong>secunda</strong></span> <span class='ocrx_word' id='word_1_681' title='bbox 2463 5061 2608 5116; x_wconf 89' lang='lat' dir='ltr'><strong>acies</strong></span> <span class='ocrx_word' id='word_1_682' title='bbox 2631 5060 2918 5117; x_wconf 89' lang='lat' dir='ltr'><strong>confestim</strong></span> <span class='ocrx_word' id='word_1_683' title='bbox 2945 5062 3206 5118; x_wconf 84' lang='lat' dir='ltr'><strong>instructa</strong></span> <span class='ocrx_word' id='word_1_684' title='bbox 3229 5062 3403 5127; x_wconf 88' lang='lat' dir='ltr'><strong>adest,</strong></span> 
     </span>
    </p>
   </div>
   <div class='ocr_carea' id='block_1_95' title="bbox 171 5139 1830 5222">
    <p class='ocr_par' dir='ltr' id='par_1_95' title="bbox 171 5139 1740 5214">
     <span class='ocr_line' id='line_1_95' title="bbox 171 5139 1740 5214; baseline 0.006 -25"><span class='ocrx_word' id='word_1_685' title='bbox 171 5140 332 5207; x_wconf 84' lang='grc' dir='ltr'>μίων,</span> <span class='ocrx_word' id='word_1_686' title='bbox 361 5139 673 5205; x_wconf 80' lang='grc' dir='ltr'>εὑρὶσκεται</span> <span class='ocrx_word' id='word_1_687' title='bbox 706 5141 738 5210; x_wconf 77' lang='grc' dir='ltr'>ἡ</span> <span class='ocrx_word' id='word_1_688' title='bbox 766 5140 993 5211; x_wconf 83' lang='grc' dir='ltr'>δευτέρα</span> <span class='ocrx_word' id='word_1_689' title='bbox 1021 5141 1174 5207; x_wconf 78' lang='grc' dir='ltr'>τάξις</span> <span class='ocrx_word' id='word_1_690' title='bbox 1219 5144 1432 5214; x_wconf 80' lang='grc' dir='ltr'>ἑτοίμη,</span> <span class='ocrx_word' id='word_1_691' title='bbox 1471 5146 1562 5199; x_wconf 76' lang='grc' dir='ltr'>καὶ</span> <span class='ocrx_word' id='word_1_692' title='bbox 1592 5145 1740 5199; x_wconf 67' lang='grc' dir='ltr'>εὐκόη</span> 
     </span>
    </p>
   </div>
   <div class='ocr_carea' id='block_1_96' title="bbox 1746 5139 3405 5222">
    <p class='ocr_par' dir='ltr' id='par_1_96' title="bbox 1846 5151 3405 5222">
     <span class='ocr_line' id='line_1_96' title="bbox 1846 5151 3405 5222; baseline 0 -16"><span class='ocrx_word' id='word_1_693' title='bbox 1846 5168 1965 5221; x_wconf 82' lang='lat' dir='ltr'><strong>qme</strong></span> <span class='ocrx_word' id='word_1_694' title='bbox 1991 5151 2289 5207; x_wconf 84' lang='lat' dir='ltr'><strong>secundum</strong></span> <span class='ocrx_word' id='word_1_695' title='bbox 2310 5152 2562 5222; x_wconf 74' lang='lat' dir='ltr'><strong>prmliuin</strong></span> <span class='ocrx_word' id='word_1_696' title='bbox 2605 5151 2802 5206; x_wconf 89' lang='lat' dir='ltr'><strong>iterum</strong></span> <span class='ocrx_word' id='word_1_697' title='bbox 2831 5153 3010 5216; x_wconf 84' lang='lat' dir='ltr'><strong>ineat,</strong></span> <span class='ocrx_word' id='word_1_698' title='bbox 3034 5162 3088 5208; x_wconf 91' lang='lat' dir='ltr'><strong>et</strong></span> <span class='ocrx_word' id='word_1_699' title='bbox 3106 5154 3171 5207; x_wconf 88' lang='lat' dir='ltr'><strong>de</strong></span> <span class='ocrx_word' id='word_1_700' title='bbox 3193 5168 3405 5207; x_wconf 82' lang='lat' dir='ltr'><strong>summa</strong></span> 
     </span>
    </p>
   </div>
   <div class='ocr_carea' id='block_1_97' title="bbox 166 5231 1741 5304">
    <p class='ocr_par' dir='ltr' id='par_1_97' title="bbox 166 5231 1741 5304">
     <span class='ocr_line' id='line_1_97' title="bbox 166 5231 1741 5304; baseline 0.006 -23"><span class='ocrx_word' id='word_1_701' title='bbox 166 5231 273 5293; x_wconf 73' lang='grc' dir='ltr'><strong>λως</strong></span> <span class='ocrx_word' id='word_1_702' title='bbox 316 5231 541 5300; x_wconf 81' lang='grc' dir='ltr'>πολεμεῖ</span> <span class='ocrx_word' id='word_1_703' title='bbox 585 5232 679 5286; x_wconf 72' lang='grc' dir='ltr'>καὶ</span> <span class='ocrx_word' id='word_1_704' title='bbox 728 5231 1150 5300; x_wconf 77' lang='grc' dir='ltr'>καταγωνίζεται</span> <span class='ocrx_word' id='word_1_705' title='bbox 1185 5234 1285 5304; x_wconf 80' lang='grc' dir='ltr'>τὴν</span> <span class='ocrx_word' id='word_1_706' title='bbox 1311 5235 1557 5289; x_wconf 82' lang='grc' dir='ltr'>ἐναντίαν</span> <span class='ocrx_word' id='word_1_707' title='bbox 1584 5235 1741 5290; x_wconf 79' lang='grc' dir='ltr'>δύναο</span> 
     </span>
    </p>
   </div>
   <div class='ocr_carea' id='block_1_98' title="bbox 170 5319 1738 5398">
    <p class='ocr_par' dir='ltr' id='par_1_98' title="bbox 170 5319 1738 5398">
     <span class='ocr_line' id='line_1_98' title="bbox 170 5319 1738 5398; baseline 0.005 -26"><span class='ocrx_word' id='word_1_708' title='bbox 170 5339 285 5390; x_wconf 84' lang='grc' dir='ltr'>μιν,</span> <span class='ocrx_word' id='word_1_709' title='bbox 321 5323 426 5375; x_wconf 86' lang='grc' dir='ltr'>κᾶν</span> <span class='ocrx_word' id='word_1_710' title='bbox 470 5322 609 5392; x_wconf 87' lang='grc' dir='ltr'>τάχα</span> <span class='ocrx_word' id='word_1_711' title='bbox 665 5319 939 5388; x_wconf 83' lang='grc' dir='ltr'>παντελῶς</span> <span class='ocrx_word' id='word_1_712' title='bbox 1001 5329 1182 5397; x_wconf 81' lang='grc' dir='ltr'>τραπῇ</span> <span class='ocrx_word' id='word_1_713' title='bbox 1213 5327 1246 5396; x_wconf 81' lang='grc' dir='ltr'>ἡ</span> <span class='ocrx_word' id='word_1_714' title='bbox 1277 5326 1468 5398; x_wconf 90' lang='grc' dir='ltr'>πρώτη</span> <span class='ocrx_word' id='word_1_715' title='bbox 1497 5327 1738 5398; x_wconf 88' lang='grc' dir='ltr'>παράτα-</span> 
     </span>
    </p>
   </div>
   <div class='ocr_carea' id='block_1_99' title="bbox 167 5412 267 5476">
    <p class='ocr_par' dir='ltr' id='par_1_99' title="bbox 167 5412 267 5476">
     <span class='ocr_line' id='line_1_99' title="bbox 167 5412 267 5476; baseline -0.01 0"><span class='ocrx_word' id='word_1_716' title='bbox 167 5412 267 5476; x_wconf 74' lang='grc' dir='ltr'>εις.</span> 
     </span>
    </p>
   </div>
   <div class='ocr_carea' id='block_1_100' title="bbox 240 5502 1738 5577">
    <p class='ocr_par' dir='ltr' id='par_1_100' title="bbox 240 5502 1738 5577">
     <span class='ocr_line' id='line_1_100' title="bbox 240 5502 1738 5577; baseline 0.005 -22"><span class='ocrx_word' id='word_1_717' title='bbox 240 5502 328 5556; x_wconf 76' lang='grc' dir='ltr'><strong>ιϐ’.</strong></span> <span class='ocrx_word' id='word_1_718' title='bbox 363 5504 471 5556; x_wconf 79' lang='grc' dir='ltr'><strong>Καὶ</strong></span> <span class='ocrx_word' id='word_1_719' title='bbox 502 5504 604 5574; x_wconf 77' lang='grc' dir='ltr'><strong>γάρ</strong></span> <span class='ocrx_word' id='word_1_720' title='bbox 635 5505 845 5577; x_wconf 82' lang='grc' dir='ltr'>ἀνάγκη</span> <span class='ocrx_word' id='word_1_721' title='bbox 878 5508 1025 5560; x_wconf 76' lang='grc' dir='ltr'>πᾶσα</span> <span class='ocrx_word' id='word_1_722' title='bbox 1055 5506 1150 5577; x_wconf 71' lang='grc' dir='ltr'>τὴν</span> <span class='ocrx_word' id='word_1_723' title='bbox 1179 5508 1328 5574; x_wconf 81' lang='grc' dir='ltr'>τάξιν</span> <span class='ocrx_word' id='word_1_724' title='bbox 1356 5509 1464 5561; x_wconf 78' lang='grc' dir='ltr'><strong>τῶν</strong></span> <span class='ocrx_word' id='word_1_725' title='bbox 1487 5509 1738 5563; x_wconf 78' lang='grc' dir='ltr'>ἐναντὶων</span> 
     </span>
    </p>
   </div>
   <div class='ocr_carea' id='block_1_101' title="bbox 167 5594 1740 5669">
    <p class='ocr_par' dir='ltr' id='par_1_101' title="bbox 167 5594 1740 5669">
     <span class='ocr_line' id='line_1_101' title="bbox 167 5594 1740 5669; baseline 0.004 -23"><span class='ocrx_word' id='word_1_726' title='bbox 167 5594 378 5663; x_wconf 75' lang='grc' dir='ltr'>ἐχθρῶν</span> <span class='ocrx_word' id='word_1_727' title='bbox 430 5595 536 5646; x_wconf 57' lang='grc' dir='ltr'><strong>ἀπῦ</strong></span> <span class='ocrx_word' id='word_1_728' title='bbox 564 5595 662 5663; x_wconf 81' lang='grc' dir='ltr'>τῆς</span> <span class='ocrx_word' id='word_1_729' title='bbox 686 5599 1100 5665; x_wconf 78' lang='grc' dir='ltr'>συγκροτήσεως</span> <span class='ocrx_word' id='word_1_730' title='bbox 1132 5598 1225 5651; x_wconf 84' lang='grc' dir='ltr'>τοῦ</span> <span class='ocrx_word' id='word_1_731' title='bbox 1266 5600 1499 5669; x_wconf 78' lang='grc' dir='ltr'>πολέμου</span> <span class='ocrx_word' id='word_1_732' title='bbox 1539 5601 1740 5654; x_wconf 84' lang='grc' dir='ltr'>ἀκατά-</span> 
     </span>
    </p>
   </div>
   <div class='ocr_carea' id='block_1_102' title="bbox 173 5686 1736 5764">
    <p class='ocr_par' dir='ltr' id='par_1_102' title="bbox 173 5686 1736 5764">
     <span class='ocr_line' id='line_1_102' title="bbox 173 5686 1736 5764; baseline 0.006 -27"><span class='ocrx_word' id='word_1_733' title='bbox 173 5702 367 5737; x_wconf 81' lang='grc' dir='ltr'>στατον</span> <span class='ocrx_word' id='word_1_734' title='bbox 392 5686 639 5752; x_wconf 81' lang='grc' dir='ltr'>γενέσθαι</span> <span class='ocrx_word' id='word_1_735' title='bbox 666 5689 757 5740; x_wconf 75' lang='grc' dir='ltr'>καὶ</span> <span class='ocrx_word' id='word_1_736' title='bbox 781 5688 1187 5759; x_wconf 77' lang='grc' dir='ltr'>διαλελυμένην,</span> <span class='ocrx_word' id='word_1_737' title='bbox 1213 5693 1303 5743; x_wconf 72' lang='grc' dir='ltr'>καὶ</span> <span class='ocrx_word' id='word_1_738' title='bbox 1332 5692 1428 5761; x_wconf 76' lang='grc' dir='ltr'>τῆς</span> <span class='ocrx_word' id='word_1_739' title='bbox 1463 5693 1736 5764; x_wconf 81' lang='grc' dir='ltr'>ἡμετέρας</span> 
     </span>
    </p>
   </div>
   <div class='ocr_carea' id='block_1_103' title="bbox 1848 5243 3310 5312">
    <p class='ocr_par' dir='ltr' id='par_1_103' title="bbox 1848 5243 3310 5312">
     <span class='ocr_line' id='line_1_103' title="bbox 1848 5243 3310 5312; baseline -0.001 -15"><span class='ocrx_word' id='word_1_740' title='bbox 1848 5258 2028 5298; x_wconf 90' lang='lat' dir='ltr'><strong>rerum</strong></span> <span class='ocrx_word' id='word_1_741' title='bbox 2048 5243 2208 5298; x_wconf 88' lang='lat' dir='ltr'><strong>etiam</strong></span> <span class='ocrx_word' id='word_1_742' title='bbox 2242 5243 2503 5308; x_wconf 88' lang='lat' dir='ltr'><strong>decertet,</strong></span> <span class='ocrx_word' id='word_1_743' title='bbox 2529 5243 2704 5312; x_wconf 81' lang='lat' dir='ltr'><strong>prima</strong></span> <span class='ocrx_word' id='word_1_744' title='bbox 2731 5246 2847 5300; x_wconf 88' lang='lat' dir='ltr'><strong>acie</strong></span> <span class='ocrx_word' id='word_1_745' title='bbox 2886 5247 3138 5300; x_wconf 73' lang='lat' dir='ltr'><strong>universa</strong></span> <span class='ocrx_word' id='word_1_746' title='bbox 3172 5243 3310 5298; x_wconf 88' lang='lat' dir='ltr'><strong>fusa.</strong></span> 
     </span>
    </p>
   </div>
   <div class='ocr_carea' id='block_1_104' title="bbox 1921 5502 3404 5574">
    <p class='ocr_par' dir='ltr' id='par_1_104' title="bbox 1921 5502 3404 5574">
     <span class='ocr_line' id='line_1_104' title="bbox 1921 5502 3404 5574; baseline 0.002 -17"><span class='ocrx_word' id='word_1_747' title='bbox 1921 5504 2004 5559; x_wconf 82' lang='lat' dir='ltr'><strong>l9.</strong></span> <span class='ocrx_word' id='word_1_748' title='bbox 2041 5502 2272 5560; x_wconf 84' lang='lat' dir='ltr'><strong>Necesse</strong></span> <span class='ocrx_word' id='word_1_749' title='bbox 2292 5514 2375 5560; x_wconf 89' lang='lat' dir='ltr'><strong>est</strong></span> <span class='ocrx_word' id='word_1_750' title='bbox 2397 5507 2542 5560; x_wconf 88' lang='lat' dir='ltr'><strong>enim</strong></span> <span class='ocrx_word' id='word_1_751' title='bbox 2574 5506 2741 5561; x_wconf 83' lang='lat' dir='ltr'><strong>aciem</strong></span> <span class='ocrx_word' id='word_1_752' title='bbox 2774 5505 3029 5567; x_wconf 82' lang='lat' dir='ltr'><strong>hostium.</strong></span> <span class='ocrx_word' id='word_1_753' title='bbox 3061 5515 3177 5574; x_wconf 82' lang='lat' dir='ltr'><strong>post</strong></span> <span class='ocrx_word' id='word_1_754' title='bbox 3205 5505 3404 5560; x_wconf 84' lang='lat' dir='ltr'><strong>bellum</strong></span> 
     </span>
    </p>
   </div>
   <div class='ocr_carea' id='block_1_105' title="bbox 1841 5597 3404 5667">
    <p class='ocr_par' dir='ltr' id='par_1_105' title="bbox 1841 5597 3404 5667">
     <span class='ocr_line' id='line_1_105' title="bbox 1841 5597 3404 5667; baseline 0.002 -18"><span class='ocrx_word' id='word_1_755' title='bbox 1841 5598 1952 5667; x_wconf 81' lang='lat' dir='ltr'><strong>jzun</strong></span> <span class='ocrx_word' id='word_1_756' title='bbox 1987 5597 2340 5651; x_wconf 85' lang='lat' dir='ltr'><strong>commissum</strong></span> <span class='ocrx_word' id='word_1_757' title='bbox 2385 5603 2438 5652; x_wconf 85' lang='lat' dir='ltr'><strong>et</strong></span> <span class='ocrx_word' id='word_1_758' title='bbox 2487 5607 2766 5652; x_wconf 70' lang='lat' dir='ltr'><strong>consertus</strong></span> <span class='ocrx_word' id='word_1_759' title='bbox 2827 5614 3048 5663; x_wconf 87' lang='lat' dir='ltr'><strong>manus,</strong></span> <span class='ocrx_word' id='word_1_760' title='bbox 3087 5597 3404 5667; x_wconf 80' lang='lat' dir='ltr'><strong>dissipatam</strong></span> 
     </span>
    </p>
   </div>
   <div class='ocr_carea' id='block_1_106' title="bbox 1844 5690 3405 5760">
    <p class='ocr_par' dir='ltr' id='par_1_106' title="bbox 1844 5690 3405 5760">
     <span class='ocr_line' id='line_1_106' title="bbox 1844 5690 3405 5760; baseline 0.001 -16"><span class='ocrx_word' id='word_1_761' title='bbox 1844 5700 2007 5760; x_wconf 82' lang='lat' dir='ltr'><strong>atque</strong></span> <span class='ocrx_word' id='word_1_762' title='bbox 2028 5691 2425 5757; x_wconf 82' lang='lat' dir='ltr'><strong>aliquantulum</strong></span> <span class='ocrx_word' id='word_1_763' title='bbox 2459 5690 2818 5745; x_wconf 86' lang='lat' dir='ltr'><strong>inordinatam</strong></span> <span class='ocrx_word' id='word_1_764' title='bbox 2852 5705 2994 5756; x_wconf 90' lang='lat' dir='ltr'><strong>esse,</strong></span> <span class='ocrx_word' id='word_1_765' title='bbox 3025 5691 3259 5746; x_wconf 85' lang='lat' dir='ltr'><strong>secunda</strong></span> <span class='ocrx_word' id='word_1_766' title='bbox 3290 5691 3405 5746; x_wconf 82' lang='lat' dir='ltr'><strong>acie</strong></span> 
     </span>
    </p>
   </div>
   <div class='ocr_carea' id='block_1_107' title="bbox 170 5775 1829 5855">
    <p class='ocr_par' dir='ltr' id='par_1_107' title="bbox 170 5775 1742 5855">
     <span class='ocr_line' id='line_1_107' title="bbox 170 5775 1742 5855; baseline 0.005 -25"><span class='ocrx_word' id='word_1_767' title='bbox 170 5775 429 5845; x_wconf 67' lang='grc' dir='ltr'>ἀευτέρας</span> <span class='ocrx_word' id='word_1_768' title='bbox 497 5778 696 5842; x_wconf 79' lang='grc' dir='ltr'>τάξεως</span> <span class='ocrx_word' id='word_1_769' title='bbox 766 5781 1042 5846; x_wconf 81' lang='grc' dir='ltr'>εὐτάκτως</span> <span class='ocrx_word' id='word_1_770' title='bbox 1105 5783 1398 5855; x_wconf 78' lang='grc' dir='ltr'>ἱσταμένης</span> <span class='ocrx_word' id='word_1_771' title='bbox 1457 5786 1549 5839; x_wconf 84' lang='grc' dir='ltr'>καί</span> <span class='ocrx_word' id='word_1_772' title='bbox 1608 5786 1742 5852; x_wconf 78' lang='grc' dir='ltr'><strong>μετὰ</strong></span> 
     </span>
    </p>
   </div>
   <div class='ocr_carea' id='block_1_108' title="bbox 1748 5775 3407 5855">
    <p class='ocr_par' dir='ltr' id='par_1_108' title="bbox 1851 5781 3407 5853">
     <span class='ocr_line' id='line_1_108' title="bbox 1851 5781 3407 5853; baseline 0.001 -17"><span class='ocrx_word' id='word_1_773' title='bbox 1851 5791 2035 5837; x_wconf 75' lang='lat' dir='ltr'><strong>nostra</strong></span> <span class='ocrx_word' id='word_1_774' title='bbox 2077 5783 2252 5836; x_wconf 76' lang='lat' dir='ltr'><strong>adhuc</strong></span> <span class='ocrx_word' id='word_1_775' title='bbox 2307 5782 2515 5853; x_wconf 77' lang='lat' dir='ltr'><strong>integra</strong></span> <span class='ocrx_word' id='word_1_776' title='bbox 2568 5791 2729 5851; x_wconf 83' lang='lat' dir='ltr'><strong>atque</strong></span> <span class='ocrx_word' id='word_1_777' title='bbox 2776 5781 3056 5850; x_wconf 80' lang='lat' dir='ltr'><strong>ordinata,</strong></span> <span class='ocrx_word' id='word_1_778' title='bbox 3093 5795 3212 5852; x_wconf 71' lang='lat' dir='ltr'><strong>quae</strong></span> <span class='ocrx_word' id='word_1_779' title='bbox 3261 5789 3407 5839; x_wconf 82' lang='lat' dir='ltr'><strong>certe</strong></span> 
     </span>
    </p>
   </div>
  </div>
