4200 6440
762 402 865 467 811
2021 412 2298 472 LEONIS
2334 413 2370 473 P

2477 412 2794 473 LOSOPHI
3909 411 4030 476 812

763 514 829 568 ad
883 515 1163 569 victoriam
1214 529 1407 587 magna
1477 516 1722 586 praesidia
1781 518 1976 584 habet,
2047 535 2169 577 cum
2238 521 2370 585 ill-4

2477 524 2837 586 ιταστάσεως,
2871 522 2970 593 τῆς
3003 522 3060 575 δὲ
3099 523 3207 575 τῶν
3235 522 3446 593 ἐχθρῶν
3498 522 3856 595 πεφνρμένης
3885 539 4039 592 προ-

763 617 968 662 structa
1019 618 1071 661 et
1117 608 1353 676 perfecta
1404 610 1663 665 adversus
1705 611 1990 667 confusam
2027 622 2079 667 et
2116 623 2330 681 pertur—

2477 617 2610 683 ερείν
2666 614 2866 684 μᾶλλον
2926 614 3022 685 τὴν
3064 615 3343 685 ἡμετέραν
3392 614 3482 669 καὶ.
3531 614 3843 669 ἐπιδιώκειν
3896 617 4038 678 τοὺς

765 701 942 754 batam
976 700 1258 755 hominum
1294 701 1691 756 multitudinem
1716 703 1955 759 dimicet.

2477 702 2791 765 ,αλύσαντας
2816 704 2915 775 τὴν
2940 702 3116 767 τάξιν.

833 789 923 843 20.
959 789 1146 858 Neque
1184 806 1311 846 vero
1350 791 1526 846 solum
1575 793 1883 849 necessaria
1929 805 2012 849 est
2052 794 2332 864 copiarum

2509 802 2576 849 κ’.
2626 793 2786 848 ’Δλλά
2839 794 3016 848 καὶτὸ
3042 794 3469 865 ἀναγκαιότερον
3520 794 3671 864 παρὰ
3700 794 3909 860 πάντα,
3939 795 4030 847 ὅτι

2435 888 2496 942 οὗ
2536 886 2695 958 μόνον
2761 885 2898 956 πρὸς
2928 885 3025 948 τὰς
3059 886 3376 957 ίσομέτρους
3398 885 3682 955 δυνάμεις,
3711 887 3884 955 ἧγουν
3914 886 4038 938 τῶν

2435 999 2497 1036 τε
2532 980 2818 1052 ἡμετέρων
2868 977 2970 1033 καῖ
3002 979 3113 1034 τῶν
3171 978 3430 1033 ἐναντίων
3487 977 3718 1050 ἁρμοδία
3779 977 4037 1031 testata}.

2437 1074 2734 1145 ἀναγκαία.
2762 1072 2838 1135 ὡς
2864 1070 3100 1142 εἴρηται,
3127 1073 3160 1140 ἠ
3193 1072 3274 1135 είς
3311 1070 3405 1124 δύο
3429 1070 3767 1141 παρατάξεις
3812 1068 4002 1137 διαίρε
4025 1094 4038 1104 ·

2442 1183 2525 1228 σις
2576 1165 2671 1218 τοῦ
2718 1162 2973 1233 στρατοῦ,
3005 1162 3141 1215 ἀλλὰ
3186 1164 3281 1215 καὶ
3335 1162 3472 1232 πρὸς
3510 1163 3609 1225 τάς
3640 1159 4035 1232 ὑπερεχούσας

2442 1260 2538 1313 παλ⁸
2567 1259 2727 1313 πλέον
2756 1257 2866 1311 τῶν
2886 1256 3173 1328 ἡμετέρων
3196 1256 3363 1319 οὔσας
3386 1255 3663 1326 δυνάμεις.

2511 1357 2617 1405 κα’.
2665 1351 2790 1404 Ἐὰν
2825 1350 2883 1403 δέ
2926 1366 3010 1413 τις
3052 1349 3228 1416 λέγει,
3265 1349 3347 1401 ὅτι
3393 1348 3459 1400 Τί
3506 1346 3731 1415 δφελοςς
3771 1348 3875 1416 τῆς
3916 1346 4035 1415 γάρ

2442 1441 2670 1512 πρώτης
2735 1440 2943 1506 τάξεως
2990 1440 3407 1510 ταρασσομένης
3463 1439 3556 1492 καὶ
3623 1439 3981 1509 τρεπομένης
4016 1480 4033 1501 ,

772 1521 893 1573 fusa
931 1528 986 1574 et
1033 1519 1267 1588 repulsa,
1310 1519 1547 1574 secunda
1588 1519 1733 1575 acies
1762 1518 1918 1573 facile
1956 1519 2343 1589 tergiversatur

2477 1532 2686 1602 ὺχερῶς
2751 1533 2848 1586 καὶ
2873 1533 2908 1602 ἡ
2940 1530 3168 1603 δευτέρα
3188 1530 3561 1598 συναπάγεται
3595 1528 3756 1600 αὐτὴ.
3783 1528 3879 1580 καὶ
3903 1544 4038 1580 συν-

770 1622 824 1666 οι
853 1612 908 1665 in
942 1609 1123 1682 fugam
1166 1626 1226 1667 se
1259 1611 1351 1666 dat
1383 1630 1396 1665 :
1431 1612 1480 1666 is
1526 1626 1711 1666 secum
1751 1611 1857 1667 hoc
1904 1615 2068 1667 modo
2104 1613 2339 1682 cegitet:

2481 1622 2705 1692 ρέπεται
2739 1639 2752 1651 ·
2798 1621 2934 1675 ἀλλὰ
2985 1621 3274 1674 ἀκουσάτω
3306 1620 3334 1673 ό
3373 1618 3637 1681 τοιοῦτος,
3668 1618 3753 1671 ὅτι
3806 1616 3904 1669 ἐὰν
3937 1615 4039 1669 δύο

774 1703 832 1759 Si
884 1701 1101 1758 duabus
1160 1702 1383 1758 aciebus
1441 1702 1731 1757 instructis
1787 1702 1987 1756 bellum
2048 1702 2342 1767 lubricum,

2477 1710 2828 1782 παρατάξεων,
2874 1709 3058 1773 καθὼς
3078 1710 3400 1781 εἰρήκαμεν,
3425 1706 3759 1777 γενομένων,
3794 1709 4037 1773 ἑπισφα-

772 1803 934 1863 atque
959 1807 1157 1863 anceps
1187 1791 1371 1854 fuerit,
1403 1790 1663 1860 quidnam
1697 1790 1821 1861 quis
1848 1792 2163 1846 existimare
2186 1792 2346 1848 debet

2477 1802 2538 1866 ,ὲς
2567 1803 2629 1856 τδ
2655 1802 2890 1874 πρᾶγμα
2937 1802 3170 1870 γίνεται,
3203 1802 3258 1854 τί
3290 1801 3356 1856 άν
3385 1818 3471 1864 τις
3513 1800 3728 1854 ὲλπίσει
3776 1800 3907 1852 ὅταν
3939 1798 4038 1851 καὶ

776 1861 881 1940 una
921 1861 1109 1940 solum
1131 1884 1247 1939 acie
1278 1892 1534 1954 apparata
1576 1881 1853 1945 futurum,
1886 1898 2011 1937 eum
2043 1884 2341 1954 praesertim

2477 1861 2551 1944 ιία
2577 1861 2715 1962 μόνη
2752 1861 2870 1945 ἐστὶ
2909 1861 3237 1960 παράταξις,
3272 1892 3365 1945 καλ
3418 1861 3559 1960 αὕτη
3592 1891 3890 1961 τραπεῖσα,
3921 1890 4029 1941 οὐκ

775 1977 878 2032 bac
922 1976 1123 2046 rejecta
1160 1975 1294 2031 nihil
1346 1976 1543 2031 habeat
1587 1989 1697 2046 quo
1734 1974 1925 2045 juvare
1965 1990 2025 2031 se
2065 1983 2229 2047 atque
2258 1991 2343 2033 re-

2481 1998 2563 2051 χει
2600 1980 2793 2053 ἑτέραν
2835 1980 2903 2034 δι’
2929 1975 2996 2053 ἦς
3036 1980 3364 2052 βοηθηθῆναι
3392 1980 3613 2036 δύναται
3650 1980 3745 2034 καὶ
3795 1978 4042 2047 ἀνακλη-

775 2084 965 2124 creare
994 2068 1199 2138 possit?
2453 2072 2614 2143 θῆναι
2637 2091 2652 2138 ;

847 2160 937 2214 εν.
972 2158 1066 2213 Sin
1098 2160 1291 2214 iterum
1322 2160 1570 2229 objicias,
1597 2162 1779 2232 copias
1806 2164 1909 2217 has
1943 2163 1995 2215 in
2031 2164 2169 2217 duas
2203 2163 2347 2219 acies

2523 2165 2629 2236 κβ’.
2670 2165 2797 2219 Ἐὰν
2821 2166 2877 2220 δὲ
2901 2167 3062 2221 πάλιν
3091 2166 3260 2235 λέγει,
3298 2166 3379 2219 ὅτι
3405 2165 3514 2235 Τῆς
3542 2164 3824 2233 δυνάμεως
3856 2163 4043 2229 πάσης

777 2252 998 2316 divisas,
1030 2250 1303 2321 longiores
1327 2262 1381 2307 et
1408 2254 1680 2309 tenuiores
1708 2253 1861 2323 justo
1899 2269 2051 2318 esse,
2086 2254 2350 2324 intelligat

2477 2256 2626 2325 ῆγουν
2648 2255 2742 2310 τοῦ
2766 2257 3001 2326 στρατοῦ
3050 2257 3408 2329 μεριζομένου
3453 2257 3534 2319 εἰς
3562 2254 3790 2326 πρώτην
3824 2254 3923 2306 καὶ
3959 2252 4043 2314 εἰς

778 2344 848 2397 iis
877 2342 1091 2398 duabus
1124 2343 1227 2398 hoc
1263 2343 1512 2399 ell‘ectum
1545 2345 1633 2409 iri,
1664 2355 1722 2399 ut
1752 2360 1874 2399 cum
1920 2346 2195 2400 moderata
2236 2361 2351 2399 ma-

2477 2348 2717 2419 ῐευτέραν
2750 2349 3054 2418 παράταξιν
3098 2348 3465 2417 ἀσθενεστέρα
3503 2348 3598 2402 καὶ
3652 2344 4045 2413 ἀδυνατωτέρα

780 2434 1061 2503 gnitudine
1119 2435 1263 2500 sint,
1304 2445 1358 2489 et
1403 2449 1571 2504 prope
1611 2449 1669 2490 se
1714 2435 2109 2504 adjnngantnr,
2162 2433 2293 2488 nulli
2322 2448 2349 2487 a

2477 2439 2671 2507 ᾐτάξις
2707 2440 3043 2511 εὑρίσκεται,
3092 2440 3420 2508 κατανοήσει
3474 2439 3568 2490 καὶ
3595 2436 3755 2489 τοῦτο
3778 2475 3792 2499 ,
3831 2436 3913 2487 ὅτι
3943 2432 4044 2486 ἐὰν

783 2527 976 2595 praelia
1010 2528 1267 2598 separati,
1301 2528 1394 2583 sed
1424 2527 1610 2581 forma:
1637 2527 1878 2581 acierum
1908 2536 2125 2581 mutatae
2148 2526 2278 2591 sint,
2302 2534 2357 2580 et

2477 2529 2618 2600 μὲνή
2648 2530 2877 2601 δύναμις
2898 2531 3183 2603 ἐμερίζετο
3203 2532 3295 2585 καὶ
3324 2529 3617 2599 ἐχωρίζετο
3646 2526 3741 2579 τοῦ
3773 2525 4043 2595 πολέμου,

781 2618 1006 2673 alteram
1049 2628 1209 2684 ante,
1269 2620 1492 2674 alteram
1544 2627 1690 2674 retro
1742 2618 2014 2683 iocantes,
2069 2627 2358 2688 utramque

2477 2622 2647 2686 καλῶς
2674 2623 2742 2677 ἂν
2770 2624 2933 2678 τοῦτο
2972 2624 3195 2694 ἠπόρει.
3234 2621 3375 2675 Ἀλλ’
3404 2623 3563 2691 ἡμεῖς
3592 2620 3653 2672 οὐ
3681 2621 3778 2687 τὴν
3807 2617 4049 2684 δύναμιν

784 2709 957 2763 aciem
995 2710 1342 2764 munitiorem
1380 2709 1787 2781 ﬁrmioremque
1818 2709 2117 2764 reddimus.

2477 2713 2766 2785 κελεύομεν
2822 2714 3169 2786 μερισθῆναι,
3215 2714 3352 2767 ἀλλὰ
3384 2713 3542 2782 μόνον
3571 2711 3632 2764 τὸ
3663 2709 3849 2781 σχῆμα
3874 2707 4050 2761 ἀλλα-

781 2802 969 2873 γῆναι.
1025 2803 1132 2856 Καὶ
1186 2801 1295 2874 γάρ
1331 2801 1359 2855 ό
1393 2802 1500 2874 πρὸ
1560 2801 1654 2855 τοῦ
1707 2802 2007 2873 ἀλλαγῆναι
2049 2801 2109 2854 τὸ
2162 2800 2350 2872 σχῆμα
2392 2805 2674 2860 συνέϐαινε
2700 2807 2975 2874 γενέσθαι,
3010 2807 3071 2860 τὸ
3121 2807 3301 2860 πᾶσαν
3347 2805 3448 2869 τὴν
3498 2804 3729 2873 δύναμιν
3775 2803 3854 2865 εἰς
3916 2801 4053 2872 μίαν

787 2897 1092 2970 παράταξιν
1118 2896 1462 2967 τασσομένην
1506 2894 1726 2966 μακρὰν
1751 2896 1843 2948 καὶ
1891 2895 2099 2967 λεπτὴν
2134 2898 2512 2969 εὑρίσκεσθαι,
2563 2902 2722 2958 τοῦτο
2765 2907 2821 2959 ἐν
2885 2909 2951 2976 τῇ
3021 2906 3180 2975 διπλῇ
3240 2904 3390 2970 τάξει
3460 2902 3844 2972 εὐπορήσαμεν
3907 2916 4052 2969 συμο

789 2998 1023 3066 μέτρους
1052 2995 1150 3058 τάς
1183 2994 1276 3046 δύο
1324 2992 1508 3057 τάξεις
1556 2993 1905 3062 ποιήσαντες,
1937 2993 2104 3047 διὰτὸ
2134 2994 2361 3065 πλησίον
2398 2998 2645 3069 ἀλλήλων
2699 2995 2863 3062 εἶναι,
2895 3002 2956 3053 οὐ
2987 3000 3090 3070 τῆς
3130 2999 3311 3069 μάχης
3358 2997 3713 3069 χωρίσαντες,
3777 2993 3917 3048 ἀλλὰ
3989 2996 4053 3046 τὸ

789 3087 977 3157 σχῆμα
1032 3083 1439 3149 ἐναλλάξαντες,
1476 3084 1570 3135 καὶ
1616 3083 1715 3152 τὴν
1755 3082 1856 3152 μὲν
1898 3082 2231 3155 ἔμπροσθεν,
2292 3083 2391 3155 τὴν
2429 3086 2486 3138 δὲ
2561 3088 2785 3143 ὖπισθεν
2832 3088 3114 3155 τάξαντες,
3142 3090 3237 3143 καὶ
3271 3086 3433 3141 πλέον
3458 3072 3568 3151 τὰς
3591 3086 3928 3155 παρατάξεις
3966 3086 4056 3139 διὰ

789 3182 878 3233 τὸν
899 3179 1298 3249 προειρημένον
1328 3176 1528 3246 τρόπον
1548 3177 2053 3248 κατοχυρὼσαντες.

762 891 1075 938 nostrarum
1128 883 1181 937 in
1231 881 1369 938 duas
1422 883 1571 940 acies
1615 884 1849 950 divisio,
1901 885 2121 954 quando
2174 903 2335 958 pares

762 983 928 1043 atque
964 974 1201 1045 aequales
1240 980 1442 1029 nostra:
1491 984 1654 1043 atque
1693 975 1933 1030 hostium
1974 976 2143 1047 copiae
2194 979 2336 1033 inter

765 1080 826 1119 se
855 1065 1075 1129 fuerint,
1102 1066 1194 1120 sed
1220 1074 1335 1120 tum
1361 1067 1415 1119 in
1447 1066 1639 1136 primis
1661 1082 1785 1122 cum
1813 1068 2048 1139 majores
2068 1084 2129 1124 ac
2151 1068 2337 1140 plures

767 1157 967 1212 nostris
995 1157 1235 1226 ipsorum
1271 1157 1439 1225 copia:
1477 1157 1700 1213 fuerint.

837 1337 927 1392 ει.
962 1336 1057 1390 Sin
1093 1336 1218 1407 quis
1263 1336 1448 1393 dicat:
1483 1339 1739 1404 Quaenam
1781 1336 1995 1392 tandem
2043 1336 2206 1407 hujus
2248 1354 2340 1394 se-

769 1429 961 1483 cundae
998 1428 1134 1482 aciei
1180 1427 1385 1482 utilitas
1419 1442 1540 1481 esse
1579 1427 1804 1497 potest?
1840 1427 2014 1497 prima
2043 1429 2187 1481 enim
2224 1428 2342 1483 acie

857 3273 949 3326 ‘25.
985 3270 1274 3340 Propterea
1324 3278 1503 3325 autem
1549 3285 1646 3339 par
1690 3278 1776 3325 est
1822 3278 2107 3339 equestres
2159 3269 2365 3339 copias,

2545 3278 2650 3339 κγ’.
2688 3269 2789 3323 Διὰ
2846 3271 3003 3324 τοῦτο
3052 3271 3161 3340 γὰρ
3206 3272 3287 3334 είς
3336 3271 3479 3341 μέρη
3509 3252 3740 3338 διάφορα
3767 3264 3954 3329 καλῶς
3989 3265 4059 3319 ἂν

793 3365 907 3419 sive
942 3363 1177 3434 majores
1207 3362 1321 3418 sive
1349 3362 1588 3417 minores
1619 3362 1755 3422 sint.
1790 3362 1842 3415 in
1877 3362 2064 3432 plures
2093 3362 2368 3419 diversas-

794 3472 903 3525 que
934 3465 1117 3526 partes
1146 3454 1412 3518 dividere,
1440 3453 1568 3523 quia
1605 3468 1830 3507 necesse
1862 3462 1945 3507 est
1976 3462 2026 3507 te
2058 3462 2205 3509 certa
2236 3468 2371 3521 qua-

795 3553 921 3603 dam
978 3546 1307 3617 definitaque
1368 3544 1747 3599 moderatione
1807 3543 1991 3597 omnia
2060 3543 2370 3605 instituere,

797 3657 921 3696 eum
983 3639 1245 3694 adversus
1294 3637 1479 3691 hostes
1531 3634 1914 3704 dimicas,qui
1974 3634 2027 3687 in
2073 3633 2216 3688 bello
2258 3642 2372 3687 tum

799 3743 970 3788 artem
1003 3731 1319 3796 militarem,
1352 3737 1466 3784 tum
1499 3727 1744 3783 ordinem
1776 3725 2032 3781 bellicum
2060 3726 2373 3781 observant.

872 3919 965 3973 9-4.
1009 3917 1065 3972 Si
1101 3916 1326 3987 poteris,
1369 3914 1516 3969 nulla
1558 3916 1768 3968 ratione
1813 3912 2014 3968 bellum
2045 3927 2221 3980 geras,
2251 3924 2375 3965 eum

809 4009 1048 4066 hostium
1084 4008 1267 4077 plures
1298 4005 1485 4075 copias
1508 4019 1629 4060 esse
1659 4004 1915 4075 intelligis
1966 4002 2150 4057 Primo
2176 4015 2380 4070 cogno-

809 4101 1022 4155 scendae
1060 4099 1346 4169 diligenter
1379 4097 1616 4152 hostium
1644 4098 1815 4167 copiae
1848 4103 1995 4157 sunt,
2032 4105 2142 4149 tum
2177 4093 2378 4148 hellum

811 4194 993 4251 statim
1029 4191 1369 4247 inferendum
1401 4202 1503 4245 est.

880 4367 973 4422 25.
1019 4364 1074 4420 Si
1113 4365 1411 4434 pedestrem
1449 4363 1650 4417 habeas
1693 4363 1993 4417 exercitum
2017 4403 2032 4428 ,
2072 4362 2383 4431 hujnsmodi

813 4462 983 4517 aciem
1017 4458 1514 4528 instrues,qualem
1548 4456 1641 4510 tibi
1674 4455 1857 4510 statim
1881 4456 2294 4526 explicabimus,
2330 4456 2385 4511 in

813 4549 990 4618 capite
1026 4548 1093 4602 de
1135 4546 1250 4601 acie
1292 4544 1558 4615 pedestri,
1592 4552 1647 4598 et
1684 4544 1800 4598 acie
1844 4543 2003 4597 mista
2042 4544 2286 4613 equitum
2323 4558 2387 4598 ac

816 4639 1059 4711 peditum
1096 4637 1435 4693 instruenda.

885 4730 977 4787 26.
1024 4730 1119 4784 Sin
1156 4739 1336 4784 autem
1377 4727 1478 4783 soli
1510 4727 1723 4798 equites
1764 4726 2001 4788 fuerint,
2040 4734 2093 4780 et
2126 4726 2390 4781 adversus

817 4825 1030 4895 equites
1060 4822 1261 4878 bellum
1296 4820 1704 4891 suscipiendum
1740 4832 1845 4883 est,
1878 4818 1929 4872 in
1967 4827 2078 4873 tres
2108 4827 2388 4888 equestres

819 4916 966 4973 acies
989 4915 1305 4969 universum
1336 4912 1545 4967 divides
1565 4910 1888 4964 exercitum.
1923 4907 2161 4963 Primam
2189 4909 2386 4975 aciem,

820 5021 943 5078 quae
972 5005 1278 5076 πρόμαχος,
1312 5003 1365 5058 id
1396 5011 1479 5058 est
1515 5000 1921 5072 propugnatrix,
1944 4999 2165 5064 dicitur,
2196 4999 2248 5053 in
2282 5009 2391 5055 tres

821 5109 1008 5169 partes
1038 5097 1271 5160 divides,
1311 5108 1639 5165 unaquaque
1669 5103 1819 5161 parte
1853 5092 1965 5145 sive
1994 5100 2172 5146 turma
2203 5091 2256 5144 in
2283 5098 2394 5146 tres

827 5188 1025 5258 μοίρας
1058 5187 1172 5241 sive
1198 5188 1459 5255 drungos,
1491 5182 1545 5237 id
1576 5192 1678 5245 est,
1705 5183 1957 5235 cohortes
1996 5180 2280 5235 milliarias
2308 5180 2392 5234 di-

824 5277 942 5332 visa
962 5296 972 5331 :
996 5277 1047 5329 in
1068 5276 1240 5332 media
1264 5285 1442 5331 autem
1462 5284 1614 5344 parte
1629 5271 1744 5326 sive
1769 5278 1945 5325 turma
1962 5270 2395 5341 ὑποστράτηγον,

826 5372 879 5426 id
904 5379 989 5424 est
1038 5370 1335 5439 principem
1364 5367 1479 5423 sive
1506 5375 1891 5436 propraetorem
1919 5373 2070 5418 tuum
2094 5383 2107 5418 :
2137 5364 2189 5418 in
2212 5365 2398 5419 dextra

830 5464 1159 5533 sinistraque
1183 5472 1351 5531 parte,
1375 5458 1718 5514 turmarebas
1748 5472 1899 5521 suos,
1930 5456 1983 5510 in
2018 5457 2196 5512 medio
2222 5458 2396 5512 drun-

829 5558 1101 5624 gariorum
1150 5562 1242 5607 aut
1292 5550 1634 5624 μοιραρχῶν,
1691 5549 1744 5604 id
1791 5557 1877 5604 est
1919 5549 2257 5604 tribunorum
2289 5548 2402 5604 col-

836 5645 1061 5704 locabis.

2478 3364 2571 3417 nl.
2619 3364 2828 3435 πρέπον
2884 3363 2999 3416 ἐστὶ
3025 3364 3086 3415 τδ
3116 3363 3292 3422 πάντα
3348 3358 3752 3432 καϐαλλαρικδν
3814 3357 4057 3427 στρατὸν

2477 3455 2910 3527 διαμερίζεσθαι,
2941 3455 3042 3508 κάν
3065 3471 3123 3507 τε
3143 3453 3309 3517 πολύς
3333 3455 3469 3515 εστι,
3490 3451 3594 3505 κάν
3620 3468 3679 3504 τε
3712 3448 4056 3519 σύμμετρος·

2480 3547 2702 3617 εὔδηλον
2738 3546 2847 3618 γὰρ
2874 3545 2968 3598 καὶ
3000 3545 3206 3616 πρέπον
3232 3544 3319 3598 ἵνα
3342 3545 3648 3614 χρεωστῇς,
3675 3535 3720 3594 ὦ
3750 3540 4060 3611 στρατηγὲ,

2480 3636 2637 3704 λόγον
2682 3635 2952 3689 ποιεῖσθαι
2981 3635 3075 3687 καὶ
3104 3634 3457 3699 κατάστασιν,
3492 3633 3568 3696 ὼς
3597 3632 3892 3701 ἐνδέχεται,
3927 3631 4062 3682 ὅταν

2484 3727 2720 3797 μάλιστα
2776 3727 2870 3780 καὶ
2916 3725 3053 3797 πρὸς
3110 3724 3238 3796 ἔθνη
3266 3724 3509 3796 πολεμῇς
3553 3723 3705 3789 τάξιν
3738 3723 3930 3793 έχοντα
3969 3721 4064 3774 χι).

2482 3820 2678 3891 τέχνην
2702 3818 2963 3888 πολέμου.

2556 3913 2654 3966 κδ’.
2704 3912 2830 3965 Ἐὰν
2860 3911 2915 3964 δὲ
2940 3910 3189 3977 δύνασαι,
3224 3909 3299 3980 μὴ
3326 3911 3483 3979 ποιῇς
3514 3906 3761 3977 φανερῶς
3778 3906 3867 3959 τὸν
3894 3905 4066 3956 πόλε-

2490 4004 2757 4074 μον,ὂταν
2793 4002 3072 4071 ⁸ιιώσθιεις
3099 4003 3179 4055 ὅτι
3214 4000 3429 4063 πλείους
3462 3999 3555 4052 σού
3570 3999 3707 4051 εἰσιν
3721 3997 3769 4049 οἱ
3787 3994 4041 4064 πολέμιοι

2487 4095 2597 4149 Kal.
2651 4094 2761 4165 γάρ
2798 4093 3005 4164 πρέπον
3042 4109 3122 4145 σοι
3154 4091 3419 4161 πρότερον
3440 4090 3540 4159 τὴν
3564 4089 3792 4155 δύναμιν
3819 4104 3931 4139 των
3971 4104 4067 4138 πο-

2488 4180 2689 4251 λεμίων
2743 4196 2835 4233 σου
2898 4177 3218 4247 ἀναμαοείν,
3280 4177 3372 4230 καὶ
3396 4174 3565 4237 οὕτως
3605 4173 3940 4244 ποιήσασθαι
3969 4176 4068 4226 τὶν

2493 4272 2766 4344 συμϐολὴν
2794 4271 2888 4325 τοῦ
2924 4271 3184 4341 πολέμου.

2562 4363 2661 4420 κε’.
2698 4350 2821 4418 Ἐὰν
2853 4363 2910 4417 δὲ
2940 4363 3084 4433 ἔχεις
3130 4360 3352 4425 πεζικὸν
3410 4356 3667 4431 στρατὸν,
3728 4356 4066 4427 ποιήσασθαι

2491 4456 2680 4511 τούτου
2723 4454 2823 4526 τὴν
2860 4451 3185 4523 παράταξιν,
3214 4450 3289 4515 ὡς
3344 4448 3481 4520 μετὰ
3519 4446 3690 4502 ταῦτα
3725 4444 4069 4516 δηλώσομεν,

2494 4550 2553 4603 ἐν
2575 4551 2639 4620 τῇ
2674 4548 2801 4619 περὶ
2852 4545 3036 4610 πεζῶν
3073 4544 3168 4599 καὶ
3200 4542 3307 4595 τῶν
3337 4541 3662 4612 συμμίκτων
3709 4540 3825 4603 τοῖς
3865 4538 4072 4592 καόαλ-

2418 4628 2465 4683 Ῑ)
2491 4640 2698 4712 λαριοις
2721 4636 2982 4701 διατάξει.

2566 4739 2679 4797 κς¹.
2728 4730 2855 4783 Ἐὰν
2879 4729 2934 4783 δὲ
2959 4726 3107 4799 μόνοι
3138 4724 3493 4795 κασαλλάριοί
3528 4724 3657 4787 εἱσι,
3687 4721 3781 4776 καὶ
3806 4721 3948 4791 πρὸς
3972 4740 4070 4775 xz-

2496 4820 2820 4895 ϐαλλαρίονς
2892 4819 3179 4874 ὑπόκειται
3224 4821 3252 4871 ὁ
3302 4816 3581 4886 πόλεμος,
3651 4814 3745 4868 καὶ
3796 4814 3880 4876 εἰς
3927 4815 4073 4882 τρ;ἰς

2496 4910 2903 4982 κασαλλαρικάς
2948 4906 3132 4974 τάξεις
3169 4905 3497 4977 διαμερισῃς
3543 4904 3637 4956 τον
3672 4902 3930 4974 στρατόν.
3965 4904 4072 4955 Καὶ

2494 5005 2595 5078 τὴν
2652 5004 2752 5075 μὲν
2791 5001 3015 5072 πρώτην
3066 4998 3393 5071 παράταξιν,
3427 4998 3549 5067 ἥτις
3593 4996 3810 5064 λέγεται
3863 4996 4075 5066 πρόμα-

2494 5109 2610 5164 χος,
2656 5094 2736 5155 εἰς
2766 5092 2895 5163 τρία
2939 5090 3030 5143 ἴσα
3062 5088 3206 5160 μέρη
3248 5086 3479 5159 έκτάξῃς
3512 5086 3620 5139 άπὸ
3668 5084 3840 5155 τριῶν
3875 5085 4076 5154 μοιρῶν

2499 5184 2713 5255 ἔχοντος
2742 5184 2973 5237 ἑκάστου
3015 5182 3235 5253 μέρους,
3268 5181 3438 5252 ἤγουν
3464 5178 3572 5233 άπὸ
3598 5176 3771 5248 τριῶν
3792 5176 4076 5247 apo-37v...”

2501 5277 2740 5347 ἑκάστης
2760 5275 3026 5347 τούρμας,
3064 5274 3157 5329 καὶ
3180 5275 3238 5327 ἐν
3277 5272 3356 5343 τῷ
3388 5272 3539 5342 μέσῳ
3579 5270 3735 5341 μέρει
3763 5269 3956 5334 τάξεις
3993 5270 4078 5321 τὶν

2504 5368 2918 5440 ὑποστράτηγόν
2958 5380 3085 5437 pou.
3134 5368 3192 5420 ὲν
3217 5366 3273 5419 δὲ
3302 5368 3413 5428 τοῖς
3464 5364 3671 5434 ἑτέροις
3706 5363 3887 5429 δυσὶν,
3920 5364 4078 5434 ἧγουν

2504 5459 2583 5531 τῷ
2602 5459 2758 5530 δεξιῷ
2790 5458 2885 5513 καὶ
2926 5457 3004 5529 τῷ
3030 5454 3321 5529 ἀριστερῷ,
3372 5456 3498 5520 τοὺς
3536 5455 3647 5509 τῶν
3675 5455 3868 5527 μερῶν
3894 5457 4079 5526 ἄρχονο

2507 5570 2605 5616 τας
2643 5553 2839 5622 μέσους
2884 5551 2991 5605 τῶν
3035 5548 3490 5619 ὑποτεταγμένων
3528 5547 3728 5611 αὐτοὺς
3784 5548 4077 5619 ἀρχόντων,

2508 5642 2675 5713 ἧγουν
2700 5642 2809 5698 τῶν
2844 5641 3159 5716 μοιραρχῶν
3193 5641 3321 5715 (90).

2349 5752 2575 5812 NOTAE.

916 5856 1024 5926 (Uti)
1055 5854 1417 5924 Μοιραρχὼν.
1452 5853 1661 5919 Scribe,
1692 5870 1752 5924 με
1764 5851 1999 5923 ραρχῶν.
