4176 6442
142 409 252 472 813

1185 401 1518 462 TACTICA.
1558 424 1624 437 -·
1662 398 2165 465 CONSTITUTIO
2208 402 2343 462 XII.

3284 396 3393 462 ιιι

218 515 321 580 κζ’.
362 514 542 568 Ταῦτα
582 513 635 566 δὲ
673 514 741 566 τά
766 512 890 583 τρία
919 513 1058 584 μέρη
1087 514 1372 581 συοτήστις
1400 514 1511 567 άπὸ
1542 531 1708 584 κουρ-
1745 556 1749 570 .

1882 514 1973 567 27.
2018 514 2127 570 llas
2183 526 2293 570 tres
2344 523 2552 569 turmas
2603 514 2900 568 constitues
2945 528 3007 568 ex
3062 513 3149 578 its,
3200 516 3291 582 qui
3329 514 3397 568 ad

150 607 349 677 σύρων,
378 606 545 675 ἤγουν
572 602 679 656 τῶν
716 604 794 664 εἰς
825 602 1053 672 κοῦρσον
1076 602 1423 671 τεταγμένων
1453 620 1715 675 στρατευ-

155 699 365 767 μάτων,
412 694 506 758 οὓς
547 694 640 746 νῦν
683 693 899 761 λέγουσι
941 692 1309 765 προκλάστας,
1342 696 1436 747 καὶ
1472 696 1720 764 διφενσό-

154 807 286 858 ρων.
314 788 483 857 ἤγουν
521 785 629 839 τῶν
681 785 1088 855 ὑποδεχομένων
1119 786 1245 849 τοὺς
1280 786 1358 849 είς
1399 787 1461 840 τὸ
1495 786 1726 857 κοῦρσον

153 878 499 941 ἐλαύνοντας,
530 876 626 929 καὶ
657 875 1015 929 ὲκδικούντων
1049 875 1269 939 αὐτοὺς,
1319 877 1459 930 ὥστε
1491 876 1725 930 ἑκάστου

158 972 358 1039 μέρους
392 968 454 1019 τὸ
488 966 668 1035 τρίτον
697 967 863 1019 ποσὸν
895 965 1268 1035 κουρσάτορας
1295 962 1456 1021 εἶναι.
1489 966 1727 1031 Τούτους

154 1059 213 1112 δὲ
253 1053 392 1111 εἶναι
415 1056 510 1111 καὶ
531 1057 774 1121 τοξότας.
826 1056 899 1109 Τὸ
925 1056 982 1109 δὲ
1005 1056 1249 1128 δίμοιρον
1283 1059 1345 1110 τὸ
1376 1060 1434 1111 ἐν
1461 1059 1611 1129 μέσῳ
1634 1060 1729 1113 τοῦ

159 1146 395 1218 στρατοῦ
425 1145 748 1216 διφένσορας
777 1145 945 1215 ἤγουν
982 1145 1230 1209 ἐκδίκους
1249 1146 1376 1210 τοὺς
1401 1147 1732 1218 ὑποδεχομέ-

160 1255 285 1299 νους
308 1237 435 1299 τοὺς
468 1253 563 1289 κου
570 1236 859 1305 ρσάτορας.

231 1334 345 1396 κη’.
375 1327 716 1396 Παρατάξεις
744 1324 801 1376 δὲ
825 1327 883 1379 ὲν
913 1327 976 1396 τῇ
1014 1325 1203 1396 πρώτῃ
1231 1324 1382 1388 τάξει
1408 1326 1616 1389 οὕτωςι
1639 1327 1733 1390 Et;

162 1419 266 1490 μὲν
296 1420 361 1471 τὸ
390 1416 674 1490 ἀριστερὸν
706 1416 889 1487 μέρος,
920 1418 999 1480 είς
1030 1417 1059 1470 δ
1090 1416 1322 1486 μάλιστα
1352 1421 1408 1473 αἱ
1436 1418 1734 1482 κυκλώσεις

160 1507 273 1560 τῶν
298 1506 556 1560 ἐναντίων
584 1505 822 1570 εὐκόλως
853 1507 1115 1575 γίνονται,
1151 1506 1243 1559 δύο
1292 1508 1324 1579 ἢ
1368 1510 1496 1578 τρία
1543 1508 1735 1578 βάνδα,

159 1599 248 1652 ἴνα
300 1598 408 1650 είσὶ
460 1596 898 1666 πλαγιοφύλακες
950 1597 1229 1666 ἱστάμενοι
1273 1599 1377 1651 ἴσοι
1422 1597 1515 1651 τοῦ
1573 1597 1735 1652 αὑτοῦ

163 1689 399 1759 μέρους·
452 1688 548 1741 καὶ
598 1688 785 1757 βάνδον
817 1688 874 1741 ἓν
922 1688 954 1758 ἤ
1013 1688 1106 1742 δὺο
1154 1688 1317 1758 βάνδα
1346 1687 1565 1753 τοξότας
1610 1690 1736 1753 τοὺς

159 1779 482 1848 λεγομένους
525 1780 941 1850 ὑπερκεράστας
968 1780 1078 1851 (9|)
1111 1783 1277 1849 ἤγουν
1303 1780 1547 1849 ἑτοίμους
1579 1782 1736 1847 ὄντας

160 1873 241 1935 είς
272 1872 545 1925 κύκλωσιν
581 1872 690 1927 τῶν
730 1871 1035 1941 πολεμίων·
1072 1873 1291 1932 τούτους
1335 1873 1553 1941 στήσεις
1587 1873 1618 1943 ἦ
1654 1874 1733 1936 είς
1772 1845 1813 1899 Β

160 1961 218 2013 τὸ
246 1962 413 2032 μέρος
442 1962 504 2015 τὸ
527 1961 717 2028 δεξιόν.
753 1964 859 2016 Καὶ
882 1963 979 2033 τὴν
1007 1961 1105 2031 μὲν
1136 1960 1359 2031 πρώτην
1386 1961 1540 2026 τάξιν
1562 1960 1736 2022 οὕτως

161 2052 517 2124 παρατάξεις.

230 2144 336 2199 κθ’.
390 2146 500 2215 Τὴν
554 2146 609 2199 δὲ
658 2146 914 2216 δευτέραν
965 2146 1267 2216 παράταξιν
1306 2146 1405 2217 τὴν
1438 2146 1735 2216 ὶεγομένην

161 2237 361 2305 βοηθὸν
403 2237 608 2303 τάξεις,
646 2237 732 2291 ἵνα
768 2236 870 2311 ἔχῃ
914 2238 976 2292 τδ
1016 2240 1194 2310 τρίτον
1229 2240 1394 2293 ποσὸν
1419 2237 1515 2291 τοῦ
1540 2238 1736 2302 παντὸς

162 2324 420 2396 στρατοῦ,
484 2327 579 2378 καὶ
625 2325 832 2397 ταύτην
864 2331 1111 2397 ποιήσεις
1156 2330 1235 2391 εἰς
1282 2329 1530 2399 τέσσαρα
1567 2329 1733 2397 μέρη.

162 2415 250 2467 ῐνα
280 2413 355 2475 ὡς
384 2414 491 2467 ἀπὸ
518 2414 635 2476 sva;
666 2416 1044 2483 σαγιττοὸόὶου
1079 2417 1445 2486 διαστήματος
1476 2418 1611 2471 κατὰ
1640 2419 1739 2480 τὰς

162 2505 409 2575 πλευράς
461 2505 701 2575 ἀλλήλων
765 2506 1126 2575 περιπατοῦσι
1183 2507 1252 2559 τὰ
1295 2508 1520 2561 τοιαῦτα
1572 2507 1734 2578 μέρη.

162 2594 244 2648 Τὰ
296 2595 352 2649 δὲ
382 2595 604 2648 τοιαῦτα
632 2595 771 2666 μέρη
808 2595 1126 2666 ἀμφίστομα
1162 2598 1408 2667 ποιήσεις
1456 2599 1625 2667 ἤγουν
1659 2595 1740 2650 δί-

163 2703 367 2756 στομα,
401 2685 486 2739 ἴνα
514 2687 606 2739 καὶ
628 2688 677 2739 οἱ
715 2686 1023 2757 ἔμπροσθεν
1056 2687 1189 2757 πρὸς
1209 2688 1269 2741 το
1297 2688 1587 2757 λεγόμενον
1614 2687 1741 2757 μέτ-

164 2777 317 2831 ωπόν
376 2780 514 2831 εἰσιν
546 2777 763 2830 δυνατοὶ
804 2778 898 2830 καὶ
940 2778 1379 2848 καθωπλισμένοι
1417 2778 1618 2848 ὁμοίως
1650 2781 1743 2832 καὶ

166 2869 215 2920 ot
256 2868 484 2922 ὄπισθεν
532 2868 669 2940 πρὸς
717 2867 816 2939 τὴν
842 2868 1142 2938 λεγομένην
1179 2869 1346 2938 οὐρὰν
1390 2867 1604 2922 δυνατοὶ
1650 2870 1744 2923 καὶ

168 2958 640 3029 καθωπλισμένοι·
685 2959 769 3012 ἵνα
798 2959 892 3012 καὶ⁵
924 2961 1019 3012 ἐὰν
1065 2959 1207 3012 κατὰ
1244 2958 1336 3012 τοῦ
1377 2958 1549 3013 νώτου
1576 2960 1743 3030 ἤγουν

165 3050 348 3104 ὀπίσω
376 3050 555 3104 αὐτῶν
596 3050 895 3121 ποιήσωσιν
929 3049 1233 3120 προσὸολὴν
1265 3050 1315 3103 ot
1349 3049 1552 3119 ἐχθροὶ,
1599 3052 1743 3103 ἀντι-

171 3139 539 3210 στρὲφωνται,
569 3140 663 3192 καὶ
708 3140 1067 3209 εὑρίσκωνται
1117 3139 1224 3191 άπὸ
1260 3138 1368 3190 τῶν
1421 3137 1513 3190 δύο
1562 3138 1741 3208 μερῶν

170 3230 379 3301 ῑτοιμοι
410 3230 845 3284 ἀντιτάσσεσθαι.

242 3324 308 3372 λ’.
355 3319 514 3371 Ἀλλά
557 3320 650 3372 καὶ
675 3321 731 3372 ἐν
764 3322 873 3383 τοῖς
913 3321 1090 3383 ἄλλοις
1138 3321 1361 3392 μέρεσιν
1399 3322 1621 3375 ὄπισθεν
1653 3323 1748 3390 τῆς

174 3409 533 3481 παρατάξεως
583 3410 938 3480 ἑκατέρωθεν,
988 3412 1159 3481 ἤγουν
1192 3410 1343 3464 ἐνθεν
1378 3412 1472 3464 καὶ
1522 3412 1750 3476 ἐκεῖθεν,

175 3501 250 3564 ὡς
304 3500 413 3553 άπδ
456 3500 575 3563 évb;
630 3501 1008 3567 σαγιττοόόλου
1063 3498 1753 3570 διαστήματος,’ὲκτάξεις

174 3595 284 3648 άπὸ
309 3595 432 3658 ἑνὸς
471 3594 661 3664 βάνδου
688 3595 747 3647 ἐν
780 3596 931 3659 τάξει
960 3596 1358 3665 νωτοφυλάκων
1385 3591 1496 3650 οἷον
1530 3598 1607 3658 εἰς
1636 3595 1753 3665 τρί-

176 3704 278 3757 την
309 3687 486 3751 τάξιν.

247 3778 350 3832 λα’.
383 3780 500 3832 Ἵνα
528 3780 583 3834 δὲ
616 3780 707 3833 καὶ
734 3781 790 3831 ὲν
828 3779 902 3849 τῷ
934 3777 1085 3849 μέσῳ
1117 3777 1313 3849 χωρία,
1347 3779 1513 3847 ἤγουν
1542 3777 1610 3830 τά
1644 3778 1756 3829 δια-

180 3872 438 3941 στήματα
472 3870 572 3938 τῆς
622 3870 879 3938 δευτέρας
924 3870 1151 3935 τάξεως,
1186 3870 1438 3939 ἡνωμένα
1492 3868 1756 3938 εὖρεθῶσι

179 3960 267 4015 διὰ
294 3962 515 4025 παντὸς,
545 3962 639 4015 καὶ
669 3963 702 4033 ὴ
736 3963 884 4015 πᾶσα
916 3960 1068 4025 τάξις
1095 3960 1155 4013 ἒν
1187 3961 1346 4031 σῶμα
1374 3961 1645 4029 φαίνεται,
1667 3961 1759 4013 καὶ

184 4051 258 4122 μὴ
284 4050 671 4121 διαστρέφεται
719 4048 1114 4119 περιπατοῦσα,
1164 4049 1458 4117 ἀναγκαῖόν
1496 4048 1576 4100 σοί
1611 4050 1757 4100 ἐστιν

181 4142 259 4202 είς
284 4139 458 4193 ταῦτα
487 4141 556 4193 τά
582 4140 639 4192 ὲν
683 4139 832 4209 μέσῳ
863 4138 1225 4207 διαλείμματα
1259 4140 1365 4191 ἀπὸ
1407 4138 1525 4201 ἐνὸς
1558 4136 1751 4207 βάνδου

185 4234 522 4303 καταστῆσαι
548 4236 628 4297 είς
656 4233 775 4287 ὅλον
805 4235 865 4286 τὸ
896 4232 1150 4303 εὔκαιρον
1179 4232 1452 4303 διάστημα
1485 4233 1675 4304 ἔχοντα
1700 4236 1758 4285 τὸ

184 4323 352 4394 βάθος
383 4325 551 4394 ἤγουν
580 4325 637 4378 τὸ
667 4327 839 4394 πάχος
872 4324 903 4395 ἦ
943 4325 1050 4377 ἀπὸ
1077 4324 1170 4377 δύο
1201 4324 1603 4395 καϐάλλαρίων,
1636 4326 1668 4393 ἢ
1700 4324 1759 4376 τὸ

186 4415 371 4479 καλῶς
420 4415 540 4485 ἔχον
581 4415 689 4469 ἀπὸ
732 4415 1033 4485 τεσσάρων,
1089 4415 1321 4486 μάλιστα
1376 4415 1572 4469 πολλοῦ
1607 4416 1759 4477 ὄντος

1824 611 2166 666 incursiones
2224 611 2440 672 valent,
2491 623 2629 679 quos
2678 623 2931 664 cursores
2977 618 3031 663 et
3097 609 3400 678 proelastas

1829 701 2113 755 nominant
2148 719 2161 753 :
2194 708 2247 754 et
2283 714 2349 753 ex
2376 700 2462 755 his
2484 700 2578 768 qui
2611 711 2864 754 cursores
2892 698 3168 765 excipiunt
3202 699 3401 755 iterum

1827 808 1855 845 a
1898 806 2063 847 cursu
2103 789 2419 855 redeuntes,
2457 798 2619 859 atque
2649 804 2744 845 eos
2775 787 3096 850 defendunt,
3127 803 3268 858 quos
3308 789 3405 845 de-

1830 883 2079 940 fensores
2110 880 2384 953 appellant
2412 898 2424 934 :
2459 890 2519 935 ut
2550 882 2985 949 uniuscujusque
3018 888 3213 934 turmae
3241 881 3401 935 tertia

1831 991 1957 1047 pars
2003 990 2259 1030 cursores
2294 973 2425 1037 sint,
2459 986 2581 1042 quae
2627 972 2846 1040 reliqua:
2899 981 3082 1042 partes
3125 972 3177 1025 in
3226 972 3406 1028 medio

1832 1065 2110 1122 exercitus
2138 1065 2465 1121 defensores
2493 1064 2625 1127 sint,
2658 1063 2750 1134 qui
2785 1063 2916 1118 istos
2943 1078 3199 1119 cursen'cs
3230 1062 3407 1118 vindi-

1833 1164 1959 1211 cent
1983 1164 2037 1211 ct
2064 1155 2375 1239 defendant.

1906 1333 1996 1389 εδ.
2048 1332 2287 1388 Primam
2343 1331 2518 1386 aciem
2567 1331 2644 1387 sic
2694 1338 2968 1389 :nstrues:
3001 1327 3078 1383 Ad
3128 1328 3409 1384 sinistram

1836 1436 2069 1496 partem,
2104 1439 2265 1495 quam
2312 1424 2549 1479 maxime
2600 1432 2653 1477 et
2705 1421 2962 1477 facillime
3011 1420 3413 1475 circumvenire

1839 1522 2023 1575 hostes
2050 1519 2243 1583 solent,
2270 1518 2408 1571 duas
2432 1525 2529 1570 aut
2564 1525 2674 1571 tres
2706 1515 2965 1569 cohortes
3002 1513 3251 1582 ejusdem
3285 1528 3413 1583 par-

1840 1610 1931 1673 tis,
1978 1617 2037 1664 ut
2085 1607 2195 1663 sint
2241 1604 2703 1674 πλαγιοφύλακες,
2756 1604 2809 1658 id
2861 1612 2941 1658 est
2978 1603 3250 1658 laterones
3296 1602 3414 1658 sive

1841 1702 2093 1766 laterani,
2131 1700 2435 1771 assignabis
2471 1717 2483 1753 :
2518 1699 2797 1753 cohortem
2826 1710 3082 1766 prauerca
3119 1706 3418 1762 unam,aut

1841 1794 1977 1849 duas
2005 1807 2066 1847 ex
2094 1791 2407 1862 sagittariis,
2435 1789 2525 1859 qui
2561 1788 2986 1861 ὑπερκεράσται,
3010 1786 3062 1841 id
3093 1796 3177 1841 est
3227 1787 3414 1840 cerui--

1843 1882 2015 1948 stitcs,
2066 1882 2132 1936 ad
2188 1879 2610 1935 circumdandos
2657 1879 2864 1942 hostes,
2912 1876 3435 1933 circumvallandos.

1843 1980 2252 2035 constituuntur
2283 1995 2296 2030 :
2330 1977 2432 2029 hos
2462 1974 2529 2028 ad
2563 1973 2813 2054 dextram
2842 1973 2960 2041 ejus
2992 1980 3197 2041 partem
3240 1970 3421 2026 collo-

1843 2070 2016 2126 cabis.
2054 2069 2130 2121 Ac
2156 2065 2388 2136 primam
2424 2064 2593 2119 aciem
2629 2064 2707 2119 sic
2735 2063 2994 2118 instrues.

1909 2160 1999 2215 29.
2040 2157 2345 2214 Secundam
2399 2157 2592 2221 aciem,
2644 2168 2766 2225 quae
2814 2150 3143 2209 subsidiaria
3194 2150 3418 2216 dicitur,

1845 2246 1927 2302 sic
1958 2245 2211 2307 instrucs,
2242 2252 2301 2297 ut
2334 2243 2550 2298 tertiam
2583 2250 2789 2311 partem
2822 2241 2989 2295 totius
3027 2239 3309 2296 exercitus
3365 2238 3418 2292 iu

1846 2351 1906 2391 se
1938 2336 2236 2389 contineat.
2264 2334 2393 2388 Eam
2421 2342 2603 2388 autem
2630 2332 2682 2386 in
2711 2340 2945 2403 quatuor
2976 2341 3157 2402 partes
3184 2330 3416 2394 divides,

1846 2434 1899 2482 et
1930 2427 2089 2480 unius
2119 2425 2331 2494 sagittae.
2359 2423 2509 2493 jactu
2546 2422 2612 2477 ad
2646 2422 2817 2477 latera
2860 2420 3149 2491 ejusmodi
3177 2428 3357 2491 partes
3389 2435 3419 2472 α

1847 2530 1906 2572 se
1953 2525 2145 2569 mutuo
2196 2514 2417 2569 distent.
2501 2511 2609 2567 llas
2677 2521 2859 2580 partes
2915 2510 3184 2579 ancipites
3245 2517 3301 2564 ct
3349 2510 3418 2565 ad

1849 2619 2135 2677 utramque
2166 2614 2373 2677 partem
2411 2604 2656 2670 inﬂexas,
2701 2619 2837 2671 quas
2887 2602 3290 2673 ἀμφιστόμους,
3324 2618 3421 2658 seu

1848 2697 2134 2767 διστόμους
2164 2694 2355 2749 dicunt
2381 2693 2601 2759 emcies,
2634 2701 2693 2746 ut
2724 2695 2816 2763 qui
2843 2692 3147 2747 anteriores
3176 2702 3323 2757 sunt,
3356 2680 3426 2743 ad

1849 2787 2081 2842 frontem
2102 2785 2195 2856 qui
2230 2777 2577 2856 posteriores,
2607 2784 2673 2838 ad
2702 2783 2933 2837 caudam
2962 2796 3083 2851 qua:
3104 2780 3304 2836 dicitur
3328 2795 3428 2835 cu-

1848 2878 2189 2933 stodiendam
2226 2876 2402 2947 parati
2436 2886 2602 2946 atque
2640 2876 2835 2930 armati
2878 2876 3007 2940 sint,
3041 2885 3099 2930 ut
3129 2874 3290 2929 etiam
3318 2872 3360 2926 si
3394 2887 3425 2926 ιι

1851 2979 2001 3041 tergo
2041 2970 2108 3024 de
2138 2968 2441 3039 improviso
2478 2968 2661 3023 hostes
2704 2967 2936 3033 irruant,
2987 2974 3306 3020 convertant
3345 2978 3424 3029 se,

1853 3069 1906 3114 et
1932 3059 1998 3114 ad
2027 3057 2390 3113 resistendum
2424 3056 2674 3111 hostibus
2704 3055 2911 3111 habiles
2937 3053 3299 3124 reperiantur.

1924 3327 2015 3380 50.
2060 3324 2116 3377 ln
2148 3323 2411 3378 extremis
2441 3322 2555 3377 oris
2587 3320 2744 3385 aciei,
2773 3320 2899 3375 hinc
2924 3329 3083 3388 atque
3109 3319 3282 3383 illinc,
3306 3325 3427 3386 post

1854 3420 2024 3473 aciem
2057 3417 2380 3471 instructam
2406 3416 2563 3484 quasi
2592 3417 2754 3472 unius
2786 3414 3000 3482 sagittze
3042 3411 3190 3481 jactu
3228 3409 3431 3464 educes

1856 3525 1917 3563 ex
1949 3524 2053 3563 una
2091 3514 2313 3564 cohorte
2340 3508 2406 3561 ad
2434 3507 2607 3562 aciem
2640 3507 2992 3576 tergistitum,
3020 3502 3176 3574 quasi
3209 3502 3275 3557 ad
3322 3510 3431 3555 ter-

1859 3604 1987 3656 tiam
2017 3602 2187 3657 aciem
2220 3600 2619 3655 instruendam.

1933 3786 2022 3837 5|.
2068 3782 2134 3838 Ut
2158 3791 2336 3838 autem
2368 3782 2483 3836 loca
2520 3782 2634 3835 sive
2672 3780 2980 3844 intervalla,
3006 3794 3127 3848 quae
3172 3780 3223 3832 in
3256 3776 3433 3832 medio

1862 3878 2111 3932 secunda:
2167 3876 2301 3930 aciei
2360 3883 2511 3941 sunt,
2563 3875 2799 3929 adunata
2846 3873 3071 3928 omnino
3134 3872 3435 3941 junctaque

1864 3970 2228 4029 inveniantur,
2262 3977 2316 4021 et
2352 3967 2605 4021 universa
2640 3967 2787 4019 acies
2816 3965 2971 4034 quasi
3016 3979 3187 4018 unum
3235 3978 3435 4032 corpus

1863 4069 2139 4131 appareat.
2164 4074 2337 4127 neque
2363 4059 2414 4112 in
2434 4058 2611 4112 eundo
2634 4058 2993 4121 distrahatur,
3020 4069 3239 4110 necesse
3261 4062 3344 4108 est
3370 4054 3436 4108 ad

1865 4150 1978 4203 haec
2012 4148 2290 4202 intervalla
2330 4148 2382 4201 in
2424 4148 2604 4201 medio
2634 4146 2958 4215 complenda
3008 4161 3037 4199 e
3066 4145 3292 4199 cohorte
3333 4144 3435 4197 ali-

1866 4254 1972 4308 qua
2000 4238 2262 4308 quosdam
2295 4237 2507 4305 equites
2548 4236 2772 4305 eligere,
2822 4236 2915 4305 qui
2962 4235 3027 4288 ad
3073 4233 3306 4288 duorum
3353 4232 3439 4286 vel

1868 4340 2097 4401 quatuor
2140 4330 2317 4400 potius
2349 4327 2633 4381 hominum
2689 4326 3053 4388 altitudinem,
3099 4324 3144 4378 si
3204 4340 3439 4393 magnus

1871 4420 2033 4475 fuerit
2062 4419 2355 4481 exercitus,
2390 4417 2755 4479 instruantur,
2822 4424 2879 4469 ut
2906 4414 2950 4468 si
2976 4415 3196 4483 quando
3220 4414 3439 4470 occasio

184 4502 280 4557 τοῦ
334 4503 590 4575 στρατοῦ,
636 4502 722 4556 ἵνα
774 4504 901 4557 ὅταν
948 4504 1136 4574 καιρδς
1185 4504 1408 4575 γένηται
1443 4504 1511 4556 τὰ
1562 4505 1749 4573 τρεπό-

1872 4505 2032 4561 fuerit
2059 4505 2245 4575 prima:
2269 4504 2404 4559 aciei
2432 4513 2613 4573 partes
2644 4503 2709 4559 ad
2748 4503 2935 4573 fugam
2972 4504 3257 4558 inclinatas
3288 4504 3439 4558 exci-

188 4612 328 4666 μενα
364 4597 504 4666 μέρη
538 4596 634 4666 τῆς
670 4596 891 4668 πρώτης
921 4596 1296 4666 παρατάξεως.
1326 4596 1511 4649 Ταῦτα
1543 4595 1611 4648 τά
1636 4596 1762 4666 τρία

188 4687 359 4755 βάνδα
392 4687 461 4742 τὰ
504 4688 633 4743 ὄντα
683 4690 739 4741 ἐν
769 4692 879 4750 τοῖς
922 4688 1197 4758 εὐκαεροις
1224 4689 1408 4752 τόποις
1440 4688 1763 4742 omnem.

191 4798 332 4850 μενά
384 4782 476 4833 καὶ
510 4784 914 4852 συσφιγγόμενα
946 4781 1175 4852 εὔκαιρα
1223 4782 1435 4836 ποιοῦσι
1470 4784 1536 4835 τὶ
1589 4783 1763 4854 χωρία

191 4872 330 4944 πρὸς
358 4873 457 4944 τὴν
482 4875 704 4929 ἐκείνων
736 4877 1022 4946 ὑποδοχήν.
1046 4877 1155 4929 Καὶ
1192 4876 1308 4945 ἅμα
1342 4877 1762 4947 μὲνδὺηποδὲχονο

187 4982 279 5018 ται
309 4966 435 5028 τοὺς
457 4968 820 5036 τρεπομένους
853 4966 1085 5038 εὔκαιρα
1110 4966 1285 5037 χωρία
1320 4966 1620 5032 ποιοῦντες,
1648 4968 1765 5038 ἃμα

190 5056 249 5111 δὲ
284 5059 376 5109 καὶ
407 5058 790 5112 άναστέλλουσι
822 5061 947 5123 τοὺς
992 5060 1244 5122 θέλοντας
1292 5059 1685 5130 σκορπίζεσθαι
1732 5061 1765 5131 ἢ

194 5149 411 5215 φυγεῖν,
448 5148 563 5217 ἅμα
609 5149 665 5202 δὲ
713 5151 804 5202 καὶ
849 5151 929 5213 εἰς
980 5149 1168 5220 τρίτην
1208 5148 1360 5212 τάξιν
1406 5148 1767 5217 συνιστάμενα

196 5237 338 5306 μετὰ
386 5239 493 5291 τῶν
541 5240 936 5309 νωτοφυλάκων
984 5238 1310 5293 άποσοόοὖσι
1362 5239 1617 5300 πολλάκις
1647 5240 1771 5302 τοὺς

194 5328 339 5383 κατὰ
399 5330 567 5383 νῶτον
635 5320 803 5401 ἤγουν
872 5330 1094 5384 όπισθεν
1164 5328 1611 5398 ἐπιφαινομένους
1675 5328 1768 5381 καὶ

193 5419 596 5490 ιπερχομένους
618 5420 843 5490 ἐχθροὺς
877 5422 1009 5490 πρὸς
1036 5421 1097 5473 τὸ
1133 5421 1360 5491 ταράξαι
1388 5420 1483 5489 τὴν
1512 5418 1768 5487 δευτέραν

1866 4596 2070 4666 piendi,
2095 4596 2175 4649 lue
2203 4603 2309 4650 tres
2342 4595 2594 4649 cohortes
2628 4594 3031 4649 retrocedentes
3059 4602 3114 4649 et
3161 4594 3215 4647 in
3268 4608 3440 4663 angu—

1867 4697 2009 4742 stutn
2068 4702 2127 4742 se
2183 4687 2570 4743 contrahentes
2622 4693 2934 4753 opportuna
2989 4686 3108 4739 loca
3184 4684 3250 4738 ad
3316 4686 3439 4741 illos

1864 4777 2216 4846 excipiendos
2253 4784 2582 4846 praeparent,
2618 4774 2892 4844 simulque
2924 4774 2977 4828 in
3026 4774 3206 4843 fugam
3254 4791 3441 4830 versos

1865 4867 1917 4921 in
1945 4867 2087 4921 hanc
2112 4866 2359 4921 locorum
2390 4866 2851 4935 opportunitatem
2896 4864 3187 4935 accipiant,
3236 4882 3442 4937 eosque

1868 4959 1955 5028 qui
1994 4957 2341 5027 tergiversari
2386 4956 2597 5020 nolunt,
2629 4963 2683 5009 et
2731 4956 2796 5009 ad
2828 4956 3142 5025 fugiendum
3188 4972 3247 5012 se
3300 4972 3441 5026 pra:-

1870 5060 2079 5122 parant,
2111 5058 2166 5104 et
2196 5049 2488 5103 admodum
2517 5049 2888 5119 retineant,et
2914 5048 2979 5102 ad
3018 5048 3233 5103 tertiam
3268 5049 3440 5102 aciem

1866 5160 1989 5199 cum
2027 5143 2383 5213 tergistitilaus
2413 5141 2610 5211 juncti,
2642 5156 2785 5211 saepe
2829 5142 3011 5195 hostes
3043 5141 3108 5194 ad
3141 5144 3436 5197 secundam

1868 5236 2042 5289 aciem
2102 5233 2541 5305 perfringendam
2616 5234 2956 5288 incursantes
3027 5233 3328 5303 repellant,
3388 5243 3441 5285 et

1872 5328 2029 5396 quasi
2095 5327 2527 5383 initissolubilem
2581 5327 2877 5381 secundam
2942 5326 3115 5380 aciem
3184 5324 3441 5379 etliciaut.

1876 5418 2049 5485 Atque
2085 5417 2197 5470 haec
2227 5416 2273 5469 si
2302 5431 2531 5486 magnus
2572 5414 2735 5470 fuerit
2768 5415 3057 5478 exercitus,
3086 5415 3183 5469 ahs
3210 5422 3261 5468 te
3291 5412 3439 5466 ﬁant.

201 5511 527 5582 παράταξν,
556 5511 647 5564 καὶ
669 5504 950 5565 ἀδιάλυτον
978 5512 1147 5581 αὐτὴν
1163 5510 1627 5579 διαφυλάττουσιν.
1655 5510 1763 5564 Καὶ
1791 5508 1960 5562 ταῦτα
1991 5510 2086 5579 μὲν
2134 5507 2226 5567 ἐὰν
2282 5509 2445 5573 πολύς
2496 5513 2639 5562 ἐστιν
2670 5510 2696 5561 ὁ
2731 5508 2957 5577 στρατὸς
2983 5506 3126 5561 οὕτω
3173 5505 3440 5577 ποιήσεις,

1710 5663 1940 5719 NOTAE.

275 5780 387 5845 (9|)
432 5778 918 5848 ἰ’πετρκεράστας.
952 5778 1326 5843 Scribebatur,
1354 5777 1490 5849 ὑπὲρ
1525 5777 1805 5847 κεράσται.
