4176 6442
747 398 861 467 815

2015 405 2294 467 LEONIS
2324 407 2787 469 PHILOSOPHI

3928 415 4025 482 8ιό

822 509 896 565 32
959 508 1056 566 Sin
1089 509 1418 566 mediocrem
1447 512 1707 569 habueris
1736 516 2058 579 exercitum,
2094 514 2197 569 hoc
2223 525 2329 581 est,

2504 515 2610 585 λβ’.
2652 516 2781 572 Ἐὰν
2812 518 2869 571 δέ
2909 517 3227 588 σύμμετρον
3272 520 3401 591 ἔχῃς
3448 524 3698 593 στρατὸν,
3746 526 4028 579 τουτέστιν

752 618 783 657 a
813 616 1058 673 qumque
1100 601 1343 659 millibus
1392 604 1674 660 h0n.inum
1715 605 1783 660 ad
1828 605 2015 662 decem
2061 615 2155 660 aut
2194 605 2337 661 duo-

754 696 931 751 decim
980 695 1188 763 millia,
1247 696 1544 752 secundam
1599 696 1771 752 aciem
1826 713 1935 752 non
1985 712 2052 752 ex
2101 707 2339 767 quatuor

755 783 1026 854 partibus,
1053 784 1149 840 sed
1178 784 1396 841 duabus
1439 786 1576 842 solis
1608 786 1828 852 efficies,
1864 797 1923 842 ut
1953 803 2123 842 unum
2158 787 2337 842 solum

754 875 993 944 spatium
1044 886 1139 931 aut
1170 876 1517 933 intervallum
1555 878 1622 934 ad
1647 878 1962 952 profligatos
1989 889 2044 935 et
2087 878 2339 950 repulsos

754 966 957 1022 milites
988 967 1211 1023 habeas.

825 1059 917 1113 5'5.
960 1058 1054 1113 Sin
1091 1061 1380 1130 pauciores
1421 1076 1607 1134 copias
1649 1064 1896 1135 quinque
1953 1062 2196 1119 millibus
2240 1064 2340 1119 ho-

756 1150 966 1206 minum
1015 1152 1293 1221 habueris,
1326 1156 1623 1212 secundam
1670 1157 1843 1213 aciem
1885 1173 1954 1213 ex
2000 1173 2109 1213 una
2158 1158 2338 1213 solum

757 1253 910 1312 parte
938 1246 1160 1301 eﬂicies.

828 1335 918 1389 54.
961 1335 1039 1390 Ad
1074 1336 1190 1392 haec
1215 1339 1402 1394 omnia
1434 1340 1781 1411 praecipimus
1811 1342 1931 1408 tibi,
1984 1351 2044 1397 ut
2093 1344 2197 1397 tria
2245 1349 2339 1397 aut

755 1437 996 1496 quatuor
1022 1430 1201 1486 banda
1226 1433 1341 1487 sive
1364 1434 1620 1489 cohortes
1649 1435 1718 1489 ad
1745 1436 1978 1492 insidias
2012 1437 2139 1491 hinc
2174 1445 2340 1507 atque

757 1522 908 1576 illinc
956 1523 1233 1580 exercitus
1282 1526 1360 1580 tui
1415 1526 1670 1592 colloces,
1714 1536 1772 1583 ut
1818 1528 1973 1583 alteri
2029 1529 2095 1584 ad
2148 1529 2337 1584 laevam

760 1613 1040 1679 instructi,
1088 1615 1319 1674 insidias
1354 1619 1423 1675 ab
1469 1620 1720 1675 hostibus
1766 1630 2048 1692 susceptas
2077 1623 2340 1692 reliquas-

758 1722 866 1776 que
924 1708 1238 1766 molitiones
1289 1713 1656 1782 prohibeant,
1733 1716 1890 1769 alteri
1970 1716 2037 1769 ad
2092 1716 2337 1769 dextram

759 1800 1069 1869 constituti,
1095 1802 1163 1857 ad
1211 1803 1439 1859 insidias
1470 1806 1929 1876 incursionesque
1961 1807 2217 1862 hostibus
2253 1807 2338 1861 in-

2439 608 2551 663 ἁπὸ
2582 615 2625 662 ε’
2663 609 2921 681 χιλιάδων
2967 610 3075 674 ἕως
3125 610 3257 665 δέκα
3303 613 3335 682 ἢ
3373 613 3616 681 δώδεκα,
3671 618 3872 688 μηκέτι
3932 620 4028 688 τὴν

2437 696 2699 765 δευτέραν
2739 696 3047 767 παράταξιν
3092 697 3201 751 ἀπὺ
3248 696 3293 753 δ’
3339 702 3523 771 μερῶν
3564 706 3835 774 ποιήσεις,
3896 707 4029 760 ἀλλὰ

2438 787 2546 841 ἀπὸ
2572 787 2669 842 δύο
2692 787 2833 842 ὥστε
2865 788 2924 842 ἓν
2953 790 3049 843 καὶ
3078 790 3237 861 μόνον
3258 792 3458 863 χωρίον
3481 794 3650 863 ἡγουν
3677 796 3846 851 τόπον
3887 797 4030 868 ἔχειν

2440 879 2694 952 εῠκαιρον
2734 882 2815 945 εἰς
2841 880 3108 954 ὑποδοχὴν
3132 882 3239 935 τῶν
3275 886 3752 955 καταφευγόντων.

2510 1057 2611 1127 λγ’.
2648 1058 2711 1114 Et
2744 1059 2802 1114 δέ
2826 1058 3147 1130 ὀλιγώτερον
3185 1060 3293 1115 τῶν
3329 1060 3369 1114 ε’
3399 1061 3653 1132 χιλιάδων
3680 1062 3827 1135 ἔχεις
3870 1082 4033 1138 στρα-

2439 1151 2552 1219 τὸν,
2590 1153 2717 1207 τότε
2760 1153 2857 1225 τὴν
2901 1152 3163 1225 δευτέραν
3208 1154 3361 1221 τάξιν
3408 1157 3470 1210 ἓν
3522 1155 3620 1210 καὶ
3662 1156 3828 1226 μόνον
3865 1156 4033 1227 μέρος

2441 1244 2716 1314 ποιήσεις.
4001 1258 4020 1276 .

2510 1335 2605 1390 λό’.
2653 1338 2777 1391 Ἐπὶ
2804 1336 3014 1401 τούτοις
3040 1337 3098 1391 δέ
3129 1339 3297 1393 πᾶσιν
3329 1340 3626 1414 κελεύομέν
3652 1357 3735 1396 σοι
3767 1339 3916 1397 ὥστε
3942 1342 4033 1396 καὶ

2439 1425 2570 1497 τρία
2607 1425 2642 1497 ἢ
2694 1426 2939 1499 τέσσαρα
2985 1426 3173 1498 βάνδα,
3224 1429 3349 1491 τοὺς
3392 1428 3718 1501 λεγομένους
3757 1431 4029 1502 ἐνέδρους,

2443 1520 2611 1591 ἤγουν
2650 1519 3053 1593 ἐγκρύμματα,
3086 1520 3239 1576 ἐνθεν
3272 1523 3365 1576 καὶ
3391 1522 3603 1576 ἐκεῖθεν
3645 1524 3746 1595 τῆς
3784 1526 4035 1595 παρατὰ-

2443 1611 2576 1675 ξεως
2590 1611 2875 1683 ἀφορίσεις
2911 1614 3007 1667 καὶ
3030 1612 3235 1679 τάξεις,
3259 1613 3348 1667 ἶνα
3366 1613 3505 1668 είσὶν
3524 1616 3575 1667 οί
3600 1614 3699 1685 μὲν
3729 1616 4033 1679 κωλύοντες

2440 1702 2509 1755 τὰ
2536 1703 2645 1756 ἀπὸ
2674 1702 2786 1757 τῶν
2816 1703 3027 1774 ἐχθρῶν
3059 1703 3458 1775 ἐγχειρούμενα
3485 1704 3857 1775 ἐγκρύμματα
3886 1707 4030 1759 κατὰ

2440 1792 2549 1847 τῶν
2579 1794 2885 1866 ἀριστερῶν
2915 1794 3013 1864 τῆς
3043 1793 3403 1867 παρατάξεώς
3424 1812 3538 1849 σου.
3562 1797 3628 1849 Οἱ
3658 1795 3714 1849 δέ
3741 1795 3827 1849 ἵνα
3859 1797 4033 1849 ποιῶ-

760 1893 1018 1950 ferendas
1062 1905 1456 1966 przeparentur,
1497 1897 1544 1953 si
1596 1897 1840 1954 locorum
1869 1899 2249 1968 opportunitas
2290 1897 2341 1955 id

2462 1902 2536 1939 τιν
2585 1886 2957 1957 ἐγκρύμματα
3011 1888 3106 1940 καὶ
3155 1886 3454 1959 ἐπιδρομὴν
3499 1886 3594 1941 τοῦ
3622 1887 3799 1953 δεξιοῦ
3833 1889 4033 1959 μέρους

760 1986 875 2041 fieri
908 1986 1206 2055 permittat.

839 2080 929 2135 55.
990 2080 1293 2137 Adnotahis
1342 2081 1505 2135 etiam
1560 2095 1675 2145 cos,
1724 2082 1818 2152 qui
1873 2083 1938 2136 ad
1984 2083 2152 2137 latera
2208 2083 2349 2139 aciei

768 2174 1011 2228 hostium
1044 2173 1423 2242 obliquantur,
1468 2183 1521 2229 ct
1559 2189 1682 2245 quae
1728 2189 1758 2229 a
1810 2185 1963 2246 tergo
2007 2177 2349 2235 incursiones

761 2274 925 2334 atque
952 2263 1344 2335 impressiones
1374 2264 1531 2330 fiunt,
1586 2265 1633 2320 si
1673 2269 1937 2322 adversus
1980 2266 2167 2323 hostes
2212 2268 2348 2322 bene

761 2366 818 2409 ct
870 2358 1165 2425 prudenter
1218 2355 1612 2424 instituantur,
1648 2358 1981 2413 efficaciores
2026 2367 2190 2428 atque
2243 2360 2350 2412 uti-

765 2448 932 2501 liores
954 2456 1082 2502 sunt
1111 2447 1179 2502 iis
1200 2447 1645 2502 dimicationibus
1676 2464 1799 2517 qua:
1819 2447 2027 2505 directe
2053 2464 2350 2520 coramque

765 2550 1051 2610 geruntur.
1116 2537 1382 2605 Quamvis
1440 2539 1588 2595 enim
1643 2540 1933 2610 pauciores
1996 2541 2032 2595 ii
2108 2541 2350 2609 fuerint,

768 2633 956 2688 hostes
1012 2638 1195 2687 tamen
1271 2631 1456 2688 subito
1544 2633 1823 2703 intercepti
1874 2643 1927 2688 et
1978 2635 2350 2703 circumclusi,

766 2722 1041 2792 ejusmodi
1088 2722 1500 2777 incursionibus
1552 2740 1782 2795 magnas
1838 2725 2168 2783 offensiones
2205 2729 2352 2783 neci-

769 2815 947 2885 piunt.
1002 2812 1139 2868 Nam
1200 2829 1378 2884 neque
1424 2815 1637 2884 scipsos
1687 2831 2040 2883 conservare,
2101 2820 2354 2890 quamvis

768 2924 926 2972 pares
973 2922 1203 2963 numero
1235 2906 1459 2973 fuerint,
1506 2920 1783 2978 possunt:
1821 2927 2020 2982 neque,
2071 2913 2117 2967 si
2169 2914 2354 2983 plures

771 3001 995 3065 fuerint,
1034 3016 1065 3056 a
1103 3003 1300 3057 timore
1338 3017 1541 3067 tamen,
1565 3015 1619 3059 et
1652 3002 1950 3061 formidine
1991 3007 2185 3062 abesse
2228 3023 2356 3078 pos-

771 3100 1076 3156 suut,‘cum
1109 3093 1294 3162 plures
1347 3095 1506 3165 longe
1541 3095 1879 3151 arbitrentur
1922 3113 2042 3153 esse
2090 3114 2209 3164 eos,
2262 3099 2357 3166 qui

774 3186 1115 3243 moui-siones
1146 3186 1561 3258 faciunt,quam
1592 3203 1781 3244 revera
1816 3198 1965 3245 sunt.

2450 1978 2560 2032 τῶν
2589 1978 2821 2050 ἐχθρῶν,
2857 1978 2951 2032 ἐὰν
2986 1980 3093 2050 ἄρα
3123 1981 3220 2032 καὶ
3256 1980 3307 2032 οἱ
3336 1979 3493 2033 τόποι
3533 1979 3671 2033 είσὶν
3700 1980 3978 2051 άρμόδιοι.

2520 2068 2614 2123 λε’.
2644 2071 2959 2141 Σημείωσαι
3002 2069 3112 2140 γὰρ
3156 2071 3251 2124 καὶ
3283 2071 3365 2124 ὅτι
3394 2070 3443 2124 oi
3474 2068 3618 2124 κατὰ
3654 2069 3762 2124 τῶν
3789 2070 4036 2139 πλαγίων

2449 2163 2547 2233 τῆς
2568 2162 2676 2215 τῶν
2708 2163 2919 2234 ἐχθρῶν
2954 2162 3331 2234 παρατάξεως,
3364 2163 3456 2216 καὶ
3483 2163 3541 2216 αί
3577 2164 3718 2215 κατὰ
3740 2162 3836 2216 τοῦ
3864 2163 4035 2216 νώτου

2450 2257 2617 2326 ἧγουν
2647 2255 2756 2309 ἀπὸ
2795 2255 3022 2309 ὄπισθεν
3050 2255 3231 2310 αὐτῶν
3275 2253 3563 2324 γινόμεναι
3591 2254 3910 2324 ἐπιδρομαὶ,
3944 2255 4038 2307 ἐὰν

2452 2346 2631 2409 καλῶς
2673 2346 2938 2414 γένωνται
2971 2345 3067 2398 καὶ
3110 2345 3403 2417 εὐκαίρως,
3439 2344 3642 2415 μᾶλλον
3667 2342 4038 2413 δραστικώτε-

2455 2438 2545 2508 ραί
2578 2439 2682 2490 είσι
2709 2436 2805 2489 καὶ
2834 2438 3131 2503 ἀναγκαῖαι
3162 2437 3312 2506 παρὰ
3343 2435 3441 2498 τὰς
3458 2434 3749 2506 γινομένας
3771 2436 3841 2489 δι’
3864 2435 4040 2504 ὅψεως

2456 2528 2624 2600 μόνης
2652 2528 2927 2599 συμϐολὰς
2955 2528 3048 2582 καὶ
3090 2526 3347 2597 ώθὴσεις.
3394 2528 3516 2582 Κάν
3550 2544 3610 2581 τε
3640 2527 3750 2598 γὰρ
3777 2526 4042 2596 ὀλιγώτε-

2455 2620 2538 2692 ροί
2572 2622 2709 2673 εἰσιν
2760 2622 2807 2675 oi
2858 2622 3068 2692 ἐχθροὶ,
3115 2620 3191 2685 ὡς
3236 2618 3494 2689 ἐξαίφνης
3541 2619 4043 2691 ἐπιλαμϐανόμενοι

2453 2715 2547 2767 καὶ
2579 2712 2959 2782 κυκλούμενοι,
2985 2714 3074 2767 διὰ
3099 2712 3206 2766 τῶν
3231 2714 3491 2767 τοιούτων
3520 2712 3837 2783 ἐπιδρομῶν
3873 2712 4045 2782 μεγά-

2456 2805 2555 2876 λην
2582 2806 2681 2875 τὴν
2708 2805 2915 2877 βλάϐην
2955 2804 3311 2873 ὑπομένουσι,
3348 2805 3422 2875 μὴ
3449 2804 3766 2875 δυναμένων
3804 2804 4048 2867 εὐκόλως

2457 2895 2725 2961 σώζεσθαι
2754 2897 2863 2948 τῶν
2906 2895 2966 2960 ἐξ
2991 2895 3173 2947 αὐτῶν
3203 2895 3577 2964 τρεπομένων.
3622 2894 3740 2948 Κάν
3768 2912 3829 2947 τε
3863 2896 4049 2965 136p:-

2454 2989 2577 3060 τροί
2606 2991 2765 3053 εἰσιν,
2814 2986 2847 3059 ἢ
2880 2990 2975 3042 καὶ
3011 2986 3252 3051 πλείονες
3280 2986 3374 3041 τοῦ
3406 2986 3641 3059 στρατοῦ
3688 2986 3784 3040 τοῦ
3816 2986 3937 3048 σοῦ,
3970 2988 4048 3048 εἰς

2457 3080 2646 3149 ἀγῶνα
2700 3080 2871 3151 μέγαν
2940 3080 3278 3150 εἰσέρχονται
3328 3080 3422 3133 καὶ
3475 3079 3676 3147 φόϐον,
3733 3078 4050 3147 νομίζοντες

2461 3175 2665 3245 πλῆθος
2692 3172 2832 3228 εἶναι
2858 3174 2995 3228 πολὺ
3020 3174 3148 3237 τοὺς
3175 3174 3276 3243 τὴν
3306 3173 3606 3244 ἐπιδρομὴν
3640 3173 3954 3237 ποιοῦντας.

844 3277 935 3332 56.
978 3234 1603 3335 ΟὺεετνιιιιιίιιιιιῚειιιεω
1638 3290 1743 3344 est,
1771 3281 1912 3335 haud
1942 3297 2038 3351 par
2066 3297 2212 3347 esse,
2238 3281 2357 3338 sine

2531 3234 2655 3329 λς’.
2694 3264 2936 3336 Πρόσεχε
2976 3262 3033 3317 δὲ
3066 3234 3148 3316 ὅτι
3182 3234 3243 3315 ού
3276 3234 3651 3332 πρέποίέστὶ
3685 3262 3855 3333 χωρὶς
3885 3234 4052 3328 άνάγ-

776 3385 975 3440 magna
1027 3370 1376 3436 necessitate,
1449 3379 1509 3426 ut
1556 3386 1739 3441 pauca:
1778 3375 1946 3442 copiae
1995 3389 2119 3428 cum
2165 3390 2362 3444 magno

776 3473 833 3518 et
858 3464 1127 3519 instructo
1172 3464 1417 3519 exercitu
1448 3464 1731 3519 dimicent.
1760 3465 1855 3519 Sin
1897 3466 2012 3520 fieri
2044 3481 2149 3520 non
2181 3475 2363 3536 potest

778 3556 912 3625 quin
944 3556 1234 3626 prtelieris,
1262 3570 1329 3609 ne
1353 3564 1537 3625 aperte
1573 3566 1626 3611 et
1652 3572 1837 3612 coram
1887 3558 2134 3623 invadas,
2164 3574 2362 3629 quam-

780 3646 865 3705 vis
885 3649 1233 3705 numerosior
1250 3648 1522 3704 sitnoster
1541 3651 1845 3715 exercitus,
1877 3653 1974 3707 sed
2008 3652 2089 3707 vel
2124 3667 2154 3706 a
2189 3661 2360 3724 tergo,

781 3744 867 3798 vel
893 3742 965 3797 ad
1001 3741 1168 3799 latera
1201 3742 1570 3798 incursionem
1605 3742 1657 3797 in
1689 3742 1810 3799 illos
1839 3742 2030 3799 facias.

857 4015 947 4069 37.
990 4014 1201 4070 Etenim
1231 4014 1383 4068 valde
1411 4014 1685 4069 lubricum
1719 4014 2207 4085 periculosumque
2257 4022 2364 4077 esl,

785 4120 975 4160 coram
1008 4115 1171 4175 atque
1210 4122 1277 4159 cx
1316 4105 1550 4160 adverso
1574 4121 1695 4159 cum
1723 4107 1831 4160 ulla
1857 4107 2074 4161 natione
2103 4107 2366 4176 prmliari,

788 4197 1087 4265 praesertim
1118 4197 1161 4251 si
1199 4196 1490 4266 pauciores
1525 4195 1733 4252 fuerint
1768 4198 1938 4267 copiae
1977 4214 2101 4268 quae
2145 4200 2213 4253 ad
2263 4215 2367 4269 pu-

787 4307 950 4363 gnam
976 4293 1342 4345 instruuntur.

857 4384 947 4438 58.
986 4382 1067 4435 Ad
1100 4397 1369 4436 summam
1394 4391 1577 4437 autem
1611 4383 1955 4445 mandamus,
1998 4390 2060 4435 ut
2101 4380 2372 4436 universa:

790 4474 962 4544 copiae
1005 4482 1289 4544 equestres
1337 4474 1391 4527 in
1438 4475 1672 4543 primam
1726 4483 1780 4529 et
1844 4474 2144 4528 secundam
2195 4474 2370 4527 aciem

2462 3373 2567 3424 κης
2594 3355 2774 3424 ὀλίγον
2806 3353 3035 3423 στρατὸν
3069 3352 3205 3423 πρὸς
3233 3353 3437 3421 πλῆθος
3465 3353 3744 3421 πολεμίων
3768 3353 4052 3405 εὐτάκτων

2463 3447 2713 3521 φανερῶς
2743 3447 2878 3519 πρὸς
2918 3448 3100 3516 μάχην
3134 3444 3494 3514 συμπλέκειν.
3527 3444 3590 3497 Εἰ
3624 3444 3681 3497 δὲ
3712 3444 3807 3496 καὶ
3836 3442 4052 3512 ἀνάγκη

2464 3538 2655 3592 τούτου
2694 3537 2927 3605 γίνεται.
2991 3535 3065 3606 μὴ
3109 3535 3284 3589 πάντα
3314 3534 3565 3604 φανερῶς
3612 3532 3706 3586 καὶ
3741 3532 3830 3586 διὰ
3878 3534 4055 3597 ὅψεως

2464 3631 2753 3701 ἐγχειρεῖν,
2789 3628 2894 3682 κᾶν
2916 3629 3058 3697 τάχα
3086 3627 3327 3690 πλείονές
3354 3629 3492 3680 εἰσιν
3517 3626 3546 3678 ό
3576 3625 3860 3695 ἡμέτερος
3891 3643 4057 3695 στρα-

2464 3721 2577 3783 τὸς,
2605 3719 2740 3773 ἀλλὰ
2769 3719 2863 3772 καὶ
2889 3717 2976 3770 διὰ
3009 3714 3105 3770 τοῦ
3136 3716 3328 3779 νώτου,
3358 3716 3526 3786 ἦγουν
3551 3715 3659 3768 ἀπὸ
3690 3714 3921 3768 ὄπισθεν
3949 3717 4058 3769 τῶν

2466 3811 2698 3882 ἐχθρῶν,
2735 3810 2769 3882 ἢ
2806 3808 2895 3862 διὰ
2939 3806 3049 3860 τῶν
3097 3808 3365 3875 πλαγίων,
3418 3804 3786 3877 ἐμϐάλλεσθαι
3844 3805 3926 3869 εἰς
3959 3805 4060 3857 αύ-

2469 3924 2619 3959 τους.

2531 3994 2629 4059 λζ’.
2667 3996 2776 4048 Καλ⁸
2801 3994 2909 4064 γὰρ
2946 3991 3244 4061 ἐπισφαλές
3271 3994 3392 4046 ἐστι
3424 3994 3519 4048 καὶ
3546 3992 3894 4047 ἐπικίνδυνον
3928 3996 3963 4063 ἡ
3993 3995 4059 4047 δι’

2470 4089 2642 4157 ὅψεως
2678 4087 2835 4157 μόνον
2868 4086 3018 4157 μάχη
3062 4085 3157 4138 καὶ
3185 4087 3322 4156 πρὸς
3350 4083 3463 4139 οἷον
3503 4086 3703 4157 δήποτε
3730 4085 3887 4149 ἔθνος
3918 4105 4064 4154 γινο-

2474 4182 2633 4251 μένη,
2668 4180 2775 4233 κᾶν
2805 4179 2947 4249 τάχα
2969 4178 3065 4233 καὶ
3095 4177 3425 4248 ὀλιγώτερον
3456 4176 3665 4247 πλῆθός
3684 4179 3803 4230 ἐστι
3828 4178 3892 4231 τὸ
3913 4181 4066 4232 άντι-

2473 4273 2896 4339 καθιστάμενον.

2543 4364 2646 4437 λη’.
2679 4364 2868 4429 Οὕτως
2916 4357 3011 4417 οὖν
3060 4365 3120 4417 ἐν
3172 4360 3451 4432 κεφαλαίῳ
3502 4360 3799 4433 κελεύομεν
3832 4378 3942 4426 σοι,
3981 4364 4068 4416 ἵνα

2475 4460 2692 4515 ἅπαντα
2726 4458 2797 4512 τά
2840 4455 3222 4525 καϐαλλαρικά
3270 4454 3532 4526 τάγματα
3579 4454 3661 4519 είς
3691 4452 3939 4526 ,πρώτην
3974 4456 4069 4509 καὶ

789 4542 917 4619 beili
950 4542 1191 4635 tempore
1231 4542 1660 4630 distribuantur,
1698 4574 1925 4635 tumque
1960 4564 2199 4617 maxime
2238 4579 2357 4618 cum

2473 4550 2731 4620 δευτέραν
2758 4546 3064 4618 παράταξιν
3101 4547 3159 4598 ἐν
3195 4543 3375 4614 καιρῷ
3409 4542 3654 4613 πολέμου
3685 4544 4065 4614 καταστήσῃς,

789 4672 1049 4727 maguum
1089 4657 1389 4712 exercitum
1440 4657 1698 4712 habueris
1740 4673 1755 4710 :
1804 4664 1859 4711 et
1906 4654 2370 4724 quemadmodum

800 4765 965 4819 supra
1001 4748 1204 4803 dictum
1240 4757 1348 4811 est,
1384 4749 1438 4803 in
1488 4763 1740 4805 cursores
1784 4749 1898 4803 sive
1929 4747 2249 4817 proclaslas,
2280 4745 2373 4817 qui

791 4842 848 4896 in
884 4842 1000 4895 acie
1034 4840 1246 4896 caeteris
1270 4841 1563 4910 antepositi
1611 4841 1798 4895 hostes
1827 4840 2153 4894 adoriantur
2183 4857 2196 4891 :
2229 4847 2285 4893 et
2318 4840 2368 4891 in

792 4934 1111 4990 defensores
1141 4938 1255 4989 sive
1285 4934 1550 4997 vindices,
1590 4934 1685 5004 qui
1738 4932 1994 4988 instructi
2038 4932 2373 4995 consistunt,

792 5036 852 5079 et
877 5025 947 5081 ad
974 5025 1333 5095 excipiendos
1364 5040 1640 5093 cursores,
1672 5022 1720 5077 si
1756 5024 1939 5078 minus
1982 5024 2373 5093 processerint,

797 5119 894 5180 sed
945 5134 1002 5173 re
1044 5118 1267 5185 infecta,
1317 5128 1413 5173 aut
1457 5117 1757 5174 offensione
1811 5126 2031 5187 accepta
2092 5115 2373 5180 redierint,

800 5212 1082 5285 constituti
1119 5221 1297 5267 sunt:
1337 5220 1451 5266 tum
1506 5212 1557 5266 in
1610 5217 1884 5266 latcranos
1933 5219 1987 5266 et
2034 5210 2374 5273 cornistites,

800 5305 856 5360 id
884 5314 969 5360 cst
1000 5305 1093 5371 qui
1141 5305 1210 5359 ad
1242 5303 1738 5360 circumvallandos
1785 5304 1973 5358 hostes
2005 5311 2296 5373 parantur,
2327 5310 2384 5355 ct

801 5398 859 5451 in
910 5396 1165 5459 insidias,
1199 5405 1251 5451 ct
1282 5396 1334 5450 in
1368 5396 1747 5460 subsidiarios,
1776 5396 1867 5465 qui
1901 5411 1931 5451 a
1981 5404 2135 5466 tergo
2178 5393 2386 5449 consti-

804 5498 1077 5552 tuuntur,
1124 5504 1333 5558 eosque
1383 5489 1687 5559 impediunt
1730 5489 1823 5559 qui
1878 5490 2169 5546 stationem
2226 5503 2384 5543 suam

2480 4645 2609 4699 ὅταν
2639 4642 2873 4713 μάλιστα
2906 4639 3002 4693 καὶ
3032 4639 3198 4691 πολὺν
3230 4636 3461 4705 στρατὸν
3484 4635 3649 4706 ἔχεις,
3675 4635 3770 4689 καὶ
3793 4635 4071 4700 διατάξεις

2482 4736 2626 4793 κατὰ
2654 4737 2747 4789 τὸν
2779 4733 3039 4804 λεχθέντα
3072 4748 3155 4784 σοι
3175 4731 3379 4802 τρόπον
3412 4728 3493 4793 εἰς
3537 4727 3868 4799 κούρσορας,
3901 4730 4072 4798 {now

2482 4829 2853 4900 προκλάστας,
2894 4826 3024 4886 τοὺς
3057 4821 3370 4895 ἔμπροσθεν
3413 4821 3514 4892 τῆς
3563 4819 3932 4890 παρατάξεως
3965 4820 4073 4888 πρὸ

2482 4923 2590 4979 τῶν
2614 4921 2793 4977 ἄλλων
2824 4917 2965 4973 κατὰ
2999 4916 3109 4970 τῶν
3158 4914 3371 4986 ἐχθρῶν
3404 4910 3836 4984 προτρέχοντες·
3873 4913 3970 4965 καὶ
3994 4912 4073 4971 εἰς

2481 5017 2825 5086 διφένσορας,
2865 5012 3036 5083 ἢγουν
3085 5010 3210 5071 τοὺς
3259 5006 3541 5069 εὐτάκτως
3588 5004 3936 5074 ἱσταμένους.
3980 5006 4074 5056 καὶ

2485 5107 2848 5179 ὑποδέχεσθαι
2878 5104 3174 5175 μέλλοντας
3200 5100 3329 5164 τοὺς
3350 5096 3765 5169 προδραμόντας
3792 5096 3938 5148 κατὰ
3965 5096 4075 5147 τῶν

2484 5204 2715 5277 ἐχθρῶν,
2746 5205 2840 5258 ἐὰν
2866 5201 2943 5274 μὴ
2978 5200 3199 5263 τελείως
3245 5197 3510 5265 διώξωσιν
3545 5193 3773 5258 αὐτοὺς,
3797 5192 3917 5246 ἀλλ’
3941 5194 4074 5245 ἀνθ-

2482 5297 2899 5368 υποστρέψωσιν
2926 5311 2940 5324 ⁶
2974 5293 3056 5346 ἐτι
3100 5292 3158 5346 δὲ
3211 5290 3308 5344 καὶ
3353 5290 3433 5352 είς
3481 5283 3935 5354 πλαγιοφύλακας
3976 5283 4075 5336 καὶ

2485 5389 2928 5461 ύπερκεράστας,
2962 5384 3136 5455 ἤγουν
3171 5371 3311 5442 τοὺς
3344 5377 3596 5447 ἑτοίμους
3628 5370 3957 5442 ἱσταμένους
3999 5373 4075 5431 εἰς

2486 5483 2758 5539 κύκλωσιν
2785 5479 2894 5532 τῶν
2927 5473 3138 5547 ἐχθρῶν
3158 5488 3175 5505 ο
3207 5471 3291 5525 ἔτι
3322 5470 3379 5524 δέ
3415 5468 3510 5523 καὶ
3540 5468 3618 5530 είς
3648 5464 3872 5535 ἐνέδΜ
3904 5463 4076 5532 ήγουν

806 5581 1121 5636 deserentes
1165 5555 1347 5651 fugam
1397 5555 1685 5648 quaerunt,
1728 5555 1779 5636 et
1827 5582 1879 5635 in
1931 5580 2249 5651 tergistitcs,
2293 5591 2357 5646 Qu

2488 5573 2856 5646 ἐγκρύμματα
2884 5587 2899 5602 ·
2934 5568 3071 5621 ἀλλὰ
3096 5565 3192 5620 καὶ
3218 5566 3299 5625 είς
3331 5560 3580 5633 βοηθοὺς,
3614 5555 3935 5651 ἦγουνᾷτοὺς
3959 5555 4079 5651 ὅπε-

810 5683 957 5727 retro
979 5689 1008 5727 a
1044 5684 1193 5744 tergo
1231 5674 1478 5729 omnium
1516 5675 1580 5729 ad
1613 5674 1853 5730 universi
1893 5673 2167 5729 exercitus
2198 5680 2386 5727 custo-

809 5768 957 5822 diam
988 5767 1346 5821 collocantur.

2496 5666 2624 5722 σθεν
2651 5662 3041 5735 τεταγμένους,
3071 5661 3164 5713 καὶ
3190 5654 3617 5713 άναστέλλοντας
3646 5649 3770 5711 τοὺς
3792 5649 3911 5700 ὅσοι
3945 5646 4076 5715 μέλ-

2495 5761 2645 5815 λουσι
2672 5756 2897 5828 φεύγειν
2926 5755 3025 5825 τὴν
3056 5752 3189 5807 ίδεαν
3221 5746 3728 5817 καταλιμπάνοντες
3758 5741 3915 5809 τάξιν
3946 5754 3957 5763 “
4000 5737 4075 5791 ἐτι

810 5863 866 5919 Et
895 5865 985 5920 xei
1018 5867 1095 5928 ci;
1135 5864 1542 5935 νωτοφύλατιας,
1580 5864 1748 5936 ἤγουν
1779 5866 1901 5930 τοὺς
1934 5863 2156 5921 ὄπισθεν
2181 5862 2260 5928 εἰς
2286 5859 2535 5934 φυλακὴν
2562 5856 2658 5913 τοῦ
2688 5854 2889 5918 παντὸς
2922 5846 3152 5924 στρατοῦ
3180 5844 3565 5917 τεταγμένους.
