4200 6440
217 323 335 386 817

1275 327 1606 388 TACTICA.
1641 353 1707 363 -
1747 326 2246 389 CONSTITUTIQ
2273 327 2408 387 ΧΠ.

3371 329 3476 396 818

295 433 394 486 λθ’.
438 434 562 486 Ἐάν
610 434 666 487 δὲ
718 435 882 488 πολὺν
927 434 1090 504 ἔχωσι
1142 441 1388 508 στρατὸν,
1426 443 1519 495 καὶ
1563 443 1775 498 δύνασαι

1968 439 2056 493 59.
2103 440 2160 494 Si
2208 443 2483 512 ingentem
2520 439 2779 493 habueris
2810 441 3133 506 exercitum,
3173 449 3228 494 et
3274 445 3476 510 poteris

206 527 480 589 τοιαύτας
527 526 721 591 διπλᾶς
753 529 1088 598 παρατάξεις
1132 533 1338 597 ποιεῖν,
1370 534 1480 587 εἴτε
1523 535 1637 599 δύο,
1688 538 1797 592 εῐτε

205 618 392 684 τρεῖς,
443 615 476 684 ἢ
526 617 621 670 καὶ
656 616 925 682 πλείονας,
961 619 1101 673 ὥστε
1151 621 1514 693 μεριζομένην
1554 627 1653 695 τὴν
1685 629 1798 683 τῶν

205 705 435 776 ἐχθρῶν
463 706 689 778 δύναμιν
711 709 846 779 πρὸς
870 711 1037 776 αὑτάς
1066 712 1407 784 ὀλιγωτέρων
1439 715 1607 770 ὄντων
1635 720 1796 772 ἀσθε-

206 799 331 860 νεῖς
349 796 594 863 γίνεσθαι
616 799 714 863 τάς
727 800 952 854 ἐκείνων
971 803 1004 872 ἢ
1031 803 1480 874 προσϐαλλόντων
1502 808 1638 877 ὀμοῦ
1661 811 1798 882 πρὸς

207 887 354 955 μίαν
383 888 495 944 τῶν
528 890 638 944 σῶν
665 893 1022 963 παρατάξεων
1056 896 1161 949 ὑπὸ
1206 897 1316 951 τῶν
1366 898 1576 964 ἄλλων,
1607 901 1640 972 ἢ
1669 901 1796 954 διώ-

205 979 436 1046 κεσθαι,
468 982 502 1052 ἦ
564 985 895 1040 κυκλοῦσθαι
919 1005 930 1017 ο
961 987 1118 1041 τοῦτό
1172 991 1288 1043 ἔστι
1327 991 1432 1044 τῶν
1461 991 1792 1061 ἀναγκαίων.

273 1069 354 1138 μ’.
385 1071 459 1124 Τὸ
482 1071 540 1125 δὲ
573 1073 735 1143 βάθος
772 1078 941 1146 ἧγουν
977 1078 1037 1131 τὺ
1062 1078 1234 1150 πάχος
1273 1080 1382 1134 τῶν
1415 1084 1793 1154 παρατάξεων,

201 1160 401 1225 καθὼς
450 1164 500 1214 oi
528 1163 748 1234 ἀρχαῖοι
800 1167 1149 1234 διετάξαντο,
1214 1171 1375 1242 ἤρκει
1429 1174 1528 1242 μὲν
1580 1175 1796 1244 ἑκάστῳ

198 1245 458 1316 τάγματι
488 1252 566 1313 είς
590 1253 863 1324 τέσσαρας
889 1257 987 1309 καὶ
1009 1258 1204 1326 μόνους
1227 1259 1622 1332 καὸαλλαρίους
1649 1263 1795 1332 γίνε-

203 1336 362 1402 σθαι,
405 1340 595 1414 επειδὴ
639 1343 701 1396 τὸ
731 1344 897 1400 πλέον
937 1349 1144 1403 τούτων
1192 1349 1362 1421 ἀργὸν
1390 1355 1484 1406 καῖ
1518 1352 1792 1422 ἀνωφελὲς

197 1427 487 1486 δείκνυται
516 1433 608 1486 ἐπὶ.
648 1435 760 1489 τῶν
792 1439 1198 1512 καὸαλλαρίων.
1243 1441 1380 1497 Οὔτε
1415 1445 1524 1517 γὰρ
1547 1445 1789 1510 δύναται,
1833 1506 1835 1508 ,

195 1517 283 1580 ὡς
326 1520 421 1576 ἐπὶ
449 1522 551 1594 τῆς
596 1525 826 1600 πεζικῆς
873 1531 1101 1597 τάξεως,
1137 1534 1246 1587 ἀπὸ
1294 1534 1521 1590 ὄπισθεν
1563 1536 1650 1590 διὰ
1696 1537 1790 1591 τοῦ

197 1614 418 1686 πάχους
452 1620 801 1694 προωθισμὸν
829 1628 1022 1680 ποιεῖν.
1057 1627 1190 1682 Τότε
1228 1627 1337 1700 γὰρ
1372 1630 1464 1682 καὶ
1496 1630 1572 1700 μὴ
1602 1630 1787 1700 βουλό-

198 1725 363 1776 μενοι
397 1710 447 1762 οί
509 1711 822 1783 ἔμπροσθεν
861 1721 927 1772 ἐκ
969 1718 1079 1772 τῶν
1121 1719 1344 1774 ὄπισθεν
1383 1720 1790 1791 προωθούμενοι

1902 546 2025 585 eum
2058 533 2108 585 iu
2136 533 2292 596 duas,
2327 540 2422 586 aut
2454 539 2564 587 tres
2596 531 2764 593 acies,
2793 541 2886 584 aut
2918 534 3081 586 etiam
3121 534 3308 604 plures
3335 534 3474 588 divi-

1902 621 2048 688 dere,
2086 635 2143 677 ut
2170 635 2497 692 comparatae
2526 623 2592 678 ad
2629 622 2754 676 illos
2802 622 3041 675 hosﬁum
3094 624 3287 695 copiae,
3340 637 3474 694 pau-

1902 714 2078 769 ciores
2117 723 2279 784 atque
2307 713 2695 769 imbecilliores
2741 712 3048 778 videantur,
3107 715 3152 768 si
3207 715 3371 769 simul
3417 721 3473 768 et

1900 806 2186 860 confertim
2220 805 2272 859 in
2302 820 2468 860 unam
2492 821 2556 860 ex
2588 805 2811 861 aciebus
2835 806 2944 859 tuis
2979 806 3211 871 irruaut,
3261 817 3472 864 caetera:

1899 897 2065 964 acies,
2103 899 2182 952 vel
2230 897 2296 951 ad
2354 897 2718 967 insequendos
2753 913 2870 960 eos,
2919 897 3002 952 vel
3051 898 3116 951 ad
3162 899 3469 954 circumve—

1895 990 2125 1045 niendos
2155 990 2532 1044 instituantur.

1967 1081 2056 1135 40.
2095 1082 2338 1136 Altitudo
2369 1083 2504 1138 aciei
2533 1082 2822 1152 equestris,
2861 1082 3321 1152 quemadmodum
3375 1099 3469 1135 an-

1897 1171 2030 1241 tiqui
2082 1172 2511 1242 descripseruut,
2558 1174 2624 1227 ad
2683 1180 2919 1242 quatuor
2973 1173 3152 1228 solum
3210 1173 3457 1242 equitum

1894 1264 2232 1319 altitudinem
2265 1266 2525 1320 constitui
2552 1265 2745 1320 debet:
2773 1266 2959 1336 plures
2987 1268 3131 1320 enim
3157 1267 3202 1321 si
3236 1265 3465 1329 fuerint,

1894 1356 2097 1410 nullam
2127 1355 2410 1410 utilitatem
2440 1343 2824 1426 apportabunt.
2859 1355 3048 1428 Neque
3081 1358 3226 1412 enim
3264 1358 3458 1427 siquid

1893 1447 2124 1511 accidat,
2173 1458 2406 1518 possunt
2450 1451 2910 1519 quemadmodum
2963 1451 3192 1520 pedites,
3229 1449 3465 1521 aliquam

1893 1539 2306 1609 impressionem
2372 1541 2550 1596 facere
2608 1559 2622 1599 :
2683 1543 2735 1595 hi
2793 1543 2937 1597 enim
2997 1543 3162 1598 etiam
3224 1542 3379 1598 inviti
3435 1559 3465 1596 a

1891 1633 2245 1702 sequentibus
2288 1636 2496 1688 incitati
2541 1635 2800 1703 impetum
2858 1636 2910 1687 in
2965 1635 3154 1689 hostes
3199 1635 3406 1688 faciunt
3449 1655 3461 1688 :

1891 1726 2013 1795 equi
2039 1736 2220 1781 autem
2255 1741 2428 1795 equos
2457 1726 2786 1791 anteriores,
2821 1726 2962 1781 sicut
2992 1726 3201 1795 pedites
3233 1725 3462 1786 faciunt,

193 1798 305 1869 τὴν
353 1801 532 1872 ὁρμὴν
573 1805 668 1858 ἐπὶ
711 1807 781 1861 τὰ
829 1809 1141 1879 ἔμπροσθεν
1171 1810 1406 1866 ποιοῦσι.
1457 1813 1628 1865 Τοῦτο
1673 1813 1775 1881 γάρ

1884 1817 2174 1888 impellere,
2197 1834 2306 1872 non
2355 1829 2606 1888 possunt.
2654 1819 2841 1889 Neque
2889 1820 3204 1889 praesidium
3246 1819 3464 1888 aliquod

192 1890 295 1943 ἐπὶ
327 1893 438 1946 τῶν
489 1895 669 1960 πεζῶν
721 1899 951 1967 γίνεται.
1005 1904 1067 1954 Οἱ
1098 1902 1156 1954 δὲ
1207 1903 1363 1956 ἵπποι
1411 1903 1471 1955 οὐ
1526 1903 1778 1956 δύνανται

192 1988 474 2058 προωθεῖν
505 1993 630 2056 τοὺς
661 1993 972 2066 ἔμπροσθεν
999 1997 1202 2062 αὑτῶν,
1240 1999 1314 2063 ὡς
1343 1999 1391 2051 οῖ
1437 1996 1614 2061 πεζοί.
1644 1995 1777 2050 Οὑδὲ

1886 1909 2064 1978 majus
2092 1910 2195 1964 erit
2226 1911 2575 1978 prmstitibus,
2613 1910 2663 1963 id
2695 1919 2780 1965 est
2809 1910 2876 1965 iis
2910 1911 3001 1980 qui
3039 1911 3092 1964 in
3145 1909 3323 1964 fronte
3353 1909 3465 1965 col-

1887 1997 2158 2064 locantur,
2192 2002 2306 2055 sive
2342 2002 2392 2055 lii
2423 2002 2713 2073 sagittarii,
2746 2003 2860 2056 sive
2897 2002 3098 2058 hastati
3138 2001 3368 2056 fuerint.

193 2083 427 2155 βοήθειά
470 2105 552 2151 τις
605 2091 816 2158 γίνεται
851 2095 915 2144 ἐκ
956 2093 1064 2146 τῶν
1107 2096 1514 2166 περισσοτέρων
1543 2095 1623 2159 είς
1650 2095 1776 2158 τοὺς
1813 2095 2146 2164 προστάτας,
2181 2097 2326 2151 τοῦτ’
2361 2097 2510 2155 ἐστιν
2569 2099 2695 2162 τοὺς
2731 2100 2810 2160 είς
2879 2097 2938 2151 τὸ
2979 2098 3230 2168 μέτωπον
3263 2114 3460 2151 τασσο-

194 2179 418 2250 μένους,
455 2181 556 2235 κάν
591 2198 650 2234 τε
682 2181 898 2246 τοξόται
926 2185 1052 2250 εἰσὶ,
1085 2185 1190 2238 κᾶν
1219 2185 1562 2255 κονταράτοι.

269 2275 386 2342 μα’.
411 2275 476 2327 Oi
498 2275 596 2344 μὲν
623 2275 733 2346 γάρ
765 2279 1084 2349 κονταράτοι
1109 2281 1158 2332 oi
1188 2279 1367 2333 ὀπίσω
1390 2274 1482 2334 τοῦ
1512 2280 1775 2349 τετάρτου

185 2362 254 2415 οὐ
299 2362 555 2418 δύνανται
588 2365 814 2434 φθάζειν
847 2369 928 2428 είς
984 2369 1046 2421 τὸ
1075 2367 1412 2440 ἔμπροσθεν’
1448 2372 1496 2422 oi
1537 2364 1774 2434 δὲ’τοξό-

185 2469 286 2504 ται
318 2454 400 2517 είς
422 2454 481 2507 τὸ
508 2457 620 2510 ἄνω
639 2459 1038 2526 ἀναγκάζονται
1052 2460 1290 2527 τοξεύειν
1316 2461 1404 2515 διὰ
1431 2463 1556 2525 τοὺς
1570 2462 1775 2531 ἔμπρο-

191 2542 324 2595 σθεν
346 2544 550 2609 αὐτῶν,
573 2547 668 2600 καὶ
693 2549 781 2602 διὰ
809 2549 968 2602 τοῦτο
990 2549 1262 2621 ἄπρακτοι
1287 2550 1426 2604 κατὰ
1440 2550 1547 2603 τῶν
1565 2549 1775 2619 ἐχθρῶν

185 2639 248 2690 ἐν
284 2642 404 2702 ταῖς
432 2643 726 2711 συμϐολαῖς
755 2644 857 2713 τῆς
887 2645 1062 2716 μάχης
1088 2647 1349 2716 γίνονται,
1380 2646 1456 2708 ὼς
1485 2645 1542 2698 αἱ
1569 2647 1767 2713 σαγῖτ-

182 2748 280 2784 ται
313 2733 519 2798 αὐτῶν,
545 2735 622 2798 ὡς
656 2736 691 2806 ἡ
725 2739 893 2809 πεῖρα
931 2739 1171 2794 διδάσκει
1214 2739 1310 2793 καὶ
1339 2739 1464 2803 τοὺς
1494 2737 1768 2808 ἀμφιβάλ-

182 2823 401 2891 λοντας,
435 2825 532 2880 ἐὰν
558 2826 878 2896 βούλωνται.

261 2917 376 2985 μβν.
413 2919 610 2989 Ἤρκει
655 2917 773 2986 οὖν,
807 2920 992 2984 καθὼς
1044 2919 1295 2990 εἴπομεν,
1340 2921 1403 2974 τὸ
1454 2921 1625 2991 πάχος
1657 2920 1766 2973 τῶν

181 3009 474 3079 τεσσάρων
510 3012 916 3084 καϐαλλαρίων.
948 3012 1090 3066 Ἀλλ’
1114 3013 1301 3084 ἐπειδὴ
1327 3012 1611 3083 συμϐαίνει
1639 3012 1764 3074 τοὺς

1953 2278 2043 2332 41.
2118 2275 2327 2329 llastati
2379 2275 2526 2329 enim
2576 2275 2669 2345 qui
2733 2284 2858 2344 post
2912 2284 3166 2344 quartum
3217 2275 3458 2343 equitem

1882 2369 2216 2434 consistunt,
2246 2369 2398 2421 hasta
2434 2367 2511 2422 uti
2543 2367 2598 2421 in
2615 2368 2943 2422 anteriorem
2966 2377 3176 2436 partem
3196 2383 3302 2420 nou
3325 2383 3451 2435 pos-

1882 2468 2029 2516 sunt.
2082 2459 2358 2529 Sagittarii
2415 2470 2601 2514 autem
2649 2474 2870 2514 sursum
2919 2467 3192 2528 coguntur
3235 2459 3460 2528 sagittas

1880 2555 2082 2622 jacere,
2115 2563 2338 2620 propter
2374 2565 2470 2605 eos
2495 2549 2588 2620 qui
2623 2559 2748 2603 ante
2778 2565 2836 2605 se
2866 2549 3179 2605 consistunt
3204 2567 3220 2603 :
3249 2559 3303 2604 et
3334 2549 3458 2605 ideo

1879 2644 1925 2699 si
1971 2645 2255 2698 densiores
2306 2652 2510 2707 essent,
2559 2641 2868 2697 inutiliores
2913 2641 2968 2695 in
3009 2655 3186 2713 pugna
3235 2641 3457 2697 militari

1876 2736 2088 2805 sagittae
2120 2750 2307 2788 corum
2341 2743 2546 2799 essent,
2595 2733 3056 2803 quemadmodum
3101 2734 3456 2806 quotidianus

1875 2842 2012 2881 usus
2041 2825 2485 2895 experientiaque
2516 2824 2886 2881 demonstrat.

1945 2916 2034 2971 42.
2074 2920 2151 2972 Ac
2200 2918 2334 2972 satis
2386 2927 2532 2971 certe
2576 2926 2720 2972 esset
2766 2918 2832 2972 ad
2877 2916 3025 2973 hunc
3063 2918 3284 2972 modum
3350 2919 3449 2973 de-

1875 3014 2078 3082 scripta
2123 3013 2280 3068 nobis
2316 3023 2554 3082 quatuor
2585 3013 2830 3082 equitum
2883 3013 3138 3079 altitudo,
3171 3011 3266 3069 sed
3314 3029 3456 3083 quo-

184 3101 468 3173 ἀνδρεί·;υ;
491 3106 830 3174 στρατιώτας
853 3106 1213 3176 ὀλιγωτέρους
1248 3105 1390 3159 κατὰ
1412 3105 1602 3176 τάγμα
1623 3103 1771 3174 εὑρί-

1877 3103 2022 3157 niam
2071 3118 2212 3172 saepe
2245 3103 2533 3173 pauciores
2570 3100 2739 3156 fortes
2788 3102 3000 3169 equites
3047 3102 3101 3156 in
3136 3102 3455 3179 cohortibus

181 3193 440 3258 σκεσθαι,
470 3192 613 3247 τοῦτ’
640 3195 756 3249 ἐστι
781 3197 907 3259 τοὺς
946 3195 1255 3268 ἔμπροσθεν
1291 3194 1611 3264 ἱσταμένους
1641 3194 1768 3256 τοὺς

183 3285 284 3337 καὶ
316 3285 419 3348 τὰς
451 3288 634 3358 χεῖρας
679 3286 930 3355 μιγνύειν
973 3289 1108 3358 πρὸς
1148 3287 1384 3357 πόλεμον
1432 3286 1766 3355 ὀφείλοντας.

177 3377 273 3431 διὰ
295 3376 458 3430 τοῦτο
495 3378 704 3448 πρέπον
735 3379 854 3432 ἐστὶ
877 3379 1013 3450 πρὸς
1039 3379 1136 3450 τὴν
1161 3379 1393 3446 δύναμιν
1417 3377 1525 3430 τῶν
1553 3378 1767 3446 ταγμά-

177 3486 296 3522 των
322 3469 497 3534 οὓτως
531 3470 734 3540 ὁρίζειν
758 3470 851 3523 καὶ
877 3470 940 3524 τὸ
967 3471 1137 3541 πάχος
1164 3470 1263 3540 τῆς
1289 3469 1644 3540 παρατάξεως
1673 3470 1768 3522 αὑ·

177 3561 320 3627 τῶν,
349 3556 462 3615 οἷον
480 3578 498 3596 ο

259 3650 374 3722 μγ’.
413 3654 504 3716 Είς
533 3652 602 3706 τὰ
627 3653 981 3724 άνδρειότερα
1008 3651 1077 3706 τὰ
1121 3651 1215 3706 καὶ
1259 3654 1424 3722 μέσον
1452 3651 1766 3719 τασσόμενα

177 3748 440 3815 τάγματα
472 3748 551 3810 είς
591 3746 691 3818 τὴν
719 3747 872 3813 τάξιν
909 3749 1008 3818 τὴν
1038 3747 1321 3818 πρόμαχον
1348 3746 1457 3799 ἀπὸ
1489 3745 1628 3798 ἑπτά
1663 3762 1765 3798 κα-

176 3837 491 3907 ϐαλλαρίων
533 3839 711 3892 ποιεῖν
748 3838 841 3892 καὶ
873 3838 992 3901 ἑνὸς
1035 3838 1226 3901 παιδὸς
1255 3838 1530 3908 ὑπηρέτου
1561 3835 1760 3901 αὐτῶν,

175 3930 241 3981 ὲν
271 3929 329 3982 δὲ
348 3931 412 3999 τῇ
453 3931 719 4001 ἀριστερᾷ
742 3930 914 3996 τάξει,
943 3931 1002 3983 ὲν
1034 3925 1182 4003 ᾖκαὶ
1219 3932 1337 3983 ἐκεῖ
1356 3931 1600 4000 δεύτεροι
1624 3929 1763 3982 κατὰ

175 4021 281 4091 τὴν
327 4021 578 4091 ἀνδρείαν
605 4025 705 4092 τῆς
745 4022 1034 4093 προμάχου
1070 4023 1278 4089 τάξεως
1319 4022 1595 4090 ὀφείλουσι
1627 4022 1762 4074 τάσ-

175 4110 373 4165 σεσθαι
400 4111 509 4164 άπὸ
544 4111 684 4165 ἐπτὰ
713 4111 922 4183 ἀνδρῶν
946 4112 1182 4182 ἑκάστην
1207 4111 1523 4182 δεκαρχίαν.

253 4292 358 4364 μδ.
389 4293 556 4348 Πάλιν
582 4294 640 4346 ἐν
679 4293 831 4364 δεξιᾷ
863 4295 920 4346 ὲν
1037 4291 1132 4346 καὶ
1179 4291 1296 4344 ἐκεῖ
1328 4288 1637 4358 ίσοδύναμοι
1671 4289 1762 4342 άν-

172 4387 304 4455 δρες
330 4389 430 4456 τῆς
456 4386 752 4456 ἀριστερᾶς
790 4385 1098 4455 ὀφείλουσιν
1131 4383 1240 4437 ἀπὸ
1284 4381 1495 4450 ἀνδρῶν
1521 4379 1582 4442 ε’,
1611 4380 1676 4432 τά
1703 4379 1758 4432 δὲ

172 4477 345 4530 λοιπὰ
396 4477 490 4529 καὶ
541 4476 903 4547 ὑποδεέστερα
962 4476 1258 4545 τάγματα,
1314 4473 1422 4527 ἀπὸ
1468 4471 1574 4542 έῆ
1627 4470 1758 4524 δέκα

173 4568 390 4640 ἀνδρῶν
420 4569 667 4638 γίνεσθαι
695 4569 831 4640 πρὸς
857 4568 957 4631 τὰς
989 4567 1286 4640 δεκαρχίας
1315 4566 1648 4635 τασσόμενα.

248 4749 351 4820 με’.
392 4749 518 4804 Ἐὰν
553 4751 734 4819 μέντοι
769 4748 951 4820 συμόᾕ
984 4750 1070 4801 ἵνα
1107 4750 1172 4801 ἐκ
1209 4746 1317 4800 τῶν
1355 4744 1758 4813 ὑποδεεστέρων

173 4841 384 4895 τούτων
420 4839 716 4909 ταγμάτων
759 4840 836 4900 είς
866 4838 964 4908 τὴν
996 4835 1219 4909 πρώτην
1264 4833 1568 4905 παράταξιν
1593 4835 1756 4888 ἐκτάο

173 4932 310 4999 ξεις,
341 4932 374 5001 ἢ
406 4930 517 4983 άπὸ
533 4929 603 4999 η’,
630 4929 662 5000 ἢ
691 4930 798 4983 ἀπὸ
816 4928 866 4994 ι’,
887 4930 1132 4997 ποιήσεις
1166 4928 1396 4996 ἀνδρῶν,
1428 4926 1502 4989 ὡς
1531 4924 1754 4978 ἀσοενεο

178 5025 407 5096 στάρων.
436 5023 516 5077 τὰ
544 5024 600 5076 δὲ
646 5023 900 5090 τάγματα
940 5022 1007 5074 τὰ
1037 5023 1094 5074 ὲν
1123 5021 1350 5091 δευτέρᾳ
1376 5019 1526 5087 τάξει
1558 5018 1755 5071 τασσό-

181 5135 340 5189 μενα,
374 5117 468 5170 καὶ
498 5115 758 5169 ὲπίλεκτα
795 5115 923 5167 ὄντα
954 5113 1061 5166 ἀπὸ
1093 5113 1252 5166 πέντε
1278 5112 1376 5183 μὲν
1408 5111 1756 5183 στρατιωτῶν

177 5210 273 5263 καὶ
299 5207 502 5279 ἑτέρων
530 5206 817 5276 ὑπηρετῶν
848 5207 926 5269 είς
953 5205 1022 5258 τὰ
1054 5205 1276 5274 ἅρματα
1306 5205 1573 5274 ποιήσεις,
1611 5203 1754 5256 ὥστε

173 5302 309 5356 δέκα
333 5300 532 5372 ἄνδρας
571 5299 807 5370 ἑκάστην
838 5297 1130 5368 δεκαρχίαν
1178 5297 1345 5366 ἔχειν.
1380 5289 1540 5349 Οὗτοι
1584 5295 1639 5348 δὲ
1680 5296 1752 5360 οῖ,

173 5395 253 5456 ὡς
274 5395 514 5464 εῖρηται,
537 5391 858 5462 τεταγμένοι
883 5392 971 5445 ἵνα
998 5390 1406 5444 κατασταθῶσιν
1432 5389 1752 5459 ἐπιτηδείως

175 5488 251 5550 εἷς
280 5468 354 5538 τε
372 5485 675 5556 κούρσορας
701 5484 797 5537 καὶ
823 5483 1214 5554 ὲγκρύμματα.

246 5575 366 5647 μί.
394 5577 508 5630 Οὑκ
535 5576 679 5628 ἔστιν
720 5571 816 5631 οὖν
855 5577 1065 5647 πρέπον
1092 5577 1201 5630 τῶν
1228 5584 1297 5646 η’,
1330 5576 1363 5647 ἢ
1389 5577 1450 5628 τὸ
1481 5577 1614 5631 πολὺ
1640 5577 1750 5630 τῶν

173 5669 327 5732 δέκα,
379 5669 591 5740 ἀνδρῶν
627 5669 795 5722 πλείω
828 5670 890 5724 τὸ
938 5672 1108 5738 πάχος
1150 5671 1322 5723 ποιεῖν
1365 5670 1465 5738 τῆς
1497 5669 1745 5739 παρατά-

175 5761 332 5826 ξεως,
368 5761 470 5815 κᾶν
502 5760 644 5816 πάνυ
677 5762 816 5818 είσὶν
848 5761 1047 5833 ἀσθενῆ
1082 5762 1147 5816 τὰ
1177 5762 1455 5832 τάγματα,
1493 5761 1613 5818 οὐδὲ
1640 5761 1746 5817 τῶν

1872 3194 2246 3259 inveniuntur,
2281 3195 2374 3264 qui
2419 3195 2472 3248 in
2509 3195 2685 3264 prima
2720 3194 2901 3250 fronte
2931 3193 2999 3248 ad
3047 3193 3447 3262 conﬂigendum

1869 3302 1992 3341 cum
2045 3287 2295 3342 hostibus
2335 3297 2389 3340 et
2433 3302 2630 3341 manus
2680 3286 3048 3341 conserendas
3096 3286 3452 3340 committun-

1869 3384 1979 3441 tur,
2013 3384 2301 3446 propterea
2349 3391 2446 3445 par
2499 3386 2603 3440 est,
2655 3384 2713 3429 ut
2755 3391 2856 3445 pro
2889 3376 3198 3430 cohortium
3247 3377 3454 3431 viribus

1867 3469 2211 3524 altitudinem
2245 3469 2382 3523 aciei
2414 3477 2520 3523 tua:
2550 3469 2835 3525 describas
2861 3469 2928 3523 ad
2963 3468 3110 3524 hunc
3140 3469 3360 3522 modum
3389 3486 3406 3537 ς,

1937 3655 2025 3708 45.
2069 3654 2143 3708 fn’
2176 3653 2495 3729 fortioribus
2538 3656 2695 3720 locis,
2743 3665 2797 3710 ct
2838 3656 2890 3710 in
2940 3655 3122 3711 medio
3169 3655 3453 3711 collocatis

1866 3744 2187 3800 cohortibus
2231 3744 2298 3800 ad
2340 3745 2512 3799 aciem
2570 3747 2876 3816 πρόμαχον,
2909 3744 2960 3799 id
3008 3753 3089 3800 est
3145 3759 3453 3816 propugna-

1871 3835 2091 3900 tricem,
2123 3835 2191 3890 ad
2216 3850 2311 3890 sex
2346 3837 2590 3906 equitum
2623 3836 2962 3891 altitudinem
2994 3851 3088 3891 eos
3113 3836 3407 3892 collocabis
3433 3854 3446 3890 :

1865 3928 1932 3982 ad
1979 3929 2166 3982 laivam
2217 3938 2426 3997 partem
2480 3928 2922 3999 propugnatricis
2978 3927 3137 3992 aciei,
3188 3930 3448 3998 quoniam

1864 4019 1937 4072 ibi
1964 4019 2169 4074 milites
2203 4019 2524 4074 fortitudine
2561 4027 2887 4088 praestantes
2913 4020 3150 4090 proximi
3176 4021 3448 4085 locantur,

1863 4122 2072 4181 septem
2104 4112 2351 4166 virorum
2386 4111 2735 4167 altitudinem
2783 4128 3229 4183 unamquamque
3279 4112 3456 4168 decu-.

1864 4205 2000 4258 riam
2031 4204 2295 4259 instrues.

1933 4297 2023 4351 44.
2055 4297 2134 4350 Ad
2164 4297 2412 4351 dextram
2447 4309 2694 4361 rursum,
2717 4294 2808 4349 ubi
2835 4294 2952 4364 pari
2991 4293 3314 4349 fortitudine
3341 4295 3449 4348 vici

1862 4390 2222 4451 collocantur,
2261 4403 2325 4442 ac
2362 4387 2418 4441 in
2461 4386 2651 4440 laevam
2690 4396 2898 4454 partem
2935 4398 3095 4442 antea
3139 4387 3445 4443 constitue—

1863 4485 2060 4538 bantur
2090 4493 2213 4536 octo
2244 4481 2456 4550 equites
2489 4480 2871 4535 collocantur:
2913 4480 3162 4549 reliqum,
3193 4487 3247 4534 et
3289 4479 3445 4534 deliis

1863 4577 2025 4630 liores
2056 4576 2310 4629 (oliortcs
2356 4589 2422 4628 ex
2456 4581 2602 4638 octo,
2637 4583 2729 4628 aut
2759 4573 2945 4628 decem
2979 4574 3112 4628 viris
3141 4589 3235 4644 per
3273 4574 3441 4628 decu-

1861 4668 1971 4722 rias
2002 4669 2362 4722 instruantur.

1931 4760 2022 4814 43.
2065 4758 2157 4813 Sin
2187 4757 2470 4826 contingat
2501 4772 2574 4811 ex'
2604 4756 2973 4832 deterioribus
3019 4757 3340 4812 cohortibus
3386 4758 3439 4811 in

1863 4851 2033 4920 prima
2058 4849 2174 4903 acie
2205 4849 2488 4912 collocari,
2523 4849 2585 4901 ad
2622 4857 2746 4902 octo
2782 4848 2863 4901 vel
2891 4847 3077 4902 decem
3111 4847 3331 4903 illorum
3364 4849 3443 4902 vi-

1861 4959 2043 4998 rerum
2067 4941 2410 4996 altitudinem
2436 4941 2803 4995 instruantur.
2827 4940 3092 4994 Cohortcs
3113 4948 3293 4994 autem
3319 4956 3441 5007 qua:

1861 5037 1912 5089 iu
1949 5035 2188 5090 secunda
2216 5035 2334 5090 acie
2361 5033 2723 5098 collocantur,
2754 5047 2819 5085 ex
2851 5031 3041 5087 electis
3069 5033 3311 5102 quinque
3336 5033 3439 5085 iuiv

1859 5126 2069 5193 litibus,
2091 5134 2146 5180 et
2176 5125 2298 5180 aliis
2322 5125 2562 5193 quinque
2592 5121 2956 5184 administris,
2983 5123 3047 5176 ad
3077 5137 3276 5177 currus
3304 5138 3439 5177 cor.-

1858 5218 2177 5282 servandos,
2202 5218 2400 5271 efficies
2431 5225 2490 5269 ut
2516 5217 2701 5270 decem
2735 5215 2886 5269 viros
2911 5230 3253 5285 unaquaeque
3274 5215 3435 5271 decu.

1859 5309 1938 5362 ria
1981 5311 2275 5364 contineat.
2324 5307 2389 5362 Hi
2436 5317 2618 5361 autem
2658 5309 2739 5362 sic
2787 5307 3073 5373 instructi,
3125 5307 3335 5362 idoneis
3381 5307 3434 5361 iu

1861 5399 1997 5454 locis
2025 5397 2450 5454 constituantur.

1925 5579 2013 5632 46.
2050 5578 2126 5631 Ad
2173 5593 2427 5633 cursores
2472 5585 2525 5630 et
2575 5577 2802 5631 insidias
2854 5576 2998 5629 nulla
3058 5575 3265 5628 ratione
3305 5575 3429 5643 plus

1855 5668 2040 5723 decem
2073 5668 2312 5722 virorum
2346 5667 2634 5721 altitudine
2663 5666 2812 5720 acies
2841 5667 3204 5730 instruantur,
3231 5678 3394 5732 quam
3417 5695 3429 5705 -

1859 5759 1936 5815 κίε
1974 5759 2268 5815 admodum
2317 5758 2616 5814 imbecilles
2664 5757 2920 5814 cohortes
2976 5753 3216 5810 fuctint:
3251 5769 3427 5823 neque
