4200 6440
758 418 866 484 819

2013 421 2284 481 LEONIS
2322 418 2779 480 PIIILOSOPHI

3915 416 4025 479 820

762 553 825 589 ex
853 537 1040 591 electis
1063 535 1379 590 cohortibus
1404 536 1687 604 pauciores
1706 535 1946 604 quinque
1973 536 2122 588 viris.
2145 536 2334 602 Itaque
2363 535 2410 591 Α

2363 535 2410 591 Δ
2439 533 2598 586 πέντε
2651 537 3033 607 ὀλιγωτέρους,
3080 534 3205 587 ὅσον
3252 534 3316 588 ἄν
3366 533 3503 585 εἰσιν
3533 530 3814 585 ἑπίλεκτα.
3852 531 4020 582 Ὥστε

761 627 830 679 ad
865 628 1008 682 hunc
1045 626 1263 680 modum
1296 626 1488 681 idonee
1522 626 1847 682 dividendus
1879 627 1973 679 tibi
2013 637 2095 680 est
2125 626 2335 678 exerci-

769 728 875 781 tus,
902 726 955 770 et
979 717 1293 772 altitudines
1317 717 1555 771 acierum
1583 718 1970 781 describendze,
1995 716 2239 787 nihilque
2268 717 2334 771 de

767 805 1143 873 longitudine,
1187 816 1241 861 et
1273 821 1497 859 numero
1540 810 1839 876 praestitum
1861 846 1876 873 ,
1911 817 2003 861 aut
2041 822 2330 877 perparum

761 897 1162 952 detrahendum
1192 908 1297 953 est.

832 1074 921 1129 47.
949 1076 1003 1129 Si
1029 1078 1172 1130 enim
1200 1078 1267 1131 ad
1290 1076 1480 1133 decem
1509 1061 1747 1133 virorum
1770 1080 2107 1133 altitudinem
2137 1080 2333 1136 cohor-

764 1180 844 1222 tes
892 1170 1175 1225 universas
1231 1174 1347 1239 pari
1400 1173 1563 1226 modo
1592 1174 1938 1234 instruxeris,
1982 1173 2048 1226 ab
2094 1173 2331 1229 hostium

764 1261 1203 1327 speculatoribus
1238 1261 1396 1317 facile
1428 1263 1758 1316 numerabile
1786 1265 2078 1318 exercitum
2111 1263 2329 1331 elﬁcies,

766 1348 1096 1416 praestitibus
1129 1352 1451 1414 numeratis,
1489 1351 1801 1407 universum
1833 1354 2107 1408 exercitus
2138 1371 2332 1410 nume-

766 1455 886 1492 rum
916 1440 1219 1511 colligendo
1249 1460 1263 1496 :
1294 1443 1439 1510 quod
1468 1441 1693 1498 minime
1723 1443 1976 1515 hostibus
1999 1445 2332 1515 patefacien-

764 1533 893 1584 dum
928 1540 1029 1586 cst.

834 1623 923 1677 48.
958 1622 1069 1679 Hac
1100 1626 1452 1694 proportione
1492 1635 1546 1681 et
1590 1627 1959 1683 moderatione
1991 1639 2330 1694 conservata,

766 1716 911 1783 quod
969 1716 1236 1785 reliquum
1289 1727 1544 1786 superest
1597 1719 1873 1774 exercitus
1922 1721 1976 1773 in
2035 1723 2329 1775 secundam

766 1807 937 1858 aciem
970 1804 1359 1859 conferendum
1384 1817 1486 1861 est.

841 1897 931 1952 49.
968 1895 1289 1953 Mandamus
1316 1909 1495 1953 autem
1522 1907 1583 1954 ut
1614 1900 1971 1956 contubernia
2005 1902 2235 1957 militum
2267 1919 2334 1959 ex

770 1989 1073 2059 majoribus
1118 1991 1528 2060 minoribusque
1584 2001 1715 2047 natu
1776 2002 1923 2048 certa
1993 1997 2339 2065 proportione

771 2083 925 2147 tiant,
958 2096 1027 2136 ne
1062 2096 1222 2137 senes
1255 2097 1351 2151 per
1379 2098 1439 2137 se
1464 2083 1746 2147 collocati,
1790 2084 1990 2139 iutirini
2029 2088 2341 2156 debilesque

770 2171 932 2236 fiant,
973 2186 1151 2241 neque
1188 2172 1649 2229 adolescentiores
1697 2176 1996 2244 perturbati
2050 2187 2215 2247 atque
2259 2180 2342 2232 iu-

769 2262 1101 2330 tractabiles,
1134 2279 1326 2334 nempe
1354 2266 1612 2334 imperiti,
1642 2268 2005 2323 inveniantur.

846 2353 935 2408 50.
972 2355 1155 2409 Aciem
1190 2364 1335 2409 tuam
1368 2354 1595 2410 adhunc
1625 2358 1843 2411 modum
1882 2354 2159 2415 armabis:
2195 2361 2340 2415 Prat-

772 2447 952 2499 stitem
980 2446 1169 2515 primae
1201 2445 1358 2509 aciei,
1379 2455 1432 2501 et
1462 2447 1554 2517 qui
1583 2448 1658 2501 illi
1690 2451 1936 2518 proxime
1962 2452 2139 2507 adstat
2169 2454 2341 2509 adsti-

774 2542 882 2588 tem
918 2536 1034 2591 sive
1074 2537 1411 2602 secundum,
1439 2546 1493 2593 et
1521 2544 1749 2594 extremi
1785 2542 2124 2596 contubernii
2158 2556 2342 2599 custo-

772 2625 917 2687 dem,
943 2641 1106 2696 quem
1156 2627 1409 2701 οὐραγὸν,
1446 2631 1498 2684 id
1532 2640 1617 2685 est
1646 2631 1969 2687 ultimanum
2002 2634 2112 2688 sive
2140 2636 2343 2690 cauda-

774 2733 905 2771 num
939 2721 1241 2785 nominant,
1268 2723 1511 2778 hastatos
1540 2722 1708 2779 facies
1737 2740 1858 2779 cum
1888 2727 2091 2794 reliqua
2127 2726 2341 2781 illorum

774 2820 1053 2865 armatura
1080 2830 1095 2866 :
1127 2812 1367 2882 reliquos
1395 2829 1583 2869 omnes
1614 2816 1665 2868 in
1697 2817 1873 2870 medio
1896 2817 2111 2871 illorum
2139 2820 2345 2873 consti-

774 2912 941 2967 tutos,
971 2903 1061 2970 qui
1113 2905 1340 2972 sagittas
1364 2906 1545 2975 jacere
1585 2906 1782 2971 sciant,
1820 2909 1937 2962 sine
1976 2909 2146 2963 hastis
2174 2912 2345 2965 collo-

777 2996 951 3048 caliis.
982 2993 1168 3065 Neque
1203 2997 1347 3050 enim
1384 3000 1670 3053 commode
1704 3014 1893 3055 arcum
1940 3001 2138 3057 dueere
2170 3012 2348 3071 potest

774 3104 838 3141 ex
898 3104 1071 3158 equo,
1116 3090 1245 3144 latva
1289 3093 1501 3145 scutum
1543 3098 1733 3146 tenens
1783 3100 1837 3145 et
1874 3108 2083 3147 arcum.
2132 3095 2224 3149 Sin
2268 3097 2346 3151 sic

2360 1867 2408 1925 B

2436 627 2645 695 πρέπον
2700 630 2816 680 ἐστὶ
2864 628 3005 681 κατὰ
3056 626 3149 679 τὸν
3197 623 3489 695 εἰρημένον
3540 623 3743 692 τρόπον
3794 624 3887 673 καὶ
3915 620 4020 689 τὴν

2433 716 2689 784 τοιαύτην
2719 717 2984 786 διαίρεσιν
3011 714 3323 786 ἀρκούντως
3352 712 3449 765 καὶ
3477 711 3544 764 τά
3573 710 3711 781 βάθη
3743 712 3909 781 ἤγουν
3947 712 4020 761 τά

2434 808 2582 878 πάχη
2608 807 2716 860 τῶν
2742 808 3103 877 παρατάξεων
3126 805 3392 872 γίνεσθαι,
3435 804 3529 857 καὶ
3571 802 3704 873 μηδὲ
3740 803 3802 855 τὸ
3838 804 4016 872 μῆκος

2433 897 2599 966 ἤγουν
2652 895 2743 950 τὸν
2795 896 3026 967 ἀριθμὸν
3064 896 3170 949 τῶν
3219 892 3748 965 πρωτοστατούντων
3789 891 4012 959 όλιγοῦ-

2434 988 2557 1042 σθαι
2590 990 2746 1043 πολύ.

2506 1079 2613 1149 μζ.
2669 1081 2792 1133 Ἐάν
2836 1080 2944 1150 γάρ
2994 1079 3102 1133 ἀπὸ
3143 1078 3276 1132 δέκα
3322 1077 3532 1147 ἀνδρῶν
3573 1076 3636 1129 τὸ
3685 1077 3858 1145 πάχος
3908 1074 4021 1127 τῶν

2432 1173 2728 1241 ταγμάτων
2769 1173 2905 1225 ὅλων
2953 1174 3009 1224 ὲν
3047 1171 3147 1241 ῐσῳ
3198 1171 3381 1241 μέτρῳ
3410 1168 3615 1235 τάξεις.
3651 1166 3894 1238 εὐχερῶς
3922 1167 4021 1219 καὶ

2437 1262 2718 1331 συντόμως
2774 1264 2878 1316 ὑπὸ
2926 1262 3033 1315 τῶν
3090 1261 3454 1315 κατασκόπων
3510 1260 3605 1312 καὶ
3654 1258 3764 1312 τῶν
3806 1256 4021 1328 ἐχθρῶν

2433 1352 2786 1424 ἀριθμεῖσθαι
2819 1354 3066 1423 ποιήσεις
3091 1351 3179 1404 διά
3208 1352 3319 1404 τῶν
3343 1350 3739 1422 πρωτοστατῶν
3769 1350 3892 1402 ελον
3923 1365 4019 1401 σου

2433 1444 2524 1496 τὸν
2564 1442 2812 1515 στρατὸν,
2844 1443 2980 1514 ὅπερ
3011 1442 3071 1495 οὺ
3106 1440 3223 1494 δέον
3250 1442 3543 1510 μανθάνειν
3570 1440 3697 1502 τοὺς
3723 1437 3983 1509 ἐχθρούς.

2505 1627 2617 1697 μη’.
2647 1628 2757 1698 Τῆς
2776 1627 2832 1679 δὲ
2873 1624 3172 1695 εἰρημένης
3213 1624 3345 1695 ήμῖν
3370 1621 3687 1690 ἀναλογίας,
3721 1623 3891 1690 ἤγουν
3924 1619 4021 1673 τοῦ

2437 1718 2657 1788 μέτρου,
2693 1716 3101 1787 φυλαττομένης
3131 1717 3194 1769 ὲκ
3214 1717 3307 1769 τοῦ
3340 1714 3760 1784 περισσεύοντος
3780 1713 4019 1784 στρατοῦ

2433 1809 2532 1876 τὴν
2559 1809 2819 1877 δευτέραν
2853 1807 3217 1877 καταστήσεις
3247 1807 3422 1871 τάξιν.

2514 1899 2619 1969 μθ’.
2678 1901 2987 1970 Κελεύομεν
3028 1897 3085 1951 δέ
3114 1915 3197 1951 σοι
3235 1902 3331 1951 καὶ
3377 1897 3448 1951 τά
3498 1895 3885 1966 κοντουδέρνια
3913 1894 4025 1947 τῶν

2442 1991 2788 2066 στρατιωτῶν
2827 1991 2935 2043 ἀπὸ
2964 1988 3207 2042 παλαιῶν
3246 1988 3338 2041 καὶ
3382 1987 3518 2040 νέων
3549 1986 3799 2055 γίνεσθαι
3824 1987 4023 2041 ἀναλό-

2441 2106 2575 2157 γως,
2603 2087 2690 2139 ἴνα
2742 2084 2815 2154 μὴ
2844 2085 2892 2136 οἱ
2938 2082 3157 2135 παλαιοὶ
3191 2080 3342 2150 μόνοι
3372 2080 3698 2150 τασσόμενοι
3728 2079 3851 2133 καθ’
3885 2081 4017 2133 έαυ-

2439 2180 2565 2242 τοὺς
2595 2176 2838 2236 ἀσθενεῖς
2874 2176 3031 2236 εἰσιν,
3068 2173 3202 2242 μηδὲ
3242 2173 3291 2224 οἱ
3322 2171 3574 2239 νεώτεροι
3608 2172 3835 2225 ἄτακτοι
3864 2172 4023 2241 εὑρε-

2443 2270 2607 2323 θῶσιν
2628 2268 2700 2327 ὠς
2728 2268 2968 2335 ἄπειροι.

2509 2359 2569 2413 ν’.
2636 2358 2910 2419 Ὀπλίσεις
2957 2357 3013 2410 δὲ
3041 2357 3140 2427 τὴν
3179 2356 3485 2425 παράταξιν
3533 2356 3743 2418 οὕτως*
3788 2357 3884 2409 τὸν
3926 2356 4024 2427 μὲν

2443 2451 2834 2522 πρωτοστάτην
2886 2448 2987 2512 τῆς
3039 2447 3266 2518 πρώτης
3326 2447 3555 2514 τάξεως,
3610 2450 3705 2501 καὶ
3754 2448 3852 2501 τὸν
3890 2452 4027 2517 μετᾶ

2444 2547 2650 2598 ἐκεῖνον
2698 2543 3005 2612 ἱστάμενον,
3040 2540 3184 2594 τοῦτ’
3232 2540 3349 2593 ἔστι
3395 2540 3491 2593 τὸν
3523 2542 3800 2611 δεύτερον,
3837 2541 3918 2594 ἔτι
3970 2542 4027 2594 δὲ

2445 2635 2539 2688 καὶ
2569 2633 2661 2686 τὸν
2696 2633 2905 2686 ἑστῶτα
2934 2632 3108 2683 ὀπίσω
3145 2630 3386 2695 πάντων,
3415 2631 3583 2701 ἤγουν
3635 2630 3729 2684 τὸν
3763 2631 4025 2699 οὐραγὸν,

2445 2726 2810 2794 κονταράτους
2837 2725 3084 2794 ποιήσεις
3110 2722 3247 2792 μετά
3264 2722 3365 2791 τῆς
3394 2723 3587 2790 λοιπῆς
3618 2722 3800 2777 αὐτῶν
3818 2723 4031 2788 ἔξοπλί-

2447 2835 2581 2881 σεως
2603 2835 2617 2849 ·
2646 2819 2773 2880 τοὺς
2804 2817 2861 2871 δὲ
2884 2817 3105 2879 λοιποὺς
3136 2816 3347 2878 πάντας
3376 2817 3503 2879 τοὺς
3530 2817 3587 2869 ὲν
3620 2817 3769 2886 μέσῳ
3802 2815 4030 2869 ἐκείνων

2446 2909 2831 2979 τασσομένους.
2862 2909 2975 2961 ὅσοι
3010 2907 3249 2972 τοξεύειν
3278 2908 3478 2971 οἴδασι,
3512 2908 3684 2976 χωρὶς
3724 2906 4031 2978 κωταρῖων

2447 3001 2584 3055 εἶναι
2618 3002 2881 3071 ποιήσεις.
2920 3000 3054 3053 Οὐδὲ
3086 3001 3193 3070 γάρ
3226 2999 3451 3053 δυνατόν
3499 3001 3615 3052 ἐστι
3655 3000 3889 3063 δεόντως
3931 3016 4030 3052 πε-

2449 3094 2656 3165 ριάγειν
2686 3093 2808 3145 τινὰ
2835 3090 2989 3156 τόξον
3019 3091 3204 3144 ἐπάνω
3231 3091 3423 3155 ἵππου,
3451 3090 3547 3144 ὲάν
3575 3092 3634 3143 ὲν
3658 3094 3724 3161 τῇ
3763 3093 4033 3162 ἀριστερᾷ

774 3189 1094 3235 exerceatur
1129 3182 1316 3244 miles,
1344 3190 1402 3235 ut
1424 3182 1641 3253 quando
1681 3184 1906 3253 sagittas
1945 3185 2106 3254 jacit,
2132 3202 2159 3240 a
2195 3196 2344 3257 tergo
2371 3194 2414 3252 c

2374 3194 2414 3252 α
2445 3186 2609 3238 αὑτοῦ
2637 3185 2732 3239 καὶ
2765 3184 2826 3237 τὸ
2860 3183 3149 3253 σκουτάριν
3205 3183 3409 3252 κατέχῃ
3442 3182 3536 3235 καὶ
3577 3181 3639 3234 τὸ
3677 3182 3854 3248 τόξον.
3893 3184 3956 3235 Ei
3978 3184 4033 3236 δὲ

774 3281 897 3340 apte
928 3271 1182 3343 conjiciat
1225 3282 1471 3340 scutum,
1507 3289 1849 3344 nequaquam
1898 3276 1999 3331 hoc
2038 3279 2225 3335 inutile
2261 3280 2343 3335 vi-

774 3362 1017 3419 deretur.

839 3545 936 3624 5i.
971 3546 1057 3600 Ad-
1084 3547 1199 3602 haec
1229 3547 1595 3603 constituendi
1623 3548 1720 3605 abs
1749 3557 1801 3605 te
1824 3549 2091 3621 despotati
2123 3555 2344 3621 quidam

778 3644 908 3690 sunt
934 3637 998 3690 ad
1030 3636 1261 3705 primam
1296 3639 1467 3693 aciem
1497 3639 1783 3709 diligenter
1807 3640 2223 3707 observandam,
2252 3645 2345 3712 qui

779 3727 1145 3782 sauciatorum
1187 3729 1238 3781 in
1281 3730 1478 3800 proelio
1513 3745 1703 3785 curam
1749 3733 2002 3787 habeant.
2038 3733 2118 3786 Ad
2150 3750 2347 3788 unam-

778 3834 1052 3890 quamque
1074 3821 1356 3876 cohortem
1379 3832 1524 3886 octo,
1550 3832 1643 3877 aut
1666 3826 1846 3878 decem
1873 3825 2019 3880 viros
2046 3828 2348 3883 constitues

779 3913 947 3982 agiles
977 3924 1140 3982 atque
1179 3915 1481 3983 expeditos,
1515 3917 1631 3970 sine
1659 3903 1849 3981 armis,
1876 3906 1979 3988 qui
2009 3928 2226 3974 centum
2258 3937 2350 3991 pe-

779 4005 908 4056 dum
951 4004 1240 4059 intervallo
1278 4022 1407 4062 suas
1452 4007 1695 4076 ipsorum
1739 4009 1997 4065 cohortes
2026 4023 2346 4081 sequantur,

782 4105 840 4148 ιιι
864 4111 958 4150 eos
983 4096 1076 4165 qui
1109 4096 1250 4150 inter
1277 4098 1649 4153 dimicandum
1686 4103 1921 4169 graviter
1950 4118 2012 4157 ac
2048 4105 2351 4172 periculose

780 4188 1117 4250 sanciantur,
1146 4202 1352 4259 eosque
1385 4192 1477 4260 qui
1502 4206 1566 4245 ex
1594 4192 1752 4262 equis
1783 4194 2040 4248 cadentes
2076 4209 2347 4266 pugnant,

780 4289 831 4333 et
862 4280 1070 4349 seipsos
1105 4282 1295 4337 iterum
1324 4283 1576 4352 colligere
1606 4293 1898 4353 nequeant,
1947 4296 2265 4354 recupereut
2300 4297 2353 4342 et

782 4379 1128 4432 conservent,
1168 4378 1220 4423 ut
1254 4385 1319 4424 ne
1338 4371 1544 4424 strenui
1581 4371 1775 4425 milites
1800 4388 1828 4425 a
1853 4375 2089 4428 secunda
2116 4378 2232 4430 acie
2256 4377 2353 4433 ad-

785 4467 998 4512 ventate
1033 4460 1443 4525 conculrentur,
1488 4469 1540 4514 et
1588 4462 1910 4531 negligentia
1953 4465 2185 4531 quadam
2236 4466 2349 4535 jam

2450 3274 2736 3344 γυμνασθῇ
2789 3276 2817 3327 ό
2845 3271 3191 3343 στρατιώτης
3217 3271 3358 3325 ὥστε
3388 3272 3550 3341 ἡνίκα
3576 3271 3785 3335 τοξεύει
3816 3272 4035 3340 εὐφυῶς

2449 3367 2656 3436 πέμπει
2706 3364 2767 3417 τὸ
2822 3365 3166 3433 σκουτάριον,
3218 3362 3337 3416 οὐδὲ
3383 3364 3542 3417 τοῦτο
3592 3363 3870 3433 ἄχρηστον
3903 3365 4037 3434 ήμῖν

2449 3458 2869 3525 καταφαίνεται.

2518 3546 2615 3602 να’.
2660 3544 2803 3619 Πρὸς
2826 3546 3038 3611 τούτοις
3071 3546 3368 3617 κελεύομέν
3400 3563 3502 3609 σοι,
3532 3541 3576 3599 ὦ
3611 3549 3916 3618 στρατηγὲ,
3949 3546 4035 3601 ἵνα

2449 3640 2716 3712 ὰφορίσῃς
2743 3640 2838 3694 καὶ
2878 3638 3113 3709 μάλιστα
3158 3639 3238 3701 εἰς
3270 3637 3368 3706 τὴν
3411 3638 3694 3707 πρόμαχον
3726 3639 4040 3711 παράταξιν

2449 3732 2576 3793 τοὺς
2608 3730 2933 3801 λεγομένους
2977 3730 3363 3793 δεσποτάτους,
3406 3729 3552 3781 τοῦτ’
3598 3729 3713 3782 ἔστι
3745 3732 3874 3793 τοὺς
3924 3732 4038 3783 ἐπι-

2454 3823 2693 3893 μελητὰς
2742 3823 2852 3876 τῶν
2905 3822 3430 3892 τραυματιζομένων
3484 3822 3858 3890 στρατιωτῶν.
3930 3824 4038 3876 Καὶ

2450 3916 2812 3983 καταστήσεις
2833 3914 2978 3967 ὀκτὼ
3006 3914 3038 3984 ἢ
3074 3914 3208 3966 δέκα
3255 3914 3457 3981 ἀνδρας
3490 3912 3613 3966 καθ’
3642 3913 3881 3966 ἕκαστον
3910 3912 4039 3982 sev-

2451 4005 2540 4059 δον
2571 4006 2637 4058 ὲκ
2682 4004 2777 4058 τοῦ
2824 4004 2988 4058 αὑτοῦ
3039 4004 3318 4073 τάγματος
3352 4004 3627 4073 ἐλαφροὺς
3675 4005 3768 4056 καὶ
3804 4007 4041 4075 γοργοὺς

2452 4098 2580 4151 ἀνευ
2610 4097 2799 4161 ὅπλου,
2840 4098 2967 4159 τοὺς
2988 4096 3303 4165 ὀφείλοντας
3331 4094 3554 4148 ὄπισθεν
3590 4094 3665 4157 ὡς
3694 4094 3807 4147 ἀπὸ
3844 4096 4041 4149 ἑκατὸν

2454 4188 2630 4243 ποδῶν
2658 4191 2771 4252 τοῖς
2814 4189 2967 4251 ίδὶοις
3003 4188 3283 4256 τάγμασιν
3312 4187 3652 4251 ἀκολουθεῖν,
3688 4188 3780 4241 ἵνα
3823 4189 3953 4251 τοὺς
3984 4190 4043 4241 ὲν

2452 4285 2573 4346 ταῖς
2598 4283 2939 4353 συμπλοκαῖς
2968 4280 3062 4333 τοῦ
3099 4280 3359 4350 πολέμου,
3405 4282 3480 4345 ὼς
3506 4280 3771 4342 πολλάκις
3802 4281 4037 4348 γίνεται,

2454 4372 2992 4446 τραυματιζομένους
3026 4372 3402 4436 ἐπικινδύνως,
3439 4372 3473 4441 ἢ
3523 4371 3904 4434 ἐκπίπτοντας
3938 4373 4042 4425 άπὸ

2455 4467 2563 4521 τῶν
2596 4467 2796 4524 ἵππων.
2825 4464 2922 4517 καὶ
2954 4464 3028 4533 μὴ
3061 4463 3398 4533 δυναμένους
3432 4463 3720 4533 μάχεσθαι,
3738 4464 4043 4530 ἀναλέγωνο

784 4549 1049 4604 vulnerati
1080 4551 1483 4605 interimantur.
1522 4552 1667 4622 lique
1692 4554 1957 4622 despotati
1993 4532 2350 4628 quotcunque
2387 4532 2427 4586 υ

2387 4532 2427 4586 υ
2456 4575 2546 4611 ται
2567 4556 2663 4611 καὶ
2693 4555 3106 4626 περιποιῶνται,
3134 4554 3219 4607 ἴνα
3265 4555 3340 4624 μὴ
3366 4554 3793 4607 καταπατῶνται
3816 4555 3926 4606 ὑπὸ
3944 4555 4043 4621 τῆς

785 4644 1248 4709 conservm'erint,
1278 4660 1305 4697 a
1336 4654 1608 4713 quiestore
1642 4645 1851 4713 imperii
1889 4648 2063 4701 nostri
2104 4664 2202 4718 pro
2235 4652 2351 4704 sin-

786 4733 929 4804 gulis
959 4735 1221 4789 militibus
1250 4737 1585 4790 conservatis
1615 4738 1847 4792 habeant
1884 4755 2135 4793 numum.

2457 4650 2718 4720 δευτέρας
2750 4646 3107 4718 παρατάξεως
3149 4647 3200 4699 οἱ
3250 4644 3468 4714 ἀληθῶς
3498 4645 3733 4711 γενναῖοι
3770 4646 4043 4715 στρατιῶ-

2453 4762 2561 4809 ται,
2594 4743 2687 4795 καὶ
2713 4743 2778 4794 ὲκ
2815 4740 2914 4810 τῆς
2944 4735 3240 4807 ὀλιγωρίας
3271 4737 3383 4789 τῶν
3431 4735 3765 4807 τραυμάτων
3800 4736 4044 4806 διαφθείο

788 4846 1021 4900 ρωνται,
1052 4829 1146 4883 καὶ
1179 4818 1265 4883 ἵνα
1308 4833 1355 4883 οἱ
1384 4829 1734 4895 διασώζοντες
1763 4833 1957 4894 αὐτοὺς
2000 4833 2350 4903 λαμϐάνωσιν
2389 4839 2528 4908 ὑπὲρ
2565 4834 2757 4907 μισθοῦ
2793 4831 2901 4887 ἀπὸ
2931 4831 3025 4884 τοῦ
3076 4830 3326 4900 ταμιείου
3368 4832 3466 4900 τῆς
3540 4828 3819 4898 βασιλείας
3890 4830 4042 4899 ήμῶν

786 4922 929 4976 κατά
978 4922 1076 4975 ἕνα
1130 4922 1359 4976 ἕκαστον
1404 4923 1741 4994 στρατιώτην
1778 4925 2173 4995 διασωζόμενον
2216 4932 2346 4999 παρ’
2385 4931 2562 4984 αὐτῶν
2589 4930 2829 4998 νόμισμα
2862 4923 2942 4977 ἓν.

857 5015 947 5070 52.
970 5013 1131 5071 Tales
1152 5016 1365 5079 deinde,
1388 5026 1674 5085 postquam
1706 5018 1846 5073 versi
1876 5018 1926 5071 in
1952 5017 2133 5088 fugam
2166 5021 2354 5077 hostes

788 5107 1009 5174 fuerint,
1050 5118 1103 5163 et
1135 5108 1377 5163 secunda
1409 5110 1553 5164 acies
1583 5110 1879 5176 transierit,
1916 5111 2111 5187 spolia,
2146 5129 2268 5181 quae
2300 5114 2354 5168 in

789 5202 981 5271 primae
1008 5200 1430 5256 conﬂictationis
1459 5203 1577 5256 loco
1608 5202 1822 5255 inventa
1854 5200 2089 5263 fuerint,
2132 5218 2357 5273 congre-

789 5300 947 5362 gent,
983 5301 1037 5345 et
1075 5292 1434 5361 praestitibus,
1478 5293 1592 5348 sive
1630 5293 1971 5347 contubernii
2008 5294 2091 5348 sui
2139 5294 2358 5349 dccanis

2530 5019 2627 5089 νβ’.
2667 5015 2798 5071 Εἶτα
2827 5017 2884 5070 δὲ
2936 5018 2984 5068 οἱ
3023 5012 3256 5067 τοιοῦτοι
3288 5012 3426 5081 μετὰ
3476 5010 3535 5063 τὸ
3584 5011 3870 5080 τραπῆναι
3920 5013 4044 5069 τοὺς

2458 5115 2705 5185 ἐχθροὺς,
2764 5112 2857 5164 καὶ
2908 5107 3199 5179 παρελθεῖν
3244 5104 3653 5175 τὴν-δευτέραν
3706 5105 4039 5173 παράταξιν,

2459 5209 2575 5261 τότε
2607 5206 2673 5259 τὰ
2700 5203 2871 5257 σκῦλα
2901 5204 2970 5255 τὰ
2999 5200 3364 5269 εὑρισκόμενα
3394 5197 3453 5249 ὲν
3472 5196 3551 5266 τῷ
3574 5196 3726 5266 τόπῳ
3765 5197 3868 5265 τῆς
3897 5198 4041 5267 πρὼ-

2462 5315 2560 5367 της
2589 5294 2862 5366 συμβολῆς
2901 5292 3055 5345 αὐτοὶ
3098 5289 3414 5356 συνάγουσι,
3450 5278 3552 5339 καῖ
3594 5289 3707 5349 τοῖς
3754 5285 4040 5357 δεκάρχοις

791 5395 913 5457 post
947 5384 1256 5442 confectum
1287 5386 1529 5455 praelium
1568 5387 1827 5439 tradant:
1864 5387 2020 5454 cujus
2058 5385 2262 5440 laboris
2308 5396 2363 5440 et

2464 5390 2629 5459 ἤγουν
2653 5389 2764 5446 τοῖς
2814 5381 3221 5455 πρωτοστάταις
3266 5378 3361 5431 τοῦ
3406 5378 3537 5431 ίδίου
3581 5377 3867 5447 τάγματος
3908 5381 4039 5448 μετά

794 5480 895 5549 ipsi
921 5492 1138 5550 quoque
1157 5478 1395 5549 aliquam
1424 5479 1726 5533 mercedem
1755 5478 2007 5532 habeant.
2035 5476 2187 5531 llanc
2215 5477 2359 5531 enim

795 5584 974 5625 rerum
1002 5569 1345 5625 fortuitarum
1369 5570 1697 5639 prmstitibus
1718 5569 1769 5623 in
1794 5568 1935 5623 bello
1955 5566 2364 5637 praerogativam

792 5664 997 5733 justam
1044 5677 1205 5731 atque
1258 5664 1506 5718 idoneam
1557 5680 1677 5719 esse
1724 5663 2086 5725 arbitramur,
2135 5660 2262 5731 quia
2309 5661 2360 5714 in

798 5756 970 5824 prima
1012 5756 1131 5810 belli
1170 5758 1570 5810 conﬂictatione
1617 5756 1851 5808 maxima
1890 5753 2127 5823 pericula
2170 5760 2222 5805 et
2251 5752 2362 5806 dis-

801 5849 1030 5903 crimina
1068 5849 1316 5905 subeunt.
1366 5849 1471 5904 llac
1510 5866 1573 5905 ex
1608 5866 1662 5903 t‘c
1708 5847 1817 5902 lttl'c
1854 5855 2109 5917 prtelvt't‘a
2160 5844 2365 5899 utilitas

2466 5480 2525 5532 τὸ
2583 5476 2809 5545 λυθῆναι
2845 5474 2943 5541 τὴν
3000 5473 3180 5542 μάχην
3227 5470 3559 5540 παρέχουσιν
3593 5469 3752 5523 αὐτά.
3816 5470 4041 5539 Λαμὸά-

2469 5582 2617 5617 νουσι
2642 5564 2699 5615 δὲ
2732 5563 2822 5616 καὶ
2856 5561 3009 5614 αὐτοὶ
3037 5560 3177 5628 ὑπὲρ
3209 5556 3399 5612 τούτου
3436 5558 3586 5628 παρὰ
3623 5556 3735 5611 τῶν
3758 5558 4039 5628 δεκάρχων

2471 5656 2548 5718 εἰς
2580 5651 2929 5721 παραμυθίαν
2975 5648 3154 5703 αὐτῶν
3185 5647 3381 5718 μοῖράν
3418 5664 3559 5703 τινα.
3589 5648 3761 5702 Τοῦτο
3793 5649 3905 5717 γὰρ
3933 5652 4041 5711 τοῖς

2474 5745 2879 5815 πρωτοστάταις
2911 5744 2966 5793 ὲν
2996 5743 3113 5804 ταῖς
3142 5741 3345 5810 μάχαις
3386 5742 3679 5809 προνόμιον
3710 5741 3924 5795 δίκαιον
3951 5741 4040 5793 καὶ

2477 5839 2729 5909 ἁρμόδιον
2768 5838 2822 5888 ἐν
2855 5837 2969 5896 ταῖς
3006 5833 3308 5903 ἐπιτυχίαις
3355 5834 3497 5903 ἔχειν
3550 5832 3867 5904 κελεύομεν,
3926 5831 4039 5885 καθ’
