4176 6442
135 449 232 514 εΞι
1173 441 1502 502 TACTICA.
1539 465 1605 474 —
1643 439 2144 498 cessurum
2177 440 2312 498 xu.
3275 438 3381 500 822

134 570 211 620 ὅτι
245 564 410 617 πλέον
437 562 545 616 τῶν
569 559 771 613 λοιπῶν
801 558 898 628 τῆς
923 557 1168 626 ἀνάγκης
1201 556 1517 624 μετέχουσιν
1546 555 1602 605 ἐν
1636 554 1702 622 τῇ

1807 553 2034 618 accedit,
2063 553 2209 623 quod
2240 553 2314 606 ob
2346 552 2530 606 boues
2553 549 2812 604 cadentes
2838 550 3224 620 despoliandos
3255 550 3391 607 uullt

135 658 326 725 πρώτῃ
360 651 602 722 συμϐολῇ
652 649 748 702 τοῦ
772 648 1033 718 πολέμοψ
1067 647 1271 716 άγαθὸν
1316 643 1489 733 Gestat
1518 644 1703 709 ἕτερον

1808 657 1875 695 ex
1917 645 2074 712 equis
2111 641 2478 708 descendunt,
2508 649 2565 696 et
2595 640 2884 696 stationem
2917 656 3072 696 suam
3110 642 3389 696 deserunt.

132 751 364 816 γίνεται,
396 748 480 798 ἵνα
529 743 603 814 μὴ
645 743 732 796 διά
780 742 841 795 τὸ
880 740 1340 802 σκυλεῦσαικτοὺς
1388 738 1684 799 πίπτοντας
1722 735 1966 805 ἐχθροὺς,
2011 739 2153 800 τινὲς
2192 739 2257 790 ὲκ
2317 736 2425 789 τῶν
2469 738 2653 790 ἵππων
2700 735 3092 806 κατέρχωνται,
3137 739 3232 790 καὶ
3291 739 3391 808 τὴν

147 837 454 909 παράταξιν
482 836 792 889 διαλύωσιν.

195 929 301 997 νγ’.
334 930 452 981 Ἷνα
483 928 540 982 δὲ
571 928 808 989 εὐκόλως
849 929 939 979 ἐπὶ
967 927 1078 980 τῶν
1118 927 1300 980 ἵππων
1345 925 1706 980 ἀναϐαίνωσιν

128 1022 182 1074 οἴ
221 1039 282 1073 τε
320 1020 601 1091 λεγόμενοι
650 1019 967 1072 δεσποτάτοι
1002 1018 1095 1071 καὶ
1135 1019 1184 1070 oi
1218 1017 1708 1089 τραυματιζόμενοι

130 1110 466 1180 στρατιῶται
500 1111 549 1161 oi
600 1107 707 1161 ἀπὸ
756 1108 866 1161 τῶν
914 1108 1096 1159 ἵππων
1137 1107 1459 1171 πίπτοντες,
1496 1107 1707 1177 πρέπον

126 1203 301 1266 ἐστὶν,
334 1203 424 1254 ἵνα
450 1203 479 1254 ὁ
507 1199 795 1262 δεποτάτος
819 1199 916 1260 τάς
948 1198 1041 1251 δύο
1075 1199 1277 1261 σκάλας
1304 1200 1383 1262 είς
1411 1197 1474 1250 τὸ
1492 1199 1709 1268 ἀριστε-

128 1294 221 1362 ρὸν
257 1294 426 1363 μέρος
452 1292 550 1360 τῆς
593 1291 785 1352 σέλλας
827 1290 946 1360 ἔχῃ⁸
971 1288 1114 1342 τοῦτ’
1139 1289 1254 1342 ἔστι
1281 1291 1380 1360 τὴν
1413 1289 1538 1357 μίαν
1571 1289 1707 1359 πρὸς

126 1383 204 1452 τῷ
235 1381 787 1453 ἐμπροσθοκουρϐίῳ,
822 1383 917 1433 καὶ
957 1381 1055 1449 τὴν
1079 1380 1275 1450 ἑτέραν
1309 1380 1441 1450 πρὸς
1470 1379 1549 1449 τῷ
1579 1380 1704 1431 ὀπι-

127 1475 491 1543 σθοκουρϐίῳ,
529 1473 614 1528 ἵνα
653 1473 782 1524 ὅταν
834 1470 1118 1540 μέλλουσιν
1151 1471 1201 1523 οι
1239 1470 1336 1523 δύο
1375 1470 1468 1522 ἐπὶ
1491 1469 1586 1522 τοῦ
1615 1469 1707 1521 ἴπ-

126 1582 230 1618 που
291 1563 634 1634 ἀνέρχεσθαι,
675 1565 703 1616 ὁ
737 1562 833 1633 μὲν
864 1561 952 1614 διὰ
983 1562 1084 1630 τῆς
1114 1561 1317 1624 σκάλας
1348 1561 1446 1631 τῆς
1493 1560 1704 1631 εμπρο·

126 1656 278 1720 σθεν,
314 1658 342 1709 ὁ
371 1657 428 1707 δὲ
452 1655 540 1707 διά
579 1655 679 1723 τῆς
708 1654 900 1720 ἐτέρας
931 1653 1135 1716 σκάλας
1164 1653 1470 1722 ἀνέρχεται.
1507 1653 1703 1720 ’Δνσγ-

124 1750 284 1800 καῖον
330 1747 386 1799 δέ
415 1749 529 1798 ἐστι
564 1747 688 1808 τοὺς
738 1745 1063 1813 λεγομένους
1092 1744 1454 1806 δεσποτάτους
1501 1743 1593 1796 καὶ
1623 1743 1703 1804 είς

124 1840 400 1909 φλασκεῖα
429 1838 570 1909 ὕδωρ
595 1837 882 1909 βαστάζειν
901 1835 988 1888 διά
1017 1836 1142 1900 τοὺς
1183 1835 1440 1898 πολλάκις
1485 1831 1702 1886 λιποθυο
1734 1817 1781 1879 Β

125 1932 366 2000 μοῦντας
397 1928 758 2002 τραυματίας.

193 2023 287 2076 νδ’.
343 2023 433 2075 Ἑν
463 2021 520 2073 δὲ
557 2020 632 2091 τῷ
684 2019 862 2090 καιρῷ
917 2021 1016 2090 τῆς
1064 2019 1245 2090 μάχης
1304 2015 1590 2088 φλάμουλα
1634 2017 1706 2071 τά

122 2115 393 2183 κοντάρια
428 2111 503 2182 μὴ
527 2113 826 2181 ἐχέτωσαν.
853 2111 1016 2165 Ὅσον
1050 2112 1159 2180 γάρ
1202 2111 1342 2161 εἰσιν
1374 2110 1452 2172 είς
1495 2107 1703 2162 ἐπίδει-

124 2205 205 2268 ξιν
233 2204 334 2256 καὶ
365 2205 575 2274 κόμπον
629 2205 903 2271 ἀναγκαῖα
963 2203 1032 2256 τά
1081 2201 1389 2271 φλάμουλα,
1449 2200 1704 2254 τοσοῦτόν

125 2298 266 2346 εἰσιν
295 2297 356 2348 ἐν
385 2296 504 2356 ταῖς
541 2295 744 2363 μάχαις
794 2293 1062 2363 ἄχρηστα.
1129 2292 1254 2345 Ἐάν
1297 2293 1404 2363 γάρ
1453 2309 1538 2356 τις
1576 2291 1702 2362 βού-

121 2386 284 2456 ληται
329 2386 598 2454 εὐκαίρως
647 2384 823 2454 ῥίψαι,
855 2383 888 2452 ἢ
921 2382 1221 2447 ἀκοντίσαι,
1251 2382 1282 2451 ἢ
1334 2382 1607 2448 τοξεῦσαι,
1640 2383 1702 2436 ού

124 2477 408 2545 συγχωρεῖ
438 2475 498 2526 τὸ
521 2473 830 2542 φλάμουλον
891 2472 1162 2541 εὐστόχως
1189 2473 1268 2533 είς
1303 2471 1483 2541 ὀρθὸν,
1539 2470 1572 2540 ἢ
1624 2471 1704 2535 είς

127 2569 304 2637 μῆκος
333 2565 625 2636 βάλλεσθαι
652 2565 712 2618 τὸ
735 2564 1085 2634 ῥιπτόμενον.
1132 2561 1257 2615 Ἐάν
1289 2562 1345 2614 δὲ
1378 2562 1471 2614 καὶ
1494 2560 1705 2626 τοξείας

125 2655 319 2726 καιρὸς
347 2656 600 2724 γένηται,
633 2649 1032 2721 παρεμποδίζει
1058 2652 1171 2713 τοῖς
1204 2649 1425 2702 δπισθεν
1448 2649 1699 2713 τοξεύου-

128 2765 229 2810 σιν,
257 2747 400 2799 άλλά
426 2749 520 2798 καὶ
543 2746 622 2808 είς
649 2743 747 2805 τὰς
772 2741 1058 2808 ὲξελασίας
1096 2741 1190 2793 καὶ
1223 2741 1302 2803 εἰς
1322 2740 1420 2802 τὰς
1441 2741 1701 2809 ἐπιστρο-

125 2840 230 2906 φάς
252 2840 348 2890 καὶ
374 2837 452 2900 είς
477 2837 576 2898 τάς
607 2833 973 2903 ἀντιστροφάς
1002 2832 1102 2884 οὐκ
1143 2830 1324 2898 ὀλίγον
1368 2830 1705 2899 έμποδισμὸν

123 2929 390 2981 ποιοῦσιν.
415 2927 523 2980 Καὶ
550 2927 638 2980 διά
657 2926 814 2981 τοῦτο
839 2928 896 2978 έν
924 2923 1043 2986 ταῖς
1067 2923 1266 2993 μάχαις
1285 2919 1454 2975 ταῦτα
1486 2937 1705 2990 χρημα-

123 3021 291 3083 τίζειν
313 3020 374 3072 οὐ
414 3020 629 3088 πρέπει.

193 3203 288 3250 vs’.
335 3195 496 3249 Ἀλλά
525 3193 611 3246 διά
644 3191 742 3263 μὲν
767 3191 856 3243 τὸν
885 3189 1098 3259 κόμπον
1150 3190 1249 3257 τῆς
1307 3183 1688 3256 παρατάξεως,

122 3288 266 3342 ῶστε
295 3285 585 3357 φαίνεσθαι
623 3283 863 3355 μήκοθεν
891 3283 1033 3351 ἔχειν
1059 3280 1158 3350 μὲν
1188 3277 1256 3331 τά
1287 3277 1572 3345 φλάμουλα
1616 3277 1700 3337 είς

124 3385 190 3433 sit
223 3379 512 3450 κοντάρια,
552 3377 656 3438 ἕως
691 3376 756 3428 ἃν
789 3376 836 3426 οἱ
867 3373 1051 3443 ἐχθροὶ
1081 3369 1359 3438 φθάσωσιν
1381 3367 1486 3420 ἀπὸ
1527 3365 1701 3435 μιλίου

125 3475 246 3535 ἑνός
281 3488 294 3502 ·
331 3471 441 3524 άπὸ
480 3470 600 3522 τότε
646 3468 703 3520 δὲ
764 3467 853 3519 ἵνα
903 3462 1264 3516 συστέλλωσιν
1314 3461 1454 3513 αὑτά
1501 3459 1594 3510 καὶ
1645 3459 1704 3508 ἐν

124 3567 238 3627 τοῖς
267 3561 554 3632 θηκαρίοις
575 3558 755 3612 αὐτῶν
785 3554 1135 3610 άποτιθῶσιν.

195 3653 307 3720 νς’.
345 3653 488 3724 Πρὸς
544 3650 756 3712 τούτοις
803 3645 1097 3715 κελεύομέν
1149 3660 1251 3708 σοι,
1305 3643 1392 3695 ἵνα
1441 3640 1548 3695 άπὸ
1597 3639 1704 3691 τῶν

129 3745 372 3816 ἰσχυρῶν
403 3745 495 3797 καὶ
515 3740 758 3794 δυνατῶν
789 3737 1084 3806 ταγμάτων
1101 3733 1464 3787 καθ’ἓκαστον
1495 3732 1701 3800 τάγμα,

125 3839 236 3890 ἀπὸ
263 3837 322 3889 δὲ
344 3835 457 3887 τῶν
483 3831 659 3886 ἀλλων
687 3826 1090 3896 ὑποδεεστέρων
1126 3823 1248 3876 καθ’
1278 3823 1516 3891 ἑκάστην
1549 3821 1706 3891 τούρ-

129 3948 241 3997 μαν
281 3924 688 3992 σκουλκάτορας
771 3921 938 3989 ἡγουν
995 3915 1341 3988 βιγλεύοντας
1402 3911 1705 3981 άφορίσεις,

125 4016 224 4068 δυο
255 4014 356 4084 μὲν
383 4011 520 4064 κατὰ
550 4012 737 4079 τάγμα
765 4048 779 4072 ,
816 4005 960 4059 ὀκτὼ
980 4005 1036 4057 δὲ
1069 4007 1101 4074 ῆ
1128 4003 1336 4056 δώδεκα
1369 4003 1509 4054 κατά
1537 4000 1698 4070 τούρ-

133 4125 244 4175 μαν
279 4105 595 4174 ἀγρύπνους
654 4101 748 4153 καὶ
796 4096 1253 4165 διεγηγερμένους
1306 4095 1400 4146 καὶ
1453 4093 1705 4163 γοργοὺς,

127 4199 326 4258 οἵτινες
346 4194 439 4245 καὶ
463 4192 569 4262 πρὸ
595 4189 689 4243 τοῦ
716 4188 954 4256 πολέμου
977 4187 1069 4239 καὶ
1092 4188 1149 4237 έν
1177 4182 1324 4252 αὐτῷ
1355 4182 1432 4251 τῷ
1481 4182 1706 4250 πολέμῳ

128 4291 186 4340 ἐν
218 4290 334 4347 τοῖς
365 4284 510 4347 ἰδίοις
563 4282 741 4335 αὐτῶν
774 4280 1002 4350 μέρεσιν
1055 4278 1134 4338 εἰς
1163 4274 1257 4337 οὓς
1296 4275 1389 4327 καὶ
1419 4274 1707 4327 τάσσονται

126 4379 334 4438 τόπους
390 4375 499 4427 άπὸ
545 4370 930 4440 διαστημάτων
995 4365 1345 4419 σκουλκεύειν
1405 4363 1708 4432 ὀφείλουσιν

130 4468 235 4530 ἕως
267 4466 364 4535 τῆς
381 4462 595 4526 τελείας
619 4460 714 4514 τοῦ
745 4458 982 4528 πολέμου
1007 4456 1309 4520 ἐκϐάσεως,
1335 4453 1422 4507 ἵνα
1477 4455 1552 4524 μὴ
1598 4453 1706 4506 άπὸ

130 4555 530 4625 ἐγκρύμματος
589 4548 859 4621 έπιδρομὴ
913 4548 946 4619 ἢ
1009 4547 1157 4609 δόλος
1204 4547 1385 4609 αὐτοῖς
1440 4545 1543 4598 ὑπὸ
1598 4545 1704 4598 τῶν

129 4646 351 4718 ἐχθρῶν
377 4646 689 4714 γενήσεται.

201 4739 306 4804 νζ.
351 4739 460 4792 Καὶ
505 4738 633 4799 τοὺς
677 4735 1104 4806 μινσουράτορας
1135 4732 1192 4785 δὲ
1222 4731 1505 4794 τοσούτους
1566 4725 1704 4785 εἶναι

129 4834 256 4894 τοὺς
280 4829 599 4900 ὀφείλοντας
621 4825 1046 4897 προλαμϐάνειν,
1081 4824 1173 4877 καὶ
1221 4823 1288 4876 τά
1322 4822 1559 4876 άπλικτα
1608 4839 1705 4893 με·

131 4922 306 4987 τρεῖν,
339 4918 432 4970 καὶ
470 4917 568 4980 τάς
635 4915 788 4977 ὁδοὺς
847 4911 1264 4985 προγινώσκειν,
1318 4913 1411 4965 καὶ
1457 4911 1592 4981 πρὸς
1637 4911 1706 4964 τά

132 5012 375 5066 άπλικτα
411 5008 503 5061 τὸν
531 5006 764 5076 στρατὸν
806 5005 1040 5075 ὁδηγεῖν.
1075 5003 1184 5056 Καὶ
1209 5004 1337 5074 περὶ
1374 5003 1471 5072 μὲν
1503 5001 1706 5055 τούτων

132 5101 378 5157 τοσαῦτα
404 5099 664 5171 εἰρήσθω.

203 5201 308 5265 νη’.
341 5194 462 5264 Χρὴ
482 5192 539 5244 δὲ
561 5192 660 5262 τὴν
694 5190 793 5260 σὴν
823 5187 1141 5258 ὲνδοξὸτητα
1164 5188 1235 5241 τά
1267 5189 1365 5258 μὲν
1417 5188 1517 5256 τῆς
1559 5186 1706 5258 πρώ-

133 5307 232 5361 της
277 5285 636 5357 παρατάξεως
672 5286 821 5354 -μέρη
869 5282 1327 5352 παρασκευάζειν,
1376 5280 1516 5332 ῶσῑε
1578 5283 1710 5350 πλη-

138 5383 252 5435 σίον
276 5378 522 5446 ἀλλήλων
541 5379 864 5446 περιπατεῖν
891 5375 964 5445 μὴ
996 5375 1102 5428 άπὸ
1128 5372 1321 5427 πολλοῦ
1345 5373 1707 5442 διαστήματος

137 5477 257 5544 ἢτοι
279 5471 678 5540 διαλείμματος
703 5468 765 5521 τὺ
801 5467 1003 5538 μεταξὺ
1038 5467 1217 5518 αὐτῶν
1256 5465 1362 5518 ἀπὸ
1403 5464 1600 5534 μέρους
1628 5464 1708 5528 εἰς

143 5567 331 5635 μέρος,
373 5562 489 5616 ἀλλ’
526 5562 649 5614 ὅσον
676 5561 752 5630 μὴ
815 5558 1199 5630 συντρίϐεσθαι
1235 5560 1292 5610 ὲν
1339 5555 1418 5625 τῷ
1475 5573 1709 5627 περιπα-

139 5662 272 5721 τεῖν,
295 5657 432 5727 μηδὲ
452 5655 844 5726 διακεκριμένα
888 5653 988 5708 ἀπ’
1016 5651 1260 5720 ἀλλήλων
1293 5649 1600 5718 φαίνεσθαι.

213 5748 314 5806 νϐ’.
347 5748 486 5810 Τοὺς
544 5747 598 5800 δὲ
646 5744 1092 5814 πλαγιοφύλακας
1142 5743 1303 5814 μέχρι
1336 5742 1435 5810 μὲν
1490 5742 1581 5795 τοῦ
1615 5745 1711 5809 ὲγ-

147 5843 321 5914 τέξειν
341 5842 468 5906 τοὺς
497 5839 725 5913 ἐχθροὺς
765 5839 932 5908 ἐγγὺς
961 5833 1121 5905 εἶναι,
1156 5837 1281 5890 ὅταν
1313 5834 1368 5889 δὲ
1423 5833 1710 5903 ἑγγίζωσιν

1997 922 2064 977 Ut
2095 935 2224 975 vero
2253 919 2411 973 facile
2437 918 2803 973 conscendere
2829 931 3003 986 equos
3037 917 3245 984 possint
3275 923 3388 970 tum

1813 1012 2102 1084 despotati,
2134 1020 2247 1064 tum
2275 1011 2476 1063 milites
2505 1009 2792 1075 vulnerati,
2825 1010 2918 1078 qui
2950 1023 3013 1060 ex
3047 1007 3204 1075 equis
3241 1009 3390 1062 cecio

1813 1107 2032 1169 derunt,
2077 1120 2174 1173 par
2197 1117 2303 1168 est,
2331 1103 2680 1171 utdespotati
2711 1102 2849 1157 duas
2885 1102 3066 1157 scalas
3103 1099 3170 1153 ad
3201 1101 3389 1154 lteram

1810 1208 2018 1268 partem
2044 1199 2188 1252 sella!
2218 1197 2475 1261 habeant,
2505 1209 2668 1248 unam
2697 1194 2763 1247 ad
2790 1194 3389 1262 emprosthocurbium,

1812 1291 1863 1342 id
1902 1299 1980 1342 est
2021 1291 2311 1344 antileuam
2337 1331 2352 1354 ,
2393 1290 2621 1342 alteram
2663 1286 2732 1340 ad
2780 1285 3280 1352 epiSthoeurbinm,
3335 1283 3388 1337 id

1809 1389 1892 1435 est
1941 1382 2262 1451 postilenam
2286 1420 2302 1442 .
2339 1392 2398 1434 ut
2422 1379 2649 1450 quando
2678 1379 2729 1432 ht
2761 1378 2870 1430 duo
2896 1392 3096 1445 equum
3123 1392 3386 1434 conseen~

1803 1471 1919 1526 suri
1957 1482 2115 1535 sunt,
2146 1472 2285 1527 alter
2314 1472 2381 1526 ad
2413 1471 2615 1526 scalam
2647 1473 2904 1534 anticam,
2941 1469 3077 1521 alter
3115 1467 3178 1519 ad
3216 1467 3387 1535 posti-

1802 1577 1920 1617 cam
1952 1564 2301 1618 eonscendal.
2349 1561 2550 1616 Ferant
2591 1570 2771 1615 autem
2813 1560 3080 1630 despotati
3112 1573 3296 1614 secum
3332 1557 3388 1612 in

1807 1655 2070 1726 phlasciis
2097 1670 2318 1725 aquam,
2354 1654 2480 1724 quia
2512 1667 2654 1722 saepe
2677 1653 2905 1707 sauciati
2938 1653 3123 1707 animo
3152 1650 3386 1706 deiicere

1806 1748 2002 1803 solent.

1876 2017 1966 2072 64.
1996 2017 2128 2072 Belli
2169 2016 2342 2085 ipsius
2395 2025 2659 2084 tempore,
2703 2015 2872 2068 hasne
2907 2028 2972 2067 ne
3009 2011 3247 2066 habeant
3281 2009 3381 2065 ﬂa-

1805 2113 1984 2178 tnula;
2031 2113 2086 2167 in
2111 2126 2221 2180 quo
2263 2110 2409 2164 enim
2454 2109 2521 2162 ad
2567 2109 2990 2162 ostentationem
3028 2115 3081 2160 et
3133 2120 3383 2174 pompam

1804 2206 2118 2260 necessaria
2145 2212 2296 2267 sunt,
2346 2201 2400 2254 in
2428 2215 2495 2256 eo
2532 2201 2599 2254 ad
2650 2199 2847 2254 bellum
2900 2198 3198 2267 gerendum
3262 2197 3386 2250 iuu—

1807 2300 1918 2354 tilia
1999 2304 2151 2351 sunt.
2214 2294 2271 2348 Si
2335 2294 2482 2347 cnim
2548 2293 2674 2362 quis
2745 2299 3050 2361 opportune
3113 2290 3388 2358 conjicere

1806 2392 2058 2453 voluerit,
2117 2388 2233 2443 sive
2292 2386 2564 2455 jaculum,
2610 2385 2725 2438 sive
2793 2384 3072 2452 sagittam,
3105 2382 3385 2436 llamulum

1806 2495 2004 2552 magno
2033 2481 2424 2548 impedimento
2451 2478 2519 2530 ad
2557 2477 2607 2529 id
2651 2476 2773 2539 erit,
2831 2484 2892 2529 ut
2944 2475 3028 2528 vel
3088 2489 3256 2543 prope
3282 2538 3286 2542 δ
3316 2473 3386 2527 ad

1804 2586 2052 2642 scopum,
2102 2570 2186 2623 vel
2219 2570 2285 2622 ad
2304 2570 2540 2636 spatium
2581 2566 2803 2636 aliquod
2854 2565 3072 2634 longum
3125 2565 3384 2633 proiicia-

1807 2674 1914 2717 tur.
1947 2662 2045 2715 Sin
2096 2661 2421 2729 sagittarum
2477 2657 2852 2724 jaricndarum
2917 2666 3132 2727 tempus
3196 2656 3386 2722 fuerit,

1805 2753 2026 2807 ﬂatnula
2059 2751 2351 2805 admodum
2387 2747 2742 2801 retardabunt
2805 2747 3118 2815 sagittarios
3170 2763 3199 2801 a
3236 2757 3388 2816 tergo

1806 2845 2034 2913 sagittas
2065 2842 2401 2895 emilteutes.
2430 2840 2511 2891 Ad
2550 2839 2903 2892 excursiones
2933 2848 3114 2892 autem
3170 2853 3385 2901 omnes,

1805 2936 2218 2998 conversiones,
2268 2930 2634 2993 reversiones,
2713 2929 2857 2984 haud
2924 2946 3091 2999 parvo
3152 2930 3385 2998 impedi-

1806 3038 1991 3083 mento
2043 3034 2203 3080 sunt'
2245 3024 2428 3092 itaque
2476 3024 2528 3075 in
2562 3023 2703 3077 bello
2768 3023 2996 3076 minime
3054 3022 3160 3076 illis
3228 3029 3387 3074 uten-

1724 3151 1766 3208 ο
1807 3125 1934 3178 dum
1970 3128 2074 3172 est.

1986 3210 2067 3263 Ad
2092 3207 2440 3277 splendorem
2486 3205 2622 3258 aciei
2690 3204 3111 3268 honestandum,
3148 3213 3206 3257 ut
3244 3205 3386 3258 emi-

1803 3318 1908 3358 nus
1938 3301 2007 3354 ab
2034 3297 2290 3352 hostibus
2317 3295 2536 3349 ﬂamnla
2568 3296 2620 3347 iu
2680 3295 2852 3348 hastis
2888 3307 3208 3362 cernantur,
3255 3297 3384 3348 dum

1803 3393 1995 3446 hostes
2022 3389 2164 3442 intra
2214 3402 2382 3440 unum
2410 3385 2642 3437 milliare
2668 3394 2817 3446 sunt,
2852 3384 3032 3437 vah-nt
3066 3403 3080 3451 ;
3116 3397 3229 3439 tum
3256 3400 3386 3439 vero

1799 3483 2082 3538 retraltaut
2103 3495 2190 3545 ea,
2224 3488 2280 3532 et
2306 3479 2360 3530 in
2390 3477 2564 3531 thecis
2593 3475 2709 3528 suis
2741 3487 3029 3544 reponant.

1871 3666 1961 3721 56.
1997 3665 2078 3717 Ad
2110 3664 2226 3716 inec
2273 3659 2645 3731 praecipimus.
2680 3668 2739 3713 ut
2769 3659 2813 3711 si
2846 3656 3015 3712 fo:tes
3048 3672 3111 3711 ac
3147 3667 3387 3710 strcunte

1805 3757 2010 3811 fuerint
2048 3756 2325 3817 cohortes,
2360 3752 2593 3822 singulis
2621 3750 2943 3804 cohortibus
2993 3749 3127 3811 duo,
3165 3751 3250 3804 sin
3279 3750 3382 3802 ηιί-

1804 3862 1928 3911 uus,
1962 3861 2029 3900 ex
2068 3843 2299 3912 singulis
2319 3843 2517 3896 turmis
2545 3851 2694 3906 octo,
2729 3849 2823 3893 aut
2852 3841 3140 3893 duodecim
3169 3841 3385 3894 sculca-

1807 3945 1991 3999 tores,
2023 3944 2077 3987 ct
2108 3934 2442 4002 biglevoiites
2464 3971 2479 3995 ,
2521 3947 2664 4000 quos
2718 3932 3088 4000 speculatores
3123 3940 3178 3985 et
3221 3947 3388 3985 escu-

1807 4029 1928 4083 bias
1957 4027 2312 4095 appellamus,
2371 4023 2678 4092 vigilantes,
2713 4023 2991 4088 industrii,
3047 4033 3228 4078 truces
3289 4023 3388 4076 eli-

1809 4129 2026 4189 gantur,
2046 4119 2138 4186 qui
2178 4125 2306 4169 ante
2331 4115 2556 4177 bellum,
2589 4124 2643 4169 et
2672 4115 2790 4183 ipso
2829 4115 2881 4167 in
2943 4114 3083 4167 bello
3109 4130 3280 4182 usque
3317 4115 3384 4168 ad

1810 4212 1978 4265 totius
2011 4210 2136 4262 belli
2161 4209 2389 4271 exitum,
2422 4207 2491 4261 iis
2524 4209 2577 4260 in
2612 4208 2770 4285 locis,
2804 4207 2856 4264 in
2908 4206 3110 4276 quibus
3168 4207 3386 4260 eminus

1809 4301 2182 4362 collocantur,
2215 4298 2502 4368 diligenter
2543 4299 2659 4350 suis
2717 4297 2912 4350 turmis
2965 4305 3017 4350 et
3065 4295 3386 4353 cohortibus

1813 4391 2169 4462 prospiciam,
2204 4398 2259 4444 ct
2281 4389 2656 4459 speculentur,
2697 4405 2765 4442 ne
2796 4403 2902 4457 qua
2937 4403 3004 4442 ex
3039 4387 3255 4443 insidiis
3298 4389 3381 4443 itt-

1736 4489 1782 4546 n
1811 4481 1994 4537 cursio
2017 4488 2112 4534 aut
2133 4479 2291 4534 dolus
2307 4479 2547 4533 hostium
2587 4478 2927 4533 obversetur.

1885 4750 2400 4806 57.5lensuratores
2460 4759 2641 4805 autem
2684 4749 2909 4804 totidem
2965 4764 3087 4804 esse
3147 4759 3382 4818 Oportet,

1827 4843 1916 4912 qui
1963 4841 2181 4910 aplicta,
2233 4842 2287 4895 id
2315 4850 2399 4896 est
2445 4849 2624 4896 castra
2677 4840 2974 4908 anticipare
3033 4848 3087 4893 et
3144 4839 3384 4893 dimetiri

1814 4933 2032 4997 debent,
2064 4933 2292 5001 viasque
2323 4931 2632 5004 providere,
2664 4940 2825 5000 atque
2869 4930 2935 4984 ad
2965 4939 3145 4984 castra
3175 4931 3386 4987 exerci-

1815 5037 1926 5084 tum
1952 5026 2174 5080 ducere.
2236 5028 2308 5080 Ae
2369 5025 2436 5078 de
2468 5023 2535 5078 iis
2567 5023 2682 5077 haec
2727 5037 2758 5075 a
2789 5021 2947 5075 nobis
3004 5021 3148 5075 dicta
3194 5031 3376 5075 sunto.

1885 5203 2236 5260 58.Primaln
2263 5204 2437 5257 aciem
2471 5202 2552 5257 sic
2589 5200 2830 5271 dignitas
2882 5210 2969 5255 tua
3029 5200 3284 5265 instruet,
3325 5210 3381 5255 ut

1815 5310 1983 5364 prope
2010 5309 2071 5349 se
2100 5301 2290 5347 mutuo
2317 5291 2620 5356 ambulent,
2661 5304 2838 5360 neque
2871 5289 3088 5359 longius
3122 5288 3382 5342 interval—

1817 5387 1928 5439 lum
1962 5394 2057 5440 aut
2084 5385 2319 5454 spatium
2363 5383 2710 5452 interiectum
2746 5383 2838 5446 sit,
2889 5396 3051 5450 quam
3095 5389 3154 5433 ut
3203 5393 3271 5434 ne
3323 5395 3381 5432 se

1816 5487 2004 5533 mutuo
2033 5478 2087 5531 in
2123 5477 2316 5531 itinere
2349 5475 2610 5546 atlligant,
2643 5489 2711 5530 ne
2735 5472 2898 5528 nimis
2929 5487 2960 5527 a
2985 5487 3044 5527 se
3091 5479 3274 5542 partes
3299 5470 3382 5525 di-

1815 5579 1959 5624 stare
1994 5568 2296 5621 videantur.

1885 5747 1970 5799 59.
2013 5743 2265 5798 Laterani
2307 5743 2611 5813 usquedum
2659 5741 2840 5794 hostes
2885 5750 3053 5808 prope
3103 5734 3377 5793 aﬂucriut,

1823 5839 1958 5894 aciei
1993 5837 2216 5905 reliquae
2277 5835 2516 5906 adjnncti
2571 5835 2716 5890 sint:
2770 5841 2882 5887 tum
2938 5839 3118 5886 autem
3175 5825 3381 5894 sagitta:
