4176 6442
136 439 243 502 825

1163 447 1496 507 TACTICA.
1523 470 1591 482 -
1624 447 2131 509 CONSTITUTIO
2160 453 2297 512 ΧΙΙ.

3289 460 3391 525 826

134 522 508 617 ἔσομετὼπους
532 547 830 603 τάσσεσθαι
862 548 1004 621 μετά
1038 550 1148 604 τῶν
1177 553 1408 623 βάνδων,
1445 554 1541 610 καὶ
1586 555 1691 608 ἔπιε

1815 557 1959 610 intra
2016 560 2180 613 unius
2247 568 2343 612 aut
2400 560 2624 614 alterius
2683 561 2893 632 sagitta:
2945 563 3152 635 jactum
3207 565 3391 622 hostes

132 638 357 691 ϐλέπειν
379 641 474 693 καὶ
490 639 753 710 ἁρμόζειν
779 642 879 711 τὴν
897 640 1053 707 τάξιν
1073 658 1085 672 ·
1104 643 1233 698 ὅταν
1257 645 1314 699 δὲ
1371 646 1539 718 μέλλῃ
1577 664 1714 718 συμ-

131 729 264 796 ϐολὴ
304 731 572 797 γίνεσθαι,
605 732 672 785 ὲκ
700 732 810 785 τῶν
837 733 1025 787 ίδικῶν
1043 735 1224 789 αὐτῶν
1247 736 1552 808 ἀνθρώπων
1585 740 1715 802 τοὺς

129 824 540 893 γενναιοτέρους
615 824 697 886 είς
763 824 828 877 τὸ
891 823 1121 895 πλάγιον
1187 827 1369 880 αὐτῶν
1431 830 1714 900 παρατάσ-

133 911 350 976 σεσθαι,
370 913 466 964 καὶ
492 913 859 983 προέρχεσθαι
888 916 970 979 είς
983 917 1105 986 ὄψιν
1126 917 1327 988 αὐτῶν,
1345 922 1436 973 καὶ
1466 921 1710 984 σκέπειν,

132 1003 227 1053 καὶ
259 1003 506 1066 ἐκείνους
529 1005 730 1074 μᾶλλον
755 1007 944 1075 χεῖρας
962 1003 1245 1077 μιγνύειν.

192 1094 306 1159 ξς’.
337 1095 448 1163 Τὴν
491 1095 548 1148 δὲ
601 1098 700 1167 σὴν
755 1097 1074 1169 ὲνδοξότητα
1151 1099 1476 1170 κελεύομεν,
1552 1103 1713 1173 μέχρι

130 1185 231 1253 μὲν
259 1188 506 1258 όκαιρὸς
554 1189 654 1259 τῆς
693 1190 973 1262 συμϐολῆς
1024 1192 1275 1263 γένηται,
1325 1194 1569 1261 τάσσειν,
1621 1200 1713 1250 καὶ

127 1281 471 1346 ἐπιϐλέπειν,
500 1284 594 1338 καὶ
624 1284 962 1355 ἁρμόζεσθαι
985 1289 1052 1358 τῇ
1091 1287 1198 1342 τῶν
1227 1276 1441 1360 ἐχθρῶν
1475 1293 1710 1362 κινήσει.

125 1372 259 1425 Τότε
296 1373 353 1425 δὲ
387 1375 444 1426 ὲν
468 1374 545 1445 τῷ
581 1377 735 1448 ἰδικῷ
762 1396 857 1432 σου
898 1381 1156 1451 ἔρχεσθαι
1187 1385 1456 1453 τάγματι,
1483 1386 1619 1458 ὅπερ
1648 1388 1710 1442 οὐ

127 1463 258 1530 πρὸ,
299 1465 500 1535 μάχην,
533 1466 668 1520 ἀλλὰ
689 1470 825 1539 πρὸς
853 1472 1056 1526 σκοπόν
1085 1491 1209 1527 τινα
1243 1476 1338 1528 καὶ
1377 1477 1575 1531 κανόνα
1609 1480 1710 1548 τῆς

122 1561 351 1626 πρωτης
383 1559 754 1632 καὶδευτέρας
792 1561 1003 1629 τάξεως
1027 1566 1290 1622 τέτακται
1329 1586 1341 1600 ’
1384 1571 1529 1624 τοῦτ’
1565 1571 1709 1625 ἐστιν

121 1648 180 1698 ὲν
205 1648 283 1717 τῷ
311 1650 462 1720 μέσῳ
492 1652 676 1723 χωρίῳ
705 1654 804 1724 τῆς
822 1654 1083 1728 δευτέρας
1110 1660 1339 1725 τάξεως.

192 1739 296 1803 ξςε.
325 1742 502 1797 Πολλὰ
532 1744 586 1798 δὲ
626 1745 847 1813 βοὺκινα
887 1749 1066 1804 λαλεῖν
1114 1752 1147 1822 ἢ
1206 1757 1376 1808 κινεῖν
1427 1759 1483 1811 ἐν
1529 1758 1708 1832 καιρῷ

122 1832 326 1901 μάχης,
354 1833 430 1896 ὡς
459 1835 746 1901 ὲπιϐλαϐὲς
779 1839 839 1892 ὃν
885 1841 947 1894 οὐ
1001 1842 1466 1916 συμϐουλεύομεν,
1512 1848 1598 1903 ἵνα
1630 1850 1704 1922 μὴ

1815 646 2021 703 fuerint
2052 668 2064 704 :
2098 649 2189 704 ubi
2221 657 2401 703 autem
2432 652 2839 706 committenda
2864 655 3009 710 acies
3036 665 3186 722 sunt,
3247 667 3382 712 stre-

1816 738 2113 793 nuissimos
2149 755 2397 809 quosque
2418 755 2482 794 ex
2516 741 2630 798 suis
2662 741 2793 798 viris
2827 743 2893 798 ad
2929 743 3073 800 latus
3106 762 3267 803 suum
3301 749 3389 803 in-

1815 837 2051 893 struant,
2083 840 2136 884 et
2161 832 2214 884 in
2252 831 2467 886 illorum
2503 843 2858 904 conspectum
2893 836 3138 904 veniant,
3157 838 3388 912 illosque

1815 920 1882 974 ad
1907 937 2101 977 manus
2126 925 2496 979 conserendas
2526 925 2828 995 impellant.

1884 1099 1974 1154 66.
2001 1099 2260 1173 Dignitati
2291 1111 2399 1157 tuae
2428 1105 2796 1176 praecipimus,
2828 1119 2887 1164 ut
2918 1125 3094 1180 usque
3132 1112 3199 1166 ad
3253 1128 3389 1170 con-

1813 1188 2128 1248 ﬂictationis
2173 1203 2390 1263 tempus
2425 1196 2688 1263 instruas,
2717 1201 3044 1268 perlustres,
3093 1211 3261 1274 atque
3293 1205 3390 1259 ad-

1812 1297 1971 1353 pares
2002 1285 2304 1339 exercitum
2341 1288 2607 1343 adversus
2643 1289 2884 1345 hostium
2918 1293 3179 1363 impetum
3222 1311 3389 1350 :con-

1811 1374 1971 1429 sertis
1999 1379 2110 1445 jam
2146 1377 2404 1434 manibus
2443 1379 2509 1434 ad
2551 1389 2701 1434 tuam
2757 1383 2929 1452 ipsius
2977 1386 3257 1441 cohortem
3300 1403 3390 1443 ve-

1811 1466 1951 1532 nias,
1989 1481 2096 1521 non
2160 1477 2219 1522 ut
2265 1469 2336 1523 ibi
2395 1472 2686 1541 prmlieris,
2721 1473 2815 1528 sed
2866 1482 2929 1528 ut
2983 1475 3301 1544 speculcris,
3335 1488 3391 1534 et

1809 1560 2109 1630 perlustres
2156 1571 2269 1616 tum
2298 1565 2549 1632 primam,
2588 1575 2699 1620 tum
2731 1567 3028 1622 secundam
3055 1570 3250 1635 aciem,
3286 1571 3390 1627 hoc

1809 1660 1895 1706 est
1943 1652 2008 1705 ad
2055 1654 2290 1708 medium
2339 1657 2516 1710 locum
2573 1658 2825 1714 secundae
2855 1661 3012 1716 aciei.

1879 1742 1971 1798 6‘7.
2002 1742 2202 1798 Multas
2224 1747 2484 1801 bucciuas
2517 1750 2796 1803 concitare
2833 1759 2997 1821 atque
3026 1753 3236 1819 inﬂare,
3259 1755 3384 1811 belli

1810 1845 2055 1906 tempore
2093 1837 2350 1892 inscitum
2388 1850 2554 1909 atque
2595 1840 2970 1898 inconsultum
2993 1859 3117 1901 esse
3144 1847 3384 1912 videtur,

118 1925 182 1975 ὲκ
204 1924 401 1979 τούτου
443 1927 672 1994 θόρυϐός
707 1948 789 1992 τις
853 1934 948 1986 καὶ
1011 1934 1275 2006 σύγχυσις
1320 1938 1568 2008 γένηται*
1610 1944 1691 1995 καί

1807 1931 1936 1998 quia
1987 1944 2051 1983 ex
2086 1945 2152 1983 eo
2185 1932 2522 1999 perturbatio
2563 1942 2618 1986 et
2671 1935 2924 1990 confusio
2951 1938 3181 2004 orietur,
3209 1955 3387 2010 neque

117 2017 225 2084 γὰρ
242 2016 334 2069 διὰ
367 2019 526 2072 τοῦτο
575 2022 697 2074 οὐδὲ
742 2024 808 2076 τὰ
843 2029 1338 2100 παραγγελλόμενα
1397 2032 1574 2096 καλῶς
1617 2035 1705 2099 ἐξ·

116 2103 418 2156 ακούεσθαι
443 2106 684 2163 δύναται.
727 2110 866 2164 Ἀλλ’
902 2115 950 2165 εί
982 2117 1082 2185 μὲν
1119 2117 1148 2168 ό
1187 2119 1349 2183 τόπος
1393 2121 1591 2191 ὁμαλὸς
1610 2123 1699 2175 εὑ-

123 2191 280 2262 ρεθῇ,
317 2195 480 2264 ἀρκεῖ
506 2198 566 2251 τὸ
600 2200 848 2281 βούκιγον
878 2205 971 2258 τοῦ
1003 2207 1170 2277 μέσου
1228 2210 1428 2282 μέρους
1463 2213 1702 2285 ἑκατέρᾳ

115 2287 443 2354 παρατάξει.
474 2291 536 2344 Et
563 2292 618 2344 δὲ
635 2293 922 2366 ἀνώμαλός
972 2300 1145 2366 ἐστιν,
1174 2303 1207 2373 ἢ
1230 2304 1448 2374 άνεμος,
1475 2306 1552 2370 ὡς
1579 2306 1705 2360 πολ·

113 2375 291 2441 λάκις.
324 2383 642 2456 ταραχώδης
694 2390 947 2455 κινεῖται,
980 2391 1013 2462 ἢ
1047 2387 1182 2463 ἦχος
1240 2394 1432 2462 ὕδατος
1486 2415 1702 2470 παρεμ-

112 2472 325 2535 ποδίζει
365 2478 428 2546 τῇ
489 2483 638 2548 φωνῇ
702 2483 798 2532 τοῦ
852 2483 1111 2554 καθαρῶς
1179 2488 1549 2554 διακούεσθαι,
1602 2493 1702 2546 οὐκ

107 2562 318 2617 ἄτοπον
341 2569 464 2620 τότε
497 2571 591 2623 καὶ
623 2573 682 2623 ὲν
713 2576 825 2638 τοῖς
854 2574 1062 2640 λοιποῖς
1104 2579 1332 2650 μέρεσιν
1357 2583 1414 2636 ἓν
1447 2583 1701 2654 βούκινον

107 2657 165 2708 ἐν
198 2659 422 2727 ἑκάστῳ
453 2663 610 2732 μέρει
635 2663 835 2732 λαλεῖν,
870 2667 1010 2722 ὥστε
1063 2672 1189 2742 τρία
1241 2673 1420 2728 λαλεῖν
1478 2675 1699 2746 βούκινα

107 2749 166 2798 ἐν
200 2749 302 2821 ὅλῃ
331 2755 400 2823 τῇ
426 2756 751 2826 παρατάξει.
797 2759 962 2812 Ὅσον
985 2762 1095 2832 γὰρ
1117 2764 1150 2833 ή
1175 2765 1377 2836 ἡσυχία
1427 2767 1692 2845 φυλάττες

105 2856 220 2902 ται,
245 2839 506 2895 τοσοῦτον
519 2845 612 2897 καὶ
632 2846 679 2897 οί
707 2847 962 2918 νεώτεροι
987 2851 1275 2923 ἀτάραχοι,
1304 2855 1400 2908 καὶ
1431 2858 1498 2910 τά
1525 2839 1694 2926 άλογα

109 2932 368 3004 ἄπτυρτα
397 2934 630 3002 γίνεται,
673 2940 765 2991 καὶ
797 2941 829 3010 ή
874 2941 1026 3007 τάξις
1052 2945 1405 3018 φοϐερωτέρα
1457 2952 1568 3013 τοῖς
1601 2953 1694 3022 ὲχ-

107 3019 252 3089 θροίς
279 3023 557 3088 φαίνεται,
574 3028 665 3079 καὶ
689 3029 756 3081 τά
778 3032 1022 3097 μανδάτα
1043 3034 1279 3100 εὐκόλως
1308 3019 1692 3106 γινώσκονται.

175 3108 279 3179 ἐπ’.
318 3112 411 3164 Διὸ
446 3113 565 3167 οὐδὲ
596 3117 694 3186 τὴν
760 3119 887 3172 οἷαν
941 3120 1034 3174 οὖν
1093 3124 1277 3194 φωνὴν
1315 3127 1562 3198 ἀκαίρως
1613 3130 1698 3184 δεῖ

1808 2021 1952 2075 enim
1982 2021 2119 2076 bene
2156 2021 2418 2090 imperata
2439 2025 2684 2078 exaudiri
2713 2037 2968 2095 possunt.
2994 2027 3053 2083 Si
3104 2030 3249 2084 enim
3301 2031 3384 2085 lo-

1806 2127 1906 2167 cus
1938 2112 2223 2181 aequabilis
2264 2111 2447 2174 fuerit.
2480 2116 2672 2171 media;
2727 2123 2921 2172 turmae
2973 2117 3207 2174 buccina
3243 2123 3383 2174 utri-

1806 2219 1912 2275 que
1936 2206 2072 2262 aciei
2125 2207 2260 2262 satis
2318 2206 2505 2263 l‘uerit.
2559 2207 2653 2262 Sin
2709 2208 2996 2279 inaequalis
3046 2210 3230 2275 fuerit,
3287 2222 3383 2267 aut

1807 2305 2021 2361 ventus,
2053 2299 2200 2366 quod
2229 2313 2372 2367 saepe
2405 2300 2485 2364 tit,
2518 2299 2868 2355 turbulentus
2899 2300 3009 2366 llet,
3073 2303 3154 2358 vel
3211 2319 3382 2373 aqua-

1807 2404 1924 2442 rum
1964 2404 2228 2446 susurrus
2258 2405 2446 2446 vocem
2465 2391 2613 2446 clare
2641 2393 2891 2447 exaudiri
2923 2395 3208 2464 impediat.
3232 2396 3382 2452 haud

1804 2480 1899 2534 abs
1929 2495 1984 2534 re
2014 2479 2179 2536 fuerit
2221 2481 2274 2536 in
2311 2482 2538 2552 reliquis
2574 2476 2782 2540 turmis.
2804 2501 2970 2540 unam
3005 2487 3290 2543 buccinam
3325 2490 3380 2543 in

1806 2590 2134 2645 unaquaque
2165 2585 2345 2631 turma
2375 2591 2696 2647 personare,
2750 2587 2812 2633 ut
2859 2578 2912 2633 in
2965 2580 3080 2636 acie
3125 2582 3379 2637 universa

1804 2677 1915 2722 tres
1963 2668 2144 2724 solum
2202 2669 2456 2725 buccinae.
2503 2681 2696 2725 sonent
2764 2669 2980 2737 Quanto
3021 2674 3166 2728 enim
3204 2677 3382 2746 magis

1802 2761 2080 2816 silentium
2140 2772 2414 2829 servatur,
2474 2772 2628 2819 tanto
2680 2765 2856 2835 magis
2919 2766 3380 2824 adolescentiores

1801 2851 2032 2906 ﬁrmiori
2104 2854 2288 2908 animo
2352 2863 2502 2918 sunt,
2572 2865 2627 2909 et
2704 2853 2957 2924 iumenta
3038 2860 3212 2929 magis
3289 2859 3377 2915 iit-

1801 2943 2033 3013 trepida,
2086 2945 2344 3016 aciesque
2368 2945 2486 3016 ipsa
2576 2947 2829 3004 hostibus
2895 2949 3206 3013 terribilior
3255 2966 3377 3008 esse

1799 3033 2036 3099 videtur,
2075 3035 2457 3105 imperataque
2486 3037 2722 3091 celerius
2753 3050 2876 3094 nota
2915 3040 3073 3094 tium.

1869 3123 1956 3179 68.
2020 3124 2211 3205 ultaque
2267 3128 2358 3182 ubi
2409 3129 2682 3184 exercitus
2721 3129 2789 3184 ad
2849 3131 3049 3187 bellum
3107 3137 3373 3204 procedit,

109 3201 402 3255 ἀκούεσθαι
435 3208 572 3275 μετά
609 3209 670 3260 τὸ
700 3211 965 3265 κινεῖσθαι
1001 3213 1099 3285 τὴν
1130 3217 1436 3288 παράταξιν
1460 3221 1551 3274 ἐπὶ
1586 3224 1686 3276 πό-

1797 3201 2243 3289 ηυιιδιηόροτιοι
2274 3236 2463 3276 vocem
2493 3236 2586 3276 aut
2607 3240 2801 3277 sonum
2828 3238 2857 3277 a
2895 3201 3175 3295 quoquam
3205 3201 3376 3282 teme;

108 3296 158 3347 λε
169 3316 290 3366 μον,
311 3299 580 3371 ἀλλάξᾰμα
607 3305 700 3358 τοῦ
725 3306 961 3370 ἐξελθεῖν
985 3309 1092 3362 άπὸ
1114 3311 1206 3364 τοῦ
1236 3314 1505 3382 φοσσάτου
1524 3318 1690 3388 ἤγουν

1795 3323 1854 3363 re
1885 3310 2080 3374 emitti,
2136 3311 2230 3365 sed
2266 3313 2430 3366 simul
2459 3321 2517 3365 ut
2547 3329 2576 3367 e
2607 3315 2805 3369 castris
2830 3314 2897 3369 ad
2947 3315 3202 3384 prmlium
3230 3320 3377 3373 vadit

107 3386 197 3437 τοῦ
232 3389 504 3442 ἁπλίκτου
526 3391 617 3444 τὸν
650 3396 883 3465 στρατὸν
915 3398 1006 3450 ἐπὶ
1034 3399 1132 3471 τὴν
1186 3401 1368 3474 μάχην
1428 3386 1691 3462 παντοίαν

1793 3401 1958 3469 acies,
2001 3401 2164 3456 tacita
2190 3403 2294 3456 iter
2329 3403 2513 3470 faciat,
2549 3405 2798 3476 nihilque
2829 3415 3036 3461 temere
3063 3407 3324 3478 loquatur
3359 3431 3371 3466 :

106 3481 340 3548 ἡσυχίαν
363 3482 520 3551 ἄγειν
539 3487 632 3538 καὶ
664 3487 832 3557 μηδὲν
862 3491 1108 3561 ἀκαίρως
1135 3495 1492 3564 φθέγγεσθαι.
1518 3500 1691 3554 Τοῦτο

1793 3479 1896 3546 hoc
1946 3494 2093 3546 enim
2127 3508 2234 3547 non
2267 3497 2431 3548 modo
2456 3496 2757 3552 exercitum
2789 3495 3176 3552 animosiorem
3221 3499 3372 3567 facit,

120 3573 211 3641 γάρ
242 3575 302 3624 οὐ
339 3577 501 3643 μόνον
524 3577 614 3629 τὸν
644 3582 874 3650 στρατὸν
917 3584 1192 3655 ἀτάραχον
1255 3589 1688 3658 φυλάττει,ἀλλά

1793 3583 1882 3638 sed
1914 3593 1968 3640 et
1998 3585 2375 3655 praefectorum
2406 3587 2664 3646 cohortes
2697 3588 2962 3645 attentius
3009 3590 3372 3648 animadverti

108 3664 196 3714 καὶ
221 3664 290 3716 τὰ
321 3665 434 3716 τῶν
457 3667 738 3737 ἀρχόντων
779 3671 947 3741 βάνδα
966 3676 1108 3744 μετά
1136 3681 1409 3752 προσοχῆς
1451 3683 1686 3738 ἀποσκο-
1790 3672 1942 3728 fac"-

106 3756 322 3809 πεῖσθαι
339 3760 501 3814 ποιεῖ.

173 3845 270 3911 ξδ’.
301 3847 376 3899 Τὸ
403 3848 459 3901 δὲ
497 3852 697 3922 μέτρον
725 3857 818 3907 καὶ
844 3856 943 3928 τὴν
973 3859 1234 3930 ποιότητα
1256 3862 1354 3933 τῆς
1409 3866 1684 3937 συμϐολῆς

102 3938 232 3990 αὐτὸ
254 3940 313 3990 τὸ
338 3943 565 4012 πρᾶγμα
579 3944 888 4016 δοκιμάζει,
912 3951 1057 4022 καὶή
1081 3953 1348 4027 σφίγξιςή
1372 3959 1682 4027 πρέπουσα,

103 4035 191 4082 καὶ
227 4033 262 4102 ή
292 4033 405 4087 τῶν
429 4035 640 4106 ἐχθρῶν
664 4040 962 4110 παρουσία.
981 4044 1090 4097 Καὶ
1131 4046 1384 4102 κινοῦντα
1423 4050 1524 4118 μὲν
1547 4052 1684 4122 πρὸς

101 4123 196 4185 τὴν
229 4126 558 4198 συμπλοκὴν
584 4129 683 4198 τὴν
717 4133 923 4204 συνήθη
954 4138 1280 4208 νικητήριον
1316 4140 1411 4194 τοῦ
1441 4144 1679 4213 σταυροῦ

101 4214 284 4284 φωνὴν
308 4217 553 4288 ἀνακράζ
557 4237 634 4273 ειν
658 4221 757 4276 δεῖ.

163 4315 228 4361 o'.
271 4309 443 4363 Ὅταν
477 4313 533 4364 δὲ
559 4315 638 4377 εἰς
666 4318 857 4386 χεῖρας
883 4316 1013 4394 ἔλθῃ
1039 4322 1068 4374 ό
1118 4323 1370 4395 στρατὸς⁹
1389 4322 1512 4378 τότε
1542 4324 1676 4380 ἀλα·-

99 4396 357 4471 λάξειν,ῆ
386 4401 681 4472 ὡρύεσθαι,
718 4408 812 4461 καὶ
855 4409 1090 4478 μάλιστα
1115 4413 1241 4479 τοὺς
1274 4413 1498 4471 ὄπισθεν
1544 4433 1677 4471 τασ-

101 4493 361 4560 σομένους
391 4494 498 4547 τῶν
518 4498 662 4549 ίόίων
697 4500 798 4552 οὐκ
832 4500 1033 4555 ἄτοπόν
1056 4505 1223 4559 ἐστιν.

159 4787 259 4872 οαί
313 4783 604 4852 Ἀρμὸδιον
647 4786 704 4840 δὲ
758 4789 889 4859 ἡμῖν
924 4796 1320 4863 καταφαίνεται
1353 4799 1413 4852 ἐν
1460 4799 1539 4871 τῷ
1574 4802 1675 4872 τῆς

95 4871 420 4942 σλμπλοκῆς
455 4875 633 4946 καιρῷ
666 4879 758 4932 καὶ
788 4880 849 4932 τὸ
877 4882 986 4938 τῶν
1034 4884 1346 4956 λεγομένων
1407 4894 1675 4946 καντατὸ-

95 4966 406 5036 ρωνὲργον.
445 4962 607 5023 Οὗτοι
638 4971 693 5024 δέ
729 4975 868 5027 εἰσιν
897 4977 947 5028 οί
982 4977 1076 5032 τὸν
1113 4981 1344 5050 στρατὸν
1383 4983 1472 5038 διά
1500 4985 1674 5054 λόγων

93 5060 552 5130 παροτρύνοντες,
625 5065 716 5118 καὶ
755 5065 1237 5138 συμϐουλεύοντες,
1298 5074 1396 5128 καὶ
1456 5092 1665 5131 κατεπ-

92 5150 334 5220 ᾴδοντες,
373 5155 468 5206 καὶ
534 5159 983 5228 παρακαλοῦντες
1046 5163 1185 5235 πρὸς
1251 5166 1379 5230 τοὺς
1431 5168 1670 5237 ἀγῶνας,

92 5244 178 5295 καὶ
216 5244 326 5305 ἵνα,
355 5246 403 5297 εί
430 5245 675 5314 δυνατὸν,
719 5251 779 5317 ἐξ
808 5253 987 5306 αὐτῶν
1017 5255 1240 5309 ἐκείνων
1264 5258 1373 5311 τῶν
1404 5276 1671 5332 στρατιω-

92 5334 246 5404 τὼνῆ
275 5336 384 5387 τῶν
406 5340 680 5409 ἀρχόντων
707 5342 768 5418 τὸ
787 5343 1200 5416 τοιοῦτονέργον
1227 5353 1484 5406 ποιεῖται.
1519 5352 1669 5404 Ἐπι-

91 5425 334 5493 λὲγονται
367 5429 424 5482 δὲ
475 5432 752 5498 τοιούτους
814 5435 1028 5504 λογίους
1080 5439 1282 5512 ἄνδρας
1315 5444 1363 5495 οί
1405 5444 1667 5516 ἄρχοντες

91 5520 176 5571 καὶ
198 5520 459 5586 δυνατοὺς
495 5525 581 5578 διὰ
610 5527 784 5596 λόγων
808 5530 1018 5599 ὁμιλεῖν
1070 5532 1149 5603 τῷ
1185 5535 1422 5605 στρατῷ.
1470 5537 1535 5590 Ἦ
1556 5538 1665 5608 γάρ

91 5610 342 5663 κοινωνία
388 5612 482 5664 τοῦ
539 5617 786 5687 καμάτου
841 5621 934 5672 καὶ
1010 5620 1122 5675 τῶν
1170 5624 1350 5677 πόνων
1417 5625 1666 5681 εὐπειθε-

96 5702 313 5770 στέρους
369 5709 513 5758 ποιεί
548 5709 671 5773 τοὺς
693 5710 993 5777 ἀκούοντας
1039 5717 1152 5778 τοῖς
1192 5719 1664 5786 παρακολουθοὺσι

95 5796 547 5864 συστρατιώταις.

138 5886 440 5959 οβ’,Λέγειν
456 5893 509 5944 δὲ
533 5897 654 5958 τοὺς
676 5897 1009 5969 καντάτορας
1033 5899 1166 5971 πρὸς
1184 5902 1271 5958 τὸν
1292 5907 1520 5977 στρατὸν
1540 5925 1664 5979 προ-

1859 3877 1946 3931 69.
1997 3876 2216 3932 Modum
2269 3888 2323 3933 et
2351 3878 2582 3936 formam
2636 3885 2964 3957 conﬂigendi
2995 3906 3082 3947 res
3141 3893 3277 3964 ipsa,
3319 3905 3372 3950 et

1791 3969 2080 4024 commoda
2137 3970 2410 4038 deusatio,
2452 3983 2505 4026 et
2528 3973 2876 4030 inimicorum
2908 3983 3220 4049 praesentia,
3253 3985 3367 4040 elli-

1785 4062 1950 4116 cient.
2003 4060 2139 4114 Cum
2197 4077 2324 4116 vero
2372 4062 2485 4131 jam
2547 4068 2613 4120 ad
2663 4067 3122 4126 conﬂicrationem
3186 4091 3367 4129 movet

1784 4155 2080 4217 exercitus,
2117 4165 2374 4208 consueta
2410 4154 2737 4213 Christianis
2769 4175 2871 4214 vox
2916 4165 3232 4233 usurpanda
3264 4179 3366 4231 est,

1783 4246 2098 4316 νικητήριον
2137 4246 2229 4299 τοῦ
2270 4249 2527 4319 σταυροῦ,
2563 4251 2746 4307 crucis
2781 4253 3032 4309 victoria.

1855 4337 1942 4391 70.
1977 4337 2358 4406 Manibusjam
2394 4343 2661 4398 conscrtis
2693 4345 2964 4401 clamores
2993 4363 3158 4417 quam
3188 4352 3366 4406 maxi-

1783 4445 1905 4486 mos
1941 4430 2351 4497 altissrmosque
2402 4433 2565 4490 cdere
2597 4451 2704 4489 non
2739 4437 2935 4493 inutile
2979 4438 3165 4507 fuerit,
3199 4451 3364 4513 atque

1787 4537 1882 4577 eos
1912 4524 1964 4577 in
1994 4523 2210 4593 primis,
2278 4541 2371 4593 qur
2397 4541 2425 4579 a
2453 4536 2606 4597 tergo
2635 4528 2771 4583 aciei
2845 4531 3218 4596 instruuntur,
3247 4542 3359 4590 tum

1703 4614 1848 4672 Dad
1900 4614 2083 4670 hostes
2135 4618 2678 4685 perterrefacieudos,
2728 4631 2842 4675 tum
2876 4622 2944 4677 ad
2976 4636 3107 4679 suos
3167 4629 3367 4682 contir-

1780 4704 2032 4760 mandos.

1848 4800 1935 4854 7|.
1972 4801 2326 4855 Cautatorum
2380 4817 2598 4874 quoque
2648 4821 2848 4862 munus
2875 4808 2929 4862 in
2969 4801 3364 4881 prmlio'negli-

1780 4893 2014 4962 gendum
2073 4911 2180 4948 non
2239 4906 2320 4950 est
2367 4917 2378 4949 :
2420 4896 2456 4950 ii
2488 4908 2635 4963 sunt,
2671 4899 2764 4968 qui
2809 4900 3111 4956 exercitum
3151 4904 3385 4963 univer-,

1779 4999 1900 5040 sum
1932 4989 2174 5041 oratione
2226 5003 2321 5043 sua
2348 4990 2414 5044 ad
2447 4992 2693 5060 praelium
2735 4992 2989 5059 incitant,
3049 4997 3359 5067 impellunt,

1779 5080 2096 5145 consulunt,
2161 5081 2545 5140 adhortantur.
2608 5085 2664 5140 Si
2728 5087 2844 5142 lleri
2919 5090 3144 5158 poterit,
3194 5091 3357 5144 iidem

1778 5171 1980 5226 milites
2039 5173 2408 5245 praefectique,
2471 5177 2562 5246 qui
2605 5179 2673 5232 ad
2717 5179 3127 5236 dimicationem
3161 5198 3356 5251 proce-

1775 5263 1933 5328 dunt,
1965 5265 2029 5319 ad
2063 5265 2167 5319 hoc
2191 5282 2392 5322 munus
2418 5268 2727 5323 faciendum
2753 5271 3046 5342 eligantur.
3074 5272 3357 5345 Eligantur

1775 5365 1956 5410 autem
1991 5358 2311 5426 eloquentes
2358 5361 2478 5426 viri,
2512 5361 2718 5432 quique
2743 5364 2990 5420 oratione
3019 5381 3119 5420 sua
3147 5377 3356 5422 vertere

1775 5449 1827 5503 in
1861 5465 2050 5504 omnes
2090 5463 2270 5520 partes
2323 5454 2555 5509 militum
2588 5457 2803 5512 animos
2847 5458 3081 5528 possint.
3108 5459 3353 5515 Societas

1772 5541 1922 5598 enim
1961 5559 2139 5614 opera:
2189 5545 2566 5617 laborumque,
2601 5550 2774 5628 magis
2821 5551 3140 5608 obcdientcs
3186 5560 3354 5622 atque

1772 5637 1982 5690 alacres
2024 5639 2089 5692 ad
2135 5641 2542 5696 exhortationes
2592 5644 2973 5713 approbandas
3019 5641 3379 5715 persequen?

1769 5728 1977 5799 dasque
2002 5730 2146 5784 lacu.

1853 5909 1934 5964 72.
1988 5911 2308 5969 (lantaiores
2360 5926 2543 5972 autem
2597 5917 2842 5973 suasoria
2895 5916 3138 5987 quadam
3194 5926 3354 5986 atque
