4176 6442
714 398 815 458 897

1970 379 2165 441 LEON
2172 380 2243 440 IS
2280 377 2736 439 PHILOSOPHI

3853 372 3968 438 893

710 508 1115 566 exhortationes
1148 503 1279 555 rales
1322 498 1634 553 adhibeant.
1669 492 1912 546 Primum
1944 505 2279 545 commemo-
2308 524 2322 552 λ

2424 488 2650 557 ρεπτικά
2665 505 2785 541 τινα⁹
2816 487 2949 559 πρὸς
2966 504 3056 542 τον
3072 487 3305 557 πόλεμον
3332 486 3556 541 τοιαῦτα
3575 503 3587 516 ι
3626 484 3839 557 πρῶτον
3864 490 3967 553 μὲν

715 612 834 656 rent
877 596 1177 652 mercedem
1200 592 1320 646 fidei
1344 590 1395 643 in
1431 588 1597 641 Deum
1629 583 1857 639 :deinde
1887 582 2089 651 regiam
2117 581 2281 635 benc-

715 684 1314 745 licentiamzbcueﬁcia
1366 689 1491 735 ante
1524 677 1720 731 collata
1783 693 1795 729 :
1843 687 2063 727 causam
2112 687 2285 726 susce-

714 790 861 850 ptam
894 794 993 848 pro
1048 778 1176 839 Deo,
1203 784 1256 829 et
1291 774 1408 841 ejus
1441 771 1754 830 dilectione,
1801 782 1865 819 ac
1901 780 1998 835 pro
2030 763 2283 818 universa

715 871 957 932 natione,
976 878 1135 935 atque
1163 866 1296 917 adeo
1323 879 1419 932 pro
1444 861 1705 916 fratribus
1733 857 1989 911 omnibus
2015 854 2286 919 lidelibus,

717 969 771 1011 ct
805 960 849 1012 si
889 972 1020 1011 usus
1080 954 1238 1017 lerat,
1275 967 1373 1021 pro
1403 965 1590 1015 uxore,
1628 947 1831 1011 liberis,
1884 947 2057 1015 patria
2093 964 2107 1000 :
2141 960 2287 999 sem-

722 1050 984 1116 piternam
1041 1060 1163 1099 esse
1191 1043 1505 1097 meuroriam
1537 1054 1725 1093 eorum
1769 1039 1860 1107 qui
1899 1047 2121 1091 strenue
2148 1052 2207 1090 se
2238 1034 2289 1087 iri

727 1136 867 1189 bello
918 1150 1015 1203 pro
1060 1134 1287 1187 fratrum
1320 1131 1569 1184 libertate
1603 1138 1835 1198 gerunt:
1869 1135 2057 1181 contra
2084 1125 2290 1180 Christi

737 1225 923 1277 hostes
951 1224 1053 1276 hoc
1117 1220 1312 1274 bellum
1340 1228 1651 1288 susceptum
1677 1231 1801 1272 esse
1828 1234 1841 1268 :
1876 1230 1974 1268 nos
2002 1214 2169 1267 Deum
2195 1214 2289 1266 hac

726 1317 849 1368 bere
874 1314 1191 1383 propitium,
1226 1312 1279 1365 in
1312 1310 1467 1378 cujus
1498 1324 1661 1362 manu
1695 1322 1856 1361 omne
1888 1306 2011 1359 belli
2043 1321 2292 1359 momen-

728 1422 841 1461 tum
876 1408 1132 1476 ponitur:
1158 1404 1279 1458 illos
1307 1410 1525 1471 propter
1551 1398 1989 1453 incredulitatem
2020 1406 2297 1450 contrario

729 1502 783 1553 in
816 1510 957 1553 statu
988 1512 1128 1561 esse,
1162 1504 1215 1549 et
1246 1494 1292 1549 si
1326 1492 1455 1563 quid
1488 1493 1593 1546 tale
1630 1491 1995 1562 excogitatum
2035 1490 2126 1554 sit,
2155 1488 2297 1559 quod

730 1593 946 1646 illorum
978 1596 1186 1642 mentes
1208 1586 1275 1641 ad
1312 1586 1511 1642 bellum
1536 1583 1877 1638 inﬂammare
1910 1584 2101 1652 possit.
2136 1580 2293 1651 Ejus-

730 1682 876 1735 modi
924 1680 1070 1734 enim
1112 1680 1287 1732 oratio
1318 1676 1601 1730 commode
1627 1674 1833 1738 habita,
1870 1674 2079 1726 animos
2108 1672 2291 1724 liomr-

731 1788 862 1827 num
892 1775 1061 1842 r-ragis
1084 1770 1328 1839 impellit,
1361 1782 1524 1838 quam
1550 1780 1779 1836 magnus
1815 1765 2059 1834 pecunia:
2094 1777 2288 1817 nume-

734 1879 852 1916 I‘US.

812 2039 901 2092 η.
930 2037 1044 2092 Που
1078 2046 1258 2091 autem
1293 2034 1725 2105 praetereundum
1764 2046 1871 2086 non
1904 2040 1986 2085 est
2009 2046 2022 2081 :
2048 2028 2304 2099 quoniam

737 2134 925 2185 hostes
986 2128 1166 2194 facile,
1217 2142 1316 2197 pro
1371 2141 1599 2179 numero
1667 2122 1991 2193 insignium,
2042 2122 2305 2189 integram

735 2219 1137 2274 multitudinem
1178 2216 1450 2271 exercitus
1479 2227 1811 2284 cognoscere
1834 2218 2084 2281 possunt,
2111 2223 2306 2263 neces-

738 2312 945 2366 sarium
983 2324 1104 2366 esse
1150 2310 1487 2363 arbitramur
1510 2307 1619 2360 duo
1650 2306 1849 2360 similia
1886 2308 1942 2357 iu
1972 2313 2310 2372 unaquaque

737 2402 964 2456 cohorte
1023 2414 1146 2456 esse
1178 2399 1440 2467 insignia,
1491 2412 1660 2450 unum
1714 2396 1932 2464 quidem
1967 2393 2182 2448 comitis
2216 2406 2312 2445 rio-

740 2495 906 2560 mine,
952 2494 1183 2547 alterum
1241 2490 1634 2546 centuriarris:
1690 2497 1744 2543 et
1792 2497 2020 2556 utraque
2082 2484 2314 2553 insignia

742 2599 916 2653 usque
948 2584 1015 2638 ad
1046 2583 1188 2638 diem
1221 2582 1344 2637 belli
1381 2590 1681 2651 gestemur.
1710 2577 1804 2631 Dre
1834 2587 2012 2631 autem
2049 2576 2168 2645 ipso
2204 2574 2318 2626 bel-

744 2677 805 2740 li,
840 2676 1150 2729 autlrentica
1209 2675 1385 2728 bauda
1446 2673 1561 2727 sola
1620 2672 1903 2725 eleverrtur
1930 2677 1987 2722 ut
2022 2683 2088 2722 ne
2132 2666 2318 2720 multis

748 2768 1061 2837 insignibus
1084 2767 1315 2821 elevatis
1374 2766 1557 2820 omnia
1613 2762 1969 2823 misceantur,
2032 2760 2321 2828 minusque

746 2861 961 2929 cognita
1012 2862 1121 2913 sint
1180 2860 1297 2914 suis
1354 2858 1596 2927 ipsorum
1650 2855 1918 2909 militibus
1964 2852 2111 2907 :lrac
2174 2852 2320 2905 enim

747 2954 961 3007 ratione
1019 2952 1127 3018 (iet,
1161 2961 1219 3029 ut
1245 2966 1573 3022 permagnus
1626 2956 1898 3003 exercitus
1956 2960 2055 3015 pro
2095 2959 2323 2998 numero

749 3045 1044 3113 insignium
1097 3045 1460 3109 videatur,.et
1509 3046 1629 3111 ipso
1682 3041 1770 3095 die
1828 3039 1955 3094 belli
2011 3036 2324 3091 aullrentica

749 3145 915 3205 atque
940 3136 1195 3190 omnibus
1220 3136 1437 3205 cognita
1459 3131 1831 3202 proferantur.

751 3227 1037 3297 φαίνεσθαι
1079 3228 1143 3280 ὲκ
1171 3224 1265 3279 τοῦ
1320 3223 1555 3295 ἀριθμοῦ
1618 3223 1819 3288 αὐτῶν,
1869 3222 1960 3275 καὶ
2001 3223 2068 3291 τῇ
2124 3219 2308 3291 ἡμέρᾳ
2343 3219 2436 3274 τοῦ
2503 3222 2739 3292 πολέμου
2780 3225 2849 3276 τὰ
2908 3222 3203 3277 αὑθεντικὰ
3259 3224 3333 3287 ὡς

752 3318 937 3372 νεσθαι
952 3357 965 3371 .

2384 577 2893 645 ἀναμιμνῆσκοντας
2918 577 3026 629 τῶν
3059 576 3264 648 μισθῶν
3296 577 3393 646 τῆς
3420 578 3500 639 είς
3549 575 3679 628 Θεὸν
3700 578 3965 638 πίστεως.

2386 667 2605 727 καὶτὰς
2636 672 2699 720 ἐκ
2731 667 2995 737 βασιλέως
3032 666 3372 737 εὐεργεσίας,
3424 667 3517 721 καί
3574 683 3737 719 τινων
3777 671 3968 719 emtu-

2386 759 2517 829 xtﬂw
2560 760 3063 830 προγεγενημένων.
3099 761 3209 813 Καὶ
3236 762 3318 813 ὅτι
3356 760 3384 811 ὁ
3426 761 3577 828 ἀγὼν
3636 759 3779 828 ὑπὲρ
3822 759 3963 811 Θεοῦ

2389 856 2523 912 ἐστι,
2552 851 2644 903 καὶ
2668 852 2768 919 τῆς
2799 853 2877 914 είς
2894 850 3052 904 αὑτὸν
3099 852 3343 921 ἀγάπης,
3381 850 3476 904 καὶ
3524 851 3664 919 ὑπὲρ
3694 850 3820 903 ὅλου
3866 848 3966 901 τοῦ

2390 943 2593 1007 ἔθνους.
2630 942 2797 994 Πλέον
2822 943 2878 994 δὲ
2916 943 3054 1015 ὑπὲρ
3113 942 3358 1011 ἀδελφῶν
3400 940 3510 995 τῶν
3553 942 3888 1010 ὁμοπίστων,
3919 943 3968 992 εἱ

2390 1034 2563 1103 τύχοι,
2590 1035 2682 1085 καὶ
2723 1034 2865 1101 ὑπὲρ
2882 1034 3176 1100 γυναικῶν,
3213 1035 3308 1086 καὶ
3350 1033 3578 1099 τέκνων,
3614 1035 3709 1086 καὶ
3768 1034 3965 1102 πατρί-

2392 1124 2480 1186 δος
2510 1142 2521 1155 ·
2558 1124 2651 1177 καὶ
2670 1124 2749 1175 ὃτι
2777 1124 2970 1175 αίωνία
3008 1126 3157 1194 μένει
3195 1124 3383 1195 μνήμη
3427 1124 3536 1177 τῶν
3566 1125 3967 1191 ἀριστευόντων

2397 1216 2539 1268 κατά
2576 1216 2844 1285 πολέμους
2880 1215 3019 1286 ὑπὲρ
3047 1218 3145 1286 τῆς
3193 1217 3299 1269 τῶν
3330 1216 3578 1285 ἀδελφῶν
3612 1216 3962 1287 ἐλευθερίας·

2397 1309 2491 1359 καὶ
2523 1308 2605 1360 ὅτι
2629 1307 2771 1361 κατὰ
2800 1306 2908 1359 τῶν
2934 1306 3027 1359 τοῦ
3056 1307 3190 1361 Θεοῦ
3220 1307 3430 1379 ἐχθρῶν
3450 1308 3479 1359 ό
3510 1307 3764 1371 τοσοῦτος
3798 1308 3968 1375 ἀγῶν’

2398 1399 2489 1451 καὶ
2514 1398 2594 1450 ὅτι
2620 1401 2778 1468 ἡμεῖς
2810 1398 2909 1467 μὲν
2945 1398 3034 1449 τὸν
3072 1398 3204 1452 Θεὸν
3250 1399 3447 1469 ἔχομεν
3465 1398 3616 1466 φίλον
3638 1399 3731 1450 τὸν
3778 1400 3970 1467 ἔχοντα

2396 1490 2641 1557 ἐξουσίαν
2664 1492 2762 1562 τῆς
2786 1491 2955 1561 ῥοπῆς
2977 1490 3070 1542 τοῦ
3097 1489 3356 1558 πολέμου,
3386 1491 3586 1543 ἐκεῖνοι
3626 1489 3683 1541 δὲ
3715 1492 3964 1542 ἐναντίον

2399 1583 2558 1635 αὐτὸν
2580 1583 2762 1652 ἔχουσι
2796 1583 2885 1635 διά
2928 1582 3028 1651 τῆς
3059 1583 3139 1645 είς
3186 1582 3347 1635 αὑτὸν
3389 1582 3665 1645 ἀπιστίας,
3712 1584 3809 1635 καὶ
3844 1583 3897 1633 εῖ
3923 1599 3973 1632 τι

2400 1673 2589 1743 ἕτερον
2637 1674 2849 1735 τούτοις
2897 1673 3083 1743 ὅμοιον
3137 1671 3484 1734 ἐπινοοῦντας
3542 1672 3813 1724 ποιεῖσθαι
3879 1673 3976 1742 τὴν

2403 1760 2813 1833 προτρεπτικὴν
2837 1762 3139 1815 νουθεσίαν.
3173 1761 3351 1815 Πολλὰ
3388 1762 3496 1832 γὰρ
3526 1762 3699 1831 ἰσχύει
3735 1766 3976 1824 τοιουτος

2332 1858 2378 1917 Β
2405 1853 2560 1923 λόγος
2584 1855 2853 1924 εὐκαίρως
2881 1856 3166 1925 γινόμενος
3210 1854 3477 1923 διεγεῖραι
3532 1854 3707 1923 ψυχὰς
3772 1854 3975 1923 μᾶλλον

2406 1944 2439 2013 ἢ
2476 1944 2777 2014 χρημάτων
2810 1942 3038 2013 πλῆθος.

2467 2042 2567 2102 ογ’.
2603 2036 2725 2088 Ἐτι
2750 2036 2807 2088 δέ
2836 2052 2917 2088 σοι
2946 2036 3038 2088 καὶ
3066 2037 3226 2088 τοῦτο
3277 2035 3338 2088 οὐ
3397 2034 3717 2106 παραλείψω
3741 2050 3757 2064 ·
3788 2034 3980 2104 ιπειδὴ

2406 2127 2514 2198 γᾶρ
2538 2127 2765 2180 δυνατόν
2809 2128 2926 2179 ἐστι
2981 2128 3494 2197 καταστοχάσασθαι
3540 2130 3668 2191 τοὺς
3700 2128 3980 2191 ἐναντίους

2408 2218 2505 2285 τῆς
2531 2216 2823 2288 ποσότητος
2876 2216 2968 2268 τοῦ
3000 2218 3275 2287 ἡμετέρου
3318 2219 3550 2288 στρατοῦ
3583 2219 3658 2282 ὼς
3710 2218 3807 2272 ἐπὶ
3848 2217 3985 2271 πολὺ

2410 2304 2497 2357 διὰ
2522 2286 2617 2357 τοῦ
2650 2304 2890 2374 ἀριθμου
2930 2308 3038 2357 τῶν
3080 2286 3309 2374 βανδων,
3343 2286 3639 2374 αναγκαῖον
3670 2300 3811 2359 εἶναι
3835 2305 3988 2371 λογι-

2412 2393 2617 2465 ζόμεθα
2638 2394 2731 2448 δύο
2781 2397 2941 2464 ὃμοια
2980 2395 3143 2465 βείνδα
3203 2396 3325 2450 καθ’
3381 2397 3613 2450 ἕκαστον
3674 2398 3888 2467 τάγμα,
3929 2397 3988 2449 ἓν

2418 2492 2515 2559 μὲν
2538 2493 2597 2545 τὸ
2617 2471 2937 2545 αὖθεντικδν
2958 2496 3017 2546 τὸ
3070 2494 3284 2563 ὀφεῖλον
3326 2495 3412 2547 ἐπ’
3435 2494 3663 2564 ὀνόματι
3705 2489 3845 2548 εἶναι
3880 2493 3980 2546 τοῦ

2416 2584 2673 2653 κόμητος,
2696 2584 2883 2653 ἓτερον
2910 2584 2967 2636 δὲ
2992 2584 3052 2637 τὸ
3097 2584 3191 2637 τοῦ
3226 2586 3547 2656 κεντάρχου,
3581 2586 3674 2638 καὶ
3701 2585 3995 2655 ἀμφότερα

2415 2675 2483 2727 τά
2522 2676 2688 2744 sive:
2732 2674 3095 2745 βαστάζεσθαι
3154 2677 3317 2747 μέχρι
3349 2679 3446 2747 τῆς
3497 2678 3711 2748 ἡμέρας
3767 2675 3865 2729 τοῦ
3897 2694 3999 2731 ποι

2416 2765 2607 2835 λέμου.
2634 2767 2788 2820 Κατά
2817 2766 2986 2836 αὐτὴν
3011 2767 3067 2819 δὲ
3097 2766 3195 2837 τὴν
3226 2769 3447 2838 ἡμέραν
3484 2768 3581 2837 τῆς
3628 2767 3906 2837 συμϐολῆς
3929 2766 4003 2820 τά

2420 2857 2715 2909 αὑθεντικὰ
2736 2858 2829 2910 καὶ
2878 2860 3013 2927 μόνα
3050 2857 3215 2927 βάνδα
3255 2857 3548 2926 ὑψοῦσθαι,
3580 2857 3721 2911 ὥστε
3759 2858 3836 2928 μὴ
3866 2858 4004 2909 πολ-

2427 2947 2532 2998 λῶν
2570 2946 2777 3017 βάνδων
2830 2948 3152 3017 ὑψουμένων
3195 2948 3389 3016 φύρειν
3434 2948 3674 3012 ἅπαντα,
3703 2948 3737 3016 ἢ
3786 2948 3885 3000 καὶ
3912 2949 4008 3000 ἀν-

2424 3038 2731 3102 επὶγνωστα
2770 3037 3023 3105 γενέσθαι
3063 3039 3175 3099 τοῖς
3216 3036 3370 3099 ίδίοις
3399 3036 3580 3109 αὐτῶν
3604 3036 3968 3108 στρατιώταις
3990 3054 4003 3066 ⁸

2425 3129 2672 3183 ἐντεῦθεν
2698 3131 2806 3201 γὰρ
2860 3130 3082 3183 δυνατόν
3131 3133 3248 3183 ὲστι
3292 3130 3388 3183 καὶ
3436 3132 3713 3185 πολὺντὸν
3770 3132 3964 3200 στρατὲ
3980 3149 4009 3181 ν

3413 3225 3788 3292 εὑεπίγνωστα
3881 3243 4013 3293 φα.-

824 3414 915 3467 74.
967 3412 1105 3465 Ante
1162 3410 1286 3464 belli
1337 3409 1505 3471 diem,
1558 3416 1613 3463 et
1645 3408 1856 3478 aliquot
1919 3415 2178 3476 prmterea
2215 3416 2322 3459 antr

2502 3401 2595 3455 οδ’.
2635 3401 2745 3468 Πρὸ
2774 3398 2830 3452 δέ
2862 3417 3022 3452 τινων
3053 3400 3276 3469 ἡμερῶν
3306 3400 3399 3454 τοῦ
3433 3402 3625 3472 καιροῦ
3677 3403 3775 3473 τῆς
3807 3404 4016 3472 συμϐο-

756 3504 971 3575 diebus,
1006 3501 1419 3554 exhortationes
1464 3499 1710 3567 quaedam
1737 3502 1868 3552 ﬁant
1890 3498 1954 3551 ad
1982 3506 2331 3551 exercitatio-

760 3584 858 3650 nes
894 3594 1244 3662 reliquosque
1313 3605 1493 3645 metus
1549 3591 1775 3645 bellicos
1836 3590 2088 3644 alacriter
2156 3589 2331 3643 susci-

764 3680 1029 3751 piendos:
1067 3680 1444 3749 unusquisque
1493 3681 1636 3733 enim
1672 3680 1983 3733 turmarcha
2008 3695 2140 3733 suos
2179 3679 2317 3732 advo

767 3774 940 3837 cabit,
969 3783 1024 3826 et
1056 3772 1198 3842 apud
1230 3786 1328 3825 eos
1357 3771 1519 3825 verba
1552 3772 1618 3825 ad
1676 3772 1820 3825 hunc
1848 3780 1943 3825 aut
1996 3772 2335 3827 consimilem

766 3865 990 3919 moduni
1024 3864 1183 3918 Faciet
1212 3880 1225 3916 :
1253 3862 1373 3917 Non
1402 3871 1602 3917 temere
1632 3863 1746 3917 haec
1772 3864 2217 3917 exercitationum
2249 3879 2339 3933 ge-

771 3969 899 4008 rrera
932 3968 962 4007 a
994 3953 1287 4021 majoribus
1319 3952 1542 4015 nostris,
1566 3960 1729 4021 atque
1749 3953 1913 4006 etiam
1945 3953 2013 4006 ab
2048 3953 2342 4021 imperato.

773 4043 925 4096 ribus
987 4052 1099 4096 tum
1134 4042 1550 4107 recentioribus,
1584 4050 1699 4096 tum
1737 4044 2141 4111 antiquioribus
2182 4044 2339 4097 insti-

774 4142 888 4187 trrta
913 4143 1059 4187 sunt.
1085 4132 1271 4202 Neque
1299 4134 1417 4187 sine
1440 4148 1604 4187 causa
1629 4135 1711 4188 hae
1740 4134 2050 4189 artiﬁciosa:
2101 4136 2341 4190 acierum

774 4226 1189 4287 instructiones,
1242 4234 1357 4280 tum
1405 4226 1746 4289 orbiculata}.
1796 4227 2098 4296 reliquique
2161 4238 2344 4281 motus

776 4316 955 4370 bellici
1027 4316 1302 4370 adinventi
1362 4326 1508 4370 sunt.
1544 4314 1601 4370 Si
1623 4322 1769 4371 enim
1819 4328 2058 4387 agrestes
2107 4317 2252 4382 fera,
2288 4327 2347 4373 ut

778 4408 1012 4477 lepores,
1047 4408 1239 4470 damas,
1273 4423 1336 4461 ac
1368 4409 1589 4477 reliquie
1637 4416 1961 4478 contempta:
1990 4410 2198 4476 bestiae,
2224 4425 2346 4465 cum

776 4517 869 4555 eas
910 4500 1156 4554 venando
1187 4504 1597 4570 conscqrriruur,
1639 4516 1746 4555 non
1770 4502 1993 4555 omnino
2041 4502 2256 4571 longius
2292 4503 2346 4556 in

778 4594 1043 4646 directum
1082 4593 1391 4661 aufugium,
1438 4594 1531 4647 sed
1572 4595 1625 4647 iu
1662 4594 2065 4649 contentionem
2093 4604 2146 4649 et
2176 4594 2349 4665 impe-

780 4694 895 4739 tum
926 4695 1248 4740 venatorum
1286 4688 1581 4751 intuentes,
1615 4687 1695 4740 sic
1724 4701 1782 4741 se
1818 4686 2257 4751 accommodant,
2293 4698 2350 4740 ut

2436 3494 2531 3563 λῆς
2573 3494 2660 3545 ὅτε
2712 3491 2945 3561 μάλιστα
3003 3491 3096 3543 καὶ
3155 3493 3571 3561 προγυμνασίαν
3625 3493 3703 3545 δεῖ
3754 3496 4016 3561 γενέσθαι

2435 3585 2543 3638 τῶν
2568 3601 2626 3636 τε
2660 3583 3139 3654 παραγγελμάτων
3167 3585 3260 3635 καὶ
3310 3583 3420 3635 τῶν
3452 3584 3692 3652 μερικῶν
3720 3586 4015 3655 κινήσεων,

2436 3677 2516 3730 δεῖ
2540 3682 2663 3740 τους
2694 3676 2927 3745 sum;
2968 3675 3211 3743 τοὺρμας
3237 3675 3502 3745 ἄρχοντας
3535 3677 4019 3745 μετακαλέσασθαι

2438 3768 2533 3820 καὶ
2560 3765 2878 3835 διαλαλῆσαι
2915 3765 3049 3833 πρὸς
3074 3766 3200 3826 τοὺς
3233 3766 3326 3817 τοῦ
3386 3767 3514 3819 ἰδίου
3549 3768 3750 3837 μέρους
3794 3770 3864 3820 τά
3916 3770 4020 3839 ἀρ-

2444 3854 2798 3930 μόδια,ὀῖον’
2838 3860 2919 3912 ὅτι
2947 3861 3018 3912 Οὔ
3057 3861 3231 3930 μάτην
3276 3862 3332 3912 al
3370 3863 3668 3930 γυμνασίιι
3709 3862 3818 3913 τῶν
3852 3878 4023 3931 στρα-

2443 3953 2651 4005 τιωτῶν
2686 3953 2836 4020 παρὰ
2866 3969 2922 4004 τε
2949 3953 3058 4004 τῶν
3092 3952 3335 4005 παλαιῶν
3373 3954 3465 4004 καὶ
3494 3954 3600 4005 τῶν
3649 3956 3785 4007 νέων
3817 3970 4023 4023 στρατ-

2452 4042 2603 4111 ηγῶν
2640 4042 2985 4111 ἐξετέοησαν,
3021 4042 3113 4094 καὶ
3145 4043 3201 4095 αἱ
3244 4043 3384 4095 κατά
3432 4043 3629 4113 τέχνην
3682 4045 4025 4115 παραταξεις

2446 4135 2539 4185 καὶ
2564 4134 2618 4186 αἱ
2644 4133 2730 4187 ἐπ’
2755 4134 2970 4195 εὐθείας
2992 4135 3085 4186 καὶ
3116 4135 3257 4187 κατὰ
3308 4132 3538 4197 κύκλους
3594 4135 3687 4188 καὶ
3724 4137 3864 4191 ἄλλα
3886 4139 4026 4207 σχήο

2450 4243 2597 4295 ματα
2636 4227 2898 4296 κινήσεις.
2953 4226 3012 4278 El
3042 4226 3149 4296 γὰρ
3181 4227 3348 4297 ἄγρια
3401 4226 3513 4289 ζῶα
3547 4226 3875 4295 διωκόμενα,
3914 4225 4027 4281 οἷον

2448 4320 2633 4388 ἔλαφοι
2661 4320 2755 4371 καὶ
2780 4318 3055 4388 ).αγωοὶ,ἢ
3092 4319 3218 4371 ἄλλο
3256 4337 3307 4371 τι
3338 4322 3446 4371 τῶν
3502 4320 3734 4372 εὐτελῶν
3757 4321 3915 4384 ζωων
3970 4325 4030 4374 ἐν

2450 4414 2563 4473 τοῖς
2598 4411 2877 4481 κυνηγίοις
2903 4411 2964 4463 οὺ
3000 4411 3217 4474 πάντως
3274 4410 3477 4476 ἔξωθεν
3535 4412 3640 4475 ἔξω
3669 4415 3763 4464 καὶ
3812 4414 3901 4465 ἐπ’
3934 4416 4030 4465 εὑ-

2453 4504 2602 4566 θείας
2628 4503 2724 4572 τὴν
2756 4504 2939 4572 φυγὴν
2993 4502 3293 4564 ποιοῦνται,
3327 4502 3440 4555 ἀλλ’
3475 4504 3852 4557 ἀτοϐὶεποντα
3895 4508 4032 4577 πρὸς

2451 4595 2542 4647 τὸν
2570 4595 2723 4647 τόνον
2752 4595 2847 4646 καὶ
2887 4593 2987 4662 τὴν
3018 4594 3195 4663 ὁρμὴν
3224 4592 3335 4645 τῶν
3397 4592 3787 4663 ἐπιτιθεμένων
3822 4598 4031 4662 αὐτοῖς,

2454 4687 2625 4748 οὓτως
2671 4686 2767 4739 καὶ
2823 4685 2919 4747 τὰς
2982 4686 3360 4755 ὑποχωρήσεις
3416 4684 3727 4739 ποιοῦνται·
3764 4687 3922 4759 πόσῳ
3955 4691 4037 4741 δεῖ

778 4776 1008 4831 evadere
1033 4779 1239 4846 possint
1273 4796 1286 4830 :
1320 4787 1528 4847 quanto
1570 4780 1745 4848 magis
1768 4778 2014 4833 homines
2045 4778 2316 4847 intelligen

2424 4783 2429 4815 ’
2460 4779 2659 4850 μᾶλλον
2688 4780 2813 4841 τοὺς
2846 4776 3166 4846 ἀνθρώπους
3209 4778 3267 4829 ἐν
3309 4777 3523 4829 συνέσει
3558 4777 3737 4842 όντας,
3771 4781 3867 4832 καὶ
3895 4783 4037 4852 ὑπὲρ

780 4874 851 4924 tia
892 4869 1178 4938 pmditos,
1235 4878 1289 4923 et
1344 4871 1411 4924 de
1470 4872 1679 4938 magnis
1727 4872 1889 4924 rebus
1935 4871 2346 4936 contendentes,

779 4970 983 5015 attente
1016 4970 1070 5015 et
1112 4960 1383 5014 industrie
1449 4971 1563 5015 tum
1618 4960 2010 5031 persequendis
2074 4962 2344 5027 hostibus,

782 5061 895 5104 tum
934 5050 1294 5115 declinandis,
1326 5052 1379 5103 in
1410 5051 1600 5119 prmlio
1629 5066 1850 5119 operam
1883 5066 2083 5105 navare
2115 5062 2346 5121 oportet,

782 5154 958 5208 neque
989 5140 1143 5209 quasi
1176 5156 1316 5209 aqua
1356 5141 1408 5193 in
1444 5141 1581 5195 hanc
1613 5150 1709 5194 aut
1747 5141 1891 5194 illam
1918 5150 2123 5211 partem
2151 5141 2346 5211 jactari

783 5244 946 5301 atque
974 5232 1195 5297 ell‘undi,
1239 5233 1282 5287 si
1320 5234 1404 5287 vel
1434 5249 1628 5305 magna
1653 5234 1832 5303 aliqua
1866 5235 2107 5290 incursio
2136 5237 2205 5290 ab
2244 5237 2350 5291 illis

784 5327 897 5390 llat,
951 5325 1033 5377 vel
1088 5324 1603 5395 aliquisanobisin
1658 5327 1781 5381 illos
1833 5328 2066 5396 impetus
2101 5332 2349 5392 exsistat,

784 5416 1072 5470 immodice
1126 5417 1442 5471 alterutram
1480 5420 1533 5472 in
1565 5433 1770 5487 partem
1838 5420 1989 5485 ferri,
2025 5422 2119 5475 sed
2168 5424 2350 5478 omnia

784 5507 1077 5573 sustinere,
1105 5517 1163 5562 ut
1192 5510 1474 5564 victoriam
1509 5512 1724 5565 laudent
1758 5510 2153 5581 adipiscantur.

865 5601 953 5655 75.
983 5600 1169 5671 Neque
1187 5606 1331 5659 enim
1365 5607 1429 5658 ad
1453 5621 1678 5674 parvqu
1729 5607 1961 5675 spatium
2000 5608 2213 5677 insequi
2254 5613 2353 5664 ho-

786 5702 916 5757 stes,
944 5702 995 5747 et
1021 5702 1131 5748 tum
1159 5696 1455 5763 dimittere,
1496 5699 1724 5753 victoria
1760 5701 1996 5768 putanda
2027 5711 2110 5757 cst
2139 5722 2151 5755 :
2177 5717 2355 5772 neque

786 5803 977 5844 rursus
1002 5791 1277 5859 paululum
1302 5794 1660 5861 retrocedere,
1686 5810 1988 5865 rursusque
2015 5797 2068 5850 in
2092 5812 2187 5851 eos
2218 5811 2352 5851 corr-

2461 4871 2710 4942 μεγάλων
2766 4870 3109 4941 πραγμάτων
3170 4870 3603 4938 ἀγωνιζομένους
3656 4874 4036 4941 προσεχόντως

2459 4966 2550 5016 καὶ
2583 4963 2680 5024 τὰς
2737 4961 2950 5028 διώξεις
3002 4962 3097 5012 καὶ
3150 4960 3244 5023 τὰς
3294 4963 3675 5031 ὑποχωρήσεις
3753 4965 4039 5018 ποιεῖσθαι

2458 5059 2516 5109 ἐν
2584 5056 2705 5116 τεῖς
2736 5056 2937 5124 μάχαις
2972 5056 2983 5105 !
3025 5054 3135 5107 Kal
3194 5055 3268 5124 μὴ
3321 5054 3513 5124 ῶσπερ
3567 5056 3663 5107 ἐπὶ
3718 5054 3915 5121 ὓδατος
3946 5059 4041 5111 ἐπὶ

2457 5148 2525 5201 τὰ
2581 5147 3064 5217 ἕμπροσϐενῆὲπὶ
3108 5145 3175 5199 τά
3232 5145 3407 5198 όπίσω
3461 5146 3769 5215 ὲκχέεσθαι,
3806 5152 4037 5219 μικρᾶς,

2459 5240 2527 5299 ὼγ
2564 5239 2679 5291 εἱκὸ
2700 5260 2731 5303 -,
2759 5238 2902 5300 τινος
2934 5237 3191 5308 ὠθήσεως
3218 5236 3251 5305 ἦ
3281 5240 3391 5300 τοῖς
3415 5237 3624 5307 ἐχθροῖς
3653 5240 3979 5310 γενομένης,
4008 5243 4037 5310 ἦ

2461 5334 2588 5403 περ’
2615 5333 2794 5386 αὐτῶν
2818 5332 3164 5400 ἐπαγομένης
3205 5332 3297 5383 καὶ
3330 5331 3584 5401 ἀμέτρως
3613 5330 3786 5395 οὕτως
3818 5334 4042 5386 ἐλαυνο-

2464 5427 2658 5494 μένους
2683 5424 3039 5480 κινδυνεύειν.
3071 5423 3206 5474 ἀλλά
3232 5424 3408 5475 πάντα
3437 5424 3752 5491 ὑπομένειν,
3787 5423 3931 5477 ῶστε
3985 5428 4041 5490 ἐξ

2462 5515 2778 5585 οἱουδήποτε
2813 5514 3015 5583 τρόπου
3053 5513 3378 5576 σπουδάζειν
3412 5514 3567 5581 νικᾷν
3595 5513 3687 5565 τὸν
3712 5513 3934 5585 ἐχθρόν.

2532 5608 2667 5659 Οὐδὲ
2693 5606 2801 5676 γὰρ
2837 5607 2897 5658 τὸ
2924 5606 3061 5675 πρὸς
3084 5605 3269 5673 ὀλίγον
3297 5603 3484 5667 διῶξαι
3514 5604 3606 5657 τὸν
3655 5606 3902 5659 ἐναντίον
3950 5607 4045 5658 καὶ

2460 5701 2679 5769 ἀφιέναι
2720 5699 2903 5752 τελεία
2936 5700 3061 5770 νίκη
3120 5700 3306 5751 ἐστίν·
3370 5697 3490 5749 οὐδὲ
3542 5698 3602 5749 τὸ
3646 5697 3783 5768 πρὸς
3843 5699 4046 5771 μικρὸν

2462 5795 2833 5865 ὑποχωρῆσαι,
2854 5796 2947 5847 καὶ
2969 5790 3595 5859 πάλινῖἀντιστραφῆναι,
3614 5791 3670 5842 αἱ
3697 5785 3884 5861 ἧτται,
3911 5793 4051 5845 ἀλλὰ
