4176 6442
72 467 185 532 829

1100 445 1436 507 TACTICA.
1473 460 1537 476 -σ
1601 431 2104 499 (ΞΟΝΞΤΙἸἪΊῚΟ
2143 431 2276 490 XII.

3223 425 3331 490 830

74 582 188 634 ἀπο
217 574 313 629 τοῦ
339 573 572 643 πέρατος
601 566 692 620 τοῦ
721 562 960 633 πολέμου
984 559 1216 630 ἑκάτερα
1243 557 1539 619 δείκνυται,
1566 551 1660 605 καὶ
1689 580 1702 619 λ

1802 548 1920 611 erti,
1959 545 2188 599 anctisio
2250 540 2372 594 belli
2438 538 2720 594 indicanda
2775 543 2880 600 cst,
2930 534 3022 589 sed
3087 548 3154 588 ex
3208 534 3331 588 belli

75 671 214 741 πρὸς
239 669 372 721 αὐτὸ
398 668 476 719 δεῖ
503 659 887 731 ἀγωνίζεσθαι.
927 652 1111 708 Ταῦτα
1141 653 1236 706 καὶ
1263 650 1473 711 τούτοις
1500 649 1662 741 δμοια

191 757 406 831 στρατῷ
435 754 705 809 διαλα)εῐν
742 763 1110 820 χρεωστουσιν
1125 745 1173 798 οἱ
1203 741 1436 796 ἑκάστου
1465 740 1661 811 μέρους

75 854 418 925 τουρμάρχαυ
456 847 551 901 καὶ
583 846 726 906 ἰδίω,
755 843 864 904 ὀῖς
893 840 1042 904 ἰδίοις
1075 853 1245 907 στρατ
1271 837 1459 898 ωταις.

149 1037 260 1095 οςν.
291 1029 362 1080 Σὺ
391 1027 446 1079 δὲ
483 1025 622 1095 μετὰ
651 1022 748 1092 τὴν
790 1021 1098 1085 ἰδιάζουσαν
1152 1033 1261 1071 των
1299 1010 1664 1085 τουρμαρχῶν

123 1127 180 1173 αὶ
222 1118 529 1188 γδμνασίαν
561 1115 654 1167 καὶ
693 1111 991 1172 διαλαλιάν,
1018 1101 1063 1160 ὣ
1116 1104 1413 1176 στρατηγὲ,
1481 1098 1664 1165 τάξεις

83 1215 164 1274 εἰς
198 1213 255 1264 τὸ
291 1211 436 1273 Ξιπαξ
461 1209 492 1278 ἢ
518 1207 614 1260 καὶ
639 1206 699 1258 τὺ
729 1204 862 1258 πολὺ
899 1201 1155 1271 δεύτερον
1186 1199 1284 1268 τὴν
1319 1197 1449 1266 ὃλην
1484 1193 1661 1264 παρά·

83 1306 266 1371 ταξιν,
301 1305 394 1356 καὶ
425 1301 624 1370 ὁμοίως
643 1298 1008 1364 καταστήσεις
1039 1293 1239 1353 αὐτοὺς
1268 1290 1360 1342 καὶ
1380 1288 1468 1340 διὰ
1493 1286 1670 1353 λόγων

86 1395 184 1446 καὶ
217 1394 284 1445 δι’
321 1392 495 1462 ἔργων
532 1390 780 1458 ἑτοίμους
815 1380 954 1437 εἶναι
983 1383 1078 1436 καὶ
1107 1380 1407 1451 ἐμπείρου,
1436 1378 1668 1431 πάντοτε

86 1487 230 1555 πρὸς
264 1485 391 1545 τοὺς
418 1480 747 1549 πολεμικοὺς
793 1475 1032 1543 ἀγῶνας.

155 1663 234 1726 οξ·
295 1660 674 1731 Ιιαρτιγγείλῃς
704 1658 761 1710 δὲ
790 1659 901 1719 τοῖς
950 1655 1052 1725 τῆς
1107 1657 1334 1725 πρώτης
1388 1651 1508 1722 ἢτοι
1573 1648 1673 1718 τῆς

93 1770 386 1824 τρομηχῖυ
423 1751 548 1814 τάξ·
576 1770 628 1812 -,;
681 1748 962 1818 ἄρχουσιν,
989 1749 1126 1800 (imae
1175 1762 1254 1810 τῳ
1303 1742 1453 1812 μέσῳ
1490 1740 1673 1793 πεῖθε-

98 1845 226 1897 σθαι
278 1843 454 1914 μέρει,
499 1840 628 1894 ἔνθα
675 1841 766 1893 τὸν
811 1835 1225 1907 ὑποστράτηγόν
1262 1851 1355 1886 σου
1387 1831 1676 1901 συμϐαίνει

1765 640 1916 694 exitu
1955 637 2140 692 omnia
2172 631 2511 694 aestimanda,
2551 640 2714 698 atque
2739 630 2805 683 ad
2839 642 2966 683 eum
3007 623 3336 681 conferenda

1768 741 1895 787 sum
1949 732 2076 785 nam
2106 739 2226 797 :ttqt!
2259 749 2265 772 -.
2318 728 2382 779 ns
2414 723 2611 776 similia
2636 721 2832 774 turmis
2863 721 2977 774 suis
3009 715 3340 772 turmarchte

1768 830 2013 886 narrent,
2081 817 2392 887 singulique
2416 822 2676 885 prmtcrea
2713 809 2976 865 militibus
3003 809 3119 866 suis
3147 807 3340 880 praeci-

1770 915 1913 983 piant

1843 1003 1907 1057 76
1974 1003 2044 1056 l‘u
2073 1009 2280 1064 autem,
2313 999 2631 1069 imperator,
2701 1004 2826 1067 post
2855 995 3195 1066 singulorum
3223 1004 3339 1048 tur-

1773 1096 2116 1151 marcharuni
2165 1093 2610 1162 reliquorumque
2655 1088 3039 1161 prtefectorum
3101 1087 3341 1158 privatas

1773 1189 2005 1241 militum
2047 1201 2274 1239 suorum
2299 1194 2716 1240 exercitationes
2767 1194 2933 1252 atque
3003 1180 3343 1235 adhortatio-

1774 1297 1891 1343 nes,
1947 1279 2111 1334 semel
2164 1287 2324 1348 atque
2360 1276 2427 1330 ad
2461 1291 2734 1330 summum
2789 1276 2984 1329 iterum
3032 1274 3342 1328 universam

1775 1373 1946 1426 aciem
2003 1374 2263 1436 instrnes,
2310 1369 2673 1437 similiterque
2727 1368 2883 1421 faelis
2939 1383 3003 1422 ac
3039 1367 3201 1422 dictis
3245 1381 3345 1437 pa-

1775 1468 1924 1515 ratos
1969 1460 2182 1518 reddes.
2216 1471 2378 1529 atque
2426 1458 2493 1511 ad
2520 1471 2736 1512 omnem
2781 1456 3034 1510 bellicum
3066 1470 3223 1509 usum
3249 1455 3343 1508 lia-

1775 1553 1936 1607 biles.

1855 1643 1942 1696 77.
1973 1643 2263 1711 Prtecipics
2290 1643 2452 1697 etiam
2502 1645 2690 1712 prima:
2717 1683 2731 1706 ,
2761 1641 2874 1693 sive
2913 1637 3352 1709 propugnatrieis

1779 1735 1917 1789 aciei
1958 1732 2248 1804 praefectis,
2283 1744 2340 1788 ut
2370 1735 2560 1788 mediae
2583 1749 2698 1787 sua:
2723 1742 2916 1786 turmae
2952 1731 3351 1799 obtemperent,

1782 1828 1872 1882 uhi
1902 1831 2173 1897 princeps,
2207 1829 2322 1880 sive
2357 1837 2675 1896 prnprmlor,
2707 1826 2799 1894 qui
2851 1840 2995 1878 nunc
3025 1839 3138 1877 sua:
3187 1823 3351 1878 ditio-

94 1936 556 2005 rdst'soat,ﬁt0t
617 1933 709 1986 τδν
753 1932 1048 1999 λεγόμενον
1115 1945 1210 1980 νυν
1268 1926 1362 1979 τοῦ
1435 1926 1670 1994 θέματος

1802 1922 1861 1974 iis
1887 1921 2190 1991 μεράρχης,
2253 1920 2366 1973 sive
2406 1917 2718 1972 turtuarcha
2746 1917 2964 1979 dicitur,
3025 1925 3355 1970 constitutus

100 2030 410 2098 μεράρχην,
435 2027 528 2079 καὶ
553 2025 798 2078 ἰσοῦσθαι
829 2022 996 2093 αὐτῷ,
1035 2021 1130 2075 καὶ
1151 2019 1266 2090 ἅμα
1314 2020 1413 2088 τὴν
1471 2018 1675 2087 συμὸοο

98 2118 197 2188 ὶὴν
228 2117 515 2172 ποιεῖσθαι.

166 2218 272 2282 οηθ.
336 2213 446 2264 Καὶ
510 2209 714 2278 ταύτης
774 2207 1072 2278 γενομένης
1149 2207 1245 2260 ἐὰν
1293 2203 1577 2274 τραπῶσιν
1631 2203 1682 2255 οἰ

103 2301 314 2370 ἐχθροὶ,
345 2301 470 2363 τοὺς
500 2300 597 2370 μὲν
625 2299 928 2369 κοὺρσορας
953 2299 1050 2351 σὺν
1079 2296 1271 2366 ιλασίᾳ
1325 2297 1500 2365 δρμᾷν
1541 2294 1683 2346 κατὰ

103 2390 291 2444 αὐτῶν
315 2393 393 2454 εἰς
418 2391 693 2455 ὲπιδίωξιν
713 2392 819 2453 ἓως
851 2388 1014 2442 αὑτοῦ
1037 2386 1130 2440 τοῦ
1155 2387 1427 2456 φοσσάτου
1479 2385 1679 2440 αὐτῶν·

108 2483 235 2544 τοὺς
268 2481 325 2534 δὲ
371 2481 694 2549 διφὲνσορας
729 2476 1117 2532 ἐπακολουθεῖν
1146 2479 1204 2530 ἑν
1258 2475 1431 2540 τάξει,
1478 2480 1571 2528 καὶ
1611 2474 1686 2545 μὴ

109 2571 409 2638 ἀπομένειν
436 2586 450 2600 ’
487 2571 574 2622 ἵνα
620 2569 729 2621 τῶν
777 2565 1008 2637 ἐχθρῶν,
1054 2565 1130 2626 ὼς
1177 2564 1346 2628 εἰκὸς,
1392 2564 1676 2632 ἀντιστρε-

110 2667 388 2732 φομενων,
432 2662 526 2714 ἐὰν
561 2660 636 2732 μὴ
656 2660 956 2729 δυνηθῶσιν
980 2658 1245 2728 βαστάσαι
1270 2657 1321 2709 οἰ
1365 2654 1682 2724 κούρσορες,

111 2757 174 2806 ὲκ
203 2752 302 2804 τοῦ
333 2752 558 2820 πλησίοι
586 2755 663 2814 εἷς
704 2753 825 2811 τοὺς
878 2751 1200 2820 διιρξνσορας
1252 2763 1687 2815 καταφευγονιες

114 2845 278 2896 ⁴τ’·λιν
305 2845 530 2906 ἑαυτοὺς
559 2842 1006 2896 άνακαλέσοντειι.

177 2937 276 2988 σθ’.
327 2937 452 2988 Ἐὰν
483 2936 662 3005 μέντοι
694 2938 752 2988 ὲν
800 2936 939 3004 αὐτῇ
969 2937 1035 3004 τῇ
1070 2932 1314 3003 συμϐολῇ
1345 2933 1530 3002 συμϐῇ
1568 2931 1600 3002 ἢ
1635 2931 1694 2984 ἓν

119 3029 280 3097 μέρος
338 3028 371 3095 ἦ
409 3028 474 3079 τά
522 3028 616 3080 ὅλα
662 3027 953 3096 τραπῆναι,
1012 3026 1314 3094 ὑποχωρεῖν
1363 3024 1488 3086 τοὺς
1533 3021 1696 3094 κούρ-

119 3136 284 3188 σορας
315 3119 388 3180 ὡς
438 3119 530 3169 ἐπὶ
562 3118 661 3189 τὴν
693 3115 956 3187 δευτέραν
985 3117 1140 3181 τάξιν
1172 3117 1263 3168 ἐπὶ
1287 3115 1346 3168 ἓν
1375 3116 1408 3184 ἦ
1438 3114 1696 3186 δεύτερον

123 3210 524 3276 σαγιττόόολον,
567 3209 662 3262 καὶ
695 3210 854 3262 πάλιν
885 3208 1341 3278 ἀντιστρέφεσθαι
1395 3208 1536 3260 κατὰ
1584 3206 1696 3260 τῶν

122 3299 333 3370 ἐχθρῶν
350 3300 494 3370 (9:2),
528 3301 635 3353 τῶν
653 3299 898 3369 συνήθων
931 3299 1026 3351 καὶ
1058 3298 1332 3367 άρμοδίων
1364 3299 1556 3365 φωνῶν
1582 3299 1698 3368 ἦτοι

124 3391 604 3463 παραγγελμάτων
642 3391 725 3458 λε]
739 3391 968 3459 ομένων.

192 3492 266 3538 π’.
295 3484 407 3536 Καὶ
434 3485 480 3534 εἰ
515 3482 614 3550 μὲν
639 3481 940 3550 δυνηθωσιν
995 3482 1073 3543 εἰς
1125 3481 1301 3551 φυγὴν
1339 3480 1534 3552 τρέψαι
1575 3482 1701 3543 τοὺς

129 3574 375 3643 ἐχθροὺς,
401 3573 619 3626 διώκειν
643 3574 782 3625 κατὰ
803 3571 982 3625 αὐτῶν
1023 3574 1069 3624 εἰ
1091 3573 1145 3625 δὲ
1178 3575 1355 3642 μήγε,
1376 3574 1700 3643 ὑποχωρεῖν,

132 3684 218 3717 και
251 3666 418 3718 πάλιν
447 3665 920 3735 ἀντιστρέφεσθαι.
971 3665 1029 3717 Εἰ
1060 3666 1116 3718 δὲ
1162 3664 1310 3728 amt:
1356 3664 1388 3735 ἢ
1453 3665 1707 3734 δεύτερον

133 3759 511 3827 ἐγχειροῦντες
544 3759 618 3828 μὴ
649 3759 939 3828 ἰσχύσωσιν
966 3759 1277 3827 ἁντωθῆσαι
1299 3759 1425 3821 τοὺς
1455 3759 1704 3828 ἐχθροὺς,

133 3855 248 3903 τότε
289 3853 389 3919 τῆς
436 3851 695 3922 δευτέρας
736 3851 945 3917 τάξεως
983 3849 1386 3919 ἐπιφθανούσης
1429 3850 1705 3918 καταφεύ-

134 3961 246 4007 γ·ιν
273 3942 406 4012 τρὸ·
437 3962 448 3974 π
472 3944 500 3994 ὐ
537 3943 622 4012 ὴ),
656 3943 750 3996 καὶ
776 3942 866 3995 διὰ
887 3961 994 3995 των
1013 3942 1280 4013 ευκαξρων
1303 3947 1472 4010 αυτης
1495 3942 1709 4012 χωρίων

137 4032 532 4100 παρέρχεσθαι,
590 4033 684 4085 καὶ
733 4034 790 4084 ὲν
837 4033 913 4102 τῷ
950 4035 1150 4102 μ·ταξὺ
1205 4033 1254 4086 δι
1333 4033 1481 4103 τήαα
1570 4050 1601 4084 γ
1682 4031 1712 4084 3t

133 4123 301 4190 ι·’ράν
364 4123 395 4191 ἦ
457 4122 715 4191 δευτέρας
761 4125 855 4176 καὶ
907 4125 1062 4195 τρίτη
1136 4124 1380 4188 εξελισσο
1428 4123 1552 4193 ,ἱνης
1598 4125 1713 4192 ἃμα

135 4215 197 4280 ’ᾗ
232 4212 463 4283 (keep;
494 4214 644 4280 τάξει
673 4214 988 4284 δρουγγιιτὶ
1009 4217 1175 4285 ἤγουν
1200 4214 1337 4285 ὁμοῦ
1370 4216 1715 4284 ἐσφιγμένως

137 4309 246 4367 τοῖς
280 4306 495 4374 ἐχθροῖς
528 4307 878 4376 ἐπέρχεσθαι,
924 4315 1013 4361 καὶ
1043 4311 1136 4361 ἐὰν
1171 4309 1474 4379 τραπῶσιν,
1505 4310 1710 4362 ἐπακο-

140 4397 353 4450 λουθεῖν
385 4400 568 4458 αὐτοῖς
600 4401 786 4464 ὀξέως.

210 4490 326 4544 πα’.
356 4493 736 4565 Παραγγεί>.ῃ;
774 4495 828 4547 δὲ
848 4494 942 4546 καὶ
967 4497 1075 4556 τοῖς
1105 4495 1553 4564 πλαγιοφύλαξιν,
1576 4497 1716 4550 ὥστε

1783 2023 2131 2082 cst,cta:qua
2203 2011 2380 2066 fronte
2433 2027 2557 2065 cum
2615 2010 2706 2064 illo
2746 2008 3019 2074 incedant,
3052 2007 3356 2076 eodemque

1787 2114 2030 2171 tempore
2051 2104 2303 2171 prtehum
2330 2110 2697 2155 committant.

1868 2194 1954 2248 78.
1989 2194 2100 2248 llac
2155 2194 2270 2250 acie
2341 2193 2631 2255 instructa,
2669 2195 2713 2245 si
2750 2200 3033 2246 vertantur
3089 2190 3272 2244 hostes
3304 2189 3359 2244 in

1788 2283 1992 2354 fugam,
2029 2297 2283 2338 cursores
2315 2284 2496 2337 statim
2523 2283 2588 2336 ad
2622 2283 2986 2348 insequendos
3011 2295 3128 2343 eos,
3156 2294 3363 2348 usque-

1789 2376 1917 2430 dum
1947 2375 2011 2428 ad
2040 2372 2305 2428 fossatum
2333 2373 2549 2426 illorum
2605 2372 2970 2441 pervenerint,
2999 2371 3256 2426 omnibus
3281 2370 3364 2424 vi-

1790 2470 1944 2522 ribus
1965 2468 2325 2534 contendant;
2350 2467 2668 2522 defensores
2686 2477 2866 2521 autem
2894 2471 2945 2520 in
2977 2467 3092 2521 acie
3111 2466 3364 2521 instructi

1789 2571 2109 2632 sequantur,
2140 2570 2191 2616 et
2223 2575 2330 2614 non
2367 2559 2694 2621 consistant,
2728 2574 2816 2624 nr,
2844 2558 2887 2613 si
2913 2558 3099 2612 hostes
3135 2572 3366 2612 conver-

1793 2664 1975 2709 tantur
2006 2654 2227 2716 iterum,
2270 2664 2323 2707 et
2373 2653 2590 2706 illorum
2635 2651 2895 2720 impetum
2920 2665 3178 2705 cursores
3210 2649 3370 2704 susti-

1795 2761 1924 2801 nere
1973 2755 2264 2815 nequeant,
2308 2760 2474 2815 prope
2520 2745 2583 2799 ad
2635 2744 2953 2799 defrzisores
3003 2741 3374 2814 confugiendo

1801 2855 2013 2893 “rsum
2115 2843 2118 2846 ’
2169 2855 2259 2894 sos
2280 2839 2490 2908 colligz:

1871 2931 1957 2984 79.
2015 2930 2112 2984 Sin
2161 2934 2304 2985 inter
2364 2930 2764 3000 confligendum
2801 2945 2908 2984 una
2949 2929 3130 2998 aliqua
3170 2940 3371 2993 turma,

1798 3032 1891 3077 aut
1915 3038 2107 3078 omnes
2127 3024 2289 3078 etiam
2327 3024 2380 3076 in
2418 3022 2600 3092 fugam
2629 3030 2930 3086 vertantur,
2962 3023 3029 3076 ad
3066 3023 3371 3076 secundam

1799 3117 1970 3170 aciem
2023 3117 2089 3169 ad
2122 3131 2284 3170 unius
2343 3125 2507 3184 atque
2545 3115 2769 3168 alterius
2831 3116 3042 3184 sagitta:
3075 3115 3287 3184 jactum
3316 3129 3376 3170 se

1806 3210 2092 3279 recipiant,
2157 3225 2488 3280 rursumque
2546 3224 2606 3266 se
2667 3209 2733 3262 ad
2793 3208 3130 3263 invadendos
3193 3208 3376 3263 hostes

1807 3301 2129 3355 confirment
2202 3303 2480 3357 consuetis
2505 3312 2559 3355 et
2607 3301 2816 3356 idoneis
2873 3302 2928 3354 in
2980 3301 3254 3372 principio
3285 3317 3378 3372 pu-

1804 3409 1923 3462 gnae
1955 3395 2178 3447 vocibus
2204 3405 2254 3448 et
2282 3395 2625 3449 caeremoniis
2650 3394 2912 3448 adhibitis

1878 3485 1966 3539 80.
2011 3485 2068 3538 Si
2096 3487 2279 3539 hostes
2309 3495 2563 3555 poterunt
2589 3485 2640 3538 in
2668 3485 2850 3556 fugam
2879 3488 3038 3548 verti,
3062 3486 3380 3556 insequendi

1807 3579 1985 3646 primo
2026 3587 2172 3642 sunt,
2203 3577 2399 3631 deinde
2438 3578 2797 3632 recedendum
2845 3578 3038 3632 iterum
3081 3579 3150 3632 ab
3189 3580 3288 3643 eis,
3327 3587 3382 3634 et

1809 3667 1874 3721 ad
1942 3682 2038 3721 eos
2081 3671 2262 3721 statim
2312 3669 2628 3723 vertendum
2689 3680 2790 3723 est.
2847 3669 2942 3724 Sin
2997 3671 3166 3726 semel
3220 3680 3386 3741 atque

1811 3762 2004 3815 iterum
2052 3760 2154 3814 hoc
2186 3762 2446 3814 tentando
2488 3777 2597 3815 non
2636 3762 2941 3831 proficitur,
2984 3763 3222 3818 secunda
3269 3764 3386 3818 acie

1812 3853 2065 3906 cominus
2098 3851 2211 3920 jam
2244 3853 2571 3907 adventante
2603 3853 2921 3923 «infugiant
2949 3853 3013 3907 ad
3045 3869 3188 3918 eam,
3232 3864 3286 3908 et
3319 3856 3386 3909 ad

1812 3953 2116 4012 opportuna
2143 3945 2390 4014 quzedam
2431 3946 2547 3999 loca
2584 3945 2730 4000 intus
2758 3962 2815 3999 sc
2843 3946 3133 4016 recipiant,
3175 3947 3389 4016 hocque

1877 4047 1887 4059 '
1933 4035 2102 4089 rvallo
2152 4037 2312 4104 sp,t'i
2365 4036 2430 4088 ad
2480 4046 2782 4090 extremam
2839 4053 3009 4091 auem
3071 4038 3268 4092 iterum
3331 4053 3392 4093 se

1815 4126 2118 4192 evolvente,
2181 4127 2345 4181 simul
2397 4143 2519 4180 cum
2570 4128 2807 4181 secunda
2858 4129 3149 4196 drungisti,
3205 4129 3258 4184 id
3311 4141 3395 4184 est

1818 4218 2102 4271 confertim
2139 4235 2201 4271 ac
2231 4219 2418 4280 dense,
2460 4219 2740 4283 invadant,
2775 4229 2828 4272 et
2864 4221 2909 4274 si
2954 4220 3006 4273 in
3037 4220 3219 4291 fugam
3251 4223 3394 4280 versi
3437 4278 3439 4281 .

1820 4309 2042 4377 fuerint,
2075 4310 2221 4364 omni
2249 4310 2526 4365 alacritate
2562 4327 2656 4366 cos
2689 4314 3070 4382 insequantur.

1890 4489 1978 4544 8i.
2018 4489 2302 4545 Lateranis
2331 4490 2494 4545 etiam
2530 4493 2838 4562 prtecipies,
2873 4503 2932 4549 ut.
2966 4494 3010 4550 si
3053 4494 3270 4567 longius
3309 4497 3398 4552 in-

142 4587 233 4637 ὲάν
271 4585 370 4655 μὲν
401 4586 740 4657 μακρότερον
773 4587 968 4658 εὐρεθῆ
1007 4589 1068 4640 τὸ
1101 4589 1250 4653 άντις
1281 4590 1448 4660 κέρας
1479 4591 1702 4644 σπουδά-

1823 4585 2076 4638 veniatur
2116 4599 2284 4637 cornu
2331 4587 2565 4640 hostium
2612 4602 2751 4650 esse,
2789 4597 3056 4642 conentur
3098 4592 3165 4644 ad
3201 4606 3396 4658 cornu,

144 4677 252 4738 ζειν
291 4676 383 4729 ἐπὶ
413 4677 603 4746 κέρας,
627 4676 748 4730 τοῦτ
810 4678 955 4732 ἔστιν
994 4681 1085 4732 ἐπὶ
1113 4683 1403 4751 σκουτάριν
1447 4682 1722 4746 κλίνοντας

147 4771 582 4823 συνεκτείνεσθαι
618 4770 788 4840 αὐτῷ,
816 4772 903 4824 ἵνα
941 4774 1016 4842 μὴ
1049 4775 1138 4826 ὑπ’
1169 4775 1332 4828 αὑτοῦ
1370 4777 1727 4829 κατακύκὶωο

147 4867 334 4936 σιςτῷ
363 4867 520 4938 μέρει
555 4869 799 4938 γένηται.
848 4869 910 4923 Εἰ
941 4869 997 4921 δὲ
1045 4868 1360 4936 κοντότερον
1411 4867 1608 4936 εὑρεθῇ
1667 4867 1727 4918 τὸ

148 4964 297 5024 ἄντις
329 4964 521 5032 κέρας,
557 4961 877 5025 ιπουδάζειν
905 4961 1197 5032 μηνοειδῶς
1237 4961 1403 5031 ἠγουν
1430 4961 1570 5013 κατὰ
1601 4961 1728 5029 ἡμι-

151 5053 370 5107 κύκλιον
438 5053 812 5106 ἐπικλίνεσθαι
871 5053 965 5106 καὶ
1034 5051 1538 5122 ἐμπεριλαμϐάνειν
1594 5051 1724 5104 αὐτὸ

153 5145 352 5197 ἔσωθεν
370 5147 500 5215 πρὶν
529 5145 562 5215 ἢ
587 5145 648 5196 τδ
677 5145 839 5214 μέρος
870 5144 1054 5216 φθάσῃ
1077 5143 1394 5213 συμῆαὶεῖν,
1419 5141 1562 5194 τοῦτ’
1579 5143 1726 5194 ἔστιν

154 5240 278 5291 ὅταν
325 5238 494 5306 μέλλῃ
539 5240 572 5306 ὴ
633 5237 785 5308 φωνὴ
839 5237 942 5306 τῆς
997 5237 1271 5305 συμὸολῆς
1332 5236 1570 5303 γίνεσθαι
1629 5235 1727 5301 τῆς

162 5333 358 5402 μάχης.
393 5330 531 5383 Eiet
565 5329 678 5382 ἴσον
708 5317 855 5382 ἐστὶν
887 5331 948 5382 τὸ
1002 5329 1172 5393 άντις,
1203 5331 1385 5399 μένειν
1436 5330 1492 5383 ἐν
1523 5332 1586 5398 τῇ
1622 5328 1728 5398 ἰδία

159 5423 306 5487 τάξει
369 5420 446 5481 ὡς
495 5420 845 5490 διςρὲνσορας,
902 5419 995 5471 καὶ
1054 5418 1385 5488 συμϐάλλειν
1441 5418 1579 5488 μετὰ
1633 5416 1726 5468 τοῦ

166 5514 378 5582 μέρους-

236 5631 344 5701 πβ’.
381 5628 767 5700 Παραγγείλῃς
808 5629 864 5682 δὲ
913 5629 1005 5682 καὶ
1039 5631 1149 5692 τοῖς
1186 5628 1621 5700 ὑπερκεράσταις
1656 5629 1738 5682 ὅτι

1823 4679 1874 4732 id
1907 4687 2008 4741 est,
2039 4677 2105 4731 ad
2137 4687 2372 4743 scutum,
2402 4678 2515 4732 sive
2544 4679 2730 4732 laevam
2763 4680 3117 4746 inclinantes,
3155 4683 3220 4737 ad
3251 4699 3399 4738 eam-

1824 4769 1946 4822 dem
1973 4783 2191 4838 quoque
2225 4769 2613 4837 longitudinem
2650 4769 2900 4838 produci,
2938 4779 3096 4826 utne
3128 4772 3198 4826 ah
3229 4773 3403 4826 hosti-

1829 4862 1930 4914 Iuts
1959 4870 2152 4914 turmae
2190 4872 2387 4914 nostra:
2421 4861 2786 4916 includantur.
2831 4862 2925 4917 Sin
2960 4863 3236 4920 coneisius
3273 4865 3402 4920 fuc-

1829 4954 1900 5005 rit
1942 4954 2230 5005 adversum
2267 4967 2460 5012 cornu,
2495 4953 2684 5007 lunare
2734 4969 2828 5008 eos
2864 4964 3097 5023 oportet,
3128 4964 3183 5010 et
3207 4956 3272 5009 ad
3313 4971 3404 5011 se-

1834 5043 2102 5096 micirculi
2149 5041 2380 5095 formam
2431 5045 2720 5107 adducere,
2771 5054 2821 5098 et
2874 5045 3017 5099 intra
3057 5047 3404 5116 complexum

1835 5151 1994 5189 suum
2027 5136 2212 5189 hostes
2243 5152 2515 5200 coercere,
2543 5138 2861 5206 priusquam
2897 5147 3075 5193 turma
3112 5139 3406 5210 conﬂigere

1837 5243 1958 5280 cum
2000 5230 2152 5283 hoste
2199 5231 2442 5299 incipiat,
2487 5231 2588 5284 hoc
2631 5243 2736 5294 est,
2777 5233 3098 5302 priusquam
3130 5243 3410 5287 consueta:

1835 5334 2001 5373 VOCcS
2060 5329 2184 5373 ante
2240 5337 2433 5375 manus
2486 5326 2854 5380 conserendas
2903 5341 3255 5398 usurpentur.
3314 5331 3411 5387 Sin

1839 5414 2046 5484 mquale
2085 5413 2247 5468 fuerit
2283 5416 2520 5468 hostium
2563 5434 2752 5483 cornu,
2793 5420 2844 5472 in
2886 5435 2984 5475 sua
3017 5425 3256 5492 ipsorum
3297 5427 3415 5480 acie

1842 5509 2000 5578 quasi
2033 5508 2345 5564 defensores
2369 5517 2533 5577 stent,
2575 5522 2626 5566 et
2667 5521 2900 5568 turmam
2935 5531 3088 5570 suam
3133 5516 3412 5587 adjuvent.

1920 5626 2015 5682 82.
2058 5627 2344 5696 Praecipics
2382 5629 2544 5684 etiam
2577 5631 2969 5700 cornistitibus,
3005 5634 3222 5705 quando
3250 5651 3419 5707 prope

1664 5747 1892 5805 ΝΟΤᾹΞ.

238 5870 348 5940 (92)
375 5870 535 5924 Κατὰ
564 5867 682 5922 τῶν
708 5866 960 5937 ἐχθρῶν.
989 5864 1363 5935 Serihebatur,
1391 5863 1484 5919 καὶ
1507 5865 1616 5920 τῶν
1645 5863 1874 5936 ἐχθρῶν.
