4176 6442
780 402 874 464 831

2043 390 2317 452 LEONIS
2366 389 2826 455 PHILOSOPHI

3948 380 4059 448 832

782 526 837 569 te
885 512 1084 567 fuerint
1136 511 1342 570 hostes,
1406 515 1465 561 ut
1514 504 1747 571 duobus,
1784 515 1877 559 aut
1937 504 2107 559 tribus
2151 505 2348 575 sagitta

2465 505 2659 577 μέχρις
2690 502 2750 561 οὗ
2768 505 3032 574 γένωνται
3067 506 3114 560 οἱ
3146 502 3332 577 ἐχθροὶ
3365 503 3440 566 ὡς
3464 501 3573 557 ἀπὸ
3604 499 3699 555 δύο
3730 498 4054 571 σαγιττοϐί-

775 606 1031 679 iactibus,
1083 602 1222 654 clam
1258 599 1511 653 dextrum
1558 611 1726 650 cornu
1777 603 2209 666 consequantur,
2255 610 2359 648 una

778 700 1006 754 cohorte
1051 696 1103 747 in
1143 694 1418 747 anteriore
1467 699 1619 760 parte
1655 689 1723 743 ad
1774 688 2007 743 frontem
2062 687 2360 742 constituta

777 807 899 845 cum
936 789 1160 843 decanis
1222 784 1570 855 quintanisve
1596 784 1734 847 suis,
1770 781 1864 852 qui
1902 781 1968 836 ad
1999 781 2243 851 quinque
2280 781 2358 834 vi-

778 897 967 938 rorum
998 882 1172 935 solum
1202 876 1546 932 altitudinem
1584 882 1765 939 erunt,
1809 874 1853 928 si
1889 875 2097 929 strenui
2129 872 2357 938 fuerint,

777 977 989 1045 reliqua
1024 972 1250 1027 cohorte
1299 970 1554 1024 universa
1587 965 1883 1036 drungisti,
1941 965 1996 1020 id
2041 974 2126 1021 est
2192 965 2359 1021 dense

776 1080 829 1124 et
851 1065 1167 1129 confertim,
1196 1062 1326 1119 illud
1358 1070 1639 1131 sequente.

849 1247 937 1301 85.
983 1245 1189 1304 Banda,
1235 1241 1288 1295 id
1323 1249 1427 1305 est,
1458 1239 1636 1309 capita
1680 1239 1901 1294 illorum
1934 1237 2051 1292 sive
2092 1234 2355 1305 insignia,

775 1353 845 1391 ne
873 1351 1093 1391 sursum
1123 1342 1305 1387 erecta
1342 1339 1581 1397 teneant,
1618 1332 1712 1386 sed
1754 1331 2033 1395 inclinata,
2059 1328 2187 1382 dum
2223 1342 2358 1381 usus

774 1436 968 1498 poscat
994 1443 1056 1481 ea
1101 1429 1154 1479 in
1204 1426 1382 1480 lnccm
1414 1424 1597 1486 educi,
1637 1439 1702 1477 ne
1742 1424 1786 1477 si
1819 1432 1999 1476 erecta
2037 1422 2089 1474 in
2126 1435 2358 1489 conspe-

777 1532 867 1575 ctu
903 1522 1139 1573 hostium
1171 1528 1376 1579 essent,
1410 1518 1500 1585 qui
1540 1532 1598 1570 ea
1628 1524 1842 1585 gestant
1871 1514 2045 1584 magis
2081 1514 2149 1567 ab
2183 1512 2356 1566 hosti-

778 1616 879 1667 L'ns
922 1612 1137 1666 insidiis
1172 1618 1519 1678 appetanlur.

846 1706 934 1759 Si.
996 1705 1051 1758 Si
1114 1704 1335 1773 longius
1403 1700 1692 1756 adversum
1761 1717 1933 1756 cornu
2004 1700 2351 1760 inveniatur,

775 1797 953 1866 primo
998 1794 1064 1849 ad
1100 1809 1294 1858 cornu,
1343 1793 1392 1848 id
1442 1793 1544 1859 esi,
1589 1794 1799 1847 hastam
1843 1793 1957 1847 sive
2005 1792 2220 1855 lavant,
2259 1789 2355 1843 de-

2466 597 2575 650 λων
2607 600 2639 669 ἢ
2667 598 2834 671 τριῶν
2863 598 2962 668 τῆς
2994 596 3386 678 παρατάξεως,
3421 594 3730 665 λεληθότως
3767 594 3874 664 χρὴ
3903 610 4054 664 παρ-

2461 692 2775 746 ακολουθεῖν
2807 693 2886 762 τῷ
2918 692 3073 762 δεξιῷ
3106 694 3293 762 κέρατι
3318 708 3332 723 ο
3368 691 3461 744 τοῦ
3495 699 3593 760 μὲν
3621 690 3737 752 ἑνὸς
3767 689 4055 758 τάγματος

2463 783 2814 854 ὲπιμέτωπον
2840 785 3006 855 ήγουν
3037 783 3350 855 ἔμπροσθεν
3374 782 3588 853 ἔχοντος
3619 781 3743 844 τοὺς
3773 780 4055 849 δεκάρχας

2463 878 2496 947 ἢ
2526 876 2858 945 πεντάρχας·
2886 872 3117 945 ἀρκοῦσι
3142 874 3251 944 γὰρ
3279 873 3392 926 ἀπὸ
3413 872 3574 924 πέντε
3605 872 3763 942 μόνον
3780 871 3841 924 τὸ
3861 868 4049 939 βάθος,

2460 967 2556 1019 ὲὰν
2588 968 2692 1018 εἰσι
2724 966 3023 1037 χρήσιμοι·
3074 964 3167 1019 τοῦ
3218 964 3276 1017 δὲ
3304 963 3493 1035 ἐτέρου
3532 963 3812 1034 τάγματος
3853 961 4050 1033 δρουγ-

2464 1057 2612 1123 γιστὶ
2638 1056 2808 1127 ἤγουν
2844 1058 3081 1122 πυκνοὺς
3115 1057 3209 1111 καὶ
3250 1056 3385 1127 ὁμοῦ
3442 1055 3668 1110 ὄπισθεν
3701 1054 3870 1110 αὐτοῦ
3914 1056 4047 1109 ἀκο-

2464 1147 2804 1212 λουθοῦντας.

2532 1247 2647 1308 πγ’.
2680 1242 2762 1295 Τὰ
2816 1241 2873 1295 δὲ
2940 1240 3128 1312 βάνδα,
3183 1242 3353 1313 ἤγουν
3386 1240 3487 1304 τὰς
3540 1240 3786 1311 κεφαλάς
3841 1238 4043 1300 αὐτῶν,

2462 1333 2537 1402 μὴ
2579 1333 2717 1402 ὀρθὰ
2774 1335 3018 1405 κρατεῖν,
3060 1334 3195 1388 ἀλλὰ
3238 1333 3653 1403 ὲπικεκλιμένα,
3701 1333 3807 1398 ἕως
3855 1332 4045 1400 καιρὸς

2458 1423 2684 1493 γένηται
2717 1424 2905 1495 χρείας
2934 1423 3031 1477 τοῦ
3063 1423 3351 1494 φαίνεσθαι
3381 1422 3542 1487 αὐτὰ,
3570 1422 3648 1484 είς
3682 1421 3742 1474 τὺ
3790 1422 3866 1490 μὴ
3911 1436 4047 1490 προ-

2459 1513 2761 1582 φαινόμενα
2790 1517 2901 1578 τοῖς
2933 1514 3148 1585 ἐχθροῖς
3182 1513 3672 1581 ὲπιγινώσκεσθαι,
3716 1513 3814 1564 καὶ
3842 1509 4044 1580 μᾶλλον

2457 1605 2904 1659 ἐπιϐουλεύεσθαι
2930 1608 3019 1661 ὑπ’
3052 1606 3233 1659 αὐτῶν
3258 1606 3384 1669 τοὺς
3422 1606 3755 1677 κρατοῦντας
3808 1604 3974 1657 αὑτά.

2529 1696 2631 1750 πδ’.
2674 1698 2785 1751 Καὶ
2833 1697 2900 1750 ἂν
2941 1697 3282 1770 μακρότερον
3312 1698 3371 1749 τὸ
3404 1700 3555 1760 ἄντις
3594 1700 3763 1767 κέρας
3812 1696 4038 1768 εὑρεθῇ,

2460 1790 2724 1862 πρότερον
2758 1790 2849 1842 ἐπὶ
2883 1791 3051 1860 κέρας
3086 1790 3385 1855 κλίνεσθσι,
3427 1789 3571 1843 τοῦτ’
3595 1790 3744 1843 ἐστιν
3783 1792 3880 1855 uti.
3920 1807 4043 1841 κον-

773 1887 1087 1941 t-linandum
1140 1896 1255 1948 est,
1310 1885 1701 1953 paululumque
1752 1884 2003 1936 dextrum
2076 1896 2246 1936 cornu
2301 1882 2348 1932 iu

2462 1854 2645 1952 :d’tpw,
2670 1882 2764 1934 καὶ
2800 1854 2980 1949 ὀλίγον
3009 1881 3105 1934 τοῦ
3133 1881 3307 1945 δεξιοῦ
3346 1882 3545 1951 μέρους
3584 1882 3641 1933 ὲν
3676 1880 3755 1950 τῷ
3794 1854 4044 1948 περιπα-

772 1977 1121 2048 procedendo
1173 1975 1413 2030 retardet
1470 1990 1551 2039 se,
1599 1986 1654 2029 et
1705 1974 1770 2027 ad
1807 1974 2094 2029 dimidium
2146 1973 2356 2043 sagitta:

765 2071 973 2139 jactum
1031 2067 1299 2137 producat
1338 2082 1414 2132 se,
1466 2075 1525 2120 ut
1572 2067 1860 2120 adversum
1904 2082 2074 2120 cornu
2122 2064 2355 2134 longitu-

768 2162 898 2216 dine
938 2168 1217 2229 superent,
1253 2167 1418 2226 atque
1465 2157 1537 2211 ita
1567 2157 1924 2221 declinantes,
1975 2157 2205 2224 illosque
2248 2156 2352 2208 cir-

768 2252 1185 2307 cumvenientes
1223 2247 1454 2314 dicant,
1497 2248 1742 2313 Ἔξελθε,
1791 2248 1916 2311 cxi,
1967 2249 2258 2315 statimque
2322 2263 2352 2301 a

768 2350 924 2410 tergo
961 2340 1180 2393 illorum
1205 2337 1404 2392 cohors
1438 2337 1715 2401 milliaria,
1752 2352 1914 2406 quam
1948 2337 2218 2407 drnngum
2258 2352 2354 2391 vo-

768 2442 926 2497 cant,
980 2432 1047 2485 de
1094 2429 1392 2503 improviso
1432 2438 1487 2482 et
1532 2428 1645 2482 acri
1711 2443 1838 2482 cum
1889 2429 2204 2483 incursione
2265 2428 2351 2482 in-

768 2528 951 2579 vadat.

838 2617 927 2671 35.
969 2611 1276 2685 Proﬂigatis
1307 2613 1586 2677 hostibus,
1624 2627 1731 2666 non
1766 2614 1949 2668 statim
1980 2613 2103 2666 illos
2132 2610 2348 2680 fugien-

769 2720 851 2765 tes
875 2715 1296 2780 persequantur,
1326 2706 1420 2761 sed
1458 2706 1769 2769 confestim,
1800 2705 1895 2775 qui
1928 2721 1957 2759 a
1996 2716 2145 2774 tergo
2180 2714 2350 2757 stete-

768 2799 903 2863 rint,
940 2812 1067 2852 cum
1107 2795 1336 2864 reliquis
1379 2793 1697 2849 cohortibus
1745 2794 2064 2863 procedant.
2104 2790 2260 2859 Quod
2303 2790 2350 2846 si

767 2887 1165 2942 contractiores
1207 2885 1396 2941 hostes
1432 2883 1659 2950 fuerint,
1713 2883 1898 2938 statim
1934 2895 2147 2947 exeant,
2176 2891 2230 2937 et
2266 2883 2351 2937 lu-

766 2991 896 3034 nata
938 2978 1095 3049 quasi
1126 2978 1301 3032 forma
1349 2976 1783 3031 circunicludant
1827 2991 1956 3042 eos;
1993 2976 2075 3031 sin
2113 2973 2349 3045 aequales

768 3076 997 3139 fuerint,
1025 3072 1309 3142 paululum
1353 3072 1661 3142 producant
1694 3086 1775 3135 se,
1807 3078 1862 3125 et
1890 3061 2133 3125 hostium
2167 3068 2349 3137 longi-

2457 1974 2571 2026 τεῖν
2612 1972 3046 2045 ἐμϐραδύνοντος
3095 1974 3453 2044 παρεκτείναι
3499 1974 3661 2044 μέχρι
3702 1974 3799 2027 καὶ
3839 1972 4039 2043 ἡμίονον

2458 2066 2844 2134 σαγιττοϐόλου
2881 2065 2968 2118 διὰ
3011 2065 3071 2118 τὸ
3129 2066 3489 2137 ὑπερϐάλλειν
3538 2066 3599 2118 τὸ
3650 2067 3803 2129 ἄντις
3845 2067 4037 2137 κέρας.

2457 2153 2573 2211 Εἶθ’
2603 2156 2778 2220 οὕτως
2806 2157 3130 2220 ἐκνεύοντας
3156 2157 3296 2211 κατὰ
3326 2158 3525 2222 αὐτοὺς
3556 2158 3651 2211 καὶ
3698 2157 4041 2220 κυκλοῦντας

2457 2249 2858 2321 παραγγέλλειν
2873 2249 2954 2315 τὸ,
2976 2248 3217 2313 Ἔξελθε·
3235 2249 3327 2301 καὶ
3348 2248 3552 2312 εὐθέως
3566 2250 3876 2320 ἐπιπέμψαι
3902 2249 4041 2303 κατὰ

2454 2342 2549 2395 τοῦ
2596 2339 2769 2396 νώτου
2822 2342 3002 2396 αὐτῶν
3052 2341 3142 2398 τὸν
3188 2341 3523 2396 λανθάνοντα
3570 2341 3838 2413 δροῦγγον
3878 2342 4039 2412 ἄφνω

2456 2433 2599 2488 κατὰ
2655 2432 2880 2496 ὲλασίας
2921 2432 3123 2497 ὀξείας.

2533 2620 2637 2667 πεθ.
2670 2611 3037 2683 Τρεπομένων
3070 2611 3126 2664 δὲ
3178 2611 3286 2664 τῶν
3332 2610 3546 2681 ἐχθρῶν
3602 2610 3676 2679 μὴ
3721 2607 4038 2661 ἐπιδιώκειν

2454 2706 2579 2768 τοὺς
2617 2707 2941 2773 φεύγοντας.
2983 2704 3117 2759 ἀλλὰ
3144 2703 3347 2767 εὐθέως
3378 2704 3525 2756 κατὰ
3553 2702 3648 2755 τοῦ
3680 2702 3853 2755 νώτου
3880 2704 4036 2754 ίστα-

2457 2799 2655 2868 μένους
2701 2797 2979 2868 ἔρχεσθαι,
3029 2797 3146 2867 ἅμα
3193 2796 3271 2867 τῷ
3323 2796 3497 2866 ἑτέρῳ
3547 2796 3812 2865 τάγματι.
3871 2794 3934 2847 El
3982 2794 4039 2847 δὲ

2452 2889 2766 2960 κοντότερόν
2792 2889 2965 2955 ἐστιν,
2997 2888 3201 2951 εὐθέως
3240 2887 3580 2959 ἐξέρχεσθαι,
3612 2889 3707 2942 καὶ
3739 2887 4042 2957 μηνοειδῶς

2451 2981 2921 3051 ἐπιλαμϐάνεσθαι
2954 2979 3145 3034 αὐτοῦ’
3168 2981 3217 3033 εί
3242 2981 3299 3034 δὲ
3333 2980 3447 3034 ῐσον
3479 2979 3650 3047 ἐστὶν,
3674 2979 3855 3046 ὀλίγον
3893 2997 4039 3049 παρα

2453 3075 2713 3129 εκτείνειν
2766 3075 2862 3128 καὶ
2908 3073 3267 3144 ὑπερϐάλλειν
3312 3074 3375 3128 τὸ
3430 3074 3606 3136 ᾶντις.
3661 3068 3796 3126 Εἶτα
3838 3073 4034 3135 οῦτως,

767 3168 1009 3221 tudinem
1065 3172 1357 3233 superent;
1420 3162 1633 3231 hocque
1687 3161 1849 3217 modo
1899 3160 2132 3230 irruptio
2178 3159 2230 3213 in
2279 3158 2347 3212 il-

2451 3169 2526 3233 ὡς
2550 3169 2787 3240 εἴρηται,
2815 3168 2995 3239 ὁρμᾷν
3013 3168 3155 3222 κατὰ
3186 3165 3381 3223 αὐτοῦ.

762 3260 846 3315 Σ¹5
877 3257 987 3311 ﬁat.

837 3348 926 3402 86.
965 3346 1122 3412 Quod
1153 3346 1197 3400 si
1230 3359 1354 3400 cum
1385 3342 1693 3398 cornistites
1716 3356 1848 3397 suos
1874 3342 2206 3411 producunt,
2242 3340 2346 3394 hoc

765 3443 906 3495 idem
940 3440 1119 3493 facere
1157 3445 1447 3497 conantur,
1502 3434 1793 3489 invadendi
1841 3434 2025 3488 statim
2076 3432 2151 3486 illi
2196 3440 2343 3495 sunt,

763 3536 893 3609 dmn
936 3532 991 3585 in
1043 3531 1143 3584 hac
1184 3527 1505 3583 mutationis
1548 3526 1962 3596 perturbatione
2011 3522 2169 3590 sunt;
2215 3537 2343 3577 nam

762 3627 894 3679 dum
941 3623 1019 3676 illi
1061 3620 1127 3674 ad
1180 3635 1374 3683 cornu,
1432 3617 1484 3672 id
1515 3627 1620 3681 est,
1661 3617 1873 3680 laevam,
1924 3624 2342 3682 convertuntur,

764 3716 990 3768 dextras
1039 3710 1258 3763 illorum
1303 3709 1480 3762 nudas
1525 3720 1667 3769 esse,
1708 3716 1761 3760 et
1794 3696 2170 3759 densationem
2219 3702 2343 3757 illo-

765 3820 885 3859 rum
913 3802 1236 3857 dissolutam
1270 3815 1412 3864 esse,
1439 3813 1662 3853 necesse
1689 3805 1792 3851 est.

829 3895 918 3950 87.
962 3894 1017 3946 In
1048 3894 1298 3949 hostibus
1332 3889 1739 3947 circumdandis
1776 3904 1883 3944 non
1937 3889 2115 3944 solum
2161 3887 2344 3943 corni-

762 3989 939 4050 stites,
972 3985 1024 4039 id
1062 3994 1166 4052 est,
1190 3985 1284 4054 qui
1318 3982 1495 4037 dextri
1523 3996 1698 4035 cornu
1733 3992 2167 4052 propugnatores
2195 3987 2341 4046 sunt,

760 4082 1067 4143 elaborare,
1106 4092 1174 4131 ne
1211 4076 1293 4130 vel
1333 4076 1496 4129 nimis
1528 4075 1892 4138 retardentur,
1934 4074 2014 4128 vel
2045 4072 2207 4127 nimis
2234 4073 2344 4128 cito

764 4173 1055 4243 incipiant,
1085 4172 1179 4227 sed
1208 4180 1263 4226 et
1298 4170 1469 4240 partis
1500 4170 1667 4235 illius,
1693 4168 1743 4222 id
1775 4176 1880 4234 est,
1906 4178 2119 4232 turmae,
2152 4166 2345 4237 pracfe-

760 4281 935 4330 ctum,
962 4268 1079 4322 sive
1107 4266 1153 4320 is
1182 4263 1520 4327 turmam-ha,
1547 4262 1662 4316 sive
1695 4262 1836 4316 alius
1859 4261 2130 4331 quispiam
2157 4259 2342 4314 fuerit.

761 4363 951 4431 Itaque
992 4359 1377 4413 invadentibus
1424 4372 1520 4412 eos
1552 4356 1955 4433 cornistitibus,
1998 4365 2051 4410 et
2091 4354 2342 4409 hostibus

755 4456 868 4525 jam
912 4452 1237 4508 tumultuari
1274 4449 1684 4520 incipientibus,
1734 4449 2026 4503 adversum
2076 4462 2173 4503 eos
2215 4447 2340 4501 uui-

759 4562 915 4602 versa
948 4557 1127 4600 turma
1159 4542 1398 4599 incedat.

833 4640 923 4693 88.
967 4638 1123 4692 Cura:
1171 4634 1426 4705 prmfeeto
1458 4648 1581 4690 esse
1621 4633 1784 4687 debet
1818 4640 1894 4697 ut,
1927 4632 1971 4687 si
2000 4631 2112 4687 ﬁeri
2145 4633 2338 4704 possit,

759 4732 1018 4785 adversas
1079 4727 1269 4797 copias
1320 4724 1656 4795 longitudine
1701 4734 1949 4794 superet;
2003 4725 2086 4780 sin
2136 4726 2339 4790 minus,

760 4820 955 4875 saltem
1007 4824 1258 4885 exaequet
1293 4832 1305 4868 :
1337 4814 1381 4867 si
1437 4814 1582 4867 enim
1639 4814 1851 4883 longior
1912 4826 2126 4879 nostra,
2176 4831 2341 4884 quam

760 4910 1201 4965 adversariorum
1273 4906 1420 4961 acies
1488 4906 1690 4971 fuerit,
1757 4907 2072 4962 cornislitcs
2144 4924 2343 4965 munus

762 5018 922 5059 suum
956 5001 1146 5056 sedulo
1182 5014 1245 5055 ac
1269 4999 1548 5054 fructuose
1581 4998 1802 5054 facient.

835 5188 924 5237 89.
977 5182 1305 5236 Cornistites
1358 5181 1481 5235 ideo
1536 5181 1835 5237 necessarii
1883 5192 2043 5248 sunt,
2096 5184 2226 5254 quia
2290 5185 2343 5239 in

763 5275 926 5330 nudis
953 5274 1087 5330 locis
1124 5275 1466 5330 incursiones
1493 5273 1670 5330 facere
1693 5279 2056 5346 opportunius
2089 5288 2341 5347 possunt.

828 5462 917 5517 90.
961 5454 1227 5511 Secundae
1277 5454 1529 5508 similiter
1584 5454 1719 5510 aciei
1766 5457 2067 5527 praecipies,
2120 5468 2178 5514 ut
2224 5476 2340 5516 me-

755 5555 907 5608 dium
949 5552 1154 5612 locum,
1203 5549 1255 5602 in
1288 5565 1397 5617 quo
1434 5549 1671 5618 dignitas
1723 5561 1812 5606 tua
1866 5554 2160 5608 constituta
2214 5559 2338 5620 erit,

758 5648 1043 5717 diligenter
1090 5642 1367 5706 observet,
1408 5653 1461 5696 et
1511 5645 1702 5699 sedulo
1742 5646 2007 5709 advertat,
2055 5656 2113 5701 ttt
2147 5649 2341 5703 conﬂi-

756 5736 1011 5792 ctaticnis
1050 5745 1292 5803 tempore
1335 5734 1473 5787 duos
1527 5745 1619 5789 aut
1664 5747 1774 5793 tres
1825 5740 2036 5806 sagittae
2089 5740 2271 5809 jactus
2311 5760 2338 5797 a

758 5832 933 5904 prima
967 5830 1081 5883 acie
1139 5828 1341 5893 absint,
1397 5840 1473 5893 ut,
1534 5830 1576 5883 si
1630 5830 1684 5886 in
1733 5833 1913 5903 fugam
1971 5835 2339 5903 conjiciantur

2521 3354 2642 3412 πςν.
2690 3347 2815 3402 Ἐὰν
2841 3347 2938 3417 μὲν
2972 3347 3087 3414 οὖν,
3118 3348 3247 3400 ὅταν
3279 3348 3736 3417 παρεκτείνονται
3777 3349 3828 3400 οἱ
3862 3348 4039 3417 περ’

2451 3439 2718 3511 κεράσται
2753 3438 3088 3508 βουληθῶσιν
3118 3438 3212 3491 καὶ
3236 3439 3285 3492 οἱ
3305 3437 3456 3501 ἄντις
3492 3437 3697 3507 ὁμοίως
3736 3440 4041 3507 παρεκτεί-

2448 3529 2656 3594 νεσθαι,
2690 3530 2772 3582 δεῖ
2795 3529 2996 3599 ὁμοίως
3023 3530 3116 3583 καὶ
3150 3528 3352 3591 εὐθέως
3378 3529 3521 3582 κατὰ
3554 3528 3734 3582 αὐτῶν
3772 3530 3956 3599 ὁρμᾷν
3982 3531 4039 3580 ἐν

2448 3621 2558 3691 ὅσῳ
2589 3620 2956 3673 ἀκατάστατοι
2986 3618 3352 3689 εὑρίσκονται*
3393 3618 3608 3689 ἀνάγκη
3654 3617 3765 3690 γάρ
3799 3635 4038 3690 στρεφο-

2449 3712 2629 3783 μένων
2658 3711 2837 3763 αὺτῶν
2867 3711 2959 3762 ἐπὶ
2998 3709 3168 3780 κέρας
3197 3710 3292 3763 καὶ
3325 3708 3393 3763 τὰ
3421 3708 3574 3776 δεξιὰ
3618 3710 3800 3763 αὐτῶν
3847 3713 4040 3782 γυμνᾶ

2445 3804 2612 3875 ἔχειν,
2645 3804 2737 3856 καὶ
2766 3802 2864 3871 τὴν
2895 3802 3116 3871 σφιγξιν
3144 3802 3568 3873 διαλελυμένην.

2520 3898 2628 3962 σις’.
2664 3895 2880 3958 Ταύτας
2912 3896 2969 3949 δὲ
2999 3895 3099 3957 τὰς
3134 3896 3437 3960 κυκλώσεις
3465 3896 3540 3968 μὴ
3578 3897 3737 3965 μόνον
3762 3897 3885 3950 δέον
3906 3900 4038 3960 τοὺς

2447 3985 2862 4059 ὐπερκεράστας
2918 3984 3240 4050 κανονίζειν,
3292 3986 3459 4056 ἤγουν
3502 3987 3631 4049 τοὺς
3678 3986 3775 4040 τοῦ
3845 3987 4027 4054 δεξιοῦ

2450 4081 2651 4153 μέρους
2677 4079 2995 4150 προμάχους
3010 4082 3092 4143 είς
3119 4079 3180 4133 τὸ
3209 4078 3284 4150 μὴ
3318 4080 3451 4133 πολὺ
3475 4077 3860 4151 ὲμϐραδύνειν,
3896 4082 4037 4150 μηδὲ

2446 4173 2611 4226 πάλιν
2644 4171 2750 4241 πρὸ
2786 4168 2984 4223 πολλοῦ
3016 4172 3209 4235 ποιεῖν,
3239 4170 3376 4223 ἀλλὰ
3433 4174 3527 4223 καὶ
3560 4170 3649 4223 τὸν
3699 4169 3794 4223 τοῦ
3829 4170 4039 4240 μέρους

2446 4263 2709 4334 ἄρχοντα,
2767 4262 2879 4315 εἴτε
2929 4262 3285 4333 τουρμάρχης
3318 4261 3489 4326 ἐστὶν,
3540 4263 3650 4315 εἴτε
3693 4262 3885 4333 ἕτερός
3928 4279 4034 4325 τις.

2446 4354 2588 4409 ὥστε
2614 4354 3009 4424 ἐγχειρούντων
3030 4354 3140 4405 τῶν
3176 4354 3606 4424 ὑπερκεραστῶν
3660 4355 3756 4408 καὶ
3788 4354 4037 4426 ἀρχομέ-

2446 4465 2554 4503 νων
2587 4449 2697 4500 τῶν
2730 4447 2882 4511 ἄντις
2909 4445 3260 4517 θορυϐεῖσθαι
3282 4485 3298 4511 ,
3333 4446 3454 4499 τότε
3478 4446 3575 4500 καὶ
3596 4447 3780 4511 αὐτοῖς
3805 4448 3868 4501 τδ
3912 4449 4037 4501 ὅλον

2374 4555 2417 4611 ο
2451 4538 2616 4610 μέρος
2647 4539 2893 4605 ἐπάγειν.

2528 4636 2641 4701 πη’.
2695 4630 2870 4698 Λόγος
2923 4626 2981 4682 δὲ
3012 4626 3091 4699 τῷ
3123 4628 3345 4699 ἄρχοντι
3402 4627 3653 4697 γίνεσθαι
3688 4626 3920 4696 ὀφείλει,
3949 4628 4036 4679 ἵνα

2442 4726 2492 4779 εἰ
2531 4727 2631 4795 μὲν
2690 4725 2808 4777 ἐστι
2862 4724 3087 4778 δυνατὸν
3146 4720 3297 4792 αὖτῴ
3349 4720 3712 4793 ὑπερϐάλλειν
3771 4720 3834 4773 τὺ
3882 4720 4036 4783 ἆντις

2446 4819 2647 4889 μέρος·
2675 4816 2806 4870 εἰδὲ
2864 4818 2937 4886 μή
2970 4833 3067 4884 γε,
3101 4813 3204 4867 κᾶν
3264 4813 3508 4867 ἰσοῦσθαι
3567 4812 3738 4883 αὐτῷ,
3800 4813 3900 4867 ἐὰν
3938 4816 4035 4867 καὶ

2447 4910 2764 4983 μακροτέρα
2795 4910 2993 4980 εὑρεθῇ
3024 4908 3134 4961 τῶν
3159 4907 3423 4960 ἐναντίων
3451 4909 3483 4976 ἡ
3512 4904 3821 4975 παράταξις
3844 4922 3857 4934 ·
3891 4905 4034 4959 ὥστε

2445 5003 2698 5058 ἐντεῦθεν
2733 5002 3008 5073 ἁρμοδίως
3043 5000 3302 5054 δύνασθαι
3346 4999 3471 5063 τοὺς
3508 4997 3943 5069 ὑπερκεράστας
3973 4999 4033 5052 τὸ

2445 5093 2605 5165 ἔργον
2633 5092 2813 5147 αὐτῶν
2853 5095 3045 5145 ποιεῖν.

2512 5188 2623 5240 πθ’.
2670 5187 2911 5239 Γίνωσκε
2966 5186 3023 5238 δὲ
3066 5186 3148 5239 ὅτι
3198 5186 3246 5238 οἱ
3293 5184 3708 5255 ὑπερκεράσται
3745 5181 3839 5236 διὰ
3872 5182 4033 5236 τοῦτό

2444 5282 2581 5334 εἰσιν
2605 5279 2915 5348 ἀναγκαῖοι,
2950 5277 3070 5333 καθ’
3105 5278 3134 5330 ὃ
3181 5278 3278 5333 καὶ
3324 5279 3385 5330 ὲν
3411 5278 3641 5347 γυμνοῖς
3686 5277 3882 5340 τόποις
3934 5277 4031 5339 τὰς

2443 5371 2743 5443 ἐπιδρομὰς
2770 5373 2947 5424 ποιεῖν
2976 5371 3398 5442 ἁσφαλεστέρως
3426 5370 3705 5425 δύνανται.

2516 5470 2586 5532 ια.
2633 5464 2863 5532 Ὁμοίως
2895 5464 2951 5517 δὲ
2998 5465 3092 5517 καὶ
3134 5467 3201 5535 τῇ
3229 5464 3457 5535 δευτέρᾳ
3510 5463 3661 5529 τάξει
3714 5464 4031 5537 παραγγεί-

2438 5560 2535 5633 λῃς
2566 5560 2707 5612 ὥστε
2736 5559 2827 5613 τὸν
2866 5558 3031 5629 μέσον
3071 5558 3260 5623 τόπον,
3297 5560 3352 5611 ὲν
3389 5550 3435 5626 ᾧ
3487 5556 3781 5629 συμϐαίνει
3828 5558 4028 5611 τάσσε-

2440 5652 2563 5706 σθαι
2580 5650 2677 5721 τὴν
2698 5651 2795 5722 σὴν
2812 5649 3153 5721 ὲνδοξότητα,
3180 5649 3463 5703 πείθεσθαί
3484 5666 3568 5702 σοι
3583 5648 3677 5701 καὶ
3692 5649 4024 5712 κανονίζειν,

2438 5747 2605 5815 ἦγουν
2652 5743 3032 5814 στοχάζεσθαι,
3090 5743 3230 5796 ὥστε
3285 5745 3342 5795 ὲν
3394 5743 3472 5813 τῷ
3518 5741 3695 5812 καιρῷ
3734 5744 3837 5811 τῆς
3884 5757 4022 5811 συμ-

2439 5838 2599 5909 ϐολῆς
2659 5838 2768 5891 ἀπὸ
2826 5836 2994 5907 τριῶν
3051 5838 3082 5910 ἢ
3136 5838 3419 5908 τεσσάρων
3482 5836 3889 5906 σαγιττοϐόλων
3929 5835 4025 5905 τῆς
