4176 6442
126 433 230 496 837

1181 432 1515 492 TACTICA.
1555 456 1624 465 —
1655 431 2163 496 CONSTITUTIO
2191 438 2329 495 XII.

3299 429 3405 491 838

128 540 314 595 αὐτῶν
348 539 576 604 titiam,
629 537 776 590 τοῦτ’
825 537 943 590 ἐστι
984 536 1146 606 μέσον
1193 539 1302 593 τῶν
1352 539 1701 607 διφενσόρων,

1829 545 2127 612 :ollocctur,
2192 544 2496 615 drungarii,
2553 545 2720 599 idest
2763 540 2991 609 tribuni,
3042 540 3096 594 in
3176 541 3402 611 reliquis

139 637 270 696 τοὺς
292 634 352 686 δὲ
378 631 774 704 δρουγγαρίους
800 631 882 692 εἰς
912 629 982 681 τὰ
1007 629 1350 702 ἑκατέρωθεν
1373 629 1512 700 μέρη
1545 631 1707 700 μέσον

129 724 240 775 τῶν
273 722 480 790 βανδων
510 738 619 772 των
657 719 1006 789 κουρσὼρων.

205 817 311 881 ρη’.
355 810 444 862 Ἐν
469 809 628 879 δὲτῷ
656 808 835 879 καιρῷ
863 811 962 880 τῆς
993 807 1352 878 παρατάξεως
1377 809 1711 880 προερευνᾷν

131 905 251 958 δέον
297 903 387 956 διὰ
445 901 792 973 μανδατόρων
830 903 957 964 τοὺς
998 901 1098 970 τῆς
1153 901 1428 972 συμϐολῆς
1469 901 1666 963 τόπους
1693 941 1708 962 ,

129 997 278 1049 τοῦτ’
312 996 430 1049 ἐστι
481 996 609 1059 τοὺς
665 994 831 1065 μέσον
880 993 981 1064 τῆς
1027 995 1164 1058 ἰδίας
1216 994 1574 1066 παρατάξεως
1617 993 1713 1046 καὶ

132 1094 233 1160 τῆς
265 1089 375 1142 τῶν
400 1089 632 1159 ὲχθρων,
681 1089 892 1159 μήποτε
924 1087 1118 1141 λάκκοι
1148 1089 1309 1152 εἰσὶν,
1343 1088 1375 1157 ἢ
1401 1089 1710 1158 όρυγματα,

133 1186 167 1254 ἢ
203 1184 450 1252 τίλματα
482 1181 622 1249 άπερ
650 1181 869 1249 λέγεται
891 1180 1183 1250 πάλματα,
1207 1179 1244 1248 ἢ
1270 1178 1409 1232 δόλοι
1434 1179 1600 1241 τινὲς,
1640 1177 1716 1239 ὡς

135 1278 307 1339 εἰκὸς,
359 1275 512 1346 παρὰ
537 1274 646 1327 τῶν
669 1273 882 1343 ἐχθρῶν
945 1271 1310 1343 μελετώμενοι
1333 1285 1349 1302 ·
1377 1271 1468 1324 καὶ
1521 1269 1620 1322 ὲάν
1665 1286 1716 1322 τι

133 1368 384 1421 τοιοῦτον
411 1366 634 1436 εὑρεθῇ,
682 1363 974 1434 ἀναμένειν
1005 1362 1103 1433 τὴν
1137 1361 1410 1432 ἡμετέραν
1449 1360 1600 1426 τάξιν
1634 1360 1720 1411 ἵνα

133 1457 183 1508 οἱ
212 1455 400 1524 ἐχθροὶ
429 1454 627 1515 αὐτοὺς
678 1452 1024 1524 παρέλθωσιν
1056 1468 1071 1483 ·
1103 1451 1201 1504 καὶ
1251 1451 1371 1503 τότε
1403 1453 1436 1520 ή
1470 1449 1716 1520 ἡμετέρα

135 1543 452 1615 παράταξις
486 1544 544 1595 ὲν
576 1541 656 1612 τῷ
685 1541 912 1612 καθαρῷ
942 1541 1148 1610 κάμπῳ
1171 1540 1457 1609 ἀπαντήσῃ

211 1635 316 1707 ρθ’.
355 1637 428 1688 Τὸ
452 1636 508 1688 δὲ
544 1634 734 1704 βάνδον
774 1633 870 1686 τοῦ
911 1632 1258 1702 τουρμάρχου
1283 1671 1299 1696 ,
1354 1629 1430 1692 ὡς
1483 1631 1716 1701 εἴρηται,

135 1729 304 1799 μόνον
334 1727 733 1798 ἐξηλλαγμένον
757 1725 820 1779 τὺ
846 1720 985 1786 εἶδος
1042 1724 1196 1795 παρὰ
1226 1724 1296 1777 τὰ
1322 1722 1456 1778 ἄλλα
1499 1724 1568 1776 τά
1627 1724 1720 1776 ὑπ’

132 1822 303 1874 αὑτὸν
335 1819 502 1891 βάνδα
528 1818 778 1887 ποιῆσαι,
823 1816 911 1871 ἵνα
962 1816 1111 1870 ἐστὶν
1143 1815 1537 1883 εὐεπίγνωστον
1586 1815 1722 1867 πᾶσι

133 1913 251 1973 τοῖς
285 1909 380 1962 ὑπ’
408 1908 572 1962 αὑτὸν
606 1904 976 1975 βανδοφόροις.

209 2000 300 2070 ρι’.
350 1999 512 2052 Ἀλλά
539 1997 634 2051 καὶ
661 1996 751 2050 διὰ
785 1994 1054 2066 κινήσεώς
1083 2011 1229 2058 τινος
1281 1993 1438 2062 ξένης
1477 1993 1572 2046 καὶ
1601 1993 1718 2047 δια-

135 2093 312 2162 φόρου
338 2090 671 2161 χωρίζεσθαι
700 2088 865 2154 αὐτὸ,
893 2087 928 2158 ἢ
957 2089 1033 2141 ιέν
1077 2089 1156 2157 τῷ
1205 2085 1452 2140 ἵστασθαι
1482 2086 1515 2156 ἢ
1545 2086 1655 2140 ἄνω
1683 2084 1717 2154 ἢ

134 2186 315 2249 κάτω,
348 2184 382 2254 ἢ
412 2183 562 2249 δεξιὰ
591 2183 624 2252 ἦ
649 2180 945 2252 ἀριστερὰ,
976 2179 1009 2250 ἢ
1040 2179 1282 2248 συνεχῶς
1322 2177 1715 2241 ὲπικλίνεσθαι,

134 2278 167 2347 ἢ
189 2276 464 2346 ἐγκλίνειν
484 2274 582 2344 τὴν
599 2272 842 2343 κεφαλὴν
865 2269 960 2324 τοῦ
991 2270 1208 2341 βάνδου,
1231 2269 1265 2340 ἢ
1287 2270 1505 2332 πυκνῶς
1534 2269 1718 2322 τινάσ-

138 2389 256 2423 σειν
289 2371 317 2421 ό
360 2369 475 2432 seu,
512 2367 557 2419 ῶ
594 2383 654 2418 τε
698 2382 790 2418 γαι
819 2366 869 2417 εἰ
923 2365 1023 2431 τὴν
1055 2362 1317 2433 σύγχυσιν
1344 2361 1579 2424 ευκόὶως
1617 2360 1724 2414 ὑπὸ

133 2465 244 2518 τῶν
275 2460 483 2515 λοιπῶν
517 2459 722 2530 βάνδων
745 2455 1132 2528 γνωρίζεσθαι.

209 2641 320 2717 ρια¹
372 2643 447 2696 Ub
471 2642 553 2694 δεῖ
578 2640 636 2693 δὲ
661 2640 800 2692 ὅλων
830 2637 940 2690 τῶν
966 2653 1060 2690 του
1071 2635 1332 2705 ρμαρχῶν
1357 2633 1424 2687 τὰ
1455 2633 1621 2703 βάνδα
1665 2631 1724 2684 ἓν

140 2739 370 2806 σημεῖον
400 2734 566 2804 ἔχειν,
595 2731 734 2785 ἀλλὰ
775 2728 1155 2799 ὲνηλλαγμένα
1184 2724 1430 2796 σύμϐολα
1487 2725 1726 2794 ἑκάστην

137 2829 410 2900 τοόρμαν,
467 2825 627 2879 ἆτινα
668 2825 764 2877 καὶ
823 2821 1130 2891 ὀφείλουσιν
1158 2818 1358 2884 ἐθίζειν
1408 2818 1536 2880 τοὺς
1559 2832 1722 2886 στραο

139 2921 347 2983 τιώτας
378 2919 466 2973 διὰ
496 2917 910 2988 προγυμνασίας
947 2911 1257 2982 γνωρίζειν.
1299 2911 1374 2963 Οὐ
1412 2911 1570 2979 μόνον
1617 2905 1729 2977 γὰρ

143 3016 211 3066 ὲκ
232 3014 432 3066 τούτου
484 3010 552 3063 τὰ
605 3009 711 3062 ὑπὸ
751 3008 844 3060 τὸν
888 3005 1243 3075 τουρμάρχην
1288 3002 1518 3056 ἕκαστον
1559 3000 1726 3070 βάνδα

139 3102 485 3172 ὠφελοῦνται
536 3099 598 3152 τὸ
635 3099 800 3168 μέρος
832 3096 1016 3150 αὐτῶν
1071 3095 1352 3164 συντόμως
1381 3091 1716 3162 στερίζοντα,

141 3197 281 3249 ἀλλὰ
324 3195 422 3246 καὶ
453 3211 502 3245 οι
567 3191 625 3243 έν
672 3191 857 3252 αυτοῖς
930 3187 1249 3256 τεταγμένοι
1301 3185 1364 3236 τὸ
1434 3202 1527 3236 του
1571 3201 1731 3252 τουρο

144 3288 363 3357 μάρχου
408 3282 596 3353 βάνδον
645 3280 1099 3348 ἐπιγινώσκοντες
1163 3278 1229 3330 δι’
1271 3276 1434 3328 αὐτώ
1494 3275 1728 3336 εὐκόλως

141 3378 234 3428 καὶ
262 3375 334 3426 τὰ
366 3374 496 3434 ἴδια,
537 3373 611 3432 ὡς
643 3369 812 3431 εἰκὸς,
845 3367 1187 3436 πλανώμενιι
1217 3365 1582 3434 εὑρίσκουσιν.

215 3463 320 3536 ριβ¹
358 3465 448 3515 Δεῖ
477 3462 584 3531 γὰρ
602 3461 688 3513 ἀεὶ
705 3460 763 3512 ἐν
791 3459 995 3526 ἑκάστῃ
1017 3456 1187 3526 μάχῃ,
1212 3455 1306 3507 ἐὰν
1338 3455 1429 3506 καί
1452 3470 1504 3506 τι
1522 3451 1726 3522 συμϐῇ,

140 3559 233 3612 τὸν
263 3552 642 3625 στρατιώτην,
682 3551 822 3604 ὥστε
866 3546 1317 3619 ἀποχωρισθῆναι
1364 3545 1579 3615 μακρὰν
1634 3541 1730 3595 τοῦ

145 3649 347 3719 βάνδου
373 3645 468 3699 τοῦ
499 3644 630 3697 ἰδίου
662 3643 970 3711 τάγματος,
1005 3640 1166 3692 παντὶ
1188 3637 1378 3708 τρόπῳ
1407 3635 1730 3698 σπουδάζειν

141 3739 404 3794 ένοῦσθαι
428 3737 597 3805 αὐτῷ·
623 3735 713 3788 ἵνα
751 3735 785 3804 ἡ
817 3733 968 3797 τάξις
999 3731 1237 3801 ἄφυρτος
1278 3727 1607 3799 διαμένουσα
1634 3726 1731 3796 τὴν

143 3830 429 3899 σωτηρίαν
457 3826 700 3897 σημαίνῃ
721 3823 818 3876 τοῦ
852 3839 1111 3893 στράτου.

213 3919 349 3994 ριγ¹.
389 3919 517 3973 Ἐὰν
541 3917 599 3972 δὲ
625 3916 808 3987 συμϐῇ
839 3911 979 3968 εἶναι
998 3915 1056 3966 ὲν
1080 3911 1159 3982 τῷ
1183 3910 1399 3982 στρατῷ
1425 3927 1577 3973 τινας
1598 3909 1729 3979 ὁμο-

142 4014 351 4085 φύλους
365 4011 476 4064 τῶν
497 4007 796 4071 πολεμίων,
823 4007 943 4059 δέον
975 4004 1082 4075 πρὸ
1102 4003 1204 4071 τῆς
1221 4002 1433 4072 ἡμέρας
1455 3998 1547 4052 τοῦ
1575 3997 1732 4052 πολέ-

145 4124 251 4178 μου
287 4102 546 4176 χωρίζειν
581 4101 810 4164 αὐτοὺς,
868 4098 964 4150 καὶ
1018 4098 1077 4148 ὲν
1113 4095 1322 4166 ἑτέροις
1374 4093 1561 4156 τόποις
1593 4091 1732 4163 μετὰ

141 4197 374 4265 εὐλόγου
403 4193 732 4265 προφάσεως
756 4189 1131 4260 προπέμπειν.

218 4309 345 4383 ριδ⁴.
380 4309 492 4362 Καὶ
538 4306 651 4370 τοῖς
689 4304 791 4375 μὲν
818 4302 1196 4373 τουρμάρχαις
1246 4299 1419 4354 ταῦτα
1470 4299 1734 4371 πράττειν

143 4403 480 4479 προστάξεις
540 4397 702 4452 Ἀλλά
731 4397 826 4451 καὶ
865 4396 1082 4465 ἑκάστῳ
1115 4392 1461 4463 δρουγγαρίῳ
1497 4392 1593 4446 καὶ
1637 4391 1732 4443 κό-

143 4513 284 4568 μητι
324 4494 443 4560 ἅμα
467 4490 652 4552 αὐτοῖς
677 4485 1078 4557 παρακελεύου,
1104 4485 1199 4538 καὶ
1229 4484 1563 4556 πρόστασσε,
1591 4483 1732 4536 ὥστε

1817 638 2072 706 utrinque
2115 640 2336 704 turmis,
2365 637 2419 691 in
2450 637 2627 690 medio
2667 635 2977 692 cohortium
3008 647 3324 689 cursorum.

1892 817 2013 870 108.
2042 816 2190 872 Aciei
2243 821 2526 873 instructa:
2577 827 2826 885 tempore
2879 815 3212 884 exploranda
3265 822 3432 888 sunt,

1818 911 1935 964 loca
1970 925 2062 978 per
2089 911 2456 972 mandatores,
2492 911 2579 964 ubi
2608 908 2941 964 conﬂictatio
2971 910 3154 962 futura
3195 917 3302 970 est,
3341 906 3397 961 id

1817 1012 1919 1065 est,
1950 1003 2189 1056 medium
2222 1002 2459 1069 spatium
2486 1005 2625 1056 inter
2650 1011 2892 1056 nostram
2943 999 3055 1068 jam
3089 1003 3263 1053 aciein
3307 999 3392 1053 in—

1818 1103 2101 1150 structam,
2137 1104 2300 1163 atque
2330 1094 2595 1156 hostium,
2628 1108 2726 1146 nec
2754 1094 2844 1147 ubi
2890 1091 3072 1158 fossae,
3096 1098 3194 1145 aut
3223 1094 3394 1159 putei,

1820 1196 1914 1240 aut
1939 1186 2096 1242 dolus
2125 1188 2321 1257 aliquis
2360 1188 2428 1241 ab
2475 1186 2726 1240 hostibus
2776 1184 3000 1238 molitus
3030 1183 3101 1238 sit
3131 1202 3146 1250 ;
3179 1185 3323 1251 quod
3355 1183 3399 1236 si

1819 1279 1928 1333 tale
2004 1280 2205 1348 aliquid
2251 1280 2527 1334 inventum
2589 1277 2774 1341 fuerit,
2851 1276 3200 1345 pmstoletur
3254 1275 3404 1328 acies

1821 1381 2007 1426 nostra
2037 1375 2165 1427 dum
2194 1376 2379 1427 hostes
2402 1386 2526 1426 eum
2574 1372 2753 1425 locum
2815 1369 3156 1434 transierint,
3194 1377 3248 1423 et
3276 1381 3401 1422 cum

1822 1467 2072 1520 hostibus
2105 1467 2315 1534 integro
2338 1465 2391 1520 in
2424 1465 2545 1520 loco
2570 1478 2632 1519 ac
2660 1477 2860 1520 securo
2893 1469 3158 1533 pug—nent.

1891 1642 2014 1697 l09.
2052 1642 2322 1707 Baudum,
2349 1642 2400 1698 id
2448 1650 2533 1698 est
2568 1642 2803 1711 insigne,
2855 1640 3191 1696 turmarcha:
3240 1637 3403 1708 longe

1823 1735 2100 1789 diversum
2158 1735 2589 1803 distinctumque
2644 1733 2816 1787 l‘orma
2864 1732 2943 1786 sit
2998 1746 3028 1784 α
3073 1740 3400 1786 caterornnt

1823 1827 2202 1896 praefer-forum
2250 1843 2475 1882 suorum
2511 1826 2726 1891 bandis,
2774 1834 2833 1881 ut
2863 1825 3026 1880 facile
3049 1823 3120 1878 ab
3141 1823 3402 1877 omnibus

1751 1898 1792 1952 Β
1822 1920 2096 1989 signiferis
2119 1927 2470 1990 agnoscatur.

1876 2014 1998 2068 110.
2031 2015 2181 2067 Motu
2208 2021 2388 2067 autem
2419 2012 2602 2082 aliquo
2637 2010 2922 2081 peregrino
2945 2025 3013 2065 ac
3062 2008 3214 2063 vario
3236 2008 3399 2062 etiam

1820 2105 2058 2159 bandum
2123 2107 2224 2158 hoc
2274 2105 2664 2172 distinguatur,
2720 2103 2804 2156 vel
2865 2102 3013 2171 quod
3046 2116 3262 2155 sursum
3309 2108 3403 2152 aut

1820 2197 2096 2258 deorsum,
2126 2203 2220 2248 aut
2249 2196 2616 2258 dextrorsum,
2643 2203 2732 2248 aut
2752 2193 3137 2248 sinistrorsum
3166 2191 3397 2252 locetur,

1822 2295 1917 2339 aut
1955 2287 2211 2340 continue
2270 2287 2584 2352 inclinetur,
2636 2285 2687 2339 id
2717 2294 2799 2338 est
2847 2284 3189 2348 demittatur,
3237 2293 3403 2352 caput

1823 2377 1990 2446 hujus
2046 2381 2299 2446 inSIgnis,
2361 2387 2458 2431 aut
2515 2378 2710 2431 crebro
2750 2377 2956 2431 directe
3008 2387 3295 2431 moveatur
3345 2386 3403 2430 ut

1823 2473 1973 2526 omni
2024 2471 2079 2526 in
2142 2472 2289 2526 conf:
2314 2473 2472 2527 sione
2517 2487 2581 2527 ac
2635 2472 3048 2542 perturbatione
3088 2487 3119 2526 α
3168 2471 3404 2540 reliquis

1824 2565 2134 2634 insngnibus
2168 2566 2325 2620 facule
2343 2575 2730 2635 cognoscatur.

1893 2657 2017 2709 111.
2053 2654 2308 2712 Omnium
2334 2659 2770 2711 turmarcharuin
2795 2657 2970 2711 banda
2986 2672 3153 2711 unum
3183 2657 3401 2727 signum

1828 2762 1895 2802 ne
1927 2747 2182 2811 habeant,
2229 2749 2321 2803 sed
2357 2749 2600 2803 diversas
2625 2757 2779 2804 notas
2812 2749 3040 2818 singulae
3079 2757 3275 2803 turma
3311 2749 3406 2802 ha-

1830 2840 2013 2902 beant,
2050 2840 2118 2895 ad
2164 2855 2285 2908 quae
2326 2839 2706 2911 cognoscenda
2742 2841 2945 2894 milites
2983 2849 3108 2894 ante
3155 2837 3406 2894 assuefa-

1830 2933 2004 2988 ciendi
2032 2942 2180 2988 sunt.
2223 2932 2339 2987 Νοιι
2357 2934 2519 2988 modo
2547 2933 2692 2987 enim
2720 2934 2930 3003 singula
2964 2946 3030 2987 ex
3063 2946 3129 2987 eo
3156 2942 3402 2986 turmar-

1830 3023 2059 3077 charum
2092 3023 2267 3076 banda
2312 3023 2661 3092 adjuvantur,
2706 3031 2761 3076 et
2816 3032 3024 3092 partem
3056 3037 3210 3078 suam
3249 3021 3407 3076 facile

1832 3113 2176 3176 conﬁrmant,
2208 3113 2299 3166 sed
2343 3115 2506 3166 etiam
2562 3114 2609 3166 si
2635 3113 2856 3178 quando
2908 3112 3311 3176 aberravcrint.
3339 3112 3403 3166 ad

1834 3216 1963 3257 suas
1990 3203 2247 3256 cohortes
2280 3200 2439 3257 facile
2465 3202 2718 3257 redeunt.

1900 3467 2024 3520 112.
2058 3467 2209 3522 Miles
2232 3469 2277 3523 si
2312 3485 2416 3539 qua
2461 3470 2675 3524 ratione
2695 3470 2980 3541 contingat
3018 3485 3050 3525 a
3081 3470 3263 3526 hando
3295 3487 3408 3525 sure

1831 3561 2073 3616 cohortis
2101 3563 2312 3627 abesse,
2341 3563 2596 3617 omnibus
2625 3563 2802 3617 modis
2843 3577 2910 3618 eo
2940 3564 3282 3617 revocandus
3301 3577 3404 3626 cst,

1834 3653 1893 3699 ut
1925 3647 2072 3701 acies
2120 3647 2343 3701 minime
2373 3648 2604 3703 confusa
2635 3659 2730 3703 aut
2781 3651 3098 3719 perturbata
3133 3655 3409 3708 exercitus

1832 3739 2064 3794 salutem
2093 3755 2159 3795 ac
2177 3742 2489 3811 przesidium
2525 3759 2638 3814 prie
2671 3758 2731 3799 se
2753 3743 2919 3799 ferat.

1902 3918 2022 3973 H3.
2058 3898 2114 3973 Si
2147 3921 2201 3974 in
2235 3922 2478 3976 exercitu
2511 3922 2679 3990 aliqui
2704 3924 2994 3993 populares
3019 3922 3259 3978 hostium
3289 3923 3410 3976 fne-

1835 4007 1961 4072 rint,
1999 4017 2124 4064 ante
2150 4010 2292 4065 (liem
2328 4011 2452 4066 belli
2486 4012 2771 4081 separandi
2807 4022 2955 4075 sunt,
2982 4013 3120 4067 etail
3139 4012 3242 4066 alia
3266 4028 3412 4082 qum-

1836 4101 1958 4155 dam
1980 4101 2098 4156 loca
2125 4102 2352 4157 honesta
2375 4118 2500 4157 cum
2532 4118 2698 4158 causa
2717 4103 3072 4159 amandandi.
3144 4137 3149 4142 -

1907 4302 2032 4354 114.
2073 4301 2151 4356 Ac
2206 4302 2539 4357 turmarchis
2581 4301 2682 4356 ista
2745 4302 3048 4371 praecipies.
3103 4301 3411 4371 Unicuique

1838 4404 2018 4448 autem
2049 4393 2369 4462 drungario,
2398 4403 2453 4447 et
2476 4394 2666 4449 comiti
2692 4395 2856 4448 etiam
2888 4393 3194 4458 mandabis,
3217 4394 3414 4448 utdiii-

1841 4495 2028 4555 genter
2065 4487 2355 4554 exquirant
2388 4502 2474 4552 ea,
2506 4503 2627 4556 qua:
2649 4486 2818 4540 alicui
2843 4486 2965 4541 usui
3010 4487 3183 4556 copiis
3209 4487 3411 4541 nostris

140 4586 434 4654 ἐπιζητεῖν
458 4581 655 4643 αὐτοὺς
673 4577 744 4632 tat
773 4576 976 4639 παντὸς
1017 4574 1088 4628 τὰ
1113 4575 1302 4628 δέοντα
1331 4572 1602 4627 ἐπιτελεῖν
1637 4571 1725 4624 τὸν

1836 4592 1958 4633 esse
1978 4578 2208 4647 possint.

143 4677 416 4752 στρατόν.
500 4713 506 4719 -

218 4797 340 4863 ριε¹.
382 4786 576 4857 Χρεὼν
597 4786 729 4854 γὰρ,
763 4782 874 4836 εἴτε
897 4783 955 4836 ἐν
996 4780 1252 4850 φοσσάτῳ
1292 4777 1470 4847 διάγει
1494 4777 1728 4831 ἕκαστον

145 4885 340 4952 τάγμα
366 4881 487 4949 ἤτοι
503 4877 565 4930 τὸ
579 4875 793 4947 βάνδον,
825 4873 938 4927 ειτε
956 4872 1053 4925 καὶ
1074 4870 1196 4925 καθ’
1215 4869 1378 4923 ἑαυτὸ
1398 4867 1736 4938 ὁπουδήποτε

147 4973 465 5034 ἁπλικεύει,
495 4971 708 5042 πρωῖας
740 4970 819 5030 εἰς
862 4965 1026 5021 αὐτὸν
1054 4964 1146 5017 τὸν
1164 4963 1365 5036 δρθρον
1397 4961 1503 5032 πρὸ
1537 4960 1737 5022 παντὸς

151 5071 509 5140 πράγματος,
545 5064 641 5118 καὶ
666 5065 744 5125 είς
772 5061 1014 5130 ἑσπέραν
1043 5059 1245 5129 ὁμοίως
1280 5056 1416 5127 μετὰ
1436 5056 1496 5108 τὸ
1525 5056 1738 5108 δεῖπνον

153 5161 250 5215 καὶ
282 5161 387 5222 τὰς
417 5158 615 5229 μεσσας
641 5155 702 5208 τὸ
732 5153 1015 5225 τρισάγιον
1036 5149 1355 5220 ψάλλεσθαι,
1385 5147 1480 5200 καὶ
1510 5145 1582 5199 τὰ
1625 5145 1735 5199 λοι-

155 5253 234 5305 πὰ
261 5251 408 5305 κατὰ
426 5249 526 5320 τὴν
556 5246 869 5317 συνήθειαν.

229 5362 364 5435 ρις’.
404 5361 487 5415 Τὰ
513 5359 569 5412 δὲ
599 5357 1004 5426 κοντουϐέρνια,
1030 5355 1148 5426 ἦτοι
1177 5353 1246 5405 τὰ
1274 5345 1384 5405 οἷον
1414 5348 1585 5420 μικρά
1612 5347 1739 5418 βάν-

154 5457 221 5513 δα
243 5457 355 5512 τῶν
387 5455 583 5518 άκιῶν,
616 5451 802 5514 καθὼς
831 5450 926 5503 καὶ
963 5448 1048 5502 συὶ
1094 5444 1243 5515 αὐτῷ
1299 5442 1491 5512 πρώην
1537 5441 1741 5511 ὡρίσα-

159 5568 283 5621 μεν,
317 5545 623 5620 προστάξαι
651 5543 758 5600 ἀπὸ
785 5542 1026 5598 παλαιῶν
1044 5539 1136 5594 καὶ
1157 5537 1294 5593 νέων
1319 5535 1516 5598 αὐτοὺς
1545 5534 1740 5588 ποιεῖν.

233 5756 361 5829 ριρ.
398 5753 506 5808 Τδν
534 5753 593 5808 δὲ
634 5751 852 5824 πρῶτον
890 5748 986 5805 καὶ
1017 5745 1272 5817 δεύτερον
1304 5743 1404 5814 τῆς
1432 5738 1628 5829 ἀκίας,
1649 5738 1742 5829 και

164 5827 256 5902 τὸν
287 5845 550 5918 οὐραγὸν,
584 5845 753 5916 ἧγουν
781 5841 874 5897 τὸν
906 5839 1152 5906 ὖπισθεν,
1189 5836 1285 5892 καὶ
1317 5836 1405 5889 τὸν
1439 5827 1547 5900 πρὸ
1573 5827 1739 5881 αὺτοῦ

1904 4783 2029 4836 115.
2052 4781 2154 4834 Par
2179 4788 2260 4834 est
2280 4787 2485 4845 autem,
2504 4779 2618 4834 sive
2639 4778 2690 4831 in
2716 4777 3183 4834 fossatoversetur
3209 4794 3412 4832 unum-

1836 4875 2090 4946 quodque
2136 4873 2373 4928 bandum
2405 4874 2518 4927 sive
2559 4873 2776 4938 cohors,
2819 4872 2934 4926 sive
2984 4871 3184 4928 alicubi
3233 4882 3415 4926 castra

1835 4976 2026 5036 ponat,
2061 4980 2221 5020 mane
2253 4979 2376 5017 cum
2416 4965 2591 5033 prima
2619 4963 2762 5026 luce,
2797 4970 2925 5017 ante
2958 4962 3066 5017 alia
3117 4967 3324 5026 omnia,
3357 4972 3413 5016 ut

1837 5058 2047 5126 vesperi
2083 5065 2208 5126 post
2223 5070 2433 5110 caenam
2469 5070 2532 5107 ac
2565 5055 2785 5118 missas,
2823 5054 3107 5124 τρισάγιον
3135 5053 3327 5124 ὕμνον,
3359 5056 3414 5109 iu

1840 5158 1918 5204 cst
1972 5157 2056 5202 tcr
2110 5161 2356 5202 sanctum
2408 5148 2693 5216 hymnum,
2754 5161 2856 5216 pro
2908 5159 3062 5201 more
3104 5159 3418 5215 ceteraque

1840 5256 2057 5296 cancro.

1913 5355 2036 5410 116.
2067 5355 2457 5414 Contubernia,
2499 5357 2612 5410 sive
2640 5354 2926 5424 manipuli,
2962 5353 3259 5423 quaequasi
3297 5367 3415 5422 par-

1842 5465 1924 5505 va:
1955 5447 2200 5518 quatdam
2264 5449 2518 5502 cohortes
2564 5458 2709 5512 sunt,
2749 5457 2809 5502 ut
2839 5456 2967 5501 ante
2994 5446 3413 5515 descripsimus.

1842 5557 1906 5596 ex
1937 5539 2236 5608 majoribus
2261 5549 2315 5593 et
2345 5539 2650 5592 minoribus
2695 5545 2828 5590 natu
2860 5535 3255 5604 simul‘junctis
3283 5549 3415 5588 con-

1846 5631 2112 5686 ﬁciantur.

1917 5747 2039 5800 117.
2085 5747 2372 5802 Primanus
2428 5756 2481 5800 et
2539 5745 2886 5800 secundanus
2940 5742 3307 5805 contubernii,
3353 5756 3416 5795 ac

1844 5849 2104 5909 prseterea
2175 5840 2338 5895 etiam
2391 5840 2710 5903 ultimanus,
2742 5838 2942 5893 hastati
2971 5838 3116 5902 sint;
3149 5837 3340 5891 tertius
3363 5843 3417 5888 et
