  <div class='ocr_page' id='page_1' title='image "/cluster/home/n/w/nwhite01/storage/ocr_20150623/107/nnc1.0046980040/491.png"; bbox 0 0 4176 6442; ppageno 0'>
   <div class='ocr_carea' id='block_1_1' title="bbox 769 404 870 467">
    <p class='ocr_par' dir='ltr' id='par_1_1' title="bbox 769 404 870 467">
     <span class='ocr_line' id='line_1_1' title="bbox 769 404 870 467; baseline 0.01 -3"><span class='ocrx_word' id='word_1_1' title='bbox 769 404 870 467; x_wconf 73' lang='lat'><strong>839</strong></span> 
     </span>
    </p>
   </div>
   <div class='ocr_carea' id='block_1_2' title="bbox 2030 400 2792 462">
    <p class='ocr_par' dir='ltr' id='par_1_2' title="bbox 2030 400 2792 462">
     <span class='ocr_line' id='line_1_2' title="bbox 2030 400 2792 462; baseline 0 0"><span class='ocrx_word' id='word_1_2' title='bbox 2030 402 2303 462; x_wconf 75' lang='lat' dir='ltr'><strong>LEONIS</strong></span> <span class='ocrx_word' id='word_1_3' title='bbox 2338 400 2792 462; x_wconf 68' lang='lat' dir='ltr'><strong>PIIILOE&#39;OI‘IH</strong></span> 
     </span>
    </p>
   </div>
   <div class='ocr_carea' id='block_1_3' title="bbox 3939 399 4044 464">
    <p class='ocr_par' dir='ltr' id='par_1_3' title="bbox 3939 399 4044 464">
     <span class='ocr_line' id='line_1_3' title="bbox 3939 399 4044 464; baseline 0 0"><span class='ocrx_word' id='word_1_4' title='bbox 3939 399 4044 464; x_wconf 68' lang='grc'><strong>840</strong></span> 
     </span>
    </p>
   </div>
   <div class='ocr_carea' id='block_1_4' title="bbox 767 512 2329 585">
    <p class='ocr_par' dir='ltr' id='par_1_4' title="bbox 767 514 2329 585">
     <span class='ocr_line' id='line_1_4' title="bbox 767 514 2329 585; baseline -0.001 -17"><span class='ocrx_word' id='word_1_5' title='bbox 767 526 999 584; x_wconf 82' lang='lat' dir='ltr'><strong>quartus</strong></span> <span class='ocrx_word' id='word_1_6' title='bbox 1055 514 1352 585; x_wconf 71' lang='lat' dir='ltr'><strong>sagittarii,</strong></span> <span class='ocrx_word' id='word_1_7' title='bbox 1424 516 1629 584; x_wconf 93' lang='lat' dir='ltr'><strong>quique</strong></span> <span class='ocrx_word' id='word_1_8' title='bbox 1658 516 1710 569; x_wconf 92' lang='lat' dir='ltr'><strong>in</strong></span> <span class='ocrx_word' id='word_1_9' title='bbox 1744 516 1923 570; x_wconf 91' lang='lat' dir='ltr'><strong>medio</strong></span> <span class='ocrx_word' id='word_1_10' title='bbox 1972 524 2121 580; x_wconf 83' lang='lat' dir='ltr'><strong>sunt,</strong></span> <span class='ocrx_word' id='word_1_11' title='bbox 2148 530 2329 584; x_wconf 72' lang='lat' dir='ltr'><strong>quem</strong></span> 
     </span>
    </p>
   </div>
   <div class='ocr_carea' id='block_1_5' title="bbox 2433 512 4044 585">
    <p class='ocr_par' dir='ltr' id='par_1_5' title="bbox 2450 512 4044 584">
     <span class='ocr_line' id='line_1_5' title="bbox 2450 512 4044 584; baseline 0 -19"><span class='ocrx_word' id='word_1_12' title='bbox 2450 517 2819 583; x_wconf 78' lang='grc' dir='ltr'>κονταράτους</span> <span class='ocrx_word' id='word_1_13' title='bbox 2849 512 3010 577; x_wconf 81' lang='grc' dir='ltr'>εἶναι,</span> <span class='ocrx_word' id='word_1_14' title='bbox 3043 514 3133 567; x_wconf 72' lang='grc' dir='ltr'>τὸν</span> <span class='ocrx_word' id='word_1_15' title='bbox 3160 514 3215 567; x_wconf 78' lang='grc' dir='ltr'>δὲ</span> <span class='ocrx_word' id='word_1_16' title='bbox 3246 513 3429 583; x_wconf 83' lang='grc' dir='ltr'>τρίτον</span> <span class='ocrx_word' id='word_1_17' title='bbox 3461 514 3555 568; x_wconf 75' lang='grc' dir='ltr'>καὶ</span> <span class='ocrx_word' id='word_1_18' title='bbox 3596 514 3858 584; x_wconf 81' lang='grc' dir='ltr'>τέταρτον</span> <span class='ocrx_word' id='word_1_19' title='bbox 3888 516 4044 578; x_wconf 75' lang='grc' dir='ltr'>τοξόο</span> 
     </span>
    </p>
   </div>
   <div class='ocr_carea' id='block_1_6' title="bbox 768 607 2345 678">
    <p class='ocr_par' dir='ltr' id='par_1_6' title="bbox 768 607 2345 678">
     <span class='ocr_line' id='line_1_6' title="bbox 768 607 2345 678; baseline 0.002 -21"><span class='ocrx_word' id='word_1_20' title='bbox 768 607 1064 661; x_wconf 83' lang='lat' dir='ltr'><strong>admodum</strong></span> <span class='ocrx_word' id='word_1_21' title='bbox 1126 608 1424 661; x_wconf 78' lang='lat' dir='ltr'><strong>necessitas</strong></span> <span class='ocrx_word' id='word_1_22' title='bbox 1478 608 1709 678; x_wconf 84' lang='lat' dir='ltr'><strong>requirit</strong></span> <span class='ocrx_word' id='word_1_23' title='bbox 1765 608 2002 663; x_wconf 77' lang='lat' dir='ltr'><strong>maxime</strong></span> <span class='ocrx_word' id='word_1_24' title='bbox 2061 608 2345 661; x_wconf 89' lang='lat' dir='ltr'><strong>instruan-</strong></span> 
     </span>
    </p>
   </div>
   <div class='ocr_carea' id='block_1_7' title="bbox 772 711 878 751">
    <p class='ocr_par' dir='ltr' id='par_1_7' title="bbox 772 711 878 751">
     <span class='ocr_line' id='line_1_7' title="bbox 772 711 878 751; baseline -0.009 0"><span class='ocrx_word' id='word_1_25' title='bbox 772 711 878 751; x_wconf 79' lang='grc'><strong>1111⁵.</strong></span> 
     </span>
    </p>
   </div>
   <div class='ocr_carea' id='block_1_8' title="bbox 840 788 2345 862">
    <p class='ocr_par' dir='ltr' id='par_1_8' title="bbox 840 788 2345 862">
     <span class='ocr_line' id='line_1_8' title="bbox 840 788 2345 862; baseline 0.004 -22"><span class='ocrx_word' id='word_1_26' title='bbox 840 789 964 842; x_wconf 78' lang='grc'><strong>118.</strong></span> <span class='ocrx_word' id='word_1_27' title='bbox 1018 788 1261 843; x_wconf 87' lang='lat' dir='ltr'><strong>Flamula</strong></span> <span class='ocrx_word' id='word_1_28' title='bbox 1320 791 1624 855; x_wconf 90' lang='lat' dir='ltr'><strong>hastarum,</strong></span> <span class='ocrx_word' id='word_1_29' title='bbox 1677 791 2139 861; x_wconf 77' lang='lat' dir='ltr'><strong>quemadmodum</strong></span> <span class='ocrx_word' id='word_1_30' title='bbox 2183 807 2345 862; x_wconf 82' lang='lat' dir='ltr'><strong>supra</strong></span> 
     </span>
    </p>
   </div>
   <div class='ocr_carea' id='block_1_9' title="bbox 765 880 2346 953">
    <p class='ocr_par' dir='ltr' id='par_1_9' title="bbox 765 880 2346 953">
     <span class='ocr_line' id='line_1_9' title="bbox 765 880 2346 953; baseline 0.004 -21"><span class='ocrx_word' id='word_1_31' title='bbox 765 880 1178 946; x_wconf 86' lang='lat' dir='ltr'><strong>admonuimus,</strong></span> <span class='ocrx_word' id='word_1_32' title='bbox 1244 894 1486 953; x_wconf 89' lang='lat' dir='ltr'><strong>tempore</strong></span> <span class='ocrx_word' id='word_1_33' title='bbox 1532 885 1652 938; x_wconf 87' lang='lat' dir='ltr'><strong>belli</strong></span> <span class='ocrx_word' id='word_1_34' title='bbox 1685 887 1911 940; x_wconf 89' lang='lat' dir='ltr'><strong>minime</strong></span> <span class='ocrx_word' id='word_1_35' title='bbox 1943 886 1997 940; x_wconf 93' lang='lat' dir='ltr'><strong>in</strong></span> <span class='ocrx_word' id='word_1_36' title='bbox 2025 887 2197 940; x_wconf 83' lang='lat' dir='ltr'><strong>hastis</strong></span> <span class='ocrx_word' id='word_1_37' title='bbox 2225 901 2346 939; x_wconf 89' lang='lat' dir='ltr'><strong>esse</strong></span> 
     </span>
    </p>
   </div>
   <div class='ocr_carea' id='block_1_10' title="bbox 764 974 2345 1048">
    <p class='ocr_par' dir='ltr' id='par_1_10' title="bbox 764 974 2345 1048">
     <span class='ocr_line' id='line_1_10' title="bbox 764 974 2345 1048; baseline 0.002 -22"><span class='ocrx_word' id='word_1_38' title='bbox 764 974 1171 1041; x_wconf 87' lang='lat' dir='ltr'><strong>permittantur,</strong></span> <span class='ocrx_word' id='word_1_39' title='bbox 1200 992 1267 1030; x_wconf 91' lang='lat' dir='ltr'><strong>ne</strong></span> <span class='ocrx_word' id='word_1_40' title='bbox 1298 977 1467 1031; x_wconf 74' lang='lat' dir='ltr'><strong>hasta:</strong></span> <span class='ocrx_word' id='word_1_41' title='bbox 1519 986 1635 1032; x_wconf 91' lang='lat' dir='ltr'><strong>tum</strong></span> <span class='ocrx_word' id='word_1_42' title='bbox 1688 979 1754 1033; x_wconf 90' lang='lat' dir='ltr'><strong>iis</strong></span> <span class='ocrx_word' id='word_1_43' title='bbox 1786 979 1879 1048; x_wconf 90' lang='lat' dir='ltr'><strong>qui</strong></span> <span class='ocrx_word' id='word_1_44' title='bbox 1949 986 2185 1048; x_wconf 80' lang='lat' dir='ltr'><strong>gestant,</strong></span> <span class='ocrx_word' id='word_1_45' title='bbox 2230 987 2345 1030; x_wconf 91' lang='lat' dir='ltr'><strong>tum</strong></span> 
     </span>
    </p>
   </div>
   <div class='ocr_carea' id='block_1_11' title="bbox 765 1058 2347 1145">
    <p class='ocr_par' dir='ltr' id='par_1_11' title="bbox 765 1058 2347 1145">
     <span class='ocr_line' id='line_1_11' title="bbox 765 1058 2347 1145; baseline 0.005 -26"><span class='ocrx_word' id='word_1_46' title='bbox 765 1067 831 1121; x_wconf 91' lang='lat' dir='ltr'><strong>iis</strong></span> <span class='ocrx_word' id='word_1_47' title='bbox 851 1070 943 1137; x_wconf 90' lang='lat' dir='ltr'><strong>qui</strong></span> <span class='ocrx_word' id='word_1_48' title='bbox 976 1083 1005 1122; x_wconf 91' lang='lat' dir='ltr'><strong>a</strong></span> <span class='ocrx_word' id='word_1_49' title='bbox 1033 1079 1181 1136; x_wconf 80' lang='lat' dir='ltr'><strong>tergo</strong></span> <span class='ocrx_word' id='word_1_50' title='bbox 1203 1058 1356 1136; x_wconf 81' lang='lat' dir='ltr'><strong>sunt,</strong></span> <span class='ocrx_word' id='word_1_51' title='bbox 1392 1081 1505 1127; x_wconf 91' lang='lat' dir='ltr'><strong>tum</strong></span> <span class='ocrx_word' id='word_1_52' title='bbox 1533 1075 1698 1129; x_wconf 91' lang='lat' dir='ltr'><strong>etiam</strong></span> <span class='ocrx_word' id='word_1_53' title='bbox 1728 1074 1941 1145; x_wconf 73' lang='lat' dir='ltr'><strong>sagittis</strong></span> <span class='ocrx_word' id='word_1_54' title='bbox 1973 1075 2026 1128; x_wconf 92' lang='lat' dir='ltr'><strong>in</strong></span> <span class='ocrx_word' id='word_1_55' title='bbox 2061 1074 2180 1127; x_wconf 89' lang='lat' dir='ltr'><strong>acie</strong></span> <span class='ocrx_word' id='word_1_56' title='bbox 2214 1087 2347 1127; x_wconf 85' lang='lat' dir='ltr'><strong>con-</strong></span> 
     </span>
    </p>
   </div>
   <div class='ocr_carea' id='block_1_12' title="bbox 757 1159 1494 1227">
    <p class='ocr_par' dir='ltr' id='par_1_12' title="bbox 757 1159 1494 1227">
     <span class='ocr_line' id='line_1_12' title="bbox 757 1159 1494 1227; baseline 0.008 -17"><span class='ocrx_word' id='word_1_57' title='bbox 757 1159 921 1223; x_wconf 87' lang='lat' dir='ltr'><strong>jectis</strong></span> <span class='ocrx_word' id='word_1_58' title='bbox 949 1159 1337 1227; x_wconf 84' lang='lat' dir='ltr'><strong>impedimento</strong></span> <span class='ocrx_word' id='word_1_59' title='bbox 1364 1163 1494 1217; x_wconf 89' lang='lat' dir='ltr'><strong>sint.</strong></span> 
     </span>
    </p>
   </div>
   <div class='ocr_carea' id='block_1_13' title="bbox 832 1249 2347 1321">
    <p class='ocr_par' dir='ltr' id='par_1_13' title="bbox 832 1249 2347 1321">
     <span class='ocr_line' id='line_1_13' title="bbox 832 1249 2347 1321; baseline 0.007 -21"><span class='ocrx_word' id='word_1_60' title='bbox 832 1249 953 1303; x_wconf 82' lang='lat' dir='ltr'><strong>H9.</strong></span> <span class='ocrx_word' id='word_1_61' title='bbox 993 1249 1333 1321; x_wconf 86' lang='lat' dir='ltr'><strong>Despotatos,</strong></span> <span class='ocrx_word' id='word_1_62' title='bbox 1370 1268 1510 1319; x_wconf 94' lang='lat' dir='ltr'><strong>quos</strong></span> <span class='ocrx_word' id='word_1_63' title='bbox 1556 1254 1622 1307; x_wconf 80' lang='lat' dir='ltr'><strong>ad</strong></span> <span class='ocrx_word' id='word_1_64' title='bbox 1670 1254 2081 1310; x_wconf 77' lang='lat' dir='ltr'><strong>conservandos</strong></span> <span class='ocrx_word' id='word_1_65' title='bbox 2107 1266 2161 1311; x_wconf 91' lang='lat' dir='ltr'><strong>et</strong></span> <span class='ocrx_word' id='word_1_66' title='bbox 2187 1272 2347 1311; x_wconf 83' lang='lat' dir='ltr'><strong>recu-</strong></span> 
     </span>
    </p>
   </div>
   <div class='ocr_carea' id='block_1_14' title="bbox 674 1342 2348 1413">
    <p class='ocr_par' dir='ltr' id='par_1_14' title="bbox 674 1342 2348 1413">
     <span class='ocr_line' id='line_1_14' title="bbox 674 1342 2348 1413; baseline 0.011 -25"><span class='ocrx_word' id='word_1_67' title='bbox 674 1379 680 1387; x_wconf 86' lang='lat'><strong>.</strong></span> <span class='ocrx_word' id='word_1_68' title='bbox 762 1342 1034 1405; x_wconf 80' lang='lat' dir='ltr'><strong>perandos</strong></span> <span class='ocrx_word' id='word_1_69' title='bbox 1095 1358 1209 1408; x_wconf 89' lang='lat' dir='ltr'><strong>eos,</strong></span> <span class='ocrx_word' id='word_1_70' title='bbox 1269 1344 1361 1413; x_wconf 91' lang='lat' dir='ltr'><strong>qui</strong></span> <span class='ocrx_word' id='word_1_71' title='bbox 1389 1344 1440 1399; x_wconf 92' lang='lat' dir='ltr'><strong>in</strong></span> <span class='ocrx_word' id='word_1_72' title='bbox 1472 1345 1613 1399; x_wconf 92' lang='lat' dir='ltr'><strong>bello</strong></span> <span class='ocrx_word' id='word_1_73' title='bbox 1645 1346 1878 1402; x_wconf 74' lang='lat' dir='ltr'><strong>sauciati</strong></span> <span class='ocrx_word' id='word_1_74' title='bbox 1930 1358 2110 1411; x_wconf 88' lang='lat' dir='ltr'><strong>erant,</strong></span> <span class='ocrx_word' id='word_1_75' title='bbox 2147 1351 2348 1406; x_wconf 78' lang='lat' dir='ltr'><strong>milites</strong></span> 
     </span>
    </p>
   </div>
   <div class='ocr_carea' id='block_1_15' title="bbox 696 1433 2345 1506">
    <p class='ocr_par' dir='ltr' id='par_1_15' title="bbox 696 1433 2345 1506">
     <span class='ocr_line' id='line_1_15' title="bbox 696 1433 2345 1506; baseline 0.008 -28"><span class='ocrx_word' id='word_1_76' title='bbox 696 1472 701 1477; x_wconf 85' lang='lat'><strong>.</strong></span> <span class='ocrx_word' id='word_1_77' title='bbox 760 1440 917 1485; x_wconf 88' lang='lat' dir='ltr'><strong>antea</strong></span> <span class='ocrx_word' id='word_1_78' title='bbox 948 1433 1441 1497; x_wconf 83' lang='lat' dir='ltr'><strong>constituebamus.</strong></span> <span class='ocrx_word' id='word_1_79' title='bbox 1471 1452 1537 1489; x_wconf 79' lang='lat' dir='ltr'><strong>ex</strong></span> <span class='ocrx_word' id='word_1_80' title='bbox 1576 1452 1904 1506; x_wconf 88' lang='lat' dir='ltr'><strong>unaquaque</strong></span> <span class='ocrx_word' id='word_1_81' title='bbox 1966 1438 2193 1492; x_wconf 86' lang='lat' dir='ltr'><strong>cohorte</strong></span> <span class='ocrx_word' id='word_1_82' title='bbox 2227 1454 2345 1501; x_wconf 82' lang='lat' dir='ltr'><strong>sex,</strong></span> 
     </span>
    </p>
   </div>
   <div class='ocr_carea' id='block_1_16' title="bbox 758 1527 2347 1598">
    <p class='ocr_par' dir='ltr' id='par_1_16' title="bbox 758 1527 2347 1598">
     <span class='ocr_line' id='line_1_16' title="bbox 758 1527 2347 1598; baseline 0.003 -21"><span class='ocrx_word' id='word_1_83' title='bbox 758 1533 852 1577; x_wconf 89' lang='lat' dir='ltr'><strong>aut</strong></span> <span class='ocrx_word' id='word_1_84' title='bbox 895 1535 1023 1579; x_wconf 91' lang='lat' dir='ltr'><strong>octo</strong></span> <span class='ocrx_word' id='word_1_85' title='bbox 1062 1541 1127 1580; x_wconf 83' lang='lat' dir='ltr'><strong>ex</strong></span> <span class='ocrx_word' id='word_1_86' title='bbox 1178 1527 1529 1581; x_wconf 86' lang='lat' dir='ltr'><strong>debilissimis</strong></span> <span class='ocrx_word' id='word_1_87' title='bbox 1570 1530 1817 1595; x_wconf 87' lang='lat' dir='ltr'><strong>separari</strong></span> <span class='ocrx_word' id='word_1_88' title='bbox 1868 1530 2108 1598; x_wconf 82' lang='lat' dir='ltr'><strong>jnhebis,</strong></span> <span class='ocrx_word' id='word_1_89' title='bbox 2161 1540 2219 1583; x_wconf 93' lang='lat' dir='ltr'><strong>ut</strong></span> <span class='ocrx_word' id='word_1_90' title='bbox 2257 1529 2347 1585; x_wconf 91' lang='lat' dir='ltr'><strong>ubi</strong></span> 
     </span>
    </p>
   </div>
   <div class='ocr_carea' id='block_1_17' title="bbox 760 1617 2343 1691">
    <p class='ocr_par' dir='ltr' id='par_1_17' title="bbox 760 1617 2343 1691">
     <span class='ocr_line' id='line_1_17' title="bbox 760 1617 2343 1691; baseline 0.007 -24"><span class='ocrx_word' id='word_1_91' title='bbox 760 1622 977 1683; x_wconf 88' lang='lat' dir='ltr'><strong>tempus</strong></span> <span class='ocrx_word' id='word_1_92' title='bbox 1031 1617 1281 1686; x_wconf 89' lang='lat' dir='ltr'><strong>requirit,</strong></span> <span class='ocrx_word' id='word_1_93' title='bbox 1329 1619 1423 1687; x_wconf 90' lang='lat' dir='ltr'><strong>qui</strong></span> <span class='ocrx_word' id='word_1_94' title='bbox 1451 1619 1502 1673; x_wconf 92' lang='lat' dir='ltr'><strong>in</strong></span> <span class='ocrx_word' id='word_1_95' title='bbox 1533 1618 1677 1675; x_wconf 89' lang='lat' dir='ltr'><strong>bello</strong></span> <span class='ocrx_word' id='word_1_96' title='bbox 1702 1621 1946 1691; x_wconf 78' lang='lat' dir='ltr'><strong>graviter</strong></span> <span class='ocrx_word' id='word_1_97' title='bbox 1968 1621 2343 1688; x_wconf 85' lang='lat' dir='ltr'><strong>vulnerantur,</strong></span> 
     </span>
    </p>
   </div>
   <div class='ocr_carea' id='block_1_18' title="bbox 757 1705 1299 1762">
    <p class='ocr_par' dir='ltr' id='par_1_18' title="bbox 757 1705 1299 1762">
     <span class='ocr_line' id='line_1_18' title="bbox 757 1705 1299 1762; baseline 0.009 -5"><span class='ocrx_word' id='word_1_98' title='bbox 757 1706 825 1758; x_wconf 88' lang='lat' dir='ltr'><strong>ab</strong></span> <span class='ocrx_word' id='word_1_99' title='bbox 851 1705 958 1760; x_wconf 92' lang='lat' dir='ltr'><strong>illis</strong></span> <span class='ocrx_word' id='word_1_100' title='bbox 990 1716 1299 1762; x_wconf 83' lang='lat' dir='ltr'><strong>serventur.</strong></span> 
     </span>
    </p>
   </div>
   <div class='ocr_carea' id='block_1_19' title="bbox 836 1799 2343 1874">
    <p class='ocr_par' dir='ltr' id='par_1_19' title="bbox 836 1799 2343 1874">
     <span class='ocr_line' id='line_1_19' title="bbox 836 1799 2343 1874; baseline 0.006 -23"><span class='ocrx_word' id='word_1_101' title='bbox 836 1799 957 1854; x_wconf 69' lang='lat'><strong>120.</strong></span> <span class='ocrx_word' id='word_1_102' title='bbox 1005 1799 1122 1853; x_wconf 92' lang='lat' dir='ltr'><strong>Duo</strong></span> <span class='ocrx_word' id='word_1_103' title='bbox 1193 1801 1590 1870; x_wconf 81' lang='lat' dir='ltr'><strong>speculatores,</strong></span> <span class='ocrx_word' id='word_1_104' title='bbox 1655 1804 1769 1859; x_wconf 83' lang='lat' dir='ltr'><strong>sive</strong></span> <span class='ocrx_word' id='word_1_105' title='bbox 1826 1805 2200 1874; x_wconf 81' lang='lat' dir='ltr'><strong>exploratores</strong></span> <span class='ocrx_word' id='word_1_106' title='bbox 2225 1806 2343 1861; x_wconf 90' lang='lat' dir='ltr'><strong>dili-</strong></span> 
     </span>
    </p>
   </div>
   <div class='ocr_carea' id='block_1_20' title="bbox 2452 606 3753 676">
    <p class='ocr_par' dir='ltr' id='par_1_20' title="bbox 2452 606 3753 676">
     <span class='ocr_line' id='line_1_20' title="bbox 2452 606 3753 676; baseline 0.002 -20"><span class='ocrx_word' id='word_1_107' title='bbox 2452 621 2569 667; x_wconf 84' lang='grc' dir='ltr'>τας,</span> <span class='ocrx_word' id='word_1_108' title='bbox 2599 609 2692 659; x_wconf 79' lang='grc' dir='ltr'>καὶ</span> <span class='ocrx_word' id='word_1_109' title='bbox 2720 608 2845 669; x_wconf 71' lang='grc' dir='ltr'>τοὺς</span> <span class='ocrx_word' id='word_1_110' title='bbox 2873 608 2928 659; x_wconf 92' lang='lat' dir='ltr'><strong>tv</strong></span> <span class='ocrx_word' id='word_1_111' title='bbox 2958 607 3125 675; x_wconf 83' lang='grc' dir='ltr'><strong>μέσῳ,</strong></span> <span class='ocrx_word' id='word_1_112' title='bbox 3153 606 3227 670; x_wconf 85' lang='grc' dir='ltr'>ὼς</span> <span class='ocrx_word' id='word_1_113' title='bbox 3260 608 3294 676; x_wconf 83' lang='grc' dir='ltr'>ἡ</span> <span class='ocrx_word' id='word_1_114' title='bbox 3333 606 3488 676; x_wconf 84' lang='grc' dir='ltr'>χρεία</span> <span class='ocrx_word' id='word_1_115' title='bbox 3514 608 3753 659; x_wconf 80' lang='grc' dir='ltr'>ἀπαιτεῖ.</span> 
     </span>
    </p>
   </div>
   <div class='ocr_carea' id='block_1_21' title="bbox 2524 788 4040 859">
    <p class='ocr_par' dir='ltr' id='par_1_21' title="bbox 2524 788 4040 859">
     <span class='ocr_line' id='line_1_21' title="bbox 2524 788 4040 859; baseline -0.003 -18"><span class='ocrx_word' id='word_1_116' title='bbox 2524 795 2646 858; x_wconf 81' lang='grc' dir='ltr'>ριη⁰.</span> <span class='ocrx_word' id='word_1_117' title='bbox 2674 789 2755 842; x_wconf 85' lang='grc' dir='ltr'><strong>Τά</strong></span> <span class='ocrx_word' id='word_1_118' title='bbox 2782 790 2840 842; x_wconf 82' lang='grc' dir='ltr'>δὲ</span> <span class='ocrx_word' id='word_1_119' title='bbox 2870 789 3156 859; x_wconf 79' lang='grc' dir='ltr'>φλάμουλα</span> <span class='ocrx_word' id='word_1_120' title='bbox 3188 790 3297 842; x_wconf 85' lang='grc' dir='ltr'><strong>τῶν</strong></span> <span class='ocrx_word' id='word_1_121' title='bbox 3331 789 3631 859; x_wconf 80' lang='grc' dir='ltr'>κονταρίων</span> <span class='ocrx_word' id='word_1_122' title='bbox 3662 789 3721 841; x_wconf 86' lang='lat' dir='ltr'><strong>tv</strong></span> <span class='ocrx_word' id='word_1_123' title='bbox 3754 788 3832 857; x_wconf 83' lang='grc' dir='ltr'>τῷ</span> <span class='ocrx_word' id='word_1_124' title='bbox 3862 788 4040 857; x_wconf 69' lang='grc' dir='ltr'>καιρῷ</span> 
     </span>
    </p>
   </div>
   <div class='ocr_carea' id='block_1_22' title="bbox 2450 878 4036 952">
    <p class='ocr_par' dir='ltr' id='par_1_22' title="bbox 2450 878 4036 952">
     <span class='ocr_line' id='line_1_22' title="bbox 2450 878 4036 952; baseline 0.001 -20"><span class='ocrx_word' id='word_1_125' title='bbox 2450 878 2544 932; x_wconf 84' lang='grc' dir='ltr'>τοῦ</span> <span class='ocrx_word' id='word_1_126' title='bbox 2576 880 2812 949; x_wconf 81' lang='grc' dir='ltr'>πολέμου</span> <span class='ocrx_word' id='word_1_127' title='bbox 2847 882 2921 951; x_wconf 77' lang='grc' dir='ltr'>μὴ</span> <span class='ocrx_word' id='word_1_128' title='bbox 2951 884 3157 950; x_wconf 79' lang='grc' dir='ltr'>ἀφίειν,</span> <span class='ocrx_word' id='word_1_129' title='bbox 3176 883 3255 944; x_wconf 86' lang='grc' dir='ltr'>ὼς</span> <span class='ocrx_word' id='word_1_130' title='bbox 3286 883 3525 952; x_wconf 82' lang='grc' dir='ltr'>είρηται,</span> <span class='ocrx_word' id='word_1_131' title='bbox 3552 881 3631 944; x_wconf 85' lang='grc' dir='ltr'><strong>είς</strong></span> <span class='ocrx_word' id='word_1_132' title='bbox 3652 881 3721 934; x_wconf 84' lang='grc' dir='ltr'>τὰ</span> <span class='ocrx_word' id='word_1_133' title='bbox 3752 882 4036 950; x_wconf 85' lang='grc' dir='ltr'>κοντάρια,</span> 
     </span>
    </p>
   </div>
   <div class='ocr_carea' id='block_1_23' title="bbox 2452 972 4037 1044">
    <p class='ocr_par' dir='ltr' id='par_1_23' title="bbox 2452 972 4037 1044">
     <span class='ocr_line' id='line_1_23' title="bbox 2452 972 4037 1044; baseline 0.001 -20"><span class='ocrx_word' id='word_1_134' title='bbox 2452 972 2540 1025; x_wconf 74' lang='grc' dir='ltr'>ἵνα</span> <span class='ocrx_word' id='word_1_135' title='bbox 2582 974 2656 1042; x_wconf 84' lang='grc' dir='ltr'>μὴ</span> <span class='ocrx_word' id='word_1_136' title='bbox 2685 976 2797 1037; x_wconf 80' lang='grc' dir='ltr'>τοῖς</span> <span class='ocrx_word' id='word_1_137' title='bbox 2827 973 3051 1029; x_wconf 75' lang='grc' dir='ltr'>ὄπισθεν</span> <span class='ocrx_word' id='word_1_138' title='bbox 3099 975 3194 1027; x_wconf 85' lang='grc' dir='ltr'><strong>καί</strong></span> <span class='ocrx_word' id='word_1_139' title='bbox 3222 974 3408 1036; x_wconf 77' lang='grc' dir='ltr'>αὐτοῖς</span> <span class='ocrx_word' id='word_1_140' title='bbox 3434 973 3619 1044; x_wconf 78' lang='grc' dir='ltr'>ἔχουσι</span> <span class='ocrx_word' id='word_1_141' title='bbox 3646 975 3913 1042; x_wconf 88' lang='grc' dir='ltr'>κοντάρια</span> <span class='ocrx_word' id='word_1_142' title='bbox 3942 975 4037 1040; x_wconf 72' lang='lat' dir='ltr'><strong>ty.-</strong></span> 
     </span>
    </p>
   </div>
   <div class='ocr_carea' id='block_1_24' title="bbox 2450 1064 4033 1135">
    <p class='ocr_par' dir='ltr' id='par_1_24' title="bbox 2450 1064 4033 1135">
     <span class='ocr_line' id='line_1_24' title="bbox 2450 1064 4033 1135; baseline 0.001 -17"><span class='ocrx_word' id='word_1_143' title='bbox 2450 1064 2769 1129; x_wconf 70' lang='lat' dir='ltr'><strong>‘no6ijatV&#39;</strong></span> <span class='ocrx_word' id='word_1_144' title='bbox 2805 1066 2866 1119; x_wconf 85' lang='grc' dir='ltr'><strong>ού</strong></span> <span class='ocrx_word' id='word_1_145' title='bbox 2922 1067 3080 1135; x_wconf 88' lang='grc' dir='ltr'>μόνον</span> <span class='ocrx_word' id='word_1_146' title='bbox 3127 1068 3205 1134; x_wconf 82' lang='grc' dir='ltr'><strong>δὲ,</strong></span> <span class='ocrx_word' id='word_1_147' title='bbox 3254 1066 3392 1121; x_wconf 87' lang='grc' dir='ltr'><strong>ἀλλά</strong></span> <span class='ocrx_word' id='word_1_148' title='bbox 3436 1070 3533 1121; x_wconf 77' lang='grc' dir='ltr'><strong>καὶ</strong></span> <span class='ocrx_word' id='word_1_149' title='bbox 3574 1069 3696 1129; x_wconf 84' lang='grc' dir='ltr'>ταῖς</span> <span class='ocrx_word' id='word_1_150' title='bbox 3760 1066 4033 1135; x_wconf 74' lang='grc' dir='ltr'>βαλλομέ-</span> 
     </span>
    </p>
   </div>
   <div class='ocr_carea' id='block_1_25' title="bbox 2450 1158 3462 1227">
    <p class='ocr_par' dir='ltr' id='par_1_25' title="bbox 2450 1158 3462 1227">
     <span class='ocr_line' id='line_1_25' title="bbox 2450 1158 3462 1227; baseline 0.006 -19"><span class='ocrx_word' id='word_1_151' title='bbox 2450 1173 2568 1218; x_wconf 91' lang='grc' dir='ltr'>ναις</span> <span class='ocrx_word' id='word_1_152' title='bbox 2586 1158 2739 1227; x_wconf 82' lang='grc' dir='ltr'>παρὰ</span> <span class='ocrx_word' id='word_1_153' title='bbox 2767 1158 2875 1211; x_wconf 85' lang='grc' dir='ltr'>τῶν</span> <span class='ocrx_word' id='word_1_154' title='bbox 2895 1160 3127 1223; x_wconf 80' lang='grc' dir='ltr'><strong>τοξοτῶν</strong></span> <span class='ocrx_word' id='word_1_155' title='bbox 3156 1160 3462 1227; x_wconf 81' lang='grc' dir='ltr'>σαγξτταις.</span> 
     </span>
    </p>
   </div>
   <div class='ocr_carea' id='block_1_26' title="bbox 2522 1250 4024 1321">
    <p class='ocr_par' dir='ltr' id='par_1_26' title="bbox 2522 1250 4024 1321">
     <span class='ocr_line' id='line_1_26' title="bbox 2522 1250 4024 1321; baseline 0.003 -21"><span class='ocrx_word' id='word_1_156' title='bbox 2522 1250 2647 1318; x_wconf 87' lang='grc' dir='ltr'>ριθ’.</span> <span class='ocrx_word' id='word_1_157' title='bbox 2688 1251 2827 1313; x_wconf 83' lang='grc' dir='ltr'><strong>Τοὺς</strong></span> <span class='ocrx_word' id='word_1_158' title='bbox 2855 1250 2912 1303; x_wconf 71' lang='grc' dir='ltr'>δὲ</span> <span class='ocrx_word' id='word_1_159' title='bbox 2943 1251 3272 1321; x_wconf 80' lang='grc' dir='ltr'><strong>λεγομένους</strong></span> <span class='ocrx_word' id='word_1_160' title='bbox 3302 1251 3690 1315; x_wconf 78' lang='grc' dir='ltr'>δεσποτάτους,</span> <span class='ocrx_word' id='word_1_161' title='bbox 3732 1252 3922 1316; x_wconf 86' lang='grc' dir='ltr'>καθώς</span> <span class='ocrx_word' id='word_1_162' title='bbox 3946 1270 4024 1305; x_wconf 87' lang='grc' dir='ltr'><strong>σοι</strong></span> 
     </span>
    </p>
   </div>
   <div class='ocr_carea' id='block_1_27' title="bbox 2450 1340 4023 1414">
    <p class='ocr_par' dir='ltr' id='par_1_27' title="bbox 2450 1340 4023 1414">
     <span class='ocr_line' id='line_1_27' title="bbox 2450 1340 4023 1414; baseline 0.001 -21"><span class='ocrx_word' id='word_1_163' title='bbox 2450 1342 2545 1393; x_wconf 73' lang='grc' dir='ltr'>καὶ</span> <span class='ocrx_word' id='word_1_164' title='bbox 2592 1340 2901 1411; x_wconf 81' lang='grc' dir='ltr'>ἔμπροσθεν</span> <span class='ocrx_word' id='word_1_165' title='bbox 2938 1342 3323 1411; x_wconf 82' lang='grc' dir='ltr'>διεταξάμεθα,</span> <span class='ocrx_word' id='word_1_166' title='bbox 3355 1342 3450 1407; x_wconf 78' lang='grc' dir='ltr'><strong>οὓς</strong></span> <span class='ocrx_word' id='word_1_167' title='bbox 3478 1346 3560 1407; x_wconf 85' lang='grc' dir='ltr'><strong>είς</strong></span> <span class='ocrx_word' id='word_1_168' title='bbox 3594 1343 3902 1414; x_wconf 70' lang='grc' dir='ltr'><strong>θεραπείαν</strong></span> <span class='ocrx_word' id='word_1_169' title='bbox 3932 1348 4023 1396; x_wconf 66' lang='grc' dir='ltr'><strong>καὶ</strong></span> 
     </span>
    </p>
   </div>
   <div class='ocr_carea' id='block_1_28' title="bbox 2452 1433 4029 1507">
    <p class='ocr_par' dir='ltr' id='par_1_28' title="bbox 2452 1433 4029 1507">
     <span class='ocr_line' id='line_1_28' title="bbox 2452 1433 4029 1507; baseline 0.001 -22"><span class='ocrx_word' id='word_1_170' title='bbox 2452 1433 2587 1502; x_wconf 85' lang='grc' dir='ltr'>πρὸς</span> <span class='ocrx_word' id='word_1_171' title='bbox 2603 1434 2663 1484; x_wconf 74' lang='grc' dir='ltr'>τὸ</span> <span class='ocrx_word' id='word_1_172' title='bbox 2696 1434 2995 1497; x_wconf 75' lang='grc' dir='ltr'><strong>ἀνασώζειν</strong></span> <span class='ocrx_word' id='word_1_173' title='bbox 3019 1438 3144 1498; x_wconf 84' lang='grc' dir='ltr'>τοὺς</span> <span class='ocrx_word' id='word_1_174' title='bbox 3177 1436 3489 1505; x_wconf 84' lang='grc' dir='ltr'>πληγάτους</span> <span class='ocrx_word' id='word_1_175' title='bbox 3524 1435 3869 1507; x_wconf 76' lang='grc' dir='ltr'><strong>στρατιώτας</strong></span> <span class='ocrx_word' id='word_1_176' title='bbox 3900 1437 4029 1505; x_wconf 63' lang='lat' dir='ltr'><strong>dapi-</strong></span> 
     </span>
    </p>
   </div>
   <div class='ocr_carea' id='block_1_29' title="bbox 2453 1526 4032 1597">
    <p class='ocr_par' dir='ltr' id='par_1_29' title="bbox 2453 1526 4032 1597">
     <span class='ocr_line' id='line_1_29' title="bbox 2453 1526 4032 1597; baseline 0.003 -22"><span class='ocrx_word' id='word_1_177' title='bbox 2453 1542 2647 1593; x_wconf 86' lang='grc' dir='ltr'>σαμεν,</span> <span class='ocrx_word' id='word_1_178' title='bbox 2681 1526 3005 1594; x_wconf 77' lang='grc' dir='ltr'><strong>προστάξεις</strong></span> <span class='ocrx_word' id='word_1_179' title='bbox 3038 1528 3123 1581; x_wconf 77' lang='grc' dir='ltr'><strong>ἵνα</strong></span> <span class='ocrx_word' id='word_1_180' title='bbox 3172 1526 3292 1580; x_wconf 70' lang='grc' dir='ltr'>καθ’</span> <span class='ocrx_word' id='word_1_181' title='bbox 3329 1527 3560 1581; x_wconf 75' lang='grc' dir='ltr'>ἕκαστον</span> <span class='ocrx_word' id='word_1_182' title='bbox 3607 1528 3798 1597; x_wconf 84' lang='grc' dir='ltr'>τάγμα</span> <span class='ocrx_word' id='word_1_183' title='bbox 3854 1528 4032 1580; x_wconf 79' lang='grc' dir='ltr'>αὐτῶν</span> 
     </span>
    </p>
   </div>
   <div class='ocr_carea' id='block_1_30' title="bbox 2451 1613 4033 1691">
    <p class='ocr_par' dir='ltr' id='par_1_30' title="bbox 2451 1613 4033 1691">
     <span class='ocr_line' id='line_1_30' title="bbox 2451 1613 4033 1691; baseline 0.003 -25"><span class='ocrx_word' id='word_1_184' title='bbox 2451 1613 2508 1680; x_wconf 82' lang='grc' dir='ltr'><strong>ἕξ</strong></span> <span class='ocrx_word' id='word_1_185' title='bbox 2537 1615 2570 1685; x_wconf 81' lang='grc' dir='ltr'>ἢ</span> <span class='ocrx_word' id='word_1_186' title='bbox 2610 1616 2754 1669; x_wconf 88' lang='grc' dir='ltr'><strong>ὀκτὼ</strong></span> <span class='ocrx_word' id='word_1_187' title='bbox 2785 1617 2849 1669; x_wconf 83' lang='grc' dir='ltr'>ὲκ</span> <span class='ocrx_word' id='word_1_188' title='bbox 2875 1617 2985 1670; x_wconf 86' lang='grc' dir='ltr'>τῶν</span> <span class='ocrx_word' id='word_1_189' title='bbox 3014 1618 3420 1691; x_wconf 79' lang='grc' dir='ltr'><strong>ὑποδεεστέρων</strong></span> <span class='ocrx_word' id='word_1_190' title='bbox 3454 1619 3813 1689; x_wconf 81' lang='grc' dir='ltr'>ἀφορίσωσιν,</span> <span class='ocrx_word' id='word_1_191' title='bbox 3844 1620 3938 1673; x_wconf 75' lang='grc' dir='ltr'><strong>ἵνα</strong></span> <span class='ocrx_word' id='word_1_192' title='bbox 3977 1622 4033 1673; x_wconf 79' lang='grc' dir='ltr'>ὲν</span> 
     </span>
    </p>
   </div>
   <div class='ocr_carea' id='block_1_31' title="bbox 2453 1707 3815 1782">
    <p class='ocr_par' dir='ltr' id='par_1_31' title="bbox 2453 1707 3815 1782">
     <span class='ocr_line' id='line_1_31' title="bbox 2453 1707 3815 1782; baseline 0.006 -24"><span class='ocrx_word' id='word_1_193' title='bbox 2453 1707 2627 1777; x_wconf 84' lang='grc' dir='ltr'>καιρῷ</span> <span class='ocrx_word' id='word_1_194' title='bbox 2652 1707 3063 1779; x_wconf 77' lang='grc' dir='ltr'><strong>περιποιοῦνται</strong></span> <span class='ocrx_word' id='word_1_195' title='bbox 3086 1713 3212 1774; x_wconf 81' lang='grc' dir='ltr'>τοὺς</span> <span class='ocrx_word' id='word_1_196' title='bbox 3250 1710 3815 1782; x_wconf 80' lang='grc' dir='ltr'>τραυματιζομένους.</span> 
     </span>
    </p>
   </div>
   <div class='ocr_carea' id='block_1_32' title="bbox 2523 1800 4029 1874">
    <p class='ocr_par' dir='ltr' id='par_1_32' title="bbox 2523 1800 4029 1874">
     <span class='ocr_line' id='line_1_32' title="bbox 2523 1800 4029 1874; baseline 0.005 -25"><span class='ocrx_word' id='word_1_197' title='bbox 2523 1805 2627 1868; x_wconf 80' lang='grc' dir='ltr'>ρκ’.</span> <span class='ocrx_word' id='word_1_198' title='bbox 2662 1800 2766 1853; x_wconf 88' lang='grc' dir='ltr'>Δύο</span> <span class='ocrx_word' id='word_1_199' title='bbox 2815 1803 2871 1854; x_wconf 73' lang='grc' dir='ltr'>δὲ</span> <span class='ocrx_word' id='word_1_200' title='bbox 2921 1803 3328 1873; x_wconf 80' lang='grc' dir='ltr'>σκουλκάτορας</span> <span class='ocrx_word' id='word_1_201' title='bbox 3364 1804 3533 1874; x_wconf 74' lang='grc' dir='ltr'>ἤγουν</span> <span class='ocrx_word' id='word_1_202' title='bbox 3579 1804 4029 1873; x_wconf 79' lang='grc' dir='ltr'>κατασκόπουςῆ</span> 
     </span>
    </p>
   </div>
   <div class='ocr_carea' id='block_1_33' title="bbox 754 1878 2329 1965">
    <p class='ocr_par' dir='ltr' id='par_1_33' title="bbox 754 1892 2329 1965">
     <span class='ocr_line' id='line_1_33' title="bbox 754 1892 2329 1965; baseline 0.006 -20"><span class='ocrx_word' id='word_1_203' title='bbox 754 1901 964 1958; x_wconf 82' lang='lat' dir='ltr'><strong>gentes,</strong></span> <span class='ocrx_word' id='word_1_204' title='bbox 1019 1892 1325 1961; x_wconf 86' lang='lat' dir='ltr'><strong>vigilantes,</strong></span> <span class='ocrx_word' id='word_1_205' title='bbox 1370 1910 1433 1949; x_wconf 89' lang='lat' dir='ltr'><strong>ac</strong></span> <span class='ocrx_word' id='word_1_206' title='bbox 1482 1897 1686 1951; x_wconf 88' lang='lat' dir='ltr'><strong>strenui</strong></span> <span class='ocrx_word' id='word_1_207' title='bbox 1751 1897 1982 1965; x_wconf 87' lang='lat' dir='ltr'><strong>eligendi</strong></span> <span class='ocrx_word' id='word_1_208' title='bbox 2032 1908 2193 1964; x_wconf 87' lang='lat' dir='ltr'><strong>sunt;</strong></span> <span class='ocrx_word' id='word_1_209' title='bbox 2226 1900 2329 1954; x_wconf 85' lang='lat' dir='ltr'><strong>duo</strong></span> 
     </span>
    </p>
   </div>
   <div class='ocr_carea' id='block_1_34' title="bbox 2433 1878 4030 1965">
    <p class='ocr_par' dir='ltr' id='par_1_34' title="bbox 2443 1886 4030 1963">
     <span class='ocr_line' id='line_1_34' title="bbox 2443 1886 4030 1963; baseline 0.005 -25"><span class='ocrx_word' id='word_1_210' title='bbox 2443 1886 2769 1958; x_wconf 79' lang='grc' dir='ltr'>βιγλάτορας</span> <span class='ocrx_word' id='word_1_211' title='bbox 2802 1891 3107 1962; x_wconf 74' lang='grc' dir='ltr'><strong>χρησίμους</strong></span> <span class='ocrx_word' id='word_1_212' title='bbox 3135 1894 3229 1945; x_wconf 74' lang='grc' dir='ltr'>καὶ</span> <span class='ocrx_word' id='word_1_213' title='bbox 3264 1894 3582 1963; x_wconf 76' lang='grc' dir='ltr'>ἀγρύπνους</span> <span class='ocrx_word' id='word_1_214' title='bbox 3613 1894 3708 1946; x_wconf 73' lang='grc' dir='ltr'>καὶ</span> <span class='ocrx_word' id='word_1_215' title='bbox 3747 1894 4030 1963; x_wconf 67' lang='grc' dir='ltr'>ἀνδρείους</span> 
     </span>
    </p>
   </div>
   <div class='ocr_carea' id='block_1_35' title="bbox 758 1987 2337 2051">
    <p class='ocr_par' dir='ltr' id='par_1_35' title="bbox 758 1987 2337 2051">
     <span class='ocr_line' id='line_1_35' title="bbox 758 1987 2337 2051; baseline 0.007 -16"><span class='ocrx_word' id='word_1_216' title='bbox 758 1994 1014 2051; x_wconf 75' lang='lat' dir='ltr'><strong>praeterea</strong></span> <span class='ocrx_word' id='word_1_217' title='bbox 1073 1987 1444 2049; x_wconf 89' lang='lat' dir='ltr'><strong>mandatores,</strong></span> <span class='ocrx_word' id='word_1_218' title='bbox 1477 1996 1530 2041; x_wconf 90' lang='lat' dir='ltr'><strong>et</strong></span> <span class='ocrx_word' id='word_1_219' title='bbox 1586 1987 1966 2044; x_wconf 85' lang='lat' dir='ltr'><strong>contuberniis</strong></span> <span class='ocrx_word' id='word_1_220' title='bbox 2012 1990 2175 2044; x_wconf 90' lang='lat' dir='ltr'><strong>etiam</strong></span> <span class='ocrx_word' id='word_1_221' title='bbox 2227 1992 2337 2046; x_wconf 92' lang='lat' dir='ltr'><strong>duo</strong></span> 
     </span>
    </p>
   </div>
   <div class='ocr_carea' id='block_1_36' title="bbox 752 2076 2337 2151">
    <p class='ocr_par' dir='ltr' id='par_1_36' title="bbox 752 2076 2337 2151">
     <span class='ocr_line' id='line_1_36' title="bbox 752 2076 2337 2151; baseline 0.005 -22"><span class='ocrx_word' id='word_1_222' title='bbox 752 2076 856 2129; x_wconf 63' lang='lat' dir='ltr'><strong>viri</strong></span> <span class='ocrx_word' id='word_1_223' title='bbox 913 2077 1205 2147; x_wconf 78' lang='lat' dir='ltr'><strong>eligantur,</strong></span> <span class='ocrx_word' id='word_1_224' title='bbox 1230 2079 1323 2147; x_wconf 92' lang='lat' dir='ltr'><strong>qui</strong></span> <span class='ocrx_word' id='word_1_225' title='bbox 1367 2078 1490 2134; x_wconf 90' lang='lat' dir='ltr'><strong>belli</strong></span> <span class='ocrx_word' id='word_1_226' title='bbox 1524 2089 1764 2150; x_wconf 87' lang='lat' dir='ltr'><strong>tempore</strong></span> <span class='ocrx_word' id='word_1_227' title='bbox 1784 2082 2023 2136; x_wconf 88' lang='lat' dir='ltr'><strong>bandum</strong></span> <span class='ocrx_word' id='word_1_228' title='bbox 2047 2081 2337 2151; x_wconf 85' lang='lat' dir='ltr'><strong>diligenter</strong></span> 
     </span>
    </p>
   </div>
   <div class='ocr_carea' id='block_1_37' title="bbox 753 2164 1087 2220">
    <p class='ocr_par' dir='ltr' id='par_1_37' title="bbox 753 2164 1087 2220">
     <span class='ocr_line' id='line_1_37' title="bbox 753 2164 1087 2220; baseline 0.003 -1"><span class='ocrx_word' id='word_1_229' title='bbox 753 2164 1087 2220; x_wconf 79' lang='lat' dir='ltr'><strong>custodiant.</strong></span> 
     </span>
    </p>
   </div>
   <div class='ocr_carea' id='block_1_38' title="bbox 823 2345 2334 2420">
    <p class='ocr_par' dir='ltr' id='par_1_38' title="bbox 823 2345 2334 2420">
     <span class='ocr_line' id='line_1_38' title="bbox 823 2345 2334 2420; baseline 0.005 -23"><span class='ocrx_word' id='word_1_230' title='bbox 823 2345 947 2400; x_wconf 64' lang='lat' dir='ltr'><strong>ﬁl.</strong></span> <span class='ocrx_word' id='word_1_231' title='bbox 985 2345 1248 2403; x_wconf 87' lang='lat' dir='ltr'><strong>Cantator</strong></span> <span class='ocrx_word' id='word_1_232' title='bbox 1300 2348 1529 2403; x_wconf 89' lang='lat' dir='ltr'><strong>idoneus</strong></span> <span class='ocrx_word' id='word_1_233' title='bbox 1560 2358 1724 2420; x_wconf 91' lang='lat' dir='ltr'><strong>atque</strong></span> <span class='ocrx_word' id='word_1_234' title='bbox 1765 2350 2029 2420; x_wconf 81' lang='lat' dir='ltr'><strong>eloquens</strong></span> <span class='ocrx_word' id='word_1_235' title='bbox 2062 2366 2204 2405; x_wconf 88' lang='lat' dir='ltr'><strong>unus</strong></span> <span class='ocrx_word' id='word_1_236' title='bbox 2236 2352 2334 2404; x_wconf 89' lang='lat' dir='ltr'><strong>ali-</strong></span> 
     </span>
    </p>
   </div>
   <div class='ocr_carea' id='block_1_39' title="bbox 752 2439 2333 2511">
    <p class='ocr_par' dir='ltr' id='par_1_39' title="bbox 752 2439 2333 2511">
     <span class='ocr_line' id='line_1_39' title="bbox 752 2439 2333 2511; baseline 0.004 -22"><span class='ocrx_word' id='word_1_237' title='bbox 752 2440 878 2505; x_wconf 91' lang='lat' dir='ltr'><strong>quis</strong></span> <span class='ocrx_word' id='word_1_238' title='bbox 926 2439 1209 2507; x_wconf 83' lang='lat' dir='ltr'><strong>eligendus</strong></span> <span class='ocrx_word' id='word_1_239' title='bbox 1258 2449 1379 2504; x_wconf 91' lang='lat' dir='ltr'><strong>est,</strong></span> <span class='ocrx_word' id='word_1_240' title='bbox 1431 2444 1524 2510; x_wconf 88' lang='lat' dir='ltr'><strong>qui</strong></span> <span class='ocrx_word' id='word_1_241' title='bbox 1563 2442 1679 2511; x_wconf 89' lang='lat' dir='ltr'><strong>ipso</strong></span> <span class='ocrx_word' id='word_1_242' title='bbox 1746 2442 1800 2495; x_wconf 92' lang='lat' dir='ltr'><strong>in</strong></span> <span class='ocrx_word' id='word_1_243' title='bbox 1854 2442 2053 2510; x_wconf 75' lang='lat' dir='ltr'><strong>prtelio</strong></span> <span class='ocrx_word' id='word_1_244' title='bbox 2105 2451 2333 2496; x_wconf 84' lang='lat' dir='ltr'><strong>exacnat</strong></span> 
     </span>
    </p>
   </div>
   <div class='ocr_carea' id='block_1_40' title="bbox 752 2529 2332 2597">
    <p class='ocr_par' dir='ltr' id='par_1_40' title="bbox 752 2529 2332 2597">
     <span class='ocr_line' id='line_1_40' title="bbox 752 2529 2332 2597; baseline 0.005 -16"><span class='ocrx_word' id='word_1_245' title='bbox 752 2538 918 2597; x_wconf 83' lang='lat' dir='ltr'><strong>atque</strong></span> <span class='ocrx_word' id='word_1_246' title='bbox 944 2529 1132 2584; x_wconf 91' lang='lat' dir='ltr'><strong>incitet</strong></span> <span class='ocrx_word' id='word_1_247' title='bbox 1166 2530 1399 2585; x_wconf 90' lang='lat' dir='ltr'><strong>militum</strong></span> <span class='ocrx_word' id='word_1_248' title='bbox 1426 2532 1661 2596; x_wconf 86' lang='lat' dir='ltr'><strong>animos.</strong></span> <span class='ocrx_word' id='word_1_249' title='bbox 1695 2540 1748 2587; x_wconf 88' lang='lat' dir='ltr'><strong>et</strong></span> <span class='ocrx_word' id='word_1_250' title='bbox 1785 2532 2031 2587; x_wconf 83' lang='lat' dir='ltr'><strong>suasoria</strong></span> <span class='ocrx_word' id='word_1_251' title='bbox 2084 2535 2332 2589; x_wconf 84' lang='lat' dir='ltr'><strong>oratione</strong></span> 
     </span>
    </p>
   </div>
   <div class='ocr_carea' id='block_1_41' title="bbox 752 2622 2331 2695">
    <p class='ocr_par' dir='ltr' id='par_1_41' title="bbox 752 2622 2331 2695">
     <span class='ocr_line' id='line_1_41' title="bbox 752 2622 2331 2695; baseline 0.004 -21"><span class='ocrx_word' id='word_1_252' title='bbox 752 2622 819 2675; x_wconf 90' lang='lat' dir='ltr'><strong>ad</strong></span> <span class='ocrx_word' id='word_1_253' title='bbox 876 2622 1211 2677; x_wconf 86' lang='lat' dir='ltr'><strong>alacritatem</strong></span> <span class='ocrx_word' id='word_1_254' title='bbox 1254 2634 1306 2678; x_wconf 90' lang='lat' dir='ltr'><strong>et</strong></span> <span class='ocrx_word' id='word_1_255' title='bbox 1357 2625 1710 2693; x_wconf 87' lang='lat' dir='ltr'><strong>cupiditatem</strong></span> <span class='ocrx_word' id='word_1_256' title='bbox 1754 2626 2013 2689; x_wconf 85' lang='lat' dir='ltr'><strong>bellandi,</strong></span> <span class='ocrx_word' id='word_1_257' title='bbox 2069 2628 2331 2695; x_wconf 87' lang='lat' dir='ltr'><strong>quemad-</strong></span> 
     </span>
    </p>
   </div>
   <div class='ocr_carea' id='block_1_42' title="bbox 753 2714 2093 2785">
    <p class='ocr_par' dir='ltr' id='par_1_42' title="bbox 753 2714 2093 2785">
     <span class='ocr_line' id='line_1_42' title="bbox 753 2714 2093 2785; baseline 0.005 -19"><span class='ocrx_word' id='word_1_258' title='bbox 753 2714 976 2768; x_wconf 82' lang='lat' dir='ltr'><strong>n-odum</strong></span> <span class='ocrx_word' id='word_1_259' title='bbox 1015 2729 1181 2785; x_wconf 90' lang='lat' dir='ltr'><strong>supra</strong></span> <span class='ocrx_word' id='word_1_260' title='bbox 1206 2717 1523 2783; x_wconf 83' lang='lat' dir='ltr'><strong>memoravi,</strong></span> <span class='ocrx_word' id='word_1_261' title='bbox 1556 2732 1748 2773; x_wconf 89' lang='lat' dir='ltr'><strong>omnes</strong></span> <span class='ocrx_word' id='word_1_262' title='bbox 1778 2718 2093 2773; x_wconf 76' lang='lat' dir='ltr'><strong>inﬂammet.</strong></span> 
     </span>
    </p>
   </div>
   <div class='ocr_carea' id='block_1_43' title="bbox 816 2892 2330 2965">
    <p class='ocr_par' dir='ltr' id='par_1_43' title="bbox 816 2892 2330 2965">
     <span class='ocr_line' id='line_1_43' title="bbox 816 2892 2330 2965; baseline 0.008 -20"><span class='ocrx_word' id='word_1_263' title='bbox 816 2892 942 2947; x_wconf 61' lang='lat'><strong>1%.</strong></span> <span class='ocrx_word' id='word_1_264' title='bbox 976 2894 1190 2965; x_wconf 78' lang='lat' dir='ltr'><strong>Magnis</strong></span> <span class='ocrx_word' id='word_1_265' title='bbox 1215 2897 1267 2949; x_wconf 93' lang='lat' dir='ltr'><strong>in</strong></span> <span class='ocrx_word' id='word_1_266' title='bbox 1300 2896 1623 2952; x_wconf 89' lang='lat' dir='ltr'><strong>cohortibus</strong></span> <span class='ocrx_word' id='word_1_267' title='bbox 1672 2898 1783 2953; x_wconf 91' lang='lat' dir='ltr'><strong>duo</strong></span> <span class='ocrx_word' id='word_1_268' title='bbox 1825 2899 2002 2955; x_wconf 87' lang='lat' dir='ltr'><strong>banda</strong></span> <span class='ocrx_word' id='word_1_269' title='bbox 2041 2911 2169 2957; x_wconf 87' lang='lat' dir='ltr'><strong>ante</strong></span> <span class='ocrx_word' id='word_1_270' title='bbox 2202 2902 2330 2957; x_wconf 89' lang='lat' dir='ltr'><strong>belli</strong></span> 
     </span>
    </p>
   </div>
   <div class='ocr_carea' id='block_1_44' title="bbox 753 2986 2328 3057">
    <p class='ocr_par' dir='ltr' id='par_1_44' title="bbox 753 2986 2328 3057">
     <span class='ocr_line' id='line_1_44' title="bbox 753 2986 2328 3057; baseline 0.007 -19"><span class='ocrx_word' id='word_1_271' title='bbox 753 2986 897 3039; x_wconf 83' lang='lat' dir='ltr'><strong>diem</strong></span> <span class='ocrx_word' id='word_1_272' title='bbox 924 2987 1076 3049; x_wconf 86' lang='lat' dir='ltr'><strong>liant,</strong></span> <span class='ocrx_word' id='word_1_273' title='bbox 1103 2988 1332 3041; x_wconf 89' lang='lat' dir='ltr'><strong>alterum</strong></span> <span class='ocrx_word' id='word_1_274' title='bbox 1355 2988 1593 3057; x_wconf 76' lang='lat' dir='ltr'><strong>pnefecti</strong></span> <span class='ocrx_word' id='word_1_275' title='bbox 1612 2990 1881 3057; x_wconf 82' lang='lat' dir='ltr'><strong>cohortis,</strong></span> <span class='ocrx_word' id='word_1_276' title='bbox 1902 2991 1953 3046; x_wconf 90' lang='lat' dir='ltr'><strong>id</strong></span> <span class='ocrx_word' id='word_1_277' title='bbox 1977 3004 2063 3047; x_wconf 90' lang='lat' dir='ltr'><strong>cst</strong></span> <span class='ocrx_word' id='word_1_278' title='bbox 2088 2994 2328 3057; x_wconf 89' lang='lat' dir='ltr'><strong>comitis,</strong></span> 
     </span>
    </p>
   </div>
   <div class='ocr_carea' id='block_1_45' title="bbox 751 3076 2327 3147">
    <p class='ocr_par' dir='ltr' id='par_1_45' title="bbox 751 3076 2327 3147">
     <span class='ocr_line' id='line_1_45' title="bbox 751 3076 2327 3147; baseline 0.006 -20"><span class='ocrx_word' id='word_1_279' title='bbox 751 3076 978 3147; x_wconf 69' lang='lat' dir='ltr'><strong>alterum</strong></span> <span class='ocrx_word' id='word_1_280' title='bbox 1009 3076 1166 3144; x_wconf 91' lang='lat' dir='ltr'><strong>primi</strong></span> <span class='ocrx_word' id='word_1_281' title='bbox 1197 3079 1555 3133; x_wconf 83' lang='lat' dir='ltr'><strong>centurionis.</strong></span> <span class='ocrx_word' id='word_1_282' title='bbox 1587 3080 1706 3147; x_wconf 88' lang='lat' dir='ltr'><strong>Ipso</strong></span> <span class='ocrx_word' id='word_1_283' title='bbox 1737 3089 1920 3135; x_wconf 88' lang='lat' dir='ltr'><strong>autem</strong></span> <span class='ocrx_word' id='word_1_284' title='bbox 1956 3081 2081 3136; x_wconf 90' lang='lat' dir='ltr'><strong>belli</strong></span> <span class='ocrx_word' id='word_1_285' title='bbox 2108 3083 2194 3137; x_wconf 93' lang='lat' dir='ltr'><strong>die</strong></span> <span class='ocrx_word' id='word_1_286' title='bbox 2220 3098 2327 3137; x_wconf 88' lang='lat' dir='ltr'><strong>non</strong></span> 
     </span>
    </p>
   </div>
   <div class='ocr_carea' id='block_1_46' title="bbox 702 3162 2328 3241">
    <p class='ocr_par' dir='ltr' id='par_1_46' title="bbox 702 3162 2328 3241">
     <span class='ocr_line' id='line_1_46' title="bbox 702 3162 2328 3241; baseline 0.007 -23"><span class='ocrx_word' id='word_1_287' title='bbox 702 3168 858 3224; x_wconf 55' lang='lat' dir='ltr'><strong>.dno</strong></span> <span class='ocrx_word' id='word_1_288' title='bbox 910 3178 1191 3234; x_wconf 80' lang='lat' dir='ltr'><strong>gestemur</strong></span> <span class='ocrx_word' id='word_1_289' title='bbox 1271 3178 1363 3223; x_wconf 86' lang='lat' dir='ltr'><strong>aut</strong></span> <span class='ocrx_word' id='word_1_290' title='bbox 1425 3171 1749 3241; x_wconf 84' lang='lat' dir='ltr'><strong>erigantur,</strong></span> <span class='ocrx_word' id='word_1_291' title='bbox 1813 3172 1909 3227; x_wconf 89' lang='lat' dir='ltr'><strong>sed</strong></span> <span class='ocrx_word' id='word_1_292' title='bbox 1966 3162 2181 3230; x_wconf 87' lang='lat' dir='ltr'><strong>comitis</strong></span> <span class='ocrx_word' id='word_1_293' title='bbox 2237 3189 2328 3229; x_wconf 84' lang='lat' dir='ltr'><strong>so-</strong></span> 
     </span>
    </p>
   </div>
   <div class='ocr_carea' id='block_1_47' title="bbox 750 3260 883 3310">
    <p class='ocr_par' dir='ltr' id='par_1_47' title="bbox 750 3260 883 3310">
     <span class='ocr_line' id='line_1_47' title="bbox 750 3260 883 3310; baseline 0.015 -2"><span class='ocrx_word' id='word_1_294' title='bbox 750 3260 883 3310; x_wconf 88' lang='lat' dir='ltr'><strong>lum.</strong></span> 
     </span>
    </p>
   </div>
   <div class='ocr_carea' id='block_1_48' title="bbox 807 3436 2325 3513">
    <p class='ocr_par' dir='ltr' id='par_1_48' title="bbox 807 3436 2325 3513">
     <span class='ocr_line' id='line_1_48' title="bbox 807 3436 2325 3513; baseline 0.004 -23"><span class='ocrx_word' id='word_1_295' title='bbox 807 3436 932 3490; x_wconf 66' lang='grc' dir='ltr'><strong>ΗΞ.</strong></span> <span class='ocrx_word' id='word_1_296' title='bbox 969 3436 1091 3505; x_wconf 90' lang='lat' dir='ltr'><strong>Ipso</strong></span> <span class='ocrx_word' id='word_1_297' title='bbox 1141 3438 1266 3492; x_wconf 90' lang='lat' dir='ltr'><strong>belli</strong></span> <span class='ocrx_word' id='word_1_298' title='bbox 1298 3437 1387 3492; x_wconf 90' lang='lat' dir='ltr'><strong>die</strong></span> <span class='ocrx_word' id='word_1_299' title='bbox 1433 3440 1806 3509; x_wconf 85' lang='lat' dir='ltr'><strong>unusquisque</strong></span> <span class='ocrx_word' id='word_1_300' title='bbox 1838 3441 1996 3497; x_wconf 92' lang='lat' dir='ltr'><strong>miles</strong></span> <span class='ocrx_word' id='word_1_301' title='bbox 2043 3451 2217 3513; x_wconf 78' lang='lat' dir='ltr'><strong>gestet</strong></span> <span class='ocrx_word' id='word_1_302' title='bbox 2258 3442 2325 3497; x_wconf 91' lang='lat' dir='ltr'><strong>ad</strong></span> 
     </span>
    </p>
   </div>
   <div class='ocr_carea' id='block_1_49' title="bbox 745 3530 2325 3604">
    <p class='ocr_par' dir='ltr' id='par_1_49' title="bbox 745 3530 2325 3604">
     <span class='ocr_line' id='line_1_49' title="bbox 745 3530 2325 3604; baseline 0.005 -22"><span class='ocrx_word' id='word_1_303' title='bbox 745 3530 931 3602; x_wconf 73' lang='lat' dir='ltr'><strong>sellam</strong></span> <span class='ocrx_word' id='word_1_304' title='bbox 972 3544 1128 3583; x_wconf 89' lang='lat' dir='ltr'><strong>suam</strong></span> <span class='ocrx_word' id='word_1_305' title='bbox 1201 3544 1391 3584; x_wconf 84' lang='lat' dir='ltr'><strong>secum</strong></span> <span class='ocrx_word' id='word_1_306' title='bbox 1447 3545 1648 3600; x_wconf 89' lang='lat' dir='ltr'><strong>aquam</strong></span> <span class='ocrx_word' id='word_1_307' title='bbox 1682 3535 1735 3586; x_wconf 92' lang='lat' dir='ltr'><strong>in</strong></span> <span class='ocrx_word' id='word_1_308' title='bbox 1769 3533 2053 3603; x_wconf 88' lang='lat' dir='ltr'><strong>phlaseiis,</strong></span> <span class='ocrx_word' id='word_1_309' title='bbox 2078 3544 2134 3589; x_wconf 86' lang='lat' dir='ltr'><strong>et</strong></span> <span class='ocrx_word' id='word_1_310' title='bbox 2165 3551 2325 3604; x_wconf 74' lang='lat' dir='ltr'><strong>pasa-</strong></span> 
     </span>
    </p>
   </div>
   <div class='ocr_carea' id='block_1_50' title="bbox 745 3622 2326 3697">
    <p class='ocr_par' dir='ltr' id='par_1_50' title="bbox 745 3622 2326 3697">
     <span class='ocr_line' id='line_1_50' title="bbox 745 3622 2326 3697; baseline 0.005 -22"><span class='ocrx_word' id='word_1_311' title='bbox 745 3624 1007 3688; x_wconf 78' lang='lat' dir='ltr'><strong>nnidiuni,</strong></span> <span class='ocrx_word' id='word_1_312' title='bbox 1040 3622 1091 3675; x_wconf 88' lang='lat' dir='ltr'><strong>id</strong></span> <span class='ocrx_word' id='word_1_313' title='bbox 1117 3630 1199 3676; x_wconf 70' lang='lat' dir='ltr'><strong>est</strong></span> <span class='ocrx_word' id='word_1_314' title='bbox 1228 3622 1548 3685; x_wconf 88' lang='lat' dir='ltr'><strong>biscoctuin,</strong></span> <span class='ocrx_word' id='word_1_315' title='bbox 1577 3625 1629 3678; x_wconf 90' lang='lat' dir='ltr'><strong>in</strong></span> <span class='ocrx_word' id='word_1_316' title='bbox 1657 3626 2014 3697; x_wconf 82' lang='lat' dir='ltr'><strong>sellopungio,</strong></span> <span class='ocrx_word' id='word_1_317' title='bbox 2057 3636 2111 3681; x_wconf 90' lang='lat' dir='ltr'><strong>et</strong></span> <span class='ocrx_word' id='word_1_318' title='bbox 2141 3629 2326 3683; x_wconf 74' lang='lat' dir='ltr'><strong>farinm</strong></span> 
     </span>
    </p>
   </div>
   <div class='ocr_carea' id='block_1_51' title="bbox 745 3714 2327 3787">
    <p class='ocr_par' dir='ltr' id='par_1_51' title="bbox 745 3714 2327 3787">
     <span class='ocr_line' id='line_1_51' title="bbox 745 3714 2327 3787; baseline 0.005 -22"><span class='ocrx_word' id='word_1_319' title='bbox 745 3729 907 3768; x_wconf 87' lang='lat' dir='ltr'><strong>unam</strong></span> <span class='ocrx_word' id='word_1_320' title='bbox 937 3724 1100 3782; x_wconf 77' lang='lat' dir='ltr'><strong>atque</strong></span> <span class='ocrx_word' id='word_1_321' title='bbox 1127 3716 1353 3767; x_wconf 87' lang='lat' dir='ltr'><strong>alteram</strong></span> <span class='ocrx_word' id='word_1_322' title='bbox 1388 3714 1605 3778; x_wconf 88' lang='lat' dir='ltr'><strong>libram,</strong></span> <span class='ocrx_word' id='word_1_323' title='bbox 1644 3724 1703 3769; x_wconf 88' lang='lat' dir='ltr'><strong>ut</strong></span> <span class='ocrx_word' id='word_1_324' title='bbox 1738 3720 2050 3773; x_wconf 86' lang='lat' dir='ltr'><strong>necessario</strong></span> <span class='ocrx_word' id='word_1_325' title='bbox 2082 3727 2327 3787; x_wconf 89' lang='lat' dir='ltr'><strong>tempore</strong></span> 
     </span>
    </p>
   </div>
   <div class='ocr_carea' id='block_1_52' title="bbox 745 3805 2323 3865">
    <p class='ocr_par' dir='ltr' id='par_1_52' title="bbox 745 3805 2323 3865">
     <span class='ocr_line' id='line_1_52' title="bbox 745 3805 2323 3865; baseline 0.005 -8"><span class='ocrx_word' id='word_1_326' title='bbox 745 3806 857 3859; x_wconf 75' lang='lat' dir='ltr'><strong>luec</strong></span> <span class='ocrx_word' id='word_1_327' title='bbox 907 3806 1141 3860; x_wconf 86' lang='lat' dir='ltr'><strong>habeant</strong></span> <span class='ocrx_word' id='word_1_328' title='bbox 1204 3805 1271 3859; x_wconf 91' lang='lat' dir='ltr'><strong>ad</strong></span> <span class='ocrx_word' id='word_1_329' title='bbox 1330 3807 1785 3862; x_wconf 84' lang='lat' dir='ltr'><strong>refocillationem</strong></span> <span class='ocrx_word' id='word_1_330' title='bbox 1839 3820 1895 3864; x_wconf 89' lang='lat' dir='ltr'><strong>et</strong></span> <span class='ocrx_word' id='word_1_331' title='bbox 1928 3812 2323 3865; x_wconf 88' lang='lat' dir='ltr'><strong>recreationem</strong></span> 
     </span>
    </p>
   </div>
   <div class='ocr_carea' id='block_1_53' title="bbox 744 3899 2325 3971">
    <p class='ocr_par' dir='ltr' id='par_1_53' title="bbox 744 3899 2325 3971">
     <span class='ocr_line' id='line_1_53' title="bbox 744 3899 2325 3971; baseline 0.002 -20"><span class='ocrx_word' id='word_1_332' title='bbox 744 3900 829 3953; x_wconf 91' lang='lat' dir='ltr'><strong>sui</strong></span> <span class='ocrx_word' id='word_1_333' title='bbox 862 3908 1028 3969; x_wconf 87' lang='lat' dir='ltr'><strong>atque</strong></span> <span class='ocrx_word' id='word_1_334' title='bbox 1057 3899 1314 3962; x_wconf 88' lang='lat' dir='ltr'><strong>aliorum,</strong></span> <span class='ocrx_word' id='word_1_335' title='bbox 1345 3900 1439 3968; x_wconf 92' lang='lat' dir='ltr'><strong>qui</strong></span> <span class='ocrx_word' id='word_1_336' title='bbox 1476 3900 1530 3953; x_wconf 91' lang='lat' dir='ltr'><strong>in</strong></span> <span class='ocrx_word' id='word_1_337' title='bbox 1584 3900 1823 3971; x_wconf 83' lang='lat' dir='ltr'><strong>aliquam</strong></span> <span class='ocrx_word' id='word_1_338' title='bbox 1851 3903 2017 3957; x_wconf 89' lang='lat' dir='ltr'><strong>animi</strong></span> <span class='ocrx_word' id='word_1_339' title='bbox 2062 3902 2325 3958; x_wconf 83' lang='lat' dir='ltr'><strong>defectio-</strong></span> 
     </span>
    </p>
   </div>
   <div class='ocr_carea' id='block_1_54' title="bbox 742 3992 2088 4054">
    <p class='ocr_par' dir='ltr' id='par_1_54' title="bbox 742 3992 2088 4054">
     <span class='ocr_line' id='line_1_54' title="bbox 742 3992 2088 4054; baseline 0.004 -10"><span class='ocrx_word' id='word_1_340' title='bbox 742 4007 890 4054; x_wconf 83' lang='lat' dir='ltr'><strong>nem.</strong></span> <span class='ocrx_word' id='word_1_341' title='bbox 934 4000 1027 4045; x_wconf 87' lang='lat' dir='ltr'><strong>aut</strong></span> <span class='ocrx_word' id='word_1_342' title='bbox 1056 3992 1385 4047; x_wconf 88' lang='lat' dir='ltr'><strong>valetudinis</strong></span> <span class='ocrx_word' id='word_1_343' title='bbox 1412 3992 1781 4048; x_wconf 76' lang='lat' dir='ltr'><strong>inﬁrmitatem</strong></span> <span class='ocrx_word' id='word_1_344' title='bbox 1819 3994 2088 4049; x_wconf 89' lang='lat' dir='ltr'><strong>incidunt.</strong></span> 
     </span>
    </p>
   </div>
   <div class='ocr_carea' id='block_1_55' title="bbox 814 4083 2324 4157">
    <p class='ocr_par' dir='ltr' id='par_1_55' title="bbox 814 4083 2324 4157">
     <span class='ocr_line' id='line_1_55' title="bbox 814 4083 2324 4157; baseline 0.003 -21"><span class='ocrx_word' id='word_1_345' title='bbox 814 4084 937 4139; x_wconf 76' lang='grc'><strong>124.</strong></span> <span class='ocrx_word' id='word_1_346' title='bbox 969 4083 1235 4154; x_wconf 89' lang='lat' dir='ltr'><strong>Tempore</strong></span> <span class='ocrx_word' id='word_1_347' title='bbox 1264 4086 1467 4154; x_wconf 72' lang='lat' dir='ltr'><strong>prmlii,</strong></span> <span class='ocrx_word' id='word_1_348' title='bbox 1499 4095 1558 4140; x_wconf 92' lang='lat' dir='ltr'><strong>ut</strong></span> <span class='ocrx_word' id='word_1_349' title='bbox 1586 4098 1925 4157; x_wconf 76' lang='lat' dir='ltr'><strong>cognoscant</strong></span> <span class='ocrx_word' id='word_1_350' title='bbox 1959 4090 2162 4144; x_wconf 83' lang='lat' dir='ltr'><strong>milites</strong></span> <span class='ocrx_word' id='word_1_351' title='bbox 2198 4102 2324 4145; x_wconf 82' lang='lat' dir='ltr'><strong>ante</strong></span> 
     </span>
    </p>
   </div>
   <div class='ocr_carea' id='block_1_56' title="bbox 742 4176 2325 4252">
    <p class='ocr_par' dir='ltr' id='par_1_56' title="bbox 742 4176 2325 4252">
     <span class='ocr_line' id='line_1_56' title="bbox 742 4176 2325 4252; baseline 0.007 -26"><span class='ocrx_word' id='word_1_352' title='bbox 742 4176 867 4232; x_wconf 84' lang='lat' dir='ltr'><strong>i.clli</strong></span> <span class='ocrx_word' id='word_1_353' title='bbox 902 4177 1107 4232; x_wconf 79' lang='lat' dir='ltr'><strong>exitum</strong></span> <span class='ocrx_word' id='word_1_354' title='bbox 1142 4180 1415 4233; x_wconf 88' lang='lat' dir='ltr'><strong>nemiuem</strong></span> <span class='ocrx_word' id='word_1_355' title='bbox 1452 4179 1794 4249; x_wconf 76' lang='lat' dir='ltr'><strong>Spoliauduin</strong></span> <span class='ocrx_word' id='word_1_356' title='bbox 1829 4196 1971 4248; x_wconf 88' lang='lat' dir='ltr'><strong>esse,</strong></span> <span class='ocrx_word' id='word_1_357' title='bbox 1995 4183 2192 4252; x_wconf 67' lang='lat' dir='ltr'><strong>saepius</strong></span> <span class='ocrx_word' id='word_1_358' title='bbox 2225 4185 2325 4238; x_wconf 88' lang='lat' dir='ltr'><strong>hoc</strong></span> 
     </span>
    </p>
   </div>
   <div class='ocr_carea' id='block_1_57' title="bbox 743 4269 1361 4326">
    <p class='ocr_par' dir='ltr' id='par_1_57' title="bbox 743 4269 1361 4326">
     <span class='ocr_line' id='line_1_57' title="bbox 743 4269 1361 4326; baseline 0.005 -4"><span class='ocrx_word' id='word_1_359' title='bbox 743 4269 1007 4324; x_wconf 86' lang='lat' dir='ltr'><strong>militibus</strong></span> <span class='ocrx_word' id='word_1_360' title='bbox 1040 4270 1361 4326; x_wconf 86' lang='lat' dir='ltr'><strong>inculcetur.</strong></span> 
     </span>
    </p>
   </div>
   <div class='ocr_carea' id='block_1_58' title="bbox 814 4446 2318 4522">
    <p class='ocr_par' dir='ltr' id='par_1_58' title="bbox 814 4446 2318 4522">
     <span class='ocr_line' id='line_1_58' title="bbox 814 4446 2318 4522; baseline 0.004 -23"><span class='ocrx_word' id='word_1_361' title='bbox 814 4446 936 4501; x_wconf 72' lang='grc'><strong>125.</strong></span> <span class='ocrx_word' id='word_1_362' title='bbox 960 4446 1016 4501; x_wconf 90' lang='lat' dir='ltr'><strong>In</strong></span> <span class='ocrx_word' id='word_1_363' title='bbox 1032 4448 1222 4502; x_wconf 78' lang='lat' dir='ltr'><strong>itinere</strong></span> <span class='ocrx_word' id='word_1_364' title='bbox 1240 4447 1509 4513; x_wconf 82' lang='lat' dir='ltr'><strong>faciendo,</strong></span> <span class='ocrx_word' id='word_1_365' title='bbox 1531 4450 1763 4516; x_wconf 89' lang='lat' dir='ltr'><strong>tuldum,</strong></span> <span class='ocrx_word' id='word_1_366' title='bbox 1779 4451 1893 4505; x_wconf 76' lang='lat' dir='ltr'><strong>sive</strong></span> <span class='ocrx_word' id='word_1_367' title='bbox 1910 4452 2318 4522; x_wconf 85' lang='lat' dir='ltr'><strong>impedimenta,</strong></span> 
     </span>
    </p>
   </div>
   <div class='ocr_carea' id='block_1_59' title="bbox 2440 1977 4028 2052">
    <p class='ocr_par' dir='ltr' id='par_1_59' title="bbox 2440 1977 4028 2052">
     <span class='ocr_line' id='line_1_59' title="bbox 2440 1977 4028 2052; baseline 0.004 -23"><span class='ocrx_word' id='word_1_368' title='bbox 2440 1977 2810 2045; x_wconf 76' lang='grc' dir='ltr'>ἐπιλέγεσθαι,</span> <span class='ocrx_word' id='word_1_369' title='bbox 2867 1982 2962 2034; x_wconf 74' lang='grc' dir='ltr'><strong>καὶ</strong></span> <span class='ocrx_word' id='word_1_370' title='bbox 3015 1981 3110 2034; x_wconf 87' lang='grc' dir='ltr'><strong>δύο</strong></span> <span class='ocrx_word' id='word_1_371' title='bbox 3176 1982 3540 2051; x_wconf 86' lang='grc' dir='ltr'>μανδάτορας.</span> <span class='ocrx_word' id='word_1_372' title='bbox 3580 1984 3919 2052; x_wconf 55' lang='grc' dir='ltr'>’Δρορίσωσι</span> <span class='ocrx_word' id='word_1_373' title='bbox 3977 1984 4028 2036; x_wconf 75' lang='grc' dir='ltr'>δὲ</span> 
     </span>
    </p>
   </div>
   <div class='ocr_carea' id='block_1_60' title="bbox 2440 2068 4022 2143">
    <p class='ocr_par' dir='ltr' id='par_1_60' title="bbox 2440 2068 4022 2143">
     <span class='ocr_line' id='line_1_60' title="bbox 2440 2068 4022 2143; baseline 0.003 -23"><span class='ocrx_word' id='word_1_374' title='bbox 2440 2070 2534 2121; x_wconf 73' lang='grc' dir='ltr'>καὶ</span> <span class='ocrx_word' id='word_1_375' title='bbox 2562 2069 2627 2121; x_wconf 64' lang='grc' dir='ltr'>ἐκ</span> <span class='ocrx_word' id='word_1_376' title='bbox 2677 2068 2787 2123; x_wconf 86' lang='grc' dir='ltr'><strong>τῶν</strong></span> <span class='ocrx_word' id='word_1_377' title='bbox 2838 2071 2920 2133; x_wconf 86' lang='grc' dir='ltr'><strong>είς</strong></span> <span class='ocrx_word' id='word_1_378' title='bbox 2961 2072 3062 2135; x_wconf 84' lang='grc' dir='ltr'>τὰς</span> <span class='ocrx_word' id='word_1_379' title='bbox 3118 2072 3282 2131; x_wconf 86' lang='grc' dir='ltr'>ἀκίας</span> <span class='ocrx_word' id='word_1_380' title='bbox 3308 2072 3666 2143; x_wconf 69' lang='grc' dir='ltr'><strong>τασσομένων</strong></span> <span class='ocrx_word' id='word_1_381' title='bbox 3698 2074 3793 2125; x_wconf 81' lang='grc' dir='ltr'><strong>δύο</strong></span> <span class='ocrx_word' id='word_1_382' title='bbox 3820 2074 4022 2143; x_wconf 72' lang='grc' dir='ltr'>ἄνδρας</span> 
     </span>
    </p>
   </div>
   <div class='ocr_carea' id='block_1_61' title="bbox 2436 2160 4028 2236">
    <p class='ocr_par' dir='ltr' id='par_1_61' title="bbox 2436 2160 4028 2236">
     <span class='ocr_line' id='line_1_61' title="bbox 2436 2160 4028 2236; baseline 0.004 -24"><span class='ocrx_word' id='word_1_383' title='bbox 2436 2160 2743 2231; x_wconf 80' lang='grc' dir='ltr'><strong>χρησίμους</strong></span> <span class='ocrx_word' id='word_1_384' title='bbox 2779 2163 2863 2225; x_wconf 87' lang='grc' dir='ltr'>εἰς</span> <span class='ocrx_word' id='word_1_385' title='bbox 2904 2163 3153 2234; x_wconf 77' lang='grc' dir='ltr'>φυλακὴν</span> <span class='ocrx_word' id='word_1_386' title='bbox 3200 2163 3295 2218; x_wconf 77' lang='grc' dir='ltr'>τοῦ</span> <span class='ocrx_word' id='word_1_387' title='bbox 3330 2164 3518 2234; x_wconf 81' lang='grc' dir='ltr'>βάνδου</span> <span class='ocrx_word' id='word_1_388' title='bbox 3549 2165 3608 2216; x_wconf 84' lang='lat' dir='ltr'><strong>tv</strong></span> <span class='ocrx_word' id='word_1_389' title='bbox 3639 2166 3819 2236; x_wconf 80' lang='grc' dir='ltr'>καιρῷ</span> <span class='ocrx_word' id='word_1_390' title='bbox 3871 2168 4028 2219; x_wconf 78' lang='grc' dir='ltr'>πολέ-</span> 
     </span>
    </p>
   </div>
   <div class='ocr_carea' id='block_1_62' title="bbox 2440 2268 2565 2321">
    <p class='ocr_par' dir='ltr' id='par_1_62' title="bbox 2440 2268 2565 2321">
     <span class='ocr_line' id='line_1_62' title="bbox 2440 2268 2565 2321; baseline 0.016 -18"><span class='ocrx_word' id='word_1_391' title='bbox 2440 2268 2565 2321; x_wconf 90' lang='grc' dir='ltr'>μου.</span> 
     </span>
    </p>
   </div>
   <div class='ocr_carea' id='block_1_63' title="bbox 2510 2341 4029 2418">
    <p class='ocr_par' dir='ltr' id='par_1_63' title="bbox 2510 2341 4029 2418">
     <span class='ocr_line' id='line_1_63' title="bbox 2510 2341 4029 2418; baseline 0.005 -23"><span class='ocrx_word' id='word_1_392' title='bbox 2510 2341 2652 2412; x_wconf 87' lang='grc' dir='ltr'>ρκα’.</span> <span class='ocrx_word' id='word_1_393' title='bbox 2688 2345 2914 2408; x_wconf 79' lang='grc' dir='ltr'><strong>Πάντως</strong></span> <span class='ocrx_word' id='word_1_394' title='bbox 2965 2345 3021 2399; x_wconf 85' lang='grc' dir='ltr'>δὲ</span> <span class='ocrx_word' id='word_1_395' title='bbox 3072 2347 3163 2400; x_wconf 71' lang='grc' dir='ltr'><strong>καὶ</strong></span> <span class='ocrx_word' id='word_1_396' title='bbox 3222 2347 3312 2399; x_wconf 81' lang='grc' dir='ltr'><strong>τὸν</strong></span> <span class='ocrx_word' id='word_1_397' title='bbox 3373 2346 3665 2417; x_wconf 87' lang='grc' dir='ltr'>λεγόμενον</span> <span class='ocrx_word' id='word_1_398' title='bbox 3718 2351 4029 2418; x_wconf 77' lang='grc' dir='ltr'>καντάτορα</span> 
     </span>
    </p>
   </div>
   <div class='ocr_carea' id='block_1_64' title="bbox 2436 2435 4026 2512">
    <p class='ocr_par' dir='ltr' id='par_1_64' title="bbox 2436 2435 4026 2512">
     <span class='ocr_line' id='line_1_64' title="bbox 2436 2435 4026 2512; baseline 0.006 -25"><span class='ocrx_word' id='word_1_399' title='bbox 2436 2435 2783 2503; x_wconf 79' lang='grc' dir='ltr'>ἐπιλέγεσθαι</span> <span class='ocrx_word' id='word_1_400' title='bbox 2830 2438 3136 2507; x_wconf 77' lang='grc' dir='ltr'>ἐπιτήδειον</span> <span class='ocrx_word' id='word_1_401' title='bbox 3168 2441 3261 2492; x_wconf 70' lang='grc' dir='ltr'><strong>καὶ</strong></span> <span class='ocrx_word' id='word_1_402' title='bbox 3294 2439 3473 2508; x_wconf 88' lang='grc' dir='ltr'>λόγιον</span> <span class='ocrx_word' id='word_1_403' title='bbox 3505 2440 3603 2493; x_wconf 76' lang='grc' dir='ltr'>ἕνα</span> <span class='ocrx_word' id='word_1_404' title='bbox 3656 2445 4026 2512; x_wconf 75' lang='grc' dir='ltr'>στρατιώτην,</span> 
     </span>
    </p>
   </div>
   <div class='ocr_carea' id='block_1_65' title="bbox 2434 2526 4028 2599">
    <p class='ocr_par' dir='ltr' id='par_1_65' title="bbox 2434 2526 4028 2599">
     <span class='ocr_line' id='line_1_65' title="bbox 2434 2526 4028 2599; baseline 0.004 -22"><span class='ocrx_word' id='word_1_405' title='bbox 2434 2527 2529 2578; x_wconf 73' lang='grc' dir='ltr'>καὶ</span> <span class='ocrx_word' id='word_1_406' title='bbox 2561 2527 2819 2596; x_wconf 82' lang='grc' dir='ltr'>ἀφορίσαι</span> <span class='ocrx_word' id='word_1_407' title='bbox 2875 2526 3015 2579; x_wconf 86' lang='grc' dir='ltr'>ὥστε</span> <span class='ocrx_word' id='word_1_408' title='bbox 3070 2529 3127 2579; x_wconf 90' lang='lat' dir='ltr'><strong>tv</strong></span> <span class='ocrx_word' id='word_1_409' title='bbox 3174 2530 3360 2591; x_wconf 79' lang='grc' dir='ltr'>αὐτοῖς</span> <span class='ocrx_word' id='word_1_410' title='bbox 3394 2532 3502 2589; x_wconf 89' lang='grc' dir='ltr'>τοῖς</span> <span class='ocrx_word' id='word_1_411' title='bbox 3537 2530 3711 2597; x_wconf 84' lang='grc' dir='ltr'>ἀγῶσι</span> <span class='ocrx_word' id='word_1_412' title='bbox 3767 2534 4028 2599; x_wconf 75' lang='grc' dir='ltr'>περιτρέ-</span> 
     </span>
    </p>
   </div>
   <div class='ocr_carea' id='block_1_66' title="bbox 2433 2618 4030 2693">
    <p class='ocr_par' dir='ltr' id='par_1_66' title="bbox 2433 2618 4030 2693">
     <span class='ocr_line' id='line_1_66' title="bbox 2433 2618 4030 2693; baseline 0.003 -24"><span class='ocrx_word' id='word_1_413' title='bbox 2433 2634 2597 2687; x_wconf 85' lang='grc' dir='ltr'>χοντα</span> <span class='ocrx_word' id='word_1_414' title='bbox 2642 2619 2971 2693; x_wconf 79' lang='grc' dir='ltr'>κατεπᾴδειν</span> <span class='ocrx_word' id='word_1_415' title='bbox 2999 2618 3076 2690; x_wconf 78' lang='grc' dir='ltr'>τῷ</span> <span class='ocrx_word' id='word_1_416' title='bbox 3114 2621 3333 2690; x_wconf 87' lang='grc' dir='ltr'>στρατῷ</span> <span class='ocrx_word' id='word_1_417' title='bbox 3358 2621 3454 2674; x_wconf 81' lang='grc' dir='ltr'>τοῦ</span> <span class='ocrx_word' id='word_1_418' title='bbox 3482 2622 3783 2691; x_wconf 73' lang='grc' dir='ltr'><strong>τάγματος,</strong></span> <span class='ocrx_word' id='word_1_419' title='bbox 3829 2625 3928 2675; x_wconf 73' lang='grc' dir='ltr'>καὶ</span> <span class='ocrx_word' id='word_1_420' title='bbox 3954 2623 4030 2675; x_wconf 85' lang='grc' dir='ltr'>δι-</span> 
     </span>
    </p>
   </div>
   <div class='ocr_carea' id='block_1_67' title="bbox 2434 2710 4028 2783">
    <p class='ocr_par' dir='ltr' id='par_1_67' title="bbox 2434 2710 4028 2783">
     <span class='ocr_line' id='line_1_67' title="bbox 2434 2710 4028 2783; baseline 0.003 -22"><span class='ocrx_word' id='word_1_421' title='bbox 2434 2710 2669 2779; x_wconf 87' lang='grc' dir='ltr'>εγείρειν</span> <span class='ocrx_word' id='word_1_422' title='bbox 2721 2712 2801 2774; x_wconf 84' lang='grc' dir='ltr'><strong>είς</strong></span> <span class='ocrx_word' id='word_1_423' title='bbox 2864 2710 3178 2782; x_wconf 77' lang='grc' dir='ltr'>προθυμίαν</span> <span class='ocrx_word' id='word_1_424' title='bbox 3205 2712 3293 2765; x_wconf 81' lang='grc' dir='ltr'>διὰ</span> <span class='ocrx_word' id='word_1_425' title='bbox 3357 2715 3772 2782; x_wconf 77' lang='grc' dir='ltr'>προτρεπτικῶν</span> <span class='ocrx_word' id='word_1_426' title='bbox 3822 2715 4028 2783; x_wconf 75' lang='grc' dir='ltr'>λόγων,</span> 
     </span>
    </p>
   </div>
   <div class='ocr_carea' id='block_1_68' title="bbox 2435 2802 3757 2874">
    <p class='ocr_par' dir='ltr' id='par_1_68' title="bbox 2435 2802 3757 2874">
     <span class='ocr_line' id='line_1_68' title="bbox 2435 2802 3757 2874; baseline 0.001 -18"><span class='ocrx_word' id='word_1_427' title='bbox 2435 2802 2574 2857; x_wconf 83' lang='grc' dir='ltr'>κατὰ</span> <span class='ocrx_word' id='word_1_428' title='bbox 2607 2802 2698 2856; x_wconf 76' lang='grc' dir='ltr'><strong>τὸν</strong></span> <span class='ocrx_word' id='word_1_429' title='bbox 2734 2805 2905 2856; x_wconf 85' lang='grc' dir='ltr'>τύπον</span> <span class='ocrx_word' id='word_1_430' title='bbox 2942 2804 3111 2874; x_wconf 84' lang='grc' dir='ltr'>ὅνπερ</span> <span class='ocrx_word' id='word_1_431' title='bbox 3141 2820 3223 2857; x_wconf 90' lang='grc' dir='ltr'><strong>σοι</strong></span> <span class='ocrx_word' id='word_1_432' title='bbox 3254 2804 3757 2874; x_wconf 84' lang='grc' dir='ltr'>προδιωρισάμεθα.</span> 
     </span>
    </p>
   </div>
   <div class='ocr_carea' id='block_1_69' title="bbox 2505 2895 4027 2966">
    <p class='ocr_par' dir='ltr' id='par_1_69' title="bbox 2505 2895 4027 2966">
     <span class='ocr_line' id='line_1_69' title="bbox 2505 2895 4027 2966; baseline -0.002 -18"><span class='ocrx_word' id='word_1_433' title='bbox 2505 2895 2645 2966; x_wconf 78' lang='grc' dir='ltr'>ρκβ⁹.</span> <span class='ocrx_word' id='word_1_434' title='bbox 2683 2896 3014 2949; x_wconf 84' lang='grc' dir='ltr'>Ποιείτωσαν</span> <span class='ocrx_word' id='word_1_435' title='bbox 3049 2896 3106 2947; x_wconf 85' lang='grc' dir='ltr'>δὲ</span> <span class='ocrx_word' id='word_1_436' title='bbox 3151 2900 3209 2948; x_wconf 77' lang='grc' dir='ltr'>ἐν</span> <span class='ocrx_word' id='word_1_437' title='bbox 3272 2899 3385 2958; x_wconf 78' lang='grc' dir='ltr'>τοῖς</span> <span class='ocrx_word' id='word_1_438' title='bbox 3439 2897 3697 2965; x_wconf 78' lang='grc' dir='ltr'>μεγάλοις</span> <span class='ocrx_word' id='word_1_439' title='bbox 3743 2898 4027 2966; x_wconf 74' lang='grc' dir='ltr'>τάγμασιν</span> 
     </span>
    </p>
   </div>
   <div class='ocr_carea' id='block_1_70' title="bbox 2432 2986 4025 3057">
    <p class='ocr_par' dir='ltr' id='par_1_70' title="bbox 2432 2986 4025 3057">
     <span class='ocr_line' id='line_1_70' title="bbox 2432 2986 4025 3057; baseline -0.001 -19"><span class='ocrx_word' id='word_1_440' title='bbox 2432 2987 2527 3039; x_wconf 72' lang='grc' dir='ltr'>καὶ</span> <span class='ocrx_word' id='word_1_441' title='bbox 2550 2986 2721 3039; x_wconf 72' lang='grc' dir='ltr'>διπλᾶ</span> <span class='ocrx_word' id='word_1_442' title='bbox 2752 2986 2919 3056; x_wconf 80' lang='grc' dir='ltr'>βάνδα</span> <span class='ocrx_word' id='word_1_443' title='bbox 2953 2987 3051 3039; x_wconf 77' lang='grc' dir='ltr'><strong>καὶ</strong></span> <span class='ocrx_word' id='word_1_444' title='bbox 3080 2987 3187 3057; x_wconf 84' lang='grc' dir='ltr'><strong>πρὸ</strong></span> <span class='ocrx_word' id='word_1_445' title='bbox 3206 2986 3301 3039; x_wconf 80' lang='grc' dir='ltr'>τοῦ</span> <span class='ocrx_word' id='word_1_446' title='bbox 3330 2986 3571 3056; x_wconf 87' lang='grc' dir='ltr'>πολέμου</span> <span class='ocrx_word' id='word_1_447' title='bbox 3594 3027 3608 3049; x_wconf 90' lang='grc'><strong>,</strong></span> <span class='ocrx_word' id='word_1_448' title='bbox 3636 2988 3699 3040; x_wconf 74' lang='grc' dir='ltr'><strong>τὸ</strong></span> <span class='ocrx_word' id='word_1_449' title='bbox 3731 2988 3832 3054; x_wconf 82' lang='grc' dir='ltr'>μὲν</span> <span class='ocrx_word' id='word_1_450' title='bbox 3852 2988 3913 3040; x_wconf 81' lang='grc' dir='ltr'>ἓν</span> <span class='ocrx_word' id='word_1_451' title='bbox 3934 2990 4025 3041; x_wconf 81' lang='grc' dir='ltr'><strong>τὸν</strong></span> 
     </span>
    </p>
   </div>
   <div class='ocr_carea' id='block_1_71' title="bbox 2434 3078 4026 3150">
    <p class='ocr_par' dir='ltr' id='par_1_71' title="bbox 2434 3078 4026 3150">
     <span class='ocr_line' id='line_1_71' title="bbox 2434 3078 4026 3150; baseline 0 -18"><span class='ocrx_word' id='word_1_452' title='bbox 2434 3079 2672 3150; x_wconf 77' lang='grc' dir='ltr'>ἄρχοντα</span> <span class='ocrx_word' id='word_1_453' title='bbox 2697 3079 2842 3149; x_wconf 79' lang='grc' dir='ltr'>ἔχειν</span> <span class='ocrx_word' id='word_1_454' title='bbox 2873 3078 2967 3132; x_wconf 78' lang='grc' dir='ltr'><strong>τοῦ</strong></span> <span class='ocrx_word' id='word_1_455' title='bbox 3017 3081 3320 3149; x_wconf 80' lang='grc' dir='ltr'>τάγματος,</span> <span class='ocrx_word' id='word_1_456' title='bbox 3349 3080 3408 3133; x_wconf 77' lang='grc' dir='ltr'>τὸ</span> <span class='ocrx_word' id='word_1_457' title='bbox 3435 3080 3491 3132; x_wconf 80' lang='grc' dir='ltr'>δὲ</span> <span class='ocrx_word' id='word_1_458' title='bbox 3519 3079 3645 3133; x_wconf 73' lang='grc' dir='ltr'>ἄλλο</span> <span class='ocrx_word' id='word_1_459' title='bbox 3671 3082 3762 3132; x_wconf 79' lang='grc' dir='ltr'><strong>τὸν</strong></span> <span class='ocrx_word' id='word_1_460' title='bbox 3804 3082 4026 3149; x_wconf 78' lang='grc' dir='ltr'>πρῶτον</span> 
     </span>
    </p>
   </div>
   <div class='ocr_carea' id='block_1_72' title="bbox 2434 3172 4025 3243">
    <p class='ocr_par' dir='ltr' id='par_1_72' title="bbox 2434 3172 4025 3243">
     <span class='ocr_line' id='line_1_72' title="bbox 2434 3172 4025 3243; baseline 0.001 -19"><span class='ocrx_word' id='word_1_461' title='bbox 2434 3172 2860 3242; x_wconf 79' lang='grc' dir='ltr'>ἑκατοντάρχην.</span> <span class='ocrx_word' id='word_1_462' title='bbox 2909 3172 2999 3225; x_wconf 84' lang='grc' dir='ltr'>Ἐν</span> <span class='ocrx_word' id='word_1_463' title='bbox 3031 3173 3087 3225; x_wconf 69' lang='grc' dir='ltr'>δὲ</span> <span class='ocrx_word' id='word_1_464' title='bbox 3117 3175 3183 3242; x_wconf 80' lang='grc' dir='ltr'>τῇ</span> <span class='ocrx_word' id='word_1_465' title='bbox 3220 3172 3407 3243; x_wconf 73' lang='grc' dir='ltr'>ἡμέρα</span> <span class='ocrx_word' id='word_1_466' title='bbox 3450 3172 3543 3225; x_wconf 76' lang='grc' dir='ltr'><strong>τοῦ</strong></span> <span class='ocrx_word' id='word_1_467' title='bbox 3576 3172 3816 3242; x_wconf 74' lang='grc' dir='ltr'>πολέμου</span> <span class='ocrx_word' id='word_1_468' title='bbox 3851 3175 3927 3241; x_wconf 77' lang='grc' dir='ltr'>μὴ</span> <span class='ocrx_word' id='word_1_469' title='bbox 3958 3175 4025 3226; x_wconf 71' lang='grc' dir='ltr'>τά</span> 
     </span>
    </p>
   </div>
   <div class='ocr_carea' id='block_1_73' title="bbox 2429 3262 4023 3336">
    <p class='ocr_par' dir='ltr' id='par_1_73' title="bbox 2429 3262 4023 3336">
     <span class='ocr_line' id='line_1_73' title="bbox 2429 3262 4023 3336; baseline -0.001 -19"><span class='ocrx_word' id='word_1_470' title='bbox 2429 3263 2523 3317; x_wconf 85' lang='grc' dir='ltr'><strong>δύο</strong></span> <span class='ocrx_word' id='word_1_471' title='bbox 2566 3263 2929 3334; x_wconf 75' lang='grc' dir='ltr'><strong>βαστάζεσθαι</strong></span> <span class='ocrx_word' id='word_1_472' title='bbox 2973 3266 3093 3335; x_wconf 67' lang='grc' dir='ltr'>ἦτοι</span> <span class='ocrx_word' id='word_1_473' title='bbox 3142 3263 3459 3336; x_wconf 72' lang='grc' dir='ltr'>ὀρθοῦσθαι,</span> <span class='ocrx_word' id='word_1_474' title='bbox 3495 3264 3632 3316; x_wconf 70' lang='grc' dir='ltr'>ἀλλὰ</span> <span class='ocrx_word' id='word_1_475' title='bbox 3666 3262 3729 3315; x_wconf 82' lang='grc' dir='ltr'><strong>τδ</strong></span> <span class='ocrx_word' id='word_1_476' title='bbox 3771 3262 3869 3315; x_wconf 76' lang='grc' dir='ltr'>τοῦ</span> <span class='ocrx_word' id='word_1_477' title='bbox 3919 3265 4023 3332; x_wconf 82' lang='grc' dir='ltr'>ἀρ-</span> 
     </span>
    </p>
   </div>
   <div class='ocr_carea' id='block_1_74' title="bbox 2432 3356 2830 3425">
    <p class='ocr_par' dir='ltr' id='par_1_74' title="bbox 2432 3356 2830 3425">
     <span class='ocr_line' id='line_1_74' title="bbox 2432 3356 2830 3425; baseline -0.003 -17"><span class='ocrx_word' id='word_1_478' title='bbox 2432 3371 2617 3425; x_wconf 86' lang='grc' dir='ltr'>χοντος</span> <span class='ocrx_word' id='word_1_479' title='bbox 2649 3356 2830 3424; x_wconf 80' lang='grc' dir='ltr'>μόνον.</span> 
     </span>
    </p>
   </div>
   <div class='ocr_carea' id='block_1_75' title="bbox 2508 3442 4022 3518">
    <p class='ocr_par' dir='ltr' id='par_1_75' title="bbox 2508 3442 4022 3518">
     <span class='ocr_line' id='line_1_75' title="bbox 2508 3442 4022 3518; baseline -0.001 -18"><span class='ocrx_word' id='word_1_480' title='bbox 2508 3454 2647 3517; x_wconf 84' lang='grc' dir='ltr'>ρκγ’.</span> <span class='ocrx_word' id='word_1_481' title='bbox 2684 3447 2807 3518; x_wconf 80' lang='grc' dir='ltr'>Χρὴ</span> <span class='ocrx_word' id='word_1_482' title='bbox 2835 3442 2928 3501; x_wconf 82' lang='grc' dir='ltr'>οὖν</span> <span class='ocrx_word' id='word_1_483' title='bbox 2952 3448 3047 3501; x_wconf 66' lang='grc' dir='ltr'><strong>καὶ</strong></span> <span class='ocrx_word' id='word_1_484' title='bbox 3086 3447 3145 3500; x_wconf 84' lang='lat' dir='ltr'><strong>tv</strong></span> <span class='ocrx_word' id='word_1_485' title='bbox 3177 3449 3244 3517; x_wconf 80' lang='grc' dir='ltr'>τῇ</span> <span class='ocrx_word' id='word_1_486' title='bbox 3276 3448 3461 3518; x_wconf 77' lang='grc' dir='ltr'>ἡμέρα</span> <span class='ocrx_word' id='word_1_487' title='bbox 3484 3447 3579 3500; x_wconf 79' lang='grc' dir='ltr'>τοῦ</span> <span class='ocrx_word' id='word_1_488' title='bbox 3605 3446 3847 3515; x_wconf 78' lang='grc' dir='ltr'>πολέμου</span> <span class='ocrx_word' id='word_1_489' title='bbox 3890 3447 4022 3499; x_wconf 84' lang='grc' dir='ltr'>’ἐκα-</span> 
     </span>
    </p>
   </div>
   <div class='ocr_carea' id='block_1_76' title="bbox 2430 3538 4023 3610">
    <p class='ocr_par' dir='ltr' id='par_1_76' title="bbox 2430 3538 4023 3610">
     <span class='ocr_line' id='line_1_76' title="bbox 2430 3538 4023 3610; baseline -0.001 -17"><span class='ocrx_word' id='word_1_490' title='bbox 2430 3557 2553 3593; x_wconf 92' lang='grc' dir='ltr'>στον</span> <span class='ocrx_word' id='word_1_491' title='bbox 2580 3538 2923 3610; x_wconf 83' lang='grc' dir='ltr'>στρατιώτην</span> <span class='ocrx_word' id='word_1_492' title='bbox 2958 3541 3017 3592; x_wconf 90' lang='lat' dir='ltr'><strong>tv</strong></span> <span class='ocrx_word' id='word_1_493' title='bbox 3046 3541 3167 3602; x_wconf 84' lang='grc' dir='ltr'>ταῖς</span> <span class='ocrx_word' id='word_1_494' title='bbox 3203 3539 3420 3602; x_wconf 81' lang='grc' dir='ltr'>σέλλαις</span> <span class='ocrx_word' id='word_1_495' title='bbox 3447 3538 3630 3592; x_wconf 81' lang='grc' dir='ltr'>αὐτῶν</span> <span class='ocrx_word' id='word_1_496' title='bbox 3657 3539 4023 3609; x_wconf 73' lang='grc' dir='ltr'>ἐπιφέρεσθαι</span> 
     </span>
    </p>
   </div>
   <div class='ocr_carea' id='block_1_77' title="bbox 2430 3631 4024 3701">
    <p class='ocr_par' dir='ltr' id='par_1_77' title="bbox 2430 3631 4024 3701">
     <span class='ocr_line' id='line_1_77' title="bbox 2430 3631 4024 3701; baseline 0.001 -17"><span class='ocrx_word' id='word_1_497' title='bbox 2430 3631 2574 3701; x_wconf 78' lang='grc' dir='ltr'>ὕδωρ</span> <span class='ocrx_word' id='word_1_498' title='bbox 2629 3633 2709 3693; x_wconf 84' lang='grc' dir='ltr'><strong>είς</strong></span> <span class='ocrx_word' id='word_1_499' title='bbox 2752 3631 2821 3684; x_wconf 83' lang='grc' dir='ltr'><strong>τὰ</strong></span> <span class='ocrx_word' id='word_1_500' title='bbox 2866 3631 3137 3701; x_wconf 83' lang='grc' dir='ltr'>λεγόμενα</span> <span class='ocrx_word' id='word_1_501' title='bbox 3177 3631 3442 3700; x_wconf 80' lang='grc' dir='ltr'>φλασκία,</span> <span class='ocrx_word' id='word_1_502' title='bbox 3472 3632 3564 3685; x_wconf 84' lang='grc' dir='ltr'><strong>καὶ</strong></span> <span class='ocrx_word' id='word_1_503' title='bbox 3615 3632 3938 3701; x_wconf 82' lang='grc' dir='ltr'>παξαμάτιν</span> <span class='ocrx_word' id='word_1_504' title='bbox 3964 3634 4024 3685; x_wconf 81' lang='grc' dir='ltr'>ὲν</span> 
     </span>
    </p>
   </div>
   <div class='ocr_carea' id='block_1_78' title="bbox 2426 3722 4021 3794">
    <p class='ocr_par' dir='ltr' id='par_1_78' title="bbox 2426 3722 4021 3794">
     <span class='ocr_line' id='line_1_78' title="bbox 2426 3722 4021 3794; baseline 0 -19"><span class='ocrx_word' id='word_1_505' title='bbox 2426 3724 2506 3794; x_wconf 85' lang='grc' dir='ltr'><strong>τῷ</strong></span> <span class='ocrx_word' id='word_1_506' title='bbox 2530 3722 2960 3791; x_wconf 84' lang='grc' dir='ltr'>σελλοπουγγίῳ,</span> <span class='ocrx_word' id='word_1_507' title='bbox 2992 3722 3090 3776; x_wconf 72' lang='grc' dir='ltr'><strong>καὶ</strong></span> <span class='ocrx_word' id='word_1_508' title='bbox 3107 3722 3339 3792; x_wconf 70' lang='grc' dir='ltr'>ἄλευρον</span> <span class='ocrx_word' id='word_1_509' title='bbox 3367 3723 3496 3792; x_wconf 87' lang='grc' dir='ltr'>μίαν</span> <span class='ocrx_word' id='word_1_510' title='bbox 3518 3723 3552 3792; x_wconf 80' lang='grc' dir='ltr'><strong>ἢ</strong></span> <span class='ocrx_word' id='word_1_511' title='bbox 3575 3723 3670 3774; x_wconf 76' lang='lat' dir='ltr'><strong>xa‘t</strong></span> <span class='ocrx_word' id='word_1_512' title='bbox 3691 3723 3788 3775; x_wconf 87' lang='grc' dir='ltr'><strong>δύο</strong></span> <span class='ocrx_word' id='word_1_513' title='bbox 3801 3724 4021 3794; x_wconf 82' lang='grc' dir='ltr'>λίτρας.</span> 
     </span>
    </p>
   </div>
   <div class='ocr_carea' id='block_1_79' title="bbox 2428 3813 4020 3885">
    <p class='ocr_par' dir='ltr' id='par_1_79' title="bbox 2428 3813 4020 3885">
     <span class='ocr_line' id='line_1_79' title="bbox 2428 3813 4020 3885; baseline 0 -18"><span class='ocrx_word' id='word_1_514' title='bbox 2428 3813 2568 3867; x_wconf 83' lang='grc' dir='ltr'>ὥστε</span> <span class='ocrx_word' id='word_1_515' title='bbox 2635 3815 2781 3884; x_wconf 75' lang='grc' dir='ltr'>ἔχειν</span> <span class='ocrx_word' id='word_1_516' title='bbox 2831 3816 2893 3867; x_wconf 90' lang='lat' dir='ltr'><strong>tv</strong></span> <span class='ocrx_word' id='word_1_517' title='bbox 2942 3814 3189 3884; x_wconf 80' lang='grc' dir='ltr'><strong>ἀνάγκης</strong></span> <span class='ocrx_word' id='word_1_518' title='bbox 3223 3813 3404 3885; x_wconf 78' lang='grc' dir='ltr'>καιρῷ</span> <span class='ocrx_word' id='word_1_519' title='bbox 3432 3815 3526 3867; x_wconf 83' lang='grc' dir='ltr'>καὶ</span> <span class='ocrx_word' id='word_1_520' title='bbox 3562 3815 3777 3877; x_wconf 78' lang='grc' dir='ltr'>ἑαυτοῖς</span> <span class='ocrx_word' id='word_1_521' title='bbox 3806 3816 3889 3877; x_wconf 85' lang='grc' dir='ltr'><strong>είς</strong></span> <span class='ocrx_word' id='word_1_522' title='bbox 3926 3818 4020 3867; x_wconf 83' lang='grc' dir='ltr'>εύ-</span> 
     </span>
    </p>
   </div>
   <div class='ocr_carea' id='block_1_80' title="bbox 2425 3905 4021 3977">
    <p class='ocr_par' dir='ltr' id='par_1_80' title="bbox 2425 3905 4021 3977">
     <span class='ocr_line' id='line_1_80' title="bbox 2425 3905 4021 3977; baseline -0.001 -18"><span class='ocrx_word' id='word_1_523' title='bbox 2425 3906 2627 3977; x_wconf 80' lang='grc' dir='ltr'>ψυχίαν</span> <span class='ocrx_word' id='word_1_524' title='bbox 2677 3908 2771 3961; x_wconf 73' lang='grc' dir='ltr'><strong>καὶ</strong></span> <span class='ocrx_word' id='word_1_525' title='bbox 2810 3905 3197 3975; x_wconf 78' lang='grc' dir='ltr'>παραμυθίαν,</span> <span class='ocrx_word' id='word_1_526' title='bbox 3234 3906 3333 3960; x_wconf 67' lang='grc' dir='ltr'><strong>καὶ</strong></span> <span class='ocrx_word' id='word_1_527' title='bbox 3361 3906 3595 3976; x_wconf 78' lang='grc' dir='ltr'>ἑτέροις,</span> <span class='ocrx_word' id='word_1_528' title='bbox 3630 3906 3705 3968; x_wconf 82' lang='grc' dir='ltr'><strong>ώς</strong></span> <span class='ocrx_word' id='word_1_529' title='bbox 3735 3907 3910 3973; x_wconf 73' lang='grc' dir='ltr'>εἰκίς,</span> <span class='ocrx_word' id='word_1_530' title='bbox 3940 3908 4021 3968; x_wconf 78' lang='grc' dir='ltr'>εἰς</span> 
     </span>
    </p>
   </div>
   <div class='ocr_carea' id='block_1_81' title="bbox 2428 3997 3334 4068">
    <p class='ocr_par' dir='ltr' id='par_1_81' title="bbox 2428 3997 3334 4068">
     <span class='ocr_line' id='line_1_81' title="bbox 2428 3997 3334 4068; baseline 0.003 -18"><span class='ocrx_word' id='word_1_531' title='bbox 2428 4000 2525 4067; x_wconf 76' lang='grc' dir='ltr'>τὴν</span> <span class='ocrx_word' id='word_1_532' title='bbox 2553 3998 2662 4051; x_wconf 78' lang='grc' dir='ltr'><strong>ἀπὸ</strong></span> <span class='ocrx_word' id='word_1_533' title='bbox 2691 3997 2983 4068; x_wconf 77' lang='grc' dir='ltr'>ὀλιγωρίας</span> <span class='ocrx_word' id='word_1_534' title='bbox 3012 3998 3334 4068; x_wconf 83' lang='grc' dir='ltr'>ἀνάκτησιν.</span> 
     </span>
    </p>
   </div>
   <div class='ocr_carea' id='block_1_82' title="bbox 2502 4086 4019 4160">
    <p class='ocr_par' dir='ltr' id='par_1_82' title="bbox 2502 4086 4019 4160">
     <span class='ocr_line' id='line_1_82' title="bbox 2502 4086 4019 4160; baseline 0.001 -18"><span class='ocrx_word' id='word_1_535' title='bbox 2502 4088 2633 4159; x_wconf 87' lang='grc' dir='ltr'>ρκδ¹.</span> <span class='ocrx_word' id='word_1_536' title='bbox 2683 4090 2772 4141; x_wconf 85' lang='grc' dir='ltr'>Ἐν</span> <span class='ocrx_word' id='word_1_537' title='bbox 2804 4090 2859 4142; x_wconf 77' lang='grc' dir='ltr'>δὲ</span> <span class='ocrx_word' id='word_1_538' title='bbox 2896 4088 3070 4160; x_wconf 79' lang='grc' dir='ltr'>καιρῷ</span> <span class='ocrx_word' id='word_1_539' title='bbox 3105 4092 3285 4159; x_wconf 81' lang='grc' dir='ltr'>μάχης</span> <span class='ocrx_word' id='word_1_540' title='bbox 3336 4089 3423 4141; x_wconf 75' lang='grc' dir='ltr'>ἵνα</span> <span class='ocrx_word' id='word_1_541' title='bbox 3455 4086 3801 4155; x_wconf 84' lang='grc' dir='ltr'>γινώσκωσιν</span> <span class='ocrx_word' id='word_1_542' title='bbox 3827 4089 3908 4141; x_wconf 82' lang='grc' dir='ltr'><strong>δτι</strong></span> <span class='ocrx_word' id='word_1_543' title='bbox 3956 4091 4019 4143; x_wconf 78' lang='grc' dir='ltr'><strong>οὗ</strong></span> 
     </span>
    </p>
   </div>
   <div class='ocr_carea' id='block_1_83' title="bbox 2424 4180 4018 4252">
    <p class='ocr_par' dir='ltr' id='par_1_83' title="bbox 2424 4180 4018 4252">
     <span class='ocr_line' id='line_1_83' title="bbox 2424 4180 4018 4252; baseline 0 -17"><span class='ocrx_word' id='word_1_544' title='bbox 2424 4182 2508 4235; x_wconf 84' lang='grc' dir='ltr'><strong>δεῖ</strong></span> <span class='ocrx_word' id='word_1_545' title='bbox 2560 4180 2899 4252; x_wconf 83' lang='grc' dir='ltr'>στρατιώτην</span> <span class='ocrx_word' id='word_1_546' title='bbox 2950 4182 3055 4252; x_wconf 84' lang='grc' dir='ltr'><strong>πρὸ</strong></span> <span class='ocrx_word' id='word_1_547' title='bbox 3118 4181 3219 4251; x_wconf 80' lang='grc' dir='ltr'><strong>τῆς</strong></span> <span class='ocrx_word' id='word_1_548' title='bbox 3277 4180 3559 4243; x_wconf 69' lang='grc' dir='ltr'>ὲκϐάσεως</span> <span class='ocrx_word' id='word_1_549' title='bbox 3616 4180 3714 4233; x_wconf 78' lang='grc' dir='ltr'>τοῦ</span> <span class='ocrx_word' id='word_1_550' title='bbox 3777 4181 4018 4251; x_wconf 77' lang='grc' dir='ltr'>πολέμου</span> 
     </span>
    </p>
   </div>
   <div class='ocr_carea' id='block_1_84' title="bbox 2429 4272 4019 4346">
    <p class='ocr_par' dir='ltr' id='par_1_84' title="bbox 2429 4272 4019 4346">
     <span class='ocr_line' id='line_1_84' title="bbox 2429 4272 4019 4346; baseline -0.001 -19"><span class='ocrx_word' id='word_1_551' title='bbox 2429 4274 2709 4327; x_wconf 81' lang='grc' dir='ltr'>σκυλεύειν</span> <span class='ocrx_word' id='word_1_552' title='bbox 2754 4274 2968 4346; x_wconf 69' lang='grc' dir='ltr'>ἐχθρὸν,</span> <span class='ocrx_word' id='word_1_553' title='bbox 3013 4272 3294 4327; x_wconf 71' lang='grc' dir='ltr'>καὶτοῦτο</span> <span class='ocrx_word' id='word_1_554' title='bbox 3344 4272 3604 4335; x_wconf 81' lang='grc' dir='ltr'>πολλάκις</span> <span class='ocrx_word' id='word_1_555' title='bbox 3664 4275 3852 4337; x_wconf 76' lang='grc' dir='ltr'>αὐτοῖς</span> <span class='ocrx_word' id='word_1_556' title='bbox 3884 4292 4019 4344; x_wconf 76' lang='grc' dir='ltr'>προ-</span> 
     </span>
    </p>
   </div>
   <div class='ocr_carea' id='block_1_85' title="bbox 2429 4367 2818 4437">
    <p class='ocr_par' dir='ltr' id='par_1_85' title="bbox 2429 4367 2818 4437">
     <span class='ocr_line' id='line_1_85' title="bbox 2429 4367 2818 4437; baseline 0.008 -19"><span class='ocrx_word' id='word_1_557' title='bbox 2429 4367 2818 4437; x_wconf 68' lang='grc' dir='ltr'>παραΠελεῖς.</span> 
     </span>
    </p>
   </div>
   <div class='ocr_carea' id='block_1_86' title="bbox 2499 4460 4021 4532">
    <p class='ocr_par' dir='ltr' id='par_1_86' title="bbox 2499 4460 4021 4532">
     <span class='ocr_line' id='line_1_86' title="bbox 2499 4460 4021 4532; baseline 0 -19"><span class='ocrx_word' id='word_1_558' title='bbox 2499 4468 2631 4532; x_wconf 88' lang='grc' dir='ltr'>ρκε’.</span> <span class='ocrx_word' id='word_1_559' title='bbox 2667 4462 2760 4525; x_wconf 82' lang='grc' dir='ltr'>Είς</span> <span class='ocrx_word' id='word_1_560' title='bbox 2795 4461 2852 4515; x_wconf 75' lang='grc' dir='ltr'>δὲ</span> <span class='ocrx_word' id='word_1_561' title='bbox 2884 4462 2981 4525; x_wconf 83' lang='grc' dir='ltr'>τὰς</span> <span class='ocrx_word' id='word_1_562' title='bbox 3024 4460 3340 4530; x_wconf 77' lang='grc' dir='ltr'>ὁδοιπορίας</span> <span class='ocrx_word' id='word_1_563' title='bbox 3397 4462 3473 4532; x_wconf 81' lang='grc' dir='ltr'>μὴ</span> <span class='ocrx_word' id='word_1_564' title='bbox 3510 4461 4021 4530; x_wconf 75' lang='grc' dir='ltr'>συγκαταμιγνύειν</span> 
     </span>
    </p>
   </div>
   <div class='ocr_carea' id='block_1_87' title="bbox 739 4539 2329 4622">
    <p class='ocr_par' dir='ltr' id='par_1_87' title="bbox 739 4539 2323 4609">
     <span class='ocr_line' id='line_1_87' title="bbox 739 4539 2323 4609; baseline 0.004 -18"><span class='ocrx_word' id='word_1_565' title='bbox 739 4556 863 4593; x_wconf 76' lang='lat' dir='ltr'><strong>eum</strong></span> <span class='ocrx_word' id='word_1_566' title='bbox 929 4539 1196 4595; x_wconf 89' lang='lat' dir='ltr'><strong>militibus</strong></span> <span class='ocrx_word' id='word_1_567' title='bbox 1254 4541 1694 4609; x_wconf 87' lang='lat' dir='ltr'><strong>permiscendum</strong></span> <span class='ocrx_word' id='word_1_568' title='bbox 1765 4557 1872 4596; x_wconf 77' lang='lat' dir='ltr'><strong>non</strong></span> <span class='ocrx_word' id='word_1_569' title='bbox 1901 4554 2005 4604; x_wconf 86' lang='lat' dir='ltr'><strong>est,</strong></span> <span class='ocrx_word' id='word_1_570' title='bbox 2074 4544 2323 4599; x_wconf 86' lang='lat' dir='ltr'><strong>hostibus</strong></span> 
     </span>
    </p>
   </div>
   <div class='ocr_carea' id='block_1_88' title="bbox 2433 4539 4020 4622">
    <p class='ocr_par' dir='ltr' id='par_1_88' title="bbox 2433 4551 4020 4622">
     <span class='ocr_line' id='line_1_88' title="bbox 2433 4551 4020 4622; baseline 0.001 -17"><span class='ocrx_word' id='word_1_571' title='bbox 2433 4551 2570 4622; x_wconf 84' lang='grc' dir='ltr'>μετὰ</span> <span class='ocrx_word' id='word_1_572' title='bbox 2629 4551 2723 4605; x_wconf 78' lang='grc' dir='ltr'><strong>τοῦ</strong></span> <span class='ocrx_word' id='word_1_573' title='bbox 2776 4551 2998 4605; x_wconf 80' lang='grc' dir='ltr'>τούλδου</span> <span class='ocrx_word' id='word_1_574' title='bbox 3043 4552 3170 4614; x_wconf 78' lang='grc' dir='ltr'>τοὺς</span> <span class='ocrx_word' id='word_1_575' title='bbox 3238 4552 3598 4622; x_wconf 84' lang='grc' dir='ltr'>στρατιώτας,</span> <span class='ocrx_word' id='word_1_576' title='bbox 3632 4553 3728 4605; x_wconf 77' lang='grc' dir='ltr'>καὶ</span> <span class='ocrx_word' id='word_1_577' title='bbox 3778 4553 4020 4621; x_wconf 77' lang='grc' dir='ltr'>μάλιστα</span> 
     </span>
    </p>
   </div>
   <div class='ocr_carea' id='block_1_89' title="bbox 738 4633 2322 4704">
    <p class='ocr_par' dir='ltr' id='par_1_89' title="bbox 738 4633 2322 4704">
     <span class='ocr_line' id='line_1_89' title="bbox 738 4633 2322 4704; baseline 0.003 -20"><span class='ocrx_word' id='word_1_578' title='bbox 738 4633 1042 4701; x_wconf 68' lang='lat' dir='ltr'><strong>praesertim</strong></span> <span class='ocrx_word' id='word_1_579' title='bbox 1105 4633 1536 4697; x_wconf 87' lang='lat' dir='ltr'><strong>imminentibus,</strong></span> <span class='ocrx_word' id='word_1_580' title='bbox 1573 4634 1667 4689; x_wconf 91' lang='lat' dir='ltr'><strong>sed</strong></span> <span class='ocrx_word' id='word_1_581' title='bbox 1700 4636 2017 4704; x_wconf 86' lang='lat' dir='ltr'><strong>separatim,</strong></span> <span class='ocrx_word' id='word_1_582' title='bbox 2056 4645 2107 4689; x_wconf 85' lang='lat' dir='ltr'><strong>et</strong></span> <span class='ocrx_word' id='word_1_583' title='bbox 2133 4637 2322 4690; x_wconf 85' lang='lat' dir='ltr'><strong>cohor-</strong></span> 
     </span>
    </p>
   </div>
   <div class='ocr_carea' id='block_1_90' title="bbox 739 4722 2316 4792">
    <p class='ocr_par' dir='ltr' id='par_1_90' title="bbox 739 4722 2316 4792">
     <span class='ocr_line' id='line_1_90' title="bbox 739 4722 2316 4792; baseline 0.001 -16"><span class='ocrx_word' id='word_1_584' title='bbox 739 4733 844 4777; x_wconf 89' lang='lat' dir='ltr'><strong>tem</strong></span> <span class='ocrx_word' id='word_1_585' title='bbox 892 4722 1130 4792; x_wconf 86' lang='lat' dir='ltr'><strong>aliquam</strong></span> <span class='ocrx_word' id='word_1_586' title='bbox 1181 4730 1303 4791; x_wconf 90' lang='lat' dir='ltr'><strong>post</strong></span> <span class='ocrx_word' id='word_1_587' title='bbox 1347 4722 1555 4777; x_wconf 92' lang='lat' dir='ltr'><strong>tuldum</strong></span> <span class='ocrx_word' id='word_1_588' title='bbox 1617 4734 1950 4792; x_wconf 88' lang='lat' dir='ltr'><strong>separatam,</strong></span> <span class='ocrx_word' id='word_1_589' title='bbox 2008 4733 2102 4776; x_wconf 92' lang='lat' dir='ltr'><strong>aut</strong></span> <span class='ocrx_word' id='word_1_590' title='bbox 2156 4726 2316 4777; x_wconf 90' lang='lat' dir='ltr'><strong>aliter</strong></span> 
     </span>
    </p>
   </div>
   <div class='ocr_carea' id='block_1_91' title="bbox 737 4814 2319 4885">
    <p class='ocr_par' dir='ltr' id='par_1_91' title="bbox 737 4814 2319 4885">
     <span class='ocr_line' id='line_1_91' title="bbox 737 4814 2319 4885; baseline 0 -16"><span class='ocrx_word' id='word_1_591' title='bbox 737 4815 925 4878; x_wconf 88' lang='lat' dir='ltr'><strong>etiam,</strong></span> <span class='ocrx_word' id='word_1_592' title='bbox 959 4816 1005 4870; x_wconf 83' lang='lat' dir='ltr'><strong>si</strong></span> <span class='ocrx_word' id='word_1_593' title='bbox 1037 4815 1260 4885; x_wconf 90' lang='lat' dir='ltr'><strong>quando</strong></span> <span class='ocrx_word' id='word_1_594' title='bbox 1283 4814 1333 4869; x_wconf 87' lang='lat' dir='ltr'><strong>id</strong></span> <span class='ocrx_word' id='word_1_595' title='bbox 1362 4830 1496 4870; x_wconf 91' lang='lat' dir='ltr'><strong>usus</strong></span> <span class='ocrx_word' id='word_1_596' title='bbox 1526 4814 1728 4885; x_wconf 82' lang='lat' dir='ltr'><strong>exigat,</strong></span> <span class='ocrx_word' id='word_1_597' title='bbox 1772 4814 2235 4885; x_wconf 87' lang='lat' dir='ltr'><strong>quemadmodum</strong></span> <span class='ocrx_word' id='word_1_598' title='bbox 2266 4815 2319 4869; x_wconf 92' lang='lat' dir='ltr'><strong>in</strong></span> 
     </span>
    </p>
   </div>
   <div class='ocr_carea' id='block_1_92' title="bbox 739 4906 2319 4975">
    <p class='ocr_par' dir='ltr' id='par_1_92' title="bbox 739 4906 2319 4975">
     <span class='ocr_line' id='line_1_92' title="bbox 739 4906 2319 4975; baseline 0.003 -16"><span class='ocrx_word' id='word_1_599' title='bbox 739 4907 917 4975; x_wconf 86' lang='lat' dir='ltr'><strong>capite</strong></span> <span class='ocrx_word' id='word_1_600' title='bbox 978 4906 1046 4960; x_wconf 87' lang='lat' dir='ltr'><strong>de</strong></span> <span class='ocrx_word' id='word_1_601' title='bbox 1073 4906 1224 4960; x_wconf 89' lang='lat' dir='ltr'><strong>tuldo</strong></span> <span class='ocrx_word' id='word_1_602' title='bbox 1282 4916 1443 4961; x_wconf 91' lang='lat' dir='ltr'><strong>antea</strong></span> <span class='ocrx_word' id='word_1_603' title='bbox 1503 4906 1837 4961; x_wconf 89' lang='lat' dir='ltr'><strong>mentionem</strong></span> <span class='ocrx_word' id='word_1_604' title='bbox 1909 4906 2319 4963; x_wconf 75' lang='lat' dir='ltr'><strong>fecimus.|laec</strong></span> 
     </span>
    </p>
   </div>
   <div class='ocr_carea' id='block_1_93' title="bbox 737 4997 2317 5068">
    <p class='ocr_par' dir='ltr' id='par_1_93' title="bbox 737 4997 2317 5068">
     <span class='ocr_line' id='line_1_93' title="bbox 737 4997 2317 5068; baseline 0.001 -16"><span class='ocrx_word' id='word_1_605' title='bbox 737 5014 860 5067; x_wconf 71' lang='lat' dir='ltr'><strong>qua:</strong></span> <span class='ocrx_word' id='word_1_606' title='bbox 879 5012 981 5053; x_wconf 90' lang='lat' dir='ltr'><strong>nos</strong></span> <span class='ocrx_word' id='word_1_607' title='bbox 1007 4997 1102 5051; x_wconf 86' lang='lat' dir='ltr'><strong>tibi</strong></span> <span class='ocrx_word' id='word_1_608' title='bbox 1127 4998 1494 5067; x_wconf 66' lang='lat' dir='ltr'><strong>praecipimus,</strong></span> <span class='ocrx_word' id='word_1_609' title='bbox 1519 5006 1574 5053; x_wconf 90' lang='lat' dir='ltr'><strong>tu</strong></span> <span class='ocrx_word' id='word_1_610' title='bbox 1608 4998 1801 5053; x_wconf 88' lang='lat' dir='ltr'><strong>iterum</strong></span> <span class='ocrx_word' id='word_1_611' title='bbox 1837 4999 2068 5068; x_wconf 86' lang='lat' dir='ltr'><strong>singulis</strong></span> <span class='ocrx_word' id='word_1_612' title='bbox 2098 5001 2317 5055; x_wconf 90' lang='lat' dir='ltr'><strong>comiti-</strong></span> 
     </span>
    </p>
   </div>
   <div class='ocr_carea' id='block_1_94' title="bbox 743 5090 2320 5163">
    <p class='ocr_par' dir='ltr' id='par_1_94' title="bbox 743 5090 2320 5163">
     <span class='ocr_line' id='line_1_94' title="bbox 743 5090 2320 5163; baseline 0.003 -21"><span class='ocrx_word' id='word_1_613' title='bbox 743 5090 1316 5160; x_wconf 72' lang='lat' dir='ltr'><strong>lius,et&#39;drungariis,</strong></span> <span class='ocrx_word' id='word_1_614' title='bbox 1378 5099 1432 5145; x_wconf 88' lang='lat' dir='ltr'><strong>et</strong></span> <span class='ocrx_word' id='word_1_615' title='bbox 1488 5093 1818 5147; x_wconf 69' lang='lat' dir='ltr'><strong>turmarcha:</strong></span> <span class='ocrx_word' id='word_1_616' title='bbox 1875 5092 2171 5163; x_wconf 86' lang='lat' dir='ltr'><strong>unicuique</strong></span> <span class='ocrx_word' id='word_1_617' title='bbox 2224 5108 2320 5147; x_wconf 93' lang='lat' dir='ltr'><strong>co-</strong></span> 
     </span>
    </p>
   </div>
   <div class='ocr_carea' id='block_1_95' title="bbox 648 5184 2319 5257">
    <p class='ocr_par' dir='ltr' id='par_1_95' title="bbox 648 5184 2319 5257">
     <span class='ocr_line' id='line_1_95' title="bbox 648 5184 2319 5257; baseline 0.001 -18"><span class='ocrx_word' id='word_1_618' title='bbox 648 5223 653 5229; x_wconf 78' lang='lat'><strong>.</strong></span> <span class='ocrx_word' id='word_1_619' title='bbox 744 5186 1055 5254; x_wconf 74' lang='lat' dir='ltr'><strong>gnoscenda</strong></span> <span class='ocrx_word' id='word_1_620' title='bbox 1108 5192 1163 5240; x_wconf 91' lang='lat' dir='ltr'><strong>et</strong></span> <span class='ocrx_word' id='word_1_621' title='bbox 1194 5184 1530 5241; x_wconf 79' lang='lat' dir='ltr'><strong>conﬁcienda</strong></span> <span class='ocrx_word' id='word_1_622' title='bbox 1554 5184 1733 5250; x_wconf 87' lang='lat' dir='ltr'><strong>dabis,</strong></span> <span class='ocrx_word' id='word_1_623' title='bbox 1775 5196 1941 5257; x_wconf 88' lang='lat' dir='ltr'><strong>atque</strong></span> <span class='ocrx_word' id='word_1_624' title='bbox 1975 5187 2138 5242; x_wconf 88' lang='lat' dir='ltr'><strong>etiam</strong></span> <span class='ocrx_word' id='word_1_625' title='bbox 2202 5186 2319 5257; x_wconf 80' lang='lat' dir='ltr'><strong>ipse</strong></span> 
     </span>
    </p>
   </div>
   <div class='ocr_carea' id='block_1_96' title="bbox 739 5275 2318 5349">
    <p class='ocr_par' dir='ltr' id='par_1_96' title="bbox 739 5275 2318 5349">
     <span class='ocr_line' id='line_1_96' title="bbox 739 5275 2318 5349; baseline 0 -17"><span class='ocrx_word' id='word_1_626' title='bbox 739 5284 1006 5348; x_wconf 84' lang='lat' dir='ltr'><strong>quantum</strong></span> <span class='ocrx_word' id='word_1_627' title='bbox 1026 5287 1182 5347; x_wconf 88' lang='lat' dir='ltr'><strong>potes</strong></span> <span class='ocrx_word' id='word_1_628' title='bbox 1205 5275 1273 5332; x_wconf 87' lang='lat' dir='ltr'><strong>ad</strong></span> <span class='ocrx_word' id='word_1_629' title='bbox 1306 5276 1495 5332; x_wconf 88' lang='lat' dir='ltr'><strong>eadem</strong></span> <span class='ocrx_word' id='word_1_630' title='bbox 1530 5292 1626 5333; x_wconf 88' lang='lat' dir='ltr'><strong>eos</strong></span> <span class='ocrx_word' id='word_1_631' title='bbox 1695 5278 2073 5335; x_wconf 78' lang='lat' dir='ltr'><strong>exhortaberis</strong></span> <span class='ocrx_word' id='word_1_632' title='bbox 2096 5288 2150 5334; x_wconf 89' lang='lat' dir='ltr'><strong>et</strong></span> <span class='ocrx_word' id='word_1_633' title='bbox 2179 5294 2318 5349; x_wconf 71' lang='lat' dir='ltr'><strong>prte-</strong></span> 
     </span>
    </p>
   </div>
   <div class='ocr_carea' id='block_1_97' title="bbox 740 5368 981 5439">
    <p class='ocr_par' dir='ltr' id='par_1_97' title="bbox 740 5368 981 5439">
     <span class='ocr_line' id='line_1_97' title="bbox 740 5368 981 5439; baseline 0.004 -17"><span class='ocrx_word' id='word_1_634' title='bbox 740 5368 981 5439; x_wconf 82' lang='lat' dir='ltr'><strong>parabis.</strong></span> 
     </span>
    </p>
   </div>
   <div class='ocr_carea' id='block_1_98' title="bbox 807 5459 2317 5534">
    <p class='ocr_par' dir='ltr' id='par_1_98' title="bbox 807 5459 2317 5534">
     <span class='ocr_line' id='line_1_98' title="bbox 807 5459 2317 5534; baseline 0.003 -18"><span class='ocrx_word' id='word_1_635' title='bbox 807 5462 933 5517; x_wconf 71' lang='lat'><strong>126.</strong></span> <span class='ocrx_word' id='word_1_636' title='bbox 960 5459 1264 5518; x_wconf 86' lang='lat' dir='ltr'><strong>Occasione</strong></span> <span class='ocrx_word' id='word_1_637' title='bbox 1289 5473 1452 5533; x_wconf 83' lang='lat' dir='ltr'><strong>atque</strong></span> <span class='ocrx_word' id='word_1_638' title='bbox 1485 5464 1894 5534; x_wconf 88' lang='lat' dir='ltr'><strong>opportunitate</strong></span> <span class='ocrx_word' id='word_1_639' title='bbox 1945 5463 1998 5518; x_wconf 92' lang='lat' dir='ltr'><strong>in</strong></span> <span class='ocrx_word' id='word_1_640' title='bbox 2034 5463 2177 5519; x_wconf 88' lang='lat' dir='ltr'><strong>bello</strong></span> <span class='ocrx_word' id='word_1_641' title='bbox 2202 5464 2317 5519; x_wconf 86' lang='lat' dir='ltr'><strong>ido-</strong></span> 
     </span>
    </p>
   </div>
   <div class='ocr_carea' id='block_1_99' title="bbox 741 5555 2316 5626">
    <p class='ocr_par' dir='ltr' id='par_1_99' title="bbox 741 5555 2316 5626">
     <span class='ocr_line' id='line_1_99' title="bbox 741 5555 2316 5626; baseline 0.003 -16"><span class='ocrx_word' id='word_1_642' title='bbox 741 5570 844 5611; x_wconf 90' lang='lat' dir='ltr'><strong>nee</strong></span> <span class='ocrx_word' id='word_1_643' title='bbox 906 5556 1102 5612; x_wconf 88' lang='lat' dir='ltr'><strong>utaris.</strong></span> <span class='ocrx_word' id='word_1_644' title='bbox 1161 5555 1407 5611; x_wconf 89' lang='lat' dir='ltr'><strong>Primum</strong></span> <span class='ocrx_word' id='word_1_645' title='bbox 1472 5569 1653 5612; x_wconf 81' lang='lat' dir='ltr'><strong>autem</strong></span> <span class='ocrx_word' id='word_1_646' title='bbox 1692 5558 1963 5626; x_wconf 89' lang='lat' dir='ltr'><strong>ejusmodi</strong></span> <span class='ocrx_word' id='word_1_647' title='bbox 1998 5558 2316 5614; x_wconf 87' lang='lat' dir='ltr'><strong>occasiones</strong></span> 
     </span>
    </p>
   </div>
   <div class='ocr_carea' id='block_1_100' title="bbox 741 5645 2313 5721">
    <p class='ocr_par' dir='ltr' id='par_1_100' title="bbox 741 5645 2313 5721">
     <span class='ocr_line' id='line_1_100' title="bbox 741 5645 2313 5721; baseline 0.004 -23"><span class='ocrx_word' id='word_1_648' title='bbox 741 5645 958 5713; x_wconf 71' lang='lat' dir='ltr'><strong>vitabis,</strong></span> <span class='ocrx_word' id='word_1_649' title='bbox 988 5663 1053 5703; x_wconf 78' lang='lat' dir='ltr'><strong>ex</strong></span> <span class='ocrx_word' id='word_1_650' title='bbox 1080 5647 1281 5718; x_wconf 89' lang='lat' dir='ltr'><strong>quibus</strong></span> <span class='ocrx_word' id='word_1_651' title='bbox 1341 5645 1671 5705; x_wconf 73' lang='lat' dir='ltr'><strong>offensiones</strong></span> <span class='ocrx_word' id='word_1_652' title='bbox 1716 5648 1840 5704; x_wconf 87' lang='lat' dir='ltr'><strong>belli</strong></span> <span class='ocrx_word' id='word_1_653' title='bbox 1886 5663 2009 5705; x_wconf 74' lang='lat' dir='ltr'><strong>esse</strong></span> <span class='ocrx_word' id='word_1_654' title='bbox 2063 5661 2313 5721; x_wconf 89' lang='lat' dir='ltr'><strong>possunt.</strong></span> 
     </span>
    </p>
   </div>
   <div class='ocr_carea' id='block_1_101' title="bbox 738 5737 2316 5799">
    <p class='ocr_par' dir='ltr' id='par_1_101' title="bbox 738 5737 2316 5799">
     <span class='ocr_line' id='line_1_101' title="bbox 738 5737 2316 5799; baseline 0.004 -8"><span class='ocrx_word' id='word_1_655' title='bbox 738 5737 937 5795; x_wconf 73' lang='lat' dir='ltr'><strong>Iisdem</strong></span> <span class='ocrx_word' id='word_1_656' title='bbox 987 5741 1179 5797; x_wconf 76' lang='lat' dir='ltr'><strong>deinde</strong></span> <span class='ocrx_word' id='word_1_657' title='bbox 1225 5751 1282 5796; x_wconf 92' lang='lat' dir='ltr'><strong>tu</strong></span> <span class='ocrx_word' id='word_1_658' title='bbox 1333 5741 1719 5799; x_wconf 82' lang='lat' dir='ltr'><strong>occasionibus</strong></span> <span class='ocrx_word' id='word_1_659' title='bbox 1771 5743 2038 5799; x_wconf 88' lang='lat' dir='ltr'><strong>adversus</strong></span> <span class='ocrx_word' id='word_1_660' title='bbox 2126 5744 2316 5798; x_wconf 79' lang='lat' dir='ltr'><strong>hostes</strong></span> 
     </span>
    </p>
   </div>
   <div class='ocr_carea' id='block_1_102' title="bbox 742 5833 935 5887">
    <p class='ocr_par' dir='ltr' id='par_1_102' title="bbox 742 5833 935 5887">
     <span class='ocr_line' id='line_1_102' title="bbox 742 5833 935 5887; baseline 0.021 -3"><span class='ocrx_word' id='word_1_661' title='bbox 742 5833 935 5887; x_wconf 82' lang='lat' dir='ltr'><strong>utaris.</strong></span> 
     </span>
    </p>
   </div>
   <div class='ocr_carea' id='block_1_103' title="bbox 2428 4642 4019 4715">
    <p class='ocr_par' dir='ltr' id='par_1_103' title="bbox 2428 4642 4019 4715">
     <span class='ocr_line' id='line_1_103' title="bbox 2428 4642 4019 4715; baseline -0.001 -18"><span class='ocrx_word' id='word_1_662' title='bbox 2428 4642 2639 4714; x_wconf 78' lang='grc' dir='ltr'>ἐχθρῶν</span> <span class='ocrx_word' id='word_1_663' title='bbox 2690 4643 3196 4715; x_wconf 87' lang='grc' dir='ltr'>προσδοκωμένων,</span> <span class='ocrx_word' id='word_1_664' title='bbox 3237 4643 3375 4697; x_wconf 84' lang='grc' dir='ltr'><strong>ἀλλά</strong></span> <span class='ocrx_word' id='word_1_665' title='bbox 3413 4643 3475 4696; x_wconf 76' lang='grc' dir='ltr'>τὸ</span> <span class='ocrx_word' id='word_1_666' title='bbox 3508 4644 3609 4713; x_wconf 84' lang='grc' dir='ltr'><strong>μὲν</strong></span> <span class='ocrx_word' id='word_1_667' title='bbox 3658 4642 3852 4712; x_wconf 85' lang='grc' dir='ltr'>βάνδον</span> <span class='ocrx_word' id='word_1_668' title='bbox 3916 4645 4019 4714; x_wconf 79' lang='grc' dir='ltr'><strong>ἒμ-</strong></span> 
     </span>
    </p>
   </div>
   <div class='ocr_carea' id='block_1_104' title="bbox 2425 4735 4008 4808">
    <p class='ocr_par' dir='ltr' id='par_1_104' title="bbox 2425 4735 4008 4808">
     <span class='ocr_line' id='line_1_104' title="bbox 2425 4735 4008 4808; baseline 0.002 -19"><span class='ocrx_word' id='word_1_669' title='bbox 2425 4736 2662 4808; x_wconf 89' lang='grc' dir='ltr'>προσθεν</span> <span class='ocrx_word' id='word_1_670' title='bbox 2700 4736 2866 4800; x_wconf 73' lang='grc' dir='ltr'>ἰδίως,</span> <span class='ocrx_word' id='word_1_671' title='bbox 2900 4737 2963 4789; x_wconf 79' lang='grc' dir='ltr'><strong>τὸ</strong></span> <span class='ocrx_word' id='word_1_672' title='bbox 2987 4737 3043 4789; x_wconf 77' lang='grc' dir='ltr'>δὲ</span> <span class='ocrx_word' id='word_1_673' title='bbox 3074 4736 3293 4790; x_wconf 80' lang='grc' dir='ltr'>τούλδον</span> <span class='ocrx_word' id='word_1_674' title='bbox 3330 4735 3557 4790; x_wconf 74' lang='grc' dir='ltr'>ὄπισθεν</span> <span class='ocrx_word' id='word_1_675' title='bbox 3602 4737 3635 4808; x_wconf 82' lang='grc' dir='ltr'>ἢ</span> <span class='ocrx_word' id='word_1_676' title='bbox 3688 4737 3785 4791; x_wconf 84' lang='grc' dir='ltr'><strong>καὶ</strong></span> <span class='ocrx_word' id='word_1_677' title='bbox 3842 4738 3921 4800; x_wconf 77' lang='grc' dir='ltr'>ὡς</span> <span class='ocrx_word' id='word_1_678' title='bbox 3975 4740 4008 4806; x_wconf 77' lang='grc' dir='ltr'>ἡ</span> 
     </span>
    </p>
   </div>
   <div class='ocr_carea' id='block_1_105' title="bbox 2422 4827 4013 4900">
    <p class='ocr_par' dir='ltr' id='par_1_105' title="bbox 2422 4827 4013 4900">
     <span class='ocr_line' id='line_1_105' title="bbox 2422 4827 4013 4900; baseline 0.001 -20"><span class='ocrx_word' id='word_1_679' title='bbox 2422 4828 2580 4900; x_wconf 81' lang='grc' dir='ltr'>χρεία</span> <span class='ocrx_word' id='word_1_680' title='bbox 2614 4828 2857 4891; x_wconf 80' lang='grc' dir='ltr'>καλέσοι,</span> <span class='ocrx_word' id='word_1_681' title='bbox 2890 4827 3073 4892; x_wconf 86' lang='grc' dir='ltr'>καθὼς</span> <span class='ocrx_word' id='word_1_682' title='bbox 3117 4829 3213 4882; x_wconf 79' lang='grc' dir='ltr'>καὶ</span> <span class='ocrx_word' id='word_1_683' title='bbox 3259 4829 3321 4881; x_wconf 84' lang='lat' dir='ltr'><strong>tv</strong></span> <span class='ocrx_word' id='word_1_684' title='bbox 3352 4828 3431 4898; x_wconf 86' lang='grc' dir='ltr'>τῷ</span> <span class='ocrx_word' id='word_1_685' title='bbox 3476 4828 3606 4899; x_wconf 80' lang='grc' dir='ltr'>περὶ</span> <span class='ocrx_word' id='word_1_686' title='bbox 3640 4827 3737 4881; x_wconf 80' lang='grc' dir='ltr'>τοῦ</span> <span class='ocrx_word' id='word_1_687' title='bbox 3788 4829 4013 4882; x_wconf 84' lang='grc' dir='ltr'>τούλδου</span> 
     </span>
    </p>
   </div>
   <div class='ocr_carea' id='block_1_106' title="bbox 2422 4920 4017 4991">
    <p class='ocr_par' dir='ltr' id='par_1_106' title="bbox 2422 4920 4017 4991">
     <span class='ocr_line' id='line_1_106' title="bbox 2422 4920 4017 4991; baseline 0.001 -18"><span class='ocrx_word' id='word_1_688' title='bbox 2422 4921 2554 4991; x_wconf 75' lang='grc' dir='ltr'>ἡμῖν</span> <span class='ocrx_word' id='word_1_689' title='bbox 2583 4920 2866 4989; x_wconf 82' lang='grc' dir='ltr'>κεφαλαίῳ</span> <span class='ocrx_word' id='word_1_690' title='bbox 2901 4920 3139 4990; x_wconf 78' lang='grc' dir='ltr'>εἴρηται.</span> <span class='ocrx_word' id='word_1_691' title='bbox 3191 4920 3379 4973; x_wconf 84' lang='grc' dir='ltr'>Ταῦτα</span> <span class='ocrx_word' id='word_1_692' title='bbox 3434 4922 3579 4989; x_wconf 84' lang='grc' dir='ltr'>ἆπερ</span> <span class='ocrx_word' id='word_1_693' title='bbox 3635 4937 3719 4974; x_wconf 91' lang='grc' dir='ltr'>σοι</span> <span class='ocrx_word' id='word_1_694' title='bbox 3763 4921 4017 4986; x_wconf 75' lang='grc' dir='ltr'>διεταξάο</span> 
     </span>
    </p>
   </div>
   <div class='ocr_carea' id='block_1_107' title="bbox 2426 5012 4004 5084">
    <p class='ocr_par' dir='ltr' id='par_1_107' title="bbox 2426 5012 4004 5084">
     <span class='ocr_line' id='line_1_107' title="bbox 2426 5012 4004 5084; baseline 0 -19"><span class='ocrx_word' id='word_1_695' title='bbox 2426 5012 2587 5083; x_wconf 88' lang='grc' dir='ltr'>μεθα,</span> <span class='ocrx_word' id='word_1_696' title='bbox 2642 5012 2737 5065; x_wconf 77' lang='grc' dir='ltr'><strong>καὶ</strong></span> <span class='ocrx_word' id='word_1_697' title='bbox 2791 5012 2954 5075; x_wconf 77' lang='grc' dir='ltr'>αὐτὸς</span> <span class='ocrx_word' id='word_1_698' title='bbox 3003 5012 3218 5081; x_wconf 79' lang='grc' dir='ltr'>ἑκάστῳ</span> <span class='ocrx_word' id='word_1_699' title='bbox 3243 5012 3446 5082; x_wconf 86' lang='grc' dir='ltr'>κόμητι</span> <span class='ocrx_word' id='word_1_700' title='bbox 3482 5014 3577 5067; x_wconf 71' lang='grc' dir='ltr'>καὶ</span> <span class='ocrx_word' id='word_1_701' title='bbox 3630 5013 4004 5084; x_wconf 81' lang='grc' dir='ltr'>δρουγγαρίῳ,</span> 
     </span>
    </p>
   </div>
   <div class='ocr_carea' id='block_1_108' title="bbox 2425 5102 4012 5177">
    <p class='ocr_par' dir='ltr' id='par_1_108' title="bbox 2425 5102 4012 5177">
     <span class='ocr_line' id='line_1_108' title="bbox 2425 5102 4012 5177; baseline -0.001 -18"><span class='ocrx_word' id='word_1_702' title='bbox 2425 5105 2564 5159; x_wconf 87' lang='grc' dir='ltr'><strong>ἀλλά</strong></span> <span class='ocrx_word' id='word_1_703' title='bbox 2618 5105 2715 5159; x_wconf 73' lang='grc' dir='ltr'>καὶ</span> <span class='ocrx_word' id='word_1_704' title='bbox 2744 5105 3068 5177; x_wconf 77' lang='grc' dir='ltr'>τουρμάρχῃ</span> <span class='ocrx_word' id='word_1_705' title='bbox 3124 5106 3268 5168; x_wconf 78' lang='grc' dir='ltr'>ἰδίως</span> <span class='ocrx_word' id='word_1_706' title='bbox 3317 5106 3411 5159; x_wconf 76' lang='grc' dir='ltr'><strong>καὶ</strong></span> <span class='ocrx_word' id='word_1_707' title='bbox 3461 5102 3869 5176; x_wconf 83' lang='grc' dir='ltr'>προγινώσκειν</span> <span class='ocrx_word' id='word_1_708' title='bbox 3917 5108 4012 5159; x_wconf 79' lang='grc' dir='ltr'><strong>καί</strong></span> 
     </span>
    </p>
   </div>
   <div class='ocr_carea' id='block_1_109' title="bbox 2422 5192 3843 5265">
    <p class='ocr_par' dir='ltr' id='par_1_109' title="bbox 2422 5192 3843 5265">
     <span class='ocr_line' id='line_1_109' title="bbox 2422 5192 3843 5265; baseline 0.001 -18"><span class='ocrx_word' id='word_1_709' title='bbox 2422 5193 2690 5249; x_wconf 74' lang='grc' dir='ltr'>ἐπιτελεῖν</span> <span class='ocrx_word' id='word_1_710' title='bbox 2717 5194 2814 5247; x_wconf 66' lang='grc' dir='ltr'>καὶ</span> <span class='ocrx_word' id='word_1_711' title='bbox 2846 5193 3217 5265; x_wconf 85' lang='grc' dir='ltr'>παραγγελεῖς</span> <span class='ocrx_word' id='word_1_712' title='bbox 3250 5195 3345 5249; x_wconf 78' lang='grc' dir='ltr'><strong>καὶ</strong></span> <span class='ocrx_word' id='word_1_713' title='bbox 3370 5192 3843 5265; x_wconf 78' lang='grc' dir='ltr'>παρασκευάσεις.</span> 
     </span>
    </p>
   </div>
   <div class='ocr_carea' id='block_1_110' title="bbox 2492 5455 4008 5537">
    <p class='ocr_par' dir='ltr' id='par_1_110' title="bbox 2492 5455 4008 5537">
     <span class='ocr_line' id='line_1_110' title="bbox 2492 5455 4008 5537; baseline -0.007 -15"><span class='ocrx_word' id='word_1_714' title='bbox 2492 5474 2642 5537; x_wconf 83' lang='grc' dir='ltr'>ρκς’.</span> <span class='ocrx_word' id='word_1_715' title='bbox 2701 5467 2792 5520; x_wconf 81' lang='grc' dir='ltr'><strong>Σοὶ</strong></span> <span class='ocrx_word' id='word_1_716' title='bbox 2844 5466 2901 5519; x_wconf 86' lang='grc' dir='ltr'><strong>δε</strong></span> <span class='ocrx_word' id='word_1_717' title='bbox 2940 5464 3253 5535; x_wconf 81' lang='grc' dir='ltr'>κελεύομεν,</span> <span class='ocrx_word' id='word_1_718' title='bbox 3278 5455 3325 5515; x_wconf 82' lang='grc' dir='ltr'><strong>ὧ</strong></span> <span class='ocrx_word' id='word_1_719' title='bbox 3378 5460 3673 5533; x_wconf 67' lang='grc' dir='ltr'>στρατηγέ,</span> <span class='ocrx_word' id='word_1_720' title='bbox 3725 5460 3873 5513; x_wconf 82' lang='grc' dir='ltr'>ὥστε</span> <span class='ocrx_word' id='word_1_721' title='bbox 3910 5460 4008 5531; x_wconf 60' lang='grc' dir='ltr'>ἀρα</span> 
     </span>
    </p>
   </div>
   <div class='ocr_carea' id='block_1_111' title="bbox 2422 5553 4007 5631">
    <p class='ocr_par' dir='ltr' id='par_1_111' title="bbox 2422 5553 4007 5631">
     <span class='ocr_line' id='line_1_111' title="bbox 2422 5553 4007 5631; baseline -0.007 -17"><span class='ocrx_word' id='word_1_722' title='bbox 2422 5560 2621 5631; x_wconf 88' lang='grc' dir='ltr'>μοδίως</span> <span class='ocrx_word' id='word_1_723' title='bbox 2671 5558 2971 5630; x_wconf 82' lang='grc' dir='ltr'>κεχρῆσθαι</span> <span class='ocrx_word' id='word_1_724' title='bbox 3020 5560 3133 5621; x_wconf 73' lang='grc' dir='ltr'>τοῖς</span> <span class='ocrx_word' id='word_1_725' title='bbox 3164 5558 3377 5627; x_wconf 87' lang='grc' dir='ltr'>καιροῖς</span> <span class='ocrx_word' id='word_1_726' title='bbox 3408 5556 3466 5608; x_wconf 91' lang='lat' dir='ltr'><strong>tv</strong></span> <span class='ocrx_word' id='word_1_727' title='bbox 3494 5555 3615 5616; x_wconf 82' lang='grc' dir='ltr'>ταῖς</span> <span class='ocrx_word' id='word_1_728' title='bbox 3650 5553 3881 5622; x_wconf 83' lang='grc' dir='ltr'>μάχαις,</span> <span class='ocrx_word' id='word_1_729' title='bbox 3913 5556 4007 5605; x_wconf 67' lang='grc' dir='ltr'>καὶ</span> 
     </span>
    </p>
   </div>
   <div class='ocr_carea' id='block_1_112' title="bbox 2421 5637 4006 5724">
    <p class='ocr_par' dir='ltr' id='par_1_112' title="bbox 2421 5637 4006 5724">
     <span class='ocr_line' id='line_1_112' title="bbox 2421 5637 4006 5724; baseline -0.005 -18"><span class='ocrx_word' id='word_1_730' title='bbox 2421 5652 2685 5724; x_wconf 85' lang='grc' dir='ltr'>πρότερον</span> <span class='ocrx_word' id='word_1_731' title='bbox 2720 5653 2819 5722; x_wconf 79' lang='grc' dir='ltr'>μὲν</span> <span class='ocrx_word' id='word_1_732' title='bbox 2869 5649 3231 5720; x_wconf 84' lang='grc' dir='ltr'>φυλάττεσθαί</span> <span class='ocrx_word' id='word_1_733' title='bbox 3284 5665 3343 5702; x_wconf 89' lang='grc' dir='ltr'><strong>σε</strong></span> <span class='ocrx_word' id='word_1_734' title='bbox 3386 5647 3486 5709; x_wconf 88' lang='grc' dir='ltr'><strong>τάς</strong></span> <span class='ocrx_word' id='word_1_735' title='bbox 3540 5644 3797 5716; x_wconf 79' lang='grc' dir='ltr'>ἀφορμὰς</span> <span class='ocrx_word' id='word_1_736' title='bbox 3826 5645 3896 5698; x_wconf 82' lang='grc' dir='ltr'>δι’</span> <span class='ocrx_word' id='word_1_737' title='bbox 3930 5637 4006 5698; x_wconf 77' lang='grc' dir='ltr'>ὧν</span> 
     </span>
    </p>
   </div>
   <div class='ocr_carea' id='block_1_113' title="bbox 2420 5736 4004 5811">
    <p class='ocr_par' dir='ltr' id='par_1_113' title="bbox 2420 5736 4004 5811">
     <span class='ocr_line' id='line_1_113' title="bbox 2420 5736 4004 5811; baseline -0.005 -14"><span class='ocrx_word' id='word_1_738' title='bbox 2420 5743 2477 5797; x_wconf 78' lang='lat' dir='ltr'><strong>ai</strong></span> <span class='ocrx_word' id='word_1_739' title='bbox 2514 5740 2710 5811; x_wconf 76' lang='grc' dir='ltr'>βλάδαι</span> <span class='ocrx_word' id='word_1_740' title='bbox 2740 5742 2890 5811; x_wconf 79' lang='grc' dir='ltr'>παρὰ</span> <span class='ocrx_word' id='word_1_741' title='bbox 2936 5741 3046 5795; x_wconf 80' lang='grc' dir='ltr'>τῶν</span> <span class='ocrx_word' id='word_1_742' title='bbox 3075 5739 3287 5811; x_wconf 74' lang='grc' dir='ltr'>ἐχθρῶν</span> <span class='ocrx_word' id='word_1_743' title='bbox 3334 5737 3693 5807; x_wconf 77' lang='grc' dir='ltr'>συμϐαίνουσι</span> <span class='ocrx_word' id='word_1_744' title='bbox 3727 5736 4004 5802; x_wconf 80' lang='grc' dir='ltr'>γίνεσθαι,</span> 
     </span>
    </p>
   </div>
   <div class='ocr_carea' id='block_1_114' title="bbox 2435 5825 4005 5899">
    <p class='ocr_par' dir='ltr' id='par_1_114' title="bbox 2435 5825 4005 5899">
     <span class='ocr_line' id='line_1_114' title="bbox 2435 5825 4005 5899; baseline -0.006 -14"><span class='ocrx_word' id='word_1_745' title='bbox 2435 5832 2530 5885; x_wconf 79' lang='grc' dir='ltr'>καὶ</span> <span class='ocrx_word' id='word_1_746' title='bbox 2561 5832 2683 5884; x_wconf 83' lang='grc' dir='ltr'>τότε</span> <span class='ocrx_word' id='word_1_747' title='bbox 2718 5831 2807 5884; x_wconf 77' lang='grc' dir='ltr'>διὰ</span> <span class='ocrx_word' id='word_1_748' title='bbox 2847 5831 2957 5884; x_wconf 85' lang='grc' dir='ltr'>τῶν</span> <span class='ocrx_word' id='word_1_749' title='bbox 2992 5831 3252 5885; x_wconf 89' lang='grc' dir='ltr'>τοιούτων</span> <span class='ocrx_word' id='word_1_750' title='bbox 3282 5827 3550 5899; x_wconf 83' lang='grc' dir='ltr'>ἀφορμῶν</span> <span class='ocrx_word' id='word_1_751' title='bbox 3594 5827 3733 5880; x_wconf 75' lang='grc' dir='ltr'><strong>κατά</strong></span> <span class='ocrx_word' id='word_1_752' title='bbox 3769 5825 3884 5879; x_wconf 83' lang='grc' dir='ltr'>τῶν</span> <span class='ocrx_word' id='word_1_753' title='bbox 3914 5827 4005 5896; x_wconf 73' lang='grc' dir='ltr'><strong>ἑχ-</strong></span> 
     </span>
    </p>
   </div>
   <div class='ocr_carea' id='block_1_115' title="bbox 2426 5925 2878 5997">
    <p class='ocr_par' dir='ltr' id='par_1_115' title="bbox 2426 5925 2878 5997">
     <span class='ocr_line' id='line_1_115' title="bbox 2426 5925 2878 5997; baseline -0.002 -18"><span class='ocrx_word' id='word_1_754' title='bbox 2426 5925 2570 5997; x_wconf 86' lang='grc' dir='ltr'>θρῶν</span> <span class='ocrx_word' id='word_1_755' title='bbox 2595 5927 2878 5995; x_wconf 75' lang='grc' dir='ltr'>ἐγχειρεῖν.</span> 
     </span>
    </p>
   </div>
  </div>
