4176 6442
156 429 254 493 8&1

1188 425 1526 484 TACTICA.
1570 446 1635 458 —
1665 417 2172 479 CONSTI'TUTIO
2213 416 2353 477 XII.

3320 413 3424 478 842

230 535 370 606 ρκς.
427 533 537 586 Καὶ
587 530 696 603 πρὸ
733 532 953 586 πάντων
999 530 1117 584 δέον
1175 548 1234 584 σε
1297 531 1397 593 τὰς
1446 530 1597 598 παρά
1626 527 1736 580 τῶν

1914 524 2036 578 127.
2092 526 2230 580 Ante
2285 524 2468 579 omnia
2503 523 2572 578 ab
2603 522 2854 578 hostibus
2907 520 3126 576 molitas
3181 536 3244 576 ac
3275 535 3429 577 stru~

158 631 422 684 ἐναντίων
455 626 842 697 μελετωμένας
886 624 1108 695 ἐνέδρας
1145 623 1375 692 έρευνᾷν
1406 621 1494 674 διὰ
1541 619 1743 688 βιγλῶν

159 721 387 775 πυκνῶν
419 718 563 772 κατά
593 718 706 771 τῶν
751 717 1039 787 τεσσάρων
1078 715 1261 785 μερῶν
1288 713 1384 769 τοῦ
1412 712 1578 765 τόπου
1615 711 1746 765 ἔνθα

159 813 191 879 ἡ
224 809 532 881 παράταξις
577 810 809 877 γίνεται.
841 809 937 861 ttat
990 805 1295 877 ἀπέχεσθαι
1351 804 1461 882 τῶν
1493 803 1744 857 ἀτάκτων

157 904 252 956 καὶ
277 902 726 972 ἐσκορπισμένων
753 900 1007 966 διώξεων.

231 1005 374 1066 ρκη’.
437 997 736 1065 Προπετεῖς
778 994 1124 1064 έγχειρήσεις
1169 990 1258 1046 διὰ
1302 989 1531 1045 σεαυτοῦ
1572 989 1746 1042 ποιεῖν

156 1090 260 1143 οὐκ
316 1087 686 1158 ὲπιτρέπομέν
721 1105 823 1153 σοι,
879 1087 1014 1141 ἀλλὰ
1058 1084 1148 1140 διὰ
1193 1085 1302 1140 τῶν
1350 1083 1624 1154 ἁρμοδίως)
1654 1081 1750 1149 ἀρ-

155 1183 367 1252 χόντων
390 1183 562 1235 ταῦτα
584 1180 850 1248 γίνεσθαι.
892 1180 1020 1232 Ἐὰν
1058 1179 1158 1248 μὲν
1186 1177 1296 1246 γὰρ
1331 1177 1394 1227 ὲκ
1427 1175 1536 1228 τῶν
1572 1174 1745 1229 ἄλλων

155 1273 446 1341 ἀρχόντων
507 1270 868 1340 παράπτωμα
917 1269 950 1338 ἢ
1005 1267 1234 1337 ἀστοχία
1284 1266 1532 1334 γένηται,
1598 1263 1793 1331 ἐστιν,

155 1362 319 1426 ιλπὶς
369 1364 634 1431 σύντομος
685 1359 1143 1432 ἐπανορθώσεως·
1179 1359 1228 1410 εἰ
1256 1358 1312 1411 δὲ
1339 1360 1366 1411 ὁ
1395 1357 1612 1428 πρῶτος
1650 1354 1744 1407 τοῦ

157 1455 400 1526 στρατοῦ
441 1455 672 1525 πταίσῃ,
731 1453 1000 1524 ἀναρχίας
1033 1452 1306 1524 πρόφασις
1331 1453 1364 1521 ή
1403 1449 1595 1504 τούτου
1625 1448 1744 1501 διάο

157 1561 372 1607 πτῶσις
395 1543 626 1612 γίνεται.

231 1638 375 1706 ρκθ’.
430 1637 598 1704 »πρὸς
629 1636 687 1689 δὲ
729 1633 1035 1706 στρατηγὸς
1083 1631 1177 1685 καὶ
1207 1633 1428 1703 ἀριστος
1459 1632 1489 1685 ὁ
1514 1630 1618 1702 πρὸ
1649 1628 1743 1682 τοῦ

147 1748 216 1782 πο
233 1729 406 1797 λέμου
445 1728 513 1780 τὰ
556 1730 664 1781 τῶν
695 1729 906 1797 ἐχθρῶν
945 1723 1414 1794 πολυπραγμονῶν
1467 1724 1559 1774 καὶ
1609 1722 1746 1791 πρὸς

150 1822 258 1885 μὲν
294 1822 364 1873 τά
403 1821 857 1892 πλεονεκτήματα
914 1818 1094 1872 αὐτῶν
1150 1816 1573 1886 φυλαττόμενος,
1611 1815 1746 1884 πρὸς

1849 627 1964 671 clas
1991 617 2219 672 insidias
2255 617 2505 686 explores
2534 629 2631 685 per
2663 615 2930 669 excubias
2951 623 3187 683 quatuor
3216 613 3272 668 in
3299 628 3428 683 par-

1850 710 1997 766 tibus
2054 709 2191 764 aciei
2223 710 2538 764 collocatas.
2582 709 2666 761 Ab
2692 706 2843 761 omni
2871 715 3052 761 autem
3085 704 3314 763 confusa
3373 716 3430 760 et

1849 802 2118 873 dissipata
2146 802 2504 858 insectatione
2538 800 2780 856 hostium
2816 797 3202 856 abstinendum
3233 800 3288 856 in
3311 799 3429 870 prie-

1850 895 1954 950 ntis
1990 904 2092 950 est.

1923 989 2046 1045 128.
2087 987 2418 1044 Temeraria:
2481 998 2645 1058 atque
2689 987 2927 1044 audaces
2962 1001 3145 1042 rerum
3197 1001 3424 1056 aggres-

1850 1083 2034 1137 siones
2067 1084 2163 1137 abs
2189 1094 2240 1137 te
2269 1082 2493 1137 minime
2519 1081 2878 1150 suscipiendae
2908 1088 3058 1144 sunt,
3084 1079 3178 1135 sed
3202 1079 3270 1133 ab
3300 1079 3422 1133 aliis

1849 1175 2178 1242 quibusdam
2215 1175 2422 1230 idoneis
2448 1173 2741 1244 praefectis.
2776 1170 2834 1225 Si
2861 1173 3008 1226 enim
3042 1172 3228 1241 aliqua
3253 1169 3426 1224 oﬂ'en-

1851 1268 1933 1322 sio
2002 1276 2096 1323 aut
2145 1268 2330 1339 gravis
2380 1283 2544 1322 casus
2584 1267 2691 1322 illis
2734 1263 3036 1334 contingat,
3092 1264 3277 1334 aliqua
3305 1277 3432 1332 spes

1848 1363 2070 1431 cstejus
2117 1361 2430 1425 reﬁciendi;
2467 1361 2550 1412 sin
2583 1359 2914 1429 praecipuus,
2947 1366 3001 1411 et
3053 1356 3432 1412 nobilissimus

1852 1453 1904 1505 in
1941 1452 2183 1506 exercitu
2221 1451 2424 1520 aliquid
2482 1452 2793 1520 huiusmodi
2819 1457 3122 1520 pateretur,
3156 1446 3430 1518 ejusmodi

1850 1543 2081 1598 oﬂensio
2115 1560 2341 1614 magnas
2365 1544 2807 1613 perturbationes
2838 1543 3142 1598 inveheret.

1922 1635 2042 1689 1:29.
2098 1635 2344 1690 Prudens
2368 1648 2422 1690 ct
2471 1636 2906 1704 circumspectus
2957 1637 3256 1703 imperator
3309 1643 3436 1689 ante

1851 1727 2053 1781 bellum
2074 1729 2127 1782 in
2165 1743 2250 1783 rcs
2284 1720 2524 1783 ho'stium
2555 1727 2843 1798 diligenter
2874 1727 3191 1791 intuebitur,
3216 1735 3265 1782 et
3299 1741 3438 1797 prte~

1851 1819 1989 1874 sidia
2025 1820 2227 1890 quibus
2263 1821 2509 1874 abundat
2558 1821 2750 1875 sedulo
2779 1819 2992 1881 vitabit,
3053 1817 3304 1874 defectus
3339 1834 3435 1872 at:-

147 1913 207 1960 ὀε
257 1913 330 1964 τὰ
363 1912 724 1981 ὑστερήματα
756 1909 1204 1979 ἐπιϐαλλόμενος,
1237 1902 1348 1961 οἷον
1376 1908 1452 1970 ὡς
1487 1909 1544 1959 ὲν
1577 1923 1748 1975 κεφα-

1858 1921 1960 1964 tcm
2003 1927 2133 1965 suos
2183 1920 2450 1980 quantum
2475 1918 2657 1981 potest
2693 1911 2912 1965 vexabit
2943 1928 2955 1966 :
2991 1921 3048 1964 ut
3081 1910 3234 1964 verbi
3266 1926 3435 1965 causa

156 2003 301 2073 λαίῳ
335 2006 533 2066 εἰπεῖν,
575 2004 717 2075 ὑπὲρ
751 2003 811 2056 σὲ
862 2002 1262 2072 καϐαλλαρίους
1316 2000 1427 2070 ἔχει
1481 2003 1509 2053 ό
1561 1997 1752 2067 ἐχθρὸς

156 2096 441 2160 πλείονας,
478 2096 596 2148 δέον
629 2113 689 2148 σε
717 2094 817 2158 τὰς
851 2095 1050 2163 βοσκὰς
1073 2093 1358 2163 ἀφανίζειν
1416 2093 1505 2146 διὰ
1537 2093 1597 2143 τὸ
1627 2092 1752 2152 τοὺς

157 2189 366 2250 ἵππους
405 2189 653 2256 δαπάνης
681 2188 949 2257 ὑστερεῖν·
985 2188 1081 2240 ἐὰν
1114 2186 1172 2240 δὲ
1200 2189 1278 2248 είς
1304 2185 1507 2254 πλῆθος
1543 2182 1754 2252 ἀνδρῶν

159 2281 486 2351 πλεονεκτῇ,
516 2282 614 2344 τὰς
667 2281 860 2333 τούτου
887 2280 1136 2343 δαπάνας
1171 2279 1516 2350 περίστελλε,
1549 2275 1749 2347 ῆάφά-

159 2375 308 2437 νιζε.

235 2467 338 2536 ρλ’.
393 2466 519 2520 Ἐάν
548 2466 608 2519 δὲ
638 2466 748 2519 ἀπὸ
775 2464 1050 2535 διαφόρων
1073 2464 1244 2520 ἐθνῶν
1270 2463 1621 2533 συνέστηκεν,
1652 2466 1754 2519 δώ-

162 2576 284 2631 ροις
311 2558 410 2615 καὶ
434 2558 769 2631 χαρίσμασιν
801 2560 897 2613 καὶ
921 2557 1277 2629 ἐπαγγελίαις
1310 2557 1603 2615 ὑπονόθευε
1624 2562 1753 2627 τοὺς

161 2653 265 2706 σὺν
284 2651 454 2722 αύτῷ.

239 2741 384 2813 ρλαθ.
432 2742 559 2795 Ἐὰν
617 2743 675 2796 δὲ
734 2743 913 2816 μάθῃς
962 2745 1042 2797 ὅτι
1091 2744 1342 2808 ἐναντίας
1387 2745 1487 2810 τὰς
1527 2746 1753 2815 γνώμας

164 2836 306 2905 πρὸς
337 2835 574 2908 ἀλλήλας
597 2837 812 2907 ἔχουσιν
843 2839 891 2891 οἱ
910 2837 1116 2908 ἐχθροὶ,
1147 2839 1271 2899 τοὺς
1296 2839 1546 2909 πρώτους
1573 2843 1752 2896 αὐτῶν

166 2929 581 2999 μεταχειρίζου.

238 3022 379 3091 ρλβ’.
415 3022 738 3092 Κονταρίοις
785 3024 1015 3093 μάχεται
1066 3024 1128 3077 τὸ
1177 3023 1365 3092 έθνος;
1412 3027 1491 3090 είς
1542 3025 1750 3096 δυσχω-

165 3114 294 3184 ρίας
318 3117 452 3168 αὐτὸ
485 3116 804 3186 προσκαλοῦ
840 3118 933 3169 ἐπὶ
966 3119 1168 3187 μάχην.

241 3202 387 3272 ρλγ’.
436 3206 564 3258 Ἐάν
595 3206 653 3259 δὲ
703 3206 915 3272 τοξόται
949 3209 1108 3272 εἰσὶν,
1144 3209 1224 3270 εἰς
1258 3209 1514 3278 κάμπους
1547 3211 1746 3263 τάσσε-

165 3293 297 3346 σθαι
321 3295 542 3360 αὐτοὺς,
578 3296 669 3348 καὶ
700 3297 798 3366 τὴν
830 3298 893 3349 ἐκ
924 3297 1104 3366 χειρὸς
1138 3299 1319 3368 μάχην
1349 3302 1642 3354 ποιεῖσθαι.

239 3477 376 3548 ρλᾶ.
420 3476 546 3530 Ἐἀν
600 3476 658 3528 δὲ
709 3476 1036 3544 ἀφυλάκτως
1082 3477 1546 3548 ὁδοιποροῦσιν,ἢ
1593 3479 1753 3532 ἀπλι-

163 3570 425 3622 νεύουσιν
454 3570 512 3621 ὲν
547 3569 760 3639 νυκτὶῆ
792 3571 849 3621 ἐν
878 3570 1084 3641 ἡμέρᾳ,
1121 3569 1329 3634 τούτοις
1360 3571 1638 3643 ἀδοκήτως
1668 3573 1754 3625 έν-

161 3663 377 3733 έδρευε.

240 3756 374 3825 ρλέ.
427 3755 552 3809 Ἐὰν
590 3755 651 3808 δὲ
690 3756 938 3826 θρασέως
985 3755 1080 3809 καὶ
1123 3755 1377 3820 ἀτάκτως
1423 3757 1523 3819 τάς
1575 3757 1756 3828 μάχας

162 3849 472 3913 ποιοῦνται,
509 3850 604 3903 καὶ
643 3848 738 3902 τοῦ
779 3849 1114 3903 κακοπαθεῖν
1164 3849 1382 3920 ἄπειροί
1437 3849 1595 3913 εἰσιν,
1626 3867 1759 3921 σχη-

168 3943 402 4012 ματίζου
450 3943 548 4010 μὲν
586 3943 784 4005 αὐτοὺς
827 3944 902 4006 ώς
936 3943 1074 4012 πρὸς
1123 3941 1420 4012 συμϐολὴν,
1456 3943 1757 3998 ἀναϐάλλου

163 4035 222 4089 δὲ
248 4039 347 4089 καὶ
382 4038 672 4107 παράσυρε
714 4036 908 4106 μέχρις
957 4029 1019 4090 οὗ
1071 4037 1132 4090 τὸ
1166 4037 1286 4101 ζέον
1313 4037 1408 4092 τοῦ
1445 4037 1620 4107 θυμοῦ
1673 4039 1760 4092 ἐν-

164 4128 352 4193 δώσει,
387 4131 482 4182 καὶ
539 4130 670 4182 ὅταν
731 4129 1134 4200 ἀποκινήσωσι,
1170 4130 1293 4184 τότε
1325 4130 1428 4202 τὴν
1483 4130 1760 4202 συμϐολὴν

167 4225 288 4277 κατ’
315 4223 497 4276 αὐτῶν
527 4224 775 4292 ποίησον.

242 4316 392 4384 ρλςκ
435 4313 562 4367 Ἐὰν
600 4313 660 4366 δὲ
706 4313 766 4366 έν
818 4313 1014 4384 πλήθει
1071 4313 1255 4379 πεζῶν
1307 4315 1636 4388 προτερεύῃ,
1675 4317 1756 4380 είς

166 4407 412 4477 ὁμαλοὺς
441 4405 640 4467 τόπους
671 4405 894 4468 τούτους
926 4406 1238 4475 προτρέπου
1257 4424 1274 4441 ο
1309 4408 1403 4460 καὶ
1455 4409 1532 4478 μή
1564 4407 1760 4476 σύνεγ-

166 4519 294 4568 γυς,
329 4498 468 4552 ἀλλά
517 4498 757 4568 μήκοθεν
812 4496 882 4552 δι’
909 4497 1177 4551 ἀκοντίων
1210 4498 1308 4562 τάς
1355 4499 1534 4569 μάχας
1589 4503 1761 4554 ποιεῖ-

167 4593 314 4648 σθαι.

240 4684 373 4753 ρλξ’.
416 4681 497 4735 Τά
524 4680 634 4751 γὰρ
660 4679 769 4734 τῶν
799 4678 1072 4748 πολεμίων
1098 4679 1381 4748 κυνηγίοις
1401 4681 1541 4733 είσὶν
1573 4681 1757 4751 ὅμοιαο

166 4778 364 4846 ῶσπερ
393 4775 502 4844 γὰρ
531 4776 647 4827 ἐκεῖ
685 4773 774 4826 διά
806 4771 1172 4825 κατασκόπων
1223 4773 1320 4824 καὶ
1352 4775 1760 4844 ὲγκρυμμὰτων

169 4869 267 4922 καὶ
299 4867 796 4929 κατακυκλώσεων,
827 4866 921 4918 καὶ
951 4863 1208 4917 τοιούτων
1240 4865 1590 4932 σοφισμάτων
1621 4867 1762 4935 μᾶλ-

169 4963 261 5013 λον
291 4959 326 5030 ἢ
363 4957 592 5025 δυνάμει
621 4957 653 5025 ἡ
679 4955 887 5008 τούτων
922 4955 1067 5024 θήρα
1090 4954 1324 5022 γίνεται.
1366 4954 1540 5018 οὕτως
1561 4957 1642 5008 δεῖ
1667 4959 1762 5010 καὶ

170 5053 266 5104 tat
309 5051 421 5103 τῶν
460 5048 736 5118 πολεμίων
781 5047 1141 5118 ἁρμόζεσθαι,
1173 5047 1283 5100 είτε
1315 5047 1453 5116 πρὸς
1485 5048 1760 5115 πλείονας,

171 5144 282 5196 εἴτε
311 5141 451 5211 πρὸς
480 5140 694 5206 ὀλίγους
725 5139 988 5206 γίνονται.

246 5233 389 5303 ρλη’.
425 5231 498 5282 Τὸ
540 5233 651 5298 γάρ
702 5228 952 5298 φανερῶς
985 5228 1078 5280 καὶ
1123 5225 1266 5296 χειρὶ
1293 5225 1360 5278 δι’
1390 5226 1566 5296 ὅψεως
1599 5227 1760 5297 μόνον

176 5325 462 5398 βιάζεσθαι
492 5323 619 5384 τοὺς
647 5322 947 5386 ἐναντίους,
979 5321 1065 5372 ὅτε
1112 5318 1204 5371 καὶ
1227 5319 1368 5385 δόξει
1410 5337 1493 5383 τις
1540 5320 1765 5384 τούτους

173 5421 336 5489 νικᾷν
370 5417 509 5487 μετά
539 5415 784 5468 κινδύνου
814 5413 912 5467 καὶ
939 5412 1162 5482 ζημίας,
1184 5411 1244 5464 οὐ
1299 5411 1400 5481 τῆς
1427 5413 1698 5483 τυχούσης
1734 5417 1766 5486 ἡ

174 5516 270 5568 τοῦ
307 5512 635 5583 πράγματος
661 5507 934 5569 ἀπόϐασις
963 5503 1114 5574 αὑτῷ
1145 5503 1454 5574 συμϐαίνει,
1488 5505 1626 5576 ὅπερ
1657 5506 1766 5558 τῶν

176 5608 484 5676 ἀλογίστων
517 5605 687 5666 ἐστὶν,
718 5601 967 5669 ἀνάγκης
995 5597 1259 5669 μεγίστης
1288 5597 1457 5669 χωρἰς
1502 5599 1641 5668 μετά
1668 5601 1766 5671 ζη-

181 5699 309 5770 μίας
339 5698 498 5768 νίκην
546 5693 778 5750 κτᾶσθαι
809 5691 1004 5760 καινὴν
1041 5689 1153 5762 (95)
1188 5688 1283 5743 καὶ
1329 5689 1570 5760 ματαίαν
1627 5691 1760 5745 ὑπό·

1856 2004 1898 2057 si
1930 2003 2114 2072 plures
2144 2019 2305 2069 quam
2340 2011 2393 2056 tu
2429 2002 2640 2070 equites
2675 2002 2846 2057 hostis
2906 2002 3124 2065 habeat,
3156 2000 3436 2070 pastiones

1856 2109 2048 2148 omnes
2095 2095 2378 2148 vastandas
2405 2102 2552 2158 sunt,
2591 2106 2652 2150 ut
2684 2095 2811 2164 equi
2846 2094 3169 2148 deﬁciamur
3199 2094 3434 2164 pabulo;

1856 2190 1938 2243 sin
1965 2188 2208 2242 virorum
2261 2187 2552 2242 multitudo
2595 2188 2778 2253 fuerit,
2847 2187 3061 2240 illorum
3095 2195 3437 2242 commeatus

1854 2279 2033 2334 omnis
2063 2289 2227 2350 atque
2263 2280 2520 2334 alimenta
2559 2279 3042 2336 circumvenienda
3070 2279 3169 2336 tibi
3208 2287 3264 2334 et
3301 2293 3437 2348 prae-

1856 2371 2099 2442 ripiendu
2136 2372 2204 2426 ab
2239 2372 2346 2427 illis
2380 2381 2525 2429 sunt.

1929 2464 2054 2520 i30.
2090 2463 2148 2519 Si
2195 2464 2430 2522 diversis
2458 2479 2525 2521 ex
2586 2463 2904 2523 nationibus
2959 2465 3204 2521 hostium
3265 2465 3438 2536 copiae

1854 2555 2146 2624 militant,
2183 2558 2366 2620 donis,
2389 2560 2734 2626 muneribus,
2768 2557 3263 2630 pollicitationibus
3309 2574 3436 2617 eor-

1857 2651 2151 2720 rumpendi
2188 2652 2285 2705 tibi
2319 2660 2468 2706 sunt.

1945 2743 2071 2798 l'5l.
2119 2743 2215 2798 Sin
2263 2745 2606 2801 diversarum
2648 2743 2885 2814 partium
2928 2746 3439 2816 sententiarumque

1856 2836 2078 2900 fuerint,
2110 2837 2414 2905 praecipuos
2466 2853 2716 2907 quosque
2758 2854 2819 2891 cx
2849 2837 2956 2891 illis
3003 2838 3068 2891 ad
3103 2849 3156 2892 te
3206 2847 3438 2909 tuasque
3500 2870 3504 2874 -

1856 2940 2038 2998 partes
2063 2927 2403 2981 sollicitabis.

1929 3019 2050 3072 159..
2089 3019 2272 3073 llastis
2318 3019 2362 3074 si
2402 3028 2644 3084 utantur,
2671 3037 2723 3074 tn
2775 3021 3011 3091 aiiqnam
3064 3022 3432 3080 difﬁcultatem

1857 3114 2313 3182 asperitatemque
2333 3113 2578 3168 locorum
2611 3114 2731 3167 illos
2755 3113 2820 3167 ad
2852 3115 3104 3183 prmiium
3132 3132 3319 3172 evoca.

1929 3206 2052 3260 155.
2093 3205 2149 3260 Si
2192 3207 2459 3276 sagittarii
2512 3207 2733 3268 fuerint,
2779 3207 2833 3260 in
2884 3207 3164 3276 planitiem
3211 3219 3266 3264 et
3321 3210 3435 3265 loca

1858 3301 2180 3367 campestria
2234 3300 2520 3353 trahantur
2553 3342 2568 3363 ,
2617 3309 2676 3354 ιιι
2731 3299 2804 3353 ibi
2856 3301 3108 3358 cominus
3166 3305 3440 3360 consertis

1857 3392 2111 3446 manibus
2132 3393 2416 3446 dimicent.

1934 3484 2057 3538 131.
2109 3485 2166 3537 Si
2227 3486 2558 3554 negligenter
2612 3495 2708 3541 aut
2776 3489 2956 3543 solute
3006 3489 3095 3544 die
3141 3492 3227 3544 vel
3280 3502 3440 3548 nocte

1855 3575 2141 3630 ambulent
2197 3575 2403 3642 hostes,
2459 3575 2672 3634 insidiis
2699 3577 2765 3632 de
2798 3577 3097 3649 improviso
3150 3581 3438 3636 adoriendi

1859 3675 2010 3720 sunt.

1931 3757 2054 3812 135.
2087 3757 2180 3812 Sin
2234 3758 2483 3815 animose
2528 3772 2580 3816 et
2607 3761 2867 3817 audacter
2900 3763 2968 3818 ad
3012 3764 3210 3818 bellum
3274 3778 3440 3818 vene-

1861 3848 1988 3916 rint,
2011 3857 2066 3903 et
2097 3850 2166 3904 ab
2192 3850 2343 3904 omni
2379 3850 2676 3906 oll‘ensiene
2704 3855 2979 3910 immunes
3018 3870 3139 3910 esse
3173 3853 3443 3909 videbun-

1862 3947 1971 4003 tur,
2008 3953 2120 4009 prze
2171 3947 2224 3994 te
2290 3939 2433 3996 feras
2466 3945 2624 4012 quasi
2669 3944 2872 3999 bellum
2924 3961 3048 4000 cum
3103 3947 3212 4000 illis
3255 3946 3440 4002 statim

1861 4041 2116 4102 gesturus
2164 4033 2264 4098 sis,
2300 4035 2466 4104 rejice
2529 4046 2707 4090 tamen
2746 4039 2946 4091 bellum
2985 4054 3049 4094 ac
3094 4038 3312 4094 diﬂerto
3338 4039 3440 4093 do-

1863 4136 1964 4177 nec
1989 4124 2168 4178 lervor
2193 4126 2372 4180 omnis
2405 4126 2715 4181 animorum
2748 4128 3122 4197 elanguescat,
3153 4140 3208 4184 et
3237 4130 3330 4184 ubi
3353 4130 3442 4186 ln'c

1862 4213 2101 4282 impetus
2131 4217 2460 4280 consederit,
2489 4228 2600 4272 tum
2637 4219 2836 4273 bellum
2870 4222 2979 4276 illis
3006 4221 3276 4277 conferto.

1934 4305 2059 4360 156.
2081 4306 2139 4360 Si
2190 4308 2428 4377 peditum
2490 4325 2723 4364 numero
2788 4312 3042 4369 hostibus
3100 4315 3443 4384 praestiteris.

1863 4401 1931 4455 ad
1976 4401 2136 4470 plana
2193 4412 2248 4456 et
2285 4406 2613 4472 campestria
2670 4407 2789 4462 loca
2831 4409 2954 4462 illos
2998 4408 3276 4473 deducito,
3336 4430 3444 4466 mm

1865 4503 1930 4548 ut
1968 4495 2243 4562 cominus,
2277 4496 2370 4550 sed
2408 4510 2465 4550 ut
2511 4498 2726 4554 eminus
2746 4492 2946 4569 jaculis
2969 4516 3094 4556 cum
3122 4501 3229 4561 illis
3257 4509 3448 4559 conti.-

1793 4608 1838 4662 D
1868 4602 1987 4658 gas.

1935 4680 2059 4733 157.
2108 4678 2323 4735 Bellica:
2379 4682 2526 4736 enim
2599 4681 3000 4740 decertationcs
3063 4687 3450 4744 venationibus

1866 4771 2074 4826 similes
2103 4781 2266 4837 sunt;
2299 4773 2762 4841 quemadmodum
2787 4777 2934 4830 enim
2962 4776 3038 4830 ihi
3066 4780 3338 4844 excubiis,
3374 4781 3450 4835 in-

1867 4863 2047 4928 sidiis,
2105 4863 2576 4929 circuitionibus,
2625 4876 2796 4938 atque
2854 4869 3173 4938 huiusmodi
3233 4873 3451 4929 astt-iis

1867 4956 2050 5026 potius
2080 4973 2248 5027 quam
2308 4958 2520 5014 viribus
2554 4958 2669 5013 fera
2703 4960 2941 5029 capitur,
2976 4961 3055 5018 sic
3087 4963 3290 5018 bellum
3324 4961 3450 5021 cu"m

1869 5049 2145 5116 hostibus,
2181 5049 2296 5104 sive
2314 5051 2522 5121 plures,
2551 5052 2665 5106 sive
2686 5053 2979 5122 pauciores
3013 5053 3236 5116 fuerint.
3259 5073 3452 5127 geren-

1867 5140 1998 5193 dum
2029 5150 2134 5194 est.
3014 5196 3016 5198 τ

1936 5233 2060 5287 158.
2121 5233 2316 5288 Coram
2358 5234 2505 5288 enim
2548 5251 2613 5290 ac
2655 5236 2908 5293 manibus
2958 5253 3137 5293 so.un
3182 5240 3456 5296 consertis

1870 5326 2011 5380 velle
2048 5341 2173 5382 cum
2205 5327 2459 5382 hostibus
2525 5340 2708 5399 aperte
2742 5329 3052 5402 conﬂigere,
3089 5334 3310 5402 quando
3344 5335 3450 5389 ali-

1866 5431 1978 5487 qua
2028 5418 2275 5472 victoriae
2305 5434 2431 5486 spes
2462 5420 2569 5474 illis
2612 5419 2871 5485 adfuerit,
2917 5423 3034 5477 sine
3095 5425 3338 5492 periculo
3385 5441 3449 5481 ac

1867 5509 2020 5576 gravi
2068 5509 2371 5566 oil‘ensione
2408 5511 2535 5565 belli
2571 5522 2799 5567 eventus
2822 5528 2944 5568 esse
2977 5529 3082 5569 non
3107 5524 3307 5584 potest.
3347 5513 3452 5571 Te-

1867 5603 2163 5658 merarium
2196 5614 2376 5659 autem
2419 5621 2482 5660 ae
2530 5606 2789 5660 inscitum
2819 5616 2923 5674 est,
2958 5609 3104 5664 nulla
3131 5611 3459 5665 necessitate

1865 5694 2176 5766 impellente
2233 5698 2516 5755 victoriam
2581 5699 2742 5755 talem
2777 5714 2902 5756 cum
2947 5701 3149 5759 damno
3188 5717 3456 5774 qumrcre,

1725 5817 1953 5877 NOTAE.

250 5891 362 5960 (95)
393 5894 641 5960 Καινὴν.
679 5889 892 5958 Scribe,
929 5891 1113 5962 κενήν.
