4176 6442
752 356 857 418 843

2016 381 2209 442 LEth
2224 385 2291 442 IS
2332 389 2395 447 Pl
2408 390 2427 448 Ι
2442 391 2455 448 Ι
2469 390 2755 452 LOSOPlI
2766 394 2791 452 Ι

3916 403 4030 468 844

747 486 873 582 qua:
903 473 1004 528 hoc
1040 479 1200 533 modo
1225 492 1396 548 parta,
1451 501 1651 543 nomen
1688 501 1894 546 tantum
1955 496 2116 551 inane
2164 508 2307 569 atqui

2431 506 2590 573 ληψιν
2636 509 2806 578 μόνην
2856 510 3149 578 φέρουσαν,
3194 512 3319 563 Ἐπὶ
3371 512 3581 575 τούτοις
3648 514 4028 582 παρακελευο-

749 564 1041 621 umbratile
1069 570 1243 639 magis
1279 573 1706 649 habebit,quam
1731 599 1817 644 ea.
1848 602 1971 654 qua:
2015 564 2329 647 ccrlissiiuo

744 669 812 709 ac
848 661 1295 754 constantissimo
1319 668 1371 722 iu
1413 670 1621 729 bellicis
1644 675 1802 733 rebus
1827 677 2036 746 judicio
2074 693 2327 754 suscepta

745 756 849 803 est.
908 749 1174 826 Deinceps
1230 760 1367 830 jam,
1422 779 1549 835 quae
1576 779 1701 825 ante
1732 771 1858 828 belli
1890 774 2032 829 diem
2080 749 2325 833 facienda

745 852 893 939 sunt,
950 852 1171 918 quando
1205 857 1507 914 necessitas
1564 871 1615 917 te
1642 866 1709 918 ad
1742 867 1940 920 bellum
1986 872 2151 939 cngit,
2200 887 2324 925 cum

746 936 993 995 hostibus
1019 947 1346 1015 gerendum,
1388 951 1626 1011 dilucide
1659 972 1724 1012 ac
1764 960 2001 1015 breviter
2032 936 2321 1033 «reponam.

1201 1060 1664 1123 CONSTITUTIO
1721 1069 1857 1125 .\'Il|.

1234 1149 1312 1205 De
1340 1153 1427 1207 die
1455 1164 1575 1209 ante
1613 1156 1828 1213 bellum.

812 1234 864 1290 1.
888 1234 1267 1309 Τυτῐηοτοὴαξ,
1291 1254 1350 1299 ιιι
1368 1245 1547 1301 banda
1568 1252 1753 1305 omnia
1775 1253 1982 1322 integra
2002 1255 2131 1319 sint,
2156 1267 2322 1324 atque

738 1326 805 1380 ad
858 1344 1016 1385 usum
1069 1335 1360 1392 militarem
1415 1350 1564 1409 apta,
1606 1350 1734 1399 ante
1778 1346 1922 1402 diem
1970 1348 2093 1403 belli
2151 1368 2317 1405 unum

736 1428 900 1511 atque
930 1424 1163 1480 alterum
1199 1432 1606 1499 prmparabunt.
1637 1443 1802 1505 atque
1829 1438 1966 1493 adeo
1997 1440 2318 1511 bandopho-

738 1510 836 1572 ris,
867 1513 919 1566 id
962 1523 1047 1569 est
1096 1517 1400 1589 signiferis,
1439 1523 1750 1579 cohortium
1794 1526 2015 1583 dentur.
2063 1510 2319 1589 Cohortis

736 1603 1174 1680 uniuscujusque
1224 1627 1411 1669 comes
1447 1630 1545 1669 sua
1584 1619 1888 1675 constituat
1930 1625 2315 1693 contubernia,

734 1702 787 1747 et
821 1695 867 1749 si
900 1712 1008 1767 qua
1037 1702 1148 1756 sint
1173 1701 1409 1769 defecta,
1443 1706 1679 1776 expleat.

803 1785 860 1841 2.
892 1786 1349 1859 Exploratoribus
1399 1805 1454 1850 et
1500 1798 1950 1867 speculatoribus
1996 1801 2188 1858 sedulo
2220 1805 2317 1859 hn-

735 1878 901 1932 stium
935 1889 1143 1936 statum
1179 1885 1463 1955 exquires,
1497 1889 1587 1959 qui
1630 1899 1814 1945 motus
1843 1891 2085 1960 illorum,
2116 1902 2320 1965 quanta

734 1973 1048 2037 multitudo,
1092 1978 1273 2046 qualis
1324 1981 1511 2048 acies;
1558 1982 1744 2053 itaque
1794 1993 1845 2039 te
1898 1986 2187 2043 adversum
2224 2004 2320 2045 eos

732 2066 1087 2134 prreparabis,
1126 2078 1185 2124 ut
1221 2085 1289 2126 ne
1314 2072 1496 2127 subito
1528 2090 1592 2128 ac
1635 2075 1702 2129 de
1735 2074 2037 2147 improviso
2060 2080 2320 2136 invadarc

731 2158 802 2211 ab
835 2159 963 2215 illis.

802 2258 856 2315 5.
911 2257 1014 2317 Ubi
1066 2264 1345 2319 vacaverit
1405 2278 1610 2333 autem,
1662 2271 1960 2326 exercitum
2014 2280 2167 2327 tuum
2222 2289 2318 2343 per

730 2350 1011 2424 drungns,
1066 2356 1118 2409 id
1167 2364 1252 2411 est
1300 2359 1561 2415 cohortes
1617 2362 1939 2425 milliarias,
1990 2373 2042 2417 ct
2104 2373 2316 2419 turmas

730 2444 1130 2515 congregabis;
1182 2462 1360 2518 neque
1413 2451 1558 2504 enim
1602 2468 1796 2508 omnes
1845 2456 2007 2509 simul
2043 2472 2210 2511 unum
2259 2458 2313 2512 in

731 2538 911 2593 locum
941 2553 1127 2610 coges,
1158 2542 1522 2613 narrabisque
1556 2545 1663 2601 illis
1707 2562 1828 2615 quae
1866 2548 2014 2603 dictu
2056 2565 2315 2605 necessa-

730 2630 809 2685 ria
837 2641 986 2697 sunt,
1013 2634 1095 2687 vel
1124 2642 1179 2686 ιιι
1203 2633 1341 2704 ipse,
1384 2636 1467 2690 vel
1500 2636 1741 2706 praefecti
1786 2641 1885 2706 tui,
1917 2643 2171 2712 antiquas
2203 2644 2313 2699 illis

727 2723 1217 2778 commemorando
1268 2726 1530 2782 victorias
1596 2729 1925 2800 prioresque
1974 2732 2311 2804 felicitates;

728 2814 1040 2885 talibusque
1100 2816 1266 2874 dictis
1320 2819 1591 2875 animabis
1642 2821 1784 2876 illos.
1837 2821 2001 2893 Regis
2050 2836 2311 2894 praeterea

726 2909 1061 2980 largitatem,
1096 2912 1455 2984 studiumque
1488 2914 1786 2970 referendae
1818 2918 2026 2986 gratiae,
2059 2919 2312 2987 praemia-

724 3019 835 3075 que
888 3004 1240 3061 benemeritis
1295 3007 1581 3077 preposita
1664 3018 1901 3078 repetes.
1950 3007 2309 3066 Recenscnda

724 3113 946 3168 quoque
999 3103 1255 3154 mandata
1305 3111 1435 3156 sunt
1481 3101 1818 3173 reliquaeque
1884 3106 2305 3176 praeceptiones,

722 3206 846 3261 qua:
878 3190 963 3247 vel
1010 3191 1108 3247 abs
1149 3199 1224 3255 te,
1272 3192 1358 3247 vel
1404 3209 1435 3248 a
1480 3192 1712 3265 singulis
1756 3192 2032 3264 praefectis
2080 3197 2309 3269 singulae

725 3290 921 3336 turmm
952 3289 1079 3359 ante
1110 3293 1465 3352 acceperunt.

793 3376 846 3427 4.
888 3371 945 3427 Si
977 3373 1245 3444 quosdam
1278 3391 1345 3429 cx
1384 3374 1637 3431 hostibus
1689 3377 1972 3449 contingat
2020 3380 2088 3434 ab
2140 3397 2307 3436 excu-

724 3465 830 3521 biis
866 3466 1013 3536 capi,
1048 3465 1131 3521 vel
1165 3465 1233 3520 ad
1261 3481 1361 3521 nos
1396 3466 1652 3531 deficere,
1691 3470 1735 3524 si
1780 3484 2046 3540 generoso
2075 3486 2307 3540 corpore

723 3560 1033 3630 armatique
1098 3552 1329 3623 fuerint,
1384 3562 1651 3616 exercitui
1706 3578 2049 3633 nequaquam
2115 3572 2304 3618 osten-

721 3651 883 3705 dendi
913 3659 1059 3717 sunt,
1093 3651 1189 3706 sed
1231 3650 1297 3705 ad
1322 3653 1489 3705 alium
1531 3654 1839 3723 quempiam
1865 3654 2046 3708 locum
2077 3653 2301 3708 clancu-

721 3744 834 3797 lum
860 3742 1215 3798 amandandi.
1262 3742 1356 3798 Sin
1403 3744 1639 3801 humiles
1692 3761 1756 3799 ac
1786 3747 1922 3802 viles
1952 3746 2176 3812 fuerint,
2208 3747 2300 3816 qui

719 3835 1065 3902 defecerunt,
1098 3837 1361 3891 universo
1397 3838 1663 3892 exercitui
1714 3837 2068 3892 monstrabis.
2113 3835 2300 3906 Capti-

720 3943 821 3982 vos
853 3937 1035 3982 autem
1074 3926 1253 3981 nudos
1290 3927 1696 3992 circumduces,
1730 3928 2128 3997 mandabisque
2154 3938 2212 3981 ut
2234 3929 2301 3983 ab

719 4021 977 4077 erunibus
1003 4021 1264 4077 militibus
1300 4036 1434 4076 voce
1473 4021 1812 4076 contendant
1855 4038 1922 4076 ne
1970 4022 2039 4075 ab
2084 4023 2193 4077 illis
2222 4023 2302 4075 in-

719 4115 1085 4177 terficiantur,
1124 4129 1235 4184 quo
1302 4114 1568 4170 militibus
1618 4114 1825 4169 nostris
1876 4129 2067 4172 omnes
2111 4114 2301 4170 hostes

718 4206 1066 4261 miserabiles
1099 4220 1224 4260 esse
1251 4205 1560 4260 videantur.

787 4296 841 4351 5.
877 4293 1145 4352 Hostibus
1180 4303 1362 4351 autem
1406 4297 1518 4366 jam
1570 4282 2011 4359 imminentibus,
2055 4312 2302 4352 commu-

716 4385 883 4455 nique
937 4383 1080 4440 bello
1122 4383 1238 4454 jam
1286 4390 1627 4453 exspectato,
1672 4384 1944 4452 praefectis
1988 4385 2299 4440 cohortium

2440 601 2577 669 ειεθά
2608 618 2708 665 σοι,
2746 594 3130 675 ῶστρατηγὲ,
3162 606 3257 657 καὶ
3301 606 3402 658 ὅσα
3434 607 3539 673 χρή
3592 621 3652 657 σε
3696 608 3872 659 ποιεῖν
3913 610 4028 679 πρὸ

2434 695 2534 762 τῆς
2563 691 2658 745 τοῦ
2694 693 2933 763 πολέμου
2967 694 3202 765 ἡμέρας,
3253 696 3344 749 ὅτε
3398 697 3493 751 καὶ
3544 696 3759 767 ἀνάγκη
3799 713 3859 750 σε
3890 716 4025 752 κατ-

2434 785 2630 855 επείγῃ
2663 785 2798 857 πᾴς
2823 786 3004 856 μάχην
3026 786 3260 851 ἐξελθεῖν
3285 788 3428 841 κατά
3457 788 3689 860 ἐχθρῶν.

2998 1053 3310 1108 ΔΙΛΤΑΞΙΣ
3350 1055 3447 1110 ll".

2644 1148 2778 1215 Περὶ
2807 1148 2911 1217 τῆς
2952 1148 3064 1216 πρὸ
3090 1149 3197 1202 τοῦ
3244 1149 3516 1219 πολέμου
3550 1152 3798 1222 ἡμέρας.

2502 1238 2570 1295 α’.
2589 1240 2749 1293 Ὥστε
2769 1240 3210 1310 παρασκευάζειν
3225 1243 3351 1305 τοὺς
3378 1244 3738 1314 τοιιρμάρχας
3755 1246 3866 1316 πρὸ
3891 1248 4019 1316 μιᾶς

2430 1334 2462 1405 ἢ
2490 1334 2749 1403 δευτέρας
2778 1334 2993 1405 ἡμέρας
3034 1333 3131 1387 τοῦ
3178 1335 3420 1404 πολέμου
3435 1337 3504 1390 τά
3552 1336 3736 1407 βάνδα.
3766 1340 4015 1407 ἁγιάζειν

2426 1427 2517 1481 διὰ
2542 1428 2651 1481 τῶν
2684 1428 2897 1496 ἱερέων,
2931 1430 3027 1481 καὶ
3042 1427 3217 1490 οὕτως
3252 1427 3545 1482 ἐπιδιδόναι
3594 1431 3707 1494 τοῖς
3754 1429 4016 1499 same.

2430 1534 2546 1587 ροις
2571 1518 2680 1571 τῶν
2713 1518 3034 1587 ταγμάτων.
3071 1519 3178 1573 Τὸν
3212 1519 3269 1573 δὲ
3313 1520 3547 1573 ἑκάστου
3576 1520 3867 1589 τάγματος
3923 1522 4014 1574 κό-

2430 1626 2577 1680 μητα
2608 1609 2983 1681 προκαθιστᾷν
2997 1610 3063 1665 τά
3089 1612 3499 1684 κοντουὸἐρνια,
3525 1615 3623 1669 καὶ
3654 1614 4011 1686 ἀναπληροῦν

2426 1701 2496 1755 τά
2526 1701 2754 1755 λιπόντα
2789 1704 3043 1773 σώματα,

2506 1793 2572 1862 β’.
2612 1793 2932 1865 Σπουδάσῃς
2961 1795 3019 1848 δὲ
3052 1794 3122 1849 τά
3164 1797 3306 1850 κατά
3331 1795 3441 1849 τῶν
3472 1795 3686 1867 ἐχθρῶν
3732 1798 4015 1868 1:01-41:91-

2357 1873 2397 1931 Β
2426 1887 2699 1956 γμονῆσαι
2724 1886 2813 1940 διὰ
2840 1886 3043 1957 βιγλῶν
3079 1887 3320 1958 ἀκριϐῶς
3346 1889 3444 1942 καὶ
3489 1889 3578 1942 διὰ
3614 1891 4007 1955 κατασκόταυν,

2422 1979 2525 2048 τήν
2558 1995 2619 2031 τε
2652 1978 2867 2049 κίνησιν
2898 1978 3078 2032 αὐτῶν
3126 1982 3220 2033 καὶ
3277 1980 3337 2034 τὸ
3383 1981 3553 2034 ποσὸν
3600 1981 3697 2034 τοῦ
3756 1981 4006 2051 πλήθους

2422 2071 2624 2137 αὐτῶν,
2657 2073 2754 2124 καὶ
2780 2072 2879 2141 τὴν
2908 2070 3183 2137 σύνταξιν,
3215 2074 3310 2127 καὶ
3329 2074 3505 2137 οὕτως
3553 2074 3896 2144 ἁρμόζεσθαι
3930 2077 4009 2138 είς

2419 2165 2480 2217 τὺ
2508 2165 2584 2235 μὴ
2611 2164 3057 2234 αἰφνιδιασθῆναι
3087 2166 3219 2236 παρ’
3250 2167 3452 2219 αὐτῶν.

2492 2256 2559 2325 γ’.
2615 2256 2871 2321 Συνάξεις
2912 2257 2970 2310 δὲ
3017 2260 3111 2311 ἐπὶ
3180 2258 3378 2327 σχολῆς
3412 2258 3532 2322 δτδν
3571 2259 3804 2329 στρατὸν
3858 2261 4008 2313 κατὰ

2417 2348 2717 2420 δρούγγους
2758 2350 2853 2403 καὶ
2897 2349 3042 2402 κατά
3085 2349 3351 2420 τούρμας,
3399 2352 3493 2403 καὶ
3537 2352 3717 2405 πάντα
3748 2351 3890 2418 ὁμοῦ
3927 2353 4009 2415 εἰς

2417 2444 2475 2497 ἓν
2497 2444 2554 2497 ἐν
2580 2444 2663 2495 ἐνὶ
2683 2443 2855 2513 τόπῳ,
2890 2443 2985 2495 καὶ
3011 2443 3364 2514 διαλαλήσεις
3388 2445 3573 2507 αὐτοῖς
3600 2445 3669 2496 τὰ
3696 2445 4001 2514 πρέποντα,

2417 2535 2450 2607 ἤ
2506 2537 2576 2587 δι’
2612 2535 2832 2600 ἐαυτοῦ,
2874 2535 2907 2606 ἢ
2931 2535 3021 2589 διά
3049 2535 3158 2588 τῶν
3182 2536 3327 2589 ἰδίων
3351 2537 3652 2607 ἀρχόντων,
3674 2536 3924 2599 παλαιᾶς
3939 2554 4001 2589 τε

2415 2630 2851 2699 ἀναμιμνήσκων
2884 2629 3044 2699 νίκης
3075 2630 3170 2683 καὶ
3205 2629 3490 2700 προτέρων
3537 2631 3855 2698 ἐπιτυχιῶν,
3906 2632 4006 2683 καὶ

2413 2721 2502 2775 διὰ
2539 2721 2797 2775 τοιούτων
2845 2719 3517 2791 προθυμοποιεῖναῦτοὺς,
3558 2720 4003 2788 ἐπαγγείλασθαί

2412 2832 2470 2870 τε
2508 2814 2607 2886 τὴν
2637 2815 2700 2868 ἐκ
2720 2814 2818 2882 τῆς
2843 2813 3122 2884 βασιλείας
3153 2815 3186 2885 ἠ
3198 2814 3313 2882 μῶν
3348 2812 3583 2885 ἀμοιδὴν
3639 2815 3737 2867 καὶ
3767 2814 4001 2883 εὐεργε-

2416 2906 2539 2960 σίαν
2596 2907 2693 2960 καὶ
2721 2906 2814 2959 τον
2865 2905 3007 2977 ὑπὲρ
3050 2905 3152 2974 τῆς
3202 2905 3415 2969 εὐνοίας
3457 2908 3558 2975 τῆς
3586 2906 3864 2968 πολιτείας
3911 2924 4005 2975 μι-

2412 2998 2573 3052 σθόν·
2631 2998 2711 3051 ἔτι
2762 2998 2819 3051 δὲ
2868 2998 3456 3069 προσυπομιμνήσκειν
3504 2997 3599 3052 καὶ
3640 2997 3712 3051 τά
3741 2998 4003 3067 διδόμενα

2414 3092 2658 3164 μανδάτα
2685 3092 2777 3145 καὶ
2825 3090 2923 3163 τὴν
2959 3091 3128 3161 ἄλλην
3180 3090 3577 3161 παραγγελίαν,
3623 3091 3691 3160 ἢν
3723 3090 3880 3157 παρά
3940 3106 4002 3141 τε

2414 3184 2510 3239 σοῦ
2534 3184 2701 3239 αὐτοῦ
2750 3186 2847 3238 καὶ
2901 3185 3056 3257 παρά
3099 3184 3209 3239 τῶν
3238 3182 3425 3239 ῖδικῶν
3485 3182 3666 3238 αὐτῶν
3714 3183 4002 3255 ἀρχόντων

2412 3276 2606 3329 ἔλαῆον
2632 3276 2751 3330 καθ’
2775 3276 3008 3330 ἕκαστον
3033 3276 3243 3346 τάγμα.

2481 3366 2538 3421 δ’.
2578 3369 2706 3421 Ἐὰν
2736 3368 2793 3422 δέ
2829 3385 2983 3432 τινας
3026 3367 3135 3420 τῶν
3191 3366 3404 3437 ἐχθρῶν
3448 3366 3632 3437 συμϐῇ
3672 3368 3752 3427 είς
3803 3364 3999 3434 βίγλας

2407 3460 2749 3530 κρατηθῆναι
2777 3461 2810 3532 ἢ
2844 3459 3190 3531 προσρυῆναι
3211 3477 3225 3491 ο
3258 3463 3307 3513 εἰ
3340 3461 3441 3529 μὲν
3465 3457 3706 3525 γενναῖοί
3738 3459 3847 3509 είσι
3879 3458 3999 3519 τοῖς

2409 3554 2628 3625 σώμασι
2685 3555 2781 3606 καὶ
2831 3552 3071 3615 ἔνοπλοι,
3113 3553 3339 3615 τούτους
3402 3551 3478 3623 μὴ
3529 3549 3883 3620 δημοσιεύειν
3915 3548 3997 3618 τῷ

2408 3647 2646 3718 στρατῷ,
2690 3646 2803 3700 ἀλλ’
2855 3649 2913 3700 ἐν
2968 3646 3142 3717 ἐτέρῳ
3191 3646 3347 3715 τόπῳ
3397 3644 3622 3713 ἀφανῶς
3679 3643 3998 3711 ἐκπέμπειν

2404 3738 2619 3801 αὐτούς.
2657 3738 2719 3790 Ei
2750 3737 2803 3789 δὲ
2832 3736 3073 3801 εὐτελεῖς
3102 3738 3231 3799 εισι,
3260 3737 3388 3799 τοὺς
3413 3737 3512 3805 μὲν
3542 3736 3994 3806 προσρεομένους

2404 3830 2745 3900 ἐπιτηδεύεις
2774 3828 3184 3883 ἐπιδείκνυσθαι
3210 3827 3287 3898 τῷ
3320 3826 3539 3899 στρατῷ
3570 3827 3755 3889 παντὶ,
3786 3826 3917 3887 τοὺς
3936 3826 3995 3877 δὲ

2404 3922 2809 3993 κρατουμένους
2854 3921 3097 3993 γυμνοὺς
3172 3920 3467 3990 περιάγῃς,
3536 3920 3632 3971 καὶ
3690 3919 3998 3986 ὑποθήσεις

2404 4013 2599 4076 αὐτοὺς
2624 4012 2965 4083 παρακαλεῖν
2994 4013 3122 4075 τοὺς
3152 4011 3490 4081 στρατιώτας
3521 4010 3597 4080 μὴ
3625 4008 3991 4079 φονευθῆναι,

2402 4105 2481 4162 είς
2503 4105 2564 4157 τὸ
2587 4104 2794 4167 πάντας
2806 4105 2933 4167 τοὺς
2950 4104 3180 4174 ἐχθροὺς
3207 4105 3473 4166 ἐλεεινοὺς
3496 4099 3636 4156 εἶναι
3663 4101 3996 4173 νομίζεσθαι

2404 4200 2554 4268 παρά
2581 4197 2688 4251 τῶν
2716 4197 3085 4268 στρατιωτῶν.

2473 4296 2536 4344 ε’.
2579 4289 2821 4360 Ἐχθρῶν
2851 4290 2908 4342 δὲ
2960 4288 3312 4358 ἐγγιζόντων,
3375 4290 3470 4343 καὶ
3503 4286 3770 4359 δημοσίου
3807 4303 3990 4357 προσ-

2400 4383 2712 4452 δοκωμένου
2744 4383 3003 4454 πολέμου,
3034 4384 3415 4454 παραγγείλῃς
3446 4384 3561 4445 τοῖς
3621 4381 3855 4451 ἄρχουσι
3881 4380 3998 4433 τῶν

714 4474 1023 4547 praecipies,
1056 4484 1115 4529 ut
1151 4490 1221 4529 ne
1254 4475 1612 4530 excursiones
1636 4484 1832 4529 contra
1859 4476 2175 4533 inordinate
2210 4492 2301 4531 va-

2409 4474 2721 4542 ταγμάτων,
2757 4475 2898 4529 ὥστε
2934 4476 3009 4547 μὴ
3041 4479 3213 4529 ποιεῖν
3244 4479 3303 4529 ἐν
3341 4477 3580 4538 ἐκείναις
3604 4476 3727 4537 ταῖς
3746 4475 3997 4544 ἡμέραις

712 4578 907 4640 gantes
944 4568 1147 4623 milites
1184 4567 1408 4632 faciant,
1443 4567 1538 4624 sed
1579 4567 1874 4638 diligenter
1901 4568 2197 4625 observent
2229 4586 2297 4626 ne

2409 4568 2808 4634 συνεξελεύσεις
2838 4571 2981 4622 κατά
3024 4569 3133 4622 τῶν
3180 4568 3562 4623 ἀτακτούντων
3610 4568 3995 4637 στρατιωτῶν,

714 4662 945 4715 militent
977 4660 1148 4713 ullum
1190 4675 1255 4713 ex
1289 4661 1405 4713 suis
1433 4659 1696 4713 lassatum
1728 4658 1983 4722 reddant,
2013 4667 2107 4712 aut
2137 4660 2300 4716 etiam

2409 4662 2765 4730 ρυλάττεσθαι
2787 4662 2843 4716 δὲ
2869 4663 3140 4726 παντοίως
3175 4661 3249 4732 μὴ
3286 4662 3537 4716 κακῶσαι
3576 4662 3670 4715 τὸν
3716 4660 3995 4730 στρατιώ-

713 4760 954 4818 vevent;
1002 4750 1093 4806 sed
1124 4766 1221 4806 ens
1270 4750 1361 4819 qui
1413 4748 1468 4802 in
1526 4748 1708 4819 aliqua
1767 4750 1965 4803 mentis
2006 4750 2297 4819 perturba-

712 4845 865 4899 tiune
916 4851 1011 4897 aut
1060 4842 1437 4897 sollicitudine
1483 4842 1898 4904 excruciantur,
1932 4853 2027 4897 aut
2078 4844 2298 4913 Opinio-

712 4950 837 4991 nem
888 4933 1125 5005 alicuius
1177 4934 1475 4988 auxietatis
1513 4933 1772 4997 afferunt,
1826 4936 2073 4989 relevent
2129 4943 2297 5004 atque

711 5029 779 5081 ad
830 5029 1068 5098 aliquam
1120 5026 1457 5082 hilaritatem
1500 5033 1554 5081 et
1595 5026 1936 5080 alacritatem
1980 5027 2291 5081 traducunt.

710 5120 807 5177 Sin
845 5135 913 5175 ne
946 5120 1027 5175 sic
1057 5120 1277 5189 quidem
1310 5134 1340 5172 a
1381 5120 1642 5173 mmstitia
1677 5128 1731 5173 et
1782 5134 2022 5175 mmrore
2069 5120 2290 5174 avocari

710 5223 965 5284 possunt,
997 5213 1064 5267 ad
1123 5211 1405 5283 paululum
1462 5211 1729 5281 temporis
1787 5226 2042 5266 sccernes
2089 5226 2208 5273 eos,
2238 5221 2292 5265 et

624 5306 627 5307 ⁷
707 5306 775 5360 ad
813 5306 977 5378 alium
1003 5306 1208 5370 locum,
1234 5304 1383 5373 justa
1411 5304 1594 5374 aliqua
1620 5319 1787 5364 causa
1819 5293 2291 5373 adhibitaﬂtsque

707 5396 778 5451 ad
798 5395 924 5451 belli
956 5397 1162 5451 exitum‘
1189 5394 1489 5466 ablegabis,
1522 5404 1581 5448 ut
1616 5410 1683 5448 ne
1701 5394 1769 5449 ad
1804 5394 2061 5451 inimicos
2097 5404 2285 5450 trans-

710 5486 981 5558 fugientes
1033 5487 1244 5558 aliquid
1293 5486 1565 5552 indicent,
1610 5486 1753 5555 quod
1808 5486 2033 5541 minime
2080 5486 2292 5555 patr-fa-

2398 4770 2518 4822 την.
2562 4754 2722 4806 ’Δλλά
2754 4755 2849 4806 καὶ
2892 4755 3020 4816 τοὺς
3067 4755 3125 4807 ἐν
3182 4754 3390 4825 ὑποψίᾳ
3419 4754 3580 4816 ὄντας
3636 4752 3819 4822 λύπης
3842 4753 3995 4816 τινὸς

2397 4844 2561 4897 ’ἑνεκα
2605 4844 3081 4914 μεταχειρίζεσθαι
3114 4845 3195 4907 είς
3225 4845 3497 4909 εὐθυμίαν
3520 4863 3535 4877 ο
3588 4845 3637 4897 εί
3678 4844 3735 4897 δέ
3773 4845 3994 4914 ἀμετα-

2396 4939 2658 5009 χείριστοι
2687 4940 2735 4990 οί
2764 4937 2995 4990 τοιοῦτοι
3032 4938 3276 5006 μένουσι,
3310 4938 3569 5007 χωρίσεις
3611 4935 3817 4998 αὐτοὺς
3850 4935 3994 5005 πρὸς

2398 5032 2616 5102 μικρὸν,
2647 5030 2742 5083 καὶ
2773 5029 2946 5100 ἑτέρῳ
2976 5029 3367 5099 παραπέμψεις
3393 5029 3546 5098 τόπῳ
3581 5027 3723 5097 μετά
3773 5030 3997 5098 προφάο

2399 5138 2537 5184 σεως
2568 5121 2789 5189 εὐλόγου
2818 5122 2979 5191 μέχρι
3003 5122 3103 5191 τῆς
3135 5120 3231 5174 τοῦ
3268 5121 3509 5191 πολέμου
3548 5120 3858 5182 ἐκϐάσεως,
3903 5122 3994 5173 ἵνα

2401 5216 2475 5286 μὴ
2505 5218 2617 5278 τοῖς
2649 5215 2859 5286 ῂθροῖς
2899 5215 3309 5285 προσφυγόντες
3338 5213 3567 5267 εἴπωσίν
3588 5230 3642 5265 τι
3680 5205 3760 5265 ὧν
3788 5214 3853 5266 οὐ
3881 5212 3993 5283 χρὴ

2397 5305 2687 5375 γινώσκειν
2723 5304 2941 5365 αύτούς.
2970 5305 3111 5369 Τοὺς
3167 5304 3224 5357 δὲ
3270 5304 3555 5374 ὁμογενεῖς
3589 5301 3701 5354 τῶν
3749 5302 3991 5371 ἐχθρῶν,

2396 5397 2469 5459 ὡς
2497 5397 2598 5467 ἥδη
2658 5396 3020 5466 προείπομεν,
3078 5395 3185 5466 πρὸ
3221 5394 3417 5448 πολλοῦ
3450 5394 3735 5465 χωρίζειν,
3796 5397 3894 5449 καὶ
3929 5398 3995 5448 ἐν

2396 5489 2619 5559 πολέμῳ
2651 5488 2873 5552 τούτους
2914 5490 2986 5559 μὴ
3019 5488 3207 5559 φέρειν
3236 5488 3377 5541 κατά
3400 5487 3511 5540 τῶν
3550 5487 3720 5542 ίδίων.

710 5578 969 5633 ciendum
1018 5577 1146 5633 fuit.
1202 5576 1502 5648 Populares
1554 5589 1735 5632 autem
1786 5586 1953 5647 atque
1999 5577 2270 5647 indigena:
2318 5578 2587 5645 hostium,
2624 5581 3091 5650 quemadmodum
3156 5596 3323 5650 supra
3382 5580 3752 5644 ostendimus,
3825 5580 3995 5650 longo

705 5686 837 5727 ante
865 5679 1114 5742 tempore
1156 5671 1479 5744 segregandi
1513 5684 1662 5736 sunt,
1695 5687 1873 5741 neque
1919 5672 1974 5727 iu
2013 5673 2153 5727 bello
2189 5674 2479 5729 adversum
2511 5690 2642 5728 suos
2671 5690 2915 5744 pugnare
2955 5660 3362 5745 pcrmittantur.

776 5764 830 5817 ίῖ.
864 5761 1095 5829 Quando
1141 5762 1208 5816 ad
1266 5778 1503 5834 pugnam
1543 5762 2067 5833 dimicationemque
2111 5765 2286 5833 ipsam

712 5864 973 5913 \cnlttt‘ua
1006 5869 1088 5923 es,
1117 5854 1379 5913 adversus
1410 5871 1573 5912 casus
1605 5855 1733 5912 belli
1763 5864 1945 5913 mente
1986 5863 2282 5926 pet-tracta,

2472 5762 2547 5829 ς’.
2580 5766 2749 5819 Ὅταν
2777 5766 2833 5819 δὲ
2854 5765 3053 5839 μέλλῃς
3080 5767 3377 5837 συμϐαλεῖν
3404 5768 3483 5830 είς
3501 5767 3705 5839 μάχην,
3723 5762 3771 5823 ὦ
3790 5788 3992 5841 (ι’-ερατ.

2399 5857 2523 5929 ηγέ,
2573 5859 2675 5931 χρή
2712 5875 2771 5912 σε
2797 5858 2891 5915 καὶ
2927 5859 2996 5914 τὰ
3017 5861 3095 5924 εἰς
3124 5859 3388 5933 δευτέραν
3419 5858 3592 5930 τύχην
3619 5861 3992 5927 ἀποσιωπᾶν,
