4176 6442
160 390 272 454 845
1225 393 1556 452 TACTICA.
1599 419 1663 428 -
1700 391 2201 455 CONSTITUTIO
2243 398 2412 458 XIII.
3327 397 3435 462 846

162 506 259 556 καὶ
290 503 388 564 τὰς
425 501 635 554 sum»)
686 499 1027 563 ἐναντιώσεις
1068 502 1596 569 προασφαλίζεσοαι.
1633 502 1742 554 Καὶ

1862 510 1898 553 :t
1929 504 2047 558 illas
2081 507 2419 560 calamitates
2455 521 2721 567 quantum»
2758 506 2870 559 licri
2913 513 3095 573 potest
3129 515 3438 560 antevenis.

166 595 429 662 μάλιστα,
464 593 542 654 ώς
596 592 857 653 πολλάκις
890 594 1023 661 ἡμῖν
1068 593 1308 662 εἴρηται,
1360 595 1458 654 τὰς
1509 595 1742 663 ἀποτροο

1862 597 2126 664 ιωρτίωἱε
2149 606 2360 658 autem,
2413 598 2879 666 quemadmodum
2933 612 3074 663 saepe
3112 611 3142 649 a
3174 611 3260 650 me
3282 611 3437 650 com-

163 687 271 751 φὰς
303 683 526 754 ἡμερῶν
560 682 758 750 ὀλίγων
784 681 892 735 τῶν
916 699 977 734 τε
1001 682 1352 746 στρατιωτῶν
1382 684 1477 735 κα)⁵
1514 681 1622 736 τῶν
1654 683 1745 734 ἴπ-

1862 694 2209 738 nemoratum
2269 695 2376 746 est,
2429 686 2646 738 dierum
2692 683 2901 752 aliquot
2959 693 3302 739 commeatus
3333 700 3442 755 pro

165 796 286 828 των
321 777 601 842 συνάγειν,
625 776 714 827 καὶ
747 773 996 842 φοσσάτα
1022 774 1346 845 ὀχυρώτερα
1397 778 1591 841 ποιεῖν,
1651 774 1746 828 καὶ

1862 773 2114 828 nilitibus
2161 776 2430 844 equisque
2483 774 2843 843 provehatur.
2894 773 3087 827 Castra
3136 774 3445 830 munitiora

161 872 222 923 ἐν
261 869 588 938 ἐπιτηδείοις
613 869 821 931 τόποις,
847 868 976 921 ἔνθα
1010 868 1234 922 δυνατὸν
1264 869 1324 922 τὸ
1349 867 1495 940 ὕδωρ
1531 870 1747 931 πάντως

165 962 505 1015 ἑκὸικεῖσθαι
537 962 593 1012 ἐν
623 961 802 1032 καιρῷ
830 961 1100 1029 ἀνάγκης.

239 1055 308 1116 ζ’.
348 1054 440 1124 Μὴ
465 1053 745 1125 ἀμελήσῃς
787 1055 844 1106 δὲ
880 1054 979 1123 τῆς
1026 1055 1404 1124 ἀριστοποιίας
1444 1054 1539 1107 τοῦ
1581 1071 1750 1126 στρα-

164 1148 283 1201 τοῦ.
318 1149 379 1200 Ei
416 1147 515 1217 μὲν
543 1147 652 1218 γὰρ
680 1149 768 1200 ὅτε
805 1147 1180 1218 συμϐουλευθῇ
1224 1149 1260 1217 ἡ
1302 1147 1549 1218 συμϐολὴ
1602 1150 1750 1215 γίνε-

163 1259 281 1301 ται,
311 1242 530 1304 πάντως
564 1244 622 1293 ἐν
659 1234 705 1309 ᾧ
749 1240 814 1295 ἂν
865 1241 1172 1314 δοκιμασῃς
1203 1240 1386 1312 καιρῷ
1438 1242 1499 1294 τὸ
1527 1241 1752 1313 ἄριστον

167 1335 266 1386 τοῦ
294 1335 528 1405 στρατοῦ
554 1333 809 1401 γινέσθω.
844 1332 979 1386 Είδὲ
1011 1333 1171 1387 τοῦτο
1195 1333 1272 1402 μὴ
1309 1332 1476 1395 ἐστιν,
1528 1333 1752 1404 μέλλον-

169 1443 262 1488 τος
285 1424 378 1478 τοῦ
403 1425 639 1494 πολέμου
668 1425 884 1487 πάντως
906 1425 968 1477 τδ
989 1425 1134 1495 πρωῒ
1159 1424 1405 1492 γίνεσθαι
1424 1424 1486 1477 τὸ
1508 1425 1752 1495 ἄριστον,

166 1513 281 1575 ἵνα,
320 1512 570 1582 εἰτύχοι,
603 1512 699 1566 καὶ
742 1511 1010 1581 εὖρωστοί
1039 1515 1169 1577 εἰσι,
1197 1517 1292 1567 καὶ
1328 1515 1397 1569 δι’
1437 1513 1566 1583 ὅλης
1620 1513 1753 1567 πολ·

165 1606 327 1667 λακις
357 1607 454 1675 τῆς
485 1604 700 1676 ἡμέρας
740 1604 833 1658 τοῦ
867 1606 1106 1676 πολέμου
1131 1607 1465 1678 κρατοῦντος
1490 1605 1567 1676 μή
1592 1605 1754 1659 ἐκλυ-

166 1699 362 1752 Οῶσιν.

243 1799 314 1860 η’.
347 1791 468 1860 Χρὴ
492 1790 551 1844 δέ
587 1807 646 1844 σε
680 1790 920 1854 πάντως,
949 1784 996 1845 ὦ
1035 1792 1332 1862 στρατηγὲ,
1376 1791 1452 1862 μὴ
1492 1793 1652 1862 μόνον
1692 1793 1752 1847 ἐν

161 1888 281 1946 τοῖς
304 1885 486 1948 ἄλλοις
512 1887 745 1955 καιροῖς,
781 1885 920 1938 ἀλλα
965 1886 1059 1938 καὶ
1103 1888 1161 1938 ἐν
1214 1886 1292 1954 τῷ
1323 1886 1553 1956 τοιούτῳ
1581 1889 1751 1954 ἐγγὺς

162 1976 260 2028 τοῦ
290 1975 529 2045 πολέμου
566 1975 744 2047 καιρῷ
777 1976 855 2046 μὴ
884 1977 1109 2047 ἀμελεῖν
1136 1975 1231 2030 τοῦ
1260 1977 1752 2048 συμϐουλεύεσθαι,

164 2066 307 2118 ἀλλὰ
371 2067 464 2119 καὶ
513 2067 632 2120 τότε
692 2068 930 2137 μάλιστα
969 2066 1329 2138 συγκαλέσεις
1377 2071 1504 2133 τοὺς
1544 2070 1649 2123 ὑπὸ
1695 2070 1755 2123 σὲ

163 2159 548 2228 τουρμάρχας,
585 2159 678 2212 καὶ
697 2159 750 2211 εί
775 2177 898 2213 τινα
930 2161 1118 2231 ἕτερον
1151 2161 1471 2232 δοκιμάσεις
1497 2162 1756 2232 ἀγχίνουν

165 2254 262 2305 καὶ
295 2252 587 2322 φρόνιμον,
614 2253 692 2314 εἰς
719 2251 819 2323 τὴν
861 2253 1002 2306 κατὰ
1044 2253 1146 2306 τὸν
1184 2254 1377 2322 καιρὸν
1399 2253 1757 2322 ὀφειλομένην

165 2344 419 2412 γίνεσθαι
459 2344 771 2414 συμϐουλήν
795 2362 806 2374 ·
838 2347 932 2400 καὶ
956 2345 1129 2410 οὕτως
1148 2345 1540 2417 βουλεύσασθαι
1559 2362 1618 2398 σε
1641 2344 1757 2398 δέον

167 2441 235 2490 τὰ
271 2439 402 2508 περὶ
425 2435 519 2489 τοῦ
544 2436 813 2505 πολέμου.

236 2531 307 2584 0'.
343 2532 644 2584 Κατανοεῐν
677 2533 734 2584 δέ
777 2530 1021 2602 ἀκριϐῶς
1059 2530 1270 2584 καὶτὸν
1317 2531 1482 2584 τόπον
1540 2529 1666 2583 ἔνθα
1715 2532 1752 2598 ἡ

172 2623 422 2693 συμϐολὴ
444 2623 541 2674 τοῦ
577 2622 816 2693 πολέμου
851 2623 1033 2693 μέλλει
1058 2623 1329 2692 γίνεσθαι.

243 2729 296 2774 ι’.
347 2718 846 2790 Προπαραγγείλῃς
894 2717 953 2770 δὲ
1010 2719 1126 2778 τοῖς
1170 2716 1432 2787 ἄρχουσιν
1483 2716 1573 2769 ἶνα
1615 2717 1758 2770 κατὰ

176 2813 286 2879 τὴν
319 2809 548 2882 πρώτην
588 2808 773 2877 φωνὴν
799 2805 894 2858 τοῦ
924 2805 1174 2875 βουκίνου
1204 2805 1262 2857 ἐν
1282 2806 1348 2874 τῇ
1367 2804 1522 2856 νυκτὶ⁵
1544 2804 1644 2873 τῆς
1663 2803 1758 2858 τοῦ

170 2903 414 2970 πολέμου
442 2900 658 2971 ἡμέρας
683 2901 808 2961 τοὺς
839 2898 1038 2961 ἵππους
1076 2897 1171 2950 ἐπὶ
1213 2896 1307 2949 τὸν
1365 2897 1527 2949 ποτὸν
1574 2914 1757 2966 παρα-

171 2996 521 3048 σκευάῖωσιν
553 2993 860 3060 ἐξαγαγεῖν·
893 2991 981 3044 ἵνα
1010 2990 1106 3060 μὴ,
1134 2990 1210 3051 ὼς
1238 2990 1408 3054 εἰκὸς,
1431 2989 1760 3059 ἀμελοῦντες

169 3087 364 3139 τούτου
395 3088 450 3138 ἐν
475 3084 554 3154 τῷ
582 3083 757 3154 καιρῷ
790 3084 890 3153 τῆς
931 3082 1292 3152 παρατάξεως
1335 3081 1757 3137 ἀπολείπωνται.

243 3186 338 3233 ια’.
367 3178 760 3248 Παραγγείλῃς
791 3177 867 3240 δὲ,
908 3175 1090 3238 καθὼς
1129 3175 1386 3245 ἀνωτέρω
1428 3176 1561 3244 ἡμῖν
1605 3175 1755 3245 εἶρηο
1782 3193 1828 3251 c

173 3290 290 3332 ται,
335 3273 425 3324 ἵνα
457 3272 552 3324 καὶ
576 3267 656 3333 εἷς
704 3269 936 3332 ἕκαστος
979 3267 1320 3340 στρατιώτης
1367 3268 1425 3320 ἐν
1469 3268 1548 3338 τῷ
1592 3270 1759 3322 κινεῖν

171 3369 314 3437 πρὸς
341 3363 651 3434 παράταξιν
685 3362 782 3432 ἔχῃ
803 3363 873 3416 ’ἐν
908 3360 985 3431 τῷ
1020 3361 1428 3431 σελλοπουγγίῳ
1466 3360 1632 3414 αὐτοῦ
1649 3361 1760 3431 (96)

175 3460 310 3528 μίαν
341 3457 494 3528 ἢκα“ι
523 3457 618 3510 δύο
641 3455 835 3526 λίτρας
886 3456 1085 3524 ἄρτου,
1128 3453 1162 3524 ἢ
1200 3453 1456 3524 ἀλεύρου,
1489 3453 1522 3524 ἧ
1566 3454 1760 3507 πίστου

171 3549 404 3619 ἔφητοῦ,
436 3548 468 3619 ἦ
501 3546 849 3617 παξαμάδας,
895 3545 929 3615 ἢ
965 3547 1152 3614 κρέας.
1180 3544 1365 3614 Ἔχειν
1393 3545 1450 3597 δὲ
1483 3544 1580 3597 καὶ
1622 3543 1762 3611 φλα-

175 3645 308 3696 σκῖν
346 3638 543 3710 μικρὸν
570 3639 627 3691 ἐν
673 3640 742 3708 τῇ
777 3635 1018 3707 ἀργαϐίᾳ
1065 3636 1254 3698 ὕδατος
1294 3635 1485 3706 γέμον,
1548 3634 1644 3688 καὶ
1686 3635 1761 3706 μὴ

173 3738 348 3798 οἴνου,
375 3733 468 3786 διά
502 3748 563 3785 τε
595 3730 695 3794 τὰς
722 3730 967 3801 τυχηρᾶς
1004 3728 1382 3798 περιστάσεις,
1412 3727 1508 3782 καὶ
1543 3729 1661 3791 τὰς.
1686 3728 1762 3792 ὡς

173 3827 348 3888 εικὸς,
377 3822 704 3885 ἀπαντώσας
729 3821 939 3892 χρείας.
967 3819 1236 3882 Πολλάκις
1263 3818 1374 3888 γὰρ
1409 3819 1762 3889 τρεπομένων

171 3919 412 3991 ἐχθρῶν,
431 3921 523 3971 καὶ
542 3915 862 3985 ὀχυρώματι
884 3912 1357 3983 προστρεχόντων,
1381 3910 1542 3981 χρεία
1570 3928 1745 3980 παρα-

177 4013 405 4068 καθίσαι
458 4011 647 4072 αὑτοῖς
686 4008 774 4061 διὰ
838 4005 1032 4068 νυκτὸς
1071 4004 1168 4058 καὶ
1222 4003 1462 4074 ἡμέρας,
1503 4003 1538 4074 ἢ
1599 4002 1763 4055 πάλιν

171 4101 573 4172 τὴνσυμϐολὴν
629 4098 790 4169 μέχρι
842 4097 941 4167 τῆς
1003 4094 1242 4164 ἐσιπτέραι⁵
1295 4091 1758 4162 παρατείνεσθαι·

173 4197 272 4252 καὶ
328 4191 624 4260 ἀναγκαῖόν
679 4192 827 4242 ἐστιν
901 4185 1260 4256 ἐπιφέρεσθαι
1322 4184 1613 4255 δαπάνην,
1672 4184 1761 4237 ἵνα

176 4289 256 4359 μὴ
303 4289 364 4358 τῇ
399 4283 633 4354 ἐλλείψει
685 4282 784 4353 τῆς
822 4280 1070 4349 δαπάνης
1114 4277 1176 4331 τὸ
1215 4277 1492 4346 πρακτέον
1530 4276 1760 4347 rip-mai-

172 4383 362 4452 ζηται.

247 4472 338 4542 ιβ’.
371 4469 500 4524 Ἐὰν
529 4469 588 4523 δὲ
614 4466 749 4538 πρὸς
797 4465 1021 4520 δυνατὸν
1054 4464 1210 4527 έθνος
1252 4464 1401 4517 ἐστὶν
1431 4465 1460 4518 ὁ
1493 4463 1758 4534 πόλεμος.

1849 868 2004 936 ﬂant,
2060 869 2384 940 idoneisque
2438 885 2489 921 in
2545 869 2700 932 locis,
2744 869 2839 923 ubi
2877 881 3020 939 aqua
3073 870 3301 924 omnino
3344 869 3443 925 de.

1850 963 1996 1018 tendi
2037 970 2238 1032 potest,
2277 969 2573 1033 ponantur.

1920 1057 1974 1110 7.
2001 1057 2162 1111 Curae
2205 1057 2300 1110 tibi
2336 1071 2555 1126 quoque
2603 1055 2898 1123 prandium
2960 1053 3195 1108 militum
3249 1051 3345 1109 sit.
3379 1052 3440 1109 Si

1850 1152 1996 1206 enim
2030 1151 2251 1220 quando
2278 1149 2556 1203 communi
2599 1147 2835 1202 consilio
2876 1146 3158 1201 decretum
3193 1154 3282 1201 est
3321 1144 3441 1200 bel-

1851 1247 1962 1300 lum
2018 1244 2279 1315 incipiet,
2337 1250 2449 1296 tum
2505 1257 2615 1308 quo
2666 1249 2912 1309 tempore
2958 1240 3230 1315 optimum
3287 1238 3443 1307 judi-

1851 1339 2008 1394 eabis
2037 1338 2306 1408 prandeat
2331 1336 2625 1389 exercitus.
2667 1331 2763 1388 Sin
2800 1333 2906 1386 hoc
2936 1314 3161 1386 minime
3194 1330 3438 1390 futurum

1852 1435 1947 1497 sit,
1966 1432 2078 1500 jam
2103 1428 2458 1499 impendi-nte
2486 1429 2652 1494 bello,
2680 1427 2887 1481 milites
2918 1440 3079 1480 mane
3109 1425 3440 1495 prandeant,

1855 1534 1914 1582 ut
1948 1520 2141 1594 magis
2161 1522 2303 1577 ﬁrmi
2335 1522 2488 1586 ﬂant,
2521 1528 2574 1574 et
2613 1535 2708 1589 per
2740 1521 3010 1590 integrum
3033 1518 3204 1581 diem,
3239 1518 3284 1573 si
3316 1525 3445 1572 tan-

1855 1620 1946 1676 diu
1981 1618 2183 1673 bellum
2215 1617 2521 1679 duraverit,
2550 1615 2734 1670 minus
2764 1613 2977 1670 viribus
3001 1612 3354 1669 deﬁciamur.

1929 1803 1984 1860 8.
2015 1802 2137 1858 Non
2167 1801 2331 1856 modo
2355 1799 2478 1854 aliis
2516 1797 2872 1868 temporibus,
2922 1808 3112 1850 verum
3149 1792 3315 1849 etiam
3346 1805 3444 1860 ap-

1859 1905 2079 1968 petente
2107 1895 2220 1966 jam
2249 1893 2375 1949 belli
2407 1901 2676 1960 tempore,
2699 1888 2992 1944 consilium
3013 1886 3113 1953 abs
3138 1893 3192 1940 te
3218 1884 3454 1947 minime,

1858 1986 2240 2059 negligendum
2269 1996 2374 2046 est,
2402 1985 2496 2038 scd
2527 1980 2880 2035 turmarrhas
2911 1986 3058 2040 tuos,
3093 1984 3149 2029 et
3193 1973 3239 2028 si
3275 1987 3440 2040 quem

1859 2090 2121 2153 praeterea
2145 2079 2402 2134 solertem
2448 2075 2886 2144 prudentemque
2909 2070 3088 2123 virum
3111 2065 3352 2136 judicas,
3371 2063 3444 2118 ad

1858 2173 2148 2228 consilium
2190 2185 2254 2223 ex
2297 2179 2544 2236 tempore
2572 2165 2900 2234 capiendum
2938 2158 3258 2224 advocabis,
3287 2165 3342 2212 et
3371 2155 3443 2210 de

1858 2267 2023 2323 rebus
2055 2263 2282 2336 agendis
2315 2260 2662 2315 deliberabis.

1931 2533 1983 2587 9.
2034 2527 2420 2585 Aztvertcndus
2465 2525 2759 2592 diligenter
2805 2521 2970 2575 etiam
3025 2518 3180 2572 locus
3225 2515 3280 2570 in
3331 2527 3445 2585 quo

1860 2620 2198 2677 conﬂictatio
2230 2615 2360 2672 belli
2392 2615 2572 2668 futura
2605 2620 2710 2667 est.
3362 2666 3364 2669 ι

1934 2717 2022 2770 to.
2071 2711 2364 2780 Praecipies
2401 2711 2564 2764 etiam
2609 2703 2905 2777 praefectis,
2970 2711 3033 2756 ut
3080 2702 3149 2755 ad
3199 2696 3444 2769 primunt

1863 2826 2058 2867 sonum
2094 2807 2341 2862 buccinae
2371 2804 2492 2872 eius
2525 2803 2728 2864 noctis,
2765 2813 2889 2867 quae
2930 2796 3074 2851 diem
3112 2791 3244 2848 belli
3287 2794 3446 2843 ante-

1861 2905 2029 2965 cedit.
2066 2915 2238 2970 equos
2267 2908 2530 2967 aquatum
2564 2893 2828 2954 educant,
2862 2904 2932 2944 ne
2980 2888 3028 2944 si
3081 2886 3185 2940 hoc
3215 2890 3447 2954 preter-

1864 3000 2133 3063 inittatur,
2161 2973 2427 3064 equorum
2453 2989 2598 3043 vires
2621 2988 2676 3041 in
2703 2985 2849 3040 bello
2878 2980 3159 3037 deﬁciant.

1937 3179 2022 3232 tt.
2080 3173 2370 3244 Praecipies
2423 3170 2609 3230 etiam,
2671 3162 3141 3236 quemadmodum
3205 3173 3371 3229 supra
3416 3172 3448 3211 a

1863 3272 2023 3328 nobis
2047 3268 2359 3323 mandatum
2383 3273 2489 3326 est,
2519 3271 2579 3315 ut
2605 3257 2981 3327 unusquisque
3012 3253 3193 3314 miles,
3227 3247 3452 3319 quando

1864 3366 1928 3420 ad
1952 3360 2360 3419 dimicationem
2382 3355 2506 3411 belli
2529 3351 2798 3425 procedit,
2818 3349 3017 3402 habeat
3033 3348 3086 3399 in
3109 3341 3452 3413 sellopungio

1865 3471 1968 3511 suo
2000 3465 2162 3508 unam
2202 3459 2295 3503 aut
2335 3449 2474 3502 duas
2517 3445 2686 3498 libras
2729 3441 2909 3511 panis,
2959 3443 3054 3490 aut
3086 3433 3299 3495 farinae,
3357 3435 3452 3481 aut

1866 3545 2120 3611 biscocti,
2149 3551 2244 3598 aut
2290 3536 2624 3613 paxamadii,
2660 3543 2754 3588 aut
2779 3531 2964 3588 carnis
3000 3548 3015 3585 :
3053 3529 3253 3582 habeat
3284 3523 3450 3578 etiam

1865 3639 2170 3712 phlascium
2203 3635 2259 3689 in
2288 3631 2511 3712 argabia
2543 3629 2763 3700 plenum
2818 3637 2981 3693 aqua,
3031 3634 3140 3676 non
3169 3618 3324 3680 vino,
3360 3613 3454 3666 ad-

1868 3749 2063 3790 versus
2095 3744 2287 3785 omnes
2311 3705 2573 3780 'l'ortuitas
2605 3736 2693 3776 res
2729 3720 3157 3774 circumstantes
3203 3718 3257 3764 et
3291 3719 3454 3760 casus

1866 3842 1966 3882 nec
1993 3824 2268 3895 Opinatos.
2305 3819 2459 3888 Saepe
2487 3816 2661 3879 enim,
2692 3808 2998 3882 proﬂigatis
3028 3803 3280 3859 hostibus
3302 3805 3356 3853 et
3386 3796 3453 3848 ait

1867 3917 2232 3973 tnuuitioncm
2283 3911 2522 3981 aliquam
2593 3903 3034 3963 accurrentibus,
3086 3891 3375 3950 obsidendi
3425 3907 3454 3942 ιι

1866 4011 2028 4066 nobis
2061 4009 2205 4062 diem
2240 4018 2404 4059 unam
2443 4017 2506 4054 ac
2538 4007 2752 4052 noctem
2786 4002 2952 4050 sunt:
2984 3999 3080 4046 aut
3108 3989 3154 4042 si
3185 3999 3358 4053 usque
3388 3980 3454 4033 ad

1866 4107 2009 4160 diem
2039 4098 2377 4156 conﬂictatio
2412 4089 2769 4165 producenda
2807 4090 2899 4151 sit,
2931 4097 3159 4139 necesse
3187 4090 3270 4133 est
3307 4090 3457 4129 com-

1867 4207 2105 4252 meatum
2159 4189 2378 4253 aﬂ'erri,
2443 4198 2502 4241 ut
2561 4200 2630 4238 ne
2679 4187 3019 4237 commeatus
3072 4171 3303 4245 penuria
3368 4182 3456 4220 res

1867 4289 2092 4361 agenda:
2123 4283 2492 4354 impediantur

1938 4459 2021 4514 12.
2049 4457 2104 4512 Si
2135 4454 2400 4508 adversus
2435 4456 2716 4520 potentem
2754 4446 3031 4499 nationem
3065 4441 3270 4496 bellum
3306 4438 3459 4493 iutu-

172 4568 270 4621 καὶ
302 4568 367 4617 ἐκ
401 4559 726 4634 προλήψεώς
753 4576 896 4622 τινος
945 4561 1003 4610 ἐν
1044 4557 1222 4627 δειλία
1248 4559 1399 4610 ἐστιν
1446 4559 1474 4609 ὁ
1501 4556 1756 4626 στρατὸς,

1869 4566 1986 4604 rum
2013 4557 2117 4612 est,
2153 4553 2211 4600 et
2243 4545 2296 4597 in
2332 4543 2527 4596 timore
2569 4539 2754 4607 aliquo
2786 4551 2848 4588 ac
2893 4533 3218 4587 demissiore
3273 4529 3460 4583 animo

176 4659 253 4726 μὴ
285 4654 599 4723 σπουδάσῃς
621 4649 1029 4721 συμπλέκεσθαι
1055 4648 1332 4719 δημοσίως
1377 4647 1565 4711 εὐθὺς,
1623 4647 1760 4702 ἀλλὰ

173 4751 444 4819 πρότερον
470 4743 727 4813 ἀσφαλῶς
772 4741 1057 4812 ἐπιτήδευε
1111 4740 1218 4811 πρὸ
1271 4741 1368 4810 τῆς
1414 4739 1629 4810 ἡμέρας
1660 4738 1756 4790 τοῦ

1863 4641 2137 4697 exercitus
2163 4643 2354 4690 noster
2381 4632 2565 4694 fuerit,
2601 4643 2668 4682 ne
2706 4628 2888 4679 statim
2921 4632 3112 4693 aperte
3145 4636 3208 4674 ac
3241 4619 3461 4689 publice

1863 4752 1990 4788 cum
2023 4731 2132 4788 illis
2167 4726 2452 4811 conﬂigas,
2503 4722 2598 4776 sed
2638 4730 2765 4775 ante
2805 4719 2950 4774 diem
2987 4716 3113 4770 belli
3160 4729 3283 4768 cum
3313 4712 3460 4766 dele-

175 4807 419 4906 ποὲέμου
478 4807 621 4906 μετὰ
661 4807 1004 4898 ἐξαπλίκττων
1037 4831 1132 4884 καλ⁸
1159 4807 1171 4811 -
1201 4807 1495 4901 χρησίμων
1531 4807 1758 4899 *ἀνδρῶν

1862 4829 1967 4882 ctis
1992 4807 2321 4896 quibusdam
2348 4818 2701 4884 strenuisque
2729 4811 3023 4873 militibus,
3065 4807 3231 4868 clam,
3263 4813 3318 4859 et
3349 4819 3458 4886 non

175 4928 489 4998 λεληθότως
532 4925 627 4980 καὶ
662 4923 740 4994 μὴ
785 4924 1036 4994 φανερῶς
1073 4919 1403 4994 ἐπέρχεσθαι
1445 4938 1553 4974 τινι
1599 4922 1756 4992 μέρει

175 5020 380 5076 αὐτῶν.
441 5018 569 5072 Ἐὰν
602 5017 712 5088 γὰρ
772 5015 1074 5085 φονευθῶσί
1125 5031 1265 5077 τινες
1317 5013 1426 5067 τῶν
1476 5015 1758 5080 ἐναντίων,

175 5116 208 5185 ἢ
236 5114 442 5177 ζῶντες
464 5108 871 5182 ωλληφθῶσιν,
901 5108 1099 5180 νομίσῃ
1130 5107 1190 5160 τὸ
1222 5105 1426 5177 πλῆθος
1448 5106 1555 5159 τῶν
1593 5124 1760 5177 στρα-

177 5205 394 5261 τιωτῶν
453 5205 534 5258 ὅτι
582 5203 809 5277 δυνάμει
847 5201 1065 5269 ἐγένετο
1098 5200 1158 5252 τὸ
1196 5199 1449 5269 συμϐὰν,
1498 5199 1593 5252 καὶ
1626 5217 1762 5268 προ-

179 5296 476 5365 Θυμὸτεροι
534 5291 776 5361 γίνονται
860 5289 958 5360 τὴν
1023 5289 1226 5342 δειλίαν
1283 5287 1758 5357 ἀποϐαλλόμενοι,

181 5390 273 5439 καὶ
305 5385 480 5449 οὕτως
520 5385 659 5454 μετὰ
688 5381 884 5454 μικρὸν
910 5381 1176 5444 ἐθίζονται
1212 5380 1442 5451 τολμᾷν,
1487 5381 1580 5432 καὶ
1620 5382 1762 5434 κατά

181 5479 365 5534 αὐτῶν
388 5479 682 5547 ἐγχειρεῖν.

257 5571 494 5639 ιγ’ΏΕΞιν
521 5569 576 5622 δὲ
600 5567 982 5638 αἱφνιδιασμδς
1001 5568 1225 5635 γένηται
1249 5568 1354 5620 ὑπὸ
1381 5569 1490 5619 τῶν
1530 5567 1762 5636 ἐχθρῶν,

1865 4929 2076 4993 aperte,
2107 4918 2327 4971 illorum
2362 4923 2570 4984 partem
2611 4909 2853 4979 aliquam
2884 4903 3176 4960 adoriar-is.
3211 4901 3269 4956 Si
3311 4889 3456 4956 enim

1869 4991 2181 5084 quidamex
2226 5007 2480 5063 hostibus
2526 5003 2606 5055 vel
2644 5002 2871 5054 omnino
2917 4997 3342 5068 iuterticiantur,
3372 4991 3459 5045 vel

1869 5108 1977 5163 vivi
2009 5107 2318 5175 capiantur,
2342 5100 2619 5157 exercitus
2656 5097 2785 5150 illud
2822 5094 3142 5149 fortitudine
3171 5107 3234 5146 ac
3261 5089 3458 5144 robore

1871 5202 2120 5256 eﬂ'ectum
2149 5196 2440 5268 iudicabit,
2475 5205 2521 5245 cI
2545 5193 2688 5244 vires
2711 5189 2950 5257 colliget,
2980 5186 3340 5251 timoremque
3363 5179 3460 5234 dc-

1874 5297 2060 5361 ponet,
2094 5296 2258 5357 atque
2297 5284 2433 5338 adeo
2468 5281 2734 5353 paulatim
2792 5276 3089 5332 assneﬁeut
3134 5271 3459 5327 audaciores

1873 5399 2014 5443 esse,
2044 5390 2097 5435 ct
2134 5381 2317 5434 hostes
2355 5377 2592 5432 alacrius
2625 5372 2904 5425 invadere.

1955 5563 2036 5616 13.
2071 5560 2125 5612 Si
2159 5561 2345 5613 hostes
2382 5565 2435 5612 te
2485 5572 2583 5609 nec
2624 5565 2850 5623 opinato
2896 5551 3230 5620 opprimant,
3281 5561 3460 5615 neque

186 5668 276 5717 καὶ
330 5663 404 5732 μὴ
441 5661 714 5731 συμϐαίνῃ
743 5663 808 5728 τῇ
863 5659 957 5712 τοῦ
1009 5659 1244 5728 πολέμου
1295 5661 1454 5729 χρείᾳ.
1512 5659 1543 5728 ἢ
1603 5661 1632 5711 ὁ
1678 5661 1758 5711 τό·

1881 5657 1931 5709 ἰιΙ
1972 5657 2036 5710 ad
2064 5671 2222 5708 usum
2254 5663 2404 5706 tuum
2448 5661 2680 5722 pcrth
2723 5659 2772 5700 ut
2815 5662 2937 5698 cu'u
2971 5645 3075 5698 illis
3105 5641 3354 5705 dimices,
3376 5640 3457 5694 vcl

873 5768 880 5776 '
1709 5750 1938 5805 NOTJ'I.

260 5850 376 5922 (36}
417 5852 471 5906 In
507 5851 697 5906 codice
757 5850 1131 5905 Laurentiano
1167 5851 1366 5906 desunt
1418 5847 1744 5918 paragraphi
1786 5847 1875 5916 Qui
1910 5851 2237 5914 sequuntur.
