  <div class='ocr_page' id='page_1' title='image "/cluster/home/n/w/nwhite01/storage/ocr_20150623/107/nnc1.0046980040/495.png"; bbox 0 0 4176 6442; ppageno 0'>
   <div class='ocr_carea' id='block_1_1' title="bbox 703 374 807 444">
    <p class='ocr_par' dir='ltr' id='par_1_1' title="bbox 703 374 807 444">
     <span class='ocr_line' id='line_1_1' title="bbox 703 374 807 444; baseline -0.029 0"><span class='ocrx_word' id='word_1_1' title='bbox 703 374 807 444; x_wconf 67' lang='lat'><strong>8&amp;7</strong></span> 
     </span>
    </p>
   </div>
   <div class='ocr_carea' id='block_1_2' title="bbox 1969 388 2741 451">
    <p class='ocr_par' dir='ltr' id='par_1_2' title="bbox 1969 388 2741 451">
     <span class='ocr_line' id='line_1_2' title="bbox 1969 388 2741 451; baseline -0.005 -1"><span class='ocrx_word' id='word_1_2' title='bbox 1969 391 2246 451; x_wconf 76' lang='lat' dir='ltr'><strong>LEONIS</strong></span> <span class='ocrx_word' id='word_1_3' title='bbox 2276 388 2741 450; x_wconf 78' lang='lat' dir='ltr'><strong>PHILOSOPHI</strong></span> 
     </span>
    </p>
   </div>
   <div class='ocr_carea' id='block_1_3' title="bbox 3864 383 3973 447">
    <p class='ocr_par' dir='ltr' id='par_1_3' title="bbox 3864 383 3973 447">
     <span class='ocr_line' id='line_1_3' title="bbox 3864 383 3973 447; baseline -0.009 -1"><span class='ocrx_word' id='word_1_4' title='bbox 3864 383 3973 447; x_wconf 83' lang='lat' dir='ltr'><strong>3i8</strong></span> 
     </span>
    </p>
   </div>
   <div class='ocr_carea' id='block_1_4' title="bbox 706 494 2294 571">
    <p class='ocr_par' dir='ltr' id='par_1_4' title="bbox 706 494 2285 571">
     <span class='ocr_line' id='line_1_4' title="bbox 706 494 2285 571; baseline 0.004 -24"><span class='ocrx_word' id='word_1_5' title='bbox 706 499 836 564; x_wconf 83' lang='lat' dir='ltr'><strong>quia</strong></span> <span class='ocrx_word' id='word_1_6' title='bbox 868 494 1023 548; x_wconf 89' lang='lat' dir='ltr'><strong>locus</strong></span> <span class='ocrx_word' id='word_1_7' title='bbox 1056 507 1216 562; x_wconf 81' lang='lat' dir='ltr'><strong>asper</strong></span> <span class='ocrx_word' id='word_1_8' title='bbox 1262 502 1426 565; x_wconf 87' lang='lat' dir='ltr'><strong>atquc</strong></span> <span class='ocrx_word' id='word_1_9' title='bbox 1455 499 1771 555; x_wconf 84' lang='lat' dir='ltr'><strong>condcusus</strong></span> <span class='ocrx_word' id='word_1_10' title='bbox 1804 511 1908 565; x_wconf 82' lang='lat' dir='ltr'><strong>est,</strong></span> <span class='ocrx_word' id='word_1_11' title='bbox 1946 504 2030 556; x_wconf 88' lang='lat' dir='ltr'><strong>vel</strong></span> <span class='ocrx_word' id='word_1_12' title='bbox 2069 513 2285 571; x_wconf 85' lang='lat' dir='ltr'><strong>tempus</strong></span> 
     </span>
    </p>
   </div>
   <div class='ocr_carea' id='block_1_5' title="bbox 2396 494 3975 571">
    <p class='ocr_par' dir='ltr' id='par_1_5' title="bbox 2397 494 3975 566">
     <span class='ocr_line' id='line_1_5' title="bbox 2397 494 3975 566; baseline -0.001 -17"><span class='ocrx_word' id='word_1_13' title='bbox 2397 515 2495 560; x_wconf 87' lang='grc' dir='ltr'><strong>πος</strong></span> <span class='ocrx_word' id='word_1_14' title='bbox 2521 498 2597 561; x_wconf 85' lang='grc' dir='ltr'><strong>ὡς</strong></span> <span class='ocrx_word' id='word_1_15' title='bbox 2616 496 2781 558; x_wconf 81' lang='grc' dir='ltr'>δασὺς</span> <span class='ocrx_word' id='word_1_16' title='bbox 2811 495 2905 548; x_wconf 76' lang='grc' dir='ltr'>καὶ</span> <span class='ocrx_word' id='word_1_17' title='bbox 2927 494 3211 566; x_wconf 82' lang='grc' dir='ltr'>δυσχερὴς,</span> <span class='ocrx_word' id='word_1_18' title='bbox 3246 494 3278 566; x_wconf 79' lang='grc' dir='ltr'>ἢ</span> <span class='ocrx_word' id='word_1_19' title='bbox 3316 496 3345 547; x_wconf 84' lang='grc' dir='ltr'><strong>ό</strong></span> <span class='ocrx_word' id='word_1_20' title='bbox 3388 495 3580 566; x_wconf 79' lang='grc' dir='ltr'>καιρὸς</span> <span class='ocrx_word' id='word_1_21' title='bbox 3620 495 3975 566; x_wconf 69' lang='grc' dir='ltr'>ἀπρόσφορός</span> 
     </span>
    </p>
   </div>
   <div class='ocr_carea' id='block_1_6' title="bbox 708 589 2284 663">
    <p class='ocr_par' dir='ltr' id='par_1_6' title="bbox 708 589 2284 663">
     <span class='ocr_line' id='line_1_6' title="bbox 708 589 2284 663; baseline 0.006 -23"><span class='ocrx_word' id='word_1_22' title='bbox 708 589 1106 658; x_wconf 87' lang='lat' dir='ltr'><strong>importunum,</strong></span> <span class='ocrx_word' id='word_1_23' title='bbox 1140 595 1220 652; x_wconf 90' lang='lat' dir='ltr'><strong>ut,</strong></span> <span class='ocrx_word' id='word_1_24' title='bbox 1251 591 1463 659; x_wconf 78' lang='lat' dir='ltr'><strong>magnis</strong></span> <span class='ocrx_word' id='word_1_25' title='bbox 1496 590 1794 663; x_wconf 80' lang='lat' dir='ltr'><strong>frigoribus</strong></span> <span class='ocrx_word' id='word_1_26' title='bbox 1840 604 1934 650; x_wconf 89' lang='lat' dir='ltr'><strong>aut</strong></span> <span class='ocrx_word' id='word_1_27' title='bbox 1982 595 2284 659; x_wconf 86' lang='lat' dir='ltr'><strong>caloribus,</strong></span> 
     </span>
    </p>
   </div>
   <div class='ocr_carea' id='block_1_7' title="bbox 708 681 2287 758">
    <p class='ocr_par' dir='ltr' id='par_1_7' title="bbox 708 681 2287 758">
     <span class='ocr_line' id='line_1_7' title="bbox 708 681 2287 758; baseline 0.006 -24"><span class='ocrx_word' id='word_1_28' title='bbox 708 695 777 734; x_wconf 90' lang='lat' dir='ltr'><strong>ne</strong></span> <span class='ocrx_word' id='word_1_29' title='bbox 808 690 920 732; x_wconf 87' lang='lat' dir='ltr'><strong>tum</strong></span> <span class='ocrx_word' id='word_1_30' title='bbox 945 681 1169 740; x_wconf 84' lang='lat' dir='ltr'><strong>coneris</strong></span> <span class='ocrx_word' id='word_1_31' title='bbox 1191 696 1313 736; x_wconf 86' lang='lat' dir='ltr'><strong>cum</strong></span> <span class='ocrx_word' id='word_1_32' title='bbox 1344 682 1453 737; x_wconf 87' lang='lat' dir='ltr'><strong>illis</strong></span> <span class='ocrx_word' id='word_1_33' title='bbox 1479 686 1742 753; x_wconf 81' lang='lat' dir='ltr'><strong>proeliari,</strong></span> <span class='ocrx_word' id='word_1_34' title='bbox 1771 687 1867 743; x_wconf 76' lang='lat' dir='ltr'><strong>sed</strong></span> <span class='ocrx_word' id='word_1_35' title='bbox 1900 689 2134 758; x_wconf 89' lang='lat' dir='ltr'><strong>teipsum</strong></span> <span class='ocrx_word' id='word_1_36' title='bbox 2172 690 2287 744; x_wconf 86' lang='lat' dir='ltr'><strong>col-</strong></span> 
     </span>
    </p>
   </div>
   <div class='ocr_carea' id='block_1_8' title="bbox 706 771 2288 848">
    <p class='ocr_par' dir='ltr' id='par_1_8' title="bbox 706 771 2288 848">
     <span class='ocr_line' id='line_1_8' title="bbox 706 771 2288 848; baseline 0.006 -23"><span class='ocrx_word' id='word_1_37' title='bbox 706 773 810 841; x_wconf 79' lang='lat' dir='ltr'><strong>lige</strong></span> <span class='ocrx_word' id='word_1_38' title='bbox 836 771 1038 839; x_wconf 89' lang='lat' dir='ltr'><strong>potius,</strong></span> <span class='ocrx_word' id='word_1_39' title='bbox 1071 780 1125 825; x_wconf 84' lang='lat' dir='ltr'><strong>et</strong></span> <span class='ocrx_word' id='word_1_40' title='bbox 1172 773 1353 827; x_wconf 92' lang='lat' dir='ltr'><strong>locum</strong></span> <span class='ocrx_word' id='word_1_41' title='bbox 1398 774 1654 829; x_wconf 88' lang='lat' dir='ltr'><strong>idoneum</strong></span> <span class='ocrx_word' id='word_1_42' title='bbox 1700 778 1767 832; x_wconf 91' lang='lat' dir='ltr'><strong>ad</strong></span> <span class='ocrx_word' id='word_1_43' title='bbox 1813 786 1994 834; x_wconf 88' lang='lat' dir='ltr'><strong>castra</strong></span> <span class='ocrx_word' id='word_1_44' title='bbox 2035 781 2288 848; x_wconf 83' lang='lat' dir='ltr'><strong>ponenda</strong></span> 
     </span>
    </p>
   </div>
   <div class='ocr_carea' id='block_1_9' title="bbox 704 860 2292 934">
    <p class='ocr_par' dir='ltr' id='par_1_9' title="bbox 704 860 2292 934">
     <span class='ocr_line' id='line_1_9' title="bbox 704 860 2292 934; baseline 0.006 -16"><span class='ocrx_word' id='word_1_45' title='bbox 704 873 980 933; x_wconf 58' lang='lat' dir='ltr'><strong>quan-met.</strong></span> <span class='ocrx_word' id='word_1_46' title='bbox 1011 865 1267 934; x_wconf 75' lang='lat' dir='ltr'><strong>prmlium</strong></span> <span class='ocrx_word' id='word_1_47' title='bbox 1301 866 1460 922; x_wconf 79' lang='lat' dir='ltr'><strong>differ</strong></span> <span class='ocrx_word' id='word_1_48' title='bbox 1488 860 1662 924; x_wconf 80' lang='lat' dir='ltr'><strong>donec</strong></span> <span class='ocrx_word' id='word_1_49' title='bbox 1688 873 2132 928; x_wconf 89' lang='lat' dir='ltr'><strong>commoditatem</strong></span> <span class='ocrx_word' id='word_1_50' title='bbox 2153 882 2292 929; x_wconf 89' lang='lat' dir='ltr'><strong>tem-</strong></span> 
     </span>
    </p>
   </div>
   <div class='ocr_carea' id='block_1_10' title="bbox 707 957 2294 1032">
    <p class='ocr_par' dir='ltr' id='par_1_10' title="bbox 707 957 2294 1032">
     <span class='ocr_line' id='line_1_10' title="bbox 707 957 2294 1032; baseline 0.01 -23"><span class='ocrx_word' id='word_1_51' title='bbox 707 957 859 1026; x_wconf 87' lang='lat' dir='ltr'><strong>poris</strong></span> <span class='ocrx_word' id='word_1_52' title='bbox 887 972 951 1010; x_wconf 90' lang='lat' dir='ltr'><strong>ac</strong></span> <span class='ocrx_word' id='word_1_53' title='bbox 985 958 1084 1012; x_wconf 84' lang='lat' dir='ltr'><strong>loci</strong></span> <span class='ocrx_word' id='word_1_54' title='bbox 1116 958 1355 1029; x_wconf 78' lang='lat' dir='ltr'><strong>aliquam</strong></span> <span class='ocrx_word' id='word_1_55' title='bbox 1395 962 1596 1017; x_wconf 80' lang='lat' dir='ltr'><strong>habeas</strong></span> <span class='ocrx_word' id='word_1_56' title='bbox 1635 982 1649 1017; x_wconf 93' lang='lat'><strong>:</strong></span> <span class='ocrx_word' id='word_1_57' title='bbox 1686 980 1862 1032; x_wconf 85' lang='lat' dir='ltr'><strong>neque</strong></span> <span class='ocrx_word' id='word_1_58' title='bbox 1889 968 2205 1024; x_wconf 88' lang='lat' dir='ltr'><strong>committas</strong></span> <span class='ocrx_word' id='word_1_59' title='bbox 2234 979 2294 1025; x_wconf 89' lang='lat' dir='ltr'><strong>ut</strong></span> 
     </span>
    </p>
   </div>
   <div class='ocr_carea' id='block_1_11' title="bbox 705 1048 2290 1124">
    <p class='ocr_par' dir='ltr' id='par_1_11' title="bbox 705 1048 2290 1124">
     <span class='ocr_line' id='line_1_11' title="bbox 705 1048 2290 1124; baseline 0.009 -22"><span class='ocrx_word' id='word_1_60' title='bbox 705 1048 916 1103; x_wconf 90' lang='lat' dir='ltr'><strong>invitus</strong></span> <span class='ocrx_word' id='word_1_61' title='bbox 973 1064 1099 1103; x_wconf 89' lang='lat' dir='ltr'><strong>cum</strong></span> <span class='ocrx_word' id='word_1_62' title='bbox 1152 1050 1260 1105; x_wconf 89' lang='lat' dir='ltr'><strong>illis</strong></span> <span class='ocrx_word' id='word_1_63' title='bbox 1317 1050 1603 1124; x_wconf 79' lang='lat' dir='ltr'><strong>confligas.</strong></span> <span class='ocrx_word' id='word_1_64' title='bbox 1643 1054 1757 1109; x_wconf 83' lang='lat' dir='ltr'><strong>Hoc</strong></span> <span class='ocrx_word' id='word_1_65' title='bbox 1809 1058 1854 1110; x_wconf 90' lang='lat' dir='ltr'><strong>si</strong></span> <span class='ocrx_word' id='word_1_66' title='bbox 1904 1057 2124 1124; x_wconf 82' lang='lat' dir='ltr'><strong>feceris,</strong></span> <span class='ocrx_word' id='word_1_67' title='bbox 2179 1076 2290 1117; x_wconf 89' lang='lat' dir='ltr'><strong>non</strong></span> 
     </span>
    </p>
   </div>
   <div class='ocr_carea' id='block_1_12' title="bbox 704 1139 2293 1212">
    <p class='ocr_par' dir='ltr' id='par_1_12' title="bbox 704 1139 2293 1212">
     <span class='ocr_line' id='line_1_12' title="bbox 704 1139 2293 1212; baseline 0.008 -19"><span class='ocrx_word' id='word_1_68' title='bbox 704 1139 962 1197; x_wconf 91' lang='lat' dir='ltr'><strong>inimicos</strong></span> <span class='ocrx_word' id='word_1_69' title='bbox 1016 1140 1215 1212; x_wconf 84' lang='lat' dir='ltr'><strong>fugies,</strong></span> <span class='ocrx_word' id='word_1_70' title='bbox 1276 1144 1370 1198; x_wconf 86' lang='lat' dir='ltr'><strong>sed</strong></span> <span class='ocrx_word' id='word_1_71' title='bbox 1428 1145 1840 1202; x_wconf 91' lang='lat' dir='ltr'><strong>incommodum</strong></span> <span class='ocrx_word' id='word_1_72' title='bbox 1902 1149 2085 1204; x_wconf 89' lang='lat' dir='ltr'><strong>locum</strong></span> <span class='ocrx_word' id='word_1_73' title='bbox 2140 1151 2293 1207; x_wconf 65' lang='lat' dir='ltr'><strong>devio</strong></span> 
     </span>
    </p>
   </div>
   <div class='ocr_carea' id='block_1_13' title="bbox 704 1232 869 1290">
    <p class='ocr_par' dir='ltr' id='par_1_13' title="bbox 704 1232 869 1290">
     <span class='ocr_line' id='line_1_13' title="bbox 704 1232 869 1290; baseline 0.018 -4"><span class='ocrx_word' id='word_1_74' title='bbox 704 1232 869 1290; x_wconf 90' lang='lat' dir='ltr'><strong>tabis.</strong></span> 
     </span>
    </p>
   </div>
   <div class='ocr_carea' id='block_1_14' title="bbox 778 1326 2289 1413">
    <p class='ocr_par' dir='ltr' id='par_1_14' title="bbox 778 1326 2289 1413">
     <span class='ocr_line' id='line_1_14' title="bbox 778 1326 2289 1413; baseline 0.011 -32"><span class='ocrx_word' id='word_1_75' title='bbox 778 1328 867 1383; x_wconf 77' lang='grc'><strong>14.</strong></span> <span class='ocrx_word' id='word_1_76' title='bbox 906 1326 1018 1383; x_wconf 87' lang='lat' dir='ltr'><strong>Deo</strong></span> <span class='ocrx_word' id='word_1_77' title='bbox 1052 1330 1341 1387; x_wconf 82' lang='lat' dir='ltr'><strong>victoriam</strong></span> <span class='ocrx_word' id='word_1_78' title='bbox 1377 1333 1563 1401; x_wconf 89' lang='lat' dir='ltr'><strong>dante,</strong></span> <span class='ocrx_word' id='word_1_79' title='bbox 1598 1343 1652 1390; x_wconf 89' lang='lat' dir='ltr'><strong>et</strong></span> <span class='ocrx_word' id='word_1_80' title='bbox 1685 1336 1938 1395; x_wconf 85' lang='lat' dir='ltr'><strong>hostibus</strong></span> <span class='ocrx_word' id='word_1_81' title='bbox 1965 1340 2289 1413; x_wconf 81' lang='lat' dir='ltr'><strong>proﬂigatis,</strong></span> 
     </span>
    </p>
   </div>
   <div class='ocr_carea' id='block_1_15' title="bbox 704 1416 2291 1496">
    <p class='ocr_par' dir='ltr' id='par_1_15' title="bbox 704 1416 2291 1496">
     <span class='ocr_line' id='line_1_15' title="bbox 704 1416 2291 1496; baseline 0.013 -27"><span class='ocrx_word' id='word_1_82' title='bbox 704 1416 1021 1474; x_wconf 84' lang='lat' dir='ltr'><strong>abstineant</strong></span> <span class='ocrx_word' id='word_1_83' title='bbox 1079 1423 1309 1478; x_wconf 90' lang='lat' dir='ltr'><strong>omnino</strong></span> <span class='ocrx_word' id='word_1_84' title='bbox 1366 1427 1572 1496; x_wconf 79' lang='lat' dir='ltr'><strong>milites</strong></span> <span class='ocrx_word' id='word_1_85' title='bbox 1625 1443 1655 1480; x_wconf 92' lang='lat' dir='ltr'><strong>a</strong></span> <span class='ocrx_word' id='word_1_86' title='bbox 1706 1430 2066 1488; x_wconf 83' lang='lat' dir='ltr'><strong>cadaveribus</strong></span> <span class='ocrx_word' id='word_1_87' title='bbox 2108 1435 2291 1489; x_wconf 79' lang='lat' dir='ltr'><strong>inimi-</strong></span> 
     </span>
    </p>
   </div>
   <div class='ocr_carea' id='block_1_16' title="bbox 704 1500 2290 1595">
    <p class='ocr_par' dir='ltr' id='par_1_16' title="bbox 704 1500 2290 1595">
     <span class='ocr_line' id='line_1_16' title="bbox 704 1500 2290 1595; baseline 0.013 -31"><span class='ocrx_word' id='word_1_88' title='bbox 704 1524 895 1565; x_wconf 87' lang='lat' dir='ltr'><strong>corum</strong></span> <span class='ocrx_word' id='word_1_89' title='bbox 926 1515 1255 1584; x_wconf 91' lang='lat' dir='ltr'><strong>spoliandis.</strong></span> <span class='ocrx_word' id='word_1_90' title='bbox 1286 1500 1421 1571; x_wconf 78' lang='lat' dir='ltr'><strong>Nam</strong></span> <span class='ocrx_word' id='word_1_91' title='bbox 1463 1520 1733 1577; x_wconf 82' lang='lat' dir='ltr'><strong>cadavera</strong></span> <span class='ocrx_word' id='word_1_92' title='bbox 1770 1535 1863 1579; x_wconf 89' lang='lat' dir='ltr'><strong>aut</strong></span> <span class='ocrx_word' id='word_1_93' title='bbox 1903 1526 2290 1595; x_wconf 86' lang='lat' dir='ltr'><strong>impedimenta</strong></span> 
     </span>
    </p>
   </div>
   <div class='ocr_carea' id='block_1_17' title="bbox 706 1606 2287 1682">
    <p class='ocr_par' dir='ltr' id='par_1_17' title="bbox 706 1606 2287 1682">
     <span class='ocr_line' id='line_1_17' title="bbox 706 1606 2287 1682; baseline 0.015 -29"><span class='ocrx_word' id='word_1_94' title='bbox 706 1609 803 1655; x_wconf 89' lang='lat' dir='ltr'><strong>aut</strong></span> <span class='ocrx_word' id='word_1_95' title='bbox 840 1614 1025 1658; x_wconf 87' lang='lat' dir='ltr'><strong>castra</strong></span> <span class='ocrx_word' id='word_1_96' title='bbox 1071 1606 1312 1662; x_wconf 90' lang='lat' dir='ltr'><strong>hostium</strong></span> <span class='ocrx_word' id='word_1_97' title='bbox 1367 1612 1845 1682; x_wconf 79' lang='lat' dir='ltr'><strong>anteperfectum</strong></span> <span class='ocrx_word' id='word_1_98' title='bbox 1909 1617 2037 1673; x_wconf 87' lang='lat' dir='ltr'><strong>belli</strong></span> <span class='ocrx_word' id='word_1_99' title='bbox 2082 1621 2287 1677; x_wconf 77' lang='lat' dir='ltr'><strong>exitum</strong></span> 
     </span>
    </p>
   </div>
   <div class='ocr_carea' id='block_1_18' title="bbox 705 1692 2285 1777">
    <p class='ocr_par' dir='ltr' id='par_1_18' title="bbox 705 1692 2285 1777">
     <span class='ocr_line' id='line_1_18' title="bbox 705 1692 2285 1777; baseline 0.015 -32"><span class='ocrx_word' id='word_1_100' title='bbox 705 1692 987 1759; x_wconf 81' lang='lat' dir='ltr'><strong>invadere,</strong></span> <span class='ocrx_word' id='word_1_101' title='bbox 1040 1698 1197 1753; x_wconf 80' lang='lat' dir='ltr'><strong>valde</strong></span> <span class='ocrx_word' id='word_1_102' title='bbox 1248 1702 1617 1770; x_wconf 84' lang='lat' dir='ltr'><strong>periculosum</strong></span> <span class='ocrx_word' id='word_1_103' title='bbox 1663 1721 1728 1760; x_wconf 89' lang='lat' dir='ltr'><strong>ac</strong></span> <span class='ocrx_word' id='word_1_104' title='bbox 1762 1710 2136 1777; x_wconf 86' lang='lat' dir='ltr'><strong>perniciosum</strong></span> <span class='ocrx_word' id='word_1_105' title='bbox 2168 1716 2285 1769; x_wconf 65' lang='lat' dir='ltr'><strong>test.</strong></span> 
     </span>
    </p>
   </div>
   <div class='ocr_carea' id='block_1_19' title="bbox 704 1782 2288 1863">
    <p class='ocr_par' dir='ltr' id='par_1_19' title="bbox 704 1782 2288 1863">
     <span class='ocr_line' id='line_1_19' title="bbox 704 1782 2288 1863; baseline 0.015 -24"><span class='ocrx_word' id='word_1_106' title='bbox 704 1783 897 1856; x_wconf 81' lang='lat' dir='ltr'><strong>itaque</strong></span> <span class='ocrx_word' id='word_1_107' title='bbox 938 1790 1369 1859; x_wconf 69' lang='lat' dir='ltr'><strong>praecipiendum</strong></span> <span class='ocrx_word' id='word_1_108' title='bbox 1401 1782 1655 1853; x_wconf 66' lang='lat' dir='ltr'><strong>omnino</strong></span> <span class='ocrx_word' id='word_1_109' title='bbox 1692 1808 1795 1863; x_wconf 88' lang='lat' dir='ltr'><strong>est,</strong></span> <span class='ocrx_word' id='word_1_110' title='bbox 1843 1808 1900 1853; x_wconf 91' lang='lat' dir='ltr'><strong>ut</strong></span> <span class='ocrx_word' id='word_1_111' title='bbox 1955 1802 2079 1859; x_wconf 88' lang='lat' dir='ltr'><strong>istis</strong></span> <span class='ocrx_word' id='word_1_112' title='bbox 2123 1806 2288 1861; x_wconf 86' lang='lat' dir='ltr'><strong>rebus</strong></span> 
     </span>
    </p>
   </div>
   <div class='ocr_carea' id='block_1_20' title="bbox 2389 582 3973 659">
    <p class='ocr_par' dir='ltr' id='par_1_20' title="bbox 2389 582 3973 659">
     <span class='ocr_line' id='line_1_20' title="bbox 2389 582 3973 659; baseline 0 -19"><span class='ocrx_word' id='word_1_113' title='bbox 2389 590 2540 640; x_wconf 83' lang='grc' dir='ltr'>ἐστιν</span> <span class='ocrx_word' id='word_1_114' title='bbox 2588 582 2703 641; x_wconf 77' lang='grc' dir='ltr'>οἷον</span> <span class='ocrx_word' id='word_1_115' title='bbox 2742 586 2943 639; x_wconf 87' lang='grc' dir='ltr'>πολλοῦ</span> <span class='ocrx_word' id='word_1_116' title='bbox 2998 586 3292 656; x_wconf 86' lang='grc' dir='ltr'>χειμῶνος,</span> <span class='ocrx_word' id='word_1_117' title='bbox 3344 586 3377 657; x_wconf 78' lang='grc' dir='ltr'>ἢ</span> <span class='ocrx_word' id='word_1_118' title='bbox 3414 587 3615 657; x_wconf 76' lang='grc' dir='ltr'>ὁμοίως</span> <span class='ocrx_word' id='word_1_119' title='bbox 3664 588 3973 659; x_wconf 78' lang='grc' dir='ltr'>καύματος,</span> 
     </span>
    </p>
   </div>
   <div class='ocr_carea' id='block_1_21' title="bbox 2394 678 3971 752">
    <p class='ocr_par' dir='ltr' id='par_1_21' title="bbox 2394 678 3971 752">
     <span class='ocr_line' id='line_1_21' title="bbox 2394 678 3971 752; baseline 0.001 -18"><span class='ocrx_word' id='word_1_120' title='bbox 2394 681 2469 752; x_wconf 86' lang='grc' dir='ltr'>μὴ</span> <span class='ocrx_word' id='word_1_121' title='bbox 2503 678 2873 751; x_wconf 82' lang='grc' dir='ltr'>ἐπιτηδεύσῃς</span> <span class='ocrx_word' id='word_1_122' title='bbox 2914 680 3216 748; x_wconf 77' lang='grc' dir='ltr'>συμϐαλεῖν</span> <span class='ocrx_word' id='word_1_123' title='bbox 3251 681 3437 741; x_wconf 81' lang='grc' dir='ltr'>αὐτοῖς</span> <span class='ocrx_word' id='word_1_124' title='bbox 3480 682 3514 752; x_wconf 78' lang='grc' dir='ltr'>ἢ</span> <span class='ocrx_word' id='word_1_125' title='bbox 3542 682 3662 735; x_wconf 87' lang='grc' dir='ltr'>τότε</span> <span class='ocrx_word' id='word_1_126' title='bbox 3695 683 3729 751; x_wconf 82' lang='grc' dir='ltr'><strong>ἢ</strong></span> <span class='ocrx_word' id='word_1_127' title='bbox 3764 684 3971 735; x_wconf 82' lang='grc' dir='ltr'>ἐκεῖσε·</span> 
     </span>
    </p>
   </div>
   <div class='ocr_carea' id='block_1_22' title="bbox 2391 772 3978 845">
    <p class='ocr_par' dir='ltr' id='par_1_22' title="bbox 2391 772 3978 845">
     <span class='ocr_line' id='line_1_22' title="bbox 2391 772 3978 845; baseline 0.001 -17"><span class='ocrx_word' id='word_1_128' title='bbox 2391 774 2528 828; x_wconf 79' lang='grc' dir='ltr'>ἀλλὰ</span> <span class='ocrx_word' id='word_1_129' title='bbox 2559 774 2833 837; x_wconf 82' lang='grc' dir='ltr'>σπούδαζε</span> <span class='ocrx_word' id='word_1_130' title='bbox 2858 772 3061 845; x_wconf 84' lang='grc' dir='ltr'>μᾶλλον</span> <span class='ocrx_word' id='word_1_131' title='bbox 3093 774 3350 842; x_wconf 84' lang='grc' dir='ltr'><strong>συνάγειν</strong></span> <span class='ocrx_word' id='word_1_132' title='bbox 3374 777 3622 841; x_wconf 81' lang='grc' dir='ltr'>σεαυτὸν,</span> <span class='ocrx_word' id='word_1_133' title='bbox 3671 778 3768 831; x_wconf 78' lang='grc' dir='ltr'>καὶ</span> <span class='ocrx_word' id='word_1_134' title='bbox 3806 778 3978 831; x_wconf 82' lang='grc' dir='ltr'><strong>τόπον</strong></span> 
     </span>
    </p>
   </div>
   <div class='ocr_carea' id='block_1_23' title="bbox 2395 866 3978 940">
    <p class='ocr_par' dir='ltr' id='par_1_23' title="bbox 2395 866 3978 940">
     <span class='ocr_line' id='line_1_23' title="bbox 2395 866 3978 940; baseline 0.003 -20"><span class='ocrx_word' id='word_1_135' title='bbox 2395 866 2526 921; x_wconf 73' lang='grc' dir='ltr'>ἴδιον</span> <span class='ocrx_word' id='word_1_136' title='bbox 2549 869 2774 937; x_wconf 77' lang='grc' dir='ltr'><strong>κρατεῖν</strong></span> <span class='ocrx_word' id='word_1_137' title='bbox 2795 868 2875 931; x_wconf 77' lang='grc' dir='ltr'>εἰς</span> <span class='ocrx_word' id='word_1_138' title='bbox 2896 866 3183 932; x_wconf 82' lang='grc' dir='ltr'>ἀπλικτον,</span> <span class='ocrx_word' id='word_1_139' title='bbox 3205 868 3301 920; x_wconf 67' lang='grc' dir='ltr'>καὶ</span> <span class='ocrx_word' id='word_1_140' title='bbox 3340 868 3637 936; x_wconf 78' lang='grc' dir='ltr'>ὑπερτίθου</span> <span class='ocrx_word' id='word_1_141' title='bbox 3680 871 3877 940; x_wconf 78' lang='grc' dir='ltr'><strong>μέχρις</strong></span> <span class='ocrx_word' id='word_1_142' title='bbox 3912 870 3978 924; x_wconf 77' lang='grc' dir='ltr'><strong>ἃν</strong></span> 
     </span>
    </p>
   </div>
   <div class='ocr_carea' id='block_1_24' title="bbox 2394 958 3975 1036">
    <p class='ocr_par' dir='ltr' id='par_1_24' title="bbox 2394 958 3975 1036">
     <span class='ocr_line' id='line_1_24' title="bbox 2394 958 3975 1036; baseline 0.003 -24"><span class='ocrx_word' id='word_1_143' title='bbox 2394 961 2488 1013; x_wconf 71' lang='grc' dir='ltr'>καὶ</span> <span class='ocrx_word' id='word_1_144' title='bbox 2508 958 2676 1012; x_wconf 86' lang='grc' dir='ltr'>τόπου</span> <span class='ocrx_word' id='word_1_145' title='bbox 2708 959 3018 1029; x_wconf 73' lang='grc' dir='ltr'><strong>ἐπιτηδείου</strong></span> <span class='ocrx_word' id='word_1_146' title='bbox 3045 961 3142 1014; x_wconf 66' lang='grc' dir='ltr'><strong>καλ⁵</strong></span> <span class='ocrx_word' id='word_1_147' title='bbox 3161 960 3357 1031; x_wconf 78' lang='grc' dir='ltr'><strong>καιροῦ</strong></span> <span class='ocrx_word' id='word_1_148' title='bbox 3385 961 3591 1032; x_wconf 78' lang='grc' dir='ltr'>ὁμοὲως</span> <span class='ocrx_word' id='word_1_149' title='bbox 3631 962 3975 1036; x_wconf 71' lang='grc' dir='ltr'>εὐπορήσῃς,</span> 
     </span>
    </p>
   </div>
   <div class='ocr_carea' id='block_1_25' title="bbox 2393 1050 3978 1124">
    <p class='ocr_par' dir='ltr' id='par_1_25' title="bbox 2393 1050 3978 1124">
     <span class='ocr_line' id='line_1_25' title="bbox 2393 1050 3978 1124; baseline 0.001 -19"><span class='ocrx_word' id='word_1_150' title='bbox 2393 1051 2487 1105; x_wconf 75' lang='grc' dir='ltr'>καὶ</span> <span class='ocrx_word' id='word_1_151' title='bbox 2521 1051 2595 1123; x_wconf 83' lang='grc' dir='ltr'>μὴ</span> <span class='ocrx_word' id='word_1_152' title='bbox 2624 1051 2900 1115; x_wconf 81' lang='grc' dir='ltr'><strong>ἀκουσίως</strong></span> <span class='ocrx_word' id='word_1_153' title='bbox 2927 1050 3235 1122; x_wconf 72' lang='grc' dir='ltr'>συμϐάλῃς.</span> <span class='ocrx_word' id='word_1_154' title='bbox 3283 1050 3458 1104; x_wconf 85' lang='grc' dir='ltr'>Τοῦτο</span> <span class='ocrx_word' id='word_1_155' title='bbox 3491 1053 3603 1122; x_wconf 85' lang='grc' dir='ltr'><strong>γάρ</strong></span> <span class='ocrx_word' id='word_1_156' title='bbox 3638 1054 3815 1105; x_wconf 87' lang='grc' dir='ltr'>ποιῶν</span> <span class='ocrx_word' id='word_1_157' title='bbox 3857 1056 3978 1124; x_wconf 72' lang='grc' dir='ltr'>οὐχὶ</span> 
     </span>
    </p>
   </div>
   <div class='ocr_carea' id='block_1_26' title="bbox 2395 1141 3977 1217">
    <p class='ocr_par' dir='ltr' id='par_1_26' title="bbox 2395 1141 3977 1217">
     <span class='ocr_line' id='line_1_26' title="bbox 2395 1141 3977 1217; baseline 0.003 -22"><span class='ocrx_word' id='word_1_158' title='bbox 2395 1142 2606 1213; x_wconf 84' lang='grc' dir='ltr'>ἐχθρῶν</span> <span class='ocrx_word' id='word_1_159' title='bbox 2636 1142 2833 1215; x_wconf 79' lang='grc' dir='ltr'>φεύξῃ,</span> <span class='ocrx_word' id='word_1_160' title='bbox 2866 1141 3004 1197; x_wconf 84' lang='grc' dir='ltr'>ἀλλὰ</span> <span class='ocrx_word' id='word_1_161' title='bbox 3034 1143 3126 1197; x_wconf 73' lang='grc' dir='ltr'>τὸν</span> <span class='ocrx_word' id='word_1_162' title='bbox 3168 1143 3542 1215; x_wconf 75' lang='grc' dir='ltr'><strong>ἀνεπιτήδειον</strong></span> <span class='ocrx_word' id='word_1_163' title='bbox 3598 1146 3692 1199; x_wconf 74' lang='grc' dir='ltr'>καὶ</span> <span class='ocrx_word' id='word_1_164' title='bbox 3728 1146 3977 1217; x_wconf 68' lang='grc' dir='ltr'>ἀσύμςο·</span> 
     </span>
    </p>
   </div>
   <div class='ocr_carea' id='block_1_27' title="bbox 2397 1235 3288 1309">
    <p class='ocr_par' dir='ltr' id='par_1_27' title="bbox 2397 1235 3288 1309">
     <span class='ocr_line' id='line_1_27' title="bbox 2397 1235 3288 1309; baseline 0.003 -22"><span class='ocrx_word' id='word_1_165' title='bbox 2397 1251 2489 1304; x_wconf 84' lang='grc' dir='ltr'><strong>ρον</strong></span> <span class='ocrx_word' id='word_1_166' title='bbox 2518 1235 2686 1288; x_wconf 82' lang='grc' dir='ltr'>τόπον</span> <span class='ocrx_word' id='word_1_167' title='bbox 2731 1235 3140 1306; x_wconf 66' lang='grc' dir='ltr'>φυλαττόμενος</span> <span class='ocrx_word' id='word_1_168' title='bbox 3168 1237 3288 1309; x_wconf 81' lang='grc' dir='ltr'>ἔσῃ.</span> 
     </span>
    </p>
   </div>
   <div class='ocr_carea' id='block_1_28' title="bbox 2464 1326 3979 1401">
    <p class='ocr_par' dir='ltr' id='par_1_28' title="bbox 2464 1326 3979 1401">
     <span class='ocr_line' id='line_1_28' title="bbox 2464 1326 3979 1401; baseline 0.003 -20"><span class='ocrx_word' id='word_1_169' title='bbox 2464 1328 2545 1381; x_wconf 84' lang='grc' dir='ltr'>ιδ’.</span> <span class='ocrx_word' id='word_1_170' title='bbox 2578 1326 2715 1381; x_wconf 89' lang='grc' dir='ltr'>Θεοῦ</span> <span class='ocrx_word' id='word_1_171' title='bbox 2749 1327 2806 1381; x_wconf 77' lang='grc' dir='ltr'><strong>δέ</strong></span> <span class='ocrx_word' id='word_1_172' title='bbox 2853 1328 3012 1398; x_wconf 76' lang='grc' dir='ltr'>νίκην</span> <span class='ocrx_word' id='word_1_173' title='bbox 3068 1330 3406 1400; x_wconf 79' lang='grc' dir='ltr'>παρέχοντος</span> <span class='ocrx_word' id='word_1_174' title='bbox 3465 1329 3562 1383; x_wconf 81' lang='grc' dir='ltr'><strong>ἐὰν</strong></span> <span class='ocrx_word' id='word_1_175' title='bbox 3620 1330 3669 1382; x_wconf 74' lang='grc' dir='ltr'>οἱ</span> <span class='ocrx_word' id='word_1_176' title='bbox 3722 1331 3979 1401; x_wconf 71' lang='grc' dir='ltr'>πολέμιοι</span> 
     </span>
    </p>
   </div>
   <div class='ocr_carea' id='block_1_29' title="bbox 2389 1419 3979 1493">
    <p class='ocr_par' dir='ltr' id='par_1_29' title="bbox 2389 1419 3979 1493">
     <span class='ocr_line' id='line_1_29' title="bbox 2389 1419 3979 1493; baseline 0.003 -22"><span class='ocrx_word' id='word_1_177' title='bbox 2389 1419 2697 1489; x_wconf 83' lang='grc' dir='ltr'>τραπῶσιν,</span> <span class='ocrx_word' id='word_1_178' title='bbox 2733 1420 3039 1490; x_wconf 87' lang='grc' dir='ltr'>ἀπέχεσθαι</span> <span class='ocrx_word' id='word_1_179' title='bbox 3075 1424 3189 1484; x_wconf 78' lang='grc' dir='ltr'>τοῖς</span> <span class='ocrx_word' id='word_1_180' title='bbox 3231 1420 3595 1493; x_wconf 68' lang='grc' dir='ltr'>στρατιώταις</span> <span class='ocrx_word' id='word_1_181' title='bbox 3621 1425 3979 1492; x_wconf 78' lang='grc' dir='ltr'><strong>παράγγελλε</strong></span> 
     </span>
    </p>
   </div>
   <div class='ocr_carea' id='block_1_30' title="bbox 2391 1510 3979 1587">
    <p class='ocr_par' dir='ltr' id='par_1_30' title="bbox 2391 1510 3979 1587">
     <span class='ocr_line' id='line_1_30' title="bbox 2391 1510 3979 1587; baseline 0.004 -24"><span class='ocrx_word' id='word_1_182' title='bbox 2391 1510 2487 1563; x_wconf 87' lang='grc' dir='ltr'><strong>τοῦ</strong></span> <span class='ocrx_word' id='word_1_183' title='bbox 2522 1511 2805 1565; x_wconf 82' lang='grc' dir='ltr'>σκυλεύειν</span> <span class='ocrx_word' id='word_1_184' title='bbox 2852 1514 2981 1575; x_wconf 89' lang='grc' dir='ltr'>τοὺς</span> <span class='ocrx_word' id='word_1_185' title='bbox 3011 1512 3241 1579; x_wconf 81' lang='grc' dir='ltr'>νεκροὺς</span> <span class='ocrx_word' id='word_1_186' title='bbox 3272 1515 3381 1567; x_wconf 88' lang='grc' dir='ltr'><strong>τῶν</strong></span> <span class='ocrx_word' id='word_1_187' title='bbox 3417 1514 3646 1586; x_wconf 81' lang='grc' dir='ltr'><strong>ἐχθρῶν·</strong></span> <span class='ocrx_word' id='word_1_188' title='bbox 3677 1516 3740 1568; x_wconf 74' lang='grc' dir='ltr'><strong>τὸ</strong></span> <span class='ocrx_word' id='word_1_189' title='bbox 3790 1517 3905 1586; x_wconf 76' lang='grc' dir='ltr'>γὰρ</span> <span class='ocrx_word' id='word_1_190' title='bbox 3945 1516 3979 1587; x_wconf 84' lang='grc' dir='ltr'>ἦ</span> 
     </span>
    </p>
   </div>
   <div class='ocr_carea' id='block_1_31' title="bbox 2389 1604 3981 1679">
    <p class='ocr_par' dir='ltr' id='par_1_31' title="bbox 2389 1604 3981 1679">
     <span class='ocr_line' id='line_1_31' title="bbox 2389 1604 3981 1679; baseline 0.002 -22"><span class='ocrx_word' id='word_1_191' title='bbox 2389 1606 2618 1674; x_wconf 78' lang='grc' dir='ltr'>νεκροὺς</span> <span class='ocrx_word' id='word_1_192' title='bbox 2661 1604 2968 1671; x_wconf 82' lang='grc' dir='ltr'>σκυλεύειν,</span> <span class='ocrx_word' id='word_1_193' title='bbox 3010 1606 3280 1678; x_wconf 81' lang='grc' dir='ltr'>ἢτούλδῳ</span> <span class='ocrx_word' id='word_1_194' title='bbox 3330 1607 3363 1677; x_wconf 79' lang='grc' dir='ltr'><strong>ἢ</strong></span> <span class='ocrx_word' id='word_1_195' title='bbox 3404 1608 3659 1677; x_wconf 76' lang='grc' dir='ltr'>φοσσάτῳ</span> <span class='ocrx_word' id='word_1_196' title='bbox 3695 1610 3981 1679; x_wconf 74' lang='grc' dir='ltr'>πολεμίων</span> 
     </span>
    </p>
   </div>
   <div class='ocr_carea' id='block_1_32' title="bbox 2390 1698 3979 1772">
    <p class='ocr_par' dir='ltr' id='par_1_32' title="bbox 2390 1698 3979 1772">
     <span class='ocr_line' id='line_1_32' title="bbox 2390 1698 3979 1772; baseline 0.004 -22"><span class='ocrx_word' id='word_1_197' title='bbox 2390 1699 2721 1770; x_wconf 79' lang='grc' dir='ltr'>ἐπέρχεσθαι</span> <span class='ocrx_word' id='word_1_198' title='bbox 2778 1698 2885 1770; x_wconf 79' lang='grc' dir='ltr'>πρὸ</span> <span class='ocrx_word' id='word_1_199' title='bbox 2950 1699 3167 1762; x_wconf 82' lang='grc' dir='ltr'>τελείας</span> <span class='ocrx_word' id='word_1_200' title='bbox 3225 1700 3507 1764; x_wconf 77' lang='grc' dir='ltr'>ἐκϐάσεως</span> <span class='ocrx_word' id='word_1_201' title='bbox 3557 1703 3651 1770; x_wconf 77' lang='grc' dir='ltr'><strong>τοῦ</strong></span> <span class='ocrx_word' id='word_1_202' title='bbox 3706 1704 3979 1772; x_wconf 81' lang='grc' dir='ltr'>πολέμου,</span> 
     </span>
    </p>
   </div>
   <div class='ocr_carea' id='block_1_33' title="bbox 2391 1788 3981 1863">
    <p class='ocr_par' dir='ltr' id='par_1_33' title="bbox 2391 1788 3981 1863">
     <span class='ocr_line' id='line_1_33' title="bbox 2391 1788 3981 1863; baseline 0.002 -23"><span class='ocrx_word' id='word_1_203' title='bbox 2391 1791 2625 1859; x_wconf 81' lang='grc' dir='ltr'>πρᾶγμα</span> <span class='ocrx_word' id='word_1_204' title='bbox 2645 1788 2889 1860; x_wconf 84' lang='grc' dir='ltr'>ὀλέθριον</span> <span class='ocrx_word' id='word_1_205' title='bbox 2935 1790 3033 1843; x_wconf 66' lang='grc' dir='ltr'><strong>καλ⁵</strong></span> <span class='ocrx_word' id='word_1_206' title='bbox 3062 1789 3401 1843; x_wconf 83' lang='grc' dir='ltr'>ἐπικίνδυνόν</span> <span class='ocrx_word' id='word_1_207' title='bbox 3430 1791 3600 1845; x_wconf 86' lang='grc' dir='ltr'>ἐστιν.</span> <span class='ocrx_word' id='word_1_208' title='bbox 3633 1790 3724 1843; x_wconf 76' lang='grc' dir='ltr'>Διὸ</span> <span class='ocrx_word' id='word_1_209' title='bbox 3772 1792 3883 1863; x_wconf 80' lang='grc' dir='ltr'>χρή</span> <span class='ocrx_word' id='word_1_210' title='bbox 3920 1808 3981 1844; x_wconf 87' lang='grc' dir='ltr'><strong>σε</strong></span> 
     </span>
    </p>
   </div>
   <div class='ocr_carea' id='block_1_34' title="bbox 704 1880 2294 1955">
    <p class='ocr_par' dir='ltr' id='par_1_34' title="bbox 704 1880 2287 1955">
     <span class='ocr_line' id='line_1_34' title="bbox 704 1880 2287 1955; baseline 0.013 -23"><span class='ocrx_word' id='word_1_211' title='bbox 704 1880 912 1935; x_wconf 86' lang='lat' dir='ltr'><strong>milites</strong></span> <span class='ocrx_word' id='word_1_212' title='bbox 944 1883 1283 1941; x_wconf 80' lang='lat' dir='ltr'><strong>abstineant.</strong></span> <span class='ocrx_word' id='word_1_213' title='bbox 1331 1887 1665 1955; x_wconf 67' lang='lat' dir='ltr'><strong>Saepe&#39;enim</strong></span> <span class='ocrx_word' id='word_1_214' title='bbox 1715 1893 1957 1949; x_wconf 86' lang='lat' dir='ltr'><strong>victores</strong></span> <span class='ocrx_word' id='word_1_215' title='bbox 1984 1897 2189 1954; x_wconf 80' lang='lat' dir='ltr'><strong>talibus</strong></span> <span class='ocrx_word' id='word_1_216' title='bbox 2219 1899 2287 1953; x_wconf 91' lang='lat' dir='ltr'><strong>de</strong></span> 
     </span>
    </p>
   </div>
   <div class='ocr_carea' id='block_1_35' title="bbox 2396 1880 3980 1955">
    <p class='ocr_par' dir='ltr' id='par_1_35' title="bbox 2396 1880 3980 1953">
     <span class='ocr_line' id='line_1_35' title="bbox 2396 1880 3980 1953; baseline 0.003 -20"><span class='ocrx_word' id='word_1_217' title='bbox 2396 1882 2907 1950; x_wconf 85' lang='grc' dir='ltr'>προπαραγγὲλλειν</span> <span class='ocrx_word' id='word_1_218' title='bbox 2959 1880 3024 1934; x_wconf 73' lang='grc' dir='ltr'><strong>τὸ</strong></span> <span class='ocrx_word' id='word_1_219' title='bbox 3068 1881 3695 1953; x_wconf 58' lang='grc' dir='ltr'>παντοίωςλάπέχεσθαι</span> <span class='ocrx_word' id='word_1_220' title='bbox 3742 1884 3980 1937; x_wconf 71' lang='grc' dir='ltr'>τούτων.</span> 
     </span>
    </p>
   </div>
   <div class='ocr_carea' id='block_1_36' title="bbox 703 1971 2285 2045">
    <p class='ocr_par' dir='ltr' id='par_1_36' title="bbox 703 1971 2285 2045">
     <span class='ocr_line' id='line_1_36' title="bbox 703 1971 2285 2045; baseline 0.012 -21"><span class='ocrx_word' id='word_1_221' title='bbox 703 1971 891 2025; x_wconf 85' lang='lat' dir='ltr'><strong>causis</strong></span> <span class='ocrx_word' id='word_1_222' title='bbox 923 1988 1031 2027; x_wconf 89' lang='lat' dir='ltr'><strong>non</strong></span> <span class='ocrx_word' id='word_1_223' title='bbox 1078 1978 1346 2045; x_wconf 87' lang='lat' dir='ltr'><strong>superati,</strong></span> <span class='ocrx_word' id='word_1_224' title='bbox 1382 1978 1577 2033; x_wconf 76' lang='lat' dir='ltr'><strong>rerum</strong></span> <span class='ocrx_word' id='word_1_225' title='bbox 1607 1982 1803 2036; x_wconf 91' lang='lat' dir='ltr'><strong>iterum</strong></span> <span class='ocrx_word' id='word_1_226' title='bbox 1842 1984 2285 2044; x_wconf 89' lang='lat' dir='ltr'><strong>funditus-deleti</strong></span> 
     </span>
    </p>
   </div>
   <div class='ocr_carea' id='block_1_37' title="bbox 702 2064 2287 2151">
    <p class='ocr_par' dir='ltr' id='par_1_37' title="bbox 702 2064 2287 2151">
     <span class='ocr_line' id='line_1_37' title="bbox 702 2064 2287 2151; baseline 0.013 -35"><span class='ocrx_word' id='word_1_227' title='bbox 702 2070 856 2128; x_wconf 82' lang='lat' dir='ltr'><strong>sunt,</strong></span> <span class='ocrx_word' id='word_1_228' title='bbox 895 2064 1146 2121; x_wconf 88' lang='lat' dir='ltr'><strong>hostibus</strong></span> <span class='ocrx_word' id='word_1_229' title='bbox 1177 2070 1244 2123; x_wconf 92' lang='lat' dir='ltr'><strong>de</strong></span> <span class='ocrx_word' id='word_1_230' title='bbox 1274 2070 1575 2141; x_wconf 89' lang='lat' dir='ltr'><strong>improviso</strong></span> <span class='ocrx_word' id='word_1_231' title='bbox 1626 2074 2044 2134; x_wconf 86' lang='lat' dir='ltr'><strong>incursantibus</strong></span> <span class='ocrx_word' id='word_1_232' title='bbox 2099 2087 2157 2134; x_wconf 89' lang='lat' dir='ltr'><strong>et</strong></span> <span class='ocrx_word' id='word_1_233' title='bbox 2192 2096 2287 2151; x_wconf 86' lang='lat' dir='ltr'><strong>pe-</strong></span> 
     </span>
    </p>
   </div>
   <div class='ocr_carea' id='block_1_38' title="bbox 704 2155 1368 2218">
    <p class='ocr_par' dir='ltr' id='par_1_38' title="bbox 704 2155 1368 2218">
     <span class='ocr_line' id='line_1_38' title="bbox 704 2155 1368 2218; baseline 0.015 -10"><span class='ocrx_word' id='word_1_234' title='bbox 704 2155 940 2211; x_wconf 83' lang='lat' dir='ltr'><strong>riculum</strong></span> <span class='ocrx_word' id='word_1_235' title='bbox 978 2158 1368 2218; x_wconf 79' lang='lat' dir='ltr'><strong>inferentibus.</strong></span> 
     </span>
    </p>
   </div>
   <div class='ocr_carea' id='block_1_39' title="bbox 778 2330 2287 2417">
    <p class='ocr_par' dir='ltr' id='par_1_39' title="bbox 778 2330 2287 2417">
     <span class='ocr_line' id='line_1_39' title="bbox 778 2330 2287 2417; baseline 0.017 -34"><span class='ocrx_word' id='word_1_236' title='bbox 778 2331 865 2385; x_wconf 82' lang='grc'><strong>15.</strong></span> <span class='ocrx_word' id='word_1_237' title='bbox 925 2330 1191 2392; x_wconf 81' lang='lat' dir='ltr'><strong>Hostibus</strong></span> <span class='ocrx_word' id='word_1_238' title='bbox 1236 2337 1352 2408; x_wconf 83' lang='lat' dir='ltr'><strong>jam</strong></span> <span class='ocrx_word' id='word_1_239' title='bbox 1404 2344 2004 2417; x_wconf 87' lang='lat' dir='ltr'><strong>appropinquantibus,</strong></span> <span class='ocrx_word' id='word_1_240' title='bbox 2069 2361 2125 2407; x_wconf 88' lang='lat' dir='ltr'><strong>et</strong></span> <span class='ocrx_word' id='word_1_241' title='bbox 2181 2352 2287 2406; x_wconf 90' lang='lat' dir='ltr'><strong>im-</strong></span> 
     </span>
    </p>
   </div>
   <div class='ocr_carea' id='block_1_40' title="bbox 706 2422 2317 2511">
    <p class='ocr_par' dir='ltr' id='par_1_40' title="bbox 706 2422 2317 2511">
     <span class='ocr_line' id='line_1_40' title="bbox 706 2422 2317 2511; baseline 0.017 -38"><span class='ocrx_word' id='word_1_242' title='bbox 706 2422 946 2478; x_wconf 88' lang='lat' dir='ltr'><strong>minente</strong></span> <span class='ocrx_word' id='word_1_243' title='bbox 987 2424 1151 2493; x_wconf 88' lang='lat' dir='ltr'><strong>bello,</strong></span> <span class='ocrx_word' id='word_1_244' title='bbox 1184 2432 1649 2499; x_wconf 84' lang='lat' dir='ltr'><strong>quemadmodum</strong></span> <span class='ocrx_word' id='word_1_245' title='bbox 1701 2446 1829 2494; x_wconf 90' lang='lat' dir='ltr'><strong>ante</strong></span> <span class='ocrx_word' id='word_1_246' title='bbox 1874 2424 2317 2511; x_wconf 63' lang='lat' dir='ltr'><strong>admonuimus,~</strong></span> 
     </span>
    </p>
   </div>
   <div class='ocr_carea' id='block_1_41' title="bbox 708 2515 2292 2607">
    <p class='ocr_par' dir='ltr' id='par_1_41' title="bbox 708 2515 2292 2607">
     <span class='ocr_line' id='line_1_41' title="bbox 708 2515 2292 2607; baseline 0.018 -43"><span class='ocrx_word' id='word_1_247' title='bbox 708 2527 816 2566; x_wconf 89' lang='lat' dir='ltr'><strong>non</strong></span> <span class='ocrx_word' id='word_1_248' title='bbox 870 2515 1036 2571; x_wconf 91' lang='lat' dir='ltr'><strong>modo</strong></span> <span class='ocrx_word' id='word_1_249' title='bbox 1094 2520 1141 2573; x_wconf 88' lang='lat' dir='ltr'><strong>si</strong></span> <span class='ocrx_word' id='word_1_250' title='bbox 1197 2522 1252 2575; x_wconf 94' lang='lat' dir='ltr'><strong>in</strong></span> <span class='ocrx_word' id='word_1_251' title='bbox 1322 2523 1555 2592; x_wconf 82' lang='lat' dir='ltr'><strong>fossato,</strong></span> <span class='ocrx_word' id='word_1_252' title='bbox 1607 2529 1660 2583; x_wconf 91' lang='lat' dir='ltr'><strong>id</strong></span> <span class='ocrx_word' id='word_1_253' title='bbox 1710 2540 1818 2598; x_wconf 90' lang='lat' dir='ltr'><strong>est,</strong></span> <span class='ocrx_word' id='word_1_254' title='bbox 1870 2535 2070 2590; x_wconf 86' lang='lat' dir='ltr'><strong>castris</strong></span> <span class='ocrx_word' id='word_1_255' title='bbox 2118 2535 2292 2607; x_wconf 73' lang='lat' dir='ltr'><strong>cOpia:</strong></span> 
     </span>
    </p>
   </div>
   <div class='ocr_carea' id='block_1_42' title="bbox 709 2610 2288 2697">
    <p class='ocr_par' dir='ltr' id='par_1_42' title="bbox 709 2610 2288 2697">
     <span class='ocr_line' id='line_1_42' title="bbox 709 2610 2288 2697; baseline 0.018 -37"><span class='ocrx_word' id='word_1_256' title='bbox 709 2615 816 2662; x_wconf 66' lang='lat' dir='ltr'><strong>tua:</strong></span> <span class='ocrx_word' id='word_1_257' title='bbox 874 2610 1101 2679; x_wconf 79' lang='lat' dir='ltr'><strong>fuerint,</strong></span> <span class='ocrx_word' id='word_1_258' title='bbox 1148 2614 1331 2686; x_wconf 89' lang='lat' dir='ltr'><strong>ibique</strong></span> <span class='ocrx_word' id='word_1_259' title='bbox 1371 2620 1557 2677; x_wconf 87' lang='lat' dir='ltr'><strong>hostes</strong></span> <span class='ocrx_word' id='word_1_260' title='bbox 1587 2628 2049 2697; x_wconf 78' lang='lat' dir='ltr'><strong>exspectaverint,</strong></span> <span class='ocrx_word' id='word_1_261' title='bbox 2100 2629 2288 2687; x_wconf 90' lang='lat' dir='ltr'><strong>fenum</strong></span> 
     </span>
    </p>
   </div>
   <div class='ocr_carea' id='block_1_43' title="bbox 705 2704 2292 2789">
    <p class='ocr_par' dir='ltr' id='par_1_43' title="bbox 705 2704 2292 2789">
     <span class='ocr_line' id='line_1_43' title="bbox 705 2704 2292 2789; baseline 0.018 -37"><span class='ocrx_word' id='word_1_262' title='bbox 705 2708 802 2753; x_wconf 87' lang='lat' dir='ltr'><strong>aut</strong></span> <span class='ocrx_word' id='word_1_263' title='bbox 849 2704 1003 2771; x_wconf 89' lang='lat' dir='ltr'><strong>palea</strong></span> <span class='ocrx_word' id='word_1_264' title='bbox 1061 2708 1224 2763; x_wconf 88' lang='lat' dir='ltr'><strong>unius</strong></span> <span class='ocrx_word' id='word_1_265' title='bbox 1258 2719 1421 2781; x_wconf 85' lang='lat' dir='ltr'><strong>atque</strong></span> <span class='ocrx_word' id='word_1_266' title='bbox 1456 2714 1687 2771; x_wconf 87' lang='lat' dir='ltr'><strong>alterius</strong></span> <span class='ocrx_word' id='word_1_267' title='bbox 1729 2717 1837 2773; x_wconf 86' lang='lat' dir='ltr'><strong>diei</strong></span> <span class='ocrx_word' id='word_1_268' title='bbox 1888 2720 2158 2789; x_wconf 74' lang='lat' dir='ltr'><strong>iumentis</strong></span> <span class='ocrx_word' id='word_1_269' title='bbox 2204 2740 2292 2780; x_wconf 87' lang='lat' dir='ltr'><strong>re-</strong></span> 
     </span>
    </p>
   </div>
   <div class='ocr_carea' id='block_1_44' title="bbox 706 2799 2289 2885">
    <p class='ocr_par' dir='ltr' id='par_1_44' title="bbox 706 2799 2289 2885">
     <span class='ocr_line' id='line_1_44' title="bbox 706 2799 2289 2885; baseline 0.018 -40"><span class='ocrx_word' id='word_1_270' title='bbox 706 2804 967 2863; x_wconf 88' lang='lat' dir='ltr'><strong>ponetur,</strong></span> <span class='ocrx_word' id='word_1_271' title='bbox 1030 2799 1124 2854; x_wconf 90' lang='lat' dir='ltr'><strong>sed</strong></span> <span class='ocrx_word' id='word_1_272' title='bbox 1174 2803 1339 2857; x_wconf 89' lang='lat' dir='ltr'><strong>etiam</strong></span> <span class='ocrx_word' id='word_1_273' title='bbox 1387 2806 1433 2860; x_wconf 89' lang='lat' dir='ltr'><strong>si</strong></span> <span class='ocrx_word' id='word_1_274' title='bbox 1489 2817 1673 2863; x_wconf 88' lang='lat' dir='ltr'><strong>castra</strong></span> <span class='ocrx_word' id='word_1_275' title='bbox 1723 2822 1938 2867; x_wconf 83' lang='lat' dir='ltr'><strong>moveat</strong></span> <span class='ocrx_word' id='word_1_276' title='bbox 1990 2812 2289 2885; x_wconf 76' lang='lat' dir='ltr'><strong>exercitus,</strong></span> 
     </span>
    </p>
   </div>
   <div class='ocr_carea' id='block_1_45' title="bbox 708 2890 2289 2977">
    <p class='ocr_par' dir='ltr' id='par_1_45' title="bbox 708 2890 2289 2977">
     <span class='ocr_line' id='line_1_45' title="bbox 708 2890 2289 2977; baseline 0.018 -37"><span class='ocrx_word' id='word_1_277' title='bbox 708 2896 761 2941; x_wconf 86' lang='lat' dir='ltr'><strong>et</strong></span> <span class='ocrx_word' id='word_1_278' title='bbox 802 2890 868 2943; x_wconf 90' lang='lat' dir='ltr'><strong>ad</strong></span> <span class='ocrx_word' id='word_1_279' title='bbox 930 2893 1036 2947; x_wconf 87' lang='lat' dir='ltr'><strong>alia</strong></span> <span class='ocrx_word' id='word_1_280' title='bbox 1088 2895 1206 2950; x_wconf 87' lang='lat' dir='ltr'><strong>loca</strong></span> <span class='ocrx_word' id='word_1_281' title='bbox 1261 2912 1575 2956; x_wconf 88' lang='lat' dir='ltr'><strong>commeare</strong></span> <span class='ocrx_word' id='word_1_282' title='bbox 1611 2905 1761 2971; x_wconf 88' lang='lat' dir='ltr'><strong>velit,</strong></span> <span class='ocrx_word' id='word_1_283' title='bbox 1796 2914 1960 2977; x_wconf 87' lang='lat' dir='ltr'><strong>atque</strong></span> <span class='ocrx_word' id='word_1_284' title='bbox 2000 2911 2173 2966; x_wconf 91' lang='lat' dir='ltr'><strong>aciem</strong></span> <span class='ocrx_word' id='word_1_285' title='bbox 2216 2913 2289 2969; x_wconf 90' lang='lat' dir='ltr'><strong>ibi</strong></span> 
     </span>
    </p>
   </div>
   <div class='ocr_carea' id='block_1_46' title="bbox 708 2977 2289 3061">
    <p class='ocr_par' dir='ltr' id='par_1_46' title="bbox 708 2977 2289 3061">
     <span class='ocr_line' id='line_1_46' title="bbox 708 2977 2289 3061; baseline 0.018 -30"><span class='ocrx_word' id='word_1_286' title='bbox 708 2977 1008 3047; x_wconf 89' lang='lat' dir='ltr'><strong>instruere,</strong></span> <span class='ocrx_word' id='word_1_287' title='bbox 1059 2984 1245 3040; x_wconf 85' lang='lat' dir='ltr'><strong>fenum</strong></span> <span class='ocrx_word' id='word_1_288' title='bbox 1300 3000 1394 3042; x_wconf 89' lang='lat' dir='ltr'><strong>aut</strong></span> <span class='ocrx_word' id='word_1_289' title='bbox 1448 2994 1657 3061; x_wconf 79' lang='lat' dir='ltr'><strong>paleam</strong></span> <span class='ocrx_word' id='word_1_290' title='bbox 1725 2999 1891 3053; x_wconf 89' lang='lat' dir='ltr'><strong>unius</strong></span> <span class='ocrx_word' id='word_1_291' title='bbox 1938 3000 2045 3056; x_wconf 90' lang='lat' dir='ltr'><strong>diei</strong></span> <span class='ocrx_word' id='word_1_292' title='bbox 2100 3018 2289 3059; x_wconf 89' lang='lat' dir='ltr'><strong>secum</strong></span> 
     </span>
    </p>
   </div>
   <div class='ocr_carea' id='block_1_47' title="bbox 710 3069 2288 3153">
    <p class='ocr_par' dir='ltr' id='par_1_47' title="bbox 710 3069 2288 3153">
     <span class='ocr_line' id='line_1_47' title="bbox 710 3069 2288 3153; baseline 0.016 -31"><span class='ocrx_word' id='word_1_293' title='bbox 710 3069 910 3135; x_wconf 88' lang='lat' dir='ltr'><strong>ferant,</strong></span> <span class='ocrx_word' id='word_1_294' title='bbox 943 3089 1008 3128; x_wconf 85' lang='lat' dir='ltr'><strong>ac</strong></span> <span class='ocrx_word' id='word_1_295' title='bbox 1056 3078 1107 3129; x_wconf 89' lang='lat' dir='ltr'><strong>in</strong></span> <span class='ocrx_word' id='word_1_296' title='bbox 1145 3081 1345 3133; x_wconf 80' lang='lat' dir='ltr'><strong>castris</strong></span> <span class='ocrx_word' id='word_1_297' title='bbox 1379 3084 1494 3137; x_wconf 88' lang='lat' dir='ltr'><strong>suis</strong></span> <span class='ocrx_word' id='word_1_298' title='bbox 1522 3099 1821 3153; x_wconf 87' lang='lat' dir='ltr'><strong>reponant:</strong></span> <span class='ocrx_word' id='word_1_299' title='bbox 1853 3088 2109 3148; x_wconf 82' lang='lat' dir='ltr'><strong>fortassis</strong></span> <span class='ocrx_word' id='word_1_300' title='bbox 2144 3088 2288 3149; x_wconf 86' lang='lat' dir='ltr'><strong>enim</strong></span> 
     </span>
    </p>
   </div>
   <div class='ocr_carea' id='block_1_48' title="bbox 710 3163 2293 3255">
    <p class='ocr_par' dir='ltr' id='par_1_48' title="bbox 710 3163 2293 3255">
     <span class='ocr_line' id='line_1_48' title="bbox 710 3163 2293 3255; baseline 0.016 -41"><span class='ocrx_word' id='word_1_301' title='bbox 710 3163 866 3255; x_wconf 85' lang='lat' dir='ltr'><strong>pueri</strong></span> <span class='ocrx_word' id='word_1_302' title='bbox 916 3173 970 3219; x_wconf 91' lang='lat' dir='ltr'><strong>et</strong></span> <span class='ocrx_word' id='word_1_303' title='bbox 1017 3167 1329 3225; x_wconf 87' lang='lat' dir='ltr'><strong>administri</strong></span> <span class='ocrx_word' id='word_1_304' title='bbox 1399 3176 1629 3230; x_wconf 87' lang='lat' dir='ltr'><strong>militum</strong></span> <span class='ocrx_word' id='word_1_305' title='bbox 1681 3178 1749 3232; x_wconf 89' lang='lat' dir='ltr'><strong>ab</strong></span> <span class='ocrx_word' id='word_1_306' title='bbox 1794 3179 2050 3238; x_wconf 90' lang='lat' dir='ltr'><strong>hostibus</strong></span> <span class='ocrx_word' id='word_1_307' title='bbox 2102 3186 2293 3255; x_wconf 81' lang='lat' dir='ltr'><strong>prohi-</strong></span> 
     </span>
    </p>
   </div>
   <div class='ocr_carea' id='block_1_49' title="bbox 2389 1973 3985 2046">
    <p class='ocr_par' dir='ltr' id='par_1_49' title="bbox 2389 1973 3985 2046">
     <span class='ocr_line' id='line_1_49' title="bbox 2389 1973 3985 2046; baseline -0.001 -18"><span class='ocrx_word' id='word_1_308' title='bbox 2389 1973 2657 2037; x_wconf 80' lang='grc' dir='ltr'>Πολλάκις</span> <span class='ocrx_word' id='word_1_309' title='bbox 2684 1975 2793 2043; x_wconf 87' lang='grc' dir='ltr'><strong>γάρ</strong></span> <span class='ocrx_word' id='word_1_310' title='bbox 2820 1977 2913 2028; x_wconf 72' lang='grc' dir='ltr'>καὶ</span> <span class='ocrx_word' id='word_1_311' title='bbox 2934 1976 2984 2028; x_wconf 78' lang='grc' dir='ltr'>οἱ</span> <span class='ocrx_word' id='word_1_312' title='bbox 3013 1977 3341 2045; x_wconf 80' lang='grc' dir='ltr'>νικήσαντες</span> <span class='ocrx_word' id='word_1_313' title='bbox 3360 1976 3447 2029; x_wconf 83' lang='grc' dir='ltr'>διὰ</span> <span class='ocrx_word' id='word_1_314' title='bbox 3477 1974 3736 2028; x_wconf 78' lang='grc' dir='ltr'>τοιούτων</span> <span class='ocrx_word' id='word_1_315' title='bbox 3756 1976 3985 2046; x_wconf 73' lang='grc' dir='ltr'>τρόπων</span> 
     </span>
    </p>
   </div>
   <div class='ocr_carea' id='block_1_50' title="bbox 2388 2066 3983 2140">
    <p class='ocr_par' dir='ltr' id='par_1_50' title="bbox 2388 2066 3983 2140">
     <span class='ocr_line' id='line_1_50' title="bbox 2388 2066 3983 2140; baseline 0.001 -21"><span class='ocrx_word' id='word_1_316' title='bbox 2388 2068 2449 2119; x_wconf 82' lang='grc' dir='ltr'>οὐ</span> <span class='ocrx_word' id='word_1_317' title='bbox 2471 2066 2631 2137; x_wconf 89' lang='grc' dir='ltr'>μόνον</span> <span class='ocrx_word' id='word_1_318' title='bbox 2657 2067 2991 2140; x_wconf 80' lang='grc' dir='ltr'>ἡττήθησαν,</span> <span class='ocrx_word' id='word_1_319' title='bbox 3014 2067 3150 2121; x_wconf 87' lang='grc' dir='ltr'><strong>ἀλλά</strong></span> <span class='ocrx_word' id='word_1_320' title='bbox 3185 2067 3280 2121; x_wconf 72' lang='grc' dir='ltr'>καὶ</span> <span class='ocrx_word' id='word_1_321' title='bbox 3309 2067 3592 2122; x_wconf 86' lang='grc' dir='ltr'>ἀπώλοντο</span> <span class='ocrx_word' id='word_1_322' title='bbox 3641 2067 3983 2137; x_wconf 77' lang='grc' dir='ltr'>σκορπίσανο</span> 
     </span>
    </p>
   </div>
   <div class='ocr_carea' id='block_1_51' title="bbox 2387 2159 3981 2232">
    <p class='ocr_par' dir='ltr' id='par_1_51' title="bbox 2387 2159 3981 2232">
     <span class='ocr_line' id='line_1_51' title="bbox 2387 2159 3981 2232; baseline 0.002 -21"><span class='ocrx_word' id='word_1_323' title='bbox 2387 2174 2479 2221; x_wconf 87' lang='grc' dir='ltr'><strong>τες</strong></span> <span class='ocrx_word' id='word_1_324' title='bbox 2509 2160 2759 2223; x_wconf 81' lang='grc' dir='ltr'>ἑαυτοὺς,</span> <span class='ocrx_word' id='word_1_325' title='bbox 2796 2160 2890 2213; x_wconf 79' lang='grc' dir='ltr'>καὶ</span> <span class='ocrx_word' id='word_1_326' title='bbox 2920 2159 3026 2213; x_wconf 77' lang='grc' dir='ltr'><strong>ὑπὸ</strong></span> <span class='ocrx_word' id='word_1_327' title='bbox 3058 2160 3167 2214; x_wconf 85' lang='grc' dir='ltr'><strong>τῶν</strong></span> <span class='ocrx_word' id='word_1_328' title='bbox 3214 2160 3428 2232; x_wconf 82' lang='grc' dir='ltr'>ἐχθρῶν</span> <span class='ocrx_word' id='word_1_329' title='bbox 3484 2159 3981 2230; x_wconf 74' lang='grc' dir='ltr'>αἰφνιδιασθέντες,</span> 
     </span>
    </p>
   </div>
   <div class='ocr_carea' id='block_1_52' title="bbox 2389 2250 3199 2317">
    <p class='ocr_par' dir='ltr' id='par_1_52' title="bbox 2389 2250 3199 2317">
     <span class='ocr_line' id='line_1_52' title="bbox 2389 2250 3199 2317; baseline 0.004 -14"><span class='ocrx_word' id='word_1_330' title='bbox 2389 2252 2489 2303; x_wconf 75' lang='grc' dir='ltr'>καὶ</span> <span class='ocrx_word' id='word_1_331' title='bbox 2527 2250 2703 2315; x_wconf 81' lang='grc' dir='ltr'>οὕτως</span> <span class='ocrx_word' id='word_1_332' title='bbox 2724 2252 3199 2317; x_wconf 85' lang='grc' dir='ltr'>κινδυνεύσαντες.</span> 
     </span>
    </p>
   </div>
   <div class='ocr_carea' id='block_1_53' title="bbox 2463 2330 3985 2416">
    <p class='ocr_par' dir='ltr' id='par_1_53' title="bbox 2463 2330 3985 2416">
     <span class='ocr_line' id='line_1_53' title="bbox 2463 2330 3985 2416; baseline 0.001 -21"><span class='ocrx_word' id='word_1_333' title='bbox 2463 2340 2547 2395; x_wconf 82' lang='grc' dir='ltr'>ιε’.</span> <span class='ocrx_word' id='word_1_334' title='bbox 2581 2330 2759 2415; x_wconf 82' lang='grc' dir='ltr'>Ὅπερ</span> <span class='ocrx_word' id='word_1_335' title='bbox 2784 2342 2840 2396; x_wconf 80' lang='grc' dir='ltr'>δὲ</span> <span class='ocrx_word' id='word_1_336' title='bbox 2865 2335 2998 2414; x_wconf 73' lang='grc' dir='ltr'>ἡμῖν</span> <span class='ocrx_word' id='word_1_337' title='bbox 3030 2347 3124 2397; x_wconf 59' lang='grc' dir='ltr'><strong>καὶ⁵</strong></span> <span class='ocrx_word' id='word_1_338' title='bbox 3156 2344 3430 2416; x_wconf 90' lang='grc' dir='ltr'>πρότερον</span> <span class='ocrx_word' id='word_1_339' title='bbox 3458 2345 3694 2416; x_wconf 75' lang='grc' dir='ltr'>εἴρηται,</span> <span class='ocrx_word' id='word_1_340' title='bbox 3750 2344 3835 2398; x_wconf 84' lang='grc' dir='ltr'><strong>δεῖ</strong></span> <span class='ocrx_word' id='word_1_341' title='bbox 3883 2345 3985 2412; x_wconf 80' lang='grc' dir='ltr'>μά·</span> 
     </span>
    </p>
   </div>
   <div class='ocr_carea' id='block_1_54' title="bbox 2390 2434 3986 2511">
    <p class='ocr_par' dir='ltr' id='par_1_54' title="bbox 2390 2434 3986 2511">
     <span class='ocr_line' id='line_1_54' title="bbox 2390 2434 3986 2511; baseline 0.003 -24"><span class='ocrx_word' id='word_1_342' title='bbox 2390 2434 2545 2488; x_wconf 86' lang='grc' dir='ltr'>λιστα</span> <span class='ocrx_word' id='word_1_343' title='bbox 2576 2435 2685 2501; x_wconf 83' lang='grc' dir='ltr'><strong>τῶν</strong></span> <span class='ocrx_word' id='word_1_344' title='bbox 2712 2436 2987 2507; x_wconf 79' lang='grc' dir='ltr'>πολεμίων</span> <span class='ocrx_word' id='word_1_345' title='bbox 3016 2439 3366 2507; x_wconf 81' lang='grc' dir='ltr'>ἐγγιζόντων,</span> <span class='ocrx_word' id='word_1_346' title='bbox 3399 2440 3497 2494; x_wconf 78' lang='grc' dir='ltr'><strong>καὶ</strong></span> <span class='ocrx_word' id='word_1_347' title='bbox 3520 2439 3986 2511; x_wconf 78' lang='grc' dir='ltr'>προσδοκωμένου</span> 
     </span>
    </p>
   </div>
   <div class='ocr_carea' id='block_1_55' title="bbox 2392 2514 3988 2603">
    <p class='ocr_par' dir='ltr' id='par_1_55' title="bbox 2392 2514 3988 2603">
     <span class='ocr_line' id='line_1_55' title="bbox 2392 2514 3988 2603; baseline 0.005 -24"><span class='ocrx_word' id='word_1_348' title='bbox 2392 2514 2653 2598; x_wconf 83' lang='grc' dir='ltr'>πολέμου,</span> <span class='ocrx_word' id='word_1_349' title='bbox 2689 2528 2776 2582; x_wconf 86' lang='grc' dir='ltr'>τνα</span> <span class='ocrx_word' id='word_1_350' title='bbox 2809 2529 2904 2582; x_wconf 77' lang='grc' dir='ltr'><strong>ἐὰν</strong></span> <span class='ocrx_word' id='word_1_351' title='bbox 2934 2529 3097 2602; x_wconf 82' lang='grc' dir='ltr'>διάγῃ</span> <span class='ocrx_word' id='word_1_352' title='bbox 3137 2533 3195 2584; x_wconf 82' lang='grc' dir='ltr'><strong>ἐν</strong></span> <span class='ocrx_word' id='word_1_353' title='bbox 3235 2530 3494 2602; x_wconf 80' lang='grc' dir='ltr'>φοσσάτῳ</span> <span class='ocrx_word' id='word_1_354' title='bbox 3520 2533 3549 2585; x_wconf 84' lang='grc' dir='ltr'><strong>δ</strong></span> <span class='ocrx_word' id='word_1_355' title='bbox 3593 2534 3847 2603; x_wconf 76' lang='grc' dir='ltr'>στρατὸς,</span> <span class='ocrx_word' id='word_1_356' title='bbox 3883 2534 3988 2587; x_wconf 79' lang='grc' dir='ltr'><strong>καὶ</strong></span> 
     </span>
    </p>
   </div>
   <div class='ocr_carea' id='block_1_56' title="bbox 2390 2623 3989 2703">
    <p class='ocr_par' dir='ltr' id='par_1_56' title="bbox 2390 2623 3989 2703">
     <span class='ocr_line' id='line_1_56' title="bbox 2390 2623 3989 2703; baseline -0.001 -25"><span class='ocrx_word' id='word_1_357' title='bbox 2390 2625 2532 2688; x_wconf 76' lang='grc' dir='ltr'>τοὺς</span> <span class='ocrx_word' id='word_1_358' title='bbox 2569 2623 2801 2697; x_wconf 24' lang='grc' dir='ltr'>ἐχθροὺς,</span> <span class='ocrx_word' id='word_1_359' title='bbox 2841 2624 3085 2695; x_wconf 79' lang='grc' dir='ltr'><strong>ἀναμένῃ</strong></span> <span class='ocrx_word' id='word_1_360' title='bbox 3125 2624 3359 2703; x_wconf 75' lang='grc' dir='ltr'>ἐκεῖθεν,</span> <span class='ocrx_word' id='word_1_361' title='bbox 3402 2627 3477 2695; x_wconf 84' lang='grc' dir='ltr'>μὴ</span> <span class='ocrx_word' id='word_1_362' title='bbox 3522 2626 3683 2692; x_wconf 88' lang='grc' dir='ltr'>μόνον</span> <span class='ocrx_word' id='word_1_363' title='bbox 3729 2629 3989 2699; x_wconf 72' lang='grc' dir='ltr'>εὐτρεπί-</span> 
     </span>
    </p>
   </div>
   <div class='ocr_carea' id='block_1_57' title="bbox 2392 2705 3988 2793">
    <p class='ocr_par' dir='ltr' id='par_1_57' title="bbox 2392 2705 3988 2793">
     <span class='ocr_line' id='line_1_57' title="bbox 2392 2705 3988 2793; baseline -0.004 -23"><span class='ocrx_word' id='word_1_364' title='bbox 2392 2715 2530 2793; x_wconf 81' lang='grc' dir='ltr'>ζειν,</span> <span class='ocrx_word' id='word_1_365' title='bbox 2558 2705 2660 2771; x_wconf 46' lang='grc' dir='ltr'>’καὶ</span> <span class='ocrx_word' id='word_1_366' title='bbox 2693 2717 3009 2771; x_wconf 80' lang='grc' dir='ltr'>ἀποτιθέναι</span> <span class='ocrx_word' id='word_1_367' title='bbox 3043 2717 3309 2790; x_wconf 75' lang='grc' dir='ltr'>χόρτονξῆ</span> <span class='ocrx_word' id='word_1_368' title='bbox 3343 2717 3545 2790; x_wconf 76' lang='grc' dir='ltr'>ἄχυρον</span> <span class='ocrx_word' id='word_1_369' title='bbox 3577 2722 3766 2791; x_wconf 80' lang='grc' dir='ltr'><strong>μ,ιᾶςῆ</strong></span> <span class='ocrx_word' id='word_1_370' title='bbox 3795 2721 3988 2774; x_wconf 46' lang='lat' dir='ltr'><strong>Georg-</strong></span> 
     </span>
    </p>
   </div>
   <div class='ocr_carea' id='block_1_58' title="bbox 2359 2794 3989 2887">
    <p class='ocr_par' dir='ltr' id='par_1_58' title="bbox 2359 2794 3989 2887">
     <span class='ocr_line' id='line_1_58' title="bbox 2359 2794 3989 2887; baseline 0.002 -22"><span class='ocrx_word' id='word_1_371' title='bbox 2359 2814 2362 2821; x_wconf 77' lang='grc'>’</span> <span class='ocrx_word' id='word_1_372' title='bbox 2397 2826 2495 2882; x_wconf 84' lang='grc' dir='ltr'><strong>ρας</strong></span> <span class='ocrx_word' id='word_1_373' title='bbox 2553 2812 2771 2882; x_wconf 76' lang='grc' dir='ltr'>ἡμέρας</span> <span class='ocrx_word' id='word_1_374' title='bbox 2824 2811 2936 2865; x_wconf 83' lang='grc' dir='ltr'><strong>τῶν</strong></span> <span class='ocrx_word' id='word_1_375' title='bbox 2996 2810 3231 2878; x_wconf 87' lang='grc' dir='ltr'>ἀλόγων,</span> <span class='ocrx_word' id='word_1_376' title='bbox 3258 2794 3395 2866; x_wconf 74' lang='grc' dir='ltr'>ἀλλὰ</span> <span class='ocrx_word' id='word_1_377' title='bbox 3438 2815 3532 2865; x_wconf 72' lang='grc' dir='ltr'><strong>καὶ</strong></span> <span class='ocrx_word' id='word_1_378' title='bbox 3585 2813 3681 2866; x_wconf 74' lang='grc' dir='ltr'><strong>ἐὰν</strong></span> <span class='ocrx_word' id='word_1_379' title='bbox 3713 2817 3919 2887; x_wconf 78' lang='grc' dir='ltr'>κινήσῃ</span> <span class='ocrx_word' id='word_1_380' title='bbox 3958 2818 3989 2868; x_wconf 83' lang='grc' dir='ltr'>ὁ</span> 
     </span>
    </p>
   </div>
   <div class='ocr_carea' id='block_1_59' title="bbox 2396 2902 3987 2977">
    <p class='ocr_par' dir='ltr' id='par_1_59' title="bbox 2396 2902 3987 2977">
     <span class='ocr_line' id='line_1_59' title="bbox 2396 2902 3987 2977; baseline 0.003 -23"><span class='ocrx_word' id='word_1_381' title='bbox 2396 2902 2648 2972; x_wconf 77' lang='grc' dir='ltr'>στρατὸς,</span> <span class='ocrx_word' id='word_1_382' title='bbox 2684 2903 2780 2955; x_wconf 79' lang='grc' dir='ltr'>καὶ</span> <span class='ocrx_word' id='word_1_383' title='bbox 2820 2903 3079 2974; x_wconf 78' lang='grc' dir='ltr'>βούληται</span> <span class='ocrx_word' id='word_1_384' title='bbox 3112 2904 3208 2957; x_wconf 75' lang='grc' dir='ltr'>καὶ</span> <span class='ocrx_word' id='word_1_385' title='bbox 3237 2906 3295 2958; x_wconf 86' lang='grc' dir='ltr'><strong>ἐν</strong></span> <span class='ocrx_word' id='word_1_386' title='bbox 3344 2904 3519 2974; x_wconf 78' lang='grc' dir='ltr'>ἑτέρῳ</span> <span class='ocrx_word' id='word_1_387' title='bbox 3569 2905 3799 2977; x_wconf 81' lang='grc' dir='ltr'>πλήκτῳ</span> <span class='ocrx_word' id='word_1_388' title='bbox 3864 2908 3987 2975; x_wconf 78' lang='lat'><strong>(97)</strong></span> 
     </span>
    </p>
   </div>
   <div class='ocr_carea' id='block_1_60' title="bbox 2394 2996 3992 3068">
    <p class='ocr_par' dir='ltr' id='par_1_60' title="bbox 2394 2996 3992 3068">
     <span class='ocr_line' id='line_1_60' title="bbox 2394 2996 3992 3068; baseline 0.002 -19"><span class='ocrx_word' id='word_1_389' title='bbox 2394 2996 2670 3059; x_wconf 81' lang='grc' dir='ltr'>ἀπελθεῖν,</span> <span class='ocrx_word' id='word_1_390' title='bbox 2714 2996 2972 3050; x_wconf 82' lang='grc' dir='ltr'>κάκεῖθεν</span> <span class='ocrx_word' id='word_1_391' title='bbox 3010 2996 3450 3068; x_wconf 78' lang='grc' dir='ltr'>παρατάξεσθαι,</span> <span class='ocrx_word' id='word_1_392' title='bbox 3483 2998 3784 3067; x_wconf 79' lang='grc' dir='ltr'>ἀναγκαῖόν</span> <span class='ocrx_word' id='word_1_393' title='bbox 3832 3001 3992 3053; x_wconf 81' lang='grc' dir='ltr'>ἐστιν</span> 
     </span>
    </p>
   </div>
   <div class='ocr_carea' id='block_1_61' title="bbox 2394 3080 3988 3161">
    <p class='ocr_par' dir='ltr' id='par_1_61' title="bbox 2394 3080 3988 3161">
     <span class='ocr_line' id='line_1_61' title="bbox 2394 3080 3988 3161; baseline 0.001 -19"><span class='ocrx_word' id='word_1_394' title='bbox 2394 3088 2534 3142; x_wconf 85' lang='grc' dir='ltr'>ὥστε</span> <span class='ocrx_word' id='word_1_395' title='bbox 2564 3090 2755 3161; x_wconf 84' lang='grc' dir='ltr'>χόρτον</span> <span class='ocrx_word' id='word_1_396' title='bbox 2786 3090 2819 3161; x_wconf 79' lang='grc' dir='ltr'>ἦ</span> <span class='ocrx_word' id='word_1_397' title='bbox 2850 3080 3055 3161; x_wconf 70' lang='grc' dir='ltr'>ἄχυρον</span> <span class='ocrx_word' id='word_1_398' title='bbox 3096 3091 3201 3145; x_wconf 83' lang='grc' dir='ltr'><strong>κᾶν</strong></span> <span class='ocrx_word' id='word_1_399' title='bbox 3236 3093 3364 3160; x_wconf 72' lang='grc' dir='ltr'>μιᾶς</span> <span class='ocrx_word' id='word_1_400' title='bbox 3392 3091 3604 3161; x_wconf 78' lang='grc' dir='ltr'>ἡμέρας</span> <span class='ocrx_word' id='word_1_401' title='bbox 3662 3090 3988 3161; x_wconf 72' lang='grc' dir='ltr'>βαστάζειν,</span> 
     </span>
    </p>
   </div>
   <div class='ocr_carea' id='block_1_62' title="bbox 2397 3178 3991 3254">
    <p class='ocr_par' dir='ltr' id='par_1_62' title="bbox 2397 3178 3991 3254">
     <span class='ocr_line' id='line_1_62' title="bbox 2397 3178 3991 3254; baseline 0.001 -19"><span class='ocrx_word' id='word_1_402' title='bbox 2397 3182 2493 3235; x_wconf 68' lang='grc' dir='ltr'>καὶ</span> <span class='ocrx_word' id='word_1_403' title='bbox 2523 3181 2697 3244; x_wconf 86' lang='grc' dir='ltr'>οῦτως</span> <span class='ocrx_word' id='word_1_404' title='bbox 2744 3184 2801 3236; x_wconf 92' lang='grc' dir='ltr'><strong>ἐν</strong></span> <span class='ocrx_word' id='word_1_405' title='bbox 2849 3181 2927 3252; x_wconf 81' lang='grc' dir='ltr'>τῷ</span> <span class='ocrx_word' id='word_1_406' title='bbox 2977 3184 3256 3254; x_wconf 82' lang='grc' dir='ltr'>γενομένῳ</span> <span class='ocrx_word' id='word_1_407' title='bbox 3321 3182 3578 3254; x_wconf 68' lang='grc' dir='ltr'>φοσσάτῳ</span> <span class='ocrx_word' id='word_1_408' title='bbox 3626 3178 3991 3237; x_wconf 75' lang='grc' dir='ltr'>ἀποτίθεσθαι</span> 
     </span>
    </p>
   </div>
   <div class='ocr_carea' id='block_1_63' title="bbox 708 3253 2294 3364">
    <p class='ocr_par' dir='ltr' id='par_1_63' title="bbox 708 3253 2292 3347">
     <span class='ocr_line' id='line_1_63' title="bbox 708 3253 2292 3347; baseline 0.016 -40"><span class='ocrx_word' id='word_1_409' title='bbox 708 3253 942 3311; x_wconf 87' lang='lat' dir='ltr'><strong>beantur</strong></span> <span class='ocrx_word' id='word_1_410' title='bbox 992 3274 1059 3314; x_wconf 89' lang='lat' dir='ltr'><strong>eo</strong></span> <span class='ocrx_word' id='word_1_411' title='bbox 1105 3262 1194 3317; x_wconf 91' lang='lat' dir='ltr'><strong>die</strong></span> <span class='ocrx_word' id='word_1_412' title='bbox 1245 3265 1416 3332; x_wconf 81' lang='lat' dir='ltr'><strong>exire,</strong></span> <span class='ocrx_word' id='word_1_413' title='bbox 1468 3276 1522 3321; x_wconf 87' lang='lat' dir='ltr'><strong>et</strong></span> <span class='ocrx_word' id='word_1_414' title='bbox 1571 3268 1758 3325; x_wconf 83' lang='lat' dir='ltr'><strong>fenum</strong></span> <span class='ocrx_word' id='word_1_415' title='bbox 1805 3287 2017 3343; x_wconf 82' lang='lat' dir='ltr'><strong>secare,</strong></span> <span class='ocrx_word' id='word_1_416' title='bbox 2070 3253 2162 3331; x_wconf 79' lang='lat' dir='ltr'><strong>aut</strong></span> <span class='ocrx_word' id='word_1_417' title='bbox 2199 3293 2292 3347; x_wconf 81' lang='lat' dir='ltr'><strong>pa-</strong></span> 
     </span>
    </p>
   </div>
   <div class='ocr_carea' id='block_1_64' title="bbox 2396 3253 3992 3364">
    <p class='ocr_par' dir='ltr' id='par_1_64' title="bbox 2397 3272 3992 3364">
     <span class='ocr_line' id='line_1_64' title="bbox 2397 3272 3992 3364; baseline 0.001 -39"><span class='ocrx_word' id='word_1_418' title='bbox 2397 3273 2607 3326; x_wconf 84' lang='grc' dir='ltr'>τοῦτον·</span> <span class='ocrx_word' id='word_1_419' title='bbox 2640 3274 2772 3337; x_wconf 73' lang='grc' dir='ltr'>ἴσως</span> <span class='ocrx_word' id='word_1_420' title='bbox 2801 3272 2911 3342; x_wconf 74' lang='grc' dir='ltr'><strong>γὰρ</strong></span> <span class='ocrx_word' id='word_1_421' title='bbox 2937 3274 2997 3325; x_wconf 84' lang='grc' dir='ltr'>οὐ</span> <span class='ocrx_word' id='word_1_422' title='bbox 3030 3272 3444 3344; x_wconf 70' lang='grc' dir='ltr'>συγχωροῦνται</span> <span class='ocrx_word' id='word_1_423' title='bbox 3488 3273 3593 3326; x_wconf 80' lang='grc' dir='ltr'><strong>ὑπὸ</strong></span> <span class='ocrx_word' id='word_1_424' title='bbox 3625 3272 3733 3326; x_wconf 86' lang='grc' dir='ltr'><strong>τῶν</strong></span> <span class='ocrx_word' id='word_1_425' title='bbox 3773 3274 3992 3364; x_wconf 68' lang='grc' dir='ltr'>ἐχθρῶν</span> 
     </span>
    </p>
   </div>
   <div class='ocr_carea' id='block_1_65' title="bbox 710 3346 2292 3437">
    <p class='ocr_par' dir='ltr' id='par_1_65' title="bbox 710 3346 2292 3437">
     <span class='ocr_line' id='line_1_65' title="bbox 710 3346 2292 3437; baseline 0.016 -38"><span class='ocrx_word' id='word_1_426' title='bbox 710 3346 901 3402; x_wconf 89' lang='lat' dir='ltr'><strong>bulum</strong></span> <span class='ocrx_word' id='word_1_427' title='bbox 960 3352 1241 3425; x_wconf 82' lang='lat' dir='ltr'><strong>colligere,</strong></span> <span class='ocrx_word' id='word_1_428' title='bbox 1304 3369 1399 3414; x_wconf 91' lang='lat' dir='ltr'><strong>aut</strong></span> <span class='ocrx_word' id='word_1_429' title='bbox 1448 3360 1699 3430; x_wconf 82' lang='lat' dir='ltr'><strong>jutnenta</strong></span> <span class='ocrx_word' id='word_1_430' title='bbox 1750 3365 1817 3421; x_wconf 87' lang='lat' dir='ltr'><strong>ad</strong></span> <span class='ocrx_word' id='word_1_431' title='bbox 1859 3352 2077 3437; x_wconf 85' lang='lat' dir='ltr'><strong>pastum</strong></span> <span class='ocrx_word' id='word_1_432' title='bbox 2131 3346 2292 3426; x_wconf 86' lang='lat' dir='ltr'><strong>emit-</strong></span> 
     </span>
    </p>
   </div>
   <div class='ocr_carea' id='block_1_66' title="bbox 711 3447 2269 3507">
    <p class='ocr_par' dir='ltr' id='par_1_66' title="bbox 711 3447 2269 3507">
     <span class='ocr_line' id='line_1_66' title="bbox 711 3447 2269 3507; baseline 0.006 -17"><span class='ocrx_word' id='word_1_433' title='bbox 711 3447 847 3494; x_wconf 86' lang='lat' dir='ltr'><strong>tere.</strong></span> <span class='ocrx_word' id='word_1_434' title='bbox 1722 3500 1729 3507; x_wconf 88' lang='lat'><strong>_</strong></span> <span class='ocrx_word' id='word_1_435' title='bbox 2262 3458 2269 3465; x_wconf 70' lang='lat'><strong>&#39;</strong></span> 
     </span>
    </p>
   </div>
   <div class='ocr_carea' id='block_1_67' title="bbox 782 3532 2292 3613">
    <p class='ocr_par' dir='ltr' id='par_1_67' title="bbox 782 3532 2292 3613">
     <span class='ocr_line' id='line_1_67' title="bbox 782 3532 2292 3613; baseline 0.015 -27"><span class='ocrx_word' id='word_1_436' title='bbox 782 3532 872 3587; x_wconf 84' lang='grc'><strong>16.</strong></span> <span class='ocrx_word' id='word_1_437' title='bbox 928 3533 1023 3591; x_wconf 88' lang='lat' dir='ltr'><strong>Sin</strong></span> <span class='ocrx_word' id='word_1_438' title='bbox 1074 3537 1261 3597; x_wconf 87' lang='lat' dir='ltr'><strong>hostes</strong></span> <span class='ocrx_word' id='word_1_439' title='bbox 1324 3542 1647 3601; x_wconf 85' lang='lat' dir='ltr'><strong>immineant</strong></span> <span class='ocrx_word' id='word_1_440' title='bbox 1696 3549 1877 3613; x_wconf 90' lang='lat' dir='ltr'><strong>multi,</strong></span> <span class='ocrx_word' id='word_1_441' title='bbox 1941 3566 2049 3607; x_wconf 91' lang='lat' dir='ltr'><strong>non</strong></span> <span class='ocrx_word' id='word_1_442' title='bbox 2095 3554 2292 3607; x_wconf 87' lang='lat' dir='ltr'><strong>absur-</strong></span> 
     </span>
    </p>
   </div>
   <div class='ocr_carea' id='block_1_68' title="bbox 710 3623 2293 3708">
    <p class='ocr_par' dir='ltr' id='par_1_68' title="bbox 710 3623 2293 3708">
     <span class='ocr_line' id='line_1_68' title="bbox 710 3623 2293 3708; baseline 0.013 -29"><span class='ocrx_word' id='word_1_443' title='bbox 710 3623 842 3680; x_wconf 89' lang='lat' dir='ltr'><strong>dum</strong></span> <span class='ocrx_word' id='word_1_444' title='bbox 895 3626 1085 3692; x_wconf 89' lang='lat' dir='ltr'><strong>fuerit,</strong></span> <span class='ocrx_word' id='word_1_445' title='bbox 1138 3636 1601 3703; x_wconf 77' lang='lat' dir='ltr'><strong>quemadmodum</strong></span> <span class='ocrx_word' id='word_1_446' title='bbox 1636 3652 1765 3696; x_wconf 86' lang='lat' dir='ltr'><strong>ante</strong></span> <span class='ocrx_word' id='word_1_447' title='bbox 1794 3643 2059 3708; x_wconf 79' lang='lat' dir='ltr'><strong>diximus,</strong></span> <span class='ocrx_word' id='word_1_448' title='bbox 2094 3662 2293 3700; x_wconf 91' lang='lat' dir='ltr'><strong>unum-</strong></span> 
     </span>
    </p>
   </div>
   <div class='ocr_carea' id='block_1_69' title="bbox 711 3726 2296 3810">
    <p class='ocr_par' dir='ltr' id='par_1_69' title="bbox 711 3726 2296 3810">
     <span class='ocr_line' id='line_1_69' title="bbox 711 3726 2296 3810; baseline 0.015 -38"><span class='ocrx_word' id='word_1_449' title='bbox 711 3737 985 3794; x_wconf 85' lang='lat' dir='ltr'><strong>quemque</strong></span> <span class='ocrx_word' id='word_1_450' title='bbox 1042 3726 1093 3779; x_wconf 93' lang='lat' dir='ltr'><strong>in</strong></span> <span class='ocrx_word' id='word_1_451' title='bbox 1132 3728 1331 3783; x_wconf 89' lang='lat' dir='ltr'><strong>itinere</strong></span> <span class='ocrx_word' id='word_1_452' title='bbox 1390 3730 1639 3787; x_wconf 88' lang='lat' dir='ltr'><strong>faciendo</strong></span> <span class='ocrx_word' id='word_1_453' title='bbox 1705 3734 2031 3791; x_wconf 87' lang='lat' dir='ltr'><strong>frumentari</strong></span> <span class='ocrx_word' id='word_1_454' title='bbox 2084 3754 2147 3793; x_wconf 91' lang='lat' dir='ltr'><strong>ac</strong></span> <span class='ocrx_word' id='word_1_455' title='bbox 2196 3756 2296 3810; x_wconf 82' lang='lat' dir='ltr'><strong>pa-</strong></span> 
     </span>
    </p>
   </div>
   <div class='ocr_carea' id='block_1_70' title="bbox 714 3812 2297 3901">
    <p class='ocr_par' dir='ltr' id='par_1_70' title="bbox 714 3812 2297 3901">
     <span class='ocr_line' id='line_1_70' title="bbox 714 3812 2297 3901; baseline 0.015 -37"><span class='ocrx_word' id='word_1_456' title='bbox 714 3812 921 3877; x_wconf 86' lang='lat' dir='ltr'><strong>bulari,</strong></span> <span class='ocrx_word' id='word_1_457' title='bbox 994 3824 1159 3887; x_wconf 80' lang='lat' dir='ltr'><strong>atque</strong></span> <span class='ocrx_word' id='word_1_458' title='bbox 1209 3820 1345 3874; x_wconf 84' lang='lat' dir='ltr'><strong>illud</strong></span> <span class='ocrx_word' id='word_1_459' title='bbox 1400 3822 1457 3876; x_wconf 91' lang='lat' dir='ltr'><strong>in</strong></span> <span class='ocrx_word' id='word_1_460' title='bbox 1510 3824 1712 3880; x_wconf 83' lang='lat' dir='ltr'><strong>castris</strong></span> <span class='ocrx_word' id='word_1_461' title='bbox 1760 3842 2047 3896; x_wconf 84' lang='lat' dir='ltr'><strong>reponere.</strong></span> <span class='ocrx_word' id='word_1_462' title='bbox 2114 3830 2297 3901; x_wconf 84' lang='lat' dir='ltr'><strong>Neque</strong></span> 
     </span>
    </p>
   </div>
   <div class='ocr_carea' id='block_1_71' title="bbox 712 3909 2298 3987">
    <p class='ocr_par' dir='ltr' id='par_1_71' title="bbox 712 3909 2298 3987">
     <span class='ocr_line' id='line_1_71' title="bbox 712 3909 2298 3987; baseline 0.012 -27"><span class='ocrx_word' id='word_1_463' title='bbox 712 3909 856 3961; x_wconf 86' lang='lat' dir='ltr'><strong>enim</strong></span> <span class='ocrx_word' id='word_1_464' title='bbox 909 3911 1112 3966; x_wconf 79' lang='lat' dir='ltr'><strong>castris</strong></span> <span class='ocrx_word' id='word_1_465' title='bbox 1145 3910 1257 3981; x_wconf 76' lang='lat' dir='ltr'><strong>jam</strong></span> <span class='ocrx_word' id='word_1_466' title='bbox 1315 3917 1534 3984; x_wconf 82' lang='lat' dir='ltr'><strong>positis,</strong></span> <span class='ocrx_word' id='word_1_467' title='bbox 1570 3919 1721 3987; x_wconf 89' lang='lat' dir='ltr'><strong>pueri</strong></span> <span class='ocrx_word' id='word_1_468' title='bbox 1774 3929 1827 3973; x_wconf 89' lang='lat' dir='ltr'><strong>et</strong></span> <span class='ocrx_word' id='word_1_469' title='bbox 1874 3921 2186 3978; x_wconf 87' lang='lat' dir='ltr'><strong>administri</strong></span> <span class='ocrx_word' id='word_1_470' title='bbox 2230 3924 2298 3979; x_wconf 88' lang='lat' dir='ltr'><strong>ab</strong></span> 
     </span>
    </p>
   </div>
   <div class='ocr_carea' id='block_1_72' title="bbox 714 3999 2298 4085">
    <p class='ocr_par' dir='ltr' id='par_1_72' title="bbox 714 3999 2298 4085">
     <span class='ocr_line' id='line_1_72' title="bbox 714 3999 2298 4085; baseline 0.012 -32"><span class='ocrx_word' id='word_1_471' title='bbox 714 3999 990 4068; x_wconf 79' lang='lat' dir='ltr'><strong>hostibus,</strong></span> <span class='ocrx_word' id='word_1_472' title='bbox 1039 4006 1082 4060; x_wconf 89' lang='lat' dir='ltr'><strong>si</strong></span> <span class='ocrx_word' id='word_1_473' title='bbox 1117 4009 1421 4076; x_wconf 57' lang='lat' dir='ltr'><strong>praesertim</strong></span> <span class='ocrx_word' id='word_1_474' title='bbox 1476 4011 1688 4081; x_wconf 89' lang='lat' dir='ltr'><strong>equites</strong></span> <span class='ocrx_word' id='word_1_475' title='bbox 1721 4013 1876 4067; x_wconf 93' lang='lat' dir='ltr'><strong>multi</strong></span> <span class='ocrx_word' id='word_1_476' title='bbox 1930 4014 2153 4081; x_wconf 85' lang='lat' dir='ltr'><strong>fuerint,</strong></span> <span class='ocrx_word' id='word_1_477' title='bbox 2203 4033 2298 4085; x_wconf 93' lang='lat' dir='ltr'><strong>pa-</strong></span> 
     </span>
    </p>
   </div>
   <div class='ocr_carea' id='block_1_73' title="bbox 714 4093 2298 4163">
    <p class='ocr_par' dir='ltr' id='par_1_73' title="bbox 714 4093 2298 4163">
     <span class='ocr_line' id='line_1_73' title="bbox 714 4093 2298 4163; baseline 0.011 -17"><span class='ocrx_word' id='word_1_478' title='bbox 714 4093 959 4149; x_wconf 82' lang='lat' dir='ltr'><strong>bulatum</strong></span> <span class='ocrx_word' id='word_1_479' title='bbox 1021 4105 1075 4151; x_wconf 91' lang='lat' dir='ltr'><strong>et</strong></span> <span class='ocrx_word' id='word_1_480' title='bbox 1115 4099 1508 4157; x_wconf 79' lang='lat' dir='ltr'><strong>frumentatum</strong></span> <span class='ocrx_word' id='word_1_481' title='bbox 1563 4103 1643 4158; x_wconf 88' lang='lat' dir='ltr'><strong>ire</strong></span> <span class='ocrx_word' id='word_1_482' title='bbox 1694 4105 1973 4159; x_wconf 82' lang='lat' dir='ltr'><strong>sineutur.</strong></span> <span class='ocrx_word' id='word_1_483' title='bbox 2034 4104 2159 4161; x_wconf 69' lang='lat' dir='ltr'><strong>llaec</strong></span> <span class='ocrx_word' id='word_1_484' title='bbox 2200 4109 2298 4163; x_wconf 84' lang='lat' dir='ltr'><strong>ahs</strong></span> 
     </span>
    </p>
   </div>
   <div class='ocr_carea' id='block_1_74' title="bbox 715 4190 2296 4267">
    <p class='ocr_par' dir='ltr' id='par_1_74' title="bbox 715 4190 2296 4267">
     <span class='ocr_line' id='line_1_74' title="bbox 715 4190 2296 4267; baseline 0.009 -28"><span class='ocrx_word' id='word_1_485' title='bbox 715 4196 765 4240; x_wconf 92' lang='lat' dir='ltr'><strong>te</strong></span> <span class='ocrx_word' id='word_1_486' title='bbox 806 4197 936 4243; x_wconf 90' lang='lat' dir='ltr'><strong>ante</strong></span> <span class='ocrx_word' id='word_1_487' title='bbox 985 4190 1111 4245; x_wconf 86' lang='lat' dir='ltr'><strong>belli</strong></span> <span class='ocrx_word' id='word_1_488' title='bbox 1166 4192 1337 4257; x_wconf 89' lang='lat' dir='ltr'><strong>diem,</strong></span> <span class='ocrx_word' id='word_1_489' title='bbox 1394 4196 1590 4265; x_wconf 91' lang='lat' dir='ltr'><strong>partim</strong></span> <span class='ocrx_word' id='word_1_490' title='bbox 1644 4197 2048 4265; x_wconf 60' lang='lat' dir='ltr'><strong>praecipienda,</strong></span> <span class='ocrx_word' id='word_1_491' title='bbox 2101 4200 2296 4267; x_wconf 75' lang='lat' dir='ltr'><strong>pantint</strong></span> 
     </span>
    </p>
   </div>
   <div class='ocr_carea' id='block_1_75' title="bbox 714 4282 2300 4360">
    <p class='ocr_par' dir='ltr' id='par_1_75' title="bbox 714 4282 2300 4360">
     <span class='ocr_line' id='line_1_75' title="bbox 714 4282 2300 4360; baseline 0.008 -26"><span class='ocrx_word' id='word_1_492' title='bbox 714 4282 1054 4336; x_wconf 80' lang='lat' dir='ltr'><strong>conficienda</strong></span> <span class='ocrx_word' id='word_1_493' title='bbox 1088 4294 1240 4348; x_wconf 90' lang='lat' dir='ltr'><strong>sunt,</strong></span> <span class='ocrx_word' id='word_1_494' title='bbox 1264 4295 1322 4339; x_wconf 88' lang='lat' dir='ltr'><strong>ut</strong></span> <span class='ocrx_word' id='word_1_495' title='bbox 1356 4286 1651 4355; x_wconf 75' lang='lat' dir='ltr'><strong>perfectior</strong></span> <span class='ocrx_word' id='word_1_496' title='bbox 1676 4304 1738 4343; x_wconf 91' lang='lat' dir='ltr'><strong>ac</strong></span> <span class='ocrx_word' id='word_1_497' title='bbox 1755 4289 2076 4360; x_wconf 87' lang='lat' dir='ltr'><strong>dispositior</strong></span> <span class='ocrx_word' id='word_1_498' title='bbox 2106 4290 2300 4360; x_wconf 68' lang='lat' dir='ltr'><strong>praefe-</strong></span> 
     </span>
    </p>
   </div>
   <div class='ocr_carea' id='block_1_76' title="bbox 714 4375 2301 4447">
    <p class='ocr_par' dir='ltr' id='par_1_76' title="bbox 714 4375 2301 4447">
     <span class='ocr_line' id='line_1_76' title="bbox 714 4375 2301 4447; baseline 0.006 -21"><span class='ocrx_word' id='word_1_499' title='bbox 714 4380 932 4427; x_wconf 90' lang='lat' dir='ltr'><strong>ctorum</strong></span> <span class='ocrx_word' id='word_1_500' title='bbox 961 4375 1307 4447; x_wconf 89' lang='lat' dir='ltr'><strong>militumque</strong></span> <span class='ocrx_word' id='word_1_501' title='bbox 1338 4390 1557 4433; x_wconf 86' lang='lat' dir='ltr'><strong>tuorum</strong></span> <span class='ocrx_word' id='word_1_502' title='bbox 1599 4382 1924 4440; x_wconf 86' lang='lat' dir='ltr'><strong>constitutio</strong></span> <span class='ocrx_word' id='word_1_503' title='bbox 1958 4381 2072 4436; x_wconf 85' lang='lat' dir='ltr'><strong>fiat.</strong></span> <span class='ocrx_word' id='word_1_504' title='bbox 2106 4380 2301 4438; x_wconf 80' lang='lat' dir='ltr'><strong>Restat</strong></span> 
     </span>
    </p>
   </div>
   <div class='ocr_carea' id='block_1_77' title="bbox 718 4452 2299 4543">
    <p class='ocr_par' dir='ltr' id='par_1_77' title="bbox 718 4452 2299 4543">
     <span class='ocr_line' id='line_1_77' title="bbox 718 4452 2299 4543; baseline 0.006 -24"><span class='ocrx_word' id='word_1_505' title='bbox 718 4474 775 4519; x_wconf 90' lang='lat' dir='ltr'><strong>ut</strong></span> <span class='ocrx_word' id='word_1_506' title='bbox 816 4467 884 4521; x_wconf 91' lang='lat' dir='ltr'><strong>de</strong></span> <span class='ocrx_word' id='word_1_507' title='bbox 922 4467 1044 4538; x_wconf 90' lang='lat' dir='ltr'><strong>ipso</strong></span> <span class='ocrx_word' id='word_1_508' title='bbox 1081 4468 1210 4523; x_wconf 89' lang='lat' dir='ltr'><strong>belli</strong></span> <span class='ocrx_word' id='word_1_509' title='bbox 1245 4452 1355 4534; x_wconf 83' lang='lat' dir='ltr'><strong>die,</strong></span> <span class='ocrx_word' id='word_1_510' title='bbox 1393 4466 1639 4542; x_wconf 84' lang='lat' dir='ltr'><strong>quidque</strong></span> <span class='ocrx_word' id='word_1_511' title='bbox 1695 4474 2136 4543; x_wconf 87' lang='lat' dir='ltr'><strong>persequendum</strong></span> <span class='ocrx_word' id='word_1_512' title='bbox 2200 4476 2299 4529; x_wconf 90' lang='lat' dir='ltr'><strong>tibi</strong></span> 
     </span>
    </p>
   </div>
   <div class='ocr_carea' id='block_1_78' title="bbox 716 4561 2300 4646">
    <p class='ocr_par' dir='ltr' id='par_1_78' title="bbox 716 4561 2300 4646">
     <span class='ocr_line' id='line_1_78' title="bbox 716 4561 2300 4646; baseline 0.009 -35"><span class='ocrx_word' id='word_1_513' title='bbox 716 4561 960 4629; x_wconf 84' lang='lat' dir='ltr'><strong>tuisque,</strong></span> <span class='ocrx_word' id='word_1_514' title='bbox 1003 4570 1057 4615; x_wconf 86' lang='lat' dir='ltr'><strong>et</strong></span> <span class='ocrx_word' id='word_1_515' title='bbox 1093 4577 1125 4617; x_wconf 90' lang='lat' dir='ltr'><strong>a</strong></span> <span class='ocrx_word' id='word_1_516' title='bbox 1174 4564 1377 4632; x_wconf 89' lang='lat' dir='ltr'><strong>quibus</strong></span> <span class='ocrx_word' id='word_1_517' title='bbox 1421 4564 1807 4637; x_wconf 80' lang='lat' dir='ltr'><strong>refugiendum</strong></span> <span class='ocrx_word' id='word_1_518' title='bbox 1852 4566 1949 4633; x_wconf 89' lang='lat' dir='ltr'><strong>sit,</strong></span> <span class='ocrx_word' id='word_1_519' title='bbox 1980 4568 2176 4646; x_wconf 85' lang='lat' dir='ltr'><strong>paucis</strong></span> <span class='ocrx_word' id='word_1_520' title='bbox 2206 4584 2300 4624; x_wconf 82' lang='lat' dir='ltr'><strong>ex-</strong></span> 
     </span>
    </p>
   </div>
   <div class='ocr_carea' id='block_1_79' title="bbox 719 4655 1681 4726">
    <p class='ocr_par' dir='ltr' id='par_1_79' title="bbox 719 4655 1681 4726">
     <span class='ocr_line' id='line_1_79' title="bbox 719 4655 1681 4726; baseline 0.008 -20"><span class='ocrx_word' id='word_1_521' title='bbox 719 4655 1026 4726; x_wconf 86' lang='lat' dir='ltr'><strong>planemus.</strong></span> <span class='ocrx_word' id='word_1_522' title='bbox 1151 4666 1154 4669; x_wconf 77' lang='grc'>’</span> <span class='ocrx_word' id='word_1_523' title='bbox 1564 4696 1571 4702; x_wconf 85' lang='lat'><strong><em>-</em></strong></span> <span class='ocrx_word' id='word_1_524' title='bbox 1678 4676 1681 4683; x_wconf 73' lang='lat'>‘</span> 
     </span>
    </p>
   </div>
   <div class='ocr_carea' id='block_1_80' title="bbox 1172 4745 1836 4804">
    <p class='ocr_par' dir='ltr' id='par_1_80' title="bbox 1172 4745 1836 4804">
     <span class='ocr_line' id='line_1_80' title="bbox 1172 4745 1836 4804; baseline 0.002 -2"><span class='ocrx_word' id='word_1_525' title='bbox 1172 4745 1641 4804; x_wconf 83' lang='lat' dir='ltr'><strong>CONSTITUTIO</strong></span> <span class='ocrx_word' id='word_1_526' title='bbox 1694 4747 1836 4804; x_wconf 83' lang='lat' dir='ltr'><strong>XIV.</strong></span> 
     </span>
    </p>
   </div>
   <div class='ocr_carea' id='block_1_81' title="bbox 1316 4831 1712 4896">
    <p class='ocr_par' dir='ltr' id='par_1_81' title="bbox 1316 4831 1712 4896">
     <span class='ocr_line' id='line_1_81' title="bbox 1316 4831 1712 4896; baseline 0.01 -4"><span class='ocrx_word' id='word_1_527' title='bbox 1316 4831 1396 4893; x_wconf 64' lang='lat' dir='ltr'><strong>D&#39;e</strong></span> <span class='ocrx_word' id='word_1_528' title='bbox 1445 4839 1530 4894; x_wconf 80' lang='lat' dir='ltr'><strong>die</strong></span> <span class='ocrx_word' id='word_1_529' title='bbox 1569 4840 1712 4896; x_wconf 81' lang='lat' dir='ltr'><strong>belli.</strong></span> 
     </span>
    </p>
   </div>
   <div class='ocr_carea' id='block_1_82' title="bbox 794 4930 2304 5007">
    <p class='ocr_par' dir='ltr' id='par_1_82' title="bbox 794 4930 2304 5007">
     <span class='ocr_line' id='line_1_82' title="bbox 794 4930 2304 5007; baseline 0.004 -23"><span class='ocrx_word' id='word_1_530' title='bbox 794 4933 844 4985; x_wconf 88' lang='grc'><strong>1.</strong></span> <span class='ocrx_word' id='word_1_531' title='bbox 888 4930 1003 4987; x_wconf 82' lang='lat' dir='ltr'><strong>Hoc</strong></span> <span class='ocrx_word' id='word_1_532' title='bbox 1045 4941 1171 4988; x_wconf 88' lang='lat' dir='ltr'><strong>ante</strong></span> <span class='ocrx_word' id='word_1_533' title='bbox 1213 4935 1396 4989; x_wconf 85' lang='lat' dir='ltr'><strong>omnia</strong></span> <span class='ocrx_word' id='word_1_534' title='bbox 1435 4933 1866 5007; x_wconf 57' lang='lat' dir='ltr'><strong>praecipiendum</strong></span> <span class='ocrx_word' id='word_1_535' title='bbox 1901 4944 2007 4999; x_wconf 90' lang='lat' dir='ltr'><strong>est,</strong></span> <span class='ocrx_word' id='word_1_536' title='bbox 2043 4941 2104 4989; x_wconf 91' lang='lat' dir='ltr'><strong>ut</strong></span> <span class='ocrx_word' id='word_1_537' title='bbox 2132 4950 2304 5005; x_wconf 89' lang='lat' dir='ltr'><strong>purus</strong></span> 
     </span>
    </p>
   </div>
   <div class='ocr_carea' id='block_1_83' title="bbox 716 5023 2303 5094">
    <p class='ocr_par' dir='ltr' id='par_1_83' title="bbox 716 5023 2303 5094">
     <span class='ocr_line' id='line_1_83' title="bbox 716 5023 2303 5094; baseline 0.001 -20"><span class='ocrx_word' id='word_1_538' title='bbox 716 5039 779 5076; x_wconf 86' lang='lat' dir='ltr'><strong>ac</strong></span> <span class='ocrx_word' id='word_1_539' title='bbox 826 5035 1051 5077; x_wconf 90' lang='lat' dir='ltr'><strong>sanctus</strong></span> <span class='ocrx_word' id='word_1_540' title='bbox 1098 5024 1377 5080; x_wconf 80' lang='lat' dir='ltr'><strong>exercitus</strong></span> <span class='ocrx_word' id='word_1_541' title='bbox 1428 5034 1557 5084; x_wconf 89' lang='lat' dir='ltr'><strong>tuus</strong></span> <span class='ocrx_word' id='word_1_542' title='bbox 1611 5025 1705 5087; x_wconf 89' lang='lat' dir='ltr'><strong>sit,</strong></span> <span class='ocrx_word' id='word_1_543' title='bbox 1754 5037 1807 5078; x_wconf 87' lang='lat' dir='ltr'><strong>et</strong></span> <span class='ocrx_word' id='word_1_544' title='bbox 1854 5024 2031 5094; x_wconf 90' lang='lat' dir='ltr'><strong>pridie</strong></span> <span class='ocrx_word' id='word_1_545' title='bbox 2086 5023 2303 5094; x_wconf 87' lang='lat' dir='ltr'><strong>vesperi</strong></span> 
     </span>
    </p>
   </div>
   <div class='ocr_carea' id='block_1_84' title="bbox 717 5115 2307 5189">
    <p class='ocr_par' dir='ltr' id='par_1_84' title="bbox 717 5115 2307 5189">
     <span class='ocr_line' id='line_1_84' title="bbox 717 5115 2307 5189; baseline -0.001 -17"><span class='ocrx_word' id='word_1_546' title='bbox 717 5130 909 5189; x_wconf 80' lang='lat' dir='ltr'><strong>preces</strong></span> <span class='ocrx_word' id='word_1_547' title='bbox 930 5115 1178 5171; x_wconf 83' lang='lat' dir='ltr'><strong>efficaces</strong></span> <span class='ocrx_word' id='word_1_548' title='bbox 1211 5130 1275 5171; x_wconf 90' lang='lat' dir='ltr'><strong>ac</strong></span> <span class='ocrx_word' id='word_1_549' title='bbox 1302 5117 1579 5171; x_wconf 63' lang='lat' dir='ltr'><strong>diuturna:</strong></span> <span class='ocrx_word' id='word_1_550' title='bbox 1603 5117 2307 5185; x_wconf 85' lang='lat' dir='ltr'><strong>adhibeantur,omnesque</strong></span> 
     </span>
    </p>
   </div>
   <div class='ocr_carea' id='block_1_85' title="bbox 718 5207 2308 5279">
    <p class='ocr_par' dir='ltr' id='par_1_85' title="bbox 718 5207 2308 5279">
     <span class='ocr_line' id='line_1_85' title="bbox 718 5207 2308 5279; baseline -0.001 -16"><span class='ocrx_word' id='word_1_551' title='bbox 718 5207 831 5263; x_wconf 76' lang='lat' dir='ltr'><strong>Deo</strong></span> <span class='ocrx_word' id='word_1_552' title='bbox 858 5218 1283 5275; x_wconf 89' lang='lat' dir='ltr'><strong>consecrentur,</strong></span> <span class='ocrx_word' id='word_1_553' title='bbox 1324 5209 1511 5265; x_wconf 88' lang='lat' dir='ltr'><strong>verbis</strong></span> <span class='ocrx_word' id='word_1_554' title='bbox 1556 5209 1828 5279; x_wconf 86' lang='lat' dir='ltr'><strong>factisque</strong></span> <span class='ocrx_word' id='word_1_555' title='bbox 1866 5208 2308 5279; x_wconf 85' lang='lat' dir='ltr'><strong>persuadeantur</strong></span> 
     </span>
    </p>
   </div>
   <div class='ocr_carea' id='block_1_86' title="bbox 722 5300 2305 5373">
    <p class='ocr_par' dir='ltr' id='par_1_86' title="bbox 722 5300 2305 5373">
     <span class='ocr_line' id='line_1_86' title="bbox 722 5300 2305 5373; baseline -0.001 -16"><span class='ocrx_word' id='word_1_556' title='bbox 722 5319 782 5357; x_wconf 87' lang='lat' dir='ltr'><strong>se</strong></span> <span class='ocrx_word' id='word_1_557' title='bbox 833 5302 1003 5357; x_wconf 91' lang='lat' dir='ltr'><strong>Deum</strong></span> <span class='ocrx_word' id='word_1_558' title='bbox 1058 5302 1367 5373; x_wconf 83' lang='lat' dir='ltr'><strong>adjutorem</strong></span> <span class='ocrx_word' id='word_1_559' title='bbox 1414 5302 1639 5367; x_wconf 86' lang='lat' dir='ltr'><strong>habere,</strong></span> <span class='ocrx_word' id='word_1_560' title='bbox 1696 5310 1862 5372; x_wconf 87' lang='lat' dir='ltr'><strong>atque</strong></span> <span class='ocrx_word' id='word_1_561' title='bbox 1900 5303 2004 5356; x_wconf 93' lang='lat' dir='ltr'><strong>hoc</strong></span> <span class='ocrx_word' id='word_1_562' title='bbox 2037 5301 2202 5355; x_wconf 93' lang='lat' dir='ltr'><strong>modo</strong></span> <span class='ocrx_word' id='word_1_563' title='bbox 2237 5300 2305 5355; x_wconf 93' lang='lat' dir='ltr'><strong>ad</strong></span> 
     </span>
    </p>
   </div>
   <div class='ocr_carea' id='block_1_87' title="bbox 719 5396 2265 5467">
    <p class='ocr_par' dir='ltr' id='par_1_87' title="bbox 719 5396 2265 5467">
     <span class='ocr_line' id='line_1_87' title="bbox 719 5396 2265 5467; baseline -0.002 -15"><span class='ocrx_word' id='word_1_564' title='bbox 719 5397 924 5452; x_wconf 83' lang='lat' dir='ltr'><strong>bellum</strong></span> <span class='ocrx_word' id='word_1_565' title='bbox 984 5412 1177 5467; x_wconf 88' lang='lat' dir='ltr'><strong>puros,</strong></span> <span class='ocrx_word' id='word_1_566' title='bbox 1228 5396 1502 5463; x_wconf 87' lang='lat' dir='ltr'><strong>sinceros,</strong></span> <span class='ocrx_word' id='word_1_567' title='bbox 1561 5397 1887 5466; x_wconf 83' lang='lat' dir='ltr'><strong>alacresque</strong></span> <span class='ocrx_word' id='word_1_568' title='bbox 1942 5396 2265 5467; x_wconf 87' lang='lat' dir='ltr'><strong>procedere.</strong></span> 
     </span>
    </p>
   </div>
   <div class='ocr_carea' id='block_1_88' title="bbox 786 5572 2301 5646">
    <p class='ocr_par' dir='ltr' id='par_1_88' title="bbox 786 5572 2301 5646">
     <span class='ocr_line' id='line_1_88' title="bbox 786 5572 2301 5646; baseline -0.002 -14"><span class='ocrx_word' id='word_1_569' title='bbox 786 5575 845 5632; x_wconf 76' lang='lat'><strong>2.</strong></span> <span class='ocrx_word' id='word_1_570' title='bbox 888 5572 1015 5646; x_wconf 84' lang='lat' dir='ltr'><strong>Ipso</strong></span> <span class='ocrx_word' id='word_1_571' title='bbox 1064 5574 1193 5633; x_wconf 89' lang='lat' dir='ltr'><strong>belli</strong></span> <span class='ocrx_word' id='word_1_572' title='bbox 1227 5575 1317 5631; x_wconf 87' lang='lat' dir='ltr'><strong>die</strong></span> <span class='ocrx_word' id='word_1_573' title='bbox 1362 5591 1431 5632; x_wconf 88' lang='lat' dir='ltr'><strong>ne</strong></span> <span class='ocrx_word' id='word_1_574' title='bbox 1462 5574 1695 5633; x_wconf 89' lang='lat' dir='ltr'><strong>multum</strong></span> <span class='ocrx_word' id='word_1_575' title='bbox 1739 5581 1792 5630; x_wconf 91' lang='lat' dir='ltr'><strong>te</strong></span> <span class='ocrx_word' id='word_1_576' title='bbox 1826 5572 2043 5643; x_wconf 81' lang='lat' dir='ltr'><strong>fatiges,</strong></span> <span class='ocrx_word' id='word_1_577' title='bbox 2090 5588 2158 5627; x_wconf 86' lang='lat' dir='ltr'><strong>ne</strong></span> <span class='ocrx_word' id='word_1_578' title='bbox 2188 5574 2301 5629; x_wconf 89' lang='lat' dir='ltr'><strong>las-</strong></span> 
     </span>
    </p>
   </div>
   <div class='ocr_carea' id='block_1_89' title="bbox 2396 3362 4008 3435">
    <p class='ocr_par' dir='ltr' id='par_1_89' title="bbox 2396 3362 4008 3435">
     <span class='ocr_line' id='line_1_89' title="bbox 2396 3362 4008 3435; baseline 0 -19"><span class='ocrx_word' id='word_1_579' title='bbox 2396 3363 2446 3416; x_wconf 80' lang='grc' dir='ltr'><strong>οἱ</strong></span> <span class='ocrx_word' id='word_1_580' title='bbox 2477 3362 2878 3432; x_wconf 73' lang='grc' dir='ltr'>ὑπηρετοῦντες</span> <span class='ocrx_word' id='word_1_581' title='bbox 2902 3364 3089 3423; x_wconf 81' lang='grc' dir='ltr'>παῖδες</span> <span class='ocrx_word' id='word_1_582' title='bbox 3120 3364 3256 3434; x_wconf 80' lang='grc' dir='ltr'>αὐτῇ</span> <span class='ocrx_word' id='word_1_583' title='bbox 3289 3367 3355 3434; x_wconf 76' lang='grc' dir='ltr'><strong>τῇ</strong></span> <span class='ocrx_word' id='word_1_584' title='bbox 3381 3363 3564 3435; x_wconf 78' lang='grc' dir='ltr'>ἡμέρᾳ</span> <span class='ocrx_word' id='word_1_585' title='bbox 3600 3362 3858 3429; x_wconf 68' lang='grc' dir='ltr'>ἐξελθεῖν,</span> <span class='ocrx_word' id='word_1_586' title='bbox 3890 3364 4008 3417; x_wconf 66' lang='grc' dir='ltr'>καὶι</span> 
     </span>
    </p>
   </div>
   <div class='ocr_carea' id='block_1_90' title="bbox 2397 3438 3991 3523">
    <p class='ocr_par' dir='ltr' id='par_1_90' title="bbox 2397 3438 3991 3523">
     <span class='ocr_line' id='line_1_90' title="bbox 2397 3438 3991 3523; baseline 0.004 -21"><span class='ocrx_word' id='word_1_587' title='bbox 2397 3447 2814 3520; x_wconf 80' lang='grc' dir='ltr'>χορτολογῆσαι,</span> <span class='ocrx_word' id='word_1_588' title='bbox 2843 3450 2967 3509; x_wconf 72' lang='grc' dir='ltr'>οὔτε</span> <span class='ocrx_word' id='word_1_589' title='bbox 3000 3451 3057 3504; x_wconf 86' lang='grc' dir='ltr'>δὲ</span> <span class='ocrx_word' id='word_1_590' title='bbox 3079 3452 3147 3504; x_wconf 81' lang='grc' dir='ltr'><strong>τὰ</strong></span> <span class='ocrx_word' id='word_1_591' title='bbox 3186 3438 3357 3520; x_wconf 74' lang='grc' dir='ltr'>ἄλογα</span> <span class='ocrx_word' id='word_1_592' title='bbox 3380 3456 3457 3515; x_wconf 77' lang='grc' dir='ltr'>εἰς</span> <span class='ocrx_word' id='word_1_593' title='bbox 3476 3442 3676 3523; x_wconf 78' lang='grc' dir='ltr'>βοσκὴν</span> <span class='ocrx_word' id='word_1_594' title='bbox 3708 3454 3991 3509; x_wconf 75' lang='grc' dir='ltr'>ἐκϐαλεῖν.</span> 
     </span>
    </p>
   </div>
   <div class='ocr_carea' id='block_1_91' title="bbox 2471 3526 3993 3619">
    <p class='ocr_par' dir='ltr' id='par_1_91' title="bbox 2471 3526 3993 3619">
     <span class='ocr_line' id='line_1_91' title="bbox 2471 3526 3993 3619; baseline 0.001 -24"><span class='ocrx_word' id='word_1_595' title='bbox 2471 3540 2569 3606; x_wconf 81' lang='grc' dir='ltr'>ις’.</span> <span class='ocrx_word' id='word_1_596' title='bbox 2609 3543 2668 3595; x_wconf 87' lang='grc' dir='ltr'><strong>Εἰ</strong></span> <span class='ocrx_word' id='word_1_597' title='bbox 2701 3543 2756 3594; x_wconf 84' lang='grc' dir='ltr'>δὲ</span> <span class='ocrx_word' id='word_1_598' title='bbox 2777 3544 2825 3596; x_wconf 78' lang='grc' dir='ltr'>οἱ</span> <span class='ocrx_word' id='word_1_599' title='bbox 2870 3540 3057 3614; x_wconf 76' lang='grc' dir='ltr'>ἐχθροὶ</span> <span class='ocrx_word' id='word_1_600' title='bbox 3092 3544 3243 3615; x_wconf 16' lang='grc' dir='ltr'>’πολὺ</span> <span class='ocrx_word' id='word_1_601' title='bbox 3267 3526 3615 3619; x_wconf 26' lang='grc' dir='ltr'><strong>ιέγγίζουιςὶδιον,⁵</strong></span> <span class='ocrx_word' id='word_1_602' title='bbox 3646 3546 3746 3598; x_wconf 76' lang='grc' dir='ltr'>οὐκ</span> <span class='ocrx_word' id='word_1_603' title='bbox 3784 3547 3993 3600; x_wconf 74' lang='grc' dir='ltr'>ἄτοπον</span> 
     </span>
    </p>
   </div>
   <div class='ocr_carea' id='block_1_92' title="bbox 2400 3624 3990 3718">
    <p class='ocr_par' dir='ltr' id='par_1_92' title="bbox 2400 3624 3990 3718">
     <span class='ocr_line' id='line_1_92' title="bbox 2400 3624 3990 3718; baseline 0.002 -29"><span class='ocrx_word' id='word_1_604' title='bbox 2400 3637 2460 3689; x_wconf 86' lang='grc' dir='ltr'><strong>ἐν</strong></span> <span class='ocrx_word' id='word_1_605' title='bbox 2492 3636 2570 3705; x_wconf 78' lang='grc' dir='ltr'><strong>τῷ</strong></span> <span class='ocrx_word' id='word_1_606' title='bbox 2617 3640 2961 3706; x_wconf 78' lang='grc' dir='ltr'>περιπατεῖν,</span> <span class='ocrx_word' id='word_1_607' title='bbox 3000 3637 3074 3700; x_wconf 81' lang='grc' dir='ltr'>ὡς</span> <span class='ocrx_word' id='word_1_608' title='bbox 3122 3634 3217 3709; x_wconf 75' lang='grc' dir='ltr'><strong>καὶ</strong></span> <span class='ocrx_word' id='word_1_609' title='bbox 3269 3624 3718 3718; x_wconf 51' lang='lat' dir='ltr'><strong>amics“an</strong></span> <span class='ocrx_word' id='word_1_610' title='bbox 3743 3641 3990 3711; x_wconf 73' lang='grc' dir='ltr'>εἴρηται,</span> 
     </span>
    </p>
   </div>
   <div class='ocr_carea' id='block_1_93' title="bbox 2399 3712 3996 3811">
    <p class='ocr_par' dir='ltr' id='par_1_93' title="bbox 2399 3712 3996 3811">
     <span class='ocr_line' id='line_1_93' title="bbox 2399 3712 3996 3811; baseline 0.003 -30"><span class='ocrx_word' id='word_1_611' title='bbox 2399 3729 2631 3782; x_wconf 74' lang='grc' dir='ltr'>ἕκαστον</span> <span class='ocrx_word' id='word_1_612' title='bbox 2675 3728 2931 3796; x_wconf 83' lang='grc' dir='ltr'>συνάγειν</span> <span class='ocrx_word' id='word_1_613' title='bbox 2975 3712 3411 3811; x_wconf 8' lang='grc' dir='ltr'>τὸνέχὸρτοντδν</span> <span class='ocrx_word' id='word_1_614' title='bbox 3453 3712 3738 3811; x_wconf 64' lang='grc' dir='ltr'>ὀφεέλοντα</span> <span class='ocrx_word' id='word_1_615' title='bbox 3790 3735 3996 3785; x_wconf 84' lang='grc' dir='ltr'>ἀποτε-</span> 
     </span>
    </p>
   </div>
   <div class='ocr_carea' id='block_1_94' title="bbox 2402 3805 3993 3899">
    <p class='ocr_par' dir='ltr' id='par_1_94' title="bbox 2402 3805 3993 3899">
     <span class='ocr_line' id='line_1_94' title="bbox 2402 3805 3993 3899; baseline 0.004 -27"><span class='ocrx_word' id='word_1_616' title='bbox 2402 3818 2581 3889; x_wconf 80' lang='grc' dir='ltr'>θῆναι.</span> <span class='ocrx_word' id='word_1_617' title='bbox 2617 3821 2751 3873; x_wconf 80' lang='grc' dir='ltr'><strong>Οὐδὲ</strong></span> <span class='ocrx_word' id='word_1_618' title='bbox 2783 3820 2893 3892; x_wconf 80' lang='grc' dir='ltr'>γὰρ</span> <span class='ocrx_word' id='word_1_619' title='bbox 2928 3805 3072 3889; x_wconf 84' lang='grc' dir='ltr'><strong>μετά</strong></span> <span class='ocrx_word' id='word_1_620' title='bbox 3103 3822 3163 3874; x_wconf 74' lang='grc' dir='ltr'>τὸ</span> <span class='ocrx_word' id='word_1_621' title='bbox 3190 3805 3811 3899; x_wconf 49' lang='grc' dir='ltr'>ἀπλικεῦσαιίπολλᾶκις</span> <span class='ocrx_word' id='word_1_622' title='bbox 3853 3842 3993 3894; x_wconf 86' lang='grc' dir='ltr'>συγ-</span> 
     </span>
    </p>
   </div>
   <div class='ocr_carea' id='block_1_95' title="bbox 2402 3896 3991 3995">
    <p class='ocr_par' dir='ltr' id='par_1_95' title="bbox 2402 3896 3991 3995">
     <span class='ocr_line' id='line_1_95' title="bbox 2402 3896 3991 3995; baseline 0.006 -33"><span class='ocrx_word' id='word_1_623' title='bbox 2402 3912 2705 3983; x_wconf 83' lang='grc' dir='ltr'>χωροῦνται</span> <span class='ocrx_word' id='word_1_624' title='bbox 2761 3899 2811 3965; x_wconf 72' lang='grc' dir='ltr'><strong>όι</strong></span> <span class='ocrx_word' id='word_1_625' title='bbox 2862 3912 3053 3976; x_wconf 81' lang='grc' dir='ltr'>παῖδες</span> <span class='ocrx_word' id='word_1_626' title='bbox 3116 3913 3351 3995; x_wconf 71' lang='grc' dir='ltr'>ἐξελθεῖν</span> <span class='ocrx_word' id='word_1_627' title='bbox 3397 3916 3489 3969; x_wconf 70' lang='grc' dir='ltr'>καὶ</span> <span class='ocrx_word' id='word_1_628' title='bbox 3542 3896 3991 3986; x_wconf 45' lang='grc' dir='ltr'>’χορτολογῆσαῃ</span> 
     </span>
    </p>
   </div>
   <div class='ocr_carea' id='block_1_96' title="bbox 2404 4003 3996 4081">
    <p class='ocr_par' dir='ltr' id='par_1_96' title="bbox 2404 4003 3996 4081">
     <span class='ocr_line' id='line_1_96' title="bbox 2404 4003 3996 4081; baseline 0.004 -26"><span class='ocrx_word' id='word_1_629' title='bbox 2404 4003 2665 4056; x_wconf 89' lang='grc' dir='ltr'>πλειόνων</span> <span class='ocrx_word' id='word_1_630' title='bbox 2712 4004 2946 4081; x_wconf 73' lang='grc' dir='ltr'>μάλιστα</span> <span class='ocrx_word' id='word_1_631' title='bbox 2984 4005 3383 4077; x_wconf 74' lang='grc' dir='ltr'>καὸαλλαρξων”</span> <span class='ocrx_word' id='word_1_632' title='bbox 3419 4008 3530 4060; x_wconf 88' lang='grc' dir='ltr'><strong>τῶν</strong></span> <span class='ocrx_word' id='word_1_633' title='bbox 3569 4008 3782 4078; x_wconf 81' lang='grc' dir='ltr'>ἐχθρῶν</span> <span class='ocrx_word' id='word_1_634' title='bbox 3839 4011 3996 4081; x_wconf 82' lang='grc' dir='ltr'>εὑρι-</span> 
     </span>
    </p>
   </div>
   <div class='ocr_carea' id='block_1_97' title="bbox 2405 4080 3997 4170">
    <p class='ocr_par' dir='ltr' id='par_1_97' title="bbox 2405 4089 3997 4170">
     <span class='ocr_line' id='line_1_97' title="bbox 2405 4089 3997 4170; baseline 0.003 -21"><span class='ocrx_word' id='word_1_635' title='bbox 2405 4096 2707 4166; x_wconf 84' lang='grc' dir='ltr'>σκομένων.</span> <span class='ocrx_word' id='word_1_636' title='bbox 2749 4096 2949 4151; x_wconf 61' lang='grc' dir='ltr'>Ταῦτα</span> <span class='ocrx_word' id='word_1_637' title='bbox 2974 4090 3073 4168; x_wconf 80' lang='grc' dir='ltr'><strong>μέν</strong></span> <span class='ocrx_word' id='word_1_638' title='bbox 3089 4089 3182 4152; x_wconf 64' lang='grc' dir='ltr'>’σοι</span> <span class='ocrx_word' id='word_1_639' title='bbox 3206 4099 3312 4170; x_wconf 74' lang='grc' dir='ltr'><strong>πρὸ</strong></span> <span class='ocrx_word' id='word_1_640' title='bbox 3341 4100 3439 4167; x_wconf 76' lang='grc' dir='ltr'>τῆς</span> <span class='ocrx_word' id='word_1_641' title='bbox 3462 4100 3556 4153; x_wconf 84' lang='grc' dir='ltr'><strong>τοῦ</strong></span> <span class='ocrx_word' id='word_1_642' title='bbox 3590 4100 3833 4170; x_wconf 84' lang='grc' dir='ltr'>πολέμου</span> <span class='ocrx_word' id='word_1_643' title='bbox 3861 4118 3997 4170; x_wconf 78' lang='grc' dir='ltr'>συμ-</span> 
     </span>
    </p>
   </div>
   <div class='ocr_carea' id='block_1_98' title="bbox 2401 4180 3997 4262">
    <p class='ocr_par' dir='ltr' id='par_1_98' title="bbox 2401 4180 3997 4262">
     <span class='ocr_line' id='line_1_98' title="bbox 2401 4180 3997 4262; baseline 0.004 -23"><span class='ocrx_word' id='word_1_644' title='bbox 2401 4186 2589 4256; x_wconf 74' lang='grc' dir='ltr'>ϐολῆς,</span> <span class='ocrx_word' id='word_1_645' title='bbox 2617 4188 2684 4241; x_wconf 85' lang='grc' dir='ltr'><strong>τὰ</strong></span> <span class='ocrx_word' id='word_1_646' title='bbox 2705 4180 3239 4257; x_wconf 59' lang='grc' dir='ltr'>μὲνδιατασσεσθαι,</span> <span class='ocrx_word' id='word_1_647' title='bbox 3266 4192 3337 4245; x_wconf 72' lang='grc' dir='ltr'><strong>τὰ</strong></span> <span class='ocrx_word' id='word_1_648' title='bbox 3364 4192 3419 4245; x_wconf 80' lang='grc' dir='ltr'>δὲ</span> <span class='ocrx_word' id='word_1_649' title='bbox 3448 4192 3885 4262; x_wconf 66' lang='grc' dir='ltr'>διαπράττεσθαι</span> <span class='ocrx_word' id='word_1_650' title='bbox 3913 4197 3997 4257; x_wconf 70' lang='grc' dir='ltr'><strong>εἰς</strong></span> 
     </span>
    </p>
   </div>
   <div class='ocr_carea' id='block_1_99' title="bbox 2401 4277 3993 4355">
    <p class='ocr_par' dir='ltr' id='par_1_99' title="bbox 2401 4277 3993 4355">
     <span class='ocr_line' id='line_1_99' title="bbox 2401 4277 3993 4355; baseline 0.004 -22"><span class='ocrx_word' id='word_1_651' title='bbox 2401 4282 2788 4352; x_wconf 83' lang='grc' dir='ltr'>ἐντελεστέραν</span> <span class='ocrx_word' id='word_1_652' title='bbox 2816 4277 3055 4352; x_wconf 78' lang='grc' dir='ltr'>μάθησιν</span> <span class='ocrx_word' id='word_1_653' title='bbox 3088 4283 3200 4335; x_wconf 85' lang='grc' dir='ltr'><strong>τῶν</strong></span> <span class='ocrx_word' id='word_1_654' title='bbox 3226 4292 3285 4338; x_wconf 83' lang='grc' dir='ltr'><strong>τε</strong></span> <span class='ocrx_word' id='word_1_655' title='bbox 3333 4284 3439 4337; x_wconf 73' lang='grc' dir='ltr'>ὑπὸ</span> <span class='ocrx_word' id='word_1_656' title='bbox 3489 4285 3549 4337; x_wconf 87' lang='grc' dir='ltr'><strong>σέ</strong></span> <span class='ocrx_word' id='word_1_657' title='bbox 3584 4284 3863 4355; x_wconf 84' lang='grc' dir='ltr'>ἀρχόντων</span> <span class='ocrx_word' id='word_1_658' title='bbox 3894 4288 3993 4339; x_wconf 74' lang='grc' dir='ltr'>καὶ</span> 
     </span>
    </p>
   </div>
   <div class='ocr_carea' id='block_1_100' title="bbox 2401 4358 3993 4449">
    <p class='ocr_par' dir='ltr' id='par_1_100' title="bbox 2401 4358 3993 4449">
     <span class='ocr_line' id='line_1_100' title="bbox 2401 4358 3993 4449; baseline 0.002 -22"><span class='ocrx_word' id='word_1_659' title='bbox 2401 4374 2511 4427; x_wconf 85' lang='grc' dir='ltr'><strong>τῶν</strong></span> <span class='ocrx_word' id='word_1_660' title='bbox 2543 4358 2894 4449; x_wconf 78' lang='grc' dir='ltr'>στρατιωτῶν</span> <span class='ocrx_word' id='word_1_661' title='bbox 2911 4392 2985 4426; x_wconf 82' lang='grc' dir='ltr'><strong>πα</strong></span> <span class='ocrx_word' id='word_1_662' title='bbox 2995 4376 3362 4445; x_wconf 88' lang='grc' dir='ltr'>ρακελεύομεν</span> <span class='ocrx_word' id='word_1_663' title='bbox 3378 4395 3390 4407; x_wconf 76' lang='grc'><strong>’</strong></span> <span class='ocrx_word' id='word_1_664' title='bbox 3413 4377 3541 4445; x_wconf 83' lang='grc' dir='ltr'><strong>ἑξῆς</strong></span> <span class='ocrx_word' id='word_1_665' title='bbox 3567 4377 3623 4429; x_wconf 82' lang='grc' dir='ltr'>δὲ</span> <span class='ocrx_word' id='word_1_666' title='bbox 3651 4379 3743 4429; x_wconf 77' lang='grc' dir='ltr'>καὶ</span> <span class='ocrx_word' id='word_1_667' title='bbox 3763 4379 3866 4430; x_wconf 82' lang='grc' dir='ltr'>ὅσα</span> <span class='ocrx_word' id='word_1_668' title='bbox 3882 4378 3993 4447; x_wconf 83' lang='grc' dir='ltr'><strong>χρὴ</strong></span> 
     </span>
    </p>
   </div>
   <div class='ocr_carea' id='block_1_101' title="bbox 2405 4452 3997 4542">
    <p class='ocr_par' dir='ltr' id='par_1_101' title="bbox 2405 4452 3997 4542">
     <span class='ocr_line' id='line_1_101' title="bbox 2405 4452 3997 4542; baseline 0 -23"><span class='ocrx_word' id='word_1_669' title='bbox 2405 4466 2518 4519; x_wconf 75' lang='grc' dir='ltr'>εἴτε</span> <span class='ocrx_word' id='word_1_670' title='bbox 2551 4452 2758 4537; x_wconf 3' lang='grc' dir='ltr'>ποιεῖν,</span> <span class='ocrx_word' id='word_1_671' title='bbox 2798 4467 2910 4519; x_wconf 82' lang='grc' dir='ltr'>εἴτε</span> <span class='ocrx_word' id='word_1_672' title='bbox 2968 4468 3491 4536; x_wconf 69' lang='grc' dir='ltr'>παραφυλάττεσθαι</span> <span class='ocrx_word' id='word_1_673' title='bbox 3548 4469 3684 4537; x_wconf 83' lang='grc' dir='ltr'><strong>μετά</strong></span> <span class='ocrx_word' id='word_1_674' title='bbox 3726 4468 3829 4534; x_wconf 66' lang='grc' dir='ltr'>τῆς</span> <span class='ocrx_word' id='word_1_675' title='bbox 3884 4469 3997 4542; x_wconf 54' lang='lat' dir='ltr'><strong>{me</strong></span> 
     </span>
    </p>
   </div>
   <div class='ocr_carea' id='block_1_102' title="bbox 2408 4556 3996 4629">
    <p class='ocr_par' dir='ltr' id='par_1_102' title="bbox 2408 4556 3996 4629">
     <span class='ocr_line' id='line_1_102' title="bbox 2408 4556 3996 4629; baseline 0.001 -20"><span class='ocrx_word' id='word_1_676' title='bbox 2408 4560 2469 4609; x_wconf 84' lang='grc' dir='ltr'><strong>σέ</strong></span> <span class='ocrx_word' id='word_1_677' title='bbox 2501 4556 2783 4626; x_wconf 80' lang='grc' dir='ltr'>δυνάμεως</span> <span class='ocrx_word' id='word_1_678' title='bbox 2816 4558 2874 4609; x_wconf 86' lang='grc' dir='ltr'><strong>ἐν</strong></span> <span class='ocrx_word' id='word_1_679' title='bbox 2925 4558 3061 4627; x_wconf 74' lang='grc' dir='ltr'>αὐτῇ</span> <span class='ocrx_word' id='word_1_680' title='bbox 3092 4560 3158 4627; x_wconf 79' lang='grc' dir='ltr'>τῇ</span> <span class='ocrx_word' id='word_1_681' title='bbox 3192 4558 3376 4628; x_wconf 77' lang='grc' dir='ltr'>ἡμέρᾳ</span> <span class='ocrx_word' id='word_1_682' title='bbox 3425 4558 3523 4628; x_wconf 83' lang='grc' dir='ltr'>τῆς</span> <span class='ocrx_word' id='word_1_683' title='bbox 3559 4556 3839 4629; x_wconf 75' lang='grc' dir='ltr'>συμϐολῆς</span> <span class='ocrx_word' id='word_1_684' title='bbox 3896 4558 3996 4611; x_wconf 82' lang='grc' dir='ltr'><strong>τοῦ</strong></span> 
     </span>
    </p>
   </div>
   <div class='ocr_carea' id='block_1_103' title="bbox 2409 4642 3523 4720">
    <p class='ocr_par' dir='ltr' id='par_1_103' title="bbox 2409 4642 3523 4720">
     <span class='ocr_line' id='line_1_103' title="bbox 2409 4642 3523 4720; baseline 0.003 -20"><span class='ocrx_word' id='word_1_685' title='bbox 2409 4646 2674 4718; x_wconf 84' lang='grc' dir='ltr'>πολέμου,</span> <span class='ocrx_word' id='word_1_686' title='bbox 2696 4647 2850 4709; x_wconf 58' lang='grc' dir='ltr'>,κατὰ</span> <span class='ocrx_word' id='word_1_687' title='bbox 2880 4647 3112 4719; x_wconf 81' lang='grc' dir='ltr'>δύναμιν</span> <span class='ocrx_word' id='word_1_688' title='bbox 3128 4642 3237 4720; x_wconf 60' lang='grc' dir='ltr'><strong>ἤδη</strong></span> <span class='ocrx_word' id='word_1_689' title='bbox 3263 4649 3523 4718; x_wconf 81' lang='grc' dir='ltr'>ἐροῦμεν.</span> 
     </span>
    </p>
   </div>
   <div class='ocr_carea' id='block_1_104' title="bbox 2844 4741 3424 4809">
    <p class='ocr_par' dir='ltr' id='par_1_104' title="bbox 2844 4741 3424 4809">
     <span class='ocr_line' id='line_1_104' title="bbox 2844 4741 3424 4809; baseline 0.005 -16"><span class='ocrx_word' id='word_1_690' title='bbox 2844 4746 2847 4747; x_wconf 53' lang='grc'><strong><em>⁷</em></strong></span> <span class='ocrx_word' id='word_1_691' title='bbox 2904 4782 2924 4809; x_wconf 61' lang='grc' dir='ltr'><strong>τ</strong></span> <span class='ocrx_word' id='word_1_692' title='bbox 2988 4742 3301 4795; x_wconf 75' lang='grc' dir='ltr'>ΔιΑτΑειΣ</span> <span class='ocrx_word' id='word_1_693' title='bbox 3329 4741 3424 4796; x_wconf 74' lang='lat' dir='ltr'><strong>IA&#39;.</strong></span> 
     </span>
    </p>
   </div>
   <div class='ocr_carea' id='block_1_105' title="bbox 2617 4831 3780 4907">
    <p class='ocr_par' dir='ltr' id='par_1_105' title="bbox 2617 4831 3780 4907">
     <span class='ocr_line' id='line_1_105' title="bbox 2617 4831 3780 4907; baseline 0.004 -22"><span class='ocrx_word' id='word_1_694' title='bbox 2617 4831 2759 4900; x_wconf 74' lang='grc' dir='ltr'>Περὶ</span> <span class='ocrx_word' id='word_1_695' title='bbox 2788 4833 2899 4900; x_wconf 81' lang='grc' dir='ltr'>τῆς</span> <span class='ocrx_word' id='word_1_696' title='bbox 2927 4832 3155 4902; x_wconf 74' lang='grc' dir='ltr'>ἡμέρας</span> <span class='ocrx_word' id='word_1_697' title='bbox 3181 4834 3291 4887; x_wconf 80' lang='grc' dir='ltr'><strong>τοῦ</strong></span> <span class='ocrx_word' id='word_1_698' title='bbox 3336 4834 3608 4903; x_wconf 72' lang='grc' dir='ltr'>πολέμου</span> <span class='ocrx_word' id='word_1_699' title='bbox 3639 4833 3780 4907; x_wconf 86' lang='lat'><strong>(98).</strong></span> 
     </span>
    </p>
   </div>
   <div class='ocr_carea' id='block_1_106' title="bbox 2479 4919 4003 4999">
    <p class='ocr_par' dir='ltr' id='par_1_106' title="bbox 2479 4919 4003 4999">
     <span class='ocr_line' id='line_1_106' title="bbox 2479 4919 4003 4999; baseline 0.005 -22"><span class='ocrx_word' id='word_1_700' title='bbox 2479 4922 2547 4977; x_wconf 89' lang='grc' dir='ltr'><strong>α’.</strong></span> <span class='ocrx_word' id='word_1_701' title='bbox 2594 4923 2995 4993; x_wconf 81' lang='grc' dir='ltr'>’Υποτιθέμεθα</span> <span class='ocrx_word' id='word_1_702' title='bbox 3056 4925 3150 4978; x_wconf 83' lang='grc' dir='ltr'><strong>οῦν</strong></span> <span class='ocrx_word' id='word_1_703' title='bbox 3198 4942 3300 4988; x_wconf 84' lang='grc' dir='ltr'>σοι,</span> <span class='ocrx_word' id='word_1_704' title='bbox 3349 4919 3395 4979; x_wconf 81' lang='grc' dir='ltr'>ὧ</span> <span class='ocrx_word' id='word_1_705' title='bbox 3451 4927 3750 4997; x_wconf 78' lang='grc' dir='ltr'>στρατηγὲ,</span> <span class='ocrx_word' id='word_1_706' title='bbox 3799 4931 3909 4999; x_wconf 88' lang='grc' dir='ltr'><strong>πρό</strong></span> <span class='ocrx_word' id='word_1_707' title='bbox 3937 4947 4003 4998; x_wconf 86' lang='grc' dir='ltr'><strong>γε</strong></span> 
     </span>
    </p>
   </div>
   <div class='ocr_carea' id='block_1_107' title="bbox 2411 5017 4001 5089">
    <p class='ocr_par' dir='ltr' id='par_1_107' title="bbox 2411 5017 4001 5089">
     <span class='ocr_line' id='line_1_107' title="bbox 2411 5017 4001 5089; baseline 0.003 -19"><span class='ocrx_word' id='word_1_708' title='bbox 2411 5018 2630 5070; x_wconf 82' lang='grc' dir='ltr'>πάντων</span> <span class='ocrx_word' id='word_1_709' title='bbox 2676 5018 2735 5071; x_wconf 80' lang='grc' dir='ltr'>ἐν</span> <span class='ocrx_word' id='word_1_710' title='bbox 2779 5020 2847 5089; x_wconf 73' lang='grc' dir='ltr'>τῇ</span> <span class='ocrx_word' id='word_1_711' title='bbox 2901 5017 3091 5089; x_wconf 77' lang='grc' dir='ltr'>ἡμέρᾳ</span> <span class='ocrx_word' id='word_1_712' title='bbox 3133 5018 3226 5071; x_wconf 85' lang='grc' dir='ltr'><strong>τοῦ</strong></span> <span class='ocrx_word' id='word_1_713' title='bbox 3265 5018 3506 5088; x_wconf 82' lang='grc' dir='ltr'>πολέμου</span> <span class='ocrx_word' id='word_1_714' title='bbox 3563 5019 3807 5089; x_wconf 77' lang='grc' dir='ltr'>καθαρὸν</span> <span class='ocrx_word' id='word_1_715' title='bbox 3855 5017 4001 5075; x_wconf 79' lang='grc' dir='ltr'>εἶναι</span> 
     </span>
    </p>
   </div>
   <div class='ocr_carea' id='block_1_108' title="bbox 2410 5110 4002 5181">
    <p class='ocr_par' dir='ltr' id='par_1_108' title="bbox 2410 5110 4002 5181">
     <span class='ocr_line' id='line_1_108' title="bbox 2410 5110 4002 5181; baseline 0.003 -19"><span class='ocrx_word' id='word_1_716' title='bbox 2410 5111 2501 5163; x_wconf 72' lang='grc' dir='ltr'>τὸν</span> <span class='ocrx_word' id='word_1_717' title='bbox 2534 5110 2796 5179; x_wconf 74' lang='grc' dir='ltr'>στρατὸν,</span> <span class='ocrx_word' id='word_1_718' title='bbox 2836 5111 2934 5164; x_wconf 79' lang='grc' dir='ltr'>καὶ</span> <span class='ocrx_word' id='word_1_719' title='bbox 2972 5110 3140 5181; x_wconf 81' lang='grc' dir='ltr'>εὐχὴν</span> <span class='ocrx_word' id='word_1_720' title='bbox 3195 5111 3451 5178; x_wconf 90' lang='grc' dir='ltr'>γενέσθαι</span> <span class='ocrx_word' id='word_1_721' title='bbox 3500 5111 3600 5178; x_wconf 48' lang='grc' dir='ltr'>,διὰ</span> <span class='ocrx_word' id='word_1_722' title='bbox 3650 5112 3753 5181; x_wconf 73' lang='grc' dir='ltr'>τῆς</span> <span class='ocrx_word' id='word_1_723' title='bbox 3803 5115 4002 5179; x_wconf 79' lang='grc' dir='ltr'>νυκτὸς</span> 
     </span>
    </p>
   </div>
   <div class='ocr_carea' id='block_1_109' title="bbox 2408 5202 3997 5273">
    <p class='ocr_par' dir='ltr' id='par_1_109' title="bbox 2408 5202 3997 5273">
     <span class='ocr_line' id='line_1_109' title="bbox 2408 5202 3997 5273; baseline 0.001 -17"><span class='ocrx_word' id='word_1_724' title='bbox 2408 5203 2635 5272; x_wconf 85' lang='grc' dir='ltr'>ἐκτενῆ,</span> <span class='ocrx_word' id='word_1_725' title='bbox 2693 5204 2786 5256; x_wconf 77' lang='grc' dir='ltr'>καὶ</span> <span class='ocrx_word' id='word_1_726' title='bbox 2837 5202 2926 5256; x_wconf 85' lang='grc' dir='ltr'><strong>διά</strong></span> <span class='ocrx_word' id='word_1_727' title='bbox 2954 5202 3064 5255; x_wconf 86' lang='grc' dir='ltr'><strong>τῶν</strong></span> <span class='ocrx_word' id='word_1_728' title='bbox 3115 5202 3307 5273; x_wconf 74' lang='grc' dir='ltr'>ἱερέων</span> <span class='ocrx_word' id='word_1_729' title='bbox 3360 5203 3695 5271; x_wconf 83' lang='grc' dir='ltr'>ἀγιασθῆναι</span> <span class='ocrx_word' id='word_1_730' title='bbox 3758 5203 3997 5268; x_wconf 80' lang='grc' dir='ltr'>πάντας,</span> 
     </span>
    </p>
   </div>
   <div class='ocr_carea' id='block_1_110' title="bbox 2409 5296 4001 5365">
    <p class='ocr_par' dir='ltr' id='par_1_110' title="bbox 2409 5296 4001 5365">
     <span class='ocr_line' id='line_1_110' title="bbox 2409 5296 4001 5365; baseline 0.002 -17"><span class='ocrx_word' id='word_1_731' title='bbox 2409 5300 2505 5349; x_wconf 78' lang='grc' dir='ltr'>καὶ</span> <span class='ocrx_word' id='word_1_732' title='bbox 2532 5296 2705 5359; x_wconf 87' lang='grc' dir='ltr'>οῦτως</span> <span class='ocrx_word' id='word_1_733' title='bbox 2732 5297 2826 5350; x_wconf 80' lang='grc' dir='ltr'>καὶ</span> <span class='ocrx_word' id='word_1_734' title='bbox 2862 5296 3047 5362; x_wconf 76' lang='grc' dir='ltr'>ἔργοις</span> <span class='ocrx_word' id='word_1_735' title='bbox 3076 5297 3173 5350; x_wconf 70' lang='grc' dir='ltr'>καὶ</span> <span class='ocrx_word' id='word_1_736' title='bbox 3220 5296 3401 5365; x_wconf 82' lang='grc' dir='ltr'>λόγοις</span> <span class='ocrx_word' id='word_1_737' title='bbox 3450 5296 3743 5365; x_wconf 73' lang='grc' dir='ltr'>πεισθῆναι</span> <span class='ocrx_word' id='word_1_738' title='bbox 3785 5298 3871 5351; x_wconf 84' lang='grc' dir='ltr'>ὅτι</span> <span class='ocrx_word' id='word_1_739' title='bbox 3908 5298 4001 5351; x_wconf 84' lang='grc' dir='ltr'><strong>τδν</strong></span> 
     </span>
    </p>
   </div>
   <div class='ocr_carea' id='block_1_111' title="bbox 2405 5387 4000 5461">
    <p class='ocr_par' dir='ltr' id='par_1_111' title="bbox 2405 5387 4000 5461">
     <span class='ocr_line' id='line_1_111' title="bbox 2405 5387 4000 5461; baseline 0.002 -20"><span class='ocrx_word' id='word_1_740' title='bbox 2405 5388 2537 5441; x_wconf 77' lang='grc' dir='ltr'>θεδν</span> <span class='ocrx_word' id='word_1_741' title='bbox 2559 5387 2743 5459; x_wconf 79' lang='grc' dir='ltr'>έχουσι</span> <span class='ocrx_word' id='word_1_742' title='bbox 2767 5388 2982 5459; x_wconf 79' lang='grc' dir='ltr'>βοηθὸν,</span> <span class='ocrx_word' id='word_1_743' title='bbox 3020 5389 3117 5441; x_wconf 71' lang='grc' dir='ltr'>καὶ</span> <span class='ocrx_word' id='word_1_744' title='bbox 3147 5388 3240 5440; x_wconf 70' lang='grc' dir='ltr'>ἐπὶ</span> <span class='ocrx_word' id='word_1_745' title='bbox 3265 5387 3427 5441; x_wconf 85' lang='grc' dir='ltr'>τοῦτο</span> <span class='ocrx_word' id='word_1_746' title='bbox 3451 5389 3677 5458; x_wconf 76' lang='grc' dir='ltr'>κινῆσαι</span> <span class='ocrx_word' id='word_1_747' title='bbox 3725 5390 3868 5461; x_wconf 73' lang='grc' dir='ltr'>πρὸς</span> <span class='ocrx_word' id='word_1_748' title='bbox 3906 5392 4000 5444; x_wconf 75' lang='grc' dir='ltr'>τὸν</span> 
     </span>
    </p>
   </div>
   <div class='ocr_carea' id='block_1_112' title="bbox 2408 5477 3429 5551">
    <p class='ocr_par' dir='ltr' id='par_1_112' title="bbox 2408 5477 3429 5551">
     <span class='ocr_line' id='line_1_112' title="bbox 2408 5477 3429 5551; baseline -0.001 -19"><span class='ocrx_word' id='word_1_749' title='bbox 2408 5480 2648 5549; x_wconf 84' lang='grc' dir='ltr'>πόλεμον</span> <span class='ocrx_word' id='word_1_750' title='bbox 2666 5480 2950 5551; x_wconf 85' lang='grc' dir='ltr'>λαμπροὺς</span> <span class='ocrx_word' id='word_1_751' title='bbox 2982 5478 3077 5531; x_wconf 71' lang='grc' dir='ltr'>καὶ</span> <span class='ocrx_word' id='word_1_752' title='bbox 3093 5477 3429 5549; x_wconf 79' lang='grc' dir='ltr'>προθύμους.</span> 
     </span>
    </p>
   </div>
   <div class='ocr_carea' id='block_1_113' title="bbox 2482 5569 4001 5646">
    <p class='ocr_par' dir='ltr' id='par_1_113' title="bbox 2482 5569 4001 5646">
     <span class='ocr_line' id='line_1_113' title="bbox 2482 5569 4001 5646; baseline 0.026 -27"><span class='ocrx_word' id='word_1_753' title='bbox 2482 5571 2547 5645; x_wconf 77' lang='grc' dir='ltr'><strong>β’,</strong></span> <span class='ocrx_word' id='word_1_754' title='bbox 2573 5573 2640 5626; x_wconf 83' lang='grc' dir='ltr'><strong>Σὲ</strong></span> <span class='ocrx_word' id='word_1_755' title='bbox 2670 5572 2727 5626; x_wconf 81' lang='grc' dir='ltr'>δὲ</span> <span class='ocrx_word' id='word_1_756' title='bbox 2758 5572 2928 5626; x_wconf 88' lang='grc' dir='ltr'>πολλά</span> <span class='ocrx_word' id='word_1_757' title='bbox 2956 5574 3139 5627; x_wconf 75' lang='grc' dir='ltr'>πονεῖν</span> <span class='ocrx_word' id='word_1_758' title='bbox 3162 5572 3219 5624; x_wconf 78' lang='grc' dir='ltr'>ἐν</span> <span class='ocrx_word' id='word_1_759' title='bbox 3250 5572 3318 5642; x_wconf 75' lang='grc' dir='ltr'><strong>τῇ</strong></span> <span class='ocrx_word' id='word_1_760' title='bbox 3348 5569 3535 5643; x_wconf 65' lang='grc' dir='ltr'><strong>ιτιμέριι</strong></span> <span class='ocrx_word' id='word_1_761' title='bbox 3564 5572 3662 5642; x_wconf 78' lang='grc' dir='ltr'><strong>τῆς</strong></span> <span class='ocrx_word' id='word_1_762' title='bbox 3696 5570 4001 5646; x_wconf 69' lang='grc' dir='ltr'><strong>συμδολῆῖν</strong></span> 
     </span>
    </p>
   </div>
   <div class='ocr_carea' id='block_1_114' title="bbox 2241 5690 2469 5748">
    <p class='ocr_par' dir='ltr' id='par_1_114' title="bbox 2241 5690 2469 5748">
     <span class='ocr_line' id='line_1_114' title="bbox 2241 5690 2469 5748; baseline 0.004 -2"><span class='ocrx_word' id='word_1_763' title='bbox 2241 5690 2469 5748; x_wconf 71' lang='lat' dir='ltr'><strong>NOT/E.</strong></span> 
     </span>
    </p>
   </div>
   <div class='ocr_carea' id='block_1_115' title="bbox 800 5795 1799 5872">
    <p class='ocr_par' dir='ltr' id='par_1_115' title="bbox 800 5795 1799 5872">
     <span class='ocr_line' id='line_1_115' title="bbox 800 5795 1799 5872; baseline -0.009 -17"><span class='ocrx_word' id='word_1_764' title='bbox 800 5802 913 5872; x_wconf 66' lang='lat'><strong>{97)</strong></span> <span class='ocrx_word' id='word_1_765' title='bbox 958 5800 1232 5872; x_wconf 65' lang='lat' dir='ltr'><strong>[liriqu</strong></span> <span class='ocrx_word' id='word_1_766' title='bbox 1271 5797 1482 5859; x_wconf 84' lang='lat' dir='ltr'><strong>Scribe,</strong></span> <span class='ocrx_word' id='word_1_767' title='bbox 1516 5795 1799 5872; x_wconf 69' lang='grc' dir='ltr'>ἀπλῄκτῳ.</span> 
     </span>
    </p>
   </div>
   <div class='ocr_carea' id='block_1_116' title="bbox 800 5854 2963 5945">
    <p class='ocr_par' dir='ltr' id='par_1_116' title="bbox 800 5854 2963 5945">
     <span class='ocr_line' id='line_1_116' title="bbox 800 5854 2963 5945; baseline -0.009 -18"><span class='ocrx_word' id='word_1_768' title='bbox 800 5854 916 5945; x_wconf 63' lang='grc' dir='ltr'>ξιοεό</span> <span class='ocrx_word' id='word_1_769' title='bbox 953 5854 1139 5928; x_wconf 56' lang='lat' dir='ltr'><strong>Codex</strong></span> <span class='ocrx_word' id='word_1_770' title='bbox 1172 5854 1579 5925; x_wconf 75' lang='lat' dir='ltr'><strong>Laurentianus</strong></span> <span class='ocrx_word' id='word_1_771' title='bbox 1626 5854 1712 5923; x_wconf 80' lang='lat' dir='ltr'><strong>lus</strong></span> <span class='ocrx_word' id='word_1_772' title='bbox 1745 5854 1960 5921; x_wconf 82' lang='lat' dir='ltr'><strong>duobus</strong></span> <span class='ocrx_word' id='word_1_773' title='bbox 1993 5861 2185 5937; x_wconf 84' lang='lat' dir='ltr'><strong>primis</strong></span> <span class='ocrx_word' id='word_1_774' title='bbox 2213 5857 2571 5933; x_wconf 78' lang='lat' dir='ltr'><strong>paragraphis</strong></span> <span class='ocrx_word' id='word_1_775' title='bbox 2604 5854 2830 5912; x_wconf 72' lang='lat' dir='ltr'><strong>mutilus</strong></span> <span class='ocrx_word' id='word_1_776' title='bbox 2863 5860 2963 5910; x_wconf 86' lang='lat' dir='ltr'><strong>est.</strong></span> 
     </span>
    </p>
   </div>
  </div>
