  <div class='ocr_page' id='page_1' title='image "/cluster/home/n/w/nwhite01/storage/ocr_20150623/107/nnc1.0046980040/496.png"; bbox 0 0 4176 6442; ppageno 0'>
   <div class='ocr_carea' id='block_1_1' title="bbox 152 454 261 517">
    <p class='ocr_par' dir='ltr' id='par_1_1' title="bbox 152 454 261 517">
     <span class='ocr_line' id='line_1_1' title="bbox 152 454 261 517; baseline 0 -1"><span class='ocrx_word' id='word_1_1' title='bbox 152 454 261 517; x_wconf 62' lang='grc'><strong>849</strong></span> 
     </span>
    </p>
   </div>
   <div class='ocr_carea' id='block_1_2' title="bbox 151 660 1738 739">
    <p class='ocr_par' dir='ltr' id='par_1_2' title="bbox 151 660 1738 739">
     <span class='ocr_line' id='line_1_2' title="bbox 151 660 1738 739; baseline 0.006 -29"><span class='ocrx_word' id='word_1_2' title='bbox 151 662 330 713; x_wconf 82' lang='grc' dir='ltr'>καίων</span> <span class='ocrx_word' id='word_1_3' title='bbox 364 660 751 732; x_wconf 80' lang='grc' dir='ltr'>ἐπιλανθάνῃς,</span> <span class='ocrx_word' id='word_1_4' title='bbox 786 661 953 731; x_wconf 83' lang='grc' dir='ltr'>μηδὲν</span> <span class='ocrx_word' id='word_1_5' title='bbox 990 665 1381 736; x_wconf 83' lang='grc' dir='ltr'>κατολιγωρεῖν</span> <span class='ocrx_word' id='word_1_6' title='bbox 1416 684 1474 718; x_wconf 92' lang='grc' dir='ltr'><strong>σε</strong></span> <span class='ocrx_word' id='word_1_7' title='bbox 1505 668 1610 721; x_wconf 77' lang='grc' dir='ltr'>ἀπὸ</span> <span class='ocrx_word' id='word_1_8' title='bbox 1638 669 1738 739; x_wconf 78' lang='grc' dir='ltr'>τῆς</span> 
     </span>
    </p>
   </div>
   <div class='ocr_carea' id='block_1_3' title="bbox 151 752 1738 830">
    <p class='ocr_par' dir='ltr' id='par_1_3' title="bbox 151 752 1738 830">
     <span class='ocr_line' id='line_1_3' title="bbox 151 752 1738 830; baseline 0.005 -26"><span class='ocrx_word' id='word_1_9' title='bbox 151 753 463 821; x_wconf 75' lang='grc' dir='ltr'><strong>φροντίδος,</strong></span> <span class='ocrx_word' id='word_1_10' title='bbox 501 752 636 805; x_wconf 80' lang='grc' dir='ltr'>ἀλλὰ</span> <span class='ocrx_word' id='word_1_11' title='bbox 691 754 945 825; x_wconf 80' lang='grc' dir='ltr'><strong>ἀνθηρῶς</strong></span> <span class='ocrx_word' id='word_1_12' title='bbox 986 755 1081 807; x_wconf 76' lang='grc' dir='ltr'><strong>καὶ</strong></span> <span class='ocrx_word' id='word_1_13' title='bbox 1123 756 1408 826; x_wconf 82' lang='grc' dir='ltr'><strong>εὐθαρσῶς</strong></span> <span class='ocrx_word' id='word_1_14' title='bbox 1463 759 1738 830; x_wconf 83' lang='grc' dir='ltr'>παρέρχε-</span> 
     </span>
    </p>
   </div>
   <div class='ocr_carea' id='block_1_4' title="bbox 152 844 1738 918">
    <p class='ocr_par' dir='ltr' id='par_1_4' title="bbox 152 844 1738 918">
     <span class='ocr_line' id='line_1_4' title="bbox 152 844 1738 918; baseline 0.004 -20"><span class='ocrx_word' id='word_1_15' title='bbox 152 845 280 899; x_wconf 76' lang='grc' dir='ltr'>σθαι</span> <span class='ocrx_word' id='word_1_16' title='bbox 312 846 412 917; x_wconf 78' lang='grc' dir='ltr'><strong>τὴν</strong></span> <span class='ocrx_word' id='word_1_17' title='bbox 460 844 788 918; x_wconf 75' lang='grc' dir='ltr'>παράταξιν,</span> <span class='ocrx_word' id='word_1_18' title='bbox 820 848 916 899; x_wconf 75' lang='grc' dir='ltr'><strong>καὶ</strong></span> <span class='ocrx_word' id='word_1_19' title='bbox 949 848 1375 918; x_wconf 85' lang='grc' dir='ltr'>προθυμοποιείν</span> <span class='ocrx_word' id='word_1_20' title='bbox 1404 852 1613 915; x_wconf 80' lang='grc' dir='ltr'>πάντας</span> <span class='ocrx_word' id='word_1_21' title='bbox 1648 852 1738 905; x_wconf 81' lang='grc' dir='ltr'>διὰ</span> 
     </span>
    </p>
   </div>
   <div class='ocr_carea' id='block_1_5' title="bbox 150 936 330 1006">
    <p class='ocr_par' dir='ltr' id='par_1_5' title="bbox 150 936 330 1006">
     <span class='ocr_line' id='line_1_5' title="bbox 150 936 330 1006; baseline -0.011 -17"><span class='ocrx_word' id='word_1_22' title='bbox 150 936 213 989; x_wconf 64' lang='grc' dir='ltr'><strong>λνὶ</strong></span> <span class='ocrx_word' id='word_1_23' title='bbox 224 955 330 1006; x_wconf 67' lang='grc' dir='ltr'>[ων</span> 
     </span>
    </p>
   </div>
   <div class='ocr_carea' id='block_1_6' title="bbox 233 1030 1738 1106">
    <p class='ocr_par' dir='ltr' id='par_1_6' title="bbox 233 1030 1738 1106">
     <span class='ocr_line' id='line_1_6' title="bbox 233 1030 1738 1106; baseline 0.003 -22"><span class='ocrx_word' id='word_1_24' title='bbox 233 1030 291 1099; x_wconf 71' lang='grc' dir='ltr'><strong>τ’.</strong></span> <span class='ocrx_word' id='word_1_25' title='bbox 316 1032 429 1085; x_wconf 71' lang='grc' dir='ltr'><strong>Καὶ</strong></span> <span class='ocrx_word' id='word_1_26' title='bbox 451 1033 524 1103; x_wconf 77' lang='grc' dir='ltr'>μὴ</span> <span class='ocrx_word' id='word_1_27' title='bbox 550 1032 960 1102; x_wconf 79' lang='grc' dir='ltr'><strong>συμπλέκεσθαι</strong></span> <span class='ocrx_word' id='word_1_28' title='bbox 984 1035 1099 1098; x_wconf 80' lang='grc' dir='ltr'>τοῖς</span> <span class='ocrx_word' id='word_1_29' title='bbox 1124 1033 1400 1105; x_wconf 82' lang='grc' dir='ltr'>πολεμίοις</span> <span class='ocrx_word' id='word_1_30' title='bbox 1415 1034 1501 1088; x_wconf 76' lang='grc' dir='ltr'><strong>διὰ</strong></span> <span class='ocrx_word' id='word_1_31' title='bbox 1523 1036 1704 1106; x_wconf 85' lang='grc' dir='ltr'>χειρός</span> <span class='ocrx_word' id='word_1_32' title='bbox 1723 1050 1738 1065; x_wconf 91' lang='grc'><strong>·</strong></span> 
     </span>
    </p>
   </div>
   <div class='ocr_carea' id='block_1_7' title="bbox 154 1124 1738 1195">
    <p class='ocr_par' dir='ltr' id='par_1_7' title="bbox 154 1124 1738 1195">
     <span class='ocr_line' id='line_1_7' title="bbox 154 1124 1738 1195; baseline 0.001 -18"><span class='ocrx_word' id='word_1_33' title='bbox 154 1124 500 1193; x_wconf 82' lang='grc' dir='ltr'>στρατιώτου</span> <span class='ocrx_word' id='word_1_34' title='bbox 561 1125 675 1195; x_wconf 81' lang='grc' dir='ltr'><strong>γὰρ</strong></span> <span class='ocrx_word' id='word_1_35' title='bbox 729 1125 764 1195; x_wconf 78' lang='grc' dir='ltr'>ἢ</span> <span class='ocrx_word' id='word_1_36' title='bbox 814 1125 1127 1194; x_wconf 82' lang='grc' dir='ltr'>στρατηγοῦ</span> <span class='ocrx_word' id='word_1_37' title='bbox 1178 1127 1293 1193; x_wconf 87' lang='grc'><strong>(99)</strong></span> <span class='ocrx_word' id='word_1_38' title='bbox 1340 1127 1498 1179; x_wconf 83' lang='grc' dir='ltr'>τοῦτό</span> <span class='ocrx_word' id='word_1_39' title='bbox 1544 1130 1693 1180; x_wconf 77' lang='grc' dir='ltr'>ἐστιν</span> <span class='ocrx_word' id='word_1_40' title='bbox 1722 1143 1738 1159; x_wconf 80' lang='grc' dir='ltr'><strong>ο</strong></span> 
     </span>
    </p>
   </div>
   <div class='ocr_carea' id='block_1_8' title="bbox 152 1215 1739 1289">
    <p class='ocr_par' dir='ltr' id='par_1_8' title="bbox 152 1215 1739 1289">
     <span class='ocr_line' id='line_1_8' title="bbox 152 1215 1739 1289; baseline 0.001 -20"><span class='ocrx_word' id='word_1_41' title='bbox 152 1215 292 1269; x_wconf 78' lang='grc' dir='ltr'>ἀλλὰ</span> <span class='ocrx_word' id='word_1_42' title='bbox 326 1218 502 1268; x_wconf 79' lang='grc' dir='ltr'><strong>ποιεῖν</strong></span> <span class='ocrx_word' id='word_1_43' title='bbox 539 1233 598 1269; x_wconf 87' lang='grc' dir='ltr'><strong>σε</strong></span> <span class='ocrx_word' id='word_1_44' title='bbox 628 1215 728 1286; x_wconf 82' lang='grc' dir='ltr'>μὲν</span> <span class='ocrx_word' id='word_1_45' title='bbox 748 1216 815 1269; x_wconf 77' lang='grc' dir='ltr'>τὰ</span> <span class='ocrx_word' id='word_1_46' title='bbox 848 1217 1162 1285; x_wconf 76' lang='grc' dir='ltr'><strong>ἁρμόζοντα</strong></span> <span class='ocrx_word' id='word_1_47' title='bbox 1198 1217 1395 1281; x_wconf 84' lang='grc' dir='ltr'>πάντα,</span> <span class='ocrx_word' id='word_1_48' title='bbox 1433 1219 1490 1270; x_wconf 82' lang='grc' dir='ltr'><strong>ἐν</strong></span> <span class='ocrx_word' id='word_1_49' title='bbox 1544 1222 1739 1289; x_wconf 80' lang='grc' dir='ltr'>ἐπιτη-</span> 
     </span>
    </p>
   </div>
   <div class='ocr_carea' id='block_1_9' title="bbox 152 1308 1741 1380">
    <p class='ocr_par' dir='ltr' id='par_1_9' title="bbox 152 1308 1741 1380">
     <span class='ocr_line' id='line_1_9' title="bbox 152 1308 1741 1380; baseline 0.001 -17"><span class='ocrx_word' id='word_1_50' title='bbox 152 1309 288 1379; x_wconf 83' lang='grc' dir='ltr'>δείῳ</span> <span class='ocrx_word' id='word_1_51' title='bbox 319 1308 378 1360; x_wconf 79' lang='grc' dir='ltr'><strong>δὲ</strong></span> <span class='ocrx_word' id='word_1_52' title='bbox 411 1308 663 1360; x_wconf 76' lang='grc' dir='ltr'>ἵστασθαι</span> <span class='ocrx_word' id='word_1_53' title='bbox 704 1310 876 1377; x_wconf 68' lang='grc' dir='ltr'>τόπῳ,</span> <span class='ocrx_word' id='word_1_54' title='bbox 900 1308 1023 1361; x_wconf 85' lang='grc' dir='ltr'>ὅθεν</span> <span class='ocrx_word' id='word_1_55' title='bbox 1078 1308 1214 1380; x_wconf 76' lang='grc' dir='ltr'>ὁρᾷν</span> <span class='ocrx_word' id='word_1_56' title='bbox 1257 1308 1484 1363; x_wconf 82' lang='grc' dir='ltr'>δύνασαι</span> <span class='ocrx_word' id='word_1_57' title='bbox 1516 1310 1643 1374; x_wconf 79' lang='grc' dir='ltr'>τούς</span> <span class='ocrx_word' id='word_1_58' title='bbox 1680 1328 1741 1364; x_wconf 85' lang='grc' dir='ltr'><strong>τε</strong></span> 
     </span>
    </p>
   </div>
   <div class='ocr_carea' id='block_1_10' title="bbox 154 1397 1743 1468">
    <p class='ocr_par' dir='ltr' id='par_1_10' title="bbox 154 1397 1743 1468">
     <span class='ocr_line' id='line_1_10' title="bbox 154 1397 1743 1468; baseline -0.001 -15"><span class='ocrx_word' id='word_1_59' title='bbox 154 1398 619 1468; x_wconf 70' lang='grc' dir='ltr'><strong>ἀγωνιζομένους,</strong></span> <span class='ocrx_word' id='word_1_60' title='bbox 648 1397 744 1450; x_wconf 77' lang='grc' dir='ltr'>καὶ</span> <span class='ocrx_word' id='word_1_61' title='bbox 773 1399 921 1461; x_wconf 79' lang='grc' dir='ltr'>τοὺς,</span> <span class='ocrx_word' id='word_1_62' title='bbox 955 1397 1031 1461; x_wconf 84' lang='grc' dir='ltr'>ὡς</span> <span class='ocrx_word' id='word_1_63' title='bbox 1055 1397 1223 1460; x_wconf 72' lang='grc' dir='ltr'>είκδς,</span> <span class='ocrx_word' id='word_1_64' title='bbox 1251 1397 1611 1465; x_wconf 78' lang='grc' dir='ltr'>ἀμελοῦντας,</span> <span class='ocrx_word' id='word_1_65' title='bbox 1646 1398 1743 1451; x_wconf 76' lang='grc' dir='ltr'>καὶ</span> 
     </span>
    </p>
   </div>
   <div class='ocr_carea' id='block_1_11' title="bbox 152 1487 1742 1559">
    <p class='ocr_par' dir='ltr' id='par_1_11' title="bbox 152 1487 1742 1559">
     <span class='ocr_line' id='line_1_11' title="bbox 152 1487 1742 1559; baseline -0.001 -16"><span class='ocrx_word' id='word_1_66' title='bbox 152 1489 489 1559; x_wconf 73' lang='grc' dir='ltr'>ἐπεύχεσθαι</span> <span class='ocrx_word' id='word_1_67' title='bbox 535 1489 606 1541; x_wconf 73' lang='grc' dir='ltr'>τὰ</span> <span class='ocrx_word' id='word_1_68' title='bbox 634 1489 846 1542; x_wconf 80' lang='grc' dir='ltr'><strong>δέοντα.</strong></span> <span class='ocrx_word' id='word_1_69' title='bbox 876 1489 983 1541; x_wconf 74' lang='grc' dir='ltr'><strong>Καὶ</strong></span> <span class='ocrx_word' id='word_1_70' title='bbox 1035 1487 1360 1551; x_wconf 76' lang='grc' dir='ltr'><strong>σπουδάζειν</strong></span> <span class='ocrx_word' id='word_1_71' title='bbox 1406 1488 1495 1540; x_wconf 79' lang='grc' dir='ltr'>διὰ</span> <span class='ocrx_word' id='word_1_72' title='bbox 1536 1490 1645 1541; x_wconf 83' lang='grc' dir='ltr'>τῶν</span> <span class='ocrx_word' id='word_1_73' title='bbox 1685 1492 1742 1542; x_wconf 80' lang='grc' dir='ltr'><strong>ἐν</strong></span> 
     </span>
    </p>
   </div>
   <div class='ocr_carea' id='block_1_12' title="bbox 153 1577 1741 1651">
    <p class='ocr_par' dir='ltr' id='par_1_12' title="bbox 153 1577 1741 1651">
     <span class='ocr_line' id='line_1_12' title="bbox 153 1577 1741 1651; baseline 0.014 -27"><span class='ocrx_word' id='word_1_74' title='bbox 153 1579 495 1649; x_wconf 76' lang='grc' dir='ltr'>ὑποϐοηθεία</span> <span class='ocrx_word' id='word_1_75' title='bbox 546 1579 719 1632; x_wconf 75' lang='grc' dir='ltr'>ὄντων</span> <span class='ocrx_word' id='word_1_76' title='bbox 770 1577 1232 1649; x_wconf 88' lang='grc' dir='ltr'>συναίρεσθαιτῷ</span> <span class='ocrx_word' id='word_1_77' title='bbox 1262 1579 1499 1649; x_wconf 84' lang='grc' dir='ltr'>δεομένῳ</span> <span class='ocrx_word' id='word_1_78' title='bbox 1562 1581 1741 1651; x_wconf 73' lang='grc' dir='ltr'>μέρει,</span> 
     </span>
    </p>
   </div>
   <div class='ocr_carea' id='block_1_13' title="bbox 154 1670 1739 1739">
    <p class='ocr_par' dir='ltr' id='par_1_13' title="bbox 154 1670 1739 1739">
     <span class='ocr_line' id='line_1_13' title="bbox 154 1670 1739 1739; baseline 0.002 -15"><span class='ocrx_word' id='word_1_79' title='bbox 154 1671 305 1724; x_wconf 78' lang='grc' dir='ltr'>τοῦτ’</span> <span class='ocrx_word' id='word_1_80' title='bbox 329 1671 446 1723; x_wconf 84' lang='grc' dir='ltr'>ἐστι</span> <span class='ocrx_word' id='word_1_81' title='bbox 473 1670 559 1724; x_wconf 79' lang='grc' dir='ltr'>διὰ</span> <span class='ocrx_word' id='word_1_82' title='bbox 575 1672 683 1723; x_wconf 82' lang='grc' dir='ltr'><strong>τῶν</strong></span> <span class='ocrx_word' id='word_1_83' title='bbox 713 1670 1172 1739; x_wconf 80' lang='grc' dir='ltr'>πλαγιοφυλάκων</span> <span class='ocrx_word' id='word_1_84' title='bbox 1202 1672 1297 1725; x_wconf 78' lang='grc' dir='ltr'>καὶ</span> <span class='ocrx_word' id='word_1_85' title='bbox 1323 1672 1739 1739; x_wconf 83' lang='grc' dir='ltr'>νωτοφυλάκων.</span> 
     </span>
    </p>
   </div>
   <div class='ocr_carea' id='block_1_14' title="bbox 228 1758 1745 1836">
    <p class='ocr_par' dir='ltr' id='par_1_14' title="bbox 228 1758 1745 1836">
     <span class='ocr_line' id='line_1_14' title="bbox 228 1758 1745 1836; baseline 0.001 -20"><span class='ocrx_word' id='word_1_86' title='bbox 228 1761 293 1817; x_wconf 88' lang='grc' dir='ltr'><strong>δ’.</strong></span> <span class='ocrx_word' id='word_1_87' title='bbox 335 1763 462 1815; x_wconf 82' lang='grc' dir='ltr'><strong>Ἐὰν</strong></span> <span class='ocrx_word' id='word_1_88' title='bbox 498 1764 595 1833; x_wconf 76' lang='grc' dir='ltr'><strong>μὲν</strong></span> <span class='ocrx_word' id='word_1_89' title='bbox 649 1758 743 1816; x_wconf 76' lang='grc' dir='ltr'><strong>οὖν</strong></span> <span class='ocrx_word' id='word_1_90' title='bbox 803 1764 864 1815; x_wconf 80' lang='grc' dir='ltr'><strong>ἐν</strong></span> <span class='ocrx_word' id='word_1_91' title='bbox 921 1764 1043 1825; x_wconf 79' lang='grc' dir='ltr'>ταῖς</span> <span class='ocrx_word' id='word_1_92' title='bbox 1072 1763 1413 1834; x_wconf 78' lang='grc' dir='ltr'>παρατάξεσί</span> <span class='ocrx_word' id='word_1_93' title='bbox 1451 1781 1543 1816; x_wconf 85' lang='grc' dir='ltr'><strong>σου</strong></span> <span class='ocrx_word' id='word_1_94' title='bbox 1606 1766 1745 1836; x_wconf 72' lang='grc' dir='ltr'>πρὸς</span> 
     </span>
    </p>
   </div>
   <div class='ocr_carea' id='block_1_15' title="bbox 156 1854 1741 1927">
    <p class='ocr_par' dir='ltr' id='par_1_15' title="bbox 156 1854 1741 1927">
     <span class='ocr_line' id='line_1_15' title="bbox 156 1854 1741 1927; baseline 0.001 -19"><span class='ocrx_word' id='word_1_95' title='bbox 156 1856 387 1921; x_wconf 82' lang='grc' dir='ltr'>τοξότας</span> <span class='ocrx_word' id='word_1_96' title='bbox 433 1856 581 1908; x_wconf 75' lang='grc' dir='ltr'>ἐστὶν</span> <span class='ocrx_word' id='word_1_97' title='bbox 623 1855 653 1908; x_wconf 83' lang='grc' dir='ltr'><strong>ό</strong></span> <span class='ocrx_word' id='word_1_98' title='bbox 706 1854 966 1925; x_wconf 84' lang='grc' dir='ltr'>πόλεμος,</span> <span class='ocrx_word' id='word_1_99' title='bbox 1025 1855 1152 1918; x_wconf 79' lang='grc' dir='ltr'>τοὺς</span> <span class='ocrx_word' id='word_1_100' title='bbox 1200 1855 1480 1927; x_wconf 83' lang='grc' dir='ltr'>δυσχερεῖς</span> <span class='ocrx_word' id='word_1_101' title='bbox 1524 1857 1741 1920; x_wconf 84' lang='grc' dir='ltr'>τόπους,</span> 
     </span>
    </p>
   </div>
   <div class='ocr_carea' id='block_1_16' title="bbox 159 1946 1744 2020">
    <p class='ocr_par' dir='ltr' id='par_1_16' title="bbox 159 1946 1744 2020">
     <span class='ocr_line' id='line_1_16' title="bbox 159 1946 1744 2020; baseline 0 -18"><span class='ocrx_word' id='word_1_102' title='bbox 159 1950 258 2003; x_wconf 69' lang='grc' dir='ltr'>καὶ</span> <span class='ocrx_word' id='word_1_103' title='bbox 292 1950 419 2011; x_wconf 78' lang='grc' dir='ltr'>τοὺς</span> <span class='ocrx_word' id='word_1_104' title='bbox 454 1947 732 2019; x_wconf 85' lang='grc' dir='ltr'>πρόποδας</span> <span class='ocrx_word' id='word_1_105' title='bbox 774 1946 885 1999; x_wconf 85' lang='grc' dir='ltr'>τῶν</span> <span class='ocrx_word' id='word_1_106' title='bbox 920 1946 1116 2018; x_wconf 82' lang='grc' dir='ltr'>ὁρέων,</span> <span class='ocrx_word' id='word_1_107' title='bbox 1146 1947 1315 2018; x_wconf 73' lang='grc' dir='ltr'>ἧγουν</span> <span class='ocrx_word' id='word_1_108' title='bbox 1357 1949 1456 2013; x_wconf 81' lang='grc' dir='ltr'>τὰς</span> <span class='ocrx_word' id='word_1_109' title='bbox 1522 1950 1744 2020; x_wconf 83' lang='grc' dir='ltr'>πρώτας</span> 
     </span>
    </p>
   </div>
   <div class='ocr_carea' id='block_1_17' title="bbox 160 2036 1745 2110">
    <p class='ocr_par' dir='ltr' id='par_1_17' title="bbox 160 2036 1745 2110">
     <span class='ocr_line' id='line_1_17' title="bbox 160 2036 1745 2110; baseline -0.001 -17"><span class='ocrx_word' id='word_1_110' title='bbox 160 2039 461 2101; x_wconf 79' lang='grc' dir='ltr'>ἀναϐάσεις</span> <span class='ocrx_word' id='word_1_111' title='bbox 485 2040 577 2091; x_wconf 70' lang='grc' dir='ltr'><strong>ἐπὶ</strong></span> <span class='ocrx_word' id='word_1_112' title='bbox 606 2036 677 2090; x_wconf 75' lang='grc' dir='ltr'>τὰ</span> <span class='ocrx_word' id='word_1_113' title='bbox 701 2037 826 2107; x_wconf 77' lang='grc' dir='ltr'>ὅρη,</span> <span class='ocrx_word' id='word_1_114' title='bbox 859 2037 1087 2101; x_wconf 84' lang='grc' dir='ltr'>τούτους</span> <span class='ocrx_word' id='word_1_115' title='bbox 1132 2038 1426 2106; x_wconf 79' lang='grc' dir='ltr'>φυλάττου,</span> <span class='ocrx_word' id='word_1_116' title='bbox 1456 2040 1551 2092; x_wconf 75' lang='grc' dir='ltr'>καὶ</span> <span class='ocrx_word' id='word_1_117' title='bbox 1584 2040 1657 2110; x_wconf 84' lang='grc' dir='ltr'>μὴ</span> <span class='ocrx_word' id='word_1_118' title='bbox 1686 2041 1745 2093; x_wconf 86' lang='grc' dir='ltr'>ὲν</span> 
     </span>
    </p>
   </div>
   <div class='ocr_carea' id='block_1_18' title="bbox 157 2128 1740 2200">
    <p class='ocr_par' dir='ltr' id='par_1_18' title="bbox 157 2128 1740 2200">
     <span class='ocr_line' id='line_1_18' title="bbox 157 2128 1740 2200; baseline -0.002 -14"><span class='ocrx_word' id='word_1_119' title='bbox 157 2134 346 2194; x_wconf 82' lang='grc' dir='ltr'>αὐτοῖς</span> <span class='ocrx_word' id='word_1_120' title='bbox 394 2130 672 2200; x_wconf 75' lang='grc' dir='ltr'>σύμϐαλλε</span> <span class='ocrx_word' id='word_1_121' title='bbox 717 2130 818 2198; x_wconf 75' lang='grc' dir='ltr'><strong>τὴν</strong></span> <span class='ocrx_word' id='word_1_122' title='bbox 875 2130 1079 2198; x_wconf 84' lang='grc' dir='ltr'>μάχην,</span> <span class='ocrx_word' id='word_1_123' title='bbox 1125 2128 1179 2182; x_wconf 80' lang='grc' dir='ltr'><strong>εί</strong></span> <span class='ocrx_word' id='word_1_124' title='bbox 1210 2145 1274 2199; x_wconf 89' lang='grc' dir='ltr'><strong>γε</strong></span> <span class='ocrx_word' id='word_1_125' title='bbox 1299 2130 1522 2183; x_wconf 87' lang='grc' dir='ltr'>δυνατόν</span> <span class='ocrx_word' id='word_1_126' title='bbox 1573 2132 1740 2184; x_wconf 89' lang='grc' dir='ltr'>ἐστιν.</span> 
     </span>
    </p>
   </div>
   <div class='ocr_carea' id='block_1_19' title="bbox 158 2220 1742 2293">
    <p class='ocr_par' dir='ltr' id='par_1_19' title="bbox 158 2220 1742 2293">
     <span class='ocr_line' id='line_1_19' title="bbox 158 2220 1742 2293; baseline 0 -18"><span class='ocrx_word' id='word_1_127' title='bbox 158 2225 272 2276; x_wconf 69' lang='grc' dir='ltr'><strong>Καὶ</strong></span> <span class='ocrx_word' id='word_1_128' title='bbox 300 2224 334 2293; x_wconf 75' lang='grc' dir='ltr'>ἢ</span> <span class='ocrx_word' id='word_1_129' title='bbox 370 2226 430 2276; x_wconf 77' lang='grc' dir='ltr'>ὲν</span> <span class='ocrx_word' id='word_1_130' title='bbox 450 2222 529 2292; x_wconf 83' lang='grc' dir='ltr'>τῷ</span> <span class='ocrx_word' id='word_1_131' title='bbox 555 2222 680 2290; x_wconf 72' lang='grc' dir='ltr'>ὕψει</span> <span class='ocrx_word' id='word_1_132' title='bbox 706 2220 804 2290; x_wconf 84' lang='grc' dir='ltr'>τὴν</span> <span class='ocrx_word' id='word_1_133' title='bbox 830 2220 1139 2291; x_wconf 80' lang='grc' dir='ltr'>παράταξιν</span> <span class='ocrx_word' id='word_1_134' title='bbox 1164 2220 1419 2286; x_wconf 74' lang='grc' dir='ltr'>ἐκτασσε,</span> <span class='ocrx_word' id='word_1_135' title='bbox 1453 2222 1487 2292; x_wconf 74' lang='grc' dir='ltr'><strong>ἢ</strong></span> <span class='ocrx_word' id='word_1_136' title='bbox 1518 2223 1742 2288; x_wconf 81' lang='grc' dir='ltr'>τελείως</span> 
     </span>
    </p>
   </div>
   <div class='ocr_carea' id='block_1_20' title="bbox 159 2313 1745 2387">
    <p class='ocr_par' dir='ltr' id='par_1_20' title="bbox 159 2313 1745 2387">
     <span class='ocr_line' id='line_1_20' title="bbox 159 2313 1745 2387; baseline 0 -18"><span class='ocrx_word' id='word_1_137' title='bbox 159 2316 427 2369; x_wconf 76' lang='grc' dir='ltr'>ἀπόὸαινε</span> <span class='ocrx_word' id='word_1_138' title='bbox 457 2314 552 2368; x_wconf 82' lang='grc' dir='ltr'>τοῦ</span> <span class='ocrx_word' id='word_1_139' title='bbox 605 2314 787 2383; x_wconf 76' lang='grc' dir='ltr'>ὅρους,</span> <span class='ocrx_word' id='word_1_140' title='bbox 812 2314 905 2366; x_wconf 75' lang='grc' dir='ltr'>καὶ</span> <span class='ocrx_word' id='word_1_141' title='bbox 964 2315 1025 2366; x_wconf 81' lang='grc' dir='ltr'><strong>ἐν</strong></span> <span class='ocrx_word' id='word_1_142' title='bbox 1062 2313 1403 2385; x_wconf 83' lang='grc' dir='ltr'>ὁμαλωτέρῳ</span> <span class='ocrx_word' id='word_1_143' title='bbox 1424 2318 1519 2369; x_wconf 76' lang='grc' dir='ltr'>κα).</span> <span class='ocrx_word' id='word_1_144' title='bbox 1551 2316 1745 2387; x_wconf 85' lang='grc' dir='ltr'>γυμνῷ</span> 
     </span>
    </p>
   </div>
   <div class='ocr_carea' id='block_1_21' title="bbox 158 2403 1744 2478">
    <p class='ocr_par' dir='ltr' id='par_1_21' title="bbox 158 2403 1744 2478">
     <span class='ocr_line' id='line_1_21' title="bbox 158 2403 1744 2478; baseline -0.001 -17"><span class='ocrx_word' id='word_1_145' title='bbox 158 2408 313 2478; x_wconf 79' lang='grc' dir='ltr'>τόπῳ</span> <span class='ocrx_word' id='word_1_146' title='bbox 380 2406 759 2475; x_wconf 83' lang='grc' dir='ltr'>παρατάσσου,</span> <span class='ocrx_word' id='word_1_147' title='bbox 794 2405 880 2457; x_wconf 84' lang='grc' dir='ltr'><strong>ἵνα</strong></span> <span class='ocrx_word' id='word_1_148' title='bbox 933 2403 1010 2476; x_wconf 78' lang='grc' dir='ltr'>μὴ</span> <span class='ocrx_word' id='word_1_149' title='bbox 1050 2404 1162 2457; x_wconf 85' lang='grc' dir='ltr'>τῶν</span> <span class='ocrx_word' id='word_1_150' title='bbox 1196 2404 1426 2474; x_wconf 78' lang='grc' dir='ltr'>ἐχθρῶν,</span> <span class='ocrx_word' id='word_1_151' title='bbox 1455 2406 1529 2470; x_wconf 84' lang='grc' dir='ltr'>ὼς</span> <span class='ocrx_word' id='word_1_152' title='bbox 1576 2407 1744 2471; x_wconf 72' lang='grc' dir='ltr'>εἰκὸς,</span> 
     </span>
    </p>
   </div>
   <div class='ocr_carea' id='block_1_22' title="bbox 159 2494 1748 2570">
    <p class='ocr_par' dir='ltr' id='par_1_22' title="bbox 159 2494 1748 2570">
     <span class='ocr_line' id='line_1_22' title="bbox 159 2494 1748 2570; baseline -0.001 -17"><span class='ocrx_word' id='word_1_153' title='bbox 159 2500 375 2553; x_wconf 78' lang='grc' dir='ltr'>ἐκεῖθεν</span> <span class='ocrx_word' id='word_1_154' title='bbox 430 2498 819 2569; x_wconf 61' lang='grc' dir='ltr'>ἐνεδρευόντων</span> <span class='ocrx_word' id='word_1_155' title='bbox 865 2497 974 2551; x_wconf 79' lang='grc' dir='ltr'>ἀπὸ</span> <span class='ocrx_word' id='word_1_156' title='bbox 1042 2496 1137 2549; x_wconf 82' lang='grc' dir='ltr'>τοῦ</span> <span class='ocrx_word' id='word_1_157' title='bbox 1178 2494 1347 2567; x_wconf 74' lang='grc' dir='ltr'>ὕψους</span> <span class='ocrx_word' id='word_1_158' title='bbox 1403 2500 1439 2570; x_wconf 73' lang='grc' dir='ltr'><strong>ἡ</strong></span> <span class='ocrx_word' id='word_1_159' title='bbox 1495 2498 1748 2569; x_wconf 86' lang='grc' dir='ltr'>παράτα-</span> 
     </span>
    </p>
   </div>
   <div class='ocr_carea' id='block_1_23' title="bbox 161 2590 918 2662">
    <p class='ocr_par' dir='ltr' id='par_1_23' title="bbox 161 2590 918 2662">
     <span class='ocr_line' id='line_1_23' title="bbox 161 2590 918 2662; baseline -0.001 -16"><span class='ocrx_word' id='word_1_160' title='bbox 161 2593 245 2659; x_wconf 82' lang='grc' dir='ltr'><strong>ξις</strong></span> <span class='ocrx_word' id='word_1_161' title='bbox 272 2591 351 2661; x_wconf 75' lang='grc'><strong>(1)</strong></span> <span class='ocrx_word' id='word_1_162' title='bbox 383 2591 596 2662; x_wconf 81' lang='grc' dir='ltr'>ἁθρόως</span> <span class='ocrx_word' id='word_1_163' title='bbox 640 2590 918 2660; x_wconf 78' lang='grc' dir='ltr'>βιάζηται.</span> 
     </span>
    </p>
   </div>
   <div class='ocr_carea' id='block_1_24' title="bbox 230 2680 1743 2755">
    <p class='ocr_par' dir='ltr' id='par_1_24' title="bbox 230 2680 1743 2755">
     <span class='ocr_line' id='line_1_24' title="bbox 230 2680 1743 2755; baseline -0.005 -17"><span class='ocrx_word' id='word_1_164' title='bbox 230 2682 295 2738; x_wconf 86' lang='grc' dir='ltr'>ε’.</span> <span class='ocrx_word' id='word_1_165' title='bbox 335 2683 498 2736; x_wconf 80' lang='grc' dir='ltr'>Ἀλλὰ</span> <span class='ocrx_word' id='word_1_166' title='bbox 546 2682 679 2752; x_wconf 85' lang='grc' dir='ltr'>μηδὲ</span> <span class='ocrx_word' id='word_1_167' title='bbox 720 2683 1038 2752; x_wconf 81' lang='grc' dir='ltr'>συμπλέκου</span> <span class='ocrx_word' id='word_1_168' title='bbox 1077 2682 1384 2755; x_wconf 80' lang='grc' dir='ltr'>παρατάξει</span> <span class='ocrx_word' id='word_1_169' title='bbox 1447 2680 1743 2750; x_wconf 78' lang='grc' dir='ltr'>πολεμίων,</span> 
     </span>
    </p>
   </div>
   <div class='ocr_carea' id='block_1_25' title="bbox 165 2772 1744 2845">
    <p class='ocr_par' dir='ltr' id='par_1_25' title="bbox 165 2772 1744 2845">
     <span class='ocr_line' id='line_1_25' title="bbox 165 2772 1744 2845; baseline -0.003 -17"><span class='ocrx_word' id='word_1_170' title='bbox 165 2775 306 2843; x_wconf 84' lang='grc' dir='ltr'><strong>μηδέ</strong></span> <span class='ocrx_word' id='word_1_171' title='bbox 337 2775 439 2843; x_wconf 80' lang='grc' dir='ltr'>τὴν</span> <span class='ocrx_word' id='word_1_172' title='bbox 474 2773 611 2827; x_wconf 83' lang='grc' dir='ltr'>ίδίαν</span> <span class='ocrx_word' id='word_1_173' title='bbox 653 2790 746 2827; x_wconf 85' lang='grc' dir='ltr'><strong>σου</strong></span> <span class='ocrx_word' id='word_1_174' title='bbox 793 2774 1111 2845; x_wconf 83' lang='grc' dir='ltr'>προδείκνυε</span> <span class='ocrx_word' id='word_1_175' title='bbox 1154 2775 1364 2836; x_wconf 80' lang='grc' dir='ltr'>αὐτοῖς,</span> <span class='ocrx_word' id='word_1_176' title='bbox 1399 2772 1530 2843; x_wconf 79' lang='grc' dir='ltr'>πρὶν</span> <span class='ocrx_word' id='word_1_177' title='bbox 1554 2772 1622 2825; x_wconf 79' lang='grc' dir='ltr'><strong>ἂν</strong></span> <span class='ocrx_word' id='word_1_178' title='bbox 1645 2772 1744 2841; x_wconf 83' lang='grc' dir='ltr'>τὴν</span> 
     </span>
    </p>
   </div>
   <div class='ocr_carea' id='block_1_26' title="bbox 160 2863 1745 2935">
    <p class='ocr_par' dir='ltr' id='par_1_26' title="bbox 160 2863 1745 2935">
     <span class='ocr_line' id='line_1_26' title="bbox 160 2863 1745 2935; baseline -0.003 -16"><span class='ocrx_word' id='word_1_179' title='bbox 160 2867 322 2931; x_wconf 80' lang='grc' dir='ltr'>τάξιν</span> <span class='ocrx_word' id='word_1_180' title='bbox 372 2866 553 2920; x_wconf 81' lang='grc' dir='ltr'>αὐτῶν</span> <span class='ocrx_word' id='word_1_181' title='bbox 605 2870 971 2935; x_wconf 77' lang='grc' dir='ltr'>κατανοήσῃς,</span> <span class='ocrx_word' id='word_1_182' title='bbox 1013 2866 1109 2919; x_wconf 79' lang='grc' dir='ltr'>καὶ</span> <span class='ocrx_word' id='word_1_183' title='bbox 1155 2865 1274 2929; x_wconf 67' lang='grc' dir='ltr'>τὶς,</span> <span class='ocrx_word' id='word_1_184' title='bbox 1324 2864 1398 2927; x_wconf 85' lang='grc' dir='ltr'>ὡς</span> <span class='ocrx_word' id='word_1_185' title='bbox 1443 2863 1609 2925; x_wconf 78' lang='grc' dir='ltr'>εἰκὸς,</span> <span class='ocrx_word' id='word_1_186' title='bbox 1644 2880 1745 2932; x_wconf 87' lang='grc' dir='ltr'>με-</span> 
     </span>
    </p>
   </div>
   <div class='ocr_carea' id='block_1_27' title="bbox 162 2952 1743 3029">
    <p class='ocr_par' dir='ltr' id='par_1_27' title="bbox 162 2952 1743 3029">
     <span class='ocr_line' id='line_1_27' title="bbox 162 2952 1743 3029; baseline -0.004 -17"><span class='ocrx_word' id='word_1_187' title='bbox 162 2959 479 3029; x_wconf 85' lang='grc' dir='ltr'>λετωμένας</span> <span class='ocrx_word' id='word_1_188' title='bbox 516 2957 646 3026; x_wconf 77' lang='grc' dir='ltr'>παρ’</span> <span class='ocrx_word' id='word_1_189' title='bbox 670 2958 849 3009; x_wconf 77' lang='grc' dir='ltr'>αὐτῶν</span> <span class='ocrx_word' id='word_1_190' title='bbox 874 2957 1099 3026; x_wconf 81' lang='grc' dir='ltr'>ἐνέδρας</span> <span class='ocrx_word' id='word_1_191' title='bbox 1127 2956 1247 3025; x_wconf 75' lang='grc' dir='ltr'>ἦτοι</span> <span class='ocrx_word' id='word_1_192' title='bbox 1277 2954 1649 3027; x_wconf 82' lang='grc' dir='ltr'>έγκρύμματα</span> <span class='ocrx_word' id='word_1_193' title='bbox 1666 2952 1743 3023; x_wconf 76' lang='lat'><strong>(‘2)</strong></span> 
     </span>
    </p>
   </div>
   <div class='ocr_carea' id='block_1_28' title="bbox 162 3051 726 3121">
    <p class='ocr_par' dir='ltr' id='par_1_28' title="bbox 162 3051 726 3121">
     <span class='ocr_line' id='line_1_28' title="bbox 162 3051 726 3121; baseline -0.002 -18"><span class='ocrx_word' id='word_1_194' title='bbox 162 3052 456 3120; x_wconf 79' lang='grc' dir='ltr'>πολυπραγ</span> <span class='ocrx_word' id='word_1_195' title='bbox 464 3051 597 3119; x_wconf 81' lang='grc' dir='ltr'>μονή</span> <span class='ocrx_word' id='word_1_196' title='bbox 606 3065 726 3121; x_wconf 81' lang='grc' dir='ltr'>σῃς.</span> 
     </span>
    </p>
   </div>
   <div class='ocr_carea' id='block_1_29' title="bbox 236 3128 1815 3232">
    <p class='ocr_par' dir='ltr' id='par_1_29' title="bbox 236 3128 1815 3232">
     <span class='ocr_line' id='line_1_29' title="bbox 236 3128 1815 3232; baseline -0.004 -35"><span class='ocrx_word' id='word_1_197' title='bbox 236 3141 315 3207; x_wconf 82' lang='grc' dir='ltr'>ς’.</span> <span class='ocrx_word' id='word_1_198' title='bbox 363 3145 489 3197; x_wconf 70' lang='grc' dir='ltr'><strong>Ἐὰν</strong></span> <span class='ocrx_word' id='word_1_199' title='bbox 532 3144 588 3195; x_wconf 82' lang='grc' dir='ltr'>δὲ</span> <span class='ocrx_word' id='word_1_200' title='bbox 615 3146 662 3195; x_wconf 87' lang='grc' dir='ltr'><strong>οί</strong></span> <span class='ocrx_word' id='word_1_201' title='bbox 693 3142 869 3204; x_wconf 88' lang='grc' dir='ltr'>τόποι,</span> <span class='ocrx_word' id='word_1_202' title='bbox 903 3142 961 3193; x_wconf 78' lang='grc' dir='ltr'><strong>ἐν</strong></span> <span class='ocrx_word' id='word_1_203' title='bbox 999 3138 1080 3204; x_wconf 81' lang='grc' dir='ltr'>οἷς</span> <span class='ocrx_word' id='word_1_204' title='bbox 1126 3128 1338 3212; x_wconf 79' lang='grc' dir='ltr'>,μέλλῃς</span> <span class='ocrx_word' id='word_1_205' title='bbox 1394 3138 1741 3209; x_wconf 74' lang='grc' dir='ltr'>συμϐάλλειν,</span> <span class='ocrx_word' id='word_1_206' title='bbox 1774 3177 1815 3232; x_wconf 71' lang='lat' dir='ltr'>C</span> 
     </span>
    </p>
   </div>
   <div class='ocr_carea' id='block_1_30' title="bbox 162 3228 1742 3303">
    <p class='ocr_par' dir='ltr' id='par_1_30' title="bbox 162 3228 1742 3303">
     <span class='ocr_line' id='line_1_30' title="bbox 162 3228 1742 3303; baseline -0.003 -19"><span class='ocrx_word' id='word_1_207' title='bbox 162 3233 364 3303; x_wconf 85' lang='grc' dir='ltr'>γυμνοί</span> <span class='ocrx_word' id='word_1_208' title='bbox 392 3233 497 3284; x_wconf 75' lang='grc' dir='ltr'>εἰσι</span> <span class='ocrx_word' id='word_1_209' title='bbox 525 3233 619 3284; x_wconf 74' lang='grc' dir='ltr'>καὶ</span> <span class='ocrx_word' id='word_1_210' title='bbox 659 3232 882 3292; x_wconf 77' lang='grc' dir='ltr'>πεδινοὶ,</span> <span class='ocrx_word' id='word_1_211' title='bbox 912 3230 1008 3283; x_wconf 80' lang='grc' dir='ltr'><strong>καὶ</strong></span> <span class='ocrx_word' id='word_1_212' title='bbox 1050 3230 1149 3283; x_wconf 84' lang='grc' dir='ltr'><strong>οὑκ</strong></span> <span class='ocrx_word' id='word_1_213' title='bbox 1178 3228 1325 3281; x_wconf 80' lang='grc' dir='ltr'>ἔστιν</span> <span class='ocrx_word' id='word_1_214' title='bbox 1369 3229 1609 3292; x_wconf 86' lang='grc' dir='ltr'>εὐκόλως</span> <span class='ocrx_word' id='word_1_215' title='bbox 1640 3233 1742 3299; x_wconf 85' lang='grc' dir='ltr'><strong>τὴν</strong></span> 
     </span>
    </p>
   </div>
   <div class='ocr_carea' id='block_1_31' title="bbox 162 3321 1747 3393">
    <p class='ocr_par' dir='ltr' id='par_1_31' title="bbox 162 3321 1747 3393">
     <span class='ocr_line' id='line_1_31' title="bbox 162 3321 1747 3393; baseline -0.004 -14"><span class='ocrx_word' id='word_1_216' title='bbox 162 3324 429 3393; x_wconf 74' lang='grc' dir='ltr'>δευτέραν</span> <span class='ocrx_word' id='word_1_217' title='bbox 462 3340 556 3376; x_wconf 87' lang='grc' dir='ltr'><strong>σου</strong></span> <span class='ocrx_word' id='word_1_218' title='bbox 597 3323 752 3387; x_wconf 81' lang='grc' dir='ltr'>τάξιν</span> <span class='ocrx_word' id='word_1_219' title='bbox 802 3322 1068 3390; x_wconf 84' lang='grc' dir='ltr'>κρύπτειν</span> <span class='ocrx_word' id='word_1_220' title='bbox 1107 3322 1167 3373; x_wconf 87' lang='grc' dir='ltr'><strong>ἐν</strong></span> <span class='ocrx_word' id='word_1_221' title='bbox 1194 3324 1398 3384; x_wconf 83' lang='grc' dir='ltr'>αὐτοῖς,</span> <span class='ocrx_word' id='word_1_222' title='bbox 1439 3322 1519 3383; x_wconf 82' lang='grc' dir='ltr'><strong>εἰς</strong></span> <span class='ocrx_word' id='word_1_223' title='bbox 1558 3322 1621 3372; x_wconf 79' lang='grc' dir='ltr'><strong>τὸ</strong></span> <span class='ocrx_word' id='word_1_224' title='bbox 1672 3321 1747 3390; x_wconf 81' lang='grc' dir='ltr'><strong>μὴ</strong></span> 
     </span>
    </p>
   </div>
   <div class='ocr_carea' id='block_1_32' title="bbox 162 3412 1749 3485">
    <p class='ocr_par' dir='ltr' id='par_1_32' title="bbox 162 3412 1749 3485">
     <span class='ocr_line' id='line_1_32' title="bbox 162 3412 1749 3485; baseline -0.003 -15"><span class='ocrx_word' id='word_1_225' title='bbox 162 3420 289 3480; x_wconf 65' lang='grc' dir='ltr'>τοὺς</span> <span class='ocrx_word' id='word_1_226' title='bbox 321 3416 553 3485; x_wconf 73' lang='grc' dir='ltr'>ἐχθροὺς</span> <span class='ocrx_word' id='word_1_227' title='bbox 604 3414 1005 3485; x_wconf 82' lang='grc' dir='ltr'>προγινώσκειν</span> <span class='ocrx_word' id='word_1_228' title='bbox 1036 3415 1094 3467; x_wconf 85' lang='grc' dir='ltr'><strong>ἐν</strong></span> <span class='ocrx_word' id='word_1_229' title='bbox 1120 3412 1195 3484; x_wconf 82' lang='grc' dir='ltr'>τῷ</span> <span class='ocrx_word' id='word_1_230' title='bbox 1225 3416 1396 3467; x_wconf 83' lang='grc' dir='ltr'>κινεῖν</span> <span class='ocrx_word' id='word_1_231' title='bbox 1441 3413 1533 3465; x_wconf 79' lang='grc' dir='ltr'><strong>τὸν</strong></span> <span class='ocrx_word' id='word_1_232' title='bbox 1585 3430 1749 3483; x_wconf 88' lang='grc' dir='ltr'>στρα-</span> 
     </span>
    </p>
   </div>
   <div class='ocr_carea' id='block_1_33' title="bbox 164 3506 1748 3580">
    <p class='ocr_par' dir='ltr' id='par_1_33' title="bbox 164 3506 1748 3580">
     <span class='ocr_line' id='line_1_33' title="bbox 164 3506 1748 3580; baseline -0.003 -18"><span class='ocrx_word' id='word_1_233' title='bbox 164 3513 256 3562; x_wconf 68' lang='grc' dir='ltr'>τὸν</span> <span class='ocrx_word' id='word_1_234' title='bbox 282 3512 364 3573; x_wconf 85' lang='grc' dir='ltr'><strong>είς</strong></span> <span class='ocrx_word' id='word_1_235' title='bbox 389 3509 485 3580; x_wconf 82' lang='grc' dir='ltr'>τὴν</span> <span class='ocrx_word' id='word_1_236' title='bbox 515 3510 715 3580; x_wconf 80' lang='grc' dir='ltr'>μάχην,</span> <span class='ocrx_word' id='word_1_237' title='bbox 746 3506 997 3561; x_wconf 77' lang='grc' dir='ltr'>ἐντεῦθεν</span> <span class='ocrx_word' id='word_1_238' title='bbox 1034 3507 1135 3577; x_wconf 75' lang='grc' dir='ltr'>ήδη</span> <span class='ocrx_word' id='word_1_239' title='bbox 1178 3508 1277 3574; x_wconf 70' lang='grc' dir='ltr'>τὴν</span> <span class='ocrx_word' id='word_1_240' title='bbox 1306 3506 1564 3577; x_wconf 80' lang='grc' dir='ltr'>δευτέραν</span> <span class='ocrx_word' id='word_1_241' title='bbox 1597 3506 1748 3571; x_wconf 81' lang='grc' dir='ltr'>τάξιν</span> 
     </span>
    </p>
   </div>
   <div class='ocr_carea' id='block_1_34' title="bbox 166 3597 1748 3669">
    <p class='ocr_par' dir='ltr' id='par_1_34' title="bbox 166 3597 1748 3669">
     <span class='ocr_line' id='line_1_34' title="bbox 166 3597 1748 3669; baseline -0.004 -15"><span class='ocrx_word' id='word_1_242' title='bbox 166 3600 502 3654; x_wconf 85' lang='grc' dir='ltr'>κατόπισθεν</span> <span class='ocrx_word' id='word_1_243' title='bbox 560 3600 661 3668; x_wconf 85' lang='grc' dir='ltr'><strong>τῆς</strong></span> <span class='ocrx_word' id='word_1_244' title='bbox 722 3597 948 3669; x_wconf 82' lang='grc' dir='ltr'>πρώτης</span> <span class='ocrx_word' id='word_1_245' title='bbox 1014 3598 1243 3667; x_wconf 77' lang='grc' dir='ltr'>πλησίον</span> <span class='ocrx_word' id='word_1_246' title='bbox 1332 3597 1748 3651; x_wconf 83' lang='grc' dir='ltr'>συνακολουθεῖν</span> 
     </span>
    </p>
   </div>
   <div class='ocr_carea' id='block_1_35' title="bbox 166 3689 1746 3763">
    <p class='ocr_par' dir='ltr' id='par_1_35' title="bbox 166 3689 1746 3763">
     <span class='ocr_line' id='line_1_35' title="bbox 166 3689 1746 3763; baseline -0.003 -17"><span class='ocrx_word' id='word_1_247' title='bbox 166 3695 417 3763; x_wconf 84' lang='grc' dir='ltr'>ποίησον,</span> <span class='ocrx_word' id='word_1_248' title='bbox 450 3692 589 3745; x_wconf 79' lang='grc' dir='ltr'>ὥστε</span> <span class='ocrx_word' id='word_1_249' title='bbox 617 3694 715 3755; x_wconf 79' lang='grc' dir='ltr'>τὰς</span> <span class='ocrx_word' id='word_1_250' title='bbox 744 3693 839 3745; x_wconf 88' lang='grc' dir='ltr'>δύο</span> <span class='ocrx_word' id='word_1_251' title='bbox 878 3695 959 3756; x_wconf 87' lang='grc' dir='ltr'><strong>είς</strong></span> <span class='ocrx_word' id='word_1_252' title='bbox 994 3692 1125 3761; x_wconf 84' lang='grc' dir='ltr'>μίαν</span> <span class='ocrx_word' id='word_1_253' title='bbox 1147 3693 1261 3752; x_wconf 79' lang='grc' dir='ltr'>τοῖς</span> <span class='ocrx_word' id='word_1_254' title='bbox 1304 3690 1570 3750; x_wconf 88' lang='grc' dir='ltr'>ἐναντίοις</span> <span class='ocrx_word' id='word_1_255' title='bbox 1617 3689 1746 3757; x_wconf 81' lang='grc' dir='ltr'>φαί-</span> 
     </span>
    </p>
   </div>
   <div class='ocr_carea' id='block_1_36' title="bbox 164 3782 1747 3856">
    <p class='ocr_par' dir='ltr' id='par_1_36' title="bbox 164 3782 1747 3856">
     <span class='ocr_line' id='line_1_36' title="bbox 164 3782 1747 3856; baseline -0.003 -16"><span class='ocrx_word' id='word_1_256' title='bbox 164 3788 376 3841; x_wconf 78' lang='grc' dir='ltr'>νεσθαι.</span> <span class='ocrx_word' id='word_1_257' title='bbox 408 3788 574 3839; x_wconf 83' lang='grc' dir='ltr'>Ὅταν</span> <span class='ocrx_word' id='word_1_258' title='bbox 606 3786 664 3838; x_wconf 84' lang='grc' dir='ltr'>δὲ</span> <span class='ocrx_word' id='word_1_259' title='bbox 707 3786 814 3839; x_wconf 83' lang='grc' dir='ltr'><strong>άπὸ</strong></span> <span class='ocrx_word' id='word_1_260' title='bbox 846 3785 963 3849; x_wconf 76' lang='grc' dir='ltr'>ἐνὸς</span> <span class='ocrx_word' id='word_1_261' title='bbox 1002 3786 1079 3856; x_wconf 76' lang='lat'><strong>(3)</strong></span> <span class='ocrx_word' id='word_1_262' title='bbox 1107 3783 1288 3855; x_wconf 86' lang='grc' dir='ltr'>μιλίου</span> <span class='ocrx_word' id='word_1_263' title='bbox 1318 3782 1419 3851; x_wconf 80' lang='grc' dir='ltr'>τῆς</span> <span class='ocrx_word' id='word_1_264' title='bbox 1456 3783 1563 3835; x_wconf 87' lang='grc' dir='ltr'>τῶν</span> <span class='ocrx_word' id='word_1_265' title='bbox 1588 3783 1747 3836; x_wconf 87' lang='grc' dir='ltr'>πολε-</span> 
     </span>
    </p>
   </div>
   <div class='ocr_carea' id='block_1_37' title="bbox 169 3874 1750 3949">
    <p class='ocr_par' dir='ltr' id='par_1_37' title="bbox 169 3874 1750 3949">
     <span class='ocr_line' id='line_1_37' title="bbox 169 3874 1750 3949; baseline -0.004 -16"><span class='ocrx_word' id='word_1_266' title='bbox 169 3880 314 3949; x_wconf 82' lang='grc' dir='ltr'>μίων</span> <span class='ocrx_word' id='word_1_267' title='bbox 340 3879 566 3948; x_wconf 85' lang='grc' dir='ltr'>γένηται</span> <span class='ocrx_word' id='word_1_268' title='bbox 600 3876 963 3948; x_wconf 83' lang='grc' dir='ltr'>παρατάξεως</span> <span class='ocrx_word' id='word_1_269' title='bbox 980 3891 996 3907; x_wconf 77' lang='grc' dir='ltr'><strong>ο</strong></span> <span class='ocrx_word' id='word_1_270' title='bbox 1020 3876 1143 3929; x_wconf 89' lang='grc' dir='ltr'>τότε</span> <span class='ocrx_word' id='word_1_271' title='bbox 1166 3875 1265 3945; x_wconf 82' lang='grc' dir='ltr'><strong>τὴν</strong></span> <span class='ocrx_word' id='word_1_272' title='bbox 1281 3874 1539 3946; x_wconf 82' lang='grc' dir='ltr'>δευτέραν</span> <span class='ocrx_word' id='word_1_273' title='bbox 1572 3874 1750 3945; x_wconf 88' lang='grc' dir='ltr'>χρεὼν</span> 
     </span>
    </p>
   </div>
   <div class='ocr_carea' id='block_1_38' title="bbox 166 3966 1751 4040">
    <p class='ocr_par' dir='ltr' id='par_1_38' title="bbox 166 3966 1751 4040">
     <span class='ocr_line' id='line_1_38' title="bbox 166 3966 1751 4040; baseline -0.004 -15"><span class='ocrx_word' id='word_1_274' title='bbox 166 3970 293 4025; x_wconf 86' lang='grc' dir='ltr'>κατ’</span> <span class='ocrx_word' id='word_1_275' title='bbox 321 3971 500 4038; x_wconf 81' lang='grc' dir='ltr'>ὀλίγον</span> <span class='ocrx_word' id='word_1_276' title='bbox 525 3970 970 4040; x_wconf 77' lang='grc' dir='ltr'>ὲμὸραδύνουσαν</span> <span class='ocrx_word' id='word_1_277' title='bbox 990 3968 1245 4039; x_wconf 81' lang='grc' dir='ltr'>χωρίζειν</span> <span class='ocrx_word' id='word_1_278' title='bbox 1268 3966 1437 4036; x_wconf 84' lang='grc' dir='ltr'>αὐτὴν</span> <span class='ocrx_word' id='word_1_279' title='bbox 1468 3967 1570 4035; x_wconf 81' lang='grc' dir='ltr'><strong>τῆς</strong></span> <span class='ocrx_word' id='word_1_280' title='bbox 1601 3967 1751 4036; x_wconf 85' lang='grc' dir='ltr'>πρώ-</span> 
     </span>
    </p>
   </div>
   <div class='ocr_carea' id='block_1_39' title="bbox 165 4059 1750 4133">
    <p class='ocr_par' dir='ltr' id='par_1_39' title="bbox 165 4059 1750 4133">
     <span class='ocr_line' id='line_1_39' title="bbox 165 4059 1750 4133; baseline -0.005 -17"><span class='ocrx_word' id='word_1_281' title='bbox 165 4080 270 4133; x_wconf 88' lang='grc' dir='ltr'><strong>της</strong></span> <span class='ocrx_word' id='word_1_282' title='bbox 321 4063 383 4116; x_wconf 73' lang='grc' dir='ltr'><strong>τὸ</strong></span> <span class='ocrx_word' id='word_1_283' title='bbox 407 4064 699 4133; x_wconf 78' lang='grc' dir='ltr'>εἰρημένον</span> <span class='ocrx_word' id='word_1_284' title='bbox 722 4063 1020 4131; x_wconf 89' lang='grc' dir='ltr'>διάστημα,</span> <span class='ocrx_word' id='word_1_285' title='bbox 1047 4060 1141 4113; x_wconf 77' lang='grc' dir='ltr'><strong>καὶ</strong></span> <span class='ocrx_word' id='word_1_286' title='bbox 1169 4061 1249 4123; x_wconf 88' lang='grc' dir='ltr'><strong>είς</strong></span> <span class='ocrx_word' id='word_1_287' title='bbox 1279 4060 1341 4112; x_wconf 80' lang='grc' dir='ltr'><strong>τὸ</strong></span> <span class='ocrx_word' id='word_1_288' title='bbox 1388 4059 1520 4110; x_wconf 89' lang='grc' dir='ltr'>ίδιον</span> <span class='ocrx_word' id='word_1_289' title='bbox 1563 4061 1750 4127; x_wconf 78' lang='grc' dir='ltr'>σχῆμα</span> 
     </span>
    </p>
   </div>
   <div class='ocr_carea' id='block_1_40' title="bbox 166 4148 1750 4225">
    <p class='ocr_par' dir='ltr' id='par_1_40' title="bbox 166 4148 1750 4225">
     <span class='ocr_line' id='line_1_40' title="bbox 166 4148 1750 4225; baseline -0.005 -17"><span class='ocrx_word' id='word_1_290' title='bbox 166 4155 454 4225; x_wconf 81' lang='grc' dir='ltr'>καθιστᾷν,</span> <span class='ocrx_word' id='word_1_291' title='bbox 486 4154 626 4207; x_wconf 85' lang='grc' dir='ltr'>ὥστε</span> <span class='ocrx_word' id='word_1_292' title='bbox 656 4148 796 4206; x_wconf 85' lang='grc' dir='ltr'>είναι</span> <span class='ocrx_word' id='word_1_293' title='bbox 819 4153 1080 4222; x_wconf 86' lang='grc' dir='ltr'>δευτέραν</span> <span class='ocrx_word' id='word_1_294' title='bbox 1131 4150 1459 4223; x_wconf 61' lang='grc' dir='ltr'>παράταξιν</span> <span class='ocrx_word' id='word_1_295' title='bbox 1498 4149 1750 4202; x_wconf 78' lang='grc' dir='ltr'>ἐντεῦθεν</span> 
     </span>
    </p>
   </div>
   <div class='ocr_carea' id='block_1_41' title="bbox 166 4240 1750 4317">
    <p class='ocr_par' dir='ltr' id='par_1_41' title="bbox 166 4240 1750 4317">
     <span class='ocr_line' id='line_1_41' title="bbox 166 4240 1750 4317; baseline -0.004 -17"><span class='ocrx_word' id='word_1_296' title='bbox 166 4248 280 4317; x_wconf 77' lang='grc' dir='ltr'><strong>γὰρ</strong></span> <span class='ocrx_word' id='word_1_297' title='bbox 308 4250 423 4310; x_wconf 82' lang='grc' dir='ltr'>τοῖς</span> <span class='ocrx_word' id='word_1_298' title='bbox 446 4246 725 4316; x_wconf 85' lang='grc' dir='ltr'>πολεμίοις</span> <span class='ocrx_word' id='word_1_299' title='bbox 746 4246 848 4298; x_wconf 77' lang='grc' dir='ltr'><strong>οὐκ</strong></span> <span class='ocrx_word' id='word_1_300' title='bbox 875 4243 1186 4312; x_wconf 78' lang='grc' dir='ltr'>εΰγνωστος</span> <span class='ocrx_word' id='word_1_301' title='bbox 1221 4243 1329 4313; x_wconf 84' lang='grc' dir='ltr'><strong>πρὸ</strong></span> <span class='ocrx_word' id='word_1_302' title='bbox 1361 4240 1560 4295; x_wconf 80' lang='grc' dir='ltr'>πολλοῦ</span> <span class='ocrx_word' id='word_1_303' title='bbox 1589 4243 1622 4313; x_wconf 77' lang='grc' dir='ltr'>ἡ</span> <span class='ocrx_word' id='word_1_304' title='bbox 1650 4242 1750 4294; x_wconf 80' lang='grc' dir='ltr'>τά·</span> 
     </span>
    </p>
   </div>
   <div class='ocr_carea' id='block_1_42' title="bbox 167 4338 507 4406">
    <p class='ocr_par' dir='ltr' id='par_1_42' title="bbox 167 4338 507 4406">
     <span class='ocr_line' id='line_1_42' title="bbox 167 4338 507 4406; baseline 0.003 -15"><span class='ocrx_word' id='word_1_305' title='bbox 167 4338 251 4406; x_wconf 79' lang='grc' dir='ltr'><strong>ξις</strong></span> <span class='ocrx_word' id='word_1_306' title='bbox 266 4338 507 4406; x_wconf 86' lang='grc' dir='ltr'>γίνεται.</span> 
     </span>
    </p>
   </div>
   <div class='ocr_carea' id='block_1_43' title="bbox 239 4419 1749 4497">
    <p class='ocr_par' dir='ltr' id='par_1_43' title="bbox 239 4419 1749 4497">
     <span class='ocr_line' id='line_1_43' title="bbox 239 4419 1749 4497; baseline -0.005 -16"><span class='ocrx_word' id='word_1_307' title='bbox 239 4425 308 4492; x_wconf 83' lang='grc' dir='ltr'><strong>ζ’.</strong></span> <span class='ocrx_word' id='word_1_308' title='bbox 338 4428 382 4479; x_wconf 87' lang='grc' dir='ltr'>Τ</span> <span class='ocrx_word' id='word_1_309' title='bbox 388 4428 450 4490; x_wconf 77' lang='grc' dir='ltr'>ὰς</span> <span class='ocrx_word' id='word_1_310' title='bbox 502 4426 558 4479; x_wconf 79' lang='grc' dir='ltr'>δὲ</span> <span class='ocrx_word' id='word_1_311' title='bbox 613 4425 993 4497; x_wconf 81' lang='grc' dir='ltr'>ὑποχωρήσεις</span> <span class='ocrx_word' id='word_1_312' title='bbox 1040 4423 1135 4477; x_wconf 78' lang='grc' dir='ltr'>καὶ</span> <span class='ocrx_word' id='word_1_313' title='bbox 1176 4422 1357 4492; x_wconf 78' lang='grc' dir='ltr'>φυγὰς</span> <span class='ocrx_word' id='word_1_314' title='bbox 1391 4420 1502 4475; x_wconf 86' lang='grc' dir='ltr'>τῶν</span> <span class='ocrx_word' id='word_1_315' title='bbox 1537 4419 1749 4493; x_wconf 77' lang='grc' dir='ltr'>ἐχθρῶν</span> 
     </span>
    </p>
   </div>
   <div class='ocr_carea' id='block_1_44' title="bbox 1199 463 2370 530">
    <p class='ocr_par' dir='ltr' id='par_1_44' title="bbox 1199 463 2370 530">
     <span class='ocr_line' id='line_1_44' title="bbox 1199 463 2370 530; baseline 0.006 -8"><span class='ocrx_word' id='word_1_316' title='bbox 1199 463 1534 526; x_wconf 68' lang='lat' dir='ltr'><strong>TAC’I‘ICA.</strong></span> <span class='ocrx_word' id='word_1_317' title='bbox 1571 492 1637 503; x_wconf 87' lang='lat'><strong>--</strong></span> <span class='ocrx_word' id='word_1_318' title='bbox 1674 465 2180 529; x_wconf 64' lang='lat' dir='ltr'><strong>CONSTITUTiO</strong></span> <span class='ocrx_word' id='word_1_319' title='bbox 2218 472 2370 530; x_wconf 75' lang='lat' dir='ltr'><strong>XIV.</strong></span> 
     </span>
    </p>
   </div>
   <div class='ocr_carea' id='block_1_45' title="bbox 156 567 1746 657">
    <p class='ocr_par' dir='ltr' id='par_1_45' title="bbox 156 567 1737 645">
     <span class='ocr_line' id='line_1_45' title="bbox 156 567 1737 645; baseline 0.006 -25"><span class='ocrx_word' id='word_1_320' title='bbox 156 570 244 621; x_wconf 79' lang='grc' dir='ltr'><strong>ίνα</strong></span> <span class='ocrx_word' id='word_1_321' title='bbox 286 568 364 639; x_wconf 73' lang='grc' dir='ltr'>μὴ</span> <span class='ocrx_word' id='word_1_322' title='bbox 388 567 467 637; x_wconf 83' lang='grc' dir='ltr'>τῷ</span> <span class='ocrx_word' id='word_1_323' title='bbox 490 568 669 640; x_wconf 88' lang='grc' dir='ltr'>πολλῷ</span> <span class='ocrx_word' id='word_1_324' title='bbox 714 570 868 639; x_wconf 85' lang='grc' dir='ltr'>κόπῳ</span> <span class='ocrx_word' id='word_1_325' title='bbox 908 569 999 623; x_wconf 79' lang='grc' dir='ltr'><strong>καὶ</strong></span> <span class='ocrx_word' id='word_1_326' title='bbox 1025 572 1091 642; x_wconf 81' lang='grc' dir='ltr'>τῇ</span> <span class='ocrx_word' id='word_1_327' title='bbox 1125 574 1386 645; x_wconf 72' lang='grc' dir='ltr'>συντριϐῇ</span> <span class='ocrx_word' id='word_1_328' title='bbox 1425 575 1535 629; x_wconf 85' lang='grc' dir='ltr'><strong>τῶν</strong></span> <span class='ocrx_word' id='word_1_329' title='bbox 1566 576 1737 645; x_wconf 85' lang='grc' dir='ltr'>ἀναγ-</span> 
     </span>
    </p>
   </div>
   <div class='ocr_carea' id='block_1_46' title="bbox 1848 567 3425 657">
    <p class='ocr_par' dir='ltr' id='par_1_46' title="bbox 1848 578 3425 657">
     <span class='ocr_line' id='line_1_46' title="bbox 1848 578 3425 657; baseline 0.01 -27"><span class='ocrx_word' id='word_1_330' title='bbox 1848 578 2085 633; x_wconf 86' lang='lat' dir='ltr'><strong>situdiue</strong></span> <span class='ocrx_word' id='word_1_331' title='bbox 2122 596 2183 635; x_wconf 90' lang='lat' dir='ltr'><strong>ac</strong></span> <span class='ocrx_word' id='word_1_332' title='bbox 2234 582 2650 649; x_wconf 84' lang='lat' dir='ltr'><strong>perturbatione</strong></span> <span class='ocrx_word' id='word_1_333' title='bbox 2700 586 2883 657; x_wconf 78' lang='lat' dir='ltr'><strong>aliqua</strong></span> <span class='ocrx_word' id='word_1_334' title='bbox 2936 602 3118 641; x_wconf 87' lang='lat' dir='ltr'><strong>rerum</strong></span> <span class='ocrx_word' id='word_1_335' title='bbox 3168 603 3425 644; x_wconf 78' lang='lat' dir='ltr'><strong>necessa-</strong></span> 
     </span>
    </p>
   </div>
   <div class='ocr_carea' id='block_1_47' title="bbox 3315 476 3423 540">
    <p class='ocr_par' dir='ltr' id='par_1_47' title="bbox 3315 476 3423 540">
     <span class='ocr_line' id='line_1_47' title="bbox 3315 476 3423 540; baseline 0.019 -2"><span class='ocrx_word' id='word_1_336' title='bbox 3315 476 3423 540; x_wconf 77' lang='lat'><strong>850</strong></span> 
     </span>
    </p>
   </div>
   <div class='ocr_carea' id='block_1_48' title="bbox 1841 671 3428 745">
    <p class='ocr_par' dir='ltr' id='par_1_48' title="bbox 1841 671 3428 745">
     <span class='ocr_line' id='line_1_48' title="bbox 1841 671 3428 745; baseline 0.009 -22"><span class='ocrx_word' id='word_1_337' title='bbox 1841 671 2049 723; x_wconf 88' lang='lat' dir='ltr'><strong>riarum</strong></span> <span class='ocrx_word' id='word_1_338' title='bbox 2098 672 2470 738; x_wconf 74' lang='lat' dir='ltr'><strong>obliviscaris,</strong></span> <span class='ocrx_word' id='word_1_339' title='bbox 2513 690 2690 745; x_wconf 86' lang='lat' dir='ltr'><strong>neque</strong></span> <span class='ocrx_word' id='word_1_340' title='bbox 2738 694 2868 733; x_wconf 85' lang='lat' dir='ltr'><strong>cura</strong></span> <span class='ocrx_word' id='word_1_341' title='bbox 2925 690 3013 734; x_wconf 89' lang='lat' dir='ltr'><strong>aut</strong></span> <span class='ocrx_word' id='word_1_342' title='bbox 3057 681 3428 737; x_wconf 85' lang='lat' dir='ltr'><strong>sollicitudine</strong></span> 
     </span>
    </p>
   </div>
   <div class='ocr_carea' id='block_1_49' title="bbox 1841 768 3425 838">
    <p class='ocr_par' dir='ltr' id='par_1_49' title="bbox 1841 768 3425 838">
     <span class='ocr_line' id='line_1_49' title="bbox 1841 768 3425 838; baseline 0.003 -20"><span class='ocrx_word' id='word_1_343' title='bbox 1841 768 2213 829; x_wconf 76' lang='lat' dir='ltr'><strong>cxcrucieris,</strong></span> <span class='ocrx_word' id='word_1_344' title='bbox 2284 769 2378 822; x_wconf 89' lang='lat' dir='ltr'><strong>sed</strong></span> <span class='ocrx_word' id='word_1_345' title='bbox 2450 778 2677 824; x_wconf 80' lang='lat' dir='ltr'><strong>strenue</strong></span> <span class='ocrx_word' id='word_1_346' title='bbox 2728 780 2891 838; x_wconf 85' lang='lat' dir='ltr'><strong>atque</strong></span> <span class='ocrx_word' id='word_1_347' title='bbox 2954 772 3211 829; x_wconf 72' lang='lat' dir='ltr'><strong>alacriter</strong></span> <span class='ocrx_word' id='word_1_348' title='bbox 3257 771 3425 826; x_wconf 78' lang='lat' dir='ltr'><strong>aci‘eni</strong></span> 
     </span>
    </p>
   </div>
   <div class='ocr_carea' id='block_1_50' title="bbox 1842 860 3424 923">
    <p class='ocr_par' dir='ltr' id='par_1_50' title="bbox 1842 860 3424 923">
     <span class='ocr_line' id='line_1_50' title="bbox 1842 860 3424 923; baseline 0.005 -15"><span class='ocrx_word' id='word_1_349' title='bbox 1842 863 2112 923; x_wconf 88' lang='lat' dir='ltr'><strong>transeas,</strong></span> <span class='ocrx_word' id='word_1_350' title='bbox 2159 866 2214 912; x_wconf 87' lang='lat' dir='ltr'><strong>et</strong></span> <span class='ocrx_word' id='word_1_351' title='bbox 2245 860 2495 914; x_wconf 81' lang='lat' dir='ltr'><strong>oratione</strong></span> <span class='ocrx_word' id='word_1_352' title='bbox 2529 868 2621 913; x_wconf 89' lang='lat' dir='ltr'><strong>tua</strong></span> <span class='ocrx_word' id='word_1_353' title='bbox 2649 862 2894 914; x_wconf 91' lang='lat' dir='ltr'><strong>omnium</strong></span> <span class='ocrx_word' id='word_1_354' title='bbox 2937 862 3152 917; x_wconf 90' lang='lat' dir='ltr'><strong>animos</strong></span> <span class='ocrx_word' id='word_1_355' title='bbox 3192 862 3424 916; x_wconf 79' lang='lat' dir='ltr'><strong>excites.</strong></span> 
     </span>
    </p>
   </div>
   <div class='ocr_carea' id='block_1_51' title="bbox 1913 1052 3430 1125">
    <p class='ocr_par' dir='ltr' id='par_1_51' title="bbox 1913 1052 3430 1125">
     <span class='ocr_line' id='line_1_51' title="bbox 1913 1052 3430 1125; baseline 0.004 -17"><span class='ocrx_word' id='word_1_356' title='bbox 1913 1054 1967 1108; x_wconf 79' lang='lat'><strong>3.</strong></span> <span class='ocrx_word' id='word_1_357' title='bbox 2010 1052 2198 1125; x_wconf 86' lang='lat' dir='ltr'><strong>Neque</strong></span> <span class='ocrx_word' id='word_1_358' title='bbox 2250 1054 2399 1110; x_wconf 89' lang='lat' dir='ltr'><strong>enim</strong></span> <span class='ocrx_word' id='word_1_359' title='bbox 2448 1057 2702 1111; x_wconf 89' lang='lat' dir='ltr'><strong>manibus</strong></span> <span class='ocrx_word' id='word_1_360' title='bbox 2760 1058 3032 1113; x_wconf 85' lang='lat' dir='ltr'><strong>consertis</strong></span> <span class='ocrx_word' id='word_1_361' title='bbox 3088 1073 3214 1112; x_wconf 90' lang='lat' dir='ltr'><strong>cum</strong></span> <span class='ocrx_word' id='word_1_362' title='bbox 3271 1058 3430 1115; x_wconf 87' lang='lat' dir='ltr'><strong>hoste</strong></span> 
     </span>
    </p>
   </div>
   <div class='ocr_carea' id='block_1_52' title="bbox 1843 1144 3431 1219">
    <p class='ocr_par' dir='ltr' id='par_1_52' title="bbox 1843 1144 3431 1219">
     <span class='ocr_line' id='line_1_52' title="bbox 1843 1144 3431 1219; baseline 0.004 -21"><span class='ocrx_word' id='word_1_363' title='bbox 1843 1144 2136 1216; x_wconf 81' lang='lat' dir='ltr'><strong>conﬂigere</strong></span> <span class='ocrx_word' id='word_1_364' title='bbox 2195 1148 2551 1217; x_wconf 75' lang='lat' dir='ltr'><strong>imperatoris</strong></span> <span class='ocrx_word' id='word_1_365' title='bbox 2604 1159 2709 1213; x_wconf 88' lang='lat' dir='ltr'><strong>est,</strong></span> <span class='ocrx_word' id='word_1_366' title='bbox 2765 1148 2862 1203; x_wconf 90' lang='lat' dir='ltr'><strong>sed</strong></span> <span class='ocrx_word' id='word_1_367' title='bbox 2919 1164 3039 1217; x_wconf 75' lang='lat' dir='ltr'><strong>quze</strong></span> <span class='ocrx_word' id='word_1_368' title='bbox 3093 1148 3239 1205; x_wconf 84' lang='lat' dir='ltr'><strong>facto</strong></span> <span class='ocrx_word' id='word_1_369' title='bbox 3288 1166 3431 1219; x_wconf 90' lang='lat' dir='ltr'><strong>opus</strong></span> 
     </span>
    </p>
   </div>
   <div class='ocr_carea' id='block_1_53' title="bbox 1844 1238 3428 1308">
    <p class='ocr_par' dir='ltr' id='par_1_53' title="bbox 1844 1238 3428 1308">
     <span class='ocr_line' id='line_1_53' title="bbox 1844 1238 3428 1308; baseline 0.002 -15"><span class='ocrx_word' id='word_1_370' title='bbox 1844 1247 1973 1293; x_wconf 90' lang='lat' dir='ltr'><strong>sunt</strong></span> <span class='ocrx_word' id='word_1_371' title='bbox 2030 1240 2345 1308; x_wconf 84' lang='lat' dir='ltr'><strong>providere,</strong></span> <span class='ocrx_word' id='word_1_372' title='bbox 2415 1250 2471 1294; x_wconf 89' lang='lat' dir='ltr'><strong>et</strong></span> <span class='ocrx_word' id='word_1_373' title='bbox 2533 1238 2844 1307; x_wconf 74' lang='lat' dir='ltr'><strong>idoneolin</strong></span> <span class='ocrx_word' id='word_1_374' title='bbox 2908 1241 3028 1293; x_wconf 91' lang='lat' dir='ltr'><strong>loco</strong></span> <span class='ocrx_word' id='word_1_375' title='bbox 3085 1252 3274 1305; x_wconf 89' lang='lat' dir='ltr'><strong>stare,</strong></span> <span class='ocrx_word' id='word_1_376' title='bbox 3334 1243 3428 1296; x_wconf 91' lang='lat' dir='ltr'><strong>ubi</strong></span> 
     </span>
    </p>
   </div>
   <div class='ocr_carea' id='block_1_54' title="bbox 1843 1330 3430 1402">
    <p class='ocr_par' dir='ltr' id='par_1_54' title="bbox 1843 1330 3430 1402">
     <span class='ocr_line' id='line_1_54' title="bbox 1843 1330 3430 1402; baseline 0.003 -19"><span class='ocrx_word' id='word_1_377' title='bbox 1843 1331 2091 1397; x_wconf 77' lang='lat' dir='ltr'><strong>aspicere</strong></span> <span class='ocrx_word' id='word_1_378' title='bbox 2133 1330 2457 1387; x_wconf 81' lang='lat' dir='ltr'><strong>dimicantes</strong></span> <span class='ocrx_word' id='word_1_379' title='bbox 2494 1331 2691 1402; x_wconf 90' lang='lat' dir='ltr'><strong>possit,</strong></span> <span class='ocrx_word' id='word_1_380' title='bbox 2743 1342 2797 1387; x_wconf 89' lang='lat' dir='ltr'><strong>et</strong></span> <span class='ocrx_word' id='word_1_381' title='bbox 2827 1333 3041 1387; x_wconf 85' lang='lat' dir='ltr'><strong>solutos</strong></span> <span class='ocrx_word' id='word_1_382' title='bbox 3087 1333 3430 1402; x_wconf 81' lang='lat' dir='ltr'><strong>ignavosque</strong></span> 
     </span>
    </p>
   </div>
   <div class='ocr_carea' id='block_1_55' title="bbox 1845 1420 3434 1491">
    <p class='ocr_par' dir='ltr' id='par_1_55' title="bbox 1845 1420 3434 1491">
     <span class='ocr_line' id='line_1_55' title="bbox 1845 1420 3434 1491; baseline 0.001 -18"><span class='ocrx_word' id='word_1_383' title='bbox 1845 1420 2035 1474; x_wconf 87' lang='lat' dir='ltr'><strong>incitet</strong></span> <span class='ocrx_word' id='word_1_384' title='bbox 2084 1421 2150 1473; x_wconf 81' lang='lat' dir='ltr'><strong>ad</strong></span> <span class='ocrx_word' id='word_1_385' title='bbox 2192 1422 2448 1475; x_wconf 85' lang='lat' dir='ltr'><strong>alacriter</strong></span> <span class='ocrx_word' id='word_1_386' title='bbox 2506 1424 2708 1476; x_wconf 85' lang='lat' dir='ltr'><strong>bellum</strong></span> <span class='ocrx_word' id='word_1_387' title='bbox 2759 1423 3097 1491; x_wconf 75' lang='lat' dir='ltr'><strong>gerendum,</strong></span> <span class='ocrx_word' id='word_1_388' title='bbox 3138 1433 3300 1491; x_wconf 86' lang='lat' dir='ltr'><strong>atque</strong></span> <span class='ocrx_word' id='word_1_389' title='bbox 3351 1422 3434 1475; x_wconf 82' lang='lat' dir='ltr'><strong>af-</strong></span> 
     </span>
    </p>
   </div>
   <div class='ocr_carea' id='block_1_56' title="bbox 1843 1511 3431 1585">
    <p class='ocr_par' dir='ltr' id='par_1_56' title="bbox 1843 1511 3431 1585">
     <span class='ocr_line' id='line_1_56' title="bbox 1843 1511 3431 1585; baseline 0.004 -21"><span class='ocrx_word' id='word_1_390' title='bbox 1843 1511 2003 1564; x_wconf 76' lang='lat' dir='ltr'><strong>flictae</strong></span> <span class='ocrx_word' id='word_1_391' title='bbox 2038 1512 2176 1581; x_wconf 83' lang='lat' dir='ltr'><strong>parti</strong></span> <span class='ocrx_word' id='word_1_392' title='bbox 2218 1514 2435 1569; x_wconf 88' lang='lat' dir='ltr'><strong>studeat</strong></span> <span class='ocrx_word' id='word_1_393' title='bbox 2466 1514 2730 1569; x_wconf 82' lang='lat' dir='ltr'><strong>subsidiis</strong></span> <span class='ocrx_word' id='word_1_394' title='bbox 2757 1516 2897 1585; x_wconf 84' lang='lat' dir='ltr'><strong>suis,</strong></span> <span class='ocrx_word' id='word_1_395' title='bbox 2938 1513 2989 1565; x_wconf 83' lang='lat' dir='ltr'><strong>id</strong></span> <span class='ocrx_word' id='word_1_396' title='bbox 3021 1523 3107 1567; x_wconf 84' lang='lat' dir='ltr'><strong>est</strong></span> <span class='ocrx_word' id='word_1_397' title='bbox 3162 1515 3431 1570; x_wconf 83' lang='lat' dir='ltr'><strong>lateranis</strong></span> 
     </span>
    </p>
   </div>
   <div class='ocr_carea' id='block_1_57' title="bbox 1843 1605 2725 1676">
    <p class='ocr_par' dir='ltr' id='par_1_57' title="bbox 1843 1605 2725 1676">
     <span class='ocr_line' id='line_1_57' title="bbox 1843 1605 2725 1676; baseline 0.001 -18"><span class='ocrx_word' id='word_1_398' title='bbox 1843 1610 1898 1658; x_wconf 86' lang='lat' dir='ltr'><strong>et</strong></span> <span class='ocrx_word' id='word_1_399' title='bbox 1950 1605 2330 1675; x_wconf 73' lang='lat' dir='ltr'><strong>tergistitibus,</strong></span> <span class='ocrx_word' id='word_1_400' title='bbox 2361 1621 2522 1676; x_wconf 90' lang='lat' dir='ltr'><strong>opem</strong></span> <span class='ocrx_word' id='word_1_401' title='bbox 2561 1605 2725 1661; x_wconf 80' lang='lat' dir='ltr'><strong>ferre.</strong></span> 
     </span>
    </p>
   </div>
   <div class='ocr_carea' id='block_1_58' title="bbox 1914 1780 3431 1853">
    <p class='ocr_par' dir='ltr' id='par_1_58' title="bbox 1914 1780 3431 1853">
     <span class='ocr_line' id='line_1_58' title="bbox 1914 1780 3431 1853; baseline 0.003 -19"><span class='ocrx_word' id='word_1_402' title='bbox 1914 1780 1968 1836; x_wconf 78' lang='lat'><strong>4.</strong></span> <span class='ocrx_word' id='word_1_403' title='bbox 2013 1781 2072 1835; x_wconf 89' lang='lat' dir='ltr'><strong>Si</strong></span> <span class='ocrx_word' id='word_1_404' title='bbox 2107 1782 2400 1842; x_wconf 89' lang='lat' dir='ltr'><strong>adversum</strong></span> <span class='ocrx_word' id='word_1_405' title='bbox 2448 1782 2770 1853; x_wconf 76' lang='lat' dir='ltr'><strong>sagittarios</strong></span> <span class='ocrx_word' id='word_1_406' title='bbox 2822 1782 3025 1838; x_wconf 85' lang='lat' dir='ltr'><strong>bellum</strong></span> <span class='ocrx_word' id='word_1_407' title='bbox 3080 1783 3259 1853; x_wconf 87' lang='lat' dir='ltr'><strong>copiis</strong></span> <span class='ocrx_word' id='word_1_408' title='bbox 3317 1783 3431 1838; x_wconf 87' lang='lat' dir='ltr'><strong>tuis</strong></span> 
     </span>
    </p>
   </div>
   <div class='ocr_carea' id='block_1_59' title="bbox 1848 1872 3431 1946">
    <p class='ocr_par' dir='ltr' id='par_1_59' title="bbox 1848 1872 3431 1946">
     <span class='ocr_line' id='line_1_59' title="bbox 1848 1872 3431 1946; baseline 0.001 -18"><span class='ocrx_word' id='word_1_409' title='bbox 1848 1872 2262 1944; x_wconf 86' lang='lat' dir='ltr'><strong>suscipiendum</strong></span> <span class='ocrx_word' id='word_1_410' title='bbox 2320 1875 2447 1939; x_wconf 89' lang='lat' dir='ltr'><strong>erit,</strong></span> <span class='ocrx_word' id='word_1_411' title='bbox 2500 1875 2743 1929; x_wconf 90' lang='lat' dir='ltr'><strong>locorum</strong></span> <span class='ocrx_word' id='word_1_412' title='bbox 2781 1877 3107 1946; x_wconf 83' lang='lat' dir='ltr'><strong>asperitates</strong></span> <span class='ocrx_word' id='word_1_413' title='bbox 3163 1884 3217 1930; x_wconf 88' lang='lat' dir='ltr'><strong>et</strong></span> <span class='ocrx_word' id='word_1_414' title='bbox 3267 1875 3431 1946; x_wconf 86' lang='lat' dir='ltr'><strong>pedes</strong></span> 
     </span>
    </p>
   </div>
   <div class='ocr_carea' id='block_1_60' title="bbox 1852 1966 3428 2037">
    <p class='ocr_par' dir='ltr' id='par_1_60' title="bbox 1852 1966 3428 2037">
     <span class='ocr_line' id='line_1_60' title="bbox 1852 1966 3428 2037; baseline -0.002 -16"><span class='ocrx_word' id='word_1_415' title='bbox 1852 1968 2134 2035; x_wconf 88' lang='lat' dir='ltr'><strong>lateraque</strong></span> <span class='ocrx_word' id='word_1_416' title='bbox 2191 1966 2461 2021; x_wconf 88' lang='lat' dir='ltr'><strong>montium</strong></span> <span class='ocrx_word' id='word_1_417' title='bbox 2501 1967 2819 2037; x_wconf 85' lang='lat' dir='ltr'><strong>primosque</strong></span> <span class='ocrx_word' id='word_1_418' title='bbox 2851 1982 3192 2022; x_wconf 89' lang='lat' dir='ltr'><strong>conscensus</strong></span> <span class='ocrx_word' id='word_1_419' title='bbox 3223 1966 3428 2029; x_wconf 88' lang='lat' dir='ltr'><strong>devita,</strong></span> 
     </span>
    </p>
   </div>
   <div class='ocr_carea' id='block_1_61' title="bbox 1843 2056 3424 2128">
    <p class='ocr_par' dir='ltr' id='par_1_61' title="bbox 1843 2056 3424 2128">
     <span class='ocr_line' id='line_1_61' title="bbox 1843 2056 3424 2128; baseline -0.001 -15"><span class='ocrx_word' id='word_1_420' title='bbox 1843 2067 1899 2114; x_wconf 90' lang='lat' dir='ltr'><strong>et</strong></span> <span class='ocrx_word' id='word_1_421' title='bbox 1941 2059 1983 2111; x_wconf 93' lang='lat' dir='ltr'><strong>si</strong></span> <span class='ocrx_word' id='word_1_422' title='bbox 2040 2056 2156 2111; x_wconf 82' lang='lat' dir='ltr'><strong>ﬁeri</strong></span> <span class='ocrx_word' id='word_1_423' title='bbox 2215 2059 2411 2127; x_wconf 88' lang='lat' dir='ltr'><strong>possit,</strong></span> <span class='ocrx_word' id='word_1_424' title='bbox 2459 2073 2806 2128; x_wconf 84' lang='lat' dir='ltr'><strong>nequaquam</strong></span> <span class='ocrx_word' id='word_1_425' title='bbox 2860 2061 2913 2111; x_wconf 93' lang='lat' dir='ltr'><strong>in</strong></span> <span class='ocrx_word' id='word_1_426' title='bbox 2964 2074 3027 2112; x_wconf 91' lang='lat' dir='ltr'><strong>ea</strong></span> <span class='ocrx_word' id='word_1_427' title='bbox 3083 2067 3239 2128; x_wconf 89' lang='lat' dir='ltr'><strong>parte</strong></span> <span class='ocrx_word' id='word_1_428' title='bbox 3290 2074 3424 2112; x_wconf 87' lang='lat' dir='ltr'><strong>con-</strong></span> 
     </span>
    </p>
   </div>
   <div class='ocr_carea' id='block_1_62' title="bbox 1845 2153 3433 2226">
    <p class='ocr_par' dir='ltr' id='par_1_62' title="bbox 1845 2153 3433 2226">
     <span class='ocr_line' id='line_1_62' title="bbox 1845 2153 3433 2226; baseline 0.003 -19"><span class='ocrx_word' id='word_1_429' title='bbox 1845 2153 2023 2224; x_wconf 82' lang='lat' dir='ltr'><strong>ﬂigas,</strong></span> <span class='ocrx_word' id='word_1_430' title='bbox 2058 2162 2113 2207; x_wconf 90' lang='lat' dir='ltr'><strong>et</strong></span> <span class='ocrx_word' id='word_1_431' title='bbox 2148 2153 2230 2206; x_wconf 84' lang='lat' dir='ltr'><strong>vel</strong></span> <span class='ocrx_word' id='word_1_432' title='bbox 2266 2153 2322 2206; x_wconf 90' lang='lat' dir='ltr'><strong>in</strong></span> <span class='ocrx_word' id='word_1_433' title='bbox 2353 2154 2575 2208; x_wconf 86' lang='lat' dir='ltr'><strong>editiori</strong></span> <span class='ocrx_word' id='word_1_434' title='bbox 2609 2166 2765 2226; x_wconf 87' lang='lat' dir='ltr'><strong>parte.</strong></span> <span class='ocrx_word' id='word_1_435' title='bbox 2820 2155 3024 2211; x_wconf 89' lang='lat' dir='ltr'><strong>montis</strong></span> <span class='ocrx_word' id='word_1_436' title='bbox 3072 2155 3262 2222; x_wconf 84' lang='lat' dir='ltr'><strong>capias</strong></span> <span class='ocrx_word' id='word_1_437' title='bbox 3310 2165 3433 2211; x_wconf 87' lang='lat' dir='ltr'><strong>tuas</strong></span> 
     </span>
    </p>
   </div>
   <div class='ocr_carea' id='block_1_63' title="bbox 1844 2230 3507 2317">
    <p class='ocr_par' dir='ltr' id='par_1_63' title="bbox 1844 2230 3507 2317">
     <span class='ocr_line' id='line_1_63' title="bbox 1844 2230 3507 2317; baseline -0.002 -13"><span class='ocrx_word' id='word_1_438' title='bbox 1844 2250 2047 2313; x_wconf 87' lang='lat' dir='ltr'><strong>locato,</strong></span> <span class='ocrx_word' id='word_1_439' title='bbox 2100 2246 2183 2299; x_wconf 88' lang='lat' dir='ltr'><strong>vel</strong></span> <span class='ocrx_word' id='word_1_440' title='bbox 2237 2245 2461 2299; x_wconf 91' lang='lat' dir='ltr'><strong>omnino</strong></span> <span class='ocrx_word' id='word_1_441' title='bbox 2494 2262 2522 2300; x_wconf 91' lang='lat' dir='ltr'><strong>a</strong></span> <span class='ocrx_word' id='word_1_442' title='bbox 2572 2258 2759 2304; x_wconf 90' lang='lat' dir='ltr'><strong>monte</strong></span> <span class='ocrx_word' id='word_1_443' title='bbox 2787 2249 3038 2310; x_wconf 86' lang='lat' dir='ltr'><strong>recedas,</strong></span> <span class='ocrx_word' id='word_1_444' title='bbox 3069 2255 3121 2303; x_wconf 91' lang='lat' dir='ltr'><strong>et</strong></span> <span class='ocrx_word' id='word_1_445' title='bbox 3154 2249 3208 2303; x_wconf 91' lang='lat' dir='ltr'><strong>in</strong></span> <span class='ocrx_word' id='word_1_446' title='bbox 3239 2263 3425 2317; x_wconf 72' lang='lat' dir='ltr'><strong>tequa-</strong></span> <span class='ocrx_word' id='word_1_447' title='bbox 3492 2230 3507 2241; x_wconf 65' lang='grc'><strong><em>’</em></strong></span> 
     </span>
    </p>
   </div>
   <div class='ocr_carea' id='block_1_64' title="bbox 1846 2335 3431 2406">
    <p class='ocr_par' dir='ltr' id='par_1_64' title="bbox 1846 2335 3431 2406">
     <span class='ocr_line' id='line_1_64' title="bbox 1846 2335 3431 2406; baseline 0 -15"><span class='ocrx_word' id='word_1_448' title='bbox 1846 2336 2028 2391; x_wconf 88' lang='lat' dir='ltr'><strong>biliori</strong></span> <span class='ocrx_word' id='word_1_449' title='bbox 2083 2336 2205 2392; x_wconf 91' lang='lat' dir='ltr'><strong>loco</strong></span> <span class='ocrx_word' id='word_1_450' title='bbox 2260 2335 2550 2406; x_wconf 81' lang='lat' dir='ltr'><strong>magisque</strong></span> <span class='ocrx_word' id='word_1_451' title='bbox 2608 2337 2774 2406; x_wconf 89' lang='lat' dir='ltr'><strong>plano</strong></span> <span class='ocrx_word' id='word_1_452' title='bbox 2819 2338 2990 2391; x_wconf 87' lang='lat' dir='ltr'><strong>aciem</strong></span> <span class='ocrx_word' id='word_1_453' title='bbox 3048 2338 3314 2397; x_wconf 84' lang='lat' dir='ltr'><strong>instruas.</strong></span> <span class='ocrx_word' id='word_1_454' title='bbox 3372 2347 3431 2391; x_wconf 86' lang='lat' dir='ltr'><strong>ut</strong></span> 
     </span>
    </p>
   </div>
   <div class='ocr_carea' id='block_1_65' title="bbox 1850 2428 3435 2490">
    <p class='ocr_par' dir='ltr' id='par_1_65' title="bbox 1850 2428 3435 2490">
     <span class='ocr_line' id='line_1_65' title="bbox 1850 2428 3435 2490; baseline -0.001 -8"><span class='ocrx_word' id='word_1_455' title='bbox 1850 2444 1916 2482; x_wconf 87' lang='lat' dir='ltr'><strong>ne</strong></span> <span class='ocrx_word' id='word_1_456' title='bbox 1964 2428 2155 2483; x_wconf 82' lang='lat' dir='ltr'><strong>hostes</strong></span> <span class='ocrx_word' id='word_1_457' title='bbox 2193 2428 2428 2483; x_wconf 83' lang='lat' dir='ltr'><strong>insidias</strong></span> <span class='ocrx_word' id='word_1_458' title='bbox 2462 2428 2772 2490; x_wconf 82' lang='lat' dir='ltr'><strong>molientes,</strong></span> <span class='ocrx_word' id='word_1_459' title='bbox 2821 2443 2883 2482; x_wconf 81' lang='lat' dir='ltr'><strong>ex</strong></span> <span class='ocrx_word' id='word_1_460' title='bbox 2914 2428 3278 2482; x_wconf 78' lang='lat' dir='ltr'><strong>eminentiore</strong></span> <span class='ocrx_word' id='word_1_461' title='bbox 3312 2428 3435 2482; x_wconf 88' lang='lat' dir='ltr'><strong>loco</strong></span> 
     </span>
    </p>
   </div>
   <div class='ocr_carea' id='block_1_66' title="bbox 1848 2519 2401 2575">
    <p class='ocr_par' dir='ltr' id='par_1_66' title="bbox 1848 2519 2401 2575">
     <span class='ocr_line' id='line_1_66' title="bbox 1848 2519 2401 2575; baseline 0.002 -2"><span class='ocrx_word' id='word_1_462' title='bbox 1848 2519 1904 2574; x_wconf 92' lang='lat' dir='ltr'><strong>in</strong></span> <span class='ocrx_word' id='word_1_463' title='bbox 1956 2534 2055 2575; x_wconf 85' lang='lat' dir='ltr'><strong>vos</strong></span> <span class='ocrx_word' id='word_1_464' title='bbox 2115 2521 2401 2575; x_wconf 85' lang='lat' dir='ltr'><strong>invadant.</strong></span> 
     </span>
    </p>
   </div>
   <div class='ocr_carea' id='block_1_67' title="bbox 1914 2698 3436 2769">
    <p class='ocr_par' dir='ltr' id='par_1_67' title="bbox 1914 2698 3436 2769">
     <span class='ocr_line' id='line_1_67' title="bbox 1914 2698 3436 2769; baseline -0.003 -12"><span class='ocrx_word' id='word_1_465' title='bbox 1914 2702 1969 2757; x_wconf 84' lang='lat'><strong>5.</strong></span> <span class='ocrx_word' id='word_1_466' title='bbox 2009 2701 2121 2756; x_wconf 86' lang='lat' dir='ltr'><strong>Nee</strong></span> <span class='ocrx_word' id='word_1_467' title='bbox 2166 2717 2297 2756; x_wconf 75' lang='lat' dir='ltr'><strong>vero</strong></span> <span class='ocrx_word' id='word_1_468' title='bbox 2330 2716 2453 2756; x_wconf 88' lang='lat' dir='ltr'><strong>cum</strong></span> <span class='ocrx_word' id='word_1_469' title='bbox 2500 2700 2743 2754; x_wconf 82' lang='lat' dir='ltr'><strong>hostium</strong></span> <span class='ocrx_word' id='word_1_470' title='bbox 2795 2698 2914 2754; x_wconf 90' lang='lat' dir='ltr'><strong>acie</strong></span> <span class='ocrx_word' id='word_1_471' title='bbox 2966 2698 3251 2769; x_wconf 79' lang='lat' dir='ltr'><strong>conﬂigas,</strong></span> <span class='ocrx_word' id='word_1_472' title='bbox 3300 2713 3436 2753; x_wconf 76' lang='lat' dir='ltr'><strong>neve</strong></span> 
     </span>
    </p>
   </div>
   <div class='ocr_carea' id='block_1_68' title="bbox 1847 2790 3507 2861">
    <p class='ocr_par' dir='ltr' id='par_1_68' title="bbox 1847 2790 3507 2861">
     <span class='ocr_line' id='line_1_68' title="bbox 1847 2790 3507 2861; baseline -0.005 -12"><span class='ocrx_word' id='word_1_473' title='bbox 1847 2802 1995 2850; x_wconf 83' lang='lat' dir='ltr'><strong>tuam</strong></span> <span class='ocrx_word' id='word_1_474' title='bbox 2047 2795 2156 2849; x_wconf 72' lang='lat' dir='ltr'><strong>illis</strong></span> <span class='ocrx_word' id='word_1_475' title='bbox 2188 2793 2361 2847; x_wconf 86' lang='lat' dir='ltr'><strong>aciem</strong></span> <span class='ocrx_word' id='word_1_476' title='bbox 2396 2801 2818 2851; x_wconf 87' lang='lat' dir='ltr'><strong>connnonstres,</strong></span> <span class='ocrx_word' id='word_1_477' title='bbox 2854 2791 3175 2861; x_wconf 82' lang='lat' dir='ltr'><strong>priusquam</strong></span> <span class='ocrx_word' id='word_1_478' title='bbox 3217 2790 3433 2845; x_wconf 88' lang='lat' dir='ltr'><strong>illorum</strong></span> <span class='ocrx_word' id='word_1_479' title='bbox 3502 2837 3507 2841; x_wconf 81' lang='lat'><strong>.</strong></span> 
     </span>
    </p>
   </div>
   <div class='ocr_carea' id='block_1_69' title="bbox 1848 2880 3437 2943">
    <p class='ocr_par' dir='ltr' id='par_1_69' title="bbox 1848 2880 3437 2943">
     <span class='ocr_line' id='line_1_69' title="bbox 1848 2880 3437 2943; baseline -0.004 -5"><span class='ocrx_word' id='word_1_480' title='bbox 1848 2885 2020 2938; x_wconf 86' lang='lat' dir='ltr'><strong>aciem</strong></span> <span class='ocrx_word' id='word_1_481' title='bbox 2070 2884 2397 2937; x_wconf 85' lang='lat' dir='ltr'><strong>instructam</strong></span> <span class='ocrx_word' id='word_1_482' title='bbox 2444 2880 2924 2943; x_wconf 79' lang='lat' dir='ltr'><strong>animadverteris,</strong></span> <span class='ocrx_word' id='word_1_483' title='bbox 2978 2890 3034 2935; x_wconf 91' lang='lat' dir='ltr'><strong>et</strong></span> <span class='ocrx_word' id='word_1_484' title='bbox 3080 2882 3299 2935; x_wconf 87' lang='lat' dir='ltr'><strong>illorum</strong></span> <span class='ocrx_word' id='word_1_485' title='bbox 3354 2880 3437 2932; x_wconf 84' lang='lat' dir='ltr'><strong>in-</strong></span> 
     </span>
    </p>
   </div>
   <div class='ocr_carea' id='block_1_70' title="bbox 1847 2966 2905 3042">
    <p class='ocr_par' dir='ltr' id='par_1_70' title="bbox 1847 2966 2905 3042">
     <span class='ocr_line' id='line_1_70' title="bbox 1847 2966 2905 3042; baseline -0.005 -13"><span class='ocrx_word' id='word_1_486' title='bbox 1847 2974 2018 3030; x_wconf 87' lang='lat' dir='ltr'><strong>sidias</strong></span> <span class='ocrx_word' id='word_1_487' title='bbox 2062 2974 2483 3042; x_wconf 84' lang='lat' dir='ltr'><strong>molitionesque</strong></span> <span class='ocrx_word' id='word_1_488' title='bbox 2523 2966 2905 3041; x_wconf 73' lang='lat' dir='ltr'><strong>quuisivcris.</strong></span> 
     </span>
    </p>
   </div>
   <div class='ocr_carea' id='block_1_71' title="bbox 1923 3150 3435 3222">
    <p class='ocr_par' dir='ltr' id='par_1_71' title="bbox 1923 3150 3435 3222">
     <span class='ocr_line' id='line_1_71' title="bbox 1923 3150 3435 3222; baseline -0.007 -13"><span class='ocrx_word' id='word_1_489' title='bbox 1923 3156 1977 3211; x_wconf 87' lang='lat'><strong>6.</strong></span> <span class='ocrx_word' id='word_1_490' title='bbox 2038 3155 2095 3209; x_wconf 89' lang='lat' dir='ltr'><strong>Si</strong></span> <span class='ocrx_word' id='word_1_491' title='bbox 2144 3156 2259 3208; x_wconf 86' lang='lat' dir='ltr'><strong>loca</strong></span> <span class='ocrx_word' id='word_1_492' title='bbox 2308 3154 2361 3207; x_wconf 92' lang='lat' dir='ltr'><strong>iu</strong></span> <span class='ocrx_word' id='word_1_493' title='bbox 2403 3154 2603 3222; x_wconf 73' lang='lat' dir='ltr'><strong>quiltus</strong></span> <span class='ocrx_word' id='word_1_494' title='bbox 2651 3150 3014 3205; x_wconf 82' lang='lat' dir='ltr'><strong>conﬂicturus</strong></span> <span class='ocrx_word' id='word_1_495' title='bbox 3044 3163 3124 3211; x_wconf 89' lang='lat' dir='ltr'><strong>es,</strong></span> <span class='ocrx_word' id='word_1_496' title='bbox 3166 3154 3351 3218; x_wconf 82' lang='lat' dir='ltr'><strong>aperta</strong></span> <span class='ocrx_word' id='word_1_497' title='bbox 3382 3154 3435 3202; x_wconf 84' lang='lat' dir='ltr'><strong>et</strong></span> 
     </span>
    </p>
   </div>
   <div class='ocr_carea' id='block_1_72' title="bbox 1850 3240 3436 3316">
    <p class='ocr_par' dir='ltr' id='par_1_72' title="bbox 1850 3240 3436 3316">
     <span class='ocr_line' id='line_1_72' title="bbox 1850 3240 3436 3316; baseline -0.007 -14"><span class='ocrx_word' id='word_1_498' title='bbox 1850 3248 2179 3316; x_wconf 84' lang='lat' dir='ltr'><strong>campestria</strong></span> <span class='ocrx_word' id='word_1_499' title='bbox 2246 3248 2378 3307; x_wconf 90' lang='lat' dir='ltr'><strong>sint,</strong></span> <span class='ocrx_word' id='word_1_500' title='bbox 2432 3254 2486 3298; x_wconf 86' lang='lat' dir='ltr'><strong>ct</strong></span> <span class='ocrx_word' id='word_1_501' title='bbox 2556 3244 2697 3298; x_wconf 89' lang='lat' dir='ltr'><strong>haud</strong></span> <span class='ocrx_word' id='word_1_502' title='bbox 2754 3245 2890 3297; x_wconf 88' lang='lat' dir='ltr'><strong>satis</strong></span> <span class='ocrx_word' id='word_1_503' title='bbox 2937 3242 3223 3296; x_wconf 86' lang='lat' dir='ltr'><strong>commode</strong></span> <span class='ocrx_word' id='word_1_504' title='bbox 3274 3240 3436 3293; x_wconf 82' lang='lat' dir='ltr'><strong>liceat</strong></span> 
     </span>
    </p>
   </div>
   <div class='ocr_carea' id='block_1_73' title="bbox 1851 3329 3436 3396">
    <p class='ocr_par' dir='ltr' id='par_1_73' title="bbox 1851 3329 3436 3396">
     <span class='ocr_line' id='line_1_73' title="bbox 1851 3329 3436 3396; baseline -0.006 -4"><span class='ocrx_word' id='word_1_505' title='bbox 1851 3338 2145 3392; x_wconf 66' lang='lat' dir='ltr'><strong>secundam</strong></span> <span class='ocrx_word' id='word_1_506' title='bbox 2181 3337 2353 3389; x_wconf 83' lang='lat' dir='ltr'><strong>aciem</strong></span> <span class='ocrx_word' id='word_1_507' title='bbox 2401 3344 2549 3389; x_wconf 87' lang='lat' dir='ltr'><strong>tuam</strong></span> <span class='ocrx_word' id='word_1_508' title='bbox 2599 3335 2898 3396; x_wconf 80' lang='lat' dir='ltr'><strong>occultare,</strong></span> <span class='ocrx_word' id='word_1_509' title='bbox 2936 3341 2993 3384; x_wconf 91' lang='lat' dir='ltr'><strong>ut</strong></span> <span class='ocrx_word' id='word_1_510' title='bbox 3033 3348 3100 3385; x_wconf 90' lang='lat' dir='ltr'><strong>ne</strong></span> <span class='ocrx_word' id='word_1_511' title='bbox 3151 3332 3204 3384; x_wconf 92' lang='lat' dir='ltr'><strong>in</strong></span> <span class='ocrx_word' id='word_1_512' title='bbox 3239 3329 3436 3384; x_wconf 86' lang='lat' dir='ltr'><strong>itinere</strong></span> 
     </span>
    </p>
   </div>
   <div class='ocr_carea' id='block_1_74' title="bbox 1853 3418 3433 3499">
    <p class='ocr_par' dir='ltr' id='par_1_74' title="bbox 1853 3418 3433 3499">
     <span class='ocr_line' id='line_1_74' title="bbox 1853 3418 3433 3499; baseline -0.008 -16"><span class='ocrx_word' id='word_1_513' title='bbox 1853 3428 2102 3483; x_wconf 73' lang='lat' dir='ltr'><strong>faciendo</strong></span> <span class='ocrx_word' id='word_1_514' title='bbox 2170 3427 2461 3499; x_wconf 73' lang='lat' dir='ltr'><strong>adversum</strong></span> <span class='ocrx_word' id='word_1_515' title='bbox 2539 3426 2725 3477; x_wconf 68' lang='lat' dir='ltr'><strong>hostes</strong></span> <span class='ocrx_word' id='word_1_516' title='bbox 2784 3429 3079 3492; x_wconf 77' lang='lat' dir='ltr'><strong>appareat,</strong></span> <span class='ocrx_word' id='word_1_517' title='bbox 3134 3435 3253 3473; x_wconf 85' lang='lat' dir='ltr'><strong>cam</strong></span> <span class='ocrx_word' id='word_1_518' title='bbox 3322 3418 3433 3487; x_wconf 71' lang='lat' dir='ltr'><strong>jam</strong></span> 
     </span>
    </p>
   </div>
   <div class='ocr_carea' id='block_1_75' title="bbox 1850 3508 3437 3591">
    <p class='ocr_par' dir='ltr' id='par_1_75' title="bbox 1850 3508 3437 3591">
     <span class='ocr_line' id='line_1_75' title="bbox 1850 3508 3437 3591; baseline -0.006 -19"><span class='ocrx_word' id='word_1_519' title='bbox 1850 3534 2019 3590; x_wconf 84' lang='lat' dir='ltr'><strong>prope</strong></span> <span class='ocrx_word' id='word_1_520' title='bbox 2062 3519 2291 3587; x_wconf 87' lang='lat' dir='ltr'><strong>primam</strong></span> <span class='ocrx_word' id='word_1_521' title='bbox 2344 3517 2517 3567; x_wconf 80' lang='lat' dir='ltr'><strong>aciein</strong></span> <span class='ocrx_word' id='word_1_522' title='bbox 2581 3514 2861 3591; x_wconf 85' lang='lat' dir='ltr'><strong>abducito,</strong></span> <span class='ocrx_word' id='word_1_523' title='bbox 2909 3522 2967 3564; x_wconf 94' lang='lat' dir='ltr'><strong>ut</strong></span> <span class='ocrx_word' id='word_1_524' title='bbox 3015 3511 3136 3562; x_wconf 65' lang='lat' dir='ltr'><strong>duae</strong></span> <span class='ocrx_word' id='word_1_525' title='bbox 3170 3510 3251 3561; x_wconf 82' lang='lat' dir='ltr'><strong>lue</strong></span> <span class='ocrx_word' id='word_1_526' title='bbox 3290 3508 3437 3562; x_wconf 85' lang='lat' dir='ltr'><strong>acies</strong></span> 
     </span>
    </p>
   </div>
   <div class='ocr_carea' id='block_1_76' title="bbox 1850 3602 3438 3668">
    <p class='ocr_par' dir='ltr' id='par_1_76' title="bbox 1850 3602 3438 3668">
     <span class='ocr_line' id='line_1_76' title="bbox 1850 3602 3438 3668; baseline -0.008 -4"><span class='ocrx_word' id='word_1_527' title='bbox 1850 3626 1958 3665; x_wconf 89' lang='lat' dir='ltr'><strong>una</strong></span> <span class='ocrx_word' id='word_1_528' title='bbox 2008 3611 2187 3663; x_wconf 89' lang='lat' dir='ltr'><strong>solum</strong></span> <span class='ocrx_word' id='word_1_529' title='bbox 2242 3623 2365 3661; x_wconf 77' lang='lat' dir='ltr'><strong>esse</strong></span> <span class='ocrx_word' id='word_1_530' title='bbox 2399 3606 2653 3659; x_wconf 67' lang='lat' dir='ltr'><strong>ho~tibus</strong></span> <span class='ocrx_word' id='word_1_531' title='bbox 2682 3604 2974 3657; x_wconf 86' lang='lat' dir='ltr'><strong>videantur</strong></span> <span class='ocrx_word' id='word_1_532' title='bbox 3004 3619 3018 3665; x_wconf 86' lang='lat'><strong>;</strong></span> <span class='ocrx_word' id='word_1_533' title='bbox 3057 3602 3275 3668; x_wconf 87' lang='lat' dir='ltr'><strong>quando</strong></span> <span class='ocrx_word' id='word_1_534' title='bbox 3309 3615 3438 3652; x_wconf 83' lang='lat' dir='ltr'><strong>vero</strong></span> 
     </span>
    </p>
   </div>
   <div class='ocr_carea' id='block_1_77' title="bbox 1851 3691 3439 3766">
    <p class='ocr_par' dir='ltr' id='par_1_77' title="bbox 1851 3691 3439 3766">
     <span class='ocr_line' id='line_1_77' title="bbox 1851 3691 3439 3766; baseline -0.007 -10"><span class='ocrx_word' id='word_1_535' title='bbox 1851 3703 1918 3756; x_wconf 89' lang='lat' dir='ltr'><strong>ad</strong></span> <span class='ocrx_word' id='word_1_536' title='bbox 1978 3703 2139 3753; x_wconf 89' lang='lat' dir='ltr'><strong>unius</strong></span> <span class='ocrx_word' id='word_1_537' title='bbox 2198 3700 2453 3766; x_wconf 71' lang='lat' dir='ltr'><strong>milliaris</strong></span> <span class='ocrx_word' id='word_1_538' title='bbox 2515 3696 2755 3765; x_wconf 85' lang='lat' dir='ltr'><strong>spatium</strong></span> <span class='ocrx_word' id='word_1_539' title='bbox 2832 3696 2900 3746; x_wconf 87' lang='lat' dir='ltr'><strong>ab</strong></span> <span class='ocrx_word' id='word_1_540' title='bbox 2965 3694 3204 3746; x_wconf 84' lang='lat' dir='ltr'><strong>hostium</strong></span> <span class='ocrx_word' id='word_1_541' title='bbox 3264 3691 3439 3756; x_wconf 86' lang='lat' dir='ltr'><strong>copiis</strong></span> 
     </span>
    </p>
   </div>
   <div class='ocr_carea' id='block_1_78' title="bbox 1852 3786 3437 3855">
    <p class='ocr_par' dir='ltr' id='par_1_78' title="bbox 1852 3786 3437 3855">
     <span class='ocr_line' id='line_1_78' title="bbox 1852 3786 3437 3855; baseline -0.008 -9"><span class='ocrx_word' id='word_1_542' title='bbox 1852 3792 2150 3854; x_wconf 76' lang='lat' dir='ltr'><strong>abfuerint,</strong></span> <span class='ocrx_word' id='word_1_543' title='bbox 2183 3802 2295 3843; x_wconf 90' lang='lat' dir='ltr'><strong>tum</strong></span> <span class='ocrx_word' id='word_1_544' title='bbox 2348 3788 2590 3842; x_wconf 82' lang='lat' dir='ltr'><strong>secunda</strong></span> <span class='ocrx_word' id='word_1_545' title='bbox 2637 3787 2785 3840; x_wconf 84' lang='lat' dir='ltr'><strong>acies</strong></span> <span class='ocrx_word' id='word_1_546' title='bbox 2825 3786 3109 3855; x_wconf 91' lang='lat' dir='ltr'><strong>paululum</strong></span> <span class='ocrx_word' id='word_1_547' title='bbox 3164 3799 3223 3837; x_wconf 86' lang='lat' dir='ltr'><strong>se</strong></span> <span class='ocrx_word' id='word_1_548' title='bbox 3258 3792 3437 3835; x_wconf 78' lang='lat' dir='ltr'><strong>retar-</strong></span> 
     </span>
    </p>
   </div>
   <div class='ocr_carea' id='block_1_79' title="bbox 1852 3875 3436 3950">
    <p class='ocr_par' dir='ltr' id='par_1_79' title="bbox 1852 3875 3436 3950">
     <span class='ocr_line' id='line_1_79' title="bbox 1852 3875 3436 3950; baseline -0.009 -10"><span class='ocrx_word' id='word_1_549' title='bbox 1852 3886 1971 3950; x_wconf 83' lang='lat' dir='ltr'><strong>det,</strong></span> <span class='ocrx_word' id='word_1_550' title='bbox 2017 3893 2181 3950; x_wconf 82' lang='lat' dir='ltr'><strong>atque</strong></span> <span class='ocrx_word' id='word_1_551' title='bbox 2236 3898 2262 3935; x_wconf 93' lang='lat' dir='ltr'><strong>a</strong></span> <span class='ocrx_word' id='word_1_552' title='bbox 2319 3882 2491 3950; x_wconf 77' lang='lat' dir='ltr'><strong>prima</strong></span> <span class='ocrx_word' id='word_1_553' title='bbox 2553 3880 2672 3933; x_wconf 90' lang='lat' dir='ltr'><strong>acie</strong></span> <span class='ocrx_word' id='word_1_554' title='bbox 2719 3880 2785 3933; x_wconf 89' lang='lat' dir='ltr'><strong>ad</strong></span> <span class='ocrx_word' id='word_1_555' title='bbox 2838 3877 3043 3946; x_wconf 84' lang='lat' dir='ltr'><strong>justum</strong></span> <span class='ocrx_word' id='word_1_556' title='bbox 3093 3875 3436 3930; x_wconf 85' lang='lat' dir='ltr'><strong>intervallum</strong></span> 
     </span>
    </p>
   </div>
   <div class='ocr_carea' id='block_1_80' title="bbox 1852 3971 3438 4045">
    <p class='ocr_par' dir='ltr' id='par_1_80' title="bbox 1852 3971 3438 4045">
     <span class='ocr_line' id='line_1_80' title="bbox 1852 3971 3438 4045; baseline -0.007 -13"><span class='ocrx_word' id='word_1_557' title='bbox 1852 3992 1910 4032; x_wconf 87' lang='lat' dir='ltr'><strong>se</strong></span> <span class='ocrx_word' id='word_1_558' title='bbox 1960 3984 2193 4045; x_wconf 84' lang='lat' dir='ltr'><strong>separet.</strong></span> <span class='ocrx_word' id='word_1_559' title='bbox 2252 3984 2305 4027; x_wconf 87' lang='lat' dir='ltr'><strong>et</strong></span> <span class='ocrx_word' id='word_1_560' title='bbox 2350 3972 2416 4025; x_wconf 89' lang='lat' dir='ltr'><strong>ad</strong></span> <span class='ocrx_word' id='word_1_561' title='bbox 2465 3986 2621 4025; x_wconf 85' lang='lat' dir='ltr'><strong>suam</strong></span> <span class='ocrx_word' id='word_1_562' title='bbox 2671 3971 2926 4034; x_wconf 81' lang='lat' dir='ltr'><strong>formam,</strong></span> <span class='ocrx_word' id='word_1_563' title='bbox 2970 3984 3133 4038; x_wconf 87' lang='lat' dir='ltr'><strong>quam</strong></span> <span class='ocrx_word' id='word_1_564' title='bbox 3180 3978 3302 4021; x_wconf 89' lang='lat' dir='ltr'><strong>ante</strong></span> <span class='ocrx_word' id='word_1_565' title='bbox 3351 3983 3438 4021; x_wconf 85' lang='lat' dir='ltr'><strong>se-</strong></span> 
     </span>
    </p>
   </div>
   <div class='ocr_carea' id='block_1_81' title="bbox 1851 4060 3440 4132">
    <p class='ocr_par' dir='ltr' id='par_1_81' title="bbox 1851 4060 3440 4132">
     <span class='ocr_line' id='line_1_81' title="bbox 1851 4060 3440 4132; baseline -0.006 -12"><span class='ocrx_word' id='word_1_566' title='bbox 1851 4071 2042 4121; x_wconf 77' lang='lat' dir='ltr'><strong>cundae</strong></span> <span class='ocrx_word' id='word_1_567' title='bbox 2094 4066 2230 4119; x_wconf 83' lang='lat' dir='ltr'><strong>aciei</strong></span> <span class='ocrx_word' id='word_1_568' title='bbox 2281 4064 2707 4132; x_wconf 86' lang='lat' dir='ltr'><strong>descripsimus,</strong></span> <span class='ocrx_word' id='word_1_569' title='bbox 2745 4063 2983 4117; x_wconf 86' lang='lat' dir='ltr'><strong>redeat:</strong></span> <span class='ocrx_word' id='word_1_570' title='bbox 3024 4061 3151 4115; x_wconf 89' lang='lat' dir='ltr'><strong>inde</strong></span> <span class='ocrx_word' id='word_1_571' title='bbox 3218 4060 3326 4120; x_wconf 82' lang='lat' dir='ltr'><strong>ﬁet,</strong></span> <span class='ocrx_word' id='word_1_572' title='bbox 3381 4066 3440 4111; x_wconf 88' lang='lat' dir='ltr'><strong>ut</strong></span> 
     </span>
    </p>
   </div>
   <div class='ocr_carea' id='block_1_82' title="bbox 1852 4150 3440 4229">
    <p class='ocr_par' dir='ltr' id='par_1_82' title="bbox 1852 4150 3440 4229">
     <span class='ocr_line' id='line_1_82' title="bbox 1852 4150 3440 4229; baseline -0.006 -14"><span class='ocrx_word' id='word_1_573' title='bbox 1852 4169 2058 4215; x_wconf 64' lang='lat' dir='ltr'><strong>nostra:</strong></span> <span class='ocrx_word' id='word_1_574' title='bbox 2087 4158 2222 4213; x_wconf 80' lang='lat' dir='ltr'><strong>aciei</strong></span> <span class='ocrx_word' id='word_1_575' title='bbox 2277 4168 2579 4229; x_wconf 87' lang='lat' dir='ltr'><strong>apparatus</strong></span> <span class='ocrx_word' id='word_1_576' title='bbox 2609 4171 2775 4226; x_wconf 91' lang='lat' dir='ltr'><strong>quam</strong></span> <span class='ocrx_word' id='word_1_577' title='bbox 2818 4155 3043 4209; x_wconf 89' lang='lat' dir='ltr'><strong>minime</strong></span> <span class='ocrx_word' id='word_1_578' title='bbox 3079 4153 3149 4205; x_wconf 89' lang='lat' dir='ltr'><strong>ab</strong></span> <span class='ocrx_word' id='word_1_579' title='bbox 3189 4150 3440 4205; x_wconf 79' lang='lat' dir='ltr'><strong>hostibus</strong></span> 
     </span>
    </p>
   </div>
   <div class='ocr_carea' id='block_1_83' title="bbox 1852 4259 2752 4320">
    <p class='ocr_par' dir='ltr' id='par_1_83' title="bbox 1852 4259 2752 4320">
     <span class='ocr_line' id='line_1_83' title="bbox 1852 4259 2752 4320; baseline -0.001 -15"><span class='ocrx_word' id='word_1_580' title='bbox 1852 4259 2242 4320; x_wconf 75' lang='lat' dir='ltr'><strong>cognoscatur.</strong></span> <span class='ocrx_word' id='word_1_581' title='bbox 2718 4261 2752 4295; x_wconf 73' lang='lat' dir='ltr'><strong>r‘</strong></span> 
     </span>
    </p>
   </div>
   <div class='ocr_carea' id='block_1_84' title="bbox 1925 4422 3446 4495">
    <p class='ocr_par' dir='ltr' id='par_1_84' title="bbox 1925 4422 3446 4495">
     <span class='ocr_line' id='line_1_84' title="bbox 1925 4422 3446 4495; baseline -0.003 -18"><span class='ocrx_word' id='word_1_582' title='bbox 1925 4425 1977 4481; x_wconf 92' lang='lat'><strong>7.</strong></span> <span class='ocrx_word' id='word_1_583' title='bbox 2018 4424 2394 4481; x_wconf 87' lang='lat' dir='ltr'><strong>Discessioncs</strong></span> <span class='ocrx_word' id='word_1_584' title='bbox 2449 4424 2720 4495; x_wconf 72' lang='lat' dir='ltr'><strong>fingasque</strong></span> <span class='ocrx_word' id='word_1_585' title='bbox 2773 4424 3010 4478; x_wconf 88' lang='lat' dir='ltr'><strong>hostimn</strong></span> <span class='ocrx_word' id='word_1_586' title='bbox 3041 4422 3332 4490; x_wconf 76' lang='lat' dir='ltr'><strong>diligenter</strong></span> <span class='ocrx_word' id='word_1_587' title='bbox 3359 4429 3446 4473; x_wconf 86' lang='lat' dir='ltr'><strong>at-</strong></span> 
     </span>
    </p>
   </div>
   <div class='ocr_carea' id='block_1_85' title="bbox 167 4506 1746 4587">
    <p class='ocr_par' dir='ltr' id='par_1_85' title="bbox 167 4512 1746 4587">
     <span class='ocr_line' id='line_1_85' title="bbox 167 4512 1746 4587; baseline -0.004 -15"><span class='ocrx_word' id='word_1_588' title='bbox 167 4520 434 4582; x_wconf 79' lang='grc' dir='ltr'>σκέπτου,</span> <span class='ocrx_word' id='word_1_589' title='bbox 464 4520 557 4570; x_wconf 77' lang='grc' dir='ltr'><strong>καὶ</strong></span> <span class='ocrx_word' id='word_1_590' title='bbox 605 4520 679 4587; x_wconf 81' lang='grc' dir='ltr'>μὴ</span> <span class='ocrx_word' id='word_1_591' title='bbox 719 4517 973 4587; x_wconf 85' lang='grc' dir='ltr'>ἀκρατῶς</span> <span class='ocrx_word' id='word_1_592' title='bbox 1026 4516 1304 4585; x_wconf 80' lang='grc' dir='ltr'>ἐπίτρεχε,</span> <span class='ocrx_word' id='word_1_593' title='bbox 1336 4513 1425 4567; x_wconf 80' lang='grc' dir='ltr'>διὰ</span> <span class='ocrx_word' id='word_1_594' title='bbox 1468 4515 1538 4566; x_wconf 80' lang='grc' dir='ltr'>τὰ</span> <span class='ocrx_word' id='word_1_595' title='bbox 1591 4512 1746 4579; x_wconf 84' lang='grc' dir='ltr'>σοφί-</span> 
     </span>
    </p>
   </div>
   <div class='ocr_carea' id='block_1_86' title="bbox 1848 4506 3445 4587">
    <p class='ocr_par' dir='ltr' id='par_1_86' title="bbox 1855 4511 3445 4585">
     <span class='ocr_line' id='line_1_86' title="bbox 1855 4511 3445 4585; baseline -0.003 -17"><span class='ocrx_word' id='word_1_596' title='bbox 1855 4515 2038 4579; x_wconf 88' lang='lat' dir='ltr'><strong>tende,</strong></span> <span class='ocrx_word' id='word_1_597' title='bbox 2074 4530 2253 4585; x_wconf 89' lang='lat' dir='ltr'><strong>neque</strong></span> <span class='ocrx_word' id='word_1_598' title='bbox 2281 4516 2718 4584; x_wconf 85' lang='lat' dir='ltr'><strong>intemperanter</strong></span> <span class='ocrx_word' id='word_1_599' title='bbox 2753 4523 2973 4584; x_wconf 81' lang='lat' dir='ltr'><strong>prOpter</strong></span> <span class='ocrx_word' id='word_1_600' title='bbox 3015 4514 3251 4566; x_wconf 78' lang='lat' dir='ltr'><strong>hostium</strong></span> <span class='ocrx_word' id='word_1_601' title='bbox 3288 4511 3445 4564; x_wconf 79' lang='lat' dir='ltr'><strong>falla-</strong></span> 
     </span>
    </p>
   </div>
   <div class='ocr_carea' id='block_1_87' title="bbox 169 4606 1751 4681">
    <p class='ocr_par' dir='ltr' id='par_1_87' title="bbox 169 4606 1751 4681">
     <span class='ocr_line' id='line_1_87' title="bbox 169 4606 1751 4681; baseline -0.003 -18"><span class='ocrx_word' id='word_1_602' title='bbox 169 4628 381 4681; x_wconf 83' lang='grc' dir='ltr'>σματα,</span> <span class='ocrx_word' id='word_1_603' title='bbox 416 4609 494 4673; x_wconf 86' lang='grc' dir='ltr'><strong>ὡς</strong></span> <span class='ocrx_word' id='word_1_604' title='bbox 549 4609 718 4674; x_wconf 83' lang='grc' dir='ltr'>εἰκὸς,</span> <span class='ocrx_word' id='word_1_605' title='bbox 747 4609 1033 4677; x_wconf 85' lang='grc' dir='ltr'>γινόμενα,</span> <span class='ocrx_word' id='word_1_606' title='bbox 1070 4606 1206 4660; x_wconf 72' lang='grc' dir='ltr'>ἀλλὰ</span> <span class='ocrx_word' id='word_1_607' title='bbox 1265 4606 1404 4676; x_wconf 85' lang='grc' dir='ltr'>μετὰ</span> <span class='ocrx_word' id='word_1_608' title='bbox 1438 4606 1751 4670; x_wconf 84' lang='grc' dir='ltr'>συντάξεως</span> 
     </span>
    </p>
   </div>
   <div class='ocr_carea' id='block_1_88' title="bbox 167 4698 1752 4783">
    <p class='ocr_par' dir='ltr' id='par_1_88' title="bbox 167 4698 1752 4783">
     <span class='ocr_line' id='line_1_88' title="bbox 167 4698 1752 4783; baseline -0.004 -27"><span class='ocrx_word' id='word_1_609' title='bbox 167 4703 355 4769; x_wconf 82' lang='grc' dir='ltr'>δίωκε,</span> <span class='ocrx_word' id='word_1_610' title='bbox 386 4702 491 4765; x_wconf 73' lang='grc' dir='ltr'>ἕως</span> <span class='ocrx_word' id='word_1_611' title='bbox 531 4702 701 4773; x_wconf 76' lang='grc' dir='ltr'>λάϐῃς</span> <span class='ocrx_word' id='word_1_612' title='bbox 748 4700 1123 4772; x_wconf 72' lang='grc' dir='ltr'>πληροφορίαν</span> <span class='ocrx_word' id='word_1_613' title='bbox 1168 4699 1268 4769; x_wconf 78' lang='grc' dir='ltr'>τῆς</span> <span class='ocrx_word' id='word_1_614' title='bbox 1301 4698 1604 4766; x_wconf 82' lang='grc' dir='ltr'>ἀσφαλείας</span> <span class='ocrx_word' id='word_1_615' title='bbox 1652 4698 1752 4783; x_wconf 61' lang='grc' dir='ltr'>τςῖις</span> 
     </span>
    </p>
   </div>
   <div class='ocr_carea' id='block_1_89' title="bbox 169 4794 355 4865">
    <p class='ocr_par' dir='ltr' id='par_1_89' title="bbox 169 4794 355 4865">
     <span class='ocr_line' id='line_1_89' title="bbox 169 4794 355 4865; baseline 0.011 -17"><span class='ocrx_word' id='word_1_616' title='bbox 169 4794 355 4865; x_wconf 80' lang='grc' dir='ltr'>νίκης.</span> 
     </span>
    </p>
   </div>
   <div class='ocr_carea' id='block_1_90' title="bbox 239 4881 1751 4955">
    <p class='ocr_par' dir='ltr' id='par_1_90' title="bbox 239 4881 1751 4955">
     <span class='ocr_line' id='line_1_90' title="bbox 239 4881 1751 4955; baseline -0.003 -17"><span class='ocrx_word' id='word_1_617' title='bbox 239 4892 317 4955; x_wconf 85' lang='grc' dir='ltr'>η’.</span> <span class='ocrx_word' id='word_1_618' title='bbox 356 4886 482 4938; x_wconf 70' lang='grc' dir='ltr'>Ἐάν</span> <span class='ocrx_word' id='word_1_619' title='bbox 510 4886 565 4939; x_wconf 77' lang='grc' dir='ltr'>δὲ</span> <span class='ocrx_word' id='word_1_620' title='bbox 602 4884 710 4938; x_wconf 82' lang='grc' dir='ltr'><strong>ἀπὸ</strong></span> <span class='ocrx_word' id='word_1_621' title='bbox 761 4884 869 4937; x_wconf 85' lang='grc' dir='ltr'>τῶν</span> <span class='ocrx_word' id='word_1_622' title='bbox 926 4882 1139 4955; x_wconf 80' lang='grc' dir='ltr'>ἐχθρῶν</span> <span class='ocrx_word' id='word_1_623' title='bbox 1197 4882 1482 4944; x_wconf 82' lang='grc' dir='ltr'>ἐπέλευσις</span> <span class='ocrx_word' id='word_1_624' title='bbox 1540 4881 1751 4954; x_wconf 85' lang='grc' dir='ltr'>μηνυθῇ</span> 
     </span>
    </p>
   </div>
   <div class='ocr_carea' id='block_1_91' title="bbox 169 4969 1750 5042">
    <p class='ocr_par' dir='ltr' id='par_1_91' title="bbox 169 4969 1750 5042">
     <span class='ocr_line' id='line_1_91' title="bbox 169 4969 1750 5042; baseline -0.002 -17"><span class='ocrx_word' id='word_1_625' title='bbox 169 4971 315 5026; x_wconf 74' lang='grc' dir='ltr'>κατὰ</span> <span class='ocrx_word' id='word_1_626' title='bbox 343 4971 444 5042; x_wconf 82' lang='grc' dir='ltr'>τῆς</span> <span class='ocrx_word' id='word_1_627' title='bbox 478 4972 703 5041; x_wconf 82' lang='grc' dir='ltr'>πρώτης</span> <span class='ocrx_word' id='word_1_628' title='bbox 736 4971 1118 5042; x_wconf 84' lang='grc' dir='ltr'>παρατάξεως,</span> <span class='ocrx_word' id='word_1_629' title='bbox 1152 4971 1246 5024; x_wconf 72' lang='grc' dir='ltr'>καὶ</span> <span class='ocrx_word' id='word_1_630' title='bbox 1276 4971 1377 5023; x_wconf 85' lang='grc' dir='ltr'><strong>οὐκ</strong></span> <span class='ocrx_word' id='word_1_631' title='bbox 1407 4969 1522 5023; x_wconf 80' lang='grc' dir='ltr'>ἐστι</span> <span class='ocrx_word' id='word_1_632' title='bbox 1571 4971 1687 5034; x_wconf 84' lang='grc' dir='ltr'><strong>πῶς</strong></span> <span class='ocrx_word' id='word_1_633' title='bbox 1716 4971 1750 5042; x_wconf 76' lang='grc' dir='ltr'>ἢ</span> 
     </span>
    </p>
   </div>
   <div class='ocr_carea' id='block_1_92' title="bbox 170 5059 1750 5130">
    <p class='ocr_par' dir='ltr' id='par_1_92' title="bbox 170 5059 1750 5130">
     <span class='ocr_line' id='line_1_92' title="bbox 170 5059 1750 5130; baseline 0 -15"><span class='ocrx_word' id='word_1_634' title='bbox 170 5062 262 5115; x_wconf 72' lang='grc' dir='ltr'>διὰ</span> <span class='ocrx_word' id='word_1_635' title='bbox 307 5061 419 5114; x_wconf 86' lang='grc' dir='ltr'><strong>τῶν</strong></span> <span class='ocrx_word' id='word_1_636' title='bbox 470 5060 948 5129; x_wconf 85' lang='grc' dir='ltr'>πλαγιοφυλάκων,</span> <span class='ocrx_word' id='word_1_637' title='bbox 1020 5061 1052 5129; x_wconf 77' lang='grc' dir='ltr'><strong>ἢ</strong></span> <span class='ocrx_word' id='word_1_638' title='bbox 1110 5061 1197 5113; x_wconf 74' lang='grc' dir='ltr'>διὰ</span> <span class='ocrx_word' id='word_1_639' title='bbox 1246 5061 1355 5113; x_wconf 82' lang='grc' dir='ltr'><strong>τῶν</strong></span> <span class='ocrx_word' id='word_1_640' title='bbox 1393 5062 1473 5123; x_wconf 87' lang='grc' dir='ltr'>εἰς</span> <span class='ocrx_word' id='word_1_641' title='bbox 1532 5059 1750 5130; x_wconf 85' lang='grc' dir='ltr'>ἐνέδραν</span> 
     </span>
    </p>
   </div>
   <div class='ocr_carea' id='block_1_93' title="bbox 171 5150 1749 5222">
    <p class='ocr_par' dir='ltr' id='par_1_93' title="bbox 171 5150 1749 5222">
     <span class='ocr_line' id='line_1_93' title="bbox 171 5150 1749 5222; baseline -0.003 -14"><span class='ocrx_word' id='word_1_642' title='bbox 171 5153 321 5208; x_wconf 82' lang='grc' dir='ltr'>κατά</span> <span class='ocrx_word' id='word_1_643' title='bbox 365 5152 476 5205; x_wconf 85' lang='grc' dir='ltr'><strong>τῶν</strong></span> <span class='ocrx_word' id='word_1_644' title='bbox 518 5152 730 5221; x_wconf 83' lang='grc' dir='ltr'>ἐχθρῶν</span> <span class='ocrx_word' id='word_1_645' title='bbox 775 5152 1149 5222; x_wconf 87' lang='grc' dir='ltr'>πεμπομένων</span> <span class='ocrx_word' id='word_1_646' title='bbox 1194 5150 1430 5221; x_wconf 77' lang='grc' dir='ltr'>βοηθεῖν,</span> <span class='ocrx_word' id='word_1_647' title='bbox 1464 5152 1588 5203; x_wconf 89' lang='grc' dir='ltr'>τότε</span> <span class='ocrx_word' id='word_1_648' title='bbox 1633 5152 1749 5204; x_wconf 78' lang='grc' dir='ltr'>δέον</span> 
     </span>
    </p>
   </div>
   <div class='ocr_carea' id='block_1_94' title="bbox 172 5241 1749 5314">
    <p class='ocr_par' dir='ltr' id='par_1_94' title="bbox 172 5241 1749 5314">
     <span class='ocr_line' id='line_1_94' title="bbox 172 5241 1749 5314; baseline -0.002 -17"><span class='ocrx_word' id='word_1_649' title='bbox 172 5243 363 5297; x_wconf 80' lang='grc' dir='ltr'>ἐκτῶν</span> <span class='ocrx_word' id='word_1_650' title='bbox 400 5244 481 5305; x_wconf 84' lang='grc' dir='ltr'><strong>είς</strong></span> <span class='ocrx_word' id='word_1_651' title='bbox 512 5243 581 5295; x_wconf 74' lang='grc' dir='ltr'><strong>τὰ</strong></span> <span class='ocrx_word' id='word_1_652' title='bbox 625 5244 769 5313; x_wconf 83' lang='grc' dir='ltr'>ἄκρα</span> <span class='ocrx_word' id='word_1_653' title='bbox 804 5246 903 5307; x_wconf 83' lang='grc' dir='ltr'><strong>τῆς</strong></span> <span class='ocrx_word' id='word_1_654' title='bbox 934 5244 1195 5314; x_wconf 86' lang='grc' dir='ltr'>δευτέρας</span> <span class='ocrx_word' id='word_1_655' title='bbox 1232 5241 1593 5313; x_wconf 86' lang='grc' dir='ltr'>παρατάξεως</span> <span class='ocrx_word' id='word_1_656' title='bbox 1615 5259 1749 5294; x_wconf 90' lang='grc' dir='ltr'>τασ-</span> 
     </span>
    </p>
   </div>
   <div class='ocr_carea' id='block_1_95' title="bbox 175 5323 1749 5404">
    <p class='ocr_par' dir='ltr' id='par_1_95' title="bbox 175 5323 1749 5404">
     <span class='ocr_line' id='line_1_95' title="bbox 175 5323 1749 5404; baseline -0.003 -15"><span class='ocrx_word' id='word_1_657' title='bbox 175 5334 424 5404; x_wconf 80' lang='grc' dir='ltr'>σομένων</span> <span class='ocrx_word' id='word_1_658' title='bbox 453 5333 660 5403; x_wconf 78' lang='grc' dir='ltr'>βάνδων</span> <span class='ocrx_word' id='word_1_659' title='bbox 707 5323 1094 5403; x_wconf 82' lang='grc' dir='ltr'>μετατίθεσθαι</span> <span class='ocrx_word' id='word_1_660' title='bbox 1147 5335 1229 5396; x_wconf 79' lang='grc' dir='ltr'><strong>είς</strong></span> <span class='ocrx_word' id='word_1_661' title='bbox 1281 5332 1513 5394; x_wconf 70' lang='grc' dir='ltr'><strong>αὐτούς⁹</strong></span> <span class='ocrx_word' id='word_1_662' title='bbox 1541 5334 1590 5385; x_wconf 84' lang='grc' dir='ltr'><strong>εί</strong></span> <span class='ocrx_word' id='word_1_663' title='bbox 1650 5332 1749 5401; x_wconf 84' lang='grc' dir='ltr'>μὲν</span> 
     </span>
    </p>
   </div>
   <div class='ocr_carea' id='block_1_96' title="bbox 172 5408 1741 5496">
    <p class='ocr_par' dir='ltr' id='par_1_96' title="bbox 172 5408 1741 5496">
     <span class='ocr_line' id='line_1_96' title="bbox 172 5408 1741 5496; baseline -0.002 -17"><span class='ocrx_word' id='word_1_664' title='bbox 172 5426 236 5491; x_wconf 85' lang='grc' dir='ltr'><strong>ἐξ</strong></span> <span class='ocrx_word' id='word_1_665' title='bbox 278 5426 398 5488; x_wconf 75' lang='grc' dir='ltr'>ἐνὸς</span> <span class='ocrx_word' id='word_1_666' title='bbox 445 5425 677 5492; x_wconf 81' lang='grc' dir='ltr'>πλαγίου</span> <span class='ocrx_word' id='word_1_667' title='bbox 722 5426 997 5496; x_wconf 76' lang='grc' dir='ltr'>ἔρχονται,</span> <span class='ocrx_word' id='word_1_668' title='bbox 1028 5426 1085 5491; x_wconf 83' lang='grc' dir='ltr'><strong>ἐξ</strong></span> <span class='ocrx_word' id='word_1_669' title='bbox 1124 5425 1337 5477; x_wconf 84' lang='grc' dir='ltr'>ἐκείνου</span> <span class='ocrx_word' id='word_1_670' title='bbox 1371 5423 1465 5477; x_wconf 86' lang='grc' dir='ltr'>τοῦ</span> <span class='ocrx_word' id='word_1_671' title='bbox 1506 5408 1741 5494; x_wconf 68' lang='grc' dir='ltr'>μέρους,</span> 
     </span>
    </p>
   </div>
   <div class='ocr_carea' id='block_1_97' title="bbox 173 5514 1741 5588">
    <p class='ocr_par' dir='ltr' id='par_1_97' title="bbox 173 5514 1741 5588">
     <span class='ocr_line' id='line_1_97' title="bbox 173 5514 1741 5588; baseline 0 -18"><span class='ocrx_word' id='word_1_672' title='bbox 173 5517 222 5570; x_wconf 79' lang='grc' dir='ltr'><strong>εί</strong></span> <span class='ocrx_word' id='word_1_673' title='bbox 267 5515 328 5569; x_wconf 78' lang='grc' dir='ltr'>δὲ</span> <span class='ocrx_word' id='word_1_674' title='bbox 362 5517 426 5568; x_wconf 84' lang='grc' dir='ltr'><strong>ἐκ</strong></span> <span class='ocrx_word' id='word_1_675' title='bbox 475 5515 584 5568; x_wconf 88' lang='grc' dir='ltr'><strong>τῶν</strong></span> <span class='ocrx_word' id='word_1_676' title='bbox 620 5516 735 5582; x_wconf 82' lang='grc' dir='ltr'>δύο,</span> <span class='ocrx_word' id='word_1_677' title='bbox 771 5518 831 5582; x_wconf 84' lang='grc' dir='ltr'><strong>ἐξ</strong></span> <span class='ocrx_word' id='word_1_678' title='bbox 857 5516 1220 5588; x_wconf 79' lang='grc' dir='ltr'>ἑκατέρωθεν.</span> <span class='ocrx_word' id='word_1_679' title='bbox 1270 5516 1503 5587; x_wconf 85' lang='grc' dir='ltr'>Ὁμοίως</span> <span class='ocrx_word' id='word_1_680' title='bbox 1544 5514 1603 5569; x_wconf 80' lang='grc' dir='ltr'>δὲ</span> <span class='ocrx_word' id='word_1_681' title='bbox 1646 5516 1741 5570; x_wconf 78' lang='grc' dir='ltr'><strong>καὶ</strong></span> 
     </span>
    </p>
   </div>
   <div class='ocr_carea' id='block_1_98' title="bbox 1850 4604 3447 4675">
    <p class='ocr_par' dir='ltr' id='par_1_98' title="bbox 1850 4604 3447 4675">
     <span class='ocr_line' id='line_1_98' title="bbox 1850 4604 3447 4675; baseline -0.003 -15"><span class='ocrx_word' id='word_1_682' title='bbox 1850 4621 1942 4660; x_wconf 89' lang='lat' dir='ltr'><strong>ces</strong></span> <span class='ocrx_word' id='word_1_683' title='bbox 1968 4605 2128 4660; x_wconf 90' lang='lat' dir='ltr'><strong>dolos</strong></span> <span class='ocrx_word' id='word_1_684' title='bbox 2155 4608 2450 4675; x_wconf 73' lang='lat' dir='ltr'><strong>insequere</strong></span> <span class='ocrx_word' id='word_1_685' title='bbox 2478 4609 2622 4671; x_wconf 88' lang='lat' dir='ltr'><strong>illos,</strong></span> <span class='ocrx_word' id='word_1_686' title='bbox 2656 4607 2752 4661; x_wconf 91' lang='lat' dir='ltr'><strong>sed</strong></span> <span class='ocrx_word' id='word_1_687' title='bbox 2798 4606 3048 4660; x_wconf 87' lang='lat' dir='ltr'><strong>ordinate</strong></span> <span class='ocrx_word' id='word_1_688' title='bbox 3074 4620 3136 4658; x_wconf 89' lang='lat' dir='ltr'><strong>ac</strong></span> <span class='ocrx_word' id='word_1_689' title='bbox 3165 4604 3447 4658; x_wconf 78' lang='lat' dir='ltr'><strong>instructis</strong></span> 
     </span>
    </p>
   </div>
   <div class='ocr_carea' id='block_1_99' title="bbox 1849 4696 3448 4769">
    <p class='ocr_par' dir='ltr' id='par_1_99' title="bbox 1849 4696 3448 4769">
     <span class='ocr_line' id='line_1_99' title="bbox 1849 4696 3448 4769; baseline -0.003 -16"><span class='ocrx_word' id='word_1_690' title='bbox 1849 4698 2047 4768; x_wconf 87' lang='lat' dir='ltr'><strong>copiis,</strong></span> <span class='ocrx_word' id='word_1_691' title='bbox 2084 4699 2251 4769; x_wconf 89' lang='lat' dir='ltr'><strong>idque</strong></span> <span class='ocrx_word' id='word_1_692' title='bbox 2295 4700 2652 4768; x_wconf 80' lang='lat' dir='ltr'><strong>potissimum</strong></span> <span class='ocrx_word' id='word_1_693' title='bbox 2687 4699 2732 4753; x_wconf 89' lang='lat' dir='ltr'><strong>si</strong></span> <span class='ocrx_word' id='word_1_694' title='bbox 2765 4699 3001 4768; x_wconf 84' lang='lat' dir='ltr'><strong>aliquam</strong></span> <span class='ocrx_word' id='word_1_695' title='bbox 3033 4707 3237 4751; x_wconf 89' lang='lat' dir='ltr'><strong>certam</strong></span> <span class='ocrx_word' id='word_1_696' title='bbox 3277 4696 3448 4748; x_wconf 90' lang='lat' dir='ltr'><strong>victo-</strong></span> 
     </span>
    </p>
   </div>
   <div class='ocr_carea' id='block_1_100' title="bbox 1851 4791 2527 4845">
    <p class='ocr_par' dir='ltr' id='par_1_100' title="bbox 1851 4791 2527 4845">
     <span class='ocr_line' id='line_1_100' title="bbox 1851 4791 2527 4845; baseline 0.001 -1"><span class='ocrx_word' id='word_1_697' title='bbox 1851 4791 1947 4845; x_wconf 75' lang='lat' dir='ltr'><strong>ria:</strong></span> <span class='ocrx_word' id='word_1_698' title='bbox 1985 4791 2236 4845; x_wconf 83' lang='lat' dir='ltr'><strong>ﬁduciam</strong></span> <span class='ocrx_word' id='word_1_699' title='bbox 2298 4791 2527 4845; x_wconf 84' lang='lat' dir='ltr'><strong>habeas.</strong></span> 
     </span>
    </p>
   </div>
   <div class='ocr_carea' id='block_1_101' title="bbox 1924 4880 3444 4953">
    <p class='ocr_par' dir='ltr' id='par_1_101' title="bbox 1924 4880 3444 4953">
     <span class='ocr_line' id='line_1_101' title="bbox 1924 4880 3444 4953; baseline -0.004 -16"><span class='ocrx_word' id='word_1_700' title='bbox 1924 4883 1976 4937; x_wconf 92' lang='lat'><strong>8.</strong></span> <span class='ocrx_word' id='word_1_701' title='bbox 2018 4881 2072 4935; x_wconf 84' lang='lat' dir='ltr'><strong>Si</strong></span> <span class='ocrx_word' id='word_1_702' title='bbox 2142 4881 2399 4936; x_wconf 80' lang='lat' dir='ltr'><strong>hostibus</strong></span> <span class='ocrx_word' id='word_1_703' title='bbox 2471 4883 2718 4937; x_wconf 91' lang='lat' dir='ltr'><strong>incursio</strong></span> <span class='ocrx_word' id='word_1_704' title='bbox 2780 4883 3028 4953; x_wconf 64' lang='lat' dir='ltr'><strong>quaedam</strong></span> <span class='ocrx_word' id='word_1_705' title='bbox 3097 4880 3151 4934; x_wconf 90' lang='lat' dir='ltr'><strong>in</strong></span> <span class='ocrx_word' id='word_1_706' title='bbox 3213 4881 3444 4950; x_wconf 72' lang='lat' dir='ltr'><strong>primam</strong></span> 
     </span>
    </p>
   </div>
   <div class='ocr_carea' id='block_1_102' title="bbox 1854 4974 3447 5047">
    <p class='ocr_par' dir='ltr' id='par_1_102' title="bbox 1854 4974 3447 5047">
     <span class='ocr_line' id='line_1_102' title="bbox 1854 4974 3447 5047; baseline -0.001 -18"><span class='ocrx_word' id='word_1_707' title='bbox 1854 4976 2023 5030; x_wconf 88' lang='lat' dir='ltr'><strong>aciem</strong></span> <span class='ocrx_word' id='word_1_708' title='bbox 2063 4974 2177 5039; x_wconf 83' lang='lat' dir='ltr'><strong>ﬁat,</strong></span> <span class='ocrx_word' id='word_1_709' title='bbox 2237 4991 2476 5045; x_wconf 89' lang='lat' dir='ltr'><strong>eamque</strong></span> <span class='ocrx_word' id='word_1_710' title='bbox 2516 4994 2689 5047; x_wconf 84' lang='lat' dir='ltr'><strong>neque</strong></span> <span class='ocrx_word' id='word_1_711' title='bbox 2736 4978 3024 5040; x_wconf 86' lang='lat' dir='ltr'><strong>lateranis,</strong></span> <span class='ocrx_word' id='word_1_712' title='bbox 3088 4989 3264 5044; x_wconf 91' lang='lat' dir='ltr'><strong>neque</strong></span> <span class='ocrx_word' id='word_1_713' title='bbox 3315 4974 3447 5028; x_wconf 82' lang='lat' dir='ltr'><strong>insi-</strong></span> 
     </span>
    </p>
   </div>
   <div class='ocr_carea' id='block_1_103' title="bbox 1852 5066 3446 5135">
    <p class='ocr_par' dir='ltr' id='par_1_103' title="bbox 1852 5066 3446 5135">
     <span class='ocr_line' id='line_1_103' title="bbox 1852 5066 3446 5135; baseline -0.001 -15"><span class='ocrx_word' id='word_1_714' title='bbox 1852 5066 1957 5122; x_wconf 89' lang='lat' dir='ltr'><strong>diis</strong></span> <span class='ocrx_word' id='word_1_715' title='bbox 2008 5066 2306 5121; x_wconf 84' lang='lat' dir='ltr'><strong>adversum</strong></span> <span class='ocrx_word' id='word_1_716' title='bbox 2343 5083 2439 5122; x_wconf 91' lang='lat' dir='ltr'><strong>cos</strong></span> <span class='ocrx_word' id='word_1_717' title='bbox 2489 5069 2714 5124; x_wconf 88' lang='lat' dir='ltr'><strong>structis</strong></span> <span class='ocrx_word' id='word_1_718' title='bbox 2759 5069 3057 5122; x_wconf 69' lang='lat' dir='ltr'><strong>defendere</strong></span> <span class='ocrx_word' id='word_1_719' title='bbox 3114 5068 3315 5135; x_wconf 84' lang='lat' dir='ltr'><strong>possis,</strong></span> <span class='ocrx_word' id='word_1_720' title='bbox 3347 5081 3446 5119; x_wconf 82' lang='lat' dir='ltr'><strong>ex-</strong></span> 
     </span>
    </p>
   </div>
   <div class='ocr_carea' id='block_1_104' title="bbox 1850 5158 3445 5226">
    <p class='ocr_par' dir='ltr' id='par_1_104' title="bbox 1850 5158 3445 5226">
     <span class='ocr_line' id='line_1_104' title="bbox 1850 5158 3445 5226; baseline 0.001 -18"><span class='ocrx_word' id='word_1_721' title='bbox 1850 5163 2059 5209; x_wconf 88' lang='lat' dir='ltr'><strong>tremas</strong></span> <span class='ocrx_word' id='word_1_722' title='bbox 2075 5158 2338 5214; x_wconf 74' lang='lat' dir='ltr'><strong>secunda:</strong></span> <span class='ocrx_word' id='word_1_723' title='bbox 2366 5160 2500 5214; x_wconf 89' lang='lat' dir='ltr'><strong>aciei</strong></span> <span class='ocrx_word' id='word_1_724' title='bbox 2530 5174 2657 5214; x_wconf 91' lang='lat' dir='ltr'><strong>oras</strong></span> <span class='ocrx_word' id='word_1_725' title='bbox 2685 5174 2959 5221; x_wconf 87' lang='lat' dir='ltr'><strong>assumes,</strong></span> <span class='ocrx_word' id='word_1_726' title='bbox 2986 5158 3232 5226; x_wconf 89' lang='lat' dir='ltr'><strong>illucque</strong></span> <span class='ocrx_word' id='word_1_727' title='bbox 3260 5166 3445 5209; x_wconf 84' lang='lat' dir='ltr'><strong>trans-</strong></span> 
     </span>
    </p>
   </div>
   <div class='ocr_carea' id='block_1_105' title="bbox 1854 5245 3445 5314">
    <p class='ocr_par' dir='ltr' id='par_1_105' title="bbox 1854 5245 3445 5314">
     <span class='ocr_line' id='line_1_105' title="bbox 1854 5245 3445 5314; baseline 0.001 -16"><span class='ocrx_word' id='word_1_728' title='bbox 1854 5245 2001 5301; x_wconf 82' lang='lat' dir='ltr'><strong>feres</strong></span> <span class='ocrx_word' id='word_1_729' title='bbox 2047 5265 2060 5301; x_wconf 90' lang='lat'><strong>:</strong></span> <span class='ocrx_word' id='word_1_730' title='bbox 2116 5248 2162 5304; x_wconf 92' lang='lat' dir='ltr'><strong>si</strong></span> <span class='ocrx_word' id='word_1_731' title='bbox 2218 5264 2334 5303; x_wconf 87' lang='lat' dir='ltr'><strong>uno</strong></span> <span class='ocrx_word' id='word_1_732' title='bbox 2385 5266 2452 5305; x_wconf 86' lang='lat' dir='ltr'><strong>ex</strong></span> <span class='ocrx_word' id='word_1_733' title='bbox 2513 5250 2679 5304; x_wconf 88' lang='lat' dir='ltr'><strong>latere</strong></span> <span class='ocrx_word' id='word_1_734' title='bbox 2736 5250 2972 5314; x_wconf 87' lang='lat' dir='ltr'><strong>veniant,</strong></span> <span class='ocrx_word' id='word_1_735' title='bbox 3034 5248 3101 5301; x_wconf 90' lang='lat' dir='ltr'><strong>ad</strong></span> <span class='ocrx_word' id='word_1_736' title='bbox 3159 5263 3276 5302; x_wconf 88' lang='lat' dir='ltr'><strong>eam</strong></span> <span class='ocrx_word' id='word_1_737' title='bbox 3318 5261 3445 5314; x_wconf 85' lang='lat' dir='ltr'><strong>par-</strong></span> 
     </span>
    </p>
   </div>
   <div class='ocr_carea' id='block_1_106' title="bbox 1850 5339 3438 5409">
    <p class='ocr_par' dir='ltr' id='par_1_106' title="bbox 1850 5339 3438 5409">
     <span class='ocr_line' id='line_1_106' title="bbox 1850 5339 3438 5409; baseline 0.001 -20"><span class='ocrx_word' id='word_1_738' title='bbox 1850 5343 1994 5401; x_wconf 87' lang='lat' dir='ltr'><strong>tem;</strong></span> <span class='ocrx_word' id='word_1_739' title='bbox 2048 5339 2133 5392; x_wconf 89' lang='lat' dir='ltr'><strong>sin</strong></span> <span class='ocrx_word' id='word_1_740' title='bbox 2178 5349 2419 5409; x_wconf 89' lang='lat' dir='ltr'><strong>utroque</strong></span> <span class='ocrx_word' id='word_1_741' title='bbox 2463 5355 2527 5394; x_wconf 83' lang='lat' dir='ltr'><strong>ex</strong></span> <span class='ocrx_word' id='word_1_742' title='bbox 2566 5341 2737 5394; x_wconf 90' lang='lat' dir='ltr'><strong>latere</strong></span> <span class='ocrx_word' id='word_1_743' title='bbox 2779 5341 2843 5391; x_wconf 88' lang='lat' dir='ltr'><strong>ad</strong></span> <span class='ocrx_word' id='word_1_744' title='bbox 2878 5348 3170 5407; x_wconf 89' lang='lat' dir='ltr'><strong>utramque</strong></span> <span class='ocrx_word' id='word_1_745' title='bbox 3203 5345 3438 5407; x_wconf 87' lang='lat' dir='ltr'><strong>partem.</strong></span> 
     </span>
    </p>
   </div>
   <div class='ocr_carea' id='block_1_107' title="bbox 1855 5427 3443 5500">
    <p class='ocr_par' dir='ltr' id='par_1_107' title="bbox 1855 5427 3443 5500">
     <span class='ocr_line' id='line_1_107' title="bbox 1855 5427 3443 5500; baseline 0 -21"><span class='ocrx_word' id='word_1_746' title='bbox 1855 5427 2120 5481; x_wconf 86' lang='lat' dir='ltr'><strong>Similiter</strong></span> <span class='ocrx_word' id='word_1_747' title='bbox 2158 5429 2453 5486; x_wconf 81' lang='lat' dir='ltr'><strong>adversum</strong></span> <span class='ocrx_word' id='word_1_748' title='bbox 2529 5445 2668 5495; x_wconf 90' lang='lat' dir='ltr'><strong>eos,</strong></span> <span class='ocrx_word' id='word_1_749' title='bbox 2720 5431 2816 5500; x_wconf 91' lang='lat' dir='ltr'><strong>qui</strong></span> <span class='ocrx_word' id='word_1_750' title='bbox 2886 5444 2913 5481; x_wconf 87' lang='lat' dir='ltr'><strong>a</strong></span> <span class='ocrx_word' id='word_1_751' title='bbox 2970 5438 3121 5498; x_wconf 78' lang='lat' dir='ltr'><strong>tergo</strong></span> <span class='ocrx_word' id='word_1_752' title='bbox 3188 5427 3443 5483; x_wconf 65' lang='lat' dir='ltr'><strong>secundae</strong></span> 
     </span>
    </p>
   </div>
   <div class='ocr_carea' id='block_1_108' title="bbox 1852 5519 3442 5593">
    <p class='ocr_par' dir='ltr' id='par_1_108' title="bbox 1852 5519 3442 5593">
     <span class='ocr_line' id='line_1_108' title="bbox 1852 5519 3442 5593; baseline 0.001 -22"><span class='ocrx_word' id='word_1_753' title='bbox 1852 5519 1987 5574; x_wconf 91' lang='lat' dir='ltr'><strong>aciei</strong></span> <span class='ocrx_word' id='word_1_754' title='bbox 2015 5522 2272 5590; x_wconf 83' lang='lat' dir='ltr'><strong>veniunt,</strong></span> <span class='ocrx_word' id='word_1_755' title='bbox 2311 5524 2356 5577; x_wconf 89' lang='lat' dir='ltr'><strong>si</strong></span> <span class='ocrx_word' id='word_1_756' title='bbox 2391 5522 2693 5593; x_wconf 73' lang='lat' dir='ltr'><strong>tergistites</strong></span> <span class='ocrx_word' id='word_1_757' title='bbox 2724 5520 2881 5576; x_wconf 89' lang='lat' dir='ltr'><strong>multi</strong></span> <span class='ocrx_word' id='word_1_758' title='bbox 2908 5520 2974 5575; x_wconf 88' lang='lat' dir='ltr'><strong>ad</strong></span> <span class='ocrx_word' id='word_1_759' title='bbox 3023 5521 3146 5576; x_wconf 87' lang='lat' dir='ltr'><strong>illos</strong></span> <span class='ocrx_word' id='word_1_760' title='bbox 3177 5520 3442 5590; x_wconf 87' lang='lat' dir='ltr'><strong>repellen-</strong></span> 
     </span>
    </p>
   </div>
   <div class='ocr_carea' id='block_1_109' title="bbox 1723 5649 1959 5708">
    <p class='ocr_par' dir='ltr' id='par_1_109' title="bbox 1723 5649 1959 5708">
     <span class='ocr_line' id='line_1_109' title="bbox 1723 5649 1959 5708; baseline 0.017 -4"><span class='ocrx_word' id='word_1_761' title='bbox 1723 5649 1933 5708; x_wconf 71' lang='grc' dir='ltr'><strong>ΝΟΤιΕ</strong></span> <span class='ocrx_word' id='word_1_762' title='bbox 1944 5693 1959 5708; x_wconf 94' lang='grc'><strong>.</strong></span> 
     </span>
    </p>
   </div>
   <div class='ocr_carea' id='block_1_110' title="bbox 242 5740 1568 5813">
    <p class='ocr_par' dir='ltr' id='par_1_110' title="bbox 242 5740 1568 5813">
     <span class='ocr_line' id='line_1_110' title="bbox 242 5740 1568 5813; baseline -0.006 -10"><span class='ocrx_word' id='word_1_763' title='bbox 242 5744 357 5810; x_wconf 77' lang='grc'><strong>(99)</strong></span> <span class='ocrx_word' id='word_1_764' title='bbox 390 5748 467 5799; x_wconf 78' lang='lat' dir='ltr'><strong>‘II</strong></span> <span class='ocrx_word' id='word_1_765' title='bbox 492 5741 852 5812; x_wconf 76' lang='grc' dir='ltr'>στρατηγοῦ.</span> <span class='ocrx_word' id='word_1_766' title='bbox 884 5741 1095 5805; x_wconf 82' lang='lat' dir='ltr'><strong>Scribe,</strong></span> <span class='ocrx_word' id='word_1_767' title='bbox 1132 5740 1206 5811; x_wconf 83' lang='grc' dir='ltr'><strong>μὴ</strong></span> <span class='ocrx_word' id='word_1_768' title='bbox 1240 5740 1568 5813; x_wconf 78' lang='grc' dir='ltr'>στρατηγοῦ.</span> 
     </span>
    </p>
   </div>
   <div class='ocr_carea' id='block_1_111' title="bbox 245 5810 1743 5885">
    <p class='ocr_par' dir='ltr' id='par_1_111' title="bbox 245 5810 1743 5885">
     <span class='ocr_line' id='line_1_111' title="bbox 245 5810 1743 5885; baseline -0.002 -16"><span class='ocrx_word' id='word_1_769' title='bbox 245 5818 327 5885; x_wconf 87' lang='grc' dir='ltr'><strong>(Ι)</strong></span> <span class='ocrx_word' id='word_1_770' title='bbox 365 5817 436 5871; x_wconf 83' lang='grc' dir='ltr'><em>Ἠ</em></span> <span class='ocrx_word' id='word_1_771' title='bbox 467 5810 815 5882; x_wconf 69' lang='grc' dir='ltr'>παρἀαξιὸ.</span> <span class='ocrx_word' id='word_1_772' title='bbox 862 5810 1232 5885; x_wconf 79' lang='lat' dir='ltr'><strong>scribebatur,</strong></span> <span class='ocrx_word' id='word_1_773' title='bbox 1271 5810 1315 5881; x_wconf 27' lang='grc' dir='ltr'>ήί</span> <span class='ocrx_word' id='word_1_774' title='bbox 1339 5810 1505 5885; x_wconf 20' lang='grc' dir='ltr'>παρα*</span> <span class='ocrx_word' id='word_1_775' title='bbox 1530 5811 1591 5885; x_wconf 72' lang='grc' dir='ltr'><strong>τδ</strong></span> <span class='ocrx_word' id='word_1_776' title='bbox 1620 5810 1743 5876; x_wconf 79' lang='grc' dir='ltr'>ἔξω.</span> 
     </span>
    </p>
   </div>
   <div class='ocr_carea' id='block_1_112' title="bbox 249 5882 1743 5959">
    <p class='ocr_par' dir='ltr' id='par_1_112' title="bbox 249 5882 1743 5959">
     <span class='ocr_line' id='line_1_112' title="bbox 249 5882 1743 5959; baseline -0.002 -20"><span class='ocrx_word' id='word_1_777' title='bbox 249 5882 328 5959; x_wconf 76' lang='grc'><strong>(2)</strong></span> <span class='ocrx_word' id='word_1_778' title='bbox 365 5884 659 5955; x_wconf 77' lang='grc' dir='ltr'>Ἐνέδρας,</span> <span class='ocrx_word' id='word_1_779' title='bbox 726 5885 858 5954; x_wconf 76' lang='grc' dir='ltr'>ἤτοι</span> <span class='ocrx_word' id='word_1_780' title='bbox 912 5883 1309 5953; x_wconf 73' lang='grc' dir='ltr'>ἑγκμύμματα.</span> <span class='ocrx_word' id='word_1_781' title='bbox 1368 5882 1743 5948; x_wconf 60' lang='grc' dir='ltr'>ὃωὶὺεὺκςιιδ,</span> 
     </span>
    </p>
   </div>
   <div class='ocr_carea' id='block_1_113' title="bbox 1853 5745 2197 5816">
    <p class='ocr_par' dir='ltr' id='par_1_113' title="bbox 1853 5745 2197 5816">
     <span class='ocr_line' id='line_1_113' title="bbox 1853 5745 2197 5816; baseline 0.015 -18"><span class='ocrx_word' id='word_1_782' title='bbox 1853 5745 2023 5814; x_wconf 84' lang='grc' dir='ltr'>ὲνέδρ.</span> <span class='ocrx_word' id='word_1_783' title='bbox 2038 5784 2071 5799; x_wconf 94' lang='grc'><strong>..</strong></span> <span class='ocrx_word' id='word_1_784' title='bbox 2110 5745 2197 5816; x_wconf 71' lang='grc' dir='ltr'><strong>ἐγ.</strong></span> 
     </span>
    </p>
   </div>
   <div class='ocr_carea' id='block_1_114' title="bbox 1938 5816 2758 5887">
    <p class='ocr_par' dir='ltr' id='par_1_114' title="bbox 1938 5816 2758 5887">
     <span class='ocr_line' id='line_1_114' title="bbox 1938 5816 2758 5887; baseline 0.009 -18"><span class='ocrx_word' id='word_1_785' title='bbox 1938 5816 2014 5887; x_wconf 78' lang='grc'><strong>(5)</strong></span> <span class='ocrx_word' id='word_1_786' title='bbox 2057 5816 2219 5873; x_wconf 70' lang='grc' dir='ltr'>Ἆέπό.</span> <span class='ocrx_word' id='word_1_787' title='bbox 2266 5818 2624 5875; x_wconf 65' lang='grc' dir='ltr'>δοτὶιυεικιιιιι·</span> <span class='ocrx_word' id='word_1_788' title='bbox 2662 5819 2758 5885; x_wconf 83' lang='grc' dir='ltr'><strong>ὡς.</strong></span> 
     </span>
    </p>
   </div>
  </div>
