4176 6442
717 396 823 464 851

1983 398 2258 458 LEONIS
2297 398 2752 462 PllILOSOPIIl

3879 394 3987 460 85!

717 512 822 563 dos
868 525 976 565 non
1028 510 1258 573 fuerint,
1310 509 1414 563 hoc
1470 504 1611 561 idem
1650 505 1836 569 facies,
1871 522 1935 559 ne
1972 508 2154 561 caeteri
2187 508 2302 561 dis-

2411 509 2518 571 τοτς
2552 512 2694 563 κατά
2729 508 2899 564 νώτου
2952 511 3051 577 τῆς
3094 508 3353 577 δευτέρας
3404 506 3613 573 τάξεως
3649 505 3989 575 ἐρχομένοις.

718 602 880 654 tracti
910 602 975 654 ad
1010 599 1261 670 praesidia
1318 597 1504 667 prima:
1555 597 1689 651 aciei
1742 596 1921 651 minus
1960 596 2195 650 valeant.

2412 597 2506 651 ἐὰν
2548 601 2623 669 μὴ
2652 601 2898 670 άρκῶσιν
2928 601 2978 653 οἱ
3009 600 3386 667 νωτοφύλαιιες
3422 598 3619 660 αὐτοὺς
3659 597 3726 649 δι’
3780 596 3993 649 ἑαυτῶν

718 690 1076 760 ἁρμόζεσθαι,
1112 688 1184 742 τὰ
1242 686 1382 741 αὐτὰ
1413 688 1662 758 ποιήσεις
1689 703 1703 717 ο
1734 686 1824 740 ἵνα
1856 687 1904 739 οἱ
1943 685 2119 738 λοιποὶ
2153 683 2558 755 ἀπερίσπαστοι
2606 689 2809 759 μένωσι
2872 688 3005 760 πρὸς
3056 687 3313 758 βοήθειαν
3392 686 3490 756 τῆς
3530 684 3757 756 πρώτης
3804 702 3984 757 παρα-

715 781 951 848 τάξεως.

789 878 841 932 9.
885 876 943 931 Si
983 876 1176 944 ingens
1222 873 1465 929 hostium
1516 872 1681 927 fuerit
1722 872 2020 933 exercitus,
2057 880 2113 924 et
2157 868 2302 923 mul-

714 966 954 1022 titudine
1032 965 1318 1020 hominum
1365 979 1430 1019 ac
1481 964 1857 1034 jumentorum
1913 961 2182 1022 aﬂlictus,
2240 974 2305 1015 ac

716 1073 857 1127 pene
904 1072 1206 1126 oppressus
1261 1054 1459 1121 fuerit,
1524 1071 1592 1110 ne
1646 1054 1865 1110 coneris
1915 1053 2132 1107 eminus
2189 1051 2301 1123 jam

719 1147 980 1203 hostibus
1034 1146 1408 1210 venientibus,
1455 1146 1647 1215 copias
1688 1156 1809 1199 tuas
1847 1144 1911 1198 ad
1956 1143 2167 1197 celsum
2202 1141 2305 1194 ali-

714 1254 883 1307 quem
933 1238 1114 1291 locum
1163 1236 1457 1302 deducere,
1508 1252 1577 1291 ne
1616 1236 1964 1290 multitudine
2006 1241 2303 1304 conspecta

715 1330 959 1382 animum
1007 1330 1122 1397 jam
1175 1328 1252 1382 tui
1298 1327 1642 1397 despondere
1693 1327 1984 1397 incipiant,
2044 1326 2139 1381 sed
2203 1326 2307 1379 htt-

717 1418 831 1471 tnili
871 1424 925 1472 et
948 1432 1085 1471 cavo
1118 1418 1171 1471 in
1212 1417 1331 1470 loco
1365 1430 1461 1471 eos
1505 1418 1735 1482 instrue,
1774 1418 1869 1471 ubi
1905 1432 2083 1487 neque
2118 1416 2305 1471 hostes

714 1510 886 1564 visuri
942 1517 1092 1572 sunt,
1148 1524 1328 1579 neque
1384 1510 1453 1564 ab
1506 1510 1758 1565 hostibus
1813 1511 1963 1564 cerni
2011 1518 2305 1579 poterunt;

714 1610 770 1654 et
806 1599 1029 1665 quando
1089 1613 1202 1652 uno
1261 1606 1357 1652 aut
1390 1598 1621 1671 dimidio
1650 1596 1813 1666 signo
1864 1596 2052 1651 hostes
2099 1595 2303 1648 abfue-

716 1695 849 1753 rint,
883 1690 950 1745 ad
980 1690 1342 1746 excelsiorem
1372 1690 1552 1745 locum
1590 1690 1882 1753 ducantur,
1917 1697 1977 1742 ut
2008 1686 2303 1756 conﬂigere

718 1785 933 1853 possint
968 1782 1290 1855 priusquam
1317 1783 1506 1838 animo
1536 1782 1792 1848 deficere,
1826 1790 1920 1837 aut
1948 1781 2304 1851 languescere

720 1877 1011 1947 incipiant.

793 1968 881 2022 10.
934 1966 1030 2022 Sin
1071 1968 1197 2023 talis
1233 1966 1392 2022 locus
1444 1981 1549 2022 non
1582 1966 1915 2031 inveniatur,
1958 1963 2055 2021 sed
2086 1964 2302 2019 eminus

719 2063 910 2119 hostes
958 2063 1229 2119 exercitui
1286 2076 1380 2117 tuo
1432 2072 1759 2132 appareant,
1804 2062 1978 2132 copiis
2034 2061 2143 2114 tuis
2188 2060 2304 2128 ipsa

718 2154 775 2208 in
830 2153 950 2208 acie
994 2154 1282 2209 instructis
1336 2152 1512 2217 dices,
1560 2167 1671 2207 non
1726 2152 2033 2215 hominum,
2079 2150 2171 2207 sed
2217 2150 2305 2219 ju-

717 2254 1027 2299 tucntorutn
1057 2252 1226 2315 atque
1279 2242 1803 2314 impedimentorum
1836 2244 1909 2298 ibi
1944 2257 2304 2313 permagnum

714 2352 838 2392 CSSC
887 2351 1182 2391 numerum
1196 2377 1208 2388 .

787 2428 876 2483 ‘ll.
918 2428 975 2482 Si
1024 2428 1276 2483 hostibus
1320 2426 1501 2481 adhuc
1559 2427 1742 2482 minus
1782 2425 2071 2481 instructis
2098 2424 2306 2481 adoriri

715 2537 813 2577 eos
859 2529 1026 2592 atque
1080 2519 1343 2576 invadere
1397 2528 1578 2590 potes,
1636 2519 1816 2590 majus
1864 2516 2127 2574 damnum
2193 2518 2305 2573 illis

722 2613 912 2670 facies.

794 2703 882 2759 12.
925 2703 1165 2759 Omnino
1197 2713 1380 2759 autem
1417 2702 1586 2758 semel
1619 2711 1783 2773 atque
1818 2703 2015 2757 iterum
2043 2702 2305 2768 consiste,

719 2792 943 2863 quando
967 2794 1034 2847 ad
1074 2794 1311 2864 spatium
1350 2796 1536 2850 unius.
1572 2801 1665 2846 aut
1709 2793 1944 2847 duorum
1986 2793 2305 2846 milliarium

719 2889 790 2941 ab
828 2887 1072 2941 hostium
1124 2887 1246 2942 acie
1292 2895 1422 2941 ante
1463 2886 1666 2941 bellum
1701 2885 1899 2946 distas,
1935 2893 1996 2938 ut
2029 2884 2307 2941 exercitus

720 2985 855 3032 tuus
914 2978 1067 3032 varie
1120 2978 1447 3041 instruatur,
1506 2986 1565 3032 ut
1617 2992 1687 3031 ne
1728 2992 1955 3032 securos
2008 2992 2067 3033 se
2118 2985 2309 3046 putent

723 3070 939 3133 hostes,
981 3070 1110 3141 quia
1148 3086 1247 3142 per
1280 3072 1657 3141 exploratores
1697 3079 1920 3127 nostras
1959 3070 2150 3139 copias
2180 3080 2307 3125 ante

718 3170 1121 3229 cognoverunt,
1153 3174 1208 3218 et
1251 3172 1444 3218 contra
1491 3174 1587 3217 eas
1618 3162 1822 3232 aliquid
1854 3160 2156 3217 molitionis
2191 3175 2307 3214 ma-

722 3253 931 3309 chinati
972 3262 1120 3309 sunt.

806 3344 892 3403 15.
932 3344 989 3400 Si
1032 3345 1305 3416 pedestris
1345 3345 1626 3403 exercitus
1676 3361 1785 3400 non
1832 3344 2017 3412 fuerit,
2072 3346 2305 3401 militum

723 3448 947 3502 pueros,
979 3434 1030 3489 id
1079 3443 1186 3501 est,
1234 3434 1594 3491 administros
1645 3434 1700 3489 in
1752 3437 1954 3491 castris
2006 3437 2307 3507 relinques,

718 3534 777 3576 et
816 3539 912 3592 per
946 3526 1268 3579 universum
1317 3533 1628 3580 castrorum
1676 3525 1939 3579 ambitum
1984 3524 2053 3579 ad
2108 3525 2307 3581 fossam

724 3616 1144 3672 custodiendam
1177 3616 1518 3679 dividantur,
1545 3617 1827 3686 armisque
1848 3616 2165 3673 interiorem
2193 3618 2310 3688 ejus

725 3719 933 3778 partem
988 3709 1260 3773 muniant,
1314 3709 1431 3764 sive
1468 3709 1709 3779 sagittis,
1761 3709 1878 3765 sive
1912 3709 2134 3779 jaculis,
2196 3711 2313 3766 sive

724 3800 894 3854 funda
945 3801 1196 3866 valeant;
1244 3816 1350 3855 una
1385 3817 1606 3871 quoque
1653 3802 1855 3857 cohors
1892 3816 2016 3857 cum
2055 3801 2167 3857 illis
2211 3818 2313 3857 ex-

724 3892 917 3947 cubias
954 3897 1100 3961 aget,
1143 3899 1442 3962 portasque
1476 3900 1792 3947 castrorum
1856 3899 2022 3962 atque
2069 3890 2315 3946 universi

724 3983 967 4037 ambitus
1030 3983 1312 4050 defendet,
1354 4000 1499 4041 unus
1540 3984 1664 4040 istis
1710 3983 2003 4055 praefectus
2049 3983 2315 4038 honestus

720 4087 890 4143 atque
929 4076 1163 4145 integer.

795 4152 887 4219 Η.
931 4164 1117 4235 Neque
1165 4164 1379 4220 tuldum
1433 4174 1617 4222 tecum
1662 4166 1719 4222 in
1763 4166 1880 4221 acie
1929 4164 2312 4230 circumferas,

722 4257 772 4311 si
828 4256 989 4312 aliter
1031 4257 1146 4313 ﬁeri
1191 4259 1431 4328 poterit;
1492 4271 1743 4329 prompta
1784 4258 1930 4314 enim
2004 4270 2168 4329 atque
2214 4274 2313 4312 ex-

727 4347 901 4417 posita
950 4346 1205 4405 hostibus
1238 4350 1420 4420 praeda
1462 4357 1568 4417 est,
1610 4350 1656 4406 si
1690 4351 1745 4405 in
1780 4350 1925 4405 bello
1954 4364 2077 4405 esse
2117 4349 2314 4404 adver-

727 4449 896 4495 tatur.
1824 4430 1825 4433 Ἴ

799 4534 886 4589 15.
928 4533 988 4589 Si
1040 4534 1412 4605 proﬁciscenti
1474 4534 1571 4589 tibi
1628 4534 1699 4590 de
1770 4533 2070 4605 improviso
2129 4534 2314 4592 subita

727 4624 969 4680 hostium
1028 4625 1273 4681 incursio
1310 4625 1498 4690 fuerit,
1533 4640 1709 4697 neque
1754 4626 1957 4681 castris
1999 4626 2134 4681 satis
2164 4641 2318 4681 com-

727 4718 889 4773 mode
938 4726 994 4774 et
1039 4728 1157 4775 tuto
1192 4719 1245 4774 in
1279 4721 1401 4775 loco
1441 4720 1656 4774 tuldum
1690 4734 1897 4791 ponere
1928 4720 2160 4789 poteris,
2196 4731 2310 4791 tum

726 4809 979 4865 dextrum
1026 4809 1095 4864 ad
1152 4811 1297 4865 latus
1333 4810 1585 4866 secundae
1635 4811 1773 4866 aciei
1826 4811 2159 4881 obliquabis,
2202 4813 2312 4869 ibi-

725 4919 834 4973 que
885 4918 1048 4958 unam
1093 4911 1149 4959 et
1204 4904 1435 4960 alteram
1478 4906 1787 4970 cohortem,
1827 4920 1950 4976 qua:
2007 4921 2076 4962 ex
2117 4921 2315 4976 super-

727 4993 854 5049 ﬂuis
912 4993 1227 5051 hominibus
1295 5003 1401 5059 est,
1453 4993 1523 5049 ad
1578 4993 1700 5065 ejus
1753 4993 2065 5050 custodiam
2126 5010 2319 5067 segre-

730 5082 913 5149 gabis.

800 5175 890 5231 {6.
932 5178 991 5232 Si
1042 5178 1257 5233 nullum
1309 5178 1574 5250 jumentis
1632 5178 1942 5248 repositum
2003 5178 2060 5235 in
2116 5179 2317 5236 castris

729 5270 991 5334 pabulum
1033 5270 1297 5335 habeant,
1342 5270 1466 5343 ipso
1514 5271 1642 5327 belli
1683 5271 1773 5327 die
1824 5273 2040 5328 exteris
2092 5271 2161 5325 ad
2200 5273 2318 5329 hel-

730 5360 844 5414 lum
898 5361 1326 5432 procedentibus
1362 5403 1379 5427 ,
1435 5352 1719 5433 palicarié,
1761 5362 1814 5418 id
1865 5373 1952 5421 est
2005 5363 2319 5420 administri

730 5457 968 5511 militum
1006 5465 1061 5513 et
1105 5459 1489 5527 prefectorum
1529 5460 1846 5530 pabulatum
1905 5469 2035 5517 eant
2086 5461 2153 5517 ad
2192 5476 2319 5532 par-

730 5558 839 5603 tem
871 5564 901 5603 a
938 5556 1093 5619 tergo
1130 5550 1266 5605 aciei
1300 5552 1568 5617 relictam,
1599 5561 1654 5607 et
1694 5552 1822 5607 dum
1864 5551 2063 5607 bellum
2113 5554 2323 5623 geritur

734 5647 1005 5709 quantum
1038 5650 1270 5711 possunt
1299 5643 1482 5712 pabuli
1520 5653 1859 5713 comparent.
1893 5643 2317 5699 Pabulatoribus

733 5742 918 5786 autem
981 5732 1103 5788 istis
1154 5734 1352 5790 dentur
1399 5735 1576 5790 banda
1624 5747 1679 5791 et
1732 5737 1885 5809 signa
1945 5739 2192 5806 qumdam
2230 5738 2314 5791 di-

734 5824 909 5881 versis
963 5834 1016 5882 et
1074 5826 1402 5885 editioribus
1436 5828 1512 5883 -in
1548 5828 1705 5897 locis,
1761 5840 1818 5886 ut
1865 5833 2096 5886 adverso
2129 5832 2312 5902 aliquo

2338 3225 2385 3287 C

2475 869 2542 925 θ.
2587 872 2809 926 Ἑάνδὲ
2846 872 3012 936 πολύς
3058 874 3204 926 ἐστιν
3253 873 3281 924 ό
3330 872 3439 924 τῶν
3475 871 3685 942 ἐχθρῶν
3736 871 3991 943 στρατὸς,

2404 965 2500 1018 καὶ
2550 966 2641 1019 διὰ
2693 966 2898 1037 πλῆθος
2946 966 3157 1033 ἀλόγων
3217 966 3249 1035 ἢ
3301 964 3512 1034 ἀνδρῶν
3563 966 3777 1034 κόμπος
3823 966 3995 1036 ἧγουν

2404 1057 2798 1127 ἐξωγκωμένος
2853 1058 3130 1125 φαίνεται,
3204 1057 3278 1126 μὴ
3342 1058 3630 1125 ἑπιτήδευε
3690 1056 3857 1120 εὐθὺς
3912 1057 3994 1118 εἰς

2404 1150 2608 1218 ὑψηλὸν
2652 1151 2815 1205 τόπον
2860 1150 2952 1204 τὸν
3016 1151 3249 1220 στρατὸν
3304 1149 3525 1203 τάσσειν
3593 1149 3835 1219 μηκόθεν
3884 1148 3995 1201 τῶν

2402 1246 2613 1315 ἐχθρῶν
2642 1247 2834 1311 ὅντων,
2870 1248 2959 1299 ἵνα
2996 1245 3072 1315 μὴ
3096 1247 3161 1315 τῇ
3199 1245 3298 1315 θέᾳ
3327 1244 3421 1297 τοῦ
3451 1244 3690 1314 πλήθους
3715 1260 3995 1313 προκατα-

2401 1339 2843 1409 λαμϐανομένους
2878 1338 3124 1408 δειλιάσῃ
3174 1336 3506 1407 προχείρως,
3553 1336 3672 1389 ἀλλ’
3720 1338 3778 1388 έν
3813 1336 3995 1389 κοιὶοο

2399 1432 2542 1501 τέρῳ
2579 1433 2729 1501 τόπῳ
2774 1431 2942 1485 τάσσε
3007 1429 3226 1493 αὐτοὺς,
3268 1430 3467 1484 ὁπόθεν
3496 1429 3617 1481 οὐδὲ
3676 1429 3993 1497 κατοπτεὺῃ

2398 1524 2526 1585 τοὺς
2584 1523 2835 1593 ἐχθροὺς,
2896 1522 3016 1575 οὐδὲ
3068 1520 3372 1591 καθορᾶται
3432 1520 3537 1573 ὑπὸ
3595 1520 3707 1571 τῶν
3756 1518 3990 1589 ἐχθρῶν.

2408 1616 2518 1669 Καὶ
2574 1616 2704 1670 ὅταν
2761 1616 2794 1685 ἢ
2850 1614 2958 1668 άπὸ
2996 1613 3115 1676 ἑνὸς
3185 1612 3219 1682 ἢ
3284 1613 3396 1666 άπδ
3450 1613 3697 1681 ἡμίσεως
3755 1610 3993 1681 σημείου

2409 1708 2675 1776 γένωνται
2720 1708 2770 1761 οἱ
2822 1705 3029 1777 ἐχθροὶ,
3065 1705 3186 1759 τότε
3238 1706 3296 1758 έν
3346 1703 3425 1775 τῷ
3474 1704 3599 1773 ὕψει
3648 1704 3843 1774 φέρειν
3902 1702 3995 1753 τὸν

2412 1799 2662 1871 στρατὸν,
2736 1800 2823 1854 ἵνα
2872 1798 3004 1870 πρὶν
3056 1797 3303 1869 δειλιάσῃ
3350 1798 3384 1867 ή
3450 1794 3695 1867 συμϐολὴ
3744 1795 3990 1866 γένηται.

2478 1982 2528 2036 ι’.
2558 1982 2618 2035 Εἰ
2643 1983 2699 2037 δὲ
2736 1983 2809 2052 μὴ
2836 1981 3150 2052 εὑρίσκεται
3175 1980 3340 2042 τόπος
3372 1978 3635 2042 τοιοῦτος,
3662 1979 3799 2031 ἀλλὰ
3823 1978 3997 2047 μήκο-

2405 2073 2497 2128 θεν
2532 2076 2581 2126 οἱ
2626 2076 2812 2144 ἐχθροὶ
2839 2074 2915 2144 τῷ
2987 2072 3204 2143 στρατῷ
3256 2071 3562 2140 φαίνονται,
3624 2070 3861 2140 πρόλεγε
3919 2068 4001 2138 τῷ

2406 2165 2621 2235 στρατῴ
2648 2169 2705 2219 ὲν
2737 2166 2872 2237 αὐτῇ
2907 2168 2973 2235 τῇ
3002 2165 3326 2236 παρατάξει,
3354 2164 3437 2216 ὅτι
3467 2163 3680 2230 ἀλόγων
3710 2161 3741 2231 ἢ
3770 2162 3999 2215 τούλδου

2404 2260 2607 2331 πλῆθός
2633 2263 2747 2313 ἐστι
2764 2261 2824 2314 τὸ
2863 2260 3209 2329 φαινόμενον,
3227 2259 3322 2312 καὶ
3341 2258 3441 2310 οὐκ
3460 2256 3766 2328 ἀνθρώπων
3792 2258 3995 2327 μόνων.

2480 2445 2567 2501 ια’.
2614 2447 2738 2500 Ἐάν
2766 2446 2823 2499 δέ
2851 2463 2935 2499 σοι
2966 2444 3194 2499 δυνατόν
3234 2445 3383 2499 ἐστιν
3415 2444 3511 2498 καὶ
3543 2444 3649 2514 πρὸ
3682 2443 3779 2497 τοῦ
3808 2461 3999 2514 παραυ

2404 2539 2673 2606 τάξασθαι
2702 2540 2828 2601 τους
2872 2540 3172 2610 πολεμίους
3206 2538 3509 2608 συμϐαλεῖν
3537 2537 3721 2599 αὐτοῖς
3752 2535 3835 2589 ἔτι
3863 2537 4006 2590 άσυ-

2407 2633 2623 2693 στάτοις
2652 2628 2825 2696 οὖσιν,
2863 2632 3065 2700 μᾶλλον
3104 2631 3304 2693 αὐτοὺς
3337 2629 3538 2700 βλάψαι
3580 2629 3825 2699 ἰσχύσεις

2481 2723 2567 2793 ιβ’.
2605 2724 2827 2787 Πάντως
2854 2725 2911 2777 δὲ
2939 2723 2998 2777 ἓν
3036 2724 3069 2792 ἢ
3100 2724 3195 2777 καὶ
3223 2722 3479 2790 δεύτερον
3500 2721 3589 2791 ἔχε
3627 2720 3703 2783 ὡς
3736 2721 3848 2773 ἀπὸ
3876 2721 4001 2783 ἑνὸς

2408 2815 2442 2887 ἦ
2476 2815 2730 2885 δευτέρου
2777 2814 2954 2885 μιλίου
2986 2817 3085 2886 τῆς
3120 2811 3487 2885 παρατάξεως
3541 2811 3648 2881 πρὸ
3704 2810 3800 2863 τοῦ
3831 2811 4001 2863 πολέ-

2413 2925 2515 2977 μου
2563 2908 2621 2959 ὲν
2680 2909 2790 2977 ὅσῳ
2824 2909 3086 2961 τάσσεται
3137 2910 3166 2961 ὀ
3221 2904 3479 2975 στρατὸς,
3558 2904 3643 2957 ἴνα
3694 2904 3769 2973 μὴ
3814 2904 4005 2957 ἄδειαν

2410 2997 2610 3069 ἔχωσιν
2644 3001 2692 3051 οἱ
2723 3000 2977 3068 πολέμιοι
3008 2998 3113 3070 πρὸ
3144 2999 3245 3068 τῆς
3278 2998 3460 3067 μάχης
3492 2999 3864 3050 κατασκοπεῖν
3900 2995 4005 3065 τὴν

2408 3091 2586 3158 τάξιν,
2619 3092 2713 3145 καὶ
2739 3090 3057 3160 σοφίζεσθαι
3090 3089 3422 3159 κατάὑτῆς.

2485 3353 2574 3420 ιγ’.
2608 3353 2720 3405 Καὶ
2751 3351 2844 3406 ἐὰν
2870 3353 3093 3418 πεζικὸς
3114 3354 3214 3407 οὐκ
3238 3352 3353 3407 ἔστι
3376 3353 3628 3424 στρατὸς,
3650 3353 3782 3417 τοὺς
3802 3353 4009 3417 παῖδας

2409 3445 2519 3498 τῶν
2540 3447 2909 3514 στρατιωτῶν,
2932 3446 3051 3516 ήτοι
3084 3446 3211 3509 τοὺς
3229 3445 3583 3509 δουλεύοντας
3606 3446 3814 3510 αὐτοῖς,
3843 3462 4007 3499 κατα-

2410 3535 2647 3604 λίμπανε
2666 3534 2807 3588 ῶστε
2829 3534 3246 3606 διαμερίζεσθαι
3295 3534 3362 3589 δι’
3390 3536 3514 3589 ὅλου
3540 3534 3636 3589 τοῦ
3673 3536 3732 3588 ἐν
3752 3534 3832 3605 τῷ
3868 3551 4007 3603 φοσ-

2413 3627 2561 3698 σάτῳ
2594 3626 2859 3681 άπλίκτου
2918 3628 3151 3682 ἕκαστον
3198 3626 3327 3700 περὶ
3360 3627 3459 3698 τὴν
3488 3627 3597 3682 έσω
3624 3628 3839 3699 τάφρον
3864 3626 4008 3698 μετὰ

2412 3718 2615 3784 ὅπλων,
2638 3719 2751 3772 εἴτε
2795 3718 3037 3783 τοξεύειν
3063 3719 3339 3786 δύνανται,
3391 3720 3503 3774 εἴτε
3530 3720 3858 3784 ἀκοντίζειν,
3892 3720 4007 3772 εἴτε

2415 3812 2709 3884 σφενδονᾷν
2738 3829 2751 3843 ·
2804 3811 2943 3867 ἀλλά
2992 3813 3088 3865 καὶ
3148 3812 3207 3863 ἓν
3258 3812 3452 3882 βάνδον
3516 3812 3658 3883 μετὰ
3713 3812 3898 3867 αὐτῶν
3947 3812 4008 3865 τὸ

2414 3905 2631 3974 ὀφεῖλον
2691 3904 2987 3975 βιγλεύειν,
3038 3904 3135 3958 καὶ⁸
3166 3903 3267 3969 τὰς
3323 3904 3533 3973 πόρτας
3577 3903 3673 3957 τοῦ
3730 3906 4009 3973 φοσσάτου

2417 3997 2734 4066 φυλάττειν,
2766 3998 2933 4067 ἤγουν
2960 3997 3055 4048 τοῦ
3097 3994 3551 4068 περιφραγμένου
3585 3994 3877 4061 άπλίκτου,
3906 3996 4005 4050 καὶ

2418 4091 2661 4162 ἄρχοντα
2691 4090 2747 4143 δὲ
2778 4090 3051 4160 χρήσιμον
3082 4088 3174 4142 τοῦ
3206 4088 3330 4142 ὅλου
3355 4088 3600 4142 τοιούτου
3633 4089 3935 4158 φοσσάτου.

2494 4181 2575 4237 ιδ’.
2618 4182 2905 4251 Μηδέποτε
2936 4181 3157 4235 τοῦλδον
3189 4181 3283 4234 ἐπὶ
3315 4180 3679 4252 παρατάξεως
3705 4180 4004 4250 περίφερε,

2419 4277 2468 4329 εί
2528 4274 2753 4327 δυνατόν
2818 4274 2970 4324 ἐστι’
3041 4270 3139 4325 καὶ
3206 4272 3315 4342 γὰρ
3365 4271 3583 4341 ἕτοιμον
3636 4272 3751 4335 τοῖς
3793 4272 4010 4342 ἐχθροῇ

2422 4366 2622 4438 βρῶμα
2652 4363 2886 4434 γίνεται,
2916 4362 3013 4416 ιάν
3040 4364 3097 4416 ὲν
3128 4362 3277 4433 μάχῃ
3302 4362 3528 4433 εὑρεθῇ.

2494 4545 2576 4594 ιε’.
2614 4537 2741 4593 Ἐάν
2772 4538 2978 4608 μέντοι,
3007 4538 3083 4602 ὡς
3114 4537 3281 4602 εἰκὸς,
3318 4537 3727 4607 όδοιποροῦντός
3760 4554 3857 4589 σου
3891 4538 4013 4591 ἁδό-

2418 4647 2585 4701 κητος
2618 4629 2906 4692 ἐπέλευσις
2948 4626 3098 4699 παρὰ
3134 4627 3242 4681 τῶν
3303 4627 3513 4698 ἐχθρῶν
3539 4628 3788 4698 γένηται,
3820 4630 3915 4681 καὶ
3948 4630 4012 4681 οὐ

2417 4723 2631 4793 φθάσῃς
2665 4720 2998 4775 άπλικεῦσαι
3044 4720 3139 4773 καὶ
3178 4721 3587 4790 ἀσφαλίσασθαι
3644 4720 3705 4773 τὸ
3761 4720 4011 4785 τοῦλδιον,

2416 4814 2543 4868 τότε
2589 4813 2722 4883 φέρε
2770 4812 2902 4865 αὐτὸ
2953 4813 3097 4866 κατὰ
3155 4812 3251 4865 τοῦ
3292 4811 3469 4879 δεξιοῦ
3508 4812 3707 4884 μέρους
3743 4813 3808 4865 ἐκ
3868 4814 4014 4867 πλα-

2418 4906 2537 4977 γίου
2566 4907 2664 4977 τῆς
2696 4905 2956 4976 δευτέρας
2987 4904 3372 4977 παρατάξεως,
3404 4906 3499 4958 καὶ
3537 4906 3652 4958 ἐκεῖ
3686 4905 3882 4969 τάσσε,
3915 4908 4015 4960 καὶ

2414 4997 2526 5069 ἓνῆ
2553 4996 2804 5067 δεύτερον
2836 4994 3025 5067 βάνδον
3078 4998 3144 5049 ὲκ
3174 4995 3287 5049 τῶν
3318 4994 3596 5067 περισσῶν
3622 4996 3702 5059 εἰς
3745 5012 4013 5065 παραφυ-

2415 5092 2590 5161 λακὴν
2630 5089 2797 5143 αὑτοῦ
2830 5088 3084 5159 ἀφόριζε.

2488 5182 2586 5249 ις’.
2630 5182 2758 5237 Ἐὰν
2796 5183 2853 5236 δὲ
2881 5183 2956 5253 μὴ
2988 5182 3199 5253 ἔτυχον,
3240 5182 3316 5247 ὡς
3346 5184 3587 5254 εἴρηται,
3624 5183 4013 5254 προαποθῄιε·

2416 5293 2495 5333 νοι
2526 5275 2721 5346 χόρτον
2757 5275 2852 5328 καὶ
2881 5276 2939 5328 έν
2994 5276 3133 5346 αὐτῇ
3164 5276 3231 5345 τῇ
3264 5273 3359 5327 τοῦ
3390 5274 3633 5345 πολέμου
3658 5275 3867 5348 ἡμέρᾳ,
3902 5278 4012 5328 τῶν

2420 5368 2596 5423 ἄλλων
2641 5366 2875 5421 ὁπλιτῶν
2927 5368 3023 5420 ἐπὶ
3063 5369 3165 5436 τὴν
3199 5366 3508 5439 παράταξιν
3555 5367 3890 5434 κινούντων,
3938 5372 4011 5423 τὰ

2421 5459 2758 5529 παλλικάρια
2790 5458 2898 5512 τῶν
2931 5459 3281 5531 στρατιωτῶν
3308 5460 3404 5511 καὶ
3453 5459 3562 5512 τῶν
3607 5461 3890 5531 ἀρχόντων
3922 5462 4010 5514 ἵνα

2421 5552 2753 5623 ὲξὲρχωνται
2782 5551 2862 5613 είς
2912 5550 2974 5603 τὸ
3009 5552 3173 5623 μέρος
3196 5552 3256 5605 τὸ
3309 5552 3483 5603 ὀπίσω
3510 5550 3610 5621 τῆς
3627 5552 4009 5621 ’παρατάξεως

2423 5647 2518 5699 τοῦ
2550 5647 2671 5700 ὅλου
2726 5644 2960 5715 στρατοῦ
2995 5644 3133 5714 μετὰ
3186 5644 3384 5713 ὀλίγων
3418 5644 3757 5715 βιγλατόρων
3808 5646 3876 5698 ἐκ
3911 5644 4007 5697 τοῦ

2426 5738 2525 5808 τῆς
2578 5736 2935 5809 παρατάξεως
2995 5735 3197 5806 μέρους
3265 5733 3863 5804 καταλιμπανομένων,
3918 5717 4016 5786 καί

2424 5829 2719 5894 συνάγουσι
2750 5828 2841 5882 τὸν
2885 5826 3160 5899 ἀρκοῦντα
3198 5826 3413 5897 χόρτον,
3444 5826 3501 5878 ὲν
3550 5827 3660 5895 ὅσῳ
3692 5826 3720 5878 ό
3771 5824 4011 5895 ﬁdlem;
