4176 6442
139 455 249 518 853

1178 437 1510 500 TACTICA.
1551 459 1616 469 -
1658 429 2162 492 ΕΟΝΞΤῘΤΠΤΙΟ
2200 428 2350 485 XIV.

3309 419 3415 484 854

135 567 352 632 γίνεται
377 574 391 590 ⁸
423 562 534 623 τοῖς
561 559 618 612 δὲ
644 553 1065 628 χορτολογοῦσιν
1095 551 1302 622 ὁρίσεις
1325 549 1549 616 δοθῆναι
1596 545 1723 614 βάν-

1841 556 1957 593 :asn
2007 539 2310 597 incidente.
2363 537 2612 591 revocm'i
2653 536 2761 590 illis
2794 534 3028 606 possint,
3057 542 3108 586 et
3137 531 3204 586 ad
3234 545 3412 586 castra

135 656 201 707 δα
224 653 325 704 καὶ
358 648 686 722 σημειώσεις
718 648 775 698 ἐν
820 643 1173 714 ὑψηλοτέροις
1196 641 1385 702 τόποις
1411 638 1506 690 καὶ
1537 636 1723 702 διαφό-

139 762 280 819 ροις,
316 744 461 796 ὥστε
521 738 766 794 ἐναντίου
803 737 950 798 τινὸς
969 732 1360 804 συμϐαίνοντος
1395 731 1455 782 τὸ
1489 727 1724 797 ἀνακλη-

140 841 295 891 τικειν
328 834 467 905 πρὸς
494 833 806 903 συνήθειαν,
853 830 975 883 τότε
1025 827 1338 897 ἀναχωρεῖν·
1376 824 1576 886 αὐτοὺς
1604 822 1727 892 δρο-

143 929 348 999 μαίως,
382 928 479 981 καὶ
514 928 608 979 ἐπὶ
635 926 698 977 τὺ
729 923 998 992 φοσσάτον
1041 919 1334 984 σώζεσθαι,
1382 917 1470 969 ἵνα
1516 916 1592 988 μὴ
1622 916 1726 978 ἐξω

146 1019 612 1074 ἀποκλεισθῶσιν.
646 1016 818 1070 Τοῦτο
861 1016 920 1069 δὲ
955 1013 1250 1083 ἀναγκαῖόν
1281 1013 1396 1064 ἐστι
1445 1009 1725 1077 γενέσθαι,

140 1111 230 1163 διὰ
292 1111 357 1162 τὸ
409 1108 605 1178 ἄδηλον
640 1107 738 1177 τῆς
783 1106 1088 1169 ἐκϐάσεως.
1133 1104 1263 1158 Ἐὰν
1302 1102 1413 1172 γὰρ
1464 1099 1727 1160 ἐναντίως

141 1201 339 1270 ἒξέλθῃ
382 1200 443 1252 τὸ
506 1201 761 1270 πρᾶγμα,
816 1197 1064 1266 δαπάνην
1126 1195 1342 1265 ἔχοντες
1376 1191 1471 1247 καὶ
1511 1188 1728 1243 ἑαυτῶν

142 1294 240 1347 καὶ
277 1292 391 1345 τῶν
425 1292 636 1358 ἀλόγων
664 1293 713 1344 οἱ
747 1290 1077 1360 στρατιῶται
1111 1288 1320 1357 ταχέως
1365 1284 1564 1369 αυτοὺς
1590 1281 1729 1353 πρὸς

139 1385 204 1438 τὸ
231 1384 620 1454 ἀναμάχεσθαι
670 1382 1086 1446 ἀνακαλοῦνται,
1118 1382 1287 1452 ήγουν
1317 1380 1413 1432 καὶ
1443 1378 1603 1431 πάλιν
1627 1393 1728 1428 πο-

141 1480 390 1549 λεμῆσαι
449 1480 542 1531 καὶ
574 1477 819 1547 νικῆσαι.
851 1477 920 1528 Ἦ
955 1477 1005 1527 εί
1039 1476 1114 1546 μὴ
1151 1474 1332 1538 τοῦτο,
1363 1471 1562 1532 εὐθέως
1592 1472 1725 1523 ἁνα-

141 1574 494 1643 χωρήσουσιν
520 1569 658 1639 μετὰ
697 1569 926 1633 τάξεως,
963 1568 1044 1620 ἔτι
1067 1569 1124 1619 ἐν
1147 1565 1374 1635 δυνάμει
1405 1563 1514 1615 τῶν
1547 1563 1731 1614 ἵππων

141 1665 330 1716 αὐτῶν
385 1661 812 1733 εὑρισκομένων,
869 1659 998 1729 πρὶν
1030 1659 1062 1728 ἢ
1101 1658 1171 1710 τά
1198 1673 1259 1709 τε
1290 1655 1398 1709 τῶν
1427 1650 1730 1722 ἀνθρώπων

142 1754 483 1823 φρονήματα
515 1753 609 1804 ἐπὶ
636 1751 800 1804 πλέον
827 1751 1206 1814 καταπέσωσι,
1261 1748 1354 1800 καὶ
1388 1747 1446 1800 αί
1471 1744 1582 1797 τῶν
1636 1743 1728 1795 ἴπ-

1827 647 1989 684 enrsn
2037 631 2394 692 contendam,
2455 635 2512 681 ut
2567 643 2634 681 ne
2689 627 3144 690 intercludantur,
3194 625 3289 679 sed
3347 625 3417 678 ab

1831 721 2071 775 hostium
2147 722 2349 790 impetu
2417 727 2729 775 serventur.
2784 718 2899 772 Hoc
2945 727 3168 789 propter
3220 719 3416 772 incerti

1831 817 1956 870 belli
1980 826 2236 872 eventum
2275 815 2392 869 ﬁeri
2420 816 2602 870 debet.
2632 814 2688 869 Si
2725 813 2872 869 enim
2898 814 3185 868 adversum
3209 811 3416 882 aliquid

1831 909 2123 975 ceciderit,
2162 916 2530 963 commeatum
2567 919 2619 962 et
2651 907 2912 978 pabulum
2947 907 2999 959 in
3031 916 3282 975 preniptu
3317 905 3420 960 mi-

1833 1000 1956 1054 lites
2000 1001 2047 1054 si
2098 999 2359 1062 habeant,
2407 998 2475 1052 ad
2527 1013 2761 1068 pugnam
2829 996 2990 1051 facile
3049 997 3234 1051 statim
3287 1012 3416 1065 pro-

1831 1095 2024 1156 deunt.
2048 1101 2104 1148 et
2125 1089 2482 1146 oﬂensionem
2517 1101 2794 1158 acceptam
2819 1088 3058 1144 bellandi
3087 1088 3418 1143 strenuitate

1834 1185 2185 1240 resarciunt:
2225 1184 2309 1236 vel
2366 1182 2412 1237 si
2459 1181 2514 1235 id
2567 1181 2751 1236 minus
2794 1182 3005 1237 ellicere
3046 1181 3280 1252 possint,
3334 1179 3420 1233 in-

1835 1309 2005 1372 tegris
2035 1301 2212 1371 copiis
2237 1308 2401 1371 atque
2445 1300 2717 1354 instructa
2743 1299 2882 1364 acie,
2908 1299 3036 1353 dum
3077 1299 3257 1354 adhuc
3290 1297 3420 1368 equi

1840 1399 1981 1453 firmi
2011 1407 2160 1460 sunt,
2204 1395 2483 1459 recedant,
2513 1394 2836 1464 priusquam
2861 1392 2942 1447 vel
2967 1393 3135 1445 animi
3170 1392 3420 1462 equitum

1837 1493 2013 1560 magis
2072 1489 2474 1542 labefactentur
2526 1486 2718 1556 :quod
2780 1484 2941 1538 facile
2997 1499 3101 1538 usu
3151 1484 3318 1546 venit,
3373 1483 3421 1536 si

1835 1585 2177 1633 commeatus
2205 1579 2256 1631 in
2285 1585 2539 1646 promptu
2568 1591 2675 1628 non
2712 1574 2900 1628 fuerit.
2929 1572 3063 1626 Nam
3101 1581 3224 1642 post
3246 1569 3422 1626 oﬂ'en-

1836 1672 2046 1726 sionem
2083 1670 2206 1724 belli
2255 1683 2417 1722 nemo
2443 1667 2764 1737 pabulatum
2801 1665 3019 1735 prodire
3055 1664 3238 1727 audet,
3263 1663 3423 1733 equi-

1836 1777 1943 1832 que
1977 1761 2448 1816 famelaborantes
2494 1773 2749 1829 magnam
2782 1757 3113 1812 anxietatem
3156 1755 3424 1812 militibus

141 1862 266 1898 πων
325 1844 614 1914 δυνάμεις.
659 1844 839 1912 Ὀπερ
892 1841 1150 1912 γενέσθαι
1203 1840 1445 1900 δύναται,
1509 1836 1606 1888 ἐὰν
1649 1836 1726 1905 μή

142 1939 299 1988 ἐστιν
336 1938 395 1988 ἐν
422 1937 626 2006 ἑτοίμῳ
656 1936 689 2006 ἡ
719 1935 954 2004 δαπάνη.
996 1935 1153 1987 Μετὰ
1189 1934 1298 2002 γὰρ
1343 1927 1515 2001 ἧτταν
1553 1929 1730 1991 οὐδεὶς

143 2029 346 2100 θαρρεῖ
383 2029 704 2099 ἐξέρχεσθαι
733 2032 815 2091 είς
859 2028 1123 2099 συλλογὴν
1172 2028 1390 2097 χόρτου,
1429 2026 1520 2078 καὶ
1549 2025 1598 2077 οἱ
1639 2024 1729 2074 ἴπ-

144 2141 237 2176 ποι
283 2124 644 2192 λιμώττοντες
705 2123 942 2192 ἀθυμίαν
1002 2125 1118 2185 τοῖς
1158 2121 1522 2190 στρατιώταις
1583 2135 1728 2188 παρ-

142 2217 356 2286 έχουσι,
395 2219 489 2270 καὶ
518 2217 713 2286 βουλὴν
732 2216 868 2286 πρὸς
891 2217 1170 2286 συμφέρον
1192 2215 1293 2267 οὐκ
1311 2213 1425 2266 ἐστι
1454 2211 1729 2282 γενέσθαι,

1839 1853 2091 1921 injicinnt
2125 1869 2140 1905 :
2173 1851 2308 1906 utile
2342 1861 2522 1905 autem
2556 1865 2620 1903 ac
2672 1849 2917 1905 salutare
2961 1847 3257 1902 consilium
3300 1848 3426 1917 capi

1839 1960 1945 2000 non
1992 1951 2192 2015 potest,
2248 1942 2429 2012 inopia
2465 1941 2628 1996 simul
2675 1956 2740 1994 ac
2789 1939 3085 1994 formidine
3125 1940 3426 2010 prementi-

1837 2036 1959 2090 bus.
1989 2033 2226 2089 Omnino
2255 2040 2434 2086 autem
2464 2032 2722 2102 pabulum
2745 2030 3120 2100 jumentorum
3151 2029 3215 2083 ad
3246 2043 3420 2083 unum

1841 2139 2004 2196 atquc
2034 2126 2162 2180 item
2192 2126 2424 2177 alterum
2449 2123 2592 2176 diem
2627 2122 2926 2192 repositum
2961 2122 3218 2185 habeant,
3250 2135 3427 2190 eoque

1840 2221 2006 2273 etiam
2061 2217 2318 2286 amplius,
2353 2215 2396 2267 si
2434 2214 2715 2284 pastiones
2756 2227 2925 2284 prope
2965 2213 3193 2267 fuerint.

143 2307 242 2372 τῆς
276 2307 483 2370 ἐνδείας
516 2310 610 2359 καὶ
641 2309 736 2360 τοῦ
765 2307 930 2376 φόϐου
961 2306 1298 2376 βιαζομένων
1328 2308 1519 2374 αὑτήν.
1562 2306 1721 2360 Ἀλλά
1753 2309 1859 2378 χρὴ
1893 2309 2110 2370 πάντως
2166 2308 2262 2360 καὶ
2293 2307 2393 2376 τὴν
2433 2304 2543 2358 τῶν
2584 2305 2796 2372 ἀλόγων
2857 2303 3173 2374 ἀποτροφὴν
3243 2319 3429 2374 παρα-

144 2397 398 2450 τίθεσθαι
423 2398 616 2469 μιᾶςῆ
654 2400 746 2452 καὶ
798 2399 1058 2470 δευτέρας
1108 2399 1342 2470 ἡμέρας,
1377 2400 1427 2450 εί
1477 2399 1720 2465 δυνατὸν,
1757 2403 1851 2453 καὶ
1883 2400 2067 2466 πλέον,
2127 2399 2361 2470 μάλιστα
2413 2398 2509 2451 ἐὰν
2574 2397 2669 2450 καὶ
2728 2395 2956 2466 πλησίον
3001 2395 3096 2450 τοῦ
3155 2397 3426 2466 φοσσάτου

1764 1901 1805 1956 Β

147 2493 290 2544 εἰσὶν
315 2492 371 2542 αἱ
399 2491 591 2560 βοσκαί

220 2582 310 2644 ιζ’.
368 2581 512 2634 Εξδὲ
544 2582 683 2635 κατά
710 2583 812 2652 τὴν
844 2581 1068 2652 πρώτην
1113 2585 1331 2654 ἡμέραν
1381 2585 1484 2654 τῆς
1528 2586 1735 2656 συμϐο-

146 2675 247 2742 λῆς
276 2674 372 2727 τοῦ
425 2673 665 2743 πολέμου
700 2675 918 2727 ἐναντία
960 2675 1188 2741 ἔκϐασις
1241 2680 1738 2750 παρακολουθήσει,

148 2767 177 2819 ὂ
214 2767 293 2836 μὴ
332 2767 568 2834 γένοιτο,
610 2768 745 2836 ἡμῖν
792 2767 891 2836 μέν
933 2769 1206 2832 παντοίως
1250 2772 1598 2844 ἁπρόσφορον
1644 2775 1740 2827 καὶ

149 2861 475 2928 ἀσύμφορον
512 2859 765 2927 φαίνεται
827 2859 892 2912 τὸ
963 2861 1108 2914 κατά
1157 2864 1256 2925 τὰς
1283 2865 1452 2929 αὑτὰς
1500 2867 1736 2936 ἡμέραῖι

150 2953 322 3019 1ἤγουν
355 2953 496 3006 κατὲ
534 2952 627 3006 τὸν
655 2955 818 3007 αὐτὸν
860 2955 1074 3024 καιρὸν,
1122 2955 1285 3008 πάλιν
1310 2957 1448 3025 πρὸς
1478 2957 1738 3028 δημόσιον

149 3043 395 3113 πόλεμον
423 3046 744 3116 ἐγχειρῆσαι
791 3046 920 3106 τοὺς
968 3048 1033 3098 ἐκ
1058 3047 1157 3115 τῆς
1183 3046 1544 3117 παρατάξεως
1571 3051 1736 3118 ήττη-

150 3136 370 3200 θέντας.
404 3137 497 3189 Διὸ
534 3137 654 3189 οὐδέ
703 3136 1146 3208 συμϐουλεύομέν
1191 3156 1296 3203 σοι,
1335 3132 1381 3191 ὧ
1438 3139 1732 3209 στρατηγὲ,

150 3229 292 3299 πρὸς
317 3228 479 3282 τοῦτο
518 3229 882 3297 ἐπιτηδεύειν.
932 3231 1073 3284 Πᾶσι
1113 3231 1225 3301 γὰρ
1271 3235 1504 3285 πάντοτε
1533 3232 1730 3301 δυσχε-

154 3323 245 3391 ρές
274 3324 391 3374 ἐστι
425 3321 606 3386 τοῦτο,
635 3323 730 3374 καὶ
770 3322 948 3385 οὐδεὶς
980 3322 1173 3376 εἴωθεν
1203 3325 1401 3386 εὐθέως
1431 3325 1529 3386 τὰς
1567 3325 1734 3392 ἥττας

1841 3329 2020 3370 autem
2071 3314 2174 3367 hoc
2210 3321 2317 3378 est,
2373 3319 2428 3366 et
2486 3310 2750 3363 Romanis
2813 3309 3162 3362 inusitatmn.

151 3411 559 3480 ἀναμάχεσθαι.
613 3411 846 3465 Σπάνιον
880 3412 990 3482 γὰρ
1051 3411 1230 3478 τοῦτο,
1276 3415 1372 3466 καὶ
1447 3413 1738 3484 Ῥωμαίοις

151 3502 446 3557 ἀνοίκειον.
474 3503 636 3556 Ὥστε
671 3505 719 3556 εί
755 3505 849 3557 καὶ
871 3505 1097 3573 σφάλμα
1128 3506 1608 3578 παρακολουθήσῃ,
1644 3506 1738 3558 καὶ

152 3597 373 3649 ἐλπίσει
399 3596 428 3648 ὁ
461 3596 764 3666 στρατηγὸς
790 3594 949 3648 τοῦτο
980 3596 1067 3648 διὰ
1100 3598 1200 3666 τῆς
1238 3597 1498 3667 δευτέρας
1555 3598 1737 3668 μάχης

152 3688 315 3739 τοῦτο
335 3685 704 3756 διορθοῦσθαι,
734 3687 836 3739 οὐκ
888 3687 1036 3739 ἐστιν
1073 3687 1260 3741 ἱκανὸν
1291 3689 1350 3740 τὺ
1405 3688 1611 3758 πλῆθος
1637 3690 1737 3758 τὴν

153 3777 339 3829 αἰτίαν
364 3776 724 3843 διαγινώσκον
779 3778 1099 3847 προαιρέσει
1127 3779 1206 3841 είς
1257 3779 1524 3849 δημοσίαν
1557 3780 1738 3849 μάχην

153 3872 364 3934 εὐθέως
420 3871 594 3924 ἐλθεῖν
619 3887 633 3902 ο
665 3871 739 3934 ὼς
778 3871 889 3942 γὰρ
948 3873 1012 3925 ἐκ
1061 3871 1210 3935 θείας
1249 3873 1433 3943 ψήφου
1473 3872 1646 3936 οὕτως
1679 3872 1741 3926 τὸ

152 3964 514 4031 ἀποτέλεσμα
548 3963 838 4033 δεχόμενον
872 3965 928 4016 ἐν
959 3963 1108 4036 πάσῃ
1129 3965 1302 4036 δειλίᾳ
1328 3965 1562 4031 γίνεται.

230 4053 326 4126 ιη’.
367 4055 458 4107 Διὸ
482 4055 585 4125 χρή
613 4071 674 4106 σε
715 4056 962 4126 ἀνάγκης
1002 4057 1093 4108 καὶ
1139 4057 1513 4126 περιστάσεως
1571 4058 1739 4127 χωρὶς

157 4146 236 4215 μὴ
298 4145 645 4214 ἐπιτηδεύειν
705 4145 957 4216 φανερῶς
1003 4147 1338 4214 συμϐάλλειν
1382 4151 1562 4219 μάχην
1601 4151 1740 4218 μετά

152 4240 428 4310 δημοσίαν
488 4233 663 4310 ἧτταν
711 4239 799 4292 διά
859 4240 1244 4310 παρατάξεως,
1296 4241 1434 4293 ἀλλὰ
1486 4243 1621 4313 δόλῳ
1647 4243 1742 4296 καὶ

155 4332 345 4400 ἀπάτῃ
405 4329 675 4393 σπούδαζε
743 4331 1127 4400 καιροσκοπῶν
1174 4333 1322 4394 ὅπως
1372 4333 1739 4406 αίφνιδιὰσῃς,

155 4425 252 4475 καί
280 4423 343 4474 τὸ
371 4422 438 4490 δὴ
467 4423 764 4492 λεγόμενον
794 4425 1216 4496 φυγομαχήσῃς,
1250 4425 1354 4488 ’ἐως
1380 4424 1446 4479 ἂν
1470 4429 1549 4488 είς
1571 4427 1742 4497 λήθην

152 4513 256 4582 τῆς
303 4513 510 4575 δειλίας
555 4513 774 4581 ἐκείνης
823 4514 1124 4582 γενόμενος
1148 4515 1177 4567 ὁ
1215 4515 1444 4584 στρατὸς
1479 4517 1742 4588 θαρῤήσει

154 4606 252 4658 τοῦ
281 4606 446 4658 πάλιν
480 4605 812 4676 ποιήσασθαι
845 4605 1108 4676 συλλογήν
1148 4607 1215 4660 δι’
1263 4607 1518 4675 εὐλόγους
1563 4609 1741 4672 αἰτίας

156 4693 424 4754 πολλάκις
499 4693 1043 4764 ἐπισυμϐαινούσας,
1098 4695 1165 4759 ἀς
1236 4697 1590 4769 ἀντιγράφειν
1644 4701 1744 4753 οὐκ

155 4784 308 4835 ἐστιν
339 4781 586 4838 εὔκολον.

232 4953 321 5010 ιϐ’.
375 4956 502 5010 Ἐἀν
529 4957 586 5011 δὲ
618 4957 711 5012 καὶ
742 4959 890 5024 ἅπαξ
934 4960 1219 5034 θαρρήσεις
1265 4963 1562 5033 συμϐαλεῖν
1604 4966 1742 5035 μετὰ

157 5048 260 5117 τὴν
292 5047 570 5118 ἀποϐολὴν
599 5051 698 5118 τῆς
737 5051 960 5117 δειλίας,
996 5053 1078 5106 δεῖ
1124 5055 1224 5126 τὴν
1271 5057 1558 5128 πρόμαχον
1589 5061 1744 5124 τάξιν

158 5138 235 5202 ὡς
266 5141 780 5211 κατακρουσθεῖσαν
825 5145 903 5208 εἰς
936 5145 1197 5218 δευτέραν
1233 5148 1388 5212 τάξιν
1428 5154 1621 5217 ποιεῖν,
1652 5153 1747 5206 καὶ

158 5233 262 5301 τήν
305 5231 571 5302 δευτέραν
620 5236 698 5295 είς
751 5236 1040 5305 πρόμαχον
1098 5240 1237 5308 μετά
1285 5241 1396 5294 τῶν
1446 5246 1747 5298 ἐπιλέκτων

159 5323 466 5391 ταγμάτων
513 5323 623 5377 τῶν
653 5324 712 5378 ἐν
754 5329 819 5396 τῇ
856 5328 1070 5400 πρώτῃ.
1126 5332 1442 5404 Μικροτέρα
1479 5336 1584 5406 γὰρ
1612 5333 1746 5391 οὖσα

160 5415 258 5481 τῆς
293 5412 522 5482 πρώτης
548 5413 672 5466 καθ’
699 5415 899 5484 ἑαυτὴν
927 5417 1028 5470 οὐκ
1061 5420 1310 5490 ἐπαρκεῖ.

234 5504 307 5558 κ’.
351 5504 495 5558 ⁹Δλλ“
523 5505 646 5558 οὐδὲ
680 5508 1041 5577 ἐμϐραδύνειν
1085 5511 1167 5563 δεῖ
1210 5513 1472 5578 ἀσκόπως
1507 5516 1598 5569 ἐπὶ
1624 5520 1743 5581 ταῖς

161 5597 436 5660 ἐναντίαις
469 5598 730 5652 ἐκϐάσεσι
771 5599 865 5654 τοῦ
921 5602 1182 5673 πολέμου,
1211 5607 1259 5658 εί
1310 5608 1382 5677 μή
1427 5626 1530 5661 που
1587 5609 1744 5675 ἐλπὶς

164 5689 488 5758 συμμαχίας
519 5690 552 5761 ἢ
605 5692 790 5762 ἕτερος
827 5695 1027 5765 τρόπος
1074 5696 1324 5767 βοηθείας
1354 5701 1740 5771 προσδοκᾶται,

162 5782 220 5849 ἢ,
249 5782 327 5842 ώς
358 5781 528 5845 εἰκὸς,
557 5782 850 5855 ἀπόκρισις
882 5786 1036 5857 παρά
1095 5787 1206 5841 τῶν
1245 5790 1456 5862 ἐχθρῶν
1507 5794 1740 5860 γίνεται,

162 5871 342 5944 ἥνπερ
390 5873 688 5942 ἀναγκαῖον
716 5874 790 5946 μὴ
844 5878 1217 5944 πουϐλικίζειν
1249 5884 1576 5955 προχείρως,
1624 5888 1738 5943 ἀλλ’

1916 2583 2003 2636 17.
2048 2579 2104 2634 Si
2145 2578 2325 2649 primo
2376 2572 2806 2630 conﬂictationis
2850 2571 2941 2627 die
2992 2573 3258 2627 adversus
3304 2568 3428 2626 belli

1841 2675 2020 2729 exitus
2094 2671 2294 2732 cadat,
2360 2666 2504 2735 quod
2558 2665 2738 2731 absit,
2803 2664 2992 2718 inutile
3061 2664 3217 2719 nobis
3270 2673 3432 2733 atque

1842 2766 2166 2820 inidoneum
2217 2774 2340 2814 esse
2400 2759 2638 2822 videtur,
2695 2757 2887 2811 eodem
2945 2756 3129 2810 statim
3189 2765 3432 2823 tempore

1844 2856 2035 2913 conari
2081 2855 2185 2907 hoc
2211 2853 2354 2922 quod
2388 2854 2654 2906 amissum
2689 2858 2773 2904 est
2809 2864 3156 2918 recuperare,
3187 2859 3240 2903 et
3274 2849 3430 2904 fusos

1843 2926 2265 3017 superatosque.
2290 2944 2355 2996 ad
2398 2943 2622 3012 aliquod
2655 2942 2931 3012 publicum
2968 2942 3223 3010 prmlinm
3258 2941 3433 2996 redire

1845 3043 2003 3095 velle.
2056 3039 2242 3107 Neque
2295 3051 2456 3091 verm.
2481 3037 2581 3089 hoc
2633 3045 2692 3088 ut
2752 3033 2925 3088 facias
2981 3033 3274 3088 consilium
3326 3034 3426 3087 tibi

1841 3135 2026 3188 darem
2061 3149 2073 3185 :
2110 3129 2424 3201 perdidicile
2456 3129 2602 3183 enim
2648 3127 2910 3182 omnibus
2967 3126 3070 3179 hoc
3116 3134 3223 3186 est.
3256 3141 3434 3196 neque

1843 3229 2030 3282 statim
2101 3221 2331 3276 offensio
2395 3228 2621 3288 accepta
2676 3217 2905 3272 refutari
2964 3224 3163 3285 potest.
3227 3215 3430 3267 Rarum

3248 3307 3433 3375 Itaque

1844 3409 2011 3462 etiam
2071 3405 2116 3460 si
2171 3404 2309 3457 nihil
2366 3401 2660 3456 adversum
2717 3399 2962 3463 caderet,
3013 3400 3434 3469 speraveritqne

1843 3499 2142 3566 imperator
2183 3495 2442 3548 amissam
2490 3493 2810 3562 dignitatem
2847 3491 3093 3546 secundo
3128 3492 3325 3561 prmlio
3363 3507 3428 3546 se

1842 3599 2319 3661 recuperaturum,
2381 3585 2673 3640 multitudo
2729 3594 2910 3639 tamen
2950 3585 3186 3638 militum
3223 3584 3267 3640 si
3301 3601 3434 3638 can-

1841 3699 1959 3738 sam
2008 3687 2327 3750 cognoscat,
2375 3678 2439 3731 ad
2477 3676 2859 3732 conserendas
2888 3691 3083 3731 manus
3129 3678 3314 3733 minus
3347 3686 3434 3732 est

1844 3774 2072 3828 habilis:
2111 3773 2199 3824 hic
2230 3753 2374 3824 enim
2414 3771 2596 3824 exitus
2637 3768 2790 3831 belli,
2821 3769 2979 3837 quasi
3005 3767 3271 3823 divinitus
3304 3779 3433 3825 ante

1843 3867 2098 3921 decretus
2143 3873 2312 3922 esset,
2347 3876 2601 3932 magnam
2638 3862 2806 3916 animi
2837 3861 3186 3917 formidinem
3221 3872 3434 3933 pertur-

1844 3957 2243 4024 bationemque
2283 3955 2514 4009 invehit.

1915 4051 2004 4103 l8.
2069 4051 2261 4117 Itaque
2312 4048 2431 4101 sine
2477 4047 2629 4116 gravi
2679 4062 2743 4102 ac
2792 4049 3105 4102 necessaria
3141 4063 3331 4110 causa,
3367 4065 3434 4103 ne

1843 4145 2063 4200 coneris
2095 4159 2281 4197 coram
2338 4153 2502 4212 atque
2537 4153 2723 4213 aperte
2755 4145 3043 4200 instructis
3081 4146 3256 4214 copiis
3304 4160 3431 4199 cum

1846 4237 2001 4291 hoste
2048 4243 2173 4304 post
2225 4232 2585 4288 oﬂensionem
2634 4235 2762 4288 belli
2806 4246 3085 4304 acceptam
3136 4232 3426 4298 dimicare,

1845 4327 1939 4382 sed
1967 4327 2095 4381 dolo
2122 4333 2286 4394 atque
2313 4334 2457 4389 astu,
2490 4326 2783 4379 occasione
2810 4341 2869 4379 se
2899 4327 3167 4380 otl'erente
3229 4343 3432 4382 conare

1848 4421 1974 4472 illos
2015 4417 2201 4471 subito
2254 4417 2484 4478 adoriri.
2516 4426 2569 4470 et
2605 4418 2759 4486 juxta
2809 4426 2965 4472 vetus
3009 4419 3239 4482 dictum,
3308 4427 3431 4488 post

1846 4511 2049 4581 fugam,
2081 4525 2317 4580 pugnam
2357 4510 2780 4579 redintegrabis,
2817 4517 2876 4562 ut
2909 4509 2971 4562 ad
3022 4512 3223 4564 veteris
3257 4501 3430 4562 oll’en-

1847 4604 2021 4658 sionis
2069 4602 2402 4656 oblivionem
2450 4603 2730 4656 exercitus
2779 4604 2983 4666 veniat,
3035 4613 3200 4670 atque
3235 4603 3428 4656 iterum

1851 4700 2002 4753 coire
2037 4698 2089 4750 in
2133 4699 2452 4751 societatem
2509 4697 2899 4761 multitudinis,
2935 4703 2990 4750 et
3024 4711 3218 4765 cogere
3261 4695 3430 4764 juxtis

1851 4791 2036 4845 causis
2086 4805 2230 4859 smpe
2279 4789 2481 4842 oblatis
2536 4804 2596 4843 se
2637 4788 2854 4852 audeat,
2902 4803 3039 4858 quas
3074 4784 3430 4859 onmes'per-

1851 4883 2092 4937 scribere
2144 4880 2302 4934 facile
2338 4881 2481 4933 haud
2524 4879 2708 4934 fuerit.
3374 4935 3386 4942 _

1927 4976 2013 5030 l9.
2061 4973 2156 5027 Sin
2199 4982 2323 5042 post
2370 4973 2728 5027 oll‘cnsionem
2775 4982 3057 5043 acceptam
3118 4975 3314 5029 iterum
3351 4987 3428 5028 ta-

1845 5083 1968 5122 men
2008 5082 2134 5120 cum
2168 5066 2324 5119 hoste
2375 5064 2660 5132 confliges,
2693 5067 2864 5134 prima
2902 5066 3049 5120 acies
3086 5068 3242 5133 quasi
3268 5075 3426 5119 antea

1846 5158 2134 5229 proﬂigata
2196 5158 2250 5211 in
2313 5156 2614 5210 secundam
2666 5157 2838 5211 aciem
2903 5156 3231 5211 conferenda
3282 5168 3366 5212 est
3412 5177 3425 5213 :

1846 5252 2084 5309 secunda
2131 5262 2311 5305 autem
2364 5251 2694 5321 quibusdam
2742 5266 2773 5305 e
2827 5252 3002 5319 prima
3055 5252 3170 5305 acie
3201 5251 3428 5306 delectis

1848 5347 1986 5399 viris
2019 5345 2083 5398 ad
2123 5345 2355 5413 primam
2397 5345 2738 5398 traducatur.
2777 5342 2912 5397 Nam
2945 5359 3068 5396 cum
3101 5344 3214 5397 lucc
3250 5343 3428 5397 minor

1853 5436 2028 5506 prima
2071 5435 2162 5498 sit,
2207 5434 2325 5503 ipsa
2363 5450 2458 5504 per
2489 5435 2725 5504 scipsam
2769 5436 2904 5488 satis
2927 5449 3047 5488 esse
3083 5450 3189 5488 non
3226 5443 3425 5504 potest.

1922 5526 2012 5580 20.
2057 5525 2358 5581 Retardarc
2384 5535 2564 5579 autem
2598 5527 2651 5580 in
2696 5527 2820 5581 belli
2849 5534 3046 5580 eventu
3087 5527 3269 5579 minus
3298 5543 3426 5595 pro-

1852 5634 2014 5688 spero
2059 5618 2202 5675 haud
2258 5621 2391 5674 utile
2443 5627 2550 5685 est,
2602 5619 2708 5674 nisi
2759 5619 2941 5690 aliqua
2983 5634 3108 5687 spes
3147 5619 3430 5674 sOcielatis

1851 5720 1945 5764 aut
1990 5711 2132 5765 alius
2180 5711 2376 5766 modus
2426 5712 2667 5781 prmsidii
2700 5718 3091 5781 exspectetur:
3138 5711 3246 5778 vel,
3282 5711 3427 5781 quod

1851 5817 1993 5870 εει-ρο
2053 5804 2132 5868 lit,
2183 5806 2469 5874 responsio
2518 5805 2587 5858 ab
2645 5804 2893 5858 hostibus
2943 5802 3222 5868 all‘eratur,
3267 5819 3429 5872 quam

1852 5895 2120 5969 dimi-gari
2163 5913 2390 5955 necesse
2439 5914 2551 5955 non
2591 5899 2687 5966 sit,
2734 5898 2828 5954 sed
2880 5913 2906 5953 a
2943 5897 3216 5968 prazfeitis
3252 5898 3428 5954 solum
