4176 6442
741 406 853 468 855

2020 406 2210 465 LEON
2224 408 2247 463 l
2259 408 2297 463 S
2329 406 2790 467 PHILOSOPHI

3911 409 4023 470 866

750 517 1031 588 cognosci.
1088 516 1241 581 Quod
1300 515 1347 569 si
1417 515 1530 568 ﬁeri
1590 518 1777 569 statim
1836 516 2005 585 possit
2053 515 2199 583 quod
2260 516 2327 567 ab

2440 517 2463 585 ἦ
2495 516 2578 568 δεῖ
2607 517 2810 588 ταύτην
2844 516 3158 586 μανθάνειν.
3204 519 3317 571 Καὶ
3342 519 3439 571 ἐὰν
3474 515 3536 569 τὸ
3568 516 4020 587 ’προτεινόμενον

740 610 993 662 hostibus
1031 607 1382 676 preponitur,
1408 621 1514 660 non
1553 605 1857 670 diﬂcratur,
1886 606 1980 660 sed
2025 605 2215 660 scdulo
2250 606 2331 660 vel

733 698 1115 771 jurejurando,
1162 700 1247 755 vel
1303 699 1412 753 alio
1457 701 1712 769 quopiam
1764 708 1921 769 pacto
1976 699 2327 767 transigatur.

740 793 836 846 Sin
927 793 1300 861 perniciosum
1378 802 1433 845 ct
1492 790 1563 844 ad
1640 800 2017 860 contemptum
2071 791 2328 859 alicujus,

739 892 832 938 aut
902 886 1171 939 universa:
1238 883 1612 939 multitudinis
1679 885 2068 938 contumeliam
2139 882 2328 947 fuerit,

738 977 856 1031 hac
908 986 1072 1045 atque
1111 976 1220 1029 illis
1278 975 1504 1030 duriora
1544 976 1598 1029 in
1647 976 1844 1044 vulgus
1899 984 2143 1031 nostrum
2198 974 2330 1029 etle-

738 1064 906 1120 renda
944 1074 1091 1129 sunt,
1125 1075 1184 1118 ut
1212 1066 1493 1120 exercitus
1546 1066 1621 1117 ita
1680 1066 2013 1131 concitatus,
2050 1080 2112 1120 ac
2143 1080 2331 1121 neces-

738 1158 903 1211 sitate
966 1158 1309 1226 compulsus,
1357 1156 1721 1225 impetuosius
1785 1156 2076 1212 adversum
2142 1158 2330 1214 hostes

742 1248 1025 1319 procedat,
1096 1259 1258 1318 atque.
1300 1248 1644 1301 obcdientior
1689 1250 1962 1317 praefectis
2015 1251 2131 1303 suis
2190 1251 2262 1304 sit
2309 1270 2323 1306 :

738 1350 946 1410 quanto
996 1343 1143 1393 enim
1191 1341 1365 1408 major
1417 1339 1653 1393 tardatio
1718 1337 1904 1402 fuerit,
1956 1350 2105 1394 tanto
2161 1343 2329 1411 magis

742 1433 990 1502 superati
1041 1434 1243 1487 milites
1270 1431 1747 1487 formidolosiores
1782 1439 1965 1497 erunt,
2002 1441 2056 1487 et
2087 1432 2328 1487 victores

743 1527 1068 1582 audaciores
1118 1528 1408 1581 cxsistent.

813 1621 901 1672 21.
943 1618 1273 1688 Priusquam
1319 1630 1499 1672 autem
1534 1620 1852 1673 universum
1908 1619 2079 1673 robur
2109 1626 2327 1673 tuormn

740 1711 1017 1773 considat,
1053 1712 1384 1765 adhortandi
1419 1713 1515 1765 tibi
1560 1730 1653 1781 per
1685 1712 2056 1775 turmarchas,
2096 1726 2192 1779 per
2230 1710 2328 1764 de-

2434 612 2678 679 παρευθὺ
2723 612 2969 681 γίνεσθαι
3025 614 3271 677 δύναται,
3311 612 3385 682 μὴ
3424 611 3849 677 ἀναϐάλλεσθαι,
3879 612 4022 666 ἀλλὰ

2433 702 2696 772 πράττειν
2729 704 2861 756 αὐτὸ
2899 704 3158 773 ἀσφαλῶς
3192 704 3260 757 δι’
3298 702 3577 773 ὀψίδων,ἢ
3631 702 3823 771 ὅρκου.
3861 701 3929 753 Εἰ
3963 702 4019 753 δὲ

2431 796 2725 861 ἐπιϐλαϐές
2757 800 2924 864 ἐστιν,
2959 800 3053 851 καὶ
3089 797 3157 850 δι’
3184 797 3476 868 ὑπέρθεσίν
3507 813 3654 859 τινος
3676 798 3771 850 καὶ
3800 794 4020 865 χαύνω-

2434 906 2520 941 σιν
2578 889 2674 942 τοῦ
2721 890 2880 959 ὄχλου
2926 889 3167 958 λέγεται,
3206 890 3277 942 τά
3331 890 3548 943 ἐναντία
3603 889 3685 941 δεῖ
3750 887 4018 959 φημίζειν

2435 983 2774 1052 σκληρότερα
2798 983 2908 1036 τῶν
2930 982 3385 1053 προτεινομένων,
3419 983 3506 1035 ἵνα
3535 981 3735 1052 μᾶλλον
3763 983 3794 1033 ὀ
3842 998 4015 1051 στρα-

2432 1076 2522 1138 τὸς
2550 1078 2687 1145 πρὸς
2713 1076 2881 1146 ὀργὴν
2911 1076 3323 1145 διανιστάμενος
3365 1077 3432 1145 τῇ
3465 1075 3683 1146 ἀνάγκῃ
3713 1074 4018 1143 ίσχυροτέυ

2434 1187 2544 1241 ρως
2581 1173 2697 1233 τοῖς
2733 1169 2952 1239 ἐχθροῖς
2996 1171 3402 1240 ἀντικαταστῇ,
3449 1169 3545 1221 καὶ
3597 1169 3676 1221 ἐτι
3728 1167 4015 1237 πειθήνιος

2432 1262 2508 1331 τῷ
2547 1264 2772 1332 ἄρχοντι
2801 1264 3028 1334 γένηται
3055 1280 3069 1294 ⁸
3122 1264 3247 1316 ὅσον
3301 1265 3409 1332 γάρ
3465 1261 3737 1332 βραδύτης
3777 1260 4012 1327 γίνεται,

2430 1353 2683 1407 τοσοῦτον
2725 1359 2773 1409 oi
2819 1356 3147 1425 ἡττηθέντες
3196 1354 3490 1426 δειλότεροι
3544 1354 3805 1422 γίνονται,
3842 1352 4005 1404 κάλα

2431 1449 2753 1517 νικήσαντες
2779 1448 3195 1520 τολμηρότεροι.

2502 1637 2608 1693 κα’.
2675 1636 2876 1709 Πρὶνῆ
2924 1634 3018 1690 οῦν
3070 1636 3152 1699 είς
3202 1634 3410 1688 τέλειον
3447 1632 3517 1686 τὰ
3560 1634 3888 1703 φρονήματα
3919 1647 4017 1681 κα-

2428 1733 2731 1796 ταπέσωσι,
2758 1731 2865 1800 χρή
2922 1747 3002 1795 σε,
3053 1722 3098 1781 ὦ
3130 1727 3427 1799 πρατηγέ,
3460 1724 3549 1779 διά
3574 1741 3633 1776 τε
3675 1723 3786 1775 τῶν
3818 1722 4013 1790 ἀρχόν-

743 1816 937 1864 canos,
986 1799 1307 1869 quintauos,
1342 1800 1544 1853 milites
1576 1802 1653 1853 tui
1699 1809 1853 1861 sunt,
1889 1815 2327 1853 commemoran-

746 1895 980 1916 _l--.......--
1033 1902 1109 1916 ..-ι
1164 1893 1267 1916 2111..
1342 1907 1448 1916 ﬁ-..
1482 1908 1597 1916 --.αι
1642 1893 1747 1916 2η..-
1781 1902 1993 1916 ..ι-...ηυη
2022 1892 2246 1916 :.........:...
2273 1908 2331 1916 ,Α

2440 1839 2543 1874 των
2570 1821 2678 1874 τῶν
2704 1799 3023 1890 ταγμάτων,
3044 1820 3141 1873 καὶ
3169 1819 3278 1873 τῶν
3305 1818 3608 1887 δεκάρχων,
3634 1816 3730 1869 καὶ
3763 1816 4008 1882 πεντάρ-

741 1895 983 1962 dumque
1030 1902 1111 1947 est
1164 1893 1291 1957 illis,
1342 1907 1451 1946 non
1478 1908 1599 1947 esse
1638 1893 1750 1962 jam
1781 1902 1996 1962 tempus
2022 1892 2248 1960 ignaviae
2271 1908 2333 1948 ac

743 1983 1037 2047 socordiae,
1091 1982 1189 2037 sed
1242 1982 1668 2051 impressionum
1719 1990 1884 2051 atque
1947 1982 2331 2036 incursionqu

742 2078 798 2132 in
840 2078 1029 2131 hostes
1056 2075 1458 2138 faciendarum,
1487 2084 1540 2131 et
1563 2091 1684 2144 qua;
1709 2073 1894 2129 clades
1915 2085 2077 2143 atque
2104 2074 2335 2129 olfensio

740 2178 869 2224 ante
896 2176 1115 2233 accepta
1159 2167 1286 2230 fuit,
1328 2181 1389 2221 ea
1431 2165 1543 2234 jam
1582 2165 1785 2219 virtute
1826 2178 1891 2219 ac
1930 2165 2095 2219 rebus
2140 2180 2335 2234 geren-

742 2262 828 2315 dis
875 2261 1108 2315 delenda
1138 2266 1307 2327 atque
1348 2256 1695 2312 obliterauda
1745 2266 1849 2311 est.
1902 2254 2028 2309 Haec
2059 2265 2225 2325 atque
2256 2257 2325 2311 iis

743 2351 946 2407 similia
986 2349 1098 2405 illis
1147 2348 1427 2403 narranda
1463 2357 1616 2402 sunt.

812 2442 905 2496 22.
948 2442 1004 2496 Si
1051 2455 1175 2510 spes
1207 2441 1394 2509 aliqua
1450 2449 1535 2494 est
1580 2438 1703 2494 acie
1749 2440 2023 2494 instructa
2076 2442 2333 2511 prmlium

745 2534 1058 2604 recuperari
1099 2547 1284 2603 posse,
1338 2533 1441 2586 hac
1500 2532 1588 2586 via
1617 2546 1783 2602 quam
1830 2548 1996 2603 supra
2042 2533 2155 2587 dixi
2209 2549 2336 2603 pro-

744 2628 996 2682 ccdatur.
1052 2626 1149 2679 Sin
1206 2624 1310 2679 hoc
1354 2624 1519 2678 modo
1568 2639 1681 2678 non
1723 2626 2063 2693 proﬁciatur,
2116 2640 2214 2692 pro
2244 2640 2338 2693 pe-

748 2721 1045 2774 riculorum
1094 2718 1305 2773 ratione
1366 2717 1639 2786 optimam
1690 2717 1794 2772 sibi
1850 2718 1993 2772 viam
2025 2718 2333 2787 conquiret.

819 2897 912 2951 2'5.
958 2896 1014 2949 Si
1063 2895 1337 2963 peditatus
1370 2895 1611 2948 hostium
1644 2893 1849 2957 vincat,
1906 2909 2031 2947 cum
2063 2893 2218 2962 cquis
2246 2909 2337 2948 or-

748 2990 936 3043 dinale
975 2986 1346 3041 discessiones
1374 2997 1538 3056 atque
1562 2987 1993 3057 demigrationes
2024 3002 2088 3042 ex
2124 3002 2189 3041 eo
2219 2989 2337 3041 loco

754 3080 906 3145 ﬁant,
952 3088 1117 3149 atque
1161 3080 1236 3132 ita
1282 3090 1664 3149 permaneant.

824 3281 918 3335 24.
962 3280 1056 3333 Sin
1091 3279 1306 3349 equites
1348 3278 1571 3343 fuerint,
1614 3277 1889 3346 superﬂua
1919 3290 1971 3333 et
2002 3278 2189 3349 gravia
2220 3287 2334 3332 tum

748 3370 1026 3441 jumenta,
1061 3380 1171 3422 tum
1194 3370 1299 3422 alia
1319 3384 1662 3439 quaecunque
1688 3370 2154 3445 praetermittenda
2184 3380 2334 3435 sunt,

757 3461 1076 3531 peditesque
1097 3460 1495 3523 constituendi,
1515 3467 1568 3513 et
1593 3461 1711 3514 sine
1730 3461 1997 3527 jumentis
2027 3462 2337 3531 equitibus-

755 3567 864 3623 que
904 3553 1194 3606 universos
1222 3552 1274 3605 in
1312 3551 1451 3605 duas
1480 3553 1776 3621 phalanges
1805 3555 1924 3607 sive
1959 3553 2127 3618 acies,
2168 3563 2260 3606 aut
2283 3553 2337 3607 in

756 3660 923 3700 uuam
963 3646 1290 3713 quadratam
1345 3644 1637 3713 oblongam
1690 3644 1921 3697 formam
1959 3644 2235 3707 iustrues,
2282 3647 2338 3700 in

756 3737 938 3791 medio
985 3738 1233 3805 jumeuta
1267 3747 1434 3805 atque
1482 3736 1870 3807 impedimenta
1924 3753 2134 3807 ponas,
2185 3750 2339 3792 extra

757 3834 871 3884 haec
905 3830 1103 3883 milites
1146 3830 1200 3883 in
1236 3831 1382 3895 acie,
1432 3829 1891 3899 quemadmodum
1947 3831 2337 3900 praediximus,

757 3931 920 3990 atque
952 3925 1093 3976 ultra
1129 3938 1223 3978 eos
1259 3924 1574 3993 sagittarios
1611 3942 1623 3977 :
1660 3935 1825 3994 atque
1853 3925 1927 3979 ita
1971 3926 2341 3980 discessiones

758 4017 1301 4086 demigrationesque
1334 4026 1453 4071 tuto
1482 4016 1675 4073 facies.

831 4111 924 4165 25.
967 4109 1208 4164 llursum
1238 4112 1283 4165 si
1319 4126 1580 4180 prospere
1604 4112 1670 4166 ad
1700 4112 1988 4166 victoriam
2023 4111 2223 4166 bellum
2254 4111 2341 4164 in-

760 4203 950 4264 clinet,
991 4214 1046 4257 et
1088 4203 1195 4257 Deo
1244 4204 1357 4271 jam
1391 4204 1628 4274 prepitio
1662 4206 1840 4259 victor
1867 4204 2055 4260 evadis
2082 4243 2097 4267 ,
2128 4219 2197 4258 ne
2229 4204 2344 4257 sola

763 4295 1091 4363 depulsione
1124 4294 1363 4349 hostium
1394 4303 1691 4351 contentus
1737 4297 1836 4361 sis,
1867 4296 2023 4366 quasi
2059 4296 2346 4365 imperitus

763 4388 855 4454 qui
892 4394 1137 4455 tempore
1183 4387 1262 4439 uti
1314 4387 1538 4441 nescit:
1576 4401 1754 4457 neque
1805 4391 2172 4456 importunum
2213 4385 2344 4439 illud

763 4478 977 4540 alidias,
1002 4476 1195 4539 Vince,
1230 4477 1326 4532 sed
1350 4491 1417 4533 ne
1458 4479 1622 4533 nimia
1652 4479 1838 4534 vincas
1873 4496 1887 4532 :
1927 4494 2018 4543 ne,
2058 4480 2106 4535 si
2137 4480 2347 4534 lubrico

2437 1931 2548 1983 χων
2577 1912 2988 1984 προτρέψασθαι
3038 1913 3132 1966 τὸν
3158 1910 3409 1980 στρατὸν,
3440 1911 3535 1963 καὶ
3567 1910 3759 1964 εἰπεῖν.
3799 1906 3878 1967 ὡς
3912 1905 4012 1956 οὐκ

2436 2008 2550 2060 ἐστι
2577 2008 2766 2077 καιρὸς
2790 2006 3079 2069 δειλιάσαι,
3109 2005 3248 2059 ἀλλά
3297 2003 3606 2074 ὁρμηθῆναι
3636 2000 3839 2071 μᾶλλον
3871 1999 4012 2051 κατὰ

2436 2099 2544 2153 τῶν
2572 2098 2804 2168 ἐχθρῶν,
2854 2098 2951 2151 καὶ
2987 2099 3049 2150 τὸ
3077 2097 3369 2166 γενόμενον
3416 2094 3567 2166 παρά
3593 2110 3757 2146 τινων
3789 2091 4013 2160 σφάλμα

2437 2192 2698 2261 ἀνδρείως
2737 2190 3203 2245 ἀνακαλέσασθαι.
3258 2187 3446 2242 Ταῦτα
3501 2189 3596 2240 καὶ
3628 2185 3699 2239 τά
3735 2185 3905 2254 ὃμοια
3932 2182 4012 2235 δεῖ

2439 2303 2498 2338 σε
2532 2286 2758 2356 διαλαλῆ
2766 2302 2875 2339 σαι.

2508 2457 2611 2528 κβ’.
2647 2459 2757 2513 Καὶ
2782 2459 2831 2512 εἰ
2863 2459 2962 2530 μέν
3010 2461 3157 2512 ἐστιν
3202 2458 3357 2523 ἐλπὶς
3398 2475 3492 2511 του
3516 2467 3607 2511 δια
3629 2456 3733 2525 τῆς
3762 2453 4016 2523 παρατά-

2440 2549 2573 2615 ξεως
2606 2550 2875 2620 δημοσίας
2894 2552 2994 2621 τὴν
3028 2550 3212 2620 μάχην
3235 2548 3700 2611 ἀνακαλέσασθαι,
3725 2550 3792 2616 τῇ
3838 2562 4014 2615 προει-

2441 2641 2653 2710 ρημένῃ
2698 2640 2907 2709 μεθόδῳ
2939 2641 3038 2709 τῆς
3089 2641 3297 2706 τάξεως
3340 2642 3543 2709 χρήσῃ.
3571 2639 3631 2690 El
3660 2637 3719 2689 δὲ
3765 2634 3929 2688 τοῦτο
3953 2634 4013 2685 οὐ

2438 2729 2727 2799 προὸαίνει
2754 2770 2768 2795 ,
2817 2730 2898 2782 δεῖ
2937 2730 3326 2801 συμφερόντως
3380 2730 3487 2782 τῶν
3530 2727 3794 2781 κινδύνων
3847 2742 4015 2777 κατα-

2437 2822 2660 2894 τολμᾷν.

2510 2917 2617 2984 κγ’.
2650 2918 2755 2970 Καὶ
2776 2917 2826 2969 εἰ
2862 2916 2963 2986 μέν
3001 2914 3158 2979 πεζοί
3184 2916 3324 2969 είσιν
3358 2917 3407 2967 oi
3439 2914 3767 2983 νικήσαντες
3794 2913 4013 2983 ἐχθροὶ,

2440 3010 2765 3071 σπουδάζειν
2825 3009 2966 3079 μετὰ
2997 3009 3104 3061 τῶν
3150 3008 3332 3062 ἵππων
3365 3008 3646 3069 εὐτάκτως
3675 3006 3775 3068 τάς
3803 3007 4016 3073 ἀναχω-

2444 3102 2628 3171 ρήσεις
2680 3102 2799 3171 ήτοι
2873 3100 3231 3170 μεταστάσεις
3303 3098 3398 3151 τοῦ
3459 3100 3733 3166 φοσσάτου
3805 3097 4017 3150 ἐκείνου

2365 3211 2409 3273 C
2444 3195 2702 3263 ἀσφαλῶς
2731 3193 3024 3257 ποιεῖσθαι,
3063 3196 3160 3247 καὶ
3201 3193 3274 3262 μὴ
3304 3193 3622 3259 ἀναμένειν.

2511 3286 2608 3343 κδ’.
2632 3286 2765 3340 Είδέ
2789 3287 3143 3356 καθαλλάριοι
3160 3280 3315 3347 ὦσιν.
3337 3285 3574 3354 μάλιστα
3596 3284 3705 3336 τῶν
3742 3282 4017 3353 περισσῶν

2440 3380 2535 3432 καὶ
2553 3378 2868 3447 βαρυτέρων
2897 3378 3107 3445 ἀλόγων
3134 3378 3228 3430 καὶ
3259 3376 3603 3447 πραγμάτων
3629 3376 3711 3428 δεῖ
3750 3392 4015 3446 περιφρο-

2439 3474 2570 3535 νεῖν,
2612 3471 2704 3523 καὶ
2728 3470 2866 3540 πεζῇ
2890 3469 3273 3533 καθίστασθαι,
3306 3470 3402 3521 xui.
3432 3469 3559 3521 ἄνευ
3594 3468 3793 3534 ὀλίγων
3811 3466 4016 3520 καϐάλ-

2440 3560 2641 3632 λαρίων
2675 3562 2884 3620 πάντας
2909 3559 2990 3620 είς
3009 3557 3102 3610 δύο
3132 3557 3418 3623 φάλαγγας
3449 3557 3567 3627 ἦτοι
3586 3556 3805 3620 τάξεις,
3846 3554 3881 3623 ἢ
3927 3554 4017 3605 καὶ

2441 3653 2520 3715 εἰς
2542 3651 2599 3704 ἐν
2627 3653 2970 3721 τετράγωνον
2984 3649 3227 3701 πλινθίου
3259 3649 3444 3719 σχῆμα
3471 3646 3901 3718 παρατάξεσθαι,
3928 3645 4017 3697 καὶ

2445 3744 2606 3813 μέσον
2644 3745 2742 3812 μέν
2773 3743 2841 3796 τά
2864 3743 3034 3811 ἄλογα
3064 3741 3098 3812 ἢ
3125 3741 3185 3794 τὸ
3215 3742 3432 3795 τοῦλδον
3465 3741 3678 3811 φέρειν,
3716 3739 3919 3802 ἔξωθεν
3961 3737 4014 3789 δέ

2441 3836 2587 3906 ἐχειν
2609 3836 2736 3899 τοὺς
2763 3836 3121 3905 στρατιώτας,
3148 3835 3223 3897 ὡς
3252 3833 3492 3904 εἴρηται,
3517 3834 3575 3885 ἐν
3593 3832 3767 3898 τάξει,
3788 3832 3884 3883 καὶ
3896 3832 4017 3886 τοὺς

2442 3930 2663 3996 τοξότας
2713 3929 2984 3999 ἐξωτέρω,
3017 3930 3112 3981 καὶ
3158 3920 3332 3991 οὕτως
3358 3929 3456 3990 τάς
3511 3924 3875 3997 μεταστάσεις
3926 3922 4019 3976 καὶ

2445 4024 2823 4093 ἀναχωρήσεις
2856 4021 3129 4074 ποιεῖσθαι
3162 4019 3443 4089 ἀσφαλῶς.

2517 4113 2594 4167 κε’
2614 4154 2627 4167 .
2662 4114 2832 4167 Πάλιν
2869 4112 2925 4164 δὲ
2957 4112 3051 4165 ἐὰν
3081 4112 3271 4169 αἰσίως
3300 4110 3370 4162 τὰ
3398 4109 3494 4162 τοῦ
3538 4108 3777 4178 πολέμου
3806 4106 4016 4176 ἐξέλθῃ.

2446 4208 2539 4261 καὶ
2587 4204 2722 4259 Θεοῦ
2761 4203 3080 4275 βοηθοῦντος
3109 4203 3340 4273 ἄρξηται
3366 4204 3400 4271 ή
3427 4203 3572 4271 νίκη,
3605 4201 3665 4253 οὐ
3702 4201 3789 4254 δεῖ
3822 4200 4019 4270 ὼθήσει

2448 4298 2544 4351 καὶ
2607 4297 2742 4369 μόνῃ
2776 4294 3065 4362 ἀρκεῖσθαι
3102 4293 3178 4356 ὥς
3233 4291 3634 4361 ἀπειροκάλους
3696 4289 3773 4359 μὴ
3816 4291 4017 4349 είΜτας

2446 4388 2755 4461 χρήσασθαι
2780 4387 2858 4457 τῷ
2883 4386 3082 4457 καιρῷ,
3114 4385 3251 4439 ἀλλά
3278 4384 3525 4454 ἀκαίρως
3553 4381 3776 4436 ἀκούειν
3804 4378 4016 4449 φιλοῦν-

2448 4502 2543 4546 τας
2568 4484 2651 4545 τὸ,
2683 4482 2848 4547 Νίκα,
2880 4482 2975 4535 καὶ
3007 4479 3082 4550 μὴ
3109 4478 3401 4549 ύπερνίκα,
3429 4477 3521 4529 καὶ
3548 4475 3852 4538 ἐνδιδόντας
3890 4489 4021 4542 σφα-

766 4580 1010 4637 tempore
1036 4568 1201 4622 cedas
1223 4609 1239 4632 ,
1285 4568 1523 4637 majores
1559 4568 1655 4622 tibi
1688 4569 1969 4625 molestias
2008 4570 2338 4632 accumules,

2448 4575 2618 4645 λερῶς
2674 4575 2769 4627 καὶ
2829 4572 3049 4642 μείζονα
3097 4571 3185 4625 διά
3231 4570 3332 4639 τῆς
3384 4569 3644 4631 ἐνδόσεως
3682 4566 3779 4619 τοῦ
3834 4564 4017 4634 καιροῦ

762 4669 819 4714 et
844 4661 1115 4714 incertum
1152 4676 1335 4714 rerum
1375 4660 1684 4715 futurarum
1717 4670 1971 4717 eventum
2003 4663 2221 4727 reddas,
2248 4666 2343 4718 sed

762 4753 1050 4808 eversione
1126 4754 1367 4808 hostium
1437 4754 1690 4810 absoluta
1773 4756 2036 4810 utendum
2118 4756 2343 4828 omnino

765 4854 873 4901 cst.
1034 4834 1037 4835 ν

838 4936 928 4992 26.
975 4936 1033 4990 Si
1078 4936 1145 4990 ad
1183 4937 1423 5007 aliquam
1460 4939 1822 4993 munitionem
1857 4938 2031 4993 hostis
2060 4940 2341 5010 confugit,

767 5031 852 5086 vel
885 5030 934 5086 vi
967 5040 1022 5086 et
1049 5046 1238 5094 manu,
1273 5032 1359 5085 vel
1387 5031 1511 5085 aliis
1543 5032 1829 5100 quibusvis
1868 5030 2081 5097 formis,
2108 5031 2346 5086 homini-

771 5125 877 5178 bus
914 5130 969 5177 et
995 5123 1289 5192 jumentis,
1324 5122 1597 5178 instructa
1636 5124 1755 5177 acie
1794 5123 1849 5176 in
1890 5137 2136 5178 summas
2175 5138 2351 5193 angu-

679 5274 685 5281 _
772 5217 909 5271 stias
942 5214 1278 5269 coercendus
1306 5223 1390 5270 est
1419 5256 1434 5279 ,
1483 5216 1571 5270 vel
1604 5217 1710 5270 alia
1743 5219 1938 5287 quavis
1973 5218 2353 5271 consentiente

772 5318 937 5377 atque
991 5305 1189 5361 idonea
1243 5307 1503 5370 utilitate,
1557 5308 1863 5377 usquedum
1909 5308 2148 5377 perfecte
2200 5308 2352 5361 illum

772 5400 1035 5453 everteris
1071 5418 1083 5454 :
1127 5414 1306 5469 neque
1356 5409 1472 5453 tum
1522 5399 1811 5471 defetigari
1854 5410 2089 5472 oportet,
2131 5401 2352 5469 quando

776 5491 1000 5560 paulum
1040 5489 1193 5544 illum
1231 5491 1500 5560 repuleris
1534 5510 1549 5546 :
1586 5509 1764 5561 neque
1804 5494 1884 5547 rei
1926 5495 2196 5548 universae
2232 5493 2352 5548 exi-

778 5590 895 5635 tum
937 5590 1163 5653 propter
1191 5583 1443 5654 exiguam
1492 5586 1729 5656 amplius
1761 5586 2012 5641 laborum
2034 5586 2351 5655 patientiam

778 5674 1016 5742 abjiccre
1044 5674 1236 5739 debes,
1267 5685 1390 5744 post
1425 5686 1613 5734 tantos
1646 5679 1863 5734 labores
1903 5686 2071 5749 atque
2100 5677 2353 5744 sudores,

2450 4670 2698 4739 κάματον
2745 4664 3203 4735 ἐπισωρεύοντας,
3234 4663 3330 4717 καὶ
3366 4661 3559 4732 ἄδηλον
3594 4660 3693 4730 τὴν
3728 4660 4019 4728 μέλλουσαν

2450 4760 2675 4814 ἔκϐασιν
2727 4760 2937 4821 ἑαυτοῖς
2973 4755 3502 4819 κατασκευάζοντας,
3539 4752 3674 4806 ἀλλά
3713 4752 3797 4805 δεῖ
3836 4755 3905 4821 τῇ
3932 4747 4017 4803 τοῦ

2451 4853 2648 4925 ἐχθροῦ
2686 4852 2868 4921 τελείᾳ
2901 4849 3195 4905 καταλύσει
3222 4847 3524 4915 ἐπιμένειν.

2523 4944 2639 5009 κς·’.
2674 4945 2735 4996 Et
2763 4944 2819 4996 δὲ
2847 4945 2905 4996 ἐν
2951 4941 3270 5011 ὀχυρώματι
3328 4936 3672 5008 καταφεύγῃ,
3704 4935 4019 4998 σπουδάζειν

2448 5040 2481 5110 ἢ
2513 5038 2658 5108 χειρὶ
2688 5036 2720 5107 ἢ
2756 5035 2845 5088 διά
2863 5035 2972 5088 τῶν
3009 5034 3306 5087 λειπόντων
3340 5030 3501 5084 είδῶν
3540 5032 3656 5091 τοῖς
3690 5028 4015 5099 ἀνθρώποις.

2449 5130 2483 5200 ἢ
2522 5132 2633 5191 τοῖς
2656 5128 2893 5195 ἀλόγοις,
2924 5127 3013 5179 διὰ.
3035 5123 3437 5197 παραφυλακῆς
3476 5122 3836 5190 πενοχωρεῖν
3868 5120 4018 5173 αὑτὸν

2455 5224 2618 5293 μέχρι
2651 5220 2862 5284 τελείας
2910 5217 3076 5272 αὐτοῦ
3111 5216 3480 5278 καταλύσεως,
3514 5211 3871 5283 ἢέπωφελῶν
3900 5212 4018 5279 ἡμῖν

2452 5315 2751 5384 γινομένων
2781 5312 3108 5381 συμφώνων,
3147 5310 3239 5361 καὶ
3282 5307 3415 5378 μηδέ
3459 5304 3746 5359 ἐκλύεσθαι
3768 5307 3840 5373 τῇ
3878 5303 4018 5369 ὀλίγῃ

2454 5406 2679 5473 ὡθήσει,
2718 5402 2851 5472 μηδέ
2901 5400 3126 5469 ἀμελεῖν
3144 5400 3243 5468 τῆς
3263 5396 3357 5449 τοῦ
3394 5397 3720 5464 πράγματος
3749 5394 4019 5452 ἐκϐάσεως

2451 5497 2516 5550 δι’
2545 5496 2733 5564 ὀλίγην
2762 5492 3062 5565 καρτερίαν
3097 5489 3235 5561 μετά
3262 5487 3517 5542 τοσοῦτον
3566 5487 3749 5549 πόνον,
3786 5489 3884 5538 καὶ
3929 5483 4018 5534 κά-

2457 5606 2624 5659 ματον
2656 5588 2749 5641 καὶ
2774 5587 2919 5656 μετά
2959 5582 3212 5638 τοσοῦτον
3237 5584 3301 5635 ἐκ
3337 5579 3431 5634 τοῦ
3468 5579 3706 5649 πολέμου
3736 5578 3975 5631 κίνδυνον
4002 5590 4019 5605 ο

2455 5681 2580 5734 ἐπεὶ
2614 5680 2709 5734 καὶ
2738 5681 2830 5733 ἐπὶ
2853 5676 2948 5733 τοῦ
2988 5676 3251 5749 κυνηγίου
3286 5674 3348 5730 τὸ
3374 5673 3524 5743 παρὰ
3559 5673 3754 5743 μικρὸν
3794 5672 3915 5726 ἀντὶ
3937 5664 4020 5721 τοῦ

778 5769 902 5830 post
943 5770 1093 5816 tanta
1120 5763 1246 5817 belli
1279 5767 1522 5832 pericula
1552 5786 1564 5821 :
1607 5769 1865 5839 quoniam
1891 5776 1947 5824 et
1988 5770 2041 5823 in
2067 5770 2338 5825 venationi

2463 5770 2692 5843 μηδενός
2723 5773 2834 5825 ἐστι
2847 5809 2861 5825 .

779 5851 921 5925 quod
948 5869 1082 5925 pene
1111 5856 1362 5915 elici-tum
1389 5866 1490 5926 est,
1519 5858 1748 5933 perinde
1771 5868 1855 5917 cst
1876 5875 1938 5917 ac
1968 5860 2014 5919 si
2046 5861 2183 5917 nihil
2214 5871 2379 5917 esset.
