4176 6442
151 449 249 513 85⁵1

1178 434 1512 496 TACTICA.
1541 455 1608 466 -
1639 427 2144 490 CONSTITUTIO
2178 428 2325 488 XIV.

3311 423 3415 486 858

218 559 323 623 κζ’.
354 557 512 628 Μὴτε
554 555 661 624 μὴν
695 549 1046 621 περιφρονεῖν
1087 547 1187 614 τῆς
1219 548 1326 597 τῶν
1383 540 1729 613 στρατιωτῶν

1905 539 1998 592 ‘27.
2063 537 2294 591 Militum
2351 548 2569 590 tuorum
2624 534 2836 591 ordinis
2874 534 3240 590 conservatio
3291 546 3417 604 post

149 652 406 716 εὐταξίας
445 649 554 704 ἀπὸ
573 649 674 716 τῆς
703 646 861 713 νίκης
895 642 1150 712 μάλιστα,
1183 639 1316 691 ἀλλά
1359 635 1731 703 συντεταγμέ-

151 762 275 806 νους
311 742 552 803 διώκειν,
588 738 685 790 καὶ
740 736 876 805 μετά
935 732 1246 801 ἐπιστήμης
1296 731 1390 780 καὶ
1454 724 1735 794 νουνεχίας

152 833 562 889 ἐπισκοποῦντα
594 831 682 882 τὸν
711 824 1015 897 στρατηγὸν
1067 823 1135 875 τὰ
1192 823 1400 873 δέοντα.
1439 820 1551 870 Οὐκ
1579 817 1738 885 ἀρκεῖ

149 930 260 997 γὰρ
287 927 519 993 δύναμις
555 922 690 993 μόνη
719 922 798 980 εἰς
837 917 1134 984 ἀσφάλειαν
1170 914 1307 966 ἰδίαν
1337 914 1368 980 ἣ
1398 911 1600 980 βλάϐην
1631 909 1737 960 τῶν

150 1017 386 1088 ἐχθρῶν,
441 1016 577 1069 ἀλλά
633 1011 772 1081 μετά
827 1011 926 1077 τὴν
957 1007 1092 1060 Θεοῦ
1154 1005 1408 1075 βοήθειαν
1436 1004 1531 1055 καὶ
1581 999 1733 1070 ἡτοῦ

151 1108 460 1180 στρατηγοῦ
490 1107 756 1174 διοίκησις
783 1100 1058 1169 ἀναγκαία
1108 1099 1203 1149 καὶ
1238 1096 1427 1166 πρώτη
1455 1094 1736 1161 τυγχάνει.

222 1375 332 1447 κη’.
364 1377 580 1446 Πρέπον
603 1391 660 1426 σε
688 1365 865 1436 οὗν,ῶ
886 1367 1178 1437 στρατηγέ,
1200 1367 1311 1426 τοῖς
1333 1381 1391 1415 τε
1417 1364 1628 1432 καιροῖς
1649 1362 1740 1413 καὶ

154 1473 265 1534 τοῖς
299 1472 486 1530 τόποις
542 1467 819 1538 ἁρμοδίως
867 1461 1170 1531 κεχρῆσθαι
1207 1474 1219 1486 ·
1256 1459 1349 1510 καὶ
1374 1459 1466 1507 ἐὰν
1507 1455 1740 1522 δοκιμά-

158 1582 255 1638 σῃς
281 1566 377 1618 τοῦ
413 1564 631 1623 πάντως
683 1557 937 1628 γενέσθαι
978 1557 1215 1621 πόλεμον
1263 1552 1540 1620 δημόσιον,
1566 1548 1741 1600 πάντα

156 1659 477 1726 σκοπήσεις,
511 1655 604 1706 xu‘t
625 1653 788 1703 τόπον
803 1648 1109 1716 ἐπιτήδειον
1137 1642 1344 1712 γυμνόν
1377 1658 1433 1692 τε
1460 1640 1552 1692 καλ⁵
1601 1638 1743 1706 ὁμα-

157 1748 248 1800 λὸν
275 1750 361 1800 διὰ
391 1747 516 1809 τοὺς
540 1744 906 1815 κονταράτους
935 1742 1032 1807 (4).
1064 1738 1172 1790 Καὶ
1211 1736 1286 1806 μὴ
1319 1735 1478 1804 μόνον
1497 1733 1564 1784 τὰ
1593 1731 1744 1793 δεξιά

159 1839 251 1886 καὶ
279 1835 546 1906 ἀριστερὰ
581 1836 675 1886 καὶ
709 1832 932 1885 ὀπίσθια
963 1827 1103 1898 μέρη
1139 1826 1471 1896 προερευνᾷν
1523 1821 1605 1872 δεῖ
1651 1821 1742 1872 καὶ

1840 632 2128 685 victoriam
2173 630 2494 698 negligenda
2540 630 2639 685 tibi
2677 643 2786 683 non
2835 635 2953 694 est,
2990 629 3083 684 sed
3130 627 3418 682 instructis

1841 724 2014 792 copiis
2052 739 2176 776 cum
2220 722 2453 777 scientia
2511 734 2563 775 et
2613 722 2918 776 attentione
2965 720 3186 773 militari
3221 734 3415 790 prose-

1840 825 2080 884 quantur
2112 816 2339 879 hostes,
2393 813 2798 882 imperatorque
2837 813 2954 882 ipse
3005 811 3247 864 attendat
3291 811 3420 865 dili-

1841 917 2029 978 genter
2055 907 2187 976 quid
2222 909 2363 960 facto
2393 921 2532 974 opus
2564 905 2654 959 sit.
2699 905 2886 974 Neque
2909 903 3056 958 enim
3101 902 3168 954 ad
3204 902 3419 955 incolu-

1844 1001 2082 1054 mitatem
2115 1009 2375 1064 vestram,
2423 1000 2474 1051 in
2516 995 2869 1066 hostiumque
2905 994 3202 1065 perniciem
3236 1004 3421 1062 poten-

1842 1094 1915 1146 tia
1949 1095 2064 1148 sola
2094 1092 2259 1155 valet,
2293 1091 2386 1144 sed
2419 1092 2720 1146 secundum
2755 1088 2846 1142 Dei
2879 1087 3292 1158 benignitatem,
3321 1084 3421 1137 im-

1841 1187 2114 1257 peratoria
2164 1200 2226 1238 ac
2270 1185 2504 1253 diligens
2539 1199 2721 1238 rerum
2773 1181 3199 1244 administratio,
3237 1177 3426 1248 praci-

1843 1292 1946 1344 pua
1967 1292 2049 1329 -ae
2081 1291 2291 1329 summe
2325 1275 2637 1328 necessaria
2665 1281 2770 1328 est.

1915 1367 2005 1420 28.
2062 1366 2428 1436 Temporibus
2489 1381 2551 1418 ac
2577 1366 2714 1419 locis
2775 1364 2970 1417 idonee
3032 1359 3428 1428 commodeque

1850 1461 2049 1515 utaris.
2099 1459 2153 1513 Si
2195 1461 2398 1514 bellmn
2440 1457 2720 1527 publicum
2756 1456 3000 1510 futurum
3029 1452 3377 1524 perspexeris
3408 1493 3425 1519 ,

1845 1555 2027 1607 omnia
2061 1555 2179 1606 loca
2214 1550 2600 1621 perlustrabis,
2637 1549 2783 1602 nuda
2831 1558 2997 1617 atque
3027 1546 3276 1616 exposita
3309 1545 3428 1598 loca

1846 1645 2081 1702 hastatis
2113 1644 2226 1698 tuis
2257 1645 2445 1713 eliges.
2482 1643 2668 1713 Neque
2699 1643 2876 1695 solum
2911 1640 3116 1695 dextrae
3161 1639 3430 1692 sinistrae,

1845 1757 1951 1811 que
1976 1739 2169 1809 posita:
2193 1747 2379 1809 partes
2409 1737 2819 1806 perscrutanda:
2849 1745 2974 1791 sunt
3006 1733 3152 1789 omni
3186 1748 3250 1787 ex
3277 1741 3431 1803 parte

1847 1831 1982 1885 aciei
2017 1844 2192 1899 usque
2227 1830 2291 1882 ad
2328 1828 2458 1883 belli
2488 1827 2672 1893 ﬁnem,
2707 1829 2802 1881 sed
2828 1835 2882 1882 et
2921 1827 3152 1881 ﬁnitima
3185 1827 3303 1881 loca
3332 1840 3432 1880 ex-

169 1934 264 1983 lzb
286 1932 381 1982 δύο
419 1931 512 1981 καὶ
536 1929 702 1998 τριῶν
754 1923 981 1996 ἡμερῶν
1020 1922 1118 1988 τῆς
1177 1916 1540 1988 παρατάξεως
1575 1915 1737 1984 μέχρι

1852 1922 2107 1991 plor’anda
2157 1931 2288 1977 sunt
2318 1960 2333 1987 ,
2377 1937 2444 1976 ne
2480 1923 2668 1989 fossae,
2704 1923 2786 1976 vel
2822 1921 3106 1976 naturales
3139 1921 3221 1975 vel
3259 1918 3432 1973 artiﬁ-

157 2024 250 2074 τοῦ
283 2025 519 2092 πέρατος
541 2020 635 2072 τοῦ
665 2019 926 2085 πολέμου,
960 2013 1097 2068 ἀλλὰ
1137 2014 1232 2065 καὶ
1257 2011 1382 2072 τοὺς
1417 2007 1739 2078 περικειμέ-

157 2134 281 2177 νους
311 2119 511 2176 τόπους
545 2112 824 2182 ψηλαφᾷν,
851 2110 1062 2176 μήποτε
1099 2105 1294 2156 λάκκοι
1334 2102 1491 2164 εἰσὶν,
1523 2099 1554 2168 ἢ
1582 2099 1742 2150 αὑτο-

160 2211 334 2273 φυεῖς,
361 2208 394 2277 ἢ
422 2204 819 2275 όρωρυγμένοι,
850 2201 882 2269 ἢ
909 2199 1058 2260 δόλος
1102 2213 1186 2257 τις
1218 2193 1375 2254 ἄλλος
1431 2191 1740 2262 πρόκειται.

228 2298 333 2352 κθ’.
367 2300 523 2351 Κατὰ
554 2298 609 2349 δὲ
639 2297 737 2364 τὴν
758 2294 854 2347 τοῦ
893 2291 1132 2358 πολέμου
1166 2287 1400 2356 ἡμέραν,
1429 2285 1504 2347 ὡς
1526 2285 1639 2337 ἀνω
1667 2281 1744 2333 ετ-

159 2406 356 2457 πομεν,
381 2388 488 2440 τῶν
537 2386 736 2456 βιγλῶν
798 2379 1283 2453 προεξερχομένων
1335 2378 1450 2444 ἅμα
1483 2373 1630 2444 πρωῒ
1663 2375 1742 2434 είς

158 2481 408 2546 τέσσαρα
447 2481 587 2548 μέρη
635 2477 730 2528 τοῦ
766 2475 931 2527 τόπου
972 2473 1100 2525 ἔνθα
1148 2473 1180 2540 ὴ
1235 2466 1480 2537 συμῦολὴ
1535 2466 1741 2533 γίνεται

157 2569 266 2621 ἀπὸ
301 2569 397 2620 δύο
426 2571 518 2622 καὶ
568 2567 734 2637 τριῶν
777 2566 967 2635 μιλίων
1020 2567 1077 2615 ὲν
1101 2561 1316 2621 διπλαῖς
1351 2558 1563 2626 βίγλαις
1603 2573 1743 2624 παρ-

160 2663 448 2730 αγγέλλειν
499 2661 700 2721 αὐτοὺς
732 2661 804 2729 μὴ
845 2659 1006 2727 μόνον
1050 2655 1188 2726 πρὸς
1246 2653 1344 2722 τὴν
1376 2652 1484 2703 τῶν
1528 2649 1740 2718 ἐχθρῶν

162 2753 378 2820 κίνησιν
399 2753 731 2805 ἀποϐλέπειν
760 2752 854 2803 καὶ
881 2748 1128 2819 μηνύειν,
1162 2746 1297 2798 ἀλλὰ
1331 2745 1424 2796 καὶ
1451 2743 1584 2810 πρὸς
1617 2740 1744 2801 τοῦς

162 2847 416 2907 θέλοντας
444 2844 782 2915 προσρυῆναι
805 2843 905 2911 (5),
929 2841 1005 2902 ὼς
1028 2839 1193 2901 εἰκὸς,
1221 2840 1329 2897 τοῖς
1357 2836 1570 2904 ἐχθροῖς
1609 2833 1745 2885 ἀποο

164 2939 388 2989 σκοπεῖν
415 2937 506 2990 καὶ
533 2937 777 3003 συνέχειν
803 2932 1022 2994 αὐτούς.
1058 2928 1338 2983 Ἐντεῦθεν
1359 2927 1465 2996 γὰρ
1502 2924 1593 2977 xu‘t
1621 2925 1744 2979 τοὺς

163 3028 579 3096 ἀποφεύγοντας
605 3029 667 3079 ὲκ
697 3026 787 3079 τοῦ
827 3022 1060 3094 στρατοῦ
1099 3021 1296 3092 ῥᾳδίως
1327 3019 1615 3077 κωλύουσι,
1650 3018 1744 3068 καὶ

161 3121 292 3182 τοὺς
337 3123 403 3172 ἐκ
455 3119 564 3171 τῶν
599 3117 809 3187 ἐχθρῶν
859 3114 1217 3186 βουλομένους
1261 3109 1619 3180 προσρυῆναι,
1651 3108 1745 3159 καὶ

163 3209 616 3279 ἐπιφερομένους,
647 3206 722 3270 ὡς
765 3206 930 3266 εἰκὸς,
965 3205 1065 3274 ἤδη
1099 3202 1250 3264 τινὰς
1287 3201 1424 3270 μετὰ
1449 3196 1746 3265 ἀσφαλείας

1849 2017 2012 2071 ciosm
2041 2016 2174 2081 sint,
2209 2016 2292 2070 vel
2320 2015 2480 2071 dolus
2513 2015 2711 2086 aliquis
2751 2015 2935 2069 lateat.

1919 2301 2010 2356 29.
2054 2302 2177 2370 Ipso
2210 2299 2338 2353 belli
2370 2299 2492 2362 die,
2528 2295 2987 2367 quemadmodum
3035 2294 3390 2365 praediximus
3413 2327 3434 2357 .

1849 2394 2101 2448 excubiis
2135 2392 2300 2446 simul
2335 2406 2459 2446 cmn
2505 2393 2678 2461 prima
2730 2390 2852 2444 luce
2897 2389 2950 2442 in
2981 2397 3217 2457 quatuor
3248 2396 3436 2455 partes

1851 2487 2000 2540 illius
2027 2486 2132 2540 loci
2165 2485 2256 2538 ubi
2283 2483 2621 2538 conﬂictatio
2653 2483 2835 2535 futura
2862 2488 2945 2535 est
2967 2479 3178 2545 divisis,
3209 2487 3304 2534 aut
3328 2478 3437 2532 duo

1854 2587 1949 2632 aut
1978 2579 2082 2632 tria
2122 2579 2484 2631 circumcirca
2543 2577 2814 2637 milliaria,
2866 2572 3175 2644 prmeipies,
3217 2579 3277 2626 ut
3325 2586 3436 2626 non

1854 2670 2014 2722 modo
2051 2675 2234 2720 motus
2270 2666 2511 2720 hostium
2549 2664 2838 2719 advertant
2891 2673 2948 2716 et
2978 2661 3311 2732 signiﬁcent,
3341 2660 3437 2716 sed

1851 2764 2014 2816 etiam
2062 2778 2157 2816 eos
2198 2761 2292 2830 qui
2347 2761 2415 2814 ab
2476 2759 2730 2814 hosdbns
2783 2758 3020 2815 deﬁcere
3069 2758 3261 2812 volunt
3315 2771 3438 2823 per-

1853 2855 2113 2918 lustrent,
2151 2863 2204 2906 ct
2235 2854 2377 2921 apud
2408 2868 2465 2906 se
2496 2853 2795 2905 detineant.
2831 2850 2944 2906 Huc
2977 2851 3138 2905 modo
3169 2849 3313 2904 enim
3345 2862 3441 2904 eos
3500 2846 3503 2848 ’

1852 2945 1943 3013 ιιιιὶ
1970 2944 2038 2996 ab
2060 2945 2301 2996 exercitu
2334 2951 2525 2995 nostro
2557 2941 2850 3010 anfnginnt
2869 2941 3032 2996 facile
3048 2939 3436 3009 prohibt-bunt.

1852 3043 1905 3088 et
1936 3048 2031 3087 eos
2061 3033 2152 3102 qui
2196 3033 2263 3085 ab
2307 3033 2548 3086 inimicis
2577 3033 2763 3086 volitat
2789 3035 2852 3085 ad
2886 3049 2986 3088 nos
3025 3033 3277 3096 deﬁcere,
3314 3047 3437 3088 curn

1854 3124 2002 3177 omni
2037 3125 2414 3177 incolumitate
2445 3125 2513 3176 ab
2549 3124 2782 3175 aliorum
2817 3125 3152 3179 contumelia
3191 3125 3436 3193 integros

1855 3215 2294 3275 conservaliunt,
2335 3229 2401 3266 ne
2433 3229 2462 3266 a
2510 3212 2842 3281 quibusdam
2897 3214 3055 3267 malis
3086 3214 3218 3267 viris
3248 3213 3440 3283 exagi-

164 3301 544 3370 ὐποδέχονται,
583 3302 661 3362 εἰς
695 3299 755 3351 τὸ
806 3297 881 3368 μὴ
925 3292 1333 3364 ἐπηρεάζεσθαι
1364 3291 1563 3351 αὐτοὺς
1599 3288 1749 3356 παρά

1855 3316 2033 3360 tentur
2066 3327 2078 3361 :
2113 3307 2256 3375 quod
2290 3309 2387 3360 abs
2413 3315 2465 3361 te
2495 3322 2621 3377 erga
2651 3323 2783 3373 eos,
2821 3307 2912 3377 qui
2959 3309 3023 3362 ad
3060 3319 3278 3362 nostras
3316 3324 3440 3376 par-

163 3410 329 3445 ‘ttiV
357 3390 545 3444 κακῶν
570 3387 892 3459 ἀνθρώπων,
923 3389 1062 3454 ὅπερ
1090 3386 1181 3438 καὶ
1212 3385 1297 3436 ἀεί
1323 3401 1380 3434 σε
1413 3382 1519 3452 χρὴ
1566 3397 1750 3449 παραι-

167 3484 461 3554 φυλάττειν
487 3484 565 3545 είς
602 3482 728 3543 τοὺς
748 3480 1196 3549 προσφεύγοντας
1231 3473 1368 3543 μετά
1412 3490 1572 3524 τινων
1613 3486 1750 3538 πρα·

166 3573 397 3642 γμάτων
411 3574 478 3641 τῇ
494 3571 738 3640 ἡμετέρᾳ
752 3568 997 3637 πολιτείᾳ
1013 3568 1083 3628 ὡς
1111 3566 1405 3631 ἀναγκαῖον
1421 3562 1510 3614 καὶ
1524 3562 1750 3614 δίκαιον.

234 3661 299 3715 λ’.
330 3663 394 3715 Ei
433 3661 490 3713 δὲ
530 3663 670 3714 κατὰ
706 3661 772 3712 τά
818 3659 1129 3728 ἔμπροσθεν
1186 3655 1328 3724 μέρη
1364 3653 1460 3721 τῆς
1496 3650 1742 3719 παρατά-

168 3755 307 3820 ξεως
331 3752 672 3823 βιγλεύοντες
696 3751 822 3820 ἄχρι
872 3750 990 3810 ἑνὸς
1052 3744 1434 3814 σαγιττοὸὀλου
1497 3743 1594 3810 τῆς
1644 3740 1750 3792 τῶν

169 3846 385 3917 ἐχθρῶν
403 3844 781 3914 παρατάξεως,
806 3839 1115 3912 ἔμπροσθεν
1138 3841 1237 3908 τῆς
1262 3837 1395 3898 ἰδίας
1428 3831 1751 3905 περιπατεί-

166 3956 352 3991 τωσαν
377 3935 880 4006 καὶόδηγείτωσαν,
921 3935 1140 4003 μήπως,
1171 3929 1245 3993 ὡς
1276 3929 1517 4000 εἴρηται,
1555 3926 1754 3994 φόσσαι

167 4031 343 4099 {now
370 4025 659 4098 ὀρύγματά
685 4027 844 4088 εἰσιν,
876 4024 910 4094 ἢ
941 4023 1126 4093 ἕτερος
1153 4021 1302 4083 δόλος
1333 4017 1755 4091 [με]μελέτηται

169 4121 325 4188 παρά
352 4121 462 4173 τῶν
500 4119 712 4190 ἐχθρῶν
748 4134 763 4148 °
798 4117 893 4170 καὶ
927 4114 1275 4170 ἀναστέλλειν
1328 4113 1456 4175 τοὺς
1487 4111 1648 4172 ἰδίους
1678 4109 1758 4170 εἰς

169 4211 231 4262 τὸ
263 4211 340 4280 μὴ
370 4211 648 4279 ἀδοκήτως
683 4207 1038 4276 περιπίπτειν
1064 4245 1076 4258 .

241 4300 347 4355 λα’.
390 4302 478 4354 Ἐν
521 4301 632 4370 γὰρ
680 4303 792 4362 τοῖς
819 4297 1140 4366 ἀναγκαίοις
1181 4297 1367 4358 τόποις
1398 4295 1492 4348 καὶ
1545 4293 1758 4361 καιροῖς

175 4396 252 4462 μὴ
282 4392 463 4462 μόνον,
496 4392 572 4455 ὠς
614 4392 850 4462 εἴρηται,
886 4391 1061 4452 ἁπλᾶς
1088 4389 1276 4458 βίγλας
1336 4386 1477 4440 κατά
1504 4384 1614 4437 τῶν
1661 4383 1760 4434 αύ-

167 4487 279 4538 τῶν
310 4485 494 4538 τόπων
520 4484 811 4550 ποιεῖσθαι,
846 4484 1089 4536 ἀλλὰκαὶ
1118 4483 1332 4543 διπλᾶς·
1363 4480 1450 4531 ἵνα
1471 4481 1570 4547 τῆς
1609 4477 1756 4546 μιᾶς,

171 4577 434 4643 ῶςείκὺς,
469 4576 872 4646 λανθανομένης
905 4575 1003 4644 τὴν
1041 4576 1234 4644 ἑτέραν
1274 4572 1349 4642 μὴ
1388 4571 1636 4640 διαλάθῃ.

243 4667 345 4739 λβ’.
378 4670 486 4722 Καὶ
539 4669 637 4720 ἐὰν
685 4645 902 4737 ἕτοιμός
934 4669 1081 4719 ἐστιν
1114 4669 1146 4735 ὴ
1194 4665 1363 4729 τάξις,
1389 4664 1481 4716 καὶ
1523 4665 1551 4716 ό
1595 4665 1756 4728 τόπος
1784 4645 1836 4703 D

168 4758 500 4828 ἐπιτήδειος,
541 4755 615 4827 μὴ
642 4757 932 4826 ἀναμένειν
956 4756 1083 4817 τοὺς
1129 4753 1352 4823 ἐχθροὺς
1401 4755 1458 4806 έν
1501 4756 1568 4824 τῇ
1623 4772 1759 4824 συμο

170 4851 329 4921 ϐολῇ,
367 4851 453 4904 ἵνα
484 4850 559 4920 μὴ
589 4848 914 4912 κανονίζωσι
938 4848 1032 4902 καὶ
1074 4846 1404 4916 μεθοδεύωσι
1451 4847 1552 4916 τὴν
1581 4848 1756 4911 τάξιν,

170 4942 313 4996 ἀλλά
340 4942 601 5010 ἀσφαλῶς
643 4943 821 5012 ὀρμᾷν
862 4940 958 4994 καὶ
997 4938 1332 4992 ἐπιτίθεσθαι
1363 4940 1474 5000 τοῖς
1523 4940 1757 5010 ἐχθροῖς.

240 5032 347 5102 λγ¹.
391 5035 516 5086 Ἐὰν
544 5034 600 5087 δὲ
632 5032 927 5103 ὑπέρθεσιν
950 5031 1160 5102 ἔχῃ,ὼ;
1194 5030 1363 5092 εἰκὸς,
1385 5030 1456 5082 τὰ
1486 5030 1587 5099 τῆς
1622 5048 1761 5100 συμ-

173 5127 343 5195 ϐολῆς
375 5126 463 5181 διά
489 5142 640 5188 τινας
664 5125 918 5191 εὐλόγους
938 5123 1140 5187 αἰτίας,
1161 5121 1462 5189 ἀναγκαῖόν
1487 5123 1634 5173 ἔστιν
1663 5123 1761 5191 τὴν

171 5219 439 5288 δευτέραν
470 5219 704 5287 μάλιστα
727 5218 879 5282 τάξιν
911 5217 969 5269 ὲν
997 5216 1117 5276 ταῖς
1153 5214 1570 5283 εύρισκομέναις
1606 5214 1760 5275 ὕλαις

171 5313 208 5382 ἢ
260 5313 377 5374 τοῖς
436 5310 767 5380 κοιλοτέροις
816 5308 1003 5370 τόποις
1060 5305 1282 5359 ὄπισθεν
1333 5305 1596 5374 κρύπτειν
1626 5323 1639 5336 ·
1673 5306 1760 5358 ἵνα

180 5405 258 5476 μὴ
294 5405 400 5475 πρὸ
430 5402 626 5456 πολλοῦ
667 5405 779 5465 τοῖς
814 5401 1026 5471 ἐχθροῖς
1073 5397 1315 5466 ἀκαίρως
1349 5397 1758 5468 προφαινομένη

176 5497 322 5568 αὐτὴ
359 5495 736 5567 μεθοδεύηται.
780 5494 874 5546 καὶ
904 5489 1323 5559 ὲπιϐουλεύηται
1377 5489 1481 5541 ὑπὸ
1513 5490 1760 5557 ὲγκρυμ-

178 5591 392 5660 μάτων,
414 5588 445 5657 ἦ
466 5588 561 5641 xui.
586 5587 688 5639 ὑπὸ
713 5585 888 5640 ἄλλων
914 5586 1280 5654 ἐγχειρήσεων
1302 5580 1754 5651 κατασοφίζηται.

250 5680 345 5737 ἰδ’.
393 5682 544 5734 Ἐπεὶ
570 5680 626 5732 δὲ
654 5696 718 5731 πε
730 5680 780 5749 pi.
815 5675 1015 5748 βιγλῶν
1051 5672 1560 5744 ἐμνημονεύσαμεν,
1588 5674 1669 5724 δεῖ
1701 5691 1760 5725 σε

1857 3407 1935 3450 tes
1970 3396 2309 3466 profugiunt,
2344 3397 2506 3466 quasi
2538 3397 2751 3466 justqu
2789 3407 2844 3452 et
2887 3398 3267 3454 necessarium
3300 3412 3440 3453 con-

1855 3497 2127 3545 servetur.

1926 3669 2014 3724 '50.
2059 3669 2189 3734 Quae
2239 3669 2292 3722 in
2341 3669 2621 3725 anteriore
2663 3678 2819 3739 parte
2870 3669 3150 3724 exercitus
3196 3667 3444 3724 excubiae

1858 3770 2008 3824 sunt,
2038 3774 2162 3814 ante
2195 3766 2348 3814 suam
2383 3769 2619 3830 partem,
2643 3763 2954 3830 usquedum
2992 3761 3135 3815 intra
3165 3761 3330 3816 unius
3356 3776 3446 3816 sa-

1858 3855 2006 3923 gittae
2055 3853 2267 3922 jactum
2327 3854 2579 3906 venerint
2626 3853 2762 3907 aciei
2818 3853 3081 3920 hostium,
3122 3854 3443 3910 ambulent.

1858 3960 2088 4013 eamque
2115 3945 2358 4010 ducant,
2390 3960 2459 3998 ne
2494 3944 2657 4000 fossae.
2702 3946 2826 4000 ulla:
2865 3961 2929 3999 ac
2954 3947 3111 4002 lacus
3147 3946 3316 4011 ﬁant,
3351 3956 3445 4001 aut

1859 4036 2014 4092 dolos
2044 4037 2189 4091 ullus
2221 4048 2511 4106 susceptus
2543 4039 2636 4101 sit,
2665 4054 2908 4107 suosque
2940 4048 3052 4091 tum
3088 4023 3440 4106 admoneant,

1862 4147 1928 4185 ne
1964 4132 2030 4185 de
2063 4130 2364 4202 improviso
2399 4131 2453 4185 in
2481 4131 2701 4202 aliquod
2736 4131 2940 4185 malum
2969 4131 3210 4186 veniant.

1935 4313 2022 4366 ⁸51.
2061 4311 2400 4367 Necessariis
2447 4312 2582 4366 locis
2633 4325 2698 4364 ac
2743 4309 3088 4380 temporibus
3133 4325 3238 4365 non
3285 4311 3446 4366 modo

1863 4405 2162 4472 simplices,
2217 4418 2406 4457 verum
2470 4405 2635 4457 etiam
2687 4402 2940 4472 duplices
2995 4402 3194 4471 vigilia:
3239 4404 3446 4456 consti-

1865 4496 2078 4550 tuendae
2113 4503 2264 4558 sunt,
2302 4505 2360 4549 nt
2389 4495 2436 4549 si
2469 4495 2605 4567 quid
2640 4495 2872 4550 alteram
2914 4497 3100 4562 lateat,
3129 4495 3322 4550 ambas
3365 4496 3440 4549 la-

1865 4597 1979 4642 tere
2013 4604 2123 4641 non
2161 4589 2357 4657 possit.

1939 4683 2025 4736 5i.
2074 4682 2130 4736 Si
2175 4684 2445 4736 instructa
2476 4681 2656 4746 acies,
2693 4682 2741 4737 si
2787 4682 2946 4735 locus
2977 4682 3208 4736 idoneus
3242 4680 3444 4744 fuerit,

1867 4792 1935 4831 ne
1963 4783 2283 4846 exspectent
2315 4775 2445 4829 dum
2475 4776 2663 4829 hostes
2692 4790 2788 4829 eos
2813 4773 3097 4838 invadant,
3135 4782 3195 4830 ut
3229 4789 3296 4828 ne
3327 4788 3444 4827 ma-

1869 4870 1979 4921 lum
2017 4867 2236 4936 aliquod
2263 4881 2325 4920 ac
2355 4865 2542 4919 dolum
2584 4867 2993 4932 machinentnr,
3027 4866 3124 4921 sed
3155 4867 3444 4923 confestim

1868 4957 1924 5011 in
1964 4973 2059 5011 eos
2088 4957 2234 5010 omni
2267 4957 2471 5027 impetu
2499 4971 2562 5011 ac
2599 4957 2918 5013 incursione
2949 4959 3215 5013 rueudum
3247 4967 3354 5014 est.
3382 4939 3411 4956 ”

1930 5051 2019 5104 55.
2063 5049 2117 5102 Si
2144 5049 2336 5103 dilatio
2360 5050 2543 5120 aliqua
2579 5049 3010 5104 conﬂictationis
3038 5050 3327 5114 habeatur,
3357 5067 3448 5106 sc-

1859 5142 2037 5196 cunda
2083 5142 2232 5196 acies
2284 5141 2336 5195 in
2379 5143 2515 5197 locis
2549 5143 2850 5198 condensis
2900 5143 3231 5213 silvosisque
3284 5151 3449 5215 atque

1860 5234 2239 5305 asperioribus
2270 5235 2601 5290 occultanda
2631 5243 2738 5301 est,
2774 5245 2832 5289 ut
2877 5252 2943 5289 ne
2976 5235 3021 5290 si
3059 5235 3247 5291 hostes
3287 5237 3450 5305 longo

1862 5337 1989 5384 ante
2019 5337 2262 5397 tempore
2284 5344 2404 5383 eam
2429 5329 2938 5393 animadverterint,
2967 5329 3183 5384 insidiis
3211 5330 3446 5400 aliisque

1870 5421 2247 5478 molitionibus
2280 5421 2470 5478 multis
2505 5430 2760 5494 appetant
2795 5431 2956 5492 atque
2991 5422 3272 5476 invadant.

1943 5669 2032 5725 54.
2079 5667 2350 5733 Quoniam
2391 5668 2458 5723 de
2506 5667 2758 5723 excubiis
2805 5666 3137 5721 mentionem
3191 5662 3446 5729 fecimus,

1729 5764 1965 5821 ΝΟΤιΕ.

247 5865 330 5938 (4)
359 5866 800 5937 Κογταράτους.
825 5863 1203 5926 Scribebatur,
1227 5859 1541 5932 κοντάρους.

1958 5858 2034 5927 (5)
2068 5853 2467 5923 Προσρυῆναι.
2504 5857 2879 5921 Scribebatur,
2922 5855 3060 5924 πρὸς
3097 5853 3316 5925 ῥυῆναι.
