4176 6442
709 366 816 431 859

1980 360 2260 421 LEONiS
2295 360 2428 421 ΡΠΙ
2442 362 2776 424 IDSOPHI

3885 370 3996 437 860

707 473 1105 530 ostendendum
1152 467 1612 541 quemadmodum
1662 468 1745 522 lue
1804 468 2089 521 firmanda:
2142 478 2295 522 sunt.

2404 469 2574 531 αὑτὰς
2609 468 2811 538 ὀχυρὰς
2838 470 3036 531 ποιεῖν,
3075 470 3167 521 καὶ
3205 469 3435 539 διαιρεῖν
3468 473 3592 537 τοὺς
3622 476 3993 545 βιγλεύοντας,

711 564 984 619 l-Ixenbias
1008 562 1061 615 in
1090 564 1228 616 duas
1254 572 1438 630 partes
1461 558 1708 624 divides;
1739 568 1797 611 ut
1828 558 2013 611 altera:
2048 558 2297 625 vigilem,

712 659 898 710 alterae
937 656 1182 710 vicissim
1215 654 1515 707 dormiant.
1559 650 1771 706 Nemini
1810 652 1955 704 enim
2005 650 2163 704 ﬁdem
2201 652 2301 703 In-

715 748 866 812 beas,
903 749 1161 817 quamvis
1196 746 1469 814 receperit
1503 760 1563 799 se
1609 748 1879 812 integram
1910 756 2123 797 noctem
2166 744 2297 813 vigi-

711 841 976 894 laturum.
1035 839 1275 890 Somnus
1331 839 1477 889 enim
1534 851 1599 889 ac
1661 850 1825 901 sopor
1884 835 1952 889 de
2002 836 2302 903 improviso

712 942 905 1000 Sponte
933 932 1167 999 quadam
1197 946 1297 983 sua
1317 943 1425 997 opp
1462 929 1658 982 imunt.
1681 927 1817 981 Cum
1844 928 2069 996 vigilare
2090 928 2299 990 volunt,

728 1026 843 1080 ‘ecti
866 1026 1093 1094 pedibus
1113 1024 1460 1078 consistant:
1495 1021 1776 1075 sessiones
1800 1037 1945 1074 enim
1976 1036 2039 1074 ae
2070 1037 2145 1073 rei
2166 1021 2301 1073 nba-

712 1120 892 1173 Iioncs
921 1133 1153 1186 corpora
1196 1118 1249 1171 in
1300 1130 1554 1170 somnum
1590 1121 1942 1183 prwcnpitant
2036 1121 2304 1167 stationes

711 1226 890 1267 autem
919 1212 1118 1282 pedum
1168 1219 1405 1265 mentem
1441 1207 1862 1262 indormientem
1896 1206 2164 1260 excitant.

781 1392 868 1446 55.
913 1391 1060 1444 Bello
1088 1390 1200 1458 jam
1237 1385 1518 1452 conlecto,
1556 1385 1652 1455 qui
1692 1386 1927 1441 sauciati
1964 1386 2183 1442 fuerant
2221 1404 2305 1441 re-

708 1485 925 1539 levamli
960 1484 1404 1554 consolandiqne
1443 1492 1610 1548 sunt,
1644 1484 1736 1551 qu?
1773 1484 2101 1538 ceciderunt
2131 1485 2297 1538 hone-

708 1584 849 1629 stum
888 1575 1053 1629 funus
1100 1576 1357 1638 habeant,
1409 1575 1777 1643 laudibusque
1826 1574 2017 1630 multis
2059 1577 2305 1630 cohone-

707 1676 949 1733 stentur,
1008 1671 1101 1738 qui
1157 1683 1255 1737 pro
1299 1666 1404 1722 ﬁde
1455 1666 1795 1732 Christiana,
1850 1683 1951 1738 pro
2012 1668 2301 1738 fratribus.

709 1772 865 1811 suam
924 1759 1168 1827 ipsorum
1237 1758 1408 1812 vitam
1482 1758 1885 1827 profuderunt.
1944 1758 2061 1813 Hoc
2121 1769 2303 1812 autem

702 1848 915 1918 justum
980 1851 1411 1921 religiosumque
1468 1851 1620 1906 factu
1679 1860 1786 1917 est,
1837 1861 1892 1906 et
1950 1853 2375 1950 alacritatemB

709 1942 935 1996 inultam
972 1944 1287 1999 viventibus
1317 1943 1494 2000 aﬂert.

779 2032 868 2088 56.
909 2033 966 2087 Si
1000 2035 1153 2088 liberi
1184 2036 1293 2090 illis
1318 2035 1546 2102 fuerint,
1578 2048 1671 2093 aut
1704 2038 1928 2108 conjux,
1954 2037 1999 2091 si
2029 2036 2131 2091 l-oc
2164 2051 2300 2090 cono

708 2132 815 2180 stet
852 2135 1076 2181 strenue
1118 2128 1242 2181 illos
1288 2138 1456 2197 atque
1498 2130 1760 2184 alacriter
1809 2131 1863 2184 in
1900 2130 2098 2199 prmho
2135 2129 2301 2182 dimi-

706 2234 886 2283 casse,
918 2221 1167 2275 honestis
1192 2221 1370 2275 modis
1411 2222 1509 2277 abs
1539 2233 1591 2278 te
1625 2223 1903 2277 relcvandi
1940 2229 2092 2279 sunt.

777 2312 866 2366 57.
910 2313 1182 2378 Quoniam
1221 2311 1503 2370 Romanos
1531 2330 1836 2387 omnesque
1866 2315 2008 2370 alias
2046 2317 2301 2373 nationes

704 2403 959 2457 videmus
998 2406 1146 2459 acies
1193 2420 1324 2459 suas
1360 2406 1433 2459 ita
1463 2407 1757 2471 instruere,
1785 2415 2029 2474 utquam
2065 2411 2302 2466 maxime

706 2496 926 2551 eminus
980 2496 1129 2549 cerui
1193 2496 1432 2566 possint,
1479 2505 1693 2552 trucem
1773 2498 1950 2565 magis
2015 2512 2300 2568 aslieetum

708 2586 864 2641 vultu
906 2601 968 2641 ac
994 2586 1155 2652 facie,
1196 2603 1361 2657 quam
1406 2590 1579 2644 armis
1619 2590 1892 2644 lucentem
1924 2601 1978 2645 et
2005 2607 2305 2645 coruscan-

711 2686 820 2731 tem
854 2678 1030 2732 aciem
1070 2680 1125 2732 in
1171 2680 1314 2733 bello
1347 2695 1458 2749 pra:
1490 2694 1549 2735 se
1580 2680 1760 2735 ferant
1788 2697 1801 2734 :
1840 2697 2153 2751 quanquam
2197 2682 2303 2737 hoc

711 2771 1003 2827 tunhratilc
1029 2772 1138 2826 cito
1162 2775 1444 2828 evanescit
1465 2792 1479 2829 :
1504 2789 1627 2828 nam
1655 2774 1957 2829 secumluni
1987 2773 2078 2828 Dei
2104 2775 2300 2829 volun-

708 2870 874 2917 tatem
906 2901 919 2926 ,
965 2864 1318 2932 imperatoris
1370 2866 1891 2927 administratione,
1924 2876 1976 2919 et
2022 2866 2304 2920 exercitus

707 2953 1019 3017 alacritate,
1062 2956 1201 3007 bella
1251 2954 1623 3009 coniiciuntur
1668 2973 1681 3008 :
1725 2966 1948 3025 propler
1991 2971 2086 3009 eos
2118 2964 2301 3010 tamen

706 3045 801 3114 qui
831 3046 946 3100 haec
979 3047 1295 3115 requirunt,
1322 3046 1368 3102 si
1400 3047 1605 3101 silvosa
1636 3057 1731 3101 aut
1760 3061 1894 3100 cava
1930 3048 2047 3101 loca
2075 3047 2110 3098 li
2134 3048 2277 3101 erint

708 3136 783 3191 ibi
814 3138 987 3206 cepis:
1021 3139 1389 3201 occultanda,
1419 3145 1470 3191 et
1497 3139 1661 3208 longo
1697 3148 1825 3192 ante
1853 3146 2096 3208 tempore
2125 3140 2265 3193 hosti

707 3227 811 3281 bus
848 3243 956 3281 non
990 3228 1333 3282 ostentanda:
1384 3237 1535 3290 sunt,
1585 3237 1646 3281 ut
1673 3244 1741 3282 ne
1772 3228 1817 3283 si
1854 3238 1981 3284 ante
2018 3246 2185 3283 unum
2209 3239 2301 3284 aut
2334 3254 2369 3309 ε

706 3318 936 3372 alterum
965 3322 1182 3389 signum
1217 3321 1287 3373 ab
1313 3320 1569 3375 hostibus
1601 3330 2036 3390 cognoscantur,
2073 3324 2294 3379 insidia:

703 3410 813 3466 illis
843 3412 1063 3481 dolique
1098 3420 1409 3468 struantur.

776 3589 868 3646 '58.
912 3588 969 3645 Si
1003 3590 1188 3645 nudus
1212 3590 1368 3647 locus
1401 3606 1685 3663 purusque
1713 3606 1808 3647 aer
1840 3591 2025 3656 fuerit,
2052 3592 2295 3649 cassides

704 3698 835 3739 suas
864 3699 972 3738 non
1005 3684 1204 3752 capite,
1238 3683 1334 3739 sed
1366 3684 1622 3739 manibus
1651 3693 1891 3755 gestent,
1923 3684 2099 3739 donec
2129 3700 2299 3755 prope

707 3775 897 3830 hostes
929 3777 1184 3831 venerint
1217 3793 1232 3830 :
1265 3784 1423 3833 scuta
1477 3786 1659 3832 autem
1694 3791 1861 3846 parva
1891 3792 2079 3832 coram
2120 3777 2173 3831 in
2203 3792 2299 3847 pe-

705 3878 860 3924 ctore
900 3868 1111 3935 ferant,
1146 3877 1442 3940 tegantque
1484 3869 1673 3940 galeas
1716 3878 1771 3925 et
1825 3871 2113 3927 cassides:
2150 3872 2235 3926 vel
2267 3884 2298 3925 a

707 3968 864 4029 tergo
898 3959 1145 4015 humeris
1176 3969 1413 4031 gestent,
1440 3961 1486 4015 si
1514 3968 1671 4015 scuta
1711 3961 1890 4017 ferrea
1918 3977 1983 4017 ac
2007 3962 2296 4032 Splendida

706 4048 947 4104 habeant
974 4068 988 4104 :
1013 4051 1107 4106 sed
1140 4061 1200 4105 et
1235 4050 1443 4105 ferrum
1494 4050 1778 4107 hastarum
1833 4054 2097 4124 praedicto
2133 4054 2296 4110 modo

703 4144 1016 4197 occultetur
1043 4162 1056 4174 ο
1092 4151 1153 4197 ut
1187 4159 1344 4198 arma
1389 4147 1612 4203 eminus
1646 4147 1797 4201 nullo
1834 4148 1995 4203 modo
2039 4149 2294 4215 luceant,

703 4250 830 4289 cum
899 4236 1203 4305 praesertim
1272 4239 1547 4307 ejusmodi
1599 4255 1757 4310 Signo
1806 4240 1852 4295 si
1901 4252 2296 4311 consgientur

705 4331 916 4394 hostes,
948 4342 1162 4387 mentes
1193 4332 1413 4387 illorum
1443 4333 1843 4404 anticipentur,
1868 4344 1923 4391 et
1954 4337 2010 4390 in
2040 4335 2293 4391 formuli-

705 4436 830 4475 nem
860 4425 1153 4490 quamdam
1191 4433 1319 4480 ante
1354 4425 1555 4479 bellum
1587 4426 1809 4481 cadant.

2403 560 2488 610 ἵνα
2514 562 2563 611 οἱ
2615 563 2712 629 μὲν
2759 561 3001 612 ὑπνῶσιν
3027 601 3042 625 ,
3089 563 3137 614 οἱ
3168 560 3223 613 δὲ
3259 564 3664 635 ἐγρηγορῶσιν,
3699 570 3791 621 καὶ
3818 572 3997 635 οὕτως

2405 648 2833 712 ἐναλλάσσοντας
2862 650 3127 719 ἀλλήλους
3157 651 3457 720 βιγλεύειν.
3480 656 3572 725 Μὴ
3600 657 3709 728 γάρ
3763 663 3992 713 πιστεύο

2408 758 2507 811 σῃς
2536 740 2665 806 τινὶ,
2720 746 2824 797 νᾶν
2870 742 3165 811 ὑπόσχεσιν
3220 748 3457 798 ποιεῖται
3509 748 3640 819 ὅλην
3674 749 3773 820 τήν
3824 753 3995 805 νύκτα

2406 833 2751 903 γρηγορῆσαι
2791 835 3069 904 ἄγρυπνον
3093 851 3107 866 ·
3136 837 3230 888 καὶ
3264 838 3373 906 γάρ
3404 838 3678 908 ἐνδέχεται
3708 842 3803 895 καί
3833 843 3994 895 αυτό-

2408 942 2577 994 ματον
2610 924 2776 978 ῦπνον
2809 928 3074 980 ἐπελθεῖν
3102 930 3159 981 ἐν
3188 929 3243 981 δὲ
3271 932 3393 994 ταῖς
3425 930 3614 996 ἄλλαις
3637 934 3873 1003 βίγλαις,
3904 937 3991 989 ὅτε

2404 1033 2500 1086 χρε
2530 1037 2584 1083 α,
2659 1024 2846 1070 ’.ἒ-ηδ)-
2884 1023 2975 1074 καὶ
3021 1022 3215 1093 ὀρθοὺς
3248 1024 3570 1094 ἱσταμένους
3605 1026 3901 1096 βιγλεύειν.
3927 1031 3993 1082 Δί

2407 1110 2516 1180 γὰρ
2556 1112 2818 1182 καθέδραι
2848 1113 2943 1165 καὶ
2972 1115 3028 1167 αί
3061 1116 3369 1178 ἀνακλίσει,
3404 1118 3472 1170 τὰ
3514 1135 3742 1188 σωματα
3791 1122 3994 1190 μαραί-

2410 1220 2588 1255 νουσιν
2627 1204 2705 1267 εἰς
2736 1204 2900 1259 ῦπνον
2936 1223 2950 1236 ·
2993 1208 3026 1276 ἡ
3062 1208 3118 1260 δὲ
3144 1207 3253 1261 τῶν
3285 1209 3494 1263 σκελῶν
3542 1214 3735 1276 στάσις
3774 1214 3990 1285 διεγερ-

2408 1313 2492 1348 σιν
2521 1299 2621 1366 τῆς
2635 1298 2872 1363 διανοίας
2903 1302 3069 1353 ποιεῖ.

2477 1386 2570 1441 λε’.
2616 1389 2937 1458 ’Λναγκαῖον
2961 1392 3018 1445 δέ
3042 1408 3125 1445 σοι
3159 1394 3296 1462 μετά
3318 1395 3407 1448 τὸν
3432 1395 3691 1465 πόλεμον,
3719 1391 3766 1449 ὦ
3795 1412 3991 1469 στρατ-

2404 1480 2529 1548 ηγὲ,
2588 1482 2716 1542 τοὺς
2764 1483 3158 1551 πληγωθέντας
3206 1486 3264 1537 ὲν
3295 1486 3447 1556 αὐτῷ
3490 1486 3598 1540 τῶν
3641 1491 3993 1560 στρατιωτῶν

2407 1573 2873 1644 παραμυθεῖσθαι,
2916 1580 3010 1629 καὶ
3044 1578 3172 1639 τοὺς
3218 1578 3609 1643 διαπίπτοντας
3642 1583 3700 1634 ὲν
3732 1581 3811 1651 τῷ
3835 1582 3992 1634 πνλέ-

2411 1681 2496 1734 μῳ
2517 1666 2692 1733 ταφῆς
2726 1666 2934 1733 ἀξιοῦν,
2966 1669 3057 1720 καὶ
3085 1668 3411 1738 μακαρίζειν
3429 1672 3715 1742 διηνεκῶς,
3743 1673 3818 1734 ὡς
3854 1673 3991 1739 ὑπὲρ

2407 1759 2502 1825 τὴ,
2533 1776 2571 1810 π
2600 1774 2767 1821 σττως
2800 1760 2896 1811 καὶ
2929 1760 3037 1813 τῶν
3061 1761 3305 1830 ἀδελφῶν
3339 1763 3474 1831 μηδὲ
3502 1764 3601 1833 τήν
3619 1765 3832 1818 ἑαυτῶν
3850 1764 3991 1834 ζωὴν

2404 1853 2855 1921 προτιμήσαντας
2888 1868 2901 1882 ·
2942 1854 3131 1922 ἐπειδὴ
3184 1856 3278 1908 καὶ
3311 1856 3457 1908 ὅσιόν
3502 1856 3673 1921 ἐστιν,
3708 1860 3807 1912 καὶ
3860 1874 3990 1928 προ·

2404 1941 2604 2011 θυμίαν
2629 1946 2739 2007 τοῖς
2768 1942 2933 2010 ζωσιν
2957 1948 3197 2015 ἐμποιεῖ.

2473 2032 2584 2098 λς’.
2616 2036 2678 2089 Εἰ
2704 2037 2762 2089 δὲ
2787 2038 2954 2091 τέκνα
2991 2038 3175 2101 αὐτοῖς
3204 2040 3366 2105 εἰσιν,
3391 2040 3425 2111 ἢ
3459 2039 3710 2110 σύμϐιος,
3733 2041 3831 2094 καὶ
3894 2060 3989 2111 φα-

2403 2126 2561 2197 νερόν
2590 2128 2739 2181 ἐστιν
2772 2128 2902 2202 [ὅτι]
2921 2130 3317 2199 ἀγωνιζόμενοι
3360 2134 3657 2203 προθύμως
3679 2134 3992 2205 ἐτελειώθηο

2405 2232 2525 2280 σαν,
2550 2218 2645 2269 καὶ
2669 2218 2843 2271 ταῦτα
2867 2220 3225 2290 παραμυθίας
3244 2222 3429 2287 ἀξιοῦν
3447 2225 3547 2293 τῆς
3580 2250 3593 2255 λη
3622 2242 3743 2295 ρπσν
3762 2226 3933 2277 γούστ
3950 2245 3967 2255 ·

2474 2308 2572 2373 λζ’.
2612 2311 2828 2382 Ἐπειδὴ
2851 2313 2908 2365 δὲ
2929 2314 3256 2383 εὑρίσκομεν
3278 2315 3373 2368 καὶ
3402 2315 3709 2383 Ῥωμαίους
3727 2318 3825 2369 καὶ
3857 2321 3992 2369 παν-

2401 2415 2503 2462 τας
2542 2400 2669 2463 τοὺς
2726 2400 2976 2466 ὲθνικοὺς
3005 2403 3081 2466 ὡς
3111 2404 3316 2458 ἐπίπαν
3358 2404 3695 2473 μηκοθὲντας
3744 2407 3990 2475 ἀλλήλων

2401 2491 2741 2561 παρατάξεις
2768 2492 3015 2563 ὁρῶντας
3060 2493 3497 2564 ὲπισημαίνεσθα
3550 2497 3648 2564 τὴν
3683 2498 3990 2561 στυγνωτέ-

2405 2600 2505 2653 ραν
2530 2583 2731 2653 μᾶλλον
2770 2588 2836 2656 τῇ
2884 2585 3006 2654 ὕψει
3064 2586 3449 2656 ἐπιτυγχάνειν
3496 2592 3556 2642 ὲν
3603 2590 3725 2651 ταῖς
3765 2590 3987 2657 μάχαις.

2404 2675 2550 2745 ἥπερ
2573 2679 2670 2746 τὴν
2702 2677 2761 2729 ἐν
2792 2680 2903 2740 τοῖς
2932 2678 3120 2741 ὅπλοις
3147 2678 3472 2747 λάμπουσαν
3511 2697 3526 2710 ·
3563 2680 3657 2731 καὶ
3684 2680 3829 2749 τάχα
3858 2681 3991 2747 dcu-

2402 2765 2491 2828 δές
2550 2768 2698 2819 ἔστιν
2740 2768 2802 2820 τὸ
2834 2769 3053 2837 χυδαῖον
3080 2771 3258 2825 τοῦτο.
3292 2771 3445 2825 Μετὰ
3478 2772 3585 2841 γὰρ
3626 2772 3728 2841 τῆς
3754 2771 3992 2841 κρίσεως

2403 2854 2499 2907 τοῦ
2528 2855 2667 2908 Θεοῦ
2720 2859 2789 2926 τῇ
2819 2856 2911 2909 τοῦ
2944 2860 3255 2929 στρατηγοῦ
3293 2860 3557 2931 διοικήσει
3596 2861 3993 2931 καὶπροθυμία

2403 2946 2500 2999 τοῦ
2544 2948 2777 3016 στρατοῦ
2832 2951 3069 3018 πόλεμος
3116 2953 3367 3020 κρίνεται
3402 2967 3416 2982 ⁶
3447 2952 3561 3005 ἀλλ’
3588 2950 3681 3005 οὖν
3724 2953 3813 3005 διὰ
3866 2953 3992 3014 τοὺς

2410 3039 2477 3092 τά
2499 3055 2724 3092 τοιαυτα
2756 3044 3187 3112 στοχαζομένους
3228 3045 3348 3098 δέον
3406 3045 3741 3110 ter-Ameana
3796 3048 3845 3097 εἰ
3896 3046 3991 3115 μὲν

2407 3127 2531 3182 ὗλαι
2572 3130 2604 3199 ἧ
2658 3131 2827 3184 κοῖλοι
2852 3133 3007 3185 τόποι
3047 3134 3391 3205 πρόκεινται,
3435 3136 3614 3188 ὲκεισε
3636 3135 3727 3187 τὸν
3763 3136 3991 3205 στρατὸν

2405 3220 2762 3291 ἀποκρύϐειν,
2803 3223 2896 3275 καὶ
2932 3224 3039 3292 πρὸ
3066 3224 3259 3277 πολλου
3290 3228 3402 3289 τοῖς
3453 3227 3737 3296 πολεμίοις
3773 3228 3851 3297 μή
3876 3228 3991 3280 ἐπι-

2401 3314 2881 3369 δεικνύεινοῶστε
2950 3316 3025 3386 μὴ
3083 3318 3552 3386 κατασοφίζεσθαι
3619 3320 3713 3373 καὶ
3764 3320 3990 3371 ἐπιϐου-

2399 3404 2577 3459 λεύειν
2608 3408 2793 3474 αὑτὸν,
2825 3409 2874 3460 εί
2908 3408 3077 3478 μήπω
3104 3409 3332 3463 ἔλθωσιν
3356 3411 3465 3463 ἀπὸ
3495 3410 3615 3474 ἑνὸς
3642 3411 3675 3480 ἢ
3734 3410 3990 3481 δευτέρου

2400 3514 2467 3567 ση
2476 3496 2646 3567 μείου.

2471 3587 2574 3659 λη’.
2612 3589 2675 3642 Εἰ
2726 3588 2784 3642 δὲ
2835 3588 3046 3660 γυμνὸς
3092 3591 3121 3642 ὁ
3153 3590 3318 3654 τόπος
3363 3591 3460 3645 καὶ
3506 3590 3748 3662 καθαρὸς
3800 3592 3831 3643 δ
3879 3591 3990 3661 ἀήρ

2401 3685 2573 3747 ἐστιν,
2592 3682 2714 3734 τότε
2745 3680 2845 3745 τὰς
2870 3682 3129 3744 κασσίδας
3151 3682 3593 3752 παρασκευάζειν
3626 3682 3701 3753 μὴ
3726 3683 3837 3754 πρὸ
3861 3684 3991 3735 πολ-

2402 3776 2496 3830 λοῦ
2530 3778 2833 3848 φορεῖσθαι,
2867 3777 3005 3832 ἀλλά
3032 3780 3154 3839 ταῖς
3213 3780 3371 3848 χερσὶ
3424 3778 3756 3847 κατέχεσθαι
3791 3780 3989 3848 μέχρις

2403 3868 2471 3924 ἂν
2512 3870 2807 3939 ἐγγίσωσιν
2859 3870 2909 3922 oi
2956 3869 3163 3939 ἐχθροί.
3227 3870 3387 3922 Ἀλλά
3438 3870 3532 3923 καὶ
3573 3869 3646 3922 τὰ
3687 3869 3990 3937 σκουτάρια

2409 3963 2581 4034 μικρὰ
2645 3964 2774 4016 ὄντα
2827 3962 3143 4034 ἔμπροσθεν
3186 3961 3266 4025 είς
3297 3962 3357 4015 τὸ
3412 3962 3606 4032 στῆθος
3652 3962 3863 4032 φέρειν,
3895 3962 3990 4017 καὶ

2405 4059 2635 4109 σκέπειν
2666 4056 2731 4109 δι’
2767 4056 2915 4109 αὐτό.
2940 4086 2943 4091 ι
2977 4056 3074 4108 κ·ὶ
3096 4056 3165 4108 τὰ
3190 4055 3424 4125 λωρίκια
3440 4055 3533 4108 καὶ
3561 4055 3662 4118 τὰς
3684 4057 3950 4118 κασσίδας
3970 4072 3984 4087 ⁸

2404 4148 2685 4219 ἢδπισθεν
2727 4149 2867 4203 κατὰ
2940 4148 3015 4199 ὠν
3066 4148 3411 4217 ωμοπλατων
3465 4149 3673 4217 φέρενν,
3712 4148 3761 4199 εἰ
3806 4150 3989 4218 ἔχωσι

2405 4241 2602 4311 σιδηρᾶ
2628 4242 2926 4310 σκουτάρια
2954 4241 3205 4311 λαμπρά.
3249 4238 3411 4293 Ἀλλά
3429 4242 3524 4293 καὶ⁸
3549 4240 3618 4294 τὰ
3660 4240 3855 4308 σίδηρα
3881 4240 3988 4291 τῶν

2404 4334 2707 4403 κονταρίων
2763 4336 3162 4405 ἀποκρύπτειν,
3190 4336 3267 4396 εἰ,
3320 4334 3385 4386 τὸ
3414 4333 3686 4397 παντοίως
3740 4334 3811 4386 τὰ
3851 4333 3990 4385 ὅπλα

2406 4427 2646 4500 μήκοθεν
2672 4428 2999 4498 διαλάμπειν
3026 4427 3117 4481 διὰ
3145 4429 3235 4481 τδν
3258 4428 3549 4498 εἰρημένον
3598 4427 3822 4496 τρόπον,
3878 4428 3989 4478 ἀλλ’

704 4510 845 4565 ὥστε
875 4516 970 4568 καὶ
994 4515 1083 4570 διὰ
1107 4517 1349 4571 τοιούτου
1389 4520 1645 4587 σημείου,
1680 4521 1819 4590 ὅπερ
1846 4521 2201 4591 σημειοῦνται
2247 4521 2298 4575 οἱ
2363 4521 2621 4587 ἐναντίοι,
2674 4519 3303 4592 προκαταλαμϐάνεσθαι
3357 4521 3455 4582 τὰς
3502 4516 3728 4587 γνώμας
3789 4519 3987 4579 αὑτᾷν,

706 4608 801 4659 καὶ
829 4607 907 4672 είς
928 4608 1130 4663 δειλίαν
1160 4610 1255 4665 καὶ
1287 4611 1393 4681 πρὸ
1413 4612 1513 4682 τῆς
1545 4612 1726 4683 μάχης
1759 4615 2142 4683 μεταπίπτειν.

775 4700 864 4755 59.
907 4700 1144 4757 Insidias
1195 4713 1378 4758 autem
1433 4706 1685 4761 occultas
1731 4714 1896 4775 atque
1955 4706 2172 4761 abditas
2228 4720 2296 4761 eo

2473 4700 2571 4754 10'.
2609 4695 2922 4766 Κελεύομέν
2957 4712 3061 4755 σοι,
3092 4687 3137 4746 ὧ
3166 4693 3464 4764 στρατηγὲ,
3496 4692 3733 4762 μάλιστα
3767 4696 3864 4748 καὶ
3894 4697 3988 4757 τὰς

704 4791 870 4846 modo
917 4789 1113 4857 facies,
1159 4809 1322 4864 quem
1382 4794 1480 4849 tibi
1530 4804 1657 4850 ante
1701 4796 1997 4866 descripsi.
2042 4797 2098 4850 Si
2144 4798 2289 4852 enim

704 4883 903 4938 idonee
936 4892 1357 4955 opportuni-que
1407 4887 1574 4952 liant,
1621 4891 1890 4943 maximas
1933 4888 2198 4943 utilitates
2236 4890 2292 4942 in

705 4977 851 5032 bello
882 4975 1140 5044 aﬂ'crunt,
1173 4994 1511 5049 magnasque
1539 4978 1834 5036 admodum
1866 4982 2052 5050 cepias
2087 4982 2159 5035 ita
2193 4981 2291 5035 dc-

705 5069 977 5135 leverunt,
1004 5079 1063 5124 ut
1095 5072 1282 5129 nullus
1320 5073 1478 5129 locus
1500 5074 1834 5147 conﬂigendi
1858 5076 1995 5130 aciei
2019 5075 2291 5131 universa}

628 5206 629 5209 η
702 5159 1128 5231 relinqueretur.

774 5421 864 5475 40.
927 5421 1033 5488 Qui
1086 5423 1228 5479 enim
1286 5408 1530 5482 locorum
1585 5429 2001 5504 opportunitate
2055 5430 2122 5485 ad
2182 5431 2298 5485 haec

706 5514 1103 5583 abundabant,
1154 5519 1239 5571 vel
1271 5520 1569 5577 condensis
1608 5523 1662 5576 in
1708 5522 1847 5579 locis
1873 5563 1888 5590 ,
1928 5524 2013 5579 vel
2052 5524 2202 5578 cavis
2243 5524 2298 5577 in

704 5595 1050 5670 recessibus.
1084 5611 1171 5665 vcl
1196 5610 1252 5664 in
1282 5613 1422 5668 colle
1454 5615 1640 5685 aliquo
1675 5630 1899 5687 magno,
1930 5617 2012 5672 vel
2032 5616 2291 5682 vallibus,

698 5702 785 5756 vel
841 5704 1123 5760 montibus
1166 5704 1419 5763 finitimis
1470 5725 1646 5787 usque
1697 5710 1766 5764 ad
1814 5712 2054 5767 hosﬁum
2101 5712 2288 5782 copias

703 5796 989 5865 productis
1011 5836 1025 5863 ,
1055 5806 1112 5853 ut
1150 5800 1222 5855 ah
1252 5799 1491 5856 hostium
1526 5804 1717 5859 notitia
1757 5805 1859 5859 hoc
1903 5805 2067 5859 modo
2098 5806 2286 5860 occul-

2402 4793 2623 4862 ἐνέδρας
2656 4791 2775 4861 ἦτοι
2810 4786 3182 4858 ἐγκρύμματα
3219 4786 3278 4838 ὲν
3330 4787 3398 4855 τῇ
3451 4788 3601 4857 μάχῃ
3637 4788 3780 4839 κατὰ
3834 4788 3986 4854 λόγον

2402 4883 2697 4945 ποιεῖσθαι,
2730 4881 2848 4950 ἦτοι
2884 4878 3027 4931 κατά
3064 4877 3155 4930 τὸν
3186 4876 3382 4948 πρώην
3402 4880 3537 4947 ἡμῖν
3574 4879 3986 4934 διατυπωθέντα

2400 4975 2625 5045 τρόπον.
2661 4971 2834 5025 Aemi.
2866 4970 2977 5040 γὰρ
3008 4969 3332 5039 ἐπιτηδείως
3361 4970 3456 5022 καὶ⁵
3489 4970 3813 5040 πρεπόντως
3846 4974 3987 5038 γινό-

2406 5082 2565 5139 μεναι
2605 5064 2869 5132 μεγίστας
2897 5062 3165 5129 ὡφελείας
3212 5063 3270 5113 ὲν
3314 5064 3436 5125 ταῖς
3491 5065 3695 5131 μάχαις
3749 5066 3982 5125 ποιοῦσι,

2403 5158 2502 5212 καὶ
2546 5157 2817 5226 διαφόρως
2860 5155 3103 5225 μεγάλας
3143 5154 3406 5224 δυνάμεις
3447 5154 3555 5206 ὑπὸ
3602 5154 3805 5223 ὀλίγων
3856 5175 3985 5209 κατ-

2398 5252 2597 5304 έλυσαν
2617 5289 2631 5313 ,
2666 5249 2809 5301 ὥστε
2844 5248 2979 5317 μηδὲ
3013 5248 3208 5318 καιρὸν
3240 5247 3497 5315 γενέσθαι
3519 5248 3619 5320 τὴν
3656 5248 3787 5317 ὃλην
3816 5251 3985 5320 παρὰ⁸

2396 5342 2553 5406 ταξιν
2589 5341 3001 5411 συμπλακῆναι.

2473 5438 2548 5504 μ’.
2582 5434 2643 5486 Εἰ
2715 5433 2814 5503 μὲν
2854 5432 2965 5503 γάρ
3014 5430 3196 5485 τόπων
3242 5432 3569 5502 ἐπιτηδείων
3621 5433 3761 5501 πρὸς
3811 5433 3983 5487 ταῦτα

2400 5527 2829 5599 εὐπορήσαντες,
2869 5518 2981 5577 οἷον
3006 5524 3041 5594 ἢ
3097 5523 3229 5594 ῦλης
3259 5523 3501 5586 δασείας,
3545 5524 3580 5595 ἢ
3636 5524 3916 5592 κοιλάδας,
3953 5526 3983 5595 ἢ

2405 5620 2597 5691 βουνοῦ
2632 5618 2897 5688 μεγάλου,
2930 5617 2965 5688 ἢ
2994 5616 3318 5688 φαράγγων,
3362 5616 3595 5687 ἣόρέων
3628 5619 3982 5685 ἐγγιζόντων,

2397 5714 2495 5767 καὶ
2533 5711 2702 5783 μέχρι
2740 5710 2840 5778 τῆς
2864 5710 2972 5762 τῶν
3002 5708 3215 5780 ἐχθρῶν
3249 5707 3613 5779 παρατάξεως
3645 5726 3983 5763 συνεκτεινοο

2398 5808 2600 5877 μένων,
2652 5806 2794 5859 ὥστε
2849 5805 2916 5859 δι’
2952 5804 3133 5859 αὐτῶν
3183 5802 3366 5857 λαθεῖν
3412 5806 3509 5858 καὶ
3568 5802 3644 5875 μὴ
3702 5804 3981 5875 πόρρωθεν
