4176 6442
163 371 268 436 861

1196 358 1530 422 TACTICA.
1565 381 1635 394 -
1671 355 2172 418 CONSTlTUTIO
2208 357 2365 420 XIV.

166 478 450 550 ὁρώμενον
480 475 541 529 τὸ
587 473 890 543 ἐγκρυμμα
932 467 1323 541 μεθοδευθῆναι
1355 467 1490 537 πρὸς
1528 465 1738 519 ἐπιϐου-

1849 464 1951 517 tari
1978 466 2210 533 possint,
2239 473 2296 520 ct
2322 463 2635 521 molitiones
2666 466 2892 524 idoneas
2914 473 3152 534 struere,
3183 467 3417 523 insidias

162 573 288 640 λήν.
340 568 529 630 Οὕτως
567 561 660 619 οὖν
712 567 825 626 τοῖς
855 562 1045 624 νώτοις
1095 560 1204 614 τῶν
1256 557 1484 629 ἐχθρῶν·
1521 555 1744 609 δπισθεν

163 662 327 728 ἄφνω
357 656 679 722 ἐπελθόντες
709 655 815 726 πρὸ
832 654 930 725 τῆς
957 651 1274 722 συμπλοκῆς
1298 647 1623 719 διετάραξαν
1650 645 1744 700 καὶ

159 753 402 824 ἔτρεψαν
430 748 649 812 αὐτούς.

237 850 362 914 μα’.
404 841 590 894 ’Δλλοι
627 840 684 893 δὲ
709 839 770 891 οὐ
805 836 1034 907 πλησίον
1057 835 1165 888 τῶν
1193 832 1408 904 ἐχθρῶν
1432 833 1529 903 τῆς
1563 845 1741 902 παρα·

159 935 377 999 τάξεως
425 934 630 1001 ταύτην
685 930 952 1000 ἐποίησαν
999 927 1305 998 ἐπιτήδειον
1366 927 1466 980 οὐκ
1531 925 1746 994 ἔχοντες

161 1029 358 1091 τόπον,
398 1027 535 1080 ἀλλά
571 1028 636 1078 ἐκ
665 1025 896 1092 πλαγίου
927 1023 1107 1077 αὐτῶν
1149 1023 1314 1093 μέσον
1340 1023 1439 1092 τῆς
1488 1021 1626 1082 ἰδίας
1652 1019 1746 1073 καὶ

158 1121 265 1191 τῆς
299 1118 412 1172 τῶν
455 1116 664 1186 ἐχθρῶν
706 1117 914 1182 τάξεως
943 1115 1292 1184 ποιήσαντες,
1335 1113 1368 1183 ἢ
1400 1112 1494 1166 καὶ
1523 1110 1746 1164 δπισθεν

157 1213 267 1280 τῆς
301 1212 442 1273 ἰδίας
470 1210 536 1262 ἐκ
566 1209 823 1276 πλαγίου,
856 1207 952 1262 καὶ⁸
989 1207 1088 1278 τὴν
1129 1208 1230 1277 μὲν
1256 1206 1477 1276 μείζονα
1513 1204 1746 1274 δύναμιν

159 1306 243 1364 εἰς
275 1301 644 1372 ἐγκρύμματα
671 1299 890 1363 ἔταξαν,
945 1297 1044 1351 τὴν
1088 1298 1145 1351 δὲ
1181 1297 1438 1349 ἐλάττονα
1472 1311 1746 1366 σχηματι-

161 1395 278 1456 κῶς
311 1391 624 1463 ἔμπροσθεν
660 1388 876 1450 ἔταξαν.

237 1488 352 1558 μβ¹.
388 1487 571 1540 ’Δλλοι
600 1485 657 1538 δὲ
685 1484 849 1555 μέρος
891 1483 985 1536 τοῦ
1020 1478 1254 1551 στρατοῦ
1283 1478 1482 1543 ἔταξαν
1528 1478 1608 1539 είς
1649 1475 1746 1544 ἔγ-

161 1598 425 1652 κρυμμα,
458 1579 549 1631 καὶ
579 1579 642 1630 ού
677 1576 738 1630 τὺ
771 1575 954 1645 μεῖζον
989 1573 1178 1644 μέρος,
1212 1571 1348 1624 ἀλλά
1392 1571 1454 1622 τὸ
1505 1568 1745 1635 ὀλιγότε-

166 1690 260 1742 ρον
281 1689 296 1704 ο
327 1671 433 1740 τῆς
461 1670 520 1722 δὲ
551 1667 825 1739 συμϐολῆς
856 1664 1158 1734 γενομένης
1185 1663 1450 1722 ἑκουσίως
1471 1659 1580 1714 τῶν
1612 1675 1744 1728 προ-

160 1765 446 1831 ταγέντων
489 1763 570 1823 εἰς
599 1761 779 1829 φυγὴν
827 1757 1210 1829 ὁρμησάντων,
1249 1756 1344 1808 καὶ
1387 1753 1499 1806 τῶν
1535 1751 1744 1823 ἐχθρῶν

160 1854 264 1924 τὴν
291 1852 486 1918 δίωξιν
520 1852 774 1914 ἀτάκτως
803 1849 1162 1919 ποιουμένων,
1195 1847 1335 1916 μετά
1358 1845 1422 1898 τὸ
1453 1843 1740 1916 παρελθεῖν

161 1947 365 2007 αὐτοὺς
394 1947 486 1997 τὸν
523 1943 693 1996 τόπον
723 1942 824 2012 τῆς
850 1942 1072 2012 ἐνέδρας
1106 1937 1420 2004 ἐξελθόντες
1459 1939 1507 1990 οἱ
1538 1938 1602 1990 τὸ
1642 1936 1738 2004 ἐγ-

159 2054 402 2108 κρυμμα
455 2036 778 2105 ποιήσαντες
811 2031 1090 2087 κατὰ-τοῦ
1141 2031 1312 2084 νώτου
1359 2029 1585 2082 δπισθεν
1629 2029 1741 2081 τῶν

161 2129 383 2198 ἐχθρῶν
407 2127 745 2197 ἐπέστησαν⁸
778 2119 896 2176 εἶτα
920 2123 1016 2175 καὶ
1035 2123 1084 2175 οί
1114 2120 1376 2191 φυγόντες
1395 2121 1741 2187 ἀντίστροφοι

159 2218 453 2287 γινόμενοι
499 2217 638 2286 πρὸς
672 2215 732 2267 τὸ
769 2213 1019 2283 σύνθημα
1072 2214 1212 2280 ὅπερ
1240 2209 1538 2279 προόρισαν
1581 2209 1641 2261 ἐν
1663 2207 1742 2278 τῷ

165 2308 324 2378 μέσῳ
360 2307 636 2359 ἀπέλαϋον
672 2305 890 2366 αὐτούς.
939 2301 1113 2355 Τοῦτο
1150 2301 1206 2353 δέ
1247 2299 1324 2363 ῶς
1357 2301 1448 2351 ἐπὶ
1481 2300 1615 2352 πολὺ
1647 2300 1740 2352 ἐπὶ

156 2399 271 2452 τῶν
302 2397 657 2468 βορειοτέρων
682 2397 775 2448 καὶ
794 2392 1079 2445 Σκυθικῶν
1111 2389 1281 2443 ἐθνῶν
1325 2389 1536 2457 γίνεται
1563 2388 1652 2441 διά
1680 2389 1742 2440 τὸ

156 2490 379 2543 ἀτακτα
420 2483 583 2552 εἶναι,
612 2481 726 2539 οἷον
752 2482 1012 2552 Τούρκων
1038 2481 1131 2533 καὶ
1156 2478 1266 2532 τῶν
1295 2478 1502 2547 ὁμοίων
1531 2477 1737 2539 αὐτοῖς.

232 2577 348 2647 μγ’.
399 2577 524 2629 Ἐὰν
561 2577 618 2629 δέ
660 2591 745 2636 τις
786 2573 994 2640 φόσσαν
1031 2571 1275 2641 βαθεῖαν,
1317 2569 1485 2638 ἥγουν
1521 2567 1741 2637 ὄρυγμα,

155 2670 257 2723 ἐπὶ
281 2668 428 2721 ὀκτὼ
462 2669 494 2738 ἢ
538 2667 670 2719 δέκα
721 2666 894 2725 πόδας
939 2664 1001 2715 τὸ
1043 2663 1245 2724 πλάτος
1293 2662 1384 2712 ἐπὶ
1420 2660 1602 2713 ἱκανὸν
1631 2659 1739 2712 διὰ-

157 2778 351 2831 στημα
389 2759 580 2830 ὁρύξῃ,
611 2758 708 2810 καὶ
755 2754 1008 2823 σκεπάσῃ
1041 2753 1247 2822 ταύτην
1294 2751 1471 2814 ξύλοις
1516 2750 1739 2813 λεπτοῖς

117 2890 120 2896 ι
155 2853 342 2922 χόρτῳ
365 2867 426 2902 τε
474 2852 572 2902 καὶ
607 2847 845 2917 χώματι,
897 2845 1038 2897 ῶστε
1071 2844 1357 2913 ἡνωμένην
1394 2843 1491 2895 καὶ
1545 2842 1739 2910 ὁμοίαν

152 2945 257 3013 τὴν
303 2941 627 3010 ἐπιφάνειαν
671 2938 767 2992 τοῦ
815 2937 1126 3007 ὀρύγματος
1167 2931 1308 2986 εἶναι
1343 2936 1412 3003 τῇ
1442 2932 1736 3002 ἐγγιζούσῃ

156 3032 315 3103 αὐτῷ
359 3035 456 3101 γῇ,
491 3029 756 3083 καὶκατὰ
793 3027 958 3098 μηδὲν
992 3024 1350 3078 διαλλάττειν.
1396 3023 1557 3075 ⁹Α).λά
1601 3023 1737 3092 μηδὲ

153 3122 220 3174 τὸ
248 3120 492 3189 ἐπαρθὲν
539 3117 702 3188 χῶμα
729 3117 867 3184 ἐάσῃ
914 3112 1282 3182 παρακεῖσθαι
1329 3111 1502 3179 αὐτῷ,
1543 3112 1628 3163 ἵνα
1662 3110 1737 3180 μὴ

155 3211 407 3280 ἐμφαίνῃ
453 3210 577 3261 τινὰ
649 3205 1071 3275 ξενοπρέπειαν⁶
1117 3204 1175 3254 έν
1212 3200 1291 3270 τῷ
1349 3202 1500 3270 μέσῳ
1534 3201 1591 3253 δὲ
1640 3199 1737 3253 τοῦ

154 3301 328 3356 αὐτοῦ
382 3299 695 3368 ὀρύγματος
735 3295 1010 3364 καταλίπῃ
1041 3293 1194 3354 τινὰς
1242 3291 1440 3353 τόπους
1481 3293 1734 3360 στερεοὺς

155 3390 647 3464 ωσημειωμένους
671 3388 765 3441 καὶ
791 3386 1174 3454 ἐγνωσμένους
1199 3383 1336 3454 πρὸς
1365 3383 1426 3434 τὸ
1449 3382 1622 3452 παρὸν
1659 3381 1738 3451 τῷ

159 3483 279 3552 ῖδίῳ
309 3480 553 3551 στρατῷ.
591 3480 782 3531 Ἐκατέ
793 3481 964 3546 ρωθεν
988 3477 1066 3539 δὲ,
1094 3477 1264 3542 ἠγουν
1287 3474 1439 3527 ἐνθεν
1462 3474 1734 3540 κάκεῖθεν,

155 3574 223 3626 ἐκ
251 3571 352 3624 τοῦ
377 3571 606 3641 πλησίον
631 3568 727 3622 τοῦ
749 3569 1061 3640 ὀρύγματος
1081 3568 1381 3636 ἐγκρυμμα
1403 3567 1482 3628 εἰς
1513 3566 1737 3632 ἀφανεῖς

156 3665 360 3726 ¹τόπους
393 3664 620 3734 ποιήσῃ,
649 3661 747 3715 καὶ
773 3659 1078 3731 παρατάξει
1107 3659 1235 3720 τοὺς
1262 3659 1489 3720 λοιποὺς
1512 3658 1618 3728 πρὸ
1641 3655 1736 3710 τοῦ

155 3753 513 3822 ὀρύγματοςο
560 3746 682 3804 εἶτα
711 3749 987 3820 συμϐολῆς
1033 3749 1332 3819 γενομένης
1383 3747 1648 3810 ἑκουσίως
1685 3747 1736 3801 οῖ

156 3844 536 3913 προταγέντες
567 3842 668 3912 τὴν
691 3841 899 3912 τροπὴν
937 3840 1406 3910 σχηματισάμενοι
1438 3841 1596 3893 αὐτοὶ
1637 3840 1739 3909 μὲν

157 3933 250 3988 διὰ
274 3932 388 3986 τῶν
416 3932 776 4001 ἐγνωσμένων
797 3933 982 3993 αὐτοῖς
1002 3932 1183 3984 τόπων
1211 3932 1306 3984 καὶ
1334 3930 1570 4000 στερεῶν
1588 3931 1740 3984 ἀκιν-

152 4023 332 4087 δύνως
389 4022 762 4093 παρέλθωσιν.
818 4025 881 4075 0!
935 4023 992 4076 δέ
1054 4023 1289 4075 ἐναντίοι
1343 4022 1589 4093 σφοδρῶς
1643 4021 1739 4074 καὶ

153 4114 405 4184 ἀσχέτως
453 4113 552 4183 τὴν
582 4111 766 4178 δίωξιν
811 4111 1171 4180 ποιησάμενοι
1205 4110 1520 4180 ἐμπέσωσιν
1572 4112 1631 4163 ἐν
1657 4107 1737 4179 τῷ

152 4204 455 4276 ὀρύγματι,
510 4202 899 4267 ὑπεξελθόντες
944 4203 1002 4255 δὲ
1038 4203 1191 4269 ἄφνω
1223 4203 1273 4254 ot
1324 4202 1385 4254 τὸ
1438 4201 1735 4272 ἐγκρυμμα

152 4297 547 4366 ποιησάμενοι,
573 4290 702 4348 εἶτα
730 4293 1244 4362 ἐπαναστρέψαντες
1275 4293 1368 4345 καὶ
1395 4293 1445 4344 οῑ
1469 4292 1565 4362 τὴν
1603 4279 1735 4345 ὑπο-

151 4386 404 4459 χώρησιν
448 4386 938 4458 ηηματισάμενοι,
991 4384 1117 4447 τοὺς
1151 4384 1367 4447 πλείους
1388 4385 1496 4437 τῶν
1522 4383 1732 4455 ἐχθρῶν

1848 570 1979 610 suas
2025 556 2232 623 positas
2284 555 2558 611 habebant
2594 574 2610 610 :
2647 556 2737 610 isti
2784 571 2816 610 a
2851 566 3008 629 tergo
3053 558 3292 614 hostium
3349 557 3418 613 de

1847 651 2148 720 improviso
2194 650 2464 706 inuentes
2486 689 2504 715 ,
2544 657 2673 704 ante
2703 665 2899 708 manus
2935 661 3223 709 consertas
3263 651 3419 707 fude-

1846 753 1975 799 runt
2005 758 2124 808 eos,
2149 753 2205 798 et
2233 743 2287 796 in
2316 743 2498 816 fugam
2528 753 2836 800 verterunt.

1917 836 2008 892 ιι.
2049 835 2157 889 Alii
2185 849 2353 904 prope
2390 834 2628 889 hostium
2674 837 2884 906 copias,
2918 848 3042 888 cum
3071 834 3250 892 locum
3305 850 3416 892 non

1847 926 2112 982 haberent
2137 925 2388 980 idoneum
2445 924 2544 978 "oc
2577 925 2802 980 minime
2839 924 3109 992 fecerunt,
3138 927 3231 981 sed
3263 942 3294 980 a
3332 927 3415 981 la-

1848 1029 1962 1075 tere
2003 1019 2059 1072 in
2092 1017 2270 1072 medio
2298 1033 2411 1072 sua:
2440 1017 2793 1086 hostiumque
2837 1017 2975 1072 aciei
3007 1033 3105 1074 eos
3136 1019 3418 1074 collocan-

1846 1117 1954 1175 tes,
1987 1108 2069 1163 vel
2095 1121 2126 1161 a
2154 1119 2306 1178 tergo
2335 1123 2449 1164 suae
2479 1107 2617 1162 aciei
2642 1107 2992 1178 obliquantes
3013 1147 3028 1174 ,
3062 1108 3302 1179 majores
3326 1123 3421 1164 co-

1846 1203 1967 1272 pias
1994 1202 2048 1254 in
2076 1199 2291 1256 insidiis
2319 1201 2756 1262 collocaverunt,
2785 1208 2841 1255 et
2866 1201 3110 1258 minores
3134 1200 3205 1257 ad
3225 1214 3416 1257 coram

1829 1290 2244 1362 'conﬂigendum
2277 1307 2401 1346 cum
2437 1293 2689 1347 hostibus
2718 1293 3118 1348 instruxerunt.

1915 1475 2005 1530 42.
2049 1475 2153 1528 ΑΙίί
2184 1481 2391 1542 partem
2413 1474 2695 1528 exercitus
2726 1489 2834 1529 non
2863 1473 3153 1544 majorem,
3189 1474 3284 1529 sed
3315 1472 3419 1527 mi-

1846 1583 2035 1623 norem
2068 1568 2122 1621 in
2150 1566 2366 1621 insidiis
2397 1569 2739 1626 locaverunt,
2768 1564 3174 1620 conﬂicmtione
3199 1564 3313 1633 jam
3337 1565 3421 1618 in—

1845 1669 2004 1730 cepta
2038 1659 2179 1729 fugae
2200 1659 2522 1712 voluntaria:
2546 1660 2614 1712 iis
2636 1659 2729 1727 qui
2755 1659 2809 1711 in
2830 1658 2948 1711 acie
2978 1656 3236 1712 instructi
3259 1665 3420 1710 erant

1847 1767 1972 1808 sese
2004 1752 2392 1806 mandantibus
2419 1791 2434 1814 ,
2465 1759 2520 1806 et
2550 1751 2805 1805 hostibus
2836 1749 2961 1804 illos
3007 1747 3240 1803 confuse
3276 1751 3422 1802 inse-

1846 1845 2164 1914 quentibus,
2191 1852 2248 1898 et
2279 1844 2459 1898 locum
2503 1844 2654 1896 illum
2694 1842 2786 1896 nbi
2818 1840 3032 1897 insidia:
3068 1847 3199 1896 sunt
3229 1840 3423 1894 lm-ata:

1846 1935 2308 1991 transeuntibus:
2343 1934 2439 2004 qui
2473 1935 2530 1988 in
2565 1934 2787 1990 insidiis
2818 1932 2982 2003 positi
3011 1938 3173 1987 erant
3199 1945 3230 1985 a
3268 1943 3421 2001 tergo

1846 2029 2033 2084 hostes
2063 2026 2323 2081 invadant
2356 2045 2371 2081 :
2401 2026 2493 2095 qui
2525 2040 2654 2079 vero
2680 2032 2806 2078 ante
2829 2023 3184 2093 aufugerunt,
3210 2032 3422 2077 tessera

1849 2121 1992 2174 facta
2025 2133 2190 2188 quam
2237 2124 2364 2172 ante
2412 2116 2517 2170 sibi
2559 2122 2997 2186 proposuerant,
3032 2112 3284 2168 conversi
3323 2116 3425 2168 ite-

1845 2226 1967 2266 rum
1999 2210 2054 2263 in
2089 2209 2315 2275 hostes,
2357 2209 2724 2276 insequuntur
2750 2222 2868 2262 eos.
2914 2203 3031 2260 Hoc
3075 2213 3260 2259 autem
3306 2203 3422 2259 fere

1845 2303 2171 2373 plerumque
2217 2300 2487 2354 adversus
2530 2299 2880 2368 aquilonares
2913 2297 3168 2352 homines
3199 2298 3253 2351 Si
3273 2297 3421 2368 ythi-

1847 2407 2050 2463 easque
2082 2391 2335 2447 nationes
2359 2391 2596 2446 maxime
2629 2391 2714 2456 fit,
2742 2398 2800 2444 ut
2837 2389 3052 2456 Turca,
3081 2396 3138 2445 et
3161 2389 3257 2460 qui
3292 2396 3422 2445 sunt

1847 2485 1919 2542 iis
1947 2487 2178 2542 similes.

1913 2577 2008 2632 43.
2049 2578 2105 2631 Si
2133 2575 2259 2645 quis
2293 2574 2499 2630 fossam
2530 2575 2695 2629 altam
2728 2574 2796 2628 ad
2830 2581 2957 2628 octo
2983 2581 3080 2628 aut
3102 2572 3290 2628 decem
3323 2588 3422 2643 pe-

1843 2666 1975 2722 dum
2021 2666 2362 2720 latitudinem
2412 2666 2548 2719 salis
2595 2666 2758 2733 longo
2805 2665 3094 2718 intervallo
3142 2663 3418 2730 eﬂ'oilerit,

1845 2759 2098 2826 hancque
2121 2756 2286 2826 lignis
2308 2759 2588 2818 tenuibus,
2606 2757 2835 2824 cespite.
2877 2754 3007 2809 feno
3030 2763 3200 2823 atque
3221 2768 3422 2823 aggere

1845 2846 2178 2912 contexerit,
2203 2846 2360 2915 quasi
2395 2862 2505 2900 una
2528 2846 2830 2914 eademque
2853 2862 2976 2898 cum
3013 2845 3260 2900 ﬁnitimis
3285 2845 3420 2899 locis
3504 2834 3508 2838 ’

1845 2941 2006 2987 terrae
2053 2933 2376 3001 superficies
2416 2943 2597 2996 esset,
2649 2934 2893 3004 nihilque
2949 2948 2979 2986 a
3024 2935 3421 2988 circumstante

1845 3033 1993 3078 terra
2036 3024 2240 3086 distet,
2271 3024 2530 3078 eductum
2579 3034 2761 3079 autem
2800 3041 3050 3096 aggerem
3097 3026 3419 3080 universum

1846 3115 1920 3169 ibi
1945 3116 2130 3183 jacere
2161 3130 2268 3168 non
2304 3116 2470 3182 sinat,
2503 3132 2569 3169 ne
2594 3119 2836 3187 aliquam
2859 3118 3124 3172 novitatis
3154 3118 3422 3185 suspicio-

1843 3224 1966 3263 nem
1998 3209 2187 3262 aﬂerat
2213 3250 2229 3275 ,
2265 3211 2318 3262 in
2365 3211 2548 3264 medio
2579 3220 2762 3265 autem
2806 3213 3055 3281 ejusdem
3093 3212 3255 3267 fossae
3295 3213 3417 3266 loca

1840 3299 2084 3368 quaedam
2109 3298 2266 3351 firma
2302 3301 2605 3368 reliquerit,
2635 3301 2702 3354 ad
2748 3301 2802 3354 id
2843 3309 3061 3370 tempus
3111 3311 3320 3361 notata.
3362 3308 3420 3357 et

1839 3387 2125 3457 designata
2168 3389 2435 3442 exercitui
2471 3396 2599 3450 tun,
2637 3397 2691 3443 et
2738 3391 3000 3459 utrinque
3043 3391 3173 3444 hinc
3199 3427 3216 3450 ,
3249 3398 3420 3459 atque

1839 3480 1991 3532 illinc
2023 3494 2193 3548 prope
2225 3479 2429 3533 fossam
2457 3481 2688 3534 insidias
2720 3481 2922 3536 abditis
2957 3481 3094 3536 locis
3122 3482 3265 3536 clam
3305 3481 3421 3536 col-

1839 3570 2143 3631 locaverit,
2196 3577 2250 3622 et
2297 3579 2427 3623 ante
2477 3570 2682 3626 fossam
2747 3572 2992 3641 reliquos
3051 3571 3415 3640 instruxerit,

1835 3658 2036 3712 deinde
2077 3658 2486 3714 conflictatione
2527 3660 2744 3731 incepta
2796 3663 3162 3716 voluntariam
3205 3661 3416 3729 fugam,

1836 3752 1930 3822 qni
1957 3751 2216 3805 instructi
2244 3747 2451 3806 in'acie
2475 3763 2602 3807 sunt
2629 3793 2645 3818 ,
2689 3754 3087 3819 simulaverint,
3114 3763 3168 3810 et
3196 3769 3291 3823 per
3321 3767 3414 3809 co-

1838 3840 1987 3910 gnita
2026 3840 2294 3911 firmaque
2337 3843 2454 3896 loca
2483 3857 2678 3898 secure
2709 3845 3072 3910 transierint,
3105 3845 3291 3900 hostes
3316 3859 3415 3898 auo

1837 3941 1945 3984 tem
1978 3931 2285 4000 impetuose
2334 3948 2400 3986 ac
2429 3933 2780 3989 vehementer
2805 3937 3188 4005 insequantur,
3213 3933 3414 3990 deinde

1837 4020 1894 4082 ii,
1928 4021 2020 4090 qui
2054 4021 2237 4090 fugam
2282 4022 2617 4079 simulabant
2647 4027 2897 4081 conversi
2930 4026 2985 4080 in
3016 4041 3112 4081 eos
3138 4065 3154 4090 ,
3199 4027 3322 4080 aliis
3355 4025 3411 4079 iu

1837 4110 2042 4166 fossam
2068 4113 2426 4183 praecipitatis
2449 4155 2466 4180 ,
2507 4117 2632 4172 aliis
2677 4119 2956 4187 inopinata
2998 4119 3100 4173 hac
3126 4119 3409 4172 machina-

1840 4202 1991 4258 tione
2017 4205 2070 4258 in
2101 4206 2281 4274 fugam
2309 4209 2604 4274 conjectis,
2637 4225 2888 4278 magnam
2921 4219 3130 4279 partem
3157 4208 3408 4263 hostium

1840 4293 2117 4360 delebunt,
2167 4295 2273 4349 nisi
2328 4297 2397 4349 ab
2449 4297 2695 4354 hostibus
2747 4299 2852 4352 hoc
2888 4308 3015 4352 ante
3068 4297 3410 4352 animadver-

1840 4401 1961 4440 sum
2006 4427 2024 4454 ,
2091 4388 2175 4442 vel
2240 4403 2272 4441 a
2338 4389 2666 4458 quihusdam
2739 4389 3042 4460 transfugia
3110 4389 3410 4443 indicatum

152 4482 471 4538 ἀπολέσωσι
498 4481 738 4542 πάντως,
777 4481 906 4543 τοὺς
951 4479 1051 4550 μιν
1090 4479 1166 4543 ὡς
1193 4481 1534 4549 ἐμπεσόντας
1565 4483 1644 4544 εις
1670 4481 1730 4534 τὸ
1761 4480 1806 4535 D
1833 4483 1926 4536 sit.

151 4574 402 4649 δρυγμα,
433 4574 562 4637 τοὺς
604 4574 668 4628 δὲ
703 4573 782 4636 ῶς
858 4573 1168 4643 τραπέντας
1217 4572 1469 4634 ἀτάκτως
1525 4573 1620 4626 ἐπὶ
1676 4576 1754 4647 τῷ
1819 4577 2064 4645 ἀδικήτῳ
2133 4575 2208 4644 (6)
2264 4574 2652 4645 συμπτώματι,
2694 4576 2744 4629 εί
2805 4577 2880 4647 μὴ
2930 4577 3041 4648 ἄρα
3103 4575 3253 4642 παρὰ
3300 4572 3410 4628 τῶν

149 4672 371 4745 ἐχθρῶν
403 4669 752 4741 προγνωσθῇ,
791 4669 824 4739 ἢ
867 4670 956 4723 διά
987 4685 1149 4722 τινων
1183 4669 1321 4737 πρὸς
1361 4669 1600 4738 ῥυέντων
1633 4673 1817 4737 αὐτοῖς
1848 4673 2229 4742 καταμηνυθῇ.

226 4765 340 4837 με.
386 4764 516 4818 Ἐἀν
539 4763 598 4818 δὲ
622 4763 716 4817 τὸν
740 4764 925 4834 ὅμοιον
949 4762 1150 4832 τρόπον
1178 4763 1271 4816 καὶ
1299 4762 1388 4814 διὰ
1419 4763 1606 4816 πάλων
1635 4782 1732 4818 πε-

153 4857 463 4928 πηγμένων
502 4871 588 4918 τις
630 4856 875 4928 ποιήσῃ,
927 4854 1022 4908 δύο
1073 4855 1236 4924 καὶῆ
1295 4859 1444 4924 τρεῖς
1495 4856 1732 4921 εἰσόδους

153 4946 398 5009 ἀπαθεῖς
441 4945 706 5017 ἐπινοήσῃ
747 4947 1098 5017 ἐγνωσμένοις
1137 4945 1214 5016 τῷ
1258 4950 1732 5021 παρατασσομένῳ

158 5036 404 5110 στρατῷ,
434 5031 557 5092 εἶτα
579 5037 688 5109 πρὸ
718 5037 828 5091 τῶν
847 5038 1036 5092 πάλων
1066 5037 1292 5091 ἐκείνων
1320 5040 1729 5110 παρατάξηται·

160 5129 648 5201 σχηματισάμενος
697 5131 757 5183 ἐν
804 5133 870 5200 τῇ
926 5129 1167 5200 συμϐολῇ
1233 5129 1375 5184 κατά
1427 5131 1518 5183 τὸν
1550 5131 1734 5201 ὅμοιον

156 5221 364 5292 τρόπον
405 5222 506 5291 τὴν
545 5222 726 5293 φυγὴν
751 5222 1127 5292 προτρέψηται
1182 5222 1308 5283 τοὺς
1358 5221 1584 5291 ἐχθροὺς
1621 5225 1732 5286 τοῖς

158 5313 357 5375 πάλαις
382 5307 725 5382 περιπεσεῖν.
750 5313 862 5366 Καὶ
883 5313 1144 5384 ἐξαίφνης
1174 5313 1495 5377 ἐπελθόντες
1517 5315 1644 5369 οἵτε
1673 5316 1735 5369 τὸ

1905 4767 1995 4821 44.
2038 4767 2303 4820 Similiter
2335 4765 2382 4820 si
2433 4766 2570 4835 palis
2599 4768 2724 4836 quis
2773 4765 2970 4822 deﬁxis
3027 4767 3218 4824 fecerit
3267 4767 3407 4826 duos

1839 4868 1934 4913 aut
1962 4869 2074 4914 tres
2093 4861 2396 4928 ingressus,
2421 4875 2670 4926 securus,
2694 4861 3042 4931 integrosque
3067 4863 3407 4932 relinquens,

1839 4959 1893 5007 et
1920 4951 2198 5005 instructae.
2233 4951 2367 5004 aciei
2408 4955 2698 5020 cognitos;
2732 4954 2928 5008 deinde
2969 4963 3097 5010 ante
3126 4957 3281 5025 palos
3307 4934 3406 5013 eos

1839 5043 2011 5097 aciem
2036 5042 2310 5106 instruat,
2343 5051 2398 5098 et
2436 5043 2490 5096 in
2521 5043 2638 5112 ipsa
2670 5043 3079 5100 conﬂictatione
3107 5046 3288 5116 fugant
3326 5050 3404 5103 si-

1842 5135 2059 5190 mulans
2087 5134 2274 5188 incitet
2311 5137 2520 5202 hostes,
2548 5142 2613 5189 'ut
2659 5137 2712 5190 in
2747 5137 2847 5192 hos
2875 5139 3028 5207 palos
3049 5148 3196 5203 ruat,
3219 5150 3274 5195 ct
3306 5155 3404 5196 sn-

1842 5228 1955 5282 bito
1983 5244 2011 5283 ε
2047 5229 2214 5283 latere
2239 5230 2668 5286 intervenientes
2691 5232 2926 5299 insidiae,
2969 5234 3152 5290 hostes
3183 5250 3407 5305 magno-

1837 5333 1967 5388 pere
2005 5319 2219 5375 laedent.

159 5404 466 5474 ῑγκρυμμα
496 5403 712 5474 Ιχοντες
758 5406 823 5458 ἐκ
851 5405 1118 5474 πλαγίου,
1182 5407 1276 5459 καὶ
1341 5407 1404 5459 οὐ
1455 5409 1926 5480 σχηματισάμενοι
1984 5412 2081 5482 τὴν
2149 5414 2328 5484 φυγὴν
2389 5413 2526 5467 κατά
2601 5413 2836 5484 κράτος⁹
2899 5415 2992 5468 καὶ
3051 5415 3225 5482 οὕτως
3277 5420 3406 5484 τοὺς

160 5496 392 5568 ἐχθροὺς
419 5497 796 5552 ἀπολέσουσιν.

234 5586 342 5692 με’.
375 5589 589 5644 Γίνεται
617 5591 676 5645 δὲ
724 5593 966 5656 τοιοῦτος
996 5593 1146 5657 δόλος
1183 5594 1322 5648 κατά
1360 5594 1469 5649 τῶν
1522 5595 1730 5667 ἐχθρῶν

1908 5594 1997 5649 45.
2043 5591 2367 5665 llujnsmodi
2389 5594 2556 5650 etiam
2587 5595 2745 5651 dolus
2768 5595 3033 5654 adversus
3064 5597 3249 5654 hostes
3284 5599 3406 5655 sine

1694 5686 1928 5745 NOTAE.

234 5773 316 5845 (6)
360 5775 664 5845 Ἀδικήτῳ.
703 5777 914 5847 Scribe,
945 5781 1203 5853 ἀδοκήτῳ.
