4200 6440
796 399 905 463 863

2056 402 2334 464 LEONIS
2368 403 2830 466 PHILOSOPHI

3955 417 4066 483 864

794 509 988 575 fossis,
1024 518 1079 564 et
1103 509 1239 580 palis
1267 507 1594 578 suscipitur,
1626 509 1672 562 si
1704 510 1830 578 quis
1873 508 2081 563 ferreos
2109 511 2367 578 tribulos,

2475 514 2571 565 καὶ
2607 514 2741 567 ἄνευ
2785 515 3122 585 ὀρύγματος,
3172 519 3204 588 ἢ
3262 519 3469 585 πάλων,
3503 521 3596 574 ἐάν
3639 539 3724 585 τις
3764 529 4064 596 τριϐόλους

796 603 849 657 id
873 612 981 667 est,
1009 603 1244 657 murices
1272 602 1340 655 ad
1372 614 1587 672 tempus
1613 603 1847 657 vinculis
1885 603 2217 657 constrictos
2246 620 2372 673 pro-

791 698 969 767 jiciat,
994 696 1085 766 qui
1114 704 1237 764 post
1256 710 1415 749 usum
1440 696 1715 765 expletum
1738 694 1987 747 contrahi
2006 694 2059 747 in
2090 709 2149 750 se
2175 694 2370 750 iterum

796 789 1050 858 possint,
1084 785 1151 838 ad
1200 785 1543 839 latitudinem
1575 784 1713 837 aciei
1750 784 2070 853 instructae;
2100 785 2155 839 in
2187 785 2370 841 medio

793 888 1030 947 quatuor
1085 884 1179 929 aut
1230 875 1475 945 quinque
1514 874 1779 929 transitus
1811 876 2103 946 relinquito
2148 886 2367 931 centum

791 969 991 1038 pedum
1025 967 1336 1032 latitudine,
1370 966 1460 1035 qui
1496 967 1765 1020 exercitui
1800 966 2066 1022 hellaturo
2087 970 2202 1023 noti
2235 968 2367 1033 sint,

790 1061 960 1114 ramis
989 1062 1222 1129 magnis,
1252 1066 1345 1111 aut
1374 1059 1657 1114 hastarum
1688 1060 2007 1128 cuspidibus
2039 1061 2369 1131 peregrinis,

790 1162 884 1206 aut
918 1163 1077 1207 terrae
1107 1152 1399 1221 aggeribus
1428 1151 1495 1205 ad
1536 1151 1758 1206 modum
1788 1152 1986 1205 tumuli
2012 1190 2027 1216 ,
2065 1161 2160 1206 aut
2185 1152 2368 1207 aeervi

790 1245 1030 1311 lapidum
1060 1243 1383 1307 cumulatis,
1416 1255 1508 1297 aut
1532 1244 1655 1299 aliis
1683 1244 2031 1299 evidentibus
2060 1245 2235 1315 signis
2259 1260 2368 1299 non

789 1339 855 1390 ad
890 1338 1135 1402 initium,
1162 1342 1278 1391 sive
1306 1338 1540 1392 frontem
1572 1337 1929 1407 longitudinis
1967 1339 2161 1393 horum
2196 1339 2370 1393 tribu-

790 1430 967 1483 lorum
1003 1431 1220 1499 positis,
1248 1431 1341 1485 sed
1374 1430 1441 1483 ad
1482 1430 1689 1483 exitum
1724 1429 2031 1483 altitudinis
2058 1429 2125 1483 ad
2156 1440 2368 1484 utram-

799 1535 908 1588 que
932 1535 1084 1573 oram
1115 1522 1382 1575 transitus
1414 1519 1607 1573 notati.
1638 1519 2056 1573 Couﬂietatione
2075 1520 2188 1588 jam
2216 1522 2368 1574 ince-

788 1622 878 1680 pta
909 1613 1091 1681 fugam
1126 1614 1427 1675 simulent,
1459 1620 1515 1666 et
1554 1612 1646 1665 ubi
1680 1613 1794 1666 haec
1839 1619 1969 1665 nota
2006 1611 2164 1678 signa
2205 1624 2367 1663 exer-

785 1705 932 1758 citus
963 1706 1284 1769 transierit,
1333 1704 1658 1760 auferantur
1697 1720 1759 1759 ea
1790 1743 1805 1769 ,
1853 1714 1947 1758 aut
1978 1703 2310 1773 dejiciantur
2339 1715 2367 1753 a

785 1797 955 1850 certis
979 1797 1307 1866 quibusdam
1339 1796 1619 1865 equitibus
1651 1794 1718 1848 ad
1763 1796 1867 1848 hoc
1896 1794 2248 1858 constitutis,
2282 1794 2369 1846 in-

2480 605 2707 674 σιδηρᾶς
2750 609 3088 677 ἀσυμφανῶς
3120 610 3252 683 ῥίψῃ
3298 612 3437 680 πρὸς
3467 613 3616 683 ὥραν
3647 617 3705 669 ἐν
3746 622 4064 690 σφηκῶμα-

2478 714 2564 751 σιν
2599 702 2676 768 (7)
2723 701 3127 770 ἀποδεδεμένας
3165 705 3242 767 είς
3281 705 3343 758 τὸ
3380 706 3617 776 ἐτοίμως
3667 712 4063 769 συστέλλεσθαι

2481 793 2619 863 μετὰ
2642 795 2743 864 τὴν
2759 798 2969 866 χρείαν,
3005 799 3281 853 τουτέστιν
3312 801 3405 854 ἐπὶ
3428 801 3628 867 πλάτος
3655 806 3754 873 μὲν
3779 814 3824 877 ρ’
3852 808 4057 871 ποδῶν,

2477 887 2571 938 καὶ
2596 884 2736 956 πρὸς
2762 888 2938 957 μῆκος
2959 889 3017 942 δὲ
3042 890 3179 959 πρὸς
3204 891 3265 944 τὸ
3293 895 3394 964 τῆς
3436 896 3798 963 παρατάξεως
3833 899 4060 967 διάστη-

2480 994 2592 1046 μα·
2637 978 2694 1029 ἐν
2723 977 2801 1047 τῷ
2860 979 3011 1049 μέσῳ
3062 981 3119 1035 δὲ
3172 983 3443 1054 τέσσαρας
3488 986 3521 1056 ἢ
3564 986 3726 1039 πέντε
3783 992 4061 1061 παρόδους

2477 1069 2776 1140 καταλείπῃ
2815 1071 2923 1124 ἀπὸ
2946 1074 3276 1143 τριακοσίων
3302 1076 3480 1129 ποδῶν
3526 1080 3727 1143 πλάτος
3772 1082 4058 1151 ἐγνωσμέ-

2475 1174 2571 1221 νας
2615 1159 2692 1228 τῷ
2727 1159 3091 1229 συμϐάλλοντι
3149 1164 3384 1235 στρατῷ,
3440 1168 3537 1220 καὶ
3595 1173 4057 1240 σεσημειωμε’νας

2474 1248 2587 1300 ἀπὸ
2637 1249 2848 1302 κλάδων
2891 1251 3163 1318 μεγάλων,
3197 1254 3228 1323 ἢ
3275 1257 3577 1323 κονταρίων
3621 1260 3868 1328 κεφαλάς
3917 1261 4059 1326 ξενος

2475 1341 2708 1404 πρεπεῖς
2753 1340 3004 1409 ἐχόντων,
3052 1341 3222 1410 ῆγῆς
3268 1344 3548 1398 ἀναϐολῶν
3586 1347 3663 1411 ὡς
3711 1351 3985 1418 τυμείων,
4023 1352 4054 1419 ἦ

2475 1427 2637 1481 λίθων
2685 1430 3114 1501 ἀποτιθεμένων,
3147 1433 3177 1502 ἢ
3214 1435 3401 1505 ἕτερον
3433 1437 3656 1507 εὔδηλον
3687 1445 3942 1509 σημεῖον,
3994 1445 4053 1495 ού

2480 1520 2641 1589 μόνον
2669 1523 2791 1572 κατ’
2818 1524 2991 1586 αὐτάς
3018 1524 3120 1587 τὰς
3147 1525 3345 1595 ἀρχὰς,
3379 1529 3499 1598 ἦτοι
3519 1531 3630 1582 τῶν
3666 1530 3942 1600 μετώπων
3963 1534 4054 1585 τοῦ

2480 1610 2689 1678 μήκους
2714 1610 3002 1679 τριϐόλων,
3036 1613 3171 1666 ἀλλὰ
3196 1615 3289 1667 καὶ
3310 1617 3453 1669 κατὰ
3478 1617 3572 1670 τοῦ
3592 1618 3792 1687 βάθους
3822 1623 3944 1690 ἢτοι
3965 1622 4053 1674 τοῦ

2478 1701 2713 1755 πλάτους⁵
2750 1704 2880 1772 παρ’
2921 1705 3163 1777 ἑκάτερα
3187 1707 3296 1760 τῶν
3330 1710 3602 1779 παρόδων,
3626 1711 3767 1765 ὥστε
3801 1714 3902 1782 τῆς
3927 1732 4056 1783 συμ-

2478 1793 2646 1862 ϐολῆς
2690 1796 2989 1866 γενομένης
3025 1800 3467 1868 σχηματίσασθαι
3506 1803 3734 1872 τροπὴν,
3783 1807 3882 1858 καὶ
3923 1806 4057 1874 μετὰ

787 1888 940 1941 sidia:
990 1897 1102 1939 tum
1137 1889 1263 1940 hinc
1301 1897 1463 1954 atque
1497 1887 1649 1939 illinc
1692 1891 1925 1953 utroque
1956 1898 2022 1937 ex
2054 1883 2227 1937 latere
2274 1883 2367 1936 ad-

2471 1883 2529 1935 τὸ
2553 1901 2722 1954 παρει
2735 1887 2846 1940 θεῖν
2878 1886 2967 1940 διὰ
2992 1892 3101 1941 τῶν
3130 1890 3388 1944 τοιούτων
3415 1893 3779 1963 ἐγνωσμένω)
3803 1898 4052 1966 παρόδων

785 1995 979 2035 versus
1011 1979 1199 2032 hostes
1242 1978 1457 2031 irruant
1481 2018 1494 2042 ,
1525 1977 1617 2031 ubi
1662 1976 1774 2045 jam
1813 1976 1868 2028 in
1901 1976 2004 2029 hos
2030 1974 2263 2029 tribulos
2293 1978 2367 2028 ir-

782 2071 1028 2135 ruerint,
1093 2083 1195 2123 nec
1235 2078 1548 2123 antrorsum
1599 2071 1693 2121 aut
1738 2073 2042 2121 retrorsum
2069 2064 2369 2135 procedere

784 2172 1041 2234 possunt.

2471 1976 2564 2027 τὸν
2607 1978 2838 2047 στρατὸν
2886 1980 3210 2051 ἐπαίρεσθαι
3248 1982 3315 2034 τά
3349 2000 3572 2037 τοιαντα
3623 1990 3831 2055 σημεῖα
3858 2028 3873 2050 ,
3938 1990 4053 2058 ἤτοι

2474 2070 2951 2140 καταστρέφεσθαι
2981 2073 3134 2143 παρὰ
3171 2073 3278 2127 τῶν
3313 2077 3393 2138 είς
3444 2077 3603 2130 τοῦτο
3645 2080 4057 2150 ἁφοριζομένοιν

2476 2160 2881 2233 καϐαλλαρῖων,
2918 2158 3018 2216 εἷθ’
3050 2164 3224 2229 οὕτως
3273 2165 3371 2235 τὴν
3422 2167 3645 2239 ἐνέδραν
3679 2173 3743 2222 ἐκ
3798 2170 3912 2223 τῶν
3965 2171 4055 2223 δύο

783 2258 1028 2324 πλαγίων
1079 2253 1472 2323 ὑπεξέρχεσθαι
1526 2252 1678 2306 ἔνθεν
1732 2250 1988 2315 κάκεῖθεν
2041 2250 2184 2304 κατά
2235 2250 2347 2303 τῶν
2377 2250 2591 2320 ἐχθρῶν
2626 2256 3073 2325 περιπιπτόντων
3124 2258 3240 2319 τοῖς
3281 2257 3573 2327 τριῦόλοις,
3634 2263 3725 2313 καὶ
3797 2262 3861 2314 ού
3903 2263 4057 2315 δυναο

785 2351 960 2420 μένων
991 2346 1112 2399 οὐδὲ
1140 2345 1329 2415 πρόσω
1352 2344 1475 2397 οὐδὲ
1498 2342 1724 2397 ὄπισθεν
1754 2343 1991 2405 εὐκόλως
2017 2343 2351 2413 ὑποχωρεῖν.

851 2442 940 2495 ιὶϋ.
985 2438 1109 2493 Haec
1144 2438 1259 2493 ﬁeri
1293 2440 1413 2492 sine
1439 2437 1662 2493 tribulis
1685 2436 1876 2492 eodem
1917 2435 2083 2491 modo
2110 2442 2361 2504 possunt,

783 2535 828 2588 si
863 2535 988 2603 quis
1024 2532 1291 2586 rotundas
1324 2530 1588 2600 quasdam
1631 2528 1811 2584 fossas
1847 2529 1996 2582 varie
2040 2527 2361 2596 dispersas,

783 2641 922 2694 quas
970 2623 1179 2691 antiqui
1233 2620 1602 2690 hippoclastas
1645 2617 2023 2682 nominabant,
2076 2616 2245 2670 ducat
2294 2615 2363 2669 ad

782 2714 1025 2784 spatium
1064 2716 1250 2773 unius,
1285 2710 1352 2763 ad
1390 2708 1735 2764 altitudinem
1766 2708 2003 2763 duorum
2055 2714 2153 2761 aut
2191 2706 2359 2760 trium

786 2808 1007 2876 pedum,
1044 2810 1138 2857 aut
1172 2808 1366 2855 acutos
1391 2800 1545 2870 palos
1570 2798 1771 2869 defigat
1799 2800 1856 2853 in
1884 2799 2027 2865 illis;
2054 2798 2153 2852 bas
2182 2797 2362 2852 diver-

786 2911 898 2958 sas,
931 2903 987 2949 et
1027 2896 1298 2949 distantes
1327 2908 1356 2944 a
1388 2907 1446 2946 se
1478 2891 1641 2945 trium
1685 2891 1882 2961 pedum
1929 2891 2080 2945 omni
2116 2906 2181 2946 ex
2216 2898 2369 2960 parte

784 2991 1095 3052 intervallo,
1123 2989 1299 3044 fodies
1331 2987 1399 3041 ad
1432 2987 1671 3042 universi
1701 2986 1864 3056 spatii
1899 2987 2245 3042 latitudinem
2272 3002 2366 3057 pe-

785 3088 912 3141 dum
945 3093 1164 3139 centum
1196 3082 1618 3153 quinquaginta,
1645 3078 1715 3133 ad
1757 3079 2158 3150 longitudinem
2201 3080 2370 3167 totius

783 3177 922 3232 aciei
959 3175 1255 3231 interValli.
1296 3175 1413 3230 lloc
1446 3173 1703 3229 confecto
1734 3171 1959 3241 quando
1985 3171 2053 3225 ad
2083 3169 2369 3226 conﬂicta-

2544 2438 2663 2496 σεῖς’.
2707 2430 2773 2484 Τί
2804 2432 3053 2500 γίνεσθαι
3086 2435 3144 2488 δὲ
3180 2435 3403 2490 δύναται
3430 2438 3524 2491 καὶ
3552 2437 3695 2492 κατὰ
3732 2439 3829 2491 τὸν
3871 2441 4055 2508 ὅμοιοι

2468 2524 2671 2591 τρόπον
2703 2523 2799 2577 καὶ
2830 2522 2962 2576 ἄνευ
3004 2525 3291 2595 τριϐόλων,
3321 2528 3417 2581 ἐάν
3443 2546 3526 2591 τις
3560 2530 3873 2599 στρογγύλα
3929 2532 4055 2600 ὀρύ-

2468 2630 2678 2683 γματα,
2705 2614 2741 2667 ἂ
2771 2614 2960 2683 ἔλεγον
2987 2618 3032 2669 οξ
3063 2616 3417 2689 παλαιότεροι
3448 2621 3849 2684 ίπποκλάστας,
3884 2624 4059 2696 ὀρὲξῃ

2470 2705 2847 2775 διεσπαρμένα
2893 2706 3003 2759 ἀπὸ
3047 2707 3165 2770 ἑνὸς
3214 2708 3373 2773 ποδὸς
3418 2711 3479 2763 τὸ
3525 2711 3802 2782 διάστημα
3846 2715 4057 2783 ἔχοντα,

2468 2796 2563 2849 καὶ
2603 2796 2769 2866 βάθος
2818 2796 2912 2850 δύο
2955 2799 2988 2866 ἢ
3039 2800 3210 2868 τριῶν
3264 2801 3443 2854 ποδῶν
3510 2804 3602 2856 καὶ
3682 2805 3863 2869 ςάλους
3915 2808 4056 2872 ὀξεῖς

2465 2886 2687 2959 ἐμπήξῃ
2730 2889 2787 2941 ἐν
2835 2889 3038 2952 αὐτοῖς.
3072 2889 3257 2943 Ταῦτα
3289 2894 3344 2946 δὲ
3380 2896 3818 2968 παρηλλαγμένα
3871 2900 4055 2971 ὀρυξει

2465 2979 2561 3031 καὶ
2601 2978 2677 3049 μὴ
2723 2979 2811 3031 ἐπ’
2868 2979 3105 3044 εὐθείας,
3138 2982 3171 3052 ἢ
3207 2983 3315 3036 ἀπὺ
3358 2987 3529 3055 τριῶν
3578 2990 3762 3042 ποδῶν
3809 2990 4055 3060 ἀλλήλων

2467 3071 2611 3125 κατά
2648 3070 2717 3124 τὰ
2743 3072 2991 3143 τέσσαρα
3025 3078 3166 3145 μέρη
3200 3078 3614 3148 ἀφεστηκότων,
3644 3082 3737 3133 ἐπὶ
3764 3082 3968 3146 πλάτος
4001 3085 4055 3136 δὲ

2467 3164 2633 3228 πόδας
2673 3172 2772 3235 ρν’,
2810 3166 2985 3235 μῆκος
3008 3168 3065 3220 δὲ
3098 3169 3207 3238 πρὸ
3236 3171 3334 3240 τῆς
3362 3174 3722 3242 παρατάξεως
3753 3174 4053 3246 διάστημα.

784 3273 990 3323 tionem
1017 3275 1239 3322 ventum
1265 3276 1347 3322 est
1390 3281 1489 3336 par
1508 3272 1614 3331 est,
1648 3275 1702 3319 ut
1726 3266 1902 3334 prima
1928 3265 2076 3319 acies
2108 3265 2176 3317 ad
2206 3266 2367 3319 unius

2472 3255 2581 3308 Καὶ
2612 3258 2809 3309 τούτου
2854 3259 3153 3328 γενομένου
3208 3262 3267 3313 ἐν
3295 3264 3361 3332 τῇ
3412 3262 3678 3335 συμσολῇ,
3711 3268 3841 3320 ὃταν
3891 3270 4054 3339 μὲνὴ

783 3360 1037 3415 milliaris
1077 3359 1312 3428 spatium
1357 3366 1485 3412 ante
1513 3370 1637 3411 eum
1670 3356 1851 3409 locum
1894 3360 2201 3409 instruatur
2224 3393 2239 3419 ,
2273 3369 2363 3409 se-

784 3454 964 3509 cunda
1006 3461 1130 3522 post
1160 3450 1479 3505 universum
1503 3448 1853 3503 intervallum
1876 3446 2095 3502 duobus
2132 3456 2228 3500 aut
2265 3445 2365 3499 tri-

782 3544 887 3621 bus
918 3544 1132 3612 sagitta
1178 3541 1420 3610 iactibus
1462 3539 1532 3593 ab
1558 3553 1623 3593 eo
1667 3538 1789 3593 loco
1825 3536 2003 3603 absit,
2047 3547 2107 3590 ut
2148 3536 2193 3590 si
2226 3549 2364 3604 opus

784 3631 973 3698 fuerit,
1007 3641 1061 3687 et
1087 3632 1181 3700 qui
1208 3646 1238 3686 e
1272 3630 1449 3700 prima
1473 3626 1589 3682 acie
1618 3626 1673 3681 in
1704 3626 1885 3695 fugam
1918 3625 2058 3678 versi
2097 3630 2248 3685 sunt,
2277 3637 2365 3676 se-

784 3742 916 3781 cure
941 3740 1037 3795 per
1056 3739 1120 3779 ea
1149 3723 1267 3777 loca
1288 3720 1540 3786 evadant,
1558 3716 1766 3774 eisdem
1799 3713 2101 3770 intervallis
2123 3711 2365 3769 secunda

785 3815 933 3869 acies
980 3814 1102 3869 sine
1137 3810 1444 3866 offensione
1481 3815 1769 3870 transeat,
1801 3814 1966 3874 atque
2001 3804 2139 3858 adeo
2177 3803 2363 3858 hostes

785 3907 1029 3962 invadat.

2471 3347 2664 3419 πρώτη
2696 3348 2850 3415 τάξις
2880 3352 3436 3422 προπαρατάσσηται,
3467 3358 3680 3427 πρέπον
3724 3359 3813 3413 ῖνα
3846 3362 3922 3423 ὡς
3950 3364 4055 3428 πρὸ

2472 3439 2589 3501 ἐνὸς
2622 3440 2798 3510 μιλίου
2831 3440 2925 3493 τοῦ
2956 3441 3202 3496 τοιούτου
3235 3445 3572 3515 σοφίσματος
3596 3450 3786 3521 ήαύτῇ
3818 3452 4054 3516 ἵσταται,

2470 3537 2503 3604 ἡ
2539 3534 2596 3587 δὲ
2617 3534 2850 3605 δευτέρα
2877 3534 3104 3588 ὄπισθεν
3132 3536 3305 3590 αὑτοῦ
3324 3538 3394 3591 δι’
3415 3540 3536 3592 ὅλου
3566 3542 3662 3594 τοῦ
3689 3543 4055 3615 διαστήματος

2474 3628 2553 3688 είς
2583 3627 2652 3679 τὰ
2682 3624 2962 3695 λείμματα
2985 3625 3097 3680 τῶν
3126 3628 3455 3698 ὀρυγμάτων
3480 3632 3556 3696 ὼς
3575 3634 3685 3687 ἀπὸ
3703 3635 3801 3689 δύο
3825 3638 3859 3708 ἢ
3890 3641 4055 3708 τριῶν

2474 3714 2874 3783 σαγιττοόόλων
2921 3716 3175 3770 ὄπισθεν⁹
3211 3718 3299 3772 ἵνα
3340 3721 3435 3773 ἐὰν
3473 3723 3633 3793 χρεία
3681 3726 3930 3796 γένηται,
3964 3729 4053 3780 καὶ

2464 3808 2515 3859 οἱ
2543 3807 2871 3877 τρεπόμενοι
2908 3811 3009 3878 τῆς
3035 3811 3259 3881 πρώτης
3301 3813 3391 3867 διὰ
3428 3816 3539 3869 τῶν
3568 3819 3872 3873 ἀκινδύνων
3917 3838 4055 3888 περ.

2465 3897 2755 3968 έρχωνται,
2790 3899 2883 3951 καὶ
2927 3900 3028 3970 τὴν
3070 3900 3331 3972 δευτέραν
3361 3904 3536 3971 τάξιν,
3565 3906 3661 3959 ἐὰν
3711 3909 3876 3978 χρεία
3911 3911 4052 3961 ἐστῖν

783 4000 1069 4056 ἐπιθέσθαι
1100 4001 1213 4061 τοῖς
1241 3996 1456 4068 ἐχθροῖς
1489 3992 1579 4047 διά
1607 3992 1718 4046 τῶν
1743 3988 1921 4044 αὐτῶν
1985 3987 2263 4057 εὐκαίρων
2310 3986 2721 4059 διαλειμμάτων
2761 3991 3037 4062 εὐκαίρων
3065 3991 3446 4065 διερχομένην,
3500 3998 3597 4049 καὶ
3646 3996 4051 4067 ἀνεμποδίστως

782 4099 957 4161 οὓτως
987 4092 1331 4149 ἐπιτίθεσθαι
1359 4092 1471 4153 τοῖς
1501 4086 1737 4158 ἐχθροῖς.

856 4157 950 4243 «Π.
978 4185 1209 4253 Quando
1241 4198 1349 4238 non
1384 4190 1509 4235 ante
1534 4157 1791 4234 fraudein
1826 4157 1970 4230 hanc
2009 4180 2329 4243 apparatam
2354 4213 2368 4235 ,

786 4280 882 4335 sed
916 4287 1041 4350 post
1086 4291 1208 4331 eam
1243 4274 1393 4330 acies
1424 4271 1717 4327 instruitur
1742 4308 1757 4333 ,
1790 4277 1905 4323 tres
1932 4266 2144 4336 sagittae
2187 4264 2370 4334 jactus

786 4373 854 4426 ab
897 4385 964 4427 co
997 4369 1119 4424 loco
1149 4368 1296 4423 acies
1336 4366 1640 4420 instruatur
1669 4379 1683 4417 :
1724 4368 1778 4416 et
1819 4358 2037 4430 quando
2068 4357 2256 4411 hostes
2284 4355 2369 4410 vel

786 4462 1133 4525 transierint,
1160 4459 1244 4514 vel
1274 4460 1332 4512 in
1364 4457 1486 4511 loco
1522 4454 1733 4508 fraudis
1766 4452 1972 4527 molita:
1999 4449 2229 4513 fuerint,
2273 4461 2368 4500 oc-

783 4562 1017 4610 currant
1043 4554 1152 4607 illis
1190 4551 1403 4616 nostri,
1436 4557 1494 4602 ut
1529 4562 1632 4618 pro
1662 4545 1944 4600 celeritate
1973 4541 2096 4611 equi
2150 4540 2366 4593 illorum

790 4646 1083 4701 laedantur.
1123 4644 1268 4698 Loca
1313 4649 1494 4695 autem
1524 4640 1684 4693 istius
1716 4636 1925 4691 fraudis
1949 4640 2276 4703 opportuna,
2314 4638 2368 4685 et

784 4742 996 4810 integra
1050 4737 1114 4791 ad
1155 4732 1587 4797 transeundum,
1629 4731 1737 4783 lata
1789 4727 2079 4782 admodum
2128 4723 2363 4794 relinqui

2545 4170 2651 4242 μξ.
2686 4172 2857 4225 Ὀταν
2890 4172 3034 4226 δὲού
3079 4174 3186 4243 πρὸ
3215 4175 3310 4228 τοῦ
3348 4176 3681 4246 σοφίσματος
3730 4180 3764 4249 ἡ
3804 4179 4048 4248 παράτα-

2471 4266 2551 4331 ξις
2573 4264 2801 4334 γένηται
2827 4265 2999 4327 πᾶσα,
3033 4264 3167 4318 ἀλλὰ
3188 4266 3413 4319 ὄπισθεν
3442 4267 3631 4331 αὑτοῦ,
3663 4269 3783 4322 δέον
3813 4270 3923 4323 ἀπὸ
3947 4271 4049 4323 τῶν

2469 4357 2635 4428 τριῶν
2666 4354 3063 4422 σαγιττοὸόλων
3099 4357 3292 4409 τούτου
3336 4358 3563 4411 ὄπισθεν
3602 4361 3710 4429 τὴν
3744 4359 4049 4429 παράταξιν

2470 4447 2745 4509 ἵστασθαι,
2774 4448 2865 4500 καὶ
2898 4449 3026 4501 ὅταν
3061 4451 3109 4501 οἱ
3149 4449 3334 4520 ἐχθροὶ
3365 4451 3708 4519 παρέλθωσιν
3743 4452 3777 4522 ἢ
3815 4453 4050 4506 καταλά-

2477 4539 2615 4593 ϐωσι
2644 4541 2705 4592 τὸ
2733 4540 3000 4610 σόφισμα,
3028 4540 3151 4593 τότε
3184 4541 3541 4604 ὑπαντιάζειν
3568 4543 3772 4606 αὐτοῖς,
3809 4544 3896 4595 ἵνα
3920 4545 4051 4612 φλά-

2478 4650 2647 4687 σωσιν
2663 4635 2711 4685 οἱ
2739 4634 2897 4686 ἵπποι
2918 4634 3097 4686 αὐτῶν
3117 4634 3450 4702 ἐμπεσόντες
3475 4635 3866 4705 ἀφανισθῆναι.
3896 4636 4049 4688 ’Δλλᾶ

2474 4725 2597 4776 τότε
2630 4724 2692 4775 οὐ
2722 4723 2827 4793 χρὴ
2881 4723 3018 4775 πολὺ
3070 4723 3281 4776 πλατέα
3328 4724 3397 4776 τὰ
3434 4723 3671 4794 εὔκαιρα
3720 4726 3898 4795 χωρία
3957 4724 4048 4778 τοῦ

784 4799 1150 4899 nonoportet,
1177 4833 1235 4879 ut
1260 4840 1326 4879 ne
1353 4838 1583 4892 magnus
1607 4820 1849 4876 hostium
1876 4830 2143 4872 numerus
2170 4828 2363 4869 secure

2472 4814 2805 4884 σοφίσματος
2835 4813 3293 4883 καταλιμπάνειν,
3316 4816 3448 4867 όταν
3479 4816 3512 4885 ἡ
3540 4816 3850 4884 παράταξις
3879 4817 4048 4869 ὀπίσω

782 4938 893 4978 non
925 4921 1125 4975 acriter
1164 4916 1468 4971 adoriatur.

850 5099 940 5155 48.
983 5096 1077 5152 lia:
1118 5110 1300 5151 rerum
1346 5092 1729 5164 aggressiones
1776 5097 1941 5157 atque
1990 5085 2102 5139 doli
2143 5085 2362 5139 clamet

782 5209 811 5248 a
845 5192 1037 5263 paucis
1069 5188 1427 5256 ﬁdelibusque
1457 5183 1775 5238 hominibus
1816 5180 1899 5234 vel
1939 5178 2058 5247 ipso
2090 5178 2180 5231 die
2210 5176 2358 5240 belli,

780 5286 865 5339 vel
905 5298 1016 5339 uno
1061 5288 1188 5337 ante
1232 5281 1343 5344 die,
1369 5277 1436 5333 ad
1465 5287 1749 5344 vesperam
1780 5272 1864 5327 vel
1910 5281 2076 5324 noctu
2111 5270 2262 5330 fiant,
2294 5282 2360 5321 eo

780 5380 897 5449 ipso
948 5372 1071 5429 loco
1125 5388 1233 5444 quo
1288 5371 1488 5426 bellum
1532 5372 1918 5436 exspectatur,
1960 5363 2148 5431 ibique
2177 5361 2362 5416 hostes

780 5468 1110 5542 praestolari.
1154 5464 1235 5518 Ad
1277 5464 1379 5518 hoc
1424 5470 1643 5530 tempus
1688 5465 1869 5512 autem
1924 5453 2252 5525 quibusdam
2294 5468 2359 5506 ex

780 5564 1026 5619 exercitu
1069 5557 1413 5617 muniantur,
1446 5553 1721 5624 praecipue
1750 5557 1934 5604 autem
1964 5546 2264 5617 signiferis,
2303 5554 2361 5599 ut

782 5656 959 5711 sciant
1013 5667 1075 5708 se
1122 5647 1396 5706 asservari
1433 5664 1449 5703 :
1491 5654 1545 5701 et
1588 5649 1714 5715 post
1754 5640 1935 5697 banda
1979 5638 2193 5694 densati
2245 5651 2362 5690 am-

2472 4904 2652 4959 αὐτῶν
2686 4906 2861 4969 ἐστιν,
2910 4904 3051 4957 ὥστε
3104 4906 3179 4975 μὴ
3217 4906 3343 4968 τοὺς
3382 4907 3614 4970 πολλοὺς
3662 4907 3771 4961 τῶν
3839 4908 4048 4978 ἐχθρῶν

2472 4996 2873 5068 παροδεύοντας
2894 4996 3195 5059 ἀκινδύνως
3233 4996 3335 5066 τῆς
3366 4997 3547 5067 μάχης
3578 4998 4012 5067 προσάπτεσθαι.

2541 5087 2655 5159 μη’.
2683 5088 2764 5141 Τὰ
2792 5088 2849 5141 δὲ
2871 5086 3097 5141 τοιαῦτα
3126 5089 3350 5158 ἐγχειρή
3361 5106 3508 5156 ματα
3530 5090 3698 5158 ἤγουν
3715 5090 4043 5159 σοφίσματα,

2468 5178 2843 5244 λανθανόντως
2868 5197 2927 5232 σε
2968 5180 3049 5233 δεῖ
3078 5182 3275 5241 ποιεῖν,
3325 5174 3370 5234 ὦ
3409 5182 3707 5251 στρατηγὲ,
3742 5181 3809 5234 δι’
3853 5182 4044 5250 ὀλίγων

2467 5270 2562 5323 καὶ
2609 5271 2815 5323 πιστῶν
2861 5269 3183 5341 ἀνθρώπων,
3220 5270 3253 5340 ἢ
3289 5272 3345 5323 ἐν
3376 5272 3511 5341 αὐτῇ
3562 5274 3629 5341 τῇ
3663 5271 3760 5323 τοῦ
3808 5272 4042 5339 πολέμου

2466 5362 2670 5433 ἡμέρᾳ,
2702 5362 2734 5433 ἢ
2766 5362 2873 5432 πρὸ
2914 5364 3043 5431 μιᾶς
3070 5362 3236 5415 αὑτοῦ
3262 5362 3480 5433 ἡμέρας
3515 5363 3644 5433 περὶ
3681 5365 3781 5426 τὰς
3812 5363 4044 5424 suam;

2466 5454 2631 5507 αὺτοῦ
2667 5453 2839 5524 ὥρας,
2870 5454 2903 5524 ἦ
2941 5453 3158 5519 νυκτὸς,
3203 5455 3259 5507 ἐν
3288 5455 3482 5521 ἐκείνῳ
3509 5453 3756 5523 δηλονότι
3787 5454 3871 5523 τῷ
3898 5455 4042 5522 τὸπῳ

2467 5549 2525 5601 ἐν
2556 5540 2601 5615 ᾧ
2644 5548 2675 5617 ἡ
2717 5547 2864 5617 μάχη
2919 5547 3310 5618 προσδοκᾶται,
3379 5547 3603 5600 κάκεῖσε
3641 5546 3770 5609 τοὺς
3822 5546 4043 5615 ἐχθροὺς

2465 5638 2781 5708 ἀναμένειν,
2810 5638 2907 5691 καὶ
2929 5638 3068 5709 πρὸς
3094 5637 3247 5707 ὥραν
3270 5636 3495 5709 θαρρεῖν
3518 5638 3630 5699 τοῖς
3660 5635 3753 5688 τοῦ
3786 5632 4043 5707 στρατοῦ,

2328 5727 2559 5784 NOTAE.

850 5840 926 5912 (7)
970 5839 1508 5908 Ἐνονφηλίώμιιονιν⁸
1546 5830 1923 5891 Scribebatur,
1950 5827 2007 5880 ἐν
2038 5826 2427 5895 ἀφηκιὶ›μασιν.
