4176 6442
208 364 312 429 881

1227 376 1555 433 TAC'l'lCA.
1604 402 1669 411 -
1700 376 2200 444 CUNS’l'l'l‘UTlU
2229 387 2377 446 Χιν.

3358 395 3467 456 882

208 481 336 542 τοὺς
360 480 657 550 ἡμετέρους
676 520 690 542 ,
718 483 838 534 τότε
872 484 996 546 τοὺς
1032 484 1257 547 ὁπλίτας
1282 486 1452 554 ἤγουν
1480 488 1602 549 τοὺς
1628 504 1777 556 πρω-

1890 491 2070 552 nobis,
2113 510 2306 561 graves
2361 496 2635 565 ptacstites
2688 507 2812 553 ante
2864 501 3172 555 collocandi
3223 519 3253 555 a
3301 508 3459 561 nobis

208 571 472 630 τοστὰτας
501 570 810 640 ἔμπροσθεν
830 572 909 624 δεῖ
927 573 1221 627 τάσσεσθαι
1240 575 1458 643 ἔχοντας
1483 578 1785 642 σκουταρια

211 661 423 729 μεγαλα
453 662 721 731 ἐπιμήκη,
757 662 901 732 ἆπερ
941 662 1161 730 λέγουσι
1200 664 1447 734 ουρεους,
1485 664 1623 718 ὥστε
1660 666 1785 716 σκέ-

208 768 334 802 πειν
374 751 469 804 ὅλα
512 754 580 805 τὰ
627 752 873 820 σώματα,
907 754 1098 823 ἀνδρὸς
1140 755 1331 823 ἔχοντα
1380 756 1573 825 μῆκος.
1626 758 1686 807 Οἱ
1730 755 1786 807 δὲ

211 844 350 912 μετὰ
395 844 617 904 τούτους
672 843 898 895 ὄπισθεν
947 825 1269 914 τασσόμενοι
1323 850 1415 898 καὶ
1468 849 1629 917 μέχρι
1679 844 1785 899 τῶν

206 936 473 988 ὀπισθίων
503 934 645 1006 ὑπὲρ
675 936 919 1003 κεφαλῆς
948 935 1177 1005 ἄραντες
1211 939 1333 999 τοὺς
1354 938 1578 1008 θυρεοὺς
1607 937 1785 999 αὔτως

208 1027 721 1095 προσερχέσθωσαν,
757 1028 863 1089 ἓως
894 1026 959 1079 ἂν
988 1029 1136 1088 ἐντὸς
1164 1028 1427 1093 γένωνται
1461 1028 1567 1080 τῶν
1603 1030 1787 1096 ῥιπτο-

211 1118 394 1187 μένων
435 1118 704 1185 σαγιττῶν
731 1119 763 1187 ἢ
814 1120 1110 1189 ρικταρίων
1138 1135 1151 1148 ’
1175 1118 1348 1182 οὕτως
1369 1119 1476 1187 γὰρ
1507 1120 1580 1181 ὡς
1612 1121 1783 1171 εἰπεῖν

207 1209 610 1277 κεραμοῢέντες
641 1208 794 1260 οὐδὲν
838 1208 1052 1262 πάθωσι
1101 1209 1270 1261 κακον
1301 1210 1409 1263 ἀπὸ
1447 1208 1554 1260 τῶν
1600 1211 1785 1279 ῥιπτο-

208 1302 389 1370 μένων
422 1300 570 1369 παρὰ
595 1299 701 1352 τῶν
732 1302 1005 1367 πολεμίων
1041 1300 1229 1369 βελῶν.

416 1392 473 1441 Εἰ
510 1391 564 1442 δὲ
601 1391 694 1443 καὶ
734 1391 888 1442 ἐνθεν
934 1393 1189 1443 κάκεῖθεν
1222 1392 1256 1461 ἡ
1292 1391 1439 1460 παρὰ
1474 1391 1582 1444 τῶν
1611 1389 1783 1458 ψιλῶν

208 1478 432 1546 βοήθεια
460 1480 745 1548 πάρεστιν,
790 1472 938 1531 οὗτοι
967 1480 1210 1549 πρῶτοι,
1241 1481 1368 1550 πρὶν
1411 1481 1442 1549 ἦ
1476 1482 1702 1546 γένηται
1747 1482 1779 1549 ἡ

207 1569 493 1637 συμϐολὴ,
528 1570 620 1623 καὶ
657 1570 936 1637 σαγίττας,
984 1573 1077 1623 καὶ
1124 1574 1377 1641 ρικτὰρια
1410 1569 1607 1641 ῥίψωσι
1640 1572 1780 1623 κατᾶ

204 1662 315 1713 τῶν
344 1662 616 1730 πολεμίων
636 1677 648 1690 ·
681 1662 714 1731 ἢ
743 1663 836 1716 καὶ
866 1663 1002 1730 μετᾶ
1024 1664 1122 1732 τὴν
1157 1662 1429 1732 συμϐολὴν
1473 1666 1570 1733 τῆς
1601 1664 1781 1733 μάχης

206 1755 270 1806 ἐκ
304 1753 550 1819 πλαγίων
578 1754 676 1823 τῆς
699 1754 807 1805 τῶν
829 1752 1039 1823 ἐχθρῶν
1071 1753 1427 1822 παρατάξεως
1449 1754 1782 1815 ἐπιτιθέντες

1886 592 2036 645 sunt,
2056 586 2145 651 qui
2173 595 2327 639 scuta
2375 603 2569 657 magna
2603 599 2765 657 atque
2785 592 3038 659 oblonga,
3064 608 3204 661 quos
3243 597 3465 663 thyreos

1889 686 2107 734 vocant,
2134 676 2198 727 ad
2225 678 2461 731 universi
2488 680 2739 748 corporis
2759 681 3151 748 longitudinem
3178 687 3463 754 legendam

1886 775 2120 833 gestent,
2171 768 2259 836 qni
2317 784 2443 820 vero
2490 770 2556 823 ad
2598 782 2784 840 tergus
2830 773 3044 825 illorum
3088 785 3256 840 stant,
3299 790 3464 845 supra

1885 866 2049 926 caput
2096 861 2425 913 anterior-nm
2478 872 2630 915 scuta
2666 881 2762 917 sua
2798 866 3113 919 attollentes
3158 870 3237 923 sic
3272 885 3466 935 proce-

1885 948 2037 1010 dant,
2077 948 2251 1002 donec
2318 952 2461 1003 intra
2511 953 2831 1019 Sagittarum
2879 956 3221 1025 telorumque
3258 959 3463 1024 jactttnt

1888 1040 2088 1094 fuerint
2121 1057 2135 1105 ;
2172 1043 2250 1095 sie
2279 1046 2421 1095 enim
2457 1046 2605 1103 tecti,
2635 1055 2797 1110 atque
2829 1055 2885 1097 ut
2918 1048 2987 1100 ita
3019 1049 3232 1115 loquar,
3279 1052 3464 1103 inero--

1886 1133 2034 1195 stati,
2072 1133 2204 1185 nihil
2233 1137 2356 1187 mali
2390 1135 2457 1188 ab
2490 1136 2730 1188 hostium
2764 1138 3029 1204 conjectis
3061 1141 3185 1193 telis
3217 1142 3459 1210 capient.

1953 1384 2076 1439 104.
2108 1384 2161 1438 Si
2188 1385 2315 1439 hine
2364 1398 2525 1457 atque
2559 1389 2707 1443 illinc
2732 1391 2891 1445 nobis
2924 1393 3122 1446 levium
3155 1396 3461 1451 subsidium

1885 1473 2069 1536 fuerit,
2113 1475 2147 1528 ii
2177 1475 2359 1544 primi,
2402 1486 2695 1545 antequam
2734 1480 3065 1537 conﬂictatio
3094 1484 3207 1549 ﬁat,
3239 1486 3464 1553 sagittas

1882 1575 1935 1619 et
1962 1567 2063 1619 tela
2097 1568 2147 1619 in
2180 1567 2365 1621 hostes
2394 1567 2711 1635 conjiciant.
2738 1573 2819 1625 vel
2846 1572 3011 1625 etiam
3033 1582 3151 1641 post
3185 1576 3457 1645 inceptam

1883 1658 2337 1712 conﬂictationem
2370 1660 2436 1711 ad
2462 1661 2629 1715 latera
2665 1663 2901 1716 hostium
2945 1664 3083 1718 aciei
3117 1666 3459 1733 invadentes,

1884 1749 1988 1801 tela
2017 1749 2069 1800 in
2096 1764 2192 1803 eos
2226 1749 2542 1813 immittam,
2575 1760 2632 1805 ut
2660 1756 2844 1816 simul,
2869 1764 2921 1808 et
2943 1758 3007 1808 ad
3042 1758 3207 1812 latera
3238 1769 3458 1829 pertur-

203 1845 577 1911 πςμπέτωσαν
615 1844 685 1896 τὰ
735 1842 865 1911 βέλη
903 1844 1042 1896 κατὰ
1077 1844 1278 1907 αὐτῶν,
1333 1842 1418 1894 ἵνα
1464 1840 1777 1895 συνελαυνό-

1889 1839 2105 1907 bentur,
2137 1850 2189 1896 et
2225 1856 2409 1897 coram
2440 1859 2502 1898 ex
2532 1844 2764 1900 adverso
2794 1847 3216 1908 labefactentur.

206 1950 362 2002 μενοι
392 1933 485 1985 καὶ
527 1933 633 1986 ἀπὸ
666 1932 775 1984 τῶν
808 1932 1054 2000 πλαγίων
1089 1931 1466 2003 Θορυὸοῦνται,
1504 1934 1599 1985 καὶ
1632 1932 1787 1985 ἐλατ-

200 2024 424 2076 τοῦνται
455 2026 590 2092 πρὸς
620 2024 748 2085 τοὺς
779 2024 1108 2091 ἔμπροσθεν.

278 2122 377 2183 ρξ’.
427 2115 553 2166 Ἐὰν
575 2114 632 2166 δὲ
675 2114 1004 2183 παράκειται
1046 2112 1344 2182 ὀχύρωμα,
1392 2113 1549 2165 τοῦτο
1584 2112 1782 2180 μᾶλλον

201 2209 332 2269 τοὺς
360 2206 548 2274 ψιλοὺς
584 2204 873 2275 βοηθήσει·
915 2203 1199 2272 βάλλοντες
1235 2204 1343 2273 γὰρ
1382 2205 1449 2256 τὰ
1482 2202 1607 2272 βέλη
1643 2203 1783 2256 κατὰ

202 2301 313 2353 τῶν
339 2298 635 2367 πολεμίων,
661 2298 756 2350 καὶ
773 2298 851 2359 είς
875 2297 1006 2349 αὐτὸ
1031 2298 1479 2367 κατατρέχοντες,
1510 2294 1783 2363 ἀφοὸώτε-

202 2410 289 2465 ροι
319 2392 597 2460 γίνωνται.
630 2384 753 2441 Οἷον
774 2388 883 2440 εἴτε
915 2385 1243 2456 κρημνώδης
1263 2386 1445 2446 τόπος,
1478 2387 1585 2436 εἴτε
1610 2401 1780 2436 ποτα-

203 2484 309 2555 μοῦ
345 2484 501 2552 ὄχθη,
535 2482 567 2551 ἢ
615 2480 710 2533 καὶ
749 2480 934 2549 βουνὸς
963 2476 1335 2548 ὑπερανέχων,
1381 2477 1414 2547 ἤ
1462 2476 1558 2529 καὶ
1592 2475 1779 2545 ἕτερον

201 2576 353 2627 ἐστιν
380 2573 664 2642 ὀχύρωμα.

274 2662 381 2733 ρη’.
429 2661 661 2729 Ὀφειλει
690 2661 747 2714 δὲ
783 2657 924 2713 εἶναι
955 2660 1227 2731 διάστημα
1271 2662 1349 2722 εἰς
1381 2660 1479 2722 τὰς
1517 2659 1776 2729 παρατά-

200 2756 349 2821 ξεις,
395 2754 481 2806 ἵνα
523 2752 618 2805 ἐὰν
666 2751 837 2813 οὕτως
868 2751 1088 2821 συμϐῇ,
1132 2753 1226 2804 καὶ
1264 2752 1311 2802 οἱ
1360 2750 1506 2819 ψιλοὶ
1535 2749 1775 2803 ἐκκενώ-

200 2861 369 2896 σωσιν
397 2843 467 2895 τα
493 2842 623 2911 βέλη
652 2840 852 2901 αὐτῶν,
888 2842 982 2893 καὶ
1012 2839 1163 2893 οὔπω
1190 2840 1406 2907 ἐγένετο
1434 2841 1465 2910 ἡ
1506 2838 1773 2909 συμὸολὴ,

196 2935 314 2989 ἀλλ’
342 2933 423 2985 ἔτι
460 2932 793 3002 προάγουσιν
818 2933 866 2983 οἱ
903 2930 1175 2998 πολέμιοι.
1204 2930 1325 2981 τότε
1358 2929 1774 2999 ἐπιστρέφουσιν

196 3029 246 3079 οι
276 3025 426 3093 ψιλοὶ
470 3024 605 3092 μετὰ
647 3022 919 3088 εὐταξίας,
967 3022 1061 3074 καὶ
1106 3020 1404 3082 διελθόντες
1457 3021 1626 3089 μέσην
1674 3022 1773 3088 τὴν

1956 2128 2079 2181 lilii.
2124 2125 2178 2179 Si
2213 2127 2391 2196 aliqua
2424 2128 2658 2181 mimitio
2685 2127 2951 2191 adfuerit,
3011 2147 3073 2183 ea
3102 2132 3244 2185 leves
3275 2134 3458 2186 admo-

1882 2222 2010 2272 dum
2038 2219 2247 2286 juvabit
2281 2238 2294 2283 ;
2336 2237 2458 2272 nam
2485 2221 2548 2272 ad
2587 2236 2704 2273 eam
2742 2231 3155 2283 concurrentes.
3193 2223 3245 2276 in
3284 2226 3466 2279 hostes

1882 2311 2151 2373 securius,
2186 2319 2349 2379 atque
2376 2310 2636 2364 audacius
2660 2311 2763 2364 tela
2795 2313 3108 2381 conjirient,
3146 2323 3201 2365 ιιι
3248 2313 3293 2367 si
3328 2329 3462 2383 pra:-

1881 2401 2124 2470 ripitinm
2147 2404 2389 2471 aliquod.
2417 2412 2510 2455 aut
2542 2403 2657 2473 ripa
2689 2403 2861 2462 ﬂuvii.
2889 2412 2983 2457 alit
3002 2406 3157 2458 collis
3181 2406 3460 2469 eminens,

1880 2499 1974 2543 aut
2004 2491 2048 2545 si
2080 2492 2206 2560 quid
2234 2492 2395 2559 hnjns
2417 2494 2635 2562 generis
2676 2494 2910 2547 munitio
2938 2493 3122 2549 fuerit.

1951 2660 2073 2713 106.
2108 2657 2251 2712 Inter
2275 2660 2422 2713 acies
2454 2669 2633 2713 autem
2662 2660 3009 2714 intervallum
3039 2661 3311 2728 quoddam
3337 2677 3464 2717 esse

1878 2748 2059 2812 debet,
2095 2760 2151 2802 ιιι
2194 2753 2237 2803 si
2279 2751 2423 2804 leves
2457 2752 2642 2803 omnia
2680 2751 2783 2804 tela
2822 2752 3102 2805 emiserint
3141 2755 3460 2821 priusquam

1877 2839 2208 2894 conﬂictatio
2234 2855 2357 2895 esse
2386 2840 2615 2908 cceperit
2637 2880 2654 2905 ,
2684 2847 2739 2892 ct
2774 2840 2953 2893 adlmc
2971 2840 3220 2895 cominus
3278 2841 3465 2896 hostes

1878 2935 2051 3002 magis
2082 2948 2146 2985 ac
2192 2933 2361 3001 magis
2385 2933 2625 2992 veniunt,
2658 2948 2789 2983 eum
2809 2931 3019 2985 ordinis
3055 2931 3289 3000 quadam
3320 2947 3455 2985 con-

1877 3021 2193 3076 servatione
2254 3021 2400 3074 leves
2443 3020 2690 3083 redeant,
2728 3028 2781 3073 et
2836 3020 3070 3073 mediam
3130 3022 3459 3089 phalangem

197 3113 457 3179 φάλαγγα
489 3112 741 3181 ταρὰχως
792 3112 884 3163 ἐπί
930 3111 1000 3163 τὰ
1035 3110 1257 3162 ὄπισθεν
1294 3109 1654 3162 διασωθῶσιν.
1698 3111 1770 3161 0'3

1884 3120 2348 3181 pertranseuntes,
2377 3126 2572 3167 secure
2602 3122 2721 3165 :lne
2746 3110 3044 3165 offensione
3067 3112 3131 3165 ad
3159 3120 3461 3167 extremam

162 3244 171 3249 -
196 3206 305 3275 γάρ
337 3207 487 3257 ἐστιν
514 3204 750 3273 ἀσφαλὲς
772 3204 1056 3256 κνκλεύειν
1078 3202 1274 3264 αὐτοὺς
1299 3202 1494 3265 ἔξωθεν
1524 3202 1583 3254 τὺ
1610 3202 1776 3270 στρα-

196 3312 418 3364 τευμα,
467 3295 563 3347 καὶ
610 3293 752 3346 οὕτω
798 3294 1146 3363 διέρχεσθαι·
1198 3291 1286 3343 ἵνα
1346 3294 1420 3361 μὴ
1474 3291 1624 3360 παρᾶ
1669 3291 1777 3343 τῶν

198 3386 411 3457 έχορῶν
435 3385 744 3454 ἐρχομένων
778 3385 930 3454 μέσοι
952 3383 1235 3452 γενόμενοι
1272 3382 1623 3434 διαπέσωσιν·
1654 3380 1773 3433 οὔτε

197 3479 255 3532 δὲ
286 3477 470 3539 πόλεις
501 3479 580 3539 εἰς
607 3477 672 3529 τὰ
692 3476 828 3527 ὅπλα
852 3475 1047 3544 μέσους
1074 3474 1385 3544 ἐμπίπτειν
1415 3474 1774 3540 πεπυκνωμέο

198 3587 293 3640 νης
324 3567 491 3639 οὔσης
519 3569 615 3637 τῆς
648 3565 877 3631 τάξεως,
907 3567 998 3619 καὶ
1031 3565 1172 3619 οὕτω
1204 3565 1505 3637 βιάζεσοαι.

271 3750 373 3819 ρξ’.
406 3748 630 3817 Ἐτέρας
654 3747 707 3799 δὲ
731 3746 910 3810 τάξεις
934 3746 1075 3817 ἔχειν
1104 3747 1359 3808 ἐνόπλους
1384 3746 1476 3798 καὶ
1499 3744 1772 3811 ἑτοίμους,

199 3842 285 3893 ἵνα
323 3842 453 3893 ὅταν
496 3840 544 3890 οἱ
586 3838 732 3906 ψιλοὶ
770 3840 835 3890 τΞι
868 3840 1005 3890 ὅπλα
1050 3836 1360 3902 κενώσωσι,
1410 3835 1530 3888 τότε
1576 3836 1774 3886 ἐκεῖνοι

197 3929 634 3986 ἁντεισέλθωσιν,
669 3930 760 3980 καὶ
792 3930 891 3997 τὴν
923 3928 1110 3997 χρείαν
1137 3928 1360 3979 ἐκείνων
1386 3926 1699 3978 τελέσωσιν.

275 4029 377 4091 ρηθ.
415 4019 629 4086 Ἐπειδὴ
655 4020 710 4071 δὲ
738 4020 797 4070 τὸ
825 4019 990 4087 πάλος
1013 4020 1108 4086 τῆς
1137 4017 1485 4087 παρατάξεως
1520 4016 1653 4084 πρὸς
1675 4016 1772 4077 τας

196 4112 391 4183 χρείας
430 4108 813 4178 ὲκτεινομένης
861 4108 1030 4176 αὐτῆς
1072 4110 1160 4160 ἐπὶ
1205 4110 1375 4176 μῆκος
1428 4105 1771 4157 συστέλλεται

198 4205 295 4257 καὶ
322 4203 668 4262 λεπτύνεται,
696 4200 814 4252 δέον
840 4201 984 4251 ἐστὶν
1013 4199 1086 4268 μὴ
1114 4199 1375 4251 ἐκτείνειν
1399 4197 1498 4266 τὴν
1527 4195 1771 4264 παρατα-

200 4296 281 4360 ξιν
310 4293 585 4355 τοσοῦτον,
620 4290 760 4343 ὥστε
798 4292 974 4342 πᾶσαν
1011 4290 1209 4357 ἀροενῆ
1242 4290 1336 4340 καὶ
1365 4291 1533 4358 χωρὶς
1575 4287 1773 4355 βάθους

197 4386 455 4451 ποιῆσαι,
484 4385 653 4453 ἢγουν
681 4381 823 4434 κατὰ
859 4381 919 4432 τὸ
952 4381 1141 4448 πάχος,
1175 4379 1509 4449 φοϐούμενον
1543 4381 1640 4441 τὰς
1672 4397 1767 4430 κυο

1883 3207 2017 3260 aeiei
2046 3213 2251 3274 partem
2284 3206 2624 3273 perveniant.
2660 3204 2845 3273 Neque
2877 3206 3021 3258 enim
3054 3214 3229 3258 totum
3265 3214 3367 3269 est,
3405 3216 3463 3259 ιιι

1880 3298 2086 3351 circum
2114 3311 2172 3349 se
2198 3311 2293 3365 per
2321 3304 2596 3348 extremas
2627 3310 2754 3348 oras
2791 3296 2925 3348 aciei
2959 3296 3263 3364 obliquent,
3296 3307 3348 3349 et
3381 3298 3463 3351 sic

1877 3407 1942 3441 eo
1982 3388 2292 3449 deveniam,
2341 3395 2397 3439 ιιι
2444 3402 2511 3440 ne
2566 3387 2617 3438 in
2656 3386 2834 3440 medio
2872 3388 2941 3441 ab
2987 3388 3235 3443 hostibus
3294 3387 3466 3442 inter-

1880 3480 2221 3533 venientibus
2262 3478 2618 3547 perimantur,
2670 3493 2846 3545 neque
2894 3478 2945 3529 in
2995 3493 3145 3529 arma
3190 3478 3461 3547 gravium,

1878 3574 2102 3626 densata
2135 3570 2245 3639 jam
2294 3577 2687 3637 contractaque
2730 3570 2873 3635 acie,
2921 3569 3223 3624 incidentes
3268 3570 3461 3623 vulne-

1879 3672 2090 3717 rentur.
3106 3729 3109 3732 ,

1948 3754 2072 3808 107.
2096 3752 2244 3805 Alias
2265 3752 2412 3803 acies
2444 3758 2886 3817 al'll‘lﬂlils,alt|ll8
2907 3748 3205 3802 instructas
3232 3747 3460 3809 habeas.

1878 3854 1935 3898 ut
1963 3844 2183 3914 quando
2228 3844 2373 3897 leves
2424 3843 2604 3894 omnia
2652 3842 2759 3895 tela
2809 3839 3168 3907 conjecerint,
3220 3848 3332 3892 tum
3369 3834 3462 3891 alii

1876 3936 2123 4006 apparati
2156 3935 2443 3993 accedant.
2477 3944 2530 3987 et
2572 3933 2688 3985 loca
2734 3932 2951 3985 illorum
2984 3934 3258 4001 expleant.

1953 4028 2073 4082 l08.
2117 4027 2346 4093 Quando
2382 4026 2615 4078 altitudo
2666 4024 2826 4083 aciei.
2881 4040 2980 4077 ttsn
3035 4025 3135 4076 hoc
3184 4023 3465 4077 interdum

1883 4121 2213 4191 postulante,
2240 4120 2305 4171 ad
2341 4116 2740 4187 longitudinem
2773 4115 2993 4167 ducitur
3032 4122 3087 4166 et
3117 4121 3463 4175 attenuatur,

1876 4226 1983 4264 non
2010 4224 2254 4277 cousque
2291 4206 2597 4261 diducenda
2632 4205 2777 4259 acies
2809 4212 2915 4267 cst,
2950 4212 3007 4257 ιιι
3043 4203 3298 4257 universa
3338 4203 3467 4256 sine

1878 4302 1985 4355 ulla
2012 4298 2304 4352 altitudine
2338 4296 2630 4350 imbecillis
2662 4297 2776 4356 liat,
2807 4310 2873 4346 ne
2897 4294 2964 4345 ab
2993 4292 3240 4346 hostibus
3272 4293 3457 4344 statim

1873 4390 2401 4452 circumcludatur;
2460 4387 2617 4439 facile
2665 4386 2810 4437 enim
2858 4383 3141 4449 continget
3200 4382 3253 4435 in
3315 4382 3467 4435 bello

197 4478 449 4536 κλώσεις·
487 4473 772 4542 συμϐαίνει
809 4473 915 4542 γὰρ
943 4472 1065 4533 τοὺς
1092 4470 1385 4540 πολεμίους
1414 4472 1550 4539 ταχῦ
1583 4471 1769 4529 διακὸ-

1882 4478 2207 4533 rircumdari
2246 4478 2517 4537 hostibus,
2553 4483 2606 4528 et
2641 4474 2930 4527 transitum
2973 4488 3191 4542 quoque
3217 4487 3313 4540 per
3345 4488 3461 4525 mc-

196 4569 296 4637 ψαι
324 4566 513 4636 αὐτὴν,
548 4564 641 4616 καὶ
678 4563 847 4615 δίοδον
880 4562 1127 4631 ποιῆσαι,
1171 4564 1262 4614 καὶ
1301 4560 1496 4630 μηκέτι
1534 4560 1641 4612 ἀπὸ
1672 4559 1772 4626 ἒμ-

199 4658 440 4728 προσοεν
474 4656 631 4724 μόνον
666 4656 908 4722 ἐνεργεῖν
937 4655 1036 4719 τὴν
1061 4653 1332 4704 κύκλωσιν
1350 4694 1365 4715 ,
1395 4650 1529 4703 ἀλλᾶ
1558 4650 1652 4703 καὶ
1690 4650 1775 4703 διὰ

195 4748 294 4802 τοῦ
340 4749 505 4816 μέσον
546 4744 845 4803 διελθόντας
891 4741 998 4793 ἀπ’)
1040 4740 1264 4792 ὀπισθεν
1316 4740 1628 4809 εὑρεθῆναι,
1681 4741 1774 4790 καὶ

196 4839 343 4893 οὕτω
373 4836 595 4903 ποιῆσαι
630 4833 726 4902 τὴν
759 4832 981 4900 βλάϐην.
1018 4832 1188 4884 Τοῦτο
1218 4832 1273 4883 δὲ
1312 4831 1395 4883 δεῖ
1423 4831 1512 4882 τὸν
1545 4846 1777 4899 στρατη-

196 4933 295 4998 γὸν
321 4929 395 5000 μὴ
419 4928 576 4995 μόνον
592 4924 977 4993 φυλαττεσοαι,
1013 4923 1098 4975 ἵνα
1126 4923 1295 4993 πάθη,
1322 4923 1457 4975 ἀλλὰ
1481 4924 1574 4975 καὶ
1594 4923 1775 4992 ζητεῖν

198 5028 348 5087 ὅπως
376 5021 615 5074 τοιοῦτον
644 5020 847 5089 ποιήσῃ
872 5016 1009 5068 κατα
1033 5014 1141 5066 τῶν
1175 5014 1468 5083 πολεμίων.

276 5200 378 5272 ρο’.
410 5200 576 5253 Πάλιν
609 5198 666 5250 δὲ
702 5196 777 5266 μὴ
804 5194 977 5257 οὕτως
1019 5193 1301 5245 πυκνῶσαι
1332 5195 1431 5262 τὴν
1464 5192 1775 5261 παράταξιν

202 5298 284 5358 εἰς
319 5292 512 5361 πάχος,
566 5286 726 5341 ὥστε.
759 5288 992 5348 εὐκόλως
1041 5285 1337 5347 κυκλώσεις
1376 5286 1567 5337 παΊείν
1621 5288 1770 5352 παρὰ

200 5387 312 5439 τῶν
334 5381 631 5451 πολεμίων,
671 5378 805 5431 ἀλλὰ
856 5378 1064 5446 μᾶλλον
1101 5377 1193 5428 καί
1228 5376 1352 5438 τοὺς
1390 5377 1453 5427 ὲκ
1507 5374 1771 5441 πλαγίων·

201 5479 298 5531 καὶ
341 5474 470 5535 τοὺς
524 5472 602 5534 εἰς
635 5470 697 5524 τὸ
728 5470 950 5523 ὄπισθεν
987 5468 1227 5529 ἑστῶτας
1266 5464 1601 5537 στρατιώτας
1634 5466 1776 5518 κατᾶ

201 5574 267 5624 το
302 5569 418 5621 ἴσον
449 5565 670 5618 ὁπλίσαι
718 5562 841 5616 τῶν.
878 5560 1274 5632 πρωτοστατῶν
1300 5572 1314 5588 ·
1347 5553 1493 5612 οὗτοι
1522 5558 1627 5628 γᾶρ
1681 5559 1776 5610 καὶ

201 5659 459 5713 δύνανται
510 5654 605 5718 τὰς
642 5651 942 5717 κυκλώσεις
990 5651 1188 5722 μᾶλλον
1242 5651 1487 5720 ἁπαντᾷν
1525 5647 1635 5700 τῶν
1676 5665 1770 5701 πο-

202 5746 425 5807 λεμὲων.

1885 4574 2035 4626 dimn
2078 4571 2297 4639 aperiri,
2336 4583 2511 4635 neque
2554 4570 2824 4619 alacriore
2863 4566 3035 4617 solum
3066 4581 3129 4618 ex
3165 4574 3319 4634 parte
3352 4565 3463 4617 cir-

1886 4663 2186 4717 cumveniri
2213 4678 2328 4725 eos,
2370 4660 2463 4713 sed
2512 4661 2675 4713 etiam
2723 4658 3026 4727 irruptione
3078 4672 3176 4726 per
3219 4655 3458 4710 medium

1888 4756 2049 4815 faeta,
2078 4778 2106 4807 ιι
2158 4764 2306 4819 tergo
2356 4752 2479 4805 illos
2528 4760 2839 4804 nostrarum
2886 4750 3164 4816 copiarmu
3201 4748 3457 4808 inveniri,

1885 4858 2045 4915 atque.
2092 4845 2226 4898 adeo
2258 4860 2511 4913 magnum
2556 4846 2812 4894 damnum
2857 4840 3105 4893 hostibus
3145 4838 3348 4892 nostris
3376 4839 3457 4889 in-

1886 4937 2049 4991 ferre.
2091 4937 2205 4988 Hoc
2260 4944 2438 4987 autem
2473 4935 2764 5002 imperator
2820 4932 3110 4999 diligenter
3162 4930 3453 4992 laborabit,

1886 5046 1991 5082 non
2034 5028 2193 5081 modo
2248 5036 2306 5080 ut
2347 5025 2583 5085 devitet,
2640 5022 2735 5078 sed
2775 5022 2937 5078 etiam
2994 5030 3053 5075 ut
3100 5027 3313 5091 qumrat
3350 5022 3457 5075 tale

1884 5119 2088 5188 aliquid
2122 5118 2385 5171 adversus
2413 5117 2599 5169 hostes
2637 5115 2833 5169 moliri.

1956 5211 2078 5264 l09.
2131 5209 2320 5279 Neque
2356 5224 2479 5262 \cro
2526 5208 2604 5261 sic
2636 5208 2807 5260 acient
2840 5215 2982 5259 tuam
3023 5204 3077 5257 in
3110 5203 3453 5257 altitudinem

1885 5302 2102 5363 denses,
2143 5311 2200 5355 ut
2241 5300 2398 5353 facile
2447 5297 2514 5351 ab
2565 5297 2817 5352 hostibus
2846 5297 3328 5355 circmnveniatur,
3358 5293 3452 5347 scd

1886 5393 2083 5447 milites
2138 5393 2203 5445 ad
2262 5393 2426 5457 latus,
2485 5398 2649 5461 atque
2682 5405 2710 5442 a
2750 5398 2898 5457 tergo
2939 5394 3169 5448 stantes,
3214 5400 3364 5453 ωιιιιιε
3387 5401 3453 5437 ac

1885 5485 2152 5556 praestitcs
2184 5482 2459 5547 armabis;
2494 5481 2566 5534 ita
2604 5480 2746 5533 etiim
2790 5486 3044 5549 poterunt
3073 5477 3312 5533 hostium
3341 5475 3451 5528 cir-

1885 5576 2250 5633 cutnvcntioni
2284 5575 2451 5646 magis
2481 5574 2696 5629 obviam
2727 5574 2823 5626 ire.
