4176 6442
763 355 862 421 891

762 571 932 609 nttutn
965 558 1019 612 in
1048 561 1233 628 plures
1263 570 1448 628 partes
1478 563 1757 627 diviseris.
1791 579 1846 622 et
1890 586 2337 645 unamquamque

763 658 973 712 partem
1027 652 1444 717 praeparaveris,
1485 662 1545 707 ttt
1596 657 1779 711 scalas
1833 662 1899 713 atl
1956 678 2146 718 muros
2180 665 2337 719 adhi-

762 735 945 799 beant,
978 737 1184 805 optime
1210 738 1445 805 feceris;
1487 743 1728 813 undique
1758 750 1903 802 enim
1936 765 2058 803 cum
2094 751 2336 822 irruptio

760 821 811 873 itt
840 822 1097 879 obsessos
1126 826 1237 889 liat,
1302 829 1358 883 in
1416 845 1670 900 magnam
1734 838 2069 893 anxietatem
2121 842 2334 896 animo-

757 928 988 984 rumque
1025 919 1497 985 perturbationem
1534 926 1937 995 conjiciuntur.
1970 939 2197 1000 tumque
2231 949 2332 1003 po-

757 1006 1032 1061 tissimum
1063 1026 1189 1064 cum
1222 1021 1419 1080 praeter
1445 1017 1625 1072 scalas
1657 1019 1791 1072 alias
1851 1035 2073 1091 quoque
2118 1026 2329 1080 machi-

754 1099 1010 1154 nationes
1036 1102 1380 1168 adhibueris,
1425 1116 1485 1158 ut
1518 1110 1739 1173 arietes,
1767 1114 2100 1180 testudines,
2123 1124 2326 1181 turres,

751 1198 806 1241 et
835 1189 881 1242 si
924 1192 1068 1260 quod
1106 1204 1367 1255 praeterea
1402 1198 1751 1255 obsidionale
1780 1203 2210 1260 instrumentum
2244 1207 2329 1261 fu-

751 1280 858 1333 erit
922 1283 1011 1335 :si
1076 1286 1221 1337 enim
1282 1287 1446 1341 simul
1503 1290 1938 1349 machinationes
1989 1297 2325 1366 adjunxeris,

750 1381 804 1424 et
848 1375 1031 1427 scalas
1067 1391 1288 1447 quoque
1319 1380 1385 1431 ad
1446 1397 1635 1435 muros
1670 1383 2012 1450 adduxeris,
2064 1390 2213 1441 omni
2260 1405 2326 1444 ex

749 1474 927 1532 parte,
960 1468 1053 1535 qni
1091 1468 1239 1522 intus
1290 1471 1503 1525 obsessi
1558 1482 1686 1527 sunt
1746 1478 2222 1542 sollicitalmntur;
2278 1481 2325 1534 si

748 1557 897 1609 enittt
939 1559 1283 1630 reliquorum
1330 1579 1616 1616 murorum
1668 1575 1853 1635 partes
1905 1570 2202 1639 negligant.
2268 1580 2326 1627 et

746 1648 1013 1703 adversus
1079 1654 1516 1709 machinationes
1586 1670 1648 1711 se
1684 1664 1828 1710 totos
1879 1664 2192 1727 conl'erant,
2230 1664 2322 1731 qui

750 1734 931 1789 scalas
960 1735 1245 1802 adhibent,
1282 1740 1498 1794 nemine
1535 1741 1806 1797 violenter
1836 1745 2189 1814 inqiediente,
2238 1754 2321 1804 la-

745 1824 853 1876 cile
900 1842 1117 1882 murutn
1152 1831 1530 1886 conscendent
1576 1836 1714 1888 :sin
1765 1836 1831 1888 ad
1886 1839 2069 1893 scalas
2116 1841 2325 1895 mat-hi-

747 1916 1109 1988 nationesque
1149 1908 1521 1991 impediendas
1572 1941 1632 1980 se
1678 1927 1989 1994 diviserint,
2047 1940 2162 1984 tum
2222 1934 2317 2002 qui

741 2004 1110 2063 obsidionalia
1144 2011 1511 2066 instrumenta
1546 2015 1833 2084 adhibent,
1867 2022 2318 2092 impetuosiores,

740 2103 793 2147 et
836 2097 1275 2157 vehementiores
1301 2104 1544 2158 insultas
1604 2107 1833 2172 lacient,
1867 2128 2047 2181 neque
2105 2117 2317 2171 obsessi

742 2199 1000 2258 poterunt
1042 2202 1333 2268 utrumque
1368 2198 1630 2268 impetum
1670 2204 1831 2258 facile
1863 2203 2169 2261 declinare.

810 2387 901 2441 ‘20.
954 2388 1085 2453 Qme
1138 2390 1448 2445 ﬁrmissima
1501 2410 1645 2463 ειυρο
1680 2396 1932 2451 videntur
1977 2400 2117 2467 loca,
2168 2412 2221 2456 et
2252 2404 2318 2458 ad

740 2482 1065 2548 Capientlum
1118 2486 1455 2548 tlillietllima,
1510 2504 1704 2556 magna
1738 2506 1903 2559 s:epe.
1939 2503 1999 2546 ut
2030 2494 2323 2563 capiantur

734 2571 979 2627 subsidia
1030 2574 1277 2631 all'erent.
1321 2576 1453 2632 Nam
1490 2597 1580 2649 qm
1620 2583 1835 2637 obsessi
1893 2594 2046 2651 sunt,
2095 2597 2318 2657 propter

736 2662 1046 2728 opinionem
1076 2667 1366 2733 quamdam
1402 2668 1677 2724 ﬁrmitatis
1725 2687 1790 2725 ac
1838 2675 2177 2738 stabilitatis.
2213 2680 2317 2733 htt-

730 2749 975 2819 jusnuuli
1003 2747 1117 2806 loca
1145 2755 1274 2809 sine
1300 2758 1409 2811 ulla
1444 2762 1693 2814 custodia
1715 2763 2054 2833 relinquunt.
2074 2766 2153 2821 Tu
2190 2786 2318 2824 vero

736 2844 957 2896 solertia
982 2852 1095 2905 tua,
1140 2846 1519 2919 laboriosaqtte
1552 2851 1819 2907 industria
1857 2857 2169 2924 lmjustnmli
2200 2863 2315 2915 loca

734 2932 1199 3000 animadvertens,
1231 2938 1692 2995 machinationem
1737 2953 1789 2997 et
1834 2948 2130 3001 artitieium
2157 2951 2318 3005 facile

736 3024 983 3078 invenies
1012 3025 1079 3079 ad
1120 3027 1431 3096 hujusmodi
1483 3033 1600 3085 loca
1642 3035 1885 3102 neglecta
1915 3041 2198 3107 capienda,
2233 3043 2316 3097 vel

736 3114 902 3169 scalis
936 3117 1302 3185 quibusdam,
1339 3121 1423 3176 vel
1460 3123 1642 3192 aliqua
1688 3128 1921 3181 violenta
1964 3133 2312 3196 ascensione,

2028 371 2303 434 LEONIS
2331 375 2793 441 PHILOSOPHI

840 466 926 518 i9.
959 464 1015 519 Si
1047 469 1352 522 exercitum
1380 479 1531 524 tuum
1589 472 1786 529 t‘ortem
1841 477 2047 547 adhuc,
2103 493 2156 535 et
2198 496 2340 541 stre-
2372 493 2417 548 Α

2520 487 2604 542 ιθ’.
2649 490 2776 543 Ἐἀν
2843 492 2901 545 δὲ
2955 493 3328 569 ἀνδρειότερον
3381 494 3721 578 διακείμενος
3759 512 4024 586 κελευσῃς

2443 579 2861 654 διαμερισθῆναι
2914 586 2995 648 είς
3044 590 3214 644 πολλά
3268 595 3411 664 μέρη
3473 601 3563 652 τὸν
3635 606 3887 672 στρατὸν,
3928 579 4023 660 κὲι

2442 668 2672 725 ἕκαστον
2724 674 2891 745 μέρος
2938 683 3270 753 προσφέρειν
3324 689 3530 753 σκάλας
3572 695 3653 755 εἰς
3702 668 3764 748 τὸ
3820 701 4018 768 τεῖχος,

2443 763 2688 829 κρεῖττον
2704 769 2970 837 ποιήσεις
2999 775 3057 823 ἐν
3075 773 3259 846 κύκλῳ
3284 778 3391 849 γὰρ
3408 782 3698 854 γινομένης
3727 788 3827 855 τῆς
3851 805 4021 860 προσ-

2442 852 2603 921 ϐολῆς
2621 857 2760 925 ὁμοῦ
2785 862 2863 923 εἰς
2890 863 3202 932 ἀμηχανίαν
3230 871 3325 923 καὶ
3368 852 3663 945 ὀλιγωρίαν
3698 880 3749 932 οί
3781 852 4017 953 *πολιορ-

2441 947 2693 1016 κούμενοι
2730 953 3117 1019 ἐμπεσοῦνται.
3147 959 3400 1016 Μάλιστα
3420 965 3550 1019 ὅταν
3575 969 3713 1036 μετὰ
3734 972 3846 1024 τῶν
3881 991 4013 1027 σκα-

2438 1032 2546 1086 λῶν
2599 1037 2692 1090 καὶ
2739 1038 2807 1091 τὰ
2857 1040 3022 1112 ἕτερα
3067 1051 3439 1119 μηχανήμανα
3482 1060 3855 1131 προσϐἀλλῃς,
3903 1060 4016 1118 οἷον

2437 1127 2648 1195 κριοὺς,
2688 1128 3008 1199 ἤχελὼνας,
3039 1135 3071 1205 ἢ
3107 1138 3373 1208 πύργους,
3410 1144 3443 1214 ἢ
3494 1145 3684 1217 ἕτερόν
3712 1127 4017 1225 τιν-πολιορ-

2437 1219 2661 1284 κητικὸν
2692 1221 2939 1290 ὄργανον.
2959 1223 3084 1279 Ἐὰν
3121 1232 3229 1299 γὰρ
3259 1234 3393 1303 ὁμοῦ
3419 1239 3511 1290 καὶ
3544 1240 3612 1291 τὰ
3644 1219 4015 1315 μηχανήματα

2435 1309 2772 1379 προσφέρῃς,
2804 1313 2900 1366 καὶ
2941 1315 3040 1379 τάς
3088 1321 3292 1385 σκάλας
3322 1328 3399 1388 εἰς
3457 1330 3635 1398 τεῖχος
3683 1335 4008 1408 ἐπιστήσῃς,

2434 1398 2518 1451 διά
2545 1400 2758 1454 πολλῶν
2788 1406 2974 1474 μερῶν
3010 1417 3545 1488 συνταραχθήσονται
3580 1424 3630 1476 οἱ
3656 1427 3829 1490 ἐντός.
3871 1430 3935 1482 ΕΞ
3955 1450 4010 1485 τε

2434 1491 2542 1559 γὰρ
2567 1492 2944 1562 ἀμελήσαντες
2991 1501 3100 1553 τῶν
3147 1504 3323 1559 ἄλλων
3364 1512 3549 1582 μερῶν
3573 1515 3667 1568 τοῦ
3700 1518 3919 1589 τείχους
3935 1526 4012 1587 είς

2431 1584 2530 1648 τὰς
2550 1589 3031 1679 προσδαλλομένας
3085 1602 3334 1669 μηχανὰς
3358 1605 3753 1678 ἀντιμάχονται
3770 1584 4009 1679 πάντως,

2429 1677 2477 1769 οξ
2505 1678 2604 1769 τάς
2637 1681 2841 1746 σκάλας
2881 1689 3284 1759 προσφέροντες
3324 1677 4011 1769 μηδενὸςηάποκωλύοντος

2430 1763 2622 1832 βιαίως
2655 1771 2890 1835 εὐκόλως
2921 1772 3018 1827 ἐπὶ
3043 1777 3105 1828 τὸ
3145 1782 3327 1850 τεῖχος
3378 1763 3744 1856 ἀναϐήσονται
3771 1810 3785 1822 ο
3818 1795 3924 1847 κάν
3951 1763 4009 1847 τέ

2355 1845 2399 1901 Β
2426 1851 2818 1927 διαμερίζωσιν
2869 1864 3097 1929 ἑαυτοὺς
3140 1872 3283 1924 κατά
3330 1874 3437 1927 τῶν
3466 1882 3884 1952 προσφερόντων
3914 1884 4010 1947 τὶς

2423 1949 2648 2015 σκάλας,
2683 1954 2805 2007 τότε
2842 1958 2891 2009 ot
2938 1960 3037 2022 τάς
3084 1964 3330 2032 μηχανὰς
3379 1949 3751 2039 προσάγοντες
3776 1974 3889 2028 τῶν
3918 1978 4009 2046 ὀρ-

2422 2043 2604 2109 γάνων
2640 2048 3004 2120 σφοδροτέρας
3054 2054 3240 2119 αὐτοῖς
3296 2061 3565 2130 ποιήσωσι
3596 2064 3696 2127 τὰς
3730 2043 4008 2130 sanescat;

2423 2132 2518 2185 καὶ
2550 2135 2609 2186 ού
2632 2136 3037 2208 δυνήσονταιτά
3067 2145 3440 2217 ἐπιφερόμενα
3468 2154 3615 2205 κακά
3642 2154 3731 2207 διά
3751 2156 3860 2211 τῶν
3902 2158 4010 2226 ἀμ-

2424 2224 2669 2293 φοτέρων
2695 2228 2803 2280 τῶν
2842 2232 3159 2300 προσϐολῶν
3192 2237 3662 2310 ἀποκρούσασθαι.

2493 2408 2561 2456 κ’.
2605 2404 2871 2470 Πολλάκις
2900 2408 2958 2462 δὲ
2987 2411 3080 2464 ἐπὶ
3106 2412 3207 2482 τῆς
3238 2416 3555 2488 πολιορκίας
3579 2422 3628 2474 οἱ
3654 2422 4005 2493 νομιζόμενοι

2423 2493 2758 2565 ὀχυρῶτατοι
2790 2501 2885 2552 καὶ
2914 2503 3261 2575 ἀνεπινόητοι
3294 2510 3431 2579 πρὸς
3457 2510 3661 2566 ἅλωσιν
3690 2516 3846 2567 τόποι
3875 2518 4011 2586 p.51-

2425 2582 2516 2639 λον
2547 2589 2802 2660 ἀφορμάς
2832 2609 2913 2645 σοι
2945 2595 3275 2664 παρέξουσιν
3302 2599 3557 2665 ἁλώσεως
3578 2620 3592 2634 ο
3640 2604 3691 2656 οἱ
3718 2606 3831 2674 γὰρ
3860 2582 4011 2671 im,-

2423 2676 2514 2729 διὰ
2560 2677 2659 2748 τὴν
2702 2677 2968 2735 δοκοῦσαν
3005 2685 3309 2759 ὀχυρότητα
3350 2692 3477 2754 τοὺς
3509 2692 3783 2757 τοιούτους
3809 2696 4013 2760 τόπους

2423 2765 2771 2831 ἀφυλάκτους
2818 2771 3340 2841 καταλιμπάτουσιν.
3394 2777 3466 2831 Σὺ
3501 2780 3588 2844 δὶ,
3636 2782 3725 2835 διά
3776 2785 3879 2851 τῆς
3911 2786 4012 2853 σῆς

2425 2854 2667 2918 ἐπινοίας
2719 2858 2814 2909 καὶ
2857 2859 2958 2926 τῆς
2998 2862 3259 2916 ἐπιπόνου
3288 2866 3551 2935 ἐργασίας
3578 2870 3706 2931 τοὺς
3737 2872 4013 2935 τοιούτους

2424 2946 2727 3010 κατανοῶν,
2743 2946 2882 3017 τάχα
2906 2952 3154 3022 μηχανὴν
3179 2955 3314 3025 εύρή
3325 2972 3437 3017 σεις
3461 2958 3792 3012 καταλαϐεῖν
3810 2964 4014 3026 αὐτοὺς

2426 3037 2772 3104 ἀφυλάκτους
2821 3041 2979 3105 ὄντας
3000 3085 3015 3103 ,
3064 3044 3097 3115 ἦ
3144 3044 3232 3098 διὰ
3266 3047 3481 3100 σκαλῶν
3511 3050 3943 3118 ἀναϐαινόντων,
3977 3057 4012 3124 ῆ

2423 3124 2509 3177 διά
2544 3143 2687 3189 τινος
2725 3128 2902 3196 βιαίας
2933 3132 3251 3199 ἀναϐάσεως
3281 3137 3562 3207 εύτόλμων
3585 3142 3799 3212 ἀνδρῶν
3830 3145 4011 3211 ἐπαγο

737 3207 1042 3262 audacibtts
1060 3209 1190 3263 viris
1216 3225 1283 3264 eo
1313 3215 1781 3280 pervenientihus,
1799 3224 1852 3270 et
1881 3234 2167 3274 munerum
2188 3239 2315 3292 pro-

2426 3215 2612 3281 γελίας
2657 3217 2935 3272 λαϐόντων
2964 3222 3186 3291 δωρεῶν
3222 3227 3318 3280 καὶ
3346 3228 3542 3297 τιμῶν.
3562 3256 3565 3257 ν
3588 3231 3876 3286 Ἐντεῦθεν
3902 3237 4012 3304 γάρ

736 3299 1001 3352 missione
1029 3300 1094 3353 ad
1130 3301 1181 3355 id
1220 3301 1530 3356 faciendum
1576 3311 1891 3373 protractis.
1928 3311 2030 3365 Ubi
2076 3313 2219 3366 enim
2248 3314 2317 3367 de

737 3389 1037 3459 improviso
1066 3404 1301 3446 cernunt
1329 3396 1456 3447 talia
1488 3398 1603 3450 loca
1635 3411 1897 3469 occupata
1923 3417 2067 3460 esse.
2098 3405 2315 3461 animos

732 3481 845 3548 jam
880 3481 1179 3548 dimittent,
1221 3494 1275 3538 et
1314 3488 1482 3540 armis
1513 3487 1744 3555 abjectis
1769 3530 1783 3549 .
1821 3492 1903 3545 Vel
1948 3494 2178 3548 salutem
2222 3513 2317 3566 pe-

736 3564 872 3633 ten't.
930 3578 1012 3630 vel
1064 3579 1318 3647 protinus
1359 3584 1720 3648 perimentttr.
1766 3583 1871 3651 Qui
1917 3589 2062 3640 enim
2097 3606 2192 3658 per
2219 3594 2317 3647 has

725 3646 1079 3723 'tl'tlhcultates
1130 3672 1375 3725 locorum
1427 3690 1642 3727 murum
1690 3681 2171 3740 conscenderunt.
2231 3683 2314 3735 vel

737 3760 867 3811 tuba
910 3771 1128 3825 canent,
1176 3772 1230 3817 et
1275 3775 1539 3820 terrorem
1585 3768 1884 3822 maximum
1915 3770 2157 3826 obsessis
2210 3773 2314 3828 hoc

737 3853 1047 3910 videntibus
1102 3857 1368 3922 all'erent,
1428 3861 1510 3915 vel
1569 3871 1855 3931 postquam
1905 3865 2136 3935 ingressi
2187 3877 2317 3922 sunt

735 3943 1097 4011 descendent,
1152 3959 1452 4018 portasque
1510 3953 1797 4017 militibus,
1851 3956 1943 4024 qui
1994 3957 2126 4012 loris
2187 3967 2315 4013 sunt

735 4035 1005 4101 aperient,
1044 4039 1126 4092 vel
1160 4038 1284 4092 aliis
1321 4040 1651 4109 quilmsdam
1688 4044 2102 4113 molitiooibus,
2144 4059 2198 4101 ut
2232 4049 2316 4103 ci-

734 4128 899 4189 vitas,
925 4137 1018 4181 ant
1048 4133 1336 4186 castellum
1368 4134 1623 4202 rapiatur
1650 4134 1906 4190 cﬂiciettt.

800 4220 897 4274 21.
927 4220 984 4275 Si
1018 4224 1236 4285 civitas,
1263 4235 1359 4278 aut
1388 4228 1694 4292 castellum,
1742 4244 2000 4299 magnum
2024 4248 2311 4289 numerum

729 4314 980 4369 virorum
1023 4316 1297 4379 habuerit.
1329 4320 1680 4390 audeantqne
1722 4322 1799 4374 illi
1838 4322 1905 4376 iis
1935 4324 2027 4393 qui
2080 4326 2313 4395 ingressi

730 4413 863 4461 sunt
901 4405 1118 4460 obviam
1174 4407 1278 4469 ire,
1328 4418 1384 4461 et
1418 4424 1740 4472 occurrere,
1768 4411 1964 4464 altiora
2006 4420 2173 4482 atque
2205 4417 2317 4469 edi-

732 4495 875 4548 tiora
926 4496 1045 4549 loca
1089 4500 1484 4563 conscendant,
1514 4501 1597 4553 vel
1643 4515 1825 4553 arcem
1864 4501 2035 4570 ipsam
2071 4505 2312 4563 civitatis
2338 4532 2393 4592 D

732 4597 1023 4657 occupent.
1060 4588 1296 4660 indeque
1326 4606 1738 4663 propugnantes
1759 4630 1775 4655 ,
1807 4594 1909 4649 bos
1936 4595 2030 4665 qui
2074 4597 2309 4669 ingressi

735 4689 865 4737 sunt
894 4682 1094 4735 iterum
1132 4683 1417 4750 repellant.

808 4770 898 4822 32.4..
950 4770 1383 4833 Proclatnabunt
1429 4774 1640 4839 statim,
1675 4784 1735 4829 ut
1776 4791 1935 4831 nemo
1982 4793 2312 4850 quemquam

734 4879 886 4917 arma
933 4881 1044 4919 non
1093 4866 1384 4922 habentem
1424 4868 1740 4931 interﬁciat,
1785 4870 1880 4925 sed
1912 4874 2062 4927 solos
2091 4887 2188 4928 eos
2217 4874 2310 4945 qui

736 4971 886 5007 arma
919 4966 1158 5024 gestant.
1184 4957 1335 5015 llnne
1366 4970 1549 5014 autem
1575 4976 1686 5015 rem
1720 4962 1937 5015 illorum
1976 4964 2158 5034 lingua
2188 4980 2315 5034 pro-

736 5045 1006 5101 elantabis
1042 5061 1058 5100 :
1097 5047 1197 5102 hoc
1252 5050 1398 5103 enim
1444 5051 1668 5116 audito,
1723 5053 2106 5124 unusquisque
2150 5056 2313 5113 saluti

737 5149 852 5187 sua:
876 5135 1193 5198 consulens,
1222 5138 1275 5191 in
1308 5138 1429 5209 ipso
1461 5142 1715 5205 terroris,
1743 5142 2083 5214 periculique
2108 5155 2314 5215 puncto

737 5241 890 5284 arma
920 5226 1203 5297 abjicient.
1229 5228 1432 5286 Horum
1458 5234 1834 5289 resistentium
1866 5252 2131 5293 numerus
2184 5253 2311 5295 cum

738 5320 1031 5386 minuitur,
1063 5322 1386 5379 obsessores
1419 5327 1642 5381 omnino
1675 5329 1915 5385 victores
1943 5339 2108 5385 erunt
2145 5348 2160 5386 :
2211 5332 2312 5387 ob—

735 5416 875 5471 sessi
902 5426 1080 5471 autem
1110 5415 1178 5470 ad
1206 5418 1351 5472 hunc
1383 5419 1599 5473 modum
1625 5421 1933 5491 intercepti,
1971 5422 2063 5477 ubi
2093 5438 2314 5493 parvam

737 5508 933 5569 salutis
967 5524 1120 5579 Spem
1153 5510 1419 5581 reliquam
1465 5513 1723 5578 habeant,
1756 5515 2028 5586 supplices
2056 5517 2315 5573 obsesso-

744 5616 865 5663 rum
890 5600 1180 5671 confestim
1214 5603 1370 5657 littnt.

813 5690 906 5749 25.
932 5692 987 5744 Si
1017 5693 1277 5746 diuturna
1312 5692 1477 5748 fuerit
1504 5694 1740 5758 obsidio.
1774 5705 1827 5752 et
1858 5698 2127 5768 quosdam
2163 5708 2318 5755 extra

743 5780 1018 5843 civitatem
1054 5784 1265 5860 reperis
1313 5784 1569 5838 ﬂorentes
1598 5792 1755 5839 :etate
1788 5785 2040 5856 juvenes,
2075 5786 2217 5856 apud
2244 5795 2317 5853 te,

2425 3308 2489 3359 εκ
2535 3307 2628 3361 τοῦ
2676 3310 3098 3384 ἀπροσδοκήτου
3149 3316 3527 3389 θεωρήσαντες
3578 3324 3628 3375 oi
3678 3324 3831 3388 ἐντὸς
3884 3328 4014 3389 τοὺς

2422 3398 2697 3462 τοιούτους
2727 3401 2923 3464 τόπους
2952 3405 3402 3475 καταληφθέντας
3431 3411 3883 3478 ἀποπαύσονται,
3920 3418 4013 3470 καὶ

2423 3488 2563 3542 ὅπλα
2597 3490 2887 3560 ῥίψαντες,
2937 3494 2970 3562 ἢ
3012 3497 3301 3567 αἰτήσουσι
3335 3502 3435 3570 τὴν
3468 3504 3766 3572 σωτηρίαν,
3801 3507 3836 3576 ἢ
3871 3509 4013 3560 κατά

2424 3581 2624 3649 κράτος
2649 3582 3133 3655 διαφθαρήσονται.
3168 3589 3230 3642 Ol
3259 3590 3367 3662 γὰρ
3393 3590 3694 3658 ἀναϐάντες
3717 3599 3801 3660 εἰς
3819 3598 3884 3650 τὸ
3905 3601 4013 3651 τεῖ-

2422 3687 2516 3740 χος
2544 3671 2632 3725 διὰ
2648 3673 2749 3742 τῆς
2773 3673 3093 3748 δυσχερείας
3117 3681 3333 3753 ἐκείνης
3364 3682 3396 3754 ἢ
3430 3685 3775 3748 σαλπίσουσι.
3794 3692 3895 3743 καὶ
3919 3692 4014 3759 φό-

2423 3762 2515 3815 ϐον
2546 3763 2908 3836 ἑμποιήσουσι
2940 3767 3203 3837 μέγιστον
3232 3773 3544 3841 ὁραθέντες,
3577 3776 3611 3847 ἢ
3641 3778 4011 3849 διαδραμοῦν-

2420 3869 2510 3906 ται
2562 3856 2701 3909 κατά
2746 3857 2809 3910 τι
2851 3860 3148 3925 εἰσελθεῖν,
3200 3865 3297 3917 καὶ
3337 3864 3439 3929 τὰς
3466 3867 3674 3938 πόρτας
3697 3871 4011 3937 ἀνοίξουσιν

2419 3946 2467 3997 εἰ
2515 3946 2666 4016 τύχοι
2710 3952 2822 4013 τοῖς
2861 3950 2967 4015 ἔξω
3006 3955 3390 4023 στρατιώταις,
3420 3959 3456 4030 ἢ
3485 3958 3572 4013 διά
3601 3979 3768 4014 τινων
3797 3964 4007 4035 ἑτέρων

2418 4036 2672 4089 ἐπινοιῶν
2705 4037 2803 4108 τὴν
2833 4039 3037 4094 ἅλωσιν
3066 4042 3166 4112 τῆς
3194 4045 3404 4110 πόλεως
3442 4044 3473 4115 ἣ
3503 4047 3595 4101 τοῦ
3620 4053 3866 4121 κάστρου
3894 4053 4009 4107 διά·

2419 4126 2697 4196 θήσουσιν.

2490 4225 2596 4275 κα’.
2636 4220 2699 4273 Εἰ
2728 4221 2785 4274 δὲ
2818 4222 2878 4275 τὸ
2904 4223 3141 4294 κάστρον
3171 4226 3204 4297 ἢ
3236 4229 3266 4296 ή
3296 4228 3450 4292 πόλις
3481 4228 3683 4300 πλῆθος
3703 4232 3819 4302 ἔχει
3851 4233 4006 4291 λαοῦ.

2418 4310 2518 4363 καὶ
2542 4310 2795 4380 δύναμιν,
2829 4314 2923 4366 καὶ
2945 4315 3220 4384 τολμῶσιν
3242 4319 3664 4384 ὑπαντιάζοντες
3688 4323 4009 4391 ἀμύνασθαι

2418 4403 2545 4462 τοὺς
2574 4403 2942 4469 εἰσελθόντας,
2978 4406 3060 4459 δεῖ
3102 4409 3301 4473 αὐτοὺς
3343 4413 3469 4475 τοὺς
3502 4413 3892 4483 ύψήλωτέρους
3918 4419 4010 4470 τό·

2420 4507 2557 4556 πους
2606 4495 2971 4561 καταλαϐεῖν,
3025 4498 3059 4567 ἢ
3108 4501 3177 4554 τὰ
3239 4501 3386 4572 ἀκρα
3453 4505 3553 4573 τῆς
3615 4506 3860 4572 πόλεως,
3914 4515 4009 4564 καὶ

2421 4582 2634 4635 ἐκεῖθεν
2691 4584 3067 4656 πολεμοῦντας
3133 4591 3384 4647 κακῶσαι
3439 4596 3565 4658 τοὺς
3614 4596 3674 4647 ἐν
3725 4601 3794 4668 τῇ
3851 4602 4007 4654 πόλει

2418 4673 2664 4738 ἁλόντας.

2488 4766 2595 4837 κβ’.
2651 4767 2966 4838 Κηρύξουσι
3006 4771 3064 4825 δὲ
3106 4773 3260 4839 τότε,
3316 4776 3403 4829 ἵνα
3454 4777 3643 4847 μηδεὶς
3688 4780 3878 4851 κτείνῃ
3914 4782 4007 4835 τὸν

2422 4858 2498 4931 μὴ
2543 4859 2738 4930 ἔχοντα
2787 4861 2955 4916 ὅπλον
2974 4902 2991 4929 ,
3043 4865 3240 4934 μόνους
3268 4866 3326 4919 δὲ
3356 4868 3589 4921 κτείνειν
3619 4871 3747 4933 τοὺς
3770 4874 3842 4925 τά
3863 4873 4007 4927 ὅπλα

2420 4953 2707 5024 φέροντας.
2765 4953 2989 5025 Ταύτην
3033 4956 3090 5009 δὲ
3137 4956 3239 5028 τὴν
3282 4960 3467 5029 φωνὴν
3514 4960 3890 5031 κηρύττεσθαι
3937 4968 4005 5037 τῇ

2415 5047 2526 5101 τῶν
2551 5048 2786 5101 πολιτῶν
2808 5050 3075 5121 διαλέκτῳ
3100 5052 3333 5117 ἕκαστος
3357 5056 3466 5125 γάρ
3491 5057 3754 5123 ἀκούσας,
3783 5060 3881 5112 καὶ
3904 5061 4005 5130 τῆς

2420 5139 2560 5203 ιδίας
2602 5140 2998 5213 προνοούμενος
3040 5144 3316 5215 σωτηρίας
3335 5185 3350 5206 ,
3404 5146 3464 5198 ιν
3494 5148 3562 5217 τῇ
3590 5148 3746 5219 ἀκμῇ
3776 5148 3876 5202 τοῦ
3902 5152 4002 5217 φόο

2416 5231 2515 5286 ϐου
2564 5233 2860 5304 ἀπορρίψει
2905 5234 2974 5288 τὰ
3009 5234 3181 5301 ὅπλα,
3226 5237 3321 5289 καὶ
3351 5237 3862 5309 ἀντιπολεμούντων
3891 5244 4004 5295 ὀλι-

2416 5324 2700 5395 γουμὲνων
2734 5328 2877 5380 κατὰ
2903 5327 3103 5397 κράτος
3134 5328 3185 5381 oi
3211 5328 3628 5399 πολιορκοῦντες
3656 5335 4001 5403 νικήσουσιν.

2419 5419 2483 5470 Ol
2510 5417 2619 5487 γὰρ
2649 5418 3119 5489 πολιορκούμενοι,
3154 5421 3251 5475 καὶ
3277 5420 3451 5485 οὕτως
3473 5422 3849 5494 ἁλισκόμενοι,
3875 5428 4007 5480 ὅταν

2422 5508 2625 5579 μικρὰν
2645 5508 2833 5562 ιλπίδα
2860 5509 2963 5579 τῆς
2988 5510 3262 5583 σωτηρίας
3291 5511 3554 5580 λάϐωσιν,
3581 5514 3794 5569 οἰκέται
3818 5516 4008 5570 λοιπον

2418 5601 2540 5655 ἀντὶ
2569 5600 2848 5670 πολεμίων
2875 5601 3138 5670 γίνονται.

2494 5688 2602 5757 κγ’.
2642 5690 2705 5742 Εἰ
2736 5691 2793 5744 δὲ
2809 5692 3021 5762 χρόνιος
3048 5694 3274 5765 γένηται
3308 5697 3342 5767 ἡ
3373 5697 3659 5769 πολιορκία
3692 5699 3790 5751 καὶ
3819 5699 4005 5771 συμϐῇ

2428 5782 2711 5839 συλλαϐεῖν
2740 5785 2797 5839 σέ
2828 5802 2979 5850 τινας
3011 5785 3117 5851 ἔξω
3145 5789 3243 5860 τῆς
3268 5790 3497 5854 πόλεως,
3536 5791 3662 5855 τοὺς
3694 5790 3796 5862 μὶν
3820 5793 4002 5857 ἀκμά-
