4176 6442
742 447 847 509 895

2001 425 2276 486 LEONIS
2298 420 2759 481 PHILOSOPHI

3896 412 4002 475 896

738 565 862 615 εισι,
911 552 992 606 vel
1024 550 1221 606 erectis
1251 543 1498 599 trabibus
1547 540 1837 610 impositae,
1867 544 1920 588 et
1956 534 2091 587 rotis
2129 532 2299 586 conti-

2425 526 2436 595 ξ
2491 528 2549 577 ὲν
2594 527 2772 597 ὀρθοῖς
2818 522 2992 586 ξύλοις
3043 520 3435 589 ἐπικείμεναι,
3499 519 3589 571 καί
3640 516 3727 569 διὰ
3778 519 4000 587 τροχῶν

741 664 847 702 nus
875 645 1173 715 applicata.

811 741 900 793 '53.
934 733 1179 791 Cuniculi
1227 723 1361 784 foris
1403 744 1432 782 a
1482 740 1639 781 muro
1672 725 1828 790 longe
1872 721 2051 775 absint
2095 734 2108 772 :
2162 719 2311 773 intus

742 841 920 884 autem
972 842 1065 895 per
1096 822 1449 877 fundamenta
1497 831 1779 871 murorum
1818 814 2069 883 ingressi,
2119 820 2173 864 ct
2204 822 2314 863 ter-

744 938 857 974 rain
903 929 1064 972 etiam
1106 916 1249 969 intra
1298 912 1570 967 civitatem
1624 905 1927 977 perforent,
1977 905 2022 959 si
2060 902 2309 969 inaequali

743 1016 863 1067 loco
895 1013 1001 1064 sita
1029 1024 1093 1062 ea
1132 1010 1223 1061 sit.

812 1105 900 1159 5f.
933 1107 1112 1171 Atque
1142 1113 1197 1153 ut
1241 1095 1432 1166 paucis
1466 1093 1644 1148 dicam
1676 1090 1833 1144 :ali:e
1865 1094 1993 1141 sunt
2038 1083 2313 1137 mat-bina-

743 1199 955 1259 tiones,
992 1209 1113 1263 qua:
1148 1190 1269 1243 aliis
1309 1188 1362 1239 in
1405 1184 1691 1244 historiis,
1734 1181 1843 1233 ituo
1884 1192 2012 1231 vero
2064 1174 2117 1228 in
2162 1174 2312 1225 libris

743 1285 1068 1340 militaribus
1113 1279 1293 1348 potius
1333 1273 1599 1331 invenies,
1626 1265 2085 1338 quemadmodum
2117 1270 2312 1330 tegun-

743 1388 853 1438 tur,
912 1368 1373 1444 quemadmodum
1427 1364 1796 1420 adducuntur,
1845 1370 1901 1413 et
1930 1357 1998 1410 ad
2045 1370 2165 1425 qua:
2194 1355 2311 1408 loca

742 1467 1095 1520 obsessorum
1126 1456 1476 1511 adhibentur.

814 1555 902 1610 55.
932 1554 1165 1608 lstarum
1187 1543 1652 1601 machinationum
1680 1548 2000 1611 apparatus.
2028 1553 2080 1594 et
2107 1551 2317 1608 ιιι-πυρο-

743 1651 985 1703 rationes
1018 1658 1127 1696 non
1159 1640 1333 1693 solum
1364 1636 1461 1689 abs
1496 1643 1548 1688 te
1586 1633 1736 1697 fiant,
1767 1631 1860 1687 sed
1891 1633 2056 1686 etiam
2095 1645 2319 1697 manga-

743 1742 1044 1801 uariorum,
1068 1743 1122 1789 et
1148 1732 1466 1787 idoneorum
1496 1726 1780 1780 hominum
1808 1724 2075 1785 solertiis,
2100 1731 2158 1775 ut
2180 1730 2233 1776 et
2261 1731 2315 1773 tu

741 1846 881 1905 quas
927 1839 1083 1900 poles
1115 1826 1548 1903 machinationes
1586 1833 1778 1872 omnes
1821 1816 2121 1886 exeogites,
2153 1822 2207 1867 et
2241 1812 2315 1866 illi

742 1900 975 1978 artificio
1000 1934 1101 1973 suo
1129 1924 1183 1971 et
1212 1900 1563 1985 experientia:
1593 1922 1706 1963 sua:
1734 1908 1991 1961 felicitate
2026 1902 2121 1959 tibi
2153 1917 2311 1973 Opem

741 2018 941 2071 ferant.

808 2300 900 2356 36.
952 2299 1057 2353 Eos
1106 2296 1197 2366 qui
1250 2292 1557 2365 proditores
1605 2288 1862 2342 dicuntur
1911 2282 1995 2337 vel
2036 2279 2315 2336 civitatis,

740 2396 826 2450 vel
858 2392 1091 2461 alicujus
1128 2390 1295 2443 lirma:
1327 2383 1673 2443 munitionis,
1702 2380 1786 2432 vel
1817 2377 1938 2438 vim,
1981 2388 2102 2443 quae
2135 2373 2190 2425 in
2223 2371 2317 2423 bo-

742 2488 924 2542 stileni
957 2494 1155 2538 terram
1184 2480 1310 2542 fert,
1345 2476 1578 2544 accipito
1604 2472 1859 2539 benigne,
1902 2477 1957 2522 et
1993 2466 2149 2520 ﬁdem
2190 2477 2315 2516 eum

742 2580 871 2638 illis,
908 2574 1288 2645 promissaque
1328 2579 1571 2631 servato,
1605 2566 1649 2618 si
1698 2563 1812 2617 veri
1843 2572 1974 2627 erga
2007 2567 2058 2609 te
2093 2554 2315 2615 fuerint,

741 2690 849 2728 non
880 2672 965 2726 sui
998 2683 1186 2727 causa.
1218 2666 1314 2721 sed
1361 2665 1619 2723 aliorum,
1662 2673 1802 2728 quos
1827 2656 1892 2709 ad
1943 2663 1993 2707 te
2030 2652 2135 2705 hoc
2155 2650 2318 2703 modo

744 2767 979 2820 invitare
1005 2762 1204 2833 possis.
1240 2758 1400 2821 Nam,
1430 2755 1523 2825 qui
1568 2748 1830 2823 proditori
1862 2743 2066 2815 aliquid
2098 2741 2316 2802 tribuit,

742 2859 868 2928 plus
896 2855 964 2909 ab
1012 2832 1078 2907 eo
1113 2849 1334 2918 accipit,
1362 2847 1539 2916 potius
1585 2856 1749 2912 quam
1779 2840 1895 2893 dat.
1945 2835 2127 2903 Neque
2170 2832 2315 2886 enim

740 2923 904 3017 judex
931 2944 1173 2998 civitatis
1212 2957 1294 3004 es,
1318 2940 1407 2992 cui
1433 2936 1635 3004 injuria
1659 2948 1688 2986 a
1721 2929 2002 3000 proditore
2026 2923 2315 2983 inferatur,

742 3040 836 3095 sed
881 3040 1214 3105 imperator;
1268 3031 1456 3085 multis
1500 3025 1676 3080 modis
1712 3021 1778 3076 ad
1826 3028 1948 3073 tuos
1986 3028 2321 3071 conservan-

742 3132 866 3193 dos,
894 3137 946 3183 et
976 3131 1161 3181 hostes
1182 3120 1523 3193 superandos
1554 3117 1807 3170 laborare
1829 3112 2017 3166 debes.
2056 3107 2317 3161 Inscitum

2418 633 2625 686 προσφε
2636 618 2693 687 ρό
2701 633 2766 687 με
2775 632 2882 669 ναι.

2485 707 2588 776 λγ’.
2631 710 2739 761 Καὶ
2768 709 3057 778 ὀρύγματα
3092 706 3197 773 ἔξω
3226 706 3325 776 μὲν
3354 702 3448 755 τοῦ
3476 703 3687 773 τείχους
3721 702 3867 754 κατὰ
3892 700 3998 770 γῆν

2416 799 2808 870 άπαρχόμενα,
2862 797 3009 861 ἐντὸς
3055 797 3113 849 δὲ
3165 796 3251 848 διὰ
3296 795 3403 847 τῶν
3446 792 3715 861 θεμελίων
3750 794 4001 863 εἰσερχόο

2419 911 2578 964 μενα,
2609 894 2705 947 καὶ
2728 892 3143 964 ἀνατρυποῦντα
3171 891 3271 960 τὴν
3292 890 3398 959 γῆν
3425 886 3626 940 ἔσωθεν
3646 889 3744 956 τῆς
3763 887 3995 952 πόλεως,

2415 989 2531 1055 είγε
2561 989 2618 1039 ὲν
2647 985 2891 1053 ἐπιπέδῳ
2919 984 3069 1053 τόπῳ
3099 981 3235 1052 τύχῃ
3264 982 3357 1033 καὶ
3384 980 3538 1049 μένῃ.

2485 1078 2579 1132 >.δ’.
2633 1077 2743 1130 Καὶ
2790 1075 2977 1137 ἁπλῶς
3011 1076 3185 1127 εἰπεῖν
3236 1073 3424 1141 ἕτεραι
3459 1070 3699 1139 μηχαναὶ
3725 1070 3996 1137 ὀργάνων,

2416 1169 2561 1240 ἅπερ
2583 1170 2640 1222 ἐν
2663 1185 2722 1221 τε
2745 1169 2865 1228 ταῖς
2888 1165 3073 1228 ἄλλαις
3093 1163 3379 1229 ἱστορίαις,
3404 1158 3601 1229 μᾶλλον
3616 1158 3672 1210 δὲ
3692 1160 3750 1209 ὲν
3768 1157 3999 1224 τῴπλά-

2416 1280 2496 1314 τει
2546 1262 2655 1313 τῶν
2699 1258 3098 1330 στρατηγικῶν,
3140 1255 3378 1326 ἐρευνῶν
3406 1252 3683 1321 εὑρήσεις,
3718 1251 3814 1302 καὶ
3847 1251 4000 1309 ὅπως

2416 1354 2958 1418 κατασκευάζονται,
3005 1351 3100 1403 καὶ
3149 1350 3298 1411 ὅπως
3346 1346 3758 1416 προσάγονται,
3807 1342 3904 1395 καὶ
3940 1343 3999 1395 ἑν

2416 1447 2617 1509 ὁποίοις
2642 1447 2828 1507 τόποις
2856 1444 2964 1497 τῶν
2990 1439 3479 1510 πολιορκουμένων.

2488 1536 2579 1591 λε’.
2618 1535 2837 1588 Τούτων
2870 1536 2926 1589 δὲ
2970 1534 3078 1587 τῶν
3118 1533 3527 1602 μηχανημάτων
3562 1531 3616 1584 αἱ
3650 1526 3999 1598 παρασκευαὶ

2420 1631 2514 1683 καὶ
2566 1632 2620 1682 αἱ
2670 1626 2979 1697 ἑτοιμασίαι
3024 1626 3087 1678 οὑ
3128 1623 3284 1695 μόνον
3316 1624 3468 1693 παρὰ
3500 1623 3595 1676 σοῦ
3629 1622 3885 1676 δύνανται
3914 1620 3999 1684 γε.

2420 1724 2627 1787 νεσθαι,
2665 1722 2801 1774 ἀλλά
2828 1721 2920 1772 καὶ
2947 1718 3016 1770 δι’
3042 1718 3282 1779 ἐπινοίας
3312 1716 3418 1768 τῶν
3444 1717 3710 1769 συνόντων
3744 1730 3828 1766 σοι
3862 1728 4000 1781 μαγ-

2422 1816 2697 1887 γαναρίων
2730 1814 2824 1865 καὶ
2854 1810 3175 1879 ἐπιτηδείων
3201 1809 3410 1881 ἀνδρῶν
3457 1808 3593 1876 πρὸς
3620 1808 3718 1870 τὰς
3746 1804 3999 1864 τοιαύτας

2421 1908 2764 1970 κατασκευάς
2793 1923 2808 1937 ’
2869 1906 2955 1957 ἵνα
2997 1903 3087 1956 καὶ
3122 1904 3283 1958 αὐτος
3317 1903 3540 1970 ἐπινοῇς
3574 1899 3639 1951 τὰ
3666 1897 3873 1951 δυνατὰ
3904 1896 3999 1948 καὶ

2419 2000 2742 2068 ἐνδεχόμενα
2791 1997 3157 2067 μηχανήματα
3182 2035 3197 2057 ,
3235 1997 3476 2046 κάκ;ἴνοι
3530 1995 3642 2054 τοῖς
3679 1991 3768 2043 διὶ
3797 1990 3999 2057 χειριῖιν

2420 2093 2598 2160 ἔργοις
2633 2091 2726 2143 καὶ
2757 2091 2876 2152 ταῖς
2919 2086 3008 2139 διὰ
3033 2088 3130 2153 της
3162 2085 3353 2154 πείρας
3384 2084 3650 2143 ἐπινοίαις
3682 2078 3998 2149 συμϐοηθή-

2422 2182 2585 2235 σωσίν
2616 2199 2716 2233 σοι.

2490 2279 2596 2340 λῖ-’.
2636 2276 2770 2337 Τοὺς
2797 2274 2850 2326 δὲ
2885 2273 3149 2343 προδότας
3176 2269 3504 2338 λεγομένους
3534 2267 3566 2335 ἦ
3596 2265 3821 2327 πόλεως’
3850 2265 3882 2333 ἦ
3911 2263 4001 2316 ἅλ’

2418 2370 2509 2422 λου
2540 2369 2685 2430 τινός
2727 2364 3083 2435 ὀχυρώματος
3131 2363 3164 2432 ἢ
3206 2362 3330 2415 ὀδοῦ
3361 2361 3462 2429 τῆς
3494 2361 3573 2422 εἱς
3603 2357 3870 2424 πολεμίαν
3893 2358 4006 2407 εἱσ-

2419 2464 2537 2516 όδου
2558 2502 2572 2523 ,
2627 2460 2721 2511 καὶ
2754 2459 3017 2526 ὑποδέχου
3048 2454 3329 2523 εὐμενῶς,
3376 2454 3467 2503 καὶ
3500 2452 3597 2513 τὰς
3625 2451 3841 2509 πίστεις
3870 2447 4004 2516 πρὸς

2420 2555 2617 2614 αὐτοὺς
2648 2553 2741 2605 καὶ
2790 2553 2888 2613 τὰς
2918 2548 3253 2614 ἐπαγγελίας
3287 2545 3548 2613 ιρὺλαττε,
3587 2544 3683 2594 ἐὰν
3719 2541 3814 2593 καὶ
3850 2539 4003 2591 αὑτοὶ

2420 2645 2755 2717 ἀληθεύωειν
2784 2660 2795 2672 ·
2855 2640 2976 2709 οὕχὶ
3025 2640 3100 2690 δι’
3150 2638 3375 2699 αὑτοὺς,
3424 2635 3559 2687 ἀλλά
3589 2633 3678 2686 διὰ
3709 2633 3837 2694 τοὺς
3874 2629 4004 2699 μὲλ-

2422 2739 2611 2799 λοντας
2666 2738 2760 2789 καὶ
2811 2734 2973 2786 πάλιν
3023 2748 3103 2783 σοι
3149 2730 3403 2790 τοιαύτας
3437 2726 3720 2795 προξενεῖν
3751 2726 4005 2793 χάριτας.

2433 2832 2495 2883 '0
2528 2828 2637 2898 γὰρ
2675 2826 2849 2888 διδούς
2880 2843 2934 2877 τι
2967 2824 3043 2894 τῷ
3070 2822 3307 2893 προδότῃ
3341 2819 3543 2890 μᾶλλον
3569 2817 3841 2888 λαμϐάνει
3875 2833 3991 2883 παρ

2423 2920 2588 2974 αὑτοῦ
2620 2920 2783 2971 πλέον
2818 2919 2947 2987 παρ’
2971 2916 3001 2969 ὃ
3028 2915 3221 2985 ἐκείνῳ
3248 2912 3554 2983 χαρίζεται.
3586 2913 3659 2964 υὺ
3683 2910 3793 2979 γάρ
3814 2909 4008 2977 κριτὴς

2420 3017 2520 3084 τῆς
2566 3011 2719 3081 παρὰ
2765 3008 2859 3062 τοῦ
2896 3008 3160 3079 προδότου
3209 3003 3561 3074 άδικηθείσης
3605 3003 3814 3063 πόλεως
3847 3000 3882 3070 ἦ
3914 3000 4008 3051 τοῦ

2424 3105 2620 3178 ἐχθροῦ
2665 3104 2951 3173 ὑπάρχεις,
2989 3100 3126 3154 ἀλλὰ
3161 3098 3469 3169 στρατηγὸς
3498 3139 3513 3162 ,
3550 3096 3643 3148 καὶ
3676 3095 3765 3147 διὰ
3796 3094 4012 3146 πολλῶν

741 3230 828 3275 est
882 3221 1027 3273 enim
1076 3217 1249 3269 videri
1286 3214 1429 3267 nolle
1487 3211 1543 3263 iu
1585 3208 1759 3261 malos
1812 3203 2065 3257 homines
2107 3199 2200 3250 tali
2254 3195 2321 3249 de

2425 3201 2641 3269 τρόπων
2690 3197 2829 3264 ὑπὲρ
2878 3193 2972 3246 τοῦ
3024 3190 3118 3244 σοῦ
3160 3190 3291 3243 λαοῦ
3322 3189 3515 3242 λυπεῖν
3549 3188 3645 3239 καὶ
3676 3186 4011 3254 διαφθείρειν

742 3326 910 3366 causa
942 3308 1262 3363 benelieium
1306 3306 1577 3359 conferre.
1610 3298 1805 3353 Omnia
1834 3295 1976 3349 enim
2014 3298 2321 3360 opportuna

745 3405 883 3457 bona
947 3409 1096 3454 sunt.
1143 3398 1401 3453 Proditor
1444 3407 1625 3447 autem
1654 3387 1906 3460 quamvis
1954 3398 2081 3455 erga
2136 3382 2323 3434 hostes

744 3504 867 3547 tuos
910 3493 1087 3545 malus
1142 3493 1235 3557 sit,
1279 3500 1460 3543 tamen
1495 3501 1625 3557 erga
1663 3493 1715 3537 te
1751 3478 2119 3551 populumque
2166 3481 2319 3525 tuum

746 3585 924 3639 botms
951 3598 1074 3638 esse
1100 3580 1553 3655 deprehenditur.

815 3856 906 3909 37.
972 3852 1028 3906 Si
1077 3850 1271 3905 civitas
1328 3845 1436 3899 Deo
1485 3843 1595 3912 jam
1637 3839 1869 3911 propitio
1933 3834 2032 3888 tibi
2085 3831 2323 3897 subjecta

751 3946 932 4005 fuerit,
963 3949 1055 3992 aut
1085 3936 1336 3999 nuutitio,
1367 3941 1460 3985 aut
1488 3930 1792 3991 castellum,
1828 3925 1906 3977 vel
1930 3922 2327 3993 pruptertimn-

752 4050 861 4088 rem
890 4029 1215 4089 obsidionis,
1249 4027 1329 4078 vel
1363 4023 1466 4076 alia
1494 4034 1688 4090 quavis
1718 4016 1785 4071 de
1815 4029 2005 4078 causa,
2055 4012 2205 4064 mitis
2262 4022 2325 4059 ae

749 4124 1018 4192 benignus
1049 4134 1178 4187 erga
1230 4115 1354 4168 il.os
1385 4114 1485 4174 sis,
1529 4125 1703 4178 neque
1732 4108 2025 4177 stipendiis
2058 4103 2181 4155 illos
2228 4118 2323 4166 up-

751 4215 973 4283 primas,
1002 4223 1179 4276 neque
1200 4204 1494 4259 crudeliter
1521 4200 1815 4261 miniteris,
1855 4207 1947 4249 aut
1979 4194 2163 4263 aliquo
2195 4207 2327 4258 sup-

752 4303 917 4374 plicio
974 4294 1413 4368 perreurelacias,
1465 4305 1641 4359 neque
1695 4288 1914 4356 injuriis
1958 4285 2083 4338 ullis
2136 4296 2323 4344 vexes,

751 4396 848 4447 sed
895 4393 1070 4445 bonus
1122 4388 1329 4457 potius,
1377 4384 1755 4452 benignusque
1807 4394 1933 4448 erga
1974 4378 2098 4431 illos
2132 4376 2231 4437 sis,
2266 4380 2326 4426 ut

752 4484 936 4538 caeteri
984 4478 1405 4534 mansuetudine
1454 4484 1546 4527 tua
1600 4474 1879 4541 provoc.iti
1921 4468 2227 4522 voluntarie
2267 4480 2326 4519 se

2422 3292 2545 3351 τοὺς
2610 3286 2904 3353 πολεμίους
2964 3281 3302 3344 σπουδάζων.
3368 3280 3441 3332 Τὸ
3491 3280 3599 3350 γὸρ
3655 3277 3835 3329 δοκεῖν
3888 3276 4012 3335 τοὶς

2424 3381 2628 3442 κακοὺς
2664 3378 2739 3447 μὴ
2766 3377 3075 3446 εὐεργετεῖν
3109 3372 3340 3425 ἐνταῦθα
3373 3368 3738 3439 ἀπειρόκαλόν
3769 3384 3859 3437 μοι
3890 3368 4014 3435 φατ-

2424 3489 2592 3527 νεται·
2626 3472 2803 3524 πάντα
2834 3471 2942 3539 γᾶιρ
2971 3469 3115 3520 καλὲ
3142 3470 3198 3519 ἐν
3224 3464 3403 3535 καιρῷ
3430 3462 3632 3517 αὑτῶν.
3669 3463 3729 3514 Ὀ
3746 3460 3859 3529 γὰρ
3880 3476 4015 3527 προ-

2424 3568 2603 3633 δότης,
2626 3566 2673 3616 εἰ
2690 3563 2783 3615 καὶ
2807 3564 2942 3629 πρὸς
2965 3562 3089 3623 τοὺς
3116 3560 3241 3621 σοίις
3260 3557 3550 3626 πολεμίους
3574 3554 3743 3615 κακὸς
3763 3555 4012 3619 γέγονεν,

2426 3660 2539 3712 ἀλλ’
2587 3656 2679 3709 οὖν
2729 3654 2864 3723 πρὸς
2905 3654 2962 3706 σὲ
3009 3654 3102 3706 καὶ
3134 3651 3224 3704 τὸν
3250 3650 3371 3702 ὅλον
3403 3649 3493 3701 σὺν
3519 3647 3646 3700 λαον
3675 3645 3884 3713 ἀγαθὸς
3912 3644 4015 3697 άπ-

2426 3748 2661 3820 εδείχθη.

2496 3840 2595 3903 λζ’.
2649 3838 2773 3892 Ἐάν
2801 3838 2854 3890 6‘s
2887 3833 3021 3889 Θεοῦ
3052 3831 3379 3902 παρέχοντος
3417 3830 3517 3899 τὴν
3564 3828 3725 3899 χάριν
3762 3826 4014 3892 ὑποταγῇ

2428 3950 2509 3985 σοι
2535 3932 2565 4001 ἦ
2594 3931 2768 3992 πόλις,
2800 3930 2831 3999 ἢ
2870 3926 3150 3997 φρούριον,
3207 3925 3325 3994 ἦτοι
3349 3922 3590 3991 κάστρον
3610 3962 3625 3983 ,
3659 3919 3694 3984 ἢ
3722 3919 3813 3971 διὰ
3851 3919 4017 3987 φόϐον

2428 4022 2774 4092 πολιορκίας,
2806 4020 2839 4091 ἢ
2873 4019 2939 4071 δι’
2967 4019 3133 4087 ἄλλην
3163 4016 3282 4068 τινὰ
3325 4013 3528 4075 αἰτίαν,
3565 4013 3753 4082 πράως
3796 4010 3895 4062 καὶ
3928 4010 4010 4060 εὑ-

2433 4115 2610 4186 μενῶς
2681 4113 2956 4179 διατέθητι
2998 4111 3134 4182 προς
3195 4106 3415 4169 αὐτούς.
3472 4106 3581 4158 Καὶ
3636 4105 3775 4173 μήτε
3829 4102 4019 4171 φόροις

2428 4202 2624 4264 αὐτοὺς
2680 4199 3114 4271 καταϐαρησῃς,
3165 4198 3303 4266 μήτε
3354 4194 3580 4264 ἀπηνῶς
3632 4190 4017 4261 ἑκφοῦήσηςῆ

2429 4295 2729 4363 ἀπειλήσης
2761 4293 2847 4346 διά
2882 4308 3021 4353 τινος
3065 4289 3357 4360 τιμωρίας,
3406 4289 3539 4357 μήτε
3572 4284 3809 4345 ἀδικίαις
3845 4283 4023 4350 λυπή-

2432 4403 2550 4457 σῃς.
2595 4384 2753 4437 Ἀλλὰ
2784 4382 2983 4454 μᾶλλον
3016 4381 3218 4450 ἀγαθὸς
3272 4380 3368 4433 καὶ
3411 4376 3661 4443 ἐπιεικὴς
3701 4377 3889 4436 αὑτοῖς
3932 4375 4019 4440 γί-

2433 4497 2548 4541 νου,
2586 4477 2673 4529 ῖνα
2713 4478 2808 4530 καὶ
2838 4477 2888 4528 οί
2919 4474 3098 4526 λοιποὶ
3139 4471 3375 4542 ὁρῶντες
3410 4460 3511 4537 τὴν
3541 4467 3641 4535 σὴν
3665 4463 4019 4534 χρηστότητα

753 4577 848 4630 tibi
898 4573 1211 4643 subjiciam,
1261 4568 1468 4622 nullum
1502 4566 1724 4623 malum,
1774 4570 1868 4615 aut
1916 4557 2321 4614 incommodum

2434 4570 2514 4631 εἰς
2559 4568 2687 4631 τοὺς
2738 4565 3107 4633 ὑποταγέντας
3145 4579 3249 4624 σοι,
3307 4560 3446 4630 μετὰ
3488 4556 3805 4626 προθυμίας
3843 4570 4020 4621 προσ-

752 4670 851 4722 abs
887 4676 938 4719 te
971 4666 1243 4734 proficisci
1276 4669 1553 4731 putantes,
1587 4656 1736 4726 quod
1799 4670 1906 4709 non
1948 4653 2221 4707 sustinere
2276 4657 2333 4703 et

757 4752 999 4826 perferre
1032 4749 1317 4804 commode
1351 4748 1582 4816 possint.

823 4848 910 4902 58.
954 4845 1068 4899 lloe
1109 4846 1253 4897 enim
1285 4840 1651 4910 Nicephorum
1704 4838 2089 4907 imperatorem
2140 4831 2336 4887 fecisse

756 4944 1031 5001 novinms,
1067 4950 1193 4991 cum
1228 4940 1493 4989 adversus
1536 4931 2017 5000 Langobardorum
2052 4927 2327 4981 nationem

757 5034 1085 5095 mitteretur,
1135 5038 1191 5083 ut
1234 5043 1353 5082 eam
1400 5026 1457 5081 in
1515 5034 1838 5095 potestatem
1878 5031 2126 5076 nostram
2180 5018 2328 5073 redi-

757 5130 927 5192 geret.
970 5117 1088 5171 Non
1140 5119 1316 5172 solum
1346 5117 1492 5173 enim
1526 5116 1690 5169 rebus
1719 5114 1928 5168 bellicis
1969 5119 2094 5182 apte
2126 5111 2333 5165 instru-

761 5215 888 5279 etis,
911 5231 971 5267 ea
1022 5213 1172 5265 natio
1205 5208 1447 5277 subjecta
1478 5209 1638 5262 nobis
1671 5206 1792 5270 fuit,
1821 5221 2009 5260 verum
2045 5204 2210 5259 etiam
2242 5218 2334 5257 so-

764 5306 885 5359 lerti
911 5306 1144 5375 quadani
1184 5302 1417 5372 justitia,
1457 5316 1519 5354 ac
1541 5300 1801 5353 cotiiitate
1838 5297 2103 5352 adversus
2141 5309 2334 5349 omnes

767 5405 1047 5464 usurpata,
1080 5406 1134 5449 et
1168 5395 1416 5449 libertate
1459 5392 1568 5445 illis
1598 5391 1778 5445 multis
1816 5390 2122 5453 servitutis,
2150 5395 2207 5441 et
2244 5402 2333 5440 re-

761 5491 1034 5559 liquorum
1082 5488 1412 5540 tributorum
1443 5483 1771 5538 eondouata.

832 5668 922 5721 59.
958 5664 1074 5720 Non
1103 5666 1249 5721 enim
1282 5665 1417 5722 lucri
1467 5681 1631 5721 causa
1668 5681 1893 5736 regnum
1927 5667 2039 5739 (l9)
2082 5677 2330 5725 nostrum

2429 4658 2700 4731 ἐρχωνταί
2734 4675 2839 4721 σοι,
2878 4657 3044 4726 μηδὲν
3081 4655 3250 4708 κακον
3296 4654 3434 4721 ὅπερ
3463 4648 3788 4715 ὑπενεγκεῖν
3828 4646 3889 4698 οὑ
3930 4645 4020 4696 δύο

2430 4770 2617 4806 νανται
2652 4753 2803 4821 παρὰ
2830 4749 2924 4802 σοῦ
2967 4747 3161 4801 παθεῖν
3194 4743 3511 4808 ἐλπίζοντες

2501 4846 2605 4914 λη’.
2646 4842 2817 4896 Τοῦτο
2842 4842 2951 4910 γάρ
2980 4841 3138 4909 ίσμεν
3166 4840 3260 4890 καὶ
3284 4835 3600 4904 Νικηφόρον
3626 4832 3719 4884 τὸν
3750 4828 4021 4897 ἡμέτερον

2438 4937 2743 5010 στρατηγὸν
2793 4935 2931 5005 πρὸς
2967 4933 3028 4985 τὸ
3072 4929 3435 5001 Δαγοϐάρδων
3462 4927 3611 4987 ἔθνος
3645 4923 4017 4992 πεποιηκότα.

2436 5034 2525 5087 ὅτε
2554 5029 2707 5099 παρὰ
2741 5028 2842 5095 τῆς
2881 5025 3157 5096 βασιλείας
3182 5022 3343 5093 ἡμῶν
3389 5024 3466 5082 είς
3505 5021 3567 5073 τὸ
3607 5016 3879 5081 ὑποτάξαι
3920 5014 4018 5066 αὑ-

2438 5126 2564 5188 τοὺς
2594 5121 2956 5190 ἐξαπεστάλη.
2998 5118 3072 5172 Οὑ
3109 5118 3271 5189 μόνον
3298 5115 3406 5186 γὰρ
3453 5114 3542 5167 διὰ
3574 5111 3827 5180 πολέμων
3856 5109 4020 5176 ἄχρις

2441 5217 2552 5280 σῶς
2583 5212 3000 5283 ἐκτεταγμένων
3054 5210 3115 5263 τὸ
3160 5207 3401 5262 τοιοῦτον
3448 5207 3701 5275 ὑπήγαγε
3724 5202 3786 5255 τὸ
3846 5201 4021 5261 Ξθνος,

2433 5308 2568 5362 ἀλλὰ
2618 5307 2712 5361 καὶ
2742 5304 2993 5375 ἀγχινοίᾳ¹
3023 5302 3369 5375 χρησάμενος
3408 5299 3506 5353 καὶ
3568 5293 3888 5365 δικαιοσύνῃ
3928 5293 4022 5345 καὶ

2432 5398 2787 5472 χρηστότητι,
2816 5397 3077 5458 επιεικῶς
3106 5412 3170 5448 τε
3203 5395 3316 5457 τοῖς
3347 5389 3816 5463 προσερχομένους
3843 5403 4019 5455 προσ-

2436 5493 2756 5564 φερόμενος,
2791 5488 2889 5544 καὶ
2909 5488 3008 5560 τὴν
3046 5485 3360 5555 ἐλευθερίαν
3375 5485 3558 5546 αὑτοῖς
3596 5481 3779 5550 πάσης
3808 5495 3869 5531 τε
3903 5478 4021 5533 δου-

2437 5586 2581 5651 λείας
2611 5587 2705 5640 καὶ
2730 5584 2839 5639 τῶν
2865 5583 3039 5637 ἄλλων
3067 5580 3403 5653 φορολογιῶν
3435 5576 3833 5649 χαριζόμενος.

2522 5677 2621 5732 ).θ⁰.
2652 5678 2728 5731 Οὑ
2758 5676 2868 5747 γάρ
2901 5674 3128 5746 κέρδους
3149 5673 3336 5727 ἕνεκεν
3376 5673 3410 5738 ἠ
3444 5667 3693 5741 βασιλεία
3731 5664 3893 5737 ἡμῶν
3927 5661 4023 5732 τὴν

2300 5767 2532 5826 NOTAE.

835 5853 944 5922 (19)
978 5854 1163 5912 Melius
1192 5858 1275 5912 his
1315 5858 1449 5913 locis
1482 5860 1736 5929 maiestas
1763 5872 1947 5915 nostra
1983 5873 2306 5921 verteretur.
