4176 6442
159 426 264 486 897

1241 425 1571 484 TACTICA.
1614 447 1680 457 -·
1717 420 2223 488 CONSTITUTIO
2247 428 2367 488 XV.

3290 431 3397 491 898

149 533 431 602 ὑποταγὴν
480 532 588 584 τῶν
642 529 1181 599 ἀντικαθισταμένων
1237 533 1532 601 ἐπιζητεῖ,
1585 527 1720 583 ἀλλὰ

1827 529 2062 586 hostium
2111 535 2507 604 subjectionem
2549 537 2766 605 quaerit,
2814 537 2908 594 sed
2972 535 3160 607 gloriae
3203 549 3404 593 nostrae

147 625 309 692 δόξης
344 626 444 694 μὲν
476 625 612 685 ἰδίας
641 622 733 674 καὶ
761 622 950 690 τιμῆς,
984 623 1259 692 σωτηρίας
1286 622 1341 674 δὲ
1379 621 1474 673 καὶ
1508 620 1722 688 εὑεργεο

149 719 270 779 σίας
309 718 406 770 σὺν
437 713 718 783 ἐλευθερίᾳ
747 714 856 766 τῶν
893 712 1149 781 ὑπηκόων
1178 713 1369 782 αὑτῆς.

214 807 290 877 μ’.
321 806 508 868 Οὕτως
554 801 647 858 οὖν
689 805 934 873 εὐμενῶς
976 807 1088 867 τοῖς
1136 803 1595 874 προσερχομένοις
1641 819 1722 854 σοι

147 900 242 952 καὶ
277 897 739 966 ὑποτασσομένας
768 896 1129 965 διακείμενος,
1160 895 1227 948 δι’
1258 894 1439 948 αὐτῶν
1477 894 1568 946 καὶ
1597 895 1722 954 τοὺς

149 992 317 1060 μήπω
348 987 750 1059 προσελθόντας
768 986 1059 1060 -οίκειώσῃ.
1128 987 1173 1038 Η
1206 985 1313 1055 7&9
1335 985 1719 1056 τεθηριωμένη

145 1083 238 1134 καὶ
262 1081 476 1151 ἀπηνὴς
495 1079 736 1142 καὶτοὺς
768 1078 1293 1150 ὑπο[τε]ταγμένους
1311 1079 1389 1140 είς
1414 1077 1723 1146 μετάμελον

143 1178 326 1243 φέρει,
356 1173 606 1235 καὶτοὺς
648 1173 814 1242 μήπω
865 1170 1236 1237 ὑποταγέντας
1277 1168 1591 1223 ἀναστέλλει
1629 1167 1724 1220 καὶ
1770 1203 1774 1208 .

148 1263 353 1334 μᾶλλον
392 1262 837 1333 προθυμοτέρους
886 1263 1032 1313 ποιεῖ
1079 1259 1412 1313 κινδυνεύειν
1443 1258 1582 1326 ὑπὲρ
1624 1257 1722 1324 τῆς

141 1355 351 1417 οικείας
383 1353 674 1424 σωτηρίας,
709 1353 742 1424 ἢ
776 1350 882 1404 ὑπὸ
918 1352 1104 1422 χεῖρας
1133 1351 1375 1403 τοιούτου
1415 1345 1721 1417 στρατηγοῦ

144 1442 389 1511 ἀπηνοῦς
429 1441 724 1510 ἐμπίπτειν
754 1480 768 1503 ,
812 1440 905 1493 καὶ
935 1440 1378 1508 ταλαιπωρήσεις
1417 1436 1721 1503 πολιορκῶν

142 1535 276 1594 ίσως
323 1533 417 1584 καὶ
471 1530 634 1600 μηδὲν
674 1528 872 1582 ἀνύων.
926 1528 987 1582 Εἰ
1021 1530 1078 1582 δὲ
1124 1529 1328 1596 ἀγαθόν
1361 1544 1420 1580 σε
1480 1527 1722 1595 μάθωσιν

141 1624 294 1685 δντα,
334 1621 544 1690 ταχέως
571 1619 862 1674 ἐνδώσουσι
890 1623 956 1692 τῇ
990 1621 1259 1689 ὑποταγῇ.

215 1797 329 1868 μα’.
366 1799 479 1869 Τῆς
499 1800 608 1871 7&9
637 1799 910 1870 βασιλείας
940 1797 1097 1867 ήμῶν
1129 1796 1189 1850 τὸ
1217 1797 1441 1867 εὐμενὲς
1471 1797 1564 1850 καὶ
1585 1813 1720 1866 χρη-·

144 1892 291 1954 στὸν,
330 1891 424 1944 καὶ
462 1892 736 1960 εἰρηνικὸν
768 1890 1074 1958 ἀγαπώσης
1104 1888 1238 1959 πρὸς
1275 1889 1401 1951 τοὺς
1446 1887 1719 1953 ὑπηκόους

139 1982 380 2051 ὁπηνίκα
407 1982 494 2035 διά
528 1981 621 2034 σοῦ
670 1981 807 2051 πρὸς
863 1981 1010 2050 ἡμᾶς
1051 1979 1439 2050 προσχωρῆσαι
1484 1977 1719 2047 βουληθῇ

140 2076 174 2147 ἢ
212 2076 389 2139 πόλις,
424 2075 458 2146 ἢ
489 2074 765 2146 φρούριον,
796 2075 829 2145 ἢ
858 2073 1031 2137 ἔθνος,
1065 2075 1176 2135 τοῖς
1205 2073 1304 2141 τῆς
1331 2070 1605 2142 ἡμετέρας
1627 2069 1719 2122 εὑ-

142 2163 369 2235 μεῖδείας
408 2165 734 2233 σπλάγχνοις
785 2181 846 2217 σε
883 2163 965 2217 δεῖ
1009 2163 1243 2232 άφορᾷν,
1293 2159 1389 2213 καὶ
1432 2161 1530 2223 τὰς
1562 2159 1720 2230 ήμῶν

139 2255 437 2322 εὐμενείας
468 2255 561 2306 καὶ
593 2254 891 2323 σωτηρίους
932 2251 1210 2314 κελεύσεις
1241 2251 1371 2320 περὶ
1415 2249 1595 2304 αὑτῶν
1630 2249 1718 2302 δέ-

137 2363 199 2413 χε
211 2344 335 2397 σθαι
370 2347 464 2399 καὶ
493 2348 735 2416 κρατεῖν.

213 2436 327 2506 μβ’.
365 2438 480 2490 Οὑκ
513 2437 640 2490 ἄνευ
685 2435 741 2488 δὲ
778 2435 980 2489 σκοποῦ
1006 2435 1211 2505 νομίζω
1249 2433 1342 2487 καὶ
1389 2432 1547 2486 τοῦτο
1580 2432 1721 2484 ὥστε

137 2530 436 2595 γινώσκειν
484 2545 543 2581 σε
596 2526 844 2598 ἀκριϐῶς
886 2528 1073 2598 ὥσπερ
1104 2527 1199 2590 τὰς
1252 2526 1513 2596 ἡμερινὰς
1551 2523 1720 2594 ῶρας,

137 2619 315 2680 οὕτως
349 2619 444 2671 καὶ
487 2619 584 2682 τὰς
614 2619 935 2690 νυκτερινὰς
985 2618 1073 2671 διὰ
1105 2619 1203 2687 τῆς
1235 2617 1344 2669 τῶν
1382 2615 1722 2685 φαινομένων

141 2712 396 2782 ἀστέρων
444 2711 539 2764 καὶ
595 2711 693 2780 τῆς
746 2711 973 2779 σελήνης
1005 2711 1293 2780 κινήσεων,
1322 2709 1408 2761 ἴνα
1454 2709 1511 2759 ὲν
1551 2705 1724 2776 καιρῷ

141 2801 496 2870 ὑποσχέσεως
523 2800 673 2872 ὧρας
713 2804 745 2874 ἢ
781 2802 930 2873 παρὰ
969 2802 1228 2873 προδότου
1274 2798 1720 2870 προτεινομένης.

141 2895 172 2963 ἢ
216 2895 374 2962 παρὰ
411 2893 507 2947 σοῦ
553 2893 717 2947 αὑτοῦ
751 2893 1162 2963 ὲπινοουμένης,
1194 2894 1226 2962 ἢ
1263 2891 1322 2942 ὲν
1352 2888 1660 2956 πολιορκίᾳ,
1689 2888 1723 2957 ἢ

140 2987 197 3036 ὲν
237 2986 522 3057 ὁδοιπορίᾳ
561 2985 809 3054 ἀσφαλὴς
859 2985 985 3054 περὶ
1023 2985 1085 3036 τὸ
1122 2982 1371 3051 σύνθημα
1400 2979 1495 3032 τοῦ
1531 2976 1724 3048 καιροῦ

140 3077 173 3146 ᾗ
203 3075 298 3126 τὸν
325 3075 556 3144 ὁρισμὸν
587 3074 857 3147 ὑπάρχῃς.
896 3074 970 3126 Τὸ
999 3071 1107 3142 7&9
1136 3071 1434 3141 ταχύτερον
1462 3071 1494 3140 ἢ
1523 3068 1724 3138 βραδύ-

140 3182 299 3229 τερον
327 3166 590 3228 πολλάκις
618 3164 842 3233 φθάνειν
873 3164 972 3234 τῆς
1006 3163 1278 3233 συνταγῆς
1310 3163 1342 3234 ἢ
1374 3162 1467 3216 τοῦ
1493 3161 1722 3234 ὁρισμοῦ

140 3258 427 3326 ἄπρακτον
461 3254 684 3324 ἐποίησε
717 3255 778 3307 τὸ
806 3255 1162 3324 προκείμενον
1191 3255 1371 3324 ἔργον.

213 3346 325 3417 μγ¹.
374 3346 758 3416 Ἐξερχόμενος
795 3345 851 3399 δὲ
903 3346 1040 3398 κατὰ
1089 3346 1190 3415 τῆς
1237 3344 1573 3416 πολιορκίας,
1607 3344 1717 3397 εἴτε

140 3439 227 3491 διὰ
258 3438 525 3508 προδότου
577 3439 685 3490 εῐτε
721 3437 894 3500 ἄλλως
926 3453 1065 3502 πως,
1109 3438 1266 3499 ὅσους
1299 3436 1442 3489 κατὰ
1466 3437 1565 3504 τὴν
1601 3435 1718 3488 ὁδὸν

143 3528 495 3595 ὑπαντήσεις,
526 3524 868 3595 συλλάμδανε
921 3524 1129 3588 πάντας
1176 3525 1265 3579 διά
1303 3542 1466 3578 τινων
1516 3523 1718 3577 καθαλ-

143 3619 348 3687 λαρίων
389 3616 980 3687 προαποστελλομένων
1030 3617 1119 3669 ἐπ’
1158 3616 1308 3686 αὑτῷ
1335 3616 1532 3686 τούτῳ·
1569 3614 1719 3686 ἢδιὰ

139 3711 248 3762 τῶν
293 3709 434 3781 μετὰ
485 3707 581 3762 σοῦ
632 3709 1002 3779 στρατιωτῶν,
1028 3710 1114 3762 ἵνα
1164 3710 1239 3779 μή
1283 3709 1350 3762 δι’
1394 3708 1574 3762 αὑτῶν
1621 3709 1718 3760 ὲπ-

143 3796 359 3858 ἐλευσίς
397 3812 493 3848 σου
529 3797 764 3866 μηνυθῇο
798 3795 868 3848 τὰ
903 3797 1012 3866 7&9
1045 3796 1270 3849 τοιαῦτα
1301 3796 1443 3850 κατὰ
1473 3796 1579 3848 τῶν
1617 3812 1717 3847 ﬂo-

142 3889 350 3957 λεμίων
405 3886 544 3956 ἔργα
597 3886 879 3956 αἰφνιδίως
925 3887 1032 3958 χρὴ
1065 3886 1309 3955 γίνεσθαι
1368 3886 1462 3938 καὶ
1516 3885 1717 3938 ἀνυπο-

143 3982 375 4050 νοὴτως.

217 4037 519 4141 ρεἒοτυω
540 4072 649 4143 7&9
675 4071 1092 4144 ἀπροσδοκήτως
1112 4037 1318 4142 ἐπέλθῃ
1342 4073 1481 4123 κατὰ
1510 4069 1720 4140 ἐχθρῶν

147 4163 489 4230 στράτευμα,
526 4161 632 4214 κᾶν
654 4160 978 4230 ὀλιγώτερον
1009 4161 1126 4212 ἔστι
1149 4160 1256 4213 τῶν
1290 4161 1585 4228 πολεμίων,
1634 4160 1720 4211 διὰ

143 4251 242 4322 τὴν
291 4251 628 4320 ἀνυφόρατον
688 4251 986 4320 ἐπιδρομὴν
1040 4249 1332 4318 ἐκπλήττει
1380 4249 1505 4309 τοὺς
1563 4249 1716 4300 ἔναν-

145 4343 328 4406 τίους,
363 4342 466 4394 κᾶν
501 4343 595 4395 καὶ
624 4342 929 4413 κρείττονάς
965 4343 1101 4394 εἰσιν
1130 4341 1346 4392 ἐκεῖνον
1385 4345 1477 4391 καὶ
1507 4340 1570 4391 lx
1597 4337 1719 4390 τού-

142 4451 237 4486 του
276 4433 369 4486 διὰ
397 4432 607 4486 πολλῶν
633 4431 881 4500 ὲκφοόῶν
913 4431 1108 4492 αὑτοὺς
1138 4429 1360 4482 δύνασαι
1395 4425 1592 4496 μᾶλλον
1612 4427 1719 4495 πρὸ

1828 623 2159 695 honorisque
2206 641 2394 692 causa,
2440 636 2493 682 et
2532 629 2731 682 salutis
2793 631 3299 700 beneficentiaeque,
3351 639 3405 682 et

1826 712 2100 769 libertatis
2133 717 2502 786 subjectorum
2532 720 2728 788 gratia.

1893 805 1981 859 40.
2015 805 2316 863 Benevolus
2338 811 2503 877 igitur
2533 810 2818 878 subjectis,
2850 820 3012 881 atque
3034 813 3265 884 imperio
3293 821 3391 868 tuo

1824 897 2139 964 parentibus
2174 899 2218 952 si
2270 898 2459 964 fueris,
2491 902 2627 956 alios
2659 917 2877 972 quoque
2916 904 3013 958 tibi
3042 913 3099 958 ut
3147 922 3206 960 se
3260 907 3394 961 sub—

1820 986 2014 1053 jiciam
2045 988 2390 1047 conciliabis.
2427 992 2697 1047 Ell‘eratus
2728 993 2874 1047 enim
2906 996 3143 1058 animus,
3181 1006 3236 1050 et
3263 1013 3392 1051 cru-

1824 1077 1980 1141 delis,
2017 1079 2293 1148 subjectos
2325 1082 2418 1136 tibi
2463 1084 2516 1134 in
2551 1099 2800 1153 magnam
2847 1086 3187 1150 mmstitiam,
3219 1088 3398 1156 pinni-

1825 1171 2157 1240 tentiamque
2203 1173 2564 1242 subjectionis
2616 1189 2728 1229 suze
2772 1176 3022 1238 adducit,
3067 1186 3120 1232 et
3153 1192 3268 1243 eos,
3303 1179 3397 1248 qui

1824 1259 2064 1312 nomium
2099 1269 2192 1313 tuo
2233 1262 2462 1332 imperio
2506 1263 2737 1332 subjecti
2771 1274 2917 1329 sunt,
2957 1266 3065 1320 alio
3110 1275 3401 1332 avocat,et

1825 1350 2122 1406 alacriores
2154 1353 2220 1406 ad
2263 1354 2684 1424 periclitandum
2740 1356 2805 1410 de
2857 1371 2954 1410 sua
3004 1359 3179 1414 salute
3231 1359 3396 1422 facit,

1823 1443 2007 1510 potius
2047 1458 2212 1512 quam
2270 1445 2323 1498 in
2374 1461 2569 1500 manus
2619 1455 2729 1500 tam
2764 1447 3006 1503 crudelis
3048 1449 3400 1519 imperatoris

1824 1533 2046 1586 veniant
2073 1548 2087 1596 ;
2117 1542 2168 1588 et
2205 1533 2433 1588 multum
2473 1536 2780 1590 obsidendo
2805 1536 3101 1602 laborabis,
3143 1524 3306 1609 atque
3330 1541 3398 1594 ad

1831 1631 2136 1676 extremum
2178 1625 2314 1678 nihil
2349 1626 2626 1696 proficies.
2659 1628 2756 1682 Sin
2789 1630 2992 1684 bonum
3027 1638 3081 1685 te
3111 1631 3399 1687 intellexe-

1823 1713 1936 1766 rint
1954 1731 2099 1780 esse,
2131 1715 2293 1771 facile
2327 1732 2386 1772 se
2416 1719 2508 1775 tibi
2541 1718 2761 1774 dedent.
2847 1769 2850 1775 .

1891 1805 1980 1860 41.
2037 1804 2322 1862 Reetionis
2370 1815 2571 1863 nostras
2615 1808 3029 1880 benignitatem,
3096 1811 3398 1866 bonitatem

1820 1907 1875 1952 et
1912 1914 2122 1968 pacem,
2156 1899 2404 1957 laudabis
2438 1902 2578 1971 apud
2613 1917 2731 1966 eos,
2760 1903 2854 1974 qni
2895 1918 2990 1972 per
3019 1911 3071 1958 te
3097 1903 3198 1958 sub
3224 1904 3400 1972 impe-

1823 1993 1964 2047 rium
1995 2001 2246 2048 nostrum
2281 1995 2529 2059 veniunt,
2559 1995 2675 2052 sive
2703 1997 2922 2061 civitas,
2951 1997 3067 2052 sive
3088 1996 3397 2062 castellum,

1821 2088 1937 2142 sive
1971 2089 2122 2142 natio
2146 2088 2331 2157 aliqua
2368 2089 2553 2151 fuerit,
2596 2097 2650 2144 et
2696 2091 2750 2143 in
2799 2090 3166 2146 miserationis
3197 2101 3400 2145 nostra:

1823 2179 2034 2235 viscera
2064 2179 2387 2243 intueberis,
2437 2187 2496 2234 ut
2540 2181 2691 2235 mitia
2727 2181 3098 2253 salutariaque
3143 2180 3399 2237 mandata

1823 2278 2012 2323 nostra
2061 2269 2326 2340 recipiant
2361 2278 2523 2340 atque
2556 2271 2869 2329 observent.

1894 2446 1982 2500 42.
2024 2445 2142 2500 Νυιι
2171 2447 2289 2501 sine
2322 2459 2487 2502 causa
2519 2446 2625 2500 hoc
2657 2445 2758 2501 abs
2788 2454 2840 2499 te
2871 2445 3266 2500 elaborandum
3291 2454 3402 2514 est,

1825 2547 1884 2591 ut
1905 2536 2366 2607 quemadmodum
2389 2535 2572 2591 divina
2599 2536 2962 2606 tempora,sic
2984 2535 3147 2590 etiam
3179 2544 3404 2591 noctur-

1820 2643 1893 2681 na
1931 2629 2105 2698 spatia
2136 2642 2405 2698 agnoscas
2430 2641 2498 2682 ex
2529 2627 2672 2680 lunae
2711 2627 3107 2695 stellarumque
3135 2637 3309 2692 motu,
3340 2636 3400 2682 ut

1824 2720 1890 2773 ad
1915 2720 2062 2773 hora:
2087 2719 2375 2788 promissa:
2399 2724 2617 2787 tempus
2644 2719 2758 2771 sive
2782 2732 2809 2770 a
2835 2717 3114 2786 proditore
3134 2718 3397 2787 positum,

1824 2811 1942 2866 sive
1973 2826 2004 2864 a
2035 2813 2213 2881 teipso
2248 2809 2616 2880 excogitatum
2657 2810 2743 2864 vel
2782 2809 2838 2864 in
2877 2808 3185 2873 obsidione,
3224 2809 3310 2866 vel
3346 2811 3400 2864 in

1826 2901 2044 2967 itinere,
2106 2911 2294 2957 certus
2345 2901 2412 2955 de
2454 2911 2620 2970 pacto
2677 2900 3009 2970 definitaque
3052 2909 3292 2970 tempore
3333 2916 3403 2956 eo

1827 2997 2131 3062 pervenias.
2189 2993 2325 3046 Nam
2372 2993 2456 3047 vel
2499 2991 2756 3058 celerius,
2814 2991 2898 3045 vel
2945 2991 3152 3046 tardius
3217 2990 3402 3060 aliquo

1828 3081 2133 3151 pervenire,
2170 3096 2334 3150 quam
2375 3080 2736 3136 constitutum
2767 3090 2871 3145 est,
2893 3081 3234 3151 propositum
3273 3095 3401 3152 per-

1750 3211 1793 3269 c
1827 3188 1970 3244 saepe
2001 3184 2250 3229 nostrum
2274 3173 2608 3229 intervertit.

1889 3351 1979 3406 45.
2016 3349 2098 3403 Ad
2133 3320 2478 3405 obsidionem
2520 3362 2778 3420 egressus
2822 3349 2903 3404 vel
2943 3363 3042 3420 pro
3095 3347 3400 3417 proditore,

1818 3442 1903 3496 vel
1933 3456 2031 3510 pro
2065 3440 2171 3493 alia
2202 3439 2401 3509 quavis
2441 3439 2682 3503 ratione,
2713 3454 2852 3508 quos
2885 3440 2939 3492 in
2971 3439 3057 3492 via
3084 3438 3402 3503 otfenderis,

1820 3545 2013 3586 omnes
2040 3529 2367 3600 quibusdam
2394 3529 2677 3600 equitibus
2707 3529 2773 3587 ad
2804 3529 2907 3584 hoc
2930 3531 3230 3599 praemissis
3257 3530 3400 3584 anti-

1821 3621 1963 3692 cipa,
1994 3621 2075 3676 vel
2106 3636 2203 3691 per
2227 3622 2428 3677 milites
2455 3629 2579 3678 tuos
2602 3621 2706 3677 hoc
2740 3621 2930 3687 facias,
2953 3628 3013 3674 ut
3042 3636 3110 3674 ne
3139 3636 3236 3691 per
3275 3621 3400 3676 illos

1822 3713 2066 3768 incursio
2093 3719 2185 3767 tua
2225 3712 2508 3767 indicetur
2538 3729 2553 3778 ;
2596 3713 2725 3766 talia
2755 3714 2899 3768 enim
2932 3713 3128 3770 bellica
3175 3713 3398 3784 negotia

1819 3803 2005 3859 subito
2033 3813 2087 3859 et
2116 3803 2184 3859 de
2212 3803 2517 3874 improviso
2553 3802 2708 3860 fiant.

1890 4072 1982 4126 44.
2011 4071 2244 4136 Quando
2280 4072 2427 4125 enim
2460 4070 2528 4124 de
2561 4069 2863 4140 improviso
2907 4067 3171 4124 adversus
3212 4066 3400 4122 hostes

1822 4163 1934 4216 ruit
1983 4164 2278 4228 exercitus,
2327 4161 2582 4231 quamvis
2624 4161 2858 4231 exiguus
2904 4159 2996 4223 sit,
3036 4166 3092 4213 et
3146 4158 3398 4214 hostibus

1821 4255 1980 4324 longe
2033 4255 2234 4319 minor,
2280 4261 2462 4308 tamen
2495 4260 2721 4322 propter
2752 4266 2850 4307 nec
2878 4251 3158 4321 opinatam
3210 4249 3400 4303 incur-

1822 4345 2034 4397 sionem
2069 4343 2256 4397 hostes
2279 4342 2451 4396 multo
2479 4343 2644 4394 etiam
2674 4341 2862 4409 plures
2886 4340 3192 4408 perturbat,
3237 4346 3400 4408 atque

1823 4435 1980 4497 adeo,
2001 4434 2046 4489 si
2062 4433 2329 4503 pluribus,
2347 4446 2508 4503 quam
2528 4431 2716 4486 hostes
2736 4437 2864 4486 sunt
2886 4431 3008 4485 illos
3028 4431 3277 4493 invadas,
3298 4444 3397 4499 po-

143 4524 238 4578 τοῦ
285 4521 560 4595 θαρρῆσαι
593 4522 790 4585 αὐτοὺς
826 4518 1207 4602 οἰκειώσασθαι
1251 4520 1328 4580 είς
1363 4517 1426 4570 τὸ
1472 4516 1563 4569 σὸν
1593 4515 1719 4585 βού-

1827 4525 1960 4580 teris
1989 4533 2282 4595 antequam
2334 4522 2439 4595 ipsi
2470 4522 2753 4595 colligant,
2794 4523 2848 4578 in
2884 4530 3211 4592 potestatem
3247 4531 3395 4575 tuam

142 4616 320 4774 ἉγιΞί
386 4701 571 4766 Οὕτως
637 4699 731 4755 οὑν
769 4700 986 4754 ἐπειδάν
1048 4700 1082 4770 ἢ
1133 4701 1324 4766 πόλιν,
1374 4701 1407 4772 ἢ
1459 4700 1718 4770 κάστρον,

143 4801 177 4872 ἢ
240 4798 372 4853 ἄλλο
413 4814 466 4850 τι
521 4795 784 4866 ὀχύρωμα
856 4793 1176 4866 παραλάϐῃς
1205 4834 1220 4859 ,
1273 4793 1367 4846 καὶ
1425 4790 1565 4862 λάϐῃ
1608 4791 1720 4842 πέ-

146 4909 246 4962 ρας
279 4892 311 4943 ὁ
341 4889 600 4958 πόλεμος,
655 4887 730 4957 μὴ
765 4888 969 4957 γενήσῃ
1020 4885 1190 4956 βαρὺς
1233 4884 1321 4938 διὰ
1362 4884 1462 4954 τὴν
1511 4883 1721 4952 εὐπρα-

145 4983 272 5048 γίαν
326 4981 359 5051 ἢ
388 4980 501 5040 τοῖς
530 4978 950 5046 δυστυχήσασιν,
976 4977 1011 5048 ἢ
1042 4977 1154 5038 τοῖς
1201 4973 1317 5044 ἅμα
1352 4975 1434 5026 σοὶ
1484 4973 1720 5041 ἐκστρα-

143 5072 418 5126 τεύουσιν.
472 5067 623 5138 Μηδὶ
678 5067 850 5136 τῦφον
913 5067 1006 5120 καὶ
1065 5067 1332 5136 ἀπήνειαν
1377 5064 1717 5134 περιφέρῃς,

144 5164 280 5217 ἀλλὰ
315 5158 568 5230 εὐμενὴς,
605 5157 680 5220 ὡς
701 5158 936 5226 εἴρηται,
962 5156 1055 5209 καὶ
1075 5153 1476 5223 φιλάνθρωπος,
1511 5154 1604 5206 καὶ
1627 5170 1721 5204 τα-

144 5254 458 5323 πεινόφρων
485 5250 634 5319 γίνου
655 5265 669 5280 ·
701 5248 1082 5319 φιλάνθρωπος
1117 5247 1215 5316 μὲν
1253 5245 1383 5315 περὶ
1415 5246 1540 5306 τοὺς
1575 5244 1717 5296 ἁλω-

145 5347 336 5407 θέντας
363 5343 460 5396 καὶ
488 5342 950 5412 δυστυχήσαντας,
981 5339 1118 5392 ἀλλὰ
1156 5338 1250 5390 καὶ
1273 5337 1408 5408 πρὸς
1433 5336 1558 5398 τοὺς
1589 5336 1720 5405 μὲλ-

143 5437 335 5497 λοντας
368 5433 450 5486 ἔτι
480 5433 631 5503 παρὰ
660 5430 754 5485 σού
781 5433 814 5504 ἢ
842 5428 1198 5500 πολεμεῖσθαι
1228 5430 1262 5500 ἢ
1290 5425 1715 5498 πολιορκεῖσθαι.

145 5527 543 5595 Ταπεινόφρων
576 5523 633 5576 δὶ
659 5523 786 5592 περὶ
809 5524 935 5585 τοὺς
966 5521 1195 5592 πλησίον
1228 5520 1324 5574 καὶ
1353 5519 1562 5588 φίλους,
1591 5519 1719 5579 τοὺς

149 5621 245 5689 μὶν
269 5617 381 5688 7&9
418 5614 642 5684 πλησίον
674 5615 768 5666 καὶ
807 5614 994 5683 φίλους
1026 5613 1087 5665 οὑ
1122 5613 1281 5682 μόνον
1309 5612 1389 5673 είς
1414 5609 1608 5679 φθόνον
1653 5609 1717 5660 οὑ

145 5711 410 5781 κινήσεις,
450 5708 586 5760 ἀλλὰ
618 5706 710 5759 καὶ
726 5708 804 5768 εἰς
833 5705 996 5773 ζῆλον
1023 5703 1131 5758 τῶν
1161 5703 1363 5772 ὁμοίων
1395 5718 1488 5754 σου
1520 5718 1720 5771 κατορ-

148 5801 417 5872 θωμάτων
447 5797 734 5866 διεγερεῖς,
774 5798 902 5860 τοὺς
943 5797 1001 5850 δὲ
1058 5793 1463 5868 πολιορκεῖσθαι
1496 5795 1715 5867 μέλλον-

430 5891 698 5952 Ρηιιοι..
727 5891 840 5953 Gs.
889 5888 1068 5952 CVII.

1826 4615 2093 4684 redigere.

1895 4705 1984 4759 t5.
2037 4703 2140 4759 Ubi
2171 4704 2444 4759 civitatem
2494 4711 2591 4758 aut
2639 4702 2961 4768 castellum,
3005 4710 3096 4757 aut
3150 4702 3394 4772 aliquam

1825 4796 2184 4850 munitionem
2236 4796 2472 4865 ceperis,
2502 4803 2558 4849 et
2593 4795 2800 4850 exitum
2861 4794 2987 4849 belli
3038 4793 3250 4849 felicem
3292 4794 3394 4847 ha-

1824 4886 2032 4950 bueris,
2049 4901 2116 4939 ne
2127 4886 2204 4939 sis
2221 4894 2442 4954 propter
2469 4900 2558 4940 res
2589 4885 2724 4938 bene
2742 4891 2946 4953 gestas,
2964 4884 3053 4951 vel.
3080 4883 3406 4939 infortuna-

1825 4977 1895 5030 tis
1923 4975 2240 5031 hominibus
2271 4977 2473 5046 gravis,
2516 4975 2597 5029 vel
2626 4976 2754 5038 illis,
2785 4974 2878 5044 qui
2907 4976 3067 5029 simul
3105 4983 3284 5030 tecum
3324 4974 3394 5028 ad

1823 5069 2025 5123 bellum
2073 5068 2298 5137 profecti
2334 5076 2484 5123 sunt.
2526 5064 2715 5136 Neque
2753 5065 2923 5132 fastu,
2952 5074 3045 5120 aut
3079 5066 3395 5136 arrogantia

1823 5159 2089 5223 eﬂ'eraris,
2136 5158 2228 5212 sed
2275 5158 2573 5218 humanus,
2607 5157 2877 5226 benignus
2935 5170 3000 5210 ac
3041 5157 3213 5210 comis
3237 5155 3335 5209 fias
3373 5171 3391 5220 ;

1825 5253 2100 5306 humanus
2128 5263 2256 5317 erga
2282 5249 2549 5317 captivos,
2576 5258 2739 5318 atque
2768 5247 3130 5303 infortunatos
3155 5253 3271 5300 tum
3296 5260 3393 5300 eos

1824 5343 1914 5413 qui
1952 5355 2097 5394 nunc
2130 5347 2280 5403 sunt,
2312 5345 2427 5392 tum
2457 5352 2552 5393 eos
2590 5351 2806 5407 quoque
2843 5336 2934 5407 qui
2966 5336 3066 5392 abs
3093 5344 3146 5390 te
3176 5344 3270 5389 aut
3296 5349 3398 5404 op-

1824 5429 2098 5503 pugnandi
2128 5437 2221 5483 aut
2243 5428 2528 5483 obsidendi
2562 5436 2689 5480 sunt
2723 5443 2740 5492 ;
2781 5426 2955 5481 comis
2991 5439 3118 5495 erga
3170 5425 3395 5494 propin-

1822 5539 1963 5594 quos
1993 5529 2047 5576 et
2075 5523 2302 5576 amicos.
2335 5518 2680 5588 Propinquos
2706 5518 2851 5573 enim
2875 5526 2928 5572 et
2953 5517 3159 5570 amicos
3184 5529 3292 5568 non
3324 5513 3394 5566 ad

1823 5613 2081 5667 invidiam
2133 5611 2404 5676 movebis,
2454 5608 2549 5663 sed
2591 5607 2658 5662 ad
2701 5607 3056 5662 imitationem
3087 5615 3141 5659 et
3166 5603 3394 5663 amula-

1824 5705 2028 5759 tionem
2083 5717 2270 5758 rerum
2330 5709 2607 5772 gestarum
2667 5710 2887 5754 tuarum
2934 5697 3225 5752 excitabit.
3287 5693 3393 5749 Eos

1823 5811 1962 5867 quos
2002 5795 2335 5852 obsessurus
2367 5809 2446 5861 es,
2485 5791 2887 5850 obedientiores
2931 5788 3070 5855 tibi,
3110 5786 3395 5858 magisque
