4200 6440
763 406 871 470 899

2024 398 2295 459 LEONIS
2334 397 2793 459 PHILOSOPHI

3928 401 4030 461 900

759 514 1044 584 subjectos
1074 509 1431 582 benignitatis
1463 516 1569 563 tuan
1595 507 1968 574 bonitatisque
1992 520 2087 575 spe
2121 506 2343 558 efﬁcies.

2460 522 2545 568 τας
2588 506 2860 568 εὐπειθεῖς
2891 508 3091 575 μᾶλλον
3116 508 3208 559 καὶ
3248 508 3711 577 ὑποταττομένους
3740 526 3818 561 σοι
3850 527 4027 580 παρα-

764 604 889 658 Haec
928 607 1024 659 abs
1064 614 1115 658 te
1150 603 1528 657 conservanda
1568 609 1714 665 sunt,
1759 602 1848 653 uhi
1899 601 2035 653 alios
2082 599 2344 655 invadens

764 694 1021 753 obsidere
1048 713 1144 751 eos
1169 700 1400 768 cogitas.

834 963 924 1018 46.
981 962 1061 1027 Si,
1102 965 1250 1033 quod
1297 978 1437 1033 saepe
1462 963 1753 1033 contingit,
1787 964 2002 1028 civitas,
2031 971 2123 1017 aut
2150 944 2348 1018 castel-

765 1056 904 1120 lum,
957 1065 1050 1109 aut
1094 1056 1203 1109 ulla
1248 1056 1354 1108 alia
1389 1055 1622 1109 munitio
1657 1065 1748 1109 tua
1788 1055 1859 1109 ab
1903 1055 2157 1109 hostibus
2201 1055 2348 1109 obsi-

766 1144 944 1198 denda
977 1154 1082 1209 est,
1132 1146 1179 1199 si
1227 1145 1331 1199 hoc
1374 1143 1589 1199 efﬁcere
1615 1145 1929 1199 accessione
1957 1154 2045 1197 tua
2080 1152 2259 1213 potes,
2292 1152 2351 1198 ut

766 1234 985 1289 illorum
1047 1235 1305 1298 consilia,
1360 1245 1704 1301 conatusque
1756 1235 1955 1299 cleves,
2017 1233 2127 1289 Deo
2161 1235 2351 1304 gratia:

769 1333 1002 1395 agantur
1035 1342 1051 1390 ;
1078 1325 1162 1379 sin
1196 1326 1406 1392 minus,
1440 1326 1698 1380 omnibus
1736 1326 1900 1379 rebus
1932 1338 2027 1378 eos
2055 1324 2350 1394 apparabis

771 1416 1211 1484 atque-instrues
1248 1418 1343 1487 qui
1374 1416 1659 1472 obsidendi
1687 1424 1839 1480 sunt,
1865 1416 1979 1470 sive
2008 1415 2127 1484 ipse
2160 1430 2351 1470 neces-

769 1507 936 1559 sitate
974 1506 1211 1575 quadam
1239 1505 1529 1563 adfuturus
1563 1507 1664 1571 sis,
1709 1507 1825 1562 sive
1855 1506 1998 1560 alius
2026 1505 2296 1575 quisliiam
2323 1520 2355 1560 e

771 1598 883 1651 tuis
919 1596 1194 1666 praefectis
1218 1598 1462 1667 prudens
1494 1607 1549 1651 et
1580 1599 1818 1667 peritus.

726 1830 741 1836 -
843 1802 934 1856 47.
987 1800 1172 1856 Primo
1213 1802 1376 1872 igitur
1422 1802 1605 1858 omnia
1656 1804 1721 1859 ad
1754 1815 2115 1859 commeatum
2160 1822 2355 1862 neces-

770 1896 916 1949 saria
968 1895 1033 1951 iis
1083 1894 1513 1965 qui'obsidione
1554 1897 1753 1952 inclusi
1807 1904 1957 1960 sunt,
2004 1899 2356 1967 pI-zeparabis,

772 1988 920 2058 quod
945 1990 1261 2044 satisfacere
1287 1990 1396 2046 illis
1415 2005 1575 2046 omne
1598 1998 1813 2061 tempus
1829 1990 2136 2047 obsidionis
2166 1996 2359 2063 possit.

772 2082 1081 2151 Praeparata
1122 2082 1235 2152 jam
1284 2097 1469 2137 rerum
1523 2082 1965 2138 necessariarum
2003 2082 2360 2151 abundantia,

773 2173 1083 2243 proximum
1127 2181 1235 2242 est,
1270 2184 1332 2230 ut
1375 2175 1622 2231 inutilem
1657 2190 1874 2231 omnem
1912 2184 2148 2241 aetatem,
2174 2178 2364 2233 mulie-

777 2279 889 2327 res.
923 2278 1106 2329 senes,
1135 2264 1368 2331 debiles,
1395 2280 1617 2336 pueros,
1643 2274 1770 2321 ante
1796 2266 2037 2322 hostium
2071 2266 2362 2323 adventum

775 2372 806 2411 e
847 2357 1157 2412 munitione
1203 2358 1416 2425 ejicias,
1472 2367 1529 2412 ut
1565 2360 1792 2427 reliquis
1839 2361 1932 2429 qui
1967 2360 2175 2415 robusti
2206 2361 2365 2415 habi-

791 2444 981 2516 lesque
1016 2455 1145 2502 sunt
1173 2447 1429 2503 alimenta
1455 2448 1763 2504 sufficiant:
1792 2456 1907 2503 tum
1934 2450 2368 2507 machinationes

777 2535 1025 2605 quaedam
1057 2537 1125 2592 ad
1154 2538 1527 2609 depulsionem
1575 2555 1970 2610 manganorum
2042 2556 2174 2597 saxa
2230 2556 2365 2596 con-

776 2628 1105 2697 jicientium,
1136 2630 1205 2685 ab
1237 2630 1304 2687 iis
1330 2632 1423 2701 qui
1460 2631 1787 2687 obsidentur
1808 2634 2190 2704 comparandae
2218 2641 2365 2688 sunt.

853 2825 944 2880 48.
986 2823 1313 2897 Huiusmodi
1354 2830 1789 2901 conjectionibus
1819 2832 2161 2902 objiciuntur
2191 2832 2370 2887 cilicia

784 2917 1082 2987 pendentia
1123 2934 1153 2975 e
1188 2920 1375 2991 pinnis
1422 2932 1579 2977 extra
1617 2937 1826 2988 muros,
1877 2923 1959 2977 vel
2001 2924 2247 2989 sarcinae,
2291 2923 2375 2978 vel

786 3014 947 3068 funes
997 3015 1257 3079 contorti,
1292 3015 1375 3070 vel
1417 3016 1647 3085 pontila,
1678 3018 1758 3071 vel
1799 3017 1941 3087 ligna
1986 3017 2371 3085 prominentia.

785 3110 878 3157 aut
914 3102 1172 3157 lateribus
1207 3119 1371 3175 agger
1398 3113 1525 3161 ante
1581 3107 1781 3177 pinnas
1806 3116 2143 3163 exstructus.
2170 3108 2371 3163 Arieti-

2452 603 2738 666 σκευάσεις
2776 603 2863 657 διὰ
2901 603 2999 672 τὴν
3046 602 3409 672 ἐλπιζομένην
3440 605 3590 673 παρὰ
3623 604 3717 656 σοῦ
3745 605 4031 672 εὐμένειαν

2452 697 2543 748 καὶ
2580 695 2911 764 ἀγαθότητα.
2950 692 3135 746 Ταῦτα
3173 695 3271 763 μὲν
3316 693 3808 763 παρακελευόμεθά
3843 710 3958 757 σοι,
3990 688 4033 745 ὦ

2454 786 2748 854 στραηγέ,
2809 785 3247 855 παραφυλάττειν
3277 824 3293 850 ,
3349 785 3481 838 ὅταν
3533 784 3697 847 αὐτὸς
3749 785 4032 852 πολεμίοις

2457 875 2705 930 ἐπελθὼν
2746 877 3053 947 πολιορκεῖν
3078 876 3145 928 τὰ
3176 877 3400 930 ἐκείνων
3428 875 3647 946 μέλλῃς.

2529 967 2645 1039 μς⁹.
2686 970 2747 1022 El
2776 969 2844 1033 δ’,
2870 971 3012 1039 ὅπερ
3034 970 3295 1033 πολλάκις
3338 970 3652 1039 συμϐαίνει,
3676 968 3833 1030 πόλις
3876 972 3908 1040 ἢ
3940 970 4033 1019 κά-

2457 1076 2637 1130 στρον,
2672 1060 2705 1130 ἦ
2734 1076 2785 1112 τι
2814 1060 3001 1128 ἔτερον
3039 1060 3301 1130 ὀχύρωμα
3331 1060 3437 1112 ὑπὸ
3480 1061 3539 1111 σὲ
3577 1060 3825 1130 ὑπάρχον
3856 1060 4033 1126 μέλλει

2457 1152 2610 1220 παρά
2643 1149 2915 1221 πολεμίων
2954 1150 3380 1222 πολιορκεῖσθαι,
3432 1152 3481 1204 εί
3522 1151 3621 1219 μὲν
3650 1151 3880 1204 δύνασαι
3912 1150 4034 1210 τοὺς

2456 1240 2860 1310 ἐπερχομένους
2899 1240 3268 1309 ἐπιτηδεῦσαι,
3300 1240 3394 1293 καὶ
3423 1242 3705 1309 ἄπρακτον
3739 1239 3925 1292 αὐτῶν
3952 1239 4034 1291 διά

2457 1330 2555 1399 τῆς
2587 1331 2685 1400 σῆς
2713 1329 3019 1400 προσϐολῆς
3072 1330 3170 1399 τὴν
3222 1331 3419 1400 βουλὴν
3458 1329 3767 1392 ἀποδεῖξαι,
3801 1329 3883 1398 τῷ
3924 1328 4033 1396 Θεῷ

2458 1422 2635 1492 χάρις·
2662 1423 2711 1472 εί
2733 1422 2790 1473 δὲ
2824 1423 2987 1491 μήγε,
3024 1421 3242 1484 πάντως
3273 1422 3716 1493 παρασκευάσεις
3746 1420 3879 1483 τοὺς
3915 1421 4033 1489 μέλα

2459 1513 2668 1577 λοντας,
2702 1510 3126 1580 πολιορκεῖσθαι’
3150 1514 3258 1566 είτε
3287 1513 3447 1575 αὐτὸς
3481 1512 3694 1583 μέλλεις
3715 1512 3775 1577 ἐξ
3793 1511 4033 1579 ἀνάγκης

2459 1606 2604 1668 τινὸς
2638 1606 2755 1658 ἐκεῖ
2776 1606 3051 1674 παρεῖναι,
3084 1607 3193 1659 εἴτε
3235 1604 3421 1675 ’ἐτερός
3446 1622 3530 1667 τις
3569 1605 3680 1659 τῶν
3706 1607 3815 1659 ὑπὸ
3849 1606 3911 1658 σέ
3948 1605 4035 1673 ἀρ-

2461 1699 2664 1767 χόντων
2696 1700 2834 1768 ἀνὴρ
2864 1697 3149 1768 ἐλλόγιμος
3180 1702 3275 1752 καὶ
3306 1699 3588 1770 ἔμπειρος.

2537 1810 2645 1880 μξ’.
2694 1812 2915 1882 Πρῶτον
2955 1813 3055 1881 μὲν
3106 1814 3363 1866 ἁπάντων
3412 1812 3516 1883 χρὴ
3570 1811 3680 1863 τῶν
3722 1810 4033 1877 ἀναγκαίων

2463 1903 2542 1965 είς
2595 1903 2912 1973 ἀποτροφὴν
2963 1904 3247 1973 φροντίσαι
3295 1906 3404 1957 τῶν
3457 1903 3862 1971 ἐγκλειομένων
3920 1903 4032 1955 ὅσον

2462 1989 2609 2057 οἶδας
2641 1994 2734 2049 τὸν
2757 1995 2949 2066 ἐχθρὸν
2981 1997 3234 2065 ἐξαρκεῖν
3264 1996 3357 2048 ἐπὶ
3387 1998 3453 2067 τῇ
3494 1995 3782 2066 πολιορκίᾳ
3827 1994 4029 2064 χρόνον,

2463 2088 2557 2141 καὶ
2592 2088 2640 2141 εί
2677 2088 2777 2158 μὲν
2805 2089 3034 2159 εὐπορία
3060 2088 3178 2142 ἐστὶ
3206 2088 3473 2153 τοσαύτης
3490 2089 3829 2160 ἀποτροφῆς.
3865 2086 4035 2140 Ἐπεί-

2464 2197 2546 2235 τοι
2579 2198 2642 2250 γε
2671 2180 2769 2252 τὴν
2797 2181 3071 2253 ἄχρηστον
3111 2182 3326 2253 ἠλικίαν
3365 2180 3561 2235 ἔκϐαλε
3606 2184 3671 2235 ἐκ
3700 2182 3795 2234 τοῦ
3837 2180 4035 2252 ὀχυρώ-

2473 2289 2639 2341 ματος
2687 2273 2792 2342 πρδ
2823 2274 2923 2342 τῆς
2953 2273 3062 2327 τῶν
3100 2274 3311 2345 ἐχθρῶν
3346 2274 3676 2344 παρουσίας·
3707 2269 3821 2325 οἷον
3854 2275 4033 2339 γυναῖ-

2469 2380 2592 2430 κας,
2633 2364 2918 2435 γέροντας,
2943 2365 3209 2430 ἀσθενεῖς,
3250 2366 3345 2418 καὶ
3376 2364 3583 2428 παιδία,
3605 2366 3690 2417 ἵνα
3717 2366 3831 2427 τοῖς
3869 2365 3927 2417 ἐν
3953 2364 4034 2415 δυ-

2467 2456 2627 2526 νάμει
2660 2455 2810 2509 οὖσιν
2840 2458 2873 2527 ἢ
2895 2457 3304 2526 εὑρισκομένοις
3329 2459 3363 2527 ἡ
3394 2457 3607 2527 δαπάνη
3628 2457 3927 2527 ἐξαρκέσῃο
3953 2456 4037 2509 καὶ

2470 2546 2557 2599 ἵνα
2586 2549 2615 2601 ὀ
2655 2548 2865 2615 μέλλων
2908 2548 3312 2619 πολιορκεῖσθαι
3358 2551 3765 2620 προευτρεπίσῃ
3801 2550 4035 2619 μηχανή-

2474 2657 2617 2709 ματα
2647 2640 3001 2711 ἀντικείμενα
3032 2641 3170 2711 πρὸς
3198 2642 3296 2712 τὴν
3334 2641 3608 2711 ἀποσοϐὴν
3640 2640 3750 2693 τῶν
3785 2642 4039 2710 πετροϐόο

2472 2731 2579 2786 λων
2608 2732 2906 2803 μα-γγάνων
2933 2733 3043 2786 τῶν
3068 2733 3301 2804 ἐχθρῶν.

2548 2827 2663 2899 μη’.
2701 2829 3060 2883 Ἀντίκεινται
3092 2828 3149 2882 δὲ
3183 2829 3305 2890 ταῖς
3325 2826 3602 2890 τοιαύταις
3634 2826 3819 2896 βολαῖς
3845 2825 4043 2880 κιλίκια

2475 2920 2798 2990 κρεμάμενα
2824 2919 3023 2985 ἔξωθεν
3055 2917 3149 2972 τοῦ
3176 2919 3393 2987 τείχους
3424 2918 3564 2972 κατά
3592 2918 3718 2982 τοὺς
3751 2915 4044 2990 προμαχῶ-

2475 3027 2593 3076 νας,
2634 3012 2668 3083 ἢ
2723 3010 2976 3079 σάρκινα,
3019 3011 3055 3082 ἢ
3122 3009 3331 3080 σχοινία
3387 3009 3670 3080 είλημένα,
3722 3012 3759 3082 ἢ
3806 3010 4043 3072 πόντιλα,

2475 3104 2593 3173 ἢτοι
2628 3101 2760 3165 ξύλα
2806 3101 3153 3171 κρεμάμενα,
3199 3102 3298 3157 καὶ
3341 3098 3561 3164 πλίνθος
3587 3099 3643 3154 δὲ
3675 3102 3734 3153 ἐν
3767 3101 3882 3164 τοῖς
3926 3117 4047 3170 προ-

786 3193 893 3248 bus
928 3202 1109 3247 autem
1137 3195 1353 3259 telaria,
1388 3203 1443 3250 et
1473 3197 1619 3251 sacci
1660 3198 1802 3267 pleni
1838 3198 2215 3268 paleayatque
2244 3212 2367 3253 are-

2477 3192 2725 3263 μαχῶσιν
2779 3191 3206 3263 οἰκοδομουμένη
3232 3231 3249 3259 ,
3305 3194 3401 3245 καὶ
3436 3192 3573 3263 πρὸς
3616 3192 3746 3254 τοὺς
3778 3192 3967 3261 κριοὺς
3994 3190 4046 3241 δὲ

788 3299 856 3338 na
888 3297 1260 3355 opponuntur.

859 3467 955 3523 49.
995 3469 1075 3523 Ad
1109 3470 1415 3525 testudines
1448 3471 1717 3543 harpages
1751 3475 2086 3543 praeparandi
2138 3483 2288 3543 sunt,
2317 3476 2369 3530 id

789 3551 873 3613 dst
929 3558 1073 3627 ligna
1127 3574 1324 3631 magna
1365 3561 1652 3631 cuspidata
1686 3563 1886 3632 picata,
1917 3572 1977 3618 ut
2013 3565 2097 3619 vel
2123 3575 2372 3620 avertant

790 3664 905 3712 eas,
941 3650 1023 3704 vel
1048 3651 1227 3704 levent
1263 3660 1315 3707 et
1341 3651 1552 3707 nudent
1585 3652 1877 3711 interiores
1919 3656 2208 3711 testudinis
2240 3672 2368 3725 par-

793 3750 895 3805 tes,
934 3749 987 3794 et
1020 3740 1072 3795 in
1108 3740 1232 3796 illos
1262 3757 1327 3796 ex
1351 3744 1631 3813 superiore
1662 3745 1781 3800 loco
1823 3745 2057 3803 nudatos
2089 3746 2367 3802 invadant.

862 3946 954 4001 50.
1006 3944 1101 3998 Pix
1140 3944 1306 4011 adsit,
1336 3960 1443 4015 qua
1490 3946 1705 4000 nudata:
1734 3928 2037 4004 testudines
2065 3949 2373 4005 incendun-

793 4045 903 4100 tur,
929 4046 982 4091 et
1030 4037 1173 4107 ignis
1210 4037 1527 4107 lapidesque
1567 4052 1763 4108 graves
1816 4040 2107 4095 acuminati
2150 4056 2373 4112 manga-

796 4127 884 4181 nis
931 4126 1258 4196 quibusdam
1310 4142 1342 4181 e
1396 4128 1679 4196 superiore
1734 4128 1856 4182 loco
1901 4129 1984 4183 vel
2015 4128 2259 4195 funibus,
2289 4125 2375 4185 vel

794 4218 1005 4273 catenis
1068 4217 1328 4283 demissi,
1373 4226 1428 4272 et
1475 4217 1599 4273 aliis
1661 4217 1987 4288 quibusdam
2040 4218 2375 4289 ponderibus

796 4306 971 4361 altero
1005 4305 1060 4359 in
1099 4306 1215 4362 'flne
1260 4307 1518 4378 mangani
1549 4306 1616 4362 ad
1648 4307 2017 4364 sublevandos
2045 4308 2244 4364 iterum
2288 4312 2374 4365 la-

797 4397 953 4467 pides
982 4397 1197 4467 positis.

2471 3282 2800 3336 ἀντίκεινται
2829 3282 3060 3353 τυλάρια
3106 3282 3204 3336 καὶ
3242 3283 3445 3335 σακκία
3486 3282 3724 3352 γέμοντα
3753 3282 3934 3351 ἄχυρα
3963 3281 4049 3332 καὶ

2470 3373 2718 3443 ψάμμον.

2548 3463 2656 3534 μθ’.
2693 3465 2838 3531 Πρὸς
2862 3464 2918 3516 δὲ
2947 3464 3046 3529 τάς
3064 3465 3305 3533 χελώνας
3336 3465 3606 3534 ἅρπαγες,
3638 3466 3758 3533 ἦτοι
3802 3464 3936 3527 ξύλα
3962 3480 4044 3533 με·

2472 3558 2612 3627 γάλα
2639 3556 2826 3627 ἔχοντα
2851 3558 2979 3627 ξίφη
2999 3557 3092 3610 καὶ
3108 3558 3508 3628 ἐμπισσόμενα,
3534 3557 3675 3610 ὥστε
3700 3559 3733 3628 ἢ
3760 3557 4049 3626 ἐκστρέψαι

2472 3646 2662 3717 αὐτὴν,
2718 3647 2751 3719 ἢ
2806 3646 3157 3717 ἀναλωφῆσαι
3211 3650 3304 3699 καὶ
3334 3649 3618 3716 γυμνῶσαι
3680 3648 3806 3710 τοὺς
3861 3646 4050 3698 ἔσωθεν

2472 3740 2570 3809 τῆς
2601 3739 2856 3808 χελῶνος,
2896 3740 2989 3792 καὶ
3037 3736 3209 3802 οὕτως
3254 3740 3395 3792 κατά
3424 3738 3600 3792 αὐτῶν
3627 3739 3903 3807 ἐγχειρεῖν
3930 3739 4050 3791 ἀνω-

2476 3829 2589 3882 θεν.

2547 3918 2608 3973 ν’.
2644 3920 2804 3973 Ἀλλά
2859 3919 2953 3971 καλ⁵
3012 3918 3201 3985 πίσσα,
3253 3920 3320 3972 δι’
3354 3915 3421 3992 ἦς
3478 3919 3811 3989 κενουμένης
3844 3921 4051 3989 ἐμπρηο

2477 4011 2789 4081 σθήσονται,
2837 4014 2932 4065 καὶ
2980 4011 3091 4082 πῦρ
3164 4014 3234 4065 ἀὶ
3272 4012 3410 4065 λίθοι
3452 4012 3638 4082 βαρεῖς
3691 4013 4049 4080 κατάκεντροι

2476 4104 2587 4157 ἀπὸ
2634 4104 2931 4173 μαγγάνων
2972 4104 3125 4171 ἄφνω
3172 4102 3477 4172 χαλώμενοι
3528 4101 3616 4155 διά
3658 4102 3909 4171 σχοινίων
3940 4102 4050 4169 ἢτοι

2478 4193 2746 4258 ἀλύσεων,
2778 4194 2873 4248 καὶ
2904 4193 3065 4248 πάλιν
3091 4192 3477 4263 ἀνασπώμενοι
3510 4191 3578 4246 δι’
3612 4192 3816 4261 ἐτέρων
3847 4188 4052 4245 ἀντιϐα-

2480 4286 2761 4355 ρημάτων.

866 4490 957 4545 5f.
990 4489 1070 4544 Ad
1107 4500 1285 4547 turres
1312 4492 1602 4559 abductas,
1629 4495 1810 4565 ignem
1836 4504 1889 4548 et
1921 4511 2051 4551 saxa
2100 4496 2367 4565 ejicientia

2552 4502 2654 4548 να’.
2686 4495 2827 4566 Πρὸς
2851 4494 2906 4548 δέ
2924 4496 3049 4559 τοὺς
3080 4496 3456 4567 ἐπαγομένους
3495 4497 3741 4564 πύργους
3784 4494 4054 4564 πυροϐόλα

799 4583 1165 4637 instrumenta
1201 4585 1415 4654 aptabis
1446 4604 1458 4639 :
1493 4586 1578 4641 sin
1644 4588 1747 4642 hoc
1784 4588 1945 4641 modo
1999 4603 2106 4642 non
2152 4588 2375 4657 proﬂei—

799 4683 911 4736 tnr,
940 4674 1080 4730 alias
1109 4682 1291 4732 turres
1327 4678 1417 4732 vel
1450 4693 1514 4733 ex
1542 4678 1725 4750 lignis.
1781 4680 1863 4735 vel
1895 4695 1961 4735 ex
1991 4680 2097 4737 alia
2126 4680 2383 4751 quapiam

797 4764 1029 4819 materia
1059 4766 1269 4837 erigere
1316 4782 1434 4834 eos,
1465 4771 1559 4838 qui
1595 4771 1744 4827 intus
1778 4771 2156 4836 includuntur,
2188 4772 2383 4828 adver-

799 4870 921 4910 sum
949 4870 1070 4921 eos,
1101 4857 1197 4926 qui
1246 4856 1389 4914 foris
1435 4859 1712 4927 obsident,
1767 4862 1848 4916 vel
1889 4862 2152 4918 adversus
2213 4877 2379 4932 quas-

797 4960 1016 5014 cunque
1057 4947 1274 5002 illorum
1307 4950 1766 5018 machinationes,
1806 4953 1943 5007 alias
1977 4968 2147 5009 novas
2188 4963 2381 5009 contra

799 5032 922 5089 illos
957 5035 1137 5089 moliri
1158 5048 1395 5107 oportet,
1422 5039 1885 5109 quemadmodum
1922 5041 2212 5112 diligenter
2256 5057 2380 5113 per-

799 5127 1059 5181 tractanti
1104 5129 1292 5183 animo
1323 5128 1481 5185 facile
1514 5130 1661 5185 factu
1697 5131 1883 5187 fuerit.

872 5216 965 5271 52.
997 5215 1207 5273 Turres
1236 5222 1691 5290 propugnatrices
1733 5222 1975 5278 virorum
2022 5225 2250 5281 minime
2293 5242 2384 5281 re-

800 5314 918 5359 ctas
946 5321 1069 5362 esse
1100 5317 1336 5378 oportet,
1376 5318 1435 5364 ut
1467 5312 1671 5369 milites
1717 5313 1888 5370 libere
1919 5330 1985 5371 ex
2021 5330 2089 5372 eo
2118 5318 2239 5373 loco
2281 5333 2382 5389 pu-

801 5411 973 5466 gnare
1006 5402 1239 5472 possint,
1267 5411 1324 5456 et
1348 5417 1615 5475 mangana
1647 5405 1829 5461 facilia
1866 5420 2140 5478 ponantur
2164 5419 2218 5467 et
2250 5426 2382 5467 con-

801 5487 1079 5555 ﬂciantur,

874 5579 964 5634 53.
1001 5580 1242 5638 Portulte
1301 5594 1482 5642 autem
1538 5589 1851 5659 hujusmodi
1903 5593 1957 5647 in
2017 5596 2264 5651 turribus
2316 5597 2380 5651 ad

803 5670 945 5727 latus
979 5685 1245 5746 angustae,
1275 5678 1520 5733 dextram
1553 5682 1605 5734 in
1656 5692 1866 5751 partem
1917 5686 2251 5755 aperiantur,
2274 5705 2379 5758 qua

802 5761 1041 5820 hostium
1091 5783 1359 5840 mangana
1409 5772 1754 5841 emittuntur,
1796 5783 1854 5830 ut
1889 5777 2095 5846 pedites
2125 5795 2155 5835 e
2190 5789 2379 5851 portu-

2487 4586 2604 4657 είδη
2631 4587 2723 4639 καὶ
2747 4586 3089 4656 πετροϐόλοι,
3111 4587 3145 4654 ἢ
3168 4588 3216 4639 εί
3249 4587 3325 4655 μὴ
3352 4585 3509 4638 τοῦτο
3536 4587 3787 4655 άντισχῇ.
3810 4584 4058 4650 ἀντιπύρ-

2485 4696 2616 4745 γους
2644 4677 2845 4748 ὁμοίως
2867 4677 3203 4748 οἰκοδομεῖνῇ
3245 4678 3276 4747 ἢ
3330 4677 3419 4730 διὰ
3463 4676 3655 4742 ξύλων,
3701 4677 3735 4745 ἢ
3774 4676 3845 4730 δι’
3877 4678 4058 4747 ἐτέρας

2488 4771 2619 4840 ὕλης
2671 4771 2797 4832 τοὺς
2844 4770 3047 4822 ἔσωθεν
3104 4768 3197 4821 τοῦ
3250 4768 3501 4837 τείχουςο
3543 4769 3608 4823 ἀν
3660 4784 3743 4830 τις
3775 4767 4056 4835 ἐκείνωνῆ

2484 4862 2669 4925 ἁπλῶς
2696 4862 2773 4925 ὡς
2803 4861 2869 4915 ἂν
2897 4861 3121 4915 δυνατὸν
3147 4860 3283 4930 πρὸς
3306 4859 3405 4929 τὴν
3435 4858 3684 4931 μηχανὴν
3716 4859 3828 4911 τῶν
3873 4858 4058 4925 ἔξωθεν

2486 4953 2963 5024 άντιμηχανᾶσθαι
3009 4955 3136 5015 τοὺς
3192 4952 3415 5015 ἔσωθεν,
3472 4949 3656 5014 καθὼς
3684 4951 3741 5002 ἐν
3774 4950 3849 5020 τῷ
3880 4952 4057 5003 πλάτει

2488 5043 2627 5113 μετά
2653 5044 2847 5113 σχολῆς
2870 5043 3108 5115 ἐρευνῶν
3138 5044 3391 5113 εὑρήσεις
3426 5042 3562 5113 πρὸς
3614 5041 3860 5111 ἑκάστην
3895 5058 4057 5111 μηχα-

2486 5132 2582 5203 νὴν
2608 5133 3071 5205 ἀντεξευρημένα.

2556 5228 2654 5299 νβ’.
2689 5231 3013 5295 Ἀναγκαῖον
3044 5227 3101 5281 δέ
3121 5227 3237 5280 ἐστι
3262 5227 3389 5289 τοὺς
3418 5226 3662 5296 πύργους
3704 5225 3832 5287 τοὺς
3864 5223 4054 5294 ἐπιμά-

2487 5340 2613 5394 χους
2641 5319 2736 5374 τοῦ
2759 5320 2973 5390 τείχους
3008 5320 3269 5382 άσκεπεῖς
3303 5313 3466 5382 εἶναι,
3500 5317 3640 5370 ὥστε
3669 5317 3795 5378 τοὺς
3825 5314 4031 5385 μαχομέ

2486 5430 2609 5476 νους
2643 5412 2937 5474 ἀκωλύτως
2959 5411 3167 5464 ἐκεῖθεν
3202 5410 3491 5480 μάχεσθαι,
3547 5410 3643 5462 καὶ
3691 5408 3763 5460 τὰ
3815 5408 4056 5475 μάγγανα

2484 5505 2731 5567 εὐκόπως
2758 5502 3002 5559 τίθεσθαι
3030 5504 3124 5557 καὶ
3157 5501 3570 5572 ἐξεργάζεσθαι.

2556 5596 2657 5666 νγ’.
2683 5598 2792 5650 Καὶ
2826 5597 3180 5678 παραπόρτια
3209 5596 3263 5649 δὲ
3289 5597 3347 5647 ἐν
3373 5598 3487 5658 τοῖς
3523 5594 3790 5655 τοιούτοις
3836 5594 4054 5663 πύργοις

2486 5693 2549 5744 ἐκ
2588 5690 2820 5757 πλαγίου
2849 5690 3012 5743 στενά
3037 5688 3351 5756 ἀνοίγεσθαι
3377 5687 3518 5742 κατά
3548 5686 3641 5740 τοῦ
3661 5684 3842 5751 δεξιοῦ
3876 5686 4053 5754 μέρους

2484 5781 2592 5835 τῶν
2624 5783 3055 5852 προσαγομένων
3105 5779 3400 5851 μαγγάνων
3457 5782 3521 5833 ἐκ
3549 5779 3658 5832 τῶν
3685 5776 3923 5847 ἐχθρῶν.
3953 5775 4050 5827 Ἰνα
