4200 6440
184 409 293 472 901
1259 423 1591 482 TACTICA.
1636 449 1703 458 -
1737 422 2243 484 CONSTITUTIO
2277 426 2395 485 XV.

3355 437 3462 498 902

187 526 359 587 πεζοὶ
380 527 719 596 ἐξερχόμενοι
743 530 804 580 ὲκ
829 530 934 581 τῶν
958 534 1316 602 παραπυλῶν,
1344 537 1436 587 καὶ
1465 537 1605 589 κατὰ
1629 537 1780 606 χεῖρα

1897 535 1962 591 lis
1991 547 2278 602 exeuntes,
2314 545 2366 590 et
2400 536 2573 592 scutis
2609 548 2729 605 apte
2768 553 2825 593 se
2849 548 3113 610 tegentes,
3169 545 3464 613 superiori-

181 615 471 682 ἁρμοδίως
500 619 609 678 τοῖς
645 621 988 690 σκουταρίοις
1014 625 1365 692 σκεπόμενοι.
1404 627 1501 678 καὶ
1529 628 1634 681 ὑπὸ
1665 629 1773 681 τῶν

1884 628 1981 683 bus
2033 629 2206 698 adjuti
2271 643 2540 697 mangana
2607 629 2875 698 depellere
2925 632 3158 702 possint.
3216 634 3465 690 Habeant

183 705 408 756 ἄνωθεν
438 705 790 776 βοηθούμενοι
819 711 880 762 δύ
897 729 1074 765 ιανται
1096 715 1384 768 ἀποσοϐεῖν
1405 717 1470 769 τά
1496 719 1769 788 μάγγανα.

189 795 389 864 Ἐχειν
414 798 468 848 δὲ
501 798 673 854 ταῦτα
702 800 895 864 πύλας,
922 803 990 855 δι’
1021 797 1096 857 ὧν
1128 805 1245 859 δέον
1293 807 1684 874 ἀσφαλίζεσθαι
1717 812 1774 862 ὲν

185 889 398 958 καιρῷ,
430 890 521 941 καὶ
557 891 630 959 μὴ
665 893 848 960 μένειν
883 895 1226 965 ἡνεῳγμένα.

266 978 362 1030 νδ.
409 980 756 1051 ’Λποκρεμᾷν
784 983 841 1036 δὲ
877 986 1018 1038 κατά
1067 985 1177 1037 τῶν
1218 988 1595 1059 προμαχῶνων
1644 990 1776 1056 ξύλα

186 1067 373 1140 βαρέα
401 1072 562 1135 πάνυ,
598 1074 822 1143 κορμία,
873 1077 966 1129 καὶ
1029 1075 1229 1146 μύλους
1257 1079 1489 1143 λιθίνους
1514 1081 1601 1134 διὰ
1629 1099 1776 1152 σχοιο

187 1162 330 1213 νίων
360 1178 373 1192 °
409 1163 500 1216 ἵνα
528 1163 621 1216 ὲάν
669 1167 991 1236 προσάψωσι
1043 1169 1248 1233 σκάλας
1290 1171 1368 1233 είς
1405 1171 1473 1224 τὰ
1493 1172 1646 1242 τείχη
1687 1192 1776 1227 κο-

187 1253 488 1321 πτομένων
509 1255 616 1307 τῶν
648 1258 897 1324 σχοινίων
932 1259 1264 1313 ἐπιπέσωσιν
1286 1262 1468 1316 ἐπάνω
1504 1263 1613 1315 τῶν
1644 1266 1775 1318 ἀνα-

187 1344 516 1406 δακνόντων,
560 1350 653 1399 καὶ
711 1348 1095 1419 διαφθείρωσιν
1148 1352 1367 1415 αὐτούς.
1420 1353 1591 1407 Τοῦτο
1633 1355 1689 1408 δὲ
1720 1360 1776 1409 ὲν

188 1439 387 1508 κύκλῳ
415 1439 506 1492 τοῦ
532 1441 743 1510 τείχους
791 1444 1041 1508 γενέσθαι
1085 1446 1399 1515 κελεύομεν,
1446 1449 1540 1501 καὶ
1576 1450 1776 1520 μηδένα

187 1529 408 1582 λείπειν
447 1534 841 1602 προμαχώνων,
910 1538 958 1589 εἰ
1010 1538 1256 1602 δυνατὸν,
1315 1541 1463 1604 ὅστις
1487 1545 1585 1595 οὐκ
1616 1543 1711 1616 ἔχῃ
1743 1545 1774 1613 ἢ

186 1619 344 1672 λίθον
384 1621 706 1692 βαρύτατον,
735 1626 852 1694 ἦτοι
890 1627 1076 1696 μύλον,
1131 1629 1163 1698 ἢ
1214 1630 1372 1695 ξύλον
1422 1634 1629 1703 μακρὸν
1684 1637 1776 1688 καὶ

193 1711 343 1779 βαρὺ
402 1715 566 1778 πάνυ,
603 1715 903 1786 δυνάμενον
939 1721 1226 1792 συντρίψαι
1274 1725 1366 1777 καὶ
1402 1725 1626 1791 σκάλαν,
1685 1729 1778 1780 καὶ

187 1805 324 1866 τοὺς
354 1806 440 1857 ἐπ’
471 1807 640 1875 αὐτῆς
661 1809 1064 1872 ἀναϐαίνοντας.

1877 729 2068 788 portas
2100 721 2266 774 etiam
2308 735 2446 788 quas
2471 727 2717 790 tempore
2739 721 3024 789 claudam,
3057 740 3236 796 neque
3260 737 3462 796 aperta

1878 820 2152 866 maneant.

1962 1008 2049 1062 54.
2080 1006 2159 1060 Ad
2183 1007 2390 1077 primas
2433 1023 2709 1064 murorum
2736 1021 3083 1082 apponantur
3110 1014 3251 1085 ligna
3274 1017 3458 1088 gravia

1879 1099 2193 1162 admodum,
2227 1099 2426 1163 trunci,
2464 1099 2673 1169 lapides
2702 1105 2960 1170 molares,
2993 1115 3052 1160 ut
3085 1106 3329 1173 funibus,
3358 1101 3455 1163 aut

1877 1188 2086 1242 catenis
2118 1188 2231 1242 haec
2263 1203 2499 1257 appensa
2537 1192 2590 1243 in
2618 1190 2807 1246 hostes
2840 1194 3245 1270 conjiciantur,
3281 1205 3335 1251 et
3362 1211 3460 1266 op-

1880 1280 2116 1346 primant
2149 1279 2293 1333 illos.
2327 1279 2442 1333 Hoc
2469 1291 2649 1335 autem
2678 1283 3042 1340 circumcirca
3092 1302 3312 1341 murum
3343 1286 3460 1354 ﬁat,

1881 1385 2055 1440 neque
2099 1370 2266 1439 pinna
2314 1371 2421 1425 ulla
2451 1380 2830 1441 praatereatur,
2859 1377 2904 1429 si
2953 1359 3068 1432 ‘ﬁéri
3104 1379 3301 1446 possit,
3340 1393 3461 1448 qua

1881 1477 1989 1514 non
2037 1461 2269 1530 lapidem
2302 1462 2537 1531 aliquem
2572 1479 2889 1534 pergravem
2923 1467 3180 1522 molarem
3238 1469 3457 1534 habeat,

1882 1554 1960 1607 vel
1987 1554 2189 1622 ngnum
2219 1555 2434 1623 longum
2467 1561 2520 1608 et
2544 1559 2889 1624 grave,quod
2923 1560 3259 1630 perfringere
3286 1560 3462 1615 valide

1881 1643 2078 1712 pulerit
2143 1652 2253 1697 tum
2304 1644 2501 1708 scalas,
2556 1656 2667 1699 tum
2727 1645 2850 1702 illos
2905 1649 2998 1717 qui
3047 1664 3140 1706 eas
3194 1665 3462 1706 conscen-

1881 1731 2037 1786 dunt.

266 1902 361 1993 ἵεν.
399 1897 517 1966 Χρὴ
540 1898 595 1951 δὲ
630 1901 722 1951 καὶ
746 1902 1114 1971 καταμερίσαι
1143 1905 1241 1975 τὴν
1273 1907 1523 1977 βοήθειαν
1553 1910 1619 1963 δι’
1653 1911 1774 1963 ὅλου

1950 1917 2037 1971 53.
2083 1917 2205 1972 Haec
2237 1927 2290 1973 et
2335 1919 2652 1988 hujusmodi
2683 1922 2803 1976 alia:
2856 1937 3049 1991 graves
3083 1936 3172 1977 res
3205 1939 3301 1993 per
3336 1923 3461 1979 uni-

190 1982 297 2036 τοῦ
333 1985 565 2055 τείχους,
625 1990 720 2042 καὶ
751 1990 893 2058 ἔχειν
941 1993 1110 2064 ἀλλην
1129 1995 1359 2068 δύναμιν
1391 2000 1454 2052 ὲκ
1492 2004 1773 2071 περισσοῦ,

190 2077 309 2139 ἵνα,
337 2076 415 2148 τῷ
462 2078 700 2150 δεομένῳ
738 2081 914 2153 μέρει,
944 2085 1040 2138 ἐὰν
1069 2087 1230 2157 χρεία
1273 2089 1516 2160 γένηται,
1571 2093 1777 2165 βοηθῇ,

193 2172 298 2223 καὶ
330 2173 405 2242 μὴ
460 2175 874 2243 ἀναγκάζωνται
930 2181 987 2232 ὲν
1018 2181 1195 2251 καιρῷ
1248 2184 1492 2254 ἀνάγκης
1517 2189 1580 2239 ἐκ
1609 2189 1777 2240 τόπου

191 2266 280 2325 εἰς
311 2265 476 2319 τόπον
512 2267 814 2338 διατρέχειν
861 2272 909 2323 οί
955 2275 1090 2342 πρὸς
1121 2276 1521 2345 παραφυλακὴν
1551 2276 1645 2329 τοῦ
1672 2277 1781 2329 τεί-

193 2373 330 2423 χους
356 2359 705 2428 τεταγμένοι,
763 2362 858 2414 καὶ
913 2363 977 2415 ἑκ
1010 2364 1199 2418 τούτου
1259 2367 1598 2436 τυμνοῦσθαί
1628 2386 1779 2432 τινας

192 2449 370 2501 αὑτοῦ
399 2449 621 2514 τόπους,
659 2454 797 2523 ὅπερ
829 2455 976 2507 ἐστὶν
1008 2457 1367 2511 ἐπικίνδυνον.

271 2546 381 2604 νς’.
424 2541 548 2594 Ἐἀν
570 2542 626 2596 δὲ
652 2547 744 2596 καὶ
782 2545 1100 2614 διχοστασία
1121 2549 1237 2599 ἐστὶ
1266 2549 1414 2617 παρά
1445 2567 1606 2601 τινων
1637 2554 1694 2603 ὲν
1712 2553 1778 2620 τῇ

195 2631 384 2692 πόλει,
422 2631 456 2702 ἢ
494 2632 573 2701 τῷ
622 2634 874 2703 κάστρῳ’
908 2635 1077 2705 δέονῆ
1129 2638 1416 2701 κάκείνους
1468 2643 1779 2710 είρηνεῦσαι

197 2723 297 2774 καὶ
335 2722 598 2790 συμμίξαι
632 2724 689 2776 ἐν
719 2727 836 2787 ταῖς
878 2725 972 2778 τοῦ
1018 2728 1226 2797 τείχους
1276 2730 1632 2800 πεδατούραις
1656 2734 1781 2796 τοὺς

200 2813 546 2881 στρατιώτας
581 2816 668 2882 (ὲκ
697 2817 888 2869 τούτου
922 2819 1029 2887 γὰρ
1070 2820 1189 2872 οὐδὲ
1237 2821 1552 2890 εὐκαιροῦσι
1594 2825 1781 2877 στάσιν

201 2904 502 2972 μελετῆσαι
547 2906 580 2975 ἢ
621 2907 759 2959 κατὰ
818 2907 910 2960 τοῦ
945 2909 1122 2962 κοινοῦ
1156 2910 1186 2978 ἢ
1241 2909 1360 2963 καθ’
1392 2912 1624 2976 ἑαυτῶν,
1649 2914 1784 2968 ἀλλά

197 2995 298 3046 καὶ
321 2995 607 3059 δοκοῦντες
636 2997 883 3068 φυλακὴν
905 3000 1004 3067 τῆς
1036 2999 1242 3062 πόλεως
1271 3003 1626 3073 πιστευθῆναι
1661 3006 1784 3073 ἐρυ-

197 3083 433 3155 θριῶσιν
455 3089 826 3158 νεωτερίσαι)·
856 3090 1002 3158 ἢὲάν
1034 3091 1109 3161 μὴ
1138 3091 1320 3156 τοῦτο,
1347 3094 1563 3158 πάντως
1585 3097 1783 3160 αὐτοὺς

200 3179 605 3247 προεξαγαγιῖν
625 3180 879 3250 ἀλλαχοῦ,
912 3181 1005 3234 καὶ
1048 3182 1213 3250 μηδὲν
1250 3183 1309 3248 EE
1354 3185 1534 3238 αὐτῶν
1577 3187 1782 3256 ὑφορᾶ-

199 3268 333 3319 σθαι
363 3269 556 3322 παθεῖν
586 3271 827 3334 στάσεως
859 3273 916 3324 ὲν
940 3276 1004 3342 τῇ
1049 3274 1359 3345 πολιορκίᾳ,
1392 3276 1534 3329 ἀλλὰ
1561 3278 1654 3330 καὶ
1678 3277 1779 3342 τάς

197 3358 496 3425 προδοσίας
537 3359 844 3430 ὑφορᾶσθαι
895 3363 988 3414 καὶ
1018 3363 1449 3432 ἀσφαλίζεσθαι’
1509 3365 1650 3419 ὥστε
1703 3368 1779 3438 μὴ

196 3447 464 3500 δύνασθαί
495 3465 614 3500 τινα
646 3453 758 3513 τοῖς
789 3451 1066 3521 πολεμίοις
1096 3494 1111 3518 ,
1160 3455 1192 3522 ἢ
1240 3456 1494 3525 γράφειν,
1527 3457 1559 3524 ἢ
1585 3473 1779 3509 συντυ-

198 3542 320 3607 χείν
353 3540 508 3602 ἐκτὸς
536 3540 732 3611 βουλῆς
755 3541 848 3595 τοῦ
875 3545 1306 3613 πεπιστευμένου
1341 3547 1438 3618 τὴν
1475 3547 1684 3618 πόλινῆ
1722 3547 1782 3599 τὸ

199 3629 462 3699 κάστρον.

276 3809 373 3870 νζ’.
408 3809 514 3862 Καὶ
537 3808 636 3872 τὰς
666 3809 840 3872 πύλας
862 3811 918 3862 δὲ
947 3811 1043 3880 τῆς
1074 3811 1278 3874 πόλεως
1308 3813 1516 3873 πιστοῖς
1556 3811 1781 3880 ἀνδράσι

203 3898 601 3970 παραδοθῆναι,
639 3901 733 3953 καὶ
784 3900 905 3969 μηδ’
954 3901 1088 3962 ὅλως
1145 3899 1416 3971 θαρρῆσαί
1474 3916 1629 3962 τινας
1677 3899 1783 3952 τῶν

205 3991 560 4061 στρατιωτῶν
601 3993 634 4061 ἢ
687 3991 921 4044 πολιτῶν
954 3993 1010 4046 ὲν
1051 3993 1164 4053 τοῖς
1218 3991 1520 4059 προοιμίοις
1553 3991 1785 4059 μάλιστα

206 4080 310 4149 τῆς
335 4079 650 4151 πολιορκίας
673 4080 988 4152 ὲξέρχεσθαι
1016 4079 1112 4132 τοῦ
1138 4080 1350 4149 τείχους
1375 4079 1470 4131 καὶ
1493 4079 1782 4148 μάχεσθαι,

208 4169 315 4223 κᾶν
345 4172 523 4241 συμϐῇ
559 4173 783 4235 πολλοὺς
820 4174 912 4224 καὶ
936 4171 1215 4239 γενναίους
1250 4173 1327 4232 εἰς
1356 4169 1606 4239 ἀνδρείαν
1646 4165 1785 4222 εἶναι

208 4263 338 4324 τοὺς
377 4262 882 4330 ἐγκεκλεισμένους,
914 4263 1009 4314 ὲάν
1042 4262 1223 4330 μήπου
1263 4260 1450 4330 καιρὸς
1492 4259 1711 4327 γένηται
1751 4260 1782 4330 ἢ

212 4352 494 4420 μάγγανον
515 4352 764 4422 ἐνοχλοῦν
808 4352 1161 4415 ἐπικινδύνως
1195 4351 1272 4421 τῷ
1308 4350 1477 4420 τείχει
1517 4349 1787 4418 ἀποσοϐηο

209 4442 370 4511 θῆναι
426 4445 488 4495 ὲκ
522 4443 722 4513 χειρὸς,
771 4445 803 4512 ἦ
855 4461 936 4504 τις
980 4443 1141 4513 ἑτέρα
1189 4443 1348 4512 χρεία
1376 4441 1650 4508 ἀναγκαία
1695 4441 1787 4492 καὶ

1879 2024 2096 2063 versum
2200 2025 2416 2063 murum
2470 2010 2805 2074 dividantur,
2861 2013 3104 2082 aliasque
3162 2014 3351 2081 copias
3403 2015 3458 2069 in

1879 2107 2130 2169 promptu
2155 2100 2413 2162 habeant,
2453 2110 2512 2154 ut
2543 2101 2754 2156 afflicta:
2786 2103 2923 2172 parti
2960 2103 3135 2157 sicubi
3165 2118 3304 2174 opus
3336 2103 3458 2161 fue-

1893 2192 2330 2255 ritsuccurrant.
2372 2201 2426 2247 et
2468 2208 2535 2248 ne
2585 2208 2614 2248 a
2665 2192 2788 2248 loco
2822 2195 2886 2248 ad
2939 2195 3115 2249 locum
3175 2210 3459 2251 murorum

1885 2280 2148 2334 custodes
2222 2291 2542 2344 excurrant,
2599 2282 2827 2350 locaque
2877 2282 3124 2351 quaedam
3187 2284 3466 2341 nudentur

1883 2369 2176 2436 praesidiis,
2217 2369 2363 2439 quod
2403 2370 2557 2423 valde
2593 2370 2965 2438 periculosum
2997 2379 3104 2425 est.

1949 2568 2037 2622 56.
2058 2567 2114 2622 Si
2142 2569 2411 2624 dissensio
2435 2569 2740 2638 aliquorum
2767 2572 2818 2624 in
2847 2571 3086 2637 civitate,
3116 2579 3208 2625 aut
3231 2571 3462 2628 castello

1882 2659 2066 2728 aliquo
2100 2658 2282 2721 fuerit,
2320 2659 2444 2714 illos
2507 2661 2814 2728 pacilicare,
2850 2670 2902 2715 et
2934 2661 2988 2714 in
3051 2661 3191 2716 muri
3239 2662 3467 2732 pedatu-

1885 2749 1960 2800 ris
1988 2763 2111 2801 cum
2143 2748 2355 2802 ceteris
2390 2749 2726 2818 conjungere
2757 2757 2974 2820 Oportet
3002 2768 3016 2804 :
3053 2751 3127 2804 ita
3159 2751 3248 2804 fiet
3277 2760 3336 2804 ut
3365 2767 3464 2807 ne-

1885 2851 1990 2906 que
2023 2835 2348 2890 seditionem
2405 2836 2606 2900 moliri,
2649 2837 2735 2890 vel
2789 2844 2984 2890 contra
3044 2837 3464 2906 rempublicam,

1886 2926 1967 2979 vel
1991 2936 2181 2979 contra
2203 2927 2414 2994 seipsos
2444 2926 2676 2994 possint.
2707 2924 2844 2980 Cum
2868 2926 3012 2980 enim
3046 2924 3298 2980 custodia
3329 2926 3462 2982 civi-

1887 3017 2016 3089 tatis
2049 3017 2157 3070 illis
2200 3015 2578 3071 commendata
2637 3016 2727 3082 sit,
2795 3017 2963 3071 rebus
3025 3018 3183 3072 novis
3246 3016 3468 3072 studere

1886 3109 2240 3161 erubescunt.
2298 3105 2392 3160 Sin
2429 3107 2531 3161 hoc
2563 3105 2678 3161 ﬁeri
2713 3113 2968 3175 nequeat,
3004 3107 3111 3161 alio
3161 3106 3467 3160 educantur

1893 3197 2017 3266 ipsi,
2056 3206 2110 3251 et
2141 3197 2513 3266 provideatur,
2539 3206 2599 3250 ut
2630 3212 2696 3251 ne
2718 3198 2848 3269 quid
2881 3197 3168 3252 seditionis
3193 3198 3295 3253 hoc
3319 3197 3465 3253 obsi-

1886 3289 2066 3344 dionis
2101 3299 2341 3358 tempore
2366 3304 2462 3357 per
2496 3289 2616 3344 illos
2648 3290 2974 3352 concitetur,
3004 3295 3098 3342 aut
3138 3288 3466 3358 proditionis

1884 3375 2086 3444 aliquid
2121 3376 2480 3443 suscipiatur,
2521 3383 2614 3426 aut
2662 3374 2913 3429 hostibus
2953 3375 3158 3442 aliquid
3219 3375 3465 3443 perscri-

1884 3465 2066 3529 batur,
2099 3475 2190 3520 aut
2230 3481 2352 3518 cum
2404 3465 2513 3518 illis
2549 3465 3008 3528 communicatur,
3046 3465 3151 3519 nisi
3187 3465 3301 3520 haec
3332 3480 3464 3520 con-

1885 3554 2031 3617 silio,
2066 3559 2120 3606 et
2171 3555 2466 3606 autoritate
2501 3560 2727 3606 senatus
2783 3556 2935 3616 fiant,
2983 3556 3068 3608 cui
3116 3555 3364 3610 custodia
3412 3562 3467 3610 et

1885 3657 2100 3699 summa
2137 3658 2316 3698 rerum
2341 3642 2445 3697 hoc
2471 3647 2586 3694 toto
2608 3640 2912 3697 obsidionis
2941 3650 3185 3712 tempore
3229 3657 3464 3699 concre-

1882 3735 1993 3788 dita
2018 3743 2122 3787 est.

1955 3821 2042 3874 57.
2083 3819 2318 3874 Portula:
2348 3818 2632 3872 civitatum
2673 3816 2924 3871 ﬁdelibus
2955 3816 3088 3871 viris
3119 3812 3468 3871 committanu

1888 3924 1978 3967 tur
2017 3928 2194 3982 neque
2223 3912 2398 3965 initiis
2431 3910 2741 3965 obsidionis
2771 3909 3008 3963 audeant
3051 3910 3146 3962 ulli
3181 3909 3264 3962 vel
3317 3909 3466 3962 mili-

1887 4013 1990 4064 tes,
2016 4003 2099 4056 vel
2119 4003 2266 4055 cives
2289 4001 2518 4055 fidenter
2535 4009 2688 4054 extra
2712 4006 2896 4068 portas
2915 3997 3100 4066 egredi
3124 4004 3178 4048 et
3199 4008 3464 4064 pugnare,

1889 4090 2142 4159 quamvis
2200 4088 2352 4140 multi
2406 4102 2469 4140 ac
2502 4088 2713 4141 strenui
2756 4082 3155 4139 intusobsessi
3185 4093 3349 4150 atque
3380 4080 3468 4137 in-

1889 4179 2025 4233 clusi
2053 4177 2275 4241 fuerint,
2299 4177 2404 4230 nisi
2458 4175 2507 4230 si
2555 4175 2736 4244 aliqua
2765 4173 2986 4228 occasio
3017 4171 3182 4226 fuerit
3211 4167 3466 4239 mangaui

1889 4267 2187 4337 periculose
2225 4281 2254 4318 e
2305 4279 2463 4318 muro
2497 4263 2879 4318 conturbantis
2929 4260 3206 4323 servandi,
3233 4268 3327 4312 aut
3363 4257 3470 4310 alia

1887 4359 2092 4427 quaavis
2136 4356 2430 4411 necessitas
2480 4369 2601 4424 quae
2632 4354 2699 4407 ad
2746 4353 3056 4407 exeundum
3092 4359 3331 4416 urgeat;
3372 4347 3471 4402 sed

1890 4462 2080 4502 omnes
2107 4463 2170 4502 ex
2201 4446 2580 4516 superioribus
2625 4445 2762 4500 locis
2793 4442 3110 4506 defendant,
3147 4448 3201 4495 et
3241 4453 3352 4494 non
3381 4437 3469 4492 fo-

210 4533 621 4601 κατεπείγουσα
641 4533 821 4599 τοῦτο,
842 4534 978 4587 ἀλλά
1003 4534 1207 4595 πάντας
1227 4533 1433 4584 ἀνωθεν
1457 4530 1780 4600 ἀμύνασθαι,

1897 4541 1972 4596 ris
2001 4540 2376 4609 percutiantnr
2412 4546 2508 4593 aut
2547 4538 2940 4608 periclitentur.

209 4625 307 4676 καὶ
344 4625 418 4694 μὴ
443 4625 639 4689 ἔξωθεν
669 4625 1028 4694 πληγοῦσθαι,
1060 4625 1091 4693 ἢ
1125 4623 1474 4676 κινδυνεύειν.

283 4723 384 4788 νη’.
412 4719 474 4772 Εἰ
500 4718 608 4788 γάρ
633 4735 685 4771 τι
707 4717 918 4769 τοιοῦτο
946 4717 1168 4786 γένηται
1191 4754 1206 4778 ,
1257 4714 1366 4765 τῶν
1405 4713 1786 4784 δυνατωτέρων

209 4811 474 4881 ἀνδρῶνῆ
515 4810 966 4880 ἀποθνησκόντων
1015 4809 1049 4878 ἢ
1085 4808 1497 4878 πληγουμένων,
1539 4807 1568 4858 ὸ
1605 4805 1788 4867 λοιπὸς

207 4903 368 4972 ὄχλος
423 4905 480 4954 ὲν
535 4903 797 4972 ὀλιγωρίᾳ
863 4902 1073 4970 γίνεται
1137 4900 1232 4954 καὶ
1287 4899 1613 4970 εὐχείρωτος
1676 4899 1786 4959 τοῖς

209 4994 445 5064 ἐχθροῖς.

287 5083 384 5138 νϐ’.
416 5082 652 5152 Φανερὸν
679 5082 786 5151 γάρ
813 5082 960 5134 ἐστιν
989 5082 1071 5134 ὅτι
1103 5083 1206 5145 ἕως
1251 5081 1318 5134 ἂν
1368 5081 1417 5132 οἱ
1458 5079 1649 5150 ἄνδρες
1679 5075 1785 5130 σώ-

211 5178 400 5240 ζονται
429 5174 520 5228 καὶ
550 5175 610 5227 τὸ
633 5176 810 5243 τεῖχος
838 5175 1180 5238 συνίσταται,
1207 5172 1428 5225 ἐκείνων
1459 5171 1514 5223 δὲ
1547 5169 1789 5239 προδιδο-

219 5269 421 5338 μένων,
454 5268 513 5321 τὺ
538 5267 857 5336 λειπόμενον
890 5264 1205 5319 κινδυνεύει.

290 5359 351 5426 ξ’.
399 5359 524 5411 Ἐὰν
559 5359 616 5411 δὲ
646 5357 1008 5428 προτείχισμα
1044 5356 1158 5426 ἔχει
1185 5357 1370 5425 ἕτερον
1397 5355 1431 5424 ἢ
1459 5355 1492 5424 ὴ
1533 5353 1717 5417 πόλις,
1757 5351 1790 5421 ἢ

216 5452 278 5505 τδ
306 5451 592 5522 ὀχύρωμα,
654 5450 756 5502 οὐκ
803 5451 1001 5504 ἄτοπον
1037 5447 1224 5518 βίγλας
1251 5447 1311 5498 ὲν
1339 5443 1490 5513 αὺτῷ
1542 5441 1790 5510 γίνεσθαι

223 5542 450 5611 ἰσχυρὰς
483 5540 578 5594 καὶ
614 5539 884 5609 ἀκριϐεῖς,
923 5540 1016 5591 καὶ
1048 5536 1283 5607 μάλιστα
1332 5536 1410 5594 είς
1443 5535 1541 5596 τάς
1571 5531 1789 5596 νύκτας,

219 5634 351 5688 ὅταν
373 5633 466 5686 καὶ
489 5631 858 5702 προσφεύγειν
879 5630 1024 5692 τινὲς
1049 5630 1128 5692 είς
1152 5631 1276 5692 τοὺς
1301 5628 1531 5699 ἐχθροὺς
1559 5625 1793 5696 μελετῶ-

222 5743 328 5789 σιν,
361 5724 455 5777 καὶ
486 5723 768 5776 ἐπιϐουλαὶ
795 5721 1068 5793 λαθραίως
1128 5720 1267 5774 κατά
1309 5721 1404 5774 τοῦ
1436 5719 1646 5790 τείχους
1700 5716 1794 5769 δύ-

219 5831 406 5869 νανται
438 5813 702 5882 γίνεσθαι.

1962 4715 2048 4770 58.
2087 4713 2141 4767 Si
2166 4715 2311 4768 enim
2369 4713 2474 4768 tale
2508 4711 2714 4781 aliquid
2756 4710 2878 4773 ﬁat,
2936 4706 3197 4762 inferiore
3234 4720 3299 4760 ex
3349 4704 3470 4759 loco

1889 4809 2020 4861 viris
2043 4810 2128 4861 vel
2170 4805 2492 4867 interfectis,
2529 4805 2612 4858 vel
2651 4801 2954 4856 vulneratis
2981 4839 2996 4863 ,
3052 4799 3258 4868 reliqua
3308 4797 3469 4851 turba

1889 4902 2073 4950 animo
2122 4896 2403 4950 debilitata
2439 4893 2599 4948 facile
2643 4890 2894 4962 superari
2948 4890 3018 4944 ab
3073 4888 3310 4942 inimicis
3368 4898 3470 4956 po-

1891 4995 2019 5039 test.

1960 5077 2048 5131 59.
2077 5074 2428 5129 manifestum
2464 5080 2548 5127 est
2577 5071 2722 5125 enim
2753 5067 2897 5138 quod
2942 5065 3188 5135 quandiu
3218 5061 3320 5116 viri
3350 5075 3470 5116 ser-

1891 5179 2107 5228 vantur,
2136 5179 2328 5219 murus
2363 5165 2574 5232 integer
2603 5159 2862 5216 consistit
2889 5175 2902 5212 :
2941 5158 3048 5212 illis
3072 5157 3185 5226 jam
3215 5151 3467 5224 proditis,

1894 5259 2099 5327 reliqua
2122 5257 2278 5310 turba
2309 5255 2362 5310 in
2406 5253 2651 5323 periculo
2672 5261 2773 5307 est.

1980 5348 2067 5400 60.
2099 5345 2157 5400 Si
2185 5346 2333 5399 enim
2390 5342 2859 5414 propugnaculum
2910 5336 3060 5392 aliud
3122 5335 3341 5401 habeat,
3384 5332 3472 5388 vel

1897 5439 2152 5502 munitio,
2185 5435 2332 5491 haud
2368 5433 2665 5489 absurdum
2689 5430 2850 5485 fuerit
2882 5427 3150 5482 excubias
3191 5425 3263 5480 ibi
3294 5423 3470 5478 fortes

1896 5539 1950 5586 et
1978 5534 2262 5584 accuratas
2286 5527 2577 5586 collocare,
2632 5527 2909 5589 noctuque
2942 5517 3310 5586 potissimum,
3343 5524 3469 5566 cum

1897 5622 1979 5677 vel
2009 5617 2229 5689 quidam
2258 5614 2493 5671 deficere
2525 5611 2594 5666 ad
2627 5613 2809 5665 hostes
2856 5604 3134 5695 studeant,
3193 5600 3282 5658 vel
3319 5597 3458 5655 insi-

1897 5713 1998 5767 dia:
2043 5708 2354 5765 clanculum
2385 5704 2556 5761 muris
2597 5702 2736 5758 strui
2775 5696 3008 5769 possint.
