4176 6442
762 415 868 476 903

1959 405 2231 466 LEONIS
2270 405 2728 469 PHILOSOPIII

3916 398 4019 460 904

832 529 925 583 6|.
970 525 1357 597 Coniectiones
1398 521 1748 592 sagittarum,
1781 525 1876 572 aut
1932 517 2197 587 lapidum,
2253 531 2331 570 alll

2518 520 2616 582 ξα’.
2660 521 2819 574 Ἀλλὰ
2843 520 2934 573 καὶ
2963 522 3029 574 τὰ
3060 519 3429 590 ἀκοντίσματα
3457 519 3490 590 ἢ
3530 518 3617 572 διὰ
3647 518 3814 583 τόξων
3848 519 3882 588 ἢ
3927 518 4015 570 διὰ

762 622 1021 683 telorum,
1086 616 1323 671 inaniter
1369 622 1424 668 et
1485 623 1688 668 temere
1725 627 1754 664 e
1785 624 1945 664 muro
1990 622 2132 677 saepe
2165 608 2294 660 ﬁant
2329 613 2343 648 =

764 728 831 767 ex
864 726 933 766 eo
976 709 1122 763 enim
1147 707 1233 761 ﬁet
1268 713 1327 759 ut
1357 705 1544 760 hostes
1590 716 1649 758 se
1697 702 1905 770 despici
1959 698 2346 765 contemnique

763 810 950 871 putent
978 800 1134 869 quasi
1164 799 1392 854 intertes
1419 806 1581 865 atque
1601 794 1802 863 ignavi.

834 891 924 945 6‘2.
966 890 1062 944 Sin
1090 906 1157 945 ex
1201 892 1439 946 cisterna
1494 900 1694 956 aquam
1742 885 1980 940 habeant
2026 880 2342 953 potabilcm,

762 993 871 1033 non
905 994 973 1034 ex
1004 977 1154 1034 fonte
1186 979 1369 1047 aliquo
1391 976 1600 1045 jugem,
1630 983 1724 1029 aut
1759 990 1825 1029 ex
1881 971 2093 1042 piscina
2157 970 2344 1038 quoti-

760 1069 923 1125 diana
961 1071 1324 1126 exbaustione
1368 1066 1728 1132 minuentem,
1763 1064 2034 1118 dividatur
2057 1074 2197 1131 aqua
2228 1073 2347 1111 om-

763 1160 925 1215 nibus
985 1162 1298 1231 provisione
1352 1158 1622 1226 quadam,
1676 1170 1852 1224 neque
1877 1152 2056 1222 quivis
2086 1149 2345 1205 fortuitus

761 1258 1083 1319 potestatem
1106 1247 1304 1304 habent
1331 1264 1429 1318 pro
1457 1249 1723 1302 arbitratu
1748 1260 1850 1299 suo
1877 1257 1998 1298 eam
2028 1243 2341 1303 absumere,

833 1344 923 1399 63.
973 1343 1030 1397 ln
1067 1343 1278 1412 reliquo
1324 1349 1629 1398 commeatu
1677 1339 1932 1395 similiter
1981 1338 2164 1393 omnia
2214 1351 2341 1391 cum

760 1429 1139 1486 moderatione
1168 1432 1595 1494 distribuantur,
1626 1441 1686 1485 ut
1713 1438 1767 1484 et
1788 1429 2046 1484 omnibus
2077 1428 2214 1483 satis
2242 1426 2340 1491 sit,

757 1529 815 1575 et
841 1522 1058 1576 obsessi
1100 1521 1243 1575 firmi
1281 1520 1562 1590 fortesque
1597 1519 1999 1574 custodiantur.

830 1611 920 1666 δέ.
947 1610 1207 1665 Excubiae
1257 1611 1550 1680 diligenter
1578 1618 1633 1664 et
1663 1618 1924 1663 accurate
1969 1608 2337 1663 custodiatur.

758 1701 1089 1756 Observetur
1110 1700 1275 1755 etiam
1300 1700 1553 1754 custodia
1583 1700 1834 1767 quaedam
1881 1709 2245 1768 commeatus,
2279 1705 2339 1753 ut

758 1808 827 1849 ne
861 1791 1021 1849 facile
1054 1806 1085 1847 a
1118 1792 1312 1864 quovis
1347 1792 1560 1863 plebeio
1587 1791 1906 1861 decipiatur.

838 1993 930 2047 65.
967 1990 1261 2047 Praefectus
1311 1991 1604 2061 diligenter
1654 1990 2035 2045 adhortatione
2070 2003 2170 2044 sua
2200 1988 2325 2043 reli-

757 2097 896 2153 quos
944 2083 1097 2138 intus
1125 2082 1384 2139 obsessos
1414 2083 1641 2146 animet,
1671 2091 1724 2135 et
1756 2081 2054 2136 alacriores
2083 2080 2150 2133 ad
2190 2080 2327 2149 peri-

754 2174 881 2229 cula
914 2173 1242 2243 laboresque
1288 2172 1643 2229 sustinendos
1701 2172 1887 2233 faciat,
1919 2169 2097 2225 donec
2124 2171 2207 2225 vel
2232 2184 2327 2225 co-

754 2263 864 2332 piis
891 2263 1005 2320 tuis
1032 2264 1276 2331 impulsi,
1300 2264 1384 2318 vel
1411 2263 1514 2317 alia
1536 2262 1792 2330 quapiam
1834 2260 1901 2314 de
1933 2272 2101 2313 causa
2132 2260 2321 2313 conci-

757 2352 857 2407 tati
901 2353 1088 2409 hostes
1143 2338 1214 2409 εἰ)
1259 2352 1552 2408 obsidione
1596 2348 1902 2405 discedant.
1971 2346 2324 2403 lncursiones

755 2461 977 2517 quoque
1009 2453 1243 2514 quantas
1266 2444 1535 2498 maximas
1565 2450 1747 2512 potest
1781 2441 2077 2510 imperator
2136 2440 2189 2493 in
2221 2439 2323 2493 ob-

754 2551 1001 2593 sessores
1026 2534 1217 2601 faciat,
1243 2535 1586 2610 diversisque
1632 2541 1898 2602 quantum
1946 2536 2132 2599 potest
2186 2530 2327 2583 irru-

755 2626 1041 2696 ptionibus
1094 2624 1319 2680 invadat
1368 2640 1382 2676 :
1421 2632 1773 2691 tumoresque
1800 2620 2102 2690 dispergat,
2152 2619 2320 2672 alium

755 2715 1072 2770 maximum.
1102 2713 1406 2768 exercitum
1472 2711 1769 2765 adventare
1822 2719 1928 2765 :et
1978 2723 2323 2781 quaecunque

756 2806 885 2861 talia
932 2802 1364 2874 perterrefacere
1390 2803 1580 2858 hostes
1604 2810 1861 2871 possunt.

825 2897 914 2951 66.
952 2897 1080 2950 Hac
1100 2910 1223 2965 qua;
1256 2910 1284 2948 a
1315 2909 1402 2948 me
1426 2901 1850 2948 commemorata
1875 2898 2026 2956 sunt,
2060 2890 2321 2946 obsessus

757 2987 940 3052 faciat,
974 2997 1030 3042 et
1066 2988 1171 3040 alia
1212 2984 1457 3054 quaedam
1490 2983 1755 3039 adversus
1790 2982 2034 3052 singulas
2054 2982 2315 3037 obsesso-

754 3095 877 3136 rum
938 3077 1370 3132 machinationes
1420 3074 1769 3145 prazparabit,
1812 3082 1865 3128 et
1913 3072 1979 3127 ad
2031 3073 2319 3143 praedictas

2447 611 2631 679 λίθων,
2678 614 2712 681 ἢ
2755 612 2843 665 διά
2878 610 3300 683 τοξοϐολιστρῶν
3328 613 3402 681 μὴ
3430 612 3673 680 ἀκαίρως
3706 612 3805 663 καὶ⁵
3836 611 4017 677 μάτην

2446 702 2508 753 ὲκ
2536 702 2631 754 τοῦ
2664 704 2873 772 τείχους
2911 705 3103 766 ποιεῖν,
3129 703 3221 755 καὶ
3252 703 3314 753 ὲκ
3335 701 3528 753 τούτου
3562 700 3641 762 είς
3665 700 4016 767 καταφρόνηο

2448 812 2532 847 σιν
2560 793 2806 863 γίνεσθαι
2835 794 2975 847 αὐτὰ
3008 794 3118 856 τοῖς
3150 792 3413 854 ἐναντίοις
3439 791 3515 853 ῶς
3548 791 3625 861 μὴ
3661 788 4013 859 ἐνεργοῦντα.

2516 886 2612 957 ξβι.
2630 885 2757 940 Ἐὰν
2771 886 2830 940 δὲ
2849 886 2956 940 άπὸ
2978 884 3297 954 κινστέρνας
3319 882 3481 953 ἔχωσι
3502 881 3565 935 τὸ
3589 882 3820 951 πόσιμον
3845 879 4013 947 ὕδωρ,

2446 981 2541 1034 καὶ
2571 980 2671 1033 οὐκ
2696 979 2805 1032 άπὸ
2827 978 3008 1048 πηγῆς
3037 976 3403 1040 ἀδιαλείπτου,
3434 974 3469 1042 ἢ
3499 974 3609 1025 άπὸ
3642 971 3880 1043 πλεθροῦ
3908 970 4013 1021 ὀλι-

2446 1073 2731 1144 γούμενον,
2754 1072 2814 1127 τδ
2836 1070 2980 1144 ὕδωρ
3001 1070 3185 1142 μέτρῳ
3212 1069 3320 1122 τινὶ
3354 1069 3448 1122 καὶ
3481 1067 3744 1136 διοικήσει
3765 1064 4013 1132 γίνεσθαι

2445 1166 2543 1236 τὴν
2574 1162 2851 1233 διανομὴν,
2887 1163 2984 1215 καὶ
3008 1161 3083 1233 μὴ
3110 1160 3256 1230 ἔχειν
3280 1157 3367 1213 ἐπ’
3395 1157 3644 1224 ἐξουσίας
3668 1154 3762 1209 τὸν
3789 1153 4011 1207 θέλοντα

2444 1259 2520 1321 ὡς
2549 1256 2773 1327 ἀρέσκει
2805 1253 2956 1324 αύτῷ
2991 1253 3256 1323 δαπανᾷν.

2508 1347 2617 1415 νξγ’.
2663 1345 2894 1415 Ὁμοίως
2920 1342 3015 1397 καὶ
3046 1343 3139 1396 ἐπὶ
3184 1342 3283 1412 τῆς
3322 1339 3488 1408 ἄλλης
3529 1336 3774 1404 δαπάνης
3796 1333 4009 1403 συμμέ-

2443 1456 2586 1509 τρως
2609 1439 2823 1493 ἅπαντα
2850 1434 3118 1503 γίνεσθαι,
3148 1433 3360 1487 ἴνα-καὶ
3387 1433 3550 1502 άρκῇ,
3582 1428 3677 1483 καὶ
3704 1427 4009 1497 εὐρώστους

2442 1533 2567 1595 τοὺς
2593 1528 3081 1601 πολιορκουμένους
3112 1526 3376 1597 φυλάττῃ.

2513 1622 2606 1689 ξδ’.
2646 1625 2759 1688 Τὰς
2786 1623 2843 1677 δὲ
2875 1621 3063 1692 βίγλας
3082 1617 3354 1689 ἐπιμελῶς
3401 1616 3543 1670 κατὰ
3573 1613 3827 1684 διαδοχὴν
3862 1611 4008 1679 γίνε-

2443 1714 2587 1779 σθαι,
2631 1714 2724 1767 καὶ
2752 1711 2987 1781 μάλιστα
3021 1712 3078 1763 ὲν
3101 1710 3219 1771 ταῖς
3250 1705 3389 1770 νυξί.
3437 1706 3523 1758 Ἑν
3545 1701 3918 1775 παραφυλακῇ
3952 1699 4007 1752 δὲ

2363 1836 2411 1898 Β
2440 1805 2723 1878 τηρεῖσθαι
2763 1805 2856 1858 καὶ
2889 1804 2988 1873 τὴν
3014 1802 3278 1870 δαπάνην,
3315 1799 3394 1862 είς
3420 1796 3480 1851 τδ
3518 1796 3593 1868 μὴ
3626 1796 3865 1858 εὐκόλως
3906 1792 4007 1846 ὑπὸ

2434 1899 2543 1952 τῶν
2561 1898 2831 1967 τυχόντων
2855 1892 3273 1965 διαρπάζεσθαι.

2500 1988 2592 2053 ξε’.
2620 1988 2912 2058 Παραινείν
2936 1984 2993 2037 δὲ
3022 1984 3407 2054 συνεχέστερον
3435 1980 3526 2034 τὸν
3546 1976 3854 2048 κρατοῦντα
3876 1976 4001 2038 τοὺς

2428 2081 2577 2145 ἐντὸς
2599 2080 2687 2133 διὰ
2723 2079 2915 2145 λόγων,
2955 2077 3050 2131 καὶ⁸
3087 2074 3515 2145 προθυμοποιεῖν
3570 2072 3708 2142 πρὸς
3736 2070 3837 2139 τὴν
3871 2068 4006 2120 ύπο-

2430 2172 2620 2244 μονὴν,
2653 2172 2759 2233 ἓως
2790 2170 2900 2222 εἴτε
2928 2169 3017 2222 διὰ
3044 2167 3142 2236 τῆς
3178 2168 3276 2236 σῆς
3307 2165 3608 2234 δυνάμεως,
3648 2164 3757 2215 εῐτε
3787 2161 3859 2214 δι’
3889 2159 4004 2211 ἑτέ-

2428 2283 2529 2337 ρας
2554 2263 2733 2325 αίτίας
2760 2265 2789 2315 ό
2818 2262 3009 2333 καιρὸς
3041 2259 3141 2329 τῆς
3175 2258 3575 2327 ἀναχωρήσεως
3606 2254 3717 2308 τῶν
3766 2252 3999 2324 ὲχθρῶν.

2436 2354 2765 2424 Ἐπιδρομάς
2802 2352 2860 2405 δὲ
2880 2354 3053 2404 ποιεῖν
3074 2350 3165 2402 τδν
3199 2346 3502 2419 στρατηγὸν
3546 2347 3670 2399 ὅσον
3705 2346 3740 2413 ἡ
3765 2343 4000 2412 δύναμις

2424 2447 2639 2515 ἀπαντᾷ
2677 2442 2816 2497 κατὰ
2837 2442 2945 2496 τῶν
2974 2440 3405 2510 πολιορκούντων
3430 2437 3521 2490 διά
3543 2452 3703 2489 τινων
3723 2434 4001 2503 διαφόρων

2424 2536 2741 2607 προσύολῶν
2773 2535 2868 2588 καὶ
2892 2535 3105 2604 φήμης,
3132 2533 3208 2594 ὼς
3236 2531 3423 2600 ἑτέρου
3458 2528 3712 2581 πλείστου
3763 2522 3999 2594 στρατοῦ

2424 2628 2820 2699 ἐπερχομένου,
2872 2628 2971 2681 καὶ
3011 2628 3114 2681 ὅσα
3168 2625 3347 2696 θροεῖν
3394 2623 3619 2677 δύναται
3661 2621 3786 2684 τοὺς
3842 2619 4003 2672 πολεο

2427 2724 2605 2794 μίους.

2494 2903 2603 2969 ξςθ.
2637 2899 2823 2954 Ταῦτα
2879 2899 2979 2971 μὶν
3006 2895 3100 2953 οὖν
3149 2892 3609 2965 πολιορκούμενος
3654 2892 3873 2961 ποιήσει
3899 2891 3998 2943 ὅσα

2426 3012 2515 3065 μοι
2544 2995 2776 3063 εἴρηται,
2829 2991 2925 3044 καὶ
2978 2991 3141 3059 ἓτερα
3172 2987 3231 3040 δέ
3278 3003 3398 3039 τινα
3449 2983 3877 3053 προσεπινοήσει
3930 2981 4001 3031 τά

2423 3084 2641 3138 ἐναντία
2678 3081 2815 3151 πρὸς
2843 3081 3074 3134 ἕκαστον
3112 3079 3220 3132 τῶν
3250 3076 3401 3147 παρὰ
3449 3074 3544 3129 τοῦ
3582 3071 3998 3143 πολιορκοῦντος

755 3170 999 3225 hostium
1052 3166 1490 3221 machinationes
1524 3180 1654 3221 suas
1688 3164 1978 3228 adhibens,
2030 3164 2321 3220 confestim

2430 3175 2858 3246 μηχανωμένων,
2888 3172 2983 3226 καὶ
3000 3171 3127 3241 παρ’
3156 3169 3312 3239 ἡμῶν
3332 3166 3638 3237 εἰρημένων
3659 3162 3997 3233 ἔμπροσθεν,

752 3261 1018 3330 intelliget
1053 3259 1510 3329 quemadmodum
1553 3259 1843 3315 adversum
1904 3258 2153 3328 singulas
2207 3269 2324 3310 ma-

753 3353 1097 3410 chinationes
1130 3366 1375 3424 pugnare
1412 3353 1603 3420 possit.

822 3530 915 3585 67.
963 3529 1082 3585 Non
1130 3529 1543 3600 praetermittam
1571 3527 1676 3583 hoc
1722 3527 1865 3595 loco,
1896 3526 2042 3597 quod
2074 3526 2206 3581 mibi
2239 3526 2323 3582 in-

755 3623 993 3693 quirenti
1033 3621 1323 3692 diligenter
1349 3621 1650 3691 cognitum,
1681 3627 1849 3689 atque
1908 3621 2192 3674 inventum
2238 3624 2323 3673 est

760 3714 1115 3783 (quanquam
1174 3712 1277 3766 hoc
1324 3720 1569 3781 tempore
1620 3710 1846 3765 minime
1903 3710 2163 3764 usitatum
2213 3708 2323 3764 fre-

755 3809 1185 3871 quentatumque
1214 3801 1325 3871 sit)
1355 3800 1629 3871 quomodo
1658 3801 1993 3863 clanculum,
2020 3809 2075 3854 et
2126 3801 2321 3855 celeri-

755 3903 840 3951 ter
862 3895 1220 3950 munitionem
1266 3895 1508 3963 aliquam
1549 3900 1833 3949 exstruere
1859 3894 1913 3947 in
1936 3892 2175 3948 hostium
2207 3891 2321 3946 fini-

754 3984 859 4040 bus
888 3985 1184 4054 imperator
1203 3984 1397 4054 possit.
1424 3983 1874 4039 Considerandus
1901 3984 2135 4052 primum
2166 3985 2317 4039 locus

754 4076 954 4146 aliquis
1007 4074 1216 4141 firmus,
1262 4078 1356 4145 qui
1404 4075 1614 4136 decem,
1648 4085 1741 4130 aut
1787 4075 2075 4130 duodecim
2123 4074 2319 4129 diebus

754 4168 910 4222 arido
941 4167 1083 4238 ligno
1127 4167 1426 4236 circumjici
1457 4166 1652 4236 possit,
1692 4168 1738 4222 si
1765 4167 1983 4237 quando
2001 4168 2183 4236 gravis
2217 4166 2319 4219 ali-

755 4277 863 4331 qua
890 4262 1135 4316 incursio
1162 4262 1402 4316 hostium
1438 4261 1662 4315 timetur
1696 4278 1707 4314 :
1740 4260 1937 4315 deinde
1965 4261 2011 4315 si
2034 4259 2318 4315 abundan-

755 4352 828 4404 tia
864 4352 1043 4419 aliqua
1073 4352 1366 4420 lignorum,
1414 4350 1675 4420 lapidum,
1704 4350 1937 4405 laterum
1974 4350 2025 4405 in
2058 4360 2311 4421 promptu

2424 3267 2716 3327 ἀντιτιθεὶς
2754 3262 2982 3325 ἐκείνοις
3006 3261 3075 3314 τά
3104 3259 3214 3313 ῐδια
3241 3260 3306 3312 ἐκ
3342 3257 3434 3311 τοῦ
3463 3255 3730 3309 ἐναντίου.
3756 3253 3998 3306 Αύτόθεν

2423 3358 2532 3429 γὰρ
2562 3358 2841 3427 ὲπινοὴσει
2876 3354 2993 3417 πῶς
3024 3354 3105 3406 δεῖ
3131 3352 3344 3421 ἑκάστῳ
3373 3350 3483 3403 τῶν
3511 3346 3873 3416 ἐπαγομένων
3904 3347 3998 3399 ἀν-

2420 3448 2769 3521 τιμάχεσθαι.

2494 3538 2590 3604 ξξ.
2641 3539 2717 3591 Οὐ
2766 3535 3089 3607 παραλείψω
3123 3534 3181 3587 δὲ
3235 3532 3329 3587 καὶ
3376 3532 3515 3600 ὅπερ
3561 3547 3653 3600 μοι
3702 3528 3998 3599 έρευνῶντι

2422 3630 2650 3701 εὓρηται
2673 3630 2765 3682 καὶ
2787 3628 3145 3695 ἀνέγνωσται,
3166 3627 3213 3679 εί
3235 3624 3329 3677 καὶ
3349 3622 3424 3693 μὴ
3438 3622 3533 3675 νῦν
3552 3624 3668 3674 ὲστι
3693 3619 4000 3689 περισπού-

2421 3725 2639 3788 δαστον,
2663 3723 2793 3792 περὶ
2814 3719 2906 3775 τοῦ
2930 3719 3047 3782 πῶς
3074 3718 3295 3773 δυνατὸν
3342 3714 3619 3786 λαθραίως
3658 3712 3745 3766 διά
3792 3712 3997 3781 τάχους

2422 3814 2628 3879 κτίζειν
2655 3812 2914 3883 φρούριον
2947 3811 3037 3863 τὸν
3082 3809 3403 3879 βουλόμενον
3434 3804 3740 3877 στρατηγὸν
3770 3806 3831 3856 ὲν
3877 3802 4001 3872 μεθ-

2421 3908 2553 3977 ορίῳ
2582 3904 2854 3974 πολεμίων
2879 3900 3111 3970 ἀλλαχοῦ
3135 3916 3237 3952 που
3254 3898 3582 3951 λανθάνοντα
3601 3897 3726 3957 τοὺς
3744 3894 3998 3965 ἐχθρούς.

2422 4000 2694 4069 Πρότερον
2722 3995 2820 4063 μὲν
2850 3994 2960 4064 γάρ
2989 3992 3071 4044 δεῖ
3100 4006 3159 4043 σε
3186 3992 3602 4058 κατασκοπῆσαι
3654 3986 3821 4039 τόπον
3872 3987 3999 4055 ὀχυ-

2424 4090 2536 4159 ρδν,
2574 4087 2870 4155 δυνάμενον
2902 4082 2990 4136 διὰ
3009 4082 3191 4151 δέκαῆ
3218 4078 3424 4133 δώδεκα
3447 4077 3670 4148 ἡμερῶν
3693 4076 3785 4130 διὰ
3823 4076 3998 4146 ξηρᾶς

2420 4180 2552 4249 ὕλης
2579 4175 2972 4248 περιϐληθῆναι
2992 4174 3050 4227 ὲν
3072 4172 3249 4243 καιρῷ
3271 4170 3531 4239 ἐπιφόϐου
3557 4168 3864 4240 προσϐολῆς
3886 4168 3995 4219 τῶν

2417 4270 2715 4341 πολεμίων,
2742 4267 2837 4322 καλ⁸
2856 4267 2950 4320 ἐάν
2978 4266 3116 4319 εἰσιν
3138 4264 3260 4318 ὕλαι
3290 4262 3518 4330 πλησίον
3542 4262 3715 4324 λίθου,
3738 4262 3773 4331 ἢ
3810 4261 3993 4325 ξύλου,

2416 4368 2451 4439 ἢ
2483 4361 2707 4417 πλίνθου
2737 4357 2981 4428 ἑτοίμης,
3025 4356 3122 4410 καὶ
3166 4355 3313 4408 ἔστιν
3346 4353 3522 4424 ὕδωρ,
3566 4353 3601 4424 ἢ
3633 4351 3996 4422 ἐπινοηθῆναι

752 4442 845 4507 sit,
870 4449 925 4497 et
958 4441 1002 4530 si
1045 4456 1184 4511 aqua
1212 4442 1310 4506 ibi,
1340 4442 1424 4497 vel
1448 4450 1644 4510 praesto
1676 4442 1767 4501 sit.
1801 4441 1881 4496 vel
1906 4443 2085 4510 parari
2116 4441 2307 4512 possit.
2342 4474 2389 4530 υ
2415 4455 2659 4513 δυνατόν,

828 4530 919 4585 68.
956 4529 1179 4586 Parabis
1217 4530 1457 4586 artiﬁces
1496 4531 1743 4598 idoneos,
1797 4542 2004 4601 portas,
2054 4542 2108 4588 et
2155 4548 2312 4588 man-

749 4631 887 4687 gana
918 4630 1222 4682 murorum,
1252 4626 1306 4673 et
1334 4618 1586 4687 praesidia
1626 4619 1818 4674 idonea
1857 4619 2100 4690 peditum
2131 4635 2314 4675 arma-

752 4718 933 4764 torum
993 4718 1365 4770 strenuorum,
1400 4707 1900 4780 praefectorumque
1956 4710 2309 4780 prudentum,

750 4815 815 4855 ac
845 4800 1108 4855 nobilium
1145 4819 1158 4855 :
1202 4815 1463 4855 curruum
1502 4815 1720 4871 quoque
1777 4802 2021 4858 subsidia
2054 4804 2211 4873 quasi
2246 4802 2314 4858 ad

754 4890 1022 4945 fossatum
1056 4890 1440 4946 instruendum
1504 4898 1558 4944 et
1597 4891 1921 4947 limandum
1974 4910 1987 4946 :
2034 4909 2311 4951 commea-

748 4990 864 5037 tum
912 4990 1176 5051 prazterea
1206 4984 1369 5037 trium
1399 4990 1494 5037 aut
1543 4995 1777 5053 quatuor
1826 4986 2117 5052 mensium,
2148 4990 2231 5043 vel
2266 4990 2313 5045 si

749 5088 890 5144 opus
920 5073 992 5127 sit
1029 5074 1297 5129 universae
1328 5075 1536 5130 aestatis
1563 5093 1576 5128 :
1609 5084 1798 5145 pastus
1855 5077 2062 5133 vicinos
2090 5095 2153 5135 ac
2193 5080 2313 5137 fini-

749 5166 913 5221 timos
940 5180 1133 5221 omnes
1166 5167 1482 5223 incendens.
1514 5166 1611 5222 Sin
1648 5170 1714 5223 ad
1745 5169 2177 5227 comburendum
2207 5172 2311 5228 dif-

753 5256 921 5311 ficiles
969 5256 1210 5321 fuerint,
1261 5258 1551 5313 absumant
1584 5260 1891 5326 universos,
1949 5278 2311 5332 rumoresque

747 5346 1050 5417 dispergas,
1074 5349 1211 5403 velle
1243 5357 1294 5404 te
1324 5349 1432 5404 alio
1469 5350 1523 5405 in
1564 5352 1684 5405 loco
1714 5352 2081 5410 incursionem
2113 5359 2309 5411 adver-

746 5455 845 5496 sus
885 5440 1071 5495 hostes
1096 5439 1296 5504 facere,
1327 5450 1381 5497 et
1405 5442 1656 5510 praesidia
1681 5444 1928 5514 quaedam
1962 5446 2027 5500 ad
2073 5461 2196 5502 eum
2234 5448 2311 5502 lo-

746 5542 870 5583 cum
900 5529 968 5583 de
987 5543 1095 5598 quo
1122 5544 1312 5584 rumor
1338 5538 1423 5586 est
1456 5533 1660 5595 mittes,
1685 5541 1743 5587 ut
1769 5535 1838 5589 ibi
1871 5542 1923 5589 te
1946 5537 2311 5606 exspectando

746 5618 934 5674 hostes
961 5629 1251 5683 vexentur,
1291 5630 1515 5692 tumque
1545 5626 1731 5680 subito
1767 5636 1894 5682 ante
1948 5628 2092 5683 diem
2131 5645 2299 5684 unum

764 5709 1035 5768 animabis
1063 5725 1159 5769 eos
1190 5712 1285 5780 qui
1328 5712 1386 5768 in
1431 5713 1572 5771 hanc
1604 5715 1961 5772 munitionem
2006 5719 2307 5789 ingressuri

2493 4547 2596 4612 ξη’.
2631 4544 2741 4597 Καὶ
2764 4539 3291 4613 προπαρασκευάσαι
3328 4534 3581 4605 τεχνίτας
3614 4532 3835 4595 ἱκανοὺς
3853 4571 3870 4596 τ
3901 4532 3997 4585 καὶ

2423 4635 2649 4706 πόρτας,
2680 4633 2774 4686 καὶ
2803 4635 3060 4701 μάγγανα
3097 4628 3333 4697 τείχους,
3380 4626 3474 4679 καὶ
3508 4623 3759 4695 βοήθειαν
3789 4620 3995 4690 ἀρκοῦ-

2422 4743 2522 4781 σαν
2580 4724 2759 4789 πεζῶν
2789 4723 3029 4776 ἐνόπλων
3077 4720 3173 4773 καὶ
3222 4716 3483 4787 γενναίων
3530 4717 3669 4787 μετὰ
3712 4716 3999 4784 ἀρχόντων

2421 4816 2703 4889 φρονίμων
2743 4814 2839 4868 καὶ
2890 4812 3165 4882 εὐψύχων,
3214 4810 3331 4879 ἅμα
3371 4812 3466 4863 καὶ¹
3522 4806 3773 4877 ἁμαξῶν,
3815 4808 3997 4871 ὼςείς

2419 4906 2691 4977 φοσσάτου
2721 4905 2883 4969 ’τάξιν
2919 4904 3015 4959 καὶ
3055 4902 3352 4971 ἀσφάλειαν
3400 4898 3583 4953 αὐτῶν
3614 4901 3711 4952 καὶ
3743 4898 3997 4970 δαπάνην

2417 4997 2583 5069 τριῶν
2611 4996 2643 5067 ἦ
2669 4995 2951 5064 τεσσάρων
2979 4991 3184 5064 μηνῶν.
3224 4990 3336 5044 Καὶ
3366 4991 3414 5042 εί
3441 4989 3630 5059 καιρός
3656 4991 3777 5042 ἐστι
3801 4986 3995 5058 θέρους

2420 5089 2700 5159 ἐμπρῆσαι
2726 5086 2824 5150 τὰς
2859 5085 3059 5155 βοσκὰς
3079 5084 3179 5146 τὰς
3217 5083 3443 5153 πλησίον
3481 5080 3574 5134 τοῦ
3610 5082 3815 5135 τόπου·
3848 5084 3900 5135 εί
3938 5082 3995 5133 δὲ

2417 5181 2619 5250 καῆναι
2645 5180 2926 5248 δυσχερεῖς
2950 5177 3110 5242 εἰσιν,
3143 5171 3597 5242 καταδαπανῆσαι
3647 5173 3846 5236 αὐτάς,
3896 5175 3994 5227 καὶ

2416 5270 2744 5340 διαφημίσαι
2792 5268 2868 5331 ὡς
2920 5270 2979 5320 ὲν
3024 5267 3197 5336 ἑτέρῳ
3239 5265 3389 5334 τόπῳ
3426 5263 3671 5334 ποιήσεις
3705 5265 3851 5317 κατά
3883 5266 3993 5317 τῶν

2416 5360 2628 5431 έχθρῶν
2659 5359 2972 5412 ὲπέλευσιν·
3018 5358 3115 5412 καὶ
3170 5355 3409 5425 πέμψεις
3459 5356 3713 5425 βοήθειαν
3769 5356 3991 5427 ἀσφαλῆ

2416 5451 2559 5505 κατὰ
2586 5450 2682 5503 τοῦ
2707 5449 3079 5520 φημιζομένου
3104 5448 3294 5511 τόπου,
3321 5447 3409 5500 ῖνα
3436 5448 3555 5499 ἐκεῖ
3577 5438 3992 5515 προσδοκῶντες

2416 5539 2791 5609 περισπῶνται
2822 5541 2871 5592 οἱ
2910 5539 3117 5608 ἐχθροὶ,
3161 5537 3257 5590 καὶ
3286 5538 3407 5589 τότε
3455 5537 3563 5606 πρὸ
3613 5538 3741 5604 μιᾶς
3772 5538 3990 5608 ἡμέρας

2416 5627 2681 5700 θαρρήσει
2717 5631 2831 5693 τοῖς
2861 5628 3164 5698 ὀφείλουσιν
3193 5628 3455 5681 εἰσελθεῖν
3478 5630 3537 5681 ὲν
3562 5627 3642 5698 τῷ
3672 5628 3846 5696 τόπῳ,
3898 5630 3992 5683 καὶ

2416 5725 2537 5779 τινὰ
2568 5720 2666 5794 μὲν
2697 5720 2846 5791 δῶρα
2874 5720 3053 5777 δοῦναι
3076 5722 3153 5785 είς
3183 5720 3498 5791 προτροπὴν
3520 5719 3721 5787 αὐτῶν,
3757 5720 3884 5773 τινὰ
3933 5720 3989 5773 δὲ
