4200 6440
162 426 270 489 905

1248 423 1583 485 TACTICA.
1608 447 1679 459 -
1706 421 2210 486 CONSTITUTIO
2240 425 2361 486 XV.

3329 427 3436 492 ωδ

166 544 263 594 καὶ
287 539 743 610 ἐπαγγέλλεσθαι,
766 539 860 593 καὶ
889 538 1153 607 αίφνίδιον
1179 539 1237 592 ἐν
1266 539 1440 608 ἑτέρῳ
1464 538 1614 608 τόπῳ
1633 539 1742 591 τῶν
1771 577 1779 594 ι

1879 546 1994 603 unt,
2032 546 2088 593 et
2159 539 2410 607 quedam
2468 534 2612 591 dona
2666 535 2773 593 illis
2825 536 2904 592 ad
2932 535 3290 607 impellendos
3341 551 3439 593 eos

166 635 381 706 ἐχθρῶν
432 633 846 704 ἀσχολουμένων
908 633 1049 702 μετά
1101 632 1304 694 παντὸς
1357 630 1455 684 τοῦ
1517 629 1750 701 στρατοῦ

168 727 402 796 ὲπιστῇς
425 723 503 794 τῷ
535 723 828 794 ὡρισμένῳ
856 740 940 777 σοι
975 723 1146 792 τόπῳ,
1178 725 1272 776 καὶ
1313 724 1533 792 στήσεις
1568 722 1758 792 βίγλας

169 815 346 882 ἀσφα)
357 818 456 884 εἰς,
485 815 579 869 καὶ
598 814 649 868 oi
677 814 834 878 πεζοὶ
853 814 1268 884 ἀπληκεύσουσι
1299 813 1485 884 κύκλῳ
1507 813 1602 867 τοῦ
1628 815 1760 883 ὀχυ-

172 909 450 979 ρώματος,
474 907 570 960 καὶ
597 907 805 978 τάφρον
836 906 1143 978 βαθυτάτην
1169 906 1416 978 ποιήσεις
1436 945 1454 972 ,
1499 907 1548 959 εί
1579 904 1759 958 ἑπιδέ-

170 1016 330 1070 χεται
357 1002 385 1052 ὀ
415 1000 598 1062 τόπος.

241 1173 345 1238 ξθ’.
372 1173 481 1226 Καὶ
505 1175 553 1227 εί
581 1173 682 1244 μὶν
711 1173 880 1238 λίθος,
899 1175 934 1246 ἢ
965 1173 1182 1236 πλίνθος
1207 1175 1762 1245 εὖρίσκεται,οίκοδο-

176 1265 352 1333 μῆσαι
377 1263 541 1334 ξηρὸν
569 1264 670 1326 δεῖ,
705 1265 800 1316 καὶ
838 1264 1001 1333 δῆσαι
1025 1264 1114 1318 διὰ
1157 1264 1332 1330 ξυλων
1361 1264 1620 1334 ἀσφαλῶς
1669 1268 1764 1319 καὶ

174 1356 449 1425 συνεχῶςο
480 1357 530 1409 εί
564 1355 621 1408 δὲ
654 1355 786 1418 ξύλα
814 1354 974 1425 μόνον
1006 1356 1138 1422 είσὶ,
1169 1356 1241 1409 δι’
1281 1355 1464 1409 αὐτῶν
1507 1356 1766 1410 ἀποκλεῖ-

175 1465 269 1500 σαι
296 1448 475 1516 ὀλίγον
509 1448 604 1501 καὶ
635 1447 831 1516 ὀχυρὸν
866 1447 1032 1500 τόπον
1056 1448 1152 1500 καὶ
1185 1446 1260 1516 μὴ
1298 1447 1471 1517 μέγαν
1495 1448 1656 1509 τέως.

245 1546 313 1593 o'.
340 1538 495 1592 Μετὰ
520 1538 577 1590 δὲ
605 1537 666 1590 τὸ
699 1537 1129 1608 ἀποκλεισθῖψαι
1176 1537 1342 1590 αὑτὸν
1373 1537 1512 1592 κατά
1559 1537 1654 1590 τὸν
1677 1537 1765 1590 λε-

172 1630 378 1699 χθέντα
399 1629 564 1683 τόπον
596 1628 731 1697 (20),
767 1630 817 1682 εί
849 1628 951 1698 μὲν
977 1627 1297 1699 ὁρμήσωσιν
1326 1629 1374 1681 ot
1414 1628 1603 1698 ἐχθροί¹
1627 1629 1768 1682 κατά

173 1722 273 1775 τοῦ
304 1722 496 1784 τόπου,
532 1722 626 1776 καὶ
652 1720 800 1786 σίδας
821 1722 906 1774 ὅτι
935 1720 997 1773 οὐ
1019 1719 1244 1774 δύνασαι
1269 1721 1407 1791 πρὸς
1434 1720 1616 1790 μάχην
1644 1722 1770 1774 ἀντ-

173 1817 346 1887 έχειν,
383 1816 505 1869 τότε
530 1815 914 1886 ἀναχωρήσεις
946 1814 1056 1885 πρὸ
1097 1816 1197 1885 τῆς
1237 1813 1542 1884 παρουσίας
1567 1813 1765 1878 αὐτῶν,

173 1909 498 1962 καταλιπὼν
546 1907 749 1960 ἔσωθεν
794 1908 922 1970 τοὺς
980 1908 1224 1972 ἱκανοὺς,
1270 1907 1366 1958 καὶ
1398 1906 1768 1976 ἀπληκεύσεις

177 1998 412 2070 πλησίον
439 1997 714 2062 τοσοῦτον,
748 1997 888 2051 ὥστε
925 2000 1065 2070 μήτε
1100 1999 1269 2065 ἐγγὺς
1297 1997 1406 2051 τῶν
1450 1997 1660 2068 ἐχθρῶν
1694 1995 1771 2050 εἷ-

176 2108 295 2156 ναι,
341 2091 437 2143 καὶ
469 2090 883 2160 ἀναγκασθῆναι
944 2090 1288 2160 πολεμῆσαι,
1354 2091 1494 2160 μήτε
1530 2091 1772 2160 μήκοθεν

177 2182 293 2236 τῶν
332 2185 392 2236 ὲν
415 2182 494 2253 τῷ
523 2182 971 2256 ὀχυρῶματι,ῐνα
1003 2183 1079 2254 μὴ
1098 2182 1490 2254 εὗηιροῦντες
1519 2183 1569 2236 oi
1587 2181 1773 2252 ἐχθροὶ

180 2274 434 2347 σφοδρῶς
470 2276 775 2331 ἐπίκεινται
804 2278 918 2340 τοῖς
944 2276 1166 2331 ἔσωθεν.

254 2464 356 2510 οα¹.
383 2456 586 2520 Δώσεις
613 2456 671 2510 δὲ
702 2457 929 2527 σημεῖον
955 2458 1065 2520 τοῖς
1095 2455 1154 2509 ἐν
1181 2455 1352 2526 αὐτῷ,
1385 2455 1439 2510 τί
1479 2457 1578 2528 μὲν
1621 2458 1678 2510 ὲν
1704 2461 1772 2530 τῇ

182 2546 462 2616 ήμέρᾳ,τί
491 2546 549 2600 δὲ
571 2547 630 2598 ὲν
665 2549 731 2616 τῇ
755 2547 912 2600 νυκτὶ
936 2545 1212 2614 ὀφείλουσι
1245 2549 1440 2610 ποιεῖν,
1478 2547 1547 2601 δι’
1578 2542 1639 2603 οὗ
1668 2565 1776 2616 φα-

190 2639 358 2710 νερὸν
388 2639 542 2693 ισται
575 2657 682 2704 σοι,
708 2642 766 2694 ιν
795 2639 927 2710 ποίᾳ
949 2639 1088 2693 είσ¹ιν
1113 2640 1164 2692 oi
1193 2638 1642 2704 ἀποκλεισθέντες
1675 2658 1775 2694 κα-

184 2733 456 2785 ταστάσει
471 2771 484 2786 .

260 2819 363 2892 οβ’.
396 2821 460 2876 Εί
487 2821 544 2876 δὲ
572 2822 799 2876 δυνατὸν
829 2820 919 2874 διὰ
953 2820 1189 2890 πεζικῆς
1215 2821 1398 2891 μάχης
1436 2822 1780 2892 ἀποσοὸηθῆ-

186 2931 282 2966 ναι
300 2913 425 2978 τοὺς
447 2913 698 2986 ἐχθροὺς,
712 2915 809 2968 εὰν
827 2915 938 2985 ἀρα
953 2914 1389 2984 περίστασιςηώς
1408 2913 1576 2977 εἰκὸς,
1595 2917 1774 2987 animi}

186 3005 304 3068 τοϊς
334 3005 396 3057 ἰν
421 3004 499 3074 τῷ
532 3004 796 3077 φρουρίῳ,
819 3005 942 3058 οὐδὲ
965 3005 1125 3058 τοῦτο
1152 3005 1234 3058 δεῖ
1259 3004 1667 3075 ὑπερτίθεσθαι,
1692 3007 1779 3059 ἵνα

190 3096 272 3167 μὴ
299 3094 505 3150 ἔσωθεν
536 3096 948 3151 κινδυνεύωσιν.

262 3181 367 3250 ογ.
401 3184 570 3274 Ὅταν
598 3185 654 3238 δὲ
684 3185 836 3239 ἄδεια
862 3186 1124 3256 γένηται,
1176 3185 1380 3249 εὐθέως
1421 3187 1560 3241 κατά
1603 3187 1784 3256 ὀλίγον
1810 3217 1853 3274 C

187 3271 564 3342 ἀποτειχίζειν
601 3274 706 3344 χρὴ
752 3275 814 3326 τὸ
869 3275 1243 3346 προσποίητον
1289 3276 1634 3345 οἰκοδόμημα
1686 3277 1781 3331 καὶ

190 3367 256 3418 ἐν
298 3366 487 3436 χωρίῳ
516 3366 721 3437 ίσχυρῷ
752 3366 957 3431 κτίζειν
996 3368 1131 3420 αὐτὸ
1157 3369 1250 3420 καὶ
1277 3369 1645 3438 ὀχυροποιεῖν,
1685 3371 1781 3422 καὶ

187 3460 305 3513 τῶν
331 3460 643 3526 ἀναγκαίων
674 3463 735 3513 ὲν
764 3460 915 3530 αὑτῷ
945 3461 1276 3529 φροντίζειν.

267 3549 342 3602 οδ¹
399 3548 644 3604 Γίνονται
670 3550 727 3604 δὲ
765 3553 821 3603 ai
854 3550 1105 3604 τοιαῦται
1129 3551 1471 3622 ὲγχειρήσεις
1508 3551 1783 3622 ἁρμοδίως

194 3636 348 3692 κατά
375 3638 777 3710 κασαλλαρικου
803 3640 917 3710 (21)
945 3639 1156 3705 ἔθνους,
1189 3640 1319 3711 περὶ
1341 3641 1434 3694 τὸν
1479 3641 1716 3704 Ἰουλιον,
1747 3641 1781 3712 ἢ

195 3727 532 3796 Αὔγουστον,
555 3729 590 3798 ἢ
621 3730 994 3801 Σεπτέμϐριον
1023 3732 1189 3800 μῆνα,
1223 3731 1356 3784 ὅταν
1385 3731 1419 3800 ή
1455 3729 1654 3800 βοτάνη
1688 3730 1782 3781 εὐ-

196 3819 409 3889 καίρως
441 3819 808 3891 ξηραινομὲνη
842 3820 935 3874 καὶ
969 3819 1125 3875 ἔσται
1154 3821 1292 3892 (22),
1323 3821 1416 3874 καὶ
1437 3823 1486 3876 οί
1513 3820 1785 3876 καὸαλλάσ

197 3928 311 3981 ριοι
340 3910 445 3964 τῶν
472 3911 685 3982 ἐχθρῶν
707 3911 1020 3966 πενοῦνται
1043 3912 1424 3984 παρακαθίσαι
1451 3912 1643 3984 χρόνον
1667 3914 1786 3966 ίκα-

194 3999 313 4054 νόν.

274 4096 366 4141 οε’.
405 4090 466 4142 Εἰ
487 4091 543 4144 δὲ
570 4092 790 4162 ἀπόρως
814 4094 951 4163 πρὸς
979 4093 1040 4146 τὸ
1075 4094 1221 4165 ὕδωρ
1245 4096 1274 4148 ὀ
1296 4095 1458 4158 τόπος
1485 4095 1618 4166 ἔχει,
1651 4097 1784 4167 μηδὲ

203 4177 406 4248 βρυτοῦ
428 4179 486 4233 ὲν
510 4180 660 4250 αὐτῷ
696 4181 871 4246 ὄντος,
901 4182 1024 4252 μηδ’
1056 4185 1114 4237 ὲν
1143 4183 1418 4254 ὀρύγματι
1459 4186 1787 4255 εὑρισκομέ-

195 4289 318 4336 νου,
339 4271 474 4344 δείῆ
509 4273 702 4336 πίθους
725 4275 1103 4346 ὀστρακίνους,
1128 4277 1160 4347 ἦ
1191 4275 1414 4346 βουττία
1442 4277 1625 4332 τέλεια
1649 4295 1785 4349 προ-

199 4365 588 4433 ευτρεπίζειν,
643 4367 739 4421 καὶ
767 4367 1016 4437 γεμίζειν
1043 4367 1259 4434 ὓδατος,
1295 4369 1390 4422 καὶ
1424 4369 1698 4438 κόχλακας
1729 4373 1787 4422 ὲν

202 4454 358 4525 αὑτῷ
389 4458 689 4529 ποταμίους
734 4461 968 4529 ῥίπτειν,
1002 4462 1080 4523 εἰς
1102 4461 1164 4513 τὸ
1217 4461 1558 4530 αὑταρκέσαι
1623 4463 1786 4533 μέχρι

201 4548 311 4618 τῆς
335 4548 432 4602 τοῦ
471 4551 765 4621 χειμῶνος,
799 4553 894 4605 καὶ
920 4552 1116 4622 φθάσει
1141 4554 1234 4606 καὶ
1267 4553 1562 4624 κινστέρνα
1588 4555 1791 4608 οἰκοδο-

206 4640 470 4710 μηθῆναι,
497 4643 593 4695 καὶ
618 4643 848 4714 ὄμϐριον
880 4644 1240 4711 ὐποδέξασθαι
1267 4643 1433 4715 ὕδωρ.

277 4742 386 4798 ος’.
416 4735 532 4788 ἰνα
557 4735 614 4789 δὲ
653 4735 749 4807 μὴ,
777 4737 853 4800 ῶς
880 4738 1051 4801 είκδς,
1093 4737 1196 4810 όζῃ
1239 4736 1499 4805 ἀκίνητον
1545 4737 1704 4806 μένον
1730 4737 1790 4790 τὸ

207 4827 357 4898 ὕδωρ
381 4829 438 4882 ὲν
463 4831 574 4893 τοῖς
607 4830 872 4897 ἀγγείοις,
897 4830 995 4884 καὶ
1017 4831 1199 4900 δοχεία
1241 4829 1417 4901 μικρά
1447 4829 1566 4882 δέον
1597 4829 1786 4892 αὐτοῖς

206 4917 631 4988 παρατίθεσθαι,
665 4919 750 4972 ἵνα
776 4921 916 4974 κατά
934 4919 1116 4988 ὀλίγον
1145 4919 1453 4984 ἀποστάζον
1478 4920 1542 4971 τὸ
1567 4919 1712 4987 ὕδωρ
1733 4921 1792 4971 ἐν

205 5009 394 5072 αὐτοῖς
448 5011 663 5080 κίνησιν
690 5010 904 5079 δέχεται
971 5012 1090 5081 ἅμα
1118 5010 1174 5063 δὲ
1214 5009 1310 5064 τοῦ
1342 5009 1688 5080 πληροῦσθαι
1724 5011 1791 5064 τὰ

204 5102 390 5173 δοχεὶα
421 5101 585 5156 πάλιν
605 5102 979 5173 ἀποθανοῦμεν
1001 5106 1112 5166 τοῖς
1135 5102 1314 5164 πίθοις
1335 5103 1369 5173 ἢ
1394 5103 1505 5166 τοῖς
1528 5102 1793 5171 βουττίοις

204 5195 389 5262 τοῦτο,
420 5195 509 5250 ἴνα
549 5195 636 5248 διά
687 5195 787 5265 τῆς
831 5196 1098 5268 κινήσεως
1127 5195 1331 5266 ταύτης
1374 5194 1696 5265 διαπνέηται
1731 5196 1791 5249 τὺ

208 5287 356 5356 ὕδωρ
382 5288 476 5340 καὶ
508 5288 583 5360 μὴ
614 5288 963 5358 ἀφανίζηται.

279 5377 379 5442 οζ¹.
416 5380 705 5450 Χρήσιμον
747 5380 806 5433 δέ
845 5383 960 5433 ἐστι
1008 5382 1103 5434 καὶ
1132 5380 1196 5433 τὸ
1247 5381 1468 5443 σανίδας
1497 5396 1786 5450 προπαρα-

209 5471 479 5523 σκευάσαι
506 5472 840 5542 παχυτέρας,
869 5473 963 5525 καὶ
1010 5474 1068 5524 ἐν
1094 5471 1473 5542 κατορύγματι
1501 5471 1784 5543 συμπῆξαι

210 5558 384 5622 αὐτὰς
405 5559 480 5622 ὡς
509 5560 604 5612 ἐπὶ
633 5561 886 5631 σαρπίου,
915 5560 1010 5615 καὶ
1034 5561 1121 5614 διὰ
1151 5560 1352 5631 πίσσης
1385 5561 1479 5613 καὶ
1517 5560 1788 5614 στυππίου

1861 629 2041 695 dabis,
2069 629 2321 700 quaedam
2353 643 2482 685 vero
2511 629 2676 684 etiam
2735 638 2993 698 praeterea
3029 630 3340 699 promittes,
3373 644 3440 686 ac

1862 721 2047 775 subito
2100 721 2353 776 hostibus
2393 720 2507 790 jam
2544 719 2653 774 alio
2690 719 2746 773 in
2788 719 2909 774 loco
2948 722 3261 791 occupatis,
3314 723 3440 776 unl-

1863 827 2027 867 verso
2056 826 2182 867 cum
2215 812 2458 865 exercitu
2492 810 2559 864 ad
2584 810 2810 866 deﬁnita
2867 810 2984 864 loca
3016 813 3326 880 pervenies,
3384 818 3442 867 et

1865 903 2131 958 excubias
2181 908 2330 956 tutas
2365 901 2682 967 collocabis,
2737 911 2791 956 et
2821 901 3033 972 pedites
3084 901 3444 958 circumcirca

1855 992 2221 1050 munitionem
2257 990 2518 1056 instrues,
2548 996 2603 1044 et
2626 989 2842 1046 fossam
2882 988 3239 1054 altissimam,
3284 990 3332 1044 si
3384 989 3442 1044 id

1863 1083 2016 1139 locus
2046 1082 2322 1148 admittat,
2365 1081 2557 1136 facies.

1932 1176 2022 1231 69.
2081 1173 2140 1228 Si
2199 1173 2430 1243 lapides,
2462 1179 2557 1227 aut
2610 1172 2808 1227 lateres
2866 1174 2938 1227 ibi
2989 1171 3213 1230 fuerint.
3261 1171 3445 1226 locum

1879 1270 2094 1324 aridum
2152 1266 2542 1333 exmdiﬁcabis,
2619 1267 2890 1337 tignisque
2939 1275 3055 1320 tuto
3106 1281 3170 1321 ac
3223 1263 3448 1320 assidue

1870 1359 2106 1430 illigabis
2156 1378 2170 1413 :
2233 1359 2319 1414 sin
2377 1358 2524 1429 ligna
2560 1358 2740 1414 solum
2807 1356 3030 1422 fuerint,
3083 1353 3448 1411 includendus

1868 1453 2022 1506 locus
2055 1451 2219 1521 lignis
2274 1459 2360 1506 est
2400 1450 2833 1519 ﬁrmandusque.

1940 1543 2026 1598 70.
2062 1542 2162 1599 Ubi
2192 1543 2280 1598 hic
2310 1542 2465 1598 locus
2494 1543 2559 1597 ad
2594 1542 2915 1613 praedictum
2950 1541 3172 1596 modum
3201 1542 3449 1597 inclusus

1872 1635 2060 1701 fuerit,
2111 1634 2412 1703 hostesque
2462 1649 2588 1688 eum
2652 1635 2832 1687 locum
2868 1635 3211 1699 adoriantur,
3269 1619 3457 1703 neque

1879 1728 2099 1782 illorum
2166 1727 2429 1794 impetum
2489 1725 2762 1781 sustinere
2821 1735 2997 1794 potes,
3064 1734 3189 1782 ante
3242 1727 3452 1780 adven-

1881 1829 1998 1873 tum
2068 1819 2312 1873 hostium
2378 1818 2652 1882 discedes,
2742 1817 2995 1873 homines
3051 1817 3188 1872 satis
3248 1816 3454 1872 multos

1873 1921 2036 1979 atque
2089 1910 2319 1966 idoneos
2349 1909 2424 1964 ibi
2461 1909 2782 1978 relinquens
2825 1925 2838 1961 :
2885 1909 2970 1964 vel
2998 1922 3166 1978 prope
3195 1922 3321 1962 eum
3370 1908 3455 1962 lo-

1873 2019 1997 2058 cum
2057 2011 2240 2056 castra
2301 2016 2494 2071 pones,
2557 2009 2617 2056 ut
2671 2015 2852 2070 neque
2921 2015 3092 2070 prope
3155 2015 3280 2055 cum
3348 1999 3454 2060 sis.

1879 2095 2116 2166 praeliari
2177 2108 2304 2148 cum
2369 2093 2620 2148 hostibus
2681 2091 2958 2160 cogaris:
3009 2105 3189 2160 neque
3234 2091 3459 2159 longius

1879 2189 1949 2245 de
2020 2187 2328 2242 munitione
2389 2185 2664 2250 discedas,
2731 2193 2792 2239 ut
2851 2199 2922 2239 ne
2986 2182 3457 2253 opportunitatem

1874 2281 2058 2335 hostes
2117 2279 2263 2333 nacti
2317 2277 2673 2334 vehementer
2712 2276 2962 2332 inclusos
3013 2275 3118 2331 hac
3145 2275 3459 2331 munitione

1877 2373 2166 2428 invadant.

1947 2465 2036 2518 71.
2079 2462 2309 2535 Signum
2340 2460 2562 2532 aliquod
2628 2461 2738 2517 illis
2801 2469 3014 2517 certum
3051 2460 3326 2518 interdum
3364 2461 3460 2517 da-

1879 2557 1987 2620 bis,
2054 2564 2219 2625 atque
2278 2555 2430 2609 aliud
2491 2563 2700 2609 certum
2756 2562 2946 2621 noctu,
3007 2568 3117 2626 quo
3177 2553 3458 2626 cognitum

1878 2648 1975 2703 tibi
2027 2646 2134 2703 erit
2183 2661 2422 2717 quonam
2481 2644 2535 2699 in
2597 2653 2744 2703 statu
2772 2645 2902 2700 sint.

1950 2825 2038 2878 72.
2093 2824 2152 2879 Si
2198 2824 2436 2896 pedestri
2489 2825 2679 2894 praelia
2716 2824 2904 2894 repelli
2955 2823 3161 2882 milites
3205 2832 3461 2897 possunt,

1881 2917 1975 2972 ubi
2017 2917 2201 2987 aliqua
2261 2917 2512 2972 molestia
2573 2917 2820 2972 inclusos
2856 2916 3205 2980 circumstat,
3259 2931 3327 2970 ne
3363 2916 3467 2971 hoc

1880 3007 2099 3077 quidem
2130 3005 2653 3077 praatermittendum
2682 3017 2788 3074 est,
2843 3013 2902 3060 ut
2931 3022 3000 3062 ue
3024 3006 3078 3060 in
3114 3005 3336 3078 aliquod
3373 3021 3467 3076 pe-

1881 3098 2120 3154 riculum
2157 3097 2401 3151 veniant.

1960 3190 2050 3244 ⁸75.
2108 3187 2215 3244 Ubi
2271 3189 2455 3259 aliqua
2515 3188 2786 3244 securitas
2837 3186 2952 3257 jam
3023 3195 3133 3250 est,
3205 3187 3468 3257 paulatim

1885 3282 2156 3338 aediﬁcare
2197 3290 2414 3352 oportet
2448 3291 2761 3350 susceptam
2793 3280 3182 3341 munitionem,
3225 3278 3471 3334 firmam—

1882 3389 1988 3445 que
2034 3389 2157 3430 eam
2220 3389 2284 3428 ac
2337 3374 2621 3428 robustam
2665 3370 2884 3426 facere.
2943 3371 3301 3443 omniumque
3363 3387 3466 3428 ne-

1883 3463 2249 3522 cessariarum
2281 3478 2466 3518 rerum
2493 3477 2687 3517 curam
2723 3462 3006 3531 susc'pere

1958 3555 2046 3609 7t.
2089 3552 2421 3624 Huiusmodi
2460 3567 2643 3608 rerum
2685 3552 3074 3622 aggressiones
3146 3551 3345 3607 idonee
3369 3551 3470 3606 ad—

1884 3659 2081 3701 versus
2129 3651 2415 3713 equestres
2441 3641 2631 3712 copias
2711 3639 2883 3706 Julio,
2913 3641 3184 3712 Augusto.
3244 3650 3339 3695 aut
3368 3641 3470 3695 Se-

1885 3735 2122 3808 ptembri
2156 3749 2346 3791 mense
2376 3734 2790 3804 suscipiuntur.
2829 3732 3054 3802 quando
3086 3731 3258 3789 herba
3289 3735 3472 3789 omnis

1885 3828 2128 3885 arefacta
2183 3835 2494 3897 exustaque
2543 3834 2651 3890 est,
2682 3826 3015 3897 equitesque
3063 3827 3304 3884 hostium
3353 3829 3473 3885 im-

1887 3920 2178 3992 pediantur
2234 3918 2329 3974 diu
2365 3919 2512 3975 ineo
2568 3919 2692 3974 loco
2750 3919 3080 3975 consistere.

1956 4102 2047 4155 75.
2087 4099 2147 4155 Si
2193 4099 2443 4156 defectus
2495 4098 2587 4154 bic
2647 4099 2805 4154 locus
2854 4113 2995 4169 aqua
3055 4098 3244 4167 fuerit,
3295 4114 3473 4170 neque

1889 4203 2085 4248 natura
2147 4194 2221 4248 ibi
2271 4194 2362 4260 sit,
2421 4209 2600 4264 neque
2651 4195 2707 4248 in
2765 4193 2914 4249 fossa
2967 4194 3076 4248 ulla
3137 4195 3473 4260 inveniatur,

1886 4288 1970 4342 vel
2007 4286 2153 4341 dolia
2187 4294 2447 4352 testacea,
2483 4287 2566 4340 vel
2606 4286 2782 4340 buttia
2841 4287 3052 4355 integra
3107 4302 3324 4356 parare,
3387 4297 3474 4343 at-

1889 4395 1996 4448 que
2044 4395 2186 4451 aqua
2237 4379 2482 4449 explere,
2535 4386 2589 4434 et
2638 4379 2949 4435 colchlaces
3001 4379 3292 4436 ﬂuviatiles
3339 4396 3473 4436 con-

1888 4471 2080 4541 jicere,
2124 4487 2247 4542 quae
2300 4471 2410 4526 illis
2440 4471 2508 4526 ad
2554 4471 2847 4526 hibernum
2898 4479 3116 4541 tempus
3170 4469 3466 4537 sulllciant,

1889 4565 2253 4634 cisternaeque
2297 4563 2638 4618 aediﬁcentur
2672 4564 2739 4618 ad
2785 4579 2984 4633 aquam
3028 4564 3268 4634 pluviam
3318 4547 3473 4620 eici~

1892 4659 2170 4728 piendam.

1960 4750 2050 4804 76.
2091 4749 2160 4806 Ut
2213 4764 2281 4803 ne
2332 4764 2471 4819 aqua
2511 4750 2661 4804 oleat
2717 4748 2947 4803 immota
2991 4757 3170 4812 stans,
3226 4747 3331 4802 sub
3373 4763 3471 4801 va-

1890 4844 1972 4898 sis
2024 4842 2370 4912 receptacula
2422 4842 2671 4910 quadam
2726 4847 3024 4911 ponantur,
3086 4849 3146 4894 ut
3208 4841 3473 4910 paulatim

1899 4933 2144 4988 deﬂuens
2205 4947 2346 5002 aqua
2401 4943 2609 4988 motum
2669 4932 2906 5001 capiat:
2960 4931 3053 4986 ubi
3090 4938 3276 4988 autem
3319 4916 3472 4987 com-

1900 5025 2040 5094 pleta
2084 5024 2197 5077 haec
2239 5023 2582 5092 receptacula
2663 5023 2886 5088 fuerint,
2955 5037 3148 5078 rursus
3213 5038 3266 5076 In
3325 5023 3474 5077 dolia

1898 5121 1952 5165 et
1983 5110 2159 5164 buttia
2195 5110 2576 5174 infundantur,
2613 5119 2673 5164 ut
2713 5110 2818 5166 hoc
2858 5120 3009 5164 motu
3050 5125 3192 5180 aqua
3246 5110 3477 5180 perﬂatu

1901 5197 2124 5253 minime
2165 5208 2578 5269 corrumpatur.

1967 5377 2057 5430 77.
2089 5375 2231 5430 Utile
2257 5383 2437 5429 autem
2470 5375 2633 5429 fuerit
2654 5389 2870 5431 asseres
2900 5388 3209 5444 praeparare
3232 5373 3475 5429 crassio-

1898 5483 2009 5534 res,
2040 5476 2095 5522 et
2146 5468 2200 5522 in
2251 5466 2400 5522 fossa
2425 5482 2519 5522 eos
2563 5482 2916 5538 conjungere.
2947 5474 3060 5519 tum
3087 5465 3293 5535 sarpio,
3329 5467 3478 5533 pice.-

1900 5570 2119 5631 stuppa,
2174 5559 2470 5629 iuncturas
2498 5574 2690 5614 omnes
2746 5559 2966 5614 ﬁrmare
3023 5559 3306 5627 nodosque
3349 5555 3472 5611 ido-

1724 5669 1955 5730 ΝΟΤἉΕ.

285 5769 401 5834 (20)
436 5769 646 5826 Τόπον,
682 5767 896 5829 Scribe,
925 5767 1146 5834 τρόπον.

283 5839 400 5909 (21)
431 5838 906 5908 Κασαλλαρικοῦ.
942 5836 1154 5899 Scribe.
1201 5854 1526 5908 κακαρικου.

1977 5766 2090 5838 (22)
2135 5767 2241 5823 Kal
2273 5766 2465 5821 ἔσται.
2497 5764 2706 5833 Scribe,
2749 5764 2984 5820 καίεται.
