4176 6442
1902 366 2177 427 LEONlS
2204 366 2334 426 P11]
2345 364 2661 429 LOSOPHI

728 378 834 443 907
1902 366 2177 427 LEONlS
2204 366 2334 426 P11]
2345 364 2661 429 LOSOPHI
3884 360 3999 427 εοε

730 504 833 545 nee
895 494 1101 557 aptare,
1161 493 1275 537 tum
1331 480 1526 538 ordine
1575 481 1809 552 quodam
1862 478 2135 533 cisternas
2183 492 2297 531 me-

2429 479 2906 548 ιατασφαλίσασθαι
2942 479 3039 542 τὰς
3063 477 3272 547 ζεύξεις
3311 478 3428 550 ἦτοι
3461 477 3589 541 τοὺς
3626 478 3840 547 ἀρμοίις
3883 477 3954 527 αὖ
3976 503 3995 514 -

731 579 946 633 diorres
998 587 1261 643 apparare
1311 572 1500 642 viginti
1547 585 1794 630 numero,
1853 568 2041 623 decem
2096 565 2295 635 pedum

2433 570 2518 635 οὖ,
2548 573 2641 624 καὶ
2670 573 2729 625 ἐν
2757 571 2907 635 τάξει
2938 571 3157 641 ξυλίνης
3181 571 3501 641 κινστέρνης
3527 570 3848 640 συμμέτρου
3882 588 3993 623 καφ

732 665 1042 729 latitudine,
1108 662 1399 716 altitudine
1467 670 1646 715 antem
1729 667 1876 725 υειο,
1945 668 2039 713 aut
2088 659 2299 720 decem,
2402 665 2757 727 τασκευάσαι,
2792 665 2902 718 εἴτε
2940 666 3088 734 μίαν⁹
3113 666 3223 717 εἴτε
3245 664 3480 727 πλείους,
3529 664 3761 732 ἐχούσας
3808 666 3992 715 εἴκοσι

733 762 910 813 donec
967 770 1159 811 omnes
1213 756 1464 810 cisternae
1530 752 1599 805 ad
1667 766 1865 821 aquam
1935 763 2151 804 omnem
2205 763 2301 801 ca-

2434 756 2493 808 πὶ
2528 756 2658 809 δέκα
2686 756 2850 820 πόδας
2886 757 2945 809 τὸ
2972 755 3195 821 πλάτος,
3234 757 3294 809 τὸ
3318 756 3375 809 δέ
3403 754 3536 824 ὕψος
3565 754 3710 808 ὀκτὼ
3743 756 3777 826 ἦ
3824 755 3989 817 δέκα,

733 847 988 918 piendam
1034 846 1241 901 habiles
1276 845 1493 900 fuerint.
1524 842 1580 896 In
1625 842 1925 913 majoribus
1963 841 2108 895 enim
2156 838 2304 893 vasis

2429 848 2597 919 ιὲχρις
2646 841 2707 900 οὗ
2731 850 3022 920 ἐγχόρηγοι
3054 849 3111 902 αί
3160 849 3468 919 κινστέρναι
3502 849 3791 915 γένωνται·
3825 849 3992 918 δῆλον

735 939 947 995 diutius
1000 954 1142 1008 aqua
1196 946 1497 1007 permanet.
1529 934 1802 991 Transtra
1838 942 2022 989 autem
2050 931 2303 1003 quaedam

2429 943 2510 1011 'o'tp
2535 943 2679 993 ἐστιν
2706 941 2779 1003 ὡς
2806 944 2863 994 ἐν
2898 943 3010 1004 τοῖς
3058 940 3393 1011 μειζοτέροις
3436 940 3682 1009 ἀγγείοις
3732 940 3899 993 πλέον
3928 940 3994 991 τὸ

736 1030 917 1101 lignea
949 1033 1240 1099 trabesque
1271 1028 1338 1083 ad
1362 1030 1695 1084 continenda
1725 1029 1894 1083 latera
1924 1028 2296 1081 cisternarum

2429 1031 2551 1100 bowp
2592 1029 2853 1099 διαμένει.
2902 1030 3143 1099 Κατόχια
3168 1029 3224 1083 δὲ
3266 1028 3450 1094 ξύλινα
3479 1032 3538 1082 ἐν
3578 1030 3656 1099 τῷ
3700 1030 3854 1099 μέσῳ
3877 1031 3993 1081 τῶν

739 1119 1123 1181 adhibeantur,
1164 1124 1224 1171 ut
1254 1132 1321 1172 ne
1347 1131 1500 1186 aquae
1537 1115 1891 1170 multitudine
1940 1115 2175 1184 disrupti
2212 1129 2305 1168 as-

2429 1119 2737 1190 ιινστερνῶν
2768 1112 2882 1172 οἷον
2908 1118 3238 1189 συνδέσμους
3260 1117 3336 1179 ὡς
3368 1117 3647 1186 τραπεζέα
3675 1116 3758 1169 δεῖ
3792 1115 3992 1184 βάλλε-

739 1227 893 1267 seres
918 1211 1227 1278 discedant,
1284 1225 1533 1283 aquaque
1587 1211 1768 1266 omnis
1837 1207 2173 1264 effundatur.

2429 1212 2537 1265 rem
2575 1213 2667 1265 καὶ
2722 1210 2943 1274 σανίδας
2977 1210 3231 1279 παχείας,
3287 1210 3373 1263 ἵνα
3413 1210 3488 1280 μή
3536 1209 3614 1278 τῷ
3671 1209 3869 1279 πλήθει
3896 1208 3995 1260 τοῦ

2412 1300 2601 1362 ὓδατος
2624 1300 2939 1371 βιαζόμεναι
2959 1299 3016 1353 αἱ
3035 1298 3243 1360 σανίδες
3262 1301 3624 1369 στρέφωνται,
3646 1301 3739 1352 καὶ
3758 1298 3822 1351 τὸ
3846 1298 3995 1369 ὔδωρ

2409 1391 2773 1448 ἀπολλύωσιν.

813 1485 903 1540 78.
943 1485 1130 1555 Itaque
1211 1485 1375 1553 igitur
1413 1483 1480 1537 de
1516 1484 1617 1538 hac
1657 1497 1716 1537 re
1768 1483 1927 1537 nobis
1960 1482 2169 1537 dictum
2216 1483 2308 1542 sit,

740 1581 801 1629 ut
852 1585 1098 1643 tempore
1151 1573 1254 1628 hoc
1308 1574 1655 1628 desiderante
1711 1573 2024 1641 hujusmodi
2078 1587 2310 1643 appara-

742 1675 856 1719 tum
916 1665 968 1719 in
1048 1673 1304 1736 promptu
1356 1665 1581 1721 habeas.
1656 1665 1732 1720 De
1792 1665 2083 1721 obsidione
2148 1664 2315 1733 igitur

743 1755 975 1827 aliisque
1025 1758 1188 1811 rebus
1229 1757 1343 1811 haec
1394 1757 1506 1815 sint
1560 1757 1717 1809 salis.

1195 1845 1663 1903 CONSTITUTIO
1714 1844 1853 1901 XVI.

1076 1939 1152 1994 De
1183 1940 1571 1995 incursionibus
1616 1948 1731 2007 post
1767 1937 1980 1993 bellum.

814 2034 868 2087 1.
909 2029 1105 2087 Restat
1154 2032 1264 2100 jam
1304 2037 1362 2083 ut
1390 2044 1511 2098 quae
1541 2036 1666 2099 post
1717 2031 1924 2084 exitum
1957 2027 2083 2083 belli
2130 2028 2315 2082 futura

743 2131 894 2186 sunt,
932 2123 1203 2176 dicamus.
1253 2121 1309 2173 Si
1363 2121 1510 2174 enim
1556 2120 1859 2173 exercitum
1912 2119 2049 2173 bene
2111 2121 2318 2171 instru-

745 2215 915 2279 xeris,
968 2211 1078 2268 Deo
1120 2211 1357 2281 propitio
1410 2224 1702 2280 speramus
1766 2209 2055 2263 victoriam
2121 2224 2317 2264 conse-

745 2313 1020 2361 Cuturam.

813 2396 868 2449 2.
932 2396 1011 2449 Ae
1074 2395 1310 2463 primum
1372 2393 1563 2464 gratia:
1640 2391 1876 2447 Domino
1942 2402 2133 2445 nostro
2191 2390 2318 2445 Jesu

744 2488 964 2544 Christo
1021 2487 1261 2557 agendae,
1306 2484 1388 2541 vel
1430 2494 1559 2540 ante
1612 2484 1900 2539 victoriam
1935 2482 2059 2537 belli
2112 2482 2318 2551 aliquid

744 2578 895 2648 pium
939 2576 1393 2650 promittendum,
1456 2572 1604 2645 quod
1665 2573 1997 2645 promissum
2031 2580 2155 2642 post
2191 2571 2319 2626 belli

744 2669 956 2726 exitum
1003 2667 1322 2722 faciendum
1373 2668 1467 2721 sit.

814 2762 867 2816 3.
908 2759 1114 2816 Deinde
1172 2757 1632 2829 perscrutaberis,
1668 2757 1763 2827 qui
1817 2772 1877 2813 se
1903 2757 1958 2811 in
1989 2756 2133 2811 bello
2175 2764 2318 2811 stre-

744 2867 854 2906 nue
913 2853 1206 2921 gesserint,
1278 2850 1499 2920 illisque
1566 2850 1797 2905 idoneos
1853 2848 2092 2902 honores
2150 2848 2315 2902 liabe-

743 2943 854 3008 bis,
902 2942 1129 3013 ignavos
1174 2951 1359 2996 autent
1408 2956 1518 3011 quo
1569 2956 1669 3012 par
1719 2946 1804 2995 est
1850 2937 2125 3008 supplicio
2179 2953 2317 2991 con-

747 3033 1013 3103 stringes.

813 3127 870 3181 4.
921 3125 1190 3180 Strenuos
1242 3124 1392 3179 viros
1460 3123 1529 3180 iis
1576 3123 1902 3178 muneribus
1979 3121 2314 3177 honorabis:

745 3221 992 3289 integras
1054 3226 1389 3280 armaturas,
1443 3217 1489 3272 si
1551 3232 1673 3287 quas
1725 3218 1893 3271 clara:
1961 3216 2322 3283 illustresque

745 3311 968 3376 fuerint,
1013 3324 1077 3365 ac
1101 3310 1167 3364 de
1208 3308 1419 3365 bellicis
1450 3308 1645 3378 spoliis
1688 3323 1811 3378 qua:
1845 3305 2134 3362 commoda
2166 3314 2321 3370 sunt,

746 3403 858 3458 illis
901 3402 1081 3463 dabis,
1140 3401 1557 3470 honoribusque
1604 3416 1704 3471 pro
1754 3399 2022 3469 dignitate
2073 3414 2139 3453 ex
2167 3410 2324 3467 aequo

747 3510 811 3550 ac
860 3494 1005 3548 bono
1070 3506 1534 3562 unumquemque,
1592 3500 1653 3546 ut
1694 3489 1955 3546 cohortes
2008 3488 2321 3549 milliarias,

749 3588 1040 3649 cohortes,
1092 3586 1401 3647 centurias,
1454 3584 1807 3654 reliquasque
1858 3592 2151 3638 consuetas
2221 3580 2327 3635 sub

748 3679 1088 3735 dominatum
1129 3686 1282 3733 tuum
1318 3677 1599 3747 subjectas
1634 3676 2036 3731 multitudines.
2074 3672 2327 3729 Plebeios

754 3773 980 3838 milites,
1040 3773 1133 3842 qui
1192 3771 1408 3826 strenui
1472 3769 1692 3837 fuerint,
1754 3768 2065 3823 minoribus
2127 3765 2324 3834 donis;

749 3864 1035 3933 praefectos
1075 3872 1257 3917 autem
1310 3862 1610 3931 majoribus
1660 3861 1995 3917 honorabis:
2050 3862 2126 3915 ita
2181 3861 2327 3915 enim

750 3957 843 4010 fiet
893 3964 953 4009 ιιι
987 3955 1185 4024 majori
1242 3953 1576 4021 fortiorique
1634 3954 1821 4007 animo
1856 3953 1966 4008 sint
2016 3952 2111 4022 qui
2166 3952 2329 4005 dimi-

750 4048 976 4111 cabunt,
1027 4047 1073 4103 si
1126 4061 1192 4102 ea
1239 4060 1362 4115 qum.
1420 4044 1648 4115 cupiunt
1682 4045 1737 4100 iu
1776 4045 1970 4115 primis
2022 4058 2329 4114 assequan-

751 4146 863 4192 ῑυΓ.

822 4230 876 4284 5.
911 4226 1016 4283 Ubi
1042 4228 1188 4284 enim
1239 4229 1477 4284 honores
1509 4237 1560 4283 et
1589 4228 1812 4298 praemia
1840 4226 2114 4283 habentur
2144 4228 2329 4294 bonis,

752 4321 1021 4391 supplicia
1070 4328 1125 4374 et
1171 4334 1347 4390 postia:
1412 4318 1714 4375 aﬂ‘eruntur
1762 4320 1943 4385 malis,
2005 4320 2080 4375 ibi
2133 4319 2330 4375 bonam

752 4424 906 4481 spem
968 4408 1190 4464 habebit
1244 4409 1551 4464 exercitus:
1610 4408 1737 4462 mali
1794 4410 1941 4463 enim
2023 4408 2077 4463 in
2143 4406 2334 4462 formi-

2481 1495 2579 1559 οη¹.
2617 1487 2777 1541 Οὕτω
2810 1488 2909 1556 μὲν
2932 1485 3025 1541 οὖν
3059 1486 3154 1541 καὶ
3179 1485 3310 1556 περὶ
3335 1485 3528 1538 τούτου
3554 1484 3816 1555 εἰρήσθω,
3844 1483 3996 1543 ὅπως

2414 1580 2548 1634 ποτέ
2572 1580 2764 1651 καιροῦ
2793 1578 3085 1642 καλοῦντος
3113 1579 3241 1650 ἔχῃς
3268 1578 3334 1631 δι’
3368 1576 3588 1645 ἑτοίμου
3620 1576 3713 1628 καὶ
3752 1575 3854 1645 τήν
3878 1591 3995 1626 τοι·

2415 1675 2585 1743 αὐτην
2613 1671 2878 1736 διάταξιν.
2904 1669 3153 1723 Τοσαῦτα
3178 1670 3277 1739 μέν
3306 1685 3389 1722 σοι
3416 1667 3511 1721 καὶ
3540 1666 3667 1736 περί
3694 1682 3753 1719 τε
3781 1666 3997 1735 πολιορ-

2419 1767 2542 1829 κίας
2572 1768 2666 1820 καὶ
2695 1766 2801 1820 τῶν
2829 1765 3004 1819 ἀλλων
3031 1761 3292 1831 εἰρήσθω.

2910 1852 3220 1909 Amm:
3244 1855 3338 1920 lC.”
3372 1853 3509 1920 (εδ).

2741 1949 2880 2017 Περὶ
2916 1945 3033 2001 τῶν
3063 1945 3213 2015 μετά
3243 1946 3352 1999 τὸν
3379 1947 3666 2013 πόλεμον.

2493 2042 2557 2095 α’.
2605 2040 2834 2110 Ἐφεξῆς
2865 2041 2921 2094 δὲ
2946 2040 3150 2093 τούτων
3171 2039 3266 2093 καὶ
3297 2040 3397 2092 ὅσα
3428 2037 3568 2108 μετά
3613 2038 3713 2105 τὴν
3755 2035 3998 2102 πολέμου

2422 2136 2647 2188 ἔκϐασιν
2693 2133 2811 2187 δέον
2862 2132 3107 2201 γίνεσθαι
3157 2131 3368 2202 ῥητέον.
3421 2129 3532 2183 Καὶ
3560 2128 3669 2200 γὰρ
3700 2128 3795 2180 ἐὰν
3819 2125 4002 2186 καλῶς

2419 2227 2654 2297 ἐκτάξῃς
2681 2225 2744 2278 τὸ
2793 2224 3128 2295 στράτευμα,
3164 2221 3302 2290 μετά
3342 2221 3442 2289 τῆς
3460 2218 3555 2271 τοῦ
3579 2215 3714 2271 Θεοῦ
3747 2213 4003 2285 βοηθείας

2420 2316 2712 2386 ἐλπίζομεν
2741 2313 2837 2369 καὶ
2864 2316 2963 2383 τὴν
2990 2313 3147 2382 νίκην
3172 2310 3528 2382 παρέσεσθαι.

2494 2409 2557 2479 β’.
2585 2408 2695 2463 Καὶ
2716 2408 2929 2475 πρῶτον
2952 2404 3049 2475 μὲν
3073 2402 3372 2466 ἀποδώσεις
3396 2402 3584 2472 Κυρίῳ
3608 2399 3684 2470 τῷ
3702 2396 3823 2466 Θεῷ
3845 2397 4005 2466 ήμῶν

2434 2500 2609 2571 Ἰησοῦ
2637 2498 2859 2569 Χριστῷ
2888 2499 2989 2567 τήν
3020 2496 3392 2567 εὐχαριστίαν,
3428 2498 3522 2550 καὶ
3560 2496 3660 2548 εῖτι
3689 2491 4007 2562 ἐπηγγείλω

2421 2591 2529 2662 πρὸ
2551 2592 2649 2659 τῆς
2682 2590 2839 2659 νίκης
2861 2588 2955 2642 τοῦ
2982 2588 3223 2657 πολέμου
3256 2587 3527 2641 ἀποδώσει
3559 2586 3696 2657 μετά
3717 2585 3821 2655 τήν
3850 2583 4007 2649 νίκην

2422 2680 2795 2752 χαριστήριον,
2831 2678 2905 2748 μὴ
2934 2678 3217 2748 ἀμελήσῃς
3244 2676 3559 2730 ἀποδοῦναι.

2492 2780 2564 2841 γ’.
2600 2772 2711 2826 Καὶ
2742 2768 2841 2825 εἷθ’
2873 2770 3047 2835 οὓτως
3078 2771 3464 2841 ἀνερευνήσεις
3484 2770 3612 2831 τοὺς
3642 2769 4007 2840 ἀριστεύσαν.

2420 2882 2517 2928 τας
2539 2867 2598 2917 ἐν
2634 2866 2745 2927 τοῖς
2774 2866 2876 2931 τῆς
2906 2863 3086 2932 μάχης
3110 2860 3393 2924 κινδύνοις,
3419 2860 3516 2914 καὶ
3538 2860 3762 2923 τούτους
3792 2862 4012 2930 ἀνευρί-

2425 2972 2569 3009 σκων
2588 2954 2819 3025 τίμησον
2842 2953 3042 3016 αὐτοὺς
3062 2953 3293 3022 δωρεαῖς
3315 2950 3410 3004 καὶ
3436 2954 3625 3020 τιμαῖς
3647 2954 3771 3015 ταῖς
3793 2952 4011 3019 ἑκάστῳ

2425 3048 2783 3118 πρεπούσαις·
2804 3048 2927 3108 τοὺς
2949 3046 3005 3099 δὲ
3034 3046 3238 3108 κακοὺς
3266 3044 3534 3112 φανέντας
3563 3042 3785 3108 κόλαζε.

2497 3143 2559 3198 δ’.
2593 3143 2856 3211 Τιμήσεις
2874 3139 2932 3192 δέ
2961 3141 3089 3202 τοὺς
3111 3139 3542 3209 ἀριστεύσαντας
3568 3138 3799 3209 δωρεαῖς
3830 3136 4014 3190 τοιαύ-

2428 3253 2571 3297 ταις,
2599 3228 2712 3287 οἷον
2741 3232 3041 3295 πανοπλίας
3076 3230 3362 3293 ἐπιδώσεις
3390 3228 3654 3301 τερπνὰς,
3693 3228 3789 3282 καὶ
3815 3230 3887 3291 τὰ
3909 3228 4016 3281 ἀπὸ

2425 3329 2520 3383 τοῦ
2548 3329 2785 3397 πολέμου
2817 3325 3129 3396 συνηγμένα
3152 3324 3324 3379 σκύλα
3364 3323 3643 3394 διανεμεῖς
3685 3324 3907 3386 αὐτοῖς’
3940 3339 4018 3373 τι-

2432 3420 2625 3489 μήσεις
2652 3418 2709 3471 δέ
2738 3419 2832 3471 καὶ
2854 3418 2932 3479 είς
2961 3414 3247 3485 ἀξιώματα
3266 3414 3387 3467 κατ’
3410 3413 3707 3480 ἀναλογίαν
3734 3412 4017 3481 ἁρμοδίως

2426 3509 2677 3572 ἕκαστον,
2713 3501 2824 3560 οἷον
2856 3508 2936 3566 εἰς
2964 3504 3380 3575 δρουγγαρίους,
3408 3506 3486 3567 είς
3513 3502 3701 3573 βάνδα,
3738 3504 3822 3565 είς
3858 3519 4018 3554 κεντ-

2429 3598 2665 3669 αρχίας,
2702 3599 2796 3652 καὶ
2853 3598 2934 3660 είς
2988 3597 3087 3659 τάς
3136 3596 3305 3659 ἀλλας
3353 3596 3606 3666 συνήθεις
3652 3593 3758 3647 ὑπὸ
3784 3595 3891 3663 τὴν
3922 3594 4018 3662 σὴν

2430 3690 2679 3755 ἐξουσίαν
2705 3688 3033 3759 ἀρχοντικάς
3065 3686 3336 3757 προϐολὰς
3356 3727 3371 3751 ,
3393 3685 3503 3739 τῶν
3531 3684 3631 3755 μὲν
3649 3683 3817 3736 λιτῶν
3850 3700 4018 3753 στρα-

2429 3780 2643 3836 τιωτῶν
2659 3782 2785 3843 τοὺς
2810 3780 3336 3849 ἀνδραγαθήσαντας
3367 3779 3447 3840 είς
3467 3776 3802 3847 μικροτέρας
3826 3775 4017 3844 τιμὰς,

2430 3873 2540 3928 τῶν
2569 3872 2625 3925 δὲ
2667 3872 2947 3943 ἀρχόντων
2998 3872 3079 3933 είς
3116 3869 3369 3940 μείζονας
3427 3868 3643 3939 ἀρχάς·
3698 3865 3880 3927 οὔτως
3914 3865 4021 3933 γὰρ

2435 3962 2803 4033 μεγαλόψυχοι
2859 3962 2952 4014 καὶ
2996 3962 3233 4029 γενναῖοι
3273 3959 3487 4013 ἔσονται
3542 3958 3591 4011 οἱ
3621 3957 4021 4026 ἀγωνιζόμενοι

2430 4056 2791 4125 τυγχάνοντες
2816 4053 3051 4123 μάλιστα
3081 4052 3174 4104 καὶ
3206 4044 3280 4105 ὧν
3300 4049 3679 4120 ἐπιθυμοῦσιν.

2504 4227 2566 4283 ε’.
2602 4226 2779 4282 Ὅπου
2805 4227 2861 4280 δέ
2889 4227 3049 4296 τιμαὶ
3083 4226 3182 4295 μέν
3215 4224 3312 4279 καὶ
3339 4224 3504 4295 κέρδη
3532 4222 3881 4277 ἀποδίδονται
3913 4223 4024 4283 τοῖς

2433 4319 2680 4386 ἀγαθοῖς,
2711 4318 2973 4389 τιμωρίαι
2997 4317 3053 4370 δέ
3082 4316 3379 4383 ἐπάγονται
3400 4316 3512 4377 τοῖς
3535 4314 3745 4376 κακοῖς,
3782 4312 4026 4366 ἐνταῦθα

2434 4409 2603 4473 καλάς
2642 4409 2862 4471 ἐλπίδας
2888 4408 3033 4478 ἔχειν
3063 4407 3121 4472 ἐξ
3149 4408 3399 4476 ἀνάγκης
3440 4405 3501 4459 τὸ
3535 4404 3908 4474 στρατόπεδον
3928 4420 3942 4434 ·
3974 4403 4024 4455 οἱ

753 4502 885 4557 dine
937 4500 1204 4570 peccandi
1270 4508 1455 4566 erunt,
1512 4498 1640 4553 boni
1696 4512 1829 4554 vero
1882 4506 1941 4552 ut
1971 4498 2186 4553 strenui
2217 4496 2324 4552 sint

2439 4502 2537 4571 μὲν
2571 4500 2682 4569 γάρ
2732 4501 2895 4555 κακοὶ
2925 4498 3215 4566 φοϐοῦνται
3264 4496 3626 4567 ἁμαρτάνειν,
3657 4496 3705 4547 oi.
3737 4494 3794 4547 δέ
3826 4492 4025 4561 ἀγαθοὶ

756 4592 1103 4647 laborabunt.

825 4682 880 4738 6.
941 4683 1127 4752 Neque
1158 4697 1289 4736 vero
1333 4683 1510 4738 solum
1549 4680 1850 4750 unicuique
1898 4679 2217 4749 singulatim
2247 4679 2327 4732 vi-

751 4786 816 4826 ro
869 4772 1107 4827 honores
1168 4771 1420 4835 habebis,
1466 4771 1562 4826 sed
1615 4771 1779 4827 etiam
1841 4770 2084 4841 integras
2140 4771 2331 4825 cohor-

754 4872 859 4927 tes,
886 4863 1145 4917 cohortes
1208 4861 1522 4926 milliarias,
1560 4875 1624 4915 ac
1681 4868 1892 4915 turmas
1938 4860 2181 4931 primitiis
2239 4860 2328 4916 de-

754 4953 998 5009 corabis.
1049 4952 1155 5007 Res
1206 4952 1443 5007 hostium
1512 4952 1782 5007 militibus
1844 4951 2184 5022 diripiendas
2234 4951 2330 5007 da—

753 5046 863 5112 bis,
922 5045 1039 5100 sive
1093 5053 1392 5113 apparatus
1459 5044 1683 5113 aliquis,
1741 5044 1857 5100 sive
1916 5043 2328 5114 impedimenta,

755 5138 870 5193 sive
917 5136 1154 5200 tuldum,
1216 5136 1331 5192 sive
1384 5136 1602 5201 civitas,
1638 5136 1754 5191 sive
1803 5135 2088 5192 castellum
2128 5134 2326 5192 fuerit:

755 5227 863 5283 nisi
911 5228 957 5283 si
997 5228 1231 5298 captivis
1294 5228 1575 5296 rebusque
1621 5227 1853 5297 direptis
1888 5227 2099 5296 aliquid
2134 5229 2330 5284 melius

756 5336 821 5375 ac
867 5322 1188 5391 praeclarius
1252 5321 1445 5375 facies.

774 5486 783 5493 ι
825 5411 881 5469 7.
923 5412 1064 5483 Quid
1099 5412 1243 5467 enim
1268 5427 1451 5468 causae
1483 5426 1605 5467 esse
1639 5420 1839 5481 potest,
1874 5426 1972 5466 cur
2016 5427 2123 5467 non
2145 5426 2177 5468 e
2211 5411 2326 5466 bel-

757 5504 878 5560 licis
906 5503 1099 5575 spoliis
1130 5504 1338 5557 strenui
1377 5503 1581 5559 milites
1631 5503 1852 5572 praemia
1888 5503 2189 5571 haberent;
2229 5519 2325 5557 ve-

760 5606 978 5653 natores
1018 5597 1165 5652 enim
1205 5596 1483 5652 cernimus
1506 5610 1673 5651 canes
1718 5610 1847 5651 suos
1881 5595 2187 5651 venationis
2219 5611 2332 5651 suae

2434 4592 2825 4657 σπουδάζουσιν
2858 4590 3234 4660 ἀνδραγαθεῖν.

2506 4692 2580 4750 ς’.
2613 4685 2721 4739 Καὶ
2758 4686 2834 4755 μὴ
2880 4684 3039 4753 μόνον
3102 4683 3242 4735 κατά
3272 4680 3370 4735 ἕνα
3424 4679 3597 4748 ἄνδρα
3629 4679 3729 4740 τὰς
3782 4676 4024 4747 ἀμοιϐάς

2436 4777 2707 4841 ἀποδίδου,
2734 4774 2871 4827 ἀλλά
2902 4776 2997 4827 καὶ
3038 4773 3162 4826 ὅλον
3186 4773 3393 4839 τάγμα,
3421 4769 3763 4842 ἢδροῦγγον,
3797 4768 3831 4838 ἢ
3861 4768 4025 4837 τούρο

2438 4884 2564 4940 μαν,
2604 4865 3122 4938 ἀνδραγαθήσαντας
3154 4864 3417 4934 ἐπίτρεπε
3460 4860 3783 4932 διαρπάζειν
3810 4860 3883 4911 τά
3917 4859 4025 4911 τῶν

2439 4959 2715 5027 πολεμίων
2747 4957 2874 5019 τοὺς
2928 4954 3291 5027 στρατιώτας,
3346 4952 3460 5005 εἴτε
3498 4949 3809 5005 ἀποσκευαί
3860 4952 4019 5013 εἰσιν,

2437 5054 2548 5106 εἴτε
2578 5051 2639 5105 τὸ
2665 5049 2908 5113 τοῦλδον,
2935 5047 3046 5101 εἴτε
3082 5046 3256 5108 πόλις,
3292 5045 3327 5114 ῆ
3354 5044 3609 5113 κάστρον,
3646 5043 3679 5112 ή
3709 5058 3764 5093 τι
3795 5040 3885 5093 ἐτε
3897 5053 4021 5110 ρον·

2439 5142 2534 5196 ἐὰν
2562 5142 2670 5211 ἄρα
2699 5138 2773 5211 μή
2800 5138 2962 5209 βούλῃ
2983 5134 3349 5208 χρηστότερόν
3373 5151 3427 5186 τι
3471 5134 3601 5202 περὶ
3639 5131 3752 5184 τῶν
3783 5130 4023 5182 ἑαλωκό-

2436 5252 2545 5287 των
2582 5233 2676 5285 καὶ
2700 5230 3043 5302 πραγμάτων
3072 5228 3166 5282 καὶ
3197 5223 3565 5297 αἰχμαλώτων
3600 5220 4017 5292 βουλεύσασθαι.

2517 5408 2581 5472 ζ’.
2618 5407 2726 5460 Καὶ
2777 5404 2893 5463 πῶς
2952 5403 3060 5473 γὰρ
3088 5402 3149 5455 ού
3178 5401 3387 5454 δίκαιον
3422 5400 3534 5463 τοῖς
3564 5398 3882 5468 εἰρημένοις
3914 5396 4022 5450 ἀπὸ

2440 5504 2548 5556 τῶν
2578 5498 2849 5568 πολεμίων
2882 5496 3097 5558 σκύλοις
3121 5494 3250 5556 τοὺς
3286 5491 3715 5561 ἀριστεύσαντας
3749 5487 4021 5559 στρατιώ-

2439 5612 2538 5658 τας
2572 5588 2972 5662 φιλοτιμεῖσθαι
2998 5589 3255 5659 ;·ὁρῶμεν
3309 5587 3415 5655 γάρ
3450 5586 3530 5637 ὅτι
3559 5583 3653 5635 καὶ
3686 5582 3818 5643 τοὺς
3892 5600 4018 5635 κυν-

2248 5714 2456 5769 NOTAE

828 5792 942 5861 (9.3)
970 5790 1167 5845 lncod.
1204 5787 1370 5849 Laure
1407 5799 1485 5843 est
1515 5802 1631 5857 cap.
1674 5787 1735 5841 l5
