4176 6442
187 403 295 461 909
1235 409 1570 473 TACTIL‘A.
1609 436 1676 450 -
1716 415 2221 480 CONSTITU'I‘IO
2257 425 2407 484 XVI.
3334 433 3442 497 910

180 513 472 578 ηγετκοὺς
499 511 664 575 κύνας
717 513 766 566 οἱ
829 516 1054 584 κυνηγοὶ
1089 516 1181 569 τοῦ
1223 518 1590 588 θηρευομένου
1624 521 1758 584 ζώου

1872 530 2138 598 sanguine
2182 533 2428 587 inescare
2454 573 2468 598 ,
2507 534 2779 589 interdum
2824 536 2988 592 etiam
3029 538 3304 593 intestinis
3351 542 3446 592 do-

176 604 255 670 τῷ
285 604 498 672 αἵματι,
534 605 627 656 καί
673 622 802 657 ποτε
861 607 953 658 καὶ
1007 610 1114 670 τοῖς
1175 610 1470 672 ἐντοσθίοις
1495 612 1758 676 δελεάζεω¹

1876 633 2027 680 nare,
2059 630 2116 673 ut
2148 624 2215 674 ad
2251 624 2655 693 persequendas
2687 625 2830 680 feras
2861 628 3154 682 alacriores
3185 626 3340 681 ﬁant.
3371 629 3448 681 Ita

174 693 476 759 ἀναγκαῖον
532 693 835 757 ποιοῦνται,
882 696 970 748 ἶνα
1002 697 1442 767 προθυμοτέρους
1477 701 1572 752 xal
1606 701 1758 755 πάλιν

1875 717 2000 763 ante
2020 711 2144 766 belli
2175 716 2381 768 exitum
2412 717 2456 770 si
2491 717 2927 772 munerabuntur
2960 719 3183 783 milites,
3216 719 3452 774 alacrior

173 785 254 844 εἰς
284 784 672 855 τοὺςιάγῶνας
708 786 808 853 τῆς
865 786 1037 855 θήρας
1073 792 1396 856 ποιήσωσιν.
1439 790 1625 854 Οὕτως
1657 792 1758 862 γὰρ

1873 802 2155 856 exercitus
2179 804 2245 856 ad
2270 805 2468 858 bellum
2501 807 2798 875 gerendum
2831 807 2941 860 lict.

178 879 440 947 μάλιστα,
488 880 538 931 εἰ
585 880 680 932 καὶ
725 882 892 949 μήπω
949 881 1102 944 τέλος
1153 881 1373 950 δέξηται
1425 884 1455 936 ὁ
1501 883 1758 953 πόλεμος,
1800 887 2209 964 προθυμότερος
2244 895 2272 948 ὁ
2307 898 2534 966 στρατὸς
2597 898 2734 968 πρὸς
2806 895 2904 959 τάς
2970 899 3146 966 μάχας
3221 899 3447 968 γενήσε-

174 987 287 1021 ται.

245 1068 321 1130 η’.
356 1061 614 1132 Διαφέρει
678 1063 838 1133 γάρό
871 1063 1104 1133 πόλεμος
1151 1062 1253 1132 τῆς
1311 1065 1512 1134 μάχης⁶
1568 1067 1596 1119 ὁ
1665 1067 1763 1136 μὲν

176 1153 288 1220 γαρ
347 1152 580 1222 πόλεμος
645 1153 754 1205 ἀπὸ
785 1154 959 1222 ἀρχῆς
988 1155 1083 1206 καὶ
1136 1155 1300 1226 μέχρι
1326 1156 1513 1218 τέλους
1540 1158 1634 1210 καὶ
1665 1175 1764 1210 κα-

177 1244 507 1306 ταπαύσεως
533 1245 642 1298 τῶν
701 1246 1029 1315 μαχομένων
1052 1245 1290 1314 λέγεται,
1326 1247 1528 1310 πολλὰς
1551 1249 1610 1299 ἐν
1641 1249 1764 1301 ἐαυ-

174 1335 254 1402 τῷ
288 1337 470 1404 μάχας
520 1335 826 1406 περιέχων·
861 1337 894 1405 ἡ
939 1337 996 1391 δὲ
1059 1337 1204 1407 μάχη
1269 1338 1494 1406 μερικὸς
1544 1339 1763 1407 λέγεται

1933 1071 1986 1124 8.
2033 1071 2239 1126 Bellum
2273 1087 2302 1124 a
2342 1089 2523 1144 pugna
2565 1074 2779 1132 dill‘ert:
2811 1076 3010 1130 bellum
3059 1074 3203 1129 enim
3235 1075 3305 1130 ab
3336 1078 3446 1132 ini-

1865 1160 1943 1214 tio
1968 1178 2142 1231 usque
2166 1163 2232 1216 ad
2253 1163 2422 1217 linem
2445 1173 2498 1218 et
2523 1164 2766 1218 omnium
2796 1166 3026 1219 militum
3056 1165 3446 1234 cessationem,

1864 1255 2067 1309 multas
2106 1255 2310 1309 dicitur
2340 1256 2394 1310 in
2426 1272 2486 1312 se
2511 1272 2722 1327 pugnas
2759 1260 3043 1313 continere
3073 1277 3086 1312 :
3126 1273 3308 1329 pugna
3346 1274 3446 1312 au-

1863 1355 1971 1400 tem
2028 1361 2158 1415 pars
2198 1349 2446 1416 quaedam
2496 1349 2655 1419 quasi
2704 1349 2830 1403 belli
2893 1349 3095 1404 dicitur
3135 1391 3152 1415 ,
3211 1367 3331 1420 quae
3393 1353 3448 1406 in

177 1428 440 1495 πόλεμος,
499 1426 762 1489 πολλάκις
817 1428 1077 1497 γινομένη
1122 1430 1179 1480 ἐν
1212 1428 1292 1497 τῷ
1320 1429 1415 1480 τοῦ
1464 1429 1588 1481 καθ’
1642 1430 1758 1483 ὅλου

1867 1434 2128 1487 universo
2165 1435 2307 1490 bello
2333 1451 2474 1505 saepe
2519 1446 2603 1492 cst
2627 1477 2654 1499 ,.
2690 1454 2836 1507 saepe
2872 1439 3063 1502 abest,
3105 1455 3225 1507 qua:
3261 1450 3445 1495 tamen

175 1518 420 1586 πολέμου
474 1515 674 1586 καιρῷ,
737 1518 832 1568 καὶ
874 1518 1268 1588 ἀπογινομένη.
1298 1519 1374 1571 Οὐ
1418 1520 1525 1588 μὴν
1548 1520 1604 1572 δὲ
1635 1522 1768 1574 πάν-

1868 1523 2030 1575 linem
2069 1523 2192 1577 belli
2226 1539 2334 1579 non
2367 1525 2546 1580 all‘ert.
2584 1525 2798 1580 Etenim
2840 1541 2985 1595 saepe
3017 1527 3120 1590 bis,
3152 1541 3296 1595 saepe
3337 1535 3442 1588 ter.

169 1627 296 1663 τοτε
375 1610 528 1673 τέλος
601 1611 881 1678 ἐπάγουσα
941 1612 1180 1680 πολέμου
1209 1651 1224 1674 ,
1281 1611 1417 1665 ἀλλά
1477 1613 1611 1683 πρὸς
1666 1613 1758 1684 τὴν

1867 1620 1963 1665 aut
2003 1613 2168 1666 etiam
2214 1614 2581 1684 frequentius,
2611 1631 2710 1686 pro
2736 1631 2920 1671 rerum
2948 1616 3315 1688 gerendarum
3347 1631 3447 1671 nc-

170 1705 366 1771 χρείαν
399 1703 493 1754 καὶ
528 1702 622 1754 δύο
645 1702 740 1755 καὶ
770 1702 889 1772 τρὶς
917 1705 1010 1754 καὶ
1066 1702 1327 1762 πολλάκις
1354 1703 1412 1754 ἐν
1437 1703 1542 1773 ὅλῳ
1566 1702 1642 1773 τῷ
1671 1704 1758 1756 τοῦ

1866 1704 2142 1768 cessitate,
2178 1705 2235 1758 in
2267 1704 2470 1760 bellum
2505 1705 2832 1776 conﬂigunt.

170 1794 417 1863 πολέμου
457 1794 634 1864 καιρῷ
672 1793 770 1856 τάς
803 1793 1079 1862 συμϐολὰς
1112 1794 1430 1862 ποιουμένη.

242 1849 328 1940 θ’..
344 1886 457 1949 Τὰς
487 1849 823 1954 δὲ.ἀρπαγ.ἀς
856 1849 957 1938 οὐκ
983 1849 1076 1938 ἐπί
1113 1849 1294 1955 πάσης
1321 1849 1502 1955 μάχης
1530 1885 1758 1955 λέγομεν

1935 1884 1988 1938 9.
2026 1883 2417 1938 lnsectationes
2471 1884 2712 1939 hostium
2759 1898 2866 1938 non
2919 1899 3137 1955 semper
3175 1895 3296 1955 post
3340 1902 3443 1957 pu-

169 1977 444 2044 γίνεσθαι,
474 1977 606 2030 ἀλλά
629 1977 756 2029 ποτέ
787 1977 906 2046 μὲν,
935 1977 1132 2030 ποτέδὲ
1160 1977 1244 2039 οὓ,
1275 1978 1459 2038 καθὼς
1475 1977 1606 2031 αὐτὸ
1625 1995 1760 2047 συμ-

169 2071 341 2141 φέρον
365 2070 646 2138 ἀπαιτήσῃ
673 2069 769 2120 τοῦ
792 2069 1008 2139 καιροῦ.

245 2168 294 2214 ι’.
369 2163 479 2214 Kal
523 2162 589 2213 τὰ
622 2160 721 2229 μὲν
769 2160 1097 2229 αἰχμάλωτα
1158 2159 1385 2228 σώματα
1429 2161 1759 2230 πιπράσκειν

166 2254 264 2306 τὸν
329 2253 591 2324 στρατόν·
631 2253 680 2304 εί
717 2252 775 2303 δὲ
815 2252 1113 2321 χρημάτων
1148 2253 1262 2304 ἐστὶ
1318 2253 1496 2322 χρεία,
1547 2253 1641 2305 καὶ
1668 2253 1762 2304 δα-

168 2345 352 2413 πάνης
399 2343 584 2411 κοινῆς
614 2342 708 2394 καὶ
739 2342 1000 2411 μεγάλης,
1031 2343 1206 2396 πάντα
1231 2344 1364 2412 πρὸς
1397 2343 1460 2396 σὲ
1494 2343 1762 2412 ἀναφέρει

167 2431 296 2484 σθαι
326 2431 584 2502 κήρυξον,
649 2431 743 2484 καὶ
781 2432 960 2484 πᾶσαν
1012 2432 1308 2501 ἐπιθυμίαν
1344 2433 1437 2484 καὶ
1469 2431 1565 2484 σοῦ
1593 2432 1759 2485 αὐτοῦ

168 2522 268 2577 καὶ
305 2523 417 2574 τῶν
461 2523 566 2574 ὑπὸ
592 2527 652 2575 σὲ
673 2522 743 2590 ἀρ
752 2523 953 2589 χόνταιν
982 2522 1091 2574 ἀπὸ
1120 2522 1229 2574 τῶν
1258 2522 1517 2575 τοιούτων
1558 2524 1761 2576 ἐπισω-

167 2614 488 2685 ρευομένων
549 2612 850 2681 χρημάτων
909 2612 1243 2681 χαλίνωσον,
1292 2613 1387 2665 καὶ¹
1441 2613 1759 2680 ἀναλογίζου

164 2705 268 2773 τὴν
299 2704 492 2772 χρείαν
527 2704 638 2755 τῶν
671 2703 1006 2770 ἀναγκαίων.
1043 2704 1151 2756 Kal
1180 2702 1356 2766 οὕτως
1395 2703 1625 2758 δύνασαι
1659 2706 1760 2775 τὴν

163 2795 264 2847 τοῦ
299 2793 484 2846 κοινοῦ
535 2795 786 2864 δαπάνην
833 2795 973 2848 κατὰ
997 2795 1058 2848 τὸ
1085 2796 1312 2860 δυνατὸν
1343 2795 1642 2858 ἀναλῶσαι,
1667 2797 1763 2849 καὶ

163 2888 294 2950 τοὺς
330 2889 391 2940 ἐν
417 2889 483 2958 τῇ
522 2888 670 2956 μάχῃ
724 2887 1174 2956 ἀγωνισαμένους
1221 2887 1756 2958 παραμυθήσασθαι,

163 2981 212 3030 εἰ
241 2977 346 3048 μὲν
368 2977 593 3031 δύνασαι
623 2977 712 3031 διά
746 2979 1069 3048 χρημάτων,
1093 2980 1142 3031 εί
1163 2978 1210 3032 δ’
1239 2979 1340 3032 οὐκ
1374 2980 1628 3050 ἐπαρκεῖ,
1671 2978 1760 3032 διά

165 3088 218 3122 τι
228 3070 351 3140 μῶν
381 3070 476 3123 καὶ
501 3070 852 3140 ἀξιωμάτων.

1862 1993 2048 2047 gnam,
2077 1977 2171 2033 sed
2205 1978 2478 2031 interdum
2527 1976 2682 2040 ﬁunt,
2733 1977 3008 2031 interdum
3044 1993 3148 2032 non
3172 2019 3187 2043 ,
3234 1995 3431 2048 quem-

1864 2068 2158 2123 admodum
2190 2067 2492 2122 necessitas
2521 2066 2646 2122 belli
2675 2067 2869 2136 exigit.

1935 2159 2021 2215 10.
2066 2159 2197 2224 Quae
2239 2158 2384 2213 bello
2433 2157 2726 2227 capiuntur
2753 2158 2949 2212 vendat
2994 2159 3316 2214 exercitus:
3353 2161 3439 2215 sin

1863 2251 2110 2323 pecuniis
2136 2257 2232 2304 aut
2253 2255 2562 2305 commeatu
2598 2262 2738 2315 opus
2761 2248 2831 2301 sit
2858 2249 3042 2301 omnia
3068 2248 3134 2303 ad
3162 2259 3212 2303 te
3236 2249 3433 2305 abduci

1859 2341 2101 2411 iubebis,
2138 2347 2396 2408 tuamque
2423 2351 2487 2392 ac
2543 2339 2879 2407 reliquorqu
2923 2337 3304 2407 praefectorum
3334 2355 3438 2394 cu-

1866 2432 2146 2501 piditatem
2175 2430 2244 2484 iis
2271 2428 2522 2499 pecuniis
2545 2428 2791 2483 collectis
2821 2428 3068 2492 obstrue,
3099 2437 3154 2482 et
3185 2443 3438 2485 necessa-

1867 2525 2068 2576 riarum
2102 2535 2285 2576 rerum
2306 2520 2546 2589 inopiam
2572 2533 2962 2574 commemora.
2984 2519 3159 2588 Atque
3181 2519 3255 2573 ita
3287 2527 3444 2589 potes

1863 2631 2048 2670 rerum
2083 2613 2525 2668 necessariarum
2556 2625 2622 2666 ac
2659 2619 3002 2666 commeatus
3036 2611 3276 2680 inopiam
3306 2627 3443 2680 sup-

1867 2709 2139 2778 peditare,
2174 2720 2379 2775 eosque
2409 2707 2502 2775 qui
2537 2707 2589 2760 in
2613 2705 2804 2775 pmlio
2833 2706 3095 2760 dimicant
3132 2706 3442 2772 sublevare,

1864 2803 1909 2857 si
1949 2808 2124 2870 potes,
2154 2799 2405 2869 pecunia,
2440 2801 2525 2854 sin
2573 2799 2758 2855 minus
2784 2798 2887 2855 hoc
2937 2799 3071 2855 satis
3116 2798 3306 2865 fuerit,
3342 2799 3445 2854 ho-

1863 2892 2093 2947 noribus
2116 2899 2169 2946 et
2195 2890 2485 2960 dignitate.

235 3167 332 3213 ια’.
365 3160 509 3223 Τοὺς
534 3160 592 3212 δὲ
619 3159 1001 3231 αἰχμαλώτους
1053 3159 1160 3230 πρὸ
1190 3159 1282 3213 τοῦ
1327 3160 1551 3222 τελείως
1593 3176 1758 3214 κατα-

1938 3162 2022 3215 ll.
2066 3160 2326 3228 Captivos
2367 3166 2497 3213 ante
2550 3157 2753 3213 bellum
2789 3157 3096 3212 confectum
3129 3172 3194 3212 ne
3237 3157 3445 3211 interli-

165 3253 375 3305 παῦσαι
429 3252 522 3303 τὸν
574 3252 811 3321 πόλεμον
861 3253 936 3321 μὴ
974 3254 1168 3316 κτεῖνε,
1210 3253 1305 3304 καὶ
1367 3252 1602 3322 μάλιστα
1631 3252 1761 3315 τοὺς

163 3342 409 3407 ἐνδόξους
462 3343 555 3394 καὶ
596 3341 865 3410 μεγάλους
926 3342 1078 3412 παρά
1110 3345 1224 3404 τοῖς
1265 3342 1548 3411 πολεμίοις
1570 3343 1756 3405 ὄντας·

163 3436 566 3506 ἐνθυμούμενος
594 3437 653 3489 τὸ
686 3437 880 3506 ἄδηλον
916 3437 1016 3505 τῆς
1060 3436 1230 3506 τύχης
1257 3476 1271 3500 ,
1307 3438 1402 3489 καὶ
1463 3437 1525 3488 τὺ
1573 3436 1762 3489 παλίν-

160 3546 366 3600 τροπον
390 3529 467 3591 ὡς
491 3530 584 3582 ἐπὶ
613 3529 672 3582 τὸ
701 3528 836 3582 πολὺ
889 3529 989 3598 τῆς
1028 3529 1207 3600 νίκης·
1268 3529 1336 3581 ἶν’
1367 3528 1519 3601 ἔχῃς,
1585 3528 1638 3581 εἴ
1696 3544 1760 3595 γε

163 3620 346 3690 συμϐῇ
381 3620 413 3689 ἢ
459 3620 570 3672 τῶν
603 3621 708 3672 ὑπὸ
749 3620 809 3673 σέ
844 3638 999 3682 τινας
1047 3620 1414 3690 κρατηθῆναι,
1449 3621 1482 3690 ἦ
1519 3620 1759 3688 κάστρου

163 3711 417 3780 γενέσθαι
467 3711 598 3764 ίδίου
635 3729 728 3765 σου
765 3712 988 3776 ἀλωσιν,
1015 3711 1083 3764 δι’
1112 3712 1298 3766 αὐτῶν
1332 3712 1760 3765 ἀντικαταλλάτ-

163 3816 274 3853 τειν
330 3801 424 3853 καὶ
481 3800 866 3854 ἀνακαλεῖσθαι
917 3800 1006 3864 τὰ,
1038 3799 1115 3863 ώς
1147 3801 1316 3864 εἰκὸς,
1375 3800 1754 3868 συμϐαίνοντα

165 3893 298 3961 ἡττή
309 3906 479 3960 ματα·
499 3894 591 3945 καὶ
607 3893 727 3947 ἀντὶ
747 3891 858 3944 τῶν
877 3892 1156 3963 πολεμίων
1177 3892 1541 3962 αἰχμαλώτων
1557 3892 1756 3947 ἀναλά-

165 3983 265 4055 ϐῃς
295 3984 426 4047 τοὺς
453 3985 640 4052 φίλους
663 3985 758 4037 καὶ
785 3984 1122 4053 συμμάχους·
1161 3985 1211 4035 εἰ
1239 3983 1296 4036 δὲ
1320 3981 1451 4053 [μὴ]
1475 3968 1763 4052 βούλονταί

166 4074 325 4126 τοῦτο
375 4078 548 4128 ποιεῖν
587 4076 638 4128 οἱ
680 4075 953 4144 πολέμιοι,
997 4075 1120 4127 τότε
1148 4074 1375 4136 δικαίως
1397 4074 1539 4125 κατά
1561 4073 1620 4126 τδ
1648 4074 1760 4125 ῐσον

164 4164 399 4233 ἀμύνου,
430 4165 802 4237 διαχρώμενος
834 4165 910 4229 ὡς
934 4165 1101 4236 βούλῃ
1129 4165 1222 4217 ἐπὶ
1277 4164 1420 4234 λύπῃ
1449 4164 1560 4217 τῶν
1598 4165 1756 4216 ἐναν-

164 4257 321 4309 τίων.

239 4345 333 4414 ιβ’.
371 4344 527 4397 Μετά
555 4342 612 4397 δὲ
640 4343 709 4396 τὰ
740 4343 1143 4414 κατορθώματα
1194 4345 1290 4398 καὶ
1347 4346 1472 4406 τοὺς
1517 4344 1754 4411 ἀγῶνας,

162 4430 210 4490 ὦ
247 4434 546 4504 πρατηγέ,
578 4435 673 4487 καὶ⁵
699 4435 834 4504 πρὸς
866 4435 1102 4505 εὐωχίας
1130 4436 1298 4504 ἦγουν
1334 4435 1614 4504 τραπέζας
1661 4437 1757 4488 καὶ

1873 3257 2011 3319 cias,
2049 3255 2379 3324 nobilesque
2426 3253 2480 3307 in
2521 3254 2716 3323 primis
2762 3267 2827 3307 ac
2863 3252 3103 3307 illustres
3135 3253 3281 3308 viros
3312 3271 3324 3304 :
3359 3268 3444 3307 rc-

1870 3356 2066 3419 putare
2103 3345 2252 3403 enim
2283 3345 2445 3401 debet
2478 3345 2771 3414 ancipitem
2803 3345 2929 3399 belli
2977 3344 3183 3399 exitum
3205 3385 3220 3409 ,
3267 3345 3445 3398 incer-

1868 3452 2064 3507 tosque
2092 3453 2258 3494 casus
2285 3480 2298 3503 ,
2330 3438 2862 3507 conversionemque
2898 3452 3080 3490 rerum
3115 3444 3168 3490 et
3195 3435 3445 3489 victoriae

1864 3545 2025 3601 quam
2064 3529 2257 3584 habes.
2283 3527 2389 3582 Aut
2419 3527 2463 3583 si
2493 3528 2775 3596 contingat
2833 3529 3048 3597 aliquos
3087 3527 3154 3582 de
3183 3527 3315 3588 tuis,
3343 3534 3439 3580 aut

1868 3622 2160 3677 castellum
2185 3619 2410 3697 aliquod
2436 3620 2581 3688 capi,
2608 3619 2716 3672 illis
2741 3628 3050 3672 commutes
3081 3625 3135 3670 et
3166 3617 3440 3671 resarcias

1863 3713 2075 3781 objecta
2110 3711 2346 3774 damna,
2399 3716 2455 3764 et
2497 3723 2598 3778 pro
2655 3707 2906 3761 hostibus
2947 3706 3182 3776 captivis
3235 3705 3443 3759 amicos

1864 3804 2154 3872 sociosque
2173 3800 2547 3870 recuperabis.
2575 3798 2670 3852 Sin
2703 3799 2886 3852 minus
2915 3799 3016 3851 hoc
3043 3799 3230 3852 hostes
3257 3797 3443 3850 volue-

1863 3896 2016 3958 rint,
2071 3909 2137 3948 ex
2194 3905 2352 3961 :equo
2397 3898 2514 3945 tum
2559 3899 2613 3944 et
2660 3890 2802 3943 bono
2850 3889 2973 3942 illos
3023 3888 3328 3952 ulcisceris,
3377 3887 3444 3940 ad

1863 3985 2139 4042 vexandos
2200 3985 2386 4038 hostes
2441 3983 2565 4036 illos
2627 3995 2727 4051 pro
2790 3981 3060 4034 arbitratu
3118 3989 3214 4034 tuo
3270 3977 3444 4034 truci-

1863 4079 2041 4134 dabis.

1934 4341 2020 4394 l2.
2064 4341 2191 4396 Post
2228 4354 2318 4394 res
2375 4338 2584 4407 aliquot
2617 4337 2753 4391 bene
2801 4346 2988 4404 gestas
3018 4350 3074 4389 ,ιι
3120 4335 3344 4403 ριάιΙὶο,
3381 4347 3445 4386 ac

1860 4432 2248 4487 dimicationes
2278 4429 2543 4499 quasdam
2578 4427 2812 4483 feliciter
2836 4424 3118 4488 cadentes,
3154 4424 3222 4477 ad
3251 4421 3443 4491 epulas

163 4529 366 4596 ἀριστα
409 4528 719 4597 προτρέπου
776 4526 1144 4580 καθίστασθαι
1188 4526 1314 4590 τούς
1367 4544 1426 4580 τε
1457 4527 1748 4597 ἄρχοντας,

1864 4533 1914 4580 et
1943 4522 2197 4578 convivia
2231 4528 2286 4576 et
2317 4520 2555 4575 lautiora
2585 4518 2814 4588 prandia
2853 4525 2967 4570 tum
3010 4514 3296 4585 praefectos
3326 4523 3441 4566 tum

164 4618 260 4670 καὶ
283 4616 411 4679 τούς
430 4634 522 4670 σου
549 4617 910 4686 στρατιώτας,
930 4618 1002 4671 τά
1033 4620 1129 4686 μὲν
1146 4619 1235 4672 διὰ
1264 4617 1359 4671 σοῠ
1381 4617 1575 4683 αὑτοῦ,
1601 4619 1670 4671 τὰ
1699 4618 1754 4672 δὲ

161 4708 251 4762 διὰ
299 4706 410 4761 τῶν
463 4708 759 4777 ἀρχόντων,
818 4711 885 4762 τὰ
919 4709 976 4761 δὲ
1034 4711 1122 4764 διὰ
1169 4710 1278 4762 τῶν
1324 4709 1753 4781 κοντουϐερνίων

165 4800 337 4866 ἰδίων,
372 4799 468 4853 καὶ⁵
523 4800 758 4869 μάλιστα
808 4802 872 4853 ἐκ
902 4799 1013 4853 τῶν
1046 4800 1423 4870 κερδηθέντων
1485 4800 1596 4854 ἀπὸ
1647 4800 1755 4852 τῶν

163 4889 461 4957 πολεμίων.
520 4890 630 4943 Kal
683 4888 856 4951 οὕτως
904 4890 994 4942 διὰ
1037 4890 1246 4942 πολλῶν
1287 4891 1757 4960 ἀριστοποιεῖσθαι

163 4980 258 5033 καὶ
297 4978 676 5032 ἀναπαύεσθαι
731 4979 858 5042 τοὺς
925 4979 1260 5050 στρατιώτας
1313 4979 1749 5050 παρασκεύαζεο

164 5070 253 5122 ἵνα
312 5069 512 5132 εἰδότες
553 5069 680 5122 οἴων
727 5069 1002 5134 ἀξιοῦνται
1045 5074 1183 5140 μετά
1211 5070 1272 5122 τὸ
1310 5069 1599 5140 παρελθεῖν
1631 5072 1760 5133 τοὺς

168 5159 462 5230 πολεμίους
519 5160 739 5229 ἀγῶνας
782 5162 833 5214 οί
866 5161 1245 5231 ἀριστεύοντες
1278 5163 1373 5214 καὶ
1421 5163 1471 5215 oi
1502 5163 1762 5232 νικήσανο

1865 4614 2067 4670 milites
2097 4612 2296 4682 partim
2337 4626 2435 4681 per
2479 4609 2877 4674 contubernia,
2922 4623 2990 4662 ex
3037 4606 3103 4660 iis
3136 4620 3258 4675 quae
3301 4604 3444 4657 bello

1865 4713 2023 4774 capta
2049 4712 2177 4758 sunt
2200 4701 2561 4773 praeparabis,
2595 4706 2759 4768 atque
2795 4698 2930 4752 adeo
2967 4695 3271 4766 prandeant
3303 4693 3443 4746 hila-

1865 4805 2166 4866 renturque
2217 4795 2471 4848 milites:
2523 4791 2727 4846 elﬁcies
2786 4790 2932 4845 enim
2983 4795 3042 4841 ut
3090 4789 3183 4856 qui
3231 4784 3442 4870 strenui

1867 4899 1999 4944 sunt
2026 4927 2042 4952 ,
2075 4887 2379 4943 sentientes
2409 4884 2613 4954 quibus
2645 4883 2811 4936 rebus
2850 4896 2914 4935 ac
2962 4879 3168 4934 lwtitiis
3207 4884 3330 4946 post
3362 4875 3442 4929 v‘i-

1865 4979 2093 5033 ctoriam
2123 4978 2377 5031 l'ruentur
2403 5014 2420 5039 ,
2459 4973 2752 5027 alacriores
2793 4972 2860 5025 ad
2890 4970 3072 5024 omnia
3105 4976 3232 5023 ante
3267 4966 3442 5020 victo-

1868 5072 2003 5124 riam
2030 5069 2349 5124 sustinenda
2386 5066 2632 5136 pericula
2663 5065 2799 5128 sint,
2835 5069 2892 5118 et
2920 5061 2987 5117 ad
3020 5061 3234 5116 labores
3268 5060 3442 5128 magis

1867 5160 2122 5231 prompti.

165 5268 283 5317 τες,
309 5249 707 5323 προθυμότεροι
725 5253 990 5321 γένωνται
1013 5255 1148 5324 πρὸς
1175 5256 1236 5309 τὸ
1261 5254 1557 5325 ὑπομένειν
1583 5256 1759 5310 πάντα
1787 5257 1893 5325 πρὸ
1921 5251 2015 5306 τοῦ
2061 5251 2299 5322 νικῆσαι,
2329 5250 2423 5303 καὶ
2447 5249 2578 5319 πρὸς
2627 5249 2752 5311 τοὺς
2798 5248 2992 5309 πόνους
3057 5244 3255 5315 μᾶλλον
3307 5243 3445 5296 ἐτοι-

168 5344 296 5412 μότε
306 5361 410 5411 ροι.

239 5431 331 5500 ιγ’.
361 5433 592 5503 Προνοοῦ
613 5434 670 5487 δὲ
695 5435 927 5505 μάλιστα
949 5434 1042 5486 καὶ
1073 5435 1168 5504 τῆς
1187 5435 1299 5488 τῶν
1319 5437 1527 5505 νεκρῶν
1553 5441 1753 5506 ταφῆς,

168 5527 308 5595 μήτε
344 5525 554 5593 καιρὸν,
583 5527 714 5595 μήτε
739 5526 908 5595 ὥραν,
940 5528 1077 5595 μήτε
1125 5525 1312 5588 τόπον,
1363 5529 1500 5595 μήτε
1566 5528 1751 5595 φόϐον,

169 5610 666 5678 προφασιζόμενος,
693 5610 865 5663 κάντε
885 5609 1050 5663 νικῶν
1072 5610 1263 5679 τύχης,
1298 5611 1399 5664 κάν
1422 5629 1479 5663 τε
1501 5612 1748 5682 ἡττώμε-

168 5716 257 5761 νος
282 5717 298 5732 ·
334 5700 566 5753 πάντοτε
626 5702 722 5769 μὲν
754 5701 860 5772 γὰρ
889 5701 1076 5754 καλὸν,
1106 5707 1199 5754 καὶ
1226 5703 1371 5754 ὅσιον
1401 5704 1432 5772 ἡ
1461 5702 1593 5772 πρὸς
1623 5706 1745 5766 τοὺς

1940 5431 2026 5485 l3.
2071 5429 2147 5483 De
2179 5427 2506 5498 sepeliendis
2539 5425 2770 5480 mortuis
2799 5423 3095 5478 admodum
3139 5420 3441 5481 laborabis.

1863 5537 2038 5590 neque
2063 5529 2280 5589 tempus
2306 5557 2322 5582 ,
2353 5533 2529 5586 neque
2567 5517 2918 5571 occasionem
2948 5555 2962 5578 ,
2996 5528 3175 5582 neque
3217 5513 3395 5566 locum
3423 5552 3435 5573 ,

1861 5627 2037 5681 tthttc
2071 5611 2324 5664 timorem
2368 5623 2624 5663 causans.
2657 5606 2953 5660 Pulchrum
2995 5606 3140 5658 enim
3177 5603 3438 5672 piumque

1859 5719 1982 5757 csse
2017 5703 2236 5756 videtur
2260 5743 2274 5765 ,
2326 5701 2560 5754 mortuis
2594 5702 2930 5768 sepulturam
2973 5710 3193 5766 parare.
3232 5695 3435 5748 Neces-

167 5789 493 5860 τεθνηκότας
536 5793 786 5848 εὐσέϐεια
816 5811 827 5823 '
890 5794 1164 5862 ἀναγκαία
1220 5793 1274 5846 δὲ
1322 5795 1616 5864 μάλισταὴ
1655 5796 1745 5848 ἐπὶ

1864 5794 1997 5849 saria
2023 5800 2203 5847 autem
2231 5809 2354 5847 cum
2386 5793 2577 5863 primis
2601 5806 2686 5845 rcs
2711 5789 2876 5844 ostiis
2903 5788 2998 5857 qui
3021 5787 3162 5843 bcllo
3198 5785 3428 5852 cadunt;
