  <div class='ocr_page' id='page_1' title='image "/cluster/home/n/w/nwhite01/storage/ocr_20150623/107/nnc1.0046980040/527.png"; bbox 0 0 4200 6440; ppageno 0'>
   <div class='ocr_carea' id='block_1_1' title="bbox 800 410 4062 477">
    <p class='ocr_par' dir='ltr' id='par_1_1' title="bbox 800 410 4062 477">
     <span class='ocr_line' id='line_1_1' title="bbox 800 410 4062 477; baseline -0.001 -2"><span class='ocrx_word' id='word_1_1' title='bbox 800 416 860 477; x_wconf 81' lang='lat'><strong>9!</strong></span> <span class='ocrx_word' id='word_1_2' title='bbox 882 411 899 473; x_wconf 76' lang='lat' dir='ltr'><strong>l</strong></span> <span class='ocrx_word' id='word_1_3' title='bbox 2039 412 2312 473; x_wconf 88' lang='lat' dir='ltr'><strong>LEONlS</strong></span> <span class='ocrx_word' id='word_1_4' title='bbox 2343 411 2801 473; x_wconf 82' lang='lat' dir='ltr'><strong>PHILOSOPHI</strong></span> <span class='ocrx_word' id='word_1_5' title='bbox 3960 410 4062 474; x_wconf 75' lang='grc' dir='ltr'><strong>9ἱέ</strong></span> 
     </span>
    </p>
   </div>
   <div class='ocr_carea' id='block_1_2' title="bbox 802 527 2364 601">
    <p class='ocr_par' dir='ltr' id='par_1_2' title="bbox 802 527 2364 598">
     <span class='ocr_line' id='line_1_2' title="bbox 802 527 2364 598; baseline -0.001 -17"><span class='ocrx_word' id='word_1_6' title='bbox 802 530 975 598; x_wconf 72' lang='lat' dir='ltr'><strong>pietas</strong></span> <span class='ocrx_word' id='word_1_7' title='bbox 1005 529 1151 583; x_wconf 89' lang='lat' dir='ltr'><strong>enim</strong></span> <span class='ocrx_word' id='word_1_8' title='bbox 1186 542 1248 583; x_wconf 89' lang='lat' dir='ltr'><strong>ea</strong></span> <span class='ocrx_word' id='word_1_9' title='bbox 1290 527 1343 581; x_wconf 90' lang='lat' dir='ltr'><strong>in</strong></span> <span class='ocrx_word' id='word_1_10' title='bbox 1376 542 1436 582; x_wconf 90' lang='lat' dir='ltr'><strong>re</strong></span> <span class='ocrx_word' id='word_1_11' title='bbox 1475 536 1818 583; x_wconf 71' lang='lat' dir='ltr'><strong>monstratur</strong></span> <span class='ocrx_word' id='word_1_12' title='bbox 1846 567 1861 591; x_wconf 97' lang='lat'><strong>,</strong></span> <span class='ocrx_word' id='word_1_13' title='bbox 1906 540 1961 583; x_wconf 89' lang='lat' dir='ltr'><strong>et</strong></span> <span class='ocrx_word' id='word_1_14' title='bbox 1989 530 2235 585; x_wconf 75' lang='lat' dir='ltr'><strong>viventes</strong></span> <span class='ocrx_word' id='word_1_15' title='bbox 2264 544 2364 583; x_wconf 87' lang='lat' dir='ltr'><strong>ma-</strong></span> 
     </span>
    </p>
   </div>
   <div class='ocr_carea' id='block_1_3' title="bbox 2460 527 4061 601">
    <p class='ocr_par' dir='ltr' id='par_1_3' title="bbox 2480 527 4061 601">
     <span class='ocr_line' id='line_1_3' title="bbox 2480 527 4061 601; baseline 0.008 -23"><span class='ocrx_word' id='word_1_16' title='bbox 2480 529 2594 590; x_wconf 86' lang='grc' dir='ltr'>τοῖς</span> <span class='ocrx_word' id='word_1_17' title='bbox 2632 529 2925 581; x_wconf 74' lang='grc' dir='ltr'><strong>πίπτουσιν</strong></span> <span class='ocrx_word' id='word_1_18' title='bbox 2945 528 3001 589; x_wconf 79' lang='grc' dir='ltr'>ἐν</span> <span class='ocrx_word' id='word_1_19' title='bbox 3039 527 3209 598; x_wconf 81' lang='grc' dir='ltr'>μάχῃ.</span> <span class='ocrx_word' id='word_1_20' title='bbox 3248 530 3360 583; x_wconf 69' lang='grc' dir='ltr'>Καὶ</span> <span class='ocrx_word' id='word_1_21' title='bbox 3390 529 3498 601; x_wconf 76' lang='grc' dir='ltr'>γὰρ</span> <span class='ocrx_word' id='word_1_22' title='bbox 3524 534 3616 584; x_wconf 80' lang='grc' dir='ltr'>καὶ</span> <span class='ocrx_word' id='word_1_23' title='bbox 3647 533 3706 586; x_wconf 80' lang='grc' dir='ltr'>ὲν</span> <span class='ocrx_word' id='word_1_24' title='bbox 3730 533 3968 600; x_wconf 78' lang='grc' dir='ltr'>ἐκείνοις</span> <span class='ocrx_word' id='word_1_25' title='bbox 4003 540 4061 589; x_wconf 78' lang='grc' dir='ltr'><strong>τὸ</strong></span> 
     </span>
    </p>
   </div>
   <div class='ocr_carea' id='block_1_4' title="bbox 801 614 2364 696">
    <p class='ocr_par' dir='ltr' id='par_1_4' title="bbox 801 614 2364 687">
     <span class='ocr_line' id='line_1_4' title="bbox 801 614 2364 687; baseline 0.003 -17"><span class='ocrx_word' id='word_1_26' title='bbox 801 632 1044 686; x_wconf 66' lang='lat' dir='ltr'><strong>gnopere</strong></span> <span class='ocrx_word' id='word_1_27' title='bbox 1081 619 1185 671; x_wconf 90' lang='lat' dir='ltr'><strong>hoc</strong></span> <span class='ocrx_word' id='word_1_28' title='bbox 1242 614 1389 671; x_wconf 87' lang='lat' dir='ltr'><strong>facto</strong></span> <span class='ocrx_word' id='word_1_29' title='bbox 1421 618 1852 671; x_wconf 73' lang='lat' dir='ltr'><strong>consolationem</strong></span> <span class='ocrx_word' id='word_1_30' title='bbox 1892 619 2137 687; x_wconf 88' lang='lat' dir='ltr'><strong>capiunt.</strong></span> <span class='ocrx_word' id='word_1_31' title='bbox 2177 617 2364 683; x_wconf 87' lang='lat' dir='ltr'><strong>Quem-</strong></span> 
     </span>
    </p>
   </div>
   <div class='ocr_carea' id='block_1_5' title="bbox 2460 614 4063 696">
    <p class='ocr_par' dir='ltr' id='par_1_5' title="bbox 2483 619 4063 696">
     <span class='ocr_line' id='line_1_5' title="bbox 2483 619 4063 696; baseline 0.006 -25"><span class='ocrx_word' id='word_1_32' title='bbox 2483 619 2629 671; x_wconf 78' lang='grc' dir='ltr'>ὅσιον</span> <span class='ocrx_word' id='word_1_33' title='bbox 2661 620 2954 681; x_wconf 78' lang='grc' dir='ltr'><strong>δείκνυται,</strong></span> <span class='ocrx_word' id='word_1_34' title='bbox 2978 619 3070 671; x_wconf 80' lang='grc' dir='ltr'>καὶ</span> <span class='ocrx_word' id='word_1_35' title='bbox 3105 621 3240 689; x_wconf 77' lang='grc' dir='ltr'>πρὸς</span> <span class='ocrx_word' id='word_1_36' title='bbox 3273 622 3399 684; x_wconf 79' lang='grc' dir='ltr'>τοὺς</span> <span class='ocrx_word' id='word_1_37' title='bbox 3424 622 3632 687; x_wconf 79' lang='grc' dir='ltr'>ζῶντας</span> <span class='ocrx_word' id='word_1_38' title='bbox 3677 628 3923 696; x_wconf 81' lang='grc' dir='ltr'>μεγάλης</span> <span class='ocrx_word' id='word_1_39' title='bbox 3958 648 4063 681; x_wconf 74' lang='grc' dir='ltr'>πα-</span> 
     </span>
    </p>
   </div>
   <div class='ocr_carea' id='block_1_6' title="bbox 798 706 2364 785">
    <p class='ocr_par' dir='ltr' id='par_1_6' title="bbox 798 706 2364 785">
     <span class='ocr_line' id='line_1_6' title="bbox 798 706 2364 785; baseline 0.001 -23"><span class='ocrx_word' id='word_1_40' title='bbox 798 725 828 762; x_wconf 80' lang='grc' dir='ltr'><strong>ιι</strong></span> <span class='ocrx_word' id='word_1_41' title='bbox 852 708 1090 785; x_wconf 66' lang='grc' dir='ltr'>ιιιιριιιιηι</span> <span class='ocrx_word' id='word_1_42' title='bbox 1114 708 1167 760; x_wconf 92' lang='lat' dir='ltr'><strong>in</strong></span> <span class='ocrx_word' id='word_1_43' title='bbox 1189 707 1310 761; x_wconf 80' lang='lat' dir='ltr'><strong>istis</strong></span> <span class='ocrx_word' id='word_1_44' title='bbox 1328 706 1444 761; x_wconf 87' lang='lat' dir='ltr'><strong>fieri</strong></span> <span class='ocrx_word' id='word_1_45' title='bbox 1475 708 1641 771; x_wconf 92' lang='lat' dir='ltr'><strong>videt,</strong></span> <span class='ocrx_word' id='word_1_46' title='bbox 1665 709 2063 779; x_wconf 84' lang='lat' dir='ltr'><strong>unusquisque,</strong></span> <span class='ocrx_word' id='word_1_47' title='bbox 2095 710 2165 763; x_wconf 88' lang='lat' dir='ltr'><strong>ita</strong></span> <span class='ocrx_word' id='word_1_48' title='bbox 2191 725 2364 765; x_wconf 77' lang='lat' dir='ltr'><strong>set-un</strong></span> 
     </span>
    </p>
   </div>
   <div class='ocr_carea' id='block_1_7' title="bbox 2460 706 4061 785">
    <p class='ocr_par' dir='ltr' id='par_1_7' title="bbox 2485 707 4061 785">
     <span class='ocr_line' id='line_1_7' title="bbox 2485 707 4061 785; baseline 0.008 -27"><span class='ocrx_word' id='word_1_49' title='bbox 2485 708 2755 776; x_wconf 88' lang='grc' dir='ltr'>ραμυθίας</span> <span class='ocrx_word' id='word_1_50' title='bbox 2786 707 3079 774; x_wconf 79' lang='grc' dir='ltr'>ἀπόδειξις.</span> <span class='ocrx_word' id='word_1_51' title='bbox 3115 711 3383 775; x_wconf 85' lang='grc' dir='ltr'>Ἕκαστος</span> <span class='ocrx_word' id='word_1_52' title='bbox 3424 714 3532 784; x_wconf 68' lang='grc' dir='ltr'><strong>γάρ</strong></span> <span class='ocrx_word' id='word_1_53' title='bbox 3564 715 3674 768; x_wconf 85' lang='grc' dir='ltr'>τῶν</span> <span class='ocrx_word' id='word_1_54' title='bbox 3706 722 4061 785; x_wconf 77' lang='grc' dir='ltr'><strong>στρατιωτῶν</strong></span> 
     </span>
    </p>
   </div>
   <div class='ocr_carea' id='block_1_8' title="bbox 800 768 2364 875">
    <p class='ocr_par' dir='ltr' id='par_1_8' title="bbox 800 768 2359 862">
     <span class='ocr_line' id='line_1_8' title="bbox 800 768 2359 862; baseline 0.001 -10"><span class='ocrx_word' id='word_1_55' title='bbox 800 768 1046 852; x_wconf 53' lang='lat' dir='ltr'><strong>fului-um</strong></span> <span class='ocrx_word' id='word_1_56' title='bbox 1105 796 1503 862; x_wconf 84' lang='lat' dir='ltr'><strong>arbitrabitur,</strong></span> <span class='ocrx_word' id='word_1_57' title='bbox 1558 768 1708 851; x_wconf 33' lang='lat' dir='ltr'><strong>si-in</strong></span> <span class='ocrx_word' id='word_1_58' title='bbox 1764 768 1907 853; x_wconf 68' lang='lat' dir='ltr'><strong>bello</strong></span> <span class='ocrx_word' id='word_1_59' title='bbox 1952 768 2263 854; x_wconf 76' lang='lat' dir='ltr'><strong>occumbat.</strong></span> <span class='ocrx_word' id='word_1_60' title='bbox 2321 798 2359 853; x_wconf 91' lang='lat' dir='ltr'><strong>S</strong></span> 
     </span>
    </p>
   </div>
   <div class='ocr_carea' id='block_1_9' title="bbox 2460 768 4059 875">
    <p class='ocr_par' dir='ltr' id='par_1_9' title="bbox 2478 768 4059 875">
     <span class='ocr_line' id='line_1_9' title="bbox 2478 768 4059 875; baseline 0.009 -26"><span class='ocrx_word' id='word_1_61' title='bbox 2478 768 2621 869; x_wconf 69' lang='grc' dir='ltr'>δρῶν</span> <span class='ocrx_word' id='word_1_62' title='bbox 2650 798 2711 851; x_wconf 78' lang='grc' dir='ltr'>τὸ</span> <span class='ocrx_word' id='word_1_63' title='bbox 2738 801 3044 870; x_wconf 75' lang='grc' dir='ltr'>γινόμενον,</span> <span class='ocrx_word' id='word_1_64' title='bbox 3085 801 3259 865; x_wconf 82' lang='grc' dir='ltr'>οὕτως</span> <span class='ocrx_word' id='word_1_65' title='bbox 3284 804 3478 856; x_wconf 70' lang='grc' dir='ltr'>ἑαυτὸν</span> <span class='ocrx_word' id='word_1_66' title='bbox 3502 768 3715 875; x_wconf 67' lang='grc' dir='ltr'>νομίσει</span> <span class='ocrx_word' id='word_1_67' title='bbox 3746 810 3962 863; x_wconf 86' lang='grc' dir='ltr'>παθεῖν.</span> <span class='ocrx_word' id='word_1_68' title='bbox 4000 814 4059 863; x_wconf 81' lang='lat' dir='ltr'><strong>Ei</strong></span> 
     </span>
    </p>
   </div>
   <div class='ocr_carea' id='block_1_10' title="bbox 798 886 2364 969">
    <p class='ocr_par' dir='ltr' id='par_1_10' title="bbox 798 886 2364 957">
     <span class='ocr_line' id='line_1_10' title="bbox 798 886 2364 957; baseline -0.001 -15"><span class='ocrx_word' id='word_1_69' title='bbox 798 888 944 942; x_wconf 90' lang='lat' dir='ltr'><strong>enim</strong></span> <span class='ocrx_word' id='word_1_70' title='bbox 980 887 1284 957; x_wconf 87' lang='lat' dir='ltr'><strong>insepultos</strong></span> <span class='ocrx_word' id='word_1_71' title='bbox 1322 886 1698 955; x_wconf 86' lang='lat' dir='ltr'><strong>disjectosqne</strong></span> <span class='ocrx_word' id='word_1_72' title='bbox 1725 901 1850 942; x_wconf 87' lang='lat' dir='ltr'><strong>esse</strong></span> <span class='ocrx_word' id='word_1_73' title='bbox 1874 888 2073 951; x_wconf 81' lang='lat' dir='ltr'><strong>videat,</strong></span> <span class='ocrx_word' id='word_1_74' title='bbox 2099 902 2260 941; x_wconf 89' lang='lat' dir='ltr'><strong>suum</strong></span> <span class='ocrx_word' id='word_1_75' title='bbox 2288 902 2364 941; x_wconf 84' lang='lat' dir='ltr'><strong>se-</strong></span> 
     </span>
    </p>
   </div>
   <div class='ocr_carea' id='block_1_11' title="bbox 2460 886 4058 969">
    <p class='ocr_par' dir='ltr' id='par_1_11' title="bbox 2481 891 4058 969">
     <span class='ocr_line' id='line_1_11' title="bbox 2481 891 4058 969; baseline 0.01 -27"><span class='ocrx_word' id='word_1_76' title='bbox 2481 891 2578 958; x_wconf 82' lang='grc' dir='ltr'>μὲν</span> <span class='ocrx_word' id='word_1_77' title='bbox 2597 891 2706 960; x_wconf 83' lang='grc' dir='ltr'><strong>γάρ</strong></span> <span class='ocrx_word' id='word_1_78' title='bbox 2726 892 2965 960; x_wconf 79' lang='grc' dir='ltr'><strong>ἀτάφους</strong></span> <span class='ocrx_word' id='word_1_79' title='bbox 2980 893 3065 965; x_wconf 75' lang='grc' dir='ltr'><strong>ἴδῃ</strong></span> <span class='ocrx_word' id='word_1_80' title='bbox 3082 910 3167 946; x_wconf 86' lang='grc' dir='ltr'><strong>κει</strong></span> <span class='ocrx_word' id='word_1_81' title='bbox 3175 895 3410 966; x_wconf 83' lang='grc' dir='ltr'>μένουςῆ</span> <span class='ocrx_word' id='word_1_82' title='bbox 3432 902 3918 969; x_wconf 80' lang='grc' dir='ltr'>σπαρασσομὲνους</span> <span class='ocrx_word' id='word_1_83' title='bbox 3934 906 4058 967; x_wconf 65' lang='grc' dir='ltr'>τοὺς</span> 
     </span>
    </p>
   </div>
   <div class='ocr_carea' id='block_1_12' title="bbox 798 977 2364 1063">
    <p class='ocr_par' dir='ltr' id='par_1_12' title="bbox 798 977 2364 1048">
     <span class='ocr_line' id='line_1_12' title="bbox 798 977 2364 1048; baseline 0.001 -14"><span class='ocrx_word' id='word_1_84' title='bbox 798 984 921 1034; x_wconf 77' lang='lat' dir='ltr'><strong>cum</strong></span> <span class='ocrx_word' id='word_1_85' title='bbox 949 987 1153 1033; x_wconf 90' lang='lat' dir='ltr'><strong>statum</strong></span> <span class='ocrx_word' id='word_1_86' title='bbox 1193 977 1468 1048; x_wconf 88' lang='lat' dir='ltr'><strong>reputabit</strong></span> <span class='ocrx_word' id='word_1_87' title='bbox 1498 1018 1512 1041; x_wconf 94' lang='lat'><strong>,</strong></span> <span class='ocrx_word' id='word_1_88' title='bbox 1544 977 1687 1032; x_wconf 87' lang='lat' dir='ltr'><strong>hanc</strong></span> <span class='ocrx_word' id='word_1_89' title='bbox 1720 979 2112 1034; x_wconf 84' lang='lat' dir='ltr'><strong>contumeliam</strong></span> <span class='ocrx_word' id='word_1_90' title='bbox 2148 980 2364 1035; x_wconf 69' lang='lat' dir='ltr'><strong>moleste</strong></span> 
     </span>
    </p>
   </div>
   <div class='ocr_carea' id='block_1_13' title="bbox 2460 977 4055 1063">
    <p class='ocr_par' dir='ltr' id='par_1_13' title="bbox 2478 981 4055 1063">
     <span class='ocr_line' id='line_1_13' title="bbox 2478 981 4055 1063; baseline 0.008 -30"><span class='ocrx_word' id='word_1_91' title='bbox 2478 981 2797 1048; x_wconf 78' lang='grc' dir='ltr'><strong>πίπτοντας,</strong></span> <span class='ocrx_word' id='word_1_92' title='bbox 2836 984 3030 1036; x_wconf 82' lang='grc' dir='ltr'>ἑαυτὸν</span> <span class='ocrx_word' id='word_1_93' title='bbox 3060 983 3431 1054; x_wconf 74' lang='grc' dir='ltr'><strong>λογιζόμενος,</strong></span> <span class='ocrx_word' id='word_1_94' title='bbox 3477 989 3731 1058; x_wconf 81' lang='grc' dir='ltr'><strong>ἐπαχθῶς</strong></span> <span class='ocrx_word' id='word_1_95' title='bbox 3766 993 3927 1061; x_wconf 80' lang='grc' dir='ltr'>φέρει</span> <span class='ocrx_word' id='word_1_96' title='bbox 3958 996 4055 1063; x_wconf 70' lang='grc' dir='ltr'><strong>τὴν</strong></span> 
     </span>
    </p>
   </div>
   <div class='ocr_carea' id='block_1_14' title="bbox 2039 411 2801 473">
    <p class='ocr_par' dir='ltr' id='par_1_14' title="bbox 2039 411 2801 473">
     <span class='ocr_line' id='line_1_14' title="bbox 2039 411 2801 473; baseline 0 0"><span class='ocrx_word' id='word_1_97' title='bbox 2039 412 2312 473; x_wconf 88' lang='lat' dir='ltr'><strong>LEONlS</strong></span> <span class='ocrx_word' id='word_1_98' title='bbox 2343 411 2801 473; x_wconf 82' lang='lat' dir='ltr'><strong>PHILOSOPHI</strong></span> 
     </span>
    </p>
   </div>
   <div class='ocr_carea' id='block_1_15' title="bbox 798 1068 2373 1139">
    <p class='ocr_par' dir='ltr' id='par_1_15' title="bbox 798 1068 2373 1139">
     <span class='ocr_line' id='line_1_15' title="bbox 798 1068 2373 1139; baseline 0.001 -16"><span class='ocrx_word' id='word_1_99' title='bbox 798 1069 959 1135; x_wconf 87' lang='lat' dir='ltr'><strong>feret,</strong></span> <span class='ocrx_word' id='word_1_100' title='bbox 992 1077 1047 1124; x_wconf 89' lang='lat' dir='ltr'><strong>et</strong></span> <span class='ocrx_word' id='word_1_101' title='bbox 1071 1077 1297 1123; x_wconf 84' lang='lat' dir='ltr'><strong>mortem</strong></span> <span class='ocrx_word' id='word_1_102' title='bbox 1330 1076 1594 1137; x_wconf 89' lang='lat' dir='ltr'><strong>quantum</strong></span> <span class='ocrx_word' id='word_1_103' title='bbox 1614 1076 1794 1138; x_wconf 89' lang='lat' dir='ltr'><strong>potest</strong></span> <span class='ocrx_word' id='word_1_104' title='bbox 1823 1069 1875 1121; x_wconf 89' lang='lat' dir='ltr'><strong>in</strong></span> <span class='ocrx_word' id='word_1_105' title='bbox 1903 1068 2090 1138; x_wconf 66' lang='lat' dir='ltr'><strong>prndio</strong></span> <span class='ocrx_word' id='word_1_106' title='bbox 2115 1068 2373 1139; x_wconf 77' lang='lat' dir='ltr'><strong>refugiet,</strong></span> 
     </span>
    </p>
   </div>
   <div class='ocr_carea' id='block_1_16' title="bbox 796 1159 2375 1231">
    <p class='ocr_par' dir='ltr' id='par_1_16' title="bbox 796 1159 2375 1231">
     <span class='ocr_line' id='line_1_16' title="bbox 796 1159 2375 1231; baseline 0.001 -16"><span class='ocrx_word' id='word_1_107' title='bbox 796 1177 867 1216; x_wconf 91' lang='lat' dir='ltr'><strong>ne</strong></span> <span class='ocrx_word' id='word_1_108' title='bbox 897 1162 1206 1231; x_wconf 86' lang='lat' dir='ltr'><strong>insepultus</strong></span> <span class='ocrx_word' id='word_1_109' title='bbox 1238 1159 1556 1228; x_wconf 79' lang='lat' dir='ltr'><strong>abjieiatur.</strong></span> <span class='ocrx_word' id='word_1_110' title='bbox 1594 1159 1689 1213; x_wconf 89' lang='lat' dir='ltr'><strong>Sin</strong></span> <span class='ocrx_word' id='word_1_111' title='bbox 1728 1161 1967 1215; x_wconf 86' lang='lat' dir='ltr'><strong>honores</strong></span> <span class='ocrx_word' id='word_1_112' title='bbox 1999 1163 2231 1216; x_wconf 90' lang='lat' dir='ltr'><strong>mortuis</strong></span> <span class='ocrx_word' id='word_1_113' title='bbox 2261 1162 2375 1216; x_wconf 88' lang='lat' dir='ltr'><strong>lau-</strong></span> 
     </span>
    </p>
   </div>
   <div class='ocr_carea' id='block_1_17' title="bbox 797 1251 2373 1321">
    <p class='ocr_par' dir='ltr' id='par_1_17' title="bbox 797 1251 2373 1321">
     <span class='ocr_line' id='line_1_17' title="bbox 797 1251 2373 1321; baseline 0 -14"><span class='ocrx_word' id='word_1_114' title='bbox 797 1252 1004 1321; x_wconf 82' lang='lat' dir='ltr'><strong>desque</strong></span> <span class='ocrx_word' id='word_1_115' title='bbox 1035 1252 1145 1306; x_wconf 87' lang='lat' dir='ltr'><strong>illis</strong></span> <span class='ocrx_word' id='word_1_116' title='bbox 1173 1252 1266 1321; x_wconf 91' lang='lat' dir='ltr'><strong>qui</strong></span> <span class='ocrx_word' id='word_1_117' title='bbox 1299 1251 1675 1306; x_wconf 86' lang='lat' dir='ltr'><strong>occubuerunt</strong></span> <span class='ocrx_word' id='word_1_118' title='bbox 1708 1262 2090 1321; x_wconf 82' lang='lat' dir='ltr'><strong>proponantur</strong></span> <span class='ocrx_word' id='word_1_119' title='bbox 2113 1294 2127 1317; x_wconf 89' lang='lat'><strong>,</strong></span> <span class='ocrx_word' id='word_1_120' title='bbox 2159 1254 2373 1308; x_wconf 79' lang='lat' dir='ltr'><strong>excita-</strong></span> 
     </span>
    </p>
   </div>
   <div class='ocr_carea' id='block_1_18' title="bbox 799 1341 2366 1417">
    <p class='ocr_par' dir='ltr' id='par_1_18' title="bbox 799 1341 2366 1417">
     <span class='ocr_line' id='line_1_18' title="bbox 799 1341 2366 1417; baseline 0.003 -22"><span class='ocrx_word' id='word_1_121' title='bbox 799 1341 951 1396; x_wconf 85' lang='lat' dir='ltr'><strong>bitur</strong></span> <span class='ocrx_word' id='word_1_122' title='bbox 990 1342 1164 1413; x_wconf 79' lang='lat' dir='ltr'><strong>magis</strong></span> <span class='ocrx_word' id='word_1_123' title='bbox 1196 1342 1264 1396; x_wconf 90' lang='lat' dir='ltr'><strong>ad</strong></span> <span class='ocrx_word' id='word_1_124' title='bbox 1310 1341 1515 1412; x_wconf 63' lang='lat' dir='ltr'><strong>quaevis</strong></span> <span class='ocrx_word' id='word_1_125' title='bbox 1551 1341 1794 1411; x_wconf 89' lang='lat' dir='ltr'><strong>pericula</strong></span> <span class='ocrx_word' id='word_1_126' title='bbox 1837 1341 2272 1417; x_wconf 86' lang='lat' dir='ltr'><strong>discriminaque</strong></span> <span class='ocrx_word' id='word_1_127' title='bbox 2312 1346 2366 1399; x_wconf 91' lang='lat' dir='ltr'><strong>in</strong></span> 
     </span>
    </p>
   </div>
   <div class='ocr_carea' id='block_1_19' title="bbox 795 1433 1286 1489">
    <p class='ocr_par' dir='ltr' id='par_1_19' title="bbox 795 1433 1286 1489">
     <span class='ocr_line' id='line_1_19' title="bbox 795 1433 1286 1489; baseline 0.006 -4"><span class='ocrx_word' id='word_1_128' title='bbox 795 1433 940 1487; x_wconf 88' lang='lat' dir='ltr'><strong>bello</strong></span> <span class='ocrx_word' id='word_1_129' title='bbox 974 1435 1286 1489; x_wconf 88' lang='lat' dir='ltr'><strong>subeunda.</strong></span> 
     </span>
    </p>
   </div>
   <div class='ocr_carea' id='block_1_20' title="bbox 866 1524 2368 1595">
    <p class='ocr_par' dir='ltr' id='par_1_20' title="bbox 866 1524 2368 1595">
     <span class='ocr_line' id='line_1_20' title="bbox 866 1524 2368 1595; baseline 0.005 -19"><span class='ocrx_word' id='word_1_130' title='bbox 866 1524 952 1577; x_wconf 70' lang='grc'><strong>14.</strong></span> <span class='ocrx_word' id='word_1_131' title='bbox 997 1524 1092 1579; x_wconf 90' lang='lat' dir='ltr'><strong>Sin</strong></span> <span class='ocrx_word' id='word_1_132' title='bbox 1130 1528 1407 1595; x_wconf 77' lang='lat' dir='ltr'><strong>contingat</strong></span> <span class='ocrx_word' id='word_1_133' title='bbox 1436 1528 1739 1583; x_wconf 76' lang='lat' dir='ltr'><strong>exercitum</strong></span> <span class='ocrx_word' id='word_1_134' title='bbox 1781 1536 1935 1582; x_wconf 87' lang='lat' dir='ltr'><strong>tuum</strong></span> <span class='ocrx_word' id='word_1_135' title='bbox 1976 1528 2245 1595; x_wconf 90' lang='lat' dir='ltr'><strong>superari,</strong></span> <span class='ocrx_word' id='word_1_136' title='bbox 2272 1545 2368 1583; x_wconf 84' lang='lat' dir='ltr'><strong>eos</strong></span> 
     </span>
    </p>
   </div>
   <div class='ocr_carea' id='block_1_21' title="bbox 792 1613 2369 1681">
    <p class='ocr_par' dir='ltr' id='par_1_21' title="bbox 792 1613 2369 1681">
     <span class='ocr_line' id='line_1_21' title="bbox 792 1613 2369 1681; baseline 0.004 -16"><span class='ocrx_word' id='word_1_137' title='bbox 792 1613 887 1680; x_wconf 86' lang='lat' dir='ltr'><strong>qui</strong></span> <span class='ocrx_word' id='word_1_138' title='bbox 920 1614 972 1667; x_wconf 89' lang='lat' dir='ltr'><strong>in</strong></span> <span class='ocrx_word' id='word_1_139' title='bbox 1004 1614 1331 1670; x_wconf 86' lang='lat' dir='ltr'><strong>discrimina</strong></span> <span class='ocrx_word' id='word_1_140' title='bbox 1364 1616 1480 1671; x_wconf 66' lang='lat' dir='ltr'><strong>haec</strong></span> <span class='ocrx_word' id='word_1_141' title='bbox 1519 1626 1836 1681; x_wconf 90' lang='lat' dir='ltr'><strong>evaserunt,</strong></span> <span class='ocrx_word' id='word_1_142' title='bbox 1884 1620 2135 1674; x_wconf 91' lang='lat' dir='ltr'><strong>oratione</strong></span> <span class='ocrx_word' id='word_1_143' title='bbox 2162 1619 2369 1674; x_wconf 78' lang='lat' dir='ltr'><strong>excita-</strong></span> 
     </span>
    </p>
   </div>
   <div class='ocr_carea' id='block_1_22' title="bbox 792 1700 2369 1778">
    <p class='ocr_par' dir='ltr' id='par_1_22' title="bbox 792 1700 2369 1778">
     <span class='ocr_line' id='line_1_22' title="bbox 792 1700 2369 1778; baseline 0.004 -21"><span class='ocrx_word' id='word_1_144' title='bbox 792 1700 901 1767; x_wconf 80' lang='lat' dir='ltr'><strong>bis,</strong></span> <span class='ocrx_word' id='word_1_145' title='bbox 941 1712 997 1758; x_wconf 88' lang='lat' dir='ltr'><strong>et</strong></span> <span class='ocrx_word' id='word_1_146' title='bbox 1040 1704 1251 1762; x_wconf 85' lang='lat' dir='ltr'><strong>alacres</strong></span> <span class='ocrx_word' id='word_1_147' title='bbox 1292 1714 1559 1776; x_wconf 89' lang='lat' dir='ltr'><strong>quantum</strong></span> <span class='ocrx_word' id='word_1_148' title='bbox 1586 1717 1743 1778; x_wconf 86' lang='lat' dir='ltr'><strong>potes</strong></span> <span class='ocrx_word' id='word_1_149' title='bbox 1778 1709 1904 1765; x_wconf 90' lang='lat' dir='ltr'><strong>illos</strong></span> <span class='ocrx_word' id='word_1_150' title='bbox 1938 1709 2167 1773; x_wconf 85' lang='lat' dir='ltr'><strong>reddes,</strong></span> <span class='ocrx_word' id='word_1_151' title='bbox 2203 1721 2255 1765; x_wconf 92' lang='lat' dir='ltr'><strong>et</strong></span> <span class='ocrx_word' id='word_1_152' title='bbox 2285 1711 2369 1764; x_wconf 77' lang='lat' dir='ltr'><strong>of-</strong></span> 
     </span>
    </p>
   </div>
   <div class='ocr_carea' id='block_1_23' title="bbox 793 1792 2367 1867">
    <p class='ocr_par' dir='ltr' id='par_1_23' title="bbox 793 1792 2367 1867">
     <span class='ocr_line' id='line_1_23' title="bbox 793 1792 2367 1867; baseline 0.007 -21"><span class='ocrx_word' id='word_1_153' title='bbox 793 1792 1101 1850; x_wconf 88' lang='lat' dir='ltr'><strong>fensionem</strong></span> <span class='ocrx_word' id='word_1_154' title='bbox 1152 1796 1280 1852; x_wconf 84' lang='lat' dir='ltr'><strong>belli</strong></span> <span class='ocrx_word' id='word_1_155' title='bbox 1326 1810 1603 1867; x_wconf 87' lang='lat' dir='ltr'><strong>acceptam</strong></span> <span class='ocrx_word' id='word_1_156' title='bbox 1662 1801 1893 1857; x_wconf 87' lang='lat' dir='ltr'><strong>occultis</strong></span> <span class='ocrx_word' id='word_1_157' title='bbox 1947 1801 2367 1857; x_wconf 85' lang='lat' dir='ltr'><strong>incursionibus</strong></span> 
     </span>
    </p>
   </div>
   <div class='ocr_carea' id='block_1_24' title="bbox 793 1887 1529 1957">
    <p class='ocr_par' dir='ltr' id='par_1_24' title="bbox 793 1887 1529 1957">
     <span class='ocr_line' id='line_1_24' title="bbox 793 1887 1529 1957; baseline 0.003 -17"><span class='ocrx_word' id='word_1_158' title='bbox 793 1894 961 1957; x_wconf 85' lang='lat' dir='ltr'><strong>atque</strong></span> <span class='ocrx_word' id='word_1_159' title='bbox 994 1887 1213 1943; x_wconf 89' lang='lat' dir='ltr'><strong>insidiis</strong></span> <span class='ocrx_word' id='word_1_160' title='bbox 1241 1889 1529 1944; x_wconf 85' lang='lat' dir='ltr'><strong>resarcies.</strong></span> 
     </span>
    </p>
   </div>
   <div class='ocr_carea' id='block_1_25' title="bbox 862 2063 2366 2141">
    <p class='ocr_par' dir='ltr' id='par_1_25' title="bbox 862 2063 2366 2141">
     <span class='ocr_line' id='line_1_25' title="bbox 862 2063 2366 2141; baseline 0.008 -24"><span class='ocrx_word' id='word_1_161' title='bbox 862 2063 951 2118; x_wconf 76' lang='grc'><strong>15.</strong></span> <span class='ocrx_word' id='word_1_162' title='bbox 996 2064 1188 2119; x_wconf 85' lang='lat' dir='ltr'><strong>Solent</strong></span> <span class='ocrx_word' id='word_1_163' title='bbox 1230 2064 1377 2120; x_wconf 89' lang='lat' dir='ltr'><strong>enim</strong></span> <span class='ocrx_word' id='word_1_164' title='bbox 1411 2065 1665 2122; x_wconf 84' lang='lat' dir='ltr'><strong>homines</strong></span> <span class='ocrx_word' id='word_1_165' title='bbox 1697 2068 1860 2123; x_wconf 88' lang='lat' dir='ltr'><strong>rebus</strong></span> <span class='ocrx_word' id='word_1_166' title='bbox 1901 2069 2135 2125; x_wconf 79' lang='lat' dir='ltr'><strong>feliciter</strong></span> <span class='ocrx_word' id='word_1_167' title='bbox 2195 2075 2366 2141; x_wconf 75' lang='lat' dir='ltr'><strong>gestis</strong></span> 
     </span>
    </p>
   </div>
   <div class='ocr_carea' id='block_1_26' title="bbox 790 2151 2364 2229">
    <p class='ocr_par' dir='ltr' id='par_1_26' title="bbox 790 2151 2364 2229">
     <span class='ocr_line' id='line_1_26' title="bbox 790 2151 2364 2229; baseline 0.009 -23"><span class='ocrx_word' id='word_1_168' title='bbox 790 2151 861 2206; x_wconf 81' lang='lat' dir='ltr'><strong>ad</strong></span> <span class='ocrx_word' id='word_1_169' title='bbox 938 2154 1152 2223; x_wconf 86' lang='lat' dir='ltr'><strong>seipsos</strong></span> <span class='ocrx_word' id='word_1_170' title='bbox 1219 2156 1628 2211; x_wconf 84' lang='lat' dir='ltr'><strong>conservandos</strong></span> <span class='ocrx_word' id='word_1_171' title='bbox 1704 2159 2130 2229; x_wconf 76' lang='lat' dir='ltr'><strong>negligentiores</strong></span> <span class='ocrx_word' id='word_1_172' title='bbox 2196 2179 2364 2219; x_wconf 90' lang='lat' dir='ltr'><strong>esse:</strong></span> 
     </span>
    </p>
   </div>
   <div class='ocr_carea' id='block_1_27' title="bbox 644 2228 2362 2330">
    <p class='ocr_par' dir='ltr' id='par_1_27' title="bbox 644 2228 2362 2330">
     <span class='ocr_line' id='line_1_27' title="bbox 644 2228 2362 2330; baseline 0.009 -37"><span class='ocrx_word' id='word_1_173' title='bbox 644 2228 652 2243; x_wconf 86' lang='grc'><strong>’</strong></span> <span class='ocrx_word' id='word_1_174' title='bbox 789 2242 1015 2306; x_wconf 81' lang='lat' dir='ltr'><strong>quando</strong></span> <span class='ocrx_word' id='word_1_175' title='bbox 1038 2245 1187 2298; x_wconf 84' lang='lat' dir='ltr'><strong>enim</strong></span> <span class='ocrx_word' id='word_1_176' title='bbox 1216 2244 1395 2301; x_wconf 87' lang='lat' dir='ltr'><strong>victos</strong></span> <span class='ocrx_word' id='word_1_177' title='bbox 1420 2228 1806 2316; x_wconf 86' lang='lat' dir='ltr'><strong>contemnunt,</strong></span> <span class='ocrx_word' id='word_1_178' title='bbox 1826 2228 2041 2321; x_wconf 76' lang='lat' dir='ltr'><strong>scipsos</strong></span> <span class='ocrx_word' id='word_1_179' title='bbox 2057 2254 2362 2325; x_wconf 73' lang='lat' dir='ltr'><strong>negligunt.</strong></span> 
     </span>
    </p>
   </div>
   <div class='ocr_carea' id='block_1_28' title="bbox 789 2330 2366 2413">
    <p class='ocr_par' dir='ltr' id='par_1_28' title="bbox 789 2330 2366 2413">
     <span class='ocr_line' id='line_1_28' title="bbox 789 2330 2366 2413; baseline 0.008 -28"><span class='ocrx_word' id='word_1_180' title='bbox 789 2330 968 2401; x_wconf 65' lang='lat' dir='ltr'><strong>Atque</strong></span> <span class='ocrx_word' id='word_1_181' title='bbox 998 2332 1082 2413; x_wconf 39' lang='lat' dir='ltr'><strong>lita</strong></span> <span class='ocrx_word' id='word_1_182' title='bbox 1116 2332 1352 2390; x_wconf 78' lang='lat' dir='ltr'><strong>felicitas</strong></span> <span class='ocrx_word' id='word_1_183' title='bbox 1375 2336 1452 2390; x_wconf 91' lang='lat' dir='ltr'><strong>rei</strong></span> <span class='ocrx_word' id='word_1_184' title='bbox 1477 2343 1646 2406; x_wconf 62' lang='lat' dir='ltr'><strong>gestae</strong></span> <span class='ocrx_word' id='word_1_185' title='bbox 1677 2352 1824 2408; x_wconf 73' lang='lat' dir='ltr'><strong>saepe</strong></span> <span class='ocrx_word' id='word_1_186' title='bbox 1846 2339 2162 2399; x_wconf 85' lang='lat' dir='ltr'><strong>fortunatos</strong></span> <span class='ocrx_word' id='word_1_187' title='bbox 2192 2344 2366 2413; x_wconf 78' lang='lat' dir='ltr'><strong>magis</strong></span> 
     </span>
    </p>
   </div>
   <div class='ocr_carea' id='block_1_29' title="bbox 788 2397 1744 2493">
    <p class='ocr_par' dir='ltr' id='par_1_29' title="bbox 788 2397 1744 2493">
     <span class='ocr_line' id='line_1_29' title="bbox 788 2397 1744 2493; baseline 0.008 -22"><span class='ocrx_word' id='word_1_188' title='bbox 788 2397 951 2489; x_wconf 80' lang='lat' dir='ltr'><strong>quam</strong></span> <span class='ocrx_word' id='word_1_189' title='bbox 978 2397 1152 2477; x_wconf 49' lang='lat' dir='ltr'><strong>ﬁctos</strong></span> <span class='ocrx_word' id='word_1_190' title='bbox 1181 2428 1235 2478; x_wconf 87' lang='lat' dir='ltr'><strong>et</strong></span> <span class='ocrx_word' id='word_1_191' title='bbox 1259 2397 1549 2493; x_wconf 70' lang='lat' dir='ltr'><strong>superatos</strong></span> <span class='ocrx_word' id='word_1_192' title='bbox 1575 2425 1744 2480; x_wconf 63' lang='lat' dir='ltr'><strong>laedit.</strong></span> 
     </span>
    </p>
   </div>
   <div class='ocr_carea' id='block_1_30' title="bbox 862 2590 2365 2676">
    <p class='ocr_par' dir='ltr' id='par_1_30' title="bbox 862 2590 2365 2676">
     <span class='ocr_line' id='line_1_30' title="bbox 862 2590 2365 2676; baseline 0.009 -29"><span class='ocrx_word' id='word_1_193' title='bbox 862 2592 949 2648; x_wconf 70' lang='lat'><strong>16.</strong></span> <span class='ocrx_word' id='word_1_194' title='bbox 993 2590 1075 2648; x_wconf 77' lang='lat' dir='ltr'><strong>Tu</strong></span> <span class='ocrx_word' id='word_1_195' title='bbox 1112 2596 1258 2651; x_wconf 89' lang='lat' dir='ltr'><strong>enim</strong></span> <span class='ocrx_word' id='word_1_196' title='bbox 1298 2597 1392 2667; x_wconf 89' lang='lat' dir='ltr'><strong>qui</strong></span> <span class='ocrx_word' id='word_1_197' title='bbox 1416 2598 1773 2656; x_wconf 65' lang='lat' dir='ltr'><strong>offensionem</strong></span> <span class='ocrx_word' id='word_1_198' title='bbox 1805 2602 1932 2656; x_wconf 88' lang='lat' dir='ltr'><strong>belli</strong></span> <span class='ocrx_word' id='word_1_199' title='bbox 1967 2604 2231 2676; x_wconf 87' lang='lat' dir='ltr'><strong>accepisti</strong></span> <span class='ocrx_word' id='word_1_200' title='bbox 2269 2622 2365 2676; x_wconf 88' lang='lat' dir='ltr'><strong>per</strong></span> 
     </span>
    </p>
   </div>
   <div class='ocr_carea' id='block_1_31' title="bbox 786 2684 2364 2771">
    <p class='ocr_par' dir='ltr' id='par_1_31' title="bbox 786 2684 2364 2771">
     <span class='ocr_line' id='line_1_31' title="bbox 786 2684 2364 2771; baseline 0.011 -36"><span class='ocrx_word' id='word_1_201' title='bbox 786 2687 844 2738; x_wconf 84' lang='lat' dir='ltr'><strong>te</strong></span> <span class='ocrx_word' id='word_1_202' title='bbox 870 2698 933 2737; x_wconf 83' lang='lat' dir='ltr'><strong>ex</strong></span> <span class='ocrx_word' id='word_1_203' title='bbox 970 2684 1039 2739; x_wconf 91' lang='lat' dir='ltr'><strong>iis</strong></span> <span class='ocrx_word' id='word_1_204' title='bbox 1082 2699 1202 2771; x_wconf 72' lang='lat' dir='ltr'><strong>qua:</strong></span> <span class='ocrx_word' id='word_1_205' title='bbox 1232 2701 1526 2756; x_wconf 85' lang='lat' dir='ltr'><strong>perpessus</strong></span> <span class='ocrx_word' id='word_1_206' title='bbox 1551 2706 1610 2745; x_wconf 90' lang='lat' dir='ltr'><strong>es</strong></span> <span class='ocrx_word' id='word_1_207' title='bbox 1637 2690 1881 2748; x_wconf 87' lang='lat' dir='ltr'><strong>didicisti</strong></span> <span class='ocrx_word' id='word_1_208' title='bbox 1905 2692 2139 2762; x_wconf 90' lang='lat' dir='ltr'><strong>teipsum</strong></span> <span class='ocrx_word' id='word_1_209' title='bbox 2171 2695 2239 2750; x_wconf 89' lang='lat' dir='ltr'><strong>de</strong></span> <span class='ocrx_word' id='word_1_210' title='bbox 2262 2711 2364 2751; x_wconf 63' lang='lat' dir='ltr'><strong>caa-</strong></span> 
     </span>
    </p>
   </div>
   <div class='ocr_carea' id='block_1_32' title="bbox 785 2779 2363 2856">
    <p class='ocr_par' dir='ltr' id='par_1_32' title="bbox 785 2779 2363 2856">
     <span class='ocr_line' id='line_1_32' title="bbox 785 2779 2363 2856; baseline 0.013 -32"><span class='ocrx_word' id='word_1_211' title='bbox 785 2780 906 2825; x_wconf 86' lang='lat' dir='ltr'><strong>tero</strong></span> <span class='ocrx_word' id='word_1_212' title='bbox 941 2781 1116 2827; x_wconf 89' lang='lat' dir='ltr'><strong>tutum</strong></span> <span class='ocrx_word' id='word_1_213' title='bbox 1153 2790 1524 2833; x_wconf 77' lang='lat' dir='ltr'><strong>conservare:</strong></span> <span class='ocrx_word' id='word_1_214' title='bbox 1562 2779 1654 2834; x_wconf 82' lang='lat' dir='ltr'><strong>ille</strong></span> <span class='ocrx_word' id='word_1_215' title='bbox 1683 2790 1863 2836; x_wconf 86' lang='lat' dir='ltr'><strong>autem</strong></span> <span class='ocrx_word' id='word_1_216' title='bbox 1890 2784 1984 2854; x_wconf 84' lang='lat' dir='ltr'><strong>qui</strong></span> <span class='ocrx_word' id='word_1_217' title='bbox 2011 2800 2193 2840; x_wconf 90' lang='lat' dir='ltr'><strong>rerum</strong></span> <span class='ocrx_word' id='word_1_218' title='bbox 2235 2802 2363 2856; x_wconf 78' lang='lat' dir='ltr'><strong>pro-</strong></span> 
     </span>
    </p>
   </div>
   <div class='ocr_carea' id='block_1_33' title="bbox 786 2864 2360 2943">
    <p class='ocr_par' dir='ltr' id='par_1_33' title="bbox 786 2864 2360 2943">
     <span class='ocr_line' id='line_1_33' title="bbox 786 2864 2360 2943; baseline 0.013 -26"><span class='ocrx_word' id='word_1_219' title='bbox 786 2864 1050 2932; x_wconf 85' lang='lat' dir='ltr'><strong>speritale</strong></span> <span class='ocrx_word' id='word_1_220' title='bbox 1099 2866 1289 2934; x_wconf 84' lang='lat' dir='ltr'><strong>amuit,</strong></span> <span class='ocrx_word' id='word_1_221' title='bbox 1330 2870 1616 2924; x_wconf 81' lang='lat' dir='ltr'><strong>adversam</strong></span> <span class='ocrx_word' id='word_1_222' title='bbox 1650 2871 1925 2929; x_wconf 79' lang='lat' dir='ltr'><strong>fortunam</strong></span> <span class='ocrx_word' id='word_1_223' title='bbox 1952 2892 2061 2931; x_wconf 91' lang='lat' dir='ltr'><strong>non</strong></span> <span class='ocrx_word' id='word_1_224' title='bbox 2093 2880 2360 2943; x_wconf 86' lang='lat' dir='ltr'><strong>sentiens.</strong></span> 
     </span>
    </p>
   </div>
   <div class='ocr_carea' id='block_1_34' title="bbox 784 2956 2361 3027">
    <p class='ocr_par' dir='ltr' id='par_1_34' title="bbox 784 2956 2361 3027">
     <span class='ocr_line' id='line_1_34' title="bbox 784 2956 2361 3027; baseline 0.01 -16"><span class='ocrx_word' id='word_1_225' title='bbox 784 2956 934 3012; x_wconf 85' lang='lat' dir='ltr'><strong>nulla</strong></span> <span class='ocrx_word' id='word_1_226' title='bbox 974 2959 1287 3027; x_wconf 87' lang='lat' dir='ltr'><strong>provisione</strong></span> <span class='ocrx_word' id='word_1_227' title='bbox 1316 2969 1369 3015; x_wconf 86' lang='lat' dir='ltr'><strong>et</strong></span> <span class='ocrx_word' id='word_1_228' title='bbox 1396 2963 1656 3021; x_wconf 88' lang='lat' dir='ltr'><strong>cautione</strong></span> <span class='ocrx_word' id='word_1_229' title='bbox 1689 2964 1863 3019; x_wconf 88' lang='lat' dir='ltr'><strong>utitur</strong></span> <span class='ocrx_word' id='word_1_230' title='bbox 1890 2966 1957 3021; x_wconf 89' lang='lat' dir='ltr'><strong>ad</strong></span> <span class='ocrx_word' id='word_1_231' title='bbox 1988 2982 2054 3023; x_wconf 89' lang='lat' dir='ltr'><strong>ea</strong></span> <span class='ocrx_word' id='word_1_232' title='bbox 2077 2968 2361 3025; x_wconf 79' lang='lat' dir='ltr'><strong>declinan-</strong></span> 
     </span>
    </p>
   </div>
   <div class='ocr_carea' id='block_1_35' title="bbox 785 3046 2360 3119">
    <p class='ocr_par' dir='ltr' id='par_1_35' title="bbox 785 3046 2360 3119">
     <span class='ocr_line' id='line_1_35' title="bbox 785 3046 2360 3119; baseline 0.01 -19"><span class='ocrx_word' id='word_1_233' title='bbox 785 3046 879 3109; x_wconf 87' lang='lat' dir='ltr'><strong>da,</strong></span> <span class='ocrx_word' id='word_1_234' title='bbox 906 3063 1139 3119; x_wconf 85' lang='lat' dir='ltr'><strong>quorum</strong></span> <span class='ocrx_word' id='word_1_235' title='bbox 1180 3052 1390 3107; x_wconf 91' lang='lat' dir='ltr'><strong>nullum</strong></span> <span class='ocrx_word' id='word_1_236' title='bbox 1423 3055 1603 3110; x_wconf 85' lang='lat' dir='ltr'><strong>adhuc</strong></span> <span class='ocrx_word' id='word_1_237' title='bbox 1627 3071 1850 3112; x_wconf 82' lang='lat' dir='ltr'><strong>sensum</strong></span> <span class='ocrx_word' id='word_1_238' title='bbox 1898 3058 2107 3116; x_wconf 87' lang='lat' dir='ltr'><strong>habuit.</strong></span> <span class='ocrx_word' id='word_1_239' title='bbox 2147 3062 2360 3117; x_wconf 89' lang='lat' dir='ltr'><strong>Scitum</strong></span> 
     </span>
    </p>
   </div>
   <div class='ocr_carea' id='block_1_36' title="bbox 2478 1069 4055 1153">
    <p class='ocr_par' dir='ltr' id='par_1_36' title="bbox 2478 1069 4055 1153">
     <span class='ocr_line' id='line_1_36' title="bbox 2478 1069 4055 1153; baseline 0.011 -33"><span class='ocrx_word' id='word_1_240' title='bbox 2478 1069 2653 1139; x_wconf 82' lang='grc' dir='ltr'>ὓϐριν,</span> <span class='ocrx_word' id='word_1_241' title='bbox 2706 1071 2801 1123; x_wconf 75' lang='grc' dir='ltr'><strong>καὶ</strong></span> <span class='ocrx_word' id='word_1_242' title='bbox 2852 1074 3043 1141; x_wconf 77' lang='grc' dir='ltr'>φεύγει</span> <span class='ocrx_word' id='word_1_243' title='bbox 3070 1075 3133 1127; x_wconf 80' lang='grc' dir='ltr'><strong>τὸ</strong></span> <span class='ocrx_word' id='word_1_244' title='bbox 3157 1076 3348 1127; x_wconf 81' lang='grc' dir='ltr'>παθεῖν</span> <span class='ocrx_word' id='word_1_245' title='bbox 3369 1094 3419 1128; x_wconf 89' lang='grc' dir='ltr'><strong>τι</strong></span> <span class='ocrx_word' id='word_1_246' title='bbox 3468 1079 3709 1133; x_wconf 74' lang='grc' dir='ltr'>τοιοῦτον</span> <span class='ocrx_word' id='word_1_247' title='bbox 3746 1086 4055 1153; x_wconf 73' lang='grc' dir='ltr'>μαχόμενος</span> 
     </span>
    </p>
   </div>
   <div class='ocr_carea' id='block_1_37' title="bbox 2475 1163 4053 1241">
    <p class='ocr_par' dir='ltr' id='par_1_37' title="bbox 2475 1163 4053 1241">
     <span class='ocr_line' id='line_1_37' title="bbox 2475 1163 4053 1241; baseline 0.01 -28"><span class='ocrx_word' id='word_1_248' title='bbox 2475 1163 2567 1214; x_wconf 75' lang='grc' dir='ltr'><strong>καὶ</strong></span> <span class='ocrx_word' id='word_1_249' title='bbox 2593 1163 2797 1232; x_wconf 80' lang='grc' dir='ltr'>ἄταφος</span> <span class='ocrx_word' id='word_1_250' title='bbox 2845 1165 3293 1237; x_wconf 79' lang='grc' dir='ltr'>καταλειφθῆναι.</span> <span class='ocrx_word' id='word_1_251' title='bbox 3331 1168 3391 1220; x_wconf 86' lang='grc' dir='ltr'>Εἰ</span> <span class='ocrx_word' id='word_1_252' title='bbox 3418 1168 3476 1221; x_wconf 75' lang='grc' dir='ltr'>δὲ</span> <span class='ocrx_word' id='word_1_253' title='bbox 3506 1172 3673 1241; x_wconf 84' lang='grc' dir='ltr'>τιμῆς</span> <span class='ocrx_word' id='word_1_254' title='bbox 3720 1174 3928 1239; x_wconf 76' lang='grc' dir='ltr'>ἀξιοῖτο</span> <span class='ocrx_word' id='word_1_255' title='bbox 3961 1178 4053 1228; x_wconf 72' lang='grc' dir='ltr'>καὶ</span> 
     </span>
    </p>
   </div>
   <div class='ocr_carea' id='block_1_38' title="bbox 2475 1255 4052 1332">
    <p class='ocr_par' dir='ltr' id='par_1_38' title="bbox 2475 1255 4052 1332">
     <span class='ocr_line' id='line_1_38' title="bbox 2475 1255 4052 1332; baseline 0.01 -27"><span class='ocrx_word' id='word_1_256' title='bbox 2475 1255 2615 1322; x_wconf 81' lang='grc' dir='ltr'><strong>μετά</strong></span> <span class='ocrx_word' id='word_1_257' title='bbox 2644 1256 2704 1306; x_wconf 83' lang='grc' dir='ltr'>τὸ</span> <span class='ocrx_word' id='word_1_258' title='bbox 2729 1257 2917 1308; x_wconf 79' lang='grc' dir='ltr'>πεσεῖν</span> <span class='ocrx_word' id='word_1_259' title='bbox 2969 1257 3066 1309; x_wconf 80' lang='grc' dir='ltr'>καὶ</span> <span class='ocrx_word' id='word_1_260' title='bbox 3104 1259 3325 1328; x_wconf 80' lang='grc' dir='ltr'><strong>μνήμης</strong></span> <span class='ocrx_word' id='word_1_261' title='bbox 3359 1260 3573 1329; x_wconf 79' lang='grc' dir='ltr'><strong>ἀγαθῆς</strong></span> <span class='ocrx_word' id='word_1_262' title='bbox 3619 1264 3847 1332; x_wconf 81' lang='grc' dir='ltr'>ὁμοίως,</span> <span class='ocrx_word' id='word_1_263' title='bbox 3882 1267 4052 1321; x_wconf 68' lang='grc' dir='ltr'>ταῦτα</span> 
     </span>
    </p>
   </div>
   <div class='ocr_carea' id='block_1_39' title="bbox 2476 1346 4050 1422">
    <p class='ocr_par' dir='ltr' id='par_1_39' title="bbox 2476 1346 4050 1422">
     <span class='ocr_line' id='line_1_39' title="bbox 2476 1346 4050 1422; baseline 0.01 -27"><span class='ocrx_word' id='word_1_264' title='bbox 2476 1346 2716 1413; x_wconf 82' lang='grc' dir='ltr'>συνορῶν</span> <span class='ocrx_word' id='word_1_265' title='bbox 2771 1346 2832 1399; x_wconf 76' lang='grc' dir='ltr'><strong>οὐ</strong></span> <span class='ocrx_word' id='word_1_266' title='bbox 2881 1347 3280 1417; x_wconf 79' lang='grc' dir='ltr'>παραιτήσεται</span> <span class='ocrx_word' id='word_1_267' title='bbox 3323 1350 3732 1421; x_wconf 78' lang='grc' dir='ltr'>προθυμότερον</span> <span class='ocrx_word' id='word_1_268' title='bbox 3779 1357 4050 1422; x_wconf 76' lang='grc' dir='ltr'>ἀγωνίσα-</span> 
     </span>
    </p>
   </div>
   <div class='ocr_carea' id='block_1_40' title="bbox 2474 1434 2621 1488">
    <p class='ocr_par' dir='ltr' id='par_1_40' title="bbox 2474 1434 2621 1488">
     <span class='ocr_line' id='line_1_40' title="bbox 2474 1434 2621 1488; baseline 0.02 -3"><span class='ocrx_word' id='word_1_269' title='bbox 2474 1434 2621 1488; x_wconf 82' lang='grc' dir='ltr'>σθαι.</span> 
     </span>
    </p>
   </div>
   <div class='ocr_carea' id='block_1_41' title="bbox 2544 1528 4049 1606">
    <p class='ocr_par' dir='ltr' id='par_1_41' title="bbox 2544 1528 4049 1606">
     <span class='ocr_line' id='line_1_41' title="bbox 2544 1528 4049 1606; baseline 0.006 -25"><span class='ocrx_word' id='word_1_270' title='bbox 2544 1528 2626 1582; x_wconf 84' lang='grc' dir='ltr'>ιδ’.</span> <span class='ocrx_word' id='word_1_271' title='bbox 2677 1529 2983 1583; x_wconf 77' lang='grc' dir='ltr'>Είδὲοῦτω</span> <span class='ocrx_word' id='word_1_272' title='bbox 3037 1529 3220 1601; x_wconf 77' lang='grc' dir='ltr'>συμϐῇ</span> <span class='ocrx_word' id='word_1_273' title='bbox 3269 1531 3411 1585; x_wconf 81' lang='grc' dir='ltr'>ὥστε</span> <span class='ocrx_word' id='word_1_274' title='bbox 3465 1535 3856 1605; x_wconf 76' lang='grc' dir='ltr'>ἡττηθῆναιτὺ</span> <span class='ocrx_word' id='word_1_275' title='bbox 3892 1538 4049 1606; x_wconf 77' lang='grc' dir='ltr'>στρά-</span> 
     </span>
    </p>
   </div>
   <div class='ocr_carea' id='block_1_42' title="bbox 2469 1619 4049 1692">
    <p class='ocr_par' dir='ltr' id='par_1_42' title="bbox 2469 1619 4049 1692">
     <span class='ocr_line' id='line_1_42' title="bbox 2469 1619 4049 1692; baseline 0.006 -23"><span class='ocrx_word' id='word_1_276' title='bbox 2469 1634 2667 1688; x_wconf 83' lang='grc' dir='ltr'>τευμα,</span> <span class='ocrx_word' id='word_1_277' title='bbox 2706 1619 2780 1689; x_wconf 82' lang='grc' dir='ltr'>μὴ</span> <span class='ocrx_word' id='word_1_278' title='bbox 2806 1620 2996 1688; x_wconf 80' lang='grc' dir='ltr'>ἀμέλει</span> <span class='ocrx_word' id='word_1_279' title='bbox 3033 1620 3127 1674; x_wconf 82' lang='grc' dir='ltr'>τοῦ</span> <span class='ocrx_word' id='word_1_280' title='bbox 3145 1622 3560 1692; x_wconf 81' lang='grc' dir='ltr'>ἀνακτήσασθαι</span> <span class='ocrx_word' id='word_1_281' title='bbox 3597 1629 3725 1689; x_wconf 74' lang='grc' dir='ltr'>τοὺς</span> <span class='ocrx_word' id='word_1_282' title='bbox 3746 1629 4049 1682; x_wconf 80' lang='grc' dir='ltr'>ἀνασωθέν-</span> 
     </span>
    </p>
   </div>
   <div class='ocr_carea' id='block_1_43' title="bbox 2466 1709 4047 1784">
    <p class='ocr_par' dir='ltr' id='par_1_43' title="bbox 2466 1709 4047 1784">
     <span class='ocr_line' id='line_1_43' title="bbox 2466 1709 4047 1784; baseline 0.009 -26"><span class='ocrx_word' id='word_1_283' title='bbox 2466 1724 2564 1769; x_wconf 86' lang='grc' dir='ltr'><strong>τας</strong></span> <span class='ocrx_word' id='word_1_284' title='bbox 2606 1709 2695 1761; x_wconf 81' lang='grc' dir='ltr'><strong>διὰ</strong></span> <span class='ocrx_word' id='word_1_285' title='bbox 2748 1710 2920 1776; x_wconf 89' lang='grc' dir='ltr'>λόγων</span> <span class='ocrx_word' id='word_1_286' title='bbox 2972 1710 3068 1765; x_wconf 75' lang='grc' dir='ltr'><strong>καὶ</strong></span> <span class='ocrx_word' id='word_1_287' title='bbox 3125 1712 3601 1784; x_wconf 75' lang='grc' dir='ltr'>προθυμοποιῆσαι</span> <span class='ocrx_word' id='word_1_288' title='bbox 3650 1718 3874 1783; x_wconf 74' lang='grc' dir='ltr'>αὐτοὺς,</span> <span class='ocrx_word' id='word_1_289' title='bbox 3915 1720 4047 1773; x_wconf 76' lang='grc' dir='ltr'><strong>ἀλλά</strong></span> 
     </span>
    </p>
   </div>
   <div class='ocr_carea' id='block_1_44' title="bbox 2473 1797 4046 1878">
    <p class='ocr_par' dir='ltr' id='par_1_44' title="bbox 2473 1797 4046 1878">
     <span class='ocr_line' id='line_1_44' title="bbox 2473 1797 4046 1878; baseline 0.008 -28"><span class='ocrx_word' id='word_1_290' title='bbox 2473 1797 2741 1864; x_wconf 75' lang='grc' dir='ltr'>σπούδαζε</span> <span class='ocrx_word' id='word_1_291' title='bbox 2800 1802 2895 1854; x_wconf 75' lang='grc' dir='ltr'>καὶ</span> <span class='ocrx_word' id='word_1_292' title='bbox 2945 1801 3100 1871; x_wconf 79' lang='grc' dir='ltr'>ζήτει</span> <span class='ocrx_word' id='word_1_293' title='bbox 3154 1805 3344 1875; x_wconf 84' lang='grc' dir='ltr'>καιρὸν</span> <span class='ocrx_word' id='word_1_294' title='bbox 3386 1805 3528 1859; x_wconf 87' lang='grc' dir='ltr'>ὥστε</span> <span class='ocrx_word' id='word_1_295' title='bbox 3553 1808 3682 1860; x_wconf 84' lang='grc' dir='ltr'>ποτὲ</span> <span class='ocrx_word' id='word_1_296' title='bbox 3722 1810 4046 1878; x_wconf 71' lang='grc' dir='ltr'>καὶμᾶλλον</span> 
     </span>
    </p>
   </div>
   <div class='ocr_carea' id='block_1_45' title="bbox 2472 1890 4046 1971">
    <p class='ocr_par' dir='ltr' id='par_1_45' title="bbox 2472 1890 4046 1971">
     <span class='ocr_line' id='line_1_45' title="bbox 2472 1890 4046 1971; baseline 0.007 -27"><span class='ocrx_word' id='word_1_297' title='bbox 2472 1890 3061 1964; x_wconf 80' lang='grc' dir='ltr'>ὲπανορθώσασθαιτὴν</span> <span class='ocrx_word' id='word_1_298' title='bbox 3090 1895 3385 1952; x_wconf 75' lang='grc' dir='ltr'>ἐλάττωσιν</span> <span class='ocrx_word' id='word_1_299' title='bbox 3414 1897 3505 1953; x_wconf 67' lang='grc' dir='ltr'>διὰ</span> <span class='ocrx_word' id='word_1_300' title='bbox 3532 1900 3817 1969; x_wconf 80' lang='grc' dir='ltr'>κρυφαίων</span> <span class='ocrx_word' id='word_1_301' title='bbox 3844 1904 4046 1971; x_wconf 56' lang='grc' dir='ltr'>ἐφλγων</span> 
     </span>
    </p>
   </div>
   <div class='ocr_carea' id='block_1_46' title="bbox 2469 1981 2959 2051">
    <p class='ocr_par' dir='ltr' id='par_1_46' title="bbox 2469 1981 2959 2051">
     <span class='ocr_line' id='line_1_46' title="bbox 2469 1981 2959 2051; baseline 0.01 -19"><span class='ocrx_word' id='word_1_302' title='bbox 2469 1981 2502 2051; x_wconf 77' lang='grc' dir='ltr'>ἢ</span> <span class='ocrx_word' id='word_1_303' title='bbox 2534 1983 2632 2047; x_wconf 82' lang='grc' dir='ltr'>ὲγκ</span> <span class='ocrx_word' id='word_1_304' title='bbox 2637 1999 2703 2051; x_wconf 92' lang='grc' dir='ltr'><strong>ρυ</strong></span> <span class='ocrx_word' id='word_1_305' title='bbox 2711 2000 2749 2050; x_wconf 90' lang='grc' dir='ltr'><strong>μ</strong></span> <span class='ocrx_word' id='word_1_306' title='bbox 2755 1982 2959 2051; x_wconf 86' lang='grc' dir='ltr'>μάτων.</span> 
     </span>
    </p>
   </div>
   <div class='ocr_carea' id='block_1_47' title="bbox 2541 2071 4045 2153">
    <p class='ocr_par' dir='ltr' id='par_1_47' title="bbox 2541 2071 4045 2153">
     <span class='ocr_line' id='line_1_47' title="bbox 2541 2071 4045 2153; baseline 0.006 -29"><span class='ocrx_word' id='word_1_307' title='bbox 2541 2079 2621 2125; x_wconf 86' lang='grc' dir='ltr'>ιε’.</span> <span class='ocrx_word' id='word_1_308' title='bbox 2651 2071 2890 2127; x_wconf 81' lang='grc' dir='ltr'>Εἰώθασι</span> <span class='ocrx_word' id='word_1_309' title='bbox 2944 2075 3054 2145; x_wconf 80' lang='grc' dir='ltr'><strong>γάρ</strong></span> <span class='ocrx_word' id='word_1_310' title='bbox 3096 2075 3356 2139; x_wconf 78' lang='grc' dir='ltr'>πολλάκις</span> <span class='ocrx_word' id='word_1_311' title='bbox 3399 2078 3446 2130; x_wconf 79' lang='lat' dir='ltr'><strong>oi</strong></span> <span class='ocrx_word' id='word_1_312' title='bbox 3491 2078 3898 2149; x_wconf 73' lang='grc' dir='ltr'>εὐπραγοῦντες</span> <span class='ocrx_word' id='word_1_313' title='bbox 3948 2084 4045 2153; x_wconf 74' lang='grc' dir='ltr'><strong>ρᾳο</strong></span> 
     </span>
    </p>
   </div>
   <div class='ocr_carea' id='block_1_48' title="bbox 2470 2164 4044 2240">
    <p class='ocr_par' dir='ltr' id='par_1_48' title="bbox 2470 2164 4044 2240">
     <span class='ocr_line' id='line_1_48' title="bbox 2470 2164 4044 2240; baseline 0.007 -24"><span class='ocrx_word' id='word_1_314' title='bbox 2470 2164 2762 2238; x_wconf 81' lang='grc' dir='ltr'>θυμὸτεροι</span> <span class='ocrx_word' id='word_1_315' title='bbox 2823 2167 3071 2234; x_wconf 84' lang='grc' dir='ltr'>γίνεσθαι</span> <span class='ocrx_word' id='word_1_316' title='bbox 3125 2169 3251 2240; x_wconf 76' lang='grc' dir='ltr'>περὶ</span> <span class='ocrx_word' id='word_1_317' title='bbox 3281 2171 3380 2232; x_wconf 84' lang='grc' dir='ltr'><strong>τάς</strong></span> <span class='ocrx_word' id='word_1_318' title='bbox 3430 2171 3678 2237; x_wconf 83' lang='grc' dir='ltr'>φυλακάς</span> <span class='ocrx_word' id='word_1_319' title='bbox 3701 2173 3904 2227; x_wconf 82' lang='grc' dir='ltr'>αὐτῶν.</span> <span class='ocrx_word' id='word_1_320' title='bbox 3940 2176 4044 2227; x_wconf 74' lang='grc' dir='ltr'><strong>Καὶ</strong></span> 
     </span>
    </p>
   </div>
   <div class='ocr_carea' id='block_1_49' title="bbox 2467 2259 4046 2336">
    <p class='ocr_par' dir='ltr' id='par_1_49' title="bbox 2467 2259 4046 2336">
     <span class='ocr_line' id='line_1_49' title="bbox 2467 2259 4046 2336; baseline 0.006 -26"><span class='ocrx_word' id='word_1_321' title='bbox 2467 2259 2576 2328; x_wconf 84' lang='grc' dir='ltr'>γὰρ</span> <span class='ocrx_word' id='word_1_322' title='bbox 2629 2260 2757 2312; x_wconf 82' lang='grc' dir='ltr'>ὅταν</span> <span class='ocrx_word' id='word_1_323' title='bbox 2824 2260 2932 2313; x_wconf 86' lang='grc' dir='ltr'>τῶν</span> <span class='ocrx_word' id='word_1_324' title='bbox 2980 2262 3325 2331; x_wconf 75' lang='grc' dir='ltr'>ἡττηθέντων</span> <span class='ocrx_word' id='word_1_325' title='bbox 3397 2269 3875 2336; x_wconf 82' lang='grc' dir='ltr'>καταφρονήσωσι,</span> <span class='ocrx_word' id='word_1_326' title='bbox 3939 2270 4046 2320; x_wconf 80' lang='grc' dir='ltr'><strong>τῶν</strong></span> 
     </span>
    </p>
   </div>
   <div class='ocr_carea' id='block_1_50' title="bbox 2470 2348 4045 2429">
    <p class='ocr_par' dir='ltr' id='par_1_50' title="bbox 2470 2348 4045 2429">
     <span class='ocr_line' id='line_1_50' title="bbox 2470 2348 4045 2429; baseline 0.01 -28"><span class='ocrx_word' id='word_1_327' title='bbox 2470 2348 2619 2401; x_wconf 79' lang='grc' dir='ltr'>ἰδίων</span> <span class='ocrx_word' id='word_1_328' title='bbox 2639 2350 3030 2419; x_wconf 80' lang='grc' dir='ltr'>καταμελοῦσι.</span> <span class='ocrx_word' id='word_1_329' title='bbox 3068 2354 3177 2407; x_wconf 74' lang='grc' dir='ltr'>Καὶ</span> <span class='ocrx_word' id='word_1_330' title='bbox 3207 2352 3383 2419; x_wconf 75' lang='grc' dir='ltr'>οὕτως</span> <span class='ocrx_word' id='word_1_331' title='bbox 3414 2357 3675 2421; x_wconf 77' lang='grc' dir='ltr'>πολλάκις</span> <span class='ocrx_word' id='word_1_332' title='bbox 3705 2358 3777 2411; x_wconf 71' lang='grc' dir='ltr'>τὰ</span> <span class='ocrx_word' id='word_1_333' title='bbox 3817 2361 4045 2429; x_wconf 76' lang='grc' dir='ltr'>εὐτυχή-</span> 
     </span>
    </p>
   </div>
   <div class='ocr_carea' id='block_1_51' title="bbox 2469 2441 4044 2521">
    <p class='ocr_par' dir='ltr' id='par_1_51' title="bbox 2469 2441 4044 2521">
     <span class='ocr_line' id='line_1_51' title="bbox 2469 2441 4044 2521; baseline 0.009 -31"><span class='ocrx_word' id='word_1_334' title='bbox 2469 2455 2615 2506; x_wconf 83' lang='grc' dir='ltr'>ματα</span> <span class='ocrx_word' id='word_1_335' title='bbox 2653 2441 2821 2494; x_wconf 83' lang='grc' dir='ltr'>πλέον</span> <span class='ocrx_word' id='word_1_336' title='bbox 2857 2441 3085 2511; x_wconf 82' lang='grc' dir='ltr'>βλάπτει</span> <span class='ocrx_word' id='word_1_337' title='bbox 3112 2444 3239 2507; x_wconf 83' lang='grc' dir='ltr'>τοὺς</span> <span class='ocrx_word' id='word_1_338' title='bbox 3276 2445 3642 2515; x_wconf 80' lang='grc' dir='ltr'>εὐτυχοῦντας</span> <span class='ocrx_word' id='word_1_339' title='bbox 3683 2451 3818 2521; x_wconf 84' lang='grc' dir='ltr'>παρ’</span> <span class='ocrx_word' id='word_1_340' title='bbox 3846 2450 3875 2503; x_wconf 85' lang='grc' dir='ltr'><strong>ὃ</strong></span> <span class='ocrx_word' id='word_1_341' title='bbox 3905 2452 4044 2521; x_wconf 64' lang='grc' dir='ltr'>μᾶλα</span> 
     </span>
    </p>
   </div>
   <div class='ocr_carea' id='block_1_52' title="bbox 2465 2529 3440 2607">
    <p class='ocr_par' dir='ltr' id='par_1_52' title="bbox 2465 2529 3440 2607">
     <span class='ocr_line' id='line_1_52' title="bbox 2465 2529 3440 2607; baseline 0.009 -25"><span class='ocrx_word' id='word_1_342' title='bbox 2465 2529 2556 2583; x_wconf 88' lang='grc' dir='ltr'><strong>λον</strong></span> <span class='ocrx_word' id='word_1_343' title='bbox 2583 2531 2634 2584; x_wconf 77' lang='grc' dir='ltr'>οἱ</span> <span class='ocrx_word' id='word_1_344' title='bbox 2650 2531 3087 2603; x_wconf 83' lang='grc' dir='ltr'>δυστυχήσαντες</span> <span class='ocrx_word' id='word_1_345' title='bbox 3111 2535 3440 2607; x_wconf 68' lang='grc' dir='ltr'>ἐϐλάϐησαν.</span> 
     </span>
    </p>
   </div>
   <div class='ocr_carea' id='block_1_53' title="bbox 2537 2623 4041 2700">
    <p class='ocr_par' dir='ltr' id='par_1_53' title="bbox 2537 2623 4041 2700">
     <span class='ocr_line' id='line_1_53' title="bbox 2537 2623 4041 2700; baseline 0.008 -26"><span class='ocrx_word' id='word_1_346' title='bbox 2537 2628 2636 2685; x_wconf 82' lang='grc' dir='ltr'>ις’.</span> <span class='ocrx_word' id='word_1_347' title='bbox 2669 2623 2741 2676; x_wconf 86' lang='grc' dir='ltr'><strong>Σὺ</strong></span> <span class='ocrx_word' id='word_1_348' title='bbox 2790 2624 2892 2692; x_wconf 81' lang='grc' dir='ltr'>μὲν</span> <span class='ocrx_word' id='word_1_349' title='bbox 2950 2626 3061 2694; x_wconf 82' lang='grc' dir='ltr'>γὰρ</span> <span class='ocrx_word' id='word_1_350' title='bbox 3118 2627 3354 2690; x_wconf 79' lang='grc' dir='ltr'>πταίσας</span> <span class='ocrx_word' id='word_1_351' title='bbox 3386 2627 3674 2699; x_wconf 68' lang='grc' dir='ltr'>ἐδιδάχθης</span> <span class='ocrx_word' id='word_1_352' title='bbox 3700 2631 3794 2700; x_wconf 80' lang='grc' dir='ltr'>ἀφ’</span> <span class='ocrx_word' id='word_1_353' title='bbox 3828 2633 4041 2699; x_wconf 73' lang='grc' dir='ltr'>ἑαυτοῦ,</span> 
     </span>
    </p>
   </div>
   <div class='ocr_carea' id='block_1_54' title="bbox 2468 2709 4044 2787">
    <p class='ocr_par' dir='ltr' id='par_1_54' title="bbox 2468 2709 4044 2787">
     <span class='ocr_line' id='line_1_54' title="bbox 2468 2709 4044 2787; baseline 0.01 -24"><span class='ocrx_word' id='word_1_354' title='bbox 2468 2710 2561 2763; x_wconf 80' lang='grc' dir='ltr'>καὶ</span> <span class='ocrx_word' id='word_1_355' title='bbox 2603 2709 2879 2778; x_wconf 77' lang='grc' dir='ltr'>ὲφύλαξας</span> <span class='ocrx_word' id='word_1_356' title='bbox 2929 2712 3123 2765; x_wconf 77' lang='grc' dir='ltr'>ἑαυτὸν</span> <span class='ocrx_word' id='word_1_357' title='bbox 3163 2714 3299 2783; x_wconf 81' lang='grc' dir='ltr'>πρὸς</span> <span class='ocrx_word' id='word_1_358' title='bbox 3319 2716 3381 2767; x_wconf 71' lang='grc' dir='ltr'>τὸ</span> <span class='ocrx_word' id='word_1_359' title='bbox 3405 2718 3598 2785; x_wconf 82' lang='grc' dir='ltr'>μέλλον</span> <span class='ocrx_word' id='word_1_360' title='bbox 3618 2718 3678 2785; x_wconf 74' lang='grc' dir='ltr'><strong>ἐξ</strong></span> <span class='ocrx_word' id='word_1_361' title='bbox 3709 2716 3785 2775; x_wconf 78' lang='grc' dir='ltr'>ὧν</span> <span class='ocrx_word' id='word_1_362' title='bbox 3818 2722 4044 2787; x_wconf 67' lang='grc' dir='ltr'>ἔπαθες.</span> 
     </span>
    </p>
   </div>
   <div class='ocr_carea' id='block_1_55' title="bbox 2472 2794 4045 2880">
    <p class='ocr_par' dir='ltr' id='par_1_55' title="bbox 2472 2794 4045 2880">
     <span class='ocr_line' id='line_1_55' title="bbox 2472 2794 4045 2880; baseline 0.011 -32"><span class='ocrx_word' id='word_1_363' title='bbox 2472 2794 2711 2858; x_wconf 74' lang='grc' dir='ltr'>Ἐκεῖνος</span> <span class='ocrx_word' id='word_1_364' title='bbox 2735 2796 2791 2850; x_wconf 77' lang='grc' dir='ltr'>δὲ</span> <span class='ocrx_word' id='word_1_365' title='bbox 2813 2799 3037 2868; x_wconf 78' lang='grc' dir='ltr'>μηδέπω</span> <span class='ocrx_word' id='word_1_366' title='bbox 3058 2801 3425 2873; x_wconf 85' lang='grc' dir='ltr'>δυστυχήσας,</span> <span class='ocrx_word' id='word_1_367' title='bbox 3453 2805 3530 2869; x_wconf 83' lang='grc' dir='ltr'>ὼς</span> <span class='ocrx_word' id='word_1_368' title='bbox 3552 2806 3780 2878; x_wconf 77' lang='grc' dir='ltr'>ἄπειρος</span> <span class='ocrx_word' id='word_1_369' title='bbox 3801 2811 3903 2880; x_wconf 82' lang='grc' dir='ltr'>τῆς</span> <span class='ocrx_word' id='word_1_370' title='bbox 3921 2812 4045 2865; x_wconf 85' lang='grc' dir='ltr'>δυσ-</span> 
     </span>
    </p>
   </div>
   <div class='ocr_carea' id='block_1_56' title="bbox 2464 2886 4046 2972">
    <p class='ocr_par' dir='ltr' id='par_1_56' title="bbox 2464 2886 4046 2972">
     <span class='ocr_line' id='line_1_56' title="bbox 2464 2886 4046 2972; baseline 0.011 -33"><span class='ocrx_word' id='word_1_371' title='bbox 2464 2886 2674 2955; x_wconf 87' lang='grc' dir='ltr'>τυχίας,</span> <span class='ocrx_word' id='word_1_372' title='bbox 2714 2886 2813 2942; x_wconf 83' lang='grc' dir='ltr'><strong>οὐκ</strong></span> <span class='ocrx_word' id='word_1_373' title='bbox 2892 2889 3003 2961; x_wconf 81' lang='grc' dir='ltr'>ἔχει</span> <span class='ocrx_word' id='word_1_374' title='bbox 3072 2892 3330 2963; x_wconf 83' lang='grc' dir='ltr'>πρόνοιαν</span> <span class='ocrx_word' id='word_1_375' title='bbox 3391 2896 3485 2949; x_wconf 76' lang='grc' dir='ltr'>τοῦ</span> <span class='ocrx_word' id='word_1_376' title='bbox 3562 2899 3897 2968; x_wconf 81' lang='grc' dir='ltr'>φυλάξεσθαι</span> <span class='ocrx_word' id='word_1_377' title='bbox 3974 2902 4046 2972; x_wconf 74' lang='grc' dir='ltr'>μὴ</span> 
     </span>
    </p>
   </div>
   <div class='ocr_carea' id='block_1_57' title="bbox 2463 2977 4044 3060">
    <p class='ocr_par' dir='ltr' id='par_1_57' title="bbox 2463 2977 4044 3060">
     <span class='ocr_line' id='line_1_57' title="bbox 2463 2977 4044 3060; baseline 0.013 -34"><span class='ocrx_word' id='word_1_378' title='bbox 2463 2977 2656 3029; x_wconf 78' lang='grc' dir='ltr'>παθεῖν</span> <span class='ocrx_word' id='word_1_379' title='bbox 2713 2979 2814 3032; x_wconf 86' lang='grc' dir='ltr'>ὅσα</span> <span class='ocrx_word' id='word_1_380' title='bbox 2855 2981 2954 3033; x_wconf 85' lang='grc' dir='ltr'><strong>οὐκ</strong></span> <span class='ocrx_word' id='word_1_381' title='bbox 3006 2980 3227 3051; x_wconf 74' lang='grc' dir='ltr'>ἔμαθεν.</span> <span class='ocrx_word' id='word_1_382' title='bbox 3283 2983 3523 3057; x_wconf 79' lang='grc' dir='ltr'>Είρηκεν</span> <span class='ocrx_word' id='word_1_383' title='bbox 3551 2989 3661 3060; x_wconf 87' lang='grc' dir='ltr'><strong>γάρ</strong></span> <span class='ocrx_word' id='word_1_384' title='bbox 3683 2990 3769 3055; x_wconf 88' lang='grc' dir='ltr'><strong>τίς</strong></span> <span class='ocrx_word' id='word_1_385' title='bbox 3800 3009 3909 3047; x_wconf 88' lang='grc' dir='ltr'><strong>που</strong></span> <span class='ocrx_word' id='word_1_386' title='bbox 3940 3011 4044 3047; x_wconf 83' lang='grc' dir='ltr'>πα·</span> 
     </span>
    </p>
   </div>
   <div class='ocr_carea' id='block_1_58' title="bbox 2462 3067 4045 3152">
    <p class='ocr_par' dir='ltr' id='par_1_58' title="bbox 2462 3067 4045 3152">
     <span class='ocr_line' id='line_1_58' title="bbox 2462 3067 4045 3152; baseline 0.014 -34"><span class='ocrx_word' id='word_1_387' title='bbox 2462 3067 2612 3130; x_wconf 68' lang='grc' dir='ltr'>λαιός</span> <span class='ocrx_word' id='word_1_388' title='bbox 2640 3109 2655 3132; x_wconf 89' lang='grc'><strong>,</strong></span> <span class='ocrx_word' id='word_1_389' title='bbox 2702 3070 2784 3122; x_wconf 84' lang='grc' dir='ltr'><strong>ὅτι</strong></span> <span class='ocrx_word' id='word_1_390' title='bbox 2833 3070 2996 3139; x_wconf 90' lang='grc' dir='ltr'>φόϐος</span> <span class='ocrx_word' id='word_1_391' title='bbox 3053 3072 3316 3145; x_wconf 77' lang='grc' dir='ltr'>εὔκαιρος</span> <span class='ocrx_word' id='word_1_392' title='bbox 3368 3078 3510 3147; x_wconf 83' lang='grc' dir='ltr'>μετὰ</span> <span class='ocrx_word' id='word_1_393' title='bbox 3581 3081 3900 3152; x_wconf 66' lang='grc' dir='ltr'>ἐπιμελείας</span> <span class='ocrx_word' id='word_1_394' title='bbox 3949 3087 4045 3139; x_wconf 86' lang='grc' dir='ltr'>ἀσ-</span> 
     </span>
    </p>
   </div>
   <div class='ocr_carea' id='block_1_59' title="bbox 782 3140 2364 3251">
    <p class='ocr_par' dir='ltr' id='par_1_59' title="bbox 782 3140 2362 3215">
     <span class='ocr_line' id='line_1_59' title="bbox 782 3140 2362 3215; baseline 0.009 -23"><span class='ocrx_word' id='word_1_395' title='bbox 782 3147 871 3193; x_wconf 89' lang='lat' dir='ltr'><strong>est</strong></span> <span class='ocrx_word' id='word_1_396' title='bbox 905 3142 1050 3194; x_wconf 89' lang='lat' dir='ltr'><strong>enim</strong></span> <span class='ocrx_word' id='word_1_397' title='bbox 1086 3140 1189 3197; x_wconf 87' lang='lat' dir='ltr'><strong>hoc</strong></span> <span class='ocrx_word' id='word_1_398' title='bbox 1235 3142 1500 3213; x_wconf 87' lang='lat' dir='ltr'><strong>sapientis</strong></span> <span class='ocrx_word' id='word_1_399' title='bbox 1536 3147 1821 3215; x_wconf 85' lang='lat' dir='ltr'><strong>cujusdam</strong></span> <span class='ocrx_word' id='word_1_400' title='bbox 1876 3149 2127 3206; x_wconf 81' lang='lat' dir='ltr'><strong>verbum.</strong></span> <span class='ocrx_word' id='word_1_401' title='bbox 2175 3151 2362 3207; x_wconf 88' lang='lat' dir='ltr'><strong>Timor</strong></span> 
     </span>
    </p>
   </div>
   <div class='ocr_carea' id='block_1_60' title="bbox 2460 3140 4045 3251">
    <p class='ocr_par' dir='ltr' id='par_1_60' title="bbox 2466 3140 4045 3238">
     <span class='ocr_line' id='line_1_60' title="bbox 2466 3140 4045 3238; baseline 0.012 -30"><span class='ocrx_word' id='word_1_402' title='bbox 2466 3157 2696 3224; x_wconf 79' lang='grc' dir='ltr'>φάλεια,</span> <span class='ocrx_word' id='word_1_403' title='bbox 2758 3162 3162 3232; x_wconf 82' lang='grc' dir='ltr'>καταφρόνησις</span> <span class='ocrx_word' id='word_1_404' title='bbox 3215 3140 3273 3217; x_wconf 75' lang='grc' dir='ltr'>δὲ</span> <span class='ocrx_word' id='word_1_405' title='bbox 3328 3140 3556 3238; x_wconf 74' lang='grc' dir='ltr'>ἄκαιρος</span> <span class='ocrx_word' id='word_1_406' title='bbox 3602 3140 4045 3237; x_wconf 68' lang='grc' dir='ltr'>εὐεπιϐούλευτος</span> 
     </span>
    </p>
   </div>
   <div class='ocr_carea' id='block_1_61' title="bbox 784 3236 2661 3318">
    <p class='ocr_par' dir='ltr' id='par_1_61' title="bbox 784 3236 2661 3318">
     <span class='ocr_line' id='line_1_61' title="bbox 784 3236 2661 3318; baseline 0.01 -34"><span class='ocrx_word' id='word_1_407' title='bbox 784 3241 1130 3301; x_wconf 84' lang='lat' dir='ltr'><strong>opportunus</strong></span> <span class='ocrx_word' id='word_1_408' title='bbox 1161 3274 1176 3298; x_wconf 91' lang='lat'><strong>,</strong></span> <span class='ocrx_word' id='word_1_409' title='bbox 1225 3236 1415 3289; x_wconf 88' lang='lat' dir='ltr'><strong>sedula</strong></span> <span class='ocrx_word' id='word_1_410' title='bbox 1464 3236 1815 3295; x_wconf 89' lang='lat' dir='ltr'><strong>incolumitas</strong></span> <span class='ocrx_word' id='word_1_411' title='bbox 1845 3248 1929 3296; x_wconf 88' lang='lat' dir='ltr'><strong>est</strong></span> <span class='ocrx_word' id='word_1_412' title='bbox 1968 3260 1981 3294; x_wconf 87' lang='lat'><strong>:</strong></span> <span class='ocrx_word' id='word_1_413' title='bbox 2023 3245 2360 3313; x_wconf 89' lang='lat' dir='ltr'><strong>contemptio</strong></span> <span class='ocrx_word' id='word_1_414' title='bbox 2391 3236 2433 3251; x_wconf 76' lang='grc'><strong><em>“</em></strong></span> <span class='ocrx_word' id='word_1_415' title='bbox 2462 3250 2661 3318; x_wconf 79' lang='grc' dir='ltr'>τόλμα.</span> 
     </span>
    </p>
   </div>
   <div class='ocr_carea' id='block_1_62' title="bbox 785 3321 1894 3391">
    <p class='ocr_par' dir='ltr' id='par_1_62' title="bbox 785 3321 1894 3391">
     <span class='ocr_line' id='line_1_62' title="bbox 785 3321 1894 3391; baseline 0.012 -17"><span class='ocrx_word' id='word_1_416' title='bbox 785 3321 1121 3391; x_wconf 88' lang='lat' dir='ltr'><strong>importuna,</strong></span> <span class='ocrx_word' id='word_1_417' title='bbox 1159 3324 1491 3382; x_wconf 85' lang='lat' dir='ltr'><strong>insidiabilis</strong></span> <span class='ocrx_word' id='word_1_418' title='bbox 1523 3328 1753 3383; x_wconf 87' lang='lat' dir='ltr'><strong>audacia</strong></span> <span class='ocrx_word' id='word_1_419' title='bbox 1786 3339 1894 3387; x_wconf 90' lang='lat' dir='ltr'><strong>est.</strong></span> 
     </span>
    </p>
   </div>
   <div class='ocr_carea' id='block_1_63' title="bbox 858 3412 2360 3483">
    <p class='ocr_par' dir='ltr' id='par_1_63' title="bbox 858 3412 2360 3483">
     <span class='ocr_line' id='line_1_63' title="bbox 858 3412 2360 3483; baseline 0.011 -17"><span class='ocrx_word' id='word_1_420' title='bbox 858 3412 948 3466; x_wconf 80' lang='grc'><strong>17.</strong></span> <span class='ocrx_word' id='word_1_421' title='bbox 990 3414 1046 3467; x_wconf 80' lang='lat' dir='ltr'><strong>Si</strong></span> <span class='ocrx_word' id='word_1_422' title='bbox 1095 3415 1558 3473; x_wconf 89' lang='lat' dir='ltr'><strong>intermissionem</strong></span> <span class='ocrx_word' id='word_1_423' title='bbox 1614 3420 1742 3476; x_wconf 87' lang='lat' dir='ltr'><strong>belli</strong></span> <span class='ocrx_word' id='word_1_424' title='bbox 1792 3421 1988 3480; x_wconf 90' lang='lat' dir='ltr'><strong>feceris</strong></span> <span class='ocrx_word' id='word_1_425' title='bbox 2039 3426 2121 3480; x_wconf 89' lang='lat' dir='ltr'><strong>vel</strong></span> <span class='ocrx_word' id='word_1_426' title='bbox 2178 3427 2360 3483; x_wconf 78' lang='lat' dir='ltr'><strong>verbis</strong></span> 
     </span>
    </p>
   </div>
   <div class='ocr_carea' id='block_1_64' title="bbox 781 3502 2360 3586">
    <p class='ocr_par' dir='ltr' id='par_1_64' title="bbox 781 3502 2360 3586">
     <span class='ocr_line' id='line_1_64' title="bbox 781 3502 2360 3586; baseline 0.009 -31"><span class='ocrx_word' id='word_1_427' title='bbox 781 3502 869 3555; x_wconf 88' lang='lat' dir='ltr'><strong>vel</strong></span> <span class='ocrx_word' id='word_1_428' title='bbox 903 3505 1077 3573; x_wconf 63' lang='lat' dir='ltr'><strong>pact-is</strong></span> <span class='ocrx_word' id='word_1_429' title='bbox 1115 3512 1170 3558; x_wconf 93' lang='lat' dir='ltr'><strong>et</strong></span> <span class='ocrx_word' id='word_1_430' title='bbox 1211 3508 1705 3575; x_wconf 79' lang='lat' dir='ltr'><strong>conventionibus,</strong></span> <span class='ocrx_word' id='word_1_431' title='bbox 1749 3521 1905 3581; x_wconf 85' lang='lat' dir='ltr'><strong>pacta</strong></span> <span class='ocrx_word' id='word_1_432' title='bbox 1939 3521 2030 3567; x_wconf 83' lang='lat' dir='ltr'><strong>tua</strong></span> <span class='ocrx_word' id='word_1_433' title='bbox 2071 3514 2360 3586; x_wconf 76' lang='lat' dir='ltr'><strong>diligenter</strong></span> 
     </span>
    </p>
   </div>
   <div class='ocr_carea' id='block_1_65' title="bbox 785 3580 2354 3676">
    <p class='ocr_par' dir='ltr' id='par_1_65' title="bbox 785 3580 2354 3676">
     <span class='ocr_line' id='line_1_65' title="bbox 785 3580 2354 3676; baseline 0.01 -30"><span class='ocrx_word' id='word_1_434' title='bbox 785 3580 1051 3660; x_wconf 59' lang='lat' dir='ltr'><strong>seivabis,</strong></span> <span class='ocrx_word' id='word_1_435' title='bbox 1098 3610 1281 3665; x_wconf 89' lang='lat' dir='ltr'><strong>neque</strong></span> <span class='ocrx_word' id='word_1_436' title='bbox 1308 3597 1498 3654; x_wconf 86' lang='lat' dir='ltr'><strong>hostes</strong></span> <span class='ocrx_word' id='word_1_437' title='bbox 1552 3580 1794 3666; x_wconf 84' lang='lat' dir='ltr'><strong>invades,</strong></span> <span class='ocrx_word' id='word_1_438' title='bbox 1835 3609 2000 3673; x_wconf 89' lang='lat' dir='ltr'><strong>atque</strong></span> <span class='ocrx_word' id='word_1_439' title='bbox 2043 3580 2354 3676; x_wconf 70' lang='lat' dir='ltr'><strong>imparatus</strong></span> 
     </span>
    </p>
   </div>
   <div class='ocr_carea' id='block_1_66' title="bbox 784 3685 2360 3767">
    <p class='ocr_par' dir='ltr' id='par_1_66' title="bbox 784 3685 2360 3767">
     <span class='ocr_line' id='line_1_66' title="bbox 784 3685 2360 3767; baseline 0.012 -31"><span class='ocrx_word' id='word_1_440' title='bbox 784 3685 1051 3740; x_wconf 87' lang='lat' dir='ltr'><strong>adversus</strong></span> <span class='ocrx_word' id='word_1_441' title='bbox 1079 3686 1264 3742; x_wconf 87' lang='lat' dir='ltr'><strong>hostes</strong></span> <span class='ocrx_word' id='word_1_442' title='bbox 1294 3689 1424 3751; x_wconf 82' lang='lat' dir='ltr'><strong>eris.</strong></span> <span class='ocrx_word' id='word_1_443' title='bbox 1458 3691 1552 3744; x_wconf 90' lang='lat' dir='ltr'><strong>sed</strong></span> <span class='ocrx_word' id='word_1_444' title='bbox 1584 3691 1808 3760; x_wconf 80' lang='lat' dir='ltr'><strong>quiesce</strong></span> <span class='ocrx_word' id='word_1_445' title='bbox 1828 3696 1986 3763; x_wconf 91' lang='lat' dir='ltr'><strong>quasi</strong></span> <span class='ocrx_word' id='word_1_446' title='bbox 2024 3695 2079 3751; x_wconf 93' lang='lat' dir='ltr'><strong>in</strong></span> <span class='ocrx_word' id='word_1_447' title='bbox 2115 3712 2247 3767; x_wconf 87' lang='lat' dir='ltr'><strong>pace</strong></span> <span class='ocrx_word' id='word_1_448' title='bbox 2268 3714 2360 3755; x_wconf 88' lang='lat' dir='ltr'><strong>es-</strong></span> 
     </span>
    </p>
   </div>
   <div class='ocr_carea' id='block_1_67' title="bbox 786 3774 2356 3857">
    <p class='ocr_par' dir='ltr' id='par_1_67' title="bbox 786 3774 2356 3857">
     <span class='ocr_line' id='line_1_67' title="bbox 786 3774 2356 3857; baseline 0.011 -32"><span class='ocrx_word' id='word_1_449' title='bbox 786 3787 899 3837; x_wconf 85' lang='lat' dir='ltr'><strong>ses,</strong></span> <span class='ocrx_word' id='word_1_450' title='bbox 932 3782 1153 3842; x_wconf 89' lang='lat' dir='ltr'><strong>propter</strong></span> <span class='ocrx_word' id='word_1_451' title='bbox 1192 3774 1447 3832; x_wconf 89' lang='lat' dir='ltr'><strong>inducias</strong></span> <span class='ocrx_word' id='word_1_452' title='bbox 1477 3792 1603 3833; x_wconf 91' lang='lat' dir='ltr'><strong>cum</strong></span> <span class='ocrx_word' id='word_1_453' title='bbox 1638 3780 1891 3837; x_wconf 86' lang='lat' dir='ltr'><strong>hostibus</strong></span> <span class='ocrx_word' id='word_1_454' title='bbox 1922 3782 2096 3841; x_wconf 89' lang='lat' dir='ltr'><strong>factas</strong></span> <span class='ocrx_word' id='word_1_455' title='bbox 2126 3825 2141 3852; x_wconf 94' lang='lat'><strong>,</strong></span> <span class='ocrx_word' id='word_1_456' title='bbox 2188 3801 2356 3857; x_wconf 89' lang='lat' dir='ltr'><strong>appa-</strong></span> 
     </span>
    </p>
   </div>
   <div class='ocr_carea' id='block_1_68' title="bbox 784 3872 2354 3947">
    <p class='ocr_par' dir='ltr' id='par_1_68' title="bbox 784 3872 2354 3947">
     <span class='ocr_line' id='line_1_68' title="bbox 784 3872 2354 3947; baseline 0.011 -29"><span class='ocrx_word' id='word_1_457' title='bbox 784 3874 935 3920; x_wconf 77' lang='lat' dir='ltr'><strong>ratus</strong></span> <span class='ocrx_word' id='word_1_458' title='bbox 959 3877 1139 3921; x_wconf 90' lang='lat' dir='ltr'><strong>autem</strong></span> <span class='ocrx_word' id='word_1_459' title='bbox 1168 3872 1355 3939; x_wconf 89' lang='lat' dir='ltr'><strong>copias</strong></span> <span class='ocrx_word' id='word_1_460' title='bbox 1385 3872 1543 3941; x_wconf 89' lang='lat' dir='ltr'><strong>quasi</strong></span> <span class='ocrx_word' id='word_1_461' title='bbox 1567 3875 1633 3927; x_wconf 91' lang='lat' dir='ltr'><strong>ad</strong></span> <span class='ocrx_word' id='word_1_462' title='bbox 1659 3875 1857 3930; x_wconf 88' lang='lat' dir='ltr'><strong>bellum</strong></span> <span class='ocrx_word' id='word_1_463' title='bbox 1885 3892 2105 3947; x_wconf 86' lang='lat' dir='ltr'><strong>semper</strong></span> <span class='ocrx_word' id='word_1_464' title='bbox 2136 3881 2354 3946; x_wconf 83' lang='lat' dir='ltr'><strong>habeto,</strong></span> 
     </span>
    </p>
   </div>
   <div class='ocr_carea' id='block_1_69' title="bbox 784 3959 2357 4061">
    <p class='ocr_par' dir='ltr' id='par_1_69' title="bbox 784 3959 2357 4061">
     <span class='ocr_line' id='line_1_69' title="bbox 784 3959 2357 4061; baseline 0.012 -52"><span class='ocrx_word' id='word_1_465' title='bbox 784 3966 1009 4027; x_wconf 88' lang='lat' dir='ltr'><strong>propter</strong></span> <span class='ocrx_word' id='word_1_466' title='bbox 1048 3959 1289 4061; x_wconf 68' lang='lat' dir='ltr'><strong>hostium</strong></span> <span class='ocrx_word' id='word_1_467' title='bbox 1320 3959 1642 4033; x_wconf 84' lang='lat' dir='ltr'><strong>foedifragas</strong></span> <span class='ocrx_word' id='word_1_468' title='bbox 1666 3971 1720 4019; x_wconf 89' lang='lat' dir='ltr'><strong>et</strong></span> <span class='ocrx_word' id='word_1_469' title='bbox 1752 3980 1855 4021; x_wconf 90' lang='lat' dir='ltr'><strong>nec</strong></span> <span class='ocrx_word' id='word_1_470' title='bbox 1878 3969 2132 4038; x_wconf 89' lang='lat' dir='ltr'><strong>opinatas</strong></span> <span class='ocrx_word' id='word_1_471' title='bbox 2164 3972 2357 4028; x_wconf 59' lang='lat' dir='ltr'><strong>incuro</strong></span> 
     </span>
    </p>
   </div>
   <div class='ocr_carea' id='block_1_70' title="bbox 783 4049 1344 4105">
    <p class='ocr_par' dir='ltr' id='par_1_70' title="bbox 783 4049 1344 4105">
     <span class='ocr_line' id='line_1_70' title="bbox 783 4049 1344 4105; baseline 0.014 -4"><span class='ocrx_word' id='word_1_472' title='bbox 783 4049 989 4105; x_wconf 90' lang='lat' dir='ltr'><strong>siones.</strong></span> <span class='ocrx_word' id='word_1_473' title='bbox 1266 4049 1287 4061; x_wconf 73' lang='grc'>⁸</span> <span class='ocrx_word' id='word_1_474' title='bbox 1322 4058 1344 4080; x_wconf 87' lang='grc'><em>⁴</em></span> 
     </span>
    </p>
   </div>
   <div class='ocr_carea' id='block_1_71' title="bbox 747 4140 2357 4224">
    <p class='ocr_par' dir='ltr' id='par_1_71' title="bbox 747 4140 2357 4224">
     <span class='ocr_line' id='line_1_71' title="bbox 747 4140 2357 4224; baseline 0.014 -33"><span class='ocrx_word' id='word_1_475' title='bbox 747 4205 761 4219; x_wconf 46' lang='grc'><strong>.</strong></span> <span class='ocrx_word' id='word_1_476' title='bbox 853 4140 941 4193; x_wconf 77' lang='grc'><strong>18.</strong></span> <span class='ocrx_word' id='word_1_477' title='bbox 993 4140 1099 4196; x_wconf 86' lang='lat' dir='ltr'><strong>Par</strong></span> <span class='ocrx_word' id='word_1_478' title='bbox 1136 4153 1222 4199; x_wconf 91' lang='lat' dir='ltr'><strong>est</strong></span> <span class='ocrx_word' id='word_1_479' title='bbox 1256 4153 1454 4224; x_wconf 35' lang='lat' dir='ltr'><strong>tantem</strong></span> <span class='ocrx_word' id='word_1_480' title='bbox 1509 4159 1569 4202; x_wconf 91' lang='lat' dir='ltr'><strong>ut</strong></span> <span class='ocrx_word' id='word_1_481' title='bbox 1605 4165 1807 4220; x_wconf 90' lang='lat' dir='ltr'><strong>neque</strong></span> <span class='ocrx_word' id='word_1_482' title='bbox 1855 4152 2191 4222; x_wconf 55' lang='lat' dir='ltr'><strong>improvidus</strong></span> <span class='ocrx_word' id='word_1_483' title='bbox 2251 4158 2357 4214; x_wconf 84' lang='lat' dir='ltr'><strong>hoc</strong></span> 
     </span>
    </p>
   </div>
   <div class='ocr_carea' id='block_1_72' title="bbox 785 4234 2359 4315">
    <p class='ocr_par' dir='ltr' id='par_1_72' title="bbox 785 4234 2359 4315">
     <span class='ocr_line' id='line_1_72' title="bbox 785 4234 2359 4315; baseline 0.013 -32"><span class='ocrx_word' id='word_1_484' title='bbox 785 4239 1029 4315; x_wconf 73' lang='lat' dir='ltr'><strong>tempore</strong></span> <span class='ocrx_word' id='word_1_485' title='bbox 1054 4234 1153 4300; x_wconf 91' lang='lat' dir='ltr'><strong>sis,</strong></span> <span class='ocrx_word' id='word_1_486' title='bbox 1183 4251 1282 4291; x_wconf 90' lang='lat' dir='ltr'><strong>nec</strong></span> <span class='ocrx_word' id='word_1_487' title='bbox 1307 4236 1501 4295; x_wconf 69' lang='lat' dir='ltr'><strong>rursus</strong></span> <span class='ocrx_word' id='word_1_488' title='bbox 1530 4240 1733 4310; x_wconf 88' lang='lat' dir='ltr'><strong>aliquid</strong></span> <span class='ocrx_word' id='word_1_489' title='bbox 1767 4243 1991 4314; x_wconf 90' lang='lat' dir='ltr'><strong>impium</strong></span> <span class='ocrx_word' id='word_1_490' title='bbox 2034 4256 2227 4315; x_wconf 82' lang='lat' dir='ltr'><strong>praeter</strong></span> <span class='ocrx_word' id='word_1_491' title='bbox 2276 4250 2359 4303; x_wconf 85' lang='lat' dir='ltr'><strong>in-</strong></span> 
     </span>
    </p>
   </div>
   <div class='ocr_carea' id='block_1_73' title="bbox 783 4306 2357 4400">
    <p class='ocr_par' dir='ltr' id='par_1_73' title="bbox 783 4306 2357 4400">
     <span class='ocr_line' id='line_1_73' title="bbox 783 4306 2357 4400; baseline 0.011 -25"><span class='ocrx_word' id='word_1_492' title='bbox 783 4306 996 4387; x_wconf 53' lang='lat' dir='ltr'><strong>dbcias,</strong></span> <span class='ocrx_word' id='word_1_493' title='bbox 1038 4322 1149 4379; x_wconf 87' lang='lat' dir='ltr'><strong>Deo</strong></span> <span class='ocrx_word' id='word_1_494' title='bbox 1179 4334 1336 4393; x_wconf 79' lang='lat' dir='ltr'><strong>teste,</strong></span> <span class='ocrx_word' id='word_1_495' title='bbox 1364 4327 1537 4386; x_wconf 85' lang='lat' dir='ltr'><strong>factas</strong></span> <span class='ocrx_word' id='word_1_496' title='bbox 1585 4306 1937 4400; x_wconf 74' lang='lat' dir='ltr'><strong>committas,</strong></span> <span class='ocrx_word' id='word_1_497' title='bbox 1976 4306 2077 4391; x_wconf 71' lang='lat' dir='ltr'><strong>sed</strong></span> <span class='ocrx_word' id='word_1_498' title='bbox 2115 4339 2357 4393; x_wconf 84' lang='lat' dir='ltr'><strong>cireum-</strong></span> 
     </span>
    </p>
   </div>
   <div class='ocr_carea' id='block_1_74' title="bbox 781 4417 2356 4494">
    <p class='ocr_par' dir='ltr' id='par_1_74' title="bbox 781 4417 2356 4494">
     <span class='ocr_line' id='line_1_74' title="bbox 781 4417 2356 4494; baseline 0.011 -28"><span class='ocrx_word' id='word_1_499' title='bbox 781 4423 1007 4481; x_wconf 83' lang='lat' dir='ltr'><strong>spectus</strong></span> <span class='ocrx_word' id='word_1_500' title='bbox 1051 4417 1128 4471; x_wconf 89' lang='lat' dir='ltr'><strong>sis</strong></span> <span class='ocrx_word' id='word_1_501' title='bbox 1160 4418 1227 4472; x_wconf 90' lang='lat' dir='ltr'><strong>ad</strong></span> <span class='ocrx_word' id='word_1_502' title='bbox 1268 4419 1504 4474; x_wconf 89' lang='lat' dir='ltr'><strong>hostium</strong></span> <span class='ocrx_word' id='word_1_503' title='bbox 1536 4422 1691 4479; x_wconf 89' lang='lat' dir='ltr'><strong>dolos</strong></span> <span class='ocrx_word' id='word_1_504' title='bbox 1725 4433 1890 4494; x_wconf 90' lang='lat' dir='ltr'><strong>atque</strong></span> <span class='ocrx_word' id='word_1_505' title='bbox 1935 4428 2163 4485; x_wconf 89' lang='lat' dir='ltr'><strong>insidias</strong></span> <span class='ocrx_word' id='word_1_506' title='bbox 2207 4430 2356 4484; x_wconf 88' lang='lat' dir='ltr'><strong>devi-</strong></span> 
     </span>
    </p>
   </div>
   <div class='ocr_carea' id='block_1_75' title="bbox 2533 3442 4043 3523">
    <p class='ocr_par' dir='ltr' id='par_1_75' title="bbox 2533 3442 4043 3523">
     <span class='ocr_line' id='line_1_75' title="bbox 2533 3442 4043 3523; baseline 0.007 -28"><span class='ocrx_word' id='word_1_507' title='bbox 2533 3442 2618 3506; x_wconf 78' lang='grc' dir='ltr'><strong>ιζ’.</strong></span> <span class='ocrx_word' id='word_1_508' title='bbox 2659 3442 2787 3497; x_wconf 76' lang='grc' dir='ltr'><strong>Ἐὰν</strong></span> <span class='ocrx_word' id='word_1_509' title='bbox 2815 3443 2874 3498; x_wconf 78' lang='grc' dir='ltr'>δέ</span> <span class='ocrx_word' id='word_1_510' title='bbox 2924 3460 3055 3498; x_wconf 78' lang='grc' dir='ltr'>ποτε</span> <span class='ocrx_word' id='word_1_511' title='bbox 3108 3447 3305 3517; x_wconf 79' lang='grc' dir='ltr'>ἀνοχὴν</span> <span class='ocrx_word' id='word_1_512' title='bbox 3362 3449 3459 3502; x_wconf 81' lang='grc' dir='ltr'>τοῦ</span> <span class='ocrx_word' id='word_1_513' title='bbox 3516 3450 3757 3520; x_wconf 78' lang='grc' dir='ltr'>πολέμου</span> <span class='ocrx_word' id='word_1_514' title='bbox 3806 3456 4043 3523; x_wconf 74' lang='grc' dir='ltr'>ποιήσῃς</span> 
     </span>
    </p>
   </div>
   <div class='ocr_carea' id='block_1_76' title="bbox 2457 3534 4043 3611">
    <p class='ocr_par' dir='ltr' id='par_1_76' title="bbox 2457 3534 4043 3611">
     <span class='ocr_line' id='line_1_76' title="bbox 2457 3534 4043 3611; baseline 0.006 -25"><span class='ocrx_word' id='word_1_515' title='bbox 2457 3534 2546 3587; x_wconf 82' lang='grc' dir='ltr'><strong>διά</strong></span> <span class='ocrx_word' id='word_1_516' title='bbox 2597 3551 2743 3597; x_wconf 88' lang='grc' dir='ltr'>τινος</span> <span class='ocrx_word' id='word_1_517' title='bbox 2799 3535 2958 3602; x_wconf 88' lang='grc' dir='ltr'>λόγου</span> <span class='ocrx_word' id='word_1_518' title='bbox 3005 3536 3102 3589; x_wconf 81' lang='grc' dir='ltr'>καὶ</span> <span class='ocrx_word' id='word_1_519' title='bbox 3142 3538 3426 3607; x_wconf 84' lang='grc' dir='ltr'>συνθηκῶν</span> <span class='ocrx_word' id='word_1_520' title='bbox 3455 3541 3926 3611; x_wconf 72' lang='grc' dir='ltr'>ὁμολογηθέντων,</span> <span class='ocrx_word' id='word_1_521' title='bbox 3980 3546 4043 3596; x_wconf 73' lang='grc' dir='ltr'><strong>σὺ</strong></span> 
     </span>
    </p>
   </div>
   <div class='ocr_carea' id='block_1_77' title="bbox 2463 3623 4043 3701">
    <p class='ocr_par' dir='ltr' id='par_1_77' title="bbox 2463 3623 4043 3701">
     <span class='ocr_line' id='line_1_77' title="bbox 2463 3623 4043 3701; baseline 0.006 -26"><span class='ocrx_word' id='word_1_522' title='bbox 2463 3623 2563 3691; x_wconf 83' lang='grc' dir='ltr'><strong>μὲν</strong></span> <span class='ocrx_word' id='word_1_523' title='bbox 2616 3624 2712 3688; x_wconf 88' lang='grc' dir='ltr'><strong>τάς</strong></span> <span class='ocrx_word' id='word_1_524' title='bbox 2756 3624 2961 3688; x_wconf 76' lang='grc' dir='ltr'>οἰκείας</span> <span class='ocrx_word' id='word_1_525' title='bbox 3009 3627 3293 3694; x_wconf 85' lang='grc' dir='ltr'>φυλάττων</span> <span class='ocrx_word' id='word_1_526' title='bbox 3340 3629 3613 3699; x_wconf 80' lang='grc' dir='ltr'>συνθήκας</span> <span class='ocrx_word' id='word_1_527' title='bbox 3655 3630 3732 3701; x_wconf 81' lang='grc' dir='ltr'>μὴ</span> <span class='ocrx_word' id='word_1_528' title='bbox 3786 3632 4043 3701; x_wconf 73' lang='grc' dir='ltr'>ίπιτεθῇς</span> 
     </span>
    </p>
   </div>
   <div class='ocr_carea' id='block_1_78' title="bbox 2457 3712 4041 3791">
    <p class='ocr_par' dir='ltr' id='par_1_78' title="bbox 2457 3712 4041 3791">
     <span class='ocr_line' id='line_1_78' title="bbox 2457 3712 4041 3791; baseline 0.005 -25"><span class='ocrx_word' id='word_1_529' title='bbox 2457 3714 2570 3775; x_wconf 80' lang='grc' dir='ltr'>τοῖς</span> <span class='ocrx_word' id='word_1_530' title='bbox 2629 3712 2921 3776; x_wconf 72' lang='grc' dir='ltr'>ὶναντίοιςο</span> <span class='ocrx_word' id='word_1_531' title='bbox 2978 3714 3291 3785; x_wconf 81' lang='grc' dir='ltr'>ἀφύλακτος</span> <span class='ocrx_word' id='word_1_532' title='bbox 3347 3716 3406 3770; x_wconf 76' lang='grc' dir='ltr'>δὲ</span> <span class='ocrx_word' id='word_1_533' title='bbox 3466 3717 3541 3788; x_wconf 80' lang='grc' dir='ltr'>μὴ</span> <span class='ocrx_word' id='word_1_534' title='bbox 3602 3718 3892 3791; x_wconf 82' lang='grc' dir='ltr'>διαμένῃς,</span> <span class='ocrx_word' id='word_1_535' title='bbox 3929 3721 4041 3774; x_wconf 72' lang='grc' dir='ltr'>ἀλλ’</span> 
     </span>
    </p>
   </div>
   <div class='ocr_carea' id='block_1_79' title="bbox 2458 3803 4043 3877">
    <p class='ocr_par' dir='ltr' id='par_1_79' title="bbox 2458 3803 4043 3877">
     <span class='ocr_line' id='line_1_79' title="bbox 2458 3803 4043 3877; baseline 0.003 -19"><span class='ocrx_word' id='word_1_536' title='bbox 2458 3803 2696 3875; x_wconf 76' lang='grc' dir='ltr'>ἡσύχαζε</span> <span class='ocrx_word' id='word_1_537' title='bbox 2736 3803 2836 3873; x_wconf 85' lang='grc' dir='ltr'>μὲν</span> <span class='ocrx_word' id='word_1_538' title='bbox 2865 3805 3001 3869; x_wconf 86' lang='grc' dir='ltr'>πρὸς</span> <span class='ocrx_word' id='word_1_539' title='bbox 3052 3808 3179 3870; x_wconf 86' lang='grc' dir='ltr'>τοὺς</span> <span class='ocrx_word' id='word_1_540' title='bbox 3228 3807 3523 3877; x_wconf 82' lang='grc' dir='ltr'>πολεμίους</span> <span class='ocrx_word' id='word_1_541' title='bbox 3551 3809 3639 3862; x_wconf 79' lang='grc' dir='ltr'><strong>διὰ</strong></span> <span class='ocrx_word' id='word_1_542' title='bbox 3667 3809 3765 3873; x_wconf 83' lang='grc' dir='ltr'>τὰς</span> <span class='ocrx_word' id='word_1_543' title='bbox 3809 3812 4043 3875; x_wconf 68' lang='grc' dir='ltr'>σπονδὰς</span> 
     </span>
    </p>
   </div>
   <div class='ocr_carea' id='block_1_80' title="bbox 2456 3895 4042 3973">
    <p class='ocr_par' dir='ltr' id='par_1_80' title="bbox 2456 3895 4042 3973">
     <span class='ocr_line' id='line_1_80' title="bbox 2456 3895 4042 3973; baseline 0.006 -27"><span class='ocrx_word' id='word_1_544' title='bbox 2456 3896 2530 3958; x_wconf 83' lang='grc' dir='ltr'>ὡς</span> <span class='ocrx_word' id='word_1_545' title='bbox 2551 3897 2607 3947; x_wconf 80' lang='grc' dir='ltr'>ὲν</span> <span class='ocrx_word' id='word_1_546' title='bbox 2635 3895 2849 3966; x_wconf 72' lang='grc' dir='ltr'>εἰρήνῃ*</span> <span class='ocrx_word' id='word_1_547' title='bbox 2880 3895 2941 3947; x_wconf 78' lang='grc' dir='ltr'>τὸ</span> <span class='ocrx_word' id='word_1_548' title='bbox 2963 3895 3021 3949; x_wconf 81' lang='grc' dir='ltr'>δὲ</span> <span class='ocrx_word' id='word_1_549' title='bbox 3055 3898 3297 3965; x_wconf 78' lang='grc' dir='ltr'>ἀσφαλὲς</span> <span class='ocrx_word' id='word_1_550' title='bbox 3317 3939 3331 3963; x_wconf 82' lang='grc'><strong>,</strong></span> <span class='ocrx_word' id='word_1_551' title='bbox 3369 3900 3452 3963; x_wconf 84' lang='grc' dir='ltr'><strong>είς</strong></span> <span class='ocrx_word' id='word_1_552' title='bbox 3473 3902 3535 3953; x_wconf 70' lang='grc' dir='ltr'><strong>τὸ</strong></span> <span class='ocrx_word' id='word_1_553' title='bbox 3558 3901 3634 3971; x_wconf 87' lang='grc' dir='ltr'><strong>μὴ</strong></span> <span class='ocrx_word' id='word_1_554' title='bbox 3661 3905 3851 3955; x_wconf 83' lang='grc' dir='ltr'>πεσεῖν</span> <span class='ocrx_word' id='word_1_555' title='bbox 3874 3904 3907 3973; x_wconf 79' lang='grc' dir='ltr'>ἢ</span> <span class='ocrx_word' id='word_1_556' title='bbox 3944 3921 4042 3955; x_wconf 82' lang='grc' dir='ltr'>πα-</span> 
     </span>
    </p>
   </div>
   <div class='ocr_carea' id='block_1_81' title="bbox 2459 3984 4039 4064">
    <p class='ocr_par' dir='ltr' id='par_1_81' title="bbox 2459 3984 4039 4064">
     <span class='ocr_line' id='line_1_81' title="bbox 2459 3984 4039 4064; baseline 0.007 -27"><span class='ocrx_word' id='word_1_557' title='bbox 2459 3985 2572 4038; x_wconf 79' lang='grc' dir='ltr'>θεῖν</span> <span class='ocrx_word' id='word_1_558' title='bbox 2598 4002 2652 4037; x_wconf 91' lang='grc' dir='ltr'><strong>τι</strong></span> <span class='ocrx_word' id='word_1_559' title='bbox 2682 3985 2811 4056; x_wconf 82' lang='grc' dir='ltr'>παρ’</span> <span class='ocrx_word' id='word_1_560' title='bbox 2837 3984 3040 4051; x_wconf 82' lang='grc' dir='ltr'>αὐτῶν,</span> <span class='ocrx_word' id='word_1_561' title='bbox 3079 3987 3153 4051; x_wconf 86' lang='grc' dir='ltr'>ὡς</span> <span class='ocrx_word' id='word_1_562' title='bbox 3187 3989 3282 4042; x_wconf 75' lang='grc' dir='ltr'>ἐπὶ</span> <span class='ocrx_word' id='word_1_563' title='bbox 3336 3990 3578 4060; x_wconf 79' lang='grc' dir='ltr'>πολέμου</span> <span class='ocrx_word' id='word_1_564' title='bbox 3610 3991 3787 4056; x_wconf 73' lang='grc' dir='ltr'>οὕτως</span> <span class='ocrx_word' id='word_1_565' title='bbox 3818 3993 3913 4064; x_wconf 77' lang='grc' dir='ltr'>ἔχε</span> <span class='ocrx_word' id='word_1_566' title='bbox 3947 3996 4039 4048; x_wconf 79' lang='grc' dir='ltr'>καὶ</span> 
     </span>
    </p>
   </div>
   <div class='ocr_carea' id='block_1_82' title="bbox 2460 4076 2718 4144">
    <p class='ocr_par' dir='ltr' id='par_1_82' title="bbox 2460 4076 2718 4144">
     <span class='ocr_line' id='line_1_82' title="bbox 2460 4076 2718 4144; baseline 0.004 -15"><span class='ocrx_word' id='word_1_567' title='bbox 2460 4076 2718 4144; x_wconf 86' lang='grc' dir='ltr'>προνοοῦ.</span> 
     </span>
    </p>
   </div>
   <div class='ocr_carea' id='block_1_83' title="bbox 2530 4169 4033 4245">
    <p class='ocr_par' dir='ltr' id='par_1_83' title="bbox 2530 4169 4033 4245">
     <span class='ocr_line' id='line_1_83' title="bbox 2530 4169 4033 4245; baseline 0.005 -24"><span class='ocrx_word' id='word_1_568' title='bbox 2530 4176 2619 4239; x_wconf 87' lang='grc' dir='ltr'>ιη’.</span> <span class='ocrx_word' id='word_1_569' title='bbox 2651 4171 2867 4241; x_wconf 83' lang='grc' dir='ltr'>Πρέπον</span> <span class='ocrx_word' id='word_1_570' title='bbox 2893 4170 3001 4240; x_wconf 76' lang='grc' dir='ltr'>γὰρ</span> <span class='ocrx_word' id='word_1_571' title='bbox 3019 4169 3158 4241; x_wconf 83' lang='grc' dir='ltr'>μήτε</span> <span class='ocrx_word' id='word_1_572' title='bbox 3183 4170 3494 4240; x_wconf 84' lang='grc' dir='ltr'>ἀφύλακτον</span> <span class='ocrx_word' id='word_1_573' title='bbox 3516 4173 3574 4226; x_wconf 78' lang='grc' dir='ltr'>ἐν</span> <span class='ocrx_word' id='word_1_574' title='bbox 3598 4173 3828 4244; x_wconf 70' lang='grc' dir='ltr'>τοιούτῳ</span> <span class='ocrx_word' id='word_1_575' title='bbox 3856 4175 4033 4245; x_wconf 77' lang='grc' dir='ltr'>καιρῷ</span> 
     </span>
    </p>
   </div>
   <div class='ocr_carea' id='block_1_84' title="bbox 2458 4258 4041 4333">
    <p class='ocr_par' dir='ltr' id='par_1_84' title="bbox 2458 4258 4041 4333">
     <span class='ocr_line' id='line_1_84' title="bbox 2458 4258 4041 4333; baseline 0.003 -19"><span class='ocrx_word' id='word_1_576' title='bbox 2458 4278 2518 4314; x_wconf 88' lang='grc' dir='ltr'><strong>σε</strong></span> <span class='ocrx_word' id='word_1_577' title='bbox 2543 4258 2703 4327; x_wconf 84' lang='grc' dir='ltr'>εἶναι,</span> <span class='ocrx_word' id='word_1_578' title='bbox 2741 4264 2880 4332; x_wconf 86' lang='grc' dir='ltr'>μήτε</span> <span class='ocrx_word' id='word_1_579' title='bbox 2901 4263 3062 4315; x_wconf 91' lang='grc' dir='ltr'>πάλιν</span> <span class='ocrx_word' id='word_1_580' title='bbox 3092 4280 3147 4315; x_wconf 89' lang='grc' dir='ltr'><strong>τι</strong></span> <span class='ocrx_word' id='word_1_581' title='bbox 3172 4265 3347 4315; x_wconf 88' lang='grc' dir='ltr'>ποιεῖν</span> <span class='ocrx_word' id='word_1_582' title='bbox 3387 4262 3584 4326; x_wconf 79' lang='grc' dir='ltr'>ἀσεϐὲς</span> <span class='ocrx_word' id='word_1_583' title='bbox 3610 4264 3761 4333; x_wconf 67' lang='grc' dir='ltr'>παρὰ</span> <span class='ocrx_word' id='word_1_584' title='bbox 3793 4264 3897 4329; x_wconf 72' lang='grc' dir='ltr'>τὰς</span> <span class='ocrx_word' id='word_1_585' title='bbox 3952 4268 4041 4319; x_wconf 76' lang='grc' dir='ltr'><strong>ἐπὶ</strong></span> 
     </span>
    </p>
   </div>
   <div class='ocr_carea' id='block_1_85' title="bbox 2454 4350 4042 4423">
    <p class='ocr_par' dir='ltr' id='par_1_85' title="bbox 2454 4350 4042 4423">
     <span class='ocr_line' id='line_1_85' title="bbox 2454 4350 4042 4423; baseline 0.003 -18"><span class='ocrx_word' id='word_1_586' title='bbox 2454 4351 2576 4422; x_wconf 83' lang='grc' dir='ltr'><strong>Θεῷ</strong></span> <span class='ocrx_word' id='word_1_587' title='bbox 2630 4353 2867 4423; x_wconf 87' lang='grc' dir='ltr'>μάρτυρι</span> <span class='ocrx_word' id='word_1_588' title='bbox 2917 4352 3240 4416; x_wconf 81' lang='grc' dir='ltr'>τεθειμένας</span> <span class='ocrx_word' id='word_1_589' title='bbox 3292 4353 3547 4418; x_wconf 83' lang='grc' dir='ltr'>σπονδὰς,</span> <span class='ocrx_word' id='word_1_590' title='bbox 3576 4354 3696 4408; x_wconf 85' lang='grc' dir='ltr'>ἀλλ’</span> <span class='ocrx_word' id='word_1_591' title='bbox 3741 4350 3886 4409; x_wconf 79' lang='grc' dir='ltr'>εἶναι</span> <span class='ocrx_word' id='word_1_592' title='bbox 3940 4358 4042 4410; x_wconf 62' lang='lat' dir='ltr'><strong>ii:—</strong></span> 
     </span>
    </p>
   </div>
   <div class='ocr_carea' id='block_1_86' title="bbox 2466 4443 4043 4519">
    <p class='ocr_par' dir='ltr' id='par_1_86' title="bbox 2466 4443 4043 4519">
     <span class='ocr_line' id='line_1_86' title="bbox 2466 4443 4043 4519; baseline 0.003 -22"><span class='ocrx_word' id='word_1_593' title='bbox 2466 4461 2655 4508; x_wconf 75' lang='lat' dir='ltr'><strong>omov,</strong></span> <span class='ocrx_word' id='word_1_594' title='bbox 2714 4444 2856 4498; x_wconf 83' lang='grc' dir='ltr'>ὥστε</span> <span class='ocrx_word' id='word_1_595' title='bbox 2885 4443 3251 4512; x_wconf 84' lang='grc' dir='ltr'>φυλάττεσθαι</span> <span class='ocrx_word' id='word_1_596' title='bbox 3281 4444 3344 4497; x_wconf 83' lang='grc' dir='ltr'><strong>τδ</strong></span> <span class='ocrx_word' id='word_1_597' title='bbox 3384 4444 3493 4498; x_wconf 84' lang='grc' dir='ltr'><strong>τῶν</strong></span> <span class='ocrx_word' id='word_1_598' title='bbox 3523 4447 3799 4516; x_wconf 85' lang='grc' dir='ltr'>πολεμίων</span> <span class='ocrx_word' id='word_1_599' title='bbox 3829 4449 4043 4519; x_wconf 58' lang='lat' dir='ltr'><strong>sast</strong></span> 
     </span>
    </p>
   </div>
   <div class='ocr_carea' id='block_1_87' title="bbox 781 4504 2364 4610">
    <p class='ocr_par' dir='ltr' id='par_1_87' title="bbox 781 4504 2354 4576">
     <span class='ocr_line' id='line_1_87' title="bbox 781 4504 2354 4576; baseline 0.014 -21"><span class='ocrx_word' id='word_1_600' title='bbox 781 4504 978 4560; x_wconf 81' lang='lat' dir='ltr'><strong>laudas</strong></span> <span class='ocrx_word' id='word_1_601' title='bbox 1016 4525 1029 4560; x_wconf 93' lang='lat'><strong>:</strong></span> <span class='ocrx_word' id='word_1_602' title='bbox 1072 4507 1325 4565; x_wconf 72' lang='lat' dir='ltr'><strong>obscurae</strong></span> <span class='ocrx_word' id='word_1_603' title='bbox 1355 4513 1501 4566; x_wconf 89' lang='lat' dir='ltr'><strong>enim</strong></span> <span class='ocrx_word' id='word_1_604' title='bbox 1533 4525 1662 4570; x_wconf 83' lang='lat' dir='ltr'><strong>sunt</strong></span> <span class='ocrx_word' id='word_1_605' title='bbox 1703 4518 1939 4572; x_wconf 84' lang='lat' dir='ltr'><strong>hostium</strong></span> <span class='ocrx_word' id='word_1_606' title='bbox 1985 4519 2235 4576; x_wconf 83' lang='lat' dir='ltr'><strong>inducias</strong></span> <span class='ocrx_word' id='word_1_607' title='bbox 2274 4529 2354 4576; x_wconf 86' lang='lat' dir='ltr'><strong>te-</strong></span> 
     </span>
    </p>
   </div>
   <div class='ocr_carea' id='block_1_88' title="bbox 2460 4504 4043 4610">
    <p class='ocr_par' dir='ltr' id='par_1_88' title="bbox 2460 4504 4043 4610">
     <span class='ocr_line' id='line_1_88' title="bbox 2460 4504 4043 4610; baseline 0.004 -22"><span class='ocrx_word' id='word_1_608' title='bbox 2460 4536 2551 4588; x_wconf 73' lang='lat' dir='ltr'><strong>xui.</strong></span> <span class='ocrx_word' id='word_1_609' title='bbox 2577 4504 2829 4590; x_wconf 77' lang='grc' dir='ltr'>ὓπουλον.</span> <span class='ocrx_word' id='word_1_610' title='bbox 2864 4504 3087 4605; x_wconf 63' lang='grc' dir='ltr'>’Ᾰδηλοι</span> <span class='ocrx_word' id='word_1_611' title='bbox 3117 4536 3226 4606; x_wconf 82' lang='grc' dir='ltr'><strong>γάρ</strong></span> <span class='ocrx_word' id='word_1_612' title='bbox 3256 4535 3435 4589; x_wconf 81' lang='grc' dir='ltr'>αίτῶν</span> <span class='ocrx_word' id='word_1_613' title='bbox 3460 4504 3847 4607; x_wconf 65' lang='grc' dir='ltr'>σπεισαμένων</span> <span class='ocrx_word' id='word_1_614' title='bbox 3878 4504 4043 4610; x_wconf 69' lang='grc' dir='ltr'>ἦγον-ι</span> 
     </span>
    </p>
   </div>
   <div class='ocr_carea' id='block_1_89' title="bbox 786 4595 2353 4677">
    <p class='ocr_par' dir='ltr' id='par_1_89' title="bbox 786 4595 2353 4677">
     <span class='ocr_line' id='line_1_89' title="bbox 786 4595 2353 4677; baseline 0.011 -32"><span class='ocrx_word' id='word_1_615' title='bbox 786 4607 911 4646; x_wconf 89' lang='lat' dir='ltr'><strong>cum</strong></span> <span class='ocrx_word' id='word_1_616' title='bbox 954 4595 1269 4652; x_wconf 85' lang='lat' dir='ltr'><strong>facientium</strong></span> <span class='ocrx_word' id='word_1_617' title='bbox 1302 4601 1635 4658; x_wconf 88' lang='lat' dir='ltr'><strong>voluntates.</strong></span> <span class='ocrx_word' id='word_1_618' title='bbox 1668 4604 1776 4659; x_wconf 87' lang='lat' dir='ltr'><strong>Sed</strong></span> <span class='ocrx_word' id='word_1_619' title='bbox 1802 4614 1857 4659; x_wconf 91' lang='lat' dir='ltr'><strong>tu</strong></span> <span class='ocrx_word' id='word_1_620' title='bbox 1889 4606 1970 4662; x_wconf 85' lang='lat' dir='ltr'><strong>sic</strong></span> <span class='ocrx_word' id='word_1_621' title='bbox 2001 4614 2053 4661; x_wconf 89' lang='lat' dir='ltr'><strong>te</strong></span> <span class='ocrx_word' id='word_1_622' title='bbox 2077 4623 2258 4677; x_wconf 80' lang='lat' dir='ltr'><strong>geras,</strong></span> <span class='ocrx_word' id='word_1_623' title='bbox 2293 4618 2353 4663; x_wconf 89' lang='lat' dir='ltr'><strong>ut</strong></span> 
     </span>
    </p>
   </div>
   <div class='ocr_carea' id='block_1_90' title="bbox 781 4685 2349 4761">
    <p class='ocr_par' dir='ltr' id='par_1_90' title="bbox 781 4685 2349 4761">
     <span class='ocr_line' id='line_1_90' title="bbox 781 4685 2349 4761; baseline 0.011 -25"><span class='ocrx_word' id='word_1_624' title='bbox 781 4685 989 4738; x_wconf 91' lang='lat' dir='ltr'><strong>nullam</strong></span> <span class='ocrx_word' id='word_1_625' title='bbox 1013 4687 1121 4741; x_wconf 85' lang='lat' dir='ltr'><strong>illis</strong></span> <span class='ocrx_word' id='word_1_626' title='bbox 1152 4689 1408 4757; x_wconf 83' lang='lat' dir='ltr'><strong>injuriam</strong></span> <span class='ocrx_word' id='word_1_627' title='bbox 1434 4694 1657 4761; x_wconf 86' lang='lat' dir='ltr'><strong>pietatis</strong></span> <span class='ocrx_word' id='word_1_628' title='bbox 1683 4710 1849 4751; x_wconf 88' lang='lat' dir='ltr'><strong>causa</strong></span> <span class='ocrx_word' id='word_1_629' title='bbox 1868 4696 2039 4752; x_wconf 90' lang='lat' dir='ltr'><strong>facias</strong></span> <span class='ocrx_word' id='word_1_630' title='bbox 2068 4716 2081 4753; x_wconf 88' lang='lat'><strong>:</strong></span> <span class='ocrx_word' id='word_1_631' title='bbox 2107 4697 2349 4753; x_wconf 87' lang='lat' dir='ltr'><strong>hostium</strong></span> 
     </span>
    </p>
   </div>
   <div class='ocr_carea' id='block_1_91' title="bbox 781 4780 2354 4861">
    <p class='ocr_par' dir='ltr' id='par_1_91' title="bbox 781 4780 2354 4861">
     <span class='ocr_line' id='line_1_91' title="bbox 781 4780 2354 4861; baseline 0.01 -33"><span class='ocrx_word' id='word_1_632' title='bbox 781 4784 966 4830; x_wconf 91' lang='lat' dir='ltr'><strong>tamen</strong></span> <span class='ocrx_word' id='word_1_633' title='bbox 1017 4780 1293 4847; x_wconf 77' lang='lat' dir='ltr'><strong>perfidiam</strong></span> <span class='ocrx_word' id='word_1_634' title='bbox 1348 4783 1568 4838; x_wconf 85' lang='lat' dir='ltr'><strong>cavebis</strong></span> <span class='ocrx_word' id='word_1_635' title='bbox 1609 4823 1625 4849; x_wconf 89' lang='lat'><strong>,</strong></span> <span class='ocrx_word' id='word_1_636' title='bbox 1658 4793 1718 4840; x_wconf 93' lang='lat' dir='ltr'><strong>ut</strong></span> <span class='ocrx_word' id='word_1_637' title='bbox 1747 4802 1813 4842; x_wconf 90' lang='lat' dir='ltr'><strong>ne</strong></span> <span class='ocrx_word' id='word_1_638' title='bbox 1850 4787 1925 4844; x_wconf 86' lang='lat' dir='ltr'><strong>ab</strong></span> <span class='ocrx_word' id='word_1_639' title='bbox 1951 4789 2091 4856; x_wconf 90' lang='lat' dir='ltr'><strong>illis,</strong></span> <span class='ocrx_word' id='word_1_640' title='bbox 2133 4800 2354 4861; x_wconf 89' lang='lat' dir='ltr'><strong>propter</strong></span> 
     </span>
    </p>
   </div>
   <div class='ocr_carea' id='block_1_92' title="bbox 780 4867 1790 4937">
    <p class='ocr_par' dir='ltr' id='par_1_92' title="bbox 780 4867 1790 4937">
     <span class='ocr_line' id='line_1_92' title="bbox 780 4867 1790 4937; baseline 0.011 -16"><span class='ocrx_word' id='word_1_641' title='bbox 780 4867 979 4935; x_wconf 88' lang='lat' dir='ltr'><strong>impios</strong></span> <span class='ocrx_word' id='word_1_642' title='bbox 1014 4870 1229 4924; x_wconf 91' lang='lat' dir='ltr'><strong>illorum</strong></span> <span class='ocrx_word' id='word_1_643' title='bbox 1263 4881 1519 4937; x_wconf 88' lang='lat' dir='ltr'><strong>conatus,</strong></span> <span class='ocrx_word' id='word_1_644' title='bbox 1554 4875 1790 4932; x_wconf 63' lang='lat' dir='ltr'><strong>laedaris.</strong></span> 
     </span>
    </p>
   </div>
   <div class='ocr_carea' id='block_1_93' title="bbox 850 4959 2347 5038">
    <p class='ocr_par' dir='ltr' id='par_1_93' title="bbox 850 4959 2347 5038">
     <span class='ocr_line' id='line_1_93' title="bbox 850 4959 2347 5038; baseline 0.013 -26"><span class='ocrx_word' id='word_1_645' title='bbox 850 4959 939 5013; x_wconf 70' lang='lat' dir='ltr'><strong>i9.</strong></span> <span class='ocrx_word' id='word_1_646' title='bbox 982 4960 1178 5013; x_wconf 87' lang='lat' dir='ltr'><strong>Omnia</strong></span> <span class='ocrx_word' id='word_1_647' title='bbox 1207 4962 1351 5017; x_wconf 91' lang='lat' dir='ltr'><strong>enim</strong></span> <span class='ocrx_word' id='word_1_648' title='bbox 1380 4965 1447 5020; x_wconf 91' lang='lat' dir='ltr'><strong>ad</strong></span> <span class='ocrx_word' id='word_1_649' title='bbox 1483 4966 1575 5021; x_wconf 85' lang='lat' dir='ltr'><strong>Dei</strong></span> <span class='ocrx_word' id='word_1_650' title='bbox 1606 4967 1903 5023; x_wconf 81' lang='lat' dir='ltr'><strong>vindictam</strong></span> <span class='ocrx_word' id='word_1_651' title='bbox 1955 4973 2186 5038; x_wconf 86' lang='lat' dir='ltr'><strong>referre,</strong></span> <span class='ocrx_word' id='word_1_652' title='bbox 2225 4975 2347 5030; x_wconf 84' lang='lat' dir='ltr'><strong>sin-</strong></span> 
     </span>
    </p>
   </div>
   <div class='ocr_carea' id='block_1_94' title="bbox 780 5051 2347 5123">
    <p class='ocr_par' dir='ltr' id='par_1_94' title="bbox 780 5051 2347 5123">
     <span class='ocr_line' id='line_1_94' title="bbox 780 5051 2347 5123; baseline 0.012 -19"><span class='ocrx_word' id='word_1_653' title='bbox 780 5051 893 5105; x_wconf 89' lang='lat' dir='ltr'><strong>ceri</strong></span> <span class='ocrx_word' id='word_1_654' title='bbox 947 5052 1114 5105; x_wconf 91' lang='lat' dir='ltr'><strong>animi</strong></span> <span class='ocrx_word' id='word_1_655' title='bbox 1168 5068 1273 5109; x_wconf 92' lang='lat' dir='ltr'><strong>non</strong></span> <span class='ocrx_word' id='word_1_656' title='bbox 1297 5066 1400 5111; x_wconf 89' lang='lat' dir='ltr'><strong>est.</strong></span> <span class='ocrx_word' id='word_1_657' title='bbox 1452 5057 1569 5113; x_wconf 85' lang='lat' dir='ltr'><strong>Non</strong></span> <span class='ocrx_word' id='word_1_658' title='bbox 1625 5060 1917 5115; x_wconf 78' lang='lat' dir='ltr'><strong>confestim</strong></span> <span class='ocrx_word' id='word_1_659' title='bbox 1974 5065 2119 5119; x_wconf 92' lang='lat' dir='ltr'><strong>enim</strong></span> <span class='ocrx_word' id='word_1_660' title='bbox 2165 5065 2347 5123; x_wconf 90' lang='lat' dir='ltr'><strong>divina</strong></span> 
     </span>
    </p>
   </div>
   <div class='ocr_carea' id='block_1_95' title="bbox 782 5142 2350 5225">
    <p class='ocr_par' dir='ltr' id='par_1_95' title="bbox 782 5142 2350 5225">
     <span class='ocr_line' id='line_1_95' title="bbox 782 5142 2350 5225; baseline 0.012 -31"><span class='ocrx_word' id='word_1_661' title='bbox 782 5143 1018 5199; x_wconf 85' lang='lat' dir='ltr'><strong>vindicta</strong></span> <span class='ocrx_word' id='word_1_662' title='bbox 1054 5142 1288 5200; x_wconf 82' lang='lat' dir='ltr'><strong>infertur</strong></span> <span class='ocrx_word' id='word_1_663' title='bbox 1312 5185 1327 5209; x_wconf 86' lang='lat'><strong>,</strong></span> <span class='ocrx_word' id='word_1_664' title='bbox 1361 5150 1456 5202; x_wconf 91' lang='lat' dir='ltr'><strong>sed</strong></span> <span class='ocrx_word' id='word_1_665' title='bbox 1486 5154 1705 5219; x_wconf 89' lang='lat' dir='ltr'><strong>quando</strong></span> <span class='ocrx_word' id='word_1_666' title='bbox 1744 5153 1988 5209; x_wconf 90' lang='lat' dir='ltr'><strong>omnium</strong></span> <span class='ocrx_word' id='word_1_667' title='bbox 2027 5168 2350 5225; x_wconf 87' lang='lat' dir='ltr'><strong>procurator</strong></span> 
     </span>
    </p>
   </div>
   <div class='ocr_carea' id='block_1_96' title="bbox 781 5234 2339 5316">
    <p class='ocr_par' dir='ltr' id='par_1_96' title="bbox 781 5234 2339 5316">
     <span class='ocr_line' id='line_1_96' title="bbox 781 5234 2339 5316; baseline 0.013 -30"><span class='ocrx_word' id='word_1_668' title='bbox 781 5246 835 5288; x_wconf 92' lang='lat' dir='ltr'><strong>et</strong></span> <span class='ocrx_word' id='word_1_669' title='bbox 872 5234 1285 5293; x_wconf 87' lang='lat' dir='ltr'><strong>administrator</strong></span> <span class='ocrx_word' id='word_1_670' title='bbox 1313 5238 1456 5294; x_wconf 89' lang='lat' dir='ltr'><strong>Deus</strong></span> <span class='ocrx_word' id='word_1_671' title='bbox 1496 5241 1596 5296; x_wconf 89' lang='lat' dir='ltr'><strong>hoc</strong></span> <span class='ocrx_word' id='word_1_672' title='bbox 1623 5241 1867 5299; x_wconf 89' lang='lat' dir='ltr'><strong>futurum</strong></span> <span class='ocrx_word' id='word_1_673' title='bbox 1902 5246 2170 5303; x_wconf 82' lang='lat' dir='ltr'><strong>decernit.</strong></span> <span class='ocrx_word' id='word_1_674' title='bbox 2202 5250 2339 5316; x_wconf 86' lang='lat' dir='ltr'><strong>Quis</strong></span> 
     </span>
    </p>
   </div>
   <div class='ocr_carea' id='block_1_97' title="bbox 780 5328 2349 5402">
    <p class='ocr_par' dir='ltr' id='par_1_97' title="bbox 780 5328 2349 5402">
     <span class='ocr_line' id='line_1_97' title="bbox 780 5328 2349 5402; baseline 0.01 -22"><span class='ocrx_word' id='word_1_675' title='bbox 780 5328 924 5380; x_wconf 89' lang='lat' dir='ltr'><strong>enim</strong></span> <span class='ocrx_word' id='word_1_676' title='bbox 981 5329 1128 5382; x_wconf 90' lang='lat' dir='ltr'><strong>novit</strong></span> <span class='ocrx_word' id='word_1_677' title='bbox 1193 5332 1412 5398; x_wconf 90' lang='lat' dir='ltr'><strong>quando</strong></span> <span class='ocrx_word' id='word_1_678' title='bbox 1465 5333 1720 5402; x_wconf 88' lang='lat' dir='ltr'><strong>injuriam</strong></span> <span class='ocrx_word' id='word_1_679' title='bbox 1779 5338 1983 5391; x_wconf 87' lang='lat' dir='ltr'><strong>inferre</strong></span> <span class='ocrx_word' id='word_1_680' title='bbox 2047 5343 2349 5396; x_wconf 91' lang='lat' dir='ltr'><strong>moliuntur</strong></span> 
     </span>
    </p>
   </div>
   <div class='ocr_carea' id='block_1_98' title="bbox 783 5419 2341 5493">
    <p class='ocr_par' dir='ltr' id='par_1_98' title="bbox 783 5419 2341 5493">
     <span class='ocr_line' id='line_1_98' title="bbox 783 5419 2341 5493; baseline 0.009 -21"><span class='ocrx_word' id='word_1_681' title='bbox 783 5419 990 5480; x_wconf 87' lang='lat' dir='ltr'><strong>hostes,</strong></span> <span class='ocrx_word' id='word_1_682' title='bbox 1023 5430 1208 5475; x_wconf 82' lang='lat' dir='ltr'><strong>utrum</strong></span> <span class='ocrx_word' id='word_1_683' title='bbox 1237 5422 1314 5475; x_wconf 90' lang='lat' dir='ltr'><strong>illi</strong></span> <span class='ocrx_word' id='word_1_684' title='bbox 1340 5424 1650 5480; x_wconf 83' lang='lat' dir='ltr'><strong>trucidandi</strong></span> <span class='ocrx_word' id='word_1_685' title='bbox 1688 5427 1822 5493; x_wconf 88' lang='lat' dir='ltr'><strong>sint,</strong></span> <span class='ocrx_word' id='word_1_686' title='bbox 1854 5437 1911 5482; x_wconf 79' lang='lat' dir='ltr'><strong>tu</strong></span> <span class='ocrx_word' id='word_1_687' title='bbox 1954 5447 2081 5485; x_wconf 87' lang='lat' dir='ltr'><strong>vero</strong></span> <span class='ocrx_word' id='word_1_688' title='bbox 2115 5448 2341 5489; x_wconf 79' lang='lat' dir='ltr'><strong>conscr-</strong></span> 
     </span>
    </p>
   </div>
   <div class='ocr_carea' id='block_1_99' title="bbox 782 5513 1034 5565">
    <p class='ocr_par' dir='ltr' id='par_1_99' title="bbox 782 5513 1034 5565">
     <span class='ocr_line' id='line_1_99' title="bbox 782 5513 1034 5565; baseline 0.004 -3"><span class='ocrx_word' id='word_1_689' title='bbox 782 5513 988 5565; x_wconf 79' lang='lat' dir='ltr'><strong>vaudus</strong></span> <span class='ocrx_word' id='word_1_690' title='bbox 1010 5514 1034 5563; x_wconf 84' lang='lat'><strong>?</strong></span> 
     </span>
    </p>
   </div>
   <div class='ocr_carea' id='block_1_100' title="bbox 847 5604 2347 5677">
    <p class='ocr_par' dir='ltr' id='par_1_100' title="bbox 847 5604 2347 5677">
     <span class='ocr_line' id='line_1_100' title="bbox 847 5604 2347 5677; baseline 0.013 -22"><span class='ocrx_word' id='word_1_691' title='bbox 847 5604 937 5656; x_wconf 76' lang='lat'><strong>‘20.</strong></span> <span class='ocrx_word' id='word_1_692' title='bbox 980 5604 1186 5660; x_wconf 87' lang='lat' dir='ltr'><strong>Licebit</strong></span> <span class='ocrx_word' id='word_1_693' title='bbox 1219 5606 1382 5677; x_wconf 78' lang='lat' dir='ltr'><strong>igitur</strong></span> <span class='ocrx_word' id='word_1_694' title='bbox 1412 5610 1566 5666; x_wconf 85' lang='lat' dir='ltr'><strong>nobis</strong></span> <span class='ocrx_word' id='word_1_695' title='bbox 1595 5612 1792 5668; x_wconf 86' lang='lat' dir='ltr'><strong>eodem</strong></span> <span class='ocrx_word' id='word_1_696' title='bbox 1825 5614 1987 5670; x_wconf 84' lang='lat' dir='ltr'><strong>modo</strong></span> <span class='ocrx_word' id='word_1_697' title='bbox 2014 5631 2101 5672; x_wconf 87' lang='lat' dir='ltr'><strong>res</strong></span> <span class='ocrx_word' id='word_1_698' title='bbox 2130 5626 2347 5675; x_wconf 83' lang='lat' dir='ltr'><strong>nostras</strong></span> 
     </span>
    </p>
   </div>
   <div class='ocr_carea' id='block_1_101' title="bbox 2447 4627 4040 4701">
    <p class='ocr_par' dir='ltr' id='par_1_101' title="bbox 2447 4627 4040 4701">
     <span class='ocr_line' id='line_1_101' title="bbox 2447 4627 4040 4701; baseline 0.004 -22"><span class='ocrx_word' id='word_1_699' title='bbox 2447 4627 2557 4679; x_wconf 83' lang='grc' dir='ltr'><strong>τῶν</strong></span> <span class='ocrx_word' id='word_1_700' title='bbox 2612 4628 3043 4697; x_wconf 87' lang='grc' dir='ltr'>είρηνευσάντων</span> <span class='ocrx_word' id='word_1_701' title='bbox 3109 4629 3369 4681; x_wconf 80' lang='grc' dir='ltr'>ἐναντίων</span> <span class='ocrx_word' id='word_1_702' title='bbox 3407 4627 3648 4696; x_wconf 85' lang='grc' dir='ltr'>γνῶμαι.</span> <span class='ocrx_word' id='word_1_703' title='bbox 3685 4631 3800 4684; x_wconf 76' lang='grc' dir='ltr'><strong>Καὶ</strong></span> <span class='ocrx_word' id='word_1_704' title='bbox 3838 4632 3906 4685; x_wconf 80' lang='grc' dir='ltr'><strong>σὺ</strong></span> <span class='ocrx_word' id='word_1_705' title='bbox 3946 4634 4040 4701; x_wconf 74' lang='grc' dir='ltr'>μὲν</span> 
     </span>
    </p>
   </div>
   <div class='ocr_carea' id='block_1_102' title="bbox 2448 4716 4037 4790">
    <p class='ocr_par' dir='ltr' id='par_1_102' title="bbox 2448 4716 4037 4790">
     <span class='ocr_line' id='line_1_102' title="bbox 2448 4716 4037 4790; baseline 0.005 -20"><span class='ocrx_word' id='word_1_706' title='bbox 2448 4716 2539 4787; x_wconf 76' lang='grc' dir='ltr'>ἔχε</span> <span class='ocrx_word' id='word_1_707' title='bbox 2563 4720 2624 4770; x_wconf 79' lang='grc' dir='ltr'>τὸ</span> <span class='ocrx_word' id='word_1_708' title='bbox 2647 4718 2887 4788; x_wconf 80' lang='grc' dir='ltr'>βέϐαιον,</span> <span class='ocrx_word' id='word_1_709' title='bbox 2955 4718 3096 4772; x_wconf 84' lang='grc' dir='ltr'>ὥστε</span> <span class='ocrx_word' id='word_1_710' title='bbox 3157 4718 3233 4790; x_wconf 75' lang='grc' dir='ltr'>μὴ</span> <span class='ocrx_word' id='word_1_711' title='bbox 3282 4719 3541 4789; x_wconf 84' lang='grc' dir='ltr'>ἀδικῆσαι</span> <span class='ocrx_word' id='word_1_712' title='bbox 3571 4720 3657 4773; x_wconf 79' lang='grc' dir='ltr'>διὰ</span> <span class='ocrx_word' id='word_1_713' title='bbox 3689 4722 3750 4774; x_wconf 82' lang='grc' dir='ltr'>τὸ</span> <span class='ocrx_word' id='word_1_714' title='bbox 3787 4724 4037 4787; x_wconf 77' lang='grc' dir='ltr'>εὐσεϐὲς,</span> 
     </span>
    </p>
   </div>
   <div class='ocr_carea' id='block_1_103' title="bbox 2447 4809 4039 4886">
    <p class='ocr_par' dir='ltr' id='par_1_103' title="bbox 2447 4809 4039 4886">
     <span class='ocr_line' id='line_1_103' title="bbox 2447 4809 4039 4886; baseline 0.003 -24"><span class='ocrx_word' id='word_1_715' title='bbox 2447 4809 2556 4863; x_wconf 84' lang='grc' dir='ltr'><strong>τῶν</strong></span> <span class='ocrx_word' id='word_1_716' title='bbox 2606 4810 2665 4862; x_wconf 74' lang='grc' dir='ltr'>δὲ</span> <span class='ocrx_word' id='word_1_717' title='bbox 2715 4810 2989 4879; x_wconf 85' lang='grc' dir='ltr'>πολεμίων</span> <span class='ocrx_word' id='word_1_718' title='bbox 3053 4809 3115 4861; x_wconf 76' lang='grc' dir='ltr'>τὸ</span> <span class='ocrx_word' id='word_1_719' title='bbox 3152 4810 3387 4863; x_wconf 84' lang='grc' dir='ltr'>ἄπιστον</span> <span class='ocrx_word' id='word_1_720' title='bbox 3464 4810 3694 4865; x_wconf 85' lang='grc' dir='ltr'>ὺπονοοῦ</span> <span class='ocrx_word' id='word_1_721' title='bbox 3749 4811 3899 4867; x_wconf 84' lang='grc' dir='ltr'>ὥστε</span> <span class='ocrx_word' id='word_1_722' title='bbox 3969 4817 4039 4886; x_wconf 76' lang='grc' dir='ltr'>μὴ</span> 
     </span>
    </p>
   </div>
   <div class='ocr_carea' id='block_1_104' title="bbox 2450 4900 3230 4971">
    <p class='ocr_par' dir='ltr' id='par_1_104' title="bbox 2450 4900 3230 4971">
     <span class='ocr_line' id='line_1_104' title="bbox 2450 4900 3230 4971; baseline 0.004 -18"><span class='ocrx_word' id='word_1_723' title='bbox 2450 4900 2772 4971; x_wconf 84' lang='grc' dir='ltr'>ἀδικηθῆναι</span> <span class='ocrx_word' id='word_1_724' title='bbox 2802 4902 2893 4955; x_wconf 85' lang='grc' dir='ltr'><strong>διά</strong></span> <span class='ocrx_word' id='word_1_725' title='bbox 2920 4903 2981 4955; x_wconf 82' lang='grc' dir='ltr'>τὸ</span> <span class='ocrx_word' id='word_1_726' title='bbox 3010 4901 3230 4965; x_wconf 77' lang='grc' dir='ltr'>ἀσεϐές.</span> 
     </span>
    </p>
   </div>
   <div class='ocr_carea' id='block_1_105' title="bbox 2519 4991 4038 5069">
    <p class='ocr_par' dir='ltr' id='par_1_105' title="bbox 2519 4991 4038 5069">
     <span class='ocr_line' id='line_1_105' title="bbox 2519 4991 4038 5069; baseline 0.007 -25"><span class='ocrx_word' id='word_1_727' title='bbox 2519 4991 2606 5045; x_wconf 87' lang='grc' dir='ltr'>ιθ’.</span> <span class='ocrx_word' id='word_1_728' title='bbox 2644 4993 2842 5063; x_wconf 86' lang='grc' dir='ltr'>Τὸγάρ</span> <span class='ocrx_word' id='word_1_729' title='bbox 2888 4992 3068 5046; x_wconf 88' lang='grc' dir='ltr'>πάντα</span> <span class='ocrx_word' id='word_1_730' title='bbox 3106 4993 3406 5064; x_wconf 78' lang='grc' dir='ltr'>ἀναφέρειν</span> <span class='ocrx_word' id='word_1_731' title='bbox 3467 4998 3549 5060; x_wconf 89' lang='grc' dir='ltr'>εἰς</span> <span class='ocrx_word' id='word_1_732' title='bbox 3617 4998 3719 5069; x_wconf 83' lang='grc' dir='ltr'>τὴν</span> <span class='ocrx_word' id='word_1_733' title='bbox 3784 5001 3900 5055; x_wconf 79' lang='grc' dir='ltr'><strong>ἀπὺ</strong></span> <span class='ocrx_word' id='word_1_734' title='bbox 3950 5002 4038 5054; x_wconf 74' lang='grc' dir='ltr'>τοῦ</span> 
     </span>
    </p>
   </div>
   <div class='ocr_carea' id='block_1_106' title="bbox 2445 5082 4037 5161">
    <p class='ocr_par' dir='ltr' id='par_1_106' title="bbox 2445 5082 4037 5161">
     <span class='ocr_line' id='line_1_106' title="bbox 2445 5082 4037 5161; baseline 0.008 -26"><span class='ocrx_word' id='word_1_735' title='bbox 2445 5082 2581 5135; x_wconf 76' lang='grc' dir='ltr'>Θεοῦ</span> <span class='ocrx_word' id='word_1_736' title='bbox 2614 5084 2896 5152; x_wconf 65' lang='grc' dir='ltr'>ἐκδίκησιν</span> <span class='ocrx_word' id='word_1_737' title='bbox 2947 5084 3051 5137; x_wconf 77' lang='grc' dir='ltr'><strong>οὐκ</strong></span> <span class='ocrx_word' id='word_1_738' title='bbox 3080 5084 3227 5139; x_wconf 79' lang='grc' dir='ltr'>ἐστιν</span> <span class='ocrx_word' id='word_1_739' title='bbox 3251 5086 3516 5157; x_wconf 78' lang='grc' dir='ltr'>άκαιρὲου</span> <span class='ocrx_word' id='word_1_740' title='bbox 3541 5089 3655 5158; x_wconf 69' lang='grc'><strong>(24)</strong></span> <span class='ocrx_word' id='word_1_741' title='bbox 3688 5092 3947 5161; x_wconf 82' lang='grc' dir='ltr'>γνώμης.</span> <span class='ocrx_word' id='word_1_742' title='bbox 3969 5095 4037 5147; x_wconf 81' lang='grc' dir='ltr'><strong>οὐ</strong></span> 
     </span>
    </p>
   </div>
   <div class='ocr_carea' id='block_1_107' title="bbox 2445 5172 4039 5247">
    <p class='ocr_par' dir='ltr' id='par_1_107' title="bbox 2445 5172 4039 5247">
     <span class='ocr_line' id='line_1_107' title="bbox 2445 5172 4039 5247; baseline 0.006 -24"><span class='ocrx_word' id='word_1_743' title='bbox 2445 5172 2553 5241; x_wconf 70' lang='grc' dir='ltr'>γὰρ</span> <span class='ocrx_word' id='word_1_744' title='bbox 2582 5172 2744 5236; x_wconf 79' lang='grc' dir='ltr'>εὐθὺς</span> <span class='ocrx_word' id='word_1_745' title='bbox 2768 5173 2942 5241; x_wconf 78' lang='grc' dir='ltr'>ἡθεία</span> <span class='ocrx_word' id='word_1_746' title='bbox 2974 5173 3100 5243; x_wconf 84' lang='grc' dir='ltr'>δίκη</span> <span class='ocrx_word' id='word_1_747' title='bbox 3146 5174 3435 5241; x_wconf 75' lang='grc' dir='ltr'>ἐπάγεται·</span> <span class='ocrx_word' id='word_1_748' title='bbox 3473 5176 3591 5229; x_wconf 83' lang='grc' dir='ltr'>ἀλλ’</span> <span class='ocrx_word' id='word_1_749' title='bbox 3638 5179 3727 5231; x_wconf 85' lang='grc' dir='ltr'>ὅτε</span> <span class='ocrx_word' id='word_1_750' title='bbox 3788 5178 4039 5247; x_wconf 79' lang='grc' dir='ltr'>βούλεται</span> 
     </span>
    </p>
   </div>
   <div class='ocr_carea' id='block_1_108' title="bbox 2444 5260 4037 5339">
    <p class='ocr_par' dir='ltr' id='par_1_108' title="bbox 2444 5260 4037 5339">
     <span class='ocr_line' id='line_1_108' title="bbox 2444 5260 4037 5339; baseline 0.006 -25"><span class='ocrx_word' id='word_1_751' title='bbox 2444 5265 2473 5314; x_wconf 78' lang='grc' dir='ltr'><strong>ὁ</strong></span> <span class='ocrx_word' id='word_1_752' title='bbox 2501 5264 2718 5317; x_wconf 81' lang='grc' dir='ltr'>πάντων</span> <span class='ocrx_word' id='word_1_753' title='bbox 2755 5264 3080 5335; x_wconf 88' lang='grc' dir='ltr'>προνοητής.</span> <span class='ocrx_word' id='word_1_754' title='bbox 3117 5263 3214 5327; x_wconf 87' lang='grc' dir='ltr'>Τίς</span> <span class='ocrx_word' id='word_1_755' title='bbox 3262 5264 3368 5334; x_wconf 75' lang='grc' dir='ltr'><strong>γάρ</strong></span> <span class='ocrx_word' id='word_1_756' title='bbox 3399 5260 3541 5318; x_wconf 77' lang='grc' dir='ltr'>οἶδεν</span> <span class='ocrx_word' id='word_1_757' title='bbox 3577 5269 3625 5319; x_wconf 79' lang='grc' dir='ltr'>ει</span> <span class='ocrx_word' id='word_1_758' title='bbox 3660 5267 3779 5337; x_wconf 81' lang='grc' dir='ltr'>ἃμα</span> <span class='ocrx_word' id='word_1_759' title='bbox 3812 5270 3892 5339; x_wconf 83' lang='grc' dir='ltr'><strong>τῷ</strong></span> <span class='ocrx_word' id='word_1_760' title='bbox 3913 5272 4037 5323; x_wconf 82' lang='grc' dir='ltr'>ἀσε-</span> 
     </span>
    </p>
   </div>
   <div class='ocr_carea' id='block_1_109' title="bbox 2453 5354 4036 5426">
    <p class='ocr_par' dir='ltr' id='par_1_109' title="bbox 2453 5354 4036 5426">
     <span class='ocr_line' id='line_1_109' title="bbox 2453 5354 4036 5426; baseline 0.004 -20"><span class='ocrx_word' id='word_1_761' title='bbox 2453 5354 2619 5423; x_wconf 75' lang='grc' dir='ltr'>ϐῆσαι</span> <span class='ocrx_word' id='word_1_762' title='bbox 2672 5356 2797 5417; x_wconf 71' lang='grc' dir='ltr'>τοὺς</span> <span class='ocrx_word' id='word_1_763' title='bbox 2848 5355 3077 5426; x_wconf 71' lang='grc' dir='ltr'>ἐχθροὺς</span> <span class='ocrx_word' id='word_1_764' title='bbox 3122 5355 3279 5408; x_wconf 70' lang='grc' dir='ltr'>αὐτοὶ</span> <span class='ocrx_word' id='word_1_765' title='bbox 3321 5355 3421 5426; x_wconf 77' lang='grc' dir='ltr'><strong>μὲν</strong></span> <span class='ocrx_word' id='word_1_766' title='bbox 3470 5357 3847 5425; x_wconf 85' lang='grc' dir='ltr'>διολεσθῶσιν,</span> <span class='ocrx_word' id='word_1_767' title='bbox 3884 5363 3950 5415; x_wconf 78' lang='grc' dir='ltr'><strong>σὺ</strong></span> <span class='ocrx_word' id='word_1_768' title='bbox 3986 5362 4036 5414; x_wconf 73' lang='grc' dir='ltr'>δὲ</span> 
     </span>
    </p>
   </div>
   <div class='ocr_carea' id='block_1_110' title="bbox 2457 5447 2849 5519">
    <p class='ocr_par' dir='ltr' id='par_1_110' title="bbox 2457 5447 2849 5519">
     <span class='ocr_line' id='line_1_110' title="bbox 2457 5447 2849 5519; baseline 0.003 -20"><span class='ocrx_word' id='word_1_769' title='bbox 2457 5447 2812 5519; x_wconf 82' lang='grc' dir='ltr'>περισωθήσῃ</span> <span class='ocrx_word' id='word_1_770' title='bbox 2835 5466 2849 5512; x_wconf 91' lang='lat'><strong>;</strong></span> 
     </span>
    </p>
   </div>
   <div class='ocr_carea' id='block_1_111' title="bbox 2526 5618 4035 5705">
    <p class='ocr_par' dir='ltr' id='par_1_111' title="bbox 2526 5618 4035 5705">
     <span class='ocr_line' id='line_1_111' title="bbox 2526 5618 4035 5705; baseline 0.007 -32"><span class='ocrx_word' id='word_1_771' title='bbox 2526 5621 2591 5675; x_wconf 84' lang='grc' dir='ltr'>κ’.</span> <span class='ocrx_word' id='word_1_772' title='bbox 2621 5623 2866 5687; x_wconf 75' lang='grc' dir='ltr'>Ἔξεστιν</span> <span class='ocrx_word' id='word_1_773' title='bbox 2914 5618 3005 5677; x_wconf 73' lang='grc' dir='ltr'><strong>οὖν</strong></span> <span class='ocrx_word' id='word_1_774' title='bbox 3053 5626 3183 5695; x_wconf 80' lang='grc' dir='ltr'>ἡμῖν</span> <span class='ocrx_word' id='word_1_775' title='bbox 3250 5626 3387 5694; x_wconf 81' lang='grc' dir='ltr'><strong>μετά</strong></span> <span class='ocrx_word' id='word_1_776' title='bbox 3434 5626 3532 5695; x_wconf 79' lang='grc' dir='ltr'>τῆς</span> <span class='ocrx_word' id='word_1_777' title='bbox 3596 5626 3706 5681; x_wconf 83' lang='grc' dir='ltr'><strong>τῶν</strong></span> <span class='ocrx_word' id='word_1_778' title='bbox 3750 5630 4035 5705; x_wconf 72' lang='grc' dir='ltr'>ἡμετέρων</span> 
     </span>
    </p>
   </div>
   <div class='ocr_carea' id='block_1_112' title="bbox 2290 5715 2525 5770">
    <p class='ocr_par' dir='ltr' id='par_1_112' title="bbox 2290 5715 2525 5770">
     <span class='ocr_line' id='line_1_112' title="bbox 2290 5715 2525 5770; baseline 0 -1"><span class='ocrx_word' id='word_1_779' title='bbox 2290 5715 2525 5770; x_wconf 57' lang='grc' dir='ltr'><strong>λυῐιὶὲ,</strong></span> 
     </span>
    </p>
   </div>
   <div class='ocr_carea' id='block_1_113' title="bbox 853 5794 1851 5877">
    <p class='ocr_par' dir='ltr' id='par_1_113' title="bbox 853 5794 1851 5877">
     <span class='ocr_line' id='line_1_113' title="bbox 853 5794 1851 5877; baseline 0.017 -33"><span class='ocrx_word' id='word_1_780' title='bbox 853 5794 961 5849; x_wconf 60' lang='lat'><strong>:21}</strong></span> <span class='ocrx_word' id='word_1_781' title='bbox 992 5799 1305 5865; x_wconf 68' lang='grc' dir='ltr'>Ἀδιαιρέου.</span> <span class='ocrx_word' id='word_1_782' title='bbox 1340 5805 1546 5872; x_wconf 59' lang='lat' dir='ltr'><strong>buibe,</strong></span> <span class='ocrx_word' id='word_1_783' title='bbox 1576 5806 1851 5877; x_wconf 74' lang='grc' dir='ltr'>ἀκεραίου.</span> 
     </span>
    </p>
   </div>
  </div>
