4200 6440
193 399 312 464 913

1238 407 1574 470 TACTICA.
1609 432 1673 444 —
1715 407 2224 471 CUNSTITUTIO
2270 411 2459 473 XVII.

3370 421 3477 487 914

191 521 550 592 πραγμάτων
595 521 918 593 ἀσφαλείας,
953 523 1193 588 εἰοῦτως
1239 525 1397 596 τύχῃ,
1431 529 1629 596 πεῖραν
1658 527 1790 595 λαμ-

1907 527 2063 580 llrmo
2112 530 2232 582 loco
2267 529 2517 582 stabilire
2542 567 2556 591 ,
2611 536 2664 582 et
2695 529 2870 600 ill‘pii'e
2906 530 3212 587 molitionis
3247 531 3484 590 hostium

192 613 392 667 ϐάνειν
448 616 548 682 τῆς
575 614 688 667 τῶν
721 615 996 684 πολεμίων
1042 616 1302 678 ἀσεϐείας
1325 633 1338 646 ·
1372 616 1547 679 οὔτως
1591 619 1699 686 γὰρ
1728 618 1792 668 σὺ

196 709 309 774 μὲν
338 707 428 758 διὰ
471 707 570 776 τὴν
625 708 726 776 σὴν
790 708 1048 777 πρόνοιαν
1095 708 1249 761 οὐδὲν
1296 708 1466 760 κακὸν
1512 707 1714 778 πάθῃς,
1743 708 1794 759 oi

191 799 254 850 δὲ
312 799 564 852 κακῶσαι
609 799 996 869 βουλευθέντες
1027 801 1238 870 ἐχθροὶ,
1275 802 1639 870 ἀσεϐήσουσιν
1669 802 1792 870 μὲν,

191 890 278 952 ὼς
307 889 616 956 πράξαντές
643 908 719 954 τι,
752 893 799 942 εί
824 891 1187 960 ἐδυνήθησαν,
1219 893 1276 944 σὲ
1305 892 1396 944 τοῦ
1415 891 1550 944 Θεοῦ
1580 895 1668 946 διὰ
1695 893 1794 962 τὴν

192 981 390 1033 πίστιν
421 981 526 1033 τῶν
551 982 997 1051 ὁμολογηθέντων
1027 983 1381 1050 φυλάξαντος.

272 1071 385 1124 κα’.
419 1074 603 1125 Πάντα
636 1072 692 1124 δέ
721 1074 814 1125 τὸν
872 1073 1194 1143 βουλόμενόν
1220 1089 1273 1126 τι
1305 1075 1674 1142 ἀπαγγέλλειν
1711 1091 1792 1127 σοι

193 1164 301 1215 καὶ
320 1164 506 1218 δοῦλον
533 1165 630 1216 καὶ
659 1163 966 1232 ἐλεύθερον,
992 1165 1088 1216 καὶ
1112 1165 1172 1218 ὲν
1190 1166 1344 1218 νυκτὶ
1371 1165 1462 1217 καὶ
1497 1167 1555 1216 ἐν
1585 1165 1792 1234 ἡμέρᾳ,

192 1255 303 1307 καὶ
321 1258 379 1306 ἐν
400 1255 703 1326 ὁδοιπορίᾳ,
729 1258 823 1307 καὶ
849 1256 907 1307 ἐν
924 1255 1208 1327 ἀπλήκτῳ,
1260 1257 1353 1309 καὶ
1375 1255 1794 1325 ἀναπαυόμενον

192 1347 300 1399 καὶ
336 1338 636 1409 ύπνοῦντα,
666 1347 762 1399 καὶ
816 1347 912 1398 ἐπὶ
965 1345 1214 1418 λουτροῦ,
1273 1347 1369 1399 καὶ
1419 1347 1514 1400 ἐπὶ
1562 1347 1790 1416 τροφῆς,

191 1439 299 1491 καὶ
357 1439 556 1499 παντὸς
603 1439 790 1507 ἐτέρου
823 1437 1016 1507 καιροῦ
1060 1440 1154 1490 καὶ
1198 1438 1388 1502 τόπου,
1419 1437 1494 1506 μὴ
1525 1435 1794 1507 ἀποστρέ-

185 1529 332 1601 ψῃς,
369 1528 504 1581 ἀλλά
555 1528 866 1597 προσκαλοῦ
913 1530 1098 1582 αὐτόν.
1128 1530 1192 1581 Oi
1225 1528 1335 1598 γὰρ
1363 1528 1791 1599 ἀναϐαλλόμενοι

196 1623 307 1674 καὶ
338 1620 629 1689 ἀπρόσιτοι
655 1658 670 1683 ,
689 1622 781 1673 καὶ⁵
803 1624 914 1684 τοῖς
939 1621 1240 1690 ὑπηρέταις
1273 1620 1452 1672 αὐτῶν
1479 1619 1792 1685 κελεύοντες

188 1713 532 1766 ἀνακόπτειν
559 1715 686 1777 τοὺς
713 1713 858 1766 οὕτω
886 1713 1385 1783 προσερχομένους,
1431 1713 1646 1766 πολλῶν
1694 1715 1790 1767 καὶ

193 1804 460 1871 μεγάλων
486 1804 712 1866 είκότως
737 1804 1172 1874 διαμαρτάνουσι
1201 1806 1565 1874 πραγμάτων.
1601 1805 1789 1858 Ταῦτά

191 1911 282 1945 σοι
343 1896 438 1946 καὶ
492 1895 629 1963 μετὰ
660 1896 753 1947 τὸν
809 1895 1068 1963 πόλεμον,
1100 1896 1190 1948 καὶ
1219 1896 1336 1948 εῐτι
1367 1896 1577 1960 τούτοις
1607 1914 1790 1964 παρα-

189 1987 428 2056 πλήσιον
464 1989 816 2059 ἐπινοηθῆναι
886 1986 1148 2058 ἰσχύσεις,
1191 1989 1647 2060 παραφυλάττειν
1676 1989 1790 2041 δια-

188 2075 532 2129 ταττόαεθα.

687 2209 1000 2265 ΑιΑτΑΞιΣ
1051 2210 1130 2265 12'
1157 2211 1296 2282 (23).

599 2323 739 2390 Περί
772 2323 1006 2393 ἐφόδων
1042 2323 1380 2390 ἀδοκήτων.

267 2441 340 2489 a'.
392 2434 553 2502 Ἑξῆς
573 2435 630 2488 δὲ
660 2436 756 2489 καὶ
780 2437 882 2490 ὅσα
909 2452 992 2489 σοι
1029 2435 1148 2488 διον
1175 2437 1231 2491 ἐν
1254 2436 1432 2508 καιρῷ
1453 2439 1787 2508 προσήκοντι

188 2525 453 2592 γενέσθαι
502 2526 567 2578 δι’
615 2527 955 2578 ἐπελεύσεων
1016 2527 1297 2596 ἀδοκήτων
1352 2529 1494 2582 κατά
1547 2532 1646 2597 τῆς
1685 2529 1784 2596 γῆς

191 2615 309 2668 τῶν
345 2615 642 2684 πολεμίων,
675 2617 770 2669 καὶ
802 2617 950 2680 ὅπως
976 2618 1139 2680 αὐτὸς
1159 2618 1299 2670 κατά
1327 2622 1428 2688 τῆς
1445 2619 1786 2682 ἐπελεύσεως

191 2703 311 2755 τῶν
344 2705 618 2775 πολεμίων
649 2708 1112 2778 ἀντιμηχανεύσει
1145 2710 1202 2760 ἐν
1230 2711 1347 2771 τοῖς
1380 2709 1549 2775 ίδίοις,
1584 2711 1672 2762 ὅτε
1709 2711 1783 2779 μὴ

193 2795 395 2867 καιρὸς
444 2799 667 2869 εἰρήνης
721 2801 1012 2868 ἐπικρατεῖ
1045 2799 1334 2869 (πρόδηλος
1358 2800 1413 2852 δέ
1443 2802 1504 2853 ού
1530 2800 1783 2854 συνίστα-

189 2905 290 2941 ται
324 2887 613 2958 πόλεμος),
639 2889 728 2941 διὰ
759 2890 856 2960 τὴν
887 2891 981 2942 τοῦ
1004 2890 1166 2958 λόγου
1199 2891 1545 2962 συμμετρίαν
1577 2893 1634 2944 ἐν
1675 2891 1785 2942 ὀλί-

190 2994 318 3046 γοις
345 2978 725 3048 διεξέλθωμεν.

273 3067 343 3136 β’.
385 3067 635 3137 Ἀρχαῖός
667 3086 767 3121 που
801 3069 1047 3123 διδάσκει
1079 3070 1236 3140 λόγος
1277 3073 1446 3142 ἡμᾶς,
1470 3074 1637 3146 δνπερ
1691 3076 1784 3128 καὶ

1899 635 2096 674 secure
2135 622 2436 688 periculum
2469 621 2650 676 facere
2685 641 2698 675 :
2737 627 2809 675 ita
2847 625 2934 677 liet
2965 633 3023 677 ut
3046 625 3366 694 provisione
3395 636 3487 680 tua

1899 713 2023 764 mali
2058 712 2194 766 nihil
2223 715 2464 782 accipias
2492 758 2506 780 ,
2543 715 2874 782 hostesque,
2909 720 3000 784 qui
3049 718 3252 770 malum
3285 715 3488 772 inferre

1899 803 2140 866 student,
2179 804 2479 874 impietatis
2509 815 2804 860 teneantur
2831 847 2844 868 ,
2883 807 3042 874 quasi
3073 817 3124 861 te
3168 820 3488 876 expugnare

1897 907 2231 949 conarentur
2260 936 2274 958 ,
2326 896 2418 950 sed
2459 895 2600 952 Deus
2655 907 2880 967 propter
2921 898 3082 949 Iidem
3133 898 3484 952 induciarurn

1896 998 2191 1054 servatam,
2227 989 2450 1042 minime
2481 989 2531 1041 id
2570 990 2684 1044 ﬁeri
2721 991 3090 1060 permitteret.

1962 1079 2055 1134 2|.
2100 1079 2156 1132 Si
2192 1082 2339 1150 quis,
2371 1081 2488 1135 sive
2521 1096 2734 1145 servus,
2791 1083 2908 1137 sive
2963 1083 3126 1146 liber,
3179 1092 3340 1137 nocte
3387 1091 3483 1137 aut

1894 1171 2004 1230 die.
2031 1173 2085 1225 in
2115 1172 2309 1226 itinere
2345 1180 2440 1226 aut
2483 1172 2706 1233 castris,
2742 1173 2796 1224 in
2837 1175 3082 1241 requiete
3107 1181 3202 1226 aut
3243 1175 3480 1235 sorunio,

1896 1263 1948 1314 iu
1975 1260 2173 1314 balneo
2204 1269 2296 1314 aut
2334 1276 2545 1324 mensa,
2578 1271 2675 1314 aut
2709 1261 2821 1314 ullo
2853 1262 2960 1314 alio
3003 1270 3253 1330 tempore
3298 1271 3481 1315 tecum

1896 1341 2131 1404 \oluerit
2158 1351 2590 1414 communicare,
2625 1365 2691 1404 ne
2724 1350 3001 1404 averseris
3034 1350 3208 1412 illum,
3254 1349 3349 1404 sed
3384 1364 3480 1399 ac-

1894 1455 2050 1494 cerse
2077 1438 2144 1492 ad
2166 1449 2251 1503 te;
2281 1441 2372 1507 qui
2399 1442 2544 1492 enim
2575 1441 2828 1494 homines
2865 1438 3150 1506 rejiciunt,
3188 1445 3242 1490 et
3280 1437 3480 1490 dilliei-

1895 1533 1975 1588 les
2003 1546 2230 1586 accessu
2258 1538 2408 1593 sunt,
2448 1540 2504 1584 et
2528 1531 2871 1585 administris
2905 1531 3024 1586 suis
3062 1529 3388 1598 praecipiunt
3423 1537 3480 1580 ut

1892 1639 1989 1680 eos
2018 1626 2110 1692 qui
2144 1621 2409 1676 accedunt
2442 1621 2728 1691 repellant,
2769 1637 2798 1674 a
2831 1623 3042 1691 magnis
3073 1635 3220 1689 szepe
3253 1619 3480 1672 arduis-

1893 1728 1999 1781 que
2034 1713 2196 1766 rebus
2233 1711 2491 1781 gerendis
2536 1710 2758 1764 absunt.
2804 1709 2926 1763 llaec
2965 1710 3060 1761 tibi
3095 1719 3215 1776 post
3255 1708 3477 1772 bellum,

1896 1811 1948 1855 et
1975 1802 2020 1855 si
2046 1800 2178 1870 quid
2213 1800 2364 1855 aliud
2412 1801 2543 1855 utile
2570 1799 2935 1870 excogitabis,
2961 1796 3302 1854 observanda
3342 1812 3480 1866 pra:-

1895 1897 2151 1966 cipimus.

2341 2204 2813 2261 CONSTITUTIO
2851 2203 3018 2260 XVII.

2231 2324 2308 2379 De
2337 2324 2731 2378 incursionibus
2762 2341 2855 2378 nec
2881 2323 3134 2392 opinatis.

1964 2442 2014 2495 l.
2057 2439 2325 2510 Deinceps
2346 2441 2459 2509 jam
2489 2455 2611 2510 qua:
2646 2439 2745 2493 abs
2771 2447 2823 2492 te
2851 2435 3089 2507 gerenda
3127 2441 3297 2498 sunt,
3344 2433 3476 2488 dum

1890 2549 1989 2588 nec
2015 2534 2269 2602 opinatas
2297 2532 2648 2586 incursiones
2683 2530 2939 2584 hostilem
2971 2529 3024 2581 in
3056 2534 3261 2580 terram
3297 2524 3436 2578 lacis
3458 2562 3475 2585 ,

1886 2636 1940 2682 et
1991 2624 2456 2696 quemadmodum
2520 2623 2748 2676 hostiles
2792 2623 3032 2689 impetus
3078 2617 3359 2671 declinare
3418 2613 3475 2666 in

1887 2725 1980 2771 tua
2015 2718 2190 2786 ipsius
2222 2716 2446 2784 regione
2475 2714 2658 2783 possis
2682 2753 2696 2774 ,
2745 2712 2790 2765 si
2829 2709 3053 2780 quando
3093 2707 3222 2761 belli
3257 2715 3479 2773 tempus

1886 2809 2132 2863 subitum
2174 2821 2238 2860 ac
2275 2805 2633 2874 improvisum
2681 2802 2876 2864 fuerit,
2911 2797 3265 2870 paucissimis
3296 2811 3480 2866 quan-

1886 2911 2000 2955 tum
2028 2915 2126 2968 pro
2159 2899 2263 2953 hac
2290 2899 2523 2952 materia
2558 2896 2673 2950 ﬁeri
2705 2903 2911 2965 potest,
2939 2891 3252 2961 expediam.

1954 3074 2010 3127 2.
2053 3072 2293 3141 Antiqua
2328 3085 2430 3124 nos
2472 3069 2654 3123 oratio
2687 3068 2789 3120 hoc
2809 3065 2970 3119 docet
2994 3104 3010 3128 ,
3045 3076 3210 3132 quam
3252 3070 3305 3113 et
3343 3075 3476 3130 pru-

190 3160 246 3212 οἱ
283 3157 519 3227 μάλιστα
553 3159 912 3232 συνετώτεροι
967 3162 1078 3215 τῶν
1124 3163 1443 3234 στρατηγῶν
1468 3165 1563 3218 καὶ
1614 3165 1782 3218 πάλαι

1892 3164 2191 3220 dentissimi
2225 3162 2586 3231 imperatores
2619 3158 2750 3212 olim
2781 3163 3180 3218 servaverunt,
3222 3167 3476 3222 nuncque

189 3251 674 3321 παρεφυλάξαντο,
710 3254 802 3306 καὶ
837 3252 933 3306 νῦν
968 3253 1043 3317 ὡς
1071 3256 1276 3307 ἐπίπαν
1323 3256 1775 3326 παραφυλάττονο

1892 3259 2018 3312 adeo
2046 3256 2362 3325 quicunque
2394 3259 2637 3314 servant,
2662 3251 2717 3302 in
2750 3248 2915 3302 rebus
2952 3244 3206 3316 gerendis
3252 3243 3473 3305 ﬂorent,

187 3360 290 3405 τες
354 3343 700 3413 εὐδοκιμοῦσι
765 3347 858 3398 καὶ
920 3346 1294 3416 ἀριστεύουσι,
1362 3347 1425 3398 τὸ
1470 3347 1593 3416 δίχα
1645 3349 1784 3411 ίδίας

1892 3357 1939 3403 et
1963 3348 2206 3415 potiores
2238 3345 2464 3404 habent,
2493 3342 2615 3396 siue
2646 3350 2833 3392 nostra
2865 3336 3176 3391 ollensione
3201 3333 3476 3388 incursio-

193 3436 409 3507 βλάϐης
441 3439 538 3500 τὰς
573 3438 714 3490 κατά
735 3437 841 3490 τῶν
875 3437 1150 3507 πολεμίων
1180 3437 1402 3504 ἐφόδους
1427 3437 1546 3506 ήτοι
1571 3438 1786 3506 ἐπιδρο-

1892 3453 1984 3491 nes
2034 3445 2197 3505 atque
2230 3434 2566 3502 irruptiones
2618 3431 2670 3484 in
2718 3429 2972 3484 hostilem
3021 3435 3224 3481 terram
3264 3425 3477 3479 facien-

191 3530 308 3600 μὰς
355 3530 649 3582 ποιεῖσθαι.
683 3528 856 3582 Τοῦτο
917 3528 975 3581 δέ
1035 3528 1284 3592 γίνεσθαι
1331 3527 1556 3580 δυνατόν
1612 3531 1783 3594 ἐστιν,

1892 3528 2006 3583 das.
2048 3527 2182 3581 Nam
2219 3526 2486 3580 adversus
2509 3538 2666 3593 pares
2687 3535 2920 3575 numero
2947 3534 3012 3574 ac
3041 3517 3250 3572 viribus
3283 3515 3476 3584 copias

192 3621 298 3673 ἐὰν
375 3622 514 3690 μετά
592 3621 784 3688 σοφίας
843 3623 938 3674 καὶ
1001 3622 1460 3689 στρατηγήματος
1519 3620 1784 3689 φρονίμου

1892 3635 2134 3689 persaepe
2162 3619 2264 3672 hoc
2301 3617 2465 3679 valet,
2493 3623 2659 3683 atque
2691 3612 2856 3667 etiam
2894 3610 3187 3665 adversum
3227 3607 3468 3674 majores

189 3709 407 3778 ἁθρόως
441 3711 497 3761 αἱ
539 3709 679 3763 κατὰ
739 3709 849 3760 τῶν
881 3708 1092 3777 ἐχθρῶν
1135 3708 1400 3774 γίνωνται
1443 3706 1780 3770 ἐπελεύσεις.

1892 3727 2282 3781 nonnunquam
2310 3709 2516 3778 aliquid
2541 3706 2728 3760 elIicit.

192 3802 309 3856 Kal
337 3801 444 3870 γάρ
469 3801 564 3854 καὶ
612 3800 752 3871 πρὸς
781 3801 878 3862 τάς
912 3802 1243 3871 ίσομέτρους
1271 3800 1534 3871 δυνάμεις
1565 3801 1866 3869 ἐπωφελείς
1898 3805 2244 3874 εὑρίσκονται
2271 3805 2327 3857 αἱ
2381 3801 2625 3856 τοιαῦται
2684 3798 2966 3869 γινόμεναι
3021 3796 3115 3849 καὶ
3172 3795 3314 3865 πρὸς
3369 3792 3474 3858 τὰς

193 3896 335 3949 πολὺ
367 3894 505 3964 τάχα
537 3893 998 3964 ὑπερϐαλλούσας.

271 4010 343 4081 γ’.
379 4013 477 4065 Διά
507 4012 668 4063 τοῦτο
697 4010 789 4064 οὖν
829 4012 924 4064 καὶ
955 4010 1188 4064 πάντοτε
1228 4010 1392 4063 καλόν
1426 4010 1575 4062 ἐστιν
1608 4012 1781 4081 ἁρμο-

1951 4019 2004 4073 ‘5.
2048 4016 2343 4085 Propterea
2395 4027 2610 4081 semper
2645 4019 2810 4080 atque
2850 4008 3056 4077 ubique
3101 4006 3336 4060 idoneas
3376 4019 3476 4058 oc-

193 4105 318 4168 δίας
347 4103 650 4174 προφάσεις
692 4105 786 4155 καὶ
837 4104 1065 4172 καιροὺς
1100 4100 1502 4170 συμϐάλλεσθαι
1546 4101 1780 4170 δυναμέ-

1892 4110 2135 4164 casiones
2178 4104 2724 4174 opportunitatesque
2762 4109 3094 4168 temporum,
3136 4113 3258 4165 qua:
3297 4095 3458 4163 adju~

194 4215 323 4260 νους
354 4195 431 4265 τῷ
451 4195 739 4265 πράγματι
763 4194 1070 4264 ἐπιτηρεῖν,
1107 4195 1200 4246 καὶ
1232 4191 1782 4262 προκαταλαμϐάνειν

1892 4215 2010 4254 rare
2043 4214 2155 4251 rem
2191 4203 2432 4250 nostram
2488 4201 2738 4263 possunt,
2773 4205 2882 4243 non
2930 4188 3337 4258 praetermittas,
3371 4185 3470 4240 sed

193 4307 256 4342 σε
285 4290 410 4351 τοὺς
440 4288 690 4358 ἐχθροὺς,
717 4281 761 4340 ὦ
779 4286 1073 4356 στρατηγέ,
1099 4287 1227 4355 πρὶν
1252 4285 1284 4355 ἢ
1313 4285 1406 4337 καὶ
1431 4283 1642 4352 ἕτοιμοι
1680 4285 1775 4351 τῆς

1892 4293 2068 4344 hostes
2097 4289 2234 4343 tuos‘
2259 4286 2531 4354 anticipes
2568 4285 2887 4354 priusquam
2929 4279 3111 4347 parati
3153 4278 3222 4332 ad
3259 4292 3454 4332 occur-

194 4380 558 4452 ἀπαντήσεώς
618 4397 711 4433 σου
759 4380 1056 4448 γένωνται,
1103 4378 1196 4430 καὶ
1251 4377 1489 4445 μάλιστα
1535 4375 1779 4438 ἐκείνους

1892 4395 2006 4435 sum
2035 4379 2386 4449 promptique
2410 4392 2533 4431 esse
2558 4381 2812 4444 possunt,
2846 4373 2970 4427 illos
2994 4373 3048 4426 in
3077 4371 3294 4442 primis,
3325 4388 3470 4442 quos

193 4478 356 4537 ὅσους
389 4475 627 4544 νομίζεις
665 4473 759 4526 καὶ
787 4471 1040 4534 πλείονάς
1070 4487 1165 4523 σου
1193 4466 1334 4523 εἶναι
1389 4469 1484 4522 καὶ
1537 4468 1778 4522 δυνατω-

1892 4472 2171 4544 putaveris
2201 4478 2318 4524 tum
2347 4468 2556 4540 plures,
2600 4475 2714 4521 tum
2747 4465 3008 4520 fortiores
3040 4472 3093 4520 te
3119 4478 3262 4520 esse.

191 4568 409 4655 τέρους.
725 4653 732 4655 _
856 4654 863 4655 7
1051 4653 1060 4655 _
1168 4652 1181 4655 Α
1363 4652 1383 4655 ῃ
1753 4648 1766 4655 Α
1811 4599 1856 4655 D

264 4654 329 4710 δ’.
365 4657 456 4707 Δεῖ
473 4655 584 4726 γὰρ
607 4653 748 4707 κατὰ
775 4654 981 4708 τούτων
1009 4652 1413 4722 αἱφνιδιασμοῖς
1445 4649 1649 4720 μᾶλλον
1682 4648 1779 4702 καὶ

1955 4659 2010 4712 4.
2059 4653 2373 4725 lmprovisis
2400 4651 2547 4706 enim
2579 4647 3017 4710 incursionibus,
3060 4644 3202 4699 dolis
3233 4643 3472 4699 molitio-

194 4747 498 4816 σοφίσμασι
529 4747 621 4799 καὶ
656 4747 917 4808 ἀπάταις,
943 4745 1018 4807 ὡς
1067 4745 1304 4814 εἴρηται,
1339 4743 1479 4797 κατὰ
1518 4743 1578 4795 τὸ
1621 4741 1782 4794 δυνα⁶

1892 4749 2155 4818 nibusque
2183 4747 2272 4801 hic
2304 4743 2480 4812 magis
2509 4757 2649 4812 opus
2680 4747 2791 4802 est,
2821 4735 3289 4808 quemadmodum
3321 4751 3349 4788 a
3383 4751 3472 4789 me

192 4842 288 4894 τὸν
324 4838 589 4908 πρότερον
612 4837 905 4900 ποιεῖσθαι,
937 4835 1074 4888 ἀλλὰ
1101 4836 1175 4905 μὴ
1226 4835 1492 4905 δημοσίας
1525 4835 1779 4904 ἐγχειρή-

193 4949 331 4994 σεις,
381 4929 521 4982 ὥστε
579 4927 827 4981 ἐντεῦθεν
879 4928 958 4990 είς
1007 4926 1289 4988 κινδύνους
1332 4925 1776 4996 δυσανακλήτους

192 5024 293 5076 καὶ
314 5022 620 5089 ἀφεύκτους
649 5018 966 5088 ἐμπίπτειν.

267 5113 328 5167 ε’.
363 5111 470 5164 Kal
508 5111 615 5164 τῶν
661 5109 917 5163 τοιούτων
965 5107 1317 5178 σοφισμάτων
1362 5106 1638 5177 διαφόρων
1699 5105 1778 5158 6v-

192 5225 302 5259 των
319 5205 438 5258 δέον
467 5221 524 5257 σε
542 5203 747 5264 τούτοις
771 5203 876 5272 χρή
886 5202 1081 5254 σασθαι
1102 5200 1376 5273 ἁρμοδίως
1397 5200 1622 5262 καὶ’τοίς
1655 5216 1779 5251 και-

198 5301 336 5369 ροῖς,
374 5297 468 5349 καὶ
497 5297 608 5358 τοῖς
631 5295 836 5358 τόποις,
865 5295 958 5346 καὶ
991 5295 1103 5358 τοῖς
1149 5291 1485 5365 προσώποις,
1523 5291 1616 5343 καὶ
1663 5291 1777 5352 τοῖς

202 5390 546 5460 πράγμασιν.

270 5500 311 5546 ς
332 5523 344 5536 .
383 5481 492 5534 Kal
515 5480 644 5532 ποτὲ
675 5479 771 5550 μὲν
801 5479 1232 5548 ἁποκρισιαρὶων
1263 5477 1371 5529 τῶν
1402 5476 1614 5546 ἐχθρῶν
1639 5473 1774 5543 πρὸς

199 5571 259 5625 σὲ
286 5569 702 5625 ἀποσταλέντων
735 5567 917 5621 ἁπαλά
947 5583 1005 5619 τε
1043 5567 1136 5619 καὶ
1159 5565 1525 5619 κολακευτικά
1556 5563 1778 5633 ῥήματα

1885 4855 2051 4911 supra
2084 4839 2291 4894 dictum
2332 4849 2436 4896 est.
2475 4836 2656 4904 potius
2682 4848 2846 4902 quam
2881 4831 3086 4901 apertis
3116 4845 3180 4883 ac
3226 4827 3468 4882 manife-

1882 4934 1988 4987 stis
2025 4931 2250 5001 praeliis,
2303 4945 2333 4983 e
2365 4927 2570 4999 quibus
2614 4925 2667 4978 in
2725 4923 2972 4993 pericula
3019 4919 3350 4993 gravissima
3408 4935 3472 4974 ac

1883 5025 2226 5081 inevitabilia
2262 5019 2538 5091 delapsuri
2571 5025 2778 5074 essent.

1958 5119 2012 5172 5.
2063 5117 2197 5170 Cum
2241 5116 2291 5168 bi
2326 5114 2435 5168 doli
2467 5112 2672 5166 diversi
2707 5111 2961 5178 variique
2993 5109 3126 5169 sint,
3167 5107 3290 5160 istis
3349 5115 3471 5159 ute-

1895 5210 1974 5263 ris
2000 5209 2194 5262 idonee
2232 5221 2331 5276 pro
2384 5214 2728 5274 temporum,
2775 5203 3066 5264 locorum,
3111 5214 3471 5268 personarum

1893 5313 2185 5368 rerumque
2214 5297 2648 5368 opportunitate.

1960 5473 2009 5526 6.
2055 5471 2270 5541 Legatis
2303 5471 2540 5524 hostium
2576 5468 2642 5521 ad
2672 5475 2724 5522 te
2758 5467 2940 5521 missis
2969 5507 2984 5527 ,
3021 5465 3240 5518 mollem
3273 5463 3468 5516 huma-

1891 5577 2125 5630 namque
2157 5560 2571 5629 responsionem
2609 5559 2717 5612 illis
2753 5556 3041 5611 adhibebis
3072 5594 3086 5616 ,
3139 5563 3193 5608 et
3237 5552 3467 5620 benigne

1718 5652 1953 5708 NOTAE.

271 5758 385 5818 (25)
419 5758 474 5809 lu
516 5754 637 5807 Cliti.
675 5754 836 5806 Laur.
898 5764 979 5803 est
1034 5770 1154 5820 cup.
1197 5752 1254 5806 l‘.)
1306 5751 1394 5803 ubi
1459 5749 1782 5805 inscribitur
1822 5762 1830 5790 ῖ
1869 5749 2093 5810 Λέονῖΰί

200 5828 375 5895 μαίων
401 5827 526 5897 περὶ
547 5828 752 5894 cpidum
772 5825 1065 5894 αόοκήτων.

2147 5749 2201 5799 ἐν
2255 5747 2474 5816 Χριστῴ
2522 5745 2732 5814 βασιλεῖ
2771 5740 2973 5808 αἰωνίῳ
3029 5738 3291 5809 βασιλέως
3337 5738 3467 5789 Ῥω⁹
