4200 6440
752 432 858 494 915

2028 424 2303 487 LEONIS
2330 418 2786 483 PHILOSOPHI

3917 399 4017 462 9l6

748 560 915 617 atque
948 543 1261 599 humaniter
1287 541 1556 606 dimittes,
1593 538 1999 608 confestimque
2030 540 2156 592 illos
2190 553 2324 592 con-

2437 537 2823 607 ἁντιδηλὼσας,
2852 532 2945 587 καλ⁸
2999 529 3138 601 μετά
3170 527 3336 597 τιμῆς
3386 525 3512 586 τοὺς
3563 520 4016 588 ἀποκρισιαρίους

748 640 1019 709 sequeris,
1054 648 1108 690 et
1140 635 1401 707 opinione
1430 636 1594 689 citius
1635 634 1824 687 hostes
1856 632 2149 687 adet-ieris.

821 815 871 866 7.
911 811 1147 880 Legatos
1174 820 1297 865 tuus
1325 809 1388 862 ad
1410 810 1597 864 hostes
1619 808 1966 863 mollioribus
1994 823 2118 862 cum
2149 807 2331 863 verbis

746 908 993 971 mittens,
1029 904 1407 959 incursionem
1452 901 1641 957 subito
1673 899 1868 954 facies.

816 1082 869 1137 8.
910 1080 1188 1135 Interdum
1226 1080 1391 1134 etiam
1420 1080 1660 1133 hostium
1690 1086 1869 1133 castra
1899 1116 1916 1141 ,
1948 1076 2067 1132 sive
2098 1076 2152 1130 in
2198 1084 2289 1129 tua
2310 1115 2326 1139 ,

745 1170 859 1224 sive
910 1171 965 1223 in
1013 1170 1198 1224 hostili
1254 1179 1400 1223 terra
1449 1169 1627 1224 coacti
1672 1168 1895 1234 fuerint,
1944 1168 2330 1222 considerabis

745 1261 1065 1331 diligenter,
1095 1260 1560 1331 quemadmodum
1604 1270 1899 1329 ponantur.
1945 1258 2102 1324 Quod
2140 1258 2185 1313 si
2220 1258 2328 1310 ulla

748 1350 971 1404 occasio
1025 1350 1256 1404 inveniri
1309 1358 1510 1419 potest,
1561 1359 1725 1404 noctu
1770 1351 1896 1403 luna
1943 1351 2160 1403 lucente
2190 1349 2329 1405 duas

754 1449 982 1495 auttrcs
1011 1441 1177 1496 horas
1222 1450 1347 1495 ante
1395 1442 1534 1495 diem
1566 1442 1619 1494 in
1652 1442 1838 1495 hostes
1866 1456 1989 1494 cum
2027 1441 2330 1508 sagittariis

745 1528 903 1582 bonis
945 1543 1010 1583 ae
1060 1530 1249 1582 multis
1304 1528 1577 1582 invadas:
1632 1528 1824 1582 horum
1865 1528 2011 1583 enim
2058 1529 2330 1582 maximus

748 1637 885 1676 usus
914 1630 1001 1677 est
1033 1622 1119 1676 his
1151 1622 1515 1691 temporibus.

813 1799 869 1854 9.
908 1798 1014 1855 Ubi
1059 1802 1389 1871 cognoveris
1417 1802 1470 1855 in
1503 1802 1699 1855 itinere
1719 1800 1984 1856 confusos
2020 1800 2328 1870 dispersos-

2438 631 2548 683 τῶν
2588 629 2800 699 ἐχθρῶν
2828 625 3128 687 ἀπολύσας,
3165 622 3365 683 εὐθέως
3407 614 3872 684 ἐπακολουθήσεις
3922 613 4015 664 αύ-

2437 724 2568 785 τοῖς,
2612 724 2705 772 καὶ
2736 719 3017 788 ἀδοκήτως
3042 714 3296 784 ὲπέλθῃς.

2509 810 2575 875 ζ’.
2607 810 2745 865 Ποτὲ
2794 811 2850 865 δὲ
2890 810 3051 871 ίδίους
3088 806 3346 875 πρέσϐεις
3384 801 3502 870 ἦτοι
3565 796 4016 866 ἀποκρισιαρίους

2433 903 2757 965 ἀποστείλας
2791 901 2931 971 μετά
2971 899 3234 972 ῥημάτων
3289 893 3718 961 ταπεινοτέρων,
3767 890 3870 960 τὴν
3933 888 4017 940 ἐπ-

2437 997 2648 1048 έλευσιν
2685 994 2841 1061 ἀφνω
2868 994 3135 1063 ποιήσεις.

2510 1086 2579 1158 η’.
2604 1085 2735 1138 Ποτὲ
2759 1086 2816 1139 δὲ
2846 1085 2942 1138 καὶ
2963 1086 3020 1137 ἐν
3038 1083 3222 1145 αὐτοῖς
3237 1080 3350 1142 τοῖς
3365 1078 3475 1130 τῶν
3485 1076 3697 1147 ἐχθρῶν
3713 1074 4016 1135 ἀπλίκτοις·

2434 1178 2543 1229 εἴτε
2565 1179 2621 1229 ἐν
2641 1177 2706 1245 τῇ
2735 1174 2841 1242 ίδίᾳ
2879 1172 2973 1226 σού
2999 1175 3138 1226 εἰσιν
3172 1173 3267 1240 γῇ,
3303 1170 3411 1221 εἴτε
3446 1167 3505 1218 ἐν
3535 1169 3603 1237 τῇ
3635 1164 3877 1234 πολεμίᾳ
3902 1179 4020 1215 συν-

2432 1265 2683 1336 ηγμένοι,
2749 1262 3296 1333 πολυπραγμονήσῃς
3350 1259 3410 1311 τὸ
3468 1257 3586 1319 πῶς
3636 1255 4016 1308 ἀπλικεύουσι.

2434 1359 2542 1411 Καὶ
2572 1357 2667 1410 ἐάν
2697 1356 3019 1428 εὑρίσκηται
3063 1355 3334 1424 πρόφασις
3366 1353 3425 1403 ἐν
3457 1349 3615 1403 νυκτὶ
3651 1348 3752 1417 τῆς
3786 1348 4019 1417 σελήνης

2431 1449 2754 1518 λαμπούσης
2791 1446 2898 1517 πρὸ
2927 1446 3022 1501 δύο
3074 1446 3108 1516 ἦ
3145 1445 3313 1514 τριῶν
3346 1442 3507 1514 ῶρῶν
3526 1440 3625 1509 τῆς
3649 1439 3867 1508 ἡμέρας
3926 1438 4021 1505 τὴν

2432 1523 2577 1593 κατᾶ
2596 1540 2705 1593 τῶν
2733 1538 2946 1611 ἐχθρῶν
2971 1536 3285 1606 ἐγχείρησιν
3321 1536 3594 1602 ποιήσεις,
3624 1530 3855 1594 τοξότας
3887 1546 4017 1597 χρη-

2432 1631 2629 1697 σίμους
2682 1631 2919 1700 μάλιστα
2968 1628 3149 1698 ἔχων·
3205 1622 3476 1678 τοιούτων
3529 1624 3640 1694 γὰρ
3675 1622 3840 1692 χρεία
3873 1619 4017 1672 ἐστὶν

2430 1720 2488 1771 ὲν
2513 1722 2624 1781 τοῖς
2656 1719 2921 1781 τοιούτοις
2972 1717 3202 1787 καιροῖς.

2502 1807 2567 1863 θ’.
2589 1809 2725 1863 Ποτέ
2740 1810 2796 1863 δὲ
2818 1807 3007 1879 μαθὼν
3032 1809 3090 1860 ἐν
3112 1808 3234 1869 ταῖς
3259 1805 3505 1876 πορείαις
3528 1802 3907 1864 ἀσυντάκτους
3932 1802 4022 1854 καὶ

744 1906 852 1958 que
881 1892 1070 1947 hostes
1102 1894 1387 1948 ambulare
1418 1894 1471 1947 in
1509 1893 1686 1947 medio
1728 1893 1849 1956 viae,
1884 1890 2113 1949 invades
2144 1892 2200 1946 in
2229 1907 2327 1946 eos

2437 1901 2899 1974 ἐσκορπισμένους
2924 1901 3249 1971 περιπατεῖν
3274 1898 3400 1962 τοὺς
3422 1895 3678 1967 ἐχθροὺς,
3695 1896 3755 1947 ἐν
3777 1893 3859 1964 τῷ
3876 1894 4022 1963 μέσῳ

747 1981 947 2051 Ia-desq
958 1999 1044 2038 ue.

815 2073 902 2126 £0.
940 2073 1217 2126 Interdum
1244 2074 1638 2129 discessionem
1666 2075 1934 2129 simulans
1970 2088 2034 2128 ex
2068 2075 2138 2129 iis
2168 2073 2327 2138 locis,

745 2168 798 2220 in
835 2167 1038 2236 quibus
1069 2168 1416 2235 versabaris,
1450 2169 1637 2221 subito
1665 2182 1969 2223 conversus
2018 2168 2074 2221 in
2132 2168 2322 2224 hostes

742 2259 1110 2328 irruptionem
1149 2258 1341 2313 facies.

814 2342 906 2405 ll.
941 2349 1220 2405 Interdum
1254 2351 1308 2403 in
1354 2350 1493 2403 locis
1531 2348 1861 2418 quibusdam
1909 2349 2200 2404 occultans
2254 2359 2334 2404 te-

750 2446 934 2512 ipsum
990 2457 1115 2498 cum
1169 2442 1405 2496 militum
1465 2440 1862 2507 multitudine,
1912 2442 2097 2497 subito
2155 2441 2338 2496 hostes

744 2535 991 2589 invades.

815 2648 903 2701 1‘2.
954 2645 1187 2722 Quidam
1241 2655 1487 2699 armenta
1536 2645 1702 2699 boum
1738 2652 1902 2715 atque
1947 2645 2178 2699 aliormn
2220 2645 2341 2697 ani-

744 2736 1013 2789 mantium
1083 2744 1461 2804 exponentes,
1509 2743 1674 2804 atque
1752 2735 1939 2789 hostes
2004 2734 2070 2788 ad
2147 2734 2339 2787 horum

744 2824 1106 2893 direptionem
1148 2823 1478 2889 invitantes,
1507 2825 1598 2877 ubi
1626 2824 1861 2879 viderint
1892 2825 1957 2878 ad
1984 2831 2230 2879 armenta
2263 2823 2345 2877 di-

746 2915 994 2985 ripienda
1048 2916 1351 2987 dissipatos
1422 2931 1587 2982 esse,
1640 2917 1824 2972 statim
1886 2918 1940 2971 in
2005 2918 2128 2972 illos
2188 2918 2344 2971 iuva.

743 3004 901 3059 dunt.

821 3118 911 3172 l5.
948 3116 1086 3187 Apte
1115 3116 1252 3171 fiunt
1284 3118 1653 3183 incursiones,
1682 3120 1905 3190 quando
1962 3122 2015 3175 in
2057 3123 2346 3178 intervallo

752 3208 999 3264 hostium
1025 3209 1225 3265 ﬂuvius
1253 3210 1319 3264 ad
1350 3210 1749 3265 transeundum
1775 3213 2161 3268 incommodus
2184 3215 2341 3269 inve-

751 3298 921 3353 nitur.
968 3298 1083 3353 Hoc
1108 3302 1290 3355 solent
1324 3300 1544 3369 equites
1593 3301 1945 3369 potissimum
1981 3304 2166 3360 facere
2198 3322 2212 3361 :
2261 3306 2335 3361 ibi

745 3389 894 3443 enim
951 3400 1172 3461 pontem
1220 3393 1523 3446 conﬁciunt
1571 3394 1655 3449 vel
1703 3409 1769 3448 ex
1810 3396 2059 3451 trabibus
2096 3398 2335 3466 magnis,

746 3482 1213 3548 quemadmodum
1252 3497 1373 3536 mos
1419 3491 1507 3536 est
1558 3482 1762 3538 multos
1808 3492 2004 3553 pontes
2050 3483 2165 3539 fieri
2202 3502 2216 3539 :
2258 3480 2336 3539 vel

748 3562 936 3641 parvis
973 3572 1302 3640 quibusdam
1338 3573 1593 3643 navigiis,
1626 3575 1678 3629 id
1706 3583 1792 3628 est
1841 3577 2093 3639 ratibus;
2126 3584 2338 3633 turres-

748 3676 857 3730 que
894 3661 1102 3731 ligneas
1142 3663 1223 3716 vel
1254 3664 1537 3716 aridorum
1572 3664 1814 3734 lapidum
1842 3701 1859 3727 ,
1898 3667 1982 3720 vel
2024 3682 2087 3723 ex
2141 3681 2337 3737 aggere

747 3750 988 3822 quodam
1046 3752 1112 3806 ad
1174 3763 1451 3808 extremas
1506 3770 1634 3809 oras
1693 3756 1878 3824 pontis
1934 3756 2224 3820 excitant,
2277 3765 2337 3811 ut

750 3839 972 3909 quando
1033 3856 1165 3897 usus
1209 3840 1358 3908 fert,
1417 3858 1512 3913 per
1565 3859 1689 3897 eum
1752 3860 1949 3900 secure
2009 3854 2331 3912 transeant,

750 3947 1083 4001 rursumque
1113 3933 1401 3987 discedant
1425 3934 1646 4003 quando
1689 3936 1904 4000 volunt,
1938 3944 1997 3990 ut
2028 3953 2128 4008 pro
2158 3939 2332 4009 impe-

752 4023 951 4076 ratOi-is
986 4023 1256 4077 arbitratu
1293 4034 1613 4093 permaneat
1650 4041 1786 4095 pons
1830 4029 2076 4096 quandiu
2104 4030 2197 4084 ille
2238 4046 2334 4084 vo-

754 4113 934 4175 luerit.
971 4123 1026 4169 et
1056 4116 1315 4184 confligat
1344 4131 1469 4170 cum
1516 4118 1803 4187 hostibus,
1839 4122 1921 4176 vel
1957 4120 2206 4178 discedat
2237 4123 2336 4179 ite-

754 4218 875 4257 rum
901 4219 1120 4270 secure,
1150 4215 1317 4276 ponte
1341 4206 1455 4275 jam
1487 4208 1783 4264 dissoluto.

838 4483 923 4538 ll.
965 4481 1071 4539 Sed
1105 4484 1158 4538 in
1185 4485 1251 4541 iis
1278 4485 1660 4542 invasionibus
1708 4487 2244 4561 incursionibusque
2276 4491 2331 4547 in

756 4574 1012 4628 hostilem
1047 4580 1284 4640 terram,
1331 4591 1509 4645 neque
1557 4576 1919 4633 incendenda:
1952 4596 2132 4650 neque
2161 4596 2335 4651 popu-

754 4664 932 4719 landas
963 4681 1041 4720 ea:
1066 4674 1244 4735 partes
1268 4677 1417 4731 sunt,
1439 4684 1534 4737 per
1562 4685 1703 4737 quas
1725 4669 1921 4725 iterum
1951 4672 2229 4731 rediturus
2250 4691 2332 4741 es,

753 4765 812 4807 ut
847 4770 914 4808 ne
954 4765 1009 4809 te
1042 4755 1220 4824 ipsum
1249 4756 1353 4812 hoc
1378 4766 1543 4828 pacto
1571 4758 1801 4829 aﬂligas.

819 4866 909 4920 15.
950 4868 1284 4936 Hujusmodi
1332 4871 1501 4925 etiam
1553 4880 1751 4943 pontes
1816 4872 1950 4930 ﬁant
2010 4876 2067 4931 in
2123 4878 2342 4948 publico

753 4959 965 5026 praelia.
995 4969 1048 5013 et
1071 4970 1252 5015 castra
1286 4971 1509 5032 propter
1537 4965 1675 5020 tales
1718 4964 1917 5021 ﬂuvios
1949 4980 2251 5038 ponantur,
2289 4973 2337 5027 si

754 5049 898 5103 altus
933 5060 987 5104 et
1012 5052 1238 5107 minime
1278 5054 1629 5123 permeabilis
1660 5055 1767 5110 ulla
1795 5072 1863 5111 ex
1890 5068 2048 5127 parte
2089 5061 2336 5115 invenia-

755 5150 867 5204 tur,
902 5152 962 5197 ut
997 5142 1316 5214 hujusmodi
1343 5146 1495 5200 fluvii
1538 5147 1714 5213 ripam
1753 5149 1958 5205 habeas
1998 5166 2066 5206 ex
2104 5153 2339 5209 adverso

756 5234 1018 5298 hostium,
1045 5247 1103 5291 ut
1127 5238 1245 5293 sine
1275 5238 1383 5293 ullo
1405 5240 1797 5309 impedimento
1816 5249 1871 5296 et
1887 5241 2192 5301 oﬂ'ensione
2218 5247 2338 5317 ipso

755 5327 845 5382 die
899 5328 1065 5397 praelii
1101 5330 1272 5381 aciem
1304 5329 1511 5385 educas
1540 5352 1555 5386 :
1588 5334 1726 5400 fuga:
1764 5344 1947 5389 autem
2006 5344 2247 5407 tempore
2282 5341 2334 5394 iu

756 5419 957 5474 castris
984 5430 1244 5474 maneant
1290 5424 1469 5478 securi
1502 5440 1567 5479 ac
1598 5426 1666 5480 ab
1712 5427 1861 5481 omni
1894 5437 2109 5485 terrore
2152 5432 2332 5497 liberi,

758 5526 937 5580 neque
971 5521 1241 5582 cogantur
1267 5514 1519 5573 hostibus
1560 5517 1673 5587 jam
1716 5520 2137 5579 imminentibus
2171 5524 2327 5579 inviti

2434 1993 2533 2064 τῆς
2562 1991 2682 2045 ὀδοῦ
2706 1990 2946 2061 ἐπέλθῃς
2968 1992 3065 2043 καὶ
3098 1989 3330 2061 βλάψεις.

2509 2088 2561 2135 ι’.
2582 2082 2718 2135 ῐιοτέ
2748 2082 2805 2134 δὲ
2839 2080 3320 2152 σχηματισάμενος
3345 2077 3699 2147 ἀναχώρησιν
3726 2076 3788 2140 ἐξ
3837 2070 3914 2130 ῶν
3940 2075 4018 2128 δι-

2434 2174 2567 2242 ῆγες
2594 2174 2778 2226 τόπων
2806 2173 2961 2242 ἀφνω
2984 2171 3406 2243 ἐπαναπρέψας
3441 2172 3553 2232 τοῖς
3582 2170 3799 2240 ἐχθροῖς
3830 2171 4022 2222 tmte-

2438 2268 2547 2327 σείς
2569 2266 2707 2335 ('26).

2510 2354 2601 2410 ια’.
2662 2357 2886 2409 Ἀλλοτε
2934 2356 2991 2409 δὲ
3051 2356 3109 2409 ἐν
3154 2356 3339 2419 τόποις
3391 2355 3503 2408 τισὶ
3556 2352 3773 2423 κρύψας
3834 2352 4023 2406 ἑαυτὸν

2444 2449 2580 2516 μετά
2607 2448 2739 2501 λαοῦ
2790 2449 3163 2519 στρατιωτῶν,
3182 2448 3336 2518 άφνω
3390 2448 3491 2517 τήν
3538 2446 3683 2500 κατά
3725 2445 3838 2498 τῶν
3870 2449 4021 2499 sm.

2440 2541 2572 2594 τίων
2589 2542 2872 2595 ἐπέλευσιν
2896 2540 3129 2612 ἐργάσῃ.

2518 2654 2605 2722 ιβ’.
2645 2655 2754 2707 Καί
2810 2671 2954 2718 τινες
2992 2654 3051 2707 δὲ
3097 2653 3530 2724 προϐαλλόμενοι
3587 2653 3792 2719 ἀγέλας
3850 2652 4023 2716 ζώων,

2445 2747 2538 2800 καὶ
2570 2745 2818 2799 ἐντεῦθεν
2846 2748 2974 2810 τοὺς
3027 2746 3257 2817 ἐχθροὺς
3283 2748 3362 2810 είς
3414 2746 3512 2817 τὴν
3551 2746 3761 2799 τούτων
3791 2747 4025 2815 διαρπαο

2445 2838 2548 2908 γὴν
2598 2838 3061 2910 προτρεψάμενοι,
3090 2838 3168 2902 ὡς
3198 2833 3341 2891 εἶδον
3374 2838 3574 2902 αὐτοὺς
3618 2839 3875 2901 ἀτάκτως
3908 2838 4028 2892 κατ’

2448 2929 2626 2983 αὐτῶν
2656 2928 2769 3000 (27)
2794 2929 3319 2994 διασκεδασθέντας,
3345 2929 3603 2983 ἐπέθεντο
3640 2931 3852 2993 αὐτοῖς.

2524 3126 2612 3196 ιγ’.
2653 3128 2897 3183 Γίνονται
2929 3130 2987 3184 δὲ
3017 3132 3109 3184 καὶ
3143 3131 3411 3200 φανερῶς
3447 3131 3649 3199 ἔφοδοι,
3678 3131 3811 3184 ὅταν
3845 3132 3903 3182 ἐν
3954 3138 4028 3200 τῳ

2455 3219 2656 3285 μεταξῦ
2709 3220 3041 3291 διαστήματι
3098 3221 3207 3276 τῶν
3257 3222 3469 3292 ἐχθρῶν
3522 3223 3772 3292 ποταμὸς
3824 3224 4021 3292 εὑρεθῇ

2444 3307 2729 3374 δύσϐατος.
2763 3313 2875 3365 Καὶ
2922 3313 3157 3382 μάλιστα
3202 3314 3365 3367 τοῦτο
3391 3314 3635 3369 ποιοῦσιν
3668 3315 3720 3368 οἱ
3755 3315 4029 3369 meum-

2449 3417 2554 3469 ριοι
2575 3416 2590 3431 ο
2622 3402 2859 3455 ἐνταῦθα
2886 3402 2993 3472 γὰρ
3024 3406 3443 3475 συμπηγνύουσι
3468 3407 3736 3477 γέφυραν,
3755 3409 3789 3476 ἦ
3825 3409 3915 3463 διά
3941 3410 4029 3475 ξύ.

2446 3490 2554 3544 λων
2609 3492 2861 3561 μεγάλων
2888 3532 2904 3558 ,
2937 3493 3013 3557 ὥς
3050 3496 3199 3550 ἐστιν
3235 3496 3354 3560 ἐθος
3382 3499 3483 3561 τάς
3537 3498 3739 3561 πολλὰς
3782 3500 4028 3568 γεφύρας

2445 3579 2711 3648 γίνεσθαι,
2744 3584 2776 3650 ἢ
2829 3583 2919 3637 διὰ
2961 3584 3175 3655 μικρῶν
3226 3588 3547 3658 πλοιαρίων,
3574 3587 3685 3642 τῶν
3717 3588 4029 3659 λεγομένων

2448 3672 2769 3741 μονοξύλων.
2799 3675 3052 3746 Πύργους
3093 3695 3153 3731 τε
3186 3676 3433 3743 ξυλίνους
3479 3679 3513 3751 ἢ
3581 3680 3691 3734 ἀπὸ
3735 3682 4028 3753 οἰκοδομῆς

2444 3763 2510 3816 ἐκ
2550 3764 2715 3818 λίθων
2743 3766 2944 3839 ξηρῶν,
2977 3768 3010 3839 ἢ
3050 3768 3307 3841 χώματος
3336 3771 3675 3841 ἑκατέρωθεν
3705 3773 3819 3827 τῶν
3845 3775 4027 3845 ἄκρων

2441 3852 2543 3921 τῆς
2596 3855 2843 3926 γεφύρας
2879 3860 3226 3929 ἐγείρουσιν·
3271 3861 3363 3915 ἵνα
3390 3863 3520 3916 ὅταν
3566 3864 3750 3933 χρεία,
3817 3865 3889 3918 δι’
3928 3867 4023 3918 αύ-

2441 3944 2543 4014 τῆς
2572 3948 2829 4016 ἀσφαλῶς
2852 3950 2952 4022 τὴν
2980 3951 3234 4006 διάϐασιν
3255 3956 3547 4024 ποιήσωσι,
3573 3955 3668 4008 καὶ
3698 3956 3868 4010 πάλιν
3896 3958 4024 4010 ἀνσ-

2442 4035 2767 4105 χωρήσωσιν
2805 4038 2895 4091 ὅτε
2930 4038 3210 4107 βούλονται
3235 4056 3255 4076 ο
3293 4040 3435 4095 ὥστε
3470 4044 3529 4095 ἐν
3576 4046 3641 4114 τῇ
3678 4043 3774 4096 τοῦ
3833 4060 4021 4112 στρατ-

2443 4127 2580 4196 ηγοῦ
2594 4129 2914 4184 ἀποκεῖσθαι
2936 4131 3151 4205 γνώμη,
3173 4134 3206 4205 ἦ
3236 4137 3567 4205 προσμένειν
3592 4137 3717 4190 ὅσον
3746 4137 4027 4207 ἐμϐαστά-

2444 4216 2525 4280 ζει
2575 4219 2724 4292 αύτῷ
2756 4224 2964 4293 χρόνον,
3000 4224 3397 4297 ῆσυμϐάλλειν
3444 4232 3559 4291 τοῖς
3596 4228 3815 4299 ἐχθροῖς
3858 4231 4030 4297 ἀσφα-

2442 4306 2569 4372 λῶς,
2601 4310 2634 4381 ἦ
2662 4312 2966 4384 ἀναχωρεῖν
3004 4315 3257 4382 ἀϐλαϐῶς
3286 4320 3387 4390 τῆς
3419 4319 3666 4390 γεφύρας
3692 4322 3831 4391 παρ’
3863 4320 4026 4374 αὑτοῦ

2442 4398 2874 4471 καταλυομένης.

2512 4506 2592 4562 ιδ’.
2633 4509 2794 4565 Ἀλλά
2820 4514 2878 4566 ἐν
2905 4517 3026 4579 ταῖς
3055 4517 3337 4580 τοιαύταις
3367 4519 3724 4590 ἑγχειρήσεσι
3770 4523 3875 4576 καὶ
3916 4526 4031 4584 ταῖς

2369 4618 2412 4674 D
2441 4599 2663 4663 εἰσόδοις
2702 4604 2843 4658 κατά
2895 4607 2994 4677 τῆς
3063 4608 3171 4661 τῶν
3218 4610 3432 4681 ἐχθρῶν
3483 4610 3690 4681 χώρας,
3726 4612 3791 4665 ού
3848 4614 3932 4667 δεῖ
3962 4631 4030 4683 ,σε

2439 4687 2847 4775 καὶ-ἀφανίζειν
2898 4694 3002 4758 τὰς
3061 4695 3309 4763 δαπάνας
3361 4700 3588 4753 ἐκείνων
3639 4700 3748 4754 τῶν
3817 4705 4032 4775 χωρίων

2438 4780 2503 4831 δι’
2530 4773 2605 4833 ὧν
2630 4782 2843 4852 μέλλεις
2868 4786 3254 4859 ὑποστρέφειν,
3297 4789 3386 4844 ἴνα
3415 4791 3490 4862 μὴ
3508 4793 3701 4846 ἐαυτὸν
3729 4773 4029 4868 στενὼνσῃς.

2512 4889 2590 4945 ιε’.
2652 4893 2765 4958 Τάς
2813 4895 2872 4949 δὲ
2924 4896 3185 4963 τοιαύτας
3241 4900 3488 4972 γεφύρας
3546 4903 3800 4972 γίνεσθαι
3858 4908 4027 4975 ἀναγο

2440 4985 2595 5035 καῖον
2622 4986 2829 5054 νομίζω
2857 4989 2953 5042 καὶ
2981 4993 3041 5043 ἐν
3085 4991 3264 5063 καιρῷ
3295 4993 3564 5064 δημοσίας
3594 4996 3801 5068 μάχης,
3828 5000 3928 5052 καὶ
3962 4999 4027 5051 τὰ

2439 5072 2680 5129 ἀπλικτα
2718 5080 2777 5130 ἐν
2829 5082 2940 5142 τοῖς
2987 5081 3249 5147 τοιούτοις
3290 5088 3556 5156 ποταμοῖς
3608 5087 3889 5156 γίνεσθαι,
3937 5091 4027 5144 ἐάν

2438 5164 2545 5233 ἀρα
2574 5165 2838 5233 δύσϐατος
2863 5171 3060 5244 εὑρεθῇ
3084 5174 3144 5226 ἐν
3175 5175 3273 5246 οἴῳ
3324 5176 3529 5247 δήποτε
3565 5178 3745 5249 μέρει*
3796 5182 3888 5235 ἵνα
3933 5182 4026 5252 τήν

2438 5254 2533 5307 τοῦ
2565 5259 2810 5312 τοιούτου
2851 5264 3096 5333 ποταμοῦ
3135 5265 3303 5337 ὄχθην
3325 5268 3711 5341 κατεξαίρετον
3760 5274 3911 5327 κατά
3938 5272 4025 5327 τοῦ

2442 5348 2641 5417 μέρους
2669 5349 2778 5405 τῶν
2814 5352 3025 5424 ἐχθρῶν
3069 5358 3399 5430 καταλίπῃς,
3427 5360 3569 5413 ὥστε
3617 5362 4027 5431 ἀνεμποδίστως

2439 5439 2537 5489 καὶ
2578 5443 3035 5515 ἀστενοχωρήτως
3090 5450 3148 5501 ἐν
3205 5452 3273 5520 τῇ
3320 5452 3503 5522 ἡμέρᾳ
3548 5452 3647 5522 τῆς
3698 5454 3891 5524 μάχης
3940 5455 4023 5506 τδν

2441 5536 2671 5601 στρατῆν
2702 5535 3015 5605 ἐξάγεσθαι.
3051 5536 3183 5595 Εἶτα
3213 5542 3307 5595 καὶ
3328 5543 3385 5595 ἐν
3418 5542 3596 5614 καιρῷ
3629 5544 3851 5615 τροπῆς
3871 5547 3930 5599 ἐν
3953 5543 4023 5613 τῷ

2292 5641 2522 5698 ΝΟΤᾸΕ.

973 5723 1027 5815 l'u
1073 5725 1204 5810 end.
1237 5727 1527 5815 l._:tur..cst.
1568 5735 1942 5815 paragraphus
1985 5734 2063 5815 l_l,
2124 5736 2336 5794 decimo
2378 5744 2705 5813 postposito.

829 5792 943 5859 (27;
972 5798 1105 5849 Κατ’
1139 5799 1355 5853 αὐτῶν.
1390 5792 1761 5861 scribebam},
1791 5792 1925 5856 κατὰ
1958 5792 2080 5859 una.
