4176 6442
162 412 269 477 917

1228 413 1560 473 ΤΑΕΤΙΟΛ.
1588 434 1635 447 ο
1678 409 2178 474 CONS’I‘ITUT‘IO
2203 413 2387 474 XVII.

3309 405 3418 469 918

163 522 427 593 ἁπλήκτῳ
447 522 631 592 μένειν
656 520 852 586 αὐτοὺς
879 521 1137 593 ἀσφαλῶς
1162 522 1624 592 φυλαττομένους,
1651 522 1745 572 καὶ

1858 538 1910 579 ac
1939 524 2310 579 festinabuudi
2332 528 2555 594 pontem
2589 520 2788 578 facere.
2820 522 2898 577 Ac
2922 527 3213 594 propterea
3242 535 3422 577 castra

165 614 240 684 μὴ
261 613 667 683 ἀναγκάζεσθαι
691 618 749 667 ἐν
784 615 921 684 αὐτῇ
952 618 1016 684 τῇ
1069 615 1188 685 ῶρᾳ
1219 615 1329 667 τῶν
1368 612 1579 684 ἐχθρῶν
1618 613 1737 665 ἐπτι-

1849 617 1902 669 iu
1940 618 2073 685 ripis
2102 631 2165 669 ex
2196 615 2427 670 adverso
2454 615 2697 670 hostium
2730 626 2952 684 ponant.

162 708 433 778 κειμένων
460 708 560 777 τὴν
591 707 837 763 διάϐασιν
882 712 977 778 τῆς
1018 709 1265 779 γεφύρας
1313 706 1583 760 ποιεῖσθαι
1642 705 1734 758 καὶ
1772 704 1846 775 μὴ
1899 707 2278 777 βουλομένους.
2335 711 2441 763 Καὶ
2477 711 2566 763 διὰ
2598 710 2756 764 τοῦτο
2787 710 2901 764 δέον
2950 712 3030 774 είς
3091 711 3190 781 τὴν
3257 708 3423 779 ὄχθην

160 802 259 871 τὴν
294 802 387 853 ἐπὶ
415 802 476 853 τὸ
508 800 671 870 μέρος
694 802 801 853 τῶν
830 799 1039 870 ἐχθρῶν
1069 798 1129 868 ἐξ
1167 800 1417 862 ἐναντίας
1462 798 1522 851 τὸ
1574 796 1836 851 ἀπλικτον
1865 800 2130 867 γίνεσθαι.

236 891 333 957 ις’.
370 893 698 963 Νυκτεριναὶ
720 893 777 946 δὲ
826 892 1139 953 ἐπελεύσεις
1183 890 1430 962 διάφοροι
1461 889 1610 960 παρὰ
1638 889 1747 940 τῶν

174 984 424 1037 παλαιῶν
462 981 784 1052 στρατηγῶν
815 980 1272 1051 ἐπετηδεύθησαν,
1298 982 1359 1044 ἐξ
1384 973 1460 1032 ὧν
1507 996 1592 1031 σοι
1644 979 1740 1031 καὶ

164 1079 324 1145 ἡμεῖς
347 1075 519 1127 ταῦτα
548 1074 939 1143 ὑποτιθέμεθα,
968 1074 1054 1126 ίνα
1079 1073 1209 1125 ποτέ
1243 1072 1342 1143 μέν
1369 1070 1597 1141 πλησίον
1635 1072 1746 1123 τῶν

163 1167 426 1221 ἐ·.αντίων
471 1164 831 1228 ἀπλικεύσας,
862 1163 938 1226 ὡς
992 1164 1099 1217 ἀπὸ
1149 1163 1267 1225 ἐνὸς
1318 1161 1582 1215 ἀπλίκτου
1612 1176 1747 1230 πρε·

165 1259 354 1312 σδείαν
386 1274 443 1309 τε
473 1258 601 1326 μίαν
627 1257 723 1309 καὶ
750 1255 1009 1321 δευτέραν
1042 1254 1325 1325 είρηνικὴν
1345 1251 1613 1322 δηλώσας,
1651 1251 1747 1305 καὶ

163 1351 392 1412 ἐλπίδας
424 1349 561 1419 πρὸς
592 1349 813 1417 είρήνην
865 1346 1114 1408 δεδωκὼς
1170 1347 1283 1407 τοῖς
1333 1342 1618 1405 ἐναντίοις,
1652 1343 1748 1394 καὶ

164 1442 505 1510 ἀμερίμνους
546 1439 777 1508 ποιήσας
807 1438 1084 1506 ἀδοκήτως
1133 1437 1318 1497 αὐτοῖς
1364 1433 1606 1504 ἐπέλθῃς
1641 1432 1749 1501 πρὸ

168 1532 277 1602 ήμέ
290 1549 389 1602 ρας
416 1532 475 1582 ἐν
506 1530 662 1583 νυκτὶ
691 1528 789 1598 τὴν
824 1526 1135 1596 ὁδοιπορίαν
1164 1526 1555 1596 ποιησάμενος.

243 1624 334 1685 ιζ’.
383 1622 518 1676 Ποτέ
570 1621 648 1682 δὲ,
714 1621 808 1672 ἐὰν
868 1618 1033 1689 βούλῃ
1078 1618 1324 1671 ἐπελθεῖν
1368 1618 1480 1679 τοῖς
1532 1614 1745 1686 ἐχθροῖς

167 1715 387 1775 νυκτὸς,
419 1711 630 1782 ἡμέρας
671 1710 826 1771 τινας
870 1710 1325 1780 παραταξάμενος
1389 1707 1618 1778 πλησίον
1649 1707 1743 1759 τοῦ

1930 892 2015 945 lti.
2056 891 2351 947 Nocturna:
2380 893 2724 950 incursiones
2753 893 2822 948 ab
2850 894 3094 964 antiquis
3128 897 3423 965 imperato-

1847 985 2004 1038 ribus
2027 987 2353 1055 excogitatae
2391 997 2515 1040 sunt
2543 1006 2555 1040 :
2588 1005 2617 1041 e
2650 988 2854 1058 quibus
2885 1002 2988 1042 nos
3024 988 3117 1042 tibi
3154 989 3267 1044 haec
3296 1008 3426 1061 sug-

1846 1077 2109 1145 gerinius,
2146 1086 2204 1131 ut
2250 1078 2341 1131 ubi
2387 1078 2455 1131 ab
2485 1079 2722 1131 hostium
2771 1080 2994 1141 castris,
3048 1081 3173 1135 unis
3212 1090 3422 1136 tantum

1846 1171 2043 1222 castris
2070 1168 2262 1234 distas,
2308 1169 2632 1237 legationem
2664 1186 2827 1223 unam
2863 1181 3027 1240 alque
3069 1172 3293 1226 alteram
3328 1189 3423 1243 pa-

1846 1257 2060 1311 cilieam
2094 1259 2159 1312 ad
2186 1274 2283 1313 eos
2314 1261 2519 1323 mittas,
2556 1270 2608 1314 et
2640 1276 2791 1327 spem
2828 1262 2935 1317 illis
2960 1265 3110 1330 paris
3147 1264 3423 1333 injicieus,

1845 1347 2073 1416 illosque
2111 1338 2308 1401 liberos
2360 1350 2679 1418 solutosque
2710 1365 2738 1402 a
2792 1351 2986 1406 timore
3038 1355 3306 1417 reddens,
3356 1356 3426 1409 de

1843 1437 2141 1504 improviso
2172 1438 2226 1493 in
2261 1438 2381 1494 illos
2419 1440 2600 1494 irruas
2647 1449 2815 1495 noctu
2847 1451 2975 1497 ante
3003 1442 3147 1497 diem
3196 1445 3301 1499 iter
3331 1446 3419 1498 in-

1843 1540 2086 1595 gressus.

1926 1619 2011 1671 17.
2051 1620 2328 1673 Interdum
2371 1621 2415 1674 si
2449 1630 2611 1675 noctu
2642 1622 2884 1677 volueris
2916 1638 3011 1677 eos
3043 1624 3271 1687 adoriri,
3305 1625 3426 1680 dies

1853 1719 1980 1764 ante
2009 1711 2221 1781 aliquot
2247 1727 2414 1782 prope
2442 1712 2676 1766 hostium
2705 1724 2886 1768 castra
2936 1730 3142 1784 ponens
3168 1718 3323 1786 quasi
3358 1717 3427 1770 ad

170 1807 305 1861 ἰδίου
340 1804 603 1859 ἀπλίκτου
630 1801 705 1863 ὼς
736 1801 829 1852 ἐπὶ
871 1799 1016 1869 μάχῃ
1041 1799 1297 1870 δημοσίᾳ,
1330 1798 1424 1852 καὶ
1472 1813 1745 1891 σχηματι-

1858 1801 2101 1870 ριωιίιιιιι
2136 1801 2411 1870 publicum
2459 1802 2935 1867 committendum,
2988 1806 3032 1860 si
3061 1815 3170 1858 tum
3197 1806 3427 1860 simula-

176 1897 417 1965 σάμενος
441 1889 723 1962 φοϐεῖσθαι
756 1889 879 1951 τοὺς
904 1889 1278 1954 ὑπεναντίους,
1320 1890 1416 1941 καλ⁵
1456 1888 1546 1939 διά
1592 1884 1751 1937 τοῦτο

175 1991 256 2056 μὴ
313 1980 747 2056 παρεξέρχεσθαι
795 1980 956 2034 πλέον
1031 1983 1157 2044 τοὺς
1218 1980 1416 2042 τόπους
1468 1977 1563 2031 τοῦ
1617 1977 1748 2029 ίδίου

164 2077 463 2140 ἀπλίκτου,
488 2074 583 2127 καὶ
613 2069 865 2125 ἐντεῦθεν
887 2071 1086 2135 αὐτοὺς
1119 2070 1558 2142 παραχαυνώσας
1579 2068 1741 2122 ἐπέλ-

167 2169 269 2238 θῃς
330 2170 390 2221 ἐν
442 2165 615 2219 νυκτί.

241 2265 333 2328 ιη’.
356 2257 527 2310 Τοῦτο
552 2258 608 2310 δέ
640 2256 980 2325 γινώσκομεν
1010 2252 1346 2321 πεποιηκότα
1375 2251 1466 2304 τὸν
1501 2249 1751 2315 Χαγάνον

166 2350 275 2401 τῶν
318 2347 565 2417 ’Δϐἀρων
594 2347 686 2399 ἐπὶ
715 2346 823 2398 τῶν
869 2344 1077 2415 χρόνων
1121 2340 1441 2411 Ἡρακλείου
1470 2337 1563 2391 τοῦ
1597 2336 1751 2406 βασι-

164 2441 307 2505 λέως
337 2442 463 2512 περὶ
494 2441 591 2509 τὴν
654 2440 984 2511 Ἡράκλειαν
1024 2439 1120 2507 τῆς
1186 2437 1411 2506 Θρᾴκης
1453 2433 1595 2488 κατὰ
1642 2432 1752 2485 τῶν

171 2535 472 2603 Ῥωμαίων
505 2532 886 2600 καὸαλλαρίων
922 2530 995 2600 μὴ
1027 2528 1367 2598 βουλομένων
1406 2527 1465 2578 ἐν
1490 2525 1751 2595 φοσσάτῳ

165 2624 426 2693 ἀσφαλῶς
460 2623 597 2690 μετὰ
640 2623 749 2675 τῶν
798 2619 977 2684 πεζῶν
1008 2619 1346 2683 ἀπλικεύειν,
1376 2617 1491 2670 ἀλλ’
1552 2616 1750 2681 ἔξωθεν

166 2714 521 2782 ἀφυλάκτως.

241 2804 329 2858 ιϐ’.
388 2804 556 2872 Σοφὸν
605 2804 663 2858 δέ
712 2804 980 2874 ποιήσεις,
1029 2800 1157 2854 ὅταν
1196 2798 1464 2867 εὐψύχους
1506 2798 1601 2850 καὶ
1654 2798 1752 2849 ἀν-

168 2898 390 2968 δρείους
419 2897 557 2964 μετὰ
585 2894 814 2949 σεαυτοῦ
846 2892 1185 2963 στρατιώτας
1220 2890 1381 2961 ἐχῃς.
1417 2888 1514 2942 ἐάν
1546 2888 1749 2957 ὑποθῇ-

173 3004 277 3058 σῃς
316 2989 426 3040 τινὶ
454 2985 595 3038 ὥστε
634 2986 974 3055 προσφυγεῖν
1028 2983 1142 3045 τοῖς
1178 2982 1417 3051 ἐχθροῖς,
1442 2980 1535 3032 καὶ
1573 2980 1750 3031 εἰπεῖν

167 3076 252 3129 ὅτι
338 3077 397 3127 ἐν
449 3073 624 3145 δειλία
678 3074 826 3126 ἐστὶν
885 3073 915 3124 ὁ
964 3071 1191 3140 στρατός
1230 3084 1244 3098 ·
1306 3064 1425 3122 εἶτα
1478 3070 1752 3139 πρόφασιν

1855 1891 2000 1946 veris
2031 1899 2085 1945 te
2115 1893 2309 1946 timere
2355 1890 2561 1957 hostes,
2594 1907 2771 1963 neque
2814 1896 3174 1965 propinquius
3224 1897 3427 1952 audere

1853 1982 2116 2037 accedere
2145 1984 2347 2036 castris
2378 1982 2618 2045 illorum,
2646 1985 2874 2053 supinos
2900 1986 3093 2042 reddes
3116 2003 3212 2043 eos
3240 1996 3294 2041 et
3328 2003 3427 2042 nc-

1853 2074 2138 2145 gligeutes,
2173 2082 2339 2145 atque
2367 2075 2503 2130 adeo
2536 2084 2700 2130 noctu
2740 2076 2991 2147 invades.

1921 2247 2010 2301 ~18.
2048 2246 2160 2301 Hoc
2186 2256 2368 2303 autem
2406 2248 2727 2320 Chaganum
2755 2250 3065 2307 Abarorum
3101 2252 3298 2310 fecisse
3326 2270 3426 2311 no-

1854 2339 2033 2394 vimus
2061 2378 2077 2402 ,
2127 2340 2381 2395 lleraciio
2428 2344 2769 2411 imperante,
2816 2358 2938 2397 cum
2991 2344 3061 2399 ad
3119 2344 3426 2401 Heracliam

1856 2432 2104 2487 Thraciae
2134 2434 2410 2488 civitatem
2449 2434 2682 2489 Romani
2729 2437 2945 2507 equites
2984 2436 3191 2492 nollent
3224 2439 3279 2492 in
3319 2437 3429 2495 fos-

1855 2532 1975 2580 sato
2003 2534 2118 2578 tuto
2147 2540 2269 2578 cum
2299 2526 2575 2594 peditibus
2598 2536 2782 2582 castra
2816 2543 3042 2597 ponere,
3068 2531 3162 2585 sed
3192 2532 3431 2586 circum-

1855 2626 2041 2686 specte
2071 2632 2134 2671 9S
2145 2625 2230 2670 tm
2270 2626 2453 2673 castra
2463 2658 2477 2672 .

1929 2793 2013 2846 i9.
2048 2792 2354 2845 Prudenter
2398 2806 2617 2861 quoque
2665 2790 2887 2856 feceris,
2931 2794 2976 2847 si
3013 2807 3137 2847 cum
3172 2800 3431 2849 strenuos

1858 2882 2137 2951 fortesque
2189 2883 2393 2937 milites
2430 2891 2609 2937 tecum
2661 2882 2865 2938 habeas
2891 2922 2906 2946 ,
2939 2884 3224 2955 impuleris
3254 2900 3425 2939 unum

1856 2982 2021 3043 atque
2054 2973 2284 3027 alterum
2313 2972 2380 3026 ad
2410 2974 2597 3027 hostes
2627 2973 2948 3043 confugere.
2979 2982 3143 3044 atque
3172 2975 3280 3029 illis
3302 2989 3430 3029 nar.

1858 3079 1981 3119 rare
2021 3078 2223 3133 magno
2260 3064 2315 3118 in
2367 3065 2571 3119 timore
2615 3072 2869 3118 nostrqu
2914 3080 3037 3121 esse
3082 3067 3426 3121 exercitum:

171 3167 411 3235 ποιήσῃς
458 3165 539 3218 ὅτι
587 3166 667 3226 είς
705 3163 774 3215 τά
804 3163 984 3214 ὀπίσω
1034 3161 1433 3228 ὺπαναχωρεῖς,
1460 3159 1553 3211 καὶ
1584 3158 1756 3225 ὀλίγον

1863 3151 2061 3207 deinde
2088 3152 2315 3207 simules
2341 3160 2394 3205 te
2421 3153 2653 3207 retroire
2679 3152 2836 3218 velle,
2875 3164 2928 3208 et
2955 3155 3022 3208 ad
3053 3155 3218 3210 alium
3248 3156 3430 3211 locum

166 3255 447 3324 διάστημα
494 3254 556 3305 τὸ
586 3251 853 3321 φοσσάτον
897 3251 1065 3321 ἡγουν
1099 3249 1160 3302 τὸ
1193 3249 1457 3303 ἀπλικτον
1484 3248 1753 3317 μεταστή-

168 3360 295 3407 σας,
335 3342 601 3409 αἰφνίδιον
627 3342 683 3394 ἐν
721 3340 875 3393 νυκτὶ
900 3338 1134 3410 ἐπέλθῃς
1164 3340 1276 3399 τοῖς
1306 3335 1600 3398 ἐναντίοις.

239 3431 314 3487 κ’.
351 3433 603 3501 Ποιησεις
653 3431 709 3484 δέ
753 3429 1073 3498 νυκτερινὰς
1124 3426 1434 3488 ἐπελεύσεις
1478 3428 1617 3479 κατά
1663 3427 1751 3496 ἐχ-

168 3524 319 3595 θρῶν
347 3522 621 3594 ἁρμοδίως
652 3522 791 3591 μετά
819 3538 878 3572 τε
923 3518 1103 3583 πεζῶν
1137 3518 1232 3571 καὶ
1262 3516 1638 3588 καόαλ).αρίων
1662 3517 1756 3569 καὶ

166 3612 405 3676 τοξοτῶν
438 3611 675 3682 μάλιστα
713 3611 808 3663 καὶ
854 3608 1187 3663 ἀκοντιστῶν
1241 3608 1383 3660 κατὰ
1434 3606 1602 3659 ἐθνῶν
1656 3623 1753 3659 πε-

169 3703 282 3768 ζῶν
322 3703 358 3774 ἢ
409 3702 794 3772 καῦαλλαρίων
849 3701 955 3753 τῶν
993 3699 1067 3769 μὴ
1098 3700 1154 3751 ἐν
1186 3698 1439 3767 φοσσάτῳ
1468 3698 1561 3749 καὶ
1605 3697 1755 3762 τάξει

176 3794 608 3860 ἀπλικευόντων,
667 3791 805 3845 ἀλλά
854 3790 1107 3851 ἀτάκτως
1160 3788 1255 3840 καὶ
1305 3786 1626 3856 ἀφυλάκτως
1661 3787 1756 3839 καὶ

168 3883 586 3954 διεσπαρμένως
620 3882 982 3952 σκηνούντων.

243 3982 353 4029 κα’.
386 3975 497 4048 Καὶ
536 3973 677 4027 κατά
719 3973 826 4025 τῶν
878 3973 952 4043 μὴ
1002 3971 1233 4041 ἐχόντων
1275 3968 1400 4032 τόξα
1449 3969 1481 4041 ἢ
1534 3969 1757 4023 ἀκόντια

173 4067 483 4139 προχείρως
502 4107 517 4130 ,
548 4064 685 4119 ἀλλά
716 4066 779 4117 ἐκ
812 4064 990 4134 χειρὸς
1025 4062 1223 4134 μᾶλλον
1248 4062 1345 4129 τὴν
1371 4060 1550 4129 μάχην
1579 4076 1759 4112 ποιου-

177 4159 379 4229 μένων.
409 4158 472 4210 Οί
501 4160 608 4227 γὰρ
638 4158 750 4217 τοῖς
792 4153 967 4218 τόξοις
1010 4153 1105 4207 καὶ
1160 4152 1461 4223 ρικταρίοις
1510 4151 1605 4203 καὶ
1650 4151 1760 4211 τοῖς

173 4249 361 4311 ἄλλοις
422 4247 607 4311 ὅπλοις
652 4246 947 4319 χρώμενοι,
994 4243 1429 4315 δυσεπιχείρητοι
1471 4241 1607 4310 πρὸς
1661 4240 1759 4303 τὰς

174 4340 435 4402 τοιαύτας
492 4338 808 4400 ἐπελεύσεις
848 4337 1110 4404 γίνονται,
1138 4335 1187 4388 εί
1226 4336 1300 4405 μὴ
1333 4336 1441 4403 ἀρα
1460 4332 1759 4401 ἀφύλακτοι

175 4431 277 4484 καὶ
310 4430 700 4501 διεσπαρμένοι
734 4426 1125 4482 ἀπλικεύωσιν.

257 4522 372 4591 κβ’.
396 4520 619 4582 Νύκτας
648 4520 704 4573 δὲ
728 4517 974 4584 ἐπιλέξαι
1006 4517 1139 4588 πρὸς
1170 4515 1267 4578 τάς
1291 4512 1542 4576 τοιαύτας
1566 4514 1769 4582 ἀπροσ-
1798 4503 1848 4565 D

175 4613 447 4683 δοκήτους
518 4611 740 4680 ἐφόδους
771 4628 783 4641 ·
855 4610 1165 4671 τουτέστιν,
1219 4608 1252 4676 ἦ
1308 4607 1436 4658 ὅταν
1489 4605 1771 4665 ὀλόνυκτος

1863 3245 2024 3314 paulo
2056 3245 2124 3299 ab
2148 3245 2257 3299 illis
2292 3245 2510 3311 longius
2551 3255 2732 3302 castra
2781 3246 3111 3314 transferas,
3153 3258 3209 3305 et
3246 3250 3433 3306 subito

1861 3346 1974 3390 tum
2006 3345 2173 3390 noctu
2204 3337 2388 3391 hostes
2414 3338 2661 3391 invadas.

1955 3427 2047 3481 20.
2103 3425 2417 3481 Nocturnas
2454 3428 2803 3483 incursiones
2838 3429 2893 3481 in
2917 3428 3104 3485 hostes
3138 3429 3309 3485 facies
3345 3446 3431 3500 pe-

1864 3517 2069 3572 ditibus
2092 3527 2149 3572 et
2190 3518 2491 3588 equitibus,
2516 3518 2820 3589 sagittariis
2844 3526 2898 3574 et
2914 3518 3346 3588 jaculatoribus,
3383 3522 3429 3576 si

1864 3608 1958 3677 qui
1989 3608 2198 3677 pedites
2224 3617 2320 3661 aut
2349 3610 2567 3677 equites
2598 3619 2747 3672 sunt,
2802 3609 2895 3678 qui
2942 3624 3057 3663 non
3116 3611 3171 3664 in
3223 3612 3433 3665 fossato

1864 3708 2048 3753 castra
2078 3708 2310 3767 ponunt,
2340 3698 2434 3753 sed
2484 3701 2720 3770 sparsim
2757 3708 2812 3755 et
2847 3699 3080 3769 disjecte
3106 3701 3311 3756 cubant
3337 3717 3435 3757 ex-

1865 3800 1947 3845 tra
1972 3800 2152 3846 castra
2162 3831 2177 3844 .

1934 3988 2025 4043 2|.
2068 3988 2174 4043 llas
2200 3989 2549 4058 potissimum
2593 3989 2942 4045 incursiones
2992 3990 3044 4044 in
3096 4006 3190 4047 eos
3240 3990 3433 4056 facies,

1867 4083 1957 4152 qui
1992 4096 2166 4149 neque
2195 4095 2358 4135 arcus
2399 4096 2575 4149 neque
2598 4071 3029 4148 jacula'liabent,
3058 4080 3153 4136 sed
3182 4081 3434 4136 cominus

1867 4172 2128 4243 congredi
2158 4172 2337 4225 solent
2379 4190 2392 4224 :
2428 4172 2520 4240 qui
2548 4173 2693 4225 enim
2732 4172 2973 4226 arcubus
3006 4172 3236 4242 telisque
3265 4180 3435 4225 utun-

1870 4272 1979 4328 tur,
2014 4264 2197 4315 minus
2233 4262 2449 4316 insidiis
2474 4263 2597 4315 istis
2636 4263 2923 4330 appetendi
2951 4272 3100 4329 sunt,
3132 4263 3237 4318 nisi
3268 4262 3437 4318 dissi-

1869 4350 1977 4419 puli
2006 4349 2222 4419 fusique
2250 4358 2429 4403 castra
2474 4356 2699 4417 ponant.

1963 4518 2053 4573 22.
2090 4517 2290 4574 Noctes
2323 4519 2463 4588 eiige
2499 4519 2594 4575 tibi
2631 4520 2696 4575 ad
2748 4524 2851 4577 itas
2898 4538 2998 4577 nec
3036 4524 3290 4591 Opinatas
3346 4524 3433 4578 in-

1874 4615 2160 4666 cursiones
2192 4629 2205 4665 :
2244 4611 2348 4665 hoc
2376 4622 2479 4677 est,
2514 4613 2737 4681 quando
2769 4614 2985 4668 noveris
3037 4614 3217 4669 lumen
3267 4615 3435 4670 totius

180 4705 358 4777 φαίνῃ
428 4708 461 4776 ὴ
521 4705 757 4775 σελήνη,
818 4704 851 4775 ἢ
905 4705 1036 4757 ὅταν
1089 4698 1235 4764 οἶδας
1288 4700 1371 4753 ὅτι
1415 4702 1660 4771 ἀρκεῖται
1713 4697 1756 4749 τί

1875 4705 2056 4757 noctis
2094 4702 2412 4757 satisfacere
2457 4702 2525 4756 ad
2580 4702 2899 4757 universum
2960 4705 3062 4757 iter
3114 4712 3289 4769 tuum,
3354 4703 3437 4758 vel

178 4798 390 4867 φέγγος
426 4797 595 4867 αὐτῆς
621 4797 699 4866 τῷ
729 4797 1060 4866 διαστήματι
1106 4796 1203 4864 τῆς
1252 4795 1378 4863 ὅλης
1427 4810 1519 4846 σου
1567 4793 1756 4845 ὀδοιπο

1871 4794 2094 4864 quando
2127 4794 2296 4848 stellae
2334 4793 2540 4859 lucent,
2575 4802 2634 4847 ut
2672 4810 2741 4848 ne
2773 4794 3051 4850 exercitus
3091 4795 3146 4848 in
3198 4794 3437 4849 tenebris

181 4891 328 4960 ρίας,
360 4889 393 4958 ἢ
427 4890 552 4942 ὅταν
610 4891 758 4942 ἐστὶν
808 4888 1188 4959 ἀστερόφωτον
1218 4904 1231 4919 ⁸
1278 4888 1363 4941 ἵνα
1409 4886 1484 4957 μὴ
1530 4888 1558 4938 ὁ
1605 4901 1770 4953 στρα-

178 4983 273 5043 τὸς
299 4981 358 5032 ἐν
390 4979 579 5049 σκοτίᾳ
608 4979 927 5050 περιπατῶν
958 4976 1311 5048 συντρίϐηται
1343 4975 1437 5029 καὶ
1470 4975 1762 5028 πλανᾶται.

254 5069 364 5140 κγ’.
413 5070 524 5125 Ἀεὶ
548 5071 604 5123 δέ
643 5070 946 5141 Εξπληκτον
987 5070 1081 5123 καὶ
1116 5067 1629 5140 παρεσκευασμένον
1675 5066 1766 5119 τὸν

184 5164 421 5233 στρατὸν
453 5161 612 5225 κίνει,
671 5161 764 5214 καὶ
817 5160 985 5231 μηδὲν
1045 5159 1299 5230 περισσὸν
1358 5157 1770 5227 ἐπιφερόμενον,

189 5256 288 5307 καὶ
342 5253 487 5305 οὕτω
540 5251 790 5316 κανόνιζε
836 5251 931 5304 καὶ
975 5251 1237 5318 στοχάζου
1287 5248 1421 5319 πρὸς
1452 5249 1521 5300 τὰ
1551 5249 1773 5318 διαστήι-

186 5361 339 5417 ματα
389 5344 501 5413 (‘28)
541 5344 610 5397 τά
643 5344 701 5395 ἐν
746 5344 824 5413 τῷ
873 5342 1042 5413 μέσῳ,
1100 5342 1239 5393 ὥστε
1298 5341 1620 5409 συμμέτρως
1668 5356 1767 5391 πε-

1875 4886 2183 4952 anibulans,
2212 4885 2447 4939 alllictus
2488 4884 2952 4954 pet-turbatusque
3017 4893 3261 4955 vagetur.

1959 5064 2052 5117 ‘23.
2088 5062 2413 5133 Expeditum
2450 5069 2813 5132 paratumque
2858 5060 3159 5115 exercitum
3221 5072 3437 5127 semper

1872 5163 2109 5217 moveto,
2149 5154 2242 5222 qui
2278 5152 2411 5205 nilnii
2457 5164 2931 5219 supervacaneum
2986 5162 3174 5203 secum
3235 5154 3443 5215 gestet.

1876 5246 1965 5301 Sic
2003 5257 2182 5299 autem
2234 5259 2332 5315 pro
2386 5243 2493 5297 loci
2549 5244 2841 5298 intervallo
2872 5242 2977 5296 iter
3018 5250 3169 5294 lllllm
3204 5239 3445 5309 aptabis,

1879 5348 1937 5393 ut
1987 5339 2263 5393 moderate
2315 5335 2650 5390 ambulando
2690 5337 2963 5391 exercitus
3003 5334 3072 5388 de
3125 5333 3210 5384 via
3264 5332 3449 5385 lassus

187 5440 483 5507 ριπατεῖν,
516 5437 602 5490 ῐνα
636 5437 709 5507 μὴ
744 5434 1095 5505 συντρίϐηται
1144 5435 1174 5485 ὁ
1224 5433 1454 5502 στρατός
1486 5448 1500 5461 ο
1545 5432 1638 5484 καὶ
1665 5432 1756 5501 πρί

1881 5449 1990 5487 non
2024 5433 2115 5493 sit,
2150 5432 2245 5485 sed
2275 5433 2411 5485 duas
2444 5440 2569 5484 ante
2594 5431 2770 5483 lucem
2806 5430 2968 5482 horas
3004 5442 3111 5481 uno
3143 5434 3237 5477 aut
3274 5425 3454 5478 altero

188 5528 281 5583 δύο
333 5528 496 5599 ὡρῶν
551 5529 646 5599 τῆς
706 5529 915 5600 ἡμέρας
953 5528 1177 5598 φθάσεις
1234 5525 1483 5595 πλησίον,
1536 5523 1610 5587 ὡς
1662 5522 1756 5576 ἀπὶ

1877 5525 2034 5593 signo
2066 5524 2134 5575 ab
2165 5522 2404 5579 hostium
2427 5521 2626 5577 castris
2673 5518 2842 5588 absis,
2878 5528 3038 5589 atque
3071 5516 3142 5571 ibi
3164 5516 3304 5569 ciam
3330 5512 3455 5567 col-

1711 5679 1937 5737 ΝΟΤᾸΞ.

263 5808 378 5879 (‘28)
412 5805 807 5876 Διαστήματα.
844 5804 1215 5869 Scribebatur,
1260 5800 1673 5871 σιδιαστήματα.
