4200 6440
777 415 885 478 919

2038 405 2312 465 LEONIS
2337 405 2797 467 PHILOSOPHI

3945 413 4051 474 920

780 524 989 578 locabis
1021 521 1297 593 quietique
1330 518 1512 575 trades
1560 518 1893 584 exercitum,
1928 526 1988 572 ut
2024 517 2345 588 priusquam

2457 517 2567 578 ἑνὸς
2594 518 2626 586 ἦ
2660 518 2912 588 δευτέρου
2939 519 3168 589 σημείου
3197 519 3292 573 τοῦ
3324 520 3435 572 τῶν
3493 520 3705 591 ἐχθρῶν
3750 521 4032 575 άπλίκτου

781 618 901 672 dies
923 617 1229 678 illucescat,
1258 613 1448 669 hostes
1481 613 1729 668 invadas.

853 879 944 934 24.
979 879 1059 933 Ad
1109 877 1425 948 huiusmodi
1490 877 1688 930 itinera
1739 873 1909 930 duces
1962 875 2061 927 via:
2127 872 2351 939 habeas,

776 973 868 1040 qui
919 981 1174 1026 accurate
1219 971 1360 1025 viam
1398 975 1690 1034 noverunt,
1774 975 1934 1021 utne
1987 973 2138 1020 erret
2187 979 2352 1018 exer—

778 1063 942 1116 citus.

859 1153 951 1206 25.
993 1150 1221 1205 Summo
1285 1150 1340 1203 in
1387 1149 1607 1203 silentio
1678 1148 1824 1211 sint,
1879 1162 2056 1217 neque
2123 1146 2355 1202 buccina

777 1251 1056 1312 personet,
1093 1254 1268 1309 neque
1300 1241 1569 1293 tumultus
1591 1238 1878 1306 quisquam
1912 1238 2053 1292 alius
2096 1238 2208 1291 fiat.
2247 1236 2356 1290 Sed

777 1339 823 1387 sl
860 1333 1019 1402 signo
1072 1330 1260 1400 aliquo
1316 1330 1383 1384 ad
1438 1327 1791 1382 exc;tandum
1841 1327 2146 1381 exercitum
2210 1341 2354 1396 opus

777 1421 968 1484 fuerit,
993 1420 1077 1474 vel
1099 1421 1284 1483 sibilo,
1317 1419 1398 1473 vel
1436 1417 1578 1471 scuti
1613 1417 1871 1487 strepitu,
1905 1417 1988 1471 vel
2021 1431 2153 1471 voce
2178 1416 2355 1486 signi-

778 1512 972 1566 ficetur
1002 1512 1288 1576 exercitui,
1319 1509 1786 1579 quemadmodum
1811 1513 1895 1567 vel
1923 1513 2227 1583 procedere
2268 1493 2354 1569 vel

777 1613 924 1659 stare
950 1610 1187 1672 oportet.

861 1695 951 1748 26.
994 1692 1062 1748 Ut
1093 1709 1221 1748 vero
1250 1695 1518 1764 strepitus
1548 1709 1613 1748 ac
1657 1694 1864 1750 stridor
1907 1695 2097 1750 nullus
2126 1695 2220 1761 sit,
2259 1710 2359 1751 nec

2454 608 2547 660 καὶ
2609 610 2787 660 ἐκεῖσε
2850 608 3221 673 λανθανόντως
3272 609 3608 674 ἀναπαύσεις
3661 611 3752 663 τὸν
3790 611 4046 680 στρατὸν,

2454 700 2548 750 καὶ
2598 698 2729 770 πρὶν
2785 699 2819 770 ἢ
2869 700 3099 770 ἄρξηται
3149 703 3412 771 αὑγάζειν
3466 703 3500 770 ἡ
3549 703 3732 773 ἡμέρα
3783 703 4046 772 ἐπιτεθῇς

2453 792 2563 852 τοῖς
2594 788 2830 859 ἐχθροῖς.

2523 878 2622 933 κδ’.
2656 881 2748 942 Et;
2796 881 2854 933 δὲ
2900 882 3001 945 τὰς
3055 881 3310 945 τοιαύτας
3381 883 3713 952 ὁδοιπορίας,
3771 884 3858 936 ῐνα
3921 883 4045 952 ἔχῃς

2455 969 2683 1040 ὁδηγοὺς
2729 973 2858 1033 τοὺς
2910 973 3053 1025 πάνυ
3101 973 3350 1043 ἀκριϐῶς
3409 972 3618 1036 είδότας
3671 972 3800 1033 τοὺς
3850 974 4045 1034 τόπους

2456 1064 2534 1126 είς
2558 1063 2620 1116 τὸ
2646 1063 2720 1134 μὴ
2750 1062 3058 1117 πλανᾶσθαι
3088 1066 3179 1118 τὸν
3205 1064 3457 1135 στρατόν.

2527 1162 2625 1208 κε’.
2684 1154 2953 1208 Παντοίαν
3010 1155 3067 1209 δὲ
3114 1155 3346 1225 ήσυχίαν
3398 1155 3694 1224 ἐχέτωσαν,
3760 1155 3859 1210 καὶ
3911 1158 4043 1226 μήτε

2461 1241 2707 1311 βούκινον
2748 1243 3002 1306 λαλείτω,
3038 1244 3173 1314 μηδὲ
3212 1244 3503 1313 οίαδήποτε
3533 1249 3752 1314 κραυγὴ
3787 1246 4039 1311 γινέσθω.

2471 1333 2634 1387 Ἀλλὰ
2687 1334 2781 1388 ἐάν
2827 1335 2946 1386 ἑστι
2999 1334 3120 1386 δέον
3160 1336 3257 1386 του
3291 1337 3472 1404 μεῖναι
3515 1334 3609 1386 τὸν
3659 1335 3917 1403 στρατὸν,
3970 1335 4040 1398 ὡς

2459 1426 2631 1492 εἰκὸς,
2678 1429 2712 1496 ἢ
2758 1428 2853 1480 τοῦ
2908 1431 3150 1498 κινῆσαι,
3201 1428 3235 1498 ἢ
3277 1428 3368 1480 διὰ
3396 1429 3692 1498 συριγμοῦ,
3718 1429 3752 1498 ἦ
3793 1429 3885 1481 διὰ
3915 1429 4040 1481 κτύο

2459 1534 2564 1569 που
2596 1519 2944 1589 σκουταρίου,
2997 1519 3030 1589 ἢ
3074 1519 3163 1572 διὰ
3214 1519 3700 1588 παραγγέλματος,
3757 1520 4039 1588 σημαίνειν

2459 1609 2521 1662 τὸ
2554 1610 2818 1680 κίνημαῆ
2852 1611 2954 1680 τὴν
2984 1611 3197 1665 στάσιν.

2530 1698 2644 1764 κς’.
2699 1701 2816 1753 Ἷνα
2863 1702 2920 1753 δὲ
2972 1700 3049 1771 μὴ
3083 1699 3309 1770 θόρυδος
3365 1700 3474 1753 τῶν
3528 1700 3751 1754 κτύπων
3796 1703 4036 1770 γένηται,

781 1784 836 1837 in
875 1782 1276 1853 longitudinem
1318 1783 1559 1851 aliquam
1597 1780 1866 1851 producm
1915 1783 2064 1837 acies
2112 1798 2356 1837 errorem

2465 1792 2589 1862 μηδ’
2640 1791 2734 1844 ἐπὶ
2782 1791 2918 1843 πολῦ
2977 1792 3329 1862 ἐκτεινομένη
3382 1794 3416 1861 η
3472 1792 3785 1862 παράταξις
3837 1794 4039 1861 πλάνην

779 1881 944 1941 atque
975 1849 1624 1942 inaequalitatem—faciat,
1673 1887 1798 1942 quae
1836 1887 1924 1927 res
1981 1872 2277 1928 clamorem
2305 1883 2359 1927 et

2462 1849 2558 1938 ξωὶι
2613 1883 2910 1952 ἀνισότητα
2965 1886 3124 1953 ποιῇ,
3189 1849 3287 1936 καὶ
3317 1849 3422 1936 ’διά
3472 1849 3632 1936 τούτο
3680 1849 3741 1948 ἐξ
3764 1849 4039 1952 ⁷ἀνάγκης

779 1965 1039 2018 mandata
1077 1963 1143 2016 ad
1175 1961 1598 2034 gubernandum
1629 1963 1938 2018 exercitum
1963 1964 2134 2016 multa
2169 1964 2358 2033 requi-

775 2055 867 2119 rit,
887 2061 942 2108 et
977 2055 1256 2124 cognitum
1298 2053 1554 2108 hostibus
1588 2054 1873 2122 copiarum
1905 2063 2226 2108 nostrarum
2261 2053 2358 2108 ad-

777 2157 1004 2201 ventum
1047 2146 1199 2210 facit,
1227 2156 1514 2216 propterea
1574 2161 1643 2200 ne
1689 2146 1755 2199 ad
1795 2144 2054 2209 frontem,
2087 2145 2142 2200 id
2170 2155 2254 2200 est
2290 2146 2358 2201 ad

773 2239 1123 2293 latitudinem
1158 2240 1408 2303 multam,
1441 2238 1538 2292 sed
1570 2236 1638 2291 ad
1675 2252 1871 2302 cornu,
1921 2238 1976 2292 id
2035 2245 2121 2293 est
2159 2236 2226 2292 ad
2276 2237 2360 2291 di-

773 2338 985 2384 rectam
1035 2328 1235 2394 aciem,
1288 2327 1753 2397 quemadmodum
1803 2327 1858 2380 in
1905 2329 2271 2384 contubernio
2305 2337 2361 2386 et

774 2420 1058 2490 manipulo
1109 2419 1189 2485 ﬁt,
1230 2418 1525 2474 altitudine
1567 2419 1852 2488 copiarum
1892 2418 2142 2475 studiose
2179 2434 2362 2477 asser-

775 2523 924 2566 vata.

841 2604 911 2658 27
961 2601 1064 2659 Ubi
1092 2618 1261 2674 prope
1274 2604 1462 2659 hostes
1482 2604 1684 2658 venerit
1708 2603 2006 2666 exercitus,
2025 2604 2166 2659 clam
2195 2611 2362 2674 atque

773 2695 991 2748 occulte
1020 2695 1092 2747 ad
1119 2695 1420 2764 requietem
1454 2695 1616 2749 dabis
1656 2696 1985 2758 exercitum,
2021 2703 2077 2749 et
2111 2711 2209 2764 pro
2241 2697 2351 2751 loci

775 2787 988 2841 ratione
1019 2787 1192 2840 aciem
1231 2787 1472 2849 instrue,
1507 2784 1706 2839 deinde
1759 2800 1856 2853 per
1905 2785 2043 2841 duos
2090 2794 2187 2840 aut
2249 2797 2360 2844 tres

775 2879 892 2933 dies
943 2877 1318 2932 incursionem
1355 2875 1540 2940 facito,
1576 2888 1683 2927 non
1737 2873 1794 2928 in
1850 2888 2042 2928 omnes
2093 2885 2277 2944 partes
2307 2889 2362 2932 et

773 2977 1010 3039 quatuor
1043 2971 1212 3023 latera
1252 2967 1548 3032 exercitus,
1589 2981 1659 3020 ne
1681 2965 1897 3021 obsessi
1919 2965 2165 3036 undique
2187 2976 2352 3036 atque

774 3061 1062 3116 interclusi
1117 3067 1389 3129 cogantur
1457 3059 1512 3111 in
1569 3057 1899 3112 densitatem
1933 3063 1990 3111 et
2017 3059 2354 3114 contrahan-

775 3161 886 3213 tur.
912 3153 1006 3208 sed
1048 3153 1405 3208 securitatem
1448 3148 1710 3214 habeant,
1773 3156 2211 3222 potestatemque
2247 3167 2353 3207 una
2381 3185 2428 3246 Ε

773 3258 839 3298 ex
872 3252 1023 3313 parte
1049 3257 1156 3312 qua
1188 3243 1356 3297 velint
1386 3240 1724 3312 aui'ugieudi.

844 3418 937 3474 28.
967 3417 1026 3472 Si
1067 3419 1478 3474 multitudinem
1514 3432 1769 3489 magnam
1802 3420 2082 3475 exercitus
2138 3422 2216 3475 tui
2265 3421 2361 3474 ha-

776 3510 930 3582 beas,
964 3523 1073 3564 una
1111 3512 1227 3565 sola
1269 3519 1366 3564 aut
1399 3512 1571 3564 altera
1604 3511 1839 3564 buccina
1870 3519 2052 3576 sonet,
2081 3519 2141 3564 ut
2171 3513 2359 3568 hostes

778 3609 833 3654 te
864 3609 1060 3669 putent
1090 3615 1317 3670 parvum
1351 3600 1556 3655 habere
1605 3603 1932 3665 exercitum,
1963 3610 2018 3655 et
2066 3599 2356 3671 decipian-

775 3701 890 3746 tur.
922 3693 1019 3747 Sin
1077 3709 1307 3758 parvum
1367 3693 1574 3748 habeas
1605 3693 1935 3757 exercitum,
1968 3694 2156 3763 plures
2218 3695 2353 3749 huc-

776 3787 916 3840 cina‘:
943 3795 1162 3850 sonent,
1213 3795 1273 3840 ut
1333 3799 1587 3856 magnam
1651 3785 2059 3840 multitudinem
2110 3784 2349 3841 hostium

777 3873 966 3927 venire
997 3874 1361 3928 arbitrentur.

847 3965 940 4020 29.
989 3966 1194 4037 Capias
1219 3965 1489 4034 quasdam
1525 3964 1833 4020 constitues
1877 3978 1943 4020 eo
1996 3972 2244 4034 tempore
2293 3965 2360 4020 ad

779 4075 976 4115 manus
1003 4059 1376 4114 conserendas
1409 4057 1643 4123 habiles,
1688 4071 1923 4129 quaeque
1971 4070 2105 4112 suos
2154 4058 2356 4113 iterum

782 4152 1076 4209 redeuntes
1103 4151 1396 4221 excipiant.

843 4457 936 4511 30.
956 4452 1304 4508 Incuisiones
1331 4452 1386 4506 in
1412 4451 1624 4515 hostes,
1663 4451 1708 4504 si
1731 4451 1946 4520 equites
1963 4451 2098 4516 sint,
2127 4458 2245 4505 tuto
2276 4450 2361 4505 fa-

2461 1974 2713 2044 κραυγὰς
2762 1975 2858 2028 καὶ
2918 1975 3183 2045 μανδάτα,
3235 1973 3379 2027 ὥστε
3433 1976 3527 2028 καὶ
3574 1974 3883 2043 εὕγνωστον
3933 1979 4037 2038 τοῖς

2459 2067 2675 2136 εχθροίς
2707 2067 2804 2137 τὴν
2836 2067 3143 2138 παρουσίαν
3188 2065 3282 2119 τοῦ
3327 2067 3563 2136 στρατοῦ
3616 2067 3904 2134 γενέσθαιο
3956 2068 4040 2121 διὰ

2457 2158 2617 2212 τοῦτο
2643 2158 2749 2230 χρὴ
2790 2159 2867 2229 μὴ
2910 2159 3003 2211 ἐπὶ
3059 2159 3310 2228 μέτωπον
3340 2160 3506 2228 ἤγουν
3544 2160 3636 2211 ἐπὶ
3661 2160 3878 2230 ικταμα
3909 2162 4037 2214 πολὺ

2459 2249 2538 2309 είς
2572 2247 2801 2310 πλάτος,
2839 2247 2975 2301 ἀλλὰ
3021 2247 3116 2300 ἐπὶ
3145 2249 3336 2319 κέρας,
3393 2248 3670 2302 τουτέστιν
3713 2250 3809 2302 ἐπὶ
3856 2250 4039 2321 ὀρθίαν

2462 2339 2790 2410 παράταξιν,
2851 2341 2928 2402 ὡς
2966 2339 3060 2391 ἐπὶ
3089 2339 3251 2402 άκίας
3303 2340 3397 2393 καὶ
3447 2339 3634 2409 στίχου
3679 2341 3822 2394 κατὰ
3876 2341 4038 2412 οὐρὰν

2458 2430 2708 2502 ἀλλήλων
2738 2432 3083 2502 περιπατεῖν,
3119 2429 3361 2501 δηλονότι
3391 2430 3487 2484 τοῦ
3541 2431 3740 2503 βάθους
3783 2434 3904 2503 ἦτοι
3947 2434 4037 2486 τοῦ

2460 2521 2671 2592 πάχους
2708 2521 2807 2590 τῆς
2834 2521 3043 2588 τάξεως
3079 2520 3513 2593 φυλαττομένου.

2531 2613 2633 2676 κζ’.
2687 2614 2796 2665 Καὶ
2843 2614 2971 2666 ὃταν
3031 2614 3261 2684 πλησίον
3331 2613 3444 2667 τῶν
3502 2613 3714 2684 ιχθρῶν
3782 2616 3962 2688 φθάσῃ
4012 2617 4040 2668 ό

2460 2705 2711 2776 στρατὸς,
2766 2706 2888 2758 τότε
2937 2706 3260 2776 λεληθότως,
3312 2707 3407 2758 καὶ
3455 2707 3742 2774 κρυφαίως
3795 2707 4039 2760 ἀνάπαυε

2460 2796 2658 2858 αὐτοὺς
2705 2796 2802 2849 καὶ
2852 2795 3096 2866 δρθωσον
3154 2796 3252 2867 τὴν
3297 2795 3493 2862 τάξιν,
3544 2801 3640 2850 καὶ
3695 2799 3772 2862 ὡς
3813 2800 3843 2852 ό
3886 2801 4038 2863 τόπος

2461 2885 2793 2956 ἐπιδέχεται,
2836 2888 2943 2940 είτε
2975 2886 3063 2941 διὰ
3111 2887 3206 2939 δύο
3235 2886 3371 2957 (29),
3408 2887 3518 2940 εἶτε
3549 2888 3639 2942 διὰ
3663 2891 3836 2958 τριῶν
3865 2893 4040 2961 μερῶν

2458 2979 2558 3048 τὴν
2588 2979 2877 3033 ἑπέλευσιν
2906 2981 3173 3048 ποίησον·
3217 2979 3337 3032 οὐδὲ
3389 2982 3501 3048 γὰρ
3556 2979 3699 3034 κατὰ
3761 2982 3874 3034 τῶν
3920 3000 4038 3035 τεσ-

2461 3071 2645 3142 σάρων
2679 3071 2862 3143 μερῶν
2897 3072 3077 3141 χρεία,
3117 3071 3314 3142 ἵναμὴ
3342 3072 3884 3143 περιλαμὸανόμενοι
3908 3093 4038 3127 παν-

2459 3163 2684 3233 ταχόθεν
2721 3165 2771 3215 οί
2825 3163 3014 3234 ἐχθροὶ
3043 3165 3109 3216 ὲκ
3159 3164 3541 3233 περιστάσεως
3591 3165 4036 3235 συμφράξωνται,

2460 3254 2578 3307 ἀλλ’
2613 3255 2704 3309 ἵνα
2760 3255 2956 3326 ἔχωσιν
3006 3256 3196 3311 ἄδειαν
3235 3255 3300 3309 δι’
3328 3256 3448 3318 ἐνὸς
3492 3256 3692 3327 μέρους
3720 3259 3770 3310 οί
3803 3259 4039 3320 θέλοντες

2460 3342 2704 3412 φεύγειν.

2528 3434 2638 3504 κη’.
2683 3436 2794 3490 Καὶ
2817 3437 2938 3489 τότε
2969 3435 3065 3489 ἐὰν
3108 3436 3313 3506 πλῆθος
3345 3437 3476 3508 ἔχῃς
3510 3437 3744 3508 στρατοῦ
3777 3439 3839 3492 τὸ
3877 3440 4037 3508 ιπερ-

2459 3527 2709 3598 χόμενον,
2741 3526 2796 3578 ἓν
2817 3528 2851 3596 ἢ
2885 3528 2977 3580 καὶ
2991 3527 3243 3598 δεύτερον
3281 3528 3550 3582 ίσούκινον
3578 3528 3692 3597 (50)
3726 3529 4036 3598 παρασκεύ-

2462 3616 2563 3680 αζε
2599 3617 2801 3680 λαλεῖν,
2835 3617 2921 3669 ἵνα
2946 3616 3082 3687 πρὸς
3113 3616 3294 3684 ὀλίγον
3325 3618 3554 3687 στρατὸν
3588 3616 3874 3679 δοκοῦντες
3905 3617 4038 3685 ἔχειν

2459 3709 2836 3763 λανθάνωνται
2895 3709 2946 3760 οἱ
3004 3707 3274 3777 πολέμιοι.
3322 3708 3384 3760 Ei
3449 3709 3506 3760 δὲ
3574 3707 3756 3775 ὀλίγον
3819 3708 4038 3777 στρατὸν

2459 3802 2612 3873 εχῃς.
2661 3801 2882 3854 πλείονα
2913 3799 3137 3870 βούκινα
3167 3799 3523 3865 λαλείτωσαν,
3567 3800 3656 3853 ἶνα
3700 3800 3906 3868 πλῆθος
3958 3817 4036 3854 νο-

2463 3894 2723 3966 μίζωνται
2748 3892 2809 3946 τὸ
2828 3892 3215 3962 ἐπερχόμενον.

2533 3982 2634 4037 κθ’.
2693 3983 2815 4053 Χρὴ
2867 3981 2926 4034 δέ
2975 3998 3034 4034 σε
3068 3981 3287 4045 πάντως
3331 3980 3564 4052 δύναμίν
3616 3998 3739 4035 τινα
3788 3981 4034 4050 συνιστᾷν

2467 4076 2702 4150 στρατοῦ
2759 4079 2858 4148 τὴν
2908 4076 3242 4147 μιγνύουσαν
3292 4079 3481 4147 χεῖρας
3540 4077 3684 4132 κατὰ
3738 4078 3842 4148 τὴν
3894 4077 4034 4148 ῶραν

2460 4170 2702 4239 ἐκείνην,
2726 4166 2863 4221 ἀλλὰ
2889 4169 2984 4220 καὶ
3016 4166 3290 4236 εὐκαίρως
3329 4165 3650 4236 ίσταμένην,
3675 4167 3769 4220 καὶ
3797 4166 4034 4235 ὀφείλου-

2463 4279 2564 4315 σαν
2584 4260 2731 4327 τοὺς,
2753 4260 2830 4322 ὡς
2847 4258 3018 4324 εἰκὸς,
3045 4260 3483 4328 προστρέχοντας
3501 4258 3567 4312 ὲκ
3590 4255 3698 4312 τῶν
3717 4256 3867 4311 ἰδίων
3887 4273 4035 4327 προσ.

2460 4353 2734 4424 δέχεσθαι.

2533 4441 2599 4498 λ’.
2655 4443 2766 4505 Τὰς
2821 4442 2878 4496 δὲ
2923 4440 3067 4496 κατὰ
3120 4439 3506 4512 καδαλλαρίων
3557 4437 3769 4508 ἑχθρῶν
3823 4436 4034 4504 ἐφόδους

777 4546 916 4607 cias,
948 4543 1108 4612 quasi
1141 4541 1207 4596 ad
1238 4540 1511 4611 publicam
1548 4553 1781 4609 pugnam
1817 4539 2161 4607 procederes,
2209 4548 2267 4593 ut
2305 4542 2353 4594 si

2468 4535 2706 4605 μάλιστα
2760 4532 3018 4600 ἀσφαλῶς
3059 4531 3215 4585 ποιοῦ
3262 4534 3359 4586 καὶ
3402 4532 3479 4594 ὼς
3522 4530 3617 4581 ἐπὶ
3641 4527 3910 4598 δημοσίας
3939 4526 4034 4595 μά-

775 4636 1090 4707 progrcssio
1123 4641 1217 4685 tua
1251 4631 1436 4686 minus
1467 4629 1700 4684 feliciter
1728 4629 1996 4698 procedit,
2029 4628 2123 4683 sed
2161 4630 2348 4685 hostes

773 4725 1194 4796 pra'settientes
1249 4721 1540 4775 adversum
1599 4728 1651 4774 te
1703 4719 2075 4783 instruantur,
2112 4719 2166 4772 in
2223 4735 2346 4774 sus-

2461 4641 2563 4694 χης
2594 4639 2608 4654 ⁸
2661 4623 2751 4675 ἵνα
2780 4623 2876 4674 ἐὰν
2904 4622 2974 4672 τὰ
2999 4622 3098 4691 τῆς
3130 4621 3321 4689 ἐφόδου
3373 4621 3449 4689 μὴ
3480 4617 3624 4671 κατὰ
3662 4617 3868 4670 σκοπόν
3912 4633 4034 4686 προ-

2454 4716 2610 4785 έλθῃ,
2649 4714 2766 4768 ἀλλ’
2805 4715 2855 4766 οἱ
2895 4713 3145 4784 πολέμιοι
3196 4711 3621 4783 προαισθόμενοι
3663 4707 4035 4778 ἀντιπαρατάο

769 4826 930 4886 cepto
961 4813 1151 4885 praclio
1181 4811 1342 4883 quasi
1398 4821 1701 4880 imparatus
1748 4818 1843 4863 aut
1880 4809 2182 4879 dissipatus
2234 4825 2344 4865 non

2457 4810 2673 4875 ξωνται,
2715 4806 2790 4877 μὴ
2819 4805 3134 4875 ὲλαττωθῇς
3188 4805 3247 4856 ιν
3303 4805 3372 4873 τῇ
3428 4801 3726 4873 κινουμένῃ
3771 4802 3919 4871 μάχῃ
3965 4799 4062 4904 ὡς⁸

773 4920 1073 4960 δυοετετιε.

912 4922 1073 4960 reris.

841 4922 931 5049 gl.
966 4995 1022 5049 Si
1059 4995 1247 5049 hostes
1281 4994 1490 5062 pedites
1521 4990 1746 5055 fuerint,
1779 4989 1859 5044 tui
1888 4997 2070 5044 autem
2105 4990 2341 5061 equites,

774 5097 986 5143 certum
1014 5094 1099 5141 est
1133 5086 1219 5140 vel
1254 5093 1307 5139 te
1334 5087 1517 5141 hostes
1545 5085 1824 5148 laesurum,
1878 5084 1960 5138 vel
2001 5083 2120 5139 sine
2172 5085 2351 5140 oﬂ‘en-

2449 4899 2838 4970 ἀπαράσκευος
2867 4895 2964 4949 καὶ
2985 4895 3294 4963 ἁνέτοιμος.

2547 4988 2651 5043 λα’.
2693 4987 2821 5041 Ἐὰν
2853 4987 2963 5058 γὰρ
3002 4985 3159 5050 πεζοὶ
3195 4980 3329 5039 ὦσιν
3371 4982 3423 5034 oi
3463 4982 3716 5047 ἐναντίοι,
3767 4978 4032 5034 καδαλλὰ-

2463 5097 2570 5152 ριοι
2616 5078 2676 5132 δὲ
2703 5077 2755 5131 οί
2796 5075 2938 5148 μετὰ
2991 5074 3087 5129 σοῦ
3139 5072 3522 5145 ἑπερχόμενοι,
3554 5070 3821 5142 πρόδηλόν
3872 5071 4029 5129 ἐστιν,

2310 5231 2538 5292 ΝΟΤΕ.

810 5353 956 5426 ιβθ)
983 5353 1120 5426 Εἴτε
1149 5351 1246 5405 διὰ
1274 5352 1404 5426 δύο.
1433 5350 1647 5426 Scribe,
1678 5345 1907 5426 llta‘at?
1931 5348 2043 5401 δύο,

780 5455 783 5457 -
997 5425 1316 5478 πύκα-ον.
1372 5423 1773 5484 llescriherem,
1796 5419 2074 5543 εούκινον,
2111 5419 2186 5472 uti
2221 5432 2320 5488 pas

780 5499 871 5543 :im
907 5505 1024 5543 mlo
1078 5495 1183 5543 hoc
1244 5494 1406 5543 libro.
1436 5501 1488 5543 et
1518 5506 1616 5543 oro
1643 5505 1759 5543 aevo
1839 5491 2014 5542 conis.
2051 5487 2156 5543 Sed
2207 5488 2320 5542 inhi

766 5487 871 5553 sim
907 5487 1024 5550 toto
1078 5495 1183 5548 hoc
1244 5494 1406 5554 lihro,
1436 5501 1488 5546 et
1517 5506 1616 5561 pro
1643 5505 1759 5544 aevo
1796 5487 2014 5561 Leonis.
2051 5487 2156 5543 Sed
2207 5487 2354 5542 inhi-

768 5569 898 5622 bcnt
925 5582 1008 5618 uie
1041 5564 1288 5633 magistri
1315 5560 1528 5633 Gmci.’
1549 5563 1748 5633 Suiilas
1774 5577 1790 5633 :7
1815 5560 2122 5633 ⁸Ἰὁύκινον,
2175 5575 2356 5633 μουσι-

769 5638 888 5698 κον,
919 5629 1168 5699 ὃργανονξ
1191 5634 1298 5686 ἀπὸ
1327 5632 1536 5685 ίϐύκου.
1582 5631 1739 5693 llinc,
1784 5629 2065 5693 ί6υκινείν,
2098 5638 2151 5684 et
2179 5629 2356 5680 ίδυκι-

766 5687 964 5776 ngs'w'
1000 5687 1631 5782 l‘ltymologici“Auctor:
1671 5687 2008 5782 Ίξιαινίσαι,
2049 5687 2188 5782 ὅπερ
2219 5700 2359 5779 κατὰ

770 5770 1088 5852 iis-11:;ch
1123 5776 1179 5826 λέ
1224 5770 1341 5825 εἶξαι
1368 5770 2033 5852 βουκινίσαι.ἸΙυδμίιιμιε
2061 5788 2072 5798 ·
2093 5770 2360 5852 Ἰϐυκινῆο

770 5841 891 5922 δαι,
926 5841 1378 5915 ’έξτευφημησας
1435 5847 1644 5912 βοησαι.
1706 5842 1858 5905 ltcut,
1914 5841 2247 5908 ἰϐυκινητὴς,
2309 5848 2361 5894 cl

2454 5341 2807 5412 ίδυκινάτωρ.
2848 5342 3056 5396 Auctor
3113 5342 3361 5397 incertus
3394 5354 3423 5394 a
3467 5340 3536 5395 ud
3583 5339 3811 5395 Suidam
3845 5359 3858 5393 :
3887 5340 4031 5392 Κατὰ

2454 5418 2554 5473 τὴν
2582 5412 2901 5473 συμπλοκὴν
2933 5412 3043 5464 τῶν
3084 5413 3309 5465 Κελτῶν
3355 5356 3495 5473 «pg;
3530 5409 3842 5473 Ῥωμαίους
3867 5409 4031 5473 ἀναρί-

2449 5418 2554 5485 τὴν
2582 5409 2901 5485 συμπλοκὴν
2933 5412 3043 5485 τῶν
3063 5413 3329 5485 -Κελτῶν-
3355 5409 3495 5485 πρὶς
3530 5409 3846 5485 Ῥωμαίους
3867 5409 4031 5485 ἀναρί-

2458 5477 2666 5555 θμητον
2793 5477 2869 5533 τό
2887 5481 3001 5555 τῶν
3029 5481 3371 5555 ίδυκανητῶν
3405 5477 3499 5555 καί
3522 5477 3888 5555 ,σαλπιγκτῶν
3909 5477 4031 5555 πλῆο

2455 5549 2572 5617 θὸςζ
2604 5549 2840 5605 Basilius
2866 5552 3121 5618 patritius
3143 5552 3197 5605 in
3234 5549 3623 5604 Naumachicis
3657 5564 3673 5600 :
3705 5549 4031 5619 Προσθετέσν

2455 5625 2512 5678 δὲ
2531 5616 2760 5683 τούτοις
2790 5616 2883 5674 καί
2902 5622 3262 5691 τριηραύλην,
3303 5621 3397 5674 καὶ
3424 5616 3768 5691 κελευστὴν(
3791 5619 3950 5691 Ἐστι
3981 5616 4030 5668 δὲ

2458 5698 2484 5748 ὁ
2517 5688 3058 5763 μὲνηίδουκινάτωρζ
3094 5691 3151 5744 '0
3175 5691 3253 5763 δὲ,
3277 5693 3304 5763 ό
3332 5691 3396 5763 τὸ
3424 5688 3749 5763 φλάμουλον
3771 5689 4025 5763 κατέχων.

2465 5758 2768 5833 Ilosychius
2808 5763 2876 5815 ab
2950 5758 3058 5824 ἰδυ,
3123 5761 3382 5833 adverbio
3439 5758 3660 5824 Ionico;
3717 5759 3920 5815 Suidas
3971 5758 4030 5808 ab

2462 5831 2622 5905 lbyco
2649 5833 2729 5887 im
2743 5840 2887 5886 cuto:
2902 5847 2930 5887 c
2962 5848 3157 5887 nomen
3188 5831 3417 5886 derivat.
