4176 6442
165 427 266 489 9‘21

1195 425 1527 484 TACTICA.
1565 451 1630 462 —
1666 424 2179 487 CONSTITUTIO
2210 428 2397 488 XVII.

3349 430 3456 494 92?.

162 539 247 590 ὅτι
281 538 314 607 ἢ
344 537 571 607 βλάψεις
603 535 715 607 (51)
744 535 869 598 τοὺς
902 533 1201 599 ἐναντίους,
1229 537 1528 606 ἥάὗλαϐὴς
1554 539 1750 607 ἀναχω-

1871 539 2024 594 sione
2054 541 2454 605 discessurum,
2484 553 2607 594 cum
2635 541 2844 611 pedites
2873 541 3089 614 insequi
3119 542 3257 597 alios
3286 548 3448 615 equi-

166 629 380 697 ρήσεις,
436 628 545 680 τῶν
579 627 761 692 πεζῶν
800 627 1018 680 διώκειν
1063 629 1192 689 τοὺς
1239 628 1637 700 κασαλλαρίους
1689 630 1752 682 οὐ

161 718 504 789 δυναμένων.

234 809 338 877 ψ’.
373 810 436 864 Ei
457 809 513 863 δέ
545 809 907 881 κασαλλάριοί
926 812 1064 865 εἰσιν
1087 811 1183 865 καὶ
1200 811 1248 864 oi
1278 811 1534 876 ἐναντίοι,
1559 812 1664 882 χρή
1693 829 1752 865 σε

161 901 304 968 πρὸς
329 902 400 956 τά
431 902 812 972 συμϐαίνοντα
839 903 1100 966 πολλάκις
1125 904 1342 958 ἐναντία
1364 902 1584 974 ἕτοιμον
1614 899 1755 957 εἶναι

162 995 260 1045 καὶ
285 996 832 1064 παρεσκευασμένον.

235 1084 340 1153 λγ.
377 1085 437 1138 Εἰ
466 1085 522 1139 δέ
546 1089 604 1139 ἐν
633 1088 788 1139 νυκτὶ
822 1085 1012 1155 ἔφοδος
1037 1086 1260 1158 γένηται
1289 1088 1433 1141 κατὰ
1457 1089 1750 1156 φοσσάτου,

164 1172 283 1226 εἴτε
315 1175 376 1226 ἐν
402 1175 609 1245 ἡμέρᾳ,
642 1174 674 1244 ἢ
703 1175 846 1228 κατά
895 1174 1211 1237 ὁδευόντων.
1264 1177 1296 1248 ἢ
1334 1177 1474 1230 κατὰ
1512 1177 1751 1245 τούλδου,

162 1265 246 1318 δεῖ
280 1267 638 1336 ἀφωρισμένα
671 1268 929 1336 τάγματα
962 1268 1108 1337 ἔχειν
1158 1285 1218 1321 σε
1269 1269 1406 1340 πρὸς
1447 1269 1754 1340 διαρπαγὴν

162 1357 277 1412 τῶν
303 1357 647 1428 πραγμάτων
673 1373 687 1387 ⁸
724 1358 810 1410 ἵνα
846 1361 921 1428 μὴ
953 1359 1035 1422 είς
1062 1359 1221 1412 τοῦτο
1253 1361 1470 1415 πάντων
1501 1364 1753 1433 ἀσχολου-

167 1449 394 1517 μένων,·
419 1448 705 1516 ἐπέλευσις
739 1453 845 1506 ὑπὸ
896 1452 1108 1525 ἐχθρῶν
1143 1454 1390 1526 γένηται,
1437 1458 1533 1510 καὶ
1574 1458 1755 1511 κινδυ-

163 1543 336 1616 νεύσῃ
363 1546 392 1598 ὁ
438 1531 690 1617 στρατός.

234 1636 332 1690 λδ’.
375 1638 486 1702 Τάς
532 1639 588 1692 δὲ
642 1638 900 1703 τοιαύτας
951 1640 1174 1709 ἐφόδους
1213 1641 1312 1706 τὰς
1363 1641 1616 1712 μείζονας
1656 1643 1754 1713 μὲν

164 1728 260 1779 καὶ
317 1728 530 1793 τελείας
578 1730 645 1783 δι’
685 1729 882 1784 ἑαυτοῦ
943 1735 1177 1804 ποιήσῃς
1209 1748 1221 1762 ⁶
1277 1734 1504 1787 δυνατὸν
1561 1735 1617 1787 δέ
1673 1753 1754 1788 σοι

163 1820 372 1890 μᾶλλον
437 1822 533 1875 καὶ
588 1823 678 1877 διὰ
739 1820 1105 1895 τουρμά⁶ρχων
1164 1825 1274 1877 τῶν
1330 1825 1424 1878 ἐπὶ
1489 1827 1754 1890 τοιούτοις

1866 642 1950 687 tes
1980 648 2091 686 non
2120 632 2359 703 possint.

1931 808 2020 862 32.
2061 807 2157 862 Sin
2190 808 2404 876 equites
2430 810 2617 866 hostes
2651 808 2876 872 fuerint,
2912 822 3131 882 oportet
3155 822 3210 870 te
3234 815 3302 869 ad
3338 829 3458 870 om-

1862 912 1962 953 nes
1988 914 2154 954 casus
2195 899 2463 956 adversos
2493 909 2807 972 promptum
2837 911 2891 956 et
2928 915 3177 972 paratum
3201 921 3347 963 esse.

1934 1077 2025 1132 3'5.
2076 1075 2132 1132 Si
2169 1078 2404 1134 interdiu
2439 1088 2533 1133 aut
2569 1090 2734 1135 noctu
2786 1081 3030 1136 incursio
3060 1081 3114 1135 in
3160 1091 3374 1146 castra,
3402 1086 3453 1141 in

1864 1169 2277 1237 impedimenta,
2312 1170 2365 1224 in
2406 1172 2610 1226 milites
2641 1174 2746 1227 iter
2773 1172 3042 1227 facientes
3073 1172 3254 1239 fuerit,
3300 1190 3456 1244 sepa-

1863 1269 2014 1315 ratas
2037 1263 2304 1331 quasdam
2345 1265 2603 1316 cohortes
2643 1264 2706 1316 ad
2743 1279 2926 1318 rerum
2962 1265 3328 1335 direptionem
3363 1267 3457 1320 ha-

1863 1353 1992 1408 bere
2017 1355 2312 1424 oportebit,
2351 1365 2410 1407 ut
2435 1370 2500 1408 ne
2535 1357 2792 1410 omnibus
2834 1358 2934 1411 hac
2961 1359 3016 1412 in
3060 1375 3118 1415 re
3143 1361 3453 1432 occupatis,

1863 1445 2111 1500 incursio
2143 1447 2212 1499 ab
2237 1445 2478 1502 inimicis
2511 1446 2603 1498 llat
2643 1455 2697 1500 et
2729 1448 3094 1515 periclitetur.

1935 1621 2025 1676 54.
2062 1621 2418 1677 lncursiones
2447 1621 2687 1691 majores
2733 1628 2788 1676 et
2819 1621 3099 1678 absolutas
3123 1633 3177 1678 tu
3211 1624 3329 1694 ipse
3357 1640 3454 1695 per

1865 1727 1916 1773 te
1958 1717 2172 1773 facies:
2217 1718 2426 1787 poteris
2475 1717 2640 1769 etiam
2685 1731 2782 1784 per
2833 1718 3180 1771 turmarehas
3213 1719 3277 1772 ad
3312 1718 3453 1773 hanc

1866 1830 1979 1868 rem
2026 1813 2254 1868 idoneos
2290 1811 2396 1865 hoc
2439 1809 2672 1874 efficere,
2724 1811 2818 1879 qui
2851 1810 3023 1863 vicem
3052 1819 3202 1865 tuam
3235 1810 3455 1865 fortitu-

159 1908 457 1978 πράγμασι
488 1909 775 1980 χρησίμων
808 1911 979 1973 αὐτὰς
1007 1913 1274 1978 γίνεσθαι.
1305 1913 1516 1975 Οἴτινες
1582 1916 1750 1967 ἱκανοί

1859 1908 1986 1963 dine
2021 1906 2359 1976 solertiaque
2408 1919 2505 1960 sua
2539 1905 2764 1974 explere
2791 1904 3030 1976 possint.

158 2003 274 2053 εισι
318 2003 413 2055 τὸν
447 2002 537 2056 σὺν
570 2004 735 2056 τόπον
763 2005 1158 2075 ἀναπληρῶσαι
1184 2005 1274 2058 διὰ
1301 2002 1402 2075 τὴν
1432 2007 1758 2061 ἀποδεικνυ-

159 2091 337 2163 μένην
363 2095 420 2145 ἐν
451 2094 634 2157 αὐτοῖς
667 2096 761 2148 καὶ
792 2094 1046 2166 ἀνδρείαν
1077 2097 1172 2148 καὶ
1201 2097 1506 2166 ἀγχίνοιαν.

230 2183 330 2240 λε’.
379 2187 504 2242 Ἐἀν
530 2189 584 2240 δέ
615 2189 671 2241 ἐν
704 2191 769 2258 τῇ
798 2189 904 2241 τῶν
937 2188 1212 2259 πολεμίων
1247 2189 1403 2262 χώρᾳ
1455 2192 1756 2245 εἰσϐάλλων

157 2277 465 2348 ὁδοιπορεῖν
521 2280 721 2351 μέλλῃς
755 2281 932 2333 ἐκεῖσε
990 2282 1084 2334 καὶ
1130 2282 1444 2351 πραιδεύειν
1485 2283 1596 2353 (52)
1631 2283 1757 2352 βλά-

158 2368 263 2438 6ης
307 2370 439 2432 ἰδίας
473 2374 666 2442 χωρὶς,
699 2373 915 2443 πρῶτον
947 2375 1045 2442 μὲν
1079 2375 1210 2428 ἴδιον
1243 2376 1339 2428 καὶ
1358 2377 1611 2445 ἁρμόδιον
1641 2379 1753 2446 (55)

159 2462 354 2532 καιρὸν
385 2463 729 2530 ἐπιλεύσσου,
758 2459 913 2527 οὗτος
953 2467 1008 2519 δέ
1056 2467 1204 2518 ἐστιν
1262 2469 1291 2519 ὁ
1346 2467 1594 2538 ἀσφαλὴς
1653 2468 1754 2537 τῆς

157 2556 534 2627 ἐγχειρήσεως
585 2559 796 2626 καιρὸς,
861 2560 950 2611 ὅτε
1000 2557 1032 2628 ἢ
1067 2559 1359 2629 συμϐαλὼν
1389 2561 1491 2631 ήδη
1521 2564 1634 2625 τοῖς
1664 2564 1753 2631 ἐχ-

160 2647 319 2717 θροῖς
365 2648 516 2719 μάχῃ
547 2650 861 2720 ἐκράτησας
912 2649 1114 2714 αὐτῶν,
1164 2650 1196 2720 ἢ
1239 2651 1482 2723 νομίσεις
1526 2654 1605 2706 ὅτι
1653 2656 1753 2708 οὐκ

157 2740 268 2790 εἰσὶ
288 2738 505 2792 δυνατοὶ
529 2739 664 2810 πρὸς
685 2741 783 2809 τὴν
811 2743 908 2811 σὴν
937 2741 1189 2812 δύναμιν,
1216 2744 1249 2815 ἢ
1282 2745 1411 2796 ὅταν
1443 2745 1750 2816 ἀνετοίμοις

155 2831 346 2894 αὐτοῖς
381 2832 476 2885 καὶ
505 2833 916 2901 ἀπαρασκεύοις
944 2833 1118 2900 οὖσιν,
1173 2837 1455 2904 αἰφνιδίως
1507 2838 1752 2908 ἐπιτεθῆ-

156 2939 243 2975 ναι
278 2922 606 2992 μελετήσῃς,
647 2923 722 2985 ῶς
759 2924 858 2994 ήδη
895 2926 1253 2995 προείπομεν.

231 3012 348 3078 λς’.
405 3015 538 3067 Δέον
588 3032 646 3066 σε
699 3016 806 3085 πρὸ
857 3016 1096 3078 πάντων,
1126 3011 1170 3070 ὦ
1201 3019 1496 3089 στρατηγῇ
1533 3019 1751 3072 εἰσϐάλ-

156 3106 324 3162 λοντα
347 3109 428 3170 είς
453 3107 551 3176 τὴν
582 3108 860 3177 πολεμίων
885 3109 1008 3178 γῆν,
1043 3110 1142 3180 τῆς
1185 3111 1502 3181 ἀποτροφῆς
1532 3112 1750 3184 φροντί-

160 3215 252 3252 σαι
286 3197 384 3250 τοῦ
422 3197 678 3268 στρατοῦ,
713 3199 806 3252 κα)⁸
851 3199 884 3270 ἢ
918 3200 1006 3254 διὰ
1037 3201 1319 3274 βαπαγῆς
1371 3202 1654 3273 δημοσίας,
1710 3205 1744 3275 ἢ

155 3289 222 3342 δι’
257 3291 442 3344 αύτῶν
475 3291 588 3343 τῶν
629 3293 998 3361 στρατιωτῶν,
1028 3295 1062 3364 ἢ
1099 3295 1270 3358 ἄλλως
1307 3314 1423 3359 πως
1461 3298 1747 3367 ἐπινοῆσαι

159 3381 430 3451 βαστάσαι
477 3382 795 3452 ἀποτροφὴν
847 3383 939 3435 καὶ
991 3383 1204 3452 ἀλόγων
1254 3386 1346 3439 καὶ
1397 3385 1700 3455 ἀνθρώπων
1729 3404 1744 3419 ο

158 3471 246 3523 ἴνα
287 3471 365 3542 μὴ
408 3471 535 3542 περὶ
565 3471 740 3540 μέσην
771 3471 872 3541 τὴν
916 3470 1099 3543 χώραν
1152 3473 1308 3541 ἄφνω
1355 3474 1464 3526 τῶν
1515 3475 1746 3547 ἐχθρῶν,

157 3563 232 3626 ὡς
267 3563 443 3630 εἰκὸς,
481 3563 853 3633 ἀφανιζόντων
879 3565 948 3618 τά
979 3565 1172 3636 ἕτοιμα
1208 3565 1322 3637 εἴδη
1366 3569 1745 3641 στενοχωρηθῇ

155 3656 183 3707 ὁ
213 3656 470 3724 στρατός.

226 3743 329 3810 λζ’.
367 3746 458 3816 Μὴ
491 3745 851 3818 ἐπιτηδεύσῃς
896 3747 952 3800 δὲ
985 3749 1309 3819 νυκτερινὰς
1347 3752 1656 3822 ὁδοιπορίας
1690 3755 1747 3806 ἐν

159 3838 399 3909 πολεμίᾳ
433 3838 585 3909 χώρα
619 3840 912 3903 ποιεῖσθαι,
965 3842 1012 3892 εί
1057 3841 1132 3911 μὴ
1180 3843 1317 3913 πρὸς
1356 3845 1524 3911 ἅπαξ,
1579 3848 1747 3917 ἤγουν

159 3932 293 4001 μίαν
327 3935 421 3983 καὶ
467 3932 662 4002 μόνην,
723 3934 818 3985 καὶ
866 3932 957 3985 τοῦ
987 3933 1313 4003 λεληθότως,
1371 3938 1499 4000 ἴσως
1560 3940 1748 4009 χρείας

158 4023 471 4090 ἀναγκαίας
519 4021 794 4092 καλούσης
843 4025 927 4087 είς
977 4025 1038 4076 τδ
1085 4022 1268 4077 λαθεῖν
1318 4027 1442 4090 τοὺς
1497 4028 1744 4098 ἐχθροὺς,

156 4117 251 4168 καὶ
282 4115 448 4168 τόπον
496 4114 735 4186 δυσχερῆ
785 4117 1223 4186 προκαταλαϐεῖν
1265 4119 1424 4188 χάριν
1454 4120 1746 4190 ὀχυρώμα-

155 4223 271 4270 τος,
305 4207 341 4276 ἢ
387 4206 682 4273 παρελθεῖν
733 4209 790 4259 ἐν
847 4206 1018 4278 ἑτέρῳ
1065 4209 1218 4278 τόπῳ
1267 4209 1375 4262 τῶν
1426 4210 1637 4283 ἐχθρῶν
1670 4213 1744 4283 μὴ

154 4297 556 4370 γινωσκόντων.

226 4388 334 4458 λη’.
377 4388 648 4458 Πρότερον
675 4389 730 4442 δὲ
761 4389 1229 4460 περιεργάσασθαί
1262 4408 1320 4444 σε
1352 4392 1552 4445 δεῖκαὶ
1582 4394 1742 4464 ἐρευ-

154 4480 255 4548 νᾷν
281 4479 382 4542 τὰς
408 4479 590 4542 ὁδοὺς,
625 4480 719 4533 καὶ
740 4480 884 4534 οὕτω
909 4482 1008 4544 τὰς
1031 4482 1338 4554 ὁδοιπορίας
1369 4485 1660 4541 ποιεῖσθαι.

1930 2185 2016 2238 '55.
2057 2183 2114 2239 Si
2156 2185 2223 2239 ad
2252 2183 2734 2251 depopulationem
2763 2188 2820 2235 et
2849 2179 3243 2249 prtedationem
3280 2180 3454 2234 hosti-

1857 2276 1925 2331 lis
1953 2287 2112 2331 terra:
2148 2275 2254 2329 iter
2294 2274 2417 2327 sine
2448 2263 2752 2327 oﬂensione
2794 2279 2886 2326 tua
2923 2271 3172 2326 facturos
3200 2272 3298 2338 sis,
3335 2272 3450 2341 pri-

1857 2384 2006 2422 mum
2035 2367 2290 2420 idoneum
2325 2374 2621 2434 aptumque
2647 2371 2866 2433 tempus
2886 2363 3096 2433 eligito.
3123 2361 3238 2416 Hoc
3264 2371 3448 2417 autem

1857 2460 2118 2514 idoneum
2159 2465 2641 2528 opportunumque
2681 2464 2895 2524 tempus
2945 2455 3070 2519 erit,
3121 2470 3244 2509 cum
3278 2456 3325 2509 si
3369 2455 3450 2510 vel

1855 2552 2148 2622 conﬂigere
2177 2565 2301 2604 cum
2346 2549 2601 2604 hostibus
2649 2548 2881 2618 cogitas,
2921 2549 3105 2601 minus
3135 2547 3346 2602 habiles
3378 2547 3447 2600 ad

1856 2644 2226 2700 resistendum
2277 2642 2394 2708 [tibi
2462 2640 2832 2710 reperientur,
2887 2640 2974 2693 vel
3025 2640 3326 2708 imparatos
3362 2640 3448 2694 vel

1854 2739 2096 2791 omissos
2128 2737 2256 2790 illos
2287 2734 2560 2798 invenies,
2596 2732 3060 2802 quemadmodum
3100 2743 3230 2787 ante
3255 2732 3449 2788 admo-

1855 2831 2104 2885 nuhnus.

1922 3053 2011 3108 36.
2059 3055 2202 3106 Ante
2231 3051 2417 3104 omnia
2466 3053 2777 3120 irrupturos
2818 3049 2873 3104 in
2915 3049 3169 3105 hostilem
3217 3059 3444 3114 terram,

1851 3155 2197 3200 commeatus
2237 3159 2300 3198 ac
2337 3160 2521 3198 rermn
2566 3144 3005 3198 necessariarum
3046 3143 3312 3198 exercitui
3343 3159 3444 3197 cu-

1855 3254 1970 3292 rnm
2001 3252 2178 3307 geres,
2216 3237 2299 3289 vel
2333 3243 2392 3287 ut
2437 3235 2620 3304 aliqua
2663 3241 2886 3288 vectura
2921 3232 3222 3296 communi,
3271 3234 3351 3288 vel
3387 3242 3447 3288 ut

1853 3347 1883 3385 a
1931 3330 2195 3384 militibus
2226 3328 2462 3397 singulis
2493 3327 2874 3395 deportentur,
2918 3324 3024 3378 alia
3067 3326 3262 3394 quavis
3294 3336 3444 3380 certa

1853 3424 1939 3479 via
1973 3434 2088 3476 tum
2118 3422 2401 3476 hominum
2429 3429 2544 3474 tum
2575 3420 2950 3488 jumentorom
2980 3418 3240 3486 pabulum
3281 3420 3442 3474 veha-

1853 3527 1960 3579 tur,
1999 3523 2058 3568 ot
2096 3529 2166 3568 ne
2195 3528 2293 3568 sua
2325 3513 2379 3566 in
2426 3513 2653 3581 regione
2691 3510 2945 3566 hostibus
2977 3511 3159 3564 omnia
3191 3510 3258 3565 ad
3292 3525 3443 3566 com-

1853 3617 2092 3662 meatum
2148 3604 2457 3675 spectantia
2493 3603 2862 3666 vastantibus,
2894 3601 2948 3654 in
2995 3615 3223 3670 magnas
3266 3616 3440 3673 ango-

1851 3697 1986 3754 stias
2018 3705 2148 3750 tuos
2172 3693 2481 3760 adducatur
2518 3692 2816 3747 exercitus.

1924 3790 2013 3843 57.
2051 3787 2250 3842 Hostili
2275 3787 2328 3840 in
2359 3788 2582 3856 regione
2606 3800 2675 3838 ne
2697 3785 2914 3838 coneris
2943 3795 3211 3839 nocturna
3241 3781 3437 3835 itinera

1852 3881 2058 3940 facere,
2118 3877 2226 3933 nisi
2272 3877 2481 3941 semel,
2540 3875 2706 3944 idque
2749 3875 3061 3929 clanculum
3109 3873 3438 3928 necessitate

1852 3972 2192 4041 impellente,
2225 3978 2287 4022 ot
2322 3968 2512 4022 hostes
2537 3967 2729 4030 lateas,
2770 3973 2824 4018 et
2869 3965 3145 4020 dilliciletn
3191 3964 3434 4032 aliquem

1854 4064 2034 4117 locum
2070 4060 2398 4115 munitionis
2430 4059 2606 4130 gratia
2638 4059 2931 4127 anticipes,
2960 4058 3043 4113 vel
3077 4068 3134 4111 ut
3161 4056 3229 4110 ad
3261 4056 3429 4109 alium

1852 4156 2032 4211 locum
2083 4152 2449 4210 inscientibus
2483 4150 2735 4206 hostibus
2774 4158 3046 4216 transeas,

1919 4423 2015 4477 58.
2047 4420 2235 4475 Primo
2281 4417 2694 4491 perscrutanda
2755 4417 3264 4488 perlustrandazqoe
3321 4420 3422 4473 vice

1852 4524 2008 4578 sunt,
2044 4512 2251 4567 deinde
2284 4521 2403 4566 toto
2436 4511 2828 4582 ingrediendze.

227 4569 331 4626 λθ’.
373 4572 562 4624 Πᾶσαν
588 4570 646 4624 δὲ
681 4572 899 4635 πάντως
931 4574 1202 4627 ποιεῖσθαι
1251 4576 1509 4648 σπουδὴν,
1543 4579 1630 4631 ἴνα
1661 4597 1743 4632 τι·

1920 4569 2012 4661 59.
2043 4602 2279 4658 Omnino
2314 4569 2710 4657 elaborandum
2765 4602 2865 4655 abs
2913 4609 2964 4654 te
3004 4607 3110 4662 est,
3148 4607 3206 4651 ut
3259 4614 3432 4668 quos-

153 4663 252 4725 νὰς
276 4661 388 4714 τῶν
434 4665 532 4731 τῆς
560 4662 744 4732 χώρας
782 4661 1095 4734 ζωγρήσῃς,
1149 4666 1296 4730 ὅπως
1331 4669 1389 4734 ἐξ
1420 4669 1602 4722 αὐτῶν
1644 4673 1745 4743 τὴν

151 4757 266 4810 τῶν
315 4754 528 4826 ἐχθρῶν
569 4755 746 4828 μάθῃς
773 4756 1023 4826 δύναμιν,
1067 4759 1161 4812 καὶ
1197 4760 1268 4814 τὰ
1306 4761 1487 4816 αὐτῶν
1523 4763 1746 4833 βουλεύ-

156 4867 332 4920 ματα,
356 4849 410 4902 τί
433 4850 542 4918 ἄρα
571 4848 938 4913 σπουδάζουσι
965 4853 1212 4922 ποιῆσαι.

227 4939 306 5012 μ’.
349 4942 461 5005 Τὰς
491 4943 790 5012 ἐρωτήσεις
817 4943 872 4995 δὲ
903 4943 1013 4995 τῶν
1043 4946 1432 5015 κρατουμένων
1454 4948 1543 5002 διὰ
1575 4967 1740 5004 σεαυ-

150 5033 250 5087 τοῦ
277 5033 446 5098 ποίει,
473 5034 567 5086 καὶ
593 5033 668 5105 μὴ
691 5032 758 5086 δι’
791 5034 981 5106 ἐτέρου
1002 5036 1168 5099 τινός.
1202 5038 1312 5089 Καὶ
1343 5039 1452 5108 γὰρ
1484 5041 1742 5107 πολλάκις
1777 5086 1780 5088 ν

152 5130 434 5197 ἀναγκαῖά
472 5147 594 5184 τινα
639 5131 735 5183 καὶ
780 5130 934 5201 παρά
977 5133 1158 5185 πᾶσαν
1215 5133 1469 5189 ὑπόνοιαν
1500 5137 1588 5191 διὰ
1633 5139 1743 5194 τῶν

152 5221 530 5292 ἐρωτωμένων
564 5222 994 5294 ἐφανερώθησαν

227 5408 342 5473 μα’.
390 5400 552 5455 Ἀλλά
582 5401 716 5473 μηδέ
737 5404 848 5466 τοῖς
877 5403 1286 5472 προσφεύγουσι
1317 5423 1398 5460 σοι
1429 5409 1736 5480 προχείρως

154 5493 406 5559 πίστευε,
437 5492 575 5547 ἀλλὰ
614 5495 724 5558 τοῖς
771 5493 830 5560 ἐξ
864 5494 1130 5564 αίφνιδίου
1167 5497 1470 5571 ἐπιδρομῆς
1505 5519 1738 5574 κρατου-

1849 4695 1977 4750 dam
2009 4711 2075 4750 ex
2113 4695 2364 4765 hostibus
2416 4694 2644 4764 capias,
2686 4703 2851 4762 atque
2893 4707 2959 4746 ex
3019 4691 3130 4748 illis
3178 4692 3426 4746 hostium

1847 4787 2038 4855 copias
2079 4787 2444 4856 consiliaque,
2504 4796 2558 4841 et
2597 4786 2730 4857 quid
2785 4784 3060 4856 agendum
3117 4785 3430 4854 suscipiant

1848 4890 2176 4945 cognoscas.

1919 4968 2010 5022 40.
2047 4966 2126 5019 Ad
2156 4982 2253 5022 eos
2285 4966 2381 5036 qui
2416 4969 2710 5037 capiuntur
2767 4965 3150 5036 explorandos
3191 4971 3245 5019 et
3296 4977 3427 5018 exa-

1850 5057 2145 5112 minandos
2177 5057 2414 5126 teipsum
2448 5057 2763 5122 adhibebis,
2817 5072 2996 5125 neque
3034 5071 3129 5125 per
3161 5055 3300 5109 alios
3330 5054 3428 5107 deo

1851 5150 2029 5204 lectos
2062 5149 2211 5204 viros
2247 5148 2440 5204 facias.
2476 5149 2629 5218 Saepe
2661 5151 2810 5204 enim
2831 5147 3144 5204 necessaria
3178 5146 3430 5217 quaadam

1851 5245 2046 5306 praeter
2079 5237 2396 5306 opinionem
2458 5238 2728 5302 incidunt,
2787 5250 2840 5292 et
2873 5237 2942 5291 ab
2991 5238 3058 5292 iis
3098 5236 3430 5290 examinatis

1851 5326 2300 5397 proﬁciscuntur,
2335 5344 2457 5398 qna:
2486 5330 2674 5384 multis
2705 5329 2948 5400 patefieri
2997 5345 3103 5382 non
3127 5328 3355 5381 debent.

1916 5421 2006 5482 41.
2051 5418 2118 5474 Iis
2145 5421 2234 5490 qui
2270 5423 2335 5476 ad
2371 5433 2424 5476 te
2457 5422 2784 5491 confugiunt
2810 5437 2876 5476 ne
2915 5421 3081 5476 nimis
3113 5419 3271 5475 facile
3303 5434 3429 5474 cre-

1847 5510 1967 5578 das,
1998 5527 2175 5582 neque
2213 5515 2282 5568 iis
2315 5516 2409 5585 qui
2479 5517 2771 5586 repentina
2823 5516 3058 5586 quadam
3111 5512 3428 5568 incursione

1675 5710 1909 5771 NOTE.

379 5789 665 5866 eadem.
692 5792 1069 5866 Scribebatur,
1107 5796 1320 5866 βλάψει.

231 5859 344 5930 (52)
374 5861 743 5929 Ηραιδεύειν.
781 5859 1153 5936 Scribebatur,
1188 5859 1471 5942 προδεύειν

1925 5803 2038 5877 (35)
2068 5810 2176 5866 Καὶ
2199 5810 2508 5881 ἁρμόδιον.
2541 5813 2752 5871 Censeo
2786 5813 3046 5872 dolenda.
