4176 6442
769 394 876 458 923

2033 391 2309 449 LEONIS
2348 390 2806 452 PIIILOSOPHI

3918 394 4027 457 92i

764 504 1092 572 capiuntur:
1129 514 1271 569 saepe
1303 497 1447 552 enim
1481 505 1595 552 tum
1632 498 1724 565 qui
1758 497 1822 549 ad
1880 505 1932 551 te
1988 498 2326 568 confugiunt,

2447 499 2662 562 μένοις·
2706 502 2896 571 ἐπειδὴ
2948 504 3236 573 συμϐαίνει
3272 507 3629 577 πεπλασμένα
3686 510 3779 562 καὶ
3824 513 3887 565 ἐκ
3917 514 4026 565 τῶν

765 602 880 643 tum
912 591 1000 655 qui
1030 588 1347 656 capiuntur,
1371 586 1641 654 permulta
1671 585 1805 637 falsa
1837 585 2157 654 loquuntur.

835 681 925 733 £2.
968 680 1152 747 Neque
1183 676 1252 731 iis
1285 690 1407 744 quae
1459 677 1527 730 ab
1559 692 1670 730 uno
1705 676 1888 744 aliquo
1928 677 2208 736 dit-untur,
2241 676 2337 730 sed

762 786 884 840 qua:
915 784 942 821 a
982 766 1239 833 pluribus
1271 774 1672 828 memorantur,
1712 765 1930 820 credas.
1995 767 2194 819 Eorum
2239 780 2338 820 au-

760 872 867 915 tem
901 860 1322 915 consensionem
1353 861 1537 929 potius
1597 861 1853 913 attendas
1900 859 1992 928 qui
2052 858 2196 912 bello
2246 873 2337 914 ca-

760 949 1011 1018 piuntur,
1043 964 1209 1019 quam
1247 948 1337 1019 qui
1366 947 1664 1002 voluntarii
1696 945 1761 1000 ad
1786 956 1839 1002 te
1878 945 2228 1014 c0nfugiuut.

825 1125 915 1179 45.
952 1124 1059 1180 Eos
1088 1126 1179 1195 qui
1203 1126 1271 1179 ab
1297 1125 1552 1180 hostibus
1579 1128 1645 1181 ad
1684 1136 1736 1182 te
1770 1128 2121 1199 confugiunt,
2154 1138 2202 1184 el
2251 1144 2337 1185 se-

755 1227 906 1269 creta
940 1228 1101 1286 atque
1132 1217 1312 1271 abdita
1345 1220 1597 1288 quaedam
1624 1235 1682 1274 se
1716 1224 2010 1275 enuntiare
2057 1222 2196 1274 velle
2245 1222 2335 1275 di-

755 1315 910 1368 cunt,
934 1308 987 1359 in
1020 1309 1272 1363 custodia
1306 1316 1518 1375 teneas,
1543 1302 1765 1363 aut‘alia
1798 1320 1914 1363 tuta
1947 1312 2163 1366 ratione
2189 1310 2351 1380 apud'

754 1406 805 1449 te
846 1412 1063 1452 sisrves:
1091 1408 1145 1453 et
1178 1403 1489 1469 promittas,
1517 1402 1560 1454 si
1598 1415 1729 1453 vero
1762 1400 2077 1469 loquantur,
2121 1411 2173 1457 te
2210 1403 2333 1458 illos

754 1499 1211 1543 muneraturum:
1271 1493 1356 1545 sin
1419 1492 1783 1555 mentiantur,
1835 1503 2070 1548 mortem
2112 1495 2332 1549 minita-

754 1583 925 1634 beris.

731 1681 736 1683 ·
819 1673 909 1726 41.
936 1672 991 1727 Si
1056 1675 1295 1731 hostium
1337 1677 1615 1732 exercitus
1670 1679 1915 1749 cogitur,
1982 1687 2148 1747 tuque
2174 1687 2328 1732 extra

2448 593 2902 660 προσφευγόντων
2925 595 3020 646 καὶ
3044 597 3106 648 ἐκ
3128 596 3236 648 τῶν
3260 602 3646 667 κρατουμένων
3677 600 3952 668 λέγεσθαι.

2514 681 2623 749 μβκ
2680 685 2840 737 Ἀλλὰ
2892 685 3030 756 μηδὲ
3068 691 3180 751 τοῖς
3228 688 3337 742 ἀπὸ
3361 690 3478 753 ἐνὸς
3513 692 3675 761 μόνου
3707 692 4019 763 λεγομένοις

2441 773 2661 825 πίστευε
2693 775 2725 844 ἢ
2765 778 3021 847 πρόσεχε,
3071 779 3211 832 ἀλλά
3242 783 3308 850 τῇ
3353 782 3417 833 ἐκ
3454 782 3563 835 τῶν
3593 783 3859 838 πλειόνων
3884 803 4018 854 συμ-

2440 864 2616 934 φωνίᾳ
2647 865 2867 931 πείθου,
2904 869 3139 939 μάλιστα
3171 870 3228 923 δὲ
3264 872 3370 924 τῶν
3408 872 3467 937 ἐξ
3490 874 3791 944 ἐπιδρομῆς
3820 877 4021 945 ἀθρόας

2438 955 2830 1026 ἁλισκομένων,
2873 959 2948 1023 ὠς
2993 962 3241 1032 εἴπομεν,
3297 964 3440 1033 ἢπερ
3482 965 3590 1018 τῶν
3646 970 4025 1037 προσερευγόν-

2438 1066 2567 1103 των.

2511 1145 2621 1206 μγ’.
2664 1138 2807 1210 Πρὸς
2857 1138 2913 1193 δέ
2956 1140 3082 1202 τοὺς
3121 1141 3566 1212 προσφεύγοντάς
3617 1161 3699 1198 σοι
3750 1145 3864 1199 ἀπὸ
3915 1147 4024 1200 τῶν

2437 1229 2668 1300 ἐχθρῶν,
2694 1234 2787 1285 καί
2806 1248 2926 1285 τινα
2950 1233 3174 1303 μηνύειν
3196 1235 3700 1305 ἐπαγγελλομένους
3720 1240 4022 1309 μυστήρια,

2443 1320 2475 1390 ἢ
2508 1320 2564 1371 ἐν
2593 1320 2814 1389 δεσμοῖς
2842 1322 3077 1390 φύλαττε
3100 1323 3256 1388 τέως,
3283 1326 3316 1394 ἢ
3354 1325 3529 1388 ἄλλως
3553 1344 3669 1390 πως
3693 1328 3831 1394 μετά
3853 1330 4023 1396 ἀστρα-

2438 1410 2584 1474 λείας
2611 1410 2723 1481 ἔχε,
2755 1414 2849 1464 καὶ
2886 1414 3117 1483 πρόλεγε
3153 1416 3333 1476 αὐτοῖς
3355 1414 3563 1485 δωρεὰς
3584 1416 3804 1470 δώσειν-
3838 1419 3940 1471 ἐὰν
3968 1419 4021 1472 δὲ

2437 1502 2768 1570 ψεύδωνται,
2799 1504 3013 1557 ἀπείλει
3037 1506 3285 1560 θάνατον.

2508 1681 2614 1747 μδ’.
2671 1680 2799 1733 Ἐὰν
2859 1680 2916 1733 δὲ
2974 1681 3302 1750 συνέστηκεν
3352 1684 3581 1753 στρατὸς
3636 1685 3870 1757 ἐχθρῶν,
3927 1694 4019 1743 καὶ

752 1768 1115 1823 munitionem
1146 1769 1245 1830 sis,
1282 1785 1350 1823 ne
1374 1770 1598 1823 militem
1626 1772 1795 1823 ullum
1832 1771 1899 1824 ad
1934 1771 2322 1839 praedationem

2432 1769 2631 1835 ἔξωθεν
2665 1770 3038 1841 ὀχυρωμάτων
3068 1772 3263 1842 διάγῃ,
3315 1773 3390 1843 μὴ
3425 1776 3669 1845 ἐπαφιῇς
3706 1777 3816 1829 τῶν
3850 1796 4021 1848 στρα-

751 1859 1227 1929 direptionemque
1265 1861 1509 1914 hostium
1551 1862 1761 1928 mittas,
1786 1861 1880 1916 sed
1927 1863 2105 1933 primo
2133 1863 2326 1917 invade

2435 1859 2645 1911 τιωτῶν
2680 1837 2834 1922 τινας
2856 1837 2963 1913 ’ἐπὶ
3008 1837 3263 1931 ἁρπαγῇν
3379 1837 4015 1937 *πραίδανπραγμάτιυῃ

751 1950 895 2008 illos.
930 1958 983 2004 et
1014 1952 1056 2005 si
1087 1952 1225 2006 bene
1260 1953 1384 2005 belli
1417 1954 1600 2008 exitus
1656 1956 2014 2022 processerit,
2061 1970 2129 2010 ne
2173 1954 2329 2010 θίασ-

750 2058 843 2094 ras
870 2052 1105 2112 tempus.
1140 2046 1234 2099 sed
1277 2045 1404 2099 dum
1453 2025 1505 2099 in
1572 2047 1812 2099 tumultu
1870 2047 2176 2116 timoreque
2214 2040 2357 2103 lue?

748 2135 881 2200 rint,
914 2135 1330 2203 impressionem
1367 2136 1419 2190 in
1481 2137 1606 2191 illos
1645 2136 1836 2201 facies,
1891 2137 2069 2192 donec
2099 2139 2329 2193 omnino

747 2227 964 2295 disjecti
989 2230 1338 2299 dispersique
1373 2228 1598 2294 fuerint,
1623 2238 1793 2300 tuque
1822 2230 1875 2285 in
1908 2236 2027 2285 tuto
2079 2244 2144 2285 ac
2172 2238 2329 2286 extra

748 2320 1054 2388 periculum
1082 2322 1274 2378 fueris.

818 2494 908 2547 45.
944 2494 1041 2548 Sin
1096 2497 1283 2551 hostes
1331 2498 1511 2553 coacti
1576 2497 1802 2563 fuerint,
1837 2498 2086 2567 praelium
2143 2508 2325 2555 tamen

745 2599 809 2639 ac
837 2585 1249 2642 dimicationem
1279 2588 1593 2658 rejecerint,
1635 2571 1908 2646 contende
1966 2591 2176 2660 junctis
2230 2607 2327 2647 co-

744 2679 853 2748 piis
892 2680 1350 2757 atque'adunatis
1385 2682 1677 2737 adversum
1728 2699 1826 2738 eos
1850 2683 2096 2752 prodire,
2123 2695 2176 2739 et
2204 2700 2325 2755 qua:

745 2776 871 2819 ante
900 2768 1064 2833 pedes
1090 2777 1219 2822 sunt
1248 2770 1432 2822 omnia
1466 2778 1702 2824 vastare.

813 2854 903 2909 46.
931 2856 986 2910 Si
1010 2871 1104 2923 per
1125 2857 1376 2912 eamdem
1418 2860 1569 2928 viam.
1596 2860 1797 2913 reditio
1838 2868 1931 2914 tua
1985 2862 2110 2927 erit,
2146 2879 2325 2933 neque

745 2945 1004 3000 alimenta
1044 2955 1136 3000 aut
1160 2950 1439 3017 pastiones
1473 2951 1599 3005 ulla:
1630 2952 1740 3007 sint
1771 2962 2061 3021 praeterea,
2115 2972 2183 3011 ne
2209 2967 2321 3011 tum

747 3036 861 3091 lucc
893 3038 1152 3092 alimenta
1184 3054 1305 3109 quae
1335 3048 1462 3096 ante
1531 3042 1698 3113 pedes
1752 3054 1882 3099 sunt
1942 3046 2319 3115 populaberis,

744 3128 840 3183 sed
883 3130 973 3184 ubi
1016 3145 1271 3186 reversus
1306 3130 1479 3188 fueris
1515 3141 1630 3188 tum
1659 3134 1847 3202 potius
1895 3137 2169 3193 vastabis.

814 3308 905 3360 47.
945 3305 1014 3361 Ut
1048 3324 1117 3363 ne
1143 3309 1319 3363 aliena
1359 3310 1412 3364 in
1456 3311 1675 3381 regione
1708 3327 1884 3376 erres,
1916 3314 1968 3368 in
2014 3316 2324 3372 diverticu-

744 3394 811 3449 lis
849 3404 905 3450 et
931 3398 1202 3468 ambiguis
1234 3399 1337 3454 viis
1359 3399 1513 3469 signa
1542 3415 1734 3469 pones.
1771 3399 1827 3454 Si
1884 3402 2036 3457 silvae
2090 3405 2234 3460 sint:
2269 3405 2323 3461 in

741 3489 1073 3545 arboribus:
1106 3490 1151 3545 si
1181 3490 1345 3561 plana
1390 3493 1759 3561 expositaque
1814 3494 1957 3557 loca,
2002 3497 2055 3549 in
2107 3498 2323 3554 acervis

743 3582 1011 3651 lapidum,
1069 3591 1165 3638 aut
1241 3584 1681 3640 sulfossionibus
1744 3588 2073 3656 quibusdam
2135 3593 2321 3660 parvis

742 3675 983 3737 notabis,
1020 3686 1077 3730 ut
1126 3678 1220 3747 qui
1271 3686 1463 3748 postea
1512 3687 1822 3748 sequuntur
1862 3695 1930 3736 ex
1995 3683 2106 3737 tuis
2138 3684 2319 3740 minus

742 3769 1023 3823 aberrent.

813 3945 904 4000 48.
941 3944 1093 4012 Quos
1118 3946 1184 4001 ad
1207 3946 1567 4016 praeliandum
1602 3949 1979 4019 segregaveris
2010 3952 2325 4021 atqueemi-

741 4038 903 4104 seris,
948 4040 1183 4109 principe
1211 4049 1270 4093 ut
1306 4055 1375 4095 ne
1428 4056 1620 4096 omnes
1681 4042 2112 4112 praedationibus
2150 4058 2321 4098 occu-

742 4138 964 4198 pentur,
996 4130 1091 4184 sed
1122 4130 1287 4186 divisi
1322 4132 1460 4195 sint,
1501 4140 1563 4185 ut
1588 4133 1680 4187 alii
1734 4133 2079 4203 praedentur,
2141 4134 2323 4204 major

741 4240 870 4293 pars
907 4226 1131 4279 illorum
1152 4227 1422 4280 instructa
1461 4227 1526 4279 ad
1564 4227 1999 4291 custodiam,vel
2033 4238 2319 4297 sequatur,

742 4319 859 4370 sive
886 4316 939 4371 in
975 4317 1275 4387 regionem,
1311 4319 1427 4373 sive
1459 4318 1511 4372 in
1565 4326 1751 4371 castra
1798 4318 2065 4379 hostium,
2099 4319 2215 4373 sive
2265 4319 2321 4373 in

743 4418 1016 4474 armenta,
1050 4410 1166 4465 sive
1198 4411 1252 4463 in
1309 4410 1699 4480 impedimenta
1742 4410 1992 4466 incursio
2046 4411 2156 4465 ulla
2202 4410 2320 4466 ﬁat.

817 4701 906 4756 49.
934 4698 1049 4754 Iloc
1083 4706 1265 4753 autem
1287 4697 1457 4752 facies
1488 4697 1709 4766 quando
1740 4698 2016 4754 universis
2074 4713 2200 4755 cum
2228 4716 2322 4755 co-

740 4793 852 4865 piis
880 4793 945 4846 ad
982 4790 1338 4862 praeliandum
1391 4792 1664 4862 procedis,
1705 4798 1764 4846 ut
1811 4805 1881 4846 ne
1934 4805 2127 4847 omnes
2157 4794 2322 4848 simul

744 4888 797 4940 in
833 4884 1267 4956 praedationibus
1298 4893 1658 4952 aucupentur.

810 4979 899 5031 50.
927 4979 1109 5046 Atque
1133 4977 1225 5030 ubi
1269 4976 1563 5043 pabulandi
1621 4984 1839 5043 tempus
1872 4974 2064 5041 fuerit,
2098 4976 2188 5031 alii
2215 4993 2315 5047 pa-

739 5070 928 5125 bulum
956 5069 1241 5135 colligant,
1278 5067 1369 5119 alii
1396 5066 1641 5136 apparati
1680 5066 2051 5137 instructique
2079 5082 2319 5138 sequan-

739 5172 852 5229 tur,
891 5170 951 5216 ut
985 5176 1052 5215 ne
1087 5162 1134 5216 si
1172 5175 1367 5214 omnes
1419 5174 1476 5212 se
1517 5159 1581 5213 ad
1624 5159 1885 5223 pabulum
1943 5160 2315 5228 colligendum

738 5255 1131 5318 converterint,
1159 5261 1211 5306 et
1238 5252 1417 5306 subita
1458 5250 1707 5321 quaedam
1744 5252 2000 5321 irruptio,
2028 5262 2122 5305 aut
2178 5242 2320 5306 inSi-

738 5347 844 5400 diu:
867 5345 1090 5409 fuerint,
1127 5344 1229 5414 ipsi
1256 5343 1509 5413 imparati
1556 5343 1848 5413 sparsique
1901 5344 2313 5414 opprimantur,

738 5440 869 5508 quia
892 5453 1227 5493 serevocare
1280 5436 1347 5491 ad
1403 5434 1647 5491 ordinem
1703 5438 2107 5510 stationemque
2154 5452 2315 5494 suam

742 5543 851 5584 non
889 5538 1144 5600 possunt.

2432 1950 2568 2003 ἀλλά
2599 1950 2864 2021 πρότερον
2895 1952 3007 2021 (54)
3043 1953 3275 2022 ἐπέρχου
3304 1953 3422 2005 κατ’
3468 1955 3633 2008 αὐτοῦ
3654 1973 3666 1985 ·
3698 1959 3793 2010 καὶ
3823 1960 3872 2011 εί
3918 1961 4019 2029 μὲν

2432 2041 2616 2103 καλῶς
2653 2041 2844 2114 ἐξέλθῃ
2890 2042 2949 2095 τὸ
2979 2043 3073 2096 τοῦ
3106 2044 3343 2115 πολέμου
3374 2046 3566 2116 πέρας,
3601 2048 3675 2117 μὴ
3709 2050 4016 2105 ἀναϐάλλου

2433 2134 2524 2185 τὸν
2564 2135 2776 2208 καιρὸν,
2821 2135 2935 2187 ἀλλ’
2982 2136 3038 2188 ἐν
3085 2137 3195 2208 ὅσῳ
3229 2140 3287 2189 ὲν
3327 2137 3474 2207 φόϐῳ
3505 2139 3599 2190 καὶ
3629 2144 3843 2209 ταραχῇ
3876 2143 4017 2194 εἰσιν

2432 2227 2483 2278 οἱ
2512 2227 2697 2295 ἐχθροὶ
2734 2228 2979 2280 ἐπιτίθου
3013 2230 3196 2290 αὐτοῖς
3230 2228 3421 2300 μέχρις
3455 2228 3547 2281 τοῦ
3583 2230 3805 2293 τελείως
3839 2249 4014 2285 κατα-

2440 2316 2641 2368 λυθῶσι
2677 2319 2772 2370 καὶ
2815 2318 3245 2386 σκορπισθῶσιν·
3278 2319 3312 2388 ἢ
3356 2318 3620 2388 σύμφωκα
3668 2320 4019 2391 συμφέροντά

2434 2426 2515 2461 σοι
2544 2408 2809 2476 γένωνται
2835 2410 3115 2477 ἀσφαλῶς.

2503 2506 2607 2570 με’.
2659 2499 2783 2553 Ἐὰν
2834 2500 2890 2552 δὲ
2920 2500 2969 2553 οἱ
3014 2500 3199 2571 ἐχθροὶ
3247 2499 3507 2554 σύστασιν
3541 2502 3640 2571 μὲν
3672 2503 4013 2573 ποιήσωσιν,

2429 2591 2844 2643 ἀναϐάλλωνται
2888 2591 2944 2643 δὲ
2995 2590 3265 2661 συμμίξαι
3322 2592 3530 2663 μάχηνο
3586 2595 3707 2646 τότε
3744 2594 4016 2658 σπούδαζε

2427 2684 2723 2752 ήνωμένως
2771 2682 2865 2735 καὶ
2915 2683 3302 2749 ἀδιασπάστως
3348 2688 3696 2757 περιπατεῖν,
3732 2687 3830 2740 καὶ
3857 2688 3930 2740 τὰ
3956 2690 4016 2741 ὲν

2430 2774 2589 2825 ποσὶν
2613 2772 2918 2840 ἀφανίζειν.

2504 2871 2628 2932 μς¹.
2655 2865 2717 2917 Εἰ
2746 2864 2800 2917 δὲ
2831 2863 2916 2917 διὰ
2940 2864 3039 2934 τῆς
3064 2864 3319 2936 τοιαύτης
3342 2865 3462 2919 ὀδοῦ
3498 2867 3529 2937 ἡ
3567 2866 3887 2939 ὑποστροφή
3922 2886 4015 2922 σου

2430 2952 2709 3014 ἐλπίζεται
2740 2954 3017 3020 γενέσθαι,
3042 2957 3135 3007 καὶ
3166 2956 3265 3009 οὐκ
3294 2956 3431 3009 είσὶν
3454 2938 3612 3010 ἄλλαι
3642 2938 4013 3031 ἀποτροφαὶῇ

2434 3042 2647 3110 βοσκαὶ,
2681 3043 2801 3095 τότε
2830 3045 3011 3113 φείδου
3045 3046 3140 3107 τὰς
3174 3046 3231 3098 ἐν
3264 3046 3442 3110 ποσὶν,
3487 3048 3605 3117 ἦτοι
3640 3048 3700 3101 τὸ
3730 3049 4018 3117 ἀφανίζειν

2354 3168 2395 3227 C
2434 3135 2531 3196 τὰς
2580 3133 2824 3198 δαπάνας
2847 3151 2860 3164 ·
2907 3137 2964 3188 ἐν
3015 3135 3091 3206 τῷ
3128 3137 3491 3207 ὑποστρέφειν
3524 3155 3606 3207 σε,
3640 3139 3761 3193 τότε
3814 3141 4017 3210 μᾶλλον

2433 3226 2664 3295 ἀφάνιζε
2697 3226 2917 3289 ταύτας.

2506 3317 2613 3387 μζ.
2658 3319 2819 3371 Ὥστε
2872 3319 2946 3389 μὴ
2992 3321 3049 3372 ἐν
3079 3322 3146 3391 τῇ
3197 3318 3456 3391 ἀλλοτρίᾳ
3493 3324 3566 3391 γῇ
3610 3321 3921 3376 πλανᾶσθαί
3960 3341 4016 3376 σε

2427 3413 2507 3471 εἰς
2525 3410 2623 3473 τὰς
2652 3412 2827 3477 ὁδοὺς,
2863 3413 2980 3465 δέον
3004 3412 3216 3483 σημεῖά
3240 3430 3363 3465 τινα
3390 3416 3449 3465 ἐν
3471 3416 3591 3476 ταῖς
3620 3413 3757 3476 ὁδοῖς
3788 3415 3884 3467 καὶ
3908 3418 4019 3477 τοῖς

2429 3502 2755 3571 ἀμφιϐόλοις
2805 3503 3068 3557 τίθεσθαι.
3133 3505 3259 3557 Ἐὰν
3304 3505 3405 3572 μὲν
3446 3503 3568 3558 ὗλαι
3614 3506 3775 3571 εἰσὶν,
3812 3508 3872 3559 ἐν
3903 3509 4015 3569 τοῖς

2427 3593 2695 3665 δέναροις·
2729 3597 2777 3647 εἰ
2805 3594 2862 3649 δέ
2904 3595 3102 3665 γυμνοὶ
3125 3596 3173 3648 oi
3208 3594 3385 3659 τόποι,
3420 3596 3506 3649 διὰ
3548 3596 3748 3665 σωρῶν
3785 3595 4014 3667 λίθωνῆ

2430 3685 2837 3757 ὑπορυγμάτων
2892 3686 3125 3755 μικρῶν,
3187 3684 3277 3737 διὰ
3332 3684 3392 3737 τὺ
3431 3687 3900 3754 ἐπιγινώσκοντας
3947 3686 4014 3738 δι’

2432 3777 2612 3830 αὐτῶν
2655 3778 2780 3840 τοὺς
2810 3776 3187 3846 ὑστερίζοντας
3240 3778 3303 3828 ἐκ
3341 3774 3432 3828 τοῦ
3469 3774 3703 3845 στρατοῦ
3754 3776 3833 3846 μὴ
3878 3776 4015 3829 πλα-

2433 3868 2631 3921 νᾶσθαι
2664 3867 2759 3938 τὴν
2784 3867 2920 3922 ὀδόν.

2504 3967 2617 4032 μη⁹.
2662 3961 2856 4025 Ὅσους
2903 3960 2960 4014 δὲ
3002 3962 3081 4024 είς
3131 3960 3368 4032 πραίδαν
3418 3959 3689 4031 ἀφορίσῃς
3733 3960 3830 4013 καὶ
3881 3963 4017 4014 ἀπο-

2433 4052 2669 4123 στείλῃς,
2732 4050 3076 4122 παράγγελλε
3114 4052 3189 4122 μὴ
3233 4052 3440 4113 πάντας
3474 4052 3551 4113 είς
3573 4052 3669 4121 τὴν
3696 4049 4016 4122 διαρπαγὴν

2428 4142 2793 4213 ἀσχολεῖσθαι,
2826 4143 2960 4197 ἀλλὰ
2988 4142 3351 4215 διῃρημένους
3378 4138 3518 4196 εἶναι
3538 4158 3552 4171 ·
3585 4143 3671 4194 ἴνα
3696 4144 3746 4194 οἱ
3782 4143 3885 4212 μὲν
3915 4145 4017 4195 αὑ-

2430 4235 2538 4287 τῶν
2574 4233 2961 4305 πραιδεύωσιν·
2980 4234 3029 4286 οἱ
3056 4233 3113 4287 δὲ
3144 4232 3363 4295 πλείους
3384 4232 3559 4284 αὐτῶν
3591 4231 4013 4301 συντεταγμένοι

2433 4326 2679 4380 ἵστανται
2710 4328 2789 4388 είς
2819 4324 3083 4396 φυλακὴν,
3116 4325 3150 4395 ἢ
3189 4323 3696 4396 παρακολουθῶσιν,
3724 4324 3837 4375 sit:
3874 4323 4014 4375 κατά

2430 4416 2656 4487 χωρίου,
2698 4417 2809 4468 εἴτε
2838 4413 2981 4469 κατά
3019 4416 3289 4483 φοσσάτου
3324 4413 3556 4485 ἐχθρῶν,
3591 4414 3702 4465 εῖτε
3737 4412 3885 4465 κατά
3915 4413 4012 4479 ἀγ-

2356 4500 2401 4557 D
2430 4508 2594 4579 γέλης
2637 4507 2772 4579 (35),
2815 4506 2927 4559 εἴτε
2974 4508 3116 4561 κατά
3159 4506 3401 4575 τούλδου,
3456 4505 3490 4577 ἢ
3536 4505 3725 4577 ἐτέρου
3757 4504 3928 4568 τινὸς,
3974 4505 4006 4573 ή

2421 4600 2705 4663 ἐπέλευσις
2732 4598 2962 4665 γίνεται.

2495 4692 2605 4764 μθ’.
2653 4691 2826 4745 Τοῦτο
2856 4691 2913 4744 δέ
2956 4690 3099 4744 ποίει
3133 4690 3228 4744 καὶ
3268 4691 3396 4745 ὅταν
3426 4689 3706 4760 ἡνωμένου
3734 4688 3889 4751 ὄντος
3917 4688 4009 4741 τοῦ

2425 4784 2627 4846 παντὸς
2678 4782 2913 4853 στρατοῦ
2971 4782 3206 4852 πραίδας
3262 4782 3618 4852 ἐγχειρήσῃς,
3673 4780 3879 4847 είς,τὸ
3937 4779 4009 4850 μὴ

2423 4877 2632 4939 πάντας
2658 4877 2751 4928 ἐπὶ
2783 4877 2847 4946 τῇ
2875 4875 3097 4945 ἁρπαγῇ
3126 4872 3493 4943 ἀσχολεῖσθαι.

2486 4968 2548 5023 ν’.
2602 4967 2742 5021 Ἀλλ’
2771 4969 2819 5020 εί
2847 4967 2939 5020 καὶ
2971 4967 3233 5035 συλλογῆς
3262 4966 3508 5033 δαπάνης
3532 4963 3721 5033 καιρὸς
3748 4963 4006 5036 γένηται,

2416 5063 2497 5116 δεῖ
2527 5062 2655 5126 τοὺς
2688 5061 2786 5133 μὲν
2813 5060 3114 5127 συλλέγειν,
3148 5060 3271 5122 τοὺς
3318 5058 3376 5111 δέ
3408 5057 3883 5126 συντεταγμένους
3915 5058 4009 5111 καὶ

2418 5153 2943 5225 παρατεταγμένους
2978 5149 3329 5203 ἀκολουθεῖνο
3360 5148 3502 5201 ὥστε
3531 5147 3751 5202 πάντων
3786 5149 3871 5211 εἰς
3914 5148 4011 5218 ἀρ-

2421 5248 2603 5319 παγὴν
2639 5248 2672 5319 ἦ
2715 5246 2982 5315 συλλογὴν
3027 5244 3136 5297 τὼν
3163 5242 3483 5312 ἐπιτηδείων
3510 5240 3709 5312 χρειῶν
3750 5242 4011 5311 ἀσχολου-

2432 5343 2630 5412 μένων,
2664 5340 2739 5410 μὴ
2766 5336 3151 5409 αίφνιδιασμόν
3194 5353 3317 5390 τινα
3351 5335 3385 5406 ἢ
3429 5335 3729 5406 ἐγκρυμμα
3764 5334 3876 5387 ὑπὸ
3906 5334 4010 5387 τῶν

2428 5432 2684 5486 ἐναντίων
2720 5431 2900 5502 συμϐῇ
2945 5428 3239 5498 γενέσθαι·
3281 5428 3329 5479 εί
3364 5425 3473 5495 γὰρ
3502 5424 3685 5496 συμϐῇ
3731 5424 3898 5478 τοῦτο
3940 5422 4009 5493 μὴ

2428 5525 2597 5577 ὄντων
2618 5523 2797 5576 αὐτῶν
2819 5520 3289 5591 συντεταγμένων,
3330 5518 3391 5572 οὐ
3423 5517 3741 5589 δυνήσονται
3788 5515 4009 5575 ἑαυτοὺς

2428 5613 2892 5667 ἀνακαλέσασθαι.

2265 5701 2499 5760 NOTAE.

816 5799 930 5868 (35)
962 5800 1140 5855 Codex
1182 5799 1583 5857 Laurentianus
1620 5819 1726 5856 una
1759 5803 1968 5870 integra
2004 5803 2193 5854 charta
2227 5800 2315 5855 ltic
2356 5800 2582 5854 mutilus
2608 5807 2713 5856 est.

809 5872 924 5941 (35.)
960 5872 1120 5926 Κατὰ
1150 5873 1428 5941 ἀγγέλης.
1457 5873 1670 5939 Scribe,
1708 5874 1846 5926 κατὰ
1880 5871 2098 5941 ἀγέλης.
