4200 6440
130 379 253 441 925

1235 385 1540 444 TACTICA
1553 384 2148 446 .-CO.\'STITUTIO
2193 387 2318 444 XVI
2336 388 2356 445 f
2367 434 2378 447 .

3296 396 3402 459 926

210 500 320 547 να’.
364 495 531 549 Ὅταν
560 494 617 547 δὲ
647 495 752 564 χρὴ
785 494 878 546 τοῦ
906 491 1019 562 (36)
1050 497 1315 562 αἰφνιδίου
1347 498 1440 558 τὰς
1469 497 1721 565 ἐγχειρὴ-

1896 499 1984 553 51.
2016 498 2249 563 Quando
2282 498 2595 565 rcpzuttinas
2635 502 2849 569 aliquas
2904 500 3276 566 incursiones,
3322 509 3402 560 vel

135 602 263 647 σεις
322 587 462 638 κατά
513 602 678 637 τινων
708 586 986 638 Σκυθικῶν
1020 586 1054 654 ἦ
1101 604 1257 639 τινων
1300 585 1502 655 ὁμοίων
1548 584 1719 638 ἐθνῶν

131 677 445 737 ποιεῖσθαι,
468 675 557 728 διὰ
589 676 650 728 τὸ
671 677 907 747 μάλιστα
931 675 1262 742 ἀνύποπτον,
1294 675 1402 746 χρὴ
1435 678 1571 744 μετὰ
1598 693 1722 729 σκο-

132 767 251 819 ποῦ
297 768 367 819 τά
396 784 455 819 τε
487 767 623 837 δάση
673 769 768 821 καὶ⁸
809 767 907 830 τὰς
935 767 1241 837 δυσχωρίας
1290 768 1580 837 προσέχειν
1627 767 1723 820 καὶ

130 856 542 925 διερευνᾶσθαι.
612 858 720 910 Καὶ
779 856 953 919 οὕτως
1011 849 1417 927 προορδινεύείν
1489 857 1595 928 χρὴ
1655 857 1722 910 τὰ

133 946 337 1015 βάνδα,
368 948 446 1011 είς
471 947 535 1001 τὸ
560 947 762 1001 είδέναι
792 948 951 1010 αὐτὰ,
980 951 1131 1000 ποῖον
1171 947 1408 1016 πρῶτον.
1445 951 1539 1003 καὶ
1572 951 1723 1001 ποῖον

130 1038 420 1109 δεύτερον,
462 1040 559 1091 καὶ
609 1041 759 1091 ποῖον
812 1040 1018 1109 τρίτον,
1066 1040 1159 1091 καὶ
1203 1040 1400 1108 ἐφεξῆς
1447 1040 1725 1107 ὀφείλουσι

132 1133 500 1198 περιπατεῖν·
538 1130 632 1182 καὶ
662 1131 895 1197 μάλιστα
925 1131 1020 1183 ἐὰν
1052 1130 1138 1182 διὰ.
1169 1131 1369 1185 στενῶν
1412 1132 1594 1183 τόπων
1633 1131 1728 1199 ἔφη

132 1222 260 1285 οδος
294 1221 520 1289 γίνεται·
558 1223 651 1274 καὶ
682 1222 768 1275 ἴνα
801 1221 876 1292 μὴ
905 1221 1238 1291 συγχέωνται
1270 1220 1509 1292 βραδέως
1540 1221 1600 1273 ἐν
1648 1219 1725 1289 τῷ

133 1308 495 1381 διαμερισμῷ
526 1311 915 1380 συνέρχωνται.

192 1397 315 1468 νβ’.
363 1401 551 1467 ’Δφνω
577 1399 686 1469 γάρ
716 1397 817 1465 τῆς
847 1396 1182 1462 ἐπελεύσεως
1209 1395 1523 1467 γινομένης,
1547 1396 1595 1447 εἰ
1628 1396 1724 1465 μὲν

135 1489 231 1541 διὰ
286 1490 382 1542 δύο
436 1490 653 1559 τρόπων
713 1488 1015 1559 ἐπιτήδειόν
1072 1490 1189 1541 ἐστι
1247 1488 1345 1556 τὴν
1410 1489 1725 1557 ἐγχείρησιν

136 1580 509 1650 ποιήσασθαι,
556 1579 638 1631 δεῖ
693 1580 783 1633 τὸν
829 1579 1058 1648 στρατὸν
1106 1580 1186 1641 είς
1230 1578 1325 1630 δύο
1383 1576 1723 1647 μερίζεσθαι,

136 1672 243 1723 καὶ
288 1671 350 1722 τὸ
380 1670 480 1740 μέν
524 1669 582 1722 ἓν
616 1671 778 1740 μέρος
815 1671 1112 1740 λαμϐάνειν
1144 1670 1177 1739 ἦ
1208 1670 1299 1722 τὸν
1335 1670 1640 1739 μεράρχην,
1668 1670 1727 1721 ὃν

134 1762 183 1813 οξ
222 1760 448 1816 παλαιοὶ
478 1761 892 1832 ὑποστράτηγον
934 1760 1139 1827 ἔλεγον,
1167 1759 1201 1829 ἢ
1230 1760 1321 1813 τὸν
1348 1760 1721 1831 τουρμάρχην,

134 1852 169 1921 ἢ
198 1854 380 1905 ὁποῖοι
406 1854 665 1922 ἄρχοντες
689 1851 785 1921 τὴν
825 1852 1013 1919 ἔφοδον
1042 1849 1339 1905 ποιοῦνται.
1372 1851 1475 1903 Δύο
1505 1852 1724 1913 πάντως

132 1946 417 2015 ἄρχοντας
462 1944 679 2016 πρῶτον
718 1944 813 1997 καὶ
842 1942 1092 2013 δεύτερον
1130 1944 1210 2007 είς
1250 1944 1317 1996 τὰ
1340 1943 1431 1995 δύο
1459 1944 1600 2011 μέρη
1627 1941 1726 1995 ἕνα

133 2036 269 2088 καθ’
296 2036 530 2087 ἕκαστον
580 2033 901 2104 ἐπιστῆσαι,
957 2036 1051 2087 καὶ
1098 2035 1160 2087 τὸ
1192 2035 1289 2103 μὲν
1325 2033 1382 2086 ἓν
1433 2034 1618 2103 μέρος,
1649 2031 1725 2094 ώς

134 2126 383 2196 εἴρηται,
410 2124 502 2177 τὸν
523 2125 620 2177 ἕνα
637 2125 1233 2196 ἄρχονταέξάπληκτον
1255 2124 1422 2194 ἔχειν,
1439 2126 1535 2176 καὶ
1556 2122 1725 2193 χωρὶς

134 2219 395 2281 τούλδου,
443 2218 536 2270 καὶ
580 2220 957 2285 προκόπτοντα
995 2218 1069 2279 ώς
1099 2225 1157 2268 ιε’
1195 2223 1290 2269 καὶ
1319 2223 1362 2268 κ’
1393 2215 1584 2284 μιλίων
1608 2214 1726 2266 διά-

136 2326 330 2379 στημα
369 2308 457 2361 διὰ
496 2308 676 2361 τόπων
725 2308 1021 2375 ἀγνώστων
1061 2306 1272 2359 ἐκεῖθεν
1303 2305 1568 2377 ἄρχεσθαι
1623 2304 1724 2373 τῆς

135 2400 379 2471 πραίδας
405 2397 545 2450 ὥστε
572 2398 665 2449 ἐπὶ
684 2398 746 2450 τὸ
773 2398 937 2469 μέρος
974 2397 1068 2449 τοῦ
1095 2396 1402 2467 στρατηγοῦ
1430 2395 1683 2465 ἔρχεσθαι
1706 2410 1720 2425 ·

135 2490 235 2542 τὸν
278 2488 586 2557 στρατηγὸν
630 2488 822 2556 ἔχοντα
847 2489 907 2541 τὸ
934 2487 1063 2540 ἀλλο
1100 2490 1265 2557 μέρος
1295 2487 1384 2538 διὰ
1407 2487 1503 2554 τῆς
1531 2485 1723 2555 ἐτέρας

136 2576 323 2646 ἀρχῆς
368 2575 476 2627 τῶν
522 2573 737 2644 χωρίων
785 2575 1087 2629 εἰσϐάλλειν
1116 2576 1210 2629 καὶ
1261 2573 1597 2645 πραιδεύειν,
1629 2574 1726 2626 καὶ

136 2666 489 2736 ἀμφοτέρους
538 2668 617 2729 εἰς
664 2664 910 2732 ἀπαντὴν
935 2664 1177 2735 ἀλλήλων
1227 2667 1289 2733 ἐρ
1298 2665 1577 2733 χομένους,
1633 2663 1727 2716 καὶ

138 2755 545 2824 πραιδεύοντας
580 2757 649 2809 τά
681 2759 737 2809 ἐν
769 2758 921 2826 μέσῳ
948 2756 1145 2827 χωρία,
1178 2758 1237 2809 ἐν
1260 2749 1305 2825 ᾧ
1332 2754 1726 2825 συμφθάσωσιν

138 2852 223 2913 εἰς
251 2849 517 2920 ἑσπέραν,
560 2852 737 2903 ἐκεῖσε
768 2852 826 2903 ἐν
850 2850 929 2920 τῷ
954 2849 1068 2920 ἅμα
1092 2848 1427 2904 ἁπλικεύειν.
1474 2849 1567 2900 Ἐκ
1605 2847 1725 2900 τού-

136 2958 237 2993 του
270 2940 381 3011 γάρ
414 2941 507 2994 καὶ
556 2941 813 3010 ἀσφαλῶς
841 2943 875 3011 ἡ
915 2940 1229 3011 ἐγχείρησις
1277 2940 1508 3007 γίνεται,
1550 2939 1645 2992 καὶ
1672 2941 1721 2991 of

137 3032 534 3100 διαφεύγοντες
581 3033 689 3085 τῶν
745 3032 958 3104 ἐχθρῶν
1000 3033 1092 3086 τὸν
1139 3032 1236 3085 Eva.
1265 3031 1444 3084 αὐτῶν
1469 3030 1548 3101 τῷ
1579 3031 1725 3101 ἄλλῳ

142 3124 577 3195 περιπίπτουσιν
604 3126 905 3196 ἀδοκήτως,
936 3124 1054 3195 μηδ’
1090 3123 1522 3193 ἐπισυναχθῆναι
1566 3123 1723 3176 δυνά-

144 3230 329 3280 μενοι.

218 3394 324 3456 νγ.
366 3387 428 3439 El
465 3386 523 3439 δὲ
577 3386 677 3457 μία
716 3386 926 3456 ἐστὶνὴ
972 3384 1254 3455 ἐπιτηδεία
1284 3385 1399 3449 ὁδὸς
1441 3386 1509 3439 δι’
1534 3381 1602 3458 ἧς
1626 3388 1724 3457 τὴν

140 3476 403 3548 εἰσϐολὴν
454 3479 598 3532 κατά
642 3477 743 3549 τὴν
792 3477 901 3531 τῶν
939 3477 1149 3549 ἐχθρῶν
1179 3477 1402 3530 δυνατὸν
1436 3478 1722 3544 γενέσθαι,

139 3569 255 3640 χρὴ
288 3567 385 3621 καὶ
430 3567 603 3631 οὕτως
647 3567 738 3620 τὸν
782 3566 1014 3638 στρατὸν
1063 3566 1481 3637 διανεμηθῆναι.
1526 3568 1632 3621 Καὶ
1665 3568 1727 3621 τὸ

144 3660 251 3730 μὲν
281 3660 479 3730 δίοιρον
499 3659 611 3730 (57)
640 3659 806 3712 αὐτοῦ
835 3660 868 3729 ἢ
894 3660 982 3711 καλ
1002 3659 1064 3711 τὸ
1085 3658 1245 3711 πλέον
1268 3658 1458 3712 τούτου
1490 3659 1724 3730 ἐξάπλη-

141 3767 281 3803 κτον
318 3751 411 3802 καὶ
453 3749 752 3819 ἐνδύναμον
799 3750 891 3802 τὸν
940 3749 1353 3821 ὑποστράτηγον
1406 3749 1722 3819 λαμϐάνειν,

142 3840 247 3893 καὶ
282 3840 418 3910 μετὰ
442 3838 538 3892 τοῦ
569 3840 699 3893 ίδίου
720 3838 886 3893 αὐτοῦ
914 3841 969 3892 ἐν
995 3832 1039 3907 ᾧ
1061 3838 1223 3901 αὐτὸς
1252 3838 1511 3892 τάσσεται
1532 3838 1723 3908 βάνδου

144 3932 464 4003 ἔμπροσθεν
494 3932 715 3987 πάντων
750 3930 1192 4003 προηγήσασθαι,
1229 3930 1424 4001 ἔχοντα
1454 3931 1572 4000 μεθ’
1604 3934 1727 3984 ἐαυ-

140 4021 242 4075 τοῦ
270 4021 480 4085 πάντας
503 4022 629 4085 τοὺς
659 4022 764 4075 τῶν
794 4021 1095 4091 ταγμάτων
1120 4020 1288 4073 αὑτοῦ
1315 4020 1603 4090 ἄρχοντας,
1633 4022 1726 4075 καὶ

138 4115 276 4166 ὅταν
307 4113 386 4184 τῷ
426 4112 629 4184 πρώτῳ
657 4112 843 4183 χωρίῳ
884 4114 1080 4183 ἐπιστῇ
1118 4112 1255 4183 πρὸς
1284 4112 1382 4181 τὴν
1413 4113 1579 4165 αὑτοῦ
1633 4113 1725 4164 δύ-

142 4221 341 4273 ναμιν,
393 4202 693 4273 ἀφορίζειν,
741 4202 853 4255 εἴτε
915 4203 996 4266 ἓν,
1054 4205 1165 4257 είτε
1225 4203 1319 4255 δύο
1364 4203 1547 4273 βάνδα,
1584 4202 1726 4256 ὥστε

135 4294 270 4355 τοὺς
308 4291 409 4362 μὲν
456 4292 791 4363 πραιδεύειν,
826 4295 951 4355 τοὺς
992 4294 1049 4346 δὲ
1081 4293 1373 4361 φυλάττειν
1399 4294 1521 4356 τοὺς
1558 4310 1724 4364 πραι-

134 4384 452 4447 δευθέντας.

216 4475 315 4529 νδ’.
365 4475 543 4529 Καλὸν
583 4476 640 4531 δέ
688 4478 837 4529 ἐστιν
865 4477 923 4528 ἐν
969 4479 1081 4540 τοῖς
1112 4476 1348 4548 πρώτοις

136 4566 317 4618 πολλὰ
349 4566 514 4637 βάνδα
558 4567 937 4638 ἀφορίζεσθαι,
967 4569 1070 4621 κᾶν
1112 4570 1159 4621 εί
1201 4570 1413 4639 μεγάλα
1443 4570 1718 4643 συμϐαίνῃ

135 4657 211 4709 τὰ
259 4656 435 4727 χωρία
490 4653 649 4711 εἶναι.
721 4658 1143 4727 Ἐπιφθάζοντος
1195 4657 1304 4729 γὰρ
1353 4659 1578 4713 ϐπισθεν
1626 4660 1718 4713 τοῦ

141 4748 386 4819 στρατοῦ
431 4749 492 4801 ού
525 4749 723 4803 δίδοται
762 4750 949 4822 καιρὸς
982 4750 1490 4816 ἀντικαταστάσεως
1522 4754 1633 4815 τοῖς
1665 4754 1722 4805 ὲν

139 4841 330 4902 αὐτοῖς
374 4840 804 4909 εὑρισκομένοις.
856 4841 1145 4910 Συντόμως
1172 4840 1265 4895 τὸν
1308 4842 1722 4915 ὑποστράτηγον

138 4931 238 4984 ἐπὶ
269 4931 337 4982 τά
372 4931 560 4999 πρόσω
593 4931 690 5001 τὴν
727 4932 961 5003 πάροδον
1010 4932 1336 5002 ποιούμενον
1385 4934 1586 5005 ὁμοίως
1628 4935 1723 4988 καὶ

138 5025 222 5086 είς
246 5022 315 5074 τά
346 5021 510 5074 λοιπά
553 5023 727 5093 χωρία
755 5023 975 5093 ἐφεξῆς,
1017 5024 1175 5077 τοῦτο
1217 5028 1391 5079 ποιεῖν
1423 5027 1616 5098 μέχρις
1656 5028 1724 5080 ἂν

141 5111 531 5182 ἐπαρκέσωσιν
578 5113 647 5166 τά
704 5113 911 5184 παρασὶ
962 5114 1217 5186 διδόμενα
1252 5115 1365 5184 (58)
1426 5116 1577 5187 αὐτῷ
1628 5117 1723 5170 τά·

141 5221 356 5274 γματα.
387 5203 561 5259 Αὐτὸν
594 5204 1006 5275 ὑποστράτηγον
1039 5205 1291 5276 ἐξωτέρω
1329 5207 1546 5261 πάντων
1576 5209 1726 5277 εὑρι-

144 5297 414 5367 σκόμενον
443 5297 522 5349 δεῖ
557 5296 686 5368 τρία
716 5296 749 5368 ἢ
780 5298 1024 5368 τέσσαρα
1066 5298 1232 5369 βὰνδα
1262 5299 1389 5373 ἄχρι
1414 5300 1601 5369 χιλίων
1631 5303 1723 5355 άν-

142 5388 287 5457 δρῶν
324 5388 609 5458 χρησίμων
654 5390 783 5458 περὶ
833 5389 997 5441 αὐτὸν
1038 5388 1206 5459 ἔχειν,
1250 5388 1355 5452 ἕως
1388 5389 1599 5453 τελείας
1631 5392 1722 5446 τοῦ

146 5480 473 5551 πράγματος
505 5478 805 5543 ἐκϐάσεως,
842 5481 1010 5551 ήγουν
1049 5480 1149 5549 τῆς
1198 5479 1410 5549 ἐφόδου,
1451 5481 1538 5534 ἵνα
1571 5482 1729 5552 βίγλα

144 5571 380 5642 ἀκριϐὴς
412 5573 506 5624 καλ⁸
539 5570 811 5640 ἀσφάλεια
836 5574 946 5632 τοῖς
972 5571 1178 5634 λοιποῖς
1204 5570 1455 5640 γένηται.

1827 601 2017 643 contra
2040 590 2329 659 Scythicas
2348 595 2596 643 nationes
2613 600 2705 644 aut
2723 593 2858 645 alias
2878 594 3194 662 hnjusmodi
3215 608 3405 662 gentes

1828 678 2071 733 facturus
2090 696 2170 743 es,
2195 690 2255 733 ut
2270 680 2452 732 onmia
2478 681 2649 750 magis
2668 683 2986 750 suspicione
3005 693 3252 746 careant,
3268 699 3404 737 cono

1822 771 1988 825 densa
2039 774 2153 824 loca
2192 771 2662 841 diflicuitatcsquc
2722 774 3006 842 regionum
3062 776 3401 845 speculatori

1825 862 1988 915 alicui
2043 863 2194 930 prius
2236 864 2630 930 perlustrandae
2675 874 2825 923 sunt.
2893 866 3075 933 itaque
3130 870 3279 923 acies
3311 869 3398 921 in-

1825 951 2105 1006 struendae
2135 962 2191 1004 ut
2246 956 2417 1006 sciam
2453 970 2644 1009 omnes
2675 970 2796 1024 qua
2823 956 3022 1010 cohors
3043 957 3236 1025 prima,
3267 973 3389 1026 qua

1825 1047 2088 1111 secunda,
2108 1060 2227 1115 quur
2254 1047 2413 1099 tvrtia
2431 1062 2549 1101 esse
2566 1046 2792 1108 debeat;
2815 1059 2975 1117 atque
3001 1049 3073 1102 ita
3111 1065 3175 1103 ex
3210 1050 3403 1104 ordine

1826 1138 2123 1201 ambulem,
2151 1138 2195 1190 si
2239 1152 2331 1205 per
2358 1140 2640 1206 angustias
2663 1139 2876 1209 aliquas
2917 1140 3204 1194 transituri
3243 1141 3351 1193 sint
3386 1182 3401 1205 ,

1822 1231 1935 1277 tum
1995 1227 2160 1279 etiam
2216 1236 2273 1277 ut
2327 1241 2393 1279 ne
2437 1228 2651 1283 tardius
2711 1228 2764 1282 in
2807 1229 3056 1284 ordinem
3088 1229 3398 1286 adducendi

1826 1325 1975 1379 sunt,
2037 1316 2410 1370 instruantur.

1898 1407 1986 1461 52.
2020 1407 2213 1460 Subita
2243 1408 2492 1461 incursio
2546 1408 2727 1478 aliqua
2760 1409 2806 1463 si
2845 1410 3025 1463 futura
3073 1413 3165 1476 sit,
3213 1414 3256 1467 si
3305 1429 3403 1483 per

1827 1496 1936 1549 duo
1966 1497 2085 1550 loca
2115 1498 2219 1550 iter
2252 1500 2604 1552 commodum
2638 1499 2751 1552 fieri
2781 1508 2986 1569 potest,
3022 1502 3073 1554 iu
3109 1503 3249 1556 duas
3273 1519 3400 1570 par-

1828 1596 1910 1640 tes
1942 1588 2541 1653 exercitusdividatur,
2577 1598 2630 1643 et
2662 1591 2820 1645 alteri
2862 1593 3001 1661 parti
3060 1594 3246 1662 pnesit
3284 1611 3401 1647 me-

1831 1676 2049 1739 rarcha,
2088 1690 2250 1745 quem
2284 1677 2497 1745 antiqui
2554 1680 2883 1747 principem,
2920 1682 3037 1735 sive
3097 1698 3402 1753 propraeto-

1832 1782 1946 1820 rem
1976 1770 2268 1835 vocabant,
2302 1769 2395 1838 qui
2425 1770 2919 1826 etiamturmarcha
2962 1775 3187 1828 dicitur.
3226 1778 3399 1841 Quot-

1825 1873 2041 1928 cunqne
2061 1860 2207 1915 enim
2245 1868 2297 1914 et
2320 1861 2735 1933 qualescunque
2765 1864 3013 1918 homines
3050 1865 3252 1920 fuerint
3306 1868 3399 1936 qni

1829 1951 2202 2006 incursionem
2258 1951 2456 2006 facturi
2513 1965 2666 2020 sunt,
2724 1954 2868 2011 duos
2928 1957 3052 2011 illos
3115 1958 3401 2028 praefectos

1834 2044 2069 2111 primum
2105 2044 2521 2115 secundumque
2551 2045 2781 2117 deliges.
2813 2049 2991 2117 Atque
3052 2052 3219 2104 altera
3272 2051 3401 2121 qui—

1829 2134 1952 2187 dem
1981 2150 2128 2202 pars,
2162 2136 2623 2205 quemadmodum
2674 2147 2800 2191 ante
2840 2139 2977 2205 dixi,
3038 2143 3293 2211 expedita
3347 2152 3400 2198 et

1829 2224 1949 2278 sine
1981 2224 2107 2279 ullis
2133 2224 2541 2293 impedimentis
2588 2228 2867 2296 procedat,
2925 2239 2978 2283 et
3012 2241 3300 2301 postquam
3330 2236 3400 2289 ad

1825 2314 2146 2384 quindecim
2194 2316 2278 2369 vel
2340 2317 2531 2386 viginti
2567 2318 2880 2373 milliarium
2932 2321 3279 2377 intervallum
3332 2329 3400 2379 ab

1826 2406 1948 2460 aliis
1974 2406 2273 2470 abfuerint.
2307 2424 2403 2477 per
2422 2410 2538 2463 loca
2564 2409 2845 2479 inc0gnita
2866 2421 3050 2482 atque
3074 2429 3141 2468 ex
3173 2417 3400 2487 obliquo

1828 2498 2000 2565 posita
2048 2499 2278 2567 pranlari
2347 2500 2635 2569 incipiant,
2675 2502 2833 2569 quasi
2883 2503 2953 2556 ad
3010 2504 3397 2574 imperatorem

1826 2588 2012 2642 venire
2038 2590 2258 2643 vellent.
2320 2590 2625 2658 Imperator
2655 2599 2839 2646 autem
2889 2593 3156 2663 reliquam
3186 2606 3397 2665 partem

1829 2679 2056 2746 habens,
2091 2680 2315 2735 aliunde
2345 2682 2589 2751 regionis
2646 2684 2917 2753 incipiens
2951 2686 3126 2740 irruat
3152 2697 3207 2742 et
3256 2705 3399 2759 prse-

1825 2772 2005 2837 detur,
2032 2784 2196 2842 atque
2232 2772 2370 2828 adeo
2402 2774 2627 2844 utrique
2681 2778 2935 2831 cominus
2983 2779 3049 2832 ad
3106 2795 3166 2834 se
3206 2792 3399 2837 mutuo

1825 2868 2127 2927 venientes,
2156 2879 2276 2933 quae
2304 2865 2357 2918 in
2391 2865 2568 2919 medio
2593 2870 2772 2936 posita
2813 2878 2943 2923 sunt
2977 2870 3095 2925 loca
3152 2874 3395 2943 depopu-

1826 2952 2026 3016 lentur,
2057 2953 2233 3011 donec
2259 2954 2327 3009 ad
2352 2970 2632 3024 vesperam
2686 2975 2855 3012 unum
2884 2960 2938 3014 in
2972 2961 3150 3016 locum
3207 2980 3399 3034 perve—

1827 3042 2007 3096 niant.
2045 3043 2159 3098 Hoc
2190 3046 2351 3101 modo
2374 3046 2466 3101 fiet
2498 3057 2556 3101 ut
2585 3056 2701 3101 tuta
2731 3049 2980 3104 incursio
3036 3052 3089 3106 in
3129 3054 3249 3108 illos
3283 3056 3396 3121 fiat,

1828 3142 1883 3188 et
1908 3135 2095 3190 hostes
2113 3137 2205 3205 qui
2240 3138 2296 3191 in
2338 3140 2565 3194 alteram
2592 3152 2803 3210 partem
2837 3142 3172 3215 aufugerim,
3212 3148 3265 3201 in
3316 3149 3399 3202 al-

1829 3234 2000 3278 teram
2036 3226 2103 3280 de
2136 3228 2435 3297 improviso
2488 3230 2736 3286 incidant

1828 3332 1995 3370 unum
2026 3320 2081 3371 in
2113 3322 2293 3373 locum
2317 3321 2556 3390 possint.

1898 3407 1987 3461 55.
2037 3408 2096 3462 Si
2129 3424 2239 3463 una
2302 3419 2517 3466 tantum
2562 3412 2760 3469 idonea
2809 3417 2895 3471 via
2935 3419 3028 3484 sit,
3087 3436 3185 3490 per
3228 3438 3395 3493 quam

1829 3498 2061 3567 irruptio
2090 3500 2144 3553 in
2182 3501 2369 3556 hostes
2394 3502 2641 3558 facienda
2676 3507 2766 3571 sit,
2805 3508 2905 3562 hoc
2933 3512 3093 3566 modo
3124 3516 3398 3570 exercitus

1828 3588 2123 3648 dividatur.
2152 3590 2338 3647 Bessis
2367 3593 2508 3662 ejus,
2536 3601 2628 3647 aut
2657 3612 2723 3649 eo
2746 3599 2983 3667 amplius
3009 3600 3078 3654 ab
3115 3603 3399 3672 hypostra-

1828 3687 1972 3751 tego,
2009 3683 2060 3736 id
2090 3693 2193 3748 est,
2238 3685 2487 3755 principe
2522 3688 2637 3747 sive
2671 3702 3006 3759 proprietore
3050 3704 3277 3750 strenua
3314 3710 3398 3753 at-

1825 3786 1933 3838 que
1968 3774 2222 3841 expedita
2260 3776 2534 3845 capiatur,
2598 3787 2653 3833 et
2706 3783 2900 3837 subeo
2968 3800 3187 3855 quoque
3235 3804 3397 3843 suum

1828 3862 2064 3916 bandum
2101 3865 2173 3919 sit
2217 3882 2230 3919 :
2280 3868 2543 3937 princeps
2600 3879 2782 3925 autem
2813 3872 3113 3945 assumptis
3172 3879 3399 3947 reliquis

1827 3957 2069 4009 omnium
2097 3958 2409 4014 cohortium
2470 3976 2694 4015 suarum
2754 3963 3050 4033 praefectis,
3086 3978 3213 4023 ante
3266 3971 3398 4025 reli-

1827 4062 1968 4113 quos
2026 4062 2220 4103 onmes
2277 4051 2567 4118 proredat,
2613 4061 2777 4124 atque
2823 4058 2911 4111 ubi
2965 4061 3142 4127 primo
3174 4063 3227 4116 in
3274 4065 3398 4119 loco

1828 4140 2161 4205 constiterit,
2204 4155 2234 4195 e
2260 4143 2437 4211 c0piis
2466 4145 2582 4198 suis
2617 4161 2779 4199 unam
2833 4156 2999 4217 atque
3047 4153 3272 4207 alteram
3308 4171 3399 4210 co-

2785 3251 2798 3286 :
2860 3249 3041 3304 neque
3097 3241 3400 3295 convenire

1830 4229 2041 4283 hortem
2080 4242 2347 4301 segreget,
2381 4242 2440 4286 ut
2474 4236 2566 4288 alii
2624 4236 2957 4306 pra-dentur,
2996 4242 3086 4296 alii
3123 4244 3397 4313 praedato-

1827 4336 1915 4377 rcs
1942 4324 2011 4378 ab
2042 4323 2241 4393 injuria
2269 4335 2619 4383 conservent.

1383 4478 1602 4548 χωρίοις
1643 4479 1718 4549 μὴ

1897 4502 1987 4556 54.
2034 4500 2296 4566 Quamvis
2352 4505 2592 4573 spatiosa
2637 4506 2756 4561 loca
2808 4507 3035 4574 fuerint,
3085 4528 3153 4568 ne
3213 4512 3397 4573 tamen

1830 4594 2030 4647 multas
2059 4593 2317 4648 cohortes
2372 4596 2564 4665 primis
2621 4598 2673 4650 in
2740 4599 2876 4653 locis
2925 4615 3178 4670 separes:
3236 4604 3396 4660 festi-

1829 4691 1995 4740 nante
2018 4684 2165 4738 enim
2201 4700 2228 4737 a
2258 4693 2408 4755 tergo
2430 4688 2697 4752 exercitu,
2732 4690 2918 4746 nullus
2952 4691 3109 4747 locus
3136 4696 3398 4766 relinqui-

1830 4780 1921 4825 tur
1952 4772 2214 4827 adversus
2234 4787 2329 4828 eos
2365 4789 2424 4828 se
2456 4775 2788 4843 instruendi,
2824 4788 2878 4834 et
2926 4782 3045 4836 sine
3085 4782 3194 4846 ulla
3246 4803 3397 4841 mora

1832 4865 2085 4933 princeps
2108 4879 2325 4934 semper
2378 4866 2611 4922 ulterius
2668 4873 3068 4939 progrediatur.
3132 4873 3400 4932 Similiter

1833 4954 2058 5021 reliquis
2094 4952 2148 5007 in
2182 4954 2321 5009 locis
2347 4955 2451 5009 hoc
2477 4954 2661 5022 faciat,
2702 4959 2946 5028 quandiu
3007 4962 3084 5016 illi
3137 4965 3401 5020 cohortes

1831 5045 2045 5098 tradita:
2072 5044 2370 5099 adfuerint.
2404 5048 2716 5118 Principem
2761 5067 2889 5104 vero
2922 5053 3101 5120 ipsum
3125 5063 3251 5109 ante
3278 5072 3391 5110 0m-

1831 5149 1927 5188 ncs
1959 5133 2097 5190 alios
2122 5124 2677 5206 procedentemﬂ‘ria
2700 5148 2794 5192 aut
2821 5151 3057 5211 quatuor
3115 5144 3291 5197 banda
3324 5146 3398 5199 ad

1831 5226 1977 5281 mille
2016 5228 2260 5281 virorum
2285 5244 2573 5283 numerum
2627 5246 2816 5285 secum
2873 5234 3070 5289 habeat
3121 5250 3294 5306 usque
3331 5238 3402 5293 ad

1830 5319 2130 5387 perfectum
2163 5320 2241 5374 rei
2267 5319 2430 5388 hujus
2476 5322 2593 5375 sive
2650 5322 2987 5382 incursionis
3045 5328 3274 5395 exitum,
3339 5339 3399 5383 ut

1830 5410 2073 5465 excubiae
2106 5412 2320 5466 ceteris
2345 5420 2619 5468 accurata
2648 5413 2798 5470 fiant.

1675 5667 1903 5724 ΝΟΤᾹΣ.

214 5776 327 5844 (56)
363 5777 484 5843 Χρὴ
520 5776 649 5849 toi}.
679 5775 819 5849 Puto
845 5777 1013 5849 scrib.
1045 5780 1150 5849 χρὴ
1180 5781 1243 5833 ἐκ
1272 5780 1386 5835 τοῦ.

215 5849 592 5914 ι57)Δίοιρον.
627 5848 841 5914 Scribe,
864 5846 1126 5920 δίμοιρον.

1900 5787 2012 5857 (38)
2051 5790 2123 5843 Τὰ
2167 5792 2389 5861 παρτισὶ
2434 5793 2731 5862 διδόμενα.
2768 5796 2980 5864 Scribe,
3015 5798 3083 5855 τὰ
3113 5801 3401 5873 παραδιδόο

1836 5875 1991 5929 μενα.
