4176 6442
774 395 874 456 927

2039 382 2313 445 LEONIS
2342 382 2796 443 PHILOSOPHI

3921 389 4023 454 923

845 511 938 565 55.
984 508 1108 563 llaec
1138 523 1168 562 a
1200 504 1473 578 principio
1503 503 1548 558 si
1576 502 1726 568 fiant,
1773 509 1856 561 tu,
1894 498 2217 569 imperator,
2251 508 2344 553 aut

2517 496 2611 549 νε’.
2643 496 2860 549 Τούτων
2892 490 2985 548 οὖν
3011 496 3074 548 ἐκ
3113 496 3207 549 τοῦ
3240 498 3658 571 ὑποστρατήγων
3698 502 4023 569 γινομένων,

772 604 824 658 si
864 603 988 673 quis
1012 602 1153 655 alius
1176 596 1517 652 incursionis
1577 596 1739 664 hujus
1801 591 2342 646 administrationem

778 694 997 756 habeat,
1027 690 1274 759 sequeris
1301 703 1398 743 eos
1447 689 1541 757 qui
1571 684 1910 755 praedantur,
1958 690 2013 738 ct
2062 683 2346 750 dispersos

775 783 1166 853 congregabis,
1186 792 1240 836 et
1259 781 1494 836 ulterius
1534 778 1599 831 ad
1633 777 1941 847 principem
1968 776 2086 829 sive
2109 782 2347 826 turmar-

775 876 936 930 cham
972 873 1364 944 progredieris.
1405 869 1671 923 Similiter
1698 866 1790 921 ille
1839 866 1946 921 hoc
1974 865 2116 918 idem
2151 861 2343 926 faciat,

775 965 1226 1034 trauseundoque
1261 961 1486 1030 colligat
1535 958 1821 1029 dispersos
1868 956 2225 1027 praedatores,
2260 964 2347 1005 at-

772 1075 884 1130 que
935 1061 1129 1115 eodem
1172 1058 1225 1110 in
1286 1056 1405 1109 loco
1441 1060 1609 1107 noctu
1684 1050 2019 1105 conveniant
2078 1053 2133 1100 et
2162 1053 2347 1099 castra

776 1159 1006 1223 ponant.
1037 1150 1223 1219 Itaque
1247 1147 1373 1217 plus
1409 1145 1727 1217 quindecim
1769 1150 1863 1197 aut
1887 1138 2084 1211 viginti
2140 1138 2345 1192 millia-

776 1245 931 1299 ribus
961 1258 991 1295 a
1024 1257 1084 1297 se
1116 1239 1380 1310 separati,
1422 1234 1737 1307 huiusmodi
1769 1231 1979 1287 subitas
2001 1228 2348 1285 incursiones

776 1352 845 1390 ne
881 1334 1111 1397 faciant,
1144 1341 1207 1386 ut
1235 1328 1427 1384 eodem
1468 1326 1556 1381 die
1587 1334 1641 1380 et
1690 1322 1928 1393 praedam
1971 1319 2259 1389 diripiant,
2294 1325 2349 1372 et

774 1429 966 1483 eadem
995 1433 1152 1481 nocte
1172 1422 1336 1479 simul
1365 1428 1547 1475 castra
1583 1424 1812 1488 ponant.

843 1694 936 1748 56.
982 1692 1035 1746 In
1072 1688 1388 1761 huiusmodi
1434 1683 1850 1742 incursionibus
1882 1681 2074 1737 hostes
2097 1677 2347 1748 obiectos

776 1801 887 1840 non
925 1784 1055 1837 utile
1088 1780 1253 1835 fuerit
1297 1780 1448 1833 vivos
1494 1790 1693 1845 capere
1741 1782 1795 1829 et
1856 1767 2345 1841 comprehendere,

2451 587 2568 640 δέον
2593 603 2673 649 σε,
2698 581 2743 638 ὦ
2773 591 3067 655 στρατηγέ,
3098 587 3130 655 ἢ
3154 588 3207 639 εί
3232 604 3316 651 τις
3344 590 3532 659 ἔτερος
3558 591 3586 641 ό
3624 589 3724 658 τῆς
3768 593 4025 661 τοιαύτης

2456 676 2806 741 ἑπελεύσεως
2834 680 2932 746 τὴν
2980 677 3249 748 διοίκησιν
3300 681 3752 749 πεπιστευμένος,
3788 682 3877 734 ῖνα
3923 683 4023 734 ὲπο

2458 768 2761 839 ακολουθῇς
2789 771 2900 832 τοῖς
2928 767 3070 822 κατὰ
3097 770 3261 840 μέρος
3285 771 3656 841 πραιδεύουσι,
3690 775 3782 824 καὶ
3807 774 4023 824 ἐπισυν-

2453 860 2616 931 ἁτῃς,
2646 861 2740 913 καὶ
2774 862 2869 913 ἐπὶ
2897 860 2964 914 τὰ
2996 860 3302 931 ἔμπροσθεν
3342 862 3653 933 προκόπτῃς
3684 864 3759 925 ὡς
3806 863 3899 915 ἐπὶ
3938 864 4025 915 τὶν

2452 950 2911 1022 ὑποστράτηγονῆ
2933 952 3023 1004 τὸν
3038 952 3246 1021 τουρμά
3255 966 3411 1021 ρχην.
3446 951 3679 1020 Ὁμοίως
3695 953 3751 1005 δὲ
3769 956 3865 1007 καὶ
3888 956 4025 1007 ἐκεῖ·

2454 1061 2543 1096 νον
2574 1043 2636 1095 τὸ
2667 1042 2803 1096 αὐτὸ
2839 1046 3037 1107 ποιεῖν,
3081 1044 3175 1096 καὶ
3216 1043 3569 1111 ἐπισυνάγειν
3612 1048 4024 1117 παρερχόμενον

2453 1135 2579 1198 τοὺς
2610 1133 3025 1206 πραιδεύοντας,
3070 1136 3166 1189 καὶ
3197 1137 3255 1189 ιν
3297 1130 3342 1204 ᾧ
3373 1136 3440 1190 ἂν
3472 1138 3620 1208 τόπῳ
3672 1140 4025 1211 ἀπαντήσητε

2454 1226 2705 1297 ἀλληλοις
2756 1223 3091 1278 ἀπλικεύετε
3152 1228 3266 1297 ἅμα
3304 1228 3400 1281 καὶ
3437 1227 3535 1299 τὴν
3584 1229 3759 1300 αὐτὴν
3789 1232 4021 1299 ἡμέραν.

2453 1317 2545 1370 Διδ
2572 1317 2693 1370 οὐδὲ
2724 1317 2830 1387 χρὴ
2872 1315 3035 1370 πλέον
3060 1317 3167 1370 τῶν
3196 1326 3256 1372 ιε’
3291 1320 3325 1390 ἢ
3356 1325 3403 1373 κ’
3438 1319 3631 1389 μιλίων
3680 1323 4025 1392 χωρισμένας

2454 1408 2728 1462 ποιεῖσθαι
2770 1408 2871 1471 τάς
2909 1407 3169 1471 τοιαύτας
3211 1410 3522 1478 αἰφνιδίους.
3552 1410 3896 1476 ἐπελεύσεις,
3942 1414 4024 1465 ἵνα

2452 1502 2697 1571 φθὰζητε
2725 1501 3024 1571 ἀμφότεροι
3049 1501 3142 1553 καὶ
3163 1501 3261 1572 τὴν
3286 1506 3521 1573 πραῖδαν
3552 1506 3749 1568 ποιεῖν,
3776 1506 3871 1558 καὶ
3892 1508 4029 1560 κατά

2451 1593 2551 1663 τὴν
2586 1593 2757 1663 αὐτὴν
2786 1595 2997 1665 ἡμέραν
3037 1593 3155 1663 ἅμα
3177 1595 3520 1651 ἀπλικεύειν.

2524 1691 2633 1748 νς-¹.
2688 1685 2779 1736 Ἐν
2823 1685 2880 1739 δὲ
2922 1687 3044 1744 ταῖς
3091 1684 3371 1750 τοιαύταις
3430 1689 3750 1759 ἐπιδρομαῖς
3799 1691 3860 1744 οὗ
3927 1690 4031 1762 Χρὴ

2453 1776 2578 1836 τοὺς
2610 1774 2943 1843 δυναμένους
2983 1776 3472 1830 ἀντικαθίστασθαι
3528 1779 3755 1848 ἐχθροὺς
3794 1781 4030 1851 ζωγρεῖν

780 1878 877 1935 sed
912 1890 1103 1931 oumes
1134 1874 1271 1926 tales
1294 1871 1382 1925 vel
1428 1865 1816 1929 interficiendi,
1864 1864 1948 1917 vel
1982 1856 2347 1931 praetereundi

2454 1868 2574 1938 ἢτοι
2607 1866 3028 1937 συλλαμῦἀνειν,
3062 1868 3200 1921 ἀλλὰ
3244 1869 3449 1933 πάντας
3494 1870 3621 1933 τοὺς
3669 1874 4029 1941 παρατυγχάο

775 1977 926 2030 sunt,
960 1974 1017 2019 ut
1065 1980 1139 2019 ne
1168 1977 1319 2017 mora
1345 1960 1527 2027 aliqua
1568 1958 1671 2010 iter
1702 1952 2036 2009 facientibus
2056 1947 2348 2013 afferetur,

774 2069 833 2116 et
862 2072 1078 2130 tempus
1113 2065 1319 2111 temere
1358 2060 1695 2107 assumatur.

855 2240 944 2296 57.
979 2237 1037 2291 Si
1055 2234 1346 2291 castellum
1384 2238 1478 2285 aut
1500 2243 1680 2284 arcem
1701 2236 1798 2282 aut
1844 2222 2207 2279 munitionem
2246 2221 2349 2275 alio

774 2349 939 2404 quam
974 2343 1179 2401 capere
1237 2326 1473 2396 cogitas,
1516 2337 1583 2375 ne
1640 2319 1772 2374 illud
1823 2318 1877 2371 in
1911 2317 2105 2387 vulgus
2133 2313 2347 2379 efferas,

772 2403 953 2479 donec
986 2423 1043 2474 iu
1086 2419 1207 2488 ipso
1234 2417 1355 2469 loco
1407 2411 1600 2476 fueris,
1644 2417 1700 2465 et
1758 2406 2034 2477 negotium
2068 2405 2249 2475 ipsum
2293 2403 2348 2457 in

777 2528 974 2568 manus
1001 2508 1327 2578 sumpseris.
1808 2506 1832 2539 θ

851 2606 943 2660 58.
979 2603 1077 2657 Sin
1129 2611 1354 2653 necesse
1412 2593 1578 2648 fuerit
1630 2603 1800 2662 prope
1850 2586 2214 2643 munitionem
2249 2584 2349 2638 hoc

779 2698 947 2752 stiutn
977 2692 1169 2762 copias
1210 2701 1334 2741 tuas
1362 2684 1619 2746 transire,
1684 2681 1773 2735 vel
1829 2679 1992 2734 etiam
2040 2684 2223 2731 castra
2256 2689 2353 2744 po-

780 2801 934 2848 nere,
970 2796 1140 2838 unum
1165 2780 1403 2850 aliquem
1432 2774 1754 2846 praefectum
1785 2783 1909 2824 cum
1948 2766 2218 2837 expeditis
2272 2766 2351 2818 vi-

781 2879 860 2933 ris
914 2876 971 2930 in
1021 2874 1141 2943 ipso
1192 2867 1432 2924 transitu
1477 2862 1799 2924 collocabis,
1862 2858 1958 2927 qui
1999 2856 2350 2913 incursiones

779 2967 1020 3024 hostium
1046 2963 1355 3036 prohibeat.
1385 2956 1500 3012 [Ioc
1523 2967 1743 3026 quoque
1763 2950 1928 3007 etiam
1972 2949 2028 3003 in
2081 2948 2352 3019 angustiis

779 3061 1026 3114 locorum
1059 3055 1175 3109 fieri
1203 3052 1304 3107 abs
1325 3059 1377 3105 te
1405 3050 1581 3105 debet.

852 3150 940 3205 59.
966 3147 1141 3214 Prope
1198 3143 1557 3198 munitionem
1594 3140 1834 3196 hostium
1886 3144 1982 3192 aut
2038 3104 2234 3192 silvani
2279 3146 2350 3188 ne
2376 3189 2419 3214 η

776 3251 962 3296 castra
982 3250 1173 3308 ponas.
1210 3233 1307 3289 Sin
1359 3237 1590 3287 neCesse
1638 3233 1710 3285 sit
1760 3229 1857 3284 tibi
1893 3226 2101 3281 habere
2141 3232 2347 3287 castra,

781 3338 1043 3385 accurate
1081 3326 1343 3382 excubias
1386 3331 1441 3379 et
1473 3320 1775 3377 "custodias
1836 3323 2060 3391 propter
2113 3316 2350 3371 hostium

786 3422 1134 3477 incursiones
1157 3416 1461 3481 adhibebis,
1492 3423 1547 3471 et
1566 3412 1986 3484 diligentissime
2018 3408 2351 3478 providebis,

783 3527 840 3590 ut
868 3513 1098 3571 editiore
1119 3510 1526 3579 munitioreque
1545 3508 1665 3562 loco
1696 3513 1879 3561 castra
1907 3516 2100 3574 ponas.

853 3693 943 3748 60.
978 3690 1209 3760 Quando
1234 3687 1485 3743 hostilem
1521 3686 1576 3740 in
1609 3691 1815 3739 terram
1866 3681 2199 3753 ingrederis,
2258 3695 2353 3751 apo

782 3797 1031 3857 paratutn
1088 3796 1306 3837 omnem
1361 3787 1526 3849 atque
1573 3778 1965 3847 impedimenta
2024 3791 2054 3830 a
2100 3788 2250 3846 tergo
2301 3784 2355 3830 te

782 3876 1048 3947 consequi
1088 3874 1296 3928 facies:
1327 3870 1744 3926 imminentibus
1782 3876 1966 3923 autem
2007 3868 2259 3923 hostibus
2298 3867 2353 3922 in

784 3971 966 4026 medio
1000 3966 1276 4023 exercitus
1298 3964 1376 4019 tui
1398 3978 1461 4019 ea
1500 3962 1800 4034 procedere
1843 3960 2034 4017 facies.

856 4150 946 4205 fil.
981 4148 1065 4203 Ab
1096 4146 1323 4200 armatis
1380 4143 1648 4198 militibus
1705 4142 2093 4211 impedimenta
2130 4140 2357 4211 reliqui-

783 4256 890 4311 que
909 4247 1227 4308 apparatus,
1262 4244 1425 4304 atque
1458 4236 1624 4289 etiam
1682 4232 1906 4303 captivi,
1935 4232 1981 4287 si
2001 4232 2094 4301 qui
2125 4232 2353 4299 fuerint,

785 4332 1113 4403 separentur
1132 4347 1146 4383 :
1167 4342 1345 4398 neque
1365 4328 1559 4381 itinere
1586 4326 1690 4379 hoc
1705 4326 1883 4380 solum
1909 4323 2026 4388 flat,
2060 4324 2156 4380 sed
2185 4325 2353 4379 etiam

784 4424 1005 4496 quando
1041 4431 1223 4476 castra
1278 4434 1473 4489 ponas,
1503 4432 1505 4434 ·
1534 4433 1602 4472 ne
1638 4417 1890 4471 hostibus
1924 4416 2214 4471 adversum
2269 4417 2357 4469 iu-

2454 1975 2646 2022 νοντας
2681 1957 2959 2022 τοιούτους
2997 1958 3349 2029 διαχρῆσθαι,
3386 1960 3481 2014 καὶ
3504 1961 3899 2032 παρέρχεσθαι,
3938 1964 4029 2015 καὶ

2454 2053 2532 2122 μὴ
2557 2054 2636 2114 είς
2658 2053 2858 2117 αὐτοὺς
2890 2052 3249 2124 ὲμϐραδύνειν
3271 2055 3397 2116 τοὺς
3418 2053 3518 2123 τὴν
3534 2053 3765 2123 πάροδον
3797 2051 4028 2124 μάλιστα

2451 2145 2835 2214 ποιουμένους,
2880 2145 2974 2198 καὶ
2994 2144 3086 2197 τὸν
3110 2145 3298 2216 καιρὸν
3326 2144 3690 2198 δαπανᾶσθαι.

2525 2234 2624 2298 νζ’.
2671 2235 2798 2289 Ἐὰν
2819 2235 2878 2289 δέ
2905 2253 3037 2289 ποτε
3071 2236 3339 2307 βουληθῇς
3365 2236 3627 2307 φρούριον
3651 2238 3767 2306 ἦτοι
3793 2238 4029 2314 κάστρογ

2452 2326 2485 2397 ἢ
2518 2326 2695 2397 ἄκραν
2718 2328 2836 2381 τινὰ
2873 2328 3229 2399 παραλαϐεῖν,
3264 2327 3298 2397 ἢ
3339 2327 3525 2397 ἕτερον
3556 2327 3742 2390 τόπον,
3775 2327 3850 2397 μὴ
3892 2329 4028 2397 πρό-

2452 2415 2580 2483 λεγε
2620 2416 2697 2485 τῷ
2735 2416 2952 2487 πλήθει,
2987 2418 3147 2486 ἄχρις
3182 2418 3249 2470 ἂν
3283 2417 3376 2470 επὶ
3408 2415 3568 2469 τοῦτό
3604 2432 3706 2469 που
3738 2418 4029 2488 γενόμενος

2453 2508 2779 2578 ὶγχειρήσῃς
2809 2508 2869 2560 τὸ
2896 2507 3075 2578 ἔργον.
3442 2574 3445 2579 γ
4013 2572 4017 2582 Ι

2524 2596 2627 2667 νη’.
2682 2597 2809 2650 Ἐὰν
2837 2598 2893 2651 δὲ
2937 2597 3033 2652 καὶ
3080 2598 3294 2669 ἀνάγκη
3340 2599 3472 2652 ποτὲ
3524 2600 3750 2670 γένηται
3793 2599 3935 2651 ὥστε
3970 2599 4030 2650 ἐκ

2453 2685 2656 2750 παντὸς
2693 2672 2897 2757 τρόπ⁴ου
2940 2687 3040 2756 τὴν
3074 2687 3363 2757 στρατείαν
3393 2688 3623 2758 πλησίον
3671 2688 4029 2759 ὀχυρώματος

2454 2776 2733 2844 πολεμίων
2767 2777 2800 2847 ἢ
2841 2776 3167 2830 ἀπλικεῦσαι
3200 2780 3281 2839 είς
3309 2778 3409 2842 τὰς
3443 2779 3659 2844 ἐξόδους
3694 2779 3791 2832 τοῦ
3819 2778 4030 2849 ὀχυρώ-

2456 2882 2644 2936 ματος,
2677 2868 2766 2921 ῖνα
2788 2866 2908 2930 τὰς,
2943 2867 3018 2929 ὡς
3050 2868 3216 2933 εἰκὸς,
3248 2868 3520 2937 αίφνιδίας
3546 2870 3849 2939 ἐπιδρομὰς
3871 2870 4029 2921 ίιναν⁶

2451 2958 2581 3012 τίων
2630 2959 2871 3031 κωλύσῃ.
2920 2958 3093 3013 Τοῦτο
3123 2959 3181 3012 δὲ
3218 2960 3313 3013 καὶ
3345 2963 3404 3013 ὲν
3448 2964 3561 3025 τοῖς
3608 2964 3814 3024 στενοῖς
3844 2962 4030 3024 τόποις

2453 3047 2697 3116 γίνεσθαι
2723 3051 3038 3117 ἀναγκαῖον.
3080 3094 3085 3105 .

2525 3138 2624 3193 νθ’.
2663 3140 2898 3208 Πλησίον
2932 3139 2989 3192 δὲ
3023 3138 3380 3211 ὀχυρώματος
3414 3130 3647 3211 ἐχθρῶν,
3692 3139 3726 3210 ἢ
3763 3138 3923 3209 ὕλης,
3956 3139 4029 3211 μὴ

2454 3230 2781 3301 ἐπιτηδεύῃς
2809 3230 3129 3284 ἀπλικεύειν
3175 3232 3267 3283 τὸν
3319 3232 3570 3302 στρατόν.
3609 3232 3669 3285 Ei
3720 3231 3778 3284 δὲ
3813 3233 4026 3300 ἀνάγκη

2455 3323 2606 3375 πᾶσα
2646 3322 2825 3374 ἐκεῖσε
2854 3320 3199 3385 ἁπλικεύειν,
3229 3320 3472 3391 ἀκριϐῶς
3502 3322 3603 3385 τὰς
3624 3321 4029 3389 παραφυλακάς

2457 3409 2613 3463 ποιοῦ
2659 3409 2748 3462 διὰ
2790 3409 2890 3473 τὰς
2915 3409 3024 3464 τῶν
3068 3408 3282 3480 ἐχθρῶν
3338 3408 3630 3472 ἐπιθέσεις.
3664 3410 3772 3462 Καὶ
3828 3408 4030 3479 μᾶλλον

2460 3499 2755 3567 σπούδαζε,
2786 3500 2903 3573 .ῖνα
2953 3502 3286 3572 ἠπλωμένῳ,
3317 3501 3351 3572 ἡ
3391 3500 3709 3572 ὑψηλοτέρῳ
3755 3499 3908 3569 τόπῳ
3938 3498 4031 3552 καὶ

2457 3594 2550 3663 όχυ
2560 3592 2781 3662 ρωτέρῳ
2810 3591 3167 3663 ἀπλικεύσῃς.

2532 3683 2596 3748 ξ’,
2632 3684 2799 3737 Ὅταν
2836 3684 2894 3736 δὲ
2927 3684 3006 3746 είς
3036 3686 3136 3754 τὴν
3170 3684 3436 3755 πολεμίαν
3479 3686 3587 3755 γῆν
3626 3687 3874 3759 εἰσέρχη,
3930 3689 4030 3759 τὴν

2455 3776 2777 3849 ἀποσκευὴνΔ
2817 3776 2997 3828 πᾶσαν
3031 3775 3151 3846 ἦτοι
3205 3776 3301 3830 τοῦ
3352 3777 3573 3830 τούλδου
3632 3779 3745 3849 (59)
3806 3781 4030 3834 δπισθεν

2456 3846 2800 3921 ἀκολουθεῖν²⁹
2812 3868 3062 3937 ποιήσεις
3084 3883 3097 3896 ·
3148 3869 3559 3940 πλησιαζόντων
3589 3870 3648 3923 δὲ
3676 3846 3786 3924 τῶν
3819 3873 4031 3942 ἐχθρῶν

2457 3961 2516 4013 ὲν
2548 3959 2697 4029 μέσῳ
2724 3957 2818 4011 τοῦ
2868 3957 3099 4029 στρατοῦ
3148 3959 3210 4012 τὸ
3258 3955 3446 4013 τὸὖδον
3486 3960 3601 4032 (40)
3651 3957 3789 4016 εἶναι
3850 3980 4030 4034 παρα-

2459 4050 2759 4102 σκεύαστον
2794 4048 2930 4118 (Η).

2531 4145 2632 4209 Ea’.
2667 4143 3098 4213 Κεχωρισμένην
3144 4143 3199 4196 δὲ
3230 4137 3369 4197 εἶναι
3421 4144 3531 4197 ἀπὸ
3576 4144 3685 4198 τῶν
3714 4147 4032 4217 ὁπλοφόρων

2460 4234 2804 4305 στρατιωτῶν
2830 4233 2928 4305 τὴν
2978 4235 3290 4305 ἀποσκευὴν
3334 4236 3428 4288 καὶ
3479 4236 3607 4298 τοὺς
3654 4238 4032 4307 αίχμαλώτους

2458 4326 2552 4380 ἑάν
2586 4326 2721 4379 είσίο
2794 4326 3002 4396 μήποτε
3067 4325 3343 4397 πολεμίων
3399 4326 3612 4397 ἀθρόως
3648 4328 4032 4400 ἐπερχομένων

2440 4421 2573 4510 ,τηῖς
2616 4417 3039 4510 ἀγωνιζομένοις
3069 4419 3380 4489 ἐμπόδισμα
3422 4419 3684 4489 γένηται·
3743 4421 3819 4493 μὴ
3874 4424 4033 4490 μόνον

785 4527 1029 4573 structos
1076 4512 1279 4567 milites
1331 4508 1681 4564 venientibus
1720 4522 1918 4578 magno
1964 4506 2352 4576 impedimento

2458 4506 2605 4563 δξὲν
2637 4512 2701 4581 τῇ
2754 4508 3033 4580 ὁδοιπορίᾳ
3078 4509 3236 4563 τοῦτο
3269 4509 3540 4579 φύλαττέ,
3583 4510 3720 4565 ἀλλά
3766 4514 3863 4565 καὶ
3903 4514 4034 4566 ὅταν

787 4611 918 4663 ﬁant

858 4648 948 4751 6‘3).
977 4693 1170 4749 llostili
1203 4692 1257 4747 in
1281 4698 1427 4746 terra
1459 4695 1873 4745 mensuratores
1902 4686 2359 4756 incircumspecte

791 4791 858 4846 ad
889 4791 1005 4843 loca
1030 4787 1376 4854 anticipanda
1403 4783 1522 4838 sine
1554 4783 1751 4837 idoneo
1775 4779 2031 4851 praesidio
2052 4795 2121 4835 ne
2149 4780 2355 4844 mittas,

785 4882 880 4939 sed
914 4896 1008 4951 per
1044 4878 1381 4946 transfugas,
1413 4874 1507 4945 qui
1567 4881 1772 4943 sponte
1811 4888 1908 4927 sua
1938 4872 2004 4926 ad
2030 4883 2082 4928 te
2137 4870 2355 4927 defece-

787 4982 937 5039 runt,
968 4973 1211 5026 locorum
1243 4977 1500 5022 naturam
1536 4972 1659 5018 tuto
1690 4961 2153 5033 perscrutaberis.

858 5153 948 5207 ὃὸ.
973 5149 1205 5217 Quando
1262 5147 1538 5203 exercitus
1599 5151 1781 5201 castra
1823 5145 2107 5216 positurus
2139 5152 2244 5208 est,
2287 5160 2356 5201 ne

788 5245 1106 5315 perturbate
1134 5247 1227 5295 aut
1258 5238 1483 5296 confuse
1504 5237 1573 5292 ad
1604 5249 1784 5293 castra
1821 5235 2013 5291 fossati
2046 5245 2355 5300 transeant,

791 5335 885 5390 sed
909 5335 952 5390 si
976 5334 1163 5388 hostes
1190 5332 1535 5396 immineant,
1564 5338 1620 5384 et
1644 5329 1854 5399 pedites
1875 5328 2140 5383 exercitui
2166 5336 2356 5383 nostro

792 5424 1089 5489 adfuerint,
1120 5437 1318 5478 currus
1348 5434 1541 5475 omnes
1573 5434 1641 5474 ex
1663 5415 1859 5472 ordine
1888 5424 2118 5487 ponant,
2155 5425 2209 5472 et
2236 5415 2353 5473 fos-

791 5530 884 5572 sas
928 5513 1168 5585 undique
1233 5512 1300 5566 ad
1364 5509 1585 5564 modum
1640 5506 1765 5562 valli
1813 5505 2037 5561 ducant.
2104 5505 2351 5579 Expediti

2458 4601 2795 4664 ἀπλικεύεις.

2527 4692 2622 4765 ξβ’.
2674 4694 2799 4747 Ἐπὶ
2824 4693 2880 4747 δὲ
2908 4695 3006 4765 τῆς
3041 4692 3309 4764 πολεμίας
3340 4695 3445 4767 γῆς
3491 4699 3618 4762 τοὺς
3665 4696 4036 4769 μινσουρᾶτως

2459 4804 2555 4856 ρας
2598 4786 2921 4855 ἀπροόπτως
2954 4785 3029 4855 μὴ
3073 4785 3412 4857 ἁποστέλλῃς
3454 4787 3861 4859 προλαμϐάνειν
3906 4789 4033 4841 ἄνευ

2457 4877 2711 4949 βοηθείας
2753 4876 3030 4949 ἀρκούσης
3084 4877 3301 4942 αὐτοῖς,
3359 4877 3497 4932 ἀλλά
3553 4880 3713 4950 μόνον
3771 4880 3863 4933 διὰ
3926 4879 4035 4931 τῶν

2458 4967 2821 5039 αἰχμαλώτων
2848 4970 2943 5022 καὶ
2973 4970 3288 5038 αὐτομόλων
3336 4970 3595 5039 ἀσφαλῶς
3635 4971 3905 5042 ἀνερεύνα
3939 4973 4035 5043 τὴν

2458 5060 2568 5114 τῶν
2591 5061 2771 5114 τόπων
2799 5061 3081 5132 ποιότητα.

2531 5152 2631 5221 ξγ’.
2670 5153 2836 5205 Ὅταν
2886 5152 2941 5204 δὲ
2970 5154 2999 5205 ό
3054 5153 3285 5223 στρατὸς
3337 5154 3657 5208 ἀπλικεύειν
3708 5154 3904 5226 μέλλῃ,
3960 5155 4034 5225 μὴ

2460 5243 2926 5314 ἀναμεμιγμένως
2955 5246 3052 5298 καί⁵
3088 5245 3341 5309 ἀτάκτως
3384 5246 3833 5317 ἔπερχέσθωσαν,
3876 5249 3934 5300 ὲν
3957 5245 4034 5317 τῷ

2457 5334 2554 5387 τοῦ
2586 5335 2857 5403 φοσσάτου
2901 5336 3180 5407 ἀπλίκτῳ·
3210 5337 3349 5391 ἀλλά
3384 5338 3482 5391 ἐὰν
3518 5336 3706 5409 ίχθροὶ
3745 5339 4031 5407 έγγίζωσι,

2460 5426 2556 5478 καὶ
2596 5427 2937 5496 συμπάρεισι
2967 5426 3124 5492 πεζοὶ
3153 5426 3231 5498 τῷ
3266 5429 3480 5500 στρατῷ
3510 5429 3787 5501 προτέρας
3819 5428 4032 5500 ἀμάξας

2459 5516 2777 5583 τιθέτωσαν,
2822 5520 2914 5573 καὶ
2958 5520 3017 5571 ὲν
3057 5519 3210 5585 τάξει
3250 5519 3319 5573 τὰ
3369 5520 3664 5592 ὀρύγματα
3709 5522 4032 5578 ποιείτωσαν

2290 5649 2523 5712 NOTAE.

858 5747 972 5815 (39)
1009 5745 1120 5799 Τοῦ
1148 5744 1427 5815 τούλδου.
1455 5740 1780 5815 Βενὶιὶοςτοῦ
1815 5741 2050 5797 τοῦλδον.

856 5811 971 5890 (ιω)
1014 5816 1252 5873 τοῦδον.
1288 5813 1500 5882 Scribe,
1524 5811 1760 5867 τούλδον.

2527 5750 2640 5823 (ιι)
2673 5751 3210 5821 Παρασκεύαστον.
3242 5753 3456 5825 Scribe,
3482 5753 3927 5825 παρασκεύασον.
