4176 6442
101 395 183 456 929

1142 392 1471 456 TACTICA.
1502 415 1567 426 —
1601 387 2102 448 CONSTITUTIO
2133 388 2318 449 XVII.

3216 379 3320 444 930

103 507 392 576 τρεπύντως
442 507 538 560 τοῦ
588 509 821 578 τάφρου.
851 509 915 563 Οἱ
939 512 994 562 δὲ
1027 509 1374 577 ὲςάπληκτοι,
1407 508 1573 576 ἤγουν
1600 503 1649 555 οἱ
1680 549 1685 562 ,

1776 510 1938 557 iutem
1995 502 2219 564 milites,
2262 502 2313 552 id
2369 509 2471 564 est,
2522 501 2614 569 qui
2674 499 2824 569 gravi
2880 506 3154 552 armatura
3208 516 3319 554 non

103 597 396 666 εὺπλήκτως
443 597 572 648 ἄνευ
623 598 824 667 βάρους
859 599 1288 668 περιπατοῦντες
1318 597 1515 658 πάντες
1544 595 1650 649 ἀπὸ

101 687 257 752 ὀλίγου
288 687 660 757 διαστήματος
715 689 922 755 ἕτοιμοι
968 691 1339 760 πηκὲτωσαν,
1377 689 1472 740 καὶ
1526 686 1648 738 τότε

101 779 180 844 τὴν
208 778 514 847 ἀποσκευὴν
565 780 704 832 κατὰ
755 780 907 843 τάξιν
953 779 1440 853 είσέρχεσθαιῠκαὶ
1489 778 1650 830 άπλισ

101 869 280 921 κεύειν.
338 871 446 922 Καὶ
475 871 602 922 ὅταν
651 871 931 943 ἀπολύσῃς
963 874 1057 925 καὶ
1100 873 1200 934 τὰς
1255 871 1475 941 βουλάς,
1530 870 1653 922 τότε

103 960 515 1027 εἰσερχέσθωσαν
539 964 632 1014 καὶ
666 963 824 1015 αὑτοὶ
846 965 893 1015 οἱ
920 963 1156 1026 ὁπλῖται,
1188 963 1329 1016 κατὰ
1362 963 1535 1026 τάξιν,
1562 961 1656 1014 καὶ

102 1050 540 1117 ἁτλικευέτωσαν,
564 1053 744 1116 καθώς
767 1070 848 1108 σοι
875 1054 968 1108 καὶ
993 1055 1052 1107 ὲν
1072 1054 1149 1124 τῷ
1172 1055 1306 1123 Περὶ
1333 1053 1657 1119 ἀπλήκτων

104 1143 226 1209 λόγῳ
255 1143 636 1212 διεταξάμεοα.

164 1236 246 1297 ξδ’.
301 1236 435 1289 Ἐὰν
469 1237 525 1287 δὲ
562 1237 787 1307 πλησίον
824 1239 897 1308 μή
930 1238 1066 1291 εἰσιν
1111 1237 1319 1308 ἐχθροὶ,
1357 1236 1516 1306 ἀρκεῖ
1563 1237 1660 1286 καὶ

102 1327 156 1377 δι’
181 1327 290 1388 ἐνὸς
323 1327 591 1396 δρούγγου
631 1330 791 1383 τοῦτο
815 1329 1058 1397 γίνεσθαι
1083 1329 1144 1382 τὸ
1173 1330 1360 1399 σχῆμα
1382 1345 1395 1357 ’
1441 1327 1536 1379 καὶ
1567 1324 1660 1378 οὒ-

103 1433 191 1480 τως
219 1418 444 1470 ἐκείνων
481 1421 787 1490 ἱσταμένων
815 1423 938 1485 τοὺς
968 1420 1186 1483 λοιποὺς
1213 1419 1552 1474 ἁπλικεύειν.

163 1593 246 1658 Ea'.
292 1595 536 1664 Ἐχορῶν
560 1596 616 1648 δὲ
651 1597 1002 1666 ἐγγιζόντων,
1035 1598 1130 1651 καὶ
1155 1597 1414 1650 σύστασιν
1447 1595 1662 1650 ποιούν-

103 1703 212 1748 es»,
245 1687 276 1756 ἢ
308 1689 686 1756 ὀχυρωμάτων
711 1692 960 1759 πλησίον,
989 1692 1022 1761 ἢ
1050 1689 1200 1760 ὕλης,
1226 1691 1258 1760 ἢ
1283 1692 1445 1743 τόπου
1477 1690 1665 1759 δυσχε-

109 1776 233 1840 ροῦς,
272 1779 347 1846 μὴ
372 1779 539 1849 ἀφίης
561 1780 634 1843 ὡς
672 1780 827 1850 ἔτυχε
861 1780 1014 1844 τινὰς
1043 1781 1258 1850 βόσκειν
1287 1782 1412 1844 τοὺς
1439 1781 1663 1842 ἵππους,

105 1868 220 1920 ἀλλὰ
254 1871 346 1920 καὶ
380 1869 475 1933 τὰς
525 1871 714 1940 βῖγλας
756 1873 1009 1941 ἀσφαλῶς
1060 1871 1265 1940 πέμπε,
1301 1873 1395 1924 καὶ
1421 1871 1509 1941 ἔχε
1565 1871 1664 1936 μὲν

105 1961 211 2020 τους
233 1961 434 2025 ἵππους
471 1966 528 2015 ὲν
562 1964 642 2034 τῷ
675 1966 900 2034 χάρακι.
935 1965 1268 2028 Σπουδάζειν
1296 1964 1352 2016 δὲ
1387 1963 1526 2015 ὥστε
1557 1962 1666 2015 ἀπὸ

105 2054 281 2121 χειρῶν
331 2056 586 2122 συνάγειν
635 2058 699 2109 ὲκ
741 2059 848 2110 τῶν
896 2057 1300 2128 εὑρισκομένων
1349 2055 1574 2125 καρπῶν
1607 2057 1664 2108 ἐν

105 2149 198 2207 τοῖς
232 2146 464 2215 πλησίον
490 2149 730 2218 χωρίοις,
763 2149 858 2202 τοῦ
887 2167 944 2202 τε
981 2152 1174 2220 χόρτου
1206 2150 1299 2201 καὶ
1325 2148 1434 2201 τῶν
1460 2147 1665 2217 κριθῶν

107 2238 186 2306 τὴν
219 2239 487 2310 συλλογὴν
520 2241 795 2293 ποιεῖσθαι
825 2239 1020 2305 οὕτως,
1047 2239 1186 2292 ὥστε
1220 2240 1360 2309 μετὰ
1388 2239 1497 2292 τῶν
1527 2238 1665 2291 παλ-

107 2328 353 2398 λικαρίων
401 2330 494 2382 τοῦ
527 2331 746 2382 τούλδου
784 2331 1110 2402 εὐπλήκτως
1137 2331 1251 2401 (42)
1282 2331 1390 2384 ἀπὸ
1435 2330 1667 2384 ἑκάστου

111 2422 288 2489 μέρους
321 2420 693 2491 συνέρχωνται
720 2422 1055 2492 ὡπλισμένοι
1081 2422 1417 2494 στρατιῶται
1446 2423 1502 2474 ἐν
1520 2420 1669 2483 τάξει

109 2511 520 2580 περιπατοῦντες
551 2513 640 2565 διά
676 2513 773 2576 τὰς
809 2514 1109 2582 αἰφνιδίους
1167 2514 1276 2565 τῶν
1312 2511 1524 2582 ἐχθρῶν
1576 2513 1670 2562 ἐπ-

110 2605 180 2656 ελε
191 2606 354 2670 ύσεις.

169 2696 267 2760 Eg’.
317 2699 449 2750 Ἐάν
498 2700 556 2751 δὲ
614 2699 872 2770 χρονίσῃς
904 2701 980 2769 τῷ
1031 2702 1220 2771 τόπῳ,
1253 2701 1346 2753 καὶ
1394 2700 1422 2752 ὁ
1481 2698 1670 2768 καιρὸς

111 2789 403 2857 ἐπιτήδειός
429 2792 568 2853 ἐστι,
603 2792 697 2843 καὶ
713 2793 741 2844 ὁ
769 2792 933 2853 τόπος
955 2791 1154 2862 ὁμοίως
1173 2791 1308 2860 πρὸς
1333 2790 1671 2860 άποτροφὰς,

113 2878 212 2929 εστι
242 2878 300 2930 δὲ
337 2879 495 2948 καὶὴ
530 2880 760 2951 δύναμις
809 2882 919 2934 τῶν
967 2881 1180 2951 ἐχθρῶν
1225 2881 1333 2934 ἀπὸ
1375 2881 1671 2950 μακρόθεν,

112 2971 216 3019 τότε
270 2971 499 3024 δυνατόν
555 2973 701 3024 ἐστιν
757 2972 1049 3039 βόσκεσθαι
1079 2973 1207 3033 τοὺς
1241 2973 1441 3033 ἵππους
1487 2970 1674 3039 βίγλας

111 3059 284 3129 διπλῆς
313 3063 412 3114 καὶ
443 3062 677 3131 τριπλῆς
709 3063 971 3126 πολλάκις
1013 3063 1377 3133 πεμπομένης
1426 3063 1538 3132 (45)
1570 3062 1677 3115 ἀπὸ

114 3150 306 3202 πολλῶν
349 3151 744 3221 διαστημάτων
781 3154 873 3206 καὶ
905 3153 1109 3223 ταύτης
1165 3152 1376 3222 συχνῶς
1411 3152 1675 3206 ἀλλασσο-

116 3243 289 3310 μένης.

175 3332 263 3396 ξεν.
309 3332 438 3386 Ἐάν
468 3333 526 3386 δέ
560 3351 712 3397 τινας
743 3335 836 3387 ἐπὶ
871 3335 1107 3405 πραῖδαν
1129 3337 1321 3408 τάξῃς,
1351 3331 1498 3389 οὑτοι
1519 3333 1672 3404 μόνοι

113 3423 531 3492 ἐξερχὲσοωσαν.
575 3426 638 3477 Εἰ
676 3425 733 3477 δέ
802 3443 949 3488 τινες
1001 3426 1110 3478 τῶν
1158 3425 1504 3496 στρατιωτῶν
1553 3427 1674 3476 ὲπι-

117 3513 369 3582 μιχθῶσιν
426 3516 613 3578 αὐτοῖς
673 3516 779 3587 ίδίᾳ
822 3517 1075 3588 εὐθεντίᾳ
1131 3519 1379 3587 ποιήσεις
1425 3515 1677 3585 γενέσθαι

113 3604 402 3670 διαλαλιάν,
435 3604 577 3657 ὥστε
607 3606 815 3675 μηδένα
841 3607 1030 3677 ἕτερον
1060 3608 1200 3678 πλὴν
1224 3609 1333 3660 τῶν
1359 3607 1679 3676 ὡρισμένων

115 3693 334 3756 ἐξελθεῖν
364 3698 448 3759 εἰς
489 3697 587 3767 τὴν
619 3698 878 3766 πραῖδαν.
916 3699 1026 3751 Καὶ
1058 3699 1176 3751 τότε
1208 3699 1347 3768 μετὰ
1383 3698 1444 3749 τὸ
1475 3697 1680 3766 μανδά-

114 3801 193 3834 τον
216 3787 339 3848 τοὺς
369 3786 792 3856 παρακούοντας
837 3788 1157 3858 συνέχεσθαι
1185 3791 1280 3841 καὶ
1311 3787 1678 3858 παραπέμπε-

117 3870 226 3924 σθαι
278 3876 394 3936 τοῖς
446 3874 596 3937 ἰδίοις
638 3875 816 3927 αὐτῶν
851 3875 1112 3947 ἄρχουσιν
1147 3877 1225 3939 εἰς
1253 3877 1315 3928 τὸ
1351 3875 1683 3946 σωφρονίζε-

117 3965 248 4030 sliat,
280 3967 370 4020 ἵνα
405 3967 483 4036 μὴ
521 3970 567 4020 οἱ
612 3968 790 4022 λοιποὶ⁵
833 3970 1199 4040 λαμϐάνοντες
1229 3970 1433 4034 ἄδειαν,
1479 3970 1567 4021 καλ
1605 3971 1684 4033 εἰς

117 4055 361 4126 ἁρπαγὴν
414 4057 786 4127 ἐκτρέχοντες,
829 4059 1157 4129 γυμνώσωσί
1193 4077 1251 4112 σε
1282 4059 1390 4112 ἀπὸ
1422 4060 1679 4130 στρατοῦ,

116 4149 198 4198 καὶ
231 4150 560 4222 κινδυνεύσῃ
590 4151 710 4214 ὅλος
739 4153 767 4204 ὁ
791 4151 939 4215 λαός.

180 4236 274 4308 ἔνι’.
323 4240 640 4309 ’Δκρίόειαν
681 4241 738 4293 δὲ
785 4242 881 4295 καὶ
923 4243 1223 4311 ἀσφάλειαν
1273 4242 1360 4314 ἔχε
1389 4283 1404 4307 ,
1453 4243 1540 4295 ἵνα
1589 4242 1683 4294 ἐὰν

118 4327 240 4400 τύχῃ
275 4333 372 4382 καὶ
404 4332 605 4402 εὑρεθῇ
641 4331 674 4402 ἦ
703 4327 868 4396 οἶνος,
894 4334 926 4404 ἢ
959 4334 1147 4404 ἄρτος,
1182 4335 1256 4405 μὴ
1275 4333 1506 4404 τρώγειν
1529 4334 1687 4387 αὑτὸν

117 4421 200 4472 καὶ
237 4423 421 4474 πίνειν
473 4423 580 4492 πρὸ
611 4423 832 4492 πείρας,
863 4425 958 4477 ἐὰν
1005 4425 1082 4493 μὴ
1134 4424 1397 4494 πρότερον
1444 4425 1532 4478 διὰ
1580 4424 1688 4476 τῶν

1756 604 2001 654 utuntur,
2033 608 2227 647 omnes
2248 606 2415 660 parvo
2462 593 2746 644 intervallo
2781 591 3035 645 instructi
3090 593 3157 642 ah
3215 591 3321 645 illis

1755 688 1976 751 distent,
2019 695 2246 755 tumque
2285 691 2580 753 apparatus
2621 693 2676 737 et
2733 684 3122 754 impedimenta
3145 699 3208 736 ex
3235 699 3325 736 or-

1757 779 1883 832 dine
1920 778 2299 843 ingrediantur
2340 779 2392 831 in
2420 784 2641 832 castra:
2685 776 2776 830 ubi
2834 786 3014 830 autem
3063 775 3328 830 excubias

1757 869 2089 936 vigiliasque
2141 867 2414 931 emiseris,
2448 875 2579 921 tunc
2640 866 2840 919 armati
2873 865 2976 934 ipsi
3005 882 3070 919 ex
3131 865 3327 919 ordine

1760 960 2137 1029 ingrediantur
2162 966 2216 1012 ct
2243 969 2423 1011 castra
2462 968 2688 1028 ponant,
2746 957 3207 1027 quemadmodum
3229 959 3327 1012 tibi

1762 1054 1816 1108 in
1846 1068 1967 1122 cap.
2011 1051 2082 1104 De
2113 1052 2303 1105 castris
2331 1050 2582 1119 ponendis
2609 1050 2997 1119 explicuimus.

1835 1230 1922 1285 οι.
1953 1229 2048 1282 Sin
2095 1227 2282 1282 hostes
2337 1242 2506 1298 prope
2552 1241 2661 1280 non
2702 1225 3002 1288 adfuerint,
3055 1226 3191 1279 satis
3228 1225 3333 1280 erit

1766 1339 1875 1376 uno
1898 1322 2136 1390 drungo,
2178 1321 2227 1373 id
2267 1332 2373 1386 est,
2425 1321 2652 1375 cohorte
2695 1319 2978 1380 milliaria,
3032 1318 3335 1372 instructos

1767 1412 1905 1463 hanc
1934 1411 2162 1463 formam
2194 1409 2499 1474 observari,
2536 1419 2594 1462 ut
2623 1423 2684 1462 ea
2711 1408 3176 1477 quemadmodum
3201 1425 3339 1480 pra:-

1766 1500 2008 1553 diximus
2038 1500 2398 1561 consistente,
2432 1497 2629 1566 reliqui
2676 1507 2858 1552 castra
2890 1508 3116 1568 ponant.

1838 1592 1926 1645 65.
1952 1589 2213 1645 Hostibus
2264 1590 2375 1659 jam
2409 1589 2848 1653 imminentibus,
2884 1601 3047 1659 atque
3081 1608 3248 1646 unum
3286 1594 3341 1648 in

1769 1685 1946 1736 locum
1984 1696 2152 1750 prope
2184 1682 2550 1752 congregatis,
2579 1682 2624 1735 si
2663 1683 2898 1737 munitio
2945 1685 3127 1753 aliqua
3164 1700 3332 1754 prope

1773 1774 1960 1837 fuerit,
2025 1781 2120 1826 aut
2157 1773 2340 1842 aliqua
2403 1775 2648 1826 locorum
2715 1774 3028 1840 difﬁcultas,
3061 1791 3128 1830 ne
3170 1792 3345 1844 equos

1699 1845 1739 1898 Β
1772 1875 1976 1920 temere
2002 1864 2067 1918 ad
2094 1875 2310 1934 pastum
2337 1865 2512 1918 emitti
2545 1864 2718 1929 sinas,
2751 1867 2845 1920 sed
2869 1873 2922 1920 et
2949 1867 3206 1922 excubias
3230 1876 3349 1922 tuto

1774 1959 1947 2022 mitte,
1973 1974 2145 2029 equos
2176 1968 2359 2012 autem
2392 1957 2536 2011 iutra
2562 1959 2684 2011 valli
2723 1960 2990 2013 ambitum
3026 1959 3222 2014 retine.
3257 1959 3351 2013 Ef-

1775 2053 1874 2106 fice
1925 2061 2103 2105 autem
2134 2060 2193 2104 ut
2216 2051 2469 2104 manibus
2496 2051 2612 2106 suis
2642 2051 2789 2119 quod
2836 2051 3099 2106 frumenti
3128 2053 3347 2121 pabuli-

1775 2159 1879 2212 que
1911 2152 2018 2205 est,
2063 2143 2311 2197 finitimis
2342 2143 2394 2195 in
2421 2144 2559 2197 locis
2591 2151 2944 2213 congregem,
2995 2143 3088 2199 sed
3137 2145 3235 2208 ita,
3293 2154 3352 2197 ut

1776 2250 1900 2289 cum
1967 2234 2484 2304 impedimentorum
2552 2233 2894 2290 administris
2962 2235 3222 2290 omnibus
3283 2250 3349 2288 ex

1777 2326 2030 2396 partibus
2080 2328 2273 2380 armati
2306 2327 2505 2383 milites
2553 2327 2764 2380 circum
2799 2328 2923 2383 illos
2972 2328 3350 2394 obambulent,

1779 2421 1843 2474 ad
1871 2419 2082 2475 subitas
2108 2419 2347 2473 hostium
2391 2421 2740 2474 incursiones
2789 2421 3153 2490 repellendas.

1850 2673 1939 2727 66.
1978 2673 2075 2728 Sin
2109 2690 2218 2728 uno
2248 2675 2302 2727 in
2342 2674 2465 2729 loco
2509 2674 2718 2730 diutius
2751 2683 3128 2731 commoratus
3161 2674 3352 2741 fueris,

1781 2774 1834 2820 et
1863 2776 2080 2835 tempus
2111 2765 2371 2820 idoneum
2411 2767 2676 2837 locusque
2707 2767 2964 2822 similiter
2988 2767 3054 2822 ad
3097 2768 3357 2824 alimenta

1782 2868 2128 2928 opportunus
2154 2865 2261 2921 est,
2293 2859 2644 2929 hostiumque
2677 2861 2849 2930 capiat
2901 2861 3119 2917 eminus
3155 2861 3354 2918 abfue-

1791 2949 1925 3013 rint,
1964 2951 2089 3018 equi
2152 2958 2266 3002 tum
2322 2949 2390 3003 ad
2451 2958 2672 3019 pastum
2702 2951 3050 3016 emittantur,
3106 2953 3356 3008 excubiis

1785 3039 1998 3094 duabus
2033 3047 2126 3092 aut
2155 3041 2332 3094 tribus
2357 3041 2519 3112 longo
2545 3041 2838 3096 intervallo
2865 3042 3088 3098 emissis
3111 3041 3360 3115 frequen-

1786 3141 1976 3202 terque
2013 3134 2386 3187 commutatis.

1849 3313 1936 3366 67.
1974 3313 2027 3367 Si
2053 3329 2189 3383 quos
2221 3315 2286 3369 ad
2323 3316 2557 3384 praedam
2597 3316 2846 3371 emiseris
2871 3354 2886 3379 ,
2912 3314 2964 3369 hi
3015 3315 3117 3370 soli
3144 3326 3360 3372 exeant.

1778 3404 1873 3458 Sin
1894 3406 2112 3472 quidam
2141 3421 2207 3461 ex
2238 3407 2507 3462 militibus
2535 3407 2643 3461 illis
2669 3406 2885 3462 admisti
2905 3405 3131 3474 fuerint,
3145 3409 3363 3479 propria

1780 3504 1870 3548 tua
1905 3496 2234 3550 auctoritate
2258 3499 2573 3552 mandatum
2623 3498 2892 3570 divulgari
2940 3499 3144 3569 facies,
3176 3510 3230 3557 ut
3263 3518 3364 3560 ne-

1784 3601 1871 3638 mo
1897 3587 2038 3641 alius
2068 3597 2263 3657 prater
2297 3603 2392 3642 eos
2437 3589 2530 3659 qui
2584 3590 2869 3644 constituti
2915 3602 3048 3648 sunt
3114 3595 3180 3649 ad
3224 3612 3363 3665 ιιι-σι.

1781 3680 2020 3733 dandum
2062 3692 2241 3735 exeat.
2274 3681 2403 3736 Post
2427 3683 2529 3736 hoc
2561 3685 2877 3737 mandatum
2940 3686 2985 3740 si
3030 3687 3123 3756 qui
3177 3695 3365 3742 trans-

1784 3788 2068 3841 gressores
2097 3773 2322 3837 fuerint,
2364 3777 2676 3843 capiantur,
2724 3784 2778 3830 et
2821 3779 2888 3830 ad
2949 3793 3083 3832 suos
3115 3779 3362 3849 ipsorum

1784 3864 2069 3932 praefectos
2106 3865 2418 3930 mittantur,
2454 3874 2513 3918 ut
2536 3867 2604 3920 ab
2636 3867 2744 3922 illis
2791 3868 3155 3938 castigentur,
3189 3885 3280 3936 ne,
3317 3871 3361 3923 si

1787 3955 2043 4027 impuniti
2083 3957 2215 4022 sint,
2249 3958 2450 4027 reliqui
2502 3973 2628 4013 cum
2665 3960 2967 4016 securitate
3011 3961 3251 4031 quadam
3297 3962 3365 4016 ad

1788 4047 2144 4115 przedandum
2189 4059 2569 4116 excurrentes,
2603 4051 2866 4106 deserant
2917 4054 3245 4115 exercitum,
3283 4063 3365 4107 at-

1788 4152 1894 4206 que
1933 4137 2069 4192 adeo
2104 4138 2158 4192 in
2191 4141 2437 4208 periculo
2467 4143 2748 4198 exercitus
2793 4143 2873 4198 sic
2904 4144 3135 4201 relictus
3162 4147 3254 4201 sit.

1860 4228 1948 4283 68.
1982 4229 2264 4298 Exquisite
2291 4231 2690 4303 diligenterque
2723 4235 3058 4304 providebis,
3115 4246 3176 4292 ut
3210 4239 3254 4295 si
3287 4241 3365 4294 vi-

1791 4338 1919 4374 num
1956 4330 2048 4377 aut
2079 4325 2237 4392 panis
2265 4323 2598 4390 inveniatur,
2621 4341 2727 4379 non
2753 4327 3047 4383 confestim
3079 4329 3245 4390 edant
3273 4343 3367 4388 aut

1791 4414 2001 4479 bibant,
2039 4415 2142 4470 nisi
2161 4431 2256 4486 per
2285 4418 2532 4487 captivos
2553 4419 2706 4487 prius
2732 4421 3124 4489 exploraveris,
3155 4435 3364 4479 utrum-

117 4514 470 4581 αἰχμαλώτων
509 4513 820 4585 δοκιμάσῃς
846 4515 1032 4569 αὑτόν.
1073 4516 1184 4568 Καὶ
1211 4515 1386 4578 οὑτως
1416 4516 1685 4586 εὑρίσκων

1793 4521 1861 4560 ne
1893 4507 2136 4561 salubria
2191 4515 2356 4578 atque
2407 4509 2615 4581 integra
2650 4511 2793 4566 sint:
2826 4511 2973 4582 quod
3026 4514 3071 4568 si
3106 4515 3179 4568 ita
3230 4530 3359 4570 esse

117 4603 283 4674 ἅπαΟῆ
348 4604 447 4657 καὶ
477 4605 628 4674 ὑγιῆ,
679 4604 803 4657 τότε
865 4606 1114 4675 ποιήσεις
1175 4606 1486 4676 χρήσασθαι
1551 4607 1690 4658 αὐτὰ

116 4694 229 4755 τοὺς
273 4691 639 4763 στρατιώτας.
689 4694 855 4748 Ἀλλά
909 4695 1047 4766 μηδὲ
1087 4693 1148 4747 τδ
1203 4697 1404 4759 ἐντοῖς
1460 4695 1688 4765 φρέασιν

119 4783 320 4857 ὕδωρ,ῆ
346 4786 719 4856 κινστέρναις,
749 4786 780 4856 ἢ
806 4786 1050 4852 λάκκοις,
1076 4787 1108 4857 ἢ
1134 4788 1190 4839 ἐν
1214 4787 1389 4851 ἄλλοις
1417 4788 1689 4856 ἀγγείοις⁶

117 4875 367 4940 πολλάκις
411 4877 524 4946 γὰρ
551 4875 639 4928 διὰ
670 4877 977 4948 φαρμάκων
1003 4874 1377 4946 ἀφανίζονται,
1402 4879 1494 4929 καὶ
1528 4877 1692 4930 Θανα-

116 4968 315 5036 τηςρόρα
348 4971 587 5034 γίνεται.

180 5057 272 5123 ξδ’.
306 5057 633 5128 Εὑρέθησαν
664 5057 770 5128 γάρ
802 5075 933 5110 ποτε
972 5059 1067 5111 καὶ
1097 5058 1286 5128 κριθαὶ
1324 5057 1496 5120 οὕτως
1545 5076 1687 5128 φαρ-

121 5151 495 5215 μακευθεῖσαι,
530 5151 624 5204 καὶ
663 5153 738 5221 μὴ
771 5151 1003 5220 ἐχόντων
1034 5150 1256 5205 ἂλλοθεν
1279 5152 1386 5204 τῶν
1419 5169 1686 5223 στρατιω-

118 5243 213 5294 τῶν
238 5246 353 5308 τοῖς
384 5244 609 5312 ἀλόγοις
654 5245 996 5314 ἀποτροφὴν,
1022 5244 1446 5314 ἡναγκάσθησαν
1473 5245 1684 5296 ἐκεῖθεν

118 5335 286 5397 αὐτοῖς
321 5334 669 5404 παραλαϐεῖν
699 5331 926 5405 τροφὴν,
967 5335 1060 5386 καὶ
1087 5334 1186 5387 οὑκ
1215 5335 1382 5402 ὀλίγοι
1413 5333 1500 5387 διὰ
1528 5331 1685 5385 τοῦτο

119 5426 260 5480 ἵπποι
290 5427 598 5482 ἀπώλοντο.

1795 4598 2090 4663 inveneris,
2144 4607 2258 4654 tum
2316 4601 2574 4655 fruantur
2599 4603 2705 4657 illis
2741 4604 2974 4658 milites.
3022 4602 3128 4660 Sed
3186 4622 3366 4677 neque

1791 4705 1932 4758 aqua
1958 4690 2011 4744 in
2037 4692 2215 4760 puteis
2243 4699 2339 4745 aut
2373 4693 2639 4749 cisternis
2693 4703 2788 4748 aut
2813 4694 2939 4750 aliis
2975 4694 3029 4749 in
3075 4696 3223 4750 vasis
3256 4697 3364 4750 nisi

1787 4785 2069 4851 explorato
2097 4794 2362 4839 utantur:
2392 4801 2536 4856 szepe
2583 4787 2730 4841 enim
2781 4803 2994 4843 veneno
3045 4788 3362 4859 huiusmodi

1791 4875 2140 4941 iuficiuutur,
2170 4884 2224 4930 et
2246 4876 2468 4932 lethalia
2503 4886 2654 4933 sunt.

1858 5056 1950 5111 69.
2021 5057 2292 5112 Hordeum
2329 5059 2473 5114 enim
2515 5076 2658 5130 smpe
2700 5060 2782 5116 sic
2831 5075 3040 5116 veneno
3094 5061 3363 5117 imbutum

1789 5151 2190 5213 inveniebatur,
2223 5161 2275 5204 et
2311 5165 2435 5203 cum
2461 5152 2675 5221 reliquo
2712 5153 2914 5222 pabulo
2965 5153 3361 5217 deﬁcerentur,

1789 5244 1989 5297 milites
2039 5243 2106 5296 ad
2155 5258 2328 5313 equos
2387 5246 2784 5313 asportandos,
2823 5248 2949 5302 inde
2995 5248 3316 5317 pabulantes
3345 5286 3361 5311 ,

1787 5335 2057 5405 equisque
2087 5334 2402 5404 afferentes,
2431 5338 2744 5407 complures
2777 5354 2951 5409 equos
2985 5338 3360 5408 perdiderunt.

1618 5536 1850 5594 ΝΟΤᾸΞ.

184 5637 289 5706 (Η)
336 5636 734 5702 Εὐπλήκτως.
787 5635 1002 5697 Scribe,
1038 5632 1413 5702 ὲξαπλήκτως.
1465 5631 1688 5706 Quade

120 5722 240 5759 voce
273 5703 452 5776 supra
494 5721 523 5756 a
573 5722 656 5759 me
688 5707 892 5758 dictum
932 5715 1035 5776 est.
1077 5707 1138 5757 Et
1164 5719 1285 5776 mox
1310 5703 1551 5776 iterum§
1595 5703 1686 5776 7|,

120 5773 444 5847 εὑπλήκτους
481 5777 577 5827 καὶ
609 5776 870 5837 εὑὸπλους
928 5775 1142 5840 Scribe,
1168 5773 1566 5843 ὲξαπλήκτους,
1592 5775 1686 5826 καὶ

384 5872 658 5932 Ρηῐιοι..
695 5869 810 5931 Gn.
847 5871 1025 5932 CVII.

1795 5634 2087 5774 ευῗῗέῖδῦὶ
2118 5704 2369 5771 superius
2393 5705 2676 5760 innuimus
2700 5705 2926 5760 mutilus
2957 5714 3041 5759 est
3063 5705 3365 5774 superiori-

1796 5775 1897 5829 bus
1932 5777 2288 5846 paragraphis
2327 5776 2519 5844 codex,
2548 5792 2721 5846 usque
2746 5776 2810 5830 ad
2841 5777 3240 5846 paragrapltutn
3271 5778 3360 5828 (i7.

2936 5869 3011 5928 30
