4176 6442
792 389 885 450 93f

800 596 853 645 in
910 592 1087 659 capite
1126 587 1202 639 lle
1255 588 1441 640 itinere
1502 588 1742 654 faciendo
1788 589 2171 656 explicuimus,
2207 596 2263 639 ut
2307 589 2351 640 si

792 698 933 751 saepe
963 679 1227 734 tumultus
1256 678 1455 747 aliquis
1491 689 1585 733 aut
1618 679 1960 748 perturbatio
2006 680 2057 733 iu
2098 679 2350 733 exercitu

793 775 973 836 fuerit,
1000 771 1198 825 nehuc
1259 769 1502 839 illucque
1537 768 1812 824 exercitus
1852 768 2250 822 circumcurset
2297 776 2352 821 et

789 858 1233 924 circumferatur,
1267 858 1360 913 sed
1421 859 1551 912 illuc
1582 865 1746 911 ruant
1778 872 1971 913 omnes
2018 858 2109 911 ubi
2151 856 2352 909 tumul-

788 963 877 1007 tus
902 961 1018 1006 est:
1050 967 1113 1007 es
1138 967 1204 1006 co
1226 952 1370 1006 enim
1403 951 1491 1003 fiet
1526 958 1586 1004 ut
1636 951 1907 1007 adversus
1932 951 2121 1003 hostes
2170 949 2350 1019 parati

788 1047 917 1111 sint,
956 1045 1155 1113 siquid
1209 1045 1314 1096 tale
1343 1042 1642 1112 contingat,
1690 1057 1868 1112 neque
1923 1039 2154 1095 confuse
2208 1040 2353 1095 inter

787 1150 846 1189 sc
875 1143 968 1188 aut
1004 1136 1314 1203 perturbate
1331 1134 1688 1187 misceantur.

857 1228 944 1278 7f.
966 1225 1237 1278 Excubias
1254 1225 1475 1293 quando
1502 1226 1554 1277 in
1583 1224 1837 1278 hostilem
1857 1233 2058 1278 terram
2075 1222 2347 1289 immittis,

786 1332 894 1368 non
931 1317 1109 1368 solum
1140 1316 1193 1368 in
1234 1318 1563 1369 anteriorem
1591 1322 1795 1383 partem
1822 1313 2065 1377 emittas,
2114 1327 2348 1381 eamque

788 1413 959 1459 tutam
1009 1408 1387 1471 conservabis,
1424 1406 1516 1460 sed
1561 1406 1727 1459 etiam
1790 1419 1819 1457 a
1871 1414 2023 1473 tergo
2064 1404 2349 1474 expeditos

786 1505 1135 1565 armatosque
1169 1496 1391 1557 milites,
1422 1494 1474 1547 id
1509 1502 1617 1558 est,
1642 1494 1867 1548 idoneas
1916 1493 2104 1562 copias
2169 1494 2350 1563 aliquo

783 1604 907 1642 eum
942 1590 1172 1642 honesto
1230 1587 1484 1656 praefecto
1524 1588 1827 1640 instructas
1884 1588 2000 1656 (qui
2053 1587 2351 1655 tergislites

784 1680 1230 1745 nominabantur)
1266 1678 1332 1731 ad
1357 1678 1545 1732 decem
1570 1677 1651 1731 vel
1682 1677 1995 1745 quindecim
2029 1676 2348 1730 milliarium

783 1768 1130 1823 intervallum
1181 1783 1307 1822 cum
1355 1769 1603 1822 excubiis
1665 1769 1946 1822 accuratis
2002 1766 2349 1828 collocabis,

2050 383 2321 443 [ΕΘΝῐὸ
2355 385 2747 448 PIIILOSOPI
2761 389 2809 447 ll

864 502 950 553 70.
990 496 1280 564 Praveipies
1317 496 1480 550 etiam
1532 496 1822 562 exercitui,
1890 496 2353 565 quemadnmdnm
2389 507 2429 561 Λ

3924 392 4035 454 932

2534 507 2594 552 θ’.
2632 500 3016 571 Παραγγείλῃς
3046 499 3099 552 δὲ
3132 498 3208 568 τῷ
3246 499 3458 570 στρατῷ
3486 498 3663 562 καθὼς
3698 500 3755 553 ἐν
3785 501 3862 569 τῷ
3890 505 4033 569 Περὶ

2461 591 2805 660 ὁδοιπορίας
2830 594 2960 661 ἡμῖν
2999 592 3212 662 εἴρηται
3239 593 3401 660 λόγῳ,
3426 594 3511 645 ἵνα
3548 592 3642 646 ἐὰν
3668 593 3741 654 ὡς
3769 594 4036 654 πολλάκις

2459 684 2682 752 γένηται
2724 684 2936 754 ταραχὴ
2965 685 3045 745 είς
3081 684 3172 736 τὸν
3196 684 3344 749 λαὸν,
3377 684 3451 755 μὴ
3478 683 3710 752 ἀλλαχοῦ
3731 724 3744 746 ,
3776 677 3882 737 ὦδε
3934 688 4034 737 καὶ

2460 777 2639 828 ὲκεῖσε
2668 775 2885 846 τρέχειν
2929 770 3126 839 αὐτοὺς
3164 776 3257 829 καὶ
3291 775 3722 845 περιφέρεσθαι·
3749 775 3866 828 ἀλλ’
3911 775 4033 827 εκεῖ

2458 867 2634 936 δρμᾷν
2678 866 2909 931 πάντας,
2958 868 3091 920 ὅπου
3127 866 3160 934 ἡ
3195 864 3408 935 ταραχὴ
3436 865 3660 932 γέγονεν
3686 882 3698 894 ·
3741 866 3807 917 ὲκ
3838 864 4032 917 τοὺτου

2459 957 2567 1029 γὰρ
2604 956 2699 1010 καὶ
2728 958 2865 1029 πρὸς
2906 960 3035 1022 τοὺς
3064 956 3355 1027 πολεμίους
3389 956 3596 1022 ἕτοιμοι
3624 956 3893 1023 γίνονται,
3935 957 4030 1008 ἐὰν

2458 1068 2510 1104 τι
2539 1049 2778 1103 τοιοῦτον
2838 1049 3043 1119 συμϐῇ,
3086 1049 3181 1101 καλ⁵
3230 1046 3292 1100 οὗ
3336 1047 3715 1118 συμφὺρονται
3740 1048 3823 1109 εἰς
3863 1047 4029 1118 ἀλλή-

2459 1139 2584 1201 λους
2616 1140 2711 1192 καὶ
2734 1138 3080 1207 συγχέονται.

2530 1228 2628 1284 οα’.
2667 1231 2778 1292 Τὰς
2823 1229 2880 1281 δὲ
2927 1228 3121 1299 βίγλας
3150 1229 3312 1300 ἡνίκα
3351 1227 3658 1290 είσϐἀλλεις
3692 1229 3771 1290 εἰς
3801 1229 3907 1299 τὴν
3938 1245 4030 1281 πο-

2457 1321 2653 1392 λεμίαν
2680 1321 2805 1391 γῆν,
2864 1322 2939 1391 μὴ
2994 1321 3152 1390 μόνον
3197 1320 3343 1373 κατὰ
3390 1320 3451 1372 τὸ
3493 1318 3806 1391 ἔμπροσθεν
3865 1320 4031 1388 μέρος

2455 1414 2789 1487 ἀποστέλλῃς
2836 1414 3091 1478 πάντοτε,
3137 1414 3234 1465 καὶ⁸
3293 1410 3451 1465 τοῦτο
3505 1411 3667 1481 μόνον
3702 1410 4029 1482 ἀσφαλίςῃς.

2456 1505 2593 1558 ἀλλὰ
2631 1506 2727 1559 καὶ
2779 1504 2919 1558 κατά
2947 1502 3041 1555 τοῦ
3077 1501 3251 1556 νώτου
3296 1502 3519 1555 ὄπισθεν
3562 1502 3909 1571 εὐπλήκτους
3938 1503 4031 1553 καὶ

2456 1594 2716 1659 εὺόπλους
2771 1594 3105 1665 στρατιώτας
3143 1596 3310 1665 ἤγουν
3361 1594 3551 1664 ἱκανὴν
3603 1594 3832 1663 δύναμιν
3893 1595 4030 1662 μετά

2457 1687 2730 1757 χρησίμου
2791 1688 3047 1756 ἄρχοντος
3104 1688 3461 1758 παρατασσε,
3511 1687 3639 1749 τοὺς
3701 1686 4027 1755 λεγομένους

2458 1777 2867 1846 νωτοφύλακας,
2926 1776 3003 1839 ὡς
3036 1777 3144 1830 ἀπὸ
3194 1777 3325 1830 δέκα
3363 1776 3553 1846 μιλίων
3592 1777 3627 1847 ἢ
3676 1782 3757 1841 ιε’,
3816 1777 3850 1845 ἦ
3907 1778 4031 1827 ὅσον

784 1870 1006 1933 prepter
1037 1876 1131 1916 eos
1163 1861 1253 1929 qui
1303 1861 1386 1915 vel
1421 1875 1516 1929 per
1556 1860 1955 1922 infirmitatem,
1989 1860 2068 1914 vel
2129 1858 2234 1912 alia
2279 1856 2346 1911 de

2454 1862 2598 1929 οἶδας
2627 1866 2920 1935 διάστημα,
2962 1864 3102 1934 μετὰ
3134 1865 3322 1934 βίγλας
3346 1863 3630 1934 ἀκριϐοῦς,
3661 1865 3751 1916 διὰ
3779 1866 3931 1926 τοὺς,
3955 1865 4028 1925 ὡς

782 1968 947 2007 causa
977 1953 1282 2013 tardantur,
1313 1960 1366 2005 et
1397 1951 1731 2006 deseruntur
1759 1950 1828 2005 ab
1867 1949 2137 2015 exercitu,
2173 1957 2232 2002 ut
2277 1963 2346 2003 ne

783 2047 939 2099 hoste
966 2042 1149 2099 subito
1179 2043 1543 2112 irrumpentes
1576 2041 1700 2097 illos
1757 2041 2135 2111 intercipiant.

852 2216 940 2272 72.
964 2216 1310 2271 lncursiones
1344 2215 1487 2270 enim
1514 2215 1582 2268 ab
1620 2214 1870 2269 hosﬁbus
1899 2222 2013 2267 tum
2052 2214 2170 2267 fieri
2212 2228 2352 2267 con-

781 2317 1112 2371 sucverunt,
1146 2306 1364 2376 quando
1423 2320 1613 2361 secure
1656 2314 1709 2360 et
1751 2306 1871 2360 sine
1934 2303 2125 2358 timore
2171 2312 2351 2357 trans-

780 2409 911 2455 eunt
942 2401 1150 2463 hostes,
1191 2409 1245 2452 et
1292 2400 1383 2467 qui
1432 2399 1706 2452 anteriore
1738 2398 1792 2449 in
1828 2405 1980 2467 parte
2044 2404 2196 2460 sunt,
2254 2410 2354 2465 po-

781 2492 1066 2545 steriorem
1134 2496 1342 2559 partem
1399 2489 1582 2542 minus
1618 2488 1813 2557 juvare
1870 2496 2124 2556 possunt.

852 2581 939 2635 73.
983 2580 1097 2633 lloc
1162 2581 1207 2634 si
1280 2586 1471 2632 nostra
1542 2579 1595 2631 in
1654 2580 1875 2648 regione
1938 2577 2155 2641 feceris,
2210 2577 2353 2631 haud

783 2673 975 2726 inutile
1030 2671 1213 2731 fuerit,
1246 2670 1429 2723 multis
1464 2671 1763 2738 praesertim
1800 2670 1907 2724 huc
1961 2670 2198 2740 illucque
2249 2684 2343 2739 pa-

781 2766 1041 2826 lantibus,
1107 2770 1161 2816 et
1223 2770 1422 2832 praeter
1475 2763 1856 2832 prml’ectorum
1916 2778 2145 2817 suorum
2195 2778 2352 2817 men-

785 2867 894 2912 tem
931 2871 959 2909 a
1008 2858 1243 2910 statione
1288 2869 1384 2908 sua
1438 2855 1850 2908 recedentibus:
1884 2870 1947 2909 ex
1986 2869 2051 2909 eo
2080 2855 2225 2908 enim
2255 2870 2353 2909 co-

781 2962 1035 3017 guosces,
1089 2946 1181 3015 qui
1236 2945 1437 2998 milites
1487 2945 1541 2997 in
1594 2944 1787 2999 ordine
1843 2943 2070 3009 fuerint,
2102 2952 2158 2999 et
2195 2945 2350 3015 quia

782 3040 1020 3095 statione
1071 3052 1169 3092 sua
1204 3037 1478 3091 recedant.

850 3130 938 3183 7L
960 3129 1032 3183 De
1056 3130 1297 3182 locorum
1340 3128 1626 3198 angustiis,
1653 3137 1704 3181 et
1744 3127 2052 3183 difﬁcilibus
2095 3130 2160 3182 ad
2185 3138 2356 3183 trans-

780 3222 1018 3276 eundqu
1042 3220 1198 3285 locis,
1224 3195 1549 3273 mentionem
1582 3219 1810 3275 fecimus
1838 3221 1889 3273 in
1918 3237 2039 3290 Cap.
2066 3223 2130 3276 de
2162 3222 2351 3276 itinere
2376 3195 2420 3257 Ο

784 3314 1051 3378 faciendo,
1093 3328 1263 3382 quare
1289 3312 1356 3366 de
1393 3312 1497 3365 illis
1541 3312 1734 3365 iterum
1760 3313 1922 3366 verba
1955 3313 2134 3367 facere
2160 3328 2352 3382 super-

782 3416 1077 3459 vacaneum
1108 3412 1212 3468 est,
1253 3418 1374 3457 cum
1412 3403 1537 3458 inde
1568 3404 1758 3457 harum
1785 3420 1965 3458 rerum
1994 3420 2189 3475 capere
2219 3420 2349 3475 pos-

782 3494 862 3554 sis
892 3498 1281 3567 cognitionem,
1316 3502 1374 3549 ut
1417 3510 1484 3550 ne
1519 3504 1721 3551 temere
1749 3505 1800 3550 et
1834 3498 2177 3553 considerate
2222 3513 2351 3553 con-

781 3592 951 3646 densa
992 3589 1341 3659 dimciliaque
1376 3588 1495 3643 loca
1528 3589 1762 3645 transire
1792 3593 2028 3647 coneris.

848 3937 942 3991 75.
980 3936 1074 3990 Sin
1117 3935 1296 4006 aliqua
1330 3934 1631 3991 necessitas
1678 3934 1940 4004 impellat,
1983 3934 2346 4004 quemadmo-

779 4028 909 4081 dum
971 4026 1029 4080 ln
1081 4040 1199 4095 cap.
1241 4026 1305 4080 de
1345 4026 1535 4080 itinere
1584 4024 1834 4080 faciendo
1892 4027 2348 4095 prmscripsimus,

779 4133 842 4172 ea
885 4118 1067 4174 cautio
1129 4118 1432 4173 adhibenda
1484 4124 1568 4172 est
1628 4119 1694 4171 ad
1754 4134 1815 4171 ea
1858 4119 1977 4171 loca
2027 4129 2351 4187 praetergre-

782 4199 1003 4273 dienda,
1054 4211 1287 4264 maxime
1310 4211 1355 4264 si
1391 4210 1444 4263 in
1494 4210 1676 4264 hostili
1728 4221 1873 4263 terra
1908 4208 2098 4273 fueris,
2126 4210 2347 4266 hostes-

782 4313 887 4369 que
937 4300 1278 4354 immineant.

853 4388 942 4442 76.
975 4388 1032 4443 Si
1056 4391 1237 4444 hostes
1267 4391 1320 4443 in
1347 4399 1544 4445 terram
1568 4398 1801 4446 vestram
1826 4392 2141 4462 irruperint,
2173 4408 2242 4447 ne
2264 4408 2351 4446 eo-

781 4495 895 4533 ram
942 4489 997 4534 et
1023 4488 1208 4548 aperte
1237 4495 1360 4534 cum
1404 4481 1510 4534 illis
1534 4481 1782 4545 dimices,
1806 4482 1854 4537 si
1880 4484 1961 4538 vel
1994 4484 2231 4551 majores
2261 4485 2343 4537 vel

2456 4510 2826 4572 εἰσϐάλλωσιν,

781 4570 1017 4639 :equales
1047 4570 1287 4625 hostium
1349 4572 1519 4640 ecpiaz
1549 4573 1656 4626 tuis
1692 4572 1915 4643 fuerint,
1946 4575 2039 4627 sed
2072 4576 2347 4630 insidieris

782 4664 986 4730 potius,
1028 4663 1254 4716 structis
1289 4663 1522 4727 insidiis,
1561 4672 1614 4717 et
1649 4665 1771 4719 aliis
1806 4665 2200 4730 molitionibus,
2232 4667 2348 4721 sive

784 4758 943 4805 noctu
970 4752 1085 4805 sive
1114 4752 1371 4814 interdiu,
1402 4754 1628 4823 viasque
1672 4753 1885 4808 illorum
1915 4756 2189 4816 obstruas.
2226 4774 2348 4810 mu-

784 4844 1134 4913 nitionesque
1165 4845 1452 4914 anticipes,
1484 4846 1568 4900 vel
1592 4861 1687 4915 per
1732 4846 1961 4915 pedites,
1996 4848 2078 4901 vel
2111 4850 2345 4915 equites,

784 4936 863 4990 vel
914 4952 1008 5005 per
1067 4946 1346 5005 utrosque,
1381 4946 1435 4992 et
1485 4938 1742 5008 pabulum
1785 4938 1839 4991 in
1873 4940 2052 4994 medio
2093 4939 2345 4997 hostibus

785 5030 1019 5097 positum
1089 5032 1374 5101 populare.

862 5316 948 5370 77.
977 5317 1032 5371 Si
1060 5334 1185 5373 cum
1223 5327 1378 5376 hoste
1431 5323 1720 5393 conﬂigere
1746 5324 1926 5393 cupis,
1978 5333 2093 5378 tum
2163 5328 2347 5394 potius

786 5406 956 5459 facito
1012 5411 1228 5472 quando
1260 5426 1287 5463 a
1326 5411 1657 5479 przedatione
1696 5413 1857 5476 redit,
1913 5429 2076 5483 quam
2117 5432 2240 5468 eum
2285 5420 2350 5471 ad

787 5500 1134 5564 pra-dandum
1196 5502 1463 5557 discedit:
1521 5512 1632 5556 tum
1681 5505 1823 5556 enim
1868 5506 1920 5558 in
1970 5506 2147 5573 praeda
2185 5522 2348 5563 oceu-

787 5599 942 5656 patus
967 5600 1069 5657 est,
1101 5601 1149 5646 et
1182 5605 1437 5663 praetcrea
1464 5597 1648 5650 labore
1670 5597 1934 5651 lassatus:
1974 5599 2136 5668 idque
2166 5603 2339 5668 potis-

2454 1956 2626 2022 εἰκὸς,
2663 1955 3125 2026 ὑποστηρίξοντας
3176 1954 3288 2025 (44)
3322 1955 3385 2008 ὲκ
3436 1955 3530 2007 τοῦ
3582 1953 3837 2025 στρατοῦ,
3889 1955 3923 2022 ἦ
3963 1953 4030 2005 δι’

2453 2046 2787 2117 ἀρρωστίαν,
2822 2048 2854 2115 ἢ
2884 2046 3025 2099 κατά
3052 2046 3243 2115 ἑτέραν
3277 2047 3399 2100 τινὰ
3416 2048 3605 2116 χρείαν
3627 2065 3641 2077 -
3663 2048 3812 2104 ὅπως
3842 2047 4025 2113 αἰφνι-

2453 2138 2584 2198 δίως
2611 2138 2661 2191 οἱ
2707 2137 2896 2207 ἐχθροὶ
2923 2137 3278 2199 ἐπιπεσόντες
3302 2135 3673 2190 συλλάϐωνται
3702 2136 3923 2198 αὐτούς.

2523 2226 2620 2295 οβ’.
2683 2226 2920 2280 Είώθασι
2979 2226 3086 2296 γὰρ
3135 2224 3255 2278 τότε
3307 2226 3544 2295 μάλιστα
3589 2225 3864 2277 ποιεῖσθαι
3932 2224 4030 2285 τὰς

2453 2317 2795 2386 ἐγχειρήσεις
2830 2319 2878 2368 οἱ
2904 2316 3089 2385 ἐχθροὶ
3114 2357 3128 2380 ,
3168 2316 3255 2367 ὅτε
3292 2317 3386 2368 καὶ
3409 2316 3729 2385 ἀμερίμνως
3754 2316 4030 2368 eas-.509“

2453 2408 2502 2458 ot
2531 2405 2896 2473 στρατιῶται,
2925 2408 3017 2457 καὶ
3045 2407 3093 2457 οἱ
3124 2405 3439 2475 ἔμπροσθεν
3464 2408 3579 2468 τοῖς
3621 2405 3848 2459 δπισθεν
3878 2404 4031 2457 εὐκό-

2454 2498 2561 2560 λως
2591 2497 2802 2566 βοηθεῖν
2834 2498 2895 2549 οὐ
2920 2498 3199 2552 δύνανται.

2524 2593 2623 2653 ογ’.
2660 2587 2830 2639 Τοῦτο
2855 2588 2912 2640 δὲ
2955 2587 3049 2639 καὶ
3078 2590 3135 2640 ὲν
3172 2590 3240 2657 τῇ
3270 2587 3513 2658 ἡμετέρᾳ
3537 2590 3607 2657 γῇ
3640 2588 3734 2641 ἐὰν
3763 2589 4029 2659 ποιήσῃς,

2454 2679 2553 2731 οὐκ
2570 2679 2815 2748 ἀπρεπές
2843 2682 2958 2731 ἐστι
2974 2680 3061 2733 διὰ
3075 2680 3228 2742 τοὺς,
3249 2682 3323 2742 ὡς
3348 2680 3517 2746 εἰκὸς,
3534 2680 3909 2750 ῥεμϐομένους
3931 2676 4030 2734 ὦδε

2455 2772 2677 2824 κάκεῖσε
2727 2770 3085 2840 στρατιώτας,
3133 2772 3226 2823 καὶ
3270 2771 3344 2840 μὴ
3390 2771 3571 2833 καλῶς
3617 2772 4029 2841 διαγινομένους

2454 2864 2605 2933 παρά
2640 2861 2864 2933 γνώμην
2892 2862 2987 2916 τοῦ
3034 2864 3295 2932 ἄρχοντος
3338 2862 3540 2916 αὐτῶνθ
3588 2864 3652 2915 ὲκ
3698 2862 3895 2914 τούτου
3923 2864 4030 2931 γὰρ

2455 2953 2743 3021 γινώσκεις
2777 2952 2859 3016 τίς
2891 2953 3085 3022 ἀμελεῖ
3115 2953 3211 3021 τῆς
3236 2951 3343 3005 τῶν
3370 2952 3717 3023 στρατιωτῶν
3761 2954 4031 3006 καταστάς

2458 3061 2612 3106 σεως.

2523 3137 2615 3190 0’}.
2649 3136 2783 3205 ﬂep\
2803 3134 2859 3187 δὲ
2881 3134 3080 3187 στενῶν
3103 3135 3282 3188 τόπων
3306 3136 3398 3188 καὶ
3426 3135 3486 3187 δυ
3497 3135 3705 3189 σϐἀτων
3725 3137 4031 3190 διαϐὰσεων

2454 3228 2511 3279 ὲν
2536 3229 2605 3297 γῇ
2635 3223 2906 3295 πολεμίων
2934 3225 3258 3296 μεμνήμεθα
3291 3226 3841 3297 παρακελευσάμενοι
3867 3232 3933 3298 τῇ
3962 3232 4027 3299 σῇ

2452 3317 2751 3386 ἑνδοξότητι
2774 3356 2787 3379 ,
2817 3310 2862 3368 ὦ
2891 3317 3184 3385 στρατηγὲ,
3219 3318 3307 3369 ὅτε
3353 3318 3452 3387 τὴν
3493 3320 3623 3388 περὶ
3680 3320 3785 3387 τῆς
3818 3321 4030 3371 ὁδοιπο-

2461 3409 2580 3477 ρίας
2604 3406 2845 3470 διάταξιν
2872 3407 3226 3476 ἐποιούμεθα.
3258 3408 3349 3461 Διὸ
3376 3409 3504 3479 περὶ
3534 3409 3640 3461 τῶν
3666 3410 3849 3463 αὐτῶν
3870 3410 4031 3464 πάλιν

2452 3498 2739 3562 διεξελθεῖν
2770 3500 3131 3565 ἀπειρόκαλον
3172 3499 3487 3569 ἡγούμεθα,
3520 3501 3597 3563 ὡς
3635 3502 3847 3553 ἐκεῖθεν
3885 3503 4031 3572 ἔχον-

2452 3592 2541 3653 τός
2583 3608 2675 3643 σου
2726 3592 2827 3661 ἤδη
2874 3591 2975 3659 τὴν
3000 3593 3127 3661 περὶ
3176 3591 3381 3643 τούτων
3428 3593 3742 3660 διάγνωσιν,
3775 3594 3919 3647 ὥστε
3954 3598 4027 3663 μὴ

2454 3684 2876 3753 ἀπερισκέπτως
2902 3683 2995 3734 καὶ
3029 3683 3105 3744 ὡς
3136 3684 3326 3751 ἔτυχεν
3354 3685 3602 3753 ἀνάγκης
3633 3687 3803 3755 χωρὶς
3843 3687 4030 3754 ὲπιτη-

2452 3772 2627 3826 δεύειν
2659 3776 2738 3836 είς
2782 3774 2963 3837 δασεῖς
3010 3774 3104 3827 καὶ
3146 3773 3446 3838 δυσϐάτους
3481 3776 3575 3828 καὶ
3622 3777 3913 3845 δυσχερεῖς
3942 3778 4029 3829 τό-

2453 3884 2589 3929 πους
2621 3867 2939 3923 διαϐαίνειν.

2523 3960 2616 4013 οε’.
2656 3960 2722 4011 Εἰ
2747 3959 2802 4011 δέ
2839 3975 2924 4021 τις
2964 3958 3121 4013 τοῦτο
3164 3960 3376 4031 ἀνάγκη
3410 3958 3666 4027 γενέσθαι
3687 3961 4029 4029 κατεπείγει,

2456 4050 2593 4119 μετά
2622 4050 2721 4119 τῆς
2760 4052 3092 4120 εἰρημένης,
3128 4052 3204 4114 ὡς
3235 4053 3463 4120 εἴπομεν
3494 4053 3552 4104 ἐν
3589 4054 3655 4121 τῇ
3707 4053 3840 4123 περὶ
3895 4054 4029 4106 ὁδοι-

2454 4140 2918 4210 πορίαςδιατάξει,
2943 4138 3127 4211 [μετὰ]
3159 4140 3597 4210 παρατηρήσεως
3630 4142 3908 4193 ποιεῖσθαι
3939 4145 4033 4208 τὴν

2451 4233 2560 4284 τῶν
2610 4233 2867 4287 τοιούτων
2913 4234 3095 4286 τόπων
3128 4234 3383 4304 πάροδον,
3418 4234 3651 4305 μάλιστα
3688 4236 3745 4287 ὲν
3770 4238 3843 4305 γῇ
3879 4236 4032 4288 πολε-

2456 4326 2551 4394 μία
2572 4366 2587 4388 ,
2625 4327 2717 4379 καί¹
2751 4326 3028 4395 πολεμίων
3062 4326 3449 4394 ἐπικειμένων.

2524 4420 2632 4477 ος’.
2688 4414 2814 4466 Ἐὰν
2860 4414 2916 4465 δὲ
2963 4414 3215 4483 πολέμιοι
3254 4416 3335 4476 είς
3373 4416 3473 4483 τὴν
3519 4416 3800 4486 ἡμετέραν
3845 4420 4032 4487 χώραν

2858 4510 3057 4570 σκοπός
3082 4522 3165 4559 σοι
3193 4506 3365 4572 ἔστω,
3396 4502 3441 4560 ὦ
3474 4511 3744 4578 στρατηγὲ
3765 4549 3781 4572 ,
3819 4513 3895 4582 μὴ
3928 4530 4032 4580 φα-

2447 4601 2651 4671 νερῶς,
2702 4601 2795 4653 καὶ
2847 4602 2911 4651 ὲκ
2959 4600 3320 4668 παρατάξεως
3367 4600 3551 4663 αὐτοῖς
3591 4601 3889 4669 πολεμεῖν,
3940 4605 4033 4656 καὶ

2450 4696 2685 4765 μάλιστα
2751 4694 2810 4744 ὲν
2840 4694 2907 4762 τῇ
2953 4692 3144 4762 εἰσόδῳ
3190 4692 3393 4759 αὐτῶν,
3440 4692 3536 4745 ὲάν
3572 4692 3819 4765 ὑπερέχῃ
3871 4695 3907 4761 ἢ
3943 4696 4034 4747 καὶ

2450 4786 2723 4856 ἰσόμοιρος
2770 4790 2916 4837 ὲστιν
2964 4786 2997 4852 ἡ
3045 4783 3273 4853 δύναμις
3315 4783 3408 4835 τοῦ
3472 4783 3701 4852 ἐχθροῦ,
3755 4785 3896 4837 ἀλλὰ
3949 4789 4031 4838 sv-

2447 4876 2688 4945 εδρεύειν
2726 4874 2927 4944 μᾶλλον
2962 4874 3029 4926 δι’
3050 4876 3463 4943 ὲγκρυμμὰτων
3494 4874 3587 4926 καὶ
3622 4875 3801 4927 ἄλλων
3834 4880 4029 4944 ἐπιτη-

2455 4968 2709 5031 δεύσεων,
2743 4967 2775 5037 ἢ
2810 4968 2865 5020 ὲν
2894 4968 3106 5037 ἡμέρᾳ,
3147 4965 3180 5035 ἢ
3226 4967 3284 5018 ὲν
3313 4967 3470 5018 νυκτὶ
3513 4966 3774 5035 ἀσφαλῶς
3811 4970 3906 5020 καὶ
3935 4970 4031 5031 τὰς

2455 5061 2605 5123 ὁδοὺς
2628 5059 2986 5128 ὲμφράσσειν,
3013 5058 3105 5111 καὶ
3130 5058 3621 5127 προκαταλαμϐάνε
3632 5076 3678 5110 ιν
3698 5060 4031 5130 ὀχυρώματα

2456 5151 2487 5220 ἥ
2521 5150 2607 5203 διὰ
2641 5149 2842 5213 πεζῶν,
2879 5148 3025 5218 ἢδιὰ
3056 5147 3457 5218 καϐαλλαρίων,
3493 5149 3525 5219 ἢ
3560 5149 3629 5201 δι’
3676 5151 4027 5221 ἀμφοτέρων,

2457 5243 2547 5294 καὶ
2572 5241 2853 5310 ἀφανίζειν
2882 5239 3124 5302 δαπάνας
3153 5240 3523 5308 προκειμένας
3554 5240 3662 5292 τῶν
3690 5242 3926 5311 ἐχθρῶν.

2526 5333 2621 5397 οἵ.
2665 5335 2725 5386 Εἰ
2757 5334 2813 5385 δὲ
2861 5332 3127 5402 βουληθῇς
3159 5331 3455 5401 συμϐαλεῖν
3497 5332 3575 5402 τῷ
3624 5333 3875 5403 πολεμίῳ
3907 5337 4029 5389 ὅταν

2456 5425 2656 5494 μᾶλλον
2706 5422 3075 5491 ἐπανέρχηται
3109 5421 3217 5473 ἀπὺ
3243 5421 3345 5490 τῆς
3379 5423 3636 5492 πραίδας,
3667 5423 3701 5492 ἦ
3735 5425 4027 5495 ἐξέρχηται

2447 5516 2547 5582 τῆς
2578 5514 2779 5583 χώρας·
2814 5513 2932 5565 τότε
2956 5514 3062 5580 γὰρ
3089 5511 3183 5564 καὶ
3204 5512 3284 5573 εἰς
3308 5512 3406 5581 τὴν
3431 5514 3665 5583 πραῖδαν
3691 5519 4027 5583 περισπᾶτει

2449 5608 2541 5658 καὶ
2590 5606 2906 5676 κοπωμένος
2951 5606 3119 5670 ἐστὶν,
3163 5603 3401 5673 μάλιστα
3449 5608 3544 5661 ἐὰν
3592 5608 3687 5660 καὶ
3725 5611 3842 5672 τοῖς
3886 5609 4029 5669 ἰδίοις

2336 5723 2568 5782 ΝΟΤᾸΞ.

860 5786 968 5855 (Η)
1001 5787 1538 5855 ’ὶ’.τίιστιιρι’ζὶιντ‹ις.
1576 5790 1783 5856 Ξειίιιρ,
1827 5791 2223 5861 ὑστερίζοντας.
