4200 6440
169 439 285 499 933

1196 433 1528 494 TACTICA.
1552 458 1621 468 —
1651 431 2156 492 CONSTITUTIO
2195 434 2384 492 XVII.

3333 427 3438 490 934

167 553 400 621 ὲγγίζῃο
419 551 537 605 τότε
567 545 659 604 οὖν
689 548 963 620 σύμϐαλλε
993 547 1162 618 αὐτῷ,
1197 550 1244 600 εἰ
1273 548 1383 617 ἄρα
1417 546 1584 618 βούλῃ
1615 561 1754 614 συμ-

1871 542 2076 610 simum,
2114 543 2161 599 si
2193 559 2356 612 prope
2422 551 2545 596 tuos
2573 541 2761 607 fueris;
2820 552 2932 595 tum
2963 541 3107 594 enim
3161 555 3284 595 eum
3325 542 3436 597 illis

167 643 420 694 ϐάλλειν.

249 732 356 800 οη’.
409 732 469 783 Ὀ
511 729 618 800 γὰρ
663 731 722 782 ἒν
756 728 862 800 ἰδίᾳ
909 726 1068 799 χώρᾳ
1112 728 1334 796 διάγων,
1392 727 1761 797 ἀμελέστερον

170 824 454 876 διάκειται
482 823 608 890 περὶ
632 821 728 892 τὴν
758 821 957 891 μάχην,
985 818 1184 880 πολλὰς
1217 817 1473 887 ἀφορμὰς
1503 817 1640 885 ἔχων
1665 815 1760 869 τοῦ

173 914 477 978 σώζεσθαι,
508 913 602 966 καὶ
627 911 961 964 κινδυνεύειν
1001 909 1061 962 ού
1091 908 1433 979 βουλόμενος.
1480 908 1538 960 '0
1568 908 1624 960 δὲ
1661 906 1760 976 τῆς

171 1005 468 1075 ἀλλοτρίας
513 1005 618 1074 γῆς
665 1002 963 1056 ἐπιϐαίνων
1004 1003 1098 1054 καὶ
1140 999 1512 1070 κατατρέχων,
1543 1001 1672 1053 ὅταν
1702 999 1762 1050 ἐν

171 1097 409 1167 τοιαύτῃ
456 1096 681 1162 γένηται
723 1093 974 1162 ἀνάγκη,
1024 1094 1102 1154 είς
1151 1091 1409 1145 ἀπόνοιαν
1465 1090 1759 1159 τρέπεται,

173 1191 402 1251 παντως
435 1185 782 1256 λογιζόμενος
830 1186 910 1238 ὅτι
943 1185 978 1255 ἠ
1021 1184 1167 1254 φυγὴ
1208 1182 1357 1254 αύτῷ
1401 1183 1482 1245 είς
1522 1180 1762 1235 κίνδυνον

175 1281 282 1332 καὶ
312 1278 590 1331 ἀπώλειαν
616 1277 848 1346 γίνεται.

251 1458 350 1513 οθ’,
390 1457 581 1529 Χρεὼν
605 1458 662 1512 δέ
689 1475 770 1521 σε,
797 1451 842 1510 ὧ
876 1459 1176 1529 στρατηγέ,
1205 1456 1439 1510 πάντοθε
1469 1455 1763 1524 φυλάττειν

177 1550 379 1602 ἐαυτὸν
405 1549 592 1617 ἀπαθῆ
637 1550 726 1603 καλ
766 1549 1112 1620 ἀπλήγωτον,
1150 1551 1208 1602 ἐν
1242 1549 1404 1600 παντὶ
1449 1546 1628 1616 καιρῷ
1650 1546 1763 1615 (45)

178 1643 279 1692 καὶ
303 1641 481 1709 τόπῳ,
522 1641 756 1710 μάλιστα
783 1641 991 1711 ἐχθρῶν
1022 1639 1464 1710 παρακειμένων.
1514 1636 1618 1690 Σοῦ
1659 1637 1767 1706 γὰρ

178 1732 587 1801 φυλαττομένου
614 1731 736 1785 οὔτε
770 1732 1128 1785 πλατύνονται
1157 1733 1206 1784 oi
1247 1732 1431 1802 ἐχθροὶ
1451 1732 1530 1793 είς
1563 1729 1766 1799 βλάϐην

175 1825 283 1892 τῆς
309 1825 513 1894 χώρας,
536 1824 662 1879 οὔτε
684 1826 996 1896 πολιορκίας
1018 1824 1261 1894 εὐχερῶς
1277 1826 1388 1886 τοῖς
1411 1822 1766 1892 ὀχυρώμασιν

1863 635 2144 704 conﬂiges,
2195 636 2242 688 si
2289 637 2507 704 quando
2534 635 2630 686 tibi
2665 634 2936 688 videbitur
2979 633 3403 702 conlligendum.

1933 722 2022 775 78.
2075 723 2177 788 Qui
2221 726 2364 778 enim
2411 738 2534 776 cum
2592 724 2763 791 ipsius
2815 723 2869 776 in
2902 732 3046 776 terra
3093 733 3198 787 est,
3259 723 3437 792 negli-

1862 817 2075 885 gentior
2136 815 2202 869 ad
2243 816 2596 886 pugnandum
2657 822 2762 876 est,
2819 821 2872 866 et
2931 817 3130 869 multas
3183 814 3432 868 occasio-

1865 921 1962 960 nes
2015 905 2177 960 habet
2223 908 2308 959 vel
2359 918 2417 960 ut
2458 913 2726 968 servetur,
2781 904 2863 957 vel
2916 906 3272 972 periclitetur.
3329 903 3436 969 Qui

1862 1012 1992 1052 vero
2055 997 2288 1050 alienam
2355 1006 2557 1052 terram
2616 997 2822 1050 invadit
2857 1006 2912 1050 et
2952 997 3332 1066 depOpulatur,
3390 999 3436 1052 si

1865 1091 1918 1142 in
1980 1090 2072 1142 tali
2133 1088 2541 1158 perturbatione
2611 1088 2798 1150 fuerit,
2854 1087 2906 1140 in
2974 1088 3186 1157 magnis
3234 1103 3438 1140 aerum-

1865 1181 1950 1236 nis
1993 1189 2100 1242 est,
2159 1185 2263 1234 hoc
2317 1196 2502 1234 secum
2568 1189 2852 1250 reputans,
2909 1179 3089 1250 fugam
3152 1190 3208 1234 et
3263 1180 3440 1250 tergi-

1863 1276 2232 1327 versationem
2290 1287 2398 1325 non
2444 1273 2604 1326 modo
2650 1273 2977 1343 periculum,
3033 1287 3219 1327 verum
3273 1273 3437 1327 etiam

1868 1366 2308 1420 internecionem
2359 1363 2575 1418 afferre.

1936 1457 2024 1512 79.
2083 1457 2342 1527 Teipsuni
2402 1457 2471 1511 ab
2538 1457 2688 1512 omni
2751 1459 2975 1512 vulnere
3027 1456 3441 1526 oll‘ensioneque

1869 1546 2147 1616 integrum
2223 1563 2591 1617 securumque
2657 1550 2905 1602 servabis
2980 1549 3128 1602 omni
3194 1549 3316 1602 loco
3375 1557 3432 1602 et

1871 1651 2134 1708 tempore,
2173 1639 2424 1694 hostibus
2466 1641 2814 1709 potissimum
2855 1639 3289 1694 imminentibus.
3329 1637 3441 1693 Hoc

1867 1732 2011 1786 enim
2070 1732 2358 1800 diligenter
2418 1733 2734 1796 observato,
2799 1748 2976 1801 neque
3035 1748 3097 1787 se
3157 1732 3346 1786 hostes
3376 1732 3440 1783 ad

1868 1823 2306 1893 depopulandam
2367 1823 2642 1892 regionem
2722 1833 2967 1877 nostrain
3032 1824 3195 1878 facile
3266 1823 3430 1877 dissi-

178 1916 412 1982 ἐπάγειν
440 1916 716 1971 δύνανται.
765 1916 1105 1986 ’Υφορῶνται
1137 1916 1244 1986 γὰρ
1270 1915 1365 1968 καὶ
1395 1914 1762 1968 ὑποπτεύουσι

1871 1925 2020 1985 pant,
2078 1930 2256 1985 neque
2325 1913 2489 1970 facile
2568 1915 2932 1969 munitionem
3001 1914 3238 1982 aliquam
3301 1914 3445 1968 obsi-

177 2008 275 2062 τὸν
303 2010 534 2081 στρατὸν
565 2011 814 2063 ouvmd‘u
825 2028 901 2064 αι.

254 2186 332 2239 π’.
378 2188 487 2240 Καὶ
511 2188 620 2258 γὰρ
651 2189 767 2256 εἴγε
799 2189 874 2260 μὴ
921 2189 1067 2242 δοκεῖ
1099 2206 1182 2242 σοι
1235 2191 1560 2258 συμϐάλλειν
1589 2192 1760 2262 δημο-

183 2286 278 2349 si;
325 2281 437 2341 τοῖς
467 2278 702 2350 ἐχθροῖς,
730 2281 880 2350 ὅμως
909 2281 1082 2343 οὕτως
1114 2281 1528 2349 εὐτρεπίζεσθαί
1557 2300 1616 2334 σε
1642 2285 1759 2344 δεῖ,

180 2371 280 2424 καὶ
310 2371 618 2437 φαίνεσθαι,
662 2371 758 2424 καὶ
787 2372 1042 2425 ὑπόνοιαν
1087 2372 1221 2425 πᾶσι
1258 2375 1370 2434 τοῖς
1401 2371 1492 2425 τοῦ
1530 2373 1762 2442 στρατοῦ

181 2461 472 2532 παρέχειν,
521 2461 597 2524 ὼς
644 2463 866 2526 πάντως
919 2464 1252 2532 συμϐάλλειν
1301 2467 1414 2526 τοῖς
1465 2463 1758 2534 πολεμίοις.

179 2552 359 2605 Τοῦτο
404 2555 513 2623 γὰρ
555 2555 606 2606 οι
649 2554 882 2608 ἐναντίοι
917 2553 1281 2625 μανθάνοντες
1326 2556 1422 2608 καὶ
1471 2555 1760 2609 λυποῦνται

179 2643 278 2694 καί
310 2659 377 2693 συ
385 2643 706 2698 στέλλονται.

257 2738 375 2785 πα’.
423 2733 549 2786 Ἐὰν
589 2735 646 2787 δὲ
681 2735 788 2788 τῶν
816 2736 1075 2790 ἐναντίων
1105 2739 1183 2800 εἰς
1219 2739 1320 2808 τὴν
1352 2740 1624 2811 ἡμετέραν
1656 2741 1766 2792 εἰσ-

181 2822 517 2889 ϐαλλόντων,
545 2827 574 2879 ό
598 2827 760 2890 τόπος
801 2828 895 2881 καὶ
932 2829 964 2898 ἡ
1000 2829 1148 2892 θέσις
1181 2829 1280 2899 τῆς
1325 2831 1550 2884 ἐκείνων
1582 2831 1764 2902 χώρας

186 2916 470 2983 ἐπιτηδεία
517 2917 634 2968 ἐστὶ
680 2918 817 2987 πρὸς
859 2917 957 2989 τὴν
1003 2919 1207 2988 ἔφοδον,
1261 2921 1329 2974 δι’
1362 2922 1550 2991 ἐτέρου
1597 2924 1763 2974 τόπου

185 3005 392 3072 μᾶλλον
421 3007 706 3076 ἐπιτήδευε
737 3010 974 3079 πέμπειν
1011 3011 1239 3081 στρατὸν
1290 3012 1347 3064 ἐν
1375 3012 1512 3083 αὐτῇ
1535 3054 1547 3077 ,
1585 3013 1671 3066 ἵνα
1704 3015 1765 3066 ἐκ

177 3096 380 3148 τούτου
411 3100 753 3169 περισπάσῃς
786 3101 912 3163 τοὺς
943 3101 1194 3171 ἐχθρούς.

259 3186 372 3257 πβ’.
419 3189 638 3251 Πάντως
672 3190 729 3241 δὲ
756 3191 850 3243 καὶ
879 3191 978 3261 τὴν
1010 3191 1184 3256 θέσιν,
1211 3192 1287 3254 ὼς
1320 3193 1557 3264 εἴρηται,
1593 3211 1764 3247 καταο

179 3280 404 3348 νοήσεις
429 3319 444 3342 ,
481 3281 576 3330 καὶ
602 3278 669 3332 τὰ
696 3279 1058 3350 διαστήματα,
1087 3282 1174 3334 ἵνα
1213 3283 1371 3352 εἴπερ
1403 3285 1620 3353 γνωσθῇ
1655 3277 1769 3346 τοῖς

181 3366 406 3436 ἐχθροῖς
442 3365 620 3430 τοῦτο,
651 3369 746 3421 καὶ
767 3369 1050 3438 ὁρμήσωσι
1082 3371 1226 3422 κατά
1245 3370 1355 3423 τῶν
1392 3373 1767 3440 πεμπομένων

181 3462 270 3521 εἷς
302 3459 400 3528 τὴν
425 3458 603 3527 χώραν
634 3457 843 3523 αὐτῶν,
874 3463 903 3512 ὁ
930 3462 1197 3532 ἡμέτερος
1227 3463 1454 3533 στρατὸς
1485 3465 1552 3515 δι’
1581 3464 1766 3534 ἐτέρου

181 3551 358 3603 τόπου
381 3549 569 3620 ἐξέλθῃ
587 3550 819 3621 ἀπαθής·
842 3553 989 3616 ὅπως
1014 3552 1089 3623 μὴ
1115 3552 1412 3623 ὁρμώντων
1430 3554 1538 3606 τῶν
1559 3555 1769 3624 ἐχθρῶν

183 3643 404 3696 ἐκεῖθεν
433 3645 511 3706 εἰς
534 3643 655 3712 δψιν
680 3645 856 3697 αὐτῶν
885 3644 1275 3713 περιπέσωσιν.

266 3731 382 3801 πγ’.
440 3735 696 3787 Τοιοῦτον
739 3735 1010 3804 πεποίηκε
1056 3737 1368 3806 Νικηφόρος
1419 3739 1455 3790 ἁ
1504 3737 1772 3807 ἡμέτερος

188 3825 519 3896 στρατηγός.
587 3826 952 3897 Ἀπουλφέρου
978 3828 1086 3897 γὰρ
1144 3827 1236 3880 τοῦ
1283 3828 1392 3880 τῶν
1441 3829 1772 3899 Σαρακηνῶν

186 3918 388 3986 ἀμηρᾶ
418 3917 513 3987 τὴν
546 3918 938 3971 Καππαδοκίαν
965 3920 1408 3990 καταδραμόντος
1435 3960 1449 3984 ,
1477 3921 1642 3983 αὐτὸς
1674 3921 1772 3991 τὴν

189 4007 411 4076 Ταρσὸν
458 4011 554 4061 καὶ
603 4011 782 4062 πᾶσαν
833 4010 1085 4064 Κιλικίαν
1124 4011 1520 4082 κατεληῖσατο,
1570 4013 1772 4082 πολλὴν

193 4097 533 4166 Σαρακηνοῖς
560 4098 935 4168 ἐργασάμενος
964 4097 1062 4169 τὴν
1095 4099 1319 4170 βλάϐην.

269 4187 376 4244 τπδ’.
444 4187 682 4259 Ἑχθρῶν
712 4188 892 4240 τοίνυν
918 4188 1014 4258 τὴν
1045 4189 1148 4241 ὑπὸ
1195 4189 1255 4242 σὲ
1302 4191 1508 4261 χώραν,
1544 4193 1594 4243 εἰ
1633 4190 1775 4244 οὕτω

199 4280 411 4349 συμϐῇ,
440 4282 905 4349 κατατρεχόντων,
921 4281 1167 4336 δέονέστὶ
1191 4282 1365 4335 πάντα
1396 4283 1463 4334 τὰ
1491 4283 1779 4350 ἀναγκαιό-

199 4389 339 4440 τερα
410 4372 712 4442 πράγματα
770 4375 827 4426 ἐν
878 4376 990 4436 τοῖς
1033 4373 1393 4445 ὀχυρωτέροις
1437 4375 1697 4446 κάστροις
1740 4375 1772 4445 ἢ

195 4465 386 4526 τόποις
432 4463 726 4528 ἀναλώτοις
776 4464 1074 4532 συλλέγειν,
1123 4465 1449 4533 φυγαδεύειν
1479 4466 1535 4518 δὲ
1580 4466 1776 4519 καὶτὰ

198 4555 370 4619 ἄλογα
413 4555 512 4624 τῆς
543 4555 726 4625 χώρας
750 4594 766 4618 ,
798 4557 884 4608 ἴνα
929 4556 1004 4627 μὴ
1040 4557 1240 4626 μᾶλλον
1289 4555 1776 4628 συλλαμϐανόμενα

204 4649 582 4716 ἰσχυροτέρως
611 4648 735 4710 τοὺς
763 4647 992 4717 ἐχθροὺς
1018 4649 1335 4718 ποιήσωσιν.

274 4738 380 4794 πε’.
439 4741 564 4794 Ἐὰν
593 4740 649 4792 δὲ
676 4740 708 4809 ἢ
739 4739 863 4802 λαὸς
891 4740 923 4810 ἢ
951 4741 1251 4809 πράγματα
1271 4741 1351 4801 είς
1379 4738 1639 4792 δοκοῦντα
1669 4740 1772 4809 μὲν

199 4834 398 4904 ὀχυρὸν
418 4837 603 4898 τόπον,
630 4831 703 4902 μὴ
731 4832 860 4884 ὅντα
899 4831 955 4884 δὲ
986 4831 1222 4894 ἀληθῶς,
1256 4830 1603 4895 συνέλθωσιν,
1637 4833 1775 4886 πάν-

201 4943 312 4987 τως
344 4925 424 4977 δεῖ
469 4925 664 4983 αὐτοὺς
706 4921 794 4974 διὰ
825 4921 923 4989 τῆς
955 4920 1052 4989 σῆς
1092 4921 1348 4988 προνοίας
1385 4919 1777 4991 μεθίστασθαι,

204 5017 301 5069 καὶ
328 5018 406 5078 εἰς
436 5015 806 5086 ὀχυρωτέρους
833 5010 1090 5066 ἀπελθεῖν
1117 5011 1336 5075 τόπους,
1368 5011 1496 5064 ἔνθα
1531 5012 1628 5065 καὶ
1651 5012 1780 5081 ἄφο-

205 5108 299 5168 ϐος
329 5107 512 5168 αὐτοῖς
544 5107 576 5173 ὴ
609 5104 822 5174 φυλακὴ
849 5103 1158 5172 γενήσεται.

280 5203 399 5260 πς’.
444 5196 582 5248 Ὅσα
601 5194 656 5246 δὲ
687 5193 761 5262 μὴ
791 5191 932 5245 κατὰ
953 5191 1112 5259 φύσιν
1132 5191 1305 5260 ὀχυρᾶ
1331 5193 1467 5244 εἰσιν
1489 5193 1520 5259 ἦ
1545 5194 1780 5266 κάστρα,

204 5289 240 5358 ἢ
288 5287 441 5338 τόποι
469 5285 667 5353 ἐτεροι,
701 5280 1110 5352 προασφαλίζου
1142 5281 1300 5333 αύτὰ.
1340 5281 1525 5351 Καὶξεί
1558 5300 1688 5335 ποτε
1733 5284 1782 5337 οἱ

208 5377 396 5446 ἐχθροὶ
449 5374 756 5445 βουληθῶσι
803 5371 1178 5442 παρακαθίσαι
1230 5372 1440 5437 αὐτοῖς,
1481 5372 1644 5440 μέρος
1680 5373 1782 5442 τῆς

211 5468 475 5538 στρατιᾶς
510 5464 728 5534 ἀφανῶς
776 5465 854 5525 εἰς
892 5462 1143 5532 βοήθειαν
1171 5462 1262 5515 καὶ
1300 5464 1578 5532 ἐκδίκησιν
1604 5465 1783 5518 αὐτῶν

211 5559 486 5627 ἱκπεμπε,
519 5555 613 5607 καὶ
645 5554 722 5624 μὴ
746 5556 839 5626 ἐᾷς
870 5556 992 5618 τοὺς
1039 5551 1265 5622 ἐχθροὺς
1311 5551 1478 5616 ἀδεῶς
1517 5553 1615 5616 τὰς
1653 5553 1784 5618 ἐξω-

1869 2007 2048 2062 dendo
2080 2015 2420 2077 oppugnant.
2493 2006 2805 2062 Exercitum
2845 2007 2991 2062 enim
3029 2014 3278 2061 nostrum
3325 2005 3445 2065 col-

1870 2098 1960 2166 Iigi
2025 2099 2452 2168 congregarique
2506 2114 2676 2152 unum
2735 2099 2790 2152 in
2847 2100 3031 2153 locum
3093 2101 3436 2159 existimant.

1940 2187 2031 2242 80.
2073 2188 2397 2258 Quanquam
2449 2196 2632 2244 autem
2664 2190 3024 2245 constitutum
3059 2191 3155 2245 tibi
3186 2192 3255 2248 sit
3287 2193 3446 2247 mini-

1871 2296 1956 2334 me
1979 2288 2031 2335 te
2055 2280 2193 2335 velle
2235 2294 2360 2334 cum
2399 2280 2648 2335 hostibus
2673 2279 2988 2350 conﬂigere,
3017 2282 3338 2336 assimulato
3369 2290 3450 2335 ta-

1871 2389 1996 2428 men
2049 2372 2102 2426 id
2148 2382 2199 2426 te
2237 2372 2376 2426 velle
2433 2372 2636 2434 facere,
2667 2379 2721 2425 et
2757 2371 3073 2441 apparanda
3109 2372 3210 2426 tibi
3264 2373 3446 2427 omnia

1870 2469 2017 2524 sunt,
2079 2459 2379 2529 Opinioque
2427 2458 2702 2513 afferenda
2761 2465 2870 2513 tua:
2943 2474 3067 2513 cum
3117 2459 3227 2515 illis
3279 2460 3448 2514 dimi-

1869 2553 2125 2606 cationis.
2180 2550 2295 2606 Hoc
2342 2559 2524 2606 autem
2575 2550 2652 2604 illi
2697 2551 2981 2605 audientes
3021 2552 3196 2622 magis
3246 2565 3449 2606 εχει-ιιι

1870 2646 2163 2699 ciabuntur
2229 2645 2702 2714 vexahunturque.

1948 2737 2037 2790 8i.
2102 2737 2157 2791 Si
2218 2735 2468 2790 hostibus
2537 2745 2776 2791 vestram
2815 2736 2868 2790 in
2907 2737 3184 2806 regionem
3247 2736 3451 2791 irrum-

1871 2829 2146 2900 pentibus,
2211 2829 2364 2883 locus
2406 2837 2460 2882 et
2505 2828 2647 2882 situs
2693 2828 2936 2898 regionis
2995 2829 3217 2884 illorum
3270 2829 3338 2882 ad
3369 2830 3450 2882 in-

1870 2923 2180 2975 cursionem
2230 2919 2460 2973 idoneus
2480 2927 2586 2984 est,
2641 2935 2734 2988 per
2782 2919 2949 2972 alium
3000 2919 3182 2974 locum
3224 2930 3454 2975 conten-

1872 3012 1939 3065 de
1990 3012 2162 3079 magis
2185 3013 2488 3065 exercitum
2522 3011 2746 3075 ducere,
2799 3019 2859 3064 ut
2916 3011 3020 3066 hoc
3055 3012 3220 3066 modo
3280 3015 3452 3082 magis

1876 3104 2059 3158 hoStes
2091 3103 2395 3172 perturbes.

1944 3195 2031 3248 82.
2075 3195 2309 3250 Omnino
2354 3205 2558 3262 autem,
2595 3197 3065 3264 quemadmodum
3099 3198 3236 3263 dixi,
3294 3200 3451 3252 etsi-

1872 3295 1986 3339 tum
2029 3286 2297 3351 advertes,
2326 3297 2379 3341 et
2409 3288 2715 3351 intervalla,
2749 3296 2805 3340 ut
2862 3290 2908 3342 si
2969 3289 3217 3344 incursio
3262 3299 3452 3344 nostra

1874 3377 2090 3445 cognita
2142 3377 2393 3433 hostibus
2449 3377 2633 3441 fuerit,
2676 3388 2731 3432 et
2786 3380 3048 3449 impetum
3102 3380 3155 3434 in
3212 3396 3310 3436 eos
3358 3396 3457 3434 co-

1875 3478 2079 3521 nantur
2131 3469 2316 3523 hostes
2375 3469 2577 3533 facere,
2610 3471 2886 3526 exercitus
2936 3479 3123 3526 noster
3173 3487 3268 3541 per
3313 3472 3451 3526 alias

1877 3560 1993 3614 vias
2029 3574 2255 3614 securus
2289 3560 2558 3624 discedat,
2609 3569 2669 3614 ut
2722 3577 2789 3616 ne
2837 3561 3024 3616 hostes
3072 3561 3346 3618 irruentes
3400 3563 3454 3617 in

1879 3656 2236 3716 conspectuin
2292 3648 2508 3702 illorum
2557 3649 2802 3704 veniant.

1952 3738 2037 3792 8'5.
2068 3739 2199 3790 Tale
2228 3739 2509 3807 quidpiam
2533 3738 2878 3809 Nicephorus
2907 3740 3016 3795 dux
3045 3750 3232 3796 noster
3255 3741 3457 3797 fecisse

1879 3839 2238 3883 memoratur.
2273 3828 2406 3882 Nam
2437 3845 2562 3883 cum
2596 3831 2874 3900 Apulpher
2909 3832 3308 3887 Saracenorum
3335 3833 3449 3888 dux

1883 3920 2284 3990 Cappadociam
2326 3923 2768 3992 depOpularetnr,
2799 3925 2914 3993 ipse
2946 3924 3180 3978 Tarsum
3240 3926 3458 3980 univer-

1885 4021 2112 4077 sanique
2139 4008 2387 4061 Ciliciam
2425 4011 2694 4074 vastabat,
2750 4019 2804 4065 et
2840 4012 3007 4065 multa
3039 4012 3240 4067 damna
3289 4010 3460 4067 Sara-

1885 4098 2039 4153 cenis
2089 4098 2379 4152 inferebat.

1951 4189 2041 4242 85.
2075 4188 2334 4244 Hostibus
2377 4191 2657 4258 regionem
2697 4199 2868 4257 tuam,
2902 4192 2948 4246 si
2998 4193 3050 4246 id
3082 4193 3153 4247 ita
3180 4193 3462 4265 contingat

1883 4280 2313 4343 incursantibus,
2351 4284 2533 4334 omnia
2560 4297 2682 4351 qua:
2727 4284 3038 4338 necessaria
3064 4295 3213 4348 sunt,
3245 4285 3312 4339 ad
3342 4301 3462 4338 mu-

1880 4369 2142 4434 nitiones,
2190 4370 2439 4433 castella,
2466 4377 2520 4422 et
2567 4371 2683 4423 loca
2739 4371 2806 4424 ad
2846 4372 3170 4440 capiendum
3221 4371 3457 4429 difﬁcilia

1882 4459 2283 4515 conferantur:
2332 4462 2580 4531 jumenta
2645 4471 2826 4518 autem
2883 4464 3067 4517 omnia
3116 4479 3180 4519 ex
3216 4480 3276 4519 ea
3309 4475 3462 4534 parte

1805 4586 1858 4645 Β
1885 4553 2125 4621 regionis
2157 4553 2540 4616 amandentur,
2572 4561 2631 4606 ut
2661 4569 2727 4608 ne
2761 4555 2807 4608 si
2839 4555 2906 4608 ab
2941 4554 3192 4609 hostibus
3239 4555 3463 4624 capian-

1889 4655 1996 4704 tur.
2028 4643 2284 4698 fortiores
2311 4644 2495 4700 hostes
2524 4644 2747 4698 faciant.

1959 4732 2048 4787 85.
2079 4731 2134 4786 Si
2169 4733 2321 4802 plebs
2369 4748 2456 4788 res
2489 4735 2742 4803 bonaque
2776 4752 2874 4791 sua
2904 4735 2971 4790 ad
3022 4737 3138 4790 loca
3180 4752 3302 4807 qua
3341 4754 3463 4792 mu-

1887 4822 1999 4877 nita
2047 4822 2320 4892 fortiaque
2367 4824 2619 4879 videntur
2647 4842 2792 4890 esse,
2827 4836 3137 4882 nontamen
3165 4837 3315 4895 sunt,
3363 4829 3460 4882 ah-

1886 4914 2165 4980 duverint,
2219 4916 2565 4985 providentia
2607 4927 2701 4972 tua
2748 4918 3093 4975 efﬁciendum
3136 4929 3243 4986 est,
3286 4928 3345 4975 ut
3388 4922 3456 4974 ad

1887 5006 2115 5061 fortiora
2190 5008 2597 5080 munitioraque
2651 5011 2768 5064 loca
2818 5012 3214 5079 traducantur,
3256 5013 3349 5068 ubi
3375 5029 3462 5069 se-

1888 5115 2020 5154 cura
2054 5100 2161 5154 illis
2193 5115 2372 5153 rerum
2405 5115 2628 5154 suarum
2659 5101 2912 5155 custodia
2944 5102 3069 5156 erit.

1957 5189 2044 5242 86.
2076 5188 2426 5258 Qua‘cuuque
2473 5199 2668 5244 natura
2729 5191 2912 5246 minus
2968 5193 3177 5248 munita
3205 5202 3334 5249 sunt
3378 5195 3461 5250 vel

1889 5280 2110 5334 castella
2148 5280 2230 5333 vel
2272 5281 2376 5333 alia
2429 5281 2569 5344 loca,
2608 5281 2870 5336 ﬁrmanda
2918 5284 3031 5352 jam
3088 5295 3218 5339 sunt
3259 5305 3271 5339 :
3314 5294 3369 5338 et
3414 5286 3463 5339 si

1891 5379 2098 5438 partem
2133 5370 2368 5438 aliquam
2430 5373 2705 5428 exercitus
2751 5374 2836 5428 sui
2878 5375 2945 5429 ad
3001 5389 3064 5429 ea
3096 5375 3463 5445 oppugnanda

1892 5460 2080 5516 hostes
2136 5463 2483 5532 reliquerint,
2532 5467 2755 5520 occulte
2810 5468 2877 5521 ad
2946 5468 3288 5538 repellendos
3333 5467 3465 5522 ulci-

1893 5554 2240 5625 scendusque
2289 5571 2382 5611 eos
2433 5557 2700 5625 quosdam
2751 5561 2988 5626 emittes,
3042 5574 3221 5629 neque
3277 5559 3465 5615 hostes

1756 5685 1961 5743 ΝΟΤιΕ
1972 5729 1985 5741 .

284 5830 736 5902 (ίῢγενπαντὶ
800 5829 998 5897 καιρῷ.
1063 5829 1438 5901 Scribebatur,
1495 5832 1589 5887 ἐὰν
1653 5832 1810 5885 παντὶ
1867 5831 2062 5901 καιρῷ.
