4176 6442
769 405 875 468 935

2034 416 2309 477 LEONIS
2342 418 2801 480 PHILOSOPHI

3924 416 4040 478 936

765 519 1050 586 pennittas
1077 521 1244 578 libere
1308 524 1579 593 pabulari,
1618 524 1713 580 sed
1767 540 1862 580 eos
1894 529 1984 595 qui
2018 530 2333 597 pabulatum

2443 534 2530 586 Οεν
2570 533 2815 596 δαπάνας
2846 530 3142 599 συλλέγειν·
3184 530 3321 584 ἀλλὰ
3355 529 3713 599 περισκόπει,
3762 530 3858 583 καὶ
3902 534 4037 595 τοὺς

762 619 896 667 eum
949 612 1240 679 adoriaris,
1275 625 1328 670 ct
1355 618 1562 687 capias,
1598 627 1763 688 atque
1793 617 1928 674 adeo
1974 619 2162 676 hostes
2194 622 2329 677 ami-

764 720 882 773 ges.

833 886 925 940 87.
955 886 1134 956 Atque
1180 889 1295 943 hate
1329 889 1549 961 quidem
1573 889 1641 945 de
1668 890 2100 955 incursionibus,
2136 895 2249 950 sive
2278 904 2334 950 tu

764 976 816 1027 in
847 972 1102 1029 hostilem
1157 984 1357 1032 terram
1415 978 1705 1048 irruperis,
1773 981 1890 1035 sive
1944 983 2132 1038 hostes
2187 994 2335 1038 tuam

763 1068 1049 1136 invadant,
1115 1073 1255 1127 satis
1297 1075 1454 1127 nobis
1485 1074 1691 1128 dictum
1737 1076 1828 1132 sit.
1866 1075 2024 1132 Nunc
2078 1079 2183 1132 alia
2211 1096 2333 1149 qum

764 1160 832 1213 ad
890 1162 1142 1217 militiam
1210 1165 1506 1233 pertinent,
1564 1167 1885 1234 explicanda
1950 1179 2102 1234 sunt,
2171 1182 2339 1241 atque

766 1245 869 1300 hoc
935 1246 989 1300 in
1047 1248 1259 1318 primis,
1313 1251 1772 1319 quemadmodum
1844 1256 2219 1322 speculatores
2279 1256 2336 1311 in

767 1341 1018 1395 hostilem
1051 1350 1250 1397 terram
1298 1345 1608 1411 immittere,
1653 1355 1705 1400 et
1744 1348 2203 1415 quemadmodum
2241 1350 2340 1404 ho-

764 1432 927 1485 stium
983 1434 1355 1502 Speculatores
1412 1437 1463 1489 in
1511 1439 1754 1493 exercitu
1821 1453 2007 1496 nostro
2045 1442 2185 1496 clam
2221 1442 2311 1496 la-

766 1531 944 1578 tentes
1001 1530 1289 1594 exquirere
1319 1542 1633 1596 possumus.

835 1616 923 1670 88.
956 1616 1191 1674 Omnino
1230 1621 1329 1675 tibi
1384 1622 1620 1677 hostium
1697 1624 1867 1694 copiae
1919 1634 2188 1694 quantum
2246 1643 2341 1697 po-

768 1716 850 1764 les
874 1715 1273 1781 cognoscenda:
1310 1727 1456 1779 sunt,
1492 1724 1698 1786 quanta
1733 1720 2136 1788 magnitudine,
2167 1736 2345 1790 quan-

767 1804 946 1871 tisque
980 1805 1192 1860 viribus
1218 1808 1353 1871 sint,
1403 1818 1563 1878 atque
1615 1810 1690 1864 ita
1734 1811 1831 1865 tibi
1869 1811 2219 1880 suscipienda
2250 1810 2344 1863 ad-

2439 625 2531 676 ἐπὶ
2587 626 2825 695 συλλογῇ
2871 624 2980 675 τῶν
3052 622 3460 691 δαπανημάτων
3512 619 3900 689 πεμπομένους
3957 624 4041 673 ἐν.

2439 717 2655 785 έδρευε,
2708 719 2804 769 κα).
2853 713 3235 783 συλλάμῦανε.
3286 714 3378 766 καὶ
3420 711 3673 766 ἐντεῦθεν
3706 711 4035 781 στενοχιὶφει

2437 812 2562 873 τοὺς
2592 810 2842 880 ἐχθρούς.

2512 903 2618 967 κζ’.
2659 903 2767 956 Καὶ
2802 904 2975 956 ταῦτα
3006 901 3103 972 μὲν
3134 899 3265 969 περ).
3297 897 3504 967 ἐφόδων
3537 898 3631 950 σοῦ
3661 915 3719 949 τε
3757 897 3892 966 πρὶς
3932 896 4033 965 τὴν

2441 996 2707 1066 πολεμίαν
2751 996 2842 1049 καὶ
2871 996 2983 1049 τῶν
3034 993 3313 1065 πολεμίων
3358 991 3495 1063 πρὸς
3538 992 3637 1062 τὴν
3669 990 3769 1060 σὴν
3805 989 4033 1059 γινομὲ-

2441 1110 2568 1157 νων,
2600 1094 2812 1163 εἴρηται
2855 1093 3007 1161 ἡμῖν.
3046 1089 3237 1161 Χρεὼν
3285 1088 3342 1142 δὲ
3383 1089 3476 1139 καὶ
3502 1088 3629 1157 περὶ
3657 1086 3766 1139 τῶν
3814 1085 4017 1140 ἄλλων.

2441 1185 2542 1237 ὅσα
2589 1184 2834 1253 χρήσιμα
2874 1180 3010 1251 πρὸς
3068 1179 3410 1251 στρατηγίαν
3450 1178 3667 1233 δοκοῦσι
3717 1178 3813 1232 καὶ
3860 1178 4034 1242 ἀσφά-

2442 1276 2615 1338 λειαν,
2646 1273 2959 1340 διεξελθεῖν,
3005 1272 3102 1323 xa‘t
3145 1272 3381 1341 μάλιστα
3425 1270 3553 1339 περὶ
3597 1268 3690 1320 τοῦ
3742 1268 3860 1331 πῶς
3915 1268 4031 1320 δέον

2443 1365 2811 1417 κατασκοπεῖν
2836 1362 3084 1431 ἐχθροὺς,
3112 1361 3206 1412 καὶ
3230 1361 3376 1422 ὅπως
3406 1360 3569 1411 πάλιν
3591 1360 3716 1420 τοὺς
3751 1359 3851 1411 ἀπ’
3884 1360 4029 1409 ὲκεί-

2443 1474 2548 1508 νων
2596 1456 2987 1523 πεμπομένους
3053 1452 3435 1515 κατασκόπους
3481 1453 3701 1522 κρατεῖν
3746 1450 4031 1502 λανθάνειν

2445 1548 2699 1609 θέλοντας
2732 1549 2789 1599 ἐν
2823 1546 2900 1615 τῷ
2928 1547 3166 1617 στρατῷ.

2515 1646 2628 1709 πη’.
2660 1640 2754 1691 Δεῖ
2780 1633 2874 1691 οὖν
2896 1654 2954 1690 σε
2982 1640 3203 1692 σκοπεῖν
3235 1637 3499 1707 ἀκριϐῶς,
3536 1631 3580 1691 ὦ
3606 1635 3906 1705 στρατηγέ.
3934 1634 4031 1702 τὴν

2447 1730 2721 1797 ποσότητα
2750 1729 2849 1797 τῆς
2879 1728 2984 1779 τῶν
3024 1728 3284 1781 ἐναντίων
3321 1727 3604 1796 δυνάμεως
3637 1728 3884 1791 πάντως,
3943 1728 4031 1780 καὶ

2448 1823 2583 1891 πρὸς
2614 1821 2773 1875 τοῦτο
2806 1819 3107 1883 κανονίζειν
3139 1821 3232 1873 καὶ
3254 1822 3473 1874 διοικεῖν
3497 1838 3553 1873 σε
3583 1820 3652 1873 τὰ
3681 1820 3803 1871 κατ’
3838 1821 4027 1888 αὐτῆς.

766 1894 1242 1965 ministrandaque
1270 1909 1459 1954 contra
1484 1901 1605 1956 illos
1628 1903 1810 1956 omnia
1836 1912 1981 1955 sunt.
2015 1900 2150 1954 Nam
2173 1917 2341 1969 eque-

2448 1917 2527 1968 Τὰ
2562 1916 2672 1986 γὰρ
2704 1917 2961 1985 σχήματα
2992 1914 3102 1967 τῶν
3128 1914 3545 1981 καϐαλλαρικῶν
3574 1931 3631 1965 τε
3664 1915 3756 1966 καὶ
3790 1911 4031 1974 πεζικῶν

767 1985 962 2039 atrium
1019 1989 1457 2060 pedestriumquc
1507 1992 1785 2061 copiarum
1830 1990 2035 2052 formai,
2078 1989 2347 2043 locorum-

763 2094 874 2147 que
909 2084 1068 2146 situs,
1098 2099 1349 2152 magnam
1389 2084 1752 2139 diﬂ‘erentiam
1778 2085 1976 2137 virium
2038 2098 2102 2137 ac
2126 2083 2345 2137 roboris

766 2170 818 2222 in
844 2172 1087 2225 exercitu
1125 2173 1351 2239 habent,
1380 2184 1432 2229 et
1467 2173 1739 2229 inﬁnitum
1767 2174 2059 2244 quemdam
2094 2188 2342 2228 errorem

765 2257 1002 2315 aﬁerunt
1052 2263 1121 2318 iis
1162 2265 1256 2332 qui
1325 2266 1647 2334 simpliciter
1721 2274 1885 2336 atque
1935 2264 2190 2335 imperite
2239 2263 2344 2317 ista

763 2351 1061 2405 aestimant.
1118 2352 1230 2407 lloc
1281 2364 1489 2416 autem,
1560 2355 1710 2424 quod
1767 2355 1913 2419 dico,
1964 2368 2158 2409 verum
2217 2366 2344 2408 esse

764 2452 887 2506 qum
938 2449 1241 2508 sequuntur
1285 2440 1448 2497 facile
1489 2441 1972 2497 demonstrabunt.

836 2532 923 2586 89.
957 2529 1105 2588 Pone
1134 2542 1317 2589 autem
1376 2544 1674 2590 sexcentos
1708 2535 1925 2606 equites
1978 2535 2032 2589 in
2094 2531 2339 2603 longitu—

764 2618 969 2684 dinem,
1003 2629 1057 2673 ct
1085 2623 1419 2693 quingentos
1463 2623 1517 2677 in
1549 2623 1896 2679 latitudinem
1953 2622 2176 2687 instrui,
2245 2620 2339 2689 qui

766 2724 1028 2767 numerus
1060 2714 1310 2768 continet
1367 2722 1607 2769 trecenta
1643 2716 1813 2770 millia
1841 2716 2124 2785 equitum:
2152 2729 2343 2766 unum-

762 2817 1035 2870 quemque
1053 2818 1252 2872 equum
1285 2805 1406 2860 loco
1436 2820 1537 2861 suo
1558 2807 1917 2862 constitutum
1947 2805 2166 2869 habere,
2194 2802 2339 2873 quod

763 2891 831 2944 ad
886 2892 1231 2948 latitudinem
1287 2904 1521 2965 spectat,
1553 2897 1721 2966 pedes
1759 2906 1895 2962 tres,
1923 2914 1991 2953 ex
2039 2911 2150 2968 quo
2203 2895 2341 2949 ﬁunt

765 2981 928 3048 pedes
963 2982 1114 3038 mille
1136 2985 1437 3052 octingenti
1466 3003 1479 3039 :
1512 3001 1963 3056 unumquemque
1989 2986 2135 3055 quod
2172 2984 2239 3038 ad
2263 2983 2341 3036 al-

765 3072 1052 3129 titudinem
1084 3084 1297 3144 spectat
1335 3077 1534 3132 habere
1569 3079 1734 3147 pedes
1763 3087 1909 3140 octo,
1938 3092 2004 3131 ex
2040 3092 2151 3147 quo
2202 3075 2341 3130 ﬁunt

763 3161 959 3230 pedum
1000 3172 1237 3231 quatuor
1265 3166 1475 3220 millia:
1530 3167 1713 3236 itaque
1751 3166 2019 3237 quadrata
2075 3165 2128 3218 iu
2165 3164 2339 3218 forma

762 3257 989 3319 propter
1032 3251 1423 3321 longitudinem
1450 3254 1597 3309 mille
1623 3254 2067 3325 octingentorum
2120 3255 2341 3322 pedum,

761 3348 815 3393 et
836 3347 1062 3408 prepter
1091 3340 1433 3397 latitudinem
1454 3354 1692 3413 quatuor
1721 3343 1871 3398 mille
1895 3343 2115 3413 pedum,
2141 3346 2348 3413 septin-

763 3436 938 3495 genta:
966 3428 1158 3497 viginti
1187 3431 1464 3500 myriades
1502 3432 1701 3502 pedum
1761 3432 2131 3501 integrorum:
2169 3435 2345 3487 ambi-

763 3524 853 3571 tus
886 3522 1067 3571 autem
1107 3525 1460 3575 externorum
1494 3518 1690 3590 pedum
1723 3520 1931 3575 circum
1993 3537 2089 3591 per
2142 3521 2339 3584 latera,

765 3607 1021 3663 undecim
1066 3610 1235 3665 millia
1273 3613 1520 3667 sexcenti
1552 3613 1739 3683 pedes.
1774 3614 1840 3666 Et
1864 3614 2091 3683 quando
2114 3628 2208 3667 sex
2244 3629 2339 3681 pe-

761 3699 859 3755 des
900 3700 1109 3758 l'aciunt
1138 3705 1344 3769 ulnam,
1395 3713 1613 3760 centum
1641 3706 1785 3760 ulna:
1832 3706 2047 3759 faciunt
2083 3706 2344 3768 stadium,

762 3799 971 3860 septem
1008 3792 1181 3847 stadia
1216 3802 1270 3849 et
1312 3795 1599 3851 dimidium
1635 3797 1845 3852 faciunt
1879 3798 2136 3860 milliare,
2169 3796 2346 3852 conli-

762 3883 906 3937 citur
968 3884 1208 3940 ambitus
1247 3887 1540 3944 universus
1593 3889 1850 3944 undecim
1886 3889 2056 3944 millia
2098 3890 2343 3946 sexcenti

760 3973 951 4042 pedes,
977 3973 1086 4028 duo
1116 3976 1372 4031 milliaria
1401 3986 1457 4032 et
1478 3979 1719 4034 sexcenti
1746 3994 1959 4049 passus.
1995 3980 2107 4035 Hac
2180 3980 2347 4051 igitur

763 4066 939 4119 forma
979 4069 1273 4136 capiuntur
1304 4078 1550 4125 trecenta
1584 4072 1752 4125 millia
1792 4072 2104 4135 hominum,
2140 4074 2185 4128 si
2225 4088 2345 4142 per-

764 4156 907 4212 fecte
932 4160 1323 4217 addensentur.
1356 4161 1453 4217 Sin
1497 4165 1741 4221 rariores
1786 4165 2016 4230 fuerint,
2046 4181 2112 4221 ex
2158 4166 2346 4221 densi-

763 4249 892 4303 tatis
937 4251 1149 4307 ratione
1180 4254 1423 4309 raritatis
1443 4255 1789 4310 intervallum
1837 4256 2203 4327 reputantium
2238 4262 2344 4321 est,

764 4348 930 4406 atque
987 4340 1124 4393 adeo
1183 4356 1248 4394 ex
1303 4340 1409 4396 loci
1459 4341 1639 4412 spatio
1688 4343 2095 4399 multitudinem
2157 4346 2343 4415 p0puli

763 4430 1217 4487 animadvertere.

832 4745 922 4799 90.
965 4746 1229 4801 Trecenta
1281 4746 1395 4801 lucc
1445 4747 1616 4801 millia
1676 4747 1957 4801 hominum
1993 4748 2046 4801 in
2101 4747 2340 4817 simplici

762 4844 1098 4907 cxtcnioque
1162 4838 1529 4892 contubernio
1584 4840 1946 4895 instruemus.
1997 4838 2342 4910 Unoquoque

762 4945 906 4999 equo
941 4930 995 4985 in
1025 4930 1423 5001 longitudinem
1464 4931 1600 4985 aciei
1656 4933 1946 4998 instructo,
1980 4932 2114 4987 ﬁunt
2140 4933 2338 5003 pedum

764 5033 1038 5093 nongenta
1062 5024 1251 5089 millia,
1285 5039 1406 5093 qua:
1466 5024 1520 5078 in
1572 5023 1843 5079 directura
1886 5026 2178 5094 producta,
2232 5025 2343 5079 duo

766 5117 936 5171 millia
970 5131 1229 5187 passuum
1251 5117 1404 5185 juxta
1437 5117 1689 5188 perfectae
1712 5116 2053 5173 densationis
2074 5118 2341 5173 rationem

766 5211 996 5267 faciunt.
1024 5210 1176 5277 Quod
1236 5211 1281 5266 si
1337 5210 1571 5279 dispersi
1623 5209 1987 5281 dissipatique
2039 5208 2340 5278 ambulent,

768 5304 1123 5374 multiplicem
1172 5303 1330 5373 longe
1381 5302 1555 5372 magis
1608 5301 1710 5355 hoc
1757 5303 1879 5357 loco
1933 5303 2110 5358 locum
2161 5302 2343 5373 possi—

767 5395 898 5449 dent
927 5412 940 5446 :
980 5396 1247 5465 longeque
1278 5395 1460 5461 plures
1490 5393 1748 5447 videntur
1776 5409 1922 5458 esse,
1955 5409 2079 5448 cum
2105 5393 2341 5466 dispersi

767 5495 916 5551 sunt,
946 5501 1108 5555 quam
1151 5486 1197 5542 si
1229 5484 1476 5540 ordinem
1512 5484 1922 5555 stationetnque
1966 5498 2122 5539 suam
2152 5501 2343 5542 serva-

2446 2008 2675 2073 τάξεων,
2708 2008 2801 2061 καὶ
2833 2009 2889 2060 αἱ
2921 2007 3030 2060 τῶν
3065 2006 3245 2060 τόπων
3276 2006 3483 2067 Θέσεις,
3518 2006 3719 2074 πολλὴν
3772 2005 3879 2072 τῆς
3944 2021 4032 2054 π’,-

2450 2101 2673 2168 σότητος
2706 2101 2800 2153 τοῦ
2834 2097 2966 2152 λαοῦ
3015 2097 3278 2168 διαφορὰν
3321 2098 3621 2161 ποιοῦνται,
3668 2097 3761 2150 καὶ
3790 2096 4031 2164 ἀνυπέρ-

2448 2194 2643 2263 ϐλητον
2675 2192 2986 2259 εἰσάγουσιν
3036 2191 3243 2259 πλάνην
3276 2192 3387 2251 τοῖς
3417 2190 3603 2252 ἁπλῶς
3646 2191 3741 2243 καὶ
3787 2189 4031 2256 ἀπείρως

2447 2282 2801 2338 κατανοοῦσιν
2830 2284 2985 2335 αὑτά.
3018 2283 3128 2335 Καὶ
3150 2284 3229 2335 ὅτι
3261 2282 3289 2334 ὃ
3312 2282 3455 2350 λέγω
3477 2282 3587 2352 (46)
3611 2282 3813 2351 ἀληθές
3863 2285 4028 2338 ἐστιν,

2449 2376 2793 2447 μαρτυρήσει
2817 2374 2955 2444 τάχα
2995 2374 3106 2444 (47)
3134 2377 3199 2443 τῇ
3233 2374 3437 2443 θεωρίᾳ
3465 2376 3493 2426 ὁ
3523 2373 3735 2443 μέλλων
3764 2373 4029 2443 λεχθῆναι

2443 2468 2665 2539 τρόπος.

2516 2560 2625 2613 πθ’.
2688 2559 2920 2612 ’Υπόθου
2968 2559 3077 2628 γάρ
3130 2558 3440 2622 ἑξακοσίους
3495 2556 3899 2626 καϐαλλαρίους
3952 2556 4030 2617 είς

2449 2654 2625 2724 μῆκος
2656 2652 2750 2705 ἐπὶ
2780 2652 3159 2715 πεντακοσίοις
3207 2654 3284 2715 είς
3320 2650 3522 2713 πλάτος
3546 2649 3846 2702 τάσσεσθαι
3882 2649 3993 2716 (ίὸ)
4016 2687 4029 2707 .

2443 2749 2471 2801 ὃ
2500 2748 2709 2815 γίνεται
2742 2745 3039 2815 τριάκοντα
3071 2743 3354 2814 μυριάδες,
3401 2744 3568 2812 ἤγουν
3597 2740 3917 2810 τριακόσιαι
3952 2758 4031 2807 χι-

2443 2840 2622 2903 λιάδες
2668 2837 3070 2907 κα6αλλαρίων.
3127 2836 3391 2889 Ἐκάστου
3442 2834 3498 2887 δὲ
3535 2836 3705 2886 ἵππου
3739 2832 3822 2893 εἰς
3870 2831 4031 2883 τόπον

2443 2931 2783 3002 τασσομένου
2828 2922 3159 2998 κρατοῦντος
3210 2929 3375 2989 πόδας
3418 2928 3565 2996 τρεῖς
3613 2925 3758 2979 κατᾶ
3790 2924 4030 2984 πλάτος,

2443 3026 2681 3093 γίνονται
2711 3024 2867 3085 πόδες
2896 3023 3053 3091 χίλιοι
3084 3020 3414 3073 ὀκτακόσιοι·
3449 3020 3544 3073 καὶ
3581 3018 3815 3071 ἑκάστου
3852 3018 4025 3068 ἵππου

2444 3118 2500 3169 ἐν
2547 3115 2624 3184 τῷ
2668 3115 2821 3185 βάθει
2867 3114 3203 3182 τασσομένου
3252 3111 3584 3181 κρατοῦντος
3632 3108 3799 3170 πόδας
3853 3106 4030 3163 ὀκτὼ.

2372 3222 2412 3277 c
2444 3207 2685 3275 γίνονται
2712 3206 2871 3267 πόδες
2896 3205 3345 3276 τετρακισχίλιοι,
3396 3202 3535 3255 ῶστε
3570 3199 3817 3269 γίνεσθαι
3859 3201 3918 3251 ἐν
3951 3216 4033 3249 τε·

2446 3294 2778 3364 τραπλεύρῳ
2833 3296 3076 3364 σχήματι
3130 3293 3237 3345 ὑπὸ
3286 3291 3379 3345 τοῦ
3436 3293 3644 3361 μήκους
3687 3290 3798 3342 τῶν
3847 3289 4033 3358 χιλίων

2447 3385 2804 3447 ὀκτακοσίων,
2842 3384 3051 3439 καὶτοῦ
3084 3385 3281 3454 βάθους
3312 3384 3421 3437 τῶν
3451 3381 3905 3451 τετρακισχιλίων
3937 3398 4032 3432 πο-

2445 3479 2575 3543 δῶν,
2616 3479 2949 3541 ἑπτακοσίας
3001 3477 3177 3531 εἴκοσι
3234 3476 3502 3546 μυριάδας
3540 3476 3708 3536 πόδας
3754 3472 4030 3543 στερεῶς

2447 3574 2480 3642 ἡ
2513 3573 2568 3625 δὲ
2596 3574 2927 3642 περίμετρος
2976 3571 3147 3642 μόνης
3179 3568 3501 3637 ἐπιφανείας
3549 3566 3750 3631 ἔξωθεν
3798 3566 3891 3618 διὰ
3928 3564 4033 3617 τῶν

2445 3668 2725 3736 τεσσάρων
2756 3665 3031 3735 πλευρῶν,
3070 3664 3310 3733 γίνονται
3338 3662 3497 3725 πόδες
3530 3661 3714 3731 μύριοι
3748 3659 3845 3713 καὶ
3873 3658 4031 3728 χίλιοι

2446 3757 2743 3822 ἑξακόσιοι,
2763 3757 2859 3809 καὶ
2888 3755 3075 3823 ἐπειδὴ
3096 3755 3153 3807 δὲ
3178 3756 3225 3806 οἱ
3257 3752 3315 3817 ἓξ
3341 3752 3501 3815 πόδες
3528 3748 3775 3804 ποιοῦσιν
3802 3748 4033 3819 ὀργυιὰν

2449 3848 2604 3917 μίαν,
2637 3850 2692 3902 αἱ
2720 3848 2776 3900 δὲ
2812 3847 3004 3901 ἑκατὸν
3032 3846 3252 3914 ὀργυιαὶ
3284 3844 3497 3897 ποιοῦσι
3530 3842 3747 3895 στάδιον
3777 3839 3860 3904 ἓν,
3890 3840 3956 3892 τὰ
3976 3838 4031 3891 δὲ

2447 3940 2587 3994 ἑπτά
2624 3942 2714 3993 καὶ
2740 3941 2911 4011 ἣμισυ
2952 3939 3143 3991 στάδια
3174 3936 3390 3989 ποιοῦσι
3424 3935 3600 4005 μίλιον
3630 3934 3710 3993 ἓν,
3740 3934 4031 3999 συνάγεται

2447 4032 2480 4100 ἡ
2521 4030 2851 4101 περίμετρος
2893 4031 3074 4091 πᾶσα,
3113 4030 3231 4099 ἦτοι
3263 4030 3310 4080 οί
3350 4027 3534 4095 μύριοι
3588 4025 3683 4078 καὶ
3728 4024 3894 4093 χίλιοι
3942 4023 4033 4074 καὶ

2447 4123 2719 4187 ἑξακόσιοι
2744 4123 2903 4184 πόδες
2926 4123 3004 4185 εἰς
3036 4121 3185 4190 μίλια
3213 4119 3306 4172 δύο
3334 4120 3505 4189 ἥμισυ
3532 4117 3757 4170 δέκατον
3784 4118 4027 4182 ἔγγιστα.

2461 4215 2550 4267 Ἐν
2605 4212 2780 4282 τούτῳ
2837 4207 2930 4264 οὖν
2975 4210 3053 4280 τῷ
3100 4210 3429 4281 διαστήματι
3484 4208 3578 4262 καὶ
3635 4207 3882 4276 σχήματι
3930 4223 4033 4274 χωο

2451 4304 2668 4376 ροῦνται
2729 4304 2784 4357 αἱ
2835 4303 3130 4373 τριάκοντα
3177 4300 3441 4370 μυριάδες
3488 4298 3597 4350 τῶν
3650 4294 4031 4363 καϐαλλαρίων

2447 4396 2589 4451 κατὰ
2628 4396 2838 4448 τελείαν
2874 4395 3174 4447 πύκνωσιν.
3221 4394 3283 4445 Εἰ
3313 4393 3369 4446 δὲ
3416 4388 4021 4461 ἀραιότεροιῖστανται.

2448 4493 2511 4543 ἐκ
2547 4490 2646 4559 τῆς
2694 4488 3028 4549 πυκνώσεως
3076 4484 3484 4553 ἐπιλογίζεσθαι
3538 4483 3617 4535 δεῖ
3659 4480 3761 4550 τὴν
3808 4478 4031 4533 ἐνοῦσαν

2379 4576 2420 4630 D
2450 4582 2768 4649 ἀραιότητα,
2806 4578 2899 4631 καὶ
2949 4577 3122 4638 οὕτως
3162 4576 3493 4644 συμϐάλλειν
3528 4575 3592 4626 ἐκ
3636 4572 3731 4625 τοῦ
3766 4571 4031 4642 μεγέθους

2449 4671 2542 4725 τοῦ
2578 4672 2744 4725 τόπου
2771 4672 2831 4724 τὸ
2869 4669 3033 4723 ποσὸν
3061 4668 3156 4721 τοῦ
3192 4667 3345 4721 λαοῦ.

2522 4760 2593 4828 ιζ.
2628 4760 2877 4829 Τάξομεν
2906 4760 2961 4811 δὲ
2990 4759 3089 4819 τάς
3113 4757 3404 4826 τριάκοντα
3440 4755 3705 4825 μυριάδας
3740 4755 3913 4824 ἤγουν
3938 4753 4030 4814 τὰς

2450 4852 2767 4920 τριακοσίας
2798 4851 3041 4919 χιλιάδας
3068 4849 3161 4901 ἐπὶ
3192 4849 3369 4919 ἁπλῆς
3402 4848 3562 4909 ἀκίας
3596 4846 3691 4899 καὶ
3730 4844 4026 4911 ἐκτεταμέ-

2450 4960 2567 5013 νης.
2612 4943 2874 4996 Ἐκάστου
2912 4943 2970 4995 δὲ
3014 4943 3181 4995 ἵππου
3216 4942 3297 5004 είς
3341 4939 3516 5010 μῆκος
3554 4937 3901 5003 τασσομένου
3939 4936 4030 5002 τῆς

2448 5033 2811 5104 παρατάξεως
2841 5033 3170 5104 κρατοῦντος
3191 5074 3205 5098 ,
3230 5032 3305 5094 ὡς
3357 5029 3594 5098 εἴρηται,
3651 5028 3822 5089 πόδας
3855 5029 4028 5096 τρεῖς,

2442 5128 2681 5195 γίνονται
2716 5128 2877 5190 πόδες
2910 5127 3171 5198 μυριάδες
3220 5125 3561 5195 ἐνενήκοντα,
3589 5121 3640 5174 οῖ
3672 5120 3892 5174 ποιοῦσι
3918 5120 4027 5171 διά-

2445 5234 2631 5290 στημα
2665 5220 2753 5273 ἐπ’
2793 5219 3012 5283 εὐθείας
3060 5218 3214 5289 μίλια
3256 5216 3508 5270 διακόσια
3556 5212 3812 5280 ἔγγιστα,
3863 5210 4030 5264 ταῦτα

2453 5313 2571 5381 μὲν,
2603 5314 2678 5376 ὡς
2712 5313 2944 5382 εἴρηται,
2977 5311 3119 5365 κατὰ
3148 5308 3359 5363 τελείαν
3407 5306 3706 5360 πύκνωσιν.
3756 5304 3822 5358 El
3856 5304 3914 5356 δὲ
3954 5303 4028 5355 δι·

2452 5403 2843 5470 εσκεδασμένοι
2867 5403 2961 5457 καὶ
2987 5399 3407 5473 ἑσκορπισμένοι
3430 5394 4030 5465 κινοῦνταιβμολογοὺ·

2458 5494 2618 5562 μενόν
2653 5495 2801 5547 ἐστιν
2823 5536 2838 5560 ,
2867 5494 2946 5547 ὅτι
2980 5490 3415 5546 πολλαπλασίονα
3451 5488 3547 5543 τοῦ
3595 5488 3800 5559 μέτρου
3842 5486 4028 5539 τούτου

2281 5652 2517 5709 NOTAE.

843 5781 953 5847 (46)
988 5782 1168 5850 Λέγω.
1203 5781 1575 5847 Scribehzitur,
1611 5784 1802 5849 λέγων.

846 5853 957 5922 (47)
1002 5854 1175 5921 Τάχα.
1204 5854 1576 5921 Scribeltalur,
1608 5855 1768 5925 τύχα.

2524 5788 2633 5858 (i8)
2668 5790 3026 5844 Τιὶσσεσθαι.
3064 5784 3441 5850 Scribebatur,
3474 5781 3544 5833 τὰ
3573 5778 3891 5832 σέσσεσθαι.
