4176 6442
189 398 290 461 937

1218 410 1548 470 TACTICA.
1591 436 1656 446 ·-
1697 411 2198 478 CONSTITUTIO
2237 419 2414 478 Χνιῐ.

3324 425 3430 487 938

190 507 484 578 κατέχουσι
517 508 698 573 τόπον,
729 511 822 564 καὶ
854 512 1096 578 πλείονες
1119 514 1224 567 τῶν
1251 516 1308 569 ἐν
1337 519 1401 585 τῇ
1424 519 1571 583 τάξει
1596 521 1764 573 ἐστώο

1865 531 2004 578 rent.
2038 523 2133 580 Sin
2183 527 2237 580 in
2287 525 2497 581 deflexo
2527 527 2758 596 quodam
2816 527 2937 583 loco
2973 526 3432 600 eminentiorcque

190 613 300 647 των
343 596 421 666 τῷ
463 597 728 668 ὀφθαλμῷ
775 600 1192 657 ὑποπίπτουσιν.
1247 605 1308 658 El
1357 606 1413 660 δὲ
1463 609 1521 660 ἐν
1553 611 1765 682 πλαγίῳ

191 686 342 754 τόπῳ
367 689 461 741 καὶ
489 689 802 760 ὑψηλοτέρῳ
825 693 1239 763 περιπατοῦσιν,
1268 695 1348 749 ἔτι
1373 698 1555 752 πλέον.

261 781 371 843 ιιαθ.
401 780 493 831 Διὸ
521 781 612 834 καὶ
628 782 676 833 οί
706 779 1018 853 βουλόμενοι
1044 785 1274 856 στρατὸν
1295 786 1386 843 διὰ
1410 788 1620 861 κόμπον
1645 792 1765 846 τινά

191 870 492 936 ὑποδεῖξαι,
520 871 668 943 ﬂint
693 872 1016 946 λεπτοτέρου
1042 875 1249 946 βάθους.
1261 879 1550 937 τάσσουσιν
1579 883 1782 948 αὐτὸν,

190 959 222 1028 ἢ
253 961 555 1030 κεχυμένον
586 962 846 1033 μηκόθεν,
872 965 905 1036 ἢ
927 965 1373 1038 διισκεδασμένον
1399 970 1492 1025 καὶ
1507 970 1767 1043 διεσπαρ-

192 1049 373 1119 μένον.
405 1052 465 1104 Οί
498 1051 555 1105 δὲ
590 1052 933 1125 παλαιότεροι
961 1054 1070 1108 τῶν
1100 1055 1376 1110 τακτικῶν
1406 1057 1505 1130 τὴν
1534 1058 1764 1132 πεζικὴν

189 1139 366 1207 τάξιν,
404 1142 532 1195 ὅταν
568 1143 669 1213 μέν
710 1145 826 1199 ἐστι
868 1146 1209 1217 τεταγμένη,
1252 1151 1523 1220 τέσσαρα(⁵
1573 1152 1768 1221 πήχεις

193 1231 386 1285 ίστῶσι
413 1233 505 1285 τὸν
529 1233 624 1287 ἕνα
653 1235 822 1307 ἀνδρα
845 1238 1116 1307 κατέχειν.
1150 1239 1319 1294 Ὅταν
1342 1240 1399 1294 δέ
1433 1241 1550 1294 ἐστι
1586 1259 1765 1296 πεπυ-

191 1322 473 1392 κνωμένη,
503 1323 582 1387 εις
607 1324 700 1378 δύο
734 1326 951 1395 πήχεις·
981 1327 1108 1380 ὅταν
1138 1328 1193 1382 δὲ
1225 1329 1367 1383 κατά
1391 1335 1766 1402 συνασπισμὸν

189 1409 249 1461 ὲν
285 1411 592 1480 παρατάξει
622 1413 798 1482 πῆχυν
832 1414 928 1467 ἕνα
971 1415 1222 1486 κατέχειν
1260 1417 1351 1469 τὸν
1391 1419 1762 1493 στρατιώτην,

189 1497 330 1552 ῶστε
362 1501 456 1554 καὶ
485 1505 548 1556 ὲκ
572 1504 764 1557 τούτου
792 1504 886 1558 τοῦ
915 1506 1117 1577 μέτρου
1147 1508 1239 1560 τὸν
1270 1509 1472 1580 ἀκριϐῆ
1501 1514 1767 1567 σκουλκά-

187 1604 328 1660 τορα
361 1589 774 1659 ἀναλογίζεσθαι
805 1594 912 1648 ἀπὸ
931 1595 1096 1649 αὐτοῦ
1124 1596 1216 1650 τοῦ
1241 1601 1447 1669 μήκους
1475 1601 1568 1654 τοῦ
1599 1603 1762 1657 τόπου

189 1681 250 1733 οὐ
273 1682 435 1750 μόνον
449 1684 557 1736 τῶν
572 1683 973 1757 καϐαλλαρίων,
991 1687 1128 1742 ἀλλὰ
1151 1691 1244 1745 καὶ
1257 1691 1438 1756 πεζῶν
1457 1692 1518 1746 τὸ
1539 1693 1763 1765 πλῆθος.

1868 614 2146 680 incedant,
2196 618 2352 690 longe
2387 617 2570 699 plures
2603 632 2724 674 esse
2753 627 3033 686 putantur.

1936 793 2022 849 9i.
2058 793 2243 864 Itaque
2282 795 2377 864 qui
2418 795 2485 850 ad
2517 794 2758 866 speciem
2791 793 3030 862 aliquam
3062 809 3430 863 pompamque

1864 886 2140 941 exercitus
2169 883 2567 949 demonstrant,
2598 886 2679 941 vel
2701 885 2951 940 tenuiore
2991 899 3115 939 cum
3145 886 3434 942 altitudine

1867 972 2145 1028 instruunt
2167 987 2312 1039 eum,
2349 967 2451 1028 vel'
2486 975 2700 1029 eminus
2749 974 2930 1028 fusum
2993 974 3432 1044 dispersumquc.

1867 1062 2221 1133 Antiquiores
2263 1071 2443 1116 autem
2477 1062 2555 1117 rei
2609 1064 2864 1118 militaris
2921 1063 3078 1133 periti
3126 1063 3433 1133 pedestrem

1867 1155 2061 1220 aciem,
2113 1155 2335 1226 quando
2369 1155 2639 1210 instructa
2684 1165 2788 1222 est,
2829 1164 3068 1227 quatuor
3121 1155 3432 1210 cubitorum

1869 1246 2161 1314 unicuique
2213 1245 2330 1302 viro
2379 1246 2616 1315 spatium
2678 1245 2901 1300 dabant.
2953 1246 3056 1302 Ubi
3098 1245 3436 1300 densabatur

1869 1333 2056 1396 acies,
2089 1332 2320 1387 duorum
2374 1335 2685 1388 cubitorum
2735 1335 2973 1403 spatium
3020 1335 3333 1389 tribuebant
3377 1335 3430 1389 in

1869 1423 2110 1493 perfecta
2136 1425 2520 1495 aggregatione
2572 1425 2828 1492 militum,
2867 1435 2924 1478 ut
2959 1427 3201 1480 cubitum
3264 1444 3432 1482 unum

1869 1517 2089 1572 haberet
2117 1519 2526 1587 unusquisque:
2570 1534 2677 1588 qua
2712 1537 2776 1575 ex
2829 1536 3087 1574 mensura
3137 1525 3435 1590 unusquis-

1865 1621 1973 1677 que
2003 1606 2181 1662 bonus
2204 1608 2535 1677 speculator,
2568 1619 2624 1663 et
2653 1624 2720 1663 ex
2762 1612 2939 1678 spatio
2996 1610 3125 1675 loci,
3163 1609 3321 1666 facile
3350 1628 3436 1667 re-

1867 1698 2082 1770 putabit
2112 1715 2222 1755 non
2267 1701 2427 1756 modo
2455 1701 2727 1770 equitum,
2766 1717 2956 1760 verum
2992 1704 3154 1760 etiam
3192 1703 3432 1774 peditum

1869 1807 2182 1848 numerum.

261 1864 372 1933 ιιβκ
405 1865 688 1935 Τοσαύτης
720 1867 898 1921 τοίνυν
929 1869 1188 1941 διαφορᾶς
1222 1873 1387 1943 οὔσης
1438 1875 1517 1938 εἴς
1560 1894 1617 1929 τε
1662 1879 1759 1942 τάς

1927 1882 2017 1937 92.
2049 1883 2185 1938 Cum
2221 1883 2388 1955 igitur
2428 1891 2576 1939 tanta
2617 1885 2690 1941 sit
2722 1885 3028 1941 differentia
3078 1887 3131 1942 in
3187 1887 3306 1943 acie
3345 1885 3434 1941 in-

186 1953 375 2018 τάξεις
403 1956 496 2008 καὶ
522 1957 600 2019 είς
626 1957 695 2009 τὰ
726 1959 1004 2030 σχήματα,
1039 1962 1098 2013 οὺ
1132 1962 1250 2016 δέον
1282 1979 1362 2028 σε,
1393 1956 1437 2018 ὦ
1469 1968 1759 2038 στρατηγὲ,

185 2043 270 2107 είς
305 2044 568 2114 ἀπείρους
596 2046 703 2100 τῶν
725 2049 980 2102 τοιούτων
1007 2049 1326 2122 ἀνθρώπους
1353 2055 1450 2118 τάς
1475 2056 1762 2122 σκούλκας,

183 2133 308 2201 ἤτοι
342 2133 441 2197 τὰς
480 2135 568 2188 διὰ
602 2136 710 2190 τῶν
748 2141 1116 2194 κατασκόπων
1157 2142 1266 2196 τῶν
1308 2145 1418 2198 σῶν
1462 2147 1764 2218 διακρίσεις

185 2225 632 2292 καταπιστεύειν,
665 2227 698 2298 ἢ
725 2228 824 2292 τας
851 2230 979 2301 περὶ
999 2232 1206 2286 τούτων
1230 2234 1423 2304 βίγλας
1441 2275 1457 2300 ,
1487 2239 1622 2307 μηδὲ
1653 2243 1764 2304 τοῖς

184 2315 322 2386 παρ’
353 2316 552 2381 αὐτῶν,
579 2317 654 2381 ὡς
683 2318 893 2392 ἔτυχεν,
927 2321 1239 2394 λεγομένοις
1261 2328 1568 2384 πιστεύειν.Ι
1590 2331 1760 2385 Ἀνείι

183 2420 393 2458 παστον
430 2406 539 2476 γάρ
582 2409 730 2464 ἑστιν
769 2413 884 2475 τοῖς
927 2414 1175 2480 πολλοῖς,
1222 2417 1315 2470 καὶ
1356 2417 1724 2492 ἀκατανόητον
1744 2462 1760 2485 ,

183 2495 302 2580 stre
325 2496 466 2568 ὑπὲρ
487 2499 583 2563 τάς
610 2501 783 2554 είκοσι
813 2503 846 2572 ἢ
879 2505 1173 2575 τριάκοντα
1203 2507 1445 2576 χιλιάδας
1500 2512 1638 2576 ἐστὶ.
1668 2514 1762 2567 καὶ

186 2585 424 2653 μάλιστα
455 2589 548 2642 ἐπὶ
584 2589 776 2658 ἐθνῶν,
822 2593 1017 2659 οἵτινες
1049 2596 1276 2661 πολλοὺς
1335 2599 1533 2663 ῖππους
1568 2603 1762 2656 ἐπισύ-

187 2692 406 2744 ρονται,
441 2678 628 2750 διόπερ
667 2683 954 2754 ἐμπείροις
989 2686 1216 2757 ἀνδράσι
1261 2688 1330 2742 τά
1377 2689 1601 2745 τοιαῦτα
1655 2695 1760 2765 χρὴ

184 2766 632 2821 καταπιστεύειν.

256 2853 368 2920 ια’.
395 2855 546 2926 Μηδὲ
599 2861 905 2934 προχείρως
927 2866 1133 2932 ἀγωνία
1153 2869 1246 2921 ἐπὶ
1275 2873 1394 2934 ταῖς
1415 2869 1638 2935 λεπταῖς
1666 2874 1760 2926 καὶ

187 2943 431 3010 μακραῖς
463 2948 803 3014 παρατάξεσι
841 2951 928 3004 διά
971 2955 1211 3024 πλήθους
1236 2957 1521 3012 ὕπόνοιαν’
1560 2962 1609 3014 εί
1650 2963 1756 3032 γάρ

187 3033 263 3100 μή
301 3033 440 3084 εἰσιν
484 3036 759 3106 ἀναλόγως
807 3042 1026 3111 ἔχουσαι
1081 3046 1142 3098 τὸ
1181 3047 1344 3116 βάθος
1381 3051 1546 3120 μέγα,
1593 3054 1758 3108 ποσὸν

1867 1976 2153 2042 struenda,
2194 1987 2359 2047 atque
2387 1978 2442 2031 in
2473 1977 2645 2031 forma
2685 1979 2982 2044 exercitus,
3012 1979 3237 2033 minime
3263 1979 3435 2048 impev

1863 2067 1988 2123 ritis
2031 2069 2278 2125 excubiis
2307 2071 2855 2141 speculatoribusque
2896 2080 2991 2124 aut
3042 2071 3286 2125 fortuitis
3309 2071 3433 2140 qui-

1865 2153 2096 2210 busdam
2135 2155 2458 2214 bominibus
2517 2157 2652 2214 ﬁdes
2677 2158 2985 2214 adhibenda
3036 2167 3121 2214 est
3163 2177 3176 2212 :
3209 2160 3433 2214 minime

1862 2247 2009 2301 enim
2039 2248 2144 2301 hoc
2176 2249 2382 2318 percipi
2409 2248 2591 2317 vulgo,
2615 2250 3123 2320 eomprehendique
3155 2265 3182 2303 a
3202 2249 3430 2320 plebeiis

1862 2345 2063 2408 potest,
2092 2339 2250 2409 idque
2275 2342 2595 2409 praesertim,
2639 2343 2684 2397 si
2726 2357 2892 2411 supra
2931 2342 3165 2396 ducenta
3203 2349 3294 2395 aut
3325 2351 3432 2396 tre-

1863 2434 2022 2481 centa
2049 2427 2220 2483 millia
2248 2429 2532 2484 hominum
2561 2430 2787 2486 fuerint.
2816 2431 3060 2485 Ethnicze
3088 2432 3230 2486 enim
3255 2433 3433 2485 natio-

1862 2530 2172 2586 nes,equos
2198 2532 2327 2575 suos
2371 2522 2677 2577 arctissime
2719 2522 2774 2577 in
2828 2525 2944 2578 acie
2977 2522 3296 2591 adjungunt.
3328 2519 3407 2576 Ita

1860 2625 1968 2680 que
2015 2609 2205 2679 peritis
2252 2612 2393 2667 viris
2435 2613 2527 2667 tali
2566 2613 2619 2668 in
2657 2628 2818 2670 causa
2849 2613 3182 2669 credendum
3223 2621 3327 2668 est.

1932 2869 2018 2924 93.
2049 2868 2125 2926 Ne
2149 2870 2314 2926 nimis
2364 2874 2770 2943 praecipitanter
2795 2877 3024 2934 dimices
3052 2877 3314 2934 adversus
3347 2891 3432 2935 te-

1862 2975 1997 3015 nues
2035 2962 2331 3032 longasque
2372 2965 2541 3029 acies,
2574 2976 2796 3035 propter
2831 2968 3145 3034 opinionem
3176 2969 3430 3024 multitu-

1861 3049 2007 3105 diuis
2044 3070 2056 3105 :
2095 3053 2350 3121 quamvis
2376 3054 2521 3108 enim
2575 3064 2724 3110 certa
2758 3057 2992 3125 quadam
3038 3075 3162 3113 cum
3204 3075 3432 3129 propor—

183 3121 286 3173 οὐκ
312 3121 545 3192 ἔχουσιν.
579 3127 688 3191 Τάς
709 3128 764 3181 δὲ
799 3129 1016 3200 βαθείας
1054 3136 1676 3208 πολυπραγμονείτωσαν
1706 3145 1752 3196 οί

1865 3142 2008 3196 tione
2028 3158 2137 3196 non
2174 3144 2499 3212 collocatur,
2558 3161 2736 3216 neque
2784 3147 3127 3202 altitudinem
3179 3166 3278 3220 pro
3331 3168 3434 3206 nu-

187 3214 547 3280 κατάσκοποι,
579 3220 625 3272 εί
651 3219 712 3272 τὸ
734 3222 948 3277 τοῦλδον
980 3227 1338 3284 συντέτακται
1372 3233 1438 3300 τῇ
1460 3235 1764 3304 παρατάξει

1871 3247 2187 3320 Egnatio
2235 3235 2440 3304 justam
2509 3214 2744 3303 habent,
2805 3214 3196 3308 speculatores
3249 3249 3430 3297 tamen

183 3302 431 3372 δπισθεν,
463 3307 496 3377 ἢ
538 3309 688 3378 μόνοι
718 3312 934 3368 όπλῖταί
966 3317 1124 3370 είσιν.

257 3571 362 3640 κδ’.
414 3571 498 3627 Τά
551 3575 652 3645 μὲν
695 3577 788 3631 οὖν
839 3582 1093 3651 περὶτοῦ
1139 3585 1306 3640 ποσοῦ
1349 3588 1574 3645 δυνατόν
1619 3591 1768 3648 ἐστιν

182 3662 576 3734 ἀκριϐέστερον
593 3668 957 3734 γινώσκεσθαι
983 3673 1074 3727 διά
1099 3691 1158 3727 τε
1183 3675 1292 3730 τῶν
1313 3682 1769 3750 προσφευγόντων

185 3753 325 3823 πρὸς
355 3755 541 3824 ἡμᾶς,
574 3758 671 3811 καὶ
707 3759 796 3814 διά
832 3762 943 3815 τῶν
979 3767 1368 3836 κρατουμένων
1421 3771 1668 3842 ἐχθρῶν,
1718 3776 1767 3828 εἰ

188 3843 424 3918 βουληθῇ
451 3848 506 3901 δέ
541 3865 625 3912 τις
663 3851 873 3906 καὶδιά
907 3855 1143 3926 παρόδου
1184 3860 1529 3931 στενωτέρων
1559 3864 1764 3930 τόπων,

185 3936 269 3990 ἔτι
302 3937 416 4007 (49)
452 3938 508 3992 δὲ
544 3941 636 3994 καὶ⁵
675 3942 763 3995 διά
793 3943 902 3997 τῶν
935 3945 1249 4015 ἀπλήκτων,
1281 3952 1328 4002 εί
1358 3951 1544 4022 συμϐῇ
1569 3953 1769 4017 αὐτοὺς

186 4028 485 4099 ἡνωμένως
523 4031 860 4088 ἀπλικεύειν.

259 4125 365 4187 ιβ’.
398 4120 525 4175 Ἐὰν
553 4123 609 4176 δὲ
633 4125 707 4194 μή
740 4128 886 4179 ἐστιν
917 4129 1189 4196 φοσσάτον
1213 4131 1424 4201 ἐχθρῶν
1451 4135 1508 4186 ἐν
1535 4136 1634 4204 μὲν
1656 4139 1769 4199 τοῖς

188 4213 545 4282 στενωτέροις
579 4215 766 4278 τόποις
810 4217 879 4270 δι’
907 4219 1105 4287 ὀλίγων
1138 4222 1278 4274 κατὰ
1320 4224 1419 4287 τὰς
1444 4225 1553 4277 τῶν
1585 4227 1768 4281 τόπων

187 4299 371 4364 θέσεις
396 4303 552 4355 ποιοῦ
590 4304 687 4368 τὰς
719 4308 1008 4372 σκούλκας,
1047 4313 1128 4373 εἰς
1160 4312 1215 4365 δὲ
1248 4313 1375 4376 τοὺς
1404 4315 1641 4383 ὁμαλοὺς
1675 4319 1769 4370 καὶ

187 4393 430 4461 γυμνοὺς
470 4395 667 4457 τόπους
701 4398 759 4448 ὲν
795 4398 1069 4467 διαφόροις
1105 4402 1294 4471 μέρεσι
1324 4403 1438 4474 (50)
1469 4405 1556 4458 διὰ
1589 4407 1770 4460 πλειό-

1871 3303 2162 3391 diligenter
2209 3303 2554 3380 altitudinem
2597 3303 2909 3396 exquiraut,
2961 3337 3143 3383 utrum
3199 3329 3430 3400 impedi-

1870 3423 2051 3466 menta
2083 3417 2265 3469 omnia
2295 3429 2325 3468 a
2383 3425 2536 3486 tergo
2566 3417 2701 3470 aciei
2734 3418 3001 3473 collaCata
3050 3418 3184 3484 sint,
3217 3433 3289 3473 an
3327 3421 3430 3476 soli

1871 3505 2064 3559 armati
2092 3507 2163 3560 ibi
2191 3508 2476 3561 constituti
2515 3508 2735 3561 fuerint.

1940 3595 2029 3649 94.
2061 3596 2167 3651 Res
2229 3596 2466 3652 hostium
2505 3599 2602 3652 abs
2648 3607 2700 3654 te
2757 3599 2953 3653 melius
3007 3611 3432 3670 cognoscantur.

1869 3687 1952 3740 vel
1994 3702 2087 3756 per
2115 3702 2210 3742 eos
2250 3690 2344 3757 qui
2383 3690 2448 3743 ad
2485 3698 2536 3742 te
2583 3690 2959 3758 profugerunt,
3005 3692 3084 3746 vel
3126 3708 3220 3760 per
3250 3693 3435 3748 hostes

1868 3778 1960 3845 qui
1987 3778 2128 3846 capti
2164 3787 2310 3839 sunt,
2345 3779 2428 3832 vel
2457 3779 2502 3833 si
2530 3781 2656 3847 quis
2689 3783 2920 3836 voluerit
2944 3797 3040 3852 per
3074 3793 3433 3853 angustorum

1869 3866 2113 3920 locorum
2148 3868 2463 3931 transitum,
2495 3870 2578 3924 vel
2631 3872 2795 3924 etiam
2837 3888 2933 3942 per
2979 3884 3182 3938 castra,
3225 3876 3269 3930 si
3303 3891 3436 3930 con-

1870 3957 2043 4026 tingat
2071 3957 2193 4011 illos
2226 3973 2335 4013 uno
2367 3958 2420 4012 in
2453 3960 2575 4013 loco
2611 3975 2671 4013 ea
2711 3977 2936 4030 ponere.

1938 4131 2026 4185 95.
2058 4132 2114 4185 Si
2139 4132 2377 4188 hostium
2406 4134 2674 4189 fossatum
2706 4137 2913 4190 nullum
2945 4137 3133 4202 fuerit,
3179 4141 3232 4193 iu
3260 4156 3436 4212 anguo

1869 4223 2130 4279 stioribus
2158 4225 2292 4281 locis
2325 4242 2421 4295 pro
2451 4229 2694 4282 locorum
2720 4230 2826 4284 situ
2849 4245 3053 4298 paucos
3083 4232 3334 4286 homines
3366 4233 3432 4288 ad

1867 4315 2126 4370 excubias
2165 4318 2462 4374 collocabis
2508 4335 2520 4370 :
2565 4321 2650 4374 sin
2697 4321 2748 4373 iu
2801 4321 3163 4389 mquabilibus
3213 4323 3433 4390 exposi-

1867 4405 2049 4474 tisque
2083 4406 2217 4462 locis
2247 4407 2492 4463 diversas
2517 4410 2569 4463 in
2600 4419 2780 4479 partes
2809 4411 3229 4473 distribuantur,
3251 4412 3433 4479 plures

188 4499 297 4535 νων
329 4482 486 4536 ποιοῦ
517 4485 614 4547 τάς
655 4488 952 4551 σκούλκας,
994 4490 1088 4542 καὶ⁵
1133 4493 1271 4546 κατά
1324 4494 1622 4564 συνέχειαν,
1673 4499 1764 4550 καὶ

1872 4493 1938 4546 ad
1973 4494 2237 4550 excubias
2285 4494 2522 4561 emittes,
2562 4504 2674 4550 tum
2709 4499 2996 4550 intervallo
3047 4499 3293 4552 locorum
3353 4499 3436 4552 di—

187 4569 298 4623 ἀπὸ
326 4572 715 4641 διαστήματος,
749 4577 842 4628 καὶ
878 4579 1113 4647 μάλιστα
1155 4584 1233 4644 εἰς
1265 4583 1362 4646 τὰς
1386 4583 1609 4646 νύκτας,
1637 4588 1764 4641 ὅταν

1869 4593 2099 4648 stantes,
2135 4594 2248 4638 tum
2295 4587 2555 4640 continue
2583 4603 2642 4641 se
2684 4598 2873 4641 mutuo
2903 4588 3284 4652 admonentes,
3340 4605 3437 4645 no-

189 4661 475 4730 εὐχέρειαν
504 4663 601 4735 ἔχῃ
637 4667 664 4718 ό
691 4667 886 4737 ἐχθρὸς
906 4669 994 4722 διὰ
1024 4670 1115 4722 τοῦ
1149 4675 1314 4725 τόπου
1341 4669 1401 4728 οὗ
1428 4675 1493 4728 ἂν
1518 4677 1766 4746 βούλεται

189 4750 374 4804 λαθεῖν
426 4755 520 4809 καὶ
566 4757 920 4826 αῖφνιδιάσαι,
948 4764 1349 4832 προκανονίξων
1396 4768 1493 4830 τὰς
1543 4769 1760 4838 βίγλας,

189 4843 286 4896 ἐὰν
314 4843 493 4910 ὀλίγαι
523 4846 650 4910 εἰσὶ,
696 4849 788 4902 καὶ
819 4851 905 4903 διὰ
933 4853 1089 4906 τοῦτο
1131 4855 1240 4906 ἀπὸ
1269 4855 1636 4928 διαστήματος
1670 4862 1768 4924 τὰς

192 4932 386 5003 βίγλας
413 4935 493 4987 δεῖ
522 4937 786 5004 γίνεσθαι,
818 4941 912 4993 καὶ
934 4942 1372 5014 άλλεπαλλήλους
1403 4949 1461 4998 ἐν
1491 4948 1768 5021 διαφόροις

189 5026 380 5088 τόποις
409 5029 520 5091 τοῖς
553 5029 873 5100 ἐπιτηδείοις
908 5034 998 5086 καὶ
1034 5036 1242 5104 συχνῶς
1270 5036 1657 5094 ἀλλάσσεσθαι.

263 5200 379 5268 ιιι,ς·’⁸
416 5203 587 5257 Γνῶθι
615 5205 669 5258 δὲ
696 5207 777 5259 ὃτι
800 5208 930 5260 ῖδιον
953 5209 1222 5276 ἀρμοδίων
1245 5215 1606 5266 κατασκόπων
1632 5217 1768 5280 ἐστὶ,

1866 4682 2066 4744 ctuque
2089 4676 2457 4743 potissimum,
2489 4679 2706 4746 quando
2733 4678 2892 4732 facile
2917 4678 3089 4731 hostis
3116 4678 3314 4748 poterit
3342 4693 3436 4747 per

1865 4781 1989 4820 eum
2045 4766 2224 4820 locum
2257 4782 2413 4836 quem
2459 4770 2693 4822 voluerit
2733 4769 2871 4822 clam
2917 4770 3197 4838 progredi,
3229 4781 3282 4824 ct
3331 4785 3432 4824 nec

1868 4859 2147 4927 opinatam
2203 4859 2572 4914 incursionem
2627 4860 2828 4914 facere.
2871 4860 3209 4930 Praeparabis
3255 4869 3433 4915 autem

1866 4949 2150 5013 excubias,
2188 4959 2246 5001 ut
2271 4950 2523 5017 quamvis
2561 4964 2748 5018 pauca:
2780 4951 3001 5011 fuerint,
3035 4966 3128 5019 per
3154 4952 3432 5005 intervalla

1875 5045 2053 5090 tamen
2089 5039 2357 5102 Iocentur,
2392 5047 2446 5092 et
2475 5039 2710 5094 diversis
2744 5040 3064 5110 idoneisque
3115 5041 3168 5094 in
3214 5041 3349 5095 locis
3378 5055 3435 5095 se

1872 5139 2064 5183 mutuo
2098 5128 2412 5198 frequenter
2442 5138 2802 5183 commutent.

1941 5219 2029 5274 96.
2101 5220 2374 5272 Bonorum
2423 5221 2830 5288 speculatorum
2886 5223 2989 5275 hoc
3039 5221 3276 5275 officium
3329 5231 3433 5280 est,

195 5294 257 5346 τὺ
287 5298 548 5367 φρονήσει
600 5300 696 5350 καὶ
721 5302 1022 5372 ’ἀγρυπνία
1067 5303 1265 5369 τόπους
1298 5323 1356 5358 τε
1394 5306 1484 5359 καὶ
1528 5310 1764 5379 κινήσεις

1873 5314 2155 5382 prudentia
2191 5321 2243 5366 et
2271 5311 2570 5383 vigilantia,
2594 5313 2707 5368 loca
2737 5323 3026 5385 metusque
3049 5317 3283 5369 hostium
3310 5329 3436 5384 per-

198 5385 474 5455 πολεμίων
508 5395 891 5444 κατασκοπεῖν.

267 5475 375 5544 ι,ζ’.
413 5479 550 5543 Τοὺς
597 5480 652 5533 δὲ
700 5483 974 5547 τοιούτους
1021 5486 1230 5556 ἐλαφρᾷ
1275 5488 1486 5541 ὁπλίσει
1533 5490 1768 5558 χρῆσθαι

1879 5419 2124 5457 noscere.

1946 5492 2124 5545 97.lli
2185 5493 2286 5548 levi
2343 5500 2505 5562 atque
2566 5495 2812 5559 expedita
2850 5506 3125 5550 armatura
3194 5504 3435 5558 utantur,

1706 5603 1935 5658 NOTAE.

274 5680 388 5750 (59)
418 5683 567 5737 Ἔτι.
600 5681 810 5748 Scrihc,
835 5687 963 5742 εἴτε.

279 5752 390 5820 (50)
426 5755 732 5821 Διαφόροις
774 5756 1002 5823 μέρεσι.
1057 5759 1433 5829 Scrihchalut',
1491 5765 1760 5834 ὀιαφὸρων
1799 5767 2036 5835 μέτριοιΔ
