4176 6442
747 382 853 444 939

2002 376 2277 438 LEONIS
2312 376 2772 439 PHILOSOPHI

3877 376 3990 438 940

749 507 1029 563 equosque
1069 489 1302 544 habeant
1338 490 1563 556 celeres,
1592 497 1649 543 ut
1698 489 1815 543 sine
1852 488 2150 544 oﬂensione
2205 490 2306 543 ali-
2335 493 2381 550 Α

2335 493 2381 550 Δ
2406 492 2545 553 δέον,
2577 492 2671 543 καὶ
2700 492 2899 550 ἵππους
2929 488 3072 557 ἔχειν
3112 487 3311 556 ταχεῖς,
3350 486 3430 549 εἰς
3468 485 3527 539 τὸ
3571 484 3984 555 ἀνεμποδίστως

749 597 855 649 qua
889 582 991 633 iter
1020 579 1246 632 faciant.
1284 577 1667 648 Exploratores
1700 584 1880 631 autem
1911 579 2027 633 sive
2056 578 2309 647 specula-

751 678 899 724 tores
928 670 1180 723 secnrius
1212 669 1264 722 in
1292 669 1527 722 hostium
1558 667 1730 737 cepiis
1751 669 2058 737 castrisque
2088 683 2309 722 versen-

751 768 858 821 tur,
895 766 954 811 ut
986 761 1277 829 populares
1307 760 1525 812 illorum
1548 774 1671 813 esse
1697 758 2005 813 videantur.
2051 757 2311 812 Excubiaa

749 859 929 904 autem
960 851 1143 906 fideles
1168 852 1297 915 sint,
1336 859 1391 904 et
1416 851 1642 905 robusta
1677 852 1928 919 corporis
1949 850 2154 919 specie,
2186 850 2307 902 ani-

748 957 839 994 mo
904 941 1073 996 alacri
1137 948 1300 1010 atque
1355 940 1623 1005 incitato,
1694 947 1969 993 armatura
2027 939 2309 1008 splendida

749 1033 914 1085 etiam
955 1032 1179 1102 reliquis
1237 1032 1504 1088 militibus
1543 1039 1833 1096 anteeant,
1887 1043 1946 1085 ut
1996 1031 2079 1085 vel
2130 1030 2309 1100 aliqua

750 1124 1009 1192 praeclara
1041 1136 1374 1193 strenuaque
1404 1139 1462 1176 re
1498 1132 1646 1193 gesta
1693 1123 1914 1175 domum
1952 1121 2197 1186 redeant,
2224 1119 2308 1174 vel

748 1216 792 1269 si
826 1215 893 1269 ab
921 1215 1172 1271 hostibus
1193 1217 1501 1285 capiantur,
1531 1215 1598 1269 ab
1629 1214 1738 1268 illis
1771 1220 1950 1266 tamen
1980 1212 2033 1265 in
2067 1210 2308 1265 admira-

749 1308 893 1359 tione
919 1305 1050 1361 sint.

815 1396 905 1452 98.
941 1397 1259 1451 Praefectum
1291 1398 1646 1450 excubiarum
1683 1398 2020 1466 vigilantem,
2063 1394 2306 1465 pruden-

749 1501 878 1555 tem,
902 1492 1299 1560 experientem,
1322 1499 1376 1544 et
1413 1505 1520 1543 non
1576 1489 1863 1544 fortuitum
1913 1490 2165 1560 quemvis
2209 1489 2281 1543 eli

745 1595 842 1649 gr»;
887 1596 901 1632 :
952 1596 1129 1651 neque
1184 1582 1332 1635 enim
1394 1589 1609 1635 tantum
1641 1579 1985 1644 fortitudine,
2045 1588 2308 1649 quantum

748 1672 1036 1740 prudentia
1080 1688 1144 1727 ac
1182 1673 1462 1742 vigilantia
1496 1673 1550 1726 in
1606 1672 1855 1727 excubiis
1906 1671 2127 1742 agendis
2172 1684 2311 1738 opus

747 1772 855 1818 est.

2409 584 2634 647 ὁδεύειν,
2666 582 2762 635 καὶ
2793 581 2919 643 τοὺς
2951 580 3051 650 μὲν
3088 579 3507 648 ὲξπλοράτωρας
3542 581 3660 648 ἢτοι
3704 577 3985 630 κατασκέ-

2410 692 2543 734 πους
2575 673 2735 743 δῆθεν
2773 671 3118 741 ἀψοόὠτερον
3160 671 3465 738 συνδιάγειν
3508 672 3618 731 τοῖς
3656 668 3940 735 πολεμίοις
3966 707 3983 723 ,

2409 766 2548 818 ὥστε
2592 765 2875 833 ὁμογενεῖς
2920 763 3114 825 αὐτοὺς
3168 758 3307 815 εἶναι
3347 760 3704 831 νομίζεσθαι,
3756 761 3883 822 τοὺς
3927 759 3983 810 δὲ

2412 853 2734 923 βιγλάτορας
2780 852 3003 914 πιστοὺς
3036 847 3203 916 εἶναι,
3254 852 3351 905 καὶ
3402 851 3532 904 είδει
3578 849 3832 917 σώματος
3879 850 3978 901 ἁν-

2408 942 2589 1012 δρείῳ,
2624 940 2718 994 καὶ
2750 940 2898 1010 ψυχῇ
2937 940 3183 1010 εὐτόλμῳ
3206 978 3225 1004 ,
3260 939 3350 991 καὶ
3391 938 3601 991 ὁπλίσει
3648 936 3939 1005 λαμπροὺς
3965 975 3980 996 ,

2409 1035 2503 1087 καὶ
2554 1034 2663 1086 τῶν
2716 1030 2919 1085 λοιπῶν
2977 1022 3325 1098 στρατιωτῶν
3383 1028 3662 1097 διαφέρειν
3693 1068 3709 1091 ,
3746 1026 3888 1079 ὥστε
3946 1028 3977 1093 ἦ

2409 1124 2739 1197 ποιήσαντάς
2775 1140 2828 1176 τι
2866 1125 3114 1190 γενναῖον
3141 1122 3299 1193 ἔργον
3328 1120 3421 1173 καὶ
3460 1121 3703 1191 ἀνδρεῖον
3745 1118 3978 1173 ἐπανελο

2409 1217 2555 1280 θεῖν,
2592 1217 2625 1286 ἢ
2665 1214 3043 1286 ζωγρηθέντας
3090 1213 3239 1285 παρὰ
3284 1214 3398 1275 τοῖς
3441 1211 3720 1281 πολεμίοις
3764 1210 3977 1279 θαυμά-

2410 1306 2620 1369 ζεσθαι.

2478 1402 2586 1466 ιιη’.
2620 1397 2723 1448 τὸν
2750 1396 2805 1449 δὲ
2834 1397 3068 1465 ἄρχοντα
3094 1394 3193 1464 τῆς
3240 1394 3508 1457 σκούλκας
3547 1392 3659 1461 (5|)
3696 1393 3977 1461 ἄγρυπνον

2409 1492 2504 1545 καὶ
2552 1490 2814 1559 φρόνιμον
2858 1490 2953 1542 καὶ
2982 1488 3248 1558 ἔμπειρον
3285 1486 3564 1553 ὲπιλέγου,
3613 1486 3709 1538 καὶ
3756 1485 3833 1553 μὴ
3887 1484 3977 1534 τὸν

2408 1584 2655 1654 τυχόντα.
2674 1581 2807 1635 Οὐδὲ
2827 1582 2932 1651 γὰρ
2952 1580 3203 1635 τοσοῦτον
3226 1578 3495 1649 ἀνδρείας,
3518 1580 3639 1632 ὅσον
3665 1578 3979 1646 φρονήσεως

2410 1676 2505 1729 καὶ
2527 1672 2831 1745 ἀγρυπνίας
2851 1672 3023 1726 δεῖται
3050 1672 3083 1741 ἡ
3116 1670 3225 1724 τῶν
3254 1669 3663 1739 σκουλκατόρων
3690 1668 3873 1737 χρεία.

824 1856 914 1912 99.
971 1857 1355 1925 Speculatores
1417 1858 1563 1911 soles
1604 1857 1823 1909 emittes
1884 1853 2134 1909 hostibus
2192 1848 2303 1919 jam
2338 1857 2379 1911 Β

2338 1857 2379 1911 Β
2477 1854 2582 1919 ιιθι
2625 1853 2833 1914 Μόνους
2869 1851 2926 1904 δὲ
2965 1867 3089 1913 τους
3120 1849 3499 1911 κατασκόπους
3538 1846 3836 1902 ἀπόστελλε
3884 1862 3982 1913 μα-

746 1948 963 2001 eminus
1015 1945 1428 2007 exsistentibus,
1459 1945 1503 1998 si
1551 1942 1791 1997 volueris
1832 1941 1915 1996 vel
1966 1947 2148 1994 motus
2201 1938 2303 1992 ho-

749 2040 938 2100 stium,
974 2038 1057 2091 vel
1099 2036 1238 2090 situs
1263 2035 1497 2099 viarum,
1534 2035 1617 2088 vel
1664 2019 2306 2087 locorum-munitionem

746 2144 1096 2199 cognoscere.

818 2219 943 2273 £00.
967 2217 1196 2283 Quando
1230 2216 1297 2269 ad
1344 2215 1641 2284 capiendos
1676 2214 1890 2283 aliquos
1943 2212 2184 2267 incursio
2227 2210 2303 2274 lit,

746 2315 862 2359 tum
890 2306 1188 2375 permissos
1214 2303 1314 2358 hos
1344 2304 1715 2373 exploratores
1744 2317 1867 2356 cum
1897 2301 2144 2357 excubiis
2177 2299 2302 2353 mit-

748 2406 854 2459 tes,
909 2402 1071 2465 atque
1115 2395 1170 2448 hi
1214 2394 1433 2463 quidem
1468 2400 1844 2458 antecurrant,
1877 2389 2305 2461 expeditioribus

747 2480 885 2536 locis
919 2482 1290 2549 speculentur,
1321 2481 1564 2534 excubiae
1595 2487 1913 2549 sequantur,
1949 2486 2003 2532 et
2033 2477 2307 2531 ducantur

750 2572 819 2626 ab
840 2570 971 2626 illis.

818 2753 942 2806 10!.
970 2751 1244 2806 Excubias
1266 2749 1605 2820 temporibus
1633 2747 1973 2804 necessarias
2024 2760 2133 2802 non
2167 2761 2306 2801 unas

745 2843 1026 2912 simplices
1057 2841 1226 2897 facies
1268 2857 1376 2895 una
1408 2841 1590 2911 aliqua
1617 2855 1681 2895 ex
1713 2847 1892 2909 parte,
1918 2837 2011 2892 sed
2058 2836 2308 2892 diversas

746 2938 801 2984 et
838 2945 938 2999 pro
967 2931 1070 2985 loci
1100 2931 1234 2993 situ,
1273 2930 1582 2999 idoneoque
1624 2928 1913 2983 intervallo
1948 2926 2091 2980 inter
2121 2939 2180 2980 se
2213 2940 2308 2993 pu-

747 3021 902 3085 sitas,
930 3029 989 3075 ut
1035 3021 1080 3074 si
1122 3021 1309 3074 hostes
1352 3019 1567 3089 aliquos
1610 3018 1825 3071 illorum
1857 3018 2077 3079 lateant,
2122 3022 2305 3068 tamen

745 3113 801 3165 in
832 3112 971 3165 alios
999 3111 1301 3166 incidentes
1338 3115 1759 3177 cognoscantur.
1811 3107 1989 3175 Atque
2018 3106 2072 3159 in
2113 3104 2306 3174 primis

2407 1945 2599 2015 κρόθεν
2643 1943 2721 1995 ἔτι
2751 1943 2861 1995 τῶν
2909 1941 3183 2010 πολεμίων
3244 1937 3766 2008 ἀπαγγελλομένων,
3815 1936 3979 2005 ἡνέκα

2410 2036 2640 2107 μάλιστα
2688 2031 2851 2102 βούλῃ
2907 2031 3098 2100 μαθεῖν
3139 2031 3173 2100 ἦ
3209 2031 3423 2099 κίνησιν
3459 2027 3669 2098 ἐχθρῶν
3695 2066 3712 2091 ,
3758 2026 3793 2097 ἦ
3828 2024 3983 2079 θέσιν

2405 2127 2560 2187 ὁδῶν,
2588 2125 2621 2194 ἢ
2650 2124 2829 2177 τόπων
2857 2122 3126 2192 ὀχύρωσιν
3165 2121 3301 2191 (52).

2477 2222 2543 2285 ρ’.
2580 2214 2749 2266 Ὅταν
2788 2212 2845 2264 δὲ
2872 2212 2963 2264 ἐπὶ
2997 2213 3077 2279 τῷ
3108 2213 3397 2281 κατασχεῖν
3432 2227 3584 2273 τινας
3629 2210 3663 2280 ἡ
3702 2209 3975 2278 ἐπιδρομή

2405 2305 2541 2368 ἐστι,
2570 2305 2687 2356 τότε
2712 2303 3193 2373 ἀναμεμιγμένους
3220 2303 3447 2365 τούτους
3478 2300 3615 2371 μετά
3637 2300 3748 2353 τῶν
3783 2301 3978 2352 σκουλ-

2406 2396 2651 2464 κατόρων
2678 2394 2984 2463 πρόστασσε
3016 2388 3178 2456 εἶναι,
3205 2394 3299 2446 καὶ
3324 2393 3522 2454 αὐτοὺς
3547 2393 3645 2461 μὲν
3669 2391 3981 2461 προεκτρέ-

2405 2505 2545 2558 χειν,
2586 2486 2681 2540 καὶ¹
2724 2485 2783 2551 ἐξ
2833 2485 3093 2538 ἀπόπτων
3126 2482 3236 2553 (55)
3274 2483 3445 2552 ἧγουν
3491 2482 3712 2551 ὑψηλῶν
3762 2480 3982 2551 χωρίων

2404 2576 2790 2635 κατασκοπεῖν,
2826 2574 2952 2635 τοὺς
2980 2573 3038 2626 δὲ
3066 2571 3468 2642 σκουλκάτορας
3495 2570 3812 2624 ἀκολουθεῖν
3840 2568 3983 2621 ἑκεί-

2407 2683 2537 2730 νοις,
2571 2665 2665 2718 καὶ
2701 2662 3017 2732 όδηγεῖσθαι
3056 2664 3186 2732 παρ’
3215 2662 3414 2716 αὐτῶν.

2481 2762 2583 2825 ρα¹.
2613 2755 2723 2817 Τὰς
2747 2753 2804 2807 δὲ
2838 2753 3107 2817 σκούλκας
3146 2753 3179 2823 ἢ
3218 2752 3405 2822 βίγλας
3434 2753 3493 2805 ὲν
3518 2753 3631 2815 τοῖς
3654 2750 3982 2818 ἀναγκαίοις

2407 2848 2618 2917 καιροῖς
2652 2846 2726 2916 μὴ
2750 2842 2901 2897 ποιοῦ
2937 2843 3114 2906 ἁπλᾶς
3156 2844 3264 2897 ἀπὸ
3292 2844 3410 2907 ἑνὸς
3440 2843 3658 2926 μέρους,
3690 2842 3829 2894 ἀλλά
3860 2840 3980 2893 δια-

2366 2966 2371 2971 ι
2406 2936 2602 3006 φόρους
2635 2938 2727 2987 καὶ
2763 2934 3217 3003 ἀλλεπαλλήλους,
3257 2935 3395 2987 κατά
3434 2934 3534 3003 τὴν
3560 2932 3653 2985 τοῦ
3688 2933 3857 2984 τόπου
3890 2930 3981 2983 θι-

2408 3044 2510 3088 σιν,
2537 3027 2631 3079 καὶ
2660 3026 2767 3078 ἀπὸ
2798 3025 3169 3094 διαστήματος
3198 3024 3386 3078 ἱκανοῦ
3412 3040 3427 3056 ·
3456 3024 3543 3077 ἵνα
3568 3026 3616 3076 εί
3644 3023 3827 3092 συμϐῇ
3853 3023 3984 3083 τοὺς

2408 3114 2631 3185 ἐχθροὺς
2656 3114 2928 3167 διαλαθεῖν
2961 3115 3041 3177 είς
3070 3114 3195 3177 τοὺς
3223 3113 3869 3184 ἀλλουςῗπεριπίπτοντες
3907 3112 3984 3180 μὴ

743 3200 994 3254 excubiis
1024 3213 1226 3267 paucos
1253 3196 1571 3261 eollocabis,
1604 3197 1658 3250 in
1699 3194 1957 3251 secundis
2008 3194 2216 3263 plures,
2248 3191 2303 3245 in
2334 3178 2376 3235 C

2335 3178 2376 3235 θ
2407 3178 2716 3258 διαλάθωσι·
2752 3206 2846 3257 καὶ
2891 3205 3019 3266 τοὺς
3067 3204 3165 3273 μὲν
3197 3205 3256 3256 ἐν
3299 3207 3367 3274 τῇ
3402 3178 3596 3276 πρώτῃ
3627 3203 3788 3273 βίγλᾳ
3821 3178 3984 3261 δνέαέ

744 3290 923 3345 tertiis
946 3290 1033 3344 his
1057 3291 1220 3343 etiam
1254 3289 1458 3358 plures.

816 3461 939 3516 102.
965 3460 1221 3517 Excubiis
1248 3461 1530 3532 praecipies
1562 3469 1622 3518 ut
1646 3477 1826 3533 neque
1853 3460 2099 3526 sedeant,
2131 3475 2309 3530 neque

745 3552 1030 3617 recubent,
1062 3550 1522 3620 quemadmodum
1558 3560 1717 3606 antea
1750 3552 1876 3605 alibi
1924 3550 2303 3619 praecepimus,

747 3647 808 3691 ut
859 3654 925 3693 ne
974 3640 1325 3693 socordiores
1374 3640 1426 3693 in
1469 3655 1527 3693 rc
1572 3639 1804 3709 gerenda
1838 3646 2086 3709 peccent.
2121 3637 2306 3692 Sessio

742 3728 888 3781 cnim
924 3735 980 3782 et
1008 3728 1311 3792 reculiatio,
1342 3743 1593 3782 somnum
1638 3728 1874 3782 maxime
1899 3727 2131 3782 alTerunt
2164 3746 2176 3779 ;
2209 3726 2303 3795 qui

742 3826 921 3871 autem
951 3816 1055 3871 hoc
1082 3815 1312 3879 faciunt,
1345 3816 1574 3886 vigilare
1602 3832 1709 3871 non
1758 3826 2011 3885 possunt.
2061 3814 2166 3869 Sed
2207 3830 2305 3869 ne-

742 3920 848 3973 que
870 3906 914 3959 si
946 3919 1042 3974 per
1076 3912 1244 3960 totam
1279 3914 1494 3959 noctein
1549 3920 1608 3960 se
1640 3906 1962 3974 vigilaturos
2014 3904 2303 3972 recipiant,

744 3995 851 4051 illis
902 3994 1097 4050 credas
1136 4002 1378 4049 :natura
1441 3998 1587 4050 enim
1612 3995 1759 4064 quod
1820 3994 1885 4047 ad
1940 4010 2000 4049 se
2069 3994 2305 4062 pertinet

743 4097 959 4152 semper
1010 4083 1262 4154 requirit,
1296 4092 1349 4137 et
1371 4096 1427 4136 tu
1454 4084 1601 4151 quod
1643 4084 1978 4137 tutissiunun
2034 4081 2179 4136 facto
2220 4089 2305 4135 est

743 4173 939 4237 facies,
973 4174 1017 4229 si
1063 4174 1312 4227 excubiae
1334 4174 1486 4237 {alias
1514 4174 1774 4228 excubias
1817 4173 2155 4241 excipientes
2207 4188 2305 4227 no-

739 4272 884 4320 ctem
916 4266 1308 4321 transmittant.

808 4469 931 4524 103.
962 4468 1199 4566 P‘edibus
1228 4468 1454 4566 omnino
1500 4469 1749 4566 excubia:
1795 4468 2105 4523 consistant
2141 4486 2153 4521 :
2192 4469 2305 4524 liazc
2335 4502 2384 4562 ο

1344 4468 1454 4522 ιίιιο
1500 4469 1749 4566 excubia:
1795 4468 2153 4566 consistant:
2192 4469 2305 4524 liazc
2335 4502 2384 4562 ο
2484 4503 2583 4566 ms.
2629 4495 2691 4547 Ἢ
2742 4494 2848 4563 γὰρ
2902 4494 2993 4547 ἐπὶ

735 4561 881 4619 enim
906 4560 1103 4630 pedum
1126 4560 1291 4614 statio
1314 4573 1565 4613 somnum
1595 4560 1834 4628 depellit,
1864 4560 2038 4629 magis
2061 4560 2299 4629 vigilan-

737 4660 821 4709 tes
850 4668 945 4709 eos
976 4656 1068 4724 qui
1110 4660 1260 4707 stant
1289 4652 1419 4707 facit
1451 4672 1463 4705 :
1498 4652 1585 4706 ubi
1613 4669 1739 4707 vero
1768 4653 1959 4708 lassati
1984 4652 2302 4722 latigatique

739 4754 891 4810 sunt,
926 4753 1350 4806 commutentur,
1372 4746 1696 4815 opportunis
1726 4746 2127 4816 descriptisque
2149 4747 2300 4803 horis

738 4837 938 4892 noctis.
973 4834 1089 4891 Nisi
1112 4836 1258 4889 enim
1298 4836 1585 4905 diligenter
1619 4836 1688 4889 ad
1714 4836 2050 4905 vigilandum
2078 4837 2299 4891 labora-

738 4927 937 4991 verint,
974 4934 1333 4996 naturamque
1360 4942 1390 4980 ιι
1441 4942 1637 4983 somno
1687 4926 2103 4994 rel‘renaverint,
2138 4929 2301 4984 facile

738 5020 807 5074 ab
835 5018 1088 5073 hostibus
1118 5019 1482 5073 trucidentur.

808 5110 931 5165 lOl.
967 5110 1155 5180 Itaque
1185 5111 1536 5181 exquirenda:
1559 5111 1753 5181 vigilia:
1782 5118 1931 5176 sunt,
1954 5111 2135 5168 ndeles
2166 5128 2301 5182 prae-

740 5201 869 5257 fecti
921 5201 1195 5265 mittendi,
1245 5203 1335 5272 qui
1380 5203 1563 5257 subito
1612 5203 1874 5258 excubias
1930 5203 2211 5268 invadant,
2246 5216 2301 5260 et

738 5290 1058 5361 pervideant
1087 5293 1545 5363 quemadmodum
1596 5300 1907 5357 serventur,
1939 5300 1993 5347 et
2023 5293 2300 5363 negligen-

2408 3295 2760 3363 ὀλιγωτέρους
2791 3294 2969 3356 ποιοῦ,
2998 3293 3125 3354 τοὺς
3152 3292 3208 3345 δὲ
3252 3292 3391 3361 μετά
3422 3293 3661 3353 ἐκείνους
3688 3294 3746 3345 ὲν
3770 3293 3837 3360 τῇ
3863 3289 3983 3342 δευ-

2407 3385 2541 3455 τέρᾳ
2572 3384 2791 3446 πλείους
2815 3425 2829 3448 ,
2863 3384 2955 3436 καὶ
2985 3383 3111 3445 τοὺς
3141 3383 3198 3434 ὶν
3231 3384 3299 3452 τῇ
3324 3383 3481 3453 τρίτῃ
3513 3382 3592 3434 ἔτι
3628 3381 3871 3444 πλείους.

2480 3474 2579 3545 pf}.
2615 3473 2766 3543 Μηδὲ
2818 3472 3083 3536 καθίζειν,
3136 3472 3275 3542 μήτε
3320 3470 3703 3525 ἀνακλίνεσθαι
3736 3472 3864 3533 τοὺς
3898 3470 3985 3540 βι-

2408 3563 2699 3633 γλεύοντας
2723 3563 3095 3635 παράγγελλε,
3127 3563 3380 3632 καθάπερ
3407 3565 3501 3618 καὶ
3529 3564 3587 3616 ὲν
3616 3564 3829 3635 ἑτέροις
3853 3567 3985 3636 περὶ

2408 3659 2596 3711 τούτου
2627 3673 2711 3708 σοι
2743 3654 3214 3727 παρηγγείλαμεν,
3246 3655 3333 3707 ἴνα
3361 3654 3438 3725 μὴ
3468 3654 3843 3726 ῥᾳθυμότερον
3888 3656 3984 3709 τοῦ

2408 3747 2569 3816 ἔργου
2599 3746 2777 3800 αὐτῶν
2803 3747 3089 3816 γινομένου
3123 3747 3451 3800 ἀπόλωνται·
3488 3746 3586 3801 καὶ
3637 3746 3745 3817 γάρ
3773 3748 3806 3815 ἡ
3844 3748 3983 3800 καθ-

2416 3839 2548 3908 έδρα
2591 3838 2683 3891 καὶ
2706 3839 2741 3909 ἠ
2764 3837 3045 3899 ἀνάκλισις
3078 3836 3247 3890 ὕπνον
3293 3835 3526 3905 μάλιστα
3570 3835 3749 3907 φέρει.
3792 3837 3905 3889 Καὶ
3934 3839 3982 3887 οἱ

2407 3928 2564 3981 τοῦτο
2595 3928 2893 3991 ποιοῦντες,
2928 3928 3229 3997 ἀγρυπνεῖν
3254 3927 3315 3980 οὐ
3354 3926 3624 3981 δύνανται·
3659 3926 3797 3979 ἀλλά
3848 3928 3983 3997 μηδὲ

2408 4019 2503 4072 ὲάν
2530 4017 2969 4086 ὲπαγγέλλωνταί
2991 4034 3136 4080 τινες
3153 4017 3219 4070 δι’
3241 4017 3369 4087 ὅλης
3391 4017 3490 4087 τῆς
3513 4016 3704 4079 νυκτὸς
3730 4019 3980 4087 κρατεῖν,

2408 4110 2669 4181 πιστεύης
2691 4110 2903 4170 αὐτοῖς·
2939 4111 2973 4179 ἡ
3000 4108 3107 4179 γάρ
3134 4109 3295 4177 φύσις
3332 4108 3393 4162 τὸ
3423 4107 3552 4161 ίδιον
3585 4108 3858 4177 ἐπιζητεῖ,
3890 4110 3982 4161 καὶ

2409 4202 2473 4255 σὺ
2505 4201 2601 4270 τὴν
2629 4200 2927 4267 ἀσφάλειαν
2971 4199 3061 4252 διά
3087 4199 3184 4267 τῆς
3211 4199 3321 4252 τῶν
3354 4198 3555 4268 βιγλῶν
3583 4198 3835 4267 διαδοχῆς
3866 4216 3983 4251 ποι-

2409 4291 2587 4344 εῖσθαι
2643 4292 2717 4361 μὴ
2767 4289 2997 4362 ἀμελῇς,
3030 4289 3282 4344 ἵστασθαι
3338 4291 3396 4344 δὲ
3446 4290 3572 4354 τοὺς
3633 4290 3981 4359 βιγλεύοντας

2409 4384 2644 4445 πάντως.

3055 4494 3152 4563 τῆς
3203 4493 3307 4562 γῆς
3354 4492 3543 4556 στάσις
3572 4493 3832 4562 μαραίνει
3888 4493 3980 4546 rev

2412 4580 2579 4632 ὕπνον
2608 4579 2700 4631 καὶ
2733 4579 2934 4648 μᾶλλον
2952 4578 3289 4650 ἑγρηγόρους
3307 4579 3433 4642 τοὺς
3461 4581 3785 4648 ἱσταμένους
3813 4584 3979 4634 ποιεῖ.

2412 4672 2580 4723 Ὅταν
2605 4669 2659 4721 δὲ
2690 4671 2868 4740 χρεία,
2900 4671 3020 4722 τότε
3047 4670 3394 4733 κοπωθέντας
3440 4670 3806 4725 ἀλλάσσεσθαι
3842 4674 3985 4725 κατά

2409 4763 2507 4824 τὰς
2535 4761 2759 4825 δεούσας
2785 4762 2883 4831 τῆς
2913 4760 3101 4824 νυκτδς
3124 4761 3567 4831 διαμερισθείσας
3594 4763 3785 4826 αὐτοῖς
3809 4763 3979 4834 ὧρας.

2408 4856 2469 4908 Εἰ
2518 4853 2623 4924 γὰρ
2661 4851 2736 4922 μὴ
2785 4852 3144 4923 φροντίσωσιν
3198 4852 3473 4922 ἐπιμελῶς
3496 4854 3643 4916 ὅπως
3694 4855 3984 4924 ἀγρυπνή-

2408 4960 2542 4997 σωσι
2571 4943 2669 5012 τὴν
2705 4943 2867 5011 φύσιν
2913 4943 3049 5005 τέως
3081 4942 3176 4996 τοῦ
3219 4942 3387 4996 ὕπνου
3421 4943 3848 5012 χαλινώσαντες,
3886 4948 3984 5016 ρᾳ-

2397 5034 2524 5095 δίως
2553 5033 2619 5085 ἂν
2657 5033 2809 5100 παρὰ
2836 5032 2947 5087 τῶν
2977 5032 3189 5103 ἐχθρῶν
3218 5032 3574 5087 ἀπολοῦνται.

2470 5122 2567 5194 ρδ’.
2602 5123 2693 5176 Διὸ
2717 5124 2823 5194 χρή
2860 5140 2921 5176 σε
2972 5112 3298 5191 καταζητεῖν
3342 5124 3440 5188 τὰς
3480 5124 3671 5195 βῖγλας
3706 5128 3803 5179 καὶ
3835 5127 3983 5189 ὅπως

2397 5216 2671 5282 γίνονται,
2723 5216 2819 5268 καὶ
2868 5215 3107 5285 πέμπειν
3149 5215 3275 5277 τοὺς
3329 5216 3684 5286 πιστοτέρους
3706 5218 3821 5286 (54)
3874 5218 3983 5270 τῶν

2395 5307 2671 5376 ἀρχόντων
2705 5306 2830 5369 τοὺς
2875 5305 3187 5375 ὀφείλοντας
3236 5305 3602 5375 αἰφνιδιάσαι,
3652 5309 3749 5361 καὶ
3776 5308 3981 5361 ἐπιδεῖν

2226 5477 2457 5534 ΝΟΤΛΕ.

808 5588 922 5653 (51)
956 5591 1285 5655 Σκούλκας.
1311 5592 1688 5657 Scriliclialtlr,
1727 5595 1977 5659 σκόλκας.

960 5662 1304 5733 Ῐοκοῖρωσιν.
1336 5662 1707 5722 Scrilicliatur.
1739 5666 2106 5733 ὀχυρώμασιν,

831 5727 920 5786 55)
960 5727 1272 5784 Ἁπόρτνων.
1308 5734 1678 5797 Scribclvatur,
1712 5727 2007 5790 ἀπιόντων.

2481 5601 2592 5667 (Ii/il
2633 5603 2774 5666 Tui't;
2796 5604 3208 5670 πιστοτέρους.
3244 5600 3617 5667 Seribcbatur,
3639 5603 3765 5665 τοὺς
3803 5602 3980 5655 creri-

2412 5687 2556 5740 ρους.
