4176 6442
185 413 283 478 941

1201 421 1529 483 TACTICA.
1573 452 1640 460 —
1672 425 2174 490 CONSTITUTIO
2197 430 2378 490 XVII.

3305 426 3410 488 91‘).

186 522 303 582 πῶς
343 510 505 572 αὗται
543 537 801 585 γινονται,
839 519 933 572 καὶ
963 522 1080 584 τοὺς
1133 525 1469 590 ἀμελοῦντας
1496 533 1754 599 τιμωρεῖ-

1861 541 1940 588 tes
1971 535 2270 603 puniantur
2305 553 2318 589 :
2348 535 2476 605 quia
2529 547 2779 603 magnum
2823 533 3137 602 imperatori
3191 549 3288 590 sua
3327 551 3418 592 ne-

188 610 310 661 σθαι
340 650 354 672 ,
387 612 461 674 ὡς
518 613 728 676 αίτίους
776 613 1010 683 μεγάλου
1044 615 1288 668 κινδύνου
1341 618 1418 687 τῷ
1469 621 1757 690 στρατηγῷ

1861 623 2111 695 gligcntia
2143 625 2386 682 inferunt
2414 627 2741 698 periculum.

187 700 531 768 γινομένους.

258 799 357 860 ρε’.
429 792 828 861 Ὑπολαμϐάνω
872 794 928 847 δὲ
973 796 1055 848 ὅτι
1103 798 1130 848 ὁ
1173 795 1436 867 ἔμπειρος
1499 799 1758 852 σκουλκά·

1926 798 2048 854 105.
2080 800 2382 859 Prudente:
2414 805 2662 860 excubiae
2694 803 3019 875 quibusdam
3047 804 3222 873 signis
3253 803 3431 873 priu‘s-

191 901 306 950 τωρ
336 883 558 936 δύναται
593 885 703 936 άπό
734 902 890 937 τινων
923 886 1187 955 σημείων,
1221 889 1316 940 καὶ
1345 887 1451 958 πρὸ
1483 888 1577 941 τοῦ
1631 890 1757 942 ίδεῖν

1861 901 2019 955 quam
2055 891 2277 948 videant
2325 895 2512 952 hostes
2548 897 2987 951 animadvertere
3018 896 3425 949 multitudinem

187 975 348 1028 αὑτὸν
388 977 517 1036 τοὺς
557 976 850 1044 πολεμίους
915 978 1249 1046 κατανοῆσαι
1293 979 1353 1032 τὸ
1426 980 1623 1050 μέτρον
1662 979 1756 1032 τοῦ

1861 980 2092 1037 hostium
2133 1001 2196 1040 ex
2221 1001 2488 1057 equorum
2524 989 2890 1044 collocatione
2929 995 2985 1044 et
3048 987 3249 1042 castris
3301 987 3424 1040 illo-

188 1067 426 1136 πλήθους
451 1067 629 1120 αὐτῶν
652 1068 716 1120 ἐκ
731 1068 831 1136 τῆς
877 1068 985 1121 τῶν
1008 1069 1189 1122 ἵππων
1217 1069 1397 1125 αὐτῶν
1423 1071 1755 1134 συστάσεως,

1857 1087 1974 1126 rum
2009 1087 2255 1144 possunt.

188 1160 280 1210 καὶ
296 1160 363 1213 ὲκ
388 1159 497 1213 τῶν
518 1159 798 1213 ἀπλίκτων
824 1160 1026 1213 αὐτῶν
1053 1161 1274 1216 δύναται
1295 1164 1351 1216 δὲ
1370 1163 1575 1217 καὶτὸν
1593 1163 1782 1234 χρόνον
1813 1169 2175 1237 στοχάσασθαι
2207 1191 2337 1227 ποτε
2365 1174 2454 1228 διὰ
2488 1172 2582 1228 τοῦ
2632 1174 2798 1227 τόπου
2829 1173 3114 1246 παρελθὼν
3187 1174 3252 1226 ἐκ
3325 1171 3430 1242 τῆς

187 1248 297 1300 τῶν
327 1248 511 1299 ἵππων
541 1249 635 1302 καὶ
659 1248 766 1301 τῶν
801 1249 1105 1319 ἀνθρώπιον
1134 1252 1360 1321 κόπρου.

261 1339 375 1410 ρς·’.
422 1342 548 1394 Ἐὰν
577 1342 633 1394 δὲ
681 1343 949 1410 φοσσάτον
996 1346 1230 1416 ποιήσῃς
1257 1389 1271 1410 ,
1305 1348 1474 1416 ήγουν
1519 1347 1757 1417 χάρακα,

190 1433 284 1485 καὶ
313 1433 347 1500 ἢ
380 1433 572 1502 τάφρῳ
599 1432 632 1502 ἢ
659 1432 1054 1502 οἰκοδομήματι
1082 1434 1366 1505 ὀχυρώσῃς
1394 1435 1548 1499 αὐτὸ,
1591 1438 1624 1505 ή
1656 1453 1759 1488 τινι

193 1525 359 1593 ἑτέρᾳ
386 1523 486 1595 ὖλῃ
507 1564 521 1587 ,
553 1523 676 1594 δόξῃ
714 1541 796 1577 σοι
821 1525 878 1576 δὲ
923 1525 1124 1579 ἔσωθεν
1147 1527 1461 1595 εἰσαγαγεῖν
1505 1529 1631 1590 τοὺς
1655 1545 1758 1582 κα-

187 1617 534 1687 σαλλαρὶους,
569 1616 643 1686 μὴ
666 1617 800 1670 πολὺ
830 1618 937 1670 ἀπὸ
962 1618 1346 1687 διαστημάτων
1398 1622 1629 1690 ποιήσῃς
1660 1623 1759 1681 τὰς

187 1708 402 1777 βέγλας,
440 1709 523 1760 ἵνα
556 1708 630 1777 μὴ
670 1708 1060 1778 συντρίϐωνται
1088 1709 1333 1780 ἀκαίρως
1368 1711 1416 1764 οἱ
1452 1712 1629 1764 ἵπποι.

261 1799 360 1868 ρξ’.
415 1801 638 1862 Πάντως
663 1800 718 1852 δὲ
756 1799 881 1863 τοὺς
915 1802 1303 1871 πεμπομένους
1341 1805 1434 1855 ἐπὶ
1483 1804 1756 1856 σκούλκαν

187 1890 585 1961 παραγγέλλῃς
611 1889 749 1945 ὥστε
767 1892 1047 1962 ζωγρῆσαί
1063 1910 1204 1957 τινα,
1224 1894 1318 1946 καὶ⁵
1335 1893 1519 1962 ῶσπερ
1541 1897 1629 1948 ἐπὶ
1650 1896 1760 1948 τῶν

185 1983 462 2050 κυνηγίων
485 1981 659 2044 οὕτως
684 1982 964 2052 σχολάζειν
1001 1984 1095 2036 καὶ
1113 1984 1435 2047 σπουδάζειν
1455 1986 1593 2040 ὥστε
1621 2005 1757 2057 προ-

185 2073 562 2139 σκουλκεύειν,
593 2075 688 2127 καὶ
711 2075 1048 2143 ἀσυμφανῶς
1066 2077 1159 2128 καὶ
1188 2076 1480 2144 ἀγνώστως
1510 2079 1635 2140 τοὺς
1660 2077 1759 2146 μὲν

183 2167 253 2219 δι’
284 2167 464 2236 ὅψεως
511 2167 798 2236 φαίνεσθαι
831 2166 1046 2236 όλίγους
1104 2168 1264 2232 όντας
1291 2173 1386 2224 καὶ
1428 2172 1755 2240 ὑποχωρεῖν,

183 2259 378 2321 ἄλλους
404 2260 461 2312 δὲ
494 2260 908 2330 κεκρυμμένους
960 2261 1054 2313 καὶ
1106 2263 1332 2330 ἀφανῶς
1376 2262 1754 2316 κατακυκλοῦν

185 2351 324 2419 πρὸς
361 2351 462 2418 τὴν
509 2349 620 2403 τῶν
670 2351 851 2406 τόπων
888 2353 1306 2424 ἐπιτηδειότητα
1330 2372 1344 2386 °
1390 2356 1485 2409 καὶ
1517 2355 1754 2425 ἀλλαχοῦ

187 2442 287 2510 μὲν
313 2440 578 2493 δεικνύειν
611 2440 734 2510 ὄψιν
779 2442 875 2495 καὶ
921 2443 1119 2510 μόνως,
1155 2444 1422 2513 ἑτέρωθεν
1448 2445 1504 2498 δὲ
1531 2446 1759 2515 ἐπέρχε-

185 2531 311 2584 σθαι
344 2532 481 2600 μετά
533 2532 795 2585 πλειόνων
839 2533 1144 2601 λεληθότως
1179 2535 1272 2588 καὶ
1301 2536 1754 2604 διανυκτερεύειν,

187 2624 426 2692 μάλιστα
473 2626 602 2678 ὅταν
638 2624 914 2694 μακρόθεν
940 2623 1189 2678 δοκοῦσιν
1213 2621 1351 2677 εἶναι
1398 2626 1448 2677 οἱ
1485 2626 1758 2694 πολέμιοι,

183 2716 316 2769 ὅταν
345 2715 465 2768 οὐδὲ
496 2716 753 2769 ὑπόνοιαν
775 2715 940 2786 ἔχωσι
960 2714 1150 2768 τούτου
1187 2714 1281 2769 τοῦ
1318 2715 1618 2786 δράματος.

259 2904 367 2967 ρη’.
441 2897 553 2959 Τὰς
607 2896 664 2948 δὲ
721 2896 1016 2966 γινομένας
1069 2895 1260 2964 βίγλας
1298 2894 1372 2964 μὴ
1427 2894 1587 2964 μόνον
1636 2895 1760 2958 τοὺς

185 2990 464 3052 ἐναντίους
493 2989 569 3058 μὴ
617 2987 814 3041 εἰδέναι
848 2988 1032 3053 καλὸν,
1069 2989 1206 3040 ἀλλά
1246 2987 1382 3058 μηδὲ
1416 2988 1542 3050 τοὺς
1573 2988 1758 3050 ἰδίους,

1931 1350 2052 1404 106.
2091 1351 2146 1405 Si
2176 1352 2436 1407 fossatum
2470 1354 2687 1416 feceris,
2727 1360 2819 1407 ant
2849 1352 3069 1414 vallmn,
3090 1360 3143 1407 et
3169 1352 3249 1406 vel
3277 1351 3424 1406 fossa

1859 1443 2376 1499 circummunivcris
2431 1446 2587 1507 illud,
2651 1446 2734 1498 vel
2776 1445 2956 1512 aliqua
3011 1444 3114 1496 alia
3174 1443 3424 1504 materia,

1858 1532 2256 1603 decretumque
2287 1546 2369 1590 est
2403 1537 2616 1604 equites
2661 1536 2802 1588 intra
2833 1534 3095 1588 fossatum
3128 1532 3427 1590 deducere,

1860 1639 1928 1678 ne
1963 1624 2123 1692 longo
2154 1625 2438 1679 intervallo
2471 1625 2537 1677 ah
2561 1626 2669 1679 illis
2696 1624 2955 1678 excubias
2982 1620 3336 1690 disjuuxeris,
3371 1627 3430 1673 ut

1782 1739 1830 1796 Β
1860 1731 1927 1770 ne
1967 1717 2275 1785 importune
2305 1718 2430 1786 equi
2459 1717 2787 1784 afﬂigantur.

1933 1807 2055 1862 107.
2086 1808 2177 1862 Eis
2206 1808 2299 1877 qui
2352 1807 2418 1860 ad
2471 1806 2735 1861 excubias
2783 1805 3111 1873 emittuntur
3133 1801 3432 1873 praecipies:

1863 1908 1924 1954 ut
1953 1901 2172 1970 capiant
2208 1899 2422 1968 aliquos
2453 1914 2518 1953 ex
2557 1896 2808 1952 hostibus
2835 1895 3008 1958 vivos,
3046 1895 3092 1947 si
3147 1903 3378 1962 possunt
3412 1903 3427 1941 :

1860 2003 1916 2048 et
1961 1992 2424 2062 quemadmodum
2483 1992 2537 2044 in
2587 1991 2860 2053 venando,
2920 1988 3002 2042 sic
3060 1997 3331 2040 conentur
3371 1992 3428 2040 et

1861 2086 2119 2140 studeant
2169 2084 2433 2140 excubias
2483 2089 2610 2136 ante
2645 2095 2806 2150 agere
2856 2079 3074 2144 occulte
3116 2088 3170 2132 et
3201 2077 3429 2130 clancu-

1862 2180 2074 2244 lum,ut
2103 2178 2160 2232 hi
2190 2177 2412 2248 quidem
2449 2174 2542 2243 qui
2588 2172 2748 2242 pauci
2781 2178 2912 2227 sunt
2955 2171 3012 2224 in
3073 2176 3427 2237 conspectum

1861 2269 2039 2324 solum
2069 2265 2314 2330 veniant,
2339 2271 2394 2318 et
2422 2260 2711 2317 discedant
2743 2261 2965 2322 iterum,
3000 2257 3090 2311 alii
3113 2263 3296 2311 autem
3332 2256 3428 2308 ab-

1859 2360 1960 2414 diti
2013 2372 2113 2428 pro
2165 2357 2412 2413 locorum
2477 2353 2867 2409 commoditate
2911 2349 3191 2406 includere
3237 2363 3333 2404 eos
3381 2347 3428 2402 si

1860 2455 2110 2520 possunt,
2143 2455 2435 2510 conentur,
2461 2453 2622 2514 atque
2651 2457 2760 2497 uno
2791 2442 2844 2496 in
2880 2441 3000 2494 loco
3034 2453 3093 2494 se
3116 2447 3329 2492 tantum
3365 2451 3432 2492 ac

1862 2541 1908 2596 si
1947 2539 2103 2606 pauci
2133 2545 2316 2593 essent
2340 2537 2740 2596 demonstrare,
2777 2533 2886 2586 alio
2911 2547 2978 2586 ex
3007 2533 3127 2585 loco
3149 2545 3275 2584 cum
3308 2529 3431 2598 plu-

1863 2628 2014 2684 ribus
2057 2626 2365 2681 clanculum
2405 2624 2686 2688 invadere,
2717 2631 2772 2676 et
2819 2627 3162 2691 pernoctent,
3197 2618 3431 2670 maxime

1861 2719 2078 2789 quando
2126 2718 2312 2770 hostes
2363 2715 2580 2770 eminus
2638 2713 2863 2778 fuerint,
2900 2721 2953 2767 et
2979 2711 3296 2780 opinionem
3331 2708 3432 2761 ali-

1861 2809 2021 2878 cujus
2049 2809 2174 2862 talis
2203 2805 2330 2860 facti
2365 2805 2681 2860 habuerint.

1938 2898 2063 2953 £08.
2096 2897 2369 2952 Excubias
2404 2905 2527 2952 tuas
2559 2911 2668 2950 non
2701 2893 2866 2949 modo
2893 2892 3081 2948 hostes
3108 2891 3208 2956 tui,
3234 2888 3327 2944 sed
3364 2903 3432 2942 ne

1867 2990 2068 3044 milites
2099 2989 2198 3055 tui,
2229 2989 2274 3043 si
2309 2987 2424 3043 fieri
2456 2988 2653 3057 possit,
2686 2993 3009 3056 agnoscant,
3035 2993 3093 3037 ut
3130 2982 3177 3038 si
3210 2980 3429 3050 quidam

183 3080 472 3132 λανθάνειν
497 3079 554 3131 δὲ
587 3080 681 3131 καὶ
708 3078 800 3130 τὸν
838 3079 929 3130 σὸν
951 3080 1201 3148 στρατὸν,
1238 3079 1323 3131 ἵνα
1357 3080 1451 3130 ὲάν
1481 3095 1649 3140 τινες,
1683 3078 1757 3137 ὼς

1865 3080 2152 3151 profugere
2185 3080 2251 3134 ad
2303 3080 2491 3134 hostes
2541 3089 2666 3132 tuos
2720 3077 3014 3139 voluerint,
3057 3073 3437 3142 imprudentes

181 3171 354 3235 εἰκὸς,
397 3173 733 3240 προσφυγεῖν
779 3171 894 3232 τοῖς
935 3169 1151 3240 ἐχθροῖς
1191 3170 1523 3240 βουληθῶσιν
1554 3171 1617 3222 ὲκ
1664 3169 1758 3223 τοῦ

184 3262 445 3332 στρατοῦ,
485 3263 762 3330 ἀδοκήτως
794 3261 1022 3323 ταύταις
1047 3264 1446 3331 περιπέσωσιν.
1539 3269 1550 3276 ’

257 3353 361 3424 ρθ’.
437 3356 563 3409 Ἐὰν
598 3356 655 3408 δὲ
712 3356 979 3425 βουληθῇς
1051 3357 1433 3418 κατασκόπους
1486 3356 1758 3426 κρατῆσαι

181 3444 294 3497 τῶν
327 3444 556 3514 ἐχθρῶν,
587 3444 704 3497 δέον
735 3461 794 3497 σε
817 3444 1090 3514 θαρρῆσαι
1122 3448 1234 3508 τοῖς
1265 3446 1497 3514 ἄρχουσι
1536 3445 1596 3497 τὸ
1620 3447 1760 3514 πρᾶ-

181 3552 323 3605 γμα,
360 3535 444 3586 ἵνα
469 3536 702 3599 ἕκαστος
763 3537 877 3597 τοῖς
930 3535 1023 3588 ὑπ’
1055 3536 1220 3590 αὑτὸν
1272 3535 1632 3604 στρατιώταις
1669 3536 1761 3588 καὶ

180 3630 297 3689 τοῖς
356 3628 563 3689 λοιποῖς
591 3627 968 3698 παραγγέλλῃ,
1019 3628 1097 3679 ’ὁτι
1125 3626 1301 3695 Τυχὸν
1339 3630 1404 3697 τῇ
1435 3627 1569 3695 ἑξῆς
1629 3630 1757 3697 περὶ

181 3718 444 3788 δευτέραν
487 3719 519 3790 ἢ
551 3718 739 3787 τρίτην
767 3717 918 3787 ὥραν
942 3719 1038 3787 τῆς
1068 3718 1279 3787 ἡμέρας
1314 3719 1454 3771 κατὰ
1494 3719 1592 3787 τὴν
1611 3718 1758 3787 πρώ-

185 3825 288 3878 την
319 3807 501 3876 φωνὴν
545 3806 641 3860 τοῦ
672 3807 941 3876 βουκενου,
971 3809 1080 3859 εἴτε
1109 3807 1470 3877 στρατιώτης,
1496 3808 1606 3861 εἴτε
1632 3811 1757 3872 παῖς

183 3901 360 3961 ἐστιν,
382 3898 614 3960 ἕκαστος
650 3900 731 3961 εἰς
760 3899 859 3969 τὴν
891 3900 1026 3950 ἰδίαν
1059 3900 1251 3952 τένταν
1275 3901 1361 3952 ἵνα
1393 3901 1631 3970 εἰσέλθῃ.
1669 3903 1761 3954 καὶ

187 3991 381 4061 μηδεὶς
409 3991 660 4061 τολμήσῃ
693 3989 892 4054 ἔξωθεν
927 3990 1031 4057 τῆς
1073 3992 1264 4053 τέντας
1290 3992 1604 4060 εὑρεθῆναι,
1639 3993 1762 4045 ἐπεὶ

184 4081 602 4149 σωφρονίζεται.
632 4082 740 4133 Καὶ
768 4081 906 4151 μετά
932 4082 992 4134 τὸ
1021 4087 1228 4144 πάντας
1257 4083 1542 4148 είσελθεῖν,
1563 4087 1762 4147 αὐτοὺς

182 4173 312 4233 τοὺς
368 4171 630 4241 ἄρχοντας
660 4171 847 4240 μένειν
886 4171 1086 4238 ἔξωθεν
1116 4173 1224 4227 τῶν
1268 4173 1468 4226 τεντῶν
1497 4175 1591 4226 κοιλ¹
1623 4174 1760 4226 θεω-

185 4265 304 4333 ρεῖν
324 4301 339 4324 ,
369 4263 456 4314 ἵνα
496 4263 654 4327 ὅσους
707 4262 908 4328 ἔξωθεν
945 4262 1053 4316 τῶν
1082 4263 1286 4316 τεντῶν
1317 4264 1551 4334 εὖρωσιν
1586 4267 1758 4329 αὐτοὶ,

1863 3176 1916 3230 iu
1947 3174 2210 3230 excubias
2249 3181 2373 3229 tuas
2417 3169 2682 3225 incidant.

1933 3361 2054 3414 £09.
2114 3359 2171 3413 Si
2237 3359 2473 3414 hostium
2536 3357 2912 3426 speculatores
2959 3367 3157 3422 capere
3215 3350 3431 3412 studes.

1861 3451 2380 3505 communicandum
2422 3464 2546 3504 eum
2591 3448 2819 3516 reliquis
2868 3445 3141 3516 praefectis
3185 3443 3294 3497 luis
3330 3443 3434 3496 hoe

1864 3541 2138 3608 negotium
2171 3547 2275 3601 est,
2311 3547 2369 3591 ut
2402 3537 2783 3606 unusquisque
2833 3536 3099 3589 militibus
3143 3534 3258 3589 suis
3304 3531 3435 3585 reli-

1862 3633 2097 3702 quisque
2122 3631 2403 3700 przecipiat
2435 3631 2500 3681 ad
2528 3630 2717 3681 horam
2748 3627 2852 3682 diei
2879 3627 3177 3682 secundam
3204 3633 3298 3677 aut
3321 3634 3431 3678 ter-

1863 3722 2014 3784 tiam,
2053 3730 2105 3772 et
2140 3718 2206 3771 ad
2259 3717 2502 3771 buccina:
2553 3717 2787 3784 primum
2822 3716 3082 3779 sonitum,
3116 3714 3230 3768 sive
3280 3712 3436 3766 miles

1862 3813 1976 3866 sive
2007 3810 2327 3863 administer
2347 3809 2442 3869 sit,
2463 3807 2664 3877 singuli
2703 3807 2767 3860 ad
2798 3821 2894 3860 sua
2925 3806 3157 3860 tentoria
3189 3805 3432 3866 veniant,

1863 3915 2133 3968 nemoque
2164 3898 2358 3951 audeat
2397 3907 2549 3951 extra
2597 3895 2830 3950 tentoria
2871 3910 3016 3956 esse,
3050 3880 3117 3949 ne
3164 3891 3436 3961 supplicio

1864 3978 2296 4059 constringatur.
2341 3988 2442 4043 Ubi
2473 4002 2667 4041 omnes
2696 3986 2930 4055 ingressi
2966 3985 3019 4037 in
3068 3983 3303 4036 tentoria
3336 3995 3436 4036 sua

1866 4081 2093 4141 fuerint,
2121 4077 2358 4148 praafecti
2402 4076 2536 4130 foris
2595 4084 2874 4139 maneant,
2907 4081 2962 4127 et
3017 4074 3060 4127 si
3110 4088 3250 4142 quos
3285 4070 3437 4124 vide-

1865 4173 1976 4226 rint
2025 4172 2180 4235 foris,
2215 4184 2310 4223 eos
2354 4167 2842 4236 comprehendant.
2901 4167 3008 4219 Eos
3063 4180 3193 4218 vero
3232 4163 3324 4232 qui
3384 4162 3442 4215 in

1864 4262 2098 4316 tentoria
2153 4258 2556 4326 ingrediuntur,
2629 4254 3064 4324 unumquodque
3137 4252 3437 4306 contuber-

184 4357 531 4426 κρατήσωσιν
567 4354 782 4417 αύτούς.
821 4355 958 4417 Τοὺς
979 4355 1057 4418 δὲ,
1092 4355 1168 4418 ώς
1222 4357 1395 4420 εἰκὸς,
1434 4358 1752 4427 εἰσερχομέ-

1864 4354 2014 4407 nium
2046 4350 2245 4418 capiet,
2275 4356 2330 4402 et
2390 4362 2491 4401 suo
2541 4346 2798 4415 praefecto
2832 4345 3030 4398 tradet.
3080 4343 3261 4399 Unum
3294 4342 3440 4395 enim

179 4465 306 4510 νους
341 4448 421 4511 είς
465 4447 564 4508 τὰς
595 4446 804 4509 τέντας,
837 4447 886 4498 οί
905 4445 1017 4521 τῶν
1048 4446 1471 4516 κοντουϐερνίων
1503 4449 1744 4517 συλλαμ-

179 4540 458 4602 ϐάνονται,
513 4537 608 4590 καὶ
674 4537 1007 4606 κρατήσουσι
1064 4538 1158 4589 καὶ
1217 4538 1615 4609 παραδώσουσιῗ
1675 4540 1752 4611 τῷ

183 4630 300 4700 ίδίῳ
335 4629 578 4698 ἄρχοντι.
619 4626 716 4678 Ἓν
756 4625 866 4696 γὰρ
907 4627 1115 4694 γίνεται
1137 4626 1244 4678 τῶν
1289 4625 1383 4679 δύο
1413 4629 1491 4688 είς
1524 4628 1618 4680 τὸν
1658 4645 1755 4682 κα-

180 4722 473 4774 τάσκοποψ
513 4717 684 4788 ἢγάρ
733 4715 933 4782 εξωθεν
987 4717 1276 4786 ίστάμενος
1341 4717 1628 4786 συνέχεται
1680 4718 1756 4781 ώς

183 4813 256 4883 μὴ
285 4810 444 4873 εἰδὼς
462 4807 564 4861 ποῦ
601 4808 852 4860 ἀπελθεῖν
878 4825 892 4839 ·
923 4807 955 4878 ἢ
983 4810 1097 4871 καὶ,
1128 4809 1204 4869 ὡς
1225 4808 1393 4873 είκὸς,
1427 4809 1520 4861 ἐὰν
1552 4809 1759 4882 θαρῤήο

1858 4460 1889 4499 e
1919 4443 2135 4497 duobus
2166 4454 2392 4494 necesse
2421 4447 2506 4492 est
2533 4437 2646 4492 fieri
2685 4454 2696 4489 :
2737 4437 2820 4490 vel
2859 4445 2917 4489 ut
2947 4435 3084 4501 foris
3125 4434 3444 4504 speculator

1862 4544 2098 4596 maneat,
2139 4541 2195 4587 et
2233 4531 2442 4586 nesciat
2470 4544 2580 4600 quo
2619 4545 2679 4584 se
2721 4527 2975 4583 conferre
3022 4527 3237 4591 debeat,
3271 4525 3350 4579 vel
3392 4521 3444 4580 si

1864 4625 2074 4696 ingredi
2124 4625 2323 4677 audeat
2389 4636 2513 4675 cum
2579 4619 2765 4688 aliquo
2826 4616 3213 4680 contubernio,
3281 4614 3443 4684 quasi

1866 4720 2065 4787 hospes
2111 4722 2502 4786 cognoscatur,
2547 4722 2600 4767 et
2647 4709 3000 4766 contubernii
3034 4707 3294 4778 praefecto
3327 4717 3442 4761 tra-

1865 4809 2047 4863 datur.

182 4921 246 4974 σῃ
278 4899 543 4955 εἰσελθεῖν
586 4898 642 4952 ἐν
687 4914 793 4952 τινι
836 4900 948 4952 τῶν
997 4901 1440 4970 κοντουόερνίων,
1476 4901 1552 4964 ὼς
1595 4901 1744 4967 ξένος
1806 4899 2258 4969 ἐπιγινώσκεται,
2314 4899 2408 4951 καὶ
2464 4894 2818 4966 παραδίδοται
2893 4893 2972 4962 τῷ
3048 4893 3269 4963 ἄρχοντι
3349 4890 3442 4944 τοῦ

180 4991 611 5062 κοντουΰερνίου.

247 5086 340 5158 ρι’.
371 5086 588 5148 Πάντας
634 5081 728 5139 οὖν
773 5085 902 5147 τοὺς
953 5084 1204 5138 ὁπωσοῦν
1254 5085 1395 5138 κατά
1431 5086 1622 5139 τοῦτον
1661 5086 1751 5139 τὸν

1921 5084 2043 5136 HO.
2073 5082 2277 5137 Omnes
2314 5088 2495 5134 autem
2525 5078 2616 5148 qui
2672 5077 2776 5131 hoc
2831 5074 2993 5128 modo
3051 5073 3437 5135 inveniuntur,

177 5181 376 5247 τρόπον
408 5178 826 5247 εὑρισκομένους
859 5177 940 5229 δεῖ
969 5177 1321 5247 κρατεῖσθαι,
1346 5177 1457 5230 εῐτε
1493 5177 1750 5246 Ῥωμαῖοι

1861 5179 2061 5249 exquiri
2095 5189 2257 5246 atque
2274 5175 2576 5231 examinari
2617 5181 2850 5243 oportet,
2879 5171 2995 5224 sive
3028 5167 3284 5232 Romani,
3321 5168 3438 5222 sive

178 5269 428 5323 δοκοῦσιν
473 5263 635 5331 εἶναι,
688 5267 800 5319 εἴτε
846 5266 1174 5335 ἀλλογενεῖς,
1222 5269 1318 5322 καὶ
1375 5268 1749 5333 ἐξετάζεσθαι,

181 5361 318 5414 ὥστε
347 5359 556 5412 ἐκεῖθεν
589 5341 942 5428 εὑρίσκεσθαι
977 5359 1074 5429 τὴν
1103 5359 1387 5428 ἀλήθειαν.

249 5449 380 5521 ρια¹.
418 5449 590 5503 Τοῦτο
625 5451 686 5504 δὲ
717 5451 926 5518 γίνεται
959 5451 1053 5504 καὶ
1086 5453 1142 5504 ὲν
1188 5451 1441 5521 φοσσάτῳ
1470 5455 1748 5522 συνηγμέ-

181 5561 267 5596 νου
294 5540 530 5612 στρατοῦ
558 5543 591 5614 ἢ
626 5541 854 5606 πεζικοῦ
885 5544 918 5616 ἢ
975 5542 1377 5613 καῦαλλαρικοῦ
1412 5544 1755 5613 ἐπιτηδείως,

182 5635 378 5704 ὁμοίως
408 5635 465 5687 δὲ
497 5636 592 5688 καὶ
622 5637 763 5688 κατά
806 5636 868 5688 τὸ
905 5637 1069 5707 μέρος
1104 5639 1546 5708 μεμερισμένως,
1582 5639 1614 5708 ἢ
1653 5640 1752 5692 πά-

184 5727 262 5778 λιν
290 5725 435 5778 κατα
473 5727 657 5795 τάγμα
681 5727 1102 5783 ἀπλικευόντων.

254 5817 377 5888 ριβ’.
411 5819 622 5872 Γίνεται
652 5819 706 5872 δὲ
728 5819 818 5874 καὶ
836 5818 901 5872 δι’
923 5820 1123 5890 ἐτέρων
1142 5821 1397 5876 τοιούτων
1423 5825 1512 5878 καὶ
1551 5821 1751 5891 ὁμοίων

1849 5270 2170 5339 alienigenae
2203 5266 2434 5330 fuerint,
2489 5273 2652 5334 atque
2698 5263 2835 5317 adeo
2888 5259 3170 5317 veritatem
3218 5259 3286 5312 ab
3330 5257 3440 5311 illis

1847 5377 2042 5432 quaeri.

1929 5454 2050 5508 Ill.
2103 5451 2225 5506 llaec
2278 5465 2368 5506 res
2427 5448 2542 5504 fieri
2587 5447 2763 5516 possit
2812 5446 2866 5500 in
2931 5444 3195 5499 fossatum
3248 5449 3440 5496 coacto

1859 5545 2102 5599 exercitu
2134 5545 2217 5600 vel
2251 5542 2490 5613 pedestri
2530 5542 2614 5595 vel
2649 5539 2914 5609 equestri,
2945 5537 3026 5590 vel
3062 5534 3326 5603 dispersis
3353 5533 3438 5587 di-

1859 5639 2102 5706 visisque
2156 5636 2449 5706 separatim
2487 5642 2668 5687 castra
2712 5629 3066 5699 ponentibus,
3108 5625 3191 5679 vel
3243 5637 3437 5679 rursus

1859 5744 1954 5798 per
1987 5727 2244 5782 cohortes
2274 5732 2454 5780 castra
2480 5721 2832 5777 habentibus.

1932 5822 2054 5877 112.
2113 5821 2245 5874 Aliis
2290 5815 2618 5888 quibusdam
2676 5810 2992 5883 hujusmodi
3049 5819 3102 5866 et
3164 5806 3436 5865 similibus
