4176 6442
707 373 816 436 943

1930 364 2123 423 LEON
2137 364 2209 422 IS
2240 361 2697 421 PHILOSOPHI

3848 346 3961 411 944

708 484 885 553 signis
938 476 1172 535 diversis
1218 476 1601 547 prredictorum
1671 473 2070 543 speculatorum
2119 486 2269 525 com-

2397 469 2616 538 τημείων
2647 470 2918 537 διαφόρων
2963 467 2994 534 ή
3046 466 3341 532 ἐπίγνωσις
3382 463 3490 515 τῶν
3525 459 3832 531 εἰρημένων
3857 477 3961 512 καο

712 573 1001 643 prehensio
1038 585 1163 626 esse
1217 570 1377 632 solet,
1433 582 1555 637 quae
1634 566 1950 621 necessario
2000 563 2284 617 cllicicnda

709 674 878 727 sunt,
913 672 969 716 ut
1008 663 1226 717 diversa
1277 660 1433 727 signa
1490 666 1863 726 pmceplaqne
1906 655 2282 709 adhibeantur.

711 755 886 809 Simul
914 754 1057 808 enim
1088 753 1189 806 hoc
1220 750 1383 804 modo
1402 750 1776 818 speculatores
1811 748 2050 803 hostium
2094 753 2287 799 tenen-

711 861 821 907 tur,
857 856 911 900 et
962 844 1163 897 milites
1204 841 1481 912 praefectis
1532 842 1650 898 suis
1683 841 1906 896 obedire
1960 837 2284 902 assuefiunt,

707 948 762 991 et
787 939 1053 1005 imperata
1084 935 1303 989 illorum
1335 935 1580 989 studiose
1626 933 1828 995 facere,
1876 932 1921 986 si
1957 932 2040 985 vel
2076 929 2289 983 medio-

707 1028 873 1078 criter
901 1027 1241 1095 castigentur
1262 1026 1354 1093 qui
1384 1024 1722 1091 negligentes
1746 1023 2129 1076 mandatorum
2168 1020 2288 1074 fue-

709 1116 840 1169 rint.
881 1115 1100 1170 Sienim
1131 1116 1445 1168 mandatum
1488 1114 1706 1182 aliquod
1743 1114 1906 1169 detur
1948 1112 2219 1166 militibus
2258 1125 2288 1163 a

707 1209 986 1276 praefecto,
1014 1207 1105 1277 qui
1129 1207 1407 1261 curiosius
1446 1206 1498 1260 in
1542 1208 1648 1263 hoc
1687 1207 1934 1276 inquirit,
1967 1206 2013 1260 is
2042 1203 2291 1274 specula-

706 1297 793 1351 Ior
848 1298 1087 1352 hostium
1129 1297 1561 1367 deprehenditur
1618 1298 1832 1353 alienus
1886 1313 1917 1352 a
1971 1306 2203 1360 tessera,
2238 1303 2291 1349 et

706 1386 928 1442 socialis
951 1387 1228 1441 exercitus
1254 1388 1411 1455 signo
1431 1401 1648 1441 carens.

778 1653 901 1707 H5.
932 1650 1051 1705 Non
1090 1652 1189 1706 abs
1224 1667 1282 1706 re
1308 1650 1477 1706 fuerit
1508 1652 1714 1706 formas
1746 1662 1800 1708 et
1856 1654 2111 1707 mandata
2158 1654 2292 1707 dare

709 1745 1007 1809 militibus,
1037 1744 1261 1810 quando
1300 1744 1540 1796 maxime
1597 1754 1775 1808 vacat,
1835 1757 1892 1797 ut
1939 1745 2292 1812 explorentur

707 1836 932 1901 milites,
968 1843 1131 1905 atque
1162 1836 1227 1888 ad
1253 1850 1316 1889 ea
1350 1835 1707 1890 custodienda
1739 1835 2060 1890 assuefiant.

780 2012 901 2065 Illi.
948 2010 1004 2063 Si
1058 2011 1432 2080 speculatores
1490 2011 1725 2065 hostium
1779 2013 2012 2080 ceperis,
2044 2029 2133 2067 ne
2180 2030 2291 2068 uno

707 2114 875 2173 atque
905 2103 1094 2158 eodem
1154 2104 1315 2157 modo
1351 2103 1471 2157 illos
1523 2104 1898 2156 tractaveris:
1944 2104 2037 2157 sed
2093 2105 2140 2159 si
2193 2121 2287 2160 co-

707 2197 829 2264 pias
879 2204 1006 2249 tuas
1039 2194 1278 2249 hostium
1331 2194 1576 2248 exercitu
1626 2193 2012 2249 imbecilliores
2047 2209 2171 2249 esse
2198 2195 2289 2263 ju-

705 2288 1002 2352 dicaveris,
1052 2288 1137 2341 vel
1185 2287 1432 2341 interfice
1484 2301 1601 2346 cos,
1640 2286 1720 2338 vel
1763 2285 1913 2339 firma
1943 2286 1996 2339 in
2036 2286 2287 2340 custodia

706 2381 909 2435 detine.
945 2380 1043 2434 Sin
1088 2388 1426 2434 armaturam
1472 2378 1672 2432 habeas
1704 2379 1923 2439 bonam,
1961 2386 2285 2447 apparatum

706 2470 987 2532 idoneum,
1024 2470 1207 2537 c0pias
1236 2469 1457 2533 multas,
1510 2469 1677 2522 robur
1713 2467 1942 2538 justum,
1972 2468 2286 2523 firmitatem

705 2575 1027 2629 corporum,
1048 2560 1394 2615 obedientem
1426 2561 1753 2623 exercitum,
1780 2570 2037 2616 strenuos
2061 2561 2285 2625 milites,

704 2651 1101 2720 experientiam
1170 2667 1375 2714 acrem,
1454 2666 1645 2705 omnes
1694 2652 1880 2720 copias
1924 2660 2047 2706 tuas
2097 2652 2288 2706 ordine

703 2745 940 2815 quodam
974 2746 1039 2798 ad
1066 2760 1313 2814 pompam
1350 2747 1614 2809 instrues,
1643 2760 1848 2813 easque
1894 2747 2130 2801 hostium
2157 2762 2286 2814 spe-

705 2836 1049 2891 culatoribus
1095 2835 1507 2891 demonstrabis
1539 2852 1551 2887 :
1585 2836 1731 2904 quod
1768 2836 1856 2888 ubi
1912 2835 2130 2903 feceris,
2161 2839 2287 2893 illos

705 2928 885 2981 salvus
916 2939 1082 2995 atque
1117 2931 1363 2997 integros
1416 2927 1482 2981 ad
1545 2942 1679 2981 suos
1727 2929 1994 2983 remittes.
2042 2928 2175 2984 Nam
2222 2945 2288 2986 eo

705 3034 830 3071 cum
865 3020 1129 3079 venerint,
1179 3034 1299 3087 quae
1348 3020 1603 3073 viderunt
1651 3020 1834 3072 omnia
1887 3034 2289 3075 commemora-

2387 558 2692 624 τασκύπων,
2764 558 2925 611 ἀτινα
2990 556 3288 623 ἀναγκαῖόν
3372 556 3521 606 ἐστιν
3582 551 3955 622 ἐπιτηδεύειν,

2396 648 2536 701 ὥστε
2568 648 2799 720 διάφορα
2850 650 3053 719 σημεῖα
3100 648 3219 716 ήτοι
3274 644 3715 715 παραγγέλματα
3762 643 3963 691 ποιεῖν.

2396 742 2549 809 Ἀμα
2576 740 2686 809 γὰρ
2737 741 2831 794 καὶ
2858 740 2909 792 0i
2955 740 3293 792 κατάσκοποι
3341 736 3449 789 τῶν
3480 734 3689 804 ἐχθρῶν
3738 734 3804 784 ἐκ
3833 731 3961 783 τού-

2388 851 2496 886 των
2516 832 2630 902 (55)
2664 830 3055 901 φανεροῦνται,
3109 829 3224 899 ἃμα
3276 828 3333 881 δὲ
3389 829 3483 880 καὶ
3534 828 3582 879 οἱ
3627 824 3968 895 στρατιῶται

2389 923 2658 988 ἐθίζονται
2691 923 2976 976 πείθεσθαι
3006 924 3120 985 τοῖς
3169 920 3428 991 ἄρχουσιν
3471 919 3672 980 αὐτῶν,
3726 918 3824 970 καὶ
3856 934 3965 983 φυ-

2392 1015 2606 1069 λάττειν
2623 1014 2899 1084 ἐπιμελῶς
2926 1014 2996 1066 τὰ
3029 1013 3293 1083 μανδάτα,
3328 1013 3424 1064 ἐάν
3449 1012 3687 1080 μάλιστα
3726 1009 3969 1078 μετρίως

2392 1124 2510 1169 πως
2532 1106 2969 1177 σωφρονίζωνται
2998 1106 3048 1157 οἱ
3077 1104 3401 1173 ἀμελοῦντες
3453 1105 3581 1172 περὶ
3632 1101 3793 1153 αὐτά.
3840 1098 3970 1150 Ἐάν

2392 1198 2499 1269 γὰρ
2525 1198 2587 1251 τὸ
2632 1197 3000 1268 παράγγελμα
3042 1195 3171 1266 δοθῇ
3230 1194 3384 1264 παρά
3425 1193 3521 1245 τοῦ
3553 1193 3817 1263 ἄρχοντος
3852 1193 3969 1251 τοῖς

2393 1289 2752 1357 στρατιώταις
2802 1285 3228 1359 μυστικώτερον,
3264 1287 3357 1339 καὶ
3401 1284 3563 1337 τοῦτο
3593 1285 3777 1349 ἀγνοεῖ
3805 1284 3835 1334 ὁ
3864 1298 3966 1332 κα-

2392 1381 2667 1443 τάσκοπος
2694 1380 2786 1433 τοῦ
2833 1379 3028 1450 ἐχθροῦ
3060 1378 3271 1448 ταχέως
3322 1377 3639 1446 εὑρίσκεται
3686 1373 3969 1439 ἀλλότριος

2391 1470 2465 1523 ῶν
2510 1469 2603 1523 τοῦ
2635 1469 2997 1540 συνθήματος,
3030 1468 3126 1524 καὶ
3161 1468 3261 1522 οὐκ
3310 1468 3447 1537 ἔχων
3470 1468 3530 1520 τὸ
3564 1466 3849 1534 σύσσημον
3876 1462 3967 1515 τοῦ

2395 1561 2573 1629 φιλίου
2611 1559 2865 1629 στρατοῦ.

2470 1648 2595 1720 ριγ’.
2634 1651 2747 1704 Οὐκ
2779 1641 2980 1704 ἀτόπον
2997 1650 3076 1717 δὲ,
3115 1649 3253 1705 ἀλλά
3283 1651 3377 1704 καὶ
3405 1651 3662 1719 σχήματα
3692 1647 3790 1700 καὶ
3830 1664 3971 1715 μςιν⁴

2394 1742 2528 1793 δάτα
2557 1741 2757 1794 διδόναι
2786 1743 2895 1803 τοῖς
2930 1740 3306 1811 στρατιώταις,
3330 1743 3457 1794 ὅταν
3504 1739 3737 1808 μάλιστα
3779 1739 3973 1790 εὐκαι-

2323 1809 2366 1863 B
2394 1831 2562 1901 ρῶσιν
2588 1848 2600 1860 '
2641 1833 2728 1885 ἵνα
2751 1832 2846 1886 καὶ
2874 1831 3301 1902 δοκιμασθῶσιν,
3334 1833 3429 1884 καὶ
3453 1833 3511 1884 ἐν
3562 1830 3971 1901 ἕθει.γὲνωτται

2391 1922 2485 1974 τοῦ
2510 1924 2804 1989 φυλάττειν
2833 1924 2994 1979 αὑτά.

2463 2017 2583 2086 ριδ’.
2628 2017 2755 2069 Ἐάν
2800 2017 2859 2070 δέ
2917 2035 3047 2070 ποτε
3103 2016 3373 2088 συλλάϐῃς
3436 2018 3841 2080 κατασκόπους,
3896 2016 3971 2085 μὴ

2392 2107 2631 2177 κέχρησο
2668 2109 2749 2171 εἰς
2788 2108 2987 2171 αὐτοὺς
3024 2111 3123 2179 μιᾷ
3163 2111 3258 2163 καὶ
3298 2111 3440 2183 ,αὐτῇ
3491 2109 3685 2181 γνώμῃ
3711 2110 3969 2170 πάντοτε,

2390 2197 2509 2249 ἀλλ’
2535 2197 2630 2250 ὲάν
2664 2200 2763 2267 μὲν
2796 2198 3161 2268 ἀσθενέστερα
3198 2200 3400 2269 μᾶλλον
3428 2199 3497 2252 τά
3535 2199 3603 2251 σὰ
3637 2195 3780 2251 εἶναι
3820 2199 3973 2265 παρά

2394 2284 2505 2357 [τά]
2533 2286 2640 2339 τῶν
2691 2288 2966 2359 πολεμίων
2989 2290 3236 2361 νομίζῃς,
3255 2291 3376 2343 τότε
3419 2291 3651 2343 κτείνειν
3678 2289 3906 2351 τούτους
3939 2290 3971 2359 ἦ

2394 2378 2635 2448 συνέχειν
2654 2379 2709 2431 ἐν
2720 2380 2953 2448 ἀσφαλεῖ
2970 2383 3202 2451 φρουρᾷ.
3221 2382 3347 2435 Ἐὰν
3369 2382 3427 2434 δὲ
3452 2380 3829 2450 καθοπλισμὸν
3846 2381 3973 2450 ἔχῃς

2394 2468 2616 2537 ἰσχυρὸν
2643 2470 2736 2523 καὶ
2754 2471 2937 2533 καλὸν,
2957 2472 3051 2523 καὶ
3080 2472 3433 2543 παρασκευήν
3456 2473 3667 2542 ἱκανὴν,
3699 2472 3800 2524 καὶ
3817 2471 3977 2525 δύνα-

2394 2576 2484 2629 μιν
2503 2561 2724 2631 πολλὴν,
2757 2563 2851 2616 καὶ
2880 2563 3116 2629 εὐεξίαν,
3151 2566 3269 2634 ἢτοι
3294 2565 3522 2633 μέγεθος
3553 2565 3647 2616 καὶ
3675 2565 3845 2634 ρῶσιν
3870 2581 3975 2617 σω·

2395 2650 2601 2719 μάτων,
2629 2652 2725 2703 καὶ
2749 2652 3026 2722 πειθήνιον
3059 2654 3399 2723 στράτευμα,
3427 2654 3521 2707 καὶ
3561 2653 3829 2722 ἄρχοντας
3854 2653 3978 2723 ἀρί-

2393 2757 2548 2803 στους
2604 2743 2697 2793 καὶ
2726 2742 3023 2808 ἀνδρείους,
3057 2743 3153 2795 καὶ
3178 2745 3470 2812 ἐμπειρίαν
3502 2743 3976 2813 μεμελετημὲνην,

2392 2833 2588 2901 στῆσον
2621 2833 2719 2902 μὲν
2753 2836 2851 2903 τὴν
2878 2835 3171 2902 στρατειάν
3206 2835 3263 2886 ἐν
3293 2835 3481 2903 κόσμῳ
3514 2836 3607 2886 καὶ
3642 2834 3981 2887 καταστάσει

2394 2924 2537 2993 πρὸς
2573 2924 2784 2993 κόμπον
2811 2940 2827 2957 ο
2857 2925 3143 2994 παράλαϐε
3174 2927 3232 2978 δὲ
3262 2926 3393 2988 τοὺς
3438 2926 3844 2988 κατασκόπους,
3888 2924 3981 2977 καὶ

2388 3012 2593 3081 ταύτην
2622 3014 2894 3080 ἐπίδειξον
2915 3016 3119 3077 αὐτοῖς.
3155 3014 3307 3083 Τάχα
3342 3016 3422 3078 δὲ,
3456 3016 3504 3066 εί
3547 3013 3710 3068 τοῦτο
3740 3016 3980 3083 ποιήσας

706 3108 862 3163 bunt.
895 3110 971 3162 Ac
999 3125 1143 3177 sarpe
1168 3110 1414 3163 omnium
1455 3124 1635 3163 rerum
1703 3119 1958 3178 exoptata
2012 3111 2285 3168 afﬂuentia

2397 3104 2602 3168 ἀθώους
2637 3107 2833 3168 αὐτοὺς
2868 3106 3215 3175 ἀποπέμψεις
3249 3107 3331 3168 εἰς
3380 3106 3507 3169 τοὺς
3556 3106 3741 3171 ἰδίους,
3786 3108 3890 3159 οὐκ
3917 3106 3984 3159 ἂν

706 3203 892 3256 hostes
923 3204 976 3255 in
1010 3204 1261 3256 timorem
1291 3203 1535 3271 coniicit,
1563 3204 2026 3272 quemadmodum
2066 3206 2112 3261 si
2156 3208 2292 3262 sub-

705 3293 862 3348 sidiis
887 3280 1145 3347 omnibus
1180 3293 1501 3359 destituere,
1533 3309 1783 3363 magnam
1824 3295 1930 3350 illis
1961 3297 2298 3354 alacritatem

706 3383 943 3439 afferret.

777 3647 902 3701 115.
933 3646 1205 3712 Quocirca
1227 3646 1273 3701 si
1322 3656 1372 3701 to
1406 3648 1664 3703 meliores
1709 3651 1882 3705 multo
1924 3652 2303 3724 haberejudi-

706 3738 942 3801 caveris,
975 3738 1098 3791 illos
1130 3737 1351 3791 domum
1391 3738 1542 3792 abire
1573 3741 1879 3808 permittas,
1923 3751 1983 3797 ut
2017 3743 2130 3798 haec
2177 3759 2304 3799 nar-

706 3838 894 3884 rantes
934 3830 1405 3898 pcrturbationcm
1438 3830 1677 3900 aliquam
1717 3833 1971 3889 hostibus
2017 3836 2301 3892 invehunt.

712 3920 811 3974 Sin
834 3921 1109 3974 deteriore
1138 3920 1192 3972 in
1230 3921 1354 3973 loco
1380 3936 1544 3990 quam
1582 3920 1769 3977 liOStes
1792 3923 1988 3991 fueris,
2023 3926 2304 3981 truciden-

712 4018 829 4073 tur,
866 4024 967 4062 nec
1005 4009 1397 4078 permittantur
1420 4011 1484 4063 ad
1523 4027 1651 4066 suos
1682 4014 1887 4068 redire.

780 4100 903 4154 116.
934 4098 991 4152 Si
1043 4100 1343 4168 transfuga‘
1380 4102 1556 4171 aliqui
1608 4105 1677 4157 ab
1718 4105 1971 4160 hostibus
2005 4108 2071 4161 ad
2103 4117 2155 4165 te
2209 4111 2304 4165 dc-

713 4189 966 4251 fecerint,
1004 4198 1059 4243 ct
1105 4190 1188 4243 vel
1223 4200 1440 4261 tempus
1493 4195 1827 4251 incursionis
1878 4198 1958 4251 vel
1995 4199 2136 4253 viam
2175 4216 2304 4269 pro-

710 4281 937 4335 mittunt
992 4294 1053 4333 se
1102 4289 1537 4345 monstraturos,
1592 4292 1646 4338 et
1702 4286 1872 4340 duces
1950 4286 2189 4351 futuros,
2251 4300 2306 4344 et

710 4369 890 4424 modis
960 4370 1289 4439 quibusdam
1351 4371 1494 4427 haud
1562 4376 1799 4445 cognitis
1876 4378 1942 4432 ad
2003 4382 2304 4435 exercitum

2407 3197 2756 3268 ἀμαρτήσῃς.
2786 3201 2896 3252 Καὶ
2922 3200 3030 3270 γὰρ
3056 3198 3407 3262 ἀπελθόντες,
3431 3198 3575 3269 άπερ
3619 3194 3784 3262 εἶδον,
3810 3201 3955 3266 άναγ

2407 3286 2627 3354 τελοῦσι
2655 3290 2767 3351 τοῖς
2794 3289 2963 3351 ἰδίοις.
3001 3288 3083 3341 Τὰ
3123 3292 3222 3359 μὲν
3246 3290 3356 3359 γὰρ
3396 3292 3849 3359 πλεονεκτήματα
3877 3290 3983 3342 τῶν

2409 3378 2719 3433 ἀντιπάλων
2755 3380 3212 3451 ἀπαγγελλόμενα
3250 3382 3510 3444 πολλάκις
3557 3382 3861 3449 ἀναγκάζει
3894 3399 3985 3449 φο-

2408 3470 2620 3524 ϐεῖσθαι
2650 3473 2775 3533 τοὺς
2827 3470 3147 3536 ἀκούοντας,
3183 3472 3252 3524 τὰ
3303 3472 3360 3524 δὲ
3393 3472 3755 3540 ἐλαττώματα
3804 3472 3983 3526 αὐτῶν

2408 3562 2633 3634 θαρρεῖν
2665 3565 2791 3626 τοὺς
2822 3564 3312 3633 ἀντιτεταγμένους
3332 3566 3767 3634 παρεσκεύασεν.

2482 3660 2599 3721 ριε’.
2628 3653 2792 3705 Ὥστε
2827 3654 2875 3705 εἰ
2910 3652 3008 3722 μὲν
3058 3650 3417 3721 ἐλαττώματα
3459 3653 3622 3721 ἔχεις,
3665 3654 3983 3706 ἀπολέσθωο

2408 3760 2509 3797 σαν
2556 3744 2604 3795 0i
2633 3744 2993 3796 κατάσκοποι.
3042 3744 3107 3797 Εἰ
3145 3743 3202 3796 δὲ
3252 3743 3725 3812 πλεονεκτήματα,
3780 3746 3981 3810 μᾶλλον

2406 3832 2770 3895 ἀπολυθέντες
2822 3834 2914 3885 καὶ
2961 3832 3308 3902 διηγούμενοι
3363 3835 3477 3896 τοῖς
3530 3833 3852 3903 ὁμοεθνέσιν
3906 3836 3984 3896 εἰς

2404 3924 2610 3980 δειλίαν
2634 3925 2830 3986 αὐτοὺς
2856 3926 3301 3995 περιστήσουσιν.

2484 4100 2615 4172 ρις-’.
2661 4101 2784 4153 Ἐάν
2829 4101 2885 4152 δέ
2932 4102 3247 4169 πρόσφυγες
3293 4100 3400 4156 ἀπὸ
3440 4101 3564 4154 -τῶν
3602 4102 3818 4173 ἐχθρῶν
3853 4102 3987 4175 πρὸς

2412 4190 2473 4244 σὲ
2529 4190 2968 4261 παραγένωνται,
3008 4192 3102 4241 καὶ
3152 4191 3186 4262 ἢ
3225 4188 3373 4258 ῶραν
3418 4190 3544 4241 τινά
3582 4188 3909 4251 ἐπιθέσεως,
3956 4194 3985 4258 ἢ

2411 4284 2531 4337 ὁδὸν
2552 4281 2999 4350 ἐπαγγέλλωνται
3031 4278 3354 4343 ὑποδείξειν,
3388 4280 3483 4331 καὶ
3523 4280 3984 4349 προπορεύεσθαι,

2413 4375 2507 4426 καὶ
2541 4374 2628 4425 διὰ
2662 4372 2880 4425 σκοπῶν
2915 4372 3165 4441 ἀοράτων
3213 4372 3308 4423 ἐπὶ
3358 4372 3483 4433 τοὺς
3526 4371 3823 4438 πολεμίους
3880 4374 3987 4423 εἰσι

712 4462 951 4515 hostium
1011 4462 1300 4524 ducturos,
1354 4480 1422 4519 ne
1490 4467 1716 4520 omnino
1769 4469 1965 4524 credas
2003 4471 2136 4537 illis,
2197 4474 2292 4528 sed

2410 4464 2669 4532 ἀγαγεῖν,
2711 4460 2786 4531 μὴ
2822 4461 3007 4523 ἁπλῶς
3034 4461 3276 4525 πίστευε,
3306 4460 3439 4512 ἀλλά
3465 4461 3634 4529 δήσας
3671 4462 3873 4522 αὐτοὺς
3903 4461 3988 4512 οὖ-

710 4552 909 4620 ligatos
943 4566 1039 4606 eos
1062 4552 1228 4606 duces
1252 4566 1455 4618 tecum,
1484 4558 1814 4624 promittens
1858 4559 1989 4626 illis,
2017 4562 2063 4615 si
2100 4578 2291 4617 verum

711 4644 972 4710 dixerint,
1021 4654 1074 4698 ct
1126 4645 1193 4698 ad
1260 4647 1495 4701 salutem
1562 4651 1963 4721 victoriamque
2015 4657 2299 4712 exercitus

711 4737 884 4792 nostri
917 4738 1101 4816 omnia
1134 4736 1387 4801 fecerint,
1426 4754 1485 4795 se
1521 4741 1691 4794 multa
1719 4741 1863 4797 dona
1902 4760 2240 4816 muneraque
2272 4763 2302 4801 a

712 4827 872 4881 nobis
910 4836 1230 4895 recepturos
1258 4845 1271 4881 :
1310 4829 1396 4882 sin
1426 4830 1765 4885 mentiantur
1790 4840 1845 4886 et
1874 4833 2209 4904 deceperint,
2251 4846 2305 4892 ct

712 4921 765 4972 in
797 4918 1104 4988 periculum
1124 4920 1400 4988 conjicere
1455 4932 1677 4978 nostros
1724 4924 2018 4991 voluerint,
2062 4928 2154 4981 illo
2185 4930 2305 4998 ipso

712 5020 961 5080 tempore
1001 5010 1075 5064 ibi
1111 5012 1163 5063 in
1201 5011 1437 5068 vinculis
1465 5014 1627 5067 abiis
1653 5015 1746 5082 qui
1779 5015 1833 5068 in
1864 5018 2167 5085 periculum
2208 5037 2303 5075 ve-

713 5101 895 5154 nerint
929 5100 1282 5156 trucidandos
1318 5117 1459 5156 essc.
1499 5101 1633 5175 Nam
1670 5104 1967 5176 transfuga:
2015 5108 2152 5163 fides
2184 5125 2299 5165 cer-

713 5190 927 5244 tissima
956 5198 1059 5254 est,
1095 5199 1206 5244 tum
1254 5193 1428 5248 hostis
1462 5194 1525 5247 ad
1564 5203 1635 5257 te,
1663 5205 1776 5248 tum
1809 5198 1885 5249 tui
1932 5198 1998 5249 ad
2060 5200 2297 5266 hostem,

713 5281 757 5335 si
797 5283 1021 5337 minime
1048 5285 1311 5352 suiipsius
1349 5287 1472 5339 vita!
1496 5287 1754 5343 dominus
1787 5290 1879 5351 sit,
1908 5291 2001 5343 sed
2046 5302 2287 5360 potesta-

714 5380 823 5424 tem
855 5372 1003 5427 illius
1036 5373 1290 5440 habeant,
1323 5377 1405 5431 vel
1426 5377 1492 5431 ad
1535 5394 1674 5447 quos
1700 5379 1965 5447 confugit,
2005 5382 2086 5434 vel
2115 5398 2142 5434 a
2175 5385 2291 5452 qni-

715 5460 820 5515 bus
852 5461 1077 5535 aufugit.
1118 5466 1294 5535 Atque
1328 5468 1442 5522 lucc
1466 5469 1684 5538 quidem
1710 5468 1777 5523 de
1804 5470 1913 5525 illis
1945 5471 2101 5525 nobis
2141 5473 2289 5528 dicta

718 5558 901 5606 sunto.

2402 4573 2510 4618 τως
2540 4557 2663 4623 ἄγε,
2688 4554 3087 4623 παραγγέλλων
3117 4554 3300 4614 αὐτοῖς
3330 4554 3435 4615 ὅτι,
3464 4554 3558 4605 ἐὰν
3588 4552 3985 4622 ἀληθεύσωσιν,

2405 4653 2499 4705 καί
2527 4652 2619 4710 ἐπὶ
2646 4650 2890 4720 σωτηρίᾳ
2914 4648 3006 4720 καὶ
3028 4648 3153 4718 νίκῃ
3184 4647 3363 4700 πάντα
3388 4649 3659 4715 ποιήσωσι
3692 4648 3788 4700 τοῦ
3827 4666 3990 4713 στρα-

2405 4744 2695 4813 τεύματος,
2736 4742 3007 4810 ὠφελείας
3038 4741 3134 4794 καὶ
3173 4742 3385 4811 δωρεᾶς
3443 4740 3982 4810 καταξιωθήσονται.

2410 4832 2474 4886 Εἰ
2519 4834 2564 4886 δ’
2624 4834 3013 4901 ἐξαπατήσωσι
3070 4831 3168 4884 καὶ
3204 4831 3516 4900 ψεύσωνται
3549 4835 3629 4893 εἰς
3663 4832 3789 4894 τοὺς
3830 4834 3989 4889 ἰδίους

2408 4924 2697 4994 ὲπιρρίψαι
2731 4924 3048 4993 βουλόμενοι
3082 4925 3143 4976 τὸ
3182 4924 3525 4993 στράτευμα,
3565 4925 3989 4990 γινωσκέτωσαν

2405 5017 2487 5069 ὅτι
2511 5016 2641 5085 παρ’
2673 5016 2837 5068 αὑτὸν
2868 5018 3075 5068 ἐκεῖνον
3118 5015 3209 5067 τὸν
3240 5016 3433 5083 καιρὸν
3462 5016 3615 5077 ὄντες
3642 5017 3700 5066 ἐν
3740 5016 3985 5083 δεσμοῖς.

2407 5109 2510 5160 ὑπὸ
2532 5107 2638 5159 τῶν
2669 5107 3089 5159 κινδυνευόντων
3133 5108 3678 5174 κατασφαγήσονται.
3724 5108 3838 5158 Καὶ
3885 5108 3987 5173 γὰρ

2407 5197 2722 5268 προσφύγου
2774 5199 2955 5260 πίστις
3006 5196 3353 5265 βεϐαιοτάτη.
3386 5198 3495 5250 εἴτε
3558 5198 3824 5266 πολεμίου
3857 5199 3988 5266 πρὸς

2406 5290 2485 5355 σε,
2517 5291 2626 5343 εἴτε
2677 5288 2784 5341 ἀπὸ
2809 5288 2900 5341 σοῦ
2940 5290 3075 5356 πρὸς
3106 5290 3231 5349 τοὺς
3260 5288 3575 5356 πολεμίους,
3605 5288 3667 5339 τὸ
3695 5289 3797 5356 μὲν
3855 5284 3986 5339 εἶναι

2400 5381 2564 5434 αὑτὸν
2600 5379 2789 5450 κύριον
2828 5380 2926 5449 τῆς
2973 5380 3109 5442 ἰδίας
3138 5379 3337 5447 ψυχῆς,
3374 5378 3509 5431 ἀλλά
3564 5378 3693 5439 τοὺς
3748 5380 3986 5447 ἡγουμέ-

2400 5489 2522 5535 νους
2565 5472 2782 5539 αὐτοὺς,
2820 5474 2852 5544 ἢ
2912 5472 2969 5525 ἐν
3006 5470 3086 5533 οἷς
3142 5471 3485 5543 προσέφυγεν
3516 5516 3532 5538 ,
3589 5472 3620 5542 ἡ
3657 5471 3715 5535 ἐξ
3766 5466 3843 5527 ὧν
3896 5476 3987 5535 απ-

2406 5567 2627 5635 ἐφυγεν.

2240 5654 2469 5713 ΝΟΤίΕ.

794 5734 910 5806 (55)
960 5736 1055 5790 Ἐκ
1091 5740 1327 5797 τούτων.
1362 5740 1736 5815 Scribebatur,
1767 5746 1821 5801 ὲν
1862 5744 2081 5801 τούτων.
