4176 6442
181 404 293 470 915

664 517 975 571 ΔιΑτΑειΣ
1020 518 1102 572 Iu'
1135 518 1271 589 (56).

181 630 319 697 Περὶ
344 631 601 697 μελέτης
626 631 924 699 διαφόρων
953 632 1204 687 ἐθνικῶν
1227 650 1291 687 τε
1308 633 1404 686 καὶ
1426 632 1766 701 Ῥωμαϊκῶν

772 702 1184 770 παρατάξεων.

254 796 323 841 α’.
376 789 535 859 Ἑξῆς
564 791 623 843 δὲ
680 794 776 845 καὶ
802 793 1074 863 διαφόρων
1137 794 1495 862 παρατάξεων
1532 793 1762 863 μελέτας

183 894 265 929 σοι
310 878 673 949 ὑπαγορεύσω
729 881 838 934 τῶν
865 899 926 936 τε
972 883 1149 937 ἄλλων
1200 885 1433 938 ἐθνικῶν
1478 887 1576 938 καὶ
1607 887 1760 947 ὅσαις

186 970 493 1039 ἐχρήσαντο
525 973 962 1049 κατάΠδιαφόρων
1004 975 1176 1029 ἐθνῶν
1202 978 1252 1029 oi
1286 977 1395 1031 τῶν
1435 977 1762 1047 Ῥωμαϊκῶν

182 1064 611 1132 στρατευμάτων
660 1065 1029 1135 κατάρξαντες
1086 1068 1256 1122 πάλαι
1303 1068 1622 1137 στρατηγοὶ,
1674 1068 1760 1120 ἵνα

181 1154 387 1215 ταύτας
418 1157 780 1227 κατανοήσας,
812 1159 871 1210 οὺ
897 1158 1056 1227 μόνον
1083 1160 1243 1223 αὐτὸς
1276 1162 1387 1223 τοῖς
1411 1160 1593 1222 αὐτοῖς
1622 1161 1760 1229 χρή-

184 1259 252 1313 σῃ
316 1248 770 1317 στρατηγήμασιν
822 1251 881 1302 ἐν
937 1250 1015 1318 τῷ
1043 1251 1213 1306 δέοντι
1258 1252 1455 1323 καιρῷ,
1506 1252 1642 1306 ἀλλά
1672 1254 1764 1306 καὶ

179 1333 346 1402 ἕτερα
389 1336 557 1389 πλείω
586 1338 789 1392 τούτων
834 1344 1289 1413 προσεπινοήσῃς.
1343 1345 1620 1412 Ἀγχίνοια
1657 1344 1764 1412 γὰρ

183 1429 493 1499 στρατηγοῦ
517 1431 645 1483 ὅταν
668 1432 758 1484 καὶ
774 1433 1027 1503 ἀφορμῆς
1050 1453 1193 1499 τινος
1214 1436 1478 1505 δράξηται
1506 1437 1765 1506 πραγμά-

179 1532 288 1569 των
324 1521 705 1589 στρατηγικῶν
742 1522 802 1575 ού
828 1524 1022 1595 μέχρις
1058 1524 1284 1578 ἐκείνων
1340 1525 1555 1581 ἵσταται
1620 1529 1824 1598 μόνων,

177 1624 288 1663 ται.

253 1699 321 1770 β’.
370 1701 434 1754 Ἦ
479 1701 579 1771 μὲν
622 1697 717 1755 οὖν
749 1705 982 1776 συνεχὴς
1028 1706 1306 1776 γυμνασία
1340 1707 1450 1760 τῶν
1487 1706 1763 1759 τακτικῶν

180 1794 451 1863 κινήσεων
484 1794 752 1863 ὠφέλειαν
785 1797 883 1866 μὲν
923 1798 1124 1869 πολλὴν
1151 1799 1229 1868 τῷ
1260 1798 1566 1868 στρατιώτῃ
1597 1801 1760 1863 ποιεῖ,

182 1885 485 1953 κατάδηλος
511 1886 568 1937 δὲ
604 1887 743 1956 αὑτὴ
776 1889 1017 1958 εὐχερῶς
1044 1893 1154 1954 τοῖς
1192 1890 1405 1961 ἐχθροῖς
1436 1892 1643 1959 γίνεται
1677 1892 1766 1943 διά
1800 1871 1840 1929 Β

179 1990 240 2027 τε
270 1976 633 2030 κατασκόπων
657 1979 763 2031 άπὸ
790 1979 896 2032 τῶν
930 1981 1158 2052 ἐχθρῶν,
1194 1982 1287 2034 καὶ
1318 1982 1445 2045 τῶν,
1478 1982 1553 2045 ὡς
1589 1984 1760 2046 εἰκὸς,

182 2068 641 2135 προσφευγόντων
680 2071 759 2132 είς
818 2072 1034 2134 αὐτούς.
1103 2074 1213 2127 Καὶ
1238 2075 1325 2127 διὰ
1364 2073 1525 2127 τοῦτο
1571 2075 1766 2129 πολλά-

181 2176 273 2221 κις
303 2160 698 2232 μεθοδευομένη
739 2162 833 2217 καὶ
866 2167 1274 2236 κατανοουμένη
1306 2167 1585 2236 ἄπρακτος
1615 2168 1764 2238 εὑρί-

183 2267 394 2307 σκεται.

255 2361 326 2411 γ.
379 2344 567 2415 Ἀρκεῖ
595 2345 691 2399 οὖν
735 2348 769 2418 ἠ
827 2349 958 2418 παρ’
1006 2348 1161 2419 ὑμῶν
1212 2349 1325 2421 (57)
1352 2350 1631 2422 ὁρισθεῖσα
1675 2369 1773 2419 γυ-

185 2436 390 2505 μνασία
444 2439 503 2489 ἐν
532 2440 597 2509 τῇ
636 2440 766 2509 περὶ
822 2440 991 2509 αὐτῆς
1037 2443 1168 2511 ήμίν
1205 2443 1471 2523 εἰρημένῃ
1497 2444 1759 2509 διατάξει,

184 2528 334 2598 ἁπλῆ
390 2525 548 2593 οὖσα,
578 2530 672 2582 καὶ
705 2530 774 2583 δι’
821 2532 991 2602 αὐτῆς
1022 2534 1173 2605 πάσῃ
1223 2534 1374 2597 τάξει
1420 2535 1768 2606 ἁρμοζομένη

182 2617 282 2671 καὶ
336 2618 469 2687 μηδὲ
538 2620 986 2684 πουϐλικίζεσθαι
1026 2624 1139 2695 (58)
1186 2624 1419 2680 ποιοῦσα
1452 2625 1560 2695 τὴν,
1589 2627 1768 2679 πᾶσαν

181 2708 513 2777 παράταξιν.

250 2798 315 2853 δ’.
361 2801 486 2854 Ἐάν
516 2802 572 2855 δὲ
599 2802 741 2875 τύχῃ
786 2803 878 2856 καὶ
911 2804 1165 2875 εὐκαιρία
1194 2805 1362 2876 πολλὴ
1409 2809 1545 2878 πρὸς
1581 2808 1767 2875 μείζο-

180 2909 249 2945 να
285 2893 597 2962 γυμνασίαν
641 2894 738 2947 καὶ
786 2897 1186 2965 μετεωρισμὸν,
1221 2896 1302 2949 δεῖ
1328 2898 1449 2950 τότε
1476 2899 1766 2971 διαφόρους

184 2986 288 3055 μὲν
312 2984 497 3050 τάξεις
554 2987 648 3040 καὶ
681 2987 985 3057 γυμνασίας
1032 2986 1104 3041 τὰ
1136 2988 1299 3059 μέρη,
1329 2989 1447 3059 ἦτοι
1473 2992 1570 3053 τὰς
1602 2993 1764 3061 τούρ-

184 3096 317 3145 μας,
375 3078 409 3147 ἢ
470 3077 765 3147 δρούγγους
800 3078 833 3150 ἢ
876 3079 945 3132 τά
979 3080 1146 3148 βάνδα
1194 3080 1301 3133 τῶν
1342 3084 1596 3151 κομὴτων
1642 3084 1765 3135 καθ’

180 3172 350 3225 ἑαυτὰ
398 3173 760 3243 ἐπιτηδεύειν,
820 3173 967 3226 τοῦτ’
1026 3174 1143 3227 ἐστι
1198 3175 1295 3229 καὶ
1340 3178 1441 3243 τὴν
1484 3176 1767 3246 λεχθεῖσαν

183 3266 325 3335 πρὸς
373 3264 434 3317 τὸ
466 3265 719 3334 χρειῶδες
762 3267 857 3318 καὶ
885 3266 1048 3328 ἄλλας
1111 3269 1174 3320 ὲκ
1230 3268 1516 3338 περισσοῦ,
1565 3270 1614 3321 εἰ
1678 3272 1771 3322 κα¹ι

180 3360 286 3409 οὐκ
308 3357 613 3424 ἀναγκαίας
638 3359 747 3425 άεὶ,
784 3358 899 3412 ἀλλ’
928 3355 1020 3412 οὖν
1052 3359 1110 3413 ἐν
1135 3377 1240 3413 τινι
1268 3360 1444 3431 καιρῷ
1471 3378 1601 3413 ποτε
1634 3379 1771 3431 χρη-

185 3449 401 3520 σίμους.

255 3538 318 3595 ε’.
353 3539 467 3593 Ἵνα
505 3543 570 3609 τῇ
609 3540 812 3611 ἑκάστῃ
847 3542 1002 3606 τάξει
1050 3542 1145 3594 καὶ
1177 3541 1455 3611 γυμνασίᾳ
1482 3542 1771 3612 γνώρισμα

186 3630 319 3685 [διον
364 3633 617 3702 ἐπιτεθῇ.
662 3635 756 3685 καὶ
787 3634 835 3685 οἱ
872 3633 969 3702 μὲν
1018 3633 1346 3702 στρατιῶται
1374 3634 1472 3703 τὴν
1509 3632 1771 3703 διαφορὰν

183 3724 422 3790 ἑκάστης
467 3723 826 3791 παρατάξεως
866 3723 1227 3792 γνωρίζουσιν
1276 3726 1333 3776 ὲν
1382 3725 1642 3796 συνηθείᾳ
1665 3726 1772 3777 τῶν

184 3815 457 3884 κινήσεων
513 3815 807 3882 γινόμενοι,
861 3816 956 3867 καὶ
1003 3814 1076 3883 μὴ
1127 3815 1520 3882 ξενοφωνοῦσιν
1557 3816 1632 3878 ὡς
1674 3817 1773 3868 οὐκ

183 3904 384 3967 εἰδότες
422 3904 550 3957 ὅταν
583 3904 793 3975 ἁθρόως
849 3905 1029 3967 αὐτοῖς
1095 3906 1338 3976 ἅγγελυῇ
1383 3923 1464 3968 τις
1520 3908 1771 3975 παράτα-

185 3994 294 4059 ξις,
344 3994 420 4063 μὴ
476 3995 651 4047 οἴδασι
712 3994 769 4046 δὲ
828 3996 928 4065 τὴν
983 3996 1283 4064 μέλλουσαν
1329 3997 1481 4061 τάξιν
1526 4000 1628 4050 ὑπὸ
1675 3998 1769 4051 τοῦ

188 4084 495 4153 στρατηγοῦ
526 4083 770 4151 γίνεσθαι
805 4086 924 4137 κατ’
955 4085 1116 4138 αὐτὸν
1148 4086 1237 4138 τὸν
1262 4085 1355 4137 τοῦ
1387 4085 1623 4155 πολέμου
1652 4103 1771 4139 και-

187 4178 310 4247 ρόν.

259 4263 335 4328 ς’.
382 4266 521 4318 λίσὶν
548 4260 642 4318 οὖν
674 4265 929 4334 διαφοραὶ
954 4266 1062 4318 τῶν
1094 4265 1306 4339 τάξεων
1338 4267 1445 4319 τῶν
1481 4266 1622 4318 κατὰ
1647 4266 1773 4334 σχῆ-

188 4373 267 4425 μα
293 4356 593 4423 γινομένων
617 4358 785 4423 τρεῖς.
817 4350 918 4409 Ὧν
963 4359 1061 4425 μία
1083 4358 1117 4425 η
1140 4356 1427 4425 χρειώδης,
1490 4349 1639 4429 ᾗτινι
1678 4355 1773 4407 καὶ

196 4445 493 4513 Ῥωμαίοις
537 4445 774 4514 χρῆσθαι
816 4446 1068 4514 σύνηθες,
1100 4448 1197 4498 καὶ
1234 4448 1268 4515 ἡ
1310 4446 1408 4514 μέν
1452 4447 1599 4498 ἐστιν
1650 4446 1773 4515 ἥτις

187 4539 518 4605 άδιακρίτως
568 4538 766 4607 ἔχουσα
805 4541 871 4591 τά
897 4539 1173 4606 τάγματα,
1197 4539 1342 4591 τοῦτ’
1381 4539 1527 4591 ἔστιν
1565 4538 1665 4591 οὐκ
1691 4541 1771 4599 εἰς

187 4631 513 4699 κούρσωρας
564 4633 683 4701 ἦτοι
738 4630 1088 4701 προκλάστας
1137 4631 1232 4682 καὶ⁵
1274 4631 1611 4698 διφένσωρας
1653 4629 1771 4699 ἦτοι

185 4723 437 4784 ἐκδίκους
482 4721 808 4791 διῃρημένη,
855 4721 1014 4775 ἅτινα
1064 4724 1168 4791 χρὴ
1204 4724 1297 4775 ἐπὶ
1349 4723 1474 4789 μιᾶς
1520 4721 1769 4789 παρατά-

186 4812 323 4879 ξεως
352 4812 585 4876 τάττειν,
622 4813 714 4864 καὶ
756 4813 940 4865 οὐκέτι
967 4815 1044 4874 είς
1070 4815 1219 4880 τρεῖς
1252 4812 1387 4865 ἀλλὰ
1411 4814 1490 4874 είς
1524 4812 1617 4864 δύο
1650 4811 1770 4880 μοί-

188 4919 291 4971 ρας
337 4900 594 4969 διαιρεϊν,
644 4902 730 4968 ἐφ’
759 4896 803 4971 ᾧ
833 4904 1127 4956 κινούντων
1163 4905 1270 4956 τῶν
1306 4904 1400 4957 δύο
1425 4904 1670 4974 κεράτων
1696 4902 1771 4963 ὡς

186 4994 324 5063 πρὸς
353 4992 645 5057 κύκλωσιν,
676 4997 771 5047 καὶ
810 4998 947 5064 πρὸς
980 4996 1184 5065 ἄλληλα
1218 4996 1646 5062 ὲπικλινομένων
1679 4994 1771 5045 καὶ

186 5085 779 5155 ὲμπεριλαμϐανόντων
841 5086 1099 5156 εὔκαιρον
1126 5089 1322 5156 χωρίον
1339 5128 1352 5149 ,
1387 5088 1450 5139 τὸ
1474 5086 1571 5153 μὲν
1594 5085 1767 5150 δεξιὸν

187 5179 354 5247 κέρας
377 5178 660 5249 ἐξώτερον,
690 5180 753 5232 τὸ
775 5180 830 5232 δὲ
859 5182 1147 5250 ἀριστερὸν
1174 5180 1459 5249 ἐσώτερον,
1498 5178 1767 5248 παρερχό-

190 5289 351 5339 μενον
381 5272 728 5335 κυκλοειδῶς,
755 5273 853 5343 τὴν
900 5276 1150 5327 ἐναντίαν
1179 5274 1424 5343 ἀλλήλων
1446 5272 1762 5332 ἐλαύνωσιν,

186 5362 244 5417 ὃν
270 5363 472 5434 τρόπον
514 5366 573 5418 ὲν
599 5364 678 5435 τῷ
703 5366 932 5435 Μαρτίῳ
975 5367 1104 5437 μηνί
1141 5382 1273 5418 ποτε
1312 5366 1362 5417 oi
1402 5363 1763 5432 καϐάλλάριοι

186 5454 433 5520 ιπαιζον.

1173 405 1505 466 TACTICA.
1533 430 1601 440 -
1633 404 2136 465 CONSTITUTIO
2162 405 2378 465 XVIII.
3336 396 3441 462 9i5

2294 514 2777 572 CONSTITUTIO.
2830 512 3021 569 XVIII.

1873 633 1950 687 De
1997 632 2323 687 diversarum
2375 634 2605 700 gentium
2660 642 2710 682 et
2756 630 3108 700 Montanorum
3168 626 3343 680 studio
3390 626 3439 678 in

2363 699 2571 754 aciebus
2607 699 2949 754 instruendis.

1939 794 1989 847 i.
2027 793 2292 862 Deinceps
2324 791 2436 860 jam
2488 792 2555 845 de
2591 791 2810 846 diverso
2845 789 3026 843 studio
3070 790 3312 843 acicrum
3358 785 3442 837 in-

1867 886 2276 949 struendarum,
2316 883 2519 953 quibus
2546 884 2667 936 alue
2699 883 2971 944 nationes,
3008 888 3063 933 et
3097 881 3297 949 quibus
3333 878 3441 931 Ro-

1871 978 2013 1032 mani
2043 978 2399 1045 imperatores
2420 975 2579 1028 initio
2608 975 2926 1036 utebantur,
2955 973 3118 1027 verba
3150 971 3437 1034 faciemus,

1865 1082 1925 1123 ιιι
1957 1071 2023 1123 iis
2048 1070 2305 1137 cognitis,
2342 1083 2446 1121 non
2480 1065 2641 1118 modo
2673 1066 2718 1119 si
2745 1080 2879 1131 opus
2907 1067 2977 1119 sit
3003 1065 3077 1116 uti
3114 1062 3314 1132 pOSslS,
3346 1062 3440 1114 sed

1865 1163 1967 1216 alia
1998 1159 2243 1230 quzedam
2279 1167 2535 1229 praeterea
2564 1158 2859 1227 excogites.
2888 1157 3119 1211 Solertia
3152 1156 3298 1210 enim
3335 1154 3439 1205 im-

1867 1253 2138 1326 peratoria
2171 1256 2258 1309 ubi
2293 1256 2638 1309 occasionem
2671 1267 2852 1306 rerum
2888 1249 3246 1319 gerendarum
3277 1260 3440 1311 cepe-

1870 1351 1959 1412 rit,
1991 1364 2097 1402 non
2125 1348 2179 1401 in
2201 1349 2269 1404 iis
2294 1350 2465 1402 solum
2488 1362 2613 1416 qua:
2641 1347 2857 1400 inventa
2893 1350 3022 1397 sunt
3048 1340 3322 1405 consistit,
3344 1337 3440 1392 sed

1870 1440 2035 1493 etiam
2080 1440 2250 1492 multo
2282 1439 2435 1508 plura
2472 1454 2533 1491 ac
2574 1453 2714 1505 saepe
2745 1437 2972 1490 meliora
3005 1434 3296 1501 excogitat.

1883 1528 2020 1584 ἀλλὰ
2077 1530 2170 1583 καὶ
2237 1530 2407 1583 πλείω
2464 1529 2669 1582 τούτων
2735 1525 3223 1597 προσεφευρίσκειν
3288 1521 3444 1575 δύνα-

1937 1709 1993 1761 2.
2026 1706 2260 1762 Assidua
2280 1706 2425 1759 enim
2449 1704 2629 1773 aliqua
2656 1703 2972 1757 bellicorqu
3002 1708 3245 1754 motuum
3280 1712 3439 1753 exer-

1870 1801 2079 1861 citatio,
2105 1798 2393 1852 utilitatem
2442 1810 2792 1865 permagnam
2836 1793 2992 1847 militi
3023 1799 3274 1859 apportat
3302 1810 3316 1843 :
3345 1791 3443 1845 sed

1868 1910 1928 1946 ca
1966 1891 2215 1946 hostibus
2260 1888 2420 1942 facile
2464 1887 2762 1950 iudicatur,
2796 1885 2878 1939 vel
2910 1901 3003 1952 per
3039 1884 3276 1936 hostium
3317 1897 3443 1950 spe-

1869 1990 2164 2048 culatores,
2193 1985 2275 2038 vel
2308 1998 2401 2054 per
2432 1980 2746 2046 transfugas
2779 1979 2872 2049 qui
2916 1980 2980 2033 ad
3014 1979 3201 2032 hostes
3228 1976 3442 2030 defece-

1868 2091 2018 2137 runt.
2056 2080 2243 2148 Itaque
2268 2092 2413 2145 sa‘pc
2443 2076 2545 2127 alia
2579 2073 2891 2143 cergitata
2920 2073 3057 2126 bene
3083 2082 3247 2137 atque
3286 2084 3443 2123 exer-

1867 2174 2034 2228 citata
2072 2170 2297 2233 astutia,
2334 2168 2487 2222 irrita
2522 2165 2837 2234 nulliusque
2866 2162 3121 2216 momenti
3158 2169 3265 2215 est.

1940 2350 1993 2405 3.
2025 2349 2156 2416 Quae
2181 2363 2211 2402 a
2247 2347 2407 2402 nobis
2434 2346 2487 2400 in
2518 2344 2695 2414 capite
2726 2343 2794 2399 de
2822 2340 3146 2399 exercendis
3180 2340 3444 2394 militibus

1869 2448 2296 2501 commemorata
2329 2448 2414 2493 est
2445 2437 2789 2497 exercitatio,
2817 2450 2879 2488 ea
2914 2434 3175 2502 quoniam
3213 2432 3443 2499 simplex

1869 2544 1970 2596 cst,
2026 2541 2081 2586 et
2117 2531 2183 2584 ad
2227 2529 2538 2583 universam
2580 2524 2751 2579 aciem
2792 2522 3194 2577 accommodari
3243 2529 3442 2589 potest,

1873 2641 2051 2693 neque
2091 2623 2247 2676 facile
2288 2618 2468 2673 cll'erri
2518 2616 2767 2669 hostibus
2805 2625 2897 2667 aut
2931 2614 3195 2682 divulgari
3242 2613 3441 2683 potest,

1869 2717 2007 2773 satis
2039 2729 2167 2768 esse
2204 2712 2471 2766 militibus
2498 2708 2693 2763 idonea
2724 2716 2777 2759 et
2805 2705 3214 2760 accommodata
3240 2711 3442 2773 potest.

1939 2808 1990 2859 4.
2031 2805 2126 2858 Sin
2152 2803 2334 2871 aliqua
2360 2798 2744 2869 Opportunitas
2781 2794 3108 2851 interveniat
3144 2794 3209 2846 ad
3233 2792 3446 2847 excrci-

1852 2890 2131 2957 talioncm
2186 2894 2647 2965 agitationemque
2697 2889 2928 2941 militum
2974 2886 3233 2954 majorem
3266 2883 3444 2937 susci-

1871 2992 2146 3063 piendam,
2195 2987 2428 3042 diversis
2460 2982 2652 3036 innuis
2686 2979 3285 3047 exercitationibusque
3325 2983 3444 3029 tur-

1871 3100 2026 3146 mas,
2087 3081 2341 3135 cohortes
2403 3076 2726 3137 Iuilliarias,
2781 3072 3131 3139 reliquasque
3191 3070 3445 3121 cohortes

1873 3174 2124 3242 agitabis,
2166 3179 2280 3222 tum
2333 3167 2401 3220 iis
2447 3180 2570 3234 qua:
2612 3164 2680 3217 ad
2718 3177 2877 3216 usum
2919 3160 3244 3215 necessariae
3292 3170 3444 3218 sunt,

1873 3271 1984 3313 tum
2019 3258 2085 3311 iis
2115 3272 2235 3325 qua:
2277 3266 2699 3321 supervacanea:
2748 3258 2919 3305 sunt:
2973 3263 3092 3317 quae
3132 3264 3447 3317 quanquam

1872 3349 2022 3401 omni
2050 3355 2293 3414 tempore
2319 3344 2645 3398 necessaria:
2667 3357 2776 3396 nou
2807 3342 2939 3401 sint,
2958 3340 3232 3395 interdum
3263 3348 3447 3393 tamen

1872 3442 2033 3495 utiles
2051 3453 2172 3492 esse
2201 3438 2398 3491 solent.

1944 3534 1997 3587 5.
2028 3530 2332 3600 Unicuique
2357 3530 2492 3584 aciei
2519 3527 3008 3595 exercitationiun
3029 3533 3175 3580 certa
3193 3527 3445 3593 quaedam

1873 3636 1999 3679 uota
2056 3625 2400 3687 adhibeatur,
2442 3633 2500 3675 ut
2535 3621 2626 3690 qui
2676 3622 2728 3674 iu
2763 3619 3081 3688 quotidiana
3126 3619 3442 3672 bellicorum

1875 3722 2119 3767 motuum
2156 3728 2257 3766 usu
2293 3711 2494 3764 milites
2526 3719 2676 3772 sunt,
2707 3709 3140 3776 uniuscujusque
3172 3706 3308 3760 aciei
3338 3706 3447 3758 dir-

1875 3804 2157 3859 l‘ereutiam
2201 3810 2557 3871 cognoscant,
2609 3816 2784 3868 neque
2822 3800 2976 3867 quasi
3030 3798 3304 3868 peregrini
3350 3810 3445 3849 aut

1872 3898 2114 3965 hospites
2167 3895 2449 3963 ignorent,
2502 3893 2723 3961 quando
2767 3892 2971 3961 aliquid
3022 3891 3129 3943 illis
3176 3890 3443 3958 agendum

1873 3990 2206 4060 praecipitur,
2239 4002 2487 4056 quaenam
2533 3985 2879 4053 potissimum
2916 3983 3050 4036 aciei
3100 3982 3273 4034 turma
3328 3982 3446 4048 ipso

1872 4083 1997 4136 belli
2032 4092 2271 4148 tempore
2303 4079 2371 4131 ab
2398 4078 2725 4146 imperalOre
2755 4076 3161 4145 prmscribatur.

1944 4258 2000 4311 6.
2060 4255 2254 4309 Forma
2306 4254 2625 4307 dimercntim
2666 4253 2905 4307 acierum
2951 4252 3145 4320 triplex
3194 4261 3299 4315 est,
3338 4269 3445 4307 una

1873 4352 2045 4413 utilis,
2082 4365 2185 4417 qua
2217 4349 2378 4399 etiam
2414 4346 2643 4399 Romani
2676 4347 2753 4398 uti
2790 4352 3211 4399 consueverunt.
3234 4345 3306 4397 Ea
3337 4355 3442 4407 est,

1872 4458 1992 4512 quae
2039 4441 2297 4494 cohortes
2342 4452 2470 4492 suas
2520 4438 2749 4491 confuse
2794 4438 3113 4502 instructas,
3152 4447 3206 4491 ct
3238 4455 3345 4491 non
3391 4440 3445 4491 in

1876 4534 2196 4604 proclastas,
2251 4532 2303 4584 id
2343 4541 2445 4589 est,
2501 4544 2780 4589 cursores,
2825 4538 2919 4581 aut
2959 4530 3221 4592 vindices,
3256 4530 3306 4582 id
3338 4539 3444 4593 est,

1873 4627 2188 4682 defensores
2234 4624 2406 4677 divisa
2458 4630 2559 4683 est,
2606 4622 2702 4676 sed
2754 4637 2946 4675 omnes
2990 4624 3243 4677 cohortes
3282 4625 3445 4677 simul

1875 4719 2197 4773 instructas.
2230 4729 2404 4781 neque
2437 4716 2489 4765 in
2528 4723 2639 4767 tres
2669 4719 2763 4765 aut
2784 4714 2841 4763 in
2867 4713 3001 4766 duas
3046 4725 3227 4782 partes
3258 4715 3445 4768 distri-

1875 4812 2034 4863 butas
2074 4808 2252 4860 habet.
2283 4809 2399 4870 Qua
2439 4804 2493 4857 in
2528 4813 2680 4872 parte
2728 4802 2942 4857 duobus
2976 4805 3261 4866 cantibus,
3288 4805 3443 4873 quasi

1876 4902 1942 4954 ad
1991 4894 2506 4953 cirmmebulenalos
2562 4896 2719 4961 alios,
2771 4900 2909 4949 satis
2952 4896 3157 4961 justqu
3206 4899 3444 4965 spatium

1874 4992 2240 5061 capientibus,
2270 4999 2324 5044 et
2353 4990 2421 5042 ad
2458 5005 2516 5043 se
2559 4998 2749 5041 mutuo
2779 4989 2977 5041 iterum
3026 4990 3443 5051 reclinantibus,

1871 5080 2120 5134 dextrum
2152 5096 2321 5132 cornu
2370 5079 2631 5140 exterius,
2678 5079 2962 5132 sinistrum
2998 5089 3176 5133 autem
3218 5080 3446 5134 interius

1870 5173 2212 5226 orbiculatim
2244 5171 2573 5225 contrariam
2602 5172 2741 5224 inter
2763 5188 2820 5224 se
2850 5172 3237 5240 profectionem
3257 5174 3442 5225 obam-

1872 5269 2079 5323 bulent.
2111 5267 2226 5332 Qua
2272 5268 2446 5319 forma
2480 5282 2667 5320 mense
2713 5265 2907 5320 Martio
2937 5266 3149 5333 equites
3190 5267 3330 5319 inter
3359 5266 3443 5319 ln-

1867 5361 2100 5414 dendum
2145 5361 2451 5413 utebantur.

1695 5564 1927 5622 ΝΟΪΑΞ.

257 5685 370 5754 (5")
403 5684 458 5738 In
490 5686 612 5739 cml.
642 5684 810 5740 Laur.
839 5695 1061 5755 estcap.
1097 5703 1247 5741 xvui.

258 5755 374 5821 (επ)
412 5756 550 5820 Ilap'
590 5755 774 5824 ὑμῶν.
811 5759 1022 5815 Scribe.
1057 5761 1185 5826 παρ’
1217 5757 1367 5827 ἡμῶν

261 5828 371 5891 ’,53)
411 5827 568 5892 Μηδὲ
597 5827 1093 5889 πουέλυιέζεσθαι.
1115 5830 1482 5894 Scribcbzttur,
1514 5829 1753 5900 μηδέπου

1862 5679 2213 5751 βιγλίζεσθαι.
2241 5678 2299 5733 Et
2330 5698 2447 5734 Inux
2516 5683 2572 5734 ill
2606 5684 2787 5751 μήπου
2809 5683 3091 5750 βικίξεται.
3122 5679 3333 5741 Scribe,
3367 5681 3439 5747 μὴ

1860 5750 2291 5870 πρὲθϐλικίςετλι.
2330 5751 2456 5808 γης
2479 5750 2815 5807 (iussin-ium
2848 5764 3097 5808 nostrum
3128 5754 3182 5806 iu
3217 5754 3435 5803 πουϐλι-

1864 5838 1916 5870 κ.
1958 5837 2059 5870 ειν.

1864 5837 2059 5877 κιρειν.
