4176 6442
741 408 845 470 947
2005 403 2193 464 LEON
2206 403 2275 463 IS
2313 403 2390 463 ΡΙ

2364 403 2412 463 ΙΙ
2423 404 2444 461 1
2455 399 2773 463 LOSOPIII
3178 410 3181 413 ’
3910 403 4010 467 948

812 527 863 576 ’l.
899 522 1019 575 Alia
1052 522 1222 575 forma
1249 528 1351 582 est,
1382 517 1605 588 quando
1635 518 1689 572 in
1725 518 1839 571 acie
1866 532 2124 573 cursores
2146 528 2201 571 et
2227 519 2323 570 de-
2358 521 2401 576 Α

2361 521 2401 576 Α
2501 516 2566 580 ζ’.
2613 517 2677 569 Ἢ
2723 518 2780 569 δὲ
2832 516 2968 587 άλλη
3014 516 3133 569 ἐστὶ
3184 516 3515 585 παράταξις,
3574 520 3703 570 ὅταν
3746 520 3840 571 ἐπὶ
3885 523 4010 587 μιᾶς

740 616 988 671 fensores
1021 617 1367 669 instruuntur
1420 631 1433 665 :
1483 627 1719 679 cumque
1765 611 1845 664 hze
1901 620 2083 680 partes
2138 610 2329 664 divisa:

2429 609 2637 674 τάξεως
2675 611 2980 663 τάσσωνται
3022 610 3127 662 ὑπὸ
3171 609 3488 680 κούρσωρας
3522 611 3613 663 καὶ
3656 610 4009 678 διφένσωρας,

737 707 1000 760 ducentos
1042 710 1135 754 aut
1188 704 1619 771 quadringentos
1648 703 1987 765 contineant,
2045 700 2206 769 longo
2239 699 2326 753 iu-

2429 700 2767 772 διῃρημένας
2821 702 2877 753 δὲ
2922 701 3021 764 τὰς
3064 700 3259 771 μοίρας
3295 701 3404 753 ἀπὸ
3439 699 3504 764 σ’,
3545 701 3577 770 ἥ
3616 700 3680 764 υ’,
3724 700 3861 753 πολὺ
3921 703 4010 754 άλ·

737 795 967 850 tcrvallo
1001 808 1029 845 a
1057 808 1116 846 se
1143 793 1367 852 distent.
1398 798 1453 843 et
1479 791 1624 845 inter
1652 790 1977 845 movendum
2010 791 2153 845 velut
2185 790 2327 845 facto

2429 791 2606 859 λήλων
2642 792 3065 857 ἁποδιεστώσας,
3120 793 3214 844 καὶ
3261 794 3319 845 έν
3364 795 3429 863 τῇ
3462 793 3671 861 κινήσει
3721 793 4010 863 συνελασίᾳ

737 882 950 952 agmine
984 897 1238 936 cursores
1265 881 1330 933 ad
1366 881 1735 950 insequendos
1757 882 1895 934 alios
1926 892 2142 945 exeant,
2166 881 2326 935 dein-

2427 884 2534 936 τῶν
2558 883 2886 954 κουρσὼρων
2938 884 3312 954 ἐξερχομένων
3352 886 3431 947 είς
3482 884 3808 948 καταδίωξιν
3835 928 3849 944 ,
3897 880 4011 938 εἶτα

735 979 802 1031 de
836 977 1081 1041 redeant,
1137 976 1410 1030 interdum
1458 976 1677 1045 quidem
1710 990 1804 1043 pcr
1850 984 2156 1043 opportuna
2209 976 2325 1030 loca

2428 976 2908 1044 ὑποστρεψάντων,
2959 977 3048 1029 ὁτὲ
3092 976 3190 1047 μὲν
3240 977 3320 1038 είς
3369 976 3437 1027 τά
3477 976 3843 1044 διαλείμματα
3897 980 4008 1045 ἦτοι

734 1087 801 1124 eo
834 1072 1164 1130 dilabantur,
1190 1078 1245 1123 et
1274 1070 1436 1123 simul
1467 1083 1590 1121 cum
1621 1065 2008 1121 defensoribus
2031 1067 2323 1119 adversum

2428 1063 2508 1124 εἰς
2538 1063 2606 1114 τά
2631 1061 2869 1132 εὔκαιρα
2911 1064 3086 1133 χωρία
3122 1064 3305 1135 αὐτοῖς
3340 1063 3736 1127 ἐξελίσσεσθαι,
3776 1066 3873 1118 καὶ
3902 1067 4012 1133 ἃμα

739 1164 927 1217 hostes
979 1163 1298 1231 procedant,
1348 1160 1620 1215 interdum
1665 1174 1760 1227 per
1798 1163 1985 1213 eadem
2020 1160 2197 1225 Spatia
2232 1176 2321 1213 re-

2426 1153 2535 1205 τῶν
2561 1153 2912 1224 διφενσώρων
2958 1157 3157 1226 χωρεῖς
3187 1156 3330 1208 κατὰ
3367 1157 3476 1209 τῶν
3530 1157 3758 1225 ἐχθρῶν,
3796 1158 3929 1209 ποτὲ
3959 1157 4011 1208 δὲ

736 1255 919 1315 deant.
961 1263 1015 1307 et
1064 1255 1117 1307 in
1152 1254 1412 1307 extremis
1458 1252 1573 1304 oris
1615 1251 1845 1304 duarmu
1889 1250 2123 1317 partium
2160 1249 2322 1302 iidem

2435 1245 2876 1316 ύποστρέφοντας
2904 1246 2974 1299 δι’
3006 1247 3186 1299 αὐτῶν
3220 1246 3330 1298 τῶν
3350 1247 3737 1315 διαστημάτων
3762 1248 4005 1317 ἀπέρχε-

735 1357 1035 1416 appareant
1057 1349 1147 1418 qui
1182 1356 1305 1401 ante
1336 1346 1390 1398 in
1427 1345 1533 1398 illis
1566 1344 2000 1398 collocabantur.

2427 1336 2573 1401 σθαι,
2615 1339 2711 1391 καὶ
2765 1338 2952 1391 ἐπἰτά
2997 1338 3144 1407 ἄκρα
3173 1337 3266 1391 τοῦ
3299 1339 3500 1408 μέρους
3550 1338 3861 1407 φαίνεσθαι,
3892 1340 4017 1400 τους

2426 1431 2490 1481 ἐκ
2522 1429 2633 1481 τῶν
2654 1429 2747 1481 δύο
2779 1430 2961 1498 μερῶν
2989 1429 3307 1499 κούρσωρας
3337 1430 3569 1482 ἕκαστον
3600 1431 3671 1491 ὡς
3700 1430 3929 1499 ἐτάχθη.

806 1521 859 1575 8.
909 1520 1027 1573 Alia
1070 1520 1243 1572 forma
1299 1528 1406 1582 est,
1448 1519 1671 1588 quando
1714 1534 1821 1571 una
1872 1516 2121 1586 qttmdatn
2175 1515 2323 1569 acies

2493 1519 2564 1589 η’.
2613 1520 2675 1573 Ἡ
2707 1522 2763 1572 δὲ
2799 1522 2961 1591 ἑτέρα
2996 1520 3315 1593 ξπαράταξίς
3358 1522 3529 1583 ἐστιν,
3584 1523 3718 1574 ὅταν
3744 1523 3838 1574 ἐπὶ
3890 1525 4018 1592 μιᾶς

738 1614 1051 1677 instruitur,
1098 1621 1152 1666 et
1190 1612 1368 1666 media
1430 1628 1557 1682 pars
1600 1612 1651 1664 in
1708 1609 2047 1673 defensores,
2101 1610 2325 1678 reliquas

2426 1610 2783 1680 παρατάξεως
2816 1612 3150 1673 τάσσωνται,
3182 1611 3279 1664 zeal.
3313 1612 3345 1681 ἠ
3379 1610 3480 1679 μὲν
3536 1612 3677 1680 μέση
3720 1614 3890 1679 μοῖρα
3944 1616 4018 1673 εἰς

738 1715 920 1772 partes
963 1705 1018 1758 in
1064 1719 1322 1758 cursores
1367 1702 1776 1756 conferuntur:
1816 1700 2016 1756 deinde
2063 1702 2323 1756 excursio

2424 1703 2764 1772 διφένσωρας
2793 1703 3025 1772 γίνεται,
3059 1705 3114 1757 αἱ
3143 1704 3199 1756 δὲ
3239 1703 3586 1772 ἑκατέρωθεν
3621 1703 3795 1771 αὐτῆς
3833 1706 4019 1771 μοῖραι

735 1794 987 1860 qua-dam
1022 1795 1179 1859 quasi
1221 1795 1285 1846 ad
1322 1792 1693 1862 insequendos
1724 1792 1860 1846 alios
1893 1792 2006 1855 fiat,
2042 1800 2096 1847 et
2144 1791 2320 1845 Inedia
2358 1854 2384 1862 _

2372 1855 2392 1862 _
2426 1792 2505 1853 εἰς
2555 1790 2894 1861 κούρσωρας,
2930 1787 3047 1844 εἶτα
3103 1791 3205 1861 τῆς
3262 1792 3481 1855 ἑλασίας
3511 1792 3587 1855 ὡς
3620 1796 3699 1855 είς
3740 1792 4021 1858 ὲπιδίωξιν

736 1902 863 1954 pars
895 1887 1050 1956 quasi
1085 1885 1405 1941 defensores
1438 1896 1833 1956 consequatur,
1880 1884 2107 1954 reliqua:
2139 1892 2321 1952 partes
2358 1854 2385 1908 Ε

2374 1856 2397 1908 ³
2426 1854 2740 1953 γινομένης,
2776 1854 2821 1952 si}
2866 1854 2962 1948 μὲν
2998 1882 3139 1954 μέση
3162 1854 3337 1955 ’μοῖρα
3369 1886 3426 1937 ὲν
3464 1884 3615 1950 τάξει
3656 1854 4023 1938 ἐπακολουθεῖ

737 1980 994 2046 Ltrinque
1038 1979 1196 2047 quasi
1244 1993 1506 2032 cursores
1548 1984 1768 2037 exeant,
1802 1982 1920 2028 tum
1954 1976 2007 2028 iu
2044 1974 2323 2028 redeundo

2426 1975 2499 2037 ὡς
2519 1975 2870 2044 διφένσωρες,
2890 1976 3019 2029 αἰδὲ
3037 1976 3379 2047 ἑκατέρωθεν
3398 1979 3581 2047 μοῖραι
3607 1978 3681 2039 ὡς
3706 1977 4020 2049 κούρσωρες

738 2086 845 2123 una
895 2086 1021 2140 pars
1060 2080 1353 2125 cunctatur
1378 2112 1391 2135 ,
1427 2078 1481 2124 et
1517 2068 1698 2123 tardat
1745 2067 1907 2133 foris,
1948 2069 2121 2120 altera
2165 2066 2324 2137 quasi

2427 2067 2757 2137 εξέρχονται.
2786 2062 2914 2120 Εἶτα
2944 2069 3004 2120 ὲν
3026 2067 3103 2138 τῷ
3135 2067 3502 2138 ὑποστρέφειν
3536 2070 3570 2138 ὴ
3605 2070 3703 2137 μὲν
3726 2069 3829 2138 μία
3858 2071 4023 2139 μοῖρα

740 2166 883 2217 facto
906 2165 1119 2233 agmine
1148 2164 1296 2218 cedit
1337 2164 1404 2217 ad
1432 2163 1774 2225 defensores,
1818 2170 1872 2215 et
1905 2175 2107 2216 cursus
2144 2174 2327 2229 proce-

2431 2162 2603 2231 μένει,
2663 2164 2779 2233 ἦτοι
2828 2162 3158 2233 ὲμϐραδύνει
3216 2162 3343 2229 ἔξω,
3375 2163 3410 2232 ἡ
3454 2163 3511 2217 δὲ
3551 2162 3686 2235 ἄλλη
3726 2166 4019 2235 συνελασία

736 2257 899 2311 dente
926 2256 1038 2324 jam
1067 2270 1129 2309 ea
1156 2270 1276 2325 qua:
1302 2254 1555 2310 constitit
1588 2253 1909 2308 defensores
1938 2269 2152 2315 versus,
2192 2252 2326 2306 alte-

2426 2252 2763 2323 ὑποστρέφει
2798 2253 2873 2317 ὡς
2911 2254 3007 2306 ἐπὶ
3049 2255 3177 2317 τοὺς
3219 2254 3581 2324 διφένσωρας,
3615 2256 3709 2308 καὶ
3748 2256 3919 2310 πάλιν
3944 2274 4022 2309 κι-

738 2362 798 2399 ra
856 2347 908 2400 iu
955 2361 1245 2401 occursum
1297 2346 1446 2399 illius
1492 2360 1726 2399 currens
1768 2358 1865 2412 per
1904 2358 2066 2396 unam
2116 2349 2325 2411 partem

2428 2343 2577 2397 νοῦσι
2600 2344 2698 2414 τῆς
2729 2345 3108 2415 άπομεινάσης
3139 2344 3216 2408 ὡς
3250 2344 3387 2414 πρὸς
3416 2346 3545 2409 τοὺς
3566 2345 3912 2419 διφένσωρας
3938 2362 3955 2377 ⁶
3991 2349 4023 2417 ἡ

740 2438 957 2503 transit,
991 2445 1154 2506 atque
1184 2438 1284 2490 hoc
1313 2438 1477 2490 modo
1513 2450 1619 2489 una
1654 2450 1780 2504 pars
1815 2433 1971 2487 alteri
2001 2448 2066 2486 cx
2092 2432 2328 2487 adverso

2429 2434 2561 2503 ἄλλη
2613 2434 2689 2496 ὡς
2740 2435 2819 2496 είς
2872 2433 3179 2503 ἀπάντησιν
3230 2434 3502 2504 τρέχουσα
3549 2434 3617 2488 δι’
3657 2434 3778 2499 ἑνὸς
3824 2438 4022 2507 μέρους

739 2544 866 2583 esse
899 2529 1197 2593 invenitur,
1232 2542 1356 2581 cum
1396 2526 1611 2596 seipsas
1652 2540 1760 2578 non
1788 2525 2015 2594 pellant.

2433 2526 2749 2596 ἐπέρχεται,
2776 2525 2873 2577 καὶ
2896 2525 2976 2594 τῷ
3009 2525 3198 2597 τρόπῳ
3222 2524 3398 2596 τούτῳ
3434 2527 3533 2595 μία
3559 2528 3819 2598 παραμία
3856 2530 4021 2601 μοῖρα

2428 2615 2833 2685 ἀντιπρόσωποι
2855 2614 3102 2688 ἀλλήλων
3127 2615 3499 2687 εὑρίσκονται,
3540 2620 3617 2689 μὴ
3647 2619 4017 2689 ἔγκρούουσαι

2432 2708 2656 2769 ἑαυταῖς
2666 2748 2677 2757 .

808 2794 862 2849 9.
894 2794 1012 2847 Alia
1036 2795 1285 2864 qumdam
1313 2792 1484 2847 forma
1504 2799 1587 2846 est
1619 2790 1747 2845 huic
1773 2788 2000 2845 omnino
2024 2788 2327 2848 contraria,

2504 2796 2570 2852 θ’,
2604 2797 2793 2849 Ἔστιν
2838 2796 2897 2849 δὲ
2947 2797 3044 2850 καὶ
3095 2797 3231 2869 άλλη
3266 2798 3633 2871 ὁμοιότροπος
3662 2799 3837 2871 αὐτῆς
3857 2802 3941 2865 εἰς
3970 2803 4028 2855 τὸ

742 2902 862 2955 qua:
919 2886 1151 2940 mediam
1224 2894 1434 2954 partem
1498 2898 1756 2937 cursores
1820 2881 2030 2947 habet,
2094 2880 2333 2949 reliquas

2433 2889 2677 2944 ἐναντίον
2701 2890 3038 2961 τασσομένη,
3100 2890 3349 2944 τουτέσιν
3372 2893 3471 2962 τὴν
3501 2892 3600 2961 μὲν
3631 2893 3805 2962 μέσην
3833 2897 4028 2964 μοῖραν

745 2980 1003 3048 utrinque
1032 2988 1214 3047 partes
1249 2979 1316 3031 ad
1361 2976 1685 3031 defensores
1718 2974 1951 3029 confert.

2433 2980 2759 3053 κούρσωρας
2808 2981 3028 3049 ἔχουσα,
3081 2981 3182 3045 τὰς
3211 2983 3269 3035 δὲ
3312 2983 3657 3051 ἑκατέρωθεν
3706 2983 3802 3037 δύο
3833 2986 4026 3055 μοίρας

2434 3072 2797 3141 διφένσωρας,
2830 3075 2888 3125 ὲν
2915 3075 3037 3135 ταῖς
3070 3070 3394 3142 εἰρημέναις
3422 3074 3724 3143 κινήσεσιν.

812 3159 900 3213 10.
925 3157 1198 3212 Cunsucta
1225 3156 1341 3209 hmc
1375 3153 1636 3208 Romanis
1677 3152 1825 3206 acies
1856 3151 2120 3204 adversus
2145 3162 2334 3202 omnes
2362 3195 2405 3252 C

2380 3195 2405 3252 3
2514 3158 2564 3213 ι’.
2600 3159 2667 3212 Ἠ
2699 3158 2884 3228 μέντοι
2918 3160 3156 3229 συνήθης
3191 3160 3487 3230 Ῥωμαίοις
3512 3162 3664 3226 τάξις
3698 3163 3795 3217 καὶ
3820 3181 4029 3233 γυμνα-

745 3252 999 3307 nationes
1052 3250 1200 3304 utilis
1250 3258 1301 3302 et
1364 3246 1653 3302 commoda
1700 3260 1824 3298 esse
1858 3242 2071 3295 videtur
2114 3240 2336 3309 quando
2366 3240 2394 3252 “

2379 3240 2405 3252 ﬂ
2444 3251 2533 3305 σία
2562 3250 2701 3322 αὕτη
2750 3253 2889 3321 πρὸς
2922 3253 3031 3305 πᾶν
3055 3251 3208 3315 ἔθνος
3250 3252 3533 3322 ἐπιτηδεία
3562 3255 3693 3323 ἡμῖν
3726 3256 3981 3324 φαίνεται
4014 3273 4028 3287 ·

747 3345 895 3399 acies
956 3345 1008 3397 in
1072 3351 1509 3413 propugnatores
1558 3350 1611 3392 et
1662 3336 2063 3397 subsidiarios,
2111 3334 2163 3386 id
2225 3341 2333 3397 est,

2442 3344 2720 3398 τουτέστιν
2770 3344 2899 3397 ὅταν
2940 3345 3018 3406 εἰς
3060 3342 3155 3395 δύο
3206 3343 3391 3409 τάξεις
3446 3346 3527 3407 εἰς
3564 3346 3886 3415 προμάχους
3938 3351 4031 3401 καὶ

748 3451 1003 3490 cursores
1047 3443 1103 3489 et
1129 3435 1469 3496 defensores,
1504 3433 1803 3493 lateranos,
1835 3428 2175 3487 cornistites,
2219 3430 2336 3477 ter-

2447 3434 2673 3504 βοηθοὺς
2716 3434 2973 3487 τάσσεται
3003 3434 3108 3485 ύπδ
3130 3434 3475 3505 κούρσωρας,
3524 3437 3618 3489 καὶ
3653 3438 4027 3509 διφένσωρας,

751 3528 987 3594 gistites,
1019 3535 1074 3581 et
1106 3525 1337 3580 insidias
1363 3523 1647 3586 dividitur,
1681 3517 2139 3591 quemadmodum
2169 3529 2337 3584 supra

2446 3527 2539 3579 καὶ
2567 3526 3015 3595 πλαγιοφύλακάς
3059 3543 3118 3578 τε
3160 3526 3253 3578 καὶ
3298 3528 3753 3597 ύπερκεράστας,
3795 3533 3894 3584 καὶ
3948 3534 4030 3585 έν-

752 3634 783 3673 ιι
813 3622 898 3675 me
921 3628 1413 3673 commemoratum
1446 3625 1551 3673 est.

2445 3617 2653 3687 έδρους,
2687 3619 2781 3670 καὶ
2806 3616 3219 3685 νωτοφύλακας,
3252 3618 3395 3672 κατὰ
3432 3619 3523 3671 τὸν
3550 3621 3742 3692 πρώην
3772 3621 4034 3692 λεχθέντα

2446 3710 2579 3777 ἡμῖν
2607 3727 2632 3761 τ
2644 3710 2829 3780 ρόπον.

825 3800 913 3854 ll.
948 3798 1039 3853 llze
1089 3798 1516 3854 exercitationes
1559 3797 1640 3852 sic
1691 3795 2062 3866 suscipienda:
2099 3801 2250 3858 sunt,
2287 3804 2343 3848 ut

2521 3798 2611 3853 ια’.
2641 3800 2759 3870 Χρὴ
2796 3796 2890 3854 οὖν
2915 3803 2948 3871 ἦ
2974 3803 3071 3867 τάς
3102 3802 3400 3873 εἰρημένας
3424 3802 3690 3871 διαφοράς
3713 3804 3825 3855 τῶν
3856 3823 4032 3875 παρα-

755 3908 824 3948 ne
853 3893 1101 3949 hostibus
1131 3900 1272 3946 uota:
1311 3900 1724 3961 pervagataeque
1755 3890 1909 3943 fiant.
1960 3887 2140 3941 Prima
2180 3886 2348 3956 igitur

2447 3889 2654 3955 τάξεων
2690 3890 2891 3954 ἐθίζειν
2916 3892 3007 3946 τὸν
3035 3894 3285 3964 στρατὸν,
3321 3895 3406 3947 ἴνα
3450 3895 3526 3966 μὴ
3562 3896 4034 3968 πουσλικίζεταιή

754 3984 905 4039 acies
944 3983 1237 4044 instructa,
1274 3981 1568 4037 secundam
1607 3981 1768 4035 simul
1812 3995 1999 4034 secum
2028 3978 2202 4032 aciem
2235 3994 2344 4031 non

2447 3981 2874 4054 ἀναγκαιοτέρα,
2901 3983 2933 4053 ἢ
2970 3984 3073 4053 τῆς
3107 3984 3333 4055 πρώτης
3360 3985 3565 4050 τάξεως
3593 3987 4034 4057 γυμναζομένης.

759 4076 977 4140 habeat,
1015 4074 1110 4129 sed
1141 4078 1381 4144 seipsam
1414 4074 1611 4137 solam,
1644 4073 1765 4127 sine
1798 4070 2064 4125 lateranis
2084 4080 2137 4123 et
2159 4069 2345 4122 corni-

2446 4072 2546 4141 τὴν
2590 4072 2847 4143 δευτέραν
2889 4074 3042 4138 τάξιν
3093 4076 3168 4146 μὴ
3223 4077 3409 4147 φέρειν
3465 4078 3605 4146 μετὰ
3652 4078 3849 4147 αὐτῆς,
3901 4080 4034 4133 ἀλλά

758 4167 1003 4232 stitibus,
1031 4167 1151 4222 sine
1177 4165 1543 4234 terglstitibus
1575 4173 1629 4217 et
1680 4164 1917 4226 insidiis,
1967 4176 2090 4231 quae
2128 4160 2344 4215 exerci-

2452 4165 2620 4235 μόνην
2653 4166 2752 4237 τὴν
2780 4165 3005 4236 πρώτην
3030 4166 3158 4219 ἄνευ
3186 4167 3644 4234 πλαγιοφυλάκων
3674 4170 3769 4221 καὶ
3800 4171 4034 4241 ὑπερκε-

760 4261 894 4313 tatio
946 4260 1182 4313 maxime
1222 4258 1449 4327 simplex
1498 4269 1553 4311 et
1604 4257 1912 4311 necessaria
1970 4255 2235 4307 videtur:
2290 4259 2346 4307 ct

2452 4257 2664 4325 ραστῶν
2709 4257 2955 4326 δηλονότι
3011 4259 3105 4311 καὶ
3166 4259 3399 4328 ένέδρων
3460 4260 3556 4312 καὶ
3614 4262 4035 4329 νωτοφυλάκων,

759 4353 879 4407 vice
927 4354 1179 4409 secundae
1220 4353 1380 4416 aciei,
1434 4352 1783 4407 mediocriter
1831 4350 2125 4405 intervallo
2175 4349 2345 4401 inter-

2446 4348 2583 4418 ὅπερ
2635 4346 2797 4401 πλέον
2844 4349 2976 4419 ἡμῖν
3031 4348 3403 4419 ἁπλούστερον
3466 4350 3559 4401 καὶ
3608 4350 4037 4420 ἀναγκαιότερον

757 4446 925 4513 jecto.
963 4460 1168 4515 paucos
1198 4446 1465 4515 quosdam
1497 4445 1712 4515 equites
1744 4458 1772 4495 a
1810 4451 1966 4513 tergo
2009 4441 2345 4495 constitutos
2380 4489 2406 4515 τ

2392 4489 2424 4515 η
2450 4438 2723 4504 φαίνεται,
2772 4438 2908 4491 ἀλλὰ
2951 4438 3076 4491 τότε
3120 4439 3241 4493 ἀντὶ
3277 4440 3376 4508 τῆς
3407 4440 3663 4507 δευτέρας
3689 4441 3904 4507 τάξεως
3936 4443 4041 4494 ὀλί-

764 4537 1020 4601 habeant,
1081 4536 1145 4590 ad
1177 4552 1319 4608 quos
1368 4552 1428 4591 se
1478 4536 1721 4604 recipere
1776 4535 2016 4589 discant.
2070 4530 2343 4595 Similiter
2384 4529 2413 4543 "

2392 4529 2422 4543 ν
2451 4545 2580 4596 γους
2632 4529 3032 4600 καϐάλλαρίους
3078 4532 3435 4599 σχηματικῶς
3470 4531 3695 4584 θπισθεν
3727 4534 3905 4601 ίστᾷν,
3959 4535 4041 4586 ῖνα

764 4629 1056 4699 separatim
1086 4628 1383 4685 secundam
1413 4629 1584 4682 aciem
1612 4628 1868 4690 inStrues,
1892 4634 1947 4679 et
1983 4639 2190 4695 paucos
2219 4631 2344 4677 ante

2453 4625 2590 4693 πρὸς
2626 4624 2689 4676 τὸ
2727 4623 3002 4692 διάστημα
3032 4625 3209 4676 έκεῖνο
3246 4621 3537 4685 ἐθίζωνται
3583 4624 3956 4692 προσφεύγειν
3995 4627 4040 4676 οἱ

765 4724 975 4792 equites
1002 4722 1324 4784 collocabis,
1376 4732 1434 4777 ut
1470 4723 1647 4777 discat
1677 4720 1915 4776 secunda
1954 4719 2102 4773 acies
2137 4730 2232 4771 eos
2262 4714 2345 4767 fu-

2452 4719 2554 4785 τῆς
2585 4714 2808 4785 πρώτης
2844 4712 3064 4777 τάξεως.
3108 4712 3342 4781 Ὁμοίως
3368 4712 3423 4763 δὲ
3451 4711 3578 4783 ίίδίᾳ
3608 4712 3703 4764 καὶ
3731 4713 3834 4783 τὴν
3861 4714 4039 4767 δευτέ-

765 4816 976 4884 gientes
1008 4814 1201 4871 idonee
1226 4815 1490 4884 recipere.

2458 4822 2557 4875 ραν
2590 4803 2743 4868 τάξιν
2770 4802 3072 4872 γυμνάζεις
3109 4801 3206 4855 καὶ
3243 4801 3457 4868 ὀλίγους
3491 4803 3549 4854 ὲν
3585 4800 3736 4865 τάξει
3766 4803 3871 4871 τῆς
3895 4802 4040 4873 πρώ-

765 4923 866 4975 της
900 4907 1106 4972 τάξεως
1156 4908 1331 4968 ποιεῖς
1384 4907 1502 4976 ἦτοι
1541 4903 1893 4975 προτάσσεις,
1924 4902 2011 4955 ἵνα
2056 4902 2301 4972 ἐθίζηται
2341 4897 2631 4972 ἡδευτέρα
2660 4894 2922 4958 ὡσαύτως
2948 4895 3077 4957 τοὺς
3116 4893 3214 4963 τῆς
3244 4891 3468 4961 πρώτης
3497 4892 3704 4955 τάξεως
3766 4892 4043 4962 καταφεύ-

768 5014 963 5067 γοντας
996 5000 1075 5061 είς
1104 4998 1299 5061 αὐτοὺς
1337 4996 1608 5067 δέχεσθαι.
3420 5034 3423 5037 η

842 5090 929 5144 12.
980 5088 1219 5145 Possunt
1262 5091 1428 5146 etiam
1472 5090 1702 5144 laterani
1744 5096 1799 5143 et
1838 5089 2157 5145 cornistites
2189 5105 2344 5145 suam

2512 5078 2615 5151 «β’.
2651 5077 2888 5131 Δυνατδν
2919 5076 2976 5129 δὲ
3010 5075 3158 5137 ἰδίως
3197 5074 3296 5128 καὶ
3328 5074 3455 5136 τοὺς
3481 5071 3934 5140 πλαγιοφύλακας
3956 5078 4043 5128 καὶ

773 5183 1067 5252 quamdam
1114 5192 1241 5238 ante
1293 5184 1495 5238 bellum
1540 5181 1741 5237 habere
1784 5182 2254 5247 exercitationem,
2290 5189 2350 5236 ut

2452 5174 2580 5234 τοὺς
2621 5168 3038 5239 ὑπερκεράστας
3086 5165 3185 5237 τὴν
3238 5166 3374 5219 ἰδίαν
3413 5166 3567 5229 τάξιν
3605 5165 3699 5217 καὶ
3738 5166 4044 5235 γυμνασίαν

779 5277 881 5330 hoc
928 5276 1089 5331 modo
1142 5276 1435 5331 universus
1489 5274 1763 5330 exercitus
1811 5289 2001 5328 omnes
2060 5273 2127 5327 ad
2172 5281 2353 5327 motus

2458 5264 2569 5333 πρὸ
2593 5261 2687 5315 τοῦ
2725 5260 2963 5330 πολέμου
2993 5261 3166 5311 ποιεῖν
3196 5275 3210 5288 ο
3244 5258 3331 5311 ίνα
3357 5257 3454 5309 καὶ
3474 5255 3721 5325 ἐθίζηται
3748 5259 3779 5308 ὁ
3819 5256 4043 5327 στρατὸς

781 5368 1041 5424 assuetiat
1079 5386 1093 5421 :
1134 5368 1188 5421 hi
1238 5375 1419 5420 tamen
1467 5366 1690 5420 minime
1732 5365 1984 5419 hostibus
2022 5374 2115 5418 aut
2140 5365 2356 5420 ueteris

2463 5355 2603 5425 πρὸς
2624 5353 2725 5415 τὰς
2762 5352 3028 5420 κινήσεις,
3058 5349 3156 5403 καὶ
3192 5349 3267 5419 μὴ
3298 5347 3756 5411 πουὸλικίξωνται
3796 5350 3879 5410 εἰς
3926 5347 4045 5403 τοὺς

783 5462 961 5527 palam
991 5458 1141 5511 liaut.
1171 5457 1281 5513 lloc
1314 5459 1425 5523 tiet,
1451 5457 1495 5510 si
1526 5456 1867 5517 cornistites,
1892 5454 1946 5509 id
1971 5463 2077 5519 est,
2110 5455 2202 5525 qui
2235 5455 2359 5509 dex-

2465 5445 2693 5517 ὲχθροὺς
2737 5445 2791 5496 αἱ
2830 5441 3111 5511 χρειώδεις
3159 5438 3519 5511 παρατάξεις,
3560 5437 3845 5489 τουτέστιν
3888 5438 3971 5488 ἴνα
4000 5437 4045 5486 οῖ

787 5526 922 5604 tram
974 5549 1028 5603 in
1076 5558 1281 5618 partem
1330 5549 1395 5603 ad
1427 5547 1935 5602 circumcludeudos
1980 5548 2165 5602 hostes
2199 5546 2372 5601 collo-

2474 5535 2881 5605 ὑπερκεράσται
2927 5533 3093 5603 ἤγουν
3128 5532 3177 5585 οἱ
3209 5531 3301 5584 ἐπὶ
3329 5530 3422 5583 τοῦ
3465 5527 3640 5592 δεξιοῦ
3674 5528 3878 5599 μέρους
3918 5526 4048 5595 πρὸς

787 5651 1006 5706 cantur,
1038 5642 1155 5696 sive
1187 5640 1378 5694 dextro
1411 5654 1585 5694 cornu
1637 5640 1777 5692 clam
1824 5646 2225 5709 supponantur,
2256 5638 2370 5691 sive

2470 5631 2571 5699 τὴν
2604 5625 2875 5680 κύκλωσιν
2920 5623 3030 5676 τῶν
3073 5622 3349 5693 πολεμίων
3386 5621 3644 5686 ἑστῶτες,
3682 5620 3793 5671 εἴτε
3820 5618 4048 5671 ὑποτάσο

795 5750 824 5786 a
857 5732 1025 5784 latere
1052 5730 1334 5799 aequaliter
1362 5745 1485 5783 cum
1519 5728 1695 5783 fronte
1718 5729 1851 5783 aciei
1884 5730 2249 5791 instruautttr,
2277 5726 2367 5778 ubi

2474 5734 2656 5774 σονται
2698 5714 3068 5777 λανθανόντως
3104 5715 3181 5785 τῷ
3209 5713 3368 5784 δεξιῷ
3410 5713 3627 5783 κέρατι,
3667 5710 3777 5763 εῖτε
3823 5711 3887 5761 ὲκ
3919 5708 4048 5759 πλε·

794 5821 1014 5875 oceusiu
1050 5836 1218 5874 cornu
1269 5819 1586 5875 transeundi
1648 5820 1711 5874 ad
1771 5820 2131 5875 iurlmlcndos
2186 5819 2369 5873 hostes

2472 5813 2590 5878 γίυυ
2639 5806 3080 5878 παρατάσσυνται
3129 5805 3505 5878 ἰσομετὼπως,
3532 5805 3664 5857 ὅταν
3708 5798 3923 5870 καιρὸς,
3965 5796 4047 5864 γέ-
