4176 6442
157 379 271 445 M9

1199 378 1530 436 TACTICA.
1563 399 1631 409 -
1664 375 2170 436 CONSTITUTIO
2209 377 2430 437 XVIII.

3313 383 3420 446 950

158 513 324 564 νηται
347 495 444 564 τῆς
477 493 919 564 ὑπερκεράσεως,
945 492 1038 545 ἐπὶ
1061 492 1188 562 δόρυ
1215 493 1500 552 κλίναντας
1522 489 1739 552 αὐτοὺς,

1846 498 1949 550 est,
1985 493 2048 544 ad
2098 491 2310 544 hastam
2339 488 2695 556 declinantes,
2735 491 2930 546 deinde
2959 491 3274 546 universum
3302 510 3423 561 spa-

158 585 284 641 εῗτα
319 589 446 640 ὅσον
468 587 692 638 ἀπαιτεῖ
727 588 762 653 ἠ
794 584 952 654 χρεία
989 571 1268 654 διάστημα
1309 581 1746 652 περιπατοῦντας

159 676 340 738 οὕτως
371 677 452 736 είς
477 675 636 745 ὀρθὸν
679 673 1248 743 ἀποκαθισταμένους,
1291 677 1460 726 κινεῖν
1492 675 1548 724 ἐν
1575 671 1746 736 τάξει,

160 768 258 818 καὶ
292 765 622 829 σπουδάζειν
663 764 868 817 ὡσανεὶ
904 767 1003 834 τὴν
1041 765 1148 816 τῶν
1191 764 1447 818 ἐναντίων
1475 762 1626 826 τάξιν
1656 779 1750 813 πε-

157 857 542 925 ριλαμὸάνειν.

235 946 328 1014 ιγ’.
371 947 541 1001 Πάλιν
579 947 636 1000 δὲ
669 948 795 1009 τοὺς
839 947 1290 1017 πλαγιοφύλακας
1316 940 1442 1014 τούς
1471 951 1612 1004 κατά
1645 954 1738 1005 τοῦ

157 1039 462 1107 ἀριστεροῦ
498 1040 701 1107 μέρους
734 1040 1099 1108 τασσομένους
1145 1042 1366 1110 ὁμοῖως,
1401 1043 1509 1094 ἐπὶ
1525 1060 1751 1095 σκουτα-

159 1133 296 1201 ρίων
323 1131 625 1196 κλίνοντας,
662 1125 779 1184 εἶτα
808 1132 931 1183 ὅσον
971 1133 1244 1200 ἀπαιτεῖὴ
1281 1133 1439 1202 χρεία
1477 1134 1748 1204 διάστημα

162 1221 612 1291 περιπατοῦντας
637 1221 808 1281 οὕτως
837 1223 916 1283 είς
955 1223 1112 1293 ὀρθὸν
1145 1223 1630 1287 ἀποκαθίστασθαι,
1659 1227 1751 1275 καὶ

160 1314 420 1365 σπεύδειν
452 1313 650 1364 ὡσανεὶ
681 1312 759 1382 τῷ
806 1314 1034 1382 ἐναντίῳ
1074 1314 1261 1382 κέρατι
1293 1315 1399 1364 τῶν
1441 1316 1748 1383 ὐπερκερα-

163 1405 310 1455 στῶν
341 1403 672 1465 ἐξισοῦσθαι.

230 1493 318 1547 ιδ’.
355 1493 572 1555 Ταύτας
596 1493 653 1546 δέ
701 1511 784 1547 σοι
827 1493 926 1556 τὰς
951 1494 1215 1563 διαφορὰς
1242 1493 1348 1545 τῶν
1391 1492 1750 1562 παρατάξεων

161 1585 619 1654 ὐπεσημάναμεν,
654 1602 700 1637 ω
731 1584 1024 1655 πρατηγέ,
1055 1583 1143 1635 ἵνα
1172 1585 1228 1635 ἐν
1265 1581 1444 1651 καιρῷ
1469 1582 1750 1650 εὐκαιρίας

160 1674 351 1743 seum;
373 1676 466 1727 καὶ
495 1677 552 1726 ἐν
578 1675 771 1736 αὐταῖς
809 1672 1179 1740 γυμνάζεσθαι
1203 1673 1263 1724 τὸ
1291 1673 1620 1743 στράτευμα,
1657 1673 1750 1724 καὶ

161 1766 310 1833 ἔχειν
342 1766 566 1818 πλείονα
593 1765 888 1835 ἐμπειρίαν
909 1766 1006 1835 τῆς
1032 1764 1140 1816 τῶν
1172 1764 1426 1832 πολέμων
1463 1764 1748 1832 τακτικῆς,

160 1857 306 1908 ὥστε
333 1859 424 1909 καὶ
455 1857 512 1908 ἐν
537 1874 646 1908 τισι
670 1856 939 1920 πολλάκις
970 1855 1327 1925 περιστάσεσι
1356 1856 1634 1925 χρειώδεις
1666 1872 1745 1907 σοι

160 1947 538 2017 εὑρίσκεσθαι,
574 1950 702 2002 ὅταν
723 1948 897 2008 οὕτως
928 1950 962 2016 ἡ
990 1948 1149 2017 χρεία
1181 1947 1357 2000 καλεῖ.

233 2038 316 2091 ιε’.
345 2039 456 2093 Καὶ
486 2040 676 2109 ἐτέρας
719 2039 777 2092 δὲ
817 2039 1110 2108 διαφόρους
1147 2040 1501 2107 παρατάξεις,
1534 2040 1627 2091 καὶ
1649 2040 1746 2091 ὅσα

161 2130 280 2182 εέον
316 2131 584 2200 πράσσειν
636 2147 694 2183 σε
733 2131 874 2200 ὺπέρ
911 2148 971 2183 τε
1012 2129 1104 2183 τοῦ
1143 2131 1346 2183 οίκείου
1386 2130 1615 2200 στρατοῦ
1655 2133 1748 2183 καὶ

161 2221 306 2272 κατά
333 2221 443 2274 τῶν
473 2221 768 2290 πολεμίων⁹
790 2221 865 2284 ὡς
894 2223 951 2272 ἐν
977 2221 1188 2274 ἐκθέσει
1235 2221 1584 2290 διατάξομεν,
1614 2225 1747 2285 ὅσας

157 2313 268 2363 ἀπὸ
321 2312 594 2382 διαφόρων
642 2313 810 2364 ἐθνῶν
858 2315 921 2365 ἐκ
972 2312 1071 2381 τῆς
1126 2311 1324 2382 πείρας
1384 2312 1641 2382 Ῥωμαῖοι
1691 2315 1748 2365 ἐν

158 2405 360 2468 γνώσει
427 2405 732 2474 παρέλαϐον
758 2447 773 2471 ,
822 2406 907 2457 ἵνα
959 2403 1233 2474 γινώσκῃς
1306 2404 1509 2466 ταύτας
1557 2406 1616 2456 ἐν
1672 2403 1750 2472 τῷ

158 2493 330 2546 δέοντι
363 2495 464 2564 μὲν
487 2496 666 2566 καιρῷ
711 2495 948 2565 χρῆσθαι
993 2496 1134 2563 ὑπὲρ
1181 2495 1432 2558 σεαυτοῦ,
1483 2496 1653 2548 ἐνίοτε
1691 2496 1748 2547 δέ

157 2584 266 2636 τῶν
319 2586 592 2654 πολεμίων
620 2587 811 2648 αὐταῖς
839 2586 1136 2657 χρωμένων
1173 2585 1314 2654 ὑπὲρ
1348 2585 1558 2638 ἑαυτῶν
1597 2586 1750 2638 ἀντι-

159 2676 510 2744 μηχανᾶσθαι
545 2678 666 2729 κατ’
690 2677 891 2730 αὐτῶν.

229 2773 330 2827 ις’.
368 2767 504 2821 Ἰσθι
548 2767 664 2832 οὖν,
701 2763 745 2821 ὦ
776 2768 1066 2838 πρστηγέ,
1093 2770 1175 2822 ὅτι
1205 2768 1262 2820 οὐ
1298 2767 1456 2837 μόνον
1492 2768 1557 2821 σύ
1593 2769 1750 2832 αὐτὸς

159 2855 402 2921 ὀφείλεις
422 2851 561 2909 εἶναι
586 2859 873 2920 σπουδαῖος
900 2857 1011 2926 (59)
1045 2860 1138 2910 καὶ
1168 2857 1338 2926 φιλῶν
1367 2859 1466 2926 τὴν
1491 2861 1746 2928 πατρίδα,

155 2945 252 2997 καὶ
292 2946 433 3014 ὑπὲρ
463 2947 559 3016 τῆς
592 2948 756 3017 ὀρθῆς
813 2949 920 3000 τῶν
958 2949 1297 3016 Χριστιανῶν
1338 2949 1570 3012 πίστεως
1609 2951 1748 3003 ἐτοι-

163 3054 283 3104 μος,
323 3039 373 3088 εί
402 3037 463 3089 οὖ
476 3055 580 3099 τως
625 3039 801 3108 τύχοι,
851 3041 943 3092 καὶ
971 3040 1140 3110 αὐτὴν
1179 3040 1278 3109 τὴν
1305 3038 1484 3108 ψυχὴν
1513 3040 1745 3106 τιθέναι,

1852 582 1986 633 tium
2043 590 2305 648 quantum
2358 582 2660 636 necessitas
2704 586 2944 651 postulat
2992 585 3423 647 inambulantes,

1851 672 2055 725 directe
2104 673 2300 724 iterum
2356 671 2406 724 iu
2441 673 2556 726 acie
2593 681 2868 736 moveant,
2900 681 2953 726 et
2985 675 3220 728 hostium
3253 675 3426 726 aciem

1853 761 2223 814 intercludere
2259 773 2545 816 conentur.

1929 944 2008 997 l5.
2047 941 2258 995 Rursus
2289 941 2513 994 lateraui
2551 944 2615 996 ad
2654 944 2935 997 sinistram
2979 950 3187 1010 partem
3225 944 3427 995 instru-

1851 1038 1944 1098 cti,
1971 1046 2024 1090 et
2065 1036 2130 1088 ad
2159 1047 2311 1090 scuta
2345 1036 2703 1094 declinantes.
2733 1047 2784 1088 et
2829 1037 2960 1089 illud
3002 1036 3146 1104 quod
3175 1049 3310 1102 opus
3346 1045 3428 1088 est

1853 1129 2088 1196 Spatium
2125 1128 2488 1190 ambulantes,
2540 1144 2731 1181 rursus
2766 1129 2972 1183 directe
3021 1129 3338 1198 procedant,
3375 1135 3427 1180 et

1851 1231 2124 1273 conentur
2157 1221 2505 1274 cornistituln
2539 1220 2767 1274 adverso
2807 1236 2976 1275 cornu
3025 1221 3320 1290 exa'quari.

1922 1490 2007 1543 M.
2044 1489 2152 1543 llas
2200 1489 2317 1551 tibi,
2349 1488 2666 1557 imperator.
2693 1489 2933 1542 acierum
2968 1489 3305 1542 differentias
3349 1489 3425 1541 id-

1850 1583 2000 1634 circo
2023 1581 2411 1649 explicuimus,
2447 1589 2504 1633 ut
2531 1593 2841 1649 opportuno
2881 1590 3127 1649 tempore
3159 1582 3421 1634 assueliat

1853 1674 1974 1725 istis
2013 1672 2296 1725 exercitus
2337 1680 2486 1733 tuus,
2524 1679 2577 1724 et
2633 1673 2894 1740 majorem
2947 1674 3266 1726 bellicorum
3308 1690 3424 1725 mo-

1854 1773 2005 1816 tuum
2043 1765 2291 1834 peritiam
2325 1763 2549 1824 habeas.
2590 1773 2647 1816 ut
2677 1765 2860 1818 multis
2906 1767 3232 1818 necessariis
3266 1766 3426 1818 rebus

1787 1831 1824 1884 Β
1855 1870 1996 1920 saepe
2026 1853 2514 1909 circumstantibus
2567 1855 2715 1908 utilis
2746 1854 2940 1907 horum
2977 1871 3110 1910 usus
3152 1855 3424 1908 interdqu

1849 1946 2178 2001 ium-uiatur.

1920 2037 2008 2090 15.
2070 2036 2220 2089 Alias
2255 2045 2437 2088 autem
2471 2036 2718 2089 diversas
2774 2037 3011 2091 acierum
3063 2039 3265 2092 formas
3303 2055 3425 2105 qua:

1849 2129 1946 2179 abs
1968 2134 2020 2178 te
2045 2126 2111 2178 ad
2138 2125 2214 2178 tui
2233 2127 2509 2178 exercitus
2532 2127 2952 2194 apparitionem,
2977 2127 3059 2180 vel
3087 2129 3152 2180 ad
3187 2129 3422 2180 hostium

1848 2218 2314 2286 expugnationem
2344 2220 2704 2288 suscipienda!
2728 2229 2877 2283 sunt,
2913 2221 3006 2273 tibi
3038 2222 3418 2290 explicuimus,

1850 2324 1988 2378 quas
2025 2323 2054 2361 a
2077 2308 2311 2363 diversis
2348 2310 2660 2365 nationibus
2690 2310 2920 2365 Romani
2970 2313 3034 2366 ad
3070 2330 3224 2369 usum
3262 2333 3423 2370 suum

1850 2409 2200 2468 acceperunt,
2253 2410 2310 2454 ut
2341 2417 2433 2456 cas
2482 2403 2693 2456 id’uueis
2747 2405 3089 2472 temporibus
3133 2409 3310 2474 possis
3357 2408 3423 2460 ad

1852 2495 2139 2548 utilitatem
2173 2504 2321 2548 tuam
2355 2510 2644 2563 usurpare,
2672 2495 2943 2549 interdum
2977 2497 3140 2550 etiam
3177 2498 3427 2552 hostibus

1851 2588 1970 2640 istis
2004 2586 2304 2648 utentibus,
2336 2586 2596 2640 adversus
2639 2587 2854 2640 illorum
2889 2589 3197 2644 molitioues
3218 2592 3424 2660 aliquid

1849 2677 2188 2732 contrarium
2222 2677 2555 2748 excogitare.

1921 2771 2008 2823 16.
2065 2768 2250 2836 Neque
2313 2783 2440 2821 vero
2481 2777 2560 2832 tu,
2614 2769 2925 2837 imperator,
2965 2772 3138 2826 solum
3173 2773 3344 2826 bonus
3375 2783 3425 2826 et

1851 2876 2044 2915 amans
2077 2861 2287 2930 patria,
2319 2869 2373 2913 et
2402 2859 2469 2913 ad
2505 2864 2951 2931 propugnandam
2988 2863 3424 2918 Christianorum

1852 2952 2012 3005 ﬁdem
2045 2953 2211 3003 vitam
2242 2950 2599 3020 profundere,
2631 2952 2676 3004 si
2735 2952 2809 3002 ita
2848 2968 2982 3005 usus
3013 2952 3169 3012 ferat,
3203 2962 3426 3022 paratus

1851 3046 1948 3110 sis,
1977 3044 2071 3099 sed
2105 3052 2159 3095 et
2190 3059 2381 3098 omnes
2414 3044 2699 3113 praefectos
2739 3052 2862 3098 tuos
2899 3053 2953 3098 et
3006 3047 3249 3117 singulos
3288 3047 3402 3100 mili

155 3127 292 3179 ἀλλὰ
321 3129 413 3179 καὶ
435 3129 561 3191 τούς
587 3129 690 3181 ὐπὸ
713 3131 772 3181 σὲ
799 3131 1005 3193 πάντας
1035 3132 1299 3201 ἄρχοντας
1329 3129 1421 3181 καὶ
1445 3130 1553 3182 τῶν
1580 3148 1742 3202 στρα-

1851 3146 1934 3192 tes
1995 3138 2074 3191 sic
2140 3137 2422 3201 tractabis,
2476 3145 2532 3189 ut
2586 3137 2677 3205 qui
2709 3138 2842 3192 tales
2894 3137 3024 3198 sint,
3058 3138 3160 3191 hoc
3196 3139 3249 3192 in
3281 3148 3425 3192 statu

152 3218 366 3270 τιωτῶν
415 3220 562 3272 διπαν
609 3223 669 3272 τδ
712 3221 918 3290 πλῆθος
967 3222 1242 3284 τοιούτους
1288 3225 1727 3292 παρασκευάζειν

151 3306 423 3374 γίνεσθαι,
451 3310 534 3361 ἵνα
562 3312 613 3362 οί
659 3312 908 3381 μένοντες
933 3312 1038 3382 (60)
1067 3313 1158 3364 ἐπὶ
1187 3314 1279 3366 τοῦ
1306 3315 1470 3367 αὐτοῦ
1498 3314 1726 3367 τοιοῦτοι

157 3400 412 3468 μένωσιν.
452 3402 588 3464 Τοὺς
618 3402 673 3454 δὲ
700 3403 778 3473 μὴ
802 3403 961 3466 ὄντας
987 3406 1110 3456 ὅσον
1140 3405 1280 3473 ἔχεις
1310 3407 1590 3476 δυνάμεως
1638 3406 1728 3458 διὰ

154 3491 250 3558 τῆς
298 3490 395 3560 σῆς
431 3492 749 3561 ἐπιμελείας
789 3496 882 3548 καὶ
914 3495 1147 3563 σπουδῆς
1172 3497 1615 3565 γυμναζομένους
1650 3498 1727 3566 μὴ

1835 3236 2192 3299 permaneant
2225 3245 2239 3282 :
2272 3229 2362 3297 qui
2391 3244 2495 3281 non
2529 3229 2661 3291 sint,
2700 3229 2967 3281 industria
3019 3230 3306 3298 studioque
3335 3239 3424 3284 tut:

1835 3322 2075 3384 adducti,
2113 3321 2424 3388 hujusmodi
2453 3322 2683 3374 virtutes
2715 3336 2820 3373 non
2854 3322 3154 3389 negligant,
3194 3322 3288 3374 sed
3314 3323 3424 3375 siw

1835 3428 2020 3466 amore
2050 3413 2164 3467 sive
2199 3414 2392 3465 timore
2423 3412 2664 3481 impulsi,
2698 3415 2884 3480 patriae
2907 3423 3155 3469 amantes
3190 3422 3244 3468 et
3287 3429 3415 3484 pra:-

1845 3503 2009 3557 lectis
2043 3503 2362 3558 obedientes
2395 3505 2527 3558 sint.

153 3585 404 3654 ⁷ἕμοιρεῖν
427 3588 524 3658 τῆς
551 3590 805 3658 τοιαύτης
838 3590 1057 3660 ἀρετῆς,
1100 3589 1213 3642 ἀλλ’
1246 3586 1383 3642 εἶναι
1410 3592 1605 3655 αὐτοὺς
1629 3592 2018 3666 φιλοπάτριδας
2063 3599 2156 3650 καὶ
2211 3597 2483 3658 εὐπειθεῖς
2535 3599 2646 3660 τοῖς
2706 3597 2962 3668 ἄρχουσιν
3013 3599 3044 3668 ἦ
3095 3599 3160 3651 δι’
3207 3599 3424 3673 ἀγάπην

154 3682 186 3750 ἦ
224 3680 311 3733 διὰ
343 3681 530 3748 φόϐον.

225 3769 311 3835 ιζ’.
347 3769 499 3824 Εἶναι
553 3772 610 3825 δὲ
651 3773 850 3836 αὐτοὺς
899 3775 991 3825 καὶ
1036 3775 1395 3844 καρτερικούς
1441 3777 1577 3844 πρὸς
1606 3780 1732 3840 τοὺς

155 3866 375 3926 πόνους,
422 3865 517 3918 καὶ
565 3865 859 3935 ὑπομένειν
914 3867 1040 3924 τοὺς
1089 3866 1229 3934 ὑπὲρ
1279 3866 1536 3934 πατρίδος
1578 3869 1736 3921 πολέ-

158 3972 312 4023 μους.

227 4046 319 4114 ιη’.
354 4049 463 4100 Και
513 4048 675 4110 αὐτὸς
722 4050 881 4118 βουλῇ
927 4049 1020 4101 κα)⁸
1075 4048 1378 4119 στρατηγίᾳ
1425 4049 1624 4119 μᾶλλον
1669 4051 1737 4103 τὰ

153 4137 324 4189 πολλὰ
343 4138 450 4190 τῶν
481 4138 930 4208 σπουδαζομένων
961 4157 1042 4190 σοι
1084 4139 1373 4209 κατόρθου,
1414 4141 1506 4192 καὶ
1531 4141 1733 4204 τάξεως

154 4227 415 4297 ἐπιμελοῦ
446 4230 560 4298 ἅμα
588 4231 665 4299 τῷ
695 4230 800 4282 ὑπὸ
829 4230 886 4282 σέ
919 4229 1134 4298 στρατῴ
1164 4230 1254 4282 καὶ
1289 4230 1362 4300 μὴ
1387 4231 1616 4300 θράσους
1643 4234 1734 4285 καὶ

155 4319 504 4390 προπετείας.

227 4409 313 4466 ιθ’.
345 4413 456 4465 Καὶ
491 4411 730 4476 ἐθίζεσθε
762 4413 961 4476 πάντες
995 4414 1130 4483 ὁμοῦ
1167 4415 1216 4466 οί
1245 4414 1333 4468 διὰ
1365 4417 1600 4482 Χριστὸν
1645 4417 1736 4469 τὸν
1769 4425 1812 4478 ῐ)

153 4502 285 4553 Θεὸν
315 4501 469 4571 ἡμῶν
499 4503 593 4554 καὶ
621 4503 763 4573 ὐπέρ
796 4503 1074 4571 συγγενῶν
1096 4504 1188 4555 καὶ
1219 4503 1387 4570 φίλων
1414 4505 1509 4557 καὶ
1543 4506 1738 4574 πατρί-

153 4594 242 4657 δος
273 4594 366 4646 καὶ
394 4593 486 4646 τοῦ
515 4595 636 4647 ὅλου
667 4596 775 4648 τῶν
797 4595 1138 4666 Χριστιανῶν
1178 4596 1367 4659 ἔθνους
1399 4597 1737 4666 ἀγωνιζόμε-

155 4703 234 4737 νοι
273 4686 509 4749 εὐκόλως
545 4688 838 4755 ὑποφέρειν
874 4690 967 4739 καὶ
997 4687 1156 4756 δίψης
1198 4687 1424 4756 ὄχλησιν
1448 4728 1462 4749 ,
1506 4690 1598 4741 καὶ
1643 4690 1736 4741 δα-

155 4777 332 4845 πάνης
383 4776 617 4839 ἔνδειαν,
677 4777 772 4829 καὶ
826 4777 1032 4846 ψύχους
1080 4777 1172 4828 καὶ
1216 4763 1496 4846 καῦματος
1537 4781 1731 4847 ἐπιφοο

156 4869 276 4936 ραν,
316 4868 412 4920 καὶ
447 4868 580 4937 πρὸς
608 4868 674 4920 τὰ
704 4869 1067 4938 ἐμπίπτοντα,
1104 4868 1178 4930 ὡς
1219 4869 1387 4930 είκὸς,
1424 4868 1570 4920 δεινὰ
1605 4887 1730 4937 γεν-

154 4961 315 5022 ναίως
370 4960 747 5029 ἐγκαρτερεῖν.
803 4961 960 5012 Ἐστι
1021 4959 1129 5029 γὰρ
1184 4959 1292 5012 τῶν
1347 4961 1730 5030 ἀποκειμένων

156 5051 363 5118 μισθῶν
397 5051 556 5104 ἐκλτε
596 5052 730 5104 Θεοῦ
775 5053 940 5105 αὐτοῦ
989 5053 1079 5104 καὶ
1117 5053 1214 5121 τῆς
1266 5051 1325 5116 ἐξ
1356 5051 1520 5104 αὐτοῦ
1579 5053 1734 5122 βασι-

153 5143 300 5204 λείας
349 5142 442 5195 καὶ
490 5144 646 5212 ἡμῶν
695 5144 823 5213 παρ’
877 5144 1029 5211 ὐμῶν
1070 5143 1332 5212 ἐργασία·
1367 5143 1598 5215 καὶγὰρ
1639 5146 1730 5197 καὶ

153 5236 313 5303 ἡμεῖς
350 5233 438 5286 διὰ
483 5236 580 5304 τῆς
613 5235 752 5303 ὑπὲρ
790 5235 943 5304 ὑμῶν
989 5235 1249 5303 ὲπιμόνου
1293 5236 1564 5306 μερίμνης
1601 5254 1727 5303 συγ-

155 5325 573 5392 κακοπαθοῦμεν
603 5327 753 5395 ὑμῖν.

222 5415 288 5470 κ’.
323 5417 487 5470 Γενοῦ
534 5419 591 5470 δὲ
654 5421 856 5482 ἱκανὸς,
900 5422 1013 5487 εἴγε
1052 5421 1174 5474 τινὰ
1234 5420 1415 5490 συμϐῇ
1463 5423 1521 5472 ἐν
1551 5420 1729 5489 καιρῷ

151 5509 388 5578 λυπηρὰ,
410 5510 503 5562 ἐπὶ
531 5511 664 5565 πολὺ
688 5511 859 5565 ταῦτα
883 5513 1148 5582 κρύπτειν
1167 5513 1275 5565 ἀπὸ
1296 5513 1404 5563 τῶν
1427 5513 1719 5582 πολεμίων,

1905 3778 1993 3836 l7.
2045 3777 2168 3831 Sint
2224 3776 2470 3831 laborum
2523 3777 2814 3846 patientes,
2854 3787 2909 3832 et
2959 3780 3024 3832 ad
3061 3778 3260 3832 bellum
3313 3797 3410 3849 pro

1837 3879 2015 3941 patria
2050 3871 2463 3938 suscipiendum
2498 3871 2692 3939 parati.

1910 4047 1992 4100 l8.
2031 4046 2110 4098 Tu
2150 4061 2280 4099 vero
2321 4046 2421 4099 hoc
2473 4046 2659 4099 eodem
2691 4060 2813 4099 cum
2858 4047 2965 4102 illis
3009 4049 3193 4103 animo
3228 4050 3327 4113 sis,
3363 4059 3419 4104 et

1841 4137 2124 4206 prudentia
2158 4135 2392 4206 quadam
2432 4137 2804 4204 imperatoria,
2844 4155 2951 4193 non
2986 4142 3298 4195 temeritate
3330 4153 3421 4195 aut

1842 4229 2071 4282 audacia
2113 4245 2200 4282 res
2234 4237 2356 4282 tuas
2387 4229 2760 4294 administres,
2787 4239 2950 4300 atque
2980 4234 3151 4288 aciem
3186 4235 3420 4289 militum

1841 4321 2108 4375 instruas.

1912 4412 2000 4466 19.
2024 4414 2333 4466 Assuetiant
2359 4428 2551 4468 omnes
2575 4414 2666 4483 qui
2692 4422 2910 4482 propter
2925 4414 3200 4469 Christum
3225 4413 3411 4469 Jcsum

1838 4499 2129 4552 Dominum
2161 4510 2430 4561 nostrum,
2464 4507 2516 4552 ct
2551 4508 2937 4567 cngnatorum.
2969 4501 3296 4566 alttirnrum,
3331 4520 3420 4570 [m-

1839 4594 1974 4655 triac,
2007 4600 2060 4646 et
2099 4592 2370 4646 universae
2403 4592 2732 4647 Christianae
2784 4594 2956 4661 plebis
3003 4595 3177 4662 gratia
3215 4597 3414 4649 bellum

1835 4685 2165 4753 suscipiunt,
2186 4683 2346 4737 facile
2393 4682 2514 4738 sitis
2537 4683 2946 4745 turbulentiam,
2976 4684 3133 4739 famis
3160 4685 3416 4746 inediam.

1834 4777 2092 4843 frigorum
2140 4777 2493 4843 colorumque
2541 4776 3110 4844 appulsustolerarc,
3140 4785 3193 4830 et
3226 4793 3417 4831 omnes

1833 4870 2275 4938 iugravescentes
2328 4883 2509 4922 rerum
2543 4869 2982 4937 perturbationes
3025 4884 3183 4937 atquo
3232 4871 3416 4926 animo

1832 4962 2103 5012 sustinere
2137 4975 2151 5023 ;
2190 4973 2428 5022 namque
2451 4967 2534 5012 est
2567 4959 2762 5011 horum
2807 4958 3053 5012 laborum
3087 4958 3415 5012 ciliciorum-

1829 5066 1933 5119 que
1962 5061 2267 5104 vestrorum
2301 5051 2536 5119 reposita
2561 5049 2702 5119 apud
2731 5049 2897 5105 Deum
2941 5065 3169 5113 merces,
3191 5058 3246 5103 et
3270 5050 3409 5118 apud

1830 5162 1929 5198 uos
1987 5160 2206 5214 quoque
2267 5145 2662 5198 remuneratio.
2722 5144 3045 5213 Quanquam
3099 5145 3260 5198 etiam
3313 5159 3413 5198 nos

1827 5238 1991 5292 vestri
2012 5253 2174 5291 causa
2199 5238 2419 5292 solliciti
2448 5253 2589 5306 saepe
2615 5253 2824 5297 sumus,
2848 5248 2895 5290 et
2920 5238 2972 5290 in
2998 5237 3194 5290 vestris
3214 5251 3415 5289 mrum-

1830 5331 1913 5382 uis
1951 5329 2110 5383 simul
2145 5329 2459 5382 earumdem
2495 5327 2838 5381 miseriarum
2868 5328 3166 5396 participes
3198 5341 3409 5380 sunms.

1902 5422 1988 5473 ΞΟ.
2028 5421 2081 5472 Si
2136 5421 2342 5489 aliquid
2373 5421 2663 5473 adversum
2711 5420 2814 5473 hoc
2839 5430 3082 5487 tempore
3111 5418 3409 5486 contingat,

1838 5514 1908 5567 ita
1942 5522 1993 5567 ιο
2041 5528 2193 5581 para,
2234 5522 2293 5565 ut
2323 5512 2393 5567 ab
2442 5513 2688 5567 hostibus
2717 5513 3042 5570 occultetur.
3086 5520 3140 5566 ct
3163 5511 3215 5564 in
3246 5512 3412 5564 rebus

1665 5674 1892 5730 NUTAﬁ.

224 5791 336 5855 (59)
369 5791 720 5853 Σπουδαῖίπς.
758 5793 1128 5862 Scrilwhatur,
1164 5796 1429 5860 ηουόειος.

1908 5795 2018 5863 (till)
2054 5795 2115 5844 Ui
2140 5791 2444 5860 μένεντες.
2482 5787 2692 5848 Scribe,
2728 5789 2774 5838 οἱ
2820 5787 2915 5854 μὲν
2945 5786 3092 5844 ὄντες
