4176 6442
162 434 268 497 953

1213 418 1550 481 TACTICA.
1584 442 1650 451 -
1687 415 2186 477 CONSTITUTIO
2226 417 2449 477 XVIII.

3321 418 3426 480 954

162 552 317 615 τάξιν
356 547 559 617 ὀφείλει
610 544 853 604 τάσσειν,
908 542 1001 593 καὶ
1056 538 1229 605 τόξοις
1282 535 1734 607 κεχρῆσθαι,ςὶ’νε

1859 532 2098 602 patique,
2140 547 2251 585 non
2293 531 2476 591 facile,
2524 537 2617 582 aut
2660 529 2830 583 libere
2875 527 3110 598 impetus
3148 528 3425 587 hastarum

162 646 231 710 τῇ
282 638 537 706 δυσκολίᾳ
588 635 699 687 τῶν
752 634 930 687 τόπων
975 629 1386 698 διεσπασμένων
1422 626 1602 678 αὐτῶν
1651 626 1753 677 οὐκ

163 732 401 791 εὐλύτως
440 729 533 781 καὶ
557 726 795 788 εὐκόλως
826 725 880 777 αἱ
913 722 1082 792 ὁρμαὶ
1124 721 1232 773 τῶν
1269 718 1572 788 κονταρίων
1609 716 1752 769 κατὰ

163 822 347 875 αὐτῶν
375 821 655 887 γίνωνται.

232 911 342 979 κη’,
408 911 519 963 Καὶ
581 910 676 961 ἐὰν
719 907 819 977 ὁρᾷ
860 909 887 959 δ
929 904 1254 975 στρατηγὸς,
1299 903 1381 957 ὅτι
1428 902 1563 972 πρὸς
1597 902 1748 965 ἔθνος

162 1006 278 1074 ἔχει
313 1002 657 1072 θερμόψυχον
683 1041 696 1065 ,
738 999 941 1068 ὀφείλει
979 998 1039 1050 οὐ
1074 997 1234 1066 μόνον
1278 996 1384 1063 πρὸ
1412 994 1509 1060 τῆς
1535 992 1745 1062 ἡμέρας

160 1095 263 1147 τοῦ
292 1095 531 1162 πολέμου
557 1092 655 1154 τὰς
697 1090 1017 1159 ὑπερθέσεις
1054 1090 1148 1141 καὶ
1188 1086 1452 1148 ἀναϐολὰς
1477 1084 1745 1137 ποιεῖσθαι

160 1187 262 1252 τῆς
309 1187 508 1257 μάχης,
561 1183 655 1236 ἐὰν
704 1184 937 1253 μάλιστα
967 1180 1081 1249 γνῷ
1117 1182 1197 1232 ὅτι
1249 1180 1454 1247 ἕτοιμοί
1506 1181 1611 1231 εὶσι
1651 1181 1744 1233 καὶ

158 1270 449 1346 ἀξιόμαχοι
495 1279 543 1327 οἱ
576 1275 809 1327 ἐναντίοι
842 1273 1086 1342 δηλονότι
1126 1274 1181 1324 ἐν
1225 1273 1516 1337 δυσϐάτοις
1555 1274 1742 1335 τόποις

159 1369 381 1436 ἀφόϐως
420 1367 753 1419 άπλικεύων.

228 1461 334 1512 7.0'.
388 1456 545 1510 Ἀλλά
585 1457 679 1509 καὶ
711 1457 830 1508 κατ’
859 1454 1029 1525 αὐτὴν
1052 1454 1151 1524 τὴν
1180 1455 1391 1523 ἡμέραν
1430 1456 1529 1523 τῆς
1562 1455 1739 1524 μάχης

160 1548 216 1597 ἐν
245 1547 426 1617 καιρῷ
482 1547 715 1616 μάλιστα
775 1544 965 1612 θέρους
1000 1545 1242 1611 καὶπερὶ
1272 1544 1369 1613 τὴν
1400 1544 1738 1615 θερμοτέραν

155 1638 309 1707 ὤραν
352 1638 450 1705 τῆς
506 1636 683 1706 δείλης
730 1637 852 1687 τότε
891 1635 990 1697 τάς
1034 1635 1308 1703 συμϐολὰς
1357 1635 1598 1695 ποιείτω,
1652 1638 1737 1689 ἵνα

156 1732 221 1798 τῇ
262 1728 359 1781 τοῦ
406 1727 552 1799 ἡλίου
593 1728 741 1792 ζέσει
775 1729 868 1779 καὶ
918 1726 998 1796 τῷ
1042 1726 1135 1779 τοῦ
1162 1726 1353 1795 καιροῦ
1394 1728 1737 1797 παρασυρμῴ

155 1821 219 1872 τὸ
277 1819 451 1889 ορασῦ
491 1820 582 1871 καὶ
626 1816 872 1887 ουμῶδες
912 1818 1020 1869 τῶν
1073 1817 1538 1886 ἀντιταττομένων
1585 1817 1734 1887 αὑτῷ

158 1912 458 1979 παύσηται.

227 2003 290 2057 λ’.
334 2003 549 2071 Ταύτην
578 2001 635 2054 δὲ
669 2002 767 2073 τὴν
796 1999 947 2064 τάξιν
969 2000 1038 2071 ἣν
1077 1999 1557 2070 προδιεγράψαμεν
1581 2002 1733 2053 ἀντι-

155 2097 413 2148 τάττεται
443 2096 711 2165 ἁρμοδίως
736 2092 935 2162 πεζικὴ
958 2091 1108 2155 τάξις
1130 2092 1405 2161 ἐπιμελῶς
1441 2109 1732 2160 συντεταγσ

160 2186 318 2253 μένη,
371 2185 465 2235 καὶ
511 2183 675 2245 τόπος
722 2180 925 2251 ὁμαλὸς
977 2181 1069 2232 καὶ
1126 2181 1331 2250 γυμνὸς
1364 2181 1451 2233 διά
1488 2183 1586 2244 τὰς
1627 2183 1733 2235 τῶν

157 2275 460 2345 κονταρίων
509 2273 706 2343 ὁρμάς,
755 2272 850 2325 καὶ
908 2270 940 2340 ἢ
987 2271 1130 2323 κατὰ
1174 2274 1334 2341 χεῖρα
1383 2275 1477 2324 καὶ
1524 2274 1734 2341 ταχέως

158 2366 449 2435 συμπλοκὴ
498 2368 667 2435 χωρὶς
705 2364 992 2435 ἀναϐολῆς,
1040 2365 1128 2417 διὰ
1164 2366 1223 2416 τὸ
1255 2364 1509 2435 ἀχρείους
1566 2367 1733 2432 ἐγγὺς

154 2456 253 2518 τάς
288 2456 444 2524 βολάς
475 2454 585 2510 τῶν
625 2454 892 2521 σαγιττῶν
913 2453 1177 2522 γίνεσθαι,
1209 2454 1306 2507 καὶ
1340 2456 1413 2524 μὴ
1438 2455 1580 2525 ἔχειν
1607 2459 1733 2519 τοὺς

153 2548 379 2612 τοξότας
418 2546 678 2614 κοντάρια
715 2547 751 2617 ἡ
776 2548 1064 2615 σκυτάρια.

226 2636 332 2693 λα’.
377 2639 501 2691 Ἐὰν
538 2639 593 2691 δὲ
632 2640 690 2690 ἐν
711 2641 777 2709 τῇ
811 2638 1097 2709 συμπλοκῇ
1129 2640 1226 2709 τῆς
1255 2638 1433 2708 μάχης
1464 2640 1559 2690 καὶ
1587 2638 1734 2707 ('an-

156 2747 245 2793 σις
284 2731 416 2801 πρὸς
454 2731 649 2793 αὐτοὺς
693 2731 939 2800 γένηται,
973 2731 1221 2801 καὶπρὸς
1261 2730 1522 2799 σύντομον
1558 2732 1736 2797 φυγὴν

152 2824 481 2892 ὁρμήσουσι,
517 2821 879 2891 βλαϐήσονται
916 2820 1147 2891 μεγάλα,
1181 2823 1276 2876 ἐὰν
1311 2823 1388 2891 μὴ
1423 2821 1734 2888 γινώσκωσι

150 2916 257 2975 τάς
286 2912 583 2981 αἰφνιδίους
632 2912 975 2983 ὑποστροφὰς
1005 2915 1145 2965 κατὰ
1202 2912 1310 2966 τῶν
1349 2913 1734 2982 ἐπερχομένων

152 3009 362 3069 αὐτοῖς.

234 3118 337 3188 λβ’.
385 3118 548 3172 Ἀλλὰ
576 3121 665 3171 καὶ
696 3116 1013 3179 ἐπελεύσεις
1039 3114 1136 3168 καὶ
1166 3114 1468 3177 κυκλώσεις
1496 3115 1584 3170 διὰ
1621 3116 1731 3167 τῶν

1860 623 2040 677 valere
2079 621 2317 691 possint.

1919 908 2010 963 28.
2038 905 2194 973 Quod
2223 904 2268 959 si
2317 905 2584 973 intelligat
2614 902 2904 955 adversum
2947 903 3219 955 nationem
3266 902 3427 957 belli-

1849 1014 2033 1053 cosam
2071 999 2420 1066 pugnandum
2448 1012 2593 1060 esse,
2625 1010 2731 1047 non
2763 995 2923 1046 modo
2958 1004 3082 1047 ante
3126 995 3266 1047 diem
3298 995 3422 1049 belli

1847 1092 2079 1147 diﬂ‘erat.
2107 1101 2160 1143 et
2191 1090 2400 1156 rejiciat
2426 1089 2677 1162 prmliuiq
2700 1095 2966 1156 quantum
2998 1093 3195 1155 potest,
3232 1087 3274 1139 si
3305 1086 3424 1140 illos

1848 1184 1899 1234 in
1936 1182 2081 1234 bello
2114 1179 2368 1234 t‘ortiorcs
2415 1180 2859 1246 valentioresque
2889 1192 2949 1231 se
2980 1192 3103 1231 esse
3131 1184 3302 1245 putet,
3329 1177 3424 1231 sed

1843 1277 2007 1328 etiam
2039 1274 2095 1326 in
2152 1281 2269 1327 tuto
2303 1274 2570 1327 ῆιοιιιοουο
2604 1272 2722 1323 loco
2754 1284 2950 1323 secure
2979 1281 3157 1323 castra
3202 1278 3390 1338 ponat.

1912 1448 2002 1500 29.
2065 1446 2185 1514 Ipso
2232 1459 2450 1513 quoque
2487 1444 2577 1497 die
2620 1444 2765 1507 belli,
2796 1444 2839 1497 si
2888 1452 3049 1497 restas
3079 1445 3422 1512 potissimum

1843 1540 2033 1599 fuerit,
2068 1540 2187 1607 ipso
2214 1538 2319 1591 diei
2370 1538 2582 1591 li-t'vorc
2616 1537 2820 1590 bellum
2864 1535 3107 1597 dilleras,
3138 1547 3191 1588 et
3223 1537 3274 1587 in
3306 1537 3424 1604 ipso

1840 1645 2078 1697 vespera'
2109 1630 2287 1683 calore
2315 1643 2439 1680 cum
2474 1629 2567 1680 illa
2613 1627 2900 1696 conﬂigas,
2951 1635 3011 1679 ut
3050 1627 3185 1679 solis
3226 1627 3425 1682 ardore

1837 1731 1891 1774 et
1918 1722 2180 1789 temporis
2214 1720 2389 1789 ipsius
2419 1725 2557 1771 aestu
2586 1716 2818 1770 audacia
2849 1716 3166 1786 ferociaque
3201 1718 3421 1772 illorqu

1838 1814 2186 1884 repriutatur.

1910 1994 1997 2048 '50.
2032 1992 2170 2045 IIuic
2204 1988 2412 2052 formae,
2444 2005 2605 2060 quant
2647 2005 2813 2059 supra
2850 1988 3268 2060 descripsimus,
3322 2003 3423 2059 op-

1840 2087 2065 2155 ponitur
2095 2081 2364 2152 pedestris
2400 2083 2550 2136 acies
2576 2082 2867 2152 diligenter
2891 2081 3179 2146 instructa,
3200 2090 3253 2134 et
3272 2081 3424 2135 loeas

1833 2176 2141 2247 mquabilis,
2178 2184 2342 2242 atque
2377 2176 2683 2245 expositus,
2717 2182 2943 2243 propter
2981 2174 3258 2227 hastarqu
3327 2175 3425 2226 iut-

1835 2281 2044 2340 pctnm,
2097 2276 2151 2321 et
2197 2267 2668 2321 conﬂictationem
2718 2266 3001 2329 cominus,
3059 2277 3115 2318 et
3155 2265 3425 2319 consertis

1835 2361 2089 2414 manibus
2128 2359 2394 2421 habitam,
2417 2366 2471 2411 et
2510 2358 2632 2412 sine
2664 2358 2771 2410 ulla
2832 2356 3263 2421 intermissione,
3294 2358 3422 2426 quia

1838 2452 2063 2506 inutiles
2094 2450 2343 2504 cominus
2380 2450 2760 2517 conjectiones
2802 2448 3071 2519 sagittarii
3121 2464 3298 2517 neque
3328 2450 3425 2502 ba-

1832 2552 1971 2602 stas,
2010 2557 2184 2609 neque
2219 2549 2374 2594 scuta
2409 2540 2633 2593 habent.

1907 2634 1994 2687 5|.
2028 2633 2081 2685 Si
2102 2632 2155 2684 in
2192 2632 2383 2700 praelia
2412 2630 2719 2683 commisso
2746 2628 2995 2696 depulsio
3029 2629 3423 2701 depressioque

1841 2720 1951 2784 ﬁat,
1986 2730 2043 2774 et
2077 2720 2133 2772 in
2170 2720 2353 2788 fugam
2385 2728 2813 2782 convertantur,
2874 2733 3208 2789 magnopere
3247 2736 3313 2775 ex
3354 2738 3421 2775 eo

1839 2813 2125 2875 lsi-dentur,
2179 2812 2282 2865 nisi
2327 2812 2523 2865 subitae
2552 2808 2976 2866 conversionem
3024 2820 3080 2866 et
3115 2811 3422 2869 invasionis

1838 2907 2034 2959 iterum
2091 2904 2145 2957 in
2198 2904 2386 2958 hostes
2442 2903 2776 2961 repellentes
2820 2902 3112 2958 artiﬁcium
3163 2903 3213 2957 b.
3236 2904 3419 2958 beant.

1911 3109 2001 3165 32.
2044 3108 2396 3163 Incursiones
2436 3116 2641 3172 autem,
2688 3118 2740 3162 et
2787 3108 3288 3163 circuruventianes
3327 3125 3423 3178 per

151 3209 585 3281 ὑπερκεραστῶν
612 3210 752 3261 κατὰ
785 3208 894 3261 τῶν
922 3208 1169 3275 πλαγίων
1195 3208 1287 3260 καὶ
1319 3206 1410 3259 τοῦ
1433 3207 1603 3260 νώτου
1632 3210 1731 3276 τῆς

1840 3202 2158 3255 cornistitcs
2203 3214 2232 3253 a
2268 3200 2553 3265 lateribus,
2594 3210 2759 3270 atque
2790 3215 2820 3254 a
2868 3210 3023 3271 tergo
3073 3201 3231 3256 facta:
3266 3204 3423 3258 valde

152 3303 517 3373 παρατάξεως
572 3302 751 3355 αὐτῶν
779 3302 1060 3370 γινόμεναι
1090 3300 1348 3369 βλάψουσι
1390 3301 1457 3352 τὰ
1510 3301 1737 3367 μέγιστα

152 3392 379 3454 αὐτοὺς,
463 3392 511 3443 εί
591 3391 665 3460 μὴ
738 3391 848 3460 ἄρα
912 3390 1110 3459 ἔχωσιν
1172 3390 1230 3442 tv
1296 3392 1361 3458 τῇ
1432 3388 1737 3457 παρατάξει

152 3482 602 3550 πλαγιοφύλακας
632 3479 811 3546 ἀξίους
852 3480 1064 3551 μεγάλῃ
1105 3479 1388 3533 ὲπελεύσει
1435 3480 1735 3533 ἀντικατα-

155 3576 369 3644 στῆναι.

223 3682 328 3751 λγ’.
360 3683 459 3735 Διὰ
480 3683 636 3735 τοῦτο
667 3678 780 3747 οὖν,
816 3683 892 3744 ὡς
924 3681 1163 3750 εἴρηται,
1189 3679 1296 3752 χρὴ
1321 3681 1378 3732 ἐν
1407 3682 1525 3742 ταῖς
1550 3679 1734 3731 τοιαύ-

153 3794 278 3839 ταις
320 3776 522 3845 μάχαις
566 3775 660 3827 καὶ
700 3771 1042 3844 παρατάξεσι
1100 3772 1297 3834 τόπους
1350 3770 1586 3841 ὁμαλοὺς
1641 3770 1735 3822 καὶ

154 3867 552 3936 ἀνακειμένους
580 3866 674 3919 καὶ
705 3864 853 3927 ίσους
879 3861 1229 3931 ἐπιλέγεσθαι
1262 3862 1335 3932 μὴ
1360 3864 1585 3933 ἔχοντας
1608 3862 1731 3913 τέλ-

159 3978 308 4030 ματα
340 3961 375 4030 ἢ
401 3958 690 4030 ὀρύγματα
725 3956 759 4027 ἢ
798 3956 1058 4026 θάμνους,
1109 3956 1193 4007 ἵνα
1223 3955 1301 4025 μὴ
1344 3955 1637 4008 διασπᾶται
1696 3955 1731 4024 ἡ

155 4052 329 4116 τάξις.

224 4163 321 4217 λε’.
367 4161 824 4233 Ἐμπαρασκεύου
866 4159 923 4213 δὲ
956 4160 1051 4214 καὶ
1071 4157 1292 4229 ἑτοίμου
1314 4158 1466 4222 ὄντος
1502 4159 1598 4211 καὶ
1629 4174 1736 4210 παο

159 4251 566 4323 ρατεταγμένου
615 4249 711 4304 τοῦ
754 4249 1021 4321 στρατοῦ,
1060 4250 1135 4320 μὴ
1200 4248 1588 4319 ὑπερτίθεσθαι
1635 4248 1736 4321 τὴν

158 4362 221 4398 συ
230 4343 462 4415 μϐολήν.

223 4544 320 4599 λε’.
366 4543 493 4597 Ἐάν
521 4544 631 4611 ἄρα
655 4542 749 4596 καὶ
779 4540 926 4614 δόξη“
957 4544 1139 4613 μάχην
1191 4542 1534 4614 συγκροῦσαι
1562 4543 1731 4614 δημο-

157 4637 289 4699 οίως
317 4635 459 4689 κατὰ
496 4633 595 4704 τὴν
648 4633 866 4704 ἡμέραν
914 4634 1010 4687 τοῦ
1045 4634 1289 4703 πολέμου
1315 4651 1328 4665 ·
1374 4637 1473 4697 τάς
1500 4635 1556 4687 δὲ
1589 4654 1728 4706 συμ-

155 4725 320 4786 ϐολάς
347 4724 466 4795 ἦτοι
494 4721 890 4793 προσκρούσεις
916 4724 974 4775 ἐν
1006 4725 1128 4785 ταῖς
1156 4724 1357 4792 μάχαις
1386 4724 1521 4793 πρὸς
1542 4724 1601 4776 τὸ
1635 4725 1730 4794 μέ-

154 4831 287 4883 τρον
313 4813 414 4881 τῆς
453 4814 740 4875 σαγίττας,
782 4813 903 4875 ίσας
937 4811 1033 4865 καλ⁵
1052 4813 1260 4876 πυκνάς
1285 4816 1423 4867 κατὰ
1450 4812 1607 4879 λόγον
1638 4814 1733 4867 καὶ

156 4900 457 4969 συντόμους
486 4898 565 4952 δεῖ
620 4898 913 4961 ποιεῖσθαι,
949 4898 1037 4951 ἵνα
1073 4900 1150 4971 μὴ
1186 4903 1253 4971 τῇ
1307 4900 1602 4971 βραδύτητι
1632 4904 1732 4972 τῆς

1839 3308 1935 3348 eos
1968 3293 2185 3356 latitant,
2212 3293 2319 3347 nisi
2353 3293 2406 3346 in
2444 3293 2563 3347 acie
2582 3292 2859 3347 lateranos
2886 3293 3136 3362 egregias
3159 3293 3419 3360 habeant,

1838 3386 1931 3455 qni
1962 3399 2213 3454 magnam
2250 3385 2622 3439 incursionem
2660 3385 2924 3454 repellere
2956 3395 3210 3453 possunt.

1905 3670 1995 3724 55.
2036 3668 2214 3739 Atque
2246 3667 2390 3732 ideo,
2418 3665 2880 3737 quemadmodum
2912 3666 3173 3731 diximus,
3211 3666 3265 3720 in
3296 3668 3423 3721 tali-

1836 3763 1937 3817 bus
1970 3761 2173 3832 prasliis
2217 3770 2271 3814 et
2302 3760 2533 3814 aciebus
2565 3757 2927 3821 instruendis,
2956 3758 3074 3812 loca
3104 3758 3418 3829 aequabilia,

1832 3857 2081 3926 exposita
2133 3863 2188 3910 et
2222 3855 2381 3925 plana
2417 3854 2665 3924 eligenda
2700 3863 2851 3918 sunt,
2886 3868 3009 3923 qua:
3043 3867 3221 3924 neque
3253 3854 3420 3908 arbu‘I

1832 3958 1916 4005 sta
1948 3949 2206 4014 habeant,
2241 3956 2299 4003 ut
2329 3962 2398 4002 ne
2430 3946 2580 4001 acies
2611 3946 2936 4016 dissipetur.

1903 4149 1994 4205 ⁸54.
2037 4148 2233 4205 Parata
2257 4149 2368 4220 jam
2399 4148 2781 4218 instructaque
2808 4148 3074 4211 exercitu,
3101 4156 3156 4202 et
3185 4147 3250 4202 ad
3280 4163 3419 4218 prae-

1834 4242 2075 4297 liandum
2120 4242 2176 4295 in
2209 4240 2298 4296 die
2336 4239 2461 4295 belli
2506 4254 2799 4302 converso,
2841 4253 2910 4293 ne
2953 4238 3418 4293 conﬂictationem

1836 4336 2007 4404 ipsam
2040 4333 2284 4398 dill'cras.
2317 4332 2363 4387 si
2401 4331 2499 4386 tibi
2531 4332 2815 4387 decretum
2844 4338 2928 4385 est
2956 4345 3022 4384 ea
3051 4331 3141 4386 die
3171 4331 3418 4400 praelium

1832 4424 2192 4480 committere.

1909 4541 2001 4595 35.
2041 4536 2491 4593 Conﬂictationes
2524 4539 2699 4608 ipsas,
2731 4540 2817 4595 vel
2857 4552 3151 4609 processus
3183 4537 3248 4591 ad
3281 4553 3414 4591 cun-

1836 4631 2152 4703 lligendum,
2181 4645 2276 4700 pro
2305 4632 2517 4684 ratione
2547 4632 2869 4701 sagittarum
2900 4631 3160 4699 mquales,
3214 4630 3418 4682 densas

1836 4734 1888 4778 et
1919 4723 2126 4776 celeres
2175 4722 2355 4775 facere
2402 4727 2641 4788 oportet,
2685 4729 2746 4774 ut
2795 4736 2863 4775 ne
2913 4720 3173 4773 tarditate
3222 4734 3416 4787 prace-

1836 4813 2024 4877 deudi,
2056 4812 2331 4866 continua:
2376 4818 2430 4865 et
2464 4812 2649 4880 plures
2682 4811 3006 4881 sagittarum
3040 4810 3419 4879 canjectimies

1838 4912 1952 4958 tum
1983 4902 2182 4957 milites
2212 4911 2326 4954 tum
2357 4916 2530 4970 equos
2565 4902 2739 4970 magis
2771 4901 3083 4956 vulnerent.

155 4992 481 5062 συμπλοκῆς
513 4992 603 5046 διὰ
632 4994 728 5061 τῆς
776 4990 1030 5062 συνεχοῦς
1069 4993 1279 5058 τοξείας
1326 4992 1435 5046 τῶν
1468 4995 1723 5048 ἐναντίων
1749 4995 1971 5049 πλείονα
2001 4995 2070 5048 τὰ
2101 4994 2230 5064 βέλη
2260 4994 2355 5047 καί
2380 4997 2490 5056 τοῖς
2525 4992 2910 5061 στρατιώταις,
2970 4995 3064 5046 καὶ
3143 4995 3256 5056 τοῖς
3325 4992 3416 5044 ἴπ-

156 5101 282 5146 ποις
313 5082 648 5153 ἐμπέσωσιν.

227 5173 339 5240 λς’.
382 5174 507 5227 Ἐάν
534 5174 592 5228 δέ
626 5191 709 5237 τις
730 5173 947 5245 ἀνάγκη
983 5174 1231 5245 γένηται,
1262 5174 1348 5227 ἵνα
1382 5178 1439 5228 ὲν
1467 5176 1727 5247 δυσχερε-

158 5268 340 5340 στέρῳ
359 5265 511 5334 τόπῳ
537 5266 571 5334 ἡ
602 5264 749 5335 μάχη
775 5265 1021 5332 γένηται,
1044 5264 1208 5317 καλόν
1245 5266 1360 5316 ἐστι
1385 5264 1509 5327 τοὺς
1542 5266 1641 5335 μὲν
1668 5268 1726 5319 ὲν

156 5358 362 5430 πεζικῇ
388 5358 542 5424 τάξει
594 5356 956 5426 καταστῆσαι,
1010 5358 1134 5418 τοὺς
1155 5357 1212 5409 δὲ
1243 5357 1334 5410 ὲπὶ
1371 5357 1480 5410 τῶν
1522 5358 1723 5421 ἵππων,

156 5451 254 5505 καὶ
287 5450 365 5522 μὴ
388 5449 484 5520 τὴν
513 5449 694 5502 πᾶσαν
716 5447 1022 5517 παράταξιν
1045 5448 1103 5501 ἐν
1127 5447 1391 5511 τοιούτοις
1417 5449 1724 5517 ἀνωμάλοις

153 5544 343 5605 τόποις
374 5539 770 5610 καϐαλλαρίους
802 5540 963 5610 μόνον
1016 5538 1273 5593 ποιοῦντα
1324 5540 1721 5610 παρατάσσειν.

224 5630 329 5697 λζ’.
356 5632 422 5687 Δί
454 5632 564 5702 γάρ
587 5630 696 5683 τῶν
720 5631 1064 5700 κονταράτων
1087 5631 1428 5701 ἐγχειρήσεις
1451 5631 1592 5685 κατὰ
1616 5633 1725 5684 τῶν

155 5725 413 5789 τοξοτῶν,
440 5723 514 5785 ὡς
546 5723 795 5791 εἴπομεν,
837 5722 931 5776 ἐὰν
978 5725 1052 5793 μὴ
1080 5724 1182 5775 ῐσοι
1222 5724 1314 5775 καὶ
1361 5724 1721 5777 άδιάσποιστοι

156 5810 311 5874 ὦσιν,
350 5813 552 5873 βλάϐην
583 5811 784 5880 πολλὴν
829 5814 892 5866 ἐκ
936 5811 1043 5866 τῶν
1074 5812 1341 5880 σαγιττῶν
1379 5814 1719 5883 ὑφίστανται,

1833 5227 1836 5230 .
1907 5174 1995 5229 36.
2040 5172 2135 5227 Sin
2180 5174 2362 5243 aliqua
2408 5173 2708 5228 necessitas
2756 5179 2964 5242 urgeat,
3004 5179 3065 5225 ut
3108 5170 3420 5226 dil'liciliorc

1832 5268 1889 5323 iu
1927 5268 2045 5322 loco
2089 5266 2334 5335 praelium
2372 5265 2779 5329 conunittatur,
2823 5264 2971 5319 haud
3012 5267 3112 5319 abs
3154 5273 3207 5318 te
3249 5264 3414 5318 luerit

1831 5360 2096 5430 quosdam
2142 5358 2381 5428 pedestri
2430 5358 2484 5411 in
2528 5359 2654 5411 acie
2697 5357 2990 5420 collocare,
3033 5356 3301 5426 quasdam
3347 5372 3411 5411 ex

1830 5452 2018 5515 equis,
2047 5462 2106 5502 ut
2135 5466 2203 5502 ne
2233 5464 2426 5503 omnes
2455 5463 2579 5503 cum
2611 5448 2920 5517 equitibus,
2952 5447 3005 5502 iu
3037 5447 3139 5501 hac
3168 5448 3414 5500 locorum

1831 5544 2205 5612 inut-qualitate
2237 5543 2656 5597 admisceamus.

1903 5634 1992 5687 57.
2033 5632 2321 5687 llastarum
2374 5647 2552 5688 autem
2596 5632 2862 5687 adversus
2912 5631 3140 5701 sagittas
3190 5629 3415 5683 dimica-

1835 5725 2011 5779 tioues
2031 5763 2045 5786 .
2072 5725 2115 5779 si
2151 5724 2439 5795 inatqualia
2465 5734 2845 5795 praeruptaque
2878 5728 2994 5779 loca
3028 5722 3235 5777 fuerint
3254 5762 3269 5786 ,
3294 5736 3415 5773 ma-

1835 5832 1968 5886 gnas
2004 5817 2335 5874 olli-nsioucs
2372 5819 2423 5873 in
2461 5818 2602 5873 bello
2632 5818 2945 5887 accipiunt,
2978 5827 3144 5887 atque
3176 5815 3243 5870 ad
3276 5829 3411 5870 con-
