4176 6442
791 433 896 496 955

2014 422 2207 481 LEON
2220 421 2288 479 IS
2342 414 2795 477 PIIILOSOPIII

3931 403 4029 465 956

788 491 1080 591 lligcndum
1135 491 1497 589 impediunta
1538 517 1719 585 itaque
1770 515 1947 584 plauis
1987 510 2361 581 expositisque

2473 506 2559 558 καὶ
2597 504 2731 574 πρὸς
2763 503 2863 570 τὴν
2896 500 3169 570 συμϐολὴν
3191 498 3613 560 ἀνακόπτοιιται,
3642 495 3725 547 διὸ
3758 496 3853 549 καὶ
3898 496 4026 560 ὁμα-

788 618 928 672 locis
962 614 1157 669 hastati
1190 613 1256 665 ad
1292 610 1662 665 dimicandum
1690 617 1871 679 egent.

861 797 948 849 '58.
991 794 1086 846 Sin
1114 807 1171 845 se
1198 794 1263 844 ad
1292 790 1598 845 bellandum
1626 801 1749 841 cum
1777 785 2027 839 hostibus
2054 781 2234 836 minus
2262 782 2358 834 ha-

787 889 947 943 bilem
975 902 1098 941 esse
1130 885 1425 954 imperator
1452 880 1797 942 intellexerit,
1823 894 1928 932 non
1964 874 2195 945 publicis
2224 889 2359 943 pra:-

787 979 876 1032 liis
916 993 1039 1031 cum
1083 990 1149 1029 eo
1189 972 1514 1032 conﬂictari,
1553 970 1648 1025 sed
1690 966 2121 1030 incursionibus,
2156 972 2210 1017 et
2254 964 2359 1016 im-

790 1068 1166 1138 pressionibus
1211 1079 1310 1117 nec
1341 1062 1616 1132 Opinatis,
1656 1071 1711 1116 et
1753 1061 1994 1113 lucorum
2038 1055 2360 1125 opportuni-

790 1169 905 1213 tate
935 1157 1000 1211 ad
1037 1156 1268 1210 furtivas
1307 1152 1573 1214 insidias,
1606 1159 1660 1205 et
1706 1151 2086 1218 aggressiones
2120 1144 2359 1199 hostium

794 1260 1011 1314 utatur;
1043 1262 1217 1315 neque
1245 1261 1413 1299 causa
1444 1260 1542 1298 cur
1571 1242 1768 1297 bellum
1799 1238 2081 1293 diﬂeratur
2109 1237 2191 1291 vel
2223 1235 2360 1295 suis,

790 1344 871 1395 vel
906 1340 1156 1395 hostibus
1190 1336 1431 1407 pateﬁat,
1463 1343 1520 1387 ut
1550 1349 1616 1387 ne
1646 1348 1710 1386 ex
1741 1348 1805 1386 eo
1836 1332 2022 1385 hostes
2051 1329 2363 1383 animentur

789 1432 854 1487 ad
888 1432 1158 1502 praelium,
1185 1430 1262 1482 tui
1294 1442 1323 1481 a
1353 1427 1542 1496 praelio
1569 1426 1980 1479 abstrahantur.

860 1611 949 1665 39.
994 1608 1399 1670 Revolutiones,
1433 1604 1484 1657 id
1516 1610 1623 1666 est,
1675 1601 2063 1656 conversiones
2093 1607 2148 1655 et
2182 1610 2363 1651 rever-

2457 597 2693 664 λωτέρου
2724 596 2935 647 δέονται
2969 592 3132 645 τόπου
3160 594 3217 643 ὲν
3239 593 3359 652 ταῖς
3403 590 3603 659 μάχαις
3640 588 3690 639 οἱ
3725 587 4021 656 κονταρίοις

2457 689 2749 759 χρώμενοι.

2524 781 2625 851 λη’.
2671 782 2797 835 Ἐὰν
2826 781 2879 833 δὲ
2910 779 3225 849 κατανοήσῃ
3256 780 3284 831 ό
3310 775 3632 845 στρατηγδς,
3653 775 3736 828 ὅτι
3762 775 3865 825 οὐκ
3888 773 4025 824 ἐστιν

2457 871 2755 941 ἀξιόμαχος
2784 872 2813 924 ὁ
2848 868 3079 939 στρατὸς
3104 868 3271 920 αὐτοῦ
3301 866 3443 937 πρὸς
3473 866 3597 929 τοὺς
3642 865 3943 924 ἐναντίους,
3973 865 4028 915 οὐ

2458 965 2537 1016 δεῖ
2568 963 2733 1016 αὐτὸν
2766 962 3033 1031 μάχεσθαι
3061 958 3322 1026 πολέμοις
3350 957 3652 1028 δημοσίοις,
3684 956 3800 1009 ἀλλ’
3827 954 4034 1023 ἐφόδοις

2462 1058 2626 1126 ἧγουν
2678 1053 2998 1108 ἐπελεύσεσι
3040 1053 3135 1107 καὶ
3174 1050 3404 1113 κλοπαῖς
3465 1048 3605 1102 κατά
3660 1048 3771 1099 τῶν
3828 1045 4038 1114 ἐχθρῶν

2463 1147 2765 1218 κεχρῆσθαι
2794 1145 3052 1215 ἀσφαλῶς
3081 1145 3173 1198 καὶ
3218 1141 3571 1212 εὐσχημόνως
3597 1140 3686 1193 διὰ
3712 1140 3896 1191 τόπων
3926 1140 4036 1191 ἐπι-

2463 1240 2689 1309 τηδείων
2722 1240 2802 1301 είς
2831 1238 2889 1291 τὸ
2922 1238 2996 1307 μὴ
3023 1235 3373 1306 δηλοῦσθαιῆ
3404 1236 3513 1296 τοῖς
3547 1234 3831 1296 ἐναντίοις,
3854 1232 3887 1300 ἢ
3930 1235 4038 1293 τοῖς

2467 1333 2619 1395 ἰδίοις
2660 1332 2752 1384 τὸν
2800 1329 2999 1384 σκοπὸν
3033 1328 3102 1381 δι’
3136 1328 3195 1381 ὃν
3244 1329 3453 1396 γίνεται
3482 1328 3515 1395 ἡ
3596 1326 3889 1395 ὑπέρθεσις
3943 1325 4037 1389 τῆς

2462 1422 2751 1493 δημοσίας,
2777 1423 2866 1475 ἵνα
2900 1422 2974 1492 μὴ
2997 1422 3061 1473 ἐκ
3090 1420 3282 1474 τούτου
3308 1422 3421 1482 τοῖς
3453 1419 3552 1487 μὲν
3573 1417 3855 1485 πολεμίοις
3880 1415 4039 1468 αὐτού

2468 1515 2690 1587 θράσος,
2728 1513 2806 1583 τῷ
2836 1514 2892 1567 δὲ
2914 1513 3029 1582 λαῷ
3061 1511 3225 1566 αὐτοῦ
3243 1511 3412 1564 δειλία
3443 1510 3687 1580 γένηται.

2535 1604 2637 1663 λθ’.
2674 1604 2784 1667 Τάς
2814 1603 2871 1656 δέ
2905 1602 3184 1668 ἐξελίξεις,
3214 1602 3405 1672 ἧγουν,
3441 1602 3538 1663 τὰς
3573 1598 3912 1668 ἐπιστροφὰς
3954 1599 4040 1650 καὶ

790 1705 974 1756 siones
1018 1701 1071 1753 in
1116 1695 1568 1757 discessionibus,
1607 1708 1715 1747 non
1760 1690 2047 1745 manifeste
2092 1697 2254 1754 atque
2294 1703 2362 1741 ex

2473 1698 2816 1769 ἀναστροφὰς
2862 1698 2922 1750 ἐν
2977 1700 3096 1759 ταῖς
3153 1693 3555 1763 ύποχωρήσεσι,
3612 1691 3687 1761 μὴ
3729 1692 3799 1745 δι’
3872 1690 4042 1752 ὅψεως

790 1794 1022 1847 adverso
1059 1792 1297 1845 hostium
1335 1788 1497 1851 fiant,
1529 1786 1624 1840 sed
1660 1784 1727 1838 ad
1761 1784 1905 1836 latus
1940 1797 1999 1836 se
2032 1777 2367 1848 obliquando

2473 1790 2737 1842 ποιεῖσθαι
2769 1787 2878 1840 τῶν
2911 1787 3191 1850 ἐναντίων,
3233 1785 3367 1838 ἀλλά
3395 1783 3485 1837 διὰ
3521 1783 3630 1836 τῶν
3666 1782 3915 1849 πλαγίων
3947 1783 4041 1833 αὐ-

792 1892 1115 1938 convertant
1172 1890 1334 1949 atque
1367 1878 1560 1932 iterum
1591 1890 1621 1928 a
1653 1885 1803 1943 tergo
1833 1875 1957 1928 illos
1985 1872 2363 1940 intercipiant;

2473 1881 2576 1933 τῶν
2596 1880 2956 1949 ἀναστρέφειν
2986 1878 3083 1931 καὶ
3120 1878 3247 1939 τοὺς
3276 1876 3475 1937 νώτους
3514 1874 3692 1927 αὐτῶν
3716 1872 4043 1941 ἀπολαμϐά-

790 1976 1012 2047 qnidam
1058 1974 1200 2028 enim
1247 1987 1313 2025 ex
1361 1970 1633 2033 hostibus,
1676 1975 1735 2021 ut
1779 1965 1979 2025 Persa),
2023 1978 2149 2018 cum
2194 1964 2365 2016 aciem

2473 1990 2598 2025 νειν.
2629 1972 2763 2024 Τινά
2791 1971 2899 2041 γὰρ
2953 1968 3063 2021 τῶν
3107 1968 3275 2021 ἐθνῶν
3317 1962 3401 2021 οἷα
3442 1968 3537 2019 καὶ
3574 1966 3644 2018 τὰ
3676 1965 3786 2018 τῶν
3820 1964 4044 2035 Περσῶν

791 2066 1094 2121 dissolvere
1128 2062 1338 2127 nolint,
1374 2059 1533 2113 facile
1564 2069 1712 2127 terga
1744 2071 1842 2110 sua
1872 2053 2136 2121 objiciunt
2172 2052 2239 2105 iis
2273 2051 2367 2121 qui

792 2166 984 2212 contra
1024 2170 1119 2209 eos
1160 2152 1410 2208 conversi
1452 2159 1617 2213 sunt,
1657 2155 1715 2203 et
1757 2147 1915 2217 quasi
1964 2143 2219 2213 fugiendo
2265 2158 2369 2211 pu-

794 2259 982 2320 gnant.
1004 2248 1138 2302 Nam
1162 2247 1255 2316 qui
1285 2244 1598 2307 discedunt,
1624 2250 1677 2299 et
1703 2239 2135 2309 subterfugiunt,
2162 2237 2208 2290 si
2234 2250 2367 2288 con-

797 2346 939 2399 versi
964 2342 1235 2395 voluerint
1262 2354 1327 2392 ex
1357 2336 1592 2390 adverso
1620 2334 1858 2388 hostium
1890 2348 1947 2387 se
1975 2330 2213 2398 obiicere
2239 2328 2368 2391 illis,

797 2448 1125 2505 magnopere
1172 2430 1465 2495 lzeduntur,
1510 2428 1558 2483 si
1607 2428 1666 2482 in
1714 2426 1838 2481 illos
1886 2425 2185 2479 instructos
2229 2418 2370 2474 inci-

793 2530 947 2583 dant.

866 2708 955 2761 40.
996 2705 1190 2759 Τιιι-οαξ
1217 2702 1489 2772 fugientes
1515 2699 1703 2754 hostes
1728 2696 1958 2752 confuse
1986 2694 2373 2761 insequuntur,

798 2800 945 2854 unde
981 2797 1237 2852 facillime
1272 2793 1566 2855 laeduntur,
1602 2791 1647 2845 si
1679 2789 1773 2859 qui
1810 2788 1950 2859 fugae
1983 2802 2042 2842 se
2078 2790 2373 2847 mandant,

798 2896 917 2947 sine
948 2891 1082 2946 aciei
1116 2903 1229 2943 sua:
1258 2885 1666 2957 perturbatione
1695 2882 1920 2937 faciant.
1948 2886 2002 2932 et
2035 2892 2253 2931 rursum
2283 2892 2375 2930 ea-

797 2984 920 3037 dem
953 2997 1078 3035 cum
1114 2977 1325 3034 ordinis
1357 2974 1776 3031 conservatione
1811 2972 1866 3026 in
1897 2969 2022 3025 illos
2055 2970 2254 3022 iterum
2290 2966 2375 3022 in-

795 3076 1018 3130 vadant.

2470 2064 2599 2117 ποτὲ
2640 2062 2715 2133 μὴ
2757 2062 3057 2133 βουλόμενα
3088 2059 3324 2113 διαλύειν
3364 2056 3517 2122 τάξιν
3572 2056 3775 2121 αὐτῶν,
3810 2055 4045 2117 εὐκόλως

2467 2157 2597 2217 τοὺς
2643 2153 2857 2217 animo;
2920 2152 3097 2207 αὐτῶν
3152 2149 3460 2221 προδιδοῦσι
3532 2148 3643 2210 τοῖς
3694 2147 3815 2200 κατ’
3868 2145 4046 2198 αὐτῶν

2472 2245 2899 2315 ὑποστρέφουσιν
2942 2242 3109 2295 οἱονεὶ
3136 2239 3621 2311 ¹φυγομαχοῦντες.
3657 2238 3820 2291 Ἀλλὰ
3864 2237 3961 2289 καὶ.
4000 2237 4045 2288 οἱ

2474 2336 2889 2407 ὑποχωροῦντες
2918 2335 3013 2388 καὶ
3068 2333 3471 2401 ὑποφεύγοντες
3522 2331 3722 2394 αὐτοὺς
3762 2332 3813 2383 εί
3853 2328 4046 2398 βουλη-

2472 2432 2641 2485 θῶσιν
2666 2428 3149 2499 ἀντιστρεφόμενοι
3196 2429 3278 2490 είς
3307 2427 3429 2496 ὄψιν
3469 2426 3579 2478 τῶν
3607 2425 3916 2478 διωκόντων
3951 2425 4048 2477 αὐ-

2474 2524 2597 2585 τοὺς
2621 2522 2796 2575 ἐλθεῖν
2827 2521 3157 2592 βλάπτονται
3192 2519 3645 2588 συντεταγμένοις
3681 2517 3868 2580 αὐτοῖς
3898 2534 4048 2586 περι-

2476 2631 2788 2677 πιπτοντες.

2550 2704 2621 2772 μ’.
2652 2708 2732 2759 Τὰ
2758 2705 2857 2776 μὲν
2884 2707 2994 2777 γὰρ
3025 2705 3135 2759 τῶν
3160 2704 3329 2758 ἐθνῶν
3357 2699 3469 2758 οἷον
3502 2705 3553 2756 οἱ
3574 2702 3810 2774 Τοῦρκοι
3854 2704 3916 2754 ἐν
3938 2704 4051 2762 ταῖς

2474 2798 2725 2862 διώξεσιν
2748 2797 3003 2861 ἀτάκτως
3028 2797 3364 2850 ἐπιτίθενται
3393 2797 3508 2857 τοῖς
3529 2794 3905 2863 διωκομένοις,
3937 2792 4052 2845 ὅθεν

2475 2890 2573 2944 καὶ
2600 2890 2986 2961 εὐχερέστερον
3014 2888 3345 2959 βλάπτονται
3373 2870 3529 2958 παρά
3558 2886 3667 2939 τῶν
3699 2885 4051 2954 διωκομένων

2477 2982 2753 3046 εὐτάκτως
2784 2982 3215 3055 ὑποχωρούντων
3248 2982 3343 3035 καὶ
3370 2979 3844 3051 ὐποστρεφόντων.

867 3191 957 3245 41.
1000 3188 1134 3241 Alia:
1170 3185 1422 3240 nationes
1454 3181 1739 3252 permulta:
1770 3180 2057 3245 ordinatae,
2092 3187 2258 3248 atque
2290 3178 2371 3232 in-

2551 3193 2659 3257 μα’.
2694 3185 2776 3239 Τά
2803 3184 2861 3239 δέ
2905 3182 3096 3255 πράως
3142 3183 3237 3237 καὶ
3286 3183 3733 3252 συντεταγμένως
3772 3181 4053 3234 διώκουσι.

799 3287 1023 3336 structa:
1047 3277 1316 3347 fugientes
1342 3275 1734 3343 insequuntur;
1765 3271 1949 3339 itaque
1971 3272 2195 3325 minime
2216 3284 2375 3339 Opor-

799 3380 875 3427 tet
908 3385 1125 3433 coram,
1157 3378 1321 3436 atque
1352 3381 1416 3420 ex
1454 3365 1684 3418 adverso
1718 3363 1771 3416 in
1813 3363 1934 3417 illos
1965 3363 2247 3425 conversi,
2280 3360 2374 3417 sed

799 3462 869 3517 ad
900 3463 1066 3523 latus,
1099 3469 1261 3528 atque
1292 3472 1321 3510 a
1351 3466 1525 3527 tergo,
1556 3454 2016 3525 quemadmodum
2052 3456 2372 3521 memoravi,

800 3554 1170 3624 incursionem
1204 3548 1403 3602 facere.

822 3634 827 3643 ’
868 3643 956 3697 42.
990 3640 1258 3708 Quoniam
1276 3638 1578 3693 Turcarum
1601 3637 1934 3691 mentionem
1956 3635 2208 3699 fecimus,
2231 3635 2372 3689 haud

798 3737 899 3792 abs
927 3751 986 3790 re
1018 3734 1182 3788 fuerit
1214 3732 1526 3785 universam
1559 3728 1773 3783 illorum
1806 3731 1999 3793 aciem,
2028 3738 2081 3783 et
2113 3728 2376 3797 quemad-

800 3826 1023 3881 modum
1054 3823 1342 3877 adversum
1380 3820 1503 3874 illos
1533 3827 1719 3873 nostra
1752 3820 1898 3873 acies
1927 3818 2245 3873 instruenda
2272 3820 2341 3873 sit
2361 3858 2374 3877 ,

800 3918 1096 3987 explicare.
1139 3912 1251 3967 lloc
1296 3912 1442 3966 enim
1489 3910 1820 3981 experientia
1866 3910 2208 3973 tenebamus,
2250 3924 2373 3963 cuin

803 4006 1017 4076 Bulgari
1052 4003 1294 4059 induciis
1327 4002 1545 4056 violatis
1578 4001 1852 4055 Thracum
1894 4001 2168 4071 regionem
2207 4015 2375 4069 popu-

804 4102 1075 4153 labantur.
1114 4096 1375 4165 Bnlgaros
1412 4093 1557 4147 enim
1605 4093 1740 4147 ultio
1776 4093 1983 4158 divina,
2018 4102 2239 4162 propter
2272 4090 2375 4146 hoc

803 4190 1127 4261 periurium,
1155 4189 1208 4241 in
1238 4185 1443 4240 Christi
1474 4184 1568 4239 Dei
1598 4185 1795 4249 nostri,
1820 4192 1874 4239 et
1898 4184 2069 4239 totius
2103 4182 2375 4238 universi-

801 4283 932 4337 tatis
957 4281 1099 4350 regis
1125 4278 1348 4333 nomine
1375 4276 1676 4330 admissum
1694 4314 1708 4337 ,
1732 4274 1886 4343 justo
1919 4274 2191 4344 supplicio
2221 4287 2374 4327 coer—

802 4377 937 4427 cuit.
973 4370 1109 4425 Nam
1154 4386 1277 4425 eum
1320 4378 1524 4424 nostra:
1555 4368 1728 4435 copiae
1760 4367 2025 4421 adversus
2068 4366 2375 4420 Saracenos

800 4472 1083 4533 occupata:
1110 4470 1327 4525 essent,
1353 4459 1565 4513 Turcas
1592 4458 1774 4512 divina
1802 4457 2151 4511 Providentia
2179 4456 2376 4533 adver-

2478 3278 2571 3331 Διὸ
2596 3277 2715 3330 οὐδέ
2742 3276 2850 3347 χρὴ
2914 3278 3041 3338 τούς
3099 3274 3543 3344 ἀναστρέφοντας
3589 3276 3712 3326 κατ’
3762 3272 3951 3326 αὐτῶν
3987 3273 4055 3323 δι’

2476 3371 2649 3439 ὅψεως
2687 3367 3028 3435 ἐπιτηδεύειν
3050 3366 3327 3437 ἔρχεσθαι,
3354 3366 3489 3420 ἀλλά
3531 3368 3628 3418 καὶ
3661 3365 3749 3418 διὰ
3783 3366 3895 3418 τῶν
3927 3365 4057 3417 πλα-

2474 3463 2609 3530 γίων
2642 3462 2733 3513 καὶ
2768 3459 2906 3512 κατά
2946 3459 3042 3511 τοῦ
3075 3459 3250 3511 νώτου
3296 3457 3475 3511 αὐτῶν
3512 3456 3784 3509 ποιεῖσθαι
3832 3456 3934 3526 τὴν
3967 3458 4058 3509 ἐπ-

2476 3554 2710 3616 έλευσιν,
2737 3550 2812 3614 ῶς
2842 3568 2932 3620 μοι
2959 3550 3199 3619 εἴρηται.

2553 3644 2663 3714 μβ’.
2714 3644 2867 3696 Ἐπεὶ
2921 3642 2976 3696 δὲ
3007 3642 3267 3711 Τούρκων
3312 3640 3612 3711 ἐμνήσθην,
3668 3640 3771 3695 οὐκ
3800 3640 4059 3711 ἀδόκιμον

2477 3737 2759 3804 κρίνομεν,
2788 3735 2883 3788 καὶ¹
2916 3735 3066 3796 ὅπως
3099 3734 3255 3787 αὐτοὶ
3285 3732 3748 3804 παρατάττονται,
3788 3732 3884 3784 καὶ
3913 3733 4057 3795 ὅπως

2478 3827 2665 3889 αὐτοῖς
2691 3824 3237 3895 ἀντιπαρατάξασθαι
3267 3823 3407 3889 δέον,
3447 3822 3808 3891 διασαφῆσαι,
3838 3823 3933 3875 διὰ
3967 3841 4059 3893 με·

2476 3919 2633 3989 τρίας
2677 3918 2874 3986 πείρας
2915 3916 3307 3984 ἀναμαθόντες,
3357 3916 3447 3968 ὅτε
3498 3915 3809 3985 συμμάχοις
3877 3916 4059 3976 αὐτοῖς

2477 4006 2859 4077 ἐχρησάμεθα,
2889 4005 3212 4075 Βουλγάρων
3237 4006 3640 4075 τάςέίρηνικάς
3666 4005 4056 4076 παραϐεϐηκό-

2476 4113 2585 4151 των
2613 4096 2863 4162 σπονδὰς,
2911 4097 3007 4150 καὶ
3034 4097 3103 4151 τὰ
3138 4097 3237 4166 τῆς
3286 4098 3515 4168 Θρᾴκης
3566 4096 3741 4166 χωρία
3788 4099 4058 4167 καταδρα-

2481 4189 2712 4259 μόντων.
2752 4184 2848 4251 Οἷς
2876 4191 2909 4259 ἡ
2937 4190 3060 4258 δίκη
3096 4187 3461 4254 ἐπεξελθοῦσα
3484 4189 3581 4257 τῆς
3606 4190 3687 4252 είς
3714 4190 3954 4259 Χριστὸν
3974 4191 4058 4241 τὸν

2477 4281 2612 4334 Θεὸν
2642 4280 2933 4350 παροινίας
2965 4282 3075 4332 τῶν
3120 4280 3258 4332 ὅλων
3302 4280 3395 4333 τὸν
3428 4280 3648 4349 βασιλέα
3679 4283 3845 4350 τάχος
3893 4282 4056 4349 ἔφθα-

2479 4388 2571 4424 σεν
2597 4370 2865 4423 ἐπιθεῖναι
2892 4371 2993 4440 τὴν
3020 4371 3315 4439 τιμωρίαν.
3345 4372 3456 4424 Καὶ
3485 4374 3596 4442 γὰρ
3620 4371 3732 4424 τῶν
3770 4374 4058 4442 ἡμετέρων

2478 4463 2763 4533 δυνάμεων
2797 4464 2936 4516 κατὰ
2965 4463 3297 4533 Σαρακηνῶν
3337 4463 3753 4533 ἀσχολουμένων
3780 4464 4059 4534 Τούρκους

801 4572 923 4613 sum
963 4571 1059 4611 €08
1098 4554 1472 4609 Romanorum
1515 4552 1635 4605 vice
1676 4552 1928 4612 armavit,
1970 4550 2147 4604 (213888
2190 4527 2371 4602 ιιοεῖιη

2482 4559 2514 4625 ἠ
2570 4527 2690 4610 θεία
2743 4556 2978 4625 Πρόνοια
3038 4527 3485 4624 ἀντὶ-Ῥωμαίων
3537 4527 3681 4608 κατά
3730 4527 4058 4627 Βουλγάρων

803 4650 1002 4704 Istrum
1034 4646 1458 4710 transmittente,
1488 4653 1653 4713 atque
1678 4644 1800 4698 illos
1827 4643 2117 4712 adjuvante
2135 4682 2151 4705 ,
2177 4650 2229 4696 et
2255 4642 2381 4695 Bul—

804 4754 1060 4809 garorum
1115 4747 1307 4791 contra
1355 4734 1699 4789 Christianos
1751 4740 2021 4787 armatum
2078 4732 2379 4786 exercitum

805 4834 982 4886 tribus
1016 4829 1220 4899 praeliis
1259 4828 1544 4889 fuderunt,
1575 4826 1835 4881 divinitus
1870 4825 1936 4878 ad
1973 4825 2107 4889 hoc,
2138 4832 2197 4878 ut
2226 4816 2379 4877 vide-

804 4933 915 4986 tur,
946 4921 1121 4985 missi,
1149 4935 1217 4974 ne
1248 4918 1477 4973 Romani
1509 4916 2183 4988 ChristianiBulgarorum
2217 4914 2378 4969 Chri-

806 5017 1110 5071 stianorum
1145 5013 1411 5082 sanguine
1444 5010 1885 5079 inquinarentur.

872 5282 960 5335 ιδ.
998 5279 1269 5351 Scythicae
1301 5275 1551 5330 nationes
1581 5287 1746 5328 unam
1796 5271 2001 5326 habent
2031 5272 2168 5325 aciei
2209 5285 2378 5341 appa-

805 5384 1066 5443 ratusque
1109 5371 1361 5432 formam,
1402 5368 1656 5437 quamvis
1697 5364 2044 5419 diversorum
2094 5362 2378 5418 hominum

804 5461 1050 5532 imperiis
1087 5460 1472 5528 subiiciantur,
1504 5466 1558 5512 et
1586 5456 1654 5510 ad
1686 5456 1905 5524 negotia
1938 5454 2259 5509 facessentla
2294 5456 2381 5509 in-

802 5554 989 5616 citati,
1014 5553 1356 5622 pastionibus
1382 5548 1597 5620 pecoris
1620 5547 1783 5601 vitam
1812 5548 2209 5601 transmittunt.
2238 5546 2378 5601 Sola:

2482 4649 2835 4717 ἐστράτευσε,
2869 4647 3117 4716 πλωΐμου
3178 4648 3367 4699 στόλου
3424 4647 3526 4713 τῆς
3572 4648 3729 4717 ἡμῶν
3781 4648 4059 4717 βασιλείας

2480 4740 2572 4791 τὸν
2601 4741 2813 4808 Ἴστρον
2854 4738 3047 4800 αὐτοὺς
3080 4738 3509 4807 διαπεράσαντός
3536 4756 3594 4790 τε
3639 4739 3730 4792 καὶ
3763 4743 4058 4810 συμμαχή-

2482 4846 2693 4892 σαντος,
2726 4830 2821 4881 καὶ
2844 4827 2935 4881 τὸν
2966 4829 3150 4889 κακῶς
3180 4829 3321 4881 κατά
3349 4830 3696 4899 Χριστιανῶν
3725 4832 4059 4885 ὀπλισθέντα

2478 4917 2805 4987 Βουλγάρων
2845 4917 3071 4984 στρατὸν
3097 4918 3243 4985 τρισὶ
3289 4918 3491 4988 μάχαις
3521 4920 3661 4973 κατὰ
3686 4922 3896 4990 κράτος
3924 4940 4058 4975 νενι-

2478 5008 2719 5077 κηκότας
2757 5006 2893 5077 (64),
2917 5008 2993 5070 ὡς
3017 5007 3084 5061 ἂν
3113 5010 3163 5061 εἰ
3194 5008 3422 5077 δημίους
3448 5009 3883 5075 ἐξαποστείλασα
3926 5015 4058 5066 κατά

2478 5098 2679 5161 αὐτῶν,
2710 5098 2798 5149 ἵνα
2828 5097 2902 5167 μὴ
2926 5098 3145 5161 ἐκόντες
3173 5098 3433 5168 Ῥωμαῖοι
3454 5100 3772 5170 Χριστιανοὶ
3800 5104 4059 5172 Χριστια·

2474 5185 2582 5240 νῶν
2616 5186 2941 5255 Βουλγάρων
2966 5187 3161 5254 αἵμασι
3192 5188 3521 5256 χραίνοιντο.

2558 5283 2669 5344 py’.
2706 5275 2788 5328 Τὰ
2824 5276 3067 5329 Σκυθικὰ
3098 5278 3280 5329 τοίνυν
3315 5278 3441 5347 ἔθνη
3473 5280 3603 5347 μιᾶς
3657 5280 3822 5343 εἰσιν,
3860 5282 3940 5344 ὡς
3983 5283 4058 5334 εἰ-

2478 5370 2621 5433 πεῖν,
2655 5368 3003 5437 ἀναστροφῆς
3035 5384 3093 5420 τε
3144 5369 3239 5420 καὶ
3271 5369 3498 5435 τάξεως,
3530 5372 3819 5443 πολύαρχά
3864 5393 3928 5429 τε
3972 5378 4060 5429 καὶ

2479 5460 2810 5529 ἀπράγμονα
2848 5458 3157 5528 νομαδικῶς
3191 5461 3267 5523 ὼς
3312 5461 3516 5514 ἐπίπαν
3549 5463 3791 5531 βιοῦντα.
3826 5467 3982 5521 Μόνα
4009 5468 4058 5519 δὲ

2485 5552 2554 5603 τὰ
2578 5551 2687 5603 τῶν
2719 5550 3045 5621 Βουλγάρων
3085 5552 3310 5620 προσέτι
3348 5554 3404 5606 δὲ
3435 5557 3527 5606 καὶ
3549 5556 3618 5606 τὰ
3650 5556 3759 5608 τῶν
3801 5558 4060 5627 Τούρκων

804 5653 983 5699 autem
1019 5644 1374 5715 Bulgarorum
1415 5649 1471 5696 et
1500 5640 1807 5696 Turcaruin
1841 5637 2092 5693 nationes
2125 5638 2371 5694 similiter

2300 5728 2371 5785 Ν(

2473 5642 2581 5787 ἑῆς
2609 5643 2802 5712 ὁμοίας
2832 5644 3176 5714 φροντίζουσι
3219 5645 3789 5731 τάξεωςδπολεμικῆς
3843 5652 4058 5722 ἰσχυρο-

876 5828 988 5898 (64)
1018 5826 1437 5895 Νενικηκόῖας.
1472 5823 1682 5888 Scribe,
1720 5825 2085 5894 νενικηκότος.
