4176 6442
125 415 205 480 957

1107 404 1443 465 TACTICA.
1479 428 1545 436 —
1579 401 2084 461 CONSTlTUTltl
2110 402 2234 461 XVI
2253 402 2332 461 ll.

3251 397 3357 461 958

128 533 261 598 τέρας
293 526 403 579 τῶν
434 522 606 578 ἄλλων
640 518 920 573 Σκυθικῶν
950 517 1116 570 έθνῶν
1157 517 1257 578 τὰς
1304 512 1447 566 κατά
1479 510 1675 565 σύστασ

1800 514 1933 565 tcies
1962 526 2093 565 suas
2122 514 2175 563 in
2207 511 2349 563 bello
2377 510 2675 573 instruunt,
2704 507 2930 576 reliqttis
2962 504 3178 575 Scythis
3206 507 3362 576 longe

137 636 203 672 σιν
233 618 410 688 μάχας
437 612 739 683 ποιούμενά
769 628 827 664 τε
868 609 963 663 καὶ
994 606 1427 678 μοναρχούμενα.

189 792 282 866 μδ’.
344 791 506 845 ’Δλλά
557 788 883 859 Βουλγάρων
941 786 1039 856 τὴν
1087 786 1146 838 έν
1199 779 1421 853 Χριστῷ
1457 779 1678 850 εἰρήνην

126 884 523 953 ἀσπαζομένων,
569 882 665 933 καὶ
710 875 1112 931 κοινωνούντων
1141 875 1241 943 τῆς
1276 872 1356 934 είς
1379 867 1542 923 αὐτὸν
1587 867 1678 919 πί-

129 994 272 1039 στεως
300 973 618 1044 Ῥωμαίοις,
654 968 793 1041 μετά
810 968 908 1038 τὴν
932 968 995 1020 lx
1017 964 1118 1034 τῆς
1142 961 1455 1034 παρορκίας
1484 961 1681 1029 πεῖραν

126 1070 204 1138 οὐχ
226 1052 510 1137 ἡγούμεθα
560 1061 703 1116 κατὰ
742 1060 921 1115 αὐτῶν
972 1060 1161 1129 χεῖρας
1198 1054 1464 1119 ὁπλίζειν,
1496 1050 1591 1103 ἐπὶ
1622 1048 1682 1101 τὸ

128 1160 254 1211 Θείον
283 1157 383 1227 non
408 1156 479 1208 τὰ
532 1152 677 1206 κατά
708 1150 933 1205 έκείνων
980 1145 1322 1218 ἀναρτῶντες
1367 1139 1682 1211 στρατηγή-

131 1265 269 1319 ματα·
302 1248 494 1316 διόπερ
527 1242 652 1297 οὔτε
676 1242 778 1312 τὴν
805 1240 985 1293 αὐτῶν
1010 1238 1130 1292 καθ’
1161 1236 1323 1307 ⁴ἡμῶν
1352 1231 1679 1304 παράταξιν,

124 1341 231 1393 οὔτε
260 1340 361 1409 τὴν
413 1338 691 1407 ἡμετέραν
739 1333 861 1385 κατ’
901 1322 1146 1394 ἐκείνων,
1171 1327 1266 1381 ἅτε
1294 1326 1383 1378 διὰ
1411 1324 1511 1395 τῆς
1552 1325 1682 1394 μιᾶς

130 1434 343 1495 πίστεως
368 1430 615 1497 ἀδελφῶν
664 1426 1041 1497 ὑπαρχόντων,
1079 1421 1176 1476 καὶ
1223 1422 1345 1483 ταῖς
1381 1419 1682 1490 ἡμετέραις

126 1529 270 1577 εἴκειν
304 1520 791 1591 ἐπαγγελλομένων
819 1518 1163 1589 είσηγήσεσι,
1200 1512 1521 1583 διαγράφειν
1546 1509 1684 1573 τέως

126 1614 559 1687 προθυμούμεθα.

185 1802 278 1866 με’.
312 1794 453 1864 Περὶ
507 1792 563 1845 δὲ
598 1791 699 1862 τῆς
718 1790 829 1844 τῶν
861 1787 1119 1856 Τούρκων
1156 1781 1451 1844 διαθέσεως
1496 1795 1558 1832 τε
1584 1778 1683 1830 καὶ

1783 602 1978 653 melius
2013 614 2077 654 ac
2127 600 2331 654 fortius
2372 599 2641 663 ordinati,
2685 608 2739 652 et
2776 598 2939 652 unius
2974 596 3205 667 imperio
3235 598 3365 653 obe-

1781 688 1998 742 dientcs
2032 688 2173 743 bella
2207 700 2425 760 gerunt.

1854 778 1943 830 44.
1992 777 2098 832 Sed
2132 779 2393 848 quoniam
2427 776 2646 847 Bulgari
2684 790 2869 845 pacem
2906 778 2960 830 in
2993 778 3215 831 Christo
3247 791 3365 829 am—

1783 868 2119 937 plectuntur,
2151 880 2204 925 et
2237 870 2394 924 (idem
2429 871 2479 924 in
2512 870 2735 926 Christo
2764 883 2889 923 cum
2924 868 3183 924 Romanis
3216 884 3369 924 com-

1785 965 2087 1028 municant,
2124 965 2382 1034 quoniam
2425 965 2567 1020 Deus
2605 965 2731 1019 illos
2769 972 2992 1033 propter
3025 962 3365 1016 induciarum

1788 1055 2108 1110 violatarum
2156 1055 2457 1125 perjuriutn
2512 1056 2902 1119 ulciscebatur,
2953 1055 3210 1108 nolumus
3260 1057 3369 1108 ulla

1784 1148 2013 1201 consilia
2041 1148 2393 1216 imperatoria
2420 1146 2698 1211 adhibere,
2720 1155 2773 1201 ct
2799 1148 3064 1202 adversus
3096 1147 3217 1200 illos
3244 1162 3371 1200 uos-

1787 1248 1897 1294 met
1918 1254 2157 1294 armare.
2184 1239 2375 1309 Itaque
2394 1254 2573 1309 neque
2597 1240 2814 1293 illorum
2836 1249 3026 1293 contra
3052 1255 3152 1294 nos
3175 1240 3369 1303 aciem,

1786 1346 1967 1400 neque
2012 1339 2256 1385 nostram
2304 1332 2595 1386 adversum
2647 1332 2795 1394 illos,
2840 1346 2963 1384 cum
3009 1346 3114 1384 una
3163 1333 3215 1385 in
3267 1328 3374 1383 tlde

1786 1424 1942 1492 quasi
1973 1423 2502 1493 fratrcsjongamur,
2530 1424 2940 1493 apparationem
2971 1423 3371 1485 demonsware,

1788 1528 2045 1583 nmteque
2112 1515 2458 1583 potissimum
2499 1530 2622 1567 cum
2664 1514 2777 1582 jam
2818 1530 2877 1569 se
2920 1526 3111 1568 nostro
3150 1515 3376 1584 itttpcriu

1785 1602 2390 1673 administrationique,
2409 1604 2869 1674 quemadmodum
2890 1606 3227 1674 optavimus,
3249 1606 3380 1660 sub-

1792 1692 2041 1746 mittunt.

1863 1782 1951 1838 45.
2000 1784 2071 1837 De
2104 1784 2409 1839 Turcarum
2461 1783 2635 1838 forma
2671 1800 2863 1855 parum
2896 1792 2991 1838 aut
3016 1784 3153 1839 nihil
3186 1800 3216 1838 a
3250 1786 3378 1840 Bul~

125 1886 487 1957 παρατάξεως,
532 1881 714 1954 μικρῷ
743 1881 846 1949 τῆς
875 1877 1200 1948 Βουλγάρων
1238 1873 1272 1943 ἢ
1307 1870 1461 1924 οὐδὲν
1495 1868 1680 1936 διαφε-

1800 1879 1927 1947 {aris
1971 1874 2256 1931 dill‘erente
2296 1878 2410 1946 jam
2473 1876 2745 1932 dicamus.
2792 1876 3062 1949 Populosa
3101 1892 3166 1933 ac
3210 1879 3381 1934 libera

118 1985 324 2050 ρούσης,
350 1978 453 2048 ήδη
477 1975 729 2047 ἐροῦμεν.
761 1975 884 2025 Ὅτι
915 1970 1247 2038 πολύανδρόν
1276 1968 1393 2018 ἐστι
1416 1963 1511 2016 καὶ
1532 1962 1685 2013 ἐλεύ-

125 2075 263 2143 θερον
299 2070 461 2125 τοῦτο
515 2071 574 2124 τὸ
604 2068 781 2130 έθνος,
843 2063 1077 2133 μελέτην
1132 2061 1294 2131 μόνον
1336 2056 1682 2126 ποιούμενον,

124 2166 259 2230 παρὰ
300 2164 400 2226 τὰς
428 2162 595 2224 ἄλλας
636 2155 983 2219 πολυτελείας
1029 2153 1124 2206 καὶ
1165 2150 1268 2222 τὴν
1312 2146 1596 2218 εὐπορίαν,
1627 2143 1687 2196 τὸ

124 2258 368 2326 ἀνδρείως
390 2252 694 2307 διακεῖσθαι
729 2249 868 2319 πρὸς
888 2247 1015 2309 τοὺς
1044 2245 1206 2306 ίδίους
1238 2239 1489 2311 ἐχθρούς.

190 2357 302 2418 μς.
337 2347 512 2402 Τοῦτο
560 2346 742 2399 τοίνυν
790 2343 867 2406 ὡς
911 2337 1373 2413 μοναρχούμενον,
1404 2332 1497 2387 καὶ⁵
1539 2332 1686 2398 ἀπη-

127 2448 222 2505 νεῖς
259 2445 354 2496 καὶ
393 2442 620 2513 βαρείας
664 2439 763 2501 τὰς
803 2437 995 2498 ποινὰς
1026 2434 1120 2486 ἐπὶ
1151 2436 1265 2493 τοῖς
1308 2426 1691 2500 ἁμαρτανομέ-

126 2554 222 2598 νοις
252 2534 387 2605 παρ’
418 2534 597 2587 αὐτῶν
635 2532 700 2585 ὲκ
730 2529 838 2583 τῶν
866 2526 1146 2597 ἀρχόντων
1176 2522 1357 2575 αὐτῶν
1395 2519 1693 2588 ὑφιστάμε-

128 2643 224 2687 νον,
255 2628 355 2678 οὐκ
393 2624 605 2692 ἀγάπῃ,
639 2621 775 2675 ἀλλὰ
800 2618 949 2687 φόόῳ
977 2614 1409 2686 κεκρατημένον,
1438 2611 1565 2670 τοὺς
1592 2608 1692 2659 πό-

129 2733 239 2778 νους
268 2716 366 2770 καὶ
401 2714 632 2784 μόχθους
669 2710 935 2779 γενναίως
965 2708 1247 2776 φέρουσιν.
1278 2705 1422 2772 Πρὸς
1466 2700 1524 2754 δὲ
1553 2699 1692 2753 καό-

128 2824 265 2877 ματα
293 2805 563 2875 καὶπρὸς
616 2802 787 2871 ψύχος
829 2798 1170 2868 ἀντέχονται,
1228 2795 1323 2847 καὶ
1369 2791 1470 2861 τῆς
1502 2789 1694 2861 λοιπῆς

128 2900 226 2954 τῶν
249 2897 566 2969 ἀναγκαίων
593 2894 799 2957 ἐνδείας
828 2890 1122 2962 νομαδικὸν
1157 2886 1423 2956 ὑπάρχον.

190 3164 294 3235 μς,
324 3164 609 3235 Περίεργα
642 3159 699 3213 δέ
726 3159 833 3211 είσι
864 3155 935 3209 τά
973 3154 1082 3207 τῶν
1119 3150 1380 3220 Τούρκων
1404 3145 1568 3216 φῦλα,
1601 3147 1698 3197 καί

123 3256 436 3325 κρύπτοντα
459 3252 557 3322 τὴν
584 3247 779 3320 βουλὴν
808 3244 1009 3307 αὐτῶν,
1046 3240 1216 3309 ἄφιλα
1249 3238 1305 3291 δὲ
1359 3237 1454 3290 καὶ
1500 3235 1704 3288 ἄπιστα

128 3348 269 3410 ζοντα,
311 3346 410 3398 καὶ
444 3343 533 3395 διὰ
582 3342 680 3410 τῆς
730 3335 1041 3405 ἀπληστίας
1079 3332 1187 3385 τῶν
1218 3330 1516 3400 χρημάτων
1565 3342 1704 3395 κρα-

128 3438 381 3506 τοῦμενα,
419 3436 584 3504 ὅρκου
634 3425 1049 3499 περιφρονοῦσι,
1100 3423 1238 3493 μήτε
1285 3417 1555 3487 συνθήκας
1605 3432 1705 3506 (ptr-

128 3504 411 3592 λάττοντα,
470 3526 610 3595 μήτε
646 3522 841 3592 δώροις
893 3514 1245 3587 ἀρκοὺμενα,
1295 3509 1435 3562 ἀλλά
1480 3506 1610 3576 πρὶν
1647 3504 1707 3555 τὸ

129 3622 269 3674 δοθὲν
302 3612 587 3683 δέξονταις
619 3610 911 3682 έπιεουλὴν
947 3606 1243 3680 μελετῶσιν
1272 3602 1369 3656 καὶ
1400 3599 1708 3669 ἀνατροπὴν

127 3710 226 3761 τῶν
256 3705 567 3773 συνθηκῶν.

199 3800 313 3871 μη’.
350 3800 466 3852 Καὶ
495 3798 622 3860 τοὺς
667 3790 1008 3861 ἐπιτηδείους
1031 3788 1255 3859 καιροὺς
1294 3783 1483 3846 δεινῶς
1514 3781 1710 3850 στοχά-

126 3892 331 3958 ζονται,
367 3890 470 3945 καὶ
504 3884 903 3951 σπουδάζουσιν
930 3883 991 3935 οὐ
1024 3879 1289 3934 τοσοῦτον
1318 3876 1465 3947 χειρὶ
1490 3875 1584 3927 καὶ
1617 3874 1710 3925 δυ-

131 3988 285 4056 νάμει
318 3985 455 4047 τοὺς
494 3980 724 4052 ἐχθροὺς
772 3974 1252 4043 καταπολεμῆσαι,
1293 3972 1417 4022 ὅσον
1465 3966 1533 4021 δι’
1570 3966 1713 4017 ἀπά-

128 4095 244 4147 της,
274 4079 375 4130 καὶ
430 4068 839 4143 αίφνιδιασμοῦ,
870 4068 966 4122 καὶ
984 4066 1074 4120 διὰ
1104 4064 1201 4134 τῆς
1245 4060 1354 4114 τῶν
1402 4056 1714 4126 ἀναγκαίων

134 4167 470 4228 στενώσεως.

198 4260 306 4329 μθ’.
362 4256 721 4320 Ὀπλίζονται
772 4252 830 4305 δὲ
869 4248 1143 4311 σπαθίοις,
1172 4245 1266 4299 καὶ
1294 4240 1590 4312 λωρικίοις,
1622 4240 1716 4290 καὶ

132 4353 450 4419 τόξοις,καὶ
508 4346 838 4418 κονταρίοις.
869 4342 1035 4396 Ὅθεν
1096 4342 1154 4391 ὲν
1210 4339 1330 4399 ταῖς
1392 4334 1592 4405 μάχαις
1639 4330 1713 4382 δι-

133 4446 292 4501 πλοῦν
316 4447 480 4516 ἆρμα
515 4443 565 4496 οἱ
607 4440 848 4500 πλείονες
884 4433 1064 4489 αὐτῶν
1104 4430 1480 4500 ἐπιφέρονται,
1507 4427 1565 4479 ὲν
1605 4425 1716 4484 τοῖς

1794 1972 1911 2024 haec
1937 1970 2085 2023 natio
2113 1978 2219 2032 est,
2247 1970 2582 2038 reliquarum
2612 1984 2794 2023 rerum
2824 1985 2945 2041 quae
2973 1979 3099 2025 sunt
3128 1973 3182 2025 in
3208 1973 3385 2026 homi-

1795 2063 1959 2117 nibus
1999 2062 2286 2131 splendida
2332 2062 2598 2117 minorem
2644 2076 2835 2116 curam
2881 2063 3177 2130 habentes;
3222 2066 3276 2119 in
3319 2082 3384 2121 eo

1793 2153 1971 2208 solum
2013 2153 2365 2217 laborantes,
2402 2163 2461 2207 ut
2496 2154 2551 2207 iu
2585 2153 2936 2224 conﬂigendo
2967 2169 3093 2209 cum
3130 2156 3382 2212 hostibus

1795 2245 1967 2300 fortes
1998 2246 2109 2299 sint
2136 2253 2301 2313 atque
2332 2244 2662 2300 habeantur.

1869 2336 1959 2390 46.
2002 2336 2131 2391 Haec
2175 2336 2343 2406 igitur
2385 2338 2539 2392 natio
2583 2338 2687 2393 sub
2729 2340 2896 2395 unius
2938 2339 3219 2397 dominatu
3260 2357 3384 2398 cum

1798 2432 1891 2495 sit,
1918 2443 2113 2499 graves
2143 2430 2482 2509 acerbasque
2514 2446 2709 2500 pmnas
2739 2433 2833 2486 dat
2867 2434 3139 2503 praefectis
3170 2438 3308 2503 suis,
3339 2438 3385 2492 si

1802 2520 1968 2574 ullius
2012 2519 2198 2576 delicti
2235 2531 2559 2591 teneantur;
2596 2539 2773 2593 neque
2803 2539 3024 2589 amore,
3058 2528 3151 2582 sed
3192 2528 3389 2582 timore

1802 2615 1872 2668 ah
1906 2615 2257 2685 improbitate
2287 2625 2596 2681 coercetur,
2628 2625 2681 2670 et
2713 2618 2929 2673 labores
2985 2627 3149 2690 atque
3181 2636 3389 2675 arum-

1802 2722 1902 2761 nas
1942 2722 2138 2762 omnes
2181 2715 2406 2763 strenue
2449 2708 2687 2778 perfert;
2734 2710 2801 2764 ad
2838 2712 3055 2766 calores
3089 2720 3143 2766 et
3184 2712 3388 2783 frigora

1801 2799 2087 2854 toleranda
2124 2800 2259 2855 satis
2291 2808 2544 2869 paratur;
2581 2801 2917 2870 reliquarum
2952 2818 3134 2858 rerum
3176 2815 3391 2875 egesta-

1803 2899 1934 2959 tem,
1968 2893 2430 2962 quemadmodum
2467 2895 2684 2966 reliqui,
2720 2897 2813 2965 qui
2851 2897 3111 2952 nomades
3143 2908 3294 2963 sunt,
3337 2899 3389 2953 id

1803 2990 1908 3048 est,
1933 2984 2276 3050 pastionibus
2302 2986 2573 3053 pecudum
2596 3001 2656 3042 se
2679 2993 2823 3041 tutos
2849 2987 3212 3054 tradiderunt,
3234 3004 3391 3060 aequo

1808 3077 1991 3131 animo
2020 3078 2421 3147 perpetiuntur.

1880 3167 1968 3220 47.
2000 3165 2361 3222 Laboriosum
2384 3166 2680 3221 admodum
2728 3184 2901 3238 genus
2947 3168 3251 3225 Turcarum
3275 3181 3383 3239 est,

1763 3253 1773 3273 '
1808 3269 1860 3313 et
1897 3268 2099 3314 tectum
2135 3261 2188 3313 itt
2224 3261 2474 3316 consiliis
2538 3272 2704 3331 atque
2739 3263 3051 3326 occultum,
3090 3280 3269 3334 neque
3303 3281 3392 3320 so-

1809 3352 1963 3418 ciale,
1997 3367 2172 3421 ncque
2203 3351 2394 3416 ﬁdum,
2427 3356 2786 3422 pecuniarum
2817 3354 3118 3423 cupiditate
3149 3356 3396 3425 inexple-

1809 3442 1945 3507 bile,
1979 3442 2345 3511 jurisjurandi
2380 3453 2772 3507 contemnens,
2810 3442 3157 3513 fmdifragum
3186 3463 3200 3511 ;
3236 3446 3397 3501 donis

1813 3533 1955 3587 haud
1998 3535 2267 3588 contineri
2305 3543 2516 3604 potest;
2556 3551 2681 3587 nam
2720 3550 2858 3604 pene
2893 3536 3215 3605 priusquam
3252 3539 3396 3593 dona

1813 3626 2146 3695 acceperint,
2184 3624 2412 3680 insidias
2473 3627 2777 3679 moliuntur
2809 3636 2861 3681 et
2899 3628 3246 3683 iuduciarunt
3282 3630 3398 3683 vio-

1814 3718 2092 3771 lationem.

1884 3809 1973 3863 48.
1999 3807 2330 3879 Temporum
2352 3810 2822 3880 opportunitatem
2844 3811 3261 3882 diligentissime
3279 3829 3400 3885 per-

1814 3913 2141 3970 sequuntur,
2174 3916 2350 3971 neque
2382 3918 2545 3955 manu
2577 3913 2631 3957 et
2661 3902 2873 3957 viribus
2924 3914 3143 3959 tantum
3175 3916 3403 3960 conten-

1816 3992 1981 4055 dttnt,
2032 4001 2298 4061 quantum
2350 3992 2524 4057 dolis,
2568 4000 2622 4048 et
2679 3994 2875 4048 subitis
2961 3996 3399 4061 incursionibus.

1815 4092 1870 4137 et
1903 4098 2088 4138 rerum
2142 4086 2578 4138 necessariarum
2612 4086 3027 4154 interclusione,
3056 4088 3243 4144 hostes
3273 4091 3404 4143 ado-

1819 4174 2055 4227 riuutur.

1892 4267 1977 4320 49.
2032 4267 2329 4320 Armantur
2371 4269 2589 4338 gladiis,
2645 4269 2848 4336 hastis,
2901 4270 3160 4338 sagittis,
3211 4271 3401 4339 galeis.

1820 4356 1977 4413 Unde
2008 4359 2062 4411 in
2116 4360 2311 4429 pt'tBliO
2346 4361 2584 4428 duplicia
2632 4376 2784 4415 arma
2832 4364 3138 4429 complures
3184 4377 3247 4415 ex
3296 4363 3403 4417 illis

1822 4455 2076 4515 gestant;
2108 4446 2350 4501 humeris
2402 4446 2589 4501 hastas
2650 4447 2855 4513 ferunt,
2911 4457 2965 4501 et
3015 4448 3266 4503 manibus
3314 4465 3405 4503 ar-

131 4539 296 4610 ῶμοις
328 4537 404 4590 τὰ
454 4534 715 4600 κοντάρια
762 4527 1248 4590 ἀναϐαστάζοντες,
1279 4523 1375 4575 καὶ
1406 4520 1475 4573 τὰ
1501 4517 1629 4581 τόξα
1659 4518 1710 4611 έν

1825 4552 1950 4589 cum
2004 4547 2210 4603 tenent,
2259 4548 2333 4603 et,
2379 4539 2425 4593 si
2472 4538 2694 4609 quando
2745 4556 2879 4595 usus
2928 4544 3125 4609 poscit,
3157 4544 3406 4611 utrisque

131 4609 245 4695 ταῖς
289 4628 459 4701 χερσὶ
515 4625 857 4693 κατέχοντες,
889 4620 983 4673 ml.
1031 4616 1363 4688 ἀμφοτέροις
1427 4612 1569 4665 κειτά
1619 4609 1718 4701 τὴν

133 4700 470 4778 ἀπακστῶσαν
512 4716 701 4789 χρείαν
744 4710 1094 4783 κεχρημένοι.
1123 4706 1453 4775 Διωκόμενοι
1484 4702 1541 4754 δὲ
1584 4700 1720 4770 μᾶλ-

131 4815 217 4867 λον
257 4811 601 4882 προτεροῦσι
630 4810 744 4869 τοῖς
776 4804 974 4868 τόξοις.

202 4905 266 4959 ν’.
297 4906 424 4957 Οὐκ
466 4900 622 4953 αὐτοὶ
660 4898 720 4950 δὲ
767 4896 927 4966 μόνον
1001 4887 1416 4960 όπλοφοροῦσιν,
1449 4884 1587 4939 ἀλλά
1627 4882 1719 4936 καὶ

134 5003 180 5053 ot
206 5001 369 5053 ἵπποι
402 4995 517 5049 τῶν
548 4991 806 5063 ἐμφανῶν
838 4987 1042 5058 σιδήρῳ
1086 4985 1120 5055 ἢ
1175 4980 1476 5049 κενδούκλῳ
1513 4980 1581 5033 τὰ
1619 4978 1719 5046 έμ-

137 5094 379 5166 προσθεν
426 5090 569 5159 μέρη
600 5084 917 5147 σκέπονται.

204 5187 308 5243 να’.
335 5185 557 5253 Πολλὴν
592 5182 649 5235 δὲ
697 5178 929 5249 μελέτην
992 5174 1089 5228 καλ⁸
1156 5173 1388 5243 ἄσκησιν
1442 5170 1727 5226 ποιοῦνται

140 5282 265 5356 περὶ
284 5280 391 5351 τὴν
435 5276 534 5329 ἐπὶ
556 5274 668 5327 τῶν
684 5274 885 5325 ,ἵππων
907 5268 1140 5332 τοξείαν.

208 5372 310 5443 νβ’.
360 5367 680 5423 Ἀκολουθεί
706 5364 764 5417 δὲ
804 5363 986 5423 αὐτοῖς
1018 5359 1115 5412 καλ⁸
1158 5357 1360 5428 πλῆθος
1390 5357 1599 5425 ἀλόγων
1644 5358 1723 5408 ίπ-

142 5468 358 5539 παρίων
416 5461 520 5516 καὶ
570 5456 844 5529 φοράδίων
868 5454 1003 5525 (65),
1041 5453 1157 5521 ἆμα
1202 5450 1301 5520 μὲν
1328 5451 1461 5519 προς
1500 5452 1733 5518 ἀποτρο-

143 5560 244 5629 (me
268 5557 371 5611 καὶ
404 5547 871 5623 γαλακτοποσίαν,
897 5546 1012 5616 Ξιμα
1031 5543 1085 5597 δὲ
1115 5540 1317 5596 καὶδιά
1345 5542 1579 5613 πλήθους
1600 5558 1733 5611 φαν-

142 5653 358 5705 τασίαν.

1824 4636 2097 4696 utuntur;
2131 4631 2223 4685 ubi
2256 4646 2385 4685 vero
2415 4631 2507 4685 alii
2535 4646 2633 4687 eos
2658 4632 3045 4701 insequuntur,
3068 4649 3199 4687 arcu
3232 4636 3405 4705 magis

1821 4720 2025 4774 valent.

1892 4898 1981 4953 50.
2024 4897 2137 4953 Nec
2184 4912 2313 4952 vero
2358 4897 2458 4952 soli
2514 4897 2591 4951 illi
2640 4912 2789 4951 arma
2836 4907 3071 4967 gestant,
3129 4896 3223 4952 sed
3277 4900 3402 4968 equi

1824 4992 1991 5047 etiam
2031 4997 2409 5059 spectatorum
2460 4991 2700 5044 virorum
2754 4988 3054 5055 cenduclo,
3122 4998 3213 5045 aut
3261 4990 3405 5045 ferro

1826 5082 2103 5135 anteriora
2128 5090 2340 5150 tegunt.

1898 5176 1988 5229 5|.
2020 5174 2246 5227 Multum
2269 5190 2449 5243 opera:
2480 5173 2753 5229 collocant
2789 5174 2841 5227 in
2873 5174 3055 5229 studio
3080 5175 3405 5245 sagittarum

1829 5285 1893 5324 ex
1933 5270 2089 5338 equis
2117 5268 2515 5336 jaciendarum.

1909 5363 1998 5418 5‘2.
2032 5362 2334 5415 Bestiarum
2358 5360 2760 5414 multitudinem
2792 5376 2977 5415 secum
3002 5362 3219 5425 habent,
3238 5376 3407 5428 equa-

1840 5470 1983 5518 rum,
2008 5455 2494 5525 jumentorumque
2542 5454 2796 5516 aliorutn,
2831 5463 2942 5505 tum
2994 5455 3058 5505 ad
3103 5454 3184 5504 lac
3217 5455 3407 5508 biben-

1838 5546 1993 5611 dum,
2036 5554 2147 5600 tum
2177 5553 2397 5614 propter
2425 5544 2736 5613 opinionem
2776 5542 3165 5599 multitudinis.

1663 5732 1895 5788 NOTAE.

1663 5733 1756 5788 NO
1881 5774 1895 5787 .

216 5837 331 5911 (εδ)
362 5832 426 5886 In
469 5826 799 5900 quibusdam
834 5824 923 5881 hic
952 5822 1238 5894 suppletur
1270 5821 1619 5889 vocabulum,
1649 5733 1874 5894 ar;le
1894 5825 2045 5882 deest
2073 5823 2128 5877 in
2152 5821 2276 5879 cod.
2303 5818 2562 5875 Laurent-
