4176 6442
788 406 894 469 959

791 608 921 659 dum
958 604 1212 667 Romani,
1242 604 1334 656 sed
1372 618 1549 670 usque
1581 604 1645 655 ad
1697 602 1822 655 belli
1871 599 2015 654 diem
2046 614 2141 669 per
2169 612 2374 666 cogna-

793 703 969 754 tiones
1025 708 1077 752 et
1119 696 1297 750 tribus
1328 696 1743 766 disperguntur.
1774 692 1959 763 Equos
2009 691 2231 746 assidue
2260 698 2376 744 tum

796 795 973 847 hieme
1000 800 1112 844 tum
1138 800 1327 844 aestate
1368 792 1549 842 alunt.
1591 787 1722 842 Belli
1771 795 1952 850 autem
1998 794 2244 853 tempore
2286 799 2380 837 ne-

794 885 1068 939 cessarios
1102 882 1167 936 ad
1201 896 1357 935 usum
1388 896 1559 948 equos
1591 879 1851 942 retinent,
1877 885 1930 931 et
1953 890 2118 946 prope
2146 873 2380 928 Tureica

794 978 1035 1029 tentoria
1084 973 1291 1044 pedit-is
1349 971 1566 1041 injectis
1622 978 1833 1034 tenent,
1881 978 2048 1039 atque
2097 981 2272 1037 usque
2312 966 2381 1020 ad

794 1069 969 1138 ipsius
1007 1068 1184 1139 praelii
1219 1074 1433 1133 tempus
1467 1073 1820 1119 conservant.

870 1257 957 1311 5i.
989 1254 1261 1308 Excubias
1292 1251 1510 1305 eminus
1553 1249 1858 1304 collocatas
1904 1246 2128 1310 habent,
2160 1242 2257 1299 sed
2307 1245 2384 1296 ita

799 1351 1042 1410 crebras,
1078 1355 1137 1399 ut
1185 1360 1293 1399 non
1340 1344 1501 1398 facile
1545 1343 1742 1395 subitis
1794 1338 2248 1408 impressiOnibus
2285 1351 2384 1405 op-

802 1443 963 1513 primi
996 1441 1228 1507 possint.

872 1536 960 1589 55.
1002 1536 1059 1587 ln
1095 1531 1310 1601 proelio,
1356 1535 1415 1581 ut
1453 1523 1683 1579 Romani
1738 1523 1971 1586 faciunt,
2018 1523 2190 1576 aciem
2228 1536 2384 1576 suam

801 1632 857 1684 in
894 1637 1004 1681 tres
1040 1636 1222 1694 partes
1274 1636 1380 1675 non
1420 1619 1692 1682 dividunt,
1726 1616 1820 1671 sed
1850 1616 2085 1669 diversis
2122 1614 2175 1667 in
2216 1614 2387 1683 parti-

806 1723 907 1772 bus
935 1714 1207 1783 drungisti
1238 1711 1401 1766 simul
1452 1719 1506 1764 et
1536 1708 1825 1761 confertim
1861 1708 2003 1759 inter
2030 1720 2089 1759 se
2118 1705 2385 1773 adjuneti,

806 1821 993 1882 partes
1024 1809 1097 1861 ita
1132 1821 1323 1875 parum
1354 1806 1496 1856 inter
1524 1816 1583 1856 se
1624 1801 1892 1855 distantes
1928 1798 2151 1861 habent,
2194 1803 2251 1849 ut
2282 1809 2385 1848 una

804 1904 1055 1956 videatur
1085 1912 1207 1951 esse
1240 1896 1409 1949 acies.

876 1995 966 2049 56.
1016 1992 1217 2045 Praeter
1274 1988 1449 2042 aciem
1495 1986 1821 2039 instructam
1875 1982 2065 2051 copias
2116 1978 2382 2047 quasdam

806 2096 1067 2157 praetcrea
1109 2081 1333 2143 habent,
1362 2091 1499 2147 quas
1529 2076 1610 2129 vel
1656 2075 1722 2128 ad
1761 2074 1992 2127 insidias
2038 2072 2264 2126 mittunt
2290 2070 2387 2123 ad-

806 2191 1024 2234 versum
1055 2189 1152 2227 eos
1187 2170 1281 2241 qui
1327 2169 1667 2237 negligenter
1695 2167 1748 2218 in
1787 2164 1966 2216 hostili
1999 2163 2118 2217 acie
2149 2162 2258 2214 illis
2287 2175 2386 2228 op-

804 2278 1107 2342 ponuntur,
1142 2265 1222 2319 vel
1258 2263 1322 2316 ad
1375 2260 1680 2315 subsidium
1733 2256 1943 2310 afﬂictae
2003 2267 2388 2324 oppressazque

806 2362 979 2433 partis
1027 2358 1312 2412 emittunt.
1359 2351 1596 2405 Tuldum
1672 2357 1878 2410 autem,
1933 2346 1982 2400 id
2032 2352 2117 2398 est
2157 2342 2386 2412 impedi-

806 2428 1013 2512 incuta,
1066 2463 1095 2500 a
1126 2456 1278 2515 tergo
1323 2442 1460 2496 aciei
1495 2454 1663 2509 prope
1692 2439 1775 2492 vel
1805 2435 1873 2489 ad
1908 2435 2178 2499 dextram,
2214 2432 2293 2485 vel
2318 2428 2385 2482 ad

807 2543 1118 2601 sinistram,
1151 2535 1315 2590 unius
1347 2541 1442 2585 aut
1469 2531 1703 2584 duorum
1752 2525 2070 2580 milliarium
2103 2521 2390 2577 intervallo

812 2636 1033 2693 habent,
1077 2639 1129 2682 et
1178 2640 1400 2697 parvam
1457 2619 1751 2691 quamdam
1799 2615 2108 2672 custodiam
2152 2612 2388 2666 militum

808 2727 887 2782 illi
916 2723 1224 2793 assignant.

886 2820 975 2875 57.
1017 2817 1170 2884 Saepe
1217 2822 1399 2867 autem
1443 2806 1747 2878 superfluos
1785 2815 1959 2871 equos
2008 2812 2039 2850 a
2078 2805 2230 2867 tergo
2270 2800 2391 2865 post

810 2914 985 2967 aciem
1041 2910 1366 2961 instructam
1422 2901 1624 2962 locant,
1672 2903 1726 2950 et
1796 2888 2107 2959 manipulos
2160 2887 2392 2941 confuse

814 3011 983 3071 atque
1014 2996 1325 3052 inordinate
1368 2995 1638 3062 apparent
1662 3004 1677 3052 ;
1726 2992 1787 3038 ut
1815 2983 2046 3039 densata
2072 2980 2291 3047 altaque
2320 2978 2394 3029 sit

813 3070 1147 3165 permultum
1177 3087 1462 3152 laborant,
1482 3081 1717 3136 frontem
1745 3080 1891 3147 vero“.
1912 3073 2235 3146 aequabilem
2263 3070 2393 3125 den-

813 3198 1038 3255 samque
1071 3181 1298 3236 faciunt.

885 3453 974 3509 58.
1011 3450 1252 3507 Utuntur
1282 3445 1482 3518 pugnis
1508 3445 1726 3500 eminus
1756 3440 1983 3506 habitis,
2018 3433 2253 3498 insidiis,
2284 3430 2398 3484 cir-

810 3541 1344 3612 cmnscriptionibus
1393 3537 1660 3600 hostium,
1711 3531 1984 3590 simulatis
2040 3521 2398 3583 discessioni-

817 3636 943 3698 bus,
975 3629 1458 3693 conversionibus,
1487 3637 1542 3684 et
1573 3625 1836 3696 dispersis
1867 3621 2113 3677 aciebus.

889 3905 978 3959 59.
1022 3901 1125 3956 Ubi
1163 3900 1348 3955 hostes
1377 3897 1433 3952 in
1463 3897 1640 3965 fugam
1667 3891 1953 3957 verterint,
1983 3888 2116 3944 illud
2160 3886 2394 3957 primum

818 4000 1098 4060 laborant,
1131 4003 1193 4047 ut
1247 3992 1397 4046 omni
1441 3988 1798 4047 contentione
1848 3988 2229 4055 insequantur,
2258 3982 2396 4036 nihil

821 4091 975 4158 prius
1030 4086 1334 4146 habentes,
1387 4095 1551 4152 quam
1614 4079 1866 4149 persequi
1922 4077 2125 4132 hostes.
2187 4075 2395 4143 Neque,

819 4176 1279 4248 quemadmodum
1314 4172 1541 4227 Romani
1601 4171 1933 4239 relianeque
1963 4167 2237 4229 nationes,
2263 4180 2397 4218 cnn-

822 4271 959 4322 tenti
1020 4274 1148 4320 sunt
1197 4262 1545 4318 mediocriter
1594 4260 1717 4313 illos
1768 4257 2005 4326 insequi.
2035 4267 2091 4310 et
2137 4256 2397 4324 pecunias

822 4360 1037 4413 illorum
1087 4354 1345 4423 diripere,
1404 4349 1501 4406 sed
1561 4364 1628 4403 eo
1668 4363 1844 4418 usque
1909 4346 2208 4410 invadunt,
2264 4345 2395 4398 dum

821 4447 1080 4502 omnibus
1109 4444 1312 4515 quibus
1347 4449 1584 4511 possunt
1626 4439 1729 4494 viis
1777 4439 1963 4492 homes
2010 4438 2263 4506 protinus
2301 4437 2398 4492 de-

818 4543 984 4597 lcant.

890 4633 980 4688 60.
1016 4630 1075 4685 Si
1125 4628 1218 4699 qui
1250 4642 1316 4683 ex
1360 4625 1611 4681 hostibus
1653 4622 1958 4680 'l'ureorum
2008 4623 2077 4679 ad
2131 4622 2393 4678 munitio-

819 4738 947 4779 nem
1002 4722 1240 4789 aliquam
1309 4716 1705 4786 confugerint,
1762 4715 2053 4772 confestim
2122 4725 2393 4770 conantur

819 4820 1159 4869 commeatus
1206 4809 1468 4879 inopiam,
1495 4809 1541 4862 si
1574 4823 1694 4879 quae
1738 4808 1832 4875 sit,
1872 4819 1969 4861 aut
2001 4809 2265 4871 virorum,
2299 4816 2394 4861 aut

815 4907 1190 4978 jumentorum
1225 4915 1581 4972 cognoscere,
1613 4910 1667 4956 et
1714 4900 1789 4955 ibi
1833 4900 1887 4955 in
1935 4900 2196 4956 continua
2244 4900 2395 4955 obsi-

820 4997 985 5050 dione
1019 5001 1170 5058 sunt,
1227 4991 1405 5045 donec
1446 4992 1566 5061 ejus
1604 4991 1784 5061 inopia
1831 4990 2019 5046 hostes
2060 4991 2394 5061 opprimant,

822 5086 906 5140 vel
944 5084 1011 5138 ad
1040 5085 1281 5154 aliquam
1313 5081 1756 5146 consensionem,
1790 5089 1884 5135 aut
1903 5081 2239 5137 deditionem
2272 5082 2396 5137 illos

820 5178 1229 5249 compulerint;
1269 5190 1333 5231 ac
1365 5175 1541 5246 primo
1564 5174 1766 5231 leviora
1802 5175 1912 5231 illis
1936 5185 2270 5246 proponunt,
2301 5188 2395 5228 as-

824 5271 1189 5326 sentientibus
1222 5268 1421 5323 deinde
1452 5270 1706 5339 graviora
1746 5268 2052 5338 imponunt.

892 5448 982 5502 6t.
1015 5445 1081 5502 Ili
1113 5448 1415 5503 Turcorum
1460 5460 1641 5502 mores
1674 5446 1776 5502 hoc
1822 5446 1944 5501 solo
1978 5460 2009 5499 a
2040 5444 2393 5516 Bulgarorum

821 5538 1051 5602 distant,
1108 5540 1255 5609 quod
1312 5539 1363 5592 hi
1410 5538 1851 5594 Christianorum
1901 5537 2169 5607 complexi
2210 5538 2391 5602 fidem,

821 5630 1195 5685 Romanorum
1242 5631 1489 5686 moribus
1533 5630 1852 5695 assuefacti,
1883 5645 2093 5684 morum
2126 5633 2395 5700 asperita-

824 5731 928 5774 tem
952 5731 1007 5776 et
1038 5734 1309 5794 agrestem
1340 5724 1504 5778 vitam
1542 5722 1705 5778 simul
1738 5737 1862 5777 cum
1896 5721 2215 5778 inﬁdelitate
2244 5725 2397 5795 abge-

821 5820 949 5862 εει-ιι
959 5819 1039 5862 ιιι.

2047 394 2239 455 LEON
2251 394 2321 452 IS
2351 386 2809 453 PHILOSOPHI

863 520 949 572 53.
983 517 1180 571 Castra
1226 521 1433 584 ponunt
1485 526 1594 565 non
1650 512 1702 565 in
1742 509 1970 575 fossato,
2012 506 2372 579 quemadmo—
2403 508 2449 567 Λ

2546 499 2647 568 νγ’.
2689 497 3070 551 Ἀπλικεύουσι
3132 498 3186 552 δὲ
3219 498 3320 551 οὐκ
3376 501 3435 552 ἐν
3489 503 3768 571 φοτσάτῳ,
3794 505 3987 575 ὥσπερ
4014 510 4065 559 οἱ

2498 595 2780 663 Ῥωμαῖοι,
2814 592 2949 648 ἀλλά
2972 592 3136 662 μέχρι
3178 594 3277 663 μὲν
3317 593 3417 663 τῆς
3445 595 3539 648 τοῦ
3570 596 3807 667 πολέμου
3854 600 4070 670 ἡμέρας

2486 689 2875 759 διεσπαρμένοι
2931 688 3075 740 κατά
3137 687 3271 755 γένη
3320 688 3413 739 καὶ
3462 687 3658 754 φυλάς,
3688 689 3816 751 τοὺς
3864 688 4067 751 ἵππους

2487 782 2777 852 βόσκοντες
2822 779 3086 849 διηνεκῶς
3136 781 3193 832 ὲν
3238 779 3387 850 θέρει
3444 780 3537 831 καὶ
3582 780 3835 849 χειμῶνι.
3886 781 3976 833 Ἐν
4008 783 4066 834 δὲ

2484 872 2661 944 καιρῷ
2696 872 2934 943 πολέμου
2963 873 3090 934 τοὺς
3120 872 3452 937 ἀναγκαίους
3478 871 3681 935 ἵππους
3710 873 4061 942 κατέχοντες,

2486 966 2579 1019 καὶ
2638 964 3013 1027 πεδικλοῦντες
3062 962 3289 1034 πλησίον
3340 963 3449 1016 τῶν
3500 963 3819 1033 Τουρκικῶν
3864 966 4069 1017 τεντῶν

2487 1058 2815 1128 φυλάττουσι
2842 1058 3006 1126 μέχρι
3029 1054 3223 1126 καιροῦ
3244 1054 3344 1123 τῆς
3366 1054 3753 1125 παρατάξεως,
3773 1056 3882 1109 ὑπὸ
3902 1055 4069 1109 νύκτα

2484 1150 2587 1218 τῆς
2614 1147 2977 1220 παρατάξεως
3005 1147 3401 1218 ἀπαρχόμενοι.

2556 1242 2653 1295 νδ⁹.
2685 1241 2796 1304 Τάς
2825 1240 2881 1294 δὲ
2910 1238 3108 1310 βίγλας
3136 1239 3316 1292 αὐτῶν
3341 1237 3450 1292 ἀπὸ
3484 1238 3761 1309 μακρόθεν
3792 1238 4066 1293 ἀλλεπαλ-

2487 1332 2684 1401 λήλους
2729 1330 2996 1396 ποιοῦσιν,
3029 1330 3109 1393 είς
3137 1325 3197 1383 τὸ
3237 1330 3312 1399 μὴ
3360 1327 3597 1390 εὐκόλως
3625 1330 3825 1393 αὐτοὺς
3864 1330 4068 1399 ὑπομέ-

2486 1440 2599 1477 νειν
2625 1420 3068 1491 αίφνιδιασμούς.

2557 1513 2650 1569 νε’.
2702 1514 2789 1566 Ἐν
2828 1513 2886 1566 δὲ
2910 1515 2975 1583 τῇ
3015 1511 3164 1583 μάχῃ
3192 1509 3291 1578 οὐχ
3319 1508 3392 1572 ὡς
3420 1510 3467 1563 οί
3501 1509 3760 1578 Ῥωμαῖοι
3789 1509 4071 1575 παρατάσ-

2501 1623 2683 1659 σουσιν
2717 1606 2773 1656 ὲν
2811 1605 2960 1674 τρισὶ
3013 1604 3257 1673 μέρεσιν,
3282 1599 3396 1653 ἀλλ’
3430 1601 3489 1652 ὲν
3531 1601 3812 1669 διαφόροις
3850 1601 4070 1669 μοίραις

2489 1696 2804 1767 δρουγγιστὶ
2842 1694 3209 1754 συνάπτοντες
3233 1690 3491 1761 ἀλλήλαις
3511 1690 3605 1754 τὰς
3643 1692 3839 1761 μοίρας
3876 1692 4070 1761 μικρὸν

2490 1789 2585 1842 ἀπ’
2654 1788 2898 1857 ἀλλήλων
2957 1785 3343 1854 διισταμένας,
3386 1782 3543 1851 ιῶστε
3602 1783 3732 1852 μίαν
3784 1782 4070 1852 φαίνεσθαι

2416 1893 2456 1948 Β
2488 1897 2562 1935 πα
2572 1881 2816 1953 ράταξιν.

2558 1981 2667 2038 νς¹.
2705 1975 2927 2043 Ἔχουσι
2955 1971 3013 2025 δὲ
3042 1969 3147 2037 ἔξω
3163 1971 3264 2040 τῆς
3295 1968 3654 2039 παρατάξεως
3690 1966 3927 2038 δύναμίν
3954 1985 4072 2021 τινα

2487 2068 2550 2119 ὲκ
2583 2065 2869 2136 περισσοῦ,
2897 2068 2961 2135 ἢν
3008 2062 3145 2131 πρὸς
3188 2060 3490 2130 ἐγκρυμμα
3516 2060 3899 2127 ἐκπέμπουσιν
3933 2059 4074 2112 κατά

2486 2160 2595 2212 τῶν
2625 2157 2844 2229 ἀμελῶς
2888 2152 3362 2223 ἀντιτασσομένων
3389 2152 3596 2214 αὐτοῖς,
3626 2152 3658 2220 ἦ
3690 2151 3787 2203 καὶ
3830 2153 3911 2213 είς
3942 2151 4072 2220 βοή-

2488 2250 2641 2302 θειαν
2690 2249 2785 2303 τοῦ
2854 2244 3195 2317 βαρουμὲνου
3247 2244 3449 2313 μέρους
3496 2241 3852 2311 φυλάττουσι.
3884 2242 3963 2294 Τὸ
4013 2241 4071 2294 δὲ

2488 2342 2705 2395 τοῦλδον
2733 2339 2914 2395 αὐτῶν
2941 2336 3166 2392 δπισθεν
3194 2335 3294 2403 τῆς
3321 2334 3695 2405 παρατάξεως
3723 2334 3911 2403 ἔχουσι
3944 2334 4078 2401 πλη-

2489 2434 2629 2498 σίον,
2654 2434 2687 2504 ἢ
2714 2432 2865 2504 δεξιᾷ
2889 2432 2921 2501 ἢ
2965 2427 3233 2501 ἀριστερᾷ
3277 2427 3377 2497 τῆς
3436 2426 3822 2500 παρατάξεως,
3850 2428 3929 2491 ὡς
3956 2428 4064 2481 ἀπὸ

2490 2526 2607 2588 ἐνὸς
2638 2524 2672 2596 ἢ
2702 2524 2957 2595 δευτέρου
2995 2520 3199 2592 μιλίου,
3232 2517 3486 2586 ἀφιέντες
3517 2521 3576 2573 ὲν
3618 2519 3769 2590 αὑτῷ
3821 2520 3920 2574 καὶ
3968 2519 4076 2573 ὀλί-

2490 2634 2594 2689 γην
2621 2616 3045 2686 παραφυλακήν.

2561 2810 2658 2875 νξ.
2692 2811 2962 2874 Πολλάκις
2983 2812 3041 2865 δὲ
3072 2813 3169 2866 καὶ⁵
3199 2812 3597 2882 συξευγνύντες
3619 2809 3749 2873 τοὺς
3776 2808 4075 2879 περισσοὺς

2492 2902 2601 2956 τῶν
2629 2903 2813 2956 ἵππων
2844 2903 2991 2957 κατά
3020 2904 3217 2971 νώτου,
3248 2906 3418 2977 ἧγουν
3440 2902 3666 2957 ὄπισθεν
3694 2902 3797 2971 τῆς
3827 2902 4075 2963 παρατά-

2496 2994 2630 3057 ξεως
2682 2996 2865 3048 αὐτῶν
2910 2995 3154 3049 ποιοῦσιν
3210 2998 3290 3059 είς
3344 2995 3592 3065 φυλακὴν
3636 2993 3835 3062 αὐτῆς,
3880 2992 3975 3045 καὶ
4010 2993 4076 3044 τά

2500 3087 2601 3157 μὲν
2639 3086 2779 3157 βάθη
2826 3088 2935 3140 τῶν
2983 3088 3157 3143 ἀκιῶν
3212 3088 3311 3157 τῆς
3344 3087 3708 3158 παρατάξεως
3745 3087 3920 3155 ἦγουν
3950 3087 4075 3146 τοὺς

2500 3178 2716 3246 στίχους
2759 3179 3026 3249 ἀορίστως
3048 3177 3286 3244 ποιοῦσι,
3316 3179 3403 3234 διὰ
3444 3179 3506 3231 τδ
3532 3180 3770 3247 παχεῖαν
3798 3172 3944 3230 εἶναι
3977 3178 4075 3247 τὴν

2500 3272 2805 3341 παράταξιν
2863 3271 3063 3342 βάθους
3120 3269 3321 3340 μᾶλλον
3380 3269 3783 3340 φροντίζοντες,
3813 3269 3913 3323 καὶ
3965 3269 4076 3321 ἴσον

2499 3359 2711 3415 ποιοῦσι
2749 3365 2841 3417 καὶ
2876 3361 3080 3416 πυκνὸν
3114 3359 3175 3412 τὸ
3208 3359 3485 3430 μέτωπον.

2572 3443 2674 3516 νη⁰.
2704 3446 2967 3517 Χαίρουσι
3009 3448 3066 3503 δὲ
3116 3450 3319 3518 μᾶλλον
3349 3452 3469 3523 ταῖς
3518 3448 3627 3504 ἀπὸ
3671 3449 3917 3521 μήκοθεν
3979 3451 4077 3521 μά-

2496 3555 2640 3609 χαις,
2668 3539 2761 3590 καὶ
2795 3539 3057 3610 ἐνέδραις,
3108 3543 3204 3596 καὶ
3255 3546 3377 3607 ταῖς
3416 3541 3724 3597 κυκλώσεσι
3779 3543 3926 3597 κατά
3969 3544 4074 3597 τῶν

2502 3632 2794 3695 ἐναντίων,
2835 3631 2929 3685 καὶ
2978 3635 3102 3696 ταῖς
3160 3634 3667 3704 ἐσχηματισμέναις
3720 3634 4075 3706 ὑποχωρήσε-

2499 3743 2606 3787 σιν,
2630 3723 2727 3777 καὶ
2757 3726 3173 3796 ἀντιστροφαῖς,
3212 3727 3304 3779 καὶ
3347 3728 3468 3791 ταῖς
3511 3726 3946 3796 διεσπαρμέναις
3976 3729 4073 3781 τά·

2498 3815 2664 3882 ξεσιν.

2565 3904 2661 3959 νθ’.
2696 3906 2866 3960 Ὅταν
2889 3906 2946 3960 δὲ
2977 3905 3220 3977 τρέψωσι
3240 3906 3366 3968 τοὺς
3394 3904 3624 3974 ἐχθροὺς
3651 3902 3861 3968 αὐτῶν,
3903 3903 4074 3956 πάντα

2498 3998 2556 4049 ἐν
2610 3998 2847 4067 δευτέρῳ
2913 3996 3175 4061 τιθέασιν,
3248 3995 3345 4049 καὶ
3411 3994 3649 4062 ἀφειδῶς
3696 3993 4071 4055 ἐπιτίθενται,

2497 4090 2650 4143 οὐδὲν
2680 4090 2869 4159 ἕτερον
2893 4087 3256 4158 λογιζόμενοι,
3292 4087 3325 4157 ἢ
3350 4087 3411 4139 τὸ
3443 4086 3683 4139 διώκειν.
3705 4087 3821 4139 Οὐκ
3848 4086 4077 4156 ἀρκοῦν-

2498 4199 2585 4234 ται
2625 4180 2757 4251 γάρ,
2815 4179 3079 4249 ὦσπερρί
3114 4178 3374 4249 Ῥωμαῖοι
3424 4179 3518 4231 καὶ⁵
3554 4177 3621 4229 τά
3663 4176 3800 4231 ἄλλα
3828 4176 3982 4246 ἔθνη,
4011 4177 4073 4243 τῇ

2503 4271 2703 4342 μετρίςι⁵
2729 4270 3079 4337 καταδιώξει,
3110 4269 3205 4322 καὶ
3232 4270 3299 4337 τῇ
3334 4267 3441 4321 τῶν
3481 4268 3785 4339 χρημάτων
3820 4267 4074 4336 ἁρπαγῇ,

2500 4362 2637 4416 ἀλλά
2692 4362 2854 4433 μέχρι
2901 4360 3157 4416 τοσούτου
3192 4360 3518 4422 ἐπίκεινται,
3575 4359 3681 4421 ἕως
3734 4358 3803 4411 ἀν
3862 4357 4077 4418 τελείως

2498 4455 2599 4525 τὴν
2625 4454 2734 4506 τῶν
2768 4453 2978 4524 ἐχθρῶν
3006 4452 3305 4507 κατάλυσιν
3351 4452 3708 4522 ποιήσωνται,
3742 4450 3898 4520 πάσῃ
3946 4448 4077 4520 μεθ’

2426 4560 2474 4619 D
2497 4547 2601 4616 όδῳ
2622 4546 2699 4609 είς
2732 4543 2893 4599 τοῦτο
2919 4546 3270 4616 κεχρημένοι.

2571 4637 2634 4703 ξ’.
2689 4638 2813 4691 Ἐὰν
2870 4637 2927 4692 δέ
2974 4654 3120 4700 τινες
3158 4636 3271 4690 τῶν
3301 4636 3513 4706 ἐχθρῶν
3540 4634 3721 4688 αὐτῶν
3754 4633 4076 4703 διωκόμενοι

2497 4732 2577 4794 είς
2639 4732 2900 4802 ὀχύρωμα
2938 4729 3347 4798 καταφεύγωσι,
3402 4726 3771 4790 σπουδάζουσι
3824 4726 4071 4796 ἀκριϐῶς

2498 4821 2889 4883 κατανοοῦντες
2932 4820 3032 4890 τὴν
3096 4820 3206 4873 τῶν
3259 4819 3574 4887 ἀναγκαίων
3603 4818 3815 4873 ἔνδειαν
3847 4818 3942 4870 καὶ
3972 4816 4077 4869 τῶν

2501 4912 2687 4965 ἵππων
2723 4912 2818 4963 καὶ
2843 4910 2954 4963 τῶν
2981 4908 3213 4981 ἀνδρῶν,
3238 4911 3332 4964 καὶ
3358 4908 3866 4980 προσκαρτεροῦσιν
3901 4909 3988 4959 ἵνα
4015 4910 4075 4975 τῇ

2504 5001 2780 5071 στενότητι
2843 5000 3051 5053 τούτων
3076 5000 3448 5070 χειρώσωνται
3479 5000 3608 5062 τοὺς
3636 4998 3888 5068 ἐχθροὺς,
3927 4997 3962 5068 ἢ
4005 4999 4076 5058 εἰς

2501 5096 2570 5147 τὰ
2602 5094 2904 5165 ἀρέσκοντα
2960 5094 3144 5156 αὐτοῖς
3205 5093 3473 5163 σύμφωνα
3512 5092 3735 5155 τούτους
3800 5093 4071 5159 ἀγάγωσι,

2503 5185 2735 5255 πρώτως
2783 5187 2883 5257 μὲν
2948 5186 3290 5257 ἑλαφρότερά
3352 5203 3474 5240 τινα
3521 5183 3935 5255 ἐπιζητοῦντες,
3990 5187 4076 5237 καὶ

2500 5276 2622 5327 τότε
2655 5275 3053 5345 συντιθεμένων
3082 5276 3264 5339 αὐτοῖς
3292 5275 3401 5329 τῶν
3430 5275 3641 5347 ἐχθρῶν
3678 5275 3846 5345 ἕτερα
3896 5275 4070 5344 μείζο-

2507 5384 2569 5420 να
2608 5366 3018 5436 προστιθέασιν.

2574 5456 2674 5523 ξα’.
2702 5458 2889 5512 Ταῦτα
2942 5459 3042 5528 μὲν
3098 5460 3167 5513 τά
3228 5460 3335 5513 τῶν
3382 5459 3643 5530 Τούρκων
3698 5458 3803 5529 ἤδη
3843 5458 4075 5525 τοσούτῳ

2504 5552 2651 5623 μόνῳ
2679 5552 3009 5623 διαφέροντα
3038 5554 3147 5607 τῶν
3170 5553 3517 5624 Βουλγάρων,
3548 5554 3659 5622 ὅσῳ
3682 5553 3784 5622 τὴν
3815 5552 4072 5620 Χριστια-

2502 5642 2609 5695 νῶν
2630 5636 2775 5696 οὗτοι
2823 5645 3202 5714 ἀσπασάμενοι
3236 5646 3439 5706 πίστιν,
3471 5646 3565 5699 καὶ
3594 5648 3708 5708 τοῖς
3753 5644 4071 5710 Ῥωμαως

2502 5735 2589 5787 ἐπ’
2616 5735 2793 5804 ὀλίγον
2853 5736 3210 5805 μετεϐάλοντο
3260 5736 3439 5807 ἤθεσι,
3470 5738 3532 5790 τό
3560 5754 3618 5789 τε
3659 5737 3720 5788 τὸ
3743 5736 3942 5806 ἄγριον
3988 5734 4068 5786 καὶ

2504 5828 2793 5896 -ιομαδικῗιν
2819 5828 2894 5882 τῶ
2918 5830 3131 5897 ἀπίστῳ
3161 5830 3645 5894 συναποὸαλίντες.
