4176 6442
169 432 279 498 961

1196 432 1533 492 TACTICA.
1565 453 1633 466 —
1667 426 2172 515 CONSTi'i‘UTIO
2200 426 2422 487 xvm.

3317 420 3423 485 96?.

239 544 343 615 ξβ’.
397 543 762 601 Ἑναντιοῦται
814 546 872 599 δὲ
919 544 1195 615 πολεμίοις
1260 548 1525 618 Τούρκοις
1570 546 1745 599 ενδεία

1922 514 2008 596 d2.
2041 542 2358 597 Pastionum
2388 540 2573 609 inopia
2602 540 2839 594 maximo
2865 538 3257 608 impedimento
3285 538 3425 592 Tur-

174 637 377 707 βοσκῆς
404 638 492 691 διὰ
515 638 577 691 τδ
608 636 813 708 πλῆθος
840 631 916 691 ὧν
946 637 1298 708 ἐπιφέρονται
1329 639 1557 706 ἀλόγων.

243 816 346 887 ξγ’.
380 822 488 873 Kal.
536 822 596 874 έν
644 821 825 892 καιρῷ
878 819 936 873 δὲ
987 820 1258 890 συμϐολῆς
1312 817 1466 883 τάξις
1530 819 1732 887 πεζικὴ

183 910 592 981 συντεταγμένη
629 911 866 981 μάλιστα
897 912 1092 972 αὐτοὺς
1151 909 1365 981 βλάψει,
1392 911 1467 973 ὼς
1527 909 1746 963 ἐναντία

175 1000 359 1053 αὐτῶν
408 1000 792 1071 καὸαλλαρίων
819 1000 1011 1067 ὄντων,
1044 1003 1139 1055 καὶ
1183 1002 1257 1072 μὴ
1311 1000 1748 1054 καταϐαινόντων

176 1091 286 1144 ἀπὸ
340 1092 451 1146 τῶν
508 1093 740 1145 ῑππων“⁶
800 1093 922 1146 οὐδὲ
972 1092 1083 1161 γὰρ
1147 1091 1339 1161 στῆναι
1402 1091 1542 1161 πεζῇ
1608 1106 1744 1158 καρ-

177 1181 431 1250 τεροῦσιν
451 1180 525 1243 ὡς
547 1181 943 1252 συντραφέντες
972 1181 1290 1250 ἐποχεῖσθαι
1317 1182 1429 1242 τοῖς
1459 1179 1670 1240 ἵπποις.

246 1272 343 1336 ξδ’.
392 1272 757 1326 Ἐναντιοΰται
817 1272 876 1325 δὲ
926 1272 1109 1334 αὐτοῖς
1165 1272 1258 1325 καὶ
1331 1271 1496 1332 τόπος
1545 1268 1745 1339 ὁμαλὸς

176 1364 273 1416 καὶ
301 1364 776 1433 γεγυμνασμένος,
813 1365 907 1416 καὶ
942 1364 1006 1433 δὴ
1029 1364 1122 1417 καὶ
1147 1363 1299 1427 τάξις
1325 1360 1702 1430 κασαλλαρικὴ
1730 1402 1743 1423 ,

177 1455 273 1509 καὶ
336 1455 766 1525 πεπυκνωμένη,
789 1455 887 1507 καὶ
939 1455 1279 1516 ἀδιαστάτως
1314 1453 1497 1516 αὐτοῖς
1527 1451 1750 1506 ἀκολου-

176 1546 367 1601 οοῦσα.

245 1634 342 1699 Es’.
385 1634 756 1689 Ἐναντιοῦται
784 1636 842 1689 δὲ
870 1636 966 1689 καὶ
993 1636 1058 1687 ἐκ
1083 1634 1265 1705 χειρὸς
1298 1632 1587 1705 συμπλοκὴ
1614 1633 1752 1703 μετά

174 1726 287 1778 τῶν
320 1726 523 1791 ὃπλων,
570 1726 666 1779 καὶ
700 1726 879 1795 ἔφοδοι
911 1728 1227 1797 νυκτεριναὶ
1246 1726 1504 1797 ἀσφαλῶς
1534 1728 1751 1795 γινόμε-

1850 647 2042 687 corum
2086 632 2350 688 exercitui
2381 640 2486 696 est,
2534 632 2660 700 quia
2700 632 3103 687 multitudinem
3148 631 3424 699 jumento-

1852 738 1972 776 rum
2006 739 2190 778 secmn
2225 738 2440 792 semper
2466 722 2692 787 vehunt.

1919 813 2008 867 65.
2045 813 2486 868 Conﬂictationis
2535 823 2780 882 tempore
2812 813 3084 883 pedestris
3130 816 3273 869 acies
3306 831 3425 869 nia-

1851 923 2091 977 gnopere
2137 909 2262 961 illos
2309 908 2485 969 laadet,
2530 923 2653 976 quae
2697 910 2927 963 adversa
2978 910 3252 977 equitibus
3286 912 3427 964 solet

1850 1013 1970 1052 8:80
2006 997 2074 1051 iis
2102 997 2193 1065 qui
2218 1012 2282 1050 ex
2319 996 2475 1064 equis
2498 997 2833 1051 descendere
2861 1013 2969 1051 non
3002 1000 3217 1061 solent;
3252 1014 3429 1067 neque

1852 1088 1996 1139 enim
2053 1097 2200 1141 stare
2246 1087 2476 1156 pedibus
2519 1085 2611 1140 diu
2661 1097 2912 1156 possunt,
2944 1091 3071 1157 quia
3118 1091 3274 1159 equis
3307 1092 3426 1144 vehi

1853 1185 1981 1231 sunt
2004 1176 2176 1239 soliti,

1923 1270 2011 1325 οι.
2041 1271 2317 1326 Adversus
2349 1272 2457 1327 illis
2492 1272 2642 1325 locus
2666 1272 2951 1340 :equabilis
2994 1273 3431 1342 eampestrisque

1854 1371 1958 1423 est,
1991 1371 2044 1415 et
2094 1363 2240 1416 acies
2290 1364 2564 1430 equestris
2606 1363 2959 1431 deusataque,
3002 1372 3051 1417 et
3096 1366 3215 1420 sine
3258 1366 3429 1420 inter--

1857 1453 2120 1507 missione
2156 1452 2278 1508 illos
2312 1467 2571 1523 sequens.

1933 1632 2019 1685 (35.
2052 1631 2305 1686 Adversa:
2354 1633 2463 1687 illis
2497 1642 2627 1687 sunt
2678 1649 2935 1687 manuum
2967 1638 3428 1703 concertationes,

1855 1732 1909 1776 et
1942 1726 2287 1779 incursiones
2331 1734 2640 1789 nocturnaa,
2670 1726 2715 1779 si
2760 1727 2831 1780 ita
2882 1738 2999 1782 tuto
3036 1730 3185 1795 ﬁant,
3237 1740 3293 1784 ut
3335 1734 3429 1801 qui

176 1833 290 1881 ναι,
324 1810 438 1871 οἷον
487 1816 575 1871 ἵνα
601 1818 653 1870 oi
701 1818 801 1888 μὲν
821 1818 869 1869 οἱ
897 1817 1324 1887 προσϐάλλοντες
1352 1819 1535 1879 αὐτοῖς
1560 1816 1618 1869 ἓν
1653 1816 1753 1885 μὲν

1864 1813 2122 1868 invadunt
2168 1814 2290 1868 illos
2326 1829 2486 1867 unam
2543 1823 2751 1884 partem
2804 1816 3036 1870 habeant
3079 1820 3429 1886 instructam,

176 1902 346 1978 ἔχωσι
374 1907 540 1978 μέρος
568 1908 923 1977 τεταγμένον,
943 1909 1005 1960 τὸ
1027 1909 1085 1961 δὲ
1118 1909 1306 1979 ἓτερον
1356 1908 1521 1978 μέρος
1558 1908 1752 1976 ἐγκρυ-

1864 1904 2081 1958 alteram
2105 1916 2285 1959 autem
2312 1908 2582 1960 occultam
2617 1917 2780 1977 atque
2804 1908 3065 1964 abditam.

177 1999 477 2067 πτόμενον,

248 2087 361 2155 ἔσς’.
394 2088 573 2142 Δυπεϊ
597 2089 654 2142 δὲ
705 2088 904 2153 αὐτοὺς
944 2090 1149 2159 σφόδρα
1189 2090 1284 2143 καὶ
1322 2090 1453 2142 ὅταν
1496 2094 1638 2153 τινὲς
1698 2091 1756 2156 ἐξ

176 2184 361 2236 αὐτῶν
385 2182 741 2253 προσφύγωσι
769 2185 882 2247 τοῖς
926 2183 1238 2252 Ῥωμαίοις.
1278 2184 1317 2236 Γ
1324 2183 1608 2237 ινώσκουσι
1650 2186 1757 2254 γὰρ

177 2271 261 2328 ὅτι
290 2275 523 2329 ἄστατον
546 2275 659 2345 ἔχει
694 2275 920 2346 γνώμην
959 2275 1020 2327 τὸ
1066 2273 1217 2338 ἔθνος
1250 2274 1451 2340 αὐτῶν,
1478 2277 1571 2329 καὶ
1612 2276 1760 2343 φιλο-

181 2367 397 2436 κερδεῖς
456 2369 616 2432 είσιν,
646 2368 739 2420 καὶ
771 2368 838 2419 ὲκ
886 2366 1097 2420 πολλῶν
1146 2366 1330 2434 φυλῶν
1372 2368 1749 2435 συγκείμενοι,

179 2460 276 2511 καὶ
304 2459 389 2511 ὅτι
421 2457 512 2511 διὰ
536 2457 695 2511 τοῦτο
742 2458 803 2511 οὐ
844 2456 1125 2511 ποιοῦνται
1152 2456 1310 2526 λόγον
1337 2457 1615 2525 συγγενῶν
1662 2460 1757 2512 καί⁵

178 2549 281 2619 τῆς
312 2551 395 2613 είς
426 2549 693 2618 ἀλλήλους
721 2549 996 2620 ὁμονοίας.

252 2638 353 2705 ξςσ.
390 2641 618 2709 Ὀλίγων
662 2642 720 2695 δὲ
744 2642 888 2712 τάχα
935 2640 1031 2695 τοῦ
1064 2643 1401 2711 προσφυγεῖν
1444 2641 1762 2709 ἀπαρχομέ-

182 2751 293 2786 νων
323 2733 419 2786 καὶ
438 2733 952 2802 φιλοφρονουμένων
977 2732 1109 2801 παρ’
1132 2734 1165 2801 ἠ
1174 2730 1313 2800 μῶν,
1346 2730 1552 2799 πλῆθος
1577 2732 1761 2792 αὐτοῖς

180 2822 563 2879 ἐπακολουθεῖ.
594 2825 687 2878 Διὸ
720 2825 813 2878 καὶ
853 2823 1065 2896 βαρέως
1105 2825 1366 2895 φέρουσιν
1400 2824 1494 2876 ἐπὶ
1522 2826 1635 2888 τοῖς
1666 2824 1762 2879 ἀπ’

178 2913 364 2968 αὐτῶν
393 2913 792 2985 ἀναχωροῦσιν.

256 3023 363 3096 ξη’.
398 3025 570 3080 Ὅταν
604 3020 700 3078 οὖν
738 3023 975 3096 βουληθῇ
1006 3041 1091 3088 τις
1126 3025 1262 3095 πρὸς
1303 3025 1498 3088 αὐτοὺς
1550 3025 1764 3093 ἐγγίσαι

180 3120 326 3186 πρὸς
375 3117 577 3186 μάχην,
612 3117 720 3188 πρό
758 3133 823 3183 γε
873 3117 1091 3170 πάντων
1137 3117 1282 3185 ἔχειν
1331 3116 1494 3169 αὐτὸν
1524 3116 1642 3169 δέον
1667 3118 1765 3177 τὰς

1926 2083 2014 2138 66.
2056 2082 2170 2139 Hoc
2202 2086 2554 2141 vehementer
2596 2089 2719 2143 illos
2767 2101 2944 2156 vexat,
2994 2094 3038 2145 si
3085 2094 3176 2162 qui
3226 2111 3289 2149 ex
3324 2096 3434 2152 illis

1860 2176 1927 2228 ad
1979 2176 2256 2230 Romanos
2302 2178 2587 2235 deﬁciant.
2635 2180 2989 2250 Cognoseunt
3034 2186 3179 2239 enim
3244 2202 3437 2243 omnes

1862 2280 1994 2319 suos
2021 2267 2425 2322 inconstantem
2459 2268 2660 2325 habere
2696 2272 2960 2337 animum,
2995 2283 3050 2328 et
3103 2276 3238 2331 lucri
3274 2294 3439 2349 appe-

1864 2365 2038 2410 tentes
2072 2372 2215 2421 esse,
2241 2372 2305 2413 ac
2334 2374 2399 2411 ex
2442 2360 2629 2415 multis
2674 2362 2929 2419 tribubus
2961 2365 3246 2432 conﬂatus,
3276 2379 3439 2438 atque

1863 2448 1999 2501 adeo
2030 2460 2387 2517 cognatorum
2436 2467 2660 2507 suorum
2691 2464 2744 2508 et
2792 2464 2993 2511 mutua:
3049 2458 3440 2517 benevolentiae

1864 2539 2130 2593 minorem
2160 2541 2426 2597 rationem
2461 2545 2682 2601 habere.

1933 2630 2022 2683 67.
2052 2628 2189 2685 Cum
2218 2635 2500 2702 paululum
2533 2637 2599 2690 ad
2646 2636 2962 2707 fugiendum
2999 2647 3439 2710 retrocesscrint,

1865 2726 2031 2790 atque
2078 2722 2402 2786 hilareutur,
2448 2726 2604 2778 multi
2650 2741 2680 2781 e
2738 2732 2942 2785 nostris
3003 2734 3187 2787 statim
3241 2750 3442 2791 conse-

1864 2821 2127 2881 quuntur.
2165 2813 2355 2882 itaque
2397 2816 2629 2873 moleste
2663 2818 2954 2875 admodum
2988 2822 3188 2892 ferunt,
3229 2829 3275 2883 si
3313 2829 3442 2900 quis

1866 2904 1934 2959 ab
1969 2905 2077 2960 illis
2109 2906 2350 2963 deiiciat.

1932 3019 2021 3074 68.
2053 3019 2285 3087 Quando
2327 3022 2453 3092 quis
2503 3026 2756 3083 cominus
2794 3028 2861 3083 ad
2906 3033 3256 3102 pugnandum
3312 3051 3442 3094 cum

1870 3113 1974 3167 illis
2012 3114 2273 3170 accedere
2304 3116 2561 3182 voluerit,
2624 3121 2886 3178 excubias
2926 3123 3121 3180 habeat
3160 3128 3359 3187 multas
3387 3142 3445 3186 et

185 3207 385 3276 βίγλας
424 3206 702 3277 ἐπιμελῶς
764 3206 862 3260 καὶ
919 3208 1163 3277 συνεχεῖς
1218 3206 1327 3260 ἀπὸ
1381 3205 1761 3277 διαστημάτων

1864 3203 2109 3269 crebras,
2133 3206 2329 3275 exiguo
2361 3206 2643 3262 intervallo
2672 3209 2977 3279 disjnnctas
3006 3231 3035 3281 ;⁵
3066 3216 3263 3273 deinde
3302 3236 3444 3290 pra:-

179 3298 411 3366 ὀλίγων,
437 3295 558 3351 εϊτα
592 3299 932 3368 μεριμνῆσαι
984 3298 1081 3350 καὶ
1126 3298 1555 3367 προευτρεπίσαι
1586 3296 1649 3349 τά
1683 3296 1763 3357 εἰς

180 3388 457 3458 δευτέραν
499 3389 671 3456 τύχην
700 3387 1039 3456 τυγχανόντα
1068 3403 1082 3417 ’
1123 3388 1293 3457 ἧγουν
1344 3388 1556 3457 μήποτε
1589 3386 1764 3455 τροπὴ

181 3479 416 3548 γένηται
449 3477 558 3531 τῶν
606 3476 1114 3547 ἀντιπολεμούντων
1159 3477 1363 3539 αὐτοῖς,
1398 3476 1485 3529 ἵνα
1510 3476 1604 3528 καὶ
1641 3478 1765 3543 ὀχυ-

187 3571 286 3639 ρὸν
340 3571 506 3623 τόπον
554 3569 870 3640 κατανοήσῃ
897 3569 956 3620 ἐν
1014 3566 1193 3637 καιρῷ
1238 3555 1634 3634 περιστάσεδως,
1668 3566 1762 3618 καὶ

182 3663 444 3732 δαπάνην
475 3662 684 3734 ὲφεύρῃ
734 3661 932 3730 ὀλίγων
998 3661 1243 3733 ἡμερῶν,
1278 3662 1327 3713 εἰ
1386 3660 1486 3731 μὲν
1541 3660 1765 3713 δυνατόν

184 3760 310 3809 ἐστι
361 3757 455 3808 καὶ
485 3755 594 3807 τῶν
640 3754 875 3821 ἀλόγων,
903 3754 996 3806 ἐπὶ
1028 3755 1231 3817 παντὸς
1268 3753 1376 3806 τῶν
1406 3753 1637 3821 ἀνδρῶν,
1674 3755 1765 3806 καὶ

189 3847 432 3916 μάλιστα
465 3845 566 3915 τὴν
589 3843 683 3897 τοῦ
715 3842 911 3906 ὕδατος
947 3844 1227 3915 εὐπορίαν,
1261 3839 1379 3897 εἶτα
1407 3844 1500 3897 καὶ
1534 3843 1595 3895 τὸ
1615 3842 1765 3895 τοῦλ-

185 3937 278 3989 δον
336 3934 606 4003 διαθήσει,
654 3932 730 3996 ὡς
771 3934 829 3986 ὲν
856 3931 935 4003 τῷ
963 3934 1090 4002 περὶ
1115 3930 1279 3985 αὑτοῦ
1311 3931 1589 4000 κεφαλαίῳ
1628 3932 1760 3999 ἡμῖν

186 4042 429 4095 ειρηται.

270 4136 375 4203 ξο¹.
407 4138 519 4192 Καὶ
553 4137 650 4191 ἐὰν
685 4137 785 4207 μὲν
817 4138 1034 4190 σύνεστι
1074 4136 1293 4202 πεξικὺς
1323 4138 1551 4207 στρατὸς
1591 4139 1649 4191 ἐν
1698 4142 1765 4209 τῇ

187 4232 393 4302 πρώτῃ
417 4230 653 4299 μάλιστα
679 4228 856 4299 μάχῃ,
883 4229 942 4281 ὲν
974 4231 1084 4300 ὅσῳ
1109 4230 1138 4282 ό
1169 4232 1397 4301 στρατὸς
1429 4232 1486 4284 έν
1507 4232 1765 4300 συνηθείᾳ

188 4322 287 4378 τοῦ
345 4321 531 4383 ἔθνους
583 4320 819 4388 γίνεται,
857 4319 1084 4386 ἐκτάξαι
1116 4321 1279 4374 αὑτὸν
1310 4320 1452 4373 κατὰ
1480 4322 1572 4373 τὸν
1596 4321 1766 4392 δηλω-

190 4416 358 4469 θέντα
414 4415 547 4483 ἡμῖν
612 4414 671 4464 ὲν
719 4412 902 4476 ἄλλοις
944 4414 1169 4484 τρόπον,
1218 4412 1362 4465 τοῦτ’
1419 4412 1589 4481 ἐστιν,
1628 4413 1765 4466 ὥστε

190 4504 341 4573 ἔχειν
379 4503 509 4565 τοὺς
564 4501 963 4571 καϐαλλαρίους
1002 4501 1474 4571 ὑποτεταγμένους
1525 4502 1636 4565 τοῖς
1668 4518 1764 4555 πε-

190 4598 327 4662 ζοϊς.

260 4719 327 4765 ά.
363 4712 425 4763 El
462 4710 520 4762 δὲ
552 4709 711 4779 μόνον
738 4707 1091 4779 καδαλλάριοί
1122 4708 1258 4760 εἰσιν
1287 4709 1337 4760 οἱ
1376 4707 1767 4777 ἀντιτασσόμε-

191 4822 274 4857 νοι
296 4804 505 4867 αὐτοῖς,
540 4803 636 4855 καὶ
661 4800 947 4871 ἀξιόμαχοι
976 4799 1112 4870 πρὸς
1140 4797 1239 4869 τὴν
1262 4800 1484 4852 ἐκείνων
1516 4798 1766 4868 δύναμιν,

193 4895 338 4949 κατὰ
380 4893 473 4946 τὸν
536 4892 796 4960 λεχθέντα
854 4891 1056 4961 τρόπον
1093 4891 1187 4944 καὶ
1229 4890 1393 4943 αὑτὸν
1442 4894 1501 4943 ὲν
1530 4890 1607 4961 τῷ
1641 4891 1768 4959 περὶ

191 4987 400 5055 τάξεως
428 4984 571 5054 λόγῳ
592 4984 744 5049 τάξει
772 4981 989 5045 αὐτούς.

265 5185 370 5243 οα’.
400 5186 664 5251 Πλείονας
716 5188 773 5242 δὲ
823 5190 881 5241 ὲν
939 5192 1051 5252 τοῖς
1096 5189 1348 5258 πλαγίοις
1395 5190 1647 5261 ἀφορίσει
1676 5190 1771 5244 καί

195 5282 524 5353 χρησίμους.
579 5281 670 5336 Ἐν
703 5281 781 5353 τῷ
818 5281 973 5351 νώτῳ
1026 5283 1134 5353 γὰρ
1190 5284 1369 5338 αὐτῶν
1418 5283 1681 5353 ἀρκοῦσιν
1721 5285 1770 5336 οξ

194 5374 480 5443 λεγόμενοι
522 5372 838 5442 διφένσορες
877 5374 1260 5445 καὸαλλάριοι,
1292 5374 1411 5445 ἦτοι
1442 5377 1491 5427 oi
1536 5373 1764 5427 ἔκδικοι.

194 5467 336 5529 Τοὺς
390 5464 447 5518 δὲ
504 5465 849 5535 κούρσωρας,
910 5468 1028 5536 Ιἢτοι
1098 5468 1418 5537 προμάχους
1477 5467 1551 5537 μὴ
1605 5466 1768 5519 πλέον

193 5555 383 5625 τριῶν,
423 5555 457 5626 ἢ
490 5555 773 5626 τεσσάρων
820 5556 1218 5623 σαγιττοϐόλων
1259 5558 1358 5628 τῆς
1414 5556 1770 5628 παρατάξεως

195 5647 305 5700 τῶν
354 5647 687 5717 διφενσόρων
718 5648 779 5700 ἐν
820 5652 940 5712 ταῖς
970 5649 1188 5717 διώξεσι
1240 5649 1572 5720 χωρίζεσθαι
1635 5650 1769 5721 μηδὲ

197 5740 558 5810 κατατρέχειν
612 5739 813 5793 αὐτῶν.
845 5741 1069 5804 Πάντως
1098 5741 1153 5794 δὲ
1195 5742 1291 5796 καί⁸
1326 5742 1562 5813 σπουδὴν
1614 5743 1772 5811 ποιή-

200 5849 349 5886 σεται
389 5832 474 5886 ἵνα
516 5834 573 5884 ἐν
607 5832 801 5904 γυμνῷ
832 5835 926 5888 καὶ
976 5835 1075 5905 ἴσῳ
1103 5834 1255 5907 τόπῳ
1294 5836 1435 5891 κατὰ
1462 5835 1524 5888 τὸ
1546 5834 1771 5890 δυνατὸν

564 5927 841 5988 Parum.
880 5928 998 5989 Gn.
1044 5929 1230 5993 CVII.

1865 3302 2039 3361 paret,
2080 3303 2134 3348 et
2164 3296 2432 3351 adversus
2461 3312 2677 3352 omnem
2714 3299 2947 3357 fortuna:
2973 3305 3230 3375 impetum
3260 3312 3445 3379 provi-

1866 3385 2010 3449 deat,
2045 3393 2100 3438 ut
2129 3386 2173 3441 si
2199 3387 2419 3455 quando
2468 3388 2706 3444 hosﬁum
2761 3392 2887 3462 fuga
2935 3394 3049 3463 fiat,
3082 3402 3441 3458 munitionem

1867 3476 2102 3545 aliquam
2132 3478 2197 3532 ad
2232 3480 2354 3536 illos
2402 3482 2738 3538 obsidendos
2773 3494 2960 3554 paret;
2993 3499 3047 3543 ct
3079 3502 3442 3549 commeatum

1868 3566 2071 3634 aliquot
2098 3569 2310 3623 dierum
2362 3572 2559 3626 habeat
2601 3581 2713 3626 tum
2752 3574 3058 3642 hominum,
3099 3589 3210 3634 tum
3251 3584 3442 3651 etiam,

1869 3657 1913 3709 si
1964 3656 2079 3712 ﬁeri
2131 3666 2331 3727 potest,
2361 3658 2788 3746 “iumentorum,
2835 3679 2899 3719 ac
2943 3666 2995 3719 in
3047 3670 3238 3737 primis
3290 3690 3446 3743 aqua:

1868 3748 2198 3803 aiiineutiam
2257 3751 2476 3820 habeat,
2532 3755 2731 3809 deinde
2786 3756 3174 3826 impedimenta
3237 3768 3315 3819 sic
3358 3766 3445 3820 in-

1868 3846 2084 3905 struat,
2148 3844 2609 3911 quemadmodum
2672 3848 2727 3902 in
2784 3849 2962 3917 capite
3016 3850 3084 3906 de
3153 3854 3305 3910 tuhio
3360 3858 3446 3912 di—

1867 3945 2066 3986 IiililiS.

1938 4132 2024 4186 09.
2059 4132 2117 4187 Si
2146 4136 2411 4205 pedestris
2439 4139 2587 4193 acies
2619 4138 2784 4196 fuerit
2811 4142 2865 4196 in
2894 4144 3066 4212 prima
3101 4145 3444 4213 potissimum

1867 4240 2066 4293 pugna,
2099 4227 2190 4295 qui
2230 4230 2504 4286 exercitus
2550 4233 2785 4288 maxime
2825 4246 3079 4291 assuetus
3118 4238 3225 4291 illis
3262 4240 3446 4306 fuerit,

1867 4330 1991 4368 cum
2043 4319 2219 4385 primo
2276 4321 2537 4387 instrues,
2590 4325 3050 4393 quemadmodum
3096 4327 3224 4382 alibi
3273 4330 3447 4399 expli-

1865 4408 2112 4475 cuimus;
2146 4410 2249 4466 hoc
2288 4422 2392 4479 est,
2430 4422 2489 4467 ut
2530 4417 2742 4484 equites
2781 4426 2904 4487 post
2933 4434 2992 4475 se
3024 4419 3323 4476 instructos
3348 4422 3446 4477 ba-

1866 4498 2052 4555 beant.

1942 4701 2032 4755 70.
2080 4701 2177 4757 Sin
2222 4705 2432 4772 equites
2473 4704 2698 4773 iuerint,
2736 4725 2828 4778 qui
2886 4712 3174 4769 adversum
3235 4715 3445 4773 Turcos

1870 4796 2240 4861 instruuntur,
2282 4799 2326 4853 si
2360 4796 2426 4854 ad
2471 4804 2819 4870 pugnandum
2864 4819 2988 4858 cum
3042 4807 3150 4862 illis
3182 4810 3317 4863 satis
3350 4811 3447 4863 ha-

1871 4890 2009 4945 biles
2037 4890 2259 4955 fuerint,
2287 4892 2357 4944 ita
2400 4893 2640 4949 instrues
2675 4910 2790 4959 eos,
2823 4899 3284 4965 quemadmodum
3318 4914 3449 4958 ante

1873 4984 2320 5050 memoravimus,
2354 4987 2445 5040 ubi
2495 4986 2562 5042 de
2607 4988 2948 5044 instruendis
2992 4991 3101 5047 illis
3152 4995 3315 5049 verba
3366 4994 3446 5051 fe-

1874 5078 2071 5133 cimus.
2430 5084 2433 5086 ’

1946 5193 2033 5246 7i.
2075 5193 2156 5246 Ad
2222 5193 2389 5247 latera
2440 5193 2641 5249 multos
2697 5205 2748 5249 et
2797 5204 3052 5249 strenuos
3098 5199 3444 5267 segrt-gabis;

1875 5288 1941 5343 ad
1972 5296 2156 5358 tergus
2184 5290 2328 5343 enim
2365 5287 2760 5342 defendendum
2788 5288 2922 5342 satis
2951 5299 3079 5341 sunt
3106 5291 3442 5352 defensores,

1865 5384 1917 5439 id
1964 5395 2066 5448 est,
2113 5382 2376 5436 vindices.
2423 5380 2690 5435 Cursores
2733 5391 2914 5435 autem
2958 5383 3078 5451 plus
3138 5383 3309 5435 tribus
3353 5393 3446 5435 aut

1866 5484 2104 5546 quatuor
2133 5474 2351 5541 sagitta:
2390 5473 2632 5541 iactibus
2664 5472 2717 5524 in
2765 5472 3158 5540 persequendis
3194 5471 3447 5527 hostibus

1865 5583 1894 5620 a
1928 5565 2311 5619 defensoribus
2356 5579 2423 5616 ne
2464 5571 2807 5632 separentur.
2852 5560 3087 5614 Omnino
3127 5569 3305 5614 autem
3331 5563 3448 5614 eia-

1866 5656 2109 5720 borabis,
2148 5663 2205 5709 ut
2257 5656 2311 5709 in
2350 5655 2530 5725 planis
2584 5654 2958 5722 expositisque
3014 5653 3147 5707 locis
3182 5661 3447 5720 quantum

1868 5751 2021 5813 potes
2054 5742 2227 5797 aciem
2264 5749 2414 5795 tuam
2466 5742 2732 5805 instruas,
2771 5742 2861 5795 ubi
2910 5756 3086 5810 neque
3133 5741 3284 5795 silva:
3314 5755 3449 5794 con-

1878 5839 2083 5902 densae,
2131 5850 2308 5904 neque
2354 5832 2599 5905 paludes,
2648 5850 2825 5906 neque
2862 5836 3083 5889 arbusta
3128 5834 3450 5903 perturbare

3129 5929 3203 5987 31
