4176 6442
164 409 264 471 965

1185 407 1520 466 TACTICA.
1561 431 1629 442 ·-
1664 405 2164 467 CONSTITUTIO
2199 408 2421 470 XVIII.

3310 411 3414 473 966

160 525 334 591 ᾤκουν
371 521 463 573 τοῦ
497 519 732 587 Ἴστρου,
776 519 834 570 ὃν
865 518 955 570 καὶ
989 519 1276 571 Λανούϐιον
1311 519 1600 589 καλοῦμεν.
1639 516 1734 582 Οἷς

1854 534 1992 575 .rans
2028 524 2253 583 Istrum,
2290 536 2451 591 quem
2509 520 2814 575 Danubium
2850 522 3214 593 appellamus,
3255 525 3415 581 habi-

161 615 250 667 καὶ
273 611 716 682 προσεπολέμουν
732 611 989 678 Ῥωμαῖοι
1012 610 1402 680 ἐπιτιθέμενοι,
1429 610 1733 679 νομαδικιῖις

160 707 248 759 καὶ
279 705 464 758 αὐτῶν
499 705 617 757 τότε
644 701 953 764 διαζώντων
997 702 1126 769 πρὶν
1154 701 1186 770 ἢ
1219 702 1594 774 περαιωθῆναι
1643 703 1734 755 τὸν

163 801 395 867 Ἴστρον,
434 795 528 848 καὶ
560 795 664 848 ὑπὸ
691 793 781 846 τὸν
820 793 982 860 ζυγὸν
1010 794 1108 864 τῆς
1143 792 1452 864 Ῥωμαϊκῆς
1485 795 1734 858 ἐξουσίας

158 893 248 942 τὸν
281 890 464 942 αὐτῶν
511 888 712 956 αὐχένα
769 886 1072 939 ὑποκλῖναι.
1126 887 1261 940 Οὐδὲ
1298 887 1503 940 τούτων
1555 888 1611 940 δὲ
1665 888 1734 939 τὰ

159 982 320 1050 ἔθιμα
352 980 486 1051 πρὸς
534 980 630 1042 τὰς
683 978 862 1048 μάχας
920 977 1012 1030 καὶ
1062 978 1162 1046 τὴν
1211 978 1378 1047 ἄλλην
1437 979 1730 1048 συνήθειαν

156 1071 410 1139 ἄγνωστά
462 1088 544 1123 σοι
607 1070 939 1138 καταλείψω.
994 1068 1110 1122 ἀλλ’
1166 1069 1318 1139 ὥπερ
1373 1087 1464 1139 μοι
1519 1070 1732 1141 εἴρηται

159 1167 336 1218 πάντα
375 1163 628 1227 συλλέξας
657 1161 964 1232 διαγράφω,
999 1161 1229 1216 καθόσον
1257 1163 1388 1230 ἡμῖν
1424 1163 1454 1231 ἡ
1507 1162 1735 1230 δύναμις

158 1255 414 1323 ἐγχωρεῖ,
447 1251 534 1306 ἵνα
564 1252 896 1321 πανταχόθεν
923 1251 1175 1320 μελίττης
1201 1251 1596 1322 δίκηνὲρανίζῃ
1640 1252 1735 1302 καὶ

159 1343 427 1418 summ;
449 1345 518 1397 τὰ
552 1346 821 1414 χρήσιμα.

228 1443 307 1490 π’.
342 1437 584 1504 Φράγγοι
621 1435 800 1488 τοίνυν
824 1435 916 1489 καὶ
951 1432 1310 1503 Λοηίόαρδοι
1337 1432 1492 1499 λόγον
1527 1430 1736 1483 ἐλευθε-

159 1528 282 1597 ρίας
311 1529 440 1598 περὶ
464 1527 658 1580 πολλοῦ
688 1526 987 1593 ποιοῦνται,
1025 1524 1141 1578 ἀλλ’
1169 1526 1218 1577 oi
1251 1525 1346 1594 μὲν
1375 1522 1734 1592 Λογγίόαρδοι

155 1620 215 1671 τὸ
256 1619 420 1671 πλέον
452 1618 550 1688 τῆς
577 1619 831 1689 τοιαύτης
856 1617 1055 1688 ἀρετῆς
1094 1616 1188 1670 νῦν
1241 1614 1549 1669 ἀπώλεσαν.
1589 1614 1734 1682 Πλὴν

158 1712 254 1765 καὶ
278 1707 425 1766 οὗτοι
455 1713 547 1764 καὶ
569 1713 808 1782 Φράγγοι
842 1712 937 1763 καὶ
961 1709 1196 1780 μάλιστα
1219 1709 1440 1778 θρασεῖς
1471 1702 1614 1776 ἦσαν
1643 1707 1736 1758 καὶ

156 1800 594 1872 ἀκατάπληκτοι,
660 1802 718 1854 ὲν
768 1804 880 1863 τοῖς
923 1800 1180 1869 πολέμοις
1233 1797 1496 1867 τολμηροί
1541 1814 1600 1848 τε
1635 1796 1731 1848 καὶ

159 1897 478 1964 προπετεῖς,
507 1896 587 1955 εἰς
620 1893 822 1957 Ιὧνειδος
861 1893 1075 1964 ἔχοντες
1105 1891 1204 1960 τὴν
1233 1889 1454 1951 δειλίαν,
1508 1887 1602 1942 καὶ
1645 1888 1743 1957 τὴν
1779 1874 1819 1928 Β

158 1988 299 2055 προς
335 1987 529 2057 μικρὸν
559 1986 936 2056 ἀναχώρησιν,
967 1987 1062 2037 καὶ
1113 1982 1320 2050 ταύτην
1361 1982 1523 2035 οἱονεὶ
1565 1980 1742 2049 φυγὴν

158 2077 477 2146 ἡγούμενοι.
524 2077 774 2140 Εὐκόλως
795 2077 850 2129 δὲ
888 2075 978 2128 διὰ
1006 2074 1164 2127 τοῦτο
1193 2072 1424 2126 θανάτου
1465 2087 1743 2140 καταφρο-

168 2167 344 2232 νοῦσι,
371 2169 470 2239 τὴν
499 2170 641 2223 κατά
664 2171 820 2238 χεῖρα
863 2167 1043 2238 μάχην
1076 2165 1318 2236 σφοδρῶς
1346 2167 1440 2218 καὶ
1477 2163 1746 2216 καϐταλλάο

162 2277 278 2328 ριοι
317 2262 412 2312 καὶ
438 2258 593 2322 πεζοὶ
619 2260 937 2330 μαχόμενοι.

229 2356 345 2404 πα’.
374 2351 543 2404 Ὅταν
581 2352 711 2422 γὰρ,
745 2351 820 2414 ὡς
845 2351 1015 2416 εἰκὸς,
1059 2351 1117 2404 ὲν
1158 2351 1278 2410 ταῖς
1318 2345 1745 2418 καϐαλλαρικαῖς

163 2442 372 2510 μάχαις
428 2441 787 2507 στενωθῶσιν,
839 2441 897 2506 ἐξ
927 2441 1044 2504 ἐνὸς
1087 2438 1431 2509 συνθήματος
1459 2438 1743 2490 ἀποκατα-

161 2529 408 2583 6αξνουσι
430 2529 538 2582 τῶν
565 2530 747 2585 ἳππων
774 2531 974 2595 αὐτῶν,
1010 2531 1106 2584 καὶ
1145 2529 1281 2598 πιζῇ
1309 2529 1748 2598 παρα-τάσσονται

160 2621 337 2686 ὀλίγοι
379 2622 520 2691 τάχα
571 2622 667 2675 καὶ¹
724 2622 861 2690 πρὸς
914 2621 1167 2683 πλείονας
1223 2619 1623 2690 καὸαλλαρίους
1671 2620 1748 2689 μὴ

160 2713 491 2777 δειλιῶντες.
533 2714 566 2782 ἢ
599 2713 969 2784 ἀπολήγονται
991 2714 1091 2783 τῆς
1123 2713 1324 2782 μάχης.

235 2804 352 2874 πβ’.
393 2805 800 2868 Ὀπλίζονταιδὲ
823 2803 1165 2875 σκουταρὶοις
1183 2803 1277 2855 καὶ
1298 2801 1628 2871 κονταρὶοις,
1656 2804 1749 2854 καὶ

165 2895 420 2958 σπαθίοις
449 2896 805 2964 κοντοτέροις,
841 2896 878 2948 ἃ.
911 2895 1006 2946 καὶ⁵
1032 2893 1124 2946 ἐπὶ
1147 2894 1255 2944 τῶν
1271 2893 1438 2962 ὤμων
1460 2892 1641 2945 αὐτῶν
1663 2893 1753 2946 διὰ

163 2987 381 3057 λωρίων
403 2986 890 3050 ἀναδαστάζουσιν.
942 2984 1139 3038 Ἐνίοτε
1173 2984 1230 3038 δέ
1262 3001 1408 3048 τινες
1450 2984 1630 3038 αὐτῶν
1653 2988 1749 3038 καὶ

166 3078 560 3142 διαζώννυνται
590 3078 749 3132 αὐτά.

244 3177 359 3237 πγθ.
396 3170 662 3242 Χαίρουσι
705 3170 758 3224 δὲ
793 3169 994 3240 μᾶλλον
1029 3169 1095 3239 τῇ
1130 3167 1461 3240 πεζομαχίᾳ.
1500 3169 1593 3220 καὶ
1630 3172 1748 3230 ταῖς
1777 3207 1820 3267 C

167 3262 311 3331 μετά
341 3261 561 3325 ὲλασίας
598 3263 989 3332 καταδρομαῖς.
1138 3321 1160 3329 _

242 3351 352 3405 πδ’.
386 3353 688 3407 Τάσσονται
717 3352 772 3406 δὲ
806 3354 864 3406 ὲν
889 3354 1009 3414 ταῖς
1037 3353 1257 3421 μάχαις,
1292 3352 1401 3405 εἴτε
1429 3350 1608 3413 πεζοὶ,
1645 3349 1753 3401 εἴτε

166 3444 671 3517 καϐαλλάριοι,οὖκ
709 3446 766 3496 ἐν
809 3445 991 3514 μέτρῳ
1036 3445 1145 3496 τινὶ
1203 3443 1496 3513 ὡρισμένῳ
1550 3443 1646 3494 καὶ
1697 3443 1755 3493 ἐν

164 3537 342 3603 τάξει,
373 3537 405 3606 ἢ
432 3539 487 3589 ἐν
517 3538 749 3607 μοίραις,
784 3536 816 3607 ἦ
853 3538 910 3588 ὲν
944 3537 1154 3606 μέρεσι,
1186 3535 1438 3605 καθάπερ
1470 3534 1750 3604 Ῥωμαῖοι,

167 3630 310 3683 ἀλλά
350 3630 488 3684 κατά
522 3630 717 3700 φυλὰς,
765 3630 862 3683 καὶ
889 3631 954 3698 τῇ
984 3629 1119 3699 πρὸς
1151 3627 1412 3696 ἀλλήλους
1467 3624 1755 3694 συγγενείᾳ

167 3736 228 3772 τε
263 3721 359 3774 καὶ
377 3720 740 3792 προσπαθείᾳ,
762 3720 1021 3782 πολλάκις
1040 3719 1095 3772 δὲ
1120 3719 1212 3771 καὶ
1232 3716 1566 3786 συνωμοσίᾳ.
1594 3715 1755 3767 Ὅθεν

168 3811 267 3863 καὶ
305 3811 365 3863 ὲν
411 3810 591 3881 καιρῷ
644 3810 1014 3881 περιστάσεως
1057 3808 1224 3877 φίλων
1261 3805 1755 3873 ἑναπολειφθέντων

171 3903 651 3957 συνεκινδύνευσαν
678 3904 856 3966 αὐτοῖς
886 3901 1142 3966 πολλάκις
1165 3901 1221 3954 ὲν
1250 3901 1316 3969 τῇ
1357 3898 1505 3969 μάχῃ
1529 3897 1755 3958 τούτους

171 3994 583 4065 ἑκδικήσαντες.

245 4092 349 4139 πε¹.
383 4081 530 4138 Ἰσον
574 4085 632 4138 δὲ
661 4097 720 4137 το
749 4085 1000 4154 μέτωπον
1031 4083 1130 4153 τῆς
1187 4081 1548 4153 παρατάξεως
1572 4078 1754 4132 αὐτῶν

174 4175 460 4230 ποιοῦνται
487 4178 580 4229 καὶ
602 4174 808 4229 πυκνὸν
838 4178 896 4228 ὲν
926 4177 1045 4235 ταῖς
1081 4175 1304 4244 μάχαις.

251 4276 375 4334 πςθ.
402 4270 515 4334 Τάς
534 4270 590 4323 δὲ
614 4269 908 4339 συμὸολάς,
941 4269 1049 4321 εἴτε
1071 4266 1424 4336 καϐαλλάριοι
1451 4262 1556 4316 εἴτε
1575 4261 1751 4328 πεζοὶ,

177 4357 426 4429 σφοδρῶς
475 4358 568 4411 καὶ
597 4359 987 4427 ἀκατασχέτως
1040 4354 1306 4422 ποιοῦσιν,
1346 4353 1422 4416 ὡς
1484 4352 1752 4422 μονότονοι

175 4447 270 4501 καὶ
297 4447 482 4514 πάσης
514 4447 716 4510 δειλίας
742 4446 1094 4516 ἀπεχόμενοι.

1847 613 2054 666 tahant.
2091 612 2201 667 llos
2256 613 2646 681 expugnabant
2679 611 2906 666 Romani
2955 631 3079 668 cum
3132 625 3416 684 pastorum

1846 720 1997 758 more
2044 705 2212 757 vitam
2262 712 2673 773 transegerunt,
2725 704 2818 773 qui
2869 713 3162 774 antequam
3216 708 3416 762 Istrum

1845 800 2167 861 transirent,
2195 799 2299 853 sub
2326 799 2518 868 jugum
2558 801 2814 854 Romanae
2843 799 3069 855 ditionis
3104 803 3242 856 colla
3286 805 3419 859 sub-

1847 890 2154 944 mittebant.
2209 888 2441 944 Istorum
2494 906 2673 944 mores
2727 899 2889 958 atque
2949 891 3198 944 instituta
3267 892 3419 945 nullo

1849 983 2006 1036 modo
2055 981 2527 1053 prwtermittenda
2595 983 2857 1049 iudicavi,
2923 982 3017 1037 sed
3077 982 3259 1037 omnia
3322 984 3419 1038 tibi

1845 1086 2170 1140 percensere
2219 1087 2318 1141 pro
2360 1071 2572 1125 viribus
2621 1073 2822 1137 enitar,
2881 1083 2938 1127 ut
2988 1073 3104 1142 apis
3155 1076 3330 1128 instar
3353 1092 3420 1130 ex

1845 1178 2195 1234 unoquoque,
2225 1162 2370 1233 quod
2419 1163 2682 1233 Optimum
2727 1173 2891 1233 atque
2945 1164 3304 1219 utilissimum
3338 1175 3422 1219 est

1843 1254 2071 1308 delibcs.

1918 1436 2007 1490 80.
2036 1434 2173 1489 Galli
2219 1443 2271 1489 et
2303 1434 2645 1506 Longobardi
2685 1436 2958 1489 libertatis
2996 1435 3268 1489 rationem
3303 1436 3425 1504 plu-

1846 1527 1966 1580 rimi
2022 1527 2316 1592 :estimant,
2387 1528 2481 1582 sed
2536 1527 2882 1597 Longobardi
2951 1543 3200 1598 magnam
3260 1525 3426 1596 hujus

1843 1620 2067 1675 virtutis
2099 1629 2306 1690 partem
2340 1621 2670 1674 aruiserunt.
2713 1619 2852 1674 Galli
2900 1631 3080 1674 autem
3124 1618 3420 1672 admodum

1843 1708 2040 1764 audaci
2096 1710 2440 1776 infractaque
2489 1711 2674 1763 animo
2709 1721 2870 1772 sunt,
2922 1712 2974 1764 in
3011 1711 3154 1764 bello
3183 1719 3421 1765 strenui.

1847 1815 1912 1857 ac
1948 1814 2086 1871 pene
2114 1800 2416 1854 temerarii.
2457 1800 2514 1854 In
2569 1815 2767 1871 magno
2802 1802 3098 1870 approbrio
3148 1801 3424 1871 ignaviam

1845 1901 1899 1947 et
1931 1907 2149 1962 parvam
2182 1893 2636 1948 retrocessionem
2687 1902 2920 1962 ponunt.
2968 1906 3133 1960 atque
3181 1909 3299 1946 eam
3339 1893 3425 1946 fu-

1846 2000 1967 2054 gam
2022 1999 2146 2039 esse
2203 1985 2542 2048 existimant,
2595 1992 2650 2038 et
2700 1985 2857 2040 facile
2901 1999 2964 2039 ac
3035 1994 3257 2040 strenue
3315 2002 3424 2058 prae

1850 2075 2041 2130 mortis
2089 2083 2429 2144 contemptu,
2465 2083 2579 2130 tum
2634 2076 2869 2147 equites,
2904 2085 3018 2130 tum
3057 2077 3264 2145 pedites
3307 2093 3423 2131 ma-

1848 2183 1952 2224 nus
1977 2168 2226 2222 cominus
2259 2176 2581 2222 conserunt.

1920 2347 2007 2400 8i.
2047 2345 2278 2411 Quando
2320 2348 2485 2416 igitur
2531 2348 2582 2402 in
2620 2348 2969 2416 equestribus
3002 2349 3212 2416 prmliis
3243 2349 3293 2401 in
3327 2349 3428 2401 ali-

1849 2454 1987 2508 quas
2018 2441 2301 2509 angustias
2344 2440 2714 2504 deducuntur,
2748 2456 2850 2493 uua
2903 2441 3145 2494 omnium
3193 2455 3430 2494 consen-

1852 2533 2006 2586 sione
2039 2549 2102 2586 cx
2127 2533 2285 2601 equis
2317 2533 2680 2598 descendunt,
2709 2542 2760 2585 et
2787 2533 2997 2602 pedites
3031 2547 3088 2586 se
3125 2533 3428 2594 instruunt,

1851 2632 1906 2675 ct
1941 2624 2095 2690 pauci
2128 2631 2318 2676 contra
2362 2622 2546 2691 plures
2597 2637 2656 2677 se
2687 2629 2921 2688 armant,
2950 2633 3042 2676 aut
3084 2621 3128 2677 si
3163 2621 3215 2675 id
3248 2622 3430 2675 minus

1851 2724 2101 2783 possunt,
2135 2715 2327 2781 prmiio
2348 2714 2624 2768 desinunt.

1927 2807 2016 2861 8‘12.
2047 2808 2344 2860 Armantur
2374 2807 2571 2868 scutis,
2603 2806 2796 2871 hastis,
2821 2804 3031 2874 spathis
3060 2804 3428 2865 brevioribus,

1857 2914 1996 2968 quas
2021 2914 2084 2951 ex
2121 2899 2364 2952 humeris
2391 2897 2526 2951 loris
2560 2897 2885 2967 quibusdam
2923 2903 3179 2967 gestant;
3205 2895 3430 2966 quidam

1859 3001 2038 3045 autem
2067 2992 2432 3061 accinguntur
2466 2991 2595 3045 illis.

1929 3171 2018 3224 85.
2053 3170 2293 3225 Pedestri
2324 3171 2516 3239 prmlio
2559 3169 2854 3225 admodum
2914 3169 3166 3224 laetantur
3193 3179 3247 3225 et
3272 3169 3435 3224 vehe-

1862 3262 2137 3316 mentibus
2171 3262 2604 3316 incursionibus.

1933 3352 2022 3404 8£.
2071 3352 2427 3406 lnstruuntur
2481 3353 2534 3405 in
2601 3351 2812 3420 prmliis
2877 3351 2993 3404 sive
3049 3349 3258 3421 pedites
3323 3350 3436 3404 sire

1860 3441 2094 3509 equites,
2146 3457 2253 3494 non
2289 3440 2474 3510 aliquo
2516 3451 2665 3495 certo
2711 3450 2765 3494 et
2812 3439 3034 3494 definito
3083 3439 3264 3502 modo,
3292 3447 3346 3493 et
3382 3441 3436 3492 in

1863 3533 2029 3594 acies,
2066 3542 2160 3586 aut
2188 3543 2420 3597 turmas,
2456 3533 2828 3587 autcohortes
2869 3531 3210 3595 dividuntur,
3245 3546 3437 3600 quem-

1861 3625 2154 3678 admodum
2195 3623 2442 3688 Romani,
2482 3624 2574 3679 sed
2629 3639 2723 3694 per
2765 3624 2961 3687 tribus,
3000 3633 3054 3677 et
3095 3623 3348 3685 familias,
3384 3631 3438 3676 et

1860 3717 2233 3785 cognationes,
2265 3730 2408 3785 sape
2456 3716 2619 3769 etiam
2657 3716 2945 3782 coniurata
2981 3714 3213 3784 quadam
3246 3714 3436 3767 amici-

1859 3812 1954 3864 tia.
1985 3811 2170 3880 Itaque
2195 3813 2415 3879 quidam
2462 3812 2654 3864 amicis
2695 3811 3000 3865 interfectis
3029 3825 3171 3885 δευρί)
3209 3810 3260 3862 in
3297 3822 3439 3875 prce-

1861 3903 1934 3957 lio
1964 3913 2355 3972 permanentes
2399 3903 2613 3973 seipsos
2664 3902 2718 3956 in
2756 3903 2990 3956 maxima
3028 3901 3271 3971 pericula
3309 3915 3439 3953 con-

1865 3994 2131 4062 iecerunt,
2174 4002 2235 4047 ut
2272 3995 2490 4048 illorum
2527 3995 2698 4049 vicem
2743 3995 3157 4050 ulciscerentur.

1931 4085 2020 4140 85.
2054 4083 2307 4140 Frontem
2339 4086 2474 4141 aciei
2530 4086 2790 4156 :equalem
2821 4095 2874 4140 et
2905 4085 3131 4139 densam
3164 4084 3215 4137 iu
3249 4084 3441 4153 proelio

1863 4177 2087 4230 habent.

1929 4269 2019 4322 86.
2052 4268 2368 4338 Coulligunt
2430 4269 2647 4337 equites
2680 4279 2734 4321 et
2778 4268 2988 4337 pedites
3017 4266 3275 4320 universo
3315 4280 3439 4318 cum

1859 4361 2064 4430 impetu
2106 4368 2163 4414 et
2218 4360 2588 4421 vehementer,
2630 4374 2694 4411 ac
2747 4360 3044 4428 itnpclltosc
3088 4364 3249 4409 ruunt
3289 4358 3438 4409 omni

1860 4453 2056 4507 timore
2083 4453 2266 4505 vacui.

248 4539 360 4604 παῖ’.
406 4539 678 4604 Ἀπειθεῖς
709 4541 767 4593 δέ
798 4541 901 4593 είσι
931 4537 1067 4609 πρὸς
1097 4537 1220 4602 τοὺς
1247 4538 1516 4607 ἄρχοντας
1547 4538 1748 4603 αὐτῶν,

1932 4543 2020 4597 87.
2057 4543 2234 4596 Minus
2280 4543 2598 4596 obedientcs
2648 4539 2917 4610 prmfectis
2960 4539 3174 4591 illorum
3207 4545 3353 4602 sunt,
3387 4543 3441 4590 et

177 4632 271 4685 xui.
297 4633 535 4702 μάλιστα
563 4631 826 4702 Φράγγοι,
851 4629 1163 4699 ἐλευθερίας
1209 4627 1399 4698 ὥσπερ
1442 4630 1755 4683 ἀντιποιούο

180 4741 358 4792 μενοι,
402 4724 497 4776 καὶ
533 4723 796 4786 ἑκουσίως
837 4721 921 4789 ἐφ’
970 4721 1095 4774 ὅσον
1145 4721 1336 4790 καιρὸν
1384 4721 1685 4792 ὡρίσωσιν,
1726 4723 1759 4793 ἢ

178 4815 336 4886 παρὰ
359 4814 470 4867 τῶν
503 4813 780 4884 ἀρχόντων
809 4810 1118 4881 ὡρισθῶσιν
1155 4809 1613 4882 ἐκστρατεύουσι.
1670 4814 1763 4866 καὶ

183 4909 342 4976 μόνον
367 4907 460 4959 καὶ
474 4904 664 4959 τούτου
697 4903 1110 4975 παρερχομένου
1133 4901 1268 4971 (63),
1294 4905 1342 4955 εί
1372 4904 1528 4972 τύχοι
1549 4905 1751 4967 αὐτοὺς

181 4999 486 5068 ἐπιμένειν,
524 4997 737 5067 βαρέως
794 4995 1056 5066 φέροντες
1103 4994 1194 5048 τὸν
1243 4996 1610 5065 παρασυρμὸν
1662 4995 1754 5049 τοῦ

183 5091 400 5162 χρόνον,
438 5089 626 5143 λύουσι
651 5088 751 5160 τὴν
787 5087 1041 5153 σύνταξιν
1061 5086 1156 5140 τοῦ
1180 5087 1481 5154 ὶξπεδίτου,
1512 5090 1606 5143 καὶ
1625 5089 1760 5142 ἀνα-

184 5180 452 5253 χωροῦσιν
475 5180 566 5234 snt
598 5181 722 5243 τοὺς
753 5179 934 5242 οἴκους
964 5178 1164 5232 αὐτῶν.

256 5279 375 5342 πηο,
414 5271 792 5342 Ἀπράγμονες
848 5270 905 5323 δέ
951 5271 1058 5322 εἰσι
1109 5269 1206 5322 καὶ
1265 5269 1448 5339 πάσης
1495 5270 1764 5334 ποικιλίας

185 5366 278 5418 καὶ
301 5363 606 5432 ἀσφαλείας
632 5361 811 5427 ἐκτὸς,
846 5361 943 5414 καὶ
967 5360 1067 5430 τῆς
1094 5360 1190 5413 τοῦ
1222 5361 1592 5429 συμφέροντος
1621 5361 1762 5428 γνὼ-

191 5473 312 5525 μης.
351 5454 442 5508 Διὸ
469 5454 565 5509 καὶ
585 5453 792 5520 τάξεως
815 5451 1228 5524 περιφρονοῦσι,
1263 5450 1358 5504 καὶ
1387 5450 1623 5520 μάλιστα
1667 5452 1765 5522 τῆς

189 5544 618 5615 καὸαλλαρικῆς.

259 5637 368 5689 πθ’.
411 5633 858 5704 ’Υποφθείρονται
915 5633 971 5686 δὲ
1027 5631 1113 5686 διὰ
1174 5630 1473 5702 χρημάτων
1517 5631 1756 5693 εὐκόλως

1868 4635 2214 4706 potissimum
2241 4633 2402 4699 Galli,
2435 4648 2497 4686 ac
2532 4633 2840 4687 voluntarie
2868 4631 2932 4683 ad
2963 4641 3170 4684 certum
3207 4640 3438 4698 tempus,

1866 4729 2028 4780 etiam
2066 4733 2354 4794 antequam
2389 4743 2418 4776 υ
2457 4723 2732 4793 praefectis
2780 4731 3153 4783 acrersautur,
3191 4721 3241 4772 in
3278 4734 3444 4787 expe~

1869 4820 2079 4873 ditione
2107 4825 2253 4870 sunt.
2286 4815 2400 4870 lloe
2437 4826 2668 4883 tempus,
2695 4815 2740 4869 si
2777 4819 3084 4882 praetereat,
3112 4822 3162 4866 et
3189 4812 3298 4865 illis
3325 4809 3441 4864 diu-

1867 4911 1976 4964 tius
2008 4907 2334 4961 maneudum
2371 4908 2461 4972 sit,
2490 4907 2631 4960 hunc
2656 4905 2924 4974 temporis
2947 4912 3179 4957 tractum
3217 4897 3441 4958 moleste

1869 5000 2068 5062 ferunt,
2100 5007 2266 5068 atque
2301 4999 2370 5051 ab
2401 4999 2747 5069 expeditione
2779 5012 2878 5050 sua
2908 4995 3214 5057 discedunt,
3255 5003 3308 5050 et
3339 4994 3441 5047 do-

1866 5109 2011 5148 mum
2043 5107 2100 5147 se
2126 5089 2418 5146 conferunt
2433 5119 2447 5130 -

1936 5269 2026 5322 88.
2054 5267 2346 5335 lmprovidi
2384 5280 2562 5321 rerum
2609 5273 2759 5328 sunt,
2791 5278 2969 5334 neque
3015 5261 3320 5324 varietatis,
3354 5261 3440 5313 in-

1867 5361 2222 5426 columitatis,
2261 5369 2356 5414 aut
2381 5360 2514 5413 aciei
2548 5357 2905 5422 instruendae,
2935 5354 3313 5426 equestrisque
3345 5367 3442 5421 po-

1869 5456 2169 5520 tissimum,
2203 5453 2369 5508 ullam
2400 5451 2666 5506 rationem
2697 5449 2917 5504 habent.

1940 5630 2029 5685 89.
2069 5629 2327 5686 Pecuniis
2383 5628 2544 5684 facile
2603 5635 3052 5699 corrumpuntur,
3104 5625 3234 5696 quia
3296 5623 3439 5679 lucri

1717 5721 1945 5779 ΝΟΤᾹεΣ.

261 5819 373 5893 (68)
403 5817 872 5889 Παρερχομένου.
906 5816 1276 5886 Scribebatur,
1311 5817 1703 5888 παρεχομένου.
