4176 6442
681 411 797 475 ’967

1969 408 2167 469 LEON
2180 409 2245 468 IS
2279 398 2743 468 PIIILOSOI‘ITI

3864 404 3974 470 968

690 520 986 575 admodum
1013 518 1194 589 cupidi
1227 525 1377 573 sunt.
1429 517 1605 589 [luitis
1639 519 1713 572 rei
1741 519 2084 588 experientia
2123 518 2280 572 nobis

2396 516 2719 585 ριλοκερδεῖς
2752 514 2926 578 ὄντες,
2954 513 3012 578 ἒξ
3045 509 3126 567 ὧν
3168 514 3333 582 πείρα
3376 513 3640 583 μαθόντες
3662 512 3845 585 ίσμεν,
3866 517 3976 570 άπδ

688 623 924 674 constat,
953 611 1096 681 quod
1130 628 1254 667 cum
1281 628 1345 667 ex
1390 611 1539 665 Italia
1572 611 1637 664 ad
1674 626 1761 665 res
1795 610 2273 664 administrandas

687 702 945 775 permulti
981 717 1049 757 eo
1111 714 1484 765 accesserunt,
1525 703 1741 756 illorum
1784 701 2182 756 consuetudine
2211 715 2273 754 ac

688 795 940 849 moribus
976 796 1386 860 imbuebantur,
1418 806 1471 850 et
1505 795 1572 847 ab
1604 793 1943 847 humanitate
1974 793 2040 845 ad
2073 792 2271 845 barba-

688 885 825 939 riem
854 900 919 939 ac
952 884 1309 954 cupiditatem
1340 885 1581 955 pecuniae
1615 885 1974 941 transierunt.

759 976 851 1030 90.
886 975 1097 1029 Vexant
1121 975 1247 1031 illos
1279 975 1575 1030 admodum
1608 991 1869 1030 serumme
1905 991 1971 1029 ac
2010 976 2269 1030 miserim.

687 1064 1166 1130 Quemadmodum
1200 1068 1343 1121 enim
1375 1076 1586 1121 mentes
1620 1066 1862 1120 audaces
1900 1072 2273 1134 strenuasque

693 1157 1009 1224 possident,
1044 1159 1120 1211 ita
1152 1172 1384 1227 corpora
1426 1157 1665 1213 delicata
1702 1174 1766 1213 ac
1807 1167 1993 1212 tenera
2045 1157 2271 1223 habent,

688 1256 743 1302 ιι
780 1250 847 1303 ad
883 1251 1101 1304 labores
1130 1251 1489 1305 sustinendos
1522 1253 1709 1306 minus
1740 1251 1967 1304 habilia.

759 1339 850 1393 91.
903 1339 1149 1405 Calores,
1206 1340 1433 1411 frigora,
1485 1342 1715 1411 pluvia,
1754 1352 2122 1408 commeatus,
2159 1343 2273 1397 sive

688 1446 877 1485 rerum
910 1432 1355 1487 necessariarum
1391 1434 1601 1501 inopia,
1643 1443 1698 1488 et
1745 1434 1856 1487 vini
1895 1434 2270 1503 potissimam,

691 1522 882 1576 dilatio
935 1522 1086 1586 belli,
1115 1523 1239 1578 illos
1267 1524 1616 1578 excruciant.

761 1613 851 1668 92.
898 1613 1181 1682 Equestris
1218 1616 1397 1684 puelii
1456 1624 1706 1685 tempore
1759 1615 2123 1671 adversantur
2165 1616 2274 1670 illis

690 1708 812 1763 loca
858 1706 1098 1762 difiieilia
1138 1717 1191 1761 et
1224 1707 1528 1770 condensa,
1570 1709 1700 1778 quia
1738 1709 2047 1762 vehementi
2080 1710 2274 1762 incur-

691 1800 869 1856 sionis
900 1800 1109 1870 impetu
1137 1799 1347 1855 directe
1377 1814 1501 1855 cum
1543 1799 1721 1855 hastis
1763 1814 1924 1855 ruere
1962 1799 2166 1854 solent.

764 1978 854 2033 95.
921 1978 1128 2032 Dautna
1190 1989 1245 2033 et
1313 1978 1644 2034 oﬂ'ensioues
1695 1978 1914 2033 facilea
1956 1987 2133 2049 tergo,
2184 1985 2281 2033 aut

694 2068 763 2123 ad
803 2069 946 2123 latus
984 2084 1049 2123 ex
1098 2069 1317 2125 insidiis
1364 2069 1666 2135 sustinent,
1700 2070 1829 2139 quia
1884 2069 2154 2123 excubias
2194 2084 2279 2124 re-

696 2162 985 2232 liquasque
1030 2161 1349 2231 huiusmodi
1392 2163 1717 2217 molitiones
1771 2162 1952 2217 minus
1992 2171 2211 2216 curant.

776 2343 864 2398 94.
904 2342 1059 2409 Quod
1117 2342 1161 2396 si
1219 2343 1313 2411 qui
1376 2341 1557 2411 fugam
1617 2341 1967 2405 simularent,
2009 2340 2173 2397 facile
2201 2339 2279 2394 illi

696 2435 1127 2500 dissiparentur,
1184 2439 1240 2487 et
1295 2432 1480 2489 subito
1517 2433 1572 2487 in
1611 2447 1708 2488 eos
1755 2432 1955 2487 iterum
2009 2431 2281 2495 conversi,

695 2526 1036 2594 permultum
1077 2525 1200 2580 illos
1234 2524 1520 2579 hedercut.

773 2616 863 2670 93.
921 2614 1079 2685 Saepe
1107 2614 1274 2669 etiam
1327 2622 1611 2669 nocturna:
1638 2612 2054 2683 sagittariorum
2088 2612 2282 2667 incur-

698 2708 884 2763 siones
912 2708 1115 2763 lmdunt
1146 2706 1291 2773 illos,
1316 2708 1445 2777 quia
1477 2706 1725 2778 disperso
1770 2714 1826 2760 et
1848 2702 2080 2774 disjecte
2101 2712 2286 2759 castra

698 2806 937 2869 ponunt.

782 2909 872 2966 96.
911 2909 1007 2963 Sin
1043 2908 1169 2978 quis
1228 2923 1287 2963 se
1330 2909 1397 2961 ad
1457 2906 1861 2977 conﬂigendum
1892 2922 2019 2961 cum
2050 2907 2157 2961 illis
2186 2921 2287 2977 pa-

699 3019 856 3069 rans,
920 3003 993 3058 iis
1056 3000 1299 3056 motibus
1359 3010 1525 3070 atque
1572 3000 1841 3055 institutis
1896 3008 2105 3065 utatur,
2141 2999 2286 3053 haud

698 3112 841 3165 opus
884 3094 1059 3148 fuerit
1099 3094 1319 3162 publica
1362 3108 1487 3147 cum
1518 3092 1626 3146 illis
1659 3091 2018 3147 dimicatione
2056 3102 2285 3147 conten-

699 3188 851 3248 dere,
885 3183 1048 3253 idque
1082 3184 1139 3237 in
1182 3184 1356 3237 initiis
1410 3182 1538 3237 belli
1595 3180 1975 3250 potissimum,
2011 3182 2107 3237 sed
2146 3182 2287 3237 insi-

700 3278 808 3331 diis
846 3284 903 3332 et
966 3274 1289 3346 improvisis
1325 3272 1741 3328 incursionibus
1785 3272 1911 3327 illos
1938 3270 2169 3335 adoriri,
2207 3271 2292 3327 vel
2318 3234 2363 3293 ο

699 3368 967 3421 dilatione
998 3366 1177 3436 praelii
1212 3375 1427 3433 tempus
1459 3363 1706 3426 eludere,
1736 3364 1818 3417 vel
1849 3362 2292 3433 pacificationem

702 3458 1018 3513 simulando
1048 3466 1415 3512 conuueatum
1465 3456 1685 3511 illorum
1717 3455 2034 3517 absumere,
2074 3455 2159 3510 vel
2200 3468 2295 3509 ca-

702 3550 915 3620 loribus
979 3557 1035 3604 et
1132 3548 1437 3618 frigoribus
1500 3547 1789 3602 audaciam
1857 3546 2077 3602 illorum
2136 3555 2298 3616 atque

704 3629 1052 3699 alacritatem
1097 3642 1373 3697 minuere.

789 3946 880 4001 97.
920 3944 976 3999 Si
1007 3945 1199 4000 dilatio
1252 3951 1307 3999 et
1351 3944 1557 4000 similia
1596 3946 1834 4000 maxime
1874 3944 1995 3999 ﬁeri
2035 3952 2294 4014 possunt,

704 4038 927 4105 quando
959 4034 1027 4089 ad
1058 4034 1361 4089 munitiora
1384 4044 1441 4091 et
1486 4034 1725 4089 diﬂicilia
1761 4050 1990 4091 accessu
2034 4034 2150 4089 loca
2200 4034 2290 4088 ho-

707 4126 852 4181 stilis
887 4124 1112 4179 illorum
1142 4125 1422 4181 exercitus
1465 4123 1699 4190 accedit,
1729 4124 1803 4178 ibi
1850 4132 1965 4178 tum
2003 4124 2177 4180 hastis
2212 4125 2296 4178 usi

707 4219 860 4272 illum
894 4218 1079 4273 locum
1112 4217 1371 4272 invadere
1398 4232 1504 4271 non
1536 4224 1791 4287 possunt.

780 4414 871 4470 98.
916 4412 973 4468 Si
1024 4415 1096 4468 ita
1144 4416 1427 4485 pradictis
1491 4417 1669 4471 modis
1717 4425 1909 4471 contra
1972 4417 2093 4472 illos
2154 4417 2295 4471 nihil

708 4508 1057 4576 proﬁciatur,
1094 4508 1191 4562 sed
1216 4508 1283 4561 ad
1319 4507 1521 4562 bellum
1566 4509 1665 4561 toti
1698 4518 1973 4578 spectent.
2011 4509 2101 4562 ubi
2135 4524 2291 4564 exer-

2386 605 2497 659 τῶν
2535 604 2595 669 ἐξ
2634 606 2863 667 Ἰταλίας
2894 604 3127 658 ἐνταῦθα
3181 604 3442 669 πολλάκις
3502 608 3966 676 παραγενομένων

2389 698 2479 751 ὲπί
2501 716 2612 751 τισι
2636 701 2757 761 ταῖς
2809 698 3158 767 διοικήσεσιν,
3193 696 3268 760 ὡς
3313 699 3377 768 τῇ
3421 697 3646 751 ἐκείνων
3692 698 3970 768 ἐπιμιξίᾳ,

2384 788 2558 859 οἶμαι,
2612 794 2705 844 καὶ
2756 790 2960 843 τούτων
3018 789 3485 861 βαρϐαρωθέντων
3516 808 3576 842 τε
3615 791 3710 843 καὶ
3760 790 3977 843 συνεθε-

2385 884 2640 940 σθέντων.

2454 977 2523 1045 ιβ.
2553 978 2729 1030 Λυπεῖ
2782 977 2840 1029 δὲ
2880 975 3077 1036 αὐτοὺς
3139 974 3503 1035 κακοπάθεια,
3549 974 3643 1028 καὶ
3680 975 3968 1045 σνντριϐή.

2384 1073 2551 1125 Ὅσον
2603 1070 2713 1141 γὰρ
2759 1069 2862 1132 τάς
2914 1068 3092 1139 ψυχὰς
3147 1067 3424 1137 τολμηρὰς
3476 1067 3571 1120 καὶ
3619 1066 3845 1135 θρασεῖς
3885 1068 3980 1119 κέ-

2382 1180 2630 1234 κτηνται,
2652 1160 2907 1213 τοσοῦτον
2934 1161 3003 1213 τὰ
3040 1159 3267 1229 σώματα
3295 1158 3526 1229 εύπαθῆ.
3547 1158 3641 1211 καὶ
3662 1158 3869 1223 ἁπαλά,
3888 1159 3983 1211 καὶ

2386 1256 2555 1308 κόπον
2589 1252 2826 1314 εὐκόλως
2851 1250 3039 1322 φέρειν
3061 1253 3123 1304 ού
3152 1251 3440 1321 δυνάμενα.

2466 1345 2577 1414 ιμ’.
2631 1344 2861 1414 Προσέτι
2918 1343 2974 1396 δὲ
3020 1342 3180 1395 λυπεῖ
3230 1343 3428 1405 αὐτοὺς
3462 1344 3556 1395 καὶ
3608 1342 3833 1409 καῦσος,
3887 1342 3979 1396 καὶ

2381 1439 2577 1508 ψύχος,
2646 1436 2739 1489 καὶ
2808 1435 3000 1505 βροχὴ,
3053 1435 3146 1488 καὶ
3193 1433 3373 1488 ἔνδεια
3398 1434 3832 1505 δαπανημάτων,
3890 1436 3983 1487 καὶ

2385 1535 2617 1603 μάλιστα
2638 1537 2805 1601 οἴνου,
2837 1536 2917 1590 ἔτι
2947 1536 3003 1590 δὲ
3034 1535 3123 1588 καὶ
3167 1535 3460 1605 ὑπέρθεσις
3487 1536 3750 1604 πολέμου.

2447 1627 2553 1698 ιτβε
2620 1631 2709 1682 Ἐν
2746 1631 2803 1684 δὲ
2847 1630 2925 1699 τῷ
2977 1628 3156 1699 καιρῷ
3207 1628 3305 1697 τῆς
3336 1628 3750 1700 καϐαλλαρικῆς
3788 1626 3973 1695 pira:

2398 1720 2771 1775 ἐναντιοῦνται
2819 1722 3006 1785 αὐτοῖς
3084 1720 3241 1774 τόποι
3298 1719 3557 1773 δύσϐατοι
3610 1720 3704 1771 καὶ
3745 1718 3935 1779 δασεῖς
3964 1759 3980 1781 ,

2384 1812 2471 1864 διὰ
2496 1812 2558 1865 τὸ
2582 1814 2659 1874 εἰς
2690 1812 2830 1877 ὀξεῖς
2857 1809 3077 1875 έλασίας
3108 1811 3196 1865 ἐπ’
3225 1808 3445 1875 εὐθείας
3474 1811 3613 1879 μετα
3639 1808 3749 1862 τῶν
3781 1826 3978 1861 κοντα-

2395 1903 2523 1973 ρίων
2544 1904 2742 1966 αὐτοὺς
2770 1903 3244 1972 έγγυμνασθῆναι.

2461 1993 2570 2063 ια’.
2605 1994 2973 2065 ’Υπομένουσι
3001 1994 3058 2048 δὲ
3090 1994 3186 2049 καὶ
3206 1995 3293 2048 διὰ
3320 1994 3732 2065 ὲγκρυμμάτων
3774 1992 3981 2064 βλάϐας

2392 2087 2626 2150 εὐκόλως
2652 2087 2795 2140 κατὰ
2820 2087 2933 2140 τῶν
2964 2086 3211 2155 πλαγίων
3237 2088 3331 2139 καὶ
3356 2085 3450 2139 τοῦ
3493 2086 3665 2138 νώτου
3712 2087 3811 2155 τῆς
3855 2088 3983 2139 ἑαυ-

2388 2181 2499 2233 τῶν
2530 2179 2910 2247 παράταξεωςο
2944 2181 3007 2233 ού
3031 2181 3139 2251 γάρ
3172 2180 3312 2234 πάνυ
3336 2178 3681 2249 φροντίζουσι
3706 2176 3902 2247 βίγλας
3948 2166 3980 2247 ἢ

2389 2271 2487 2339 τῆς
2512 2270 2706 2338 λοιπῆς
2735 2269 3058 2345 ἀσφαλείας.

2456 2360 2556 2429 ιιόο.
2607 2361 2732 2415 Ἐὰν
2754 2361 2809 2414 δέ
2834 2378 2977 2423 τινες
3002 2362 3095 2414 καὶ
3143 2360 3584 2431 σχηματίζων-ται
3611 2358 3790 2429 φυγὴν
3818 2358 3978 2411 εὐκό-

2393 2456 2499 2518 λως
2522 2454 2856 2519 διαλύονται,
2888 2453 2983 2506 καὶ
3013 2454 3062 2506 εἰ
3092 2454 3245 2522 ἄφνω
3287 2454 3431 2506 κατὰ
3483 2452 3665 2505 αὐτῶν
3693 2446 3982 2521 ἀντιστρέο

2391 2545 2587 2615 ψωσιν,
2616 2543 2852 2607 εύκόλως
2880 2543 3076 2606 αὐτοὺς
3106 2538 3500 2613 διαφθείρουσι.

2471 2633 2575 2700 ιβ’.
2612 2632 2881 2695 Πολλάκις
2912 2632 2969 2685 δὲ
3017 2630 3114 2685 καὶ
3149 2634 3465 2703 νυκτεριναὶ
3511 2632 3830 2694 ἑπελεύσεις
3879 2627 3985 2681 ύπδ

2394 2724 2623 2790 τοξοτῶν
2651 2724 2980 2795 βλάπτουσιν
3007 2723 3207 2788 αύτούς
3231 2740 3247 2756 ο
3274 2724 3666 2794 διεσπας-μένοι
3696 2724 3808 2792 γάρ
3830 2721 3985 2775 άπλι-

2396 2816 2671 2871 κεύουσιν.

2466 2924 2581 2992 ις’.
2617 2926 2681 2980 Εἰ
2703 2924 2758 2978 δέ
2784 2942 2869 2988 τις
2901 2925 3084 2989 αὐτοῖς
3111 2925 3415 2994 έϐουλεύθη
3460 2927 3589 2979 ποτε
3653 2924 3987 2995 προσϐαλεῖν

2394 3018 2566 3080 οὓτως
2649 3016 2979 3086 εἰθισμένοις
3035 3016 3129 3073 καὶ
3190 3016 3575 3087 διακειμένοις,
3629 3018 3729 3070 οὐκ
3787 3016 3987 3087 εχρῆτο

2396 3108 2539 3163 κατὰ
2592 3108 2774 3161 αὐτῶν
2823 3109 2884 3161 ὲν
2918 3108 3071 3180 μάχη
3110 3108 3349 3180 δημοσίᾳ
3387 3108 3715 3180 παρατάξει,
3759 3109 3860 3161 καὶ
3888 3107 3986 3177 μά·

2396 3200 2556 3252 λιστα
2583 3200 2646 3251 ἐκ
2673 3198 2996 3269 προοιμίων,
3030 3198 3147 3251 ἀλλ’
3172 3198 3451 3261 εὐτάκτως
3478 3200 3555 3261 δι’¹
3576 3197 3987 3268 ὲγκρυμμάτων

2399 3289 2494 3342 καὶ
2531 3288 2739 3356 κλοπῆς
2767 3288 2907 3340 κατὰ
2964 3287 3146 3341 αὐτῶν
3202 3286 3574 3357 προσέϐαλλεν
3629 3286 3727 3339 καὶ
3762 3286 3857 3339 διὰ
3900 3303 3986 3337 σο-

2402 3378 2690 3450 φισμάτων
2713 3377 2887 3432 ἄλλων
2918 3378 3318 3449 στρατηγικῶν,
3348 3379 3381 3449 ἢ
3404 3378 3494 3431 διὰ
3517 3372 3873 3449 ὑπερθέσεως
3893 3378 3987 3441 τῆς

2403 3472 2584 3544 μάχης
2611 3470 2881 3539 διασύρων
2912 3470 3001 3522 τὸν
3024 3470 3237 3541 καιρὸν,
3280 3471 3313 3541 ἢ
3343 3472 3436 3525 καὶ
3468 3471 3736 3542 σύμφωνα
3766 3472 3988 3539 εἰρήνης

2402 3556 2872 3632 σχηματιζόμενος
2907 3559 3043 3630 πρὸς
3095 3560 3313 3626 αὐτοὺς,
3353 3561 3442 3614 ἵνα
3486 3562 3519 3631 ἢ
3561 3563 3629 3630 τῇ
3674 3559 3785 3612 τῶν
3810 3560 3987 3613 δαπα-

2401 3652 2658 3723 νημάτων
2682 3650 2970 3720 ἐπιλείψει,
2996 3650 3028 3720 ἢ
3052 3653 3119 3719 τῇ
3151 3650 3242 3704 τοῦ
3272 3651 3556 3714 καύσωνος
3591 3651 3625 3721 ἢ
3655 3651 3751 3703 καὶ
3780 3649 3987 3720 ψύχους

2400 3745 2560 3815 τυχὸν
2620 3743 2826 3816 ὀχλήσῃ
2874 3743 2935 3797 τδ
2996 3743 3197 3814 θράσος
3226 3744 3430 3811 αὐτῶν,
3483 3744 3579 3798 καὶ
3603 3743 3665 3797 τὸ
3703 3742 3988 3815 πρόθυμον

2401 3838 2705 3910 ἐλαττώσῃ.

2473 3950 2578 4019 MC.
2626 3950 2690 4004 Ἦ
2718 3950 2774 4004 δὲ
2808 3949 3099 4020 ὑπέρθεσις
3158 3951 3262 4003 καὶ
3290 3949 3361 4003 τὰ
3410 3948 3546 4005 ἄλλα
3600 3949 3845 4019 μάλιστα
3871 3947 3994 4001 ὲδύο

2400 4060 2530 4097 νατο
2558 4042 2693 4113 πρὸς
2720 4041 2918 4105 αὐτοὺς
2967 4041 3221 4109 γενέσθαι
3264 4041 3410 4104 τότε,
3450 4041 3579 4095 ὅταν
3612 4041 3692 4103 είς
3722 4039 3990 4109 ὀχυρωτέο

2404 4152 2533 4206 ρους
2586 4134 2683 4189 καὶ
2721 4134 3018 4197 δυσϐάτους
3050 4134 3249 4197 τόπους
3288 4134 3587 4204 ὴπλίκευεν
3640 4136 3670 4186 ὁ
3729 4134 3989 4203 πολέμιος

2403 4226 2627 4279 ἐκείνων
2659 4225 2911 4296 στρατὸς,
2937 4224 3066 4277 ἔνθα
3094 4226 3168 4288 ὡς
3199 4226 3413 4295 ἔχοντες
3439 4225 3702 4294 κοντάρια
3736 4225 3883 4278 κατὰ
3899 4221 3990 4277 τοῦ

2403 4320 2569 4371 τόπου
2597 4319 2866 4387 ἐγχειρεῖν
2906 4315 3228 4386 ἐπιτηδείως
3262 4316 3364 4369 οὐκ
3389 4316 3663 4370 ἐδύναντο.

2475 4427 2581 4498 ιη’.
2624 4428 2750 4480 Ἐὰν
2802 4425 2859 4479 δὲ
2916 4427 3006 4480 διά
3056 4427 3165 4479 τῶν
3218 4428 3528 4497 εἰρημένων
3561 4428 3663 4481 οὐκ
3721 4428 3994 4498 ἐνήργουν

2405 4518 2546 4572 κατὰ
2569 4518 2773 4583 αὐτῶν,
2805 4518 2942 4571 ἀλλὰ
2966 4518 3103 4587 πρὸς
3141 4518 3321 4587 μάχην
3349 4520 3565 4580 πάντως
3599 4518 3815 4587 ἐώρων,
3869 4519 3990 4571 τότε

711 4602 881 4655 citum
915 4601 1222 4664 instruunt,
1268 4601 1347 4655 sic
1389 4602 1668 4655 instruant
1715 4600 2179 4672 quemadmodum
2243 4604 2289 4656 iu

2407 4611 2813 4681 παρετάσσοντο
2869 4608 3005 4679 πρὸς
3071 4608 3291 4675 αὐτοὺς,
3336 4609 3410 4673 ὼς
3456 4612 3519 4663 ὲν
3539 4608 3614 4678 τῷ
3645 4610 3779 4679 περὶ
3811 4626 3992 4680 παρα-

711 4696 890 4764 capite
921 4694 988 4749 de
1020 4693 1137 4748 acie
1169 4694 1488 4748 instruenda
1522 4694 1837 4749 docuimus.

782 4809 871 4862 99.
913 4807 1237 4863 Sclavonica
1301 4808 1451 4861 natio
1509 4808 1675 4862 simili
1730 4809 1853 4862 vita:
1885 4809 2125 4861 cultuet
2179 4824 2297 4863 mo-

708 4900 867 4953 ribus
912 4916 975 4953 ac
1018 4900 1160 4954 Galli
1187 4902 1462 4955 utebatur.
1500 4900 1796 4955 Libertatis
1850 4916 2064 4963 amans,
2100 4901 2297 4970 subjici

714 4998 810 5044 aut
874 4990 1106 5060 imperio
1161 5007 1355 5060 parere
1414 4993 1631 5058 uoluit,
1668 4993 1887 5063 quando
1926 5003 2077 5047 traus
2118 4993 2299 5048 Darm-

715 5081 865 5136 bium
902 5098 1000 5138 sua
1036 5084 1089 5137 in
1133 5085 1350 5153 regione
1381 5084 1646 5138 habitavit
1688 5104 1701 5137 :
1739 5084 1883 5139 unde
1930 5082 2077 5138 hunc
2115 5085 2166 5137 in
2208 5085 2290 5138 lo-

716 5189 842 5226 cum
878 5174 1149 5237 traducta,
1183 5183 1349 5244 atque
1409 5176 1533 5229 aliis
1576 5176 1622 5228 vi
1673 5177 1884 5230 servire
1912 5187 2126 5239 coacta,
2158 5176 2299 5229 iudi-

716 5265 873 5333 gcuis
919 5266 1059 5327 suis,
1093 5277 1147 5320 et
1190 5282 1297 5319 non
1332 5266 1657 5336 alienigenis
1687 5266 1914 5322 obedire
1946 5268 2146 5333 voluit;
2187 5284 2301 5321 me-

717 5357 825 5412 lius
850 5360 994 5412 enim
1029 5360 1298 5429 putabant
1335 5359 1402 5413 ab
1428 5359 1700 5426 indigenis
1736 5360 1854 5414 suis
1892 5360 2106 5424 violari,
2132 5374 2296 5429 quam

718 5447 987 5505 Romanis
1039 5465 1253 5520 parere,
1280 5460 1334 5505 et
1393 5450 1497 5504 sub
1549 5450 1769 5503 illorum
1832 5450 2042 5519 legibus
2094 5450 2299 5505 vivere.

721 5540 826 5607 Qui
857 5551 1039 5597 autem
1073 5559 1138 5597 ex
1183 5542 1291 5597 illis
1322 5544 1662 5599 sacrosancti
1700 5541 2052 5613 Baptismatis
2090 5543 2295 5599 fontem

2406 4702 2615 4767 τάξεως
2645 4699 3002 4769 ἐδηλώσαμεν
3030 4700 3336 4771 κεφαλαίῳ.

2470 4811 2574 4879 ιιο’.
2607 4810 2716 4864 Καὶ
2770 4811 2839 4863 τὰ
2888 4808 3169 4863 Σκλαϐικὰ
3192 4809 3249 4862 δὲ
3277 4808 3405 4877 ἔθνη
3448 4807 3733 4877 ὁμοδίαιτά
3756 4825 3815 4859 τε
3852 4802 3993 4875 ἦσαν

2404 4902 2499 4956 καὶ
2547 4901 2825 4971 ὁμότροπα
2873 4900 3127 4968 ἀλλήλοις
3154 4898 3288 4968 (69),
3340 4899 3438 4952 καὶ
3492 4899 3793 4966 ἐλεύθερα,
3819 4900 3994 4969 μηδα-

2408 4994 2524 5066 μῶς
2549 4992 2865 5047 δουλοῦσθαι
2897 4992 2932 5063 ἢ
2956 4992 3223 5062 ἄρχεσθαι
3266 4992 3586 5061 πειθόμενα,
3619 4996 3716 5044 καὶ
3754 4991 3991 5061 μάλιστα

2400 5090 2492 5141 ὅτε
2526 5089 2701 5158 πέραν
2728 5086 2821 5140 τοῦ
2850 5086 3145 5139 Λανουϐίοά
3178 5085 3461 5155 κατῴκουν
3490 5087 3549 5138 ὲν
3574 5087 3641 5155 τῇ
3677 5084 3787 5153 ἰδίᾳ
3810 5084 3991 5155 χώρα.

2404 5180 2567 5232 Ὅθεν
2628 5178 2723 5231 καὶ
2778 5176 3011 5231 ἐνταῦθα
3068 5176 3468 5244 περαιωθέντα,
3522 5178 3614 5228 καὶ
3655 5176 3824 5227 οἱονεὶ
3878 5175 3995 5244 gu-

2404 5270 2599 5323 σθέντα
2642 5267 2899 5332 δέξασθαι
2950 5267 3052 5336 τὴν
3103 5266 3373 5330 δουλείαν,
3434 5266 3533 5334 οὐχ
3589 5265 3766 5334 ἑτέρῳ
3819 5264 3991 5333 ἡδέως

2404 5362 2686 5414 πείθεσθαι
2726 5359 2937 5429 ἤθελον,
2971 5358 3107 5411 ἀλλὰ
3132 5358 3335 5427 τρόπον
3379 5358 3502 5410 τινὰ
3529 5358 3770 5417 ἑαυτοῖς·
3806 5359 3991 5426 κρεῖτ-

2402 5471 2494 5506 τον
2523 5453 2635 5522 γάρ
2664 5449 2896 5522 ἡγοῦντο
2922 5449 3031 5502 ἀπὸ
3056 5448 3152 5502 τοῦ
3176 5449 3437 5521 ἄρχοντος
3459 5448 3559 5516 τῆς
3589 5446 3774 5500 αὐτῶν
3818 5446 3993 5516 φυλῆς

2408 5543 2748 5615 φθείρεσθαι,
2794 5542 2827 5612 ἢ
2882 5544 2994 5606 τοῖς
3040 5542 3370 5613 Ῥωμαϊκοῖς
3413 5539 3686 5594 δουλεύειν
3742 5541 3841 5595 καὶ
3866 5540 3995 5593 ὐπο-

2199 5723 2437 5780 NOTAE.

800 5842 914 5913 (69)
953 5842 1273 5911 ’Λλλήλοις
1338 5843 1391 5899 lu
1424 5842 1585 5899 Cheei
1626 5844 1809 5900 codice
1862 5843 2072 5899 videtur
2100 5842 2290 5906 fuisse,
2323 5840 2569 5902 Γάλλοις,
