4176 6442
732 390 837 453 971

1997 394 2273 455 LEONIS
2300 396 2756 456 PHILOSOPHI

3896 389 4005 459 972

738 520 848 570 tur,
882 515 937 562 et
967 505 1197 575 sagittas
1232 502 1437 559 habent
1470 519 1679 560 veneno
1709 503 1972 572 imbutas,
2009 507 2158 574 quod
2193 507 2306 562 elli-

2417 523 2619 577 χρηντο
2682 507 2740 561 δὲ
2792 507 2887 562 καὶ
2937 506 3114 575 τόξοις
3145 508 3398 573 ξυλίνοις,
3435 508 3527 563 καὶ
3559 510 3819 576 σαγίττας
3856 508 4004 582 εἶχον

731 611 833 650 cax
877 595 1168 649 admodum
1195 600 1322 662 est;
1357 594 1464 648 nisi
1490 595 1660 658 enim,
1693 594 1785 662 qui
1823 593 2038 665 plagam
2073 600 2307 663 accepit,

730 688 815 742 vel
851 686 1151 741 theriacam
1213 685 1386 751 bibat,
1437 687 1520 741 vel
1575 684 1798 755 aliquod
1860 687 2008 742 aliud
2064 689 2307 745 salutare

729 775 1065 843 praesidium,
1100 779 1183 831 vel
1207 776 1391 832 statim
1446 777 1661 846 plagam
1700 790 1917 835 omnem
1951 779 2210 849 praecidat
2239 797 2308 838 ne

732 869 896 920 latius
955 873 1189 934 serpat,
1280 867 1600 921 universum
1670 882 1894 924 necesse
1969 877 2054 923 est
2104 884 2307 940 corpus

730 970 937 1028 pereat.
968 958 1046 1013 Ad
1080 959 1197 1014 loca
1229 966 1500 1029 praerupta
1559 965 1614 1012 et
1649 973 1881 1015 accessu
1914 959 2153 1015 diﬂicilia
2182 976 2309 1017 cono

733 1050 922 1121 fugere
948 1060 1003 1105 ct
1030 1051 1103 1107 ibi
1136 1049 1463 1106 commorari
1494 1050 1756 1120 gaudent.

786 1147 921 1202 108.
955 1146 1423 1213 Quemadmodum
1480 1148 1535 1202 in
1583 1149 1708 1205 illos
1758 1148 1987 1205 Romani
2028 1151 2302 1206 incursio-

730 1253 831 1293 nes
887 1238 1231 1307 impetusque
1277 1238 1573 1303 faciebant,
1622 1247 1748 1294 ante
1792 1255 1821 1292 a
1872 1241 2029 1294 nobis
2062 1242 2302 1310 explica-

729 1334 846 1381 tum
874 1338 978 1391 est,
1002 1326 1094 1381 ubi
1135 1328 1202 1383 de
1237 1343 1337 1383 nec
1368 1329 1604 1398 Opinatis
1638 1329 2045 1386 incursionibus
2072 1330 2303 1399 egimus,

731 1428 791 1472 ut
814 1426 873 1473 tu
902 1418 1221 1489 imperator,
1273 1420 1524 1487 quamvis
1561 1436 1669 1473 non
1728 1420 1780 1475 in
1844 1421 1965 1476 illos
2009 1434 2175 1487 nunc,
2209 1424 2305 1479 sed

730 1510 787 1565 in
815 1510 1023 1568 similes
1053 1519 1232 1565 tamen
1270 1510 1509 1573 illorum,
1542 1519 1635 1565 aut
1674 1513 1726 1565 in
1752 1513 1889 1568 alios
1929 1512 2195 1571 barbaros
2228 1515 2307 1569 in-

731 1602 1043 1657 cursionem
1101 1600 1306 1657 faciens
1344 1601 1638 1675 [siquidem
1696 1605 1749 1659 id
1796 1606 1928 1661 utile
1972 1607 2070 1661 tibi
2096 1607 2304 1662 videbi-

732 1692 843 1766 tur]
880 1694 1082 1749 habeas
1131 1694 1198 1748 ad
1230 1711 1445 1749 onmem
1500 1712 1660 1751 usum
1714 1699 1768 1751 in
1821 1709 2095 1768 promptu,
2146 1700 2304 1770 quasi

728 1785 1111 1851 exercitatum,
1144 1786 1290 1856 quod
1316 1786 1467 1842 facto
1497 1804 1637 1857 opus
1674 1791 1801 1844 erit.

808 1967 933 2024 l09.
976 1967 1245 2035 Quoniam
1278 1970 1346 2026 de
1382 1970 1724 2026 diversarum
1768 1974 2008 2043 gentium
2054 1977 2302 2035 moribus

729 2065 895 2123 atque
923 2056 1194 2113 institutis
1226 2058 1389 2111 verba
1421 2059 1677 2125 fecimus,
1710 2062 1856 2117 haud
1904 2064 2002 2119 abs
2046 2079 2104 2119 re
2138 2065 2304 2121 fuerit

728 2147 798 2200 de
827 2146 1140 2213 Saracenis,
1192 2150 1287 2217 qui
1335 2152 1728 2218 rempublicam
1783 2162 2026 2209 nostram
2081 2165 2302 2226 per-tur.

727 2237 882 2301 bant,
915 2252 1064 2292 nunc
1095 2238 1303 2307 aliquid
1329 2253 1782 2309 commemorare,
1811 2260 1914 2314 qua
1941 2254 2134 2301 natura
2167 2250 2299 2312 sint,

730 2330 933 2401 quibus
965 2332 1137 2389 armis
1186 2333 1239 2388 in
1276 2333 1416 2388 bello
1452 2343 1693 2401 utantur,
1736 2338 1936 2407 quibus
1992 2341 2169 2396 modis
2204 2357 2303 2396 no-

729 2425 830 2479 stri
864 2425 1152 2478 adversum
1181 2439 1278 2480 eos
1303 2423 1552 2479 armandi
1585 2435 1733 2489 sunt,
1759 2435 1814 2483 et
1836 2430 2299 2499 quemadmodum

732 2517 967 2587 impetus
1020 2517 1074 2572 in
1107 2515 1232 2572 illos
1274 2517 1525 2573 faciendi.

805 2710 928 2764 ll0.
962 2708 1219 2764 Saraceni
1247 2709 1451 2767 Arabes
1481 2719 1611 2765 sunt
1642 2725 1863 2781 genere,
1900 2715 1966 2767 ad
1994 2715 2299 2786 ingressum

732 2802 913 2857 felicis
945 2802 1161 2854 Arabiae
1213 2800 1343 2855 olim
1387 2800 1716 2855 habitantes.
1749 2802 1903 2858 Nunc
1952 2822 2080 2862 vero
2129 2824 2303 2877 genus

732 2910 921 2949 eorum
972 2894 1029 2947 in
1094 2892 1302 2963 Syriam
1350 2901 1403 2947 et
1448 2892 1792 2949 Palaestinam
1847 2896 2155 2967 dispersum
2197 2908 2300 2964 est,

734 2984 971 3050 primum
1026 2981 1404 3037 commorandi
1438 2996 1628 3045 causa,
1674 2984 1870 3041 deinde
1903 2987 1993 3040 ubi
2032 2990 2304 3058 supersti-

733 3073 901 3127 tionis
933 3087 1045 3127 suae
1070 3079 1261 3126 auctor
1284 3070 1560 3127 Mahumet
1605 3072 1801 3139 fuerat,
1835 3075 2027 3130 horum
2055 3077 2300 3132 locorum

2415 596 2781 666 κεχρισμένας
2805 599 3103 667 φαρμάκῳ,
3132 599 3269 664 ὅπερ
3296 598 3445 651 ἐστὶν
3495 601 3873 669 ἐνεργητικὸν,
3906 604 4002 655 ἐάν

2415 685 2490 757 μὴ
2515 689 2542 740 ό
2564 688 2743 741 λαϐὼν
2771 688 2868 758 τὴν
2902 689 3116 760 πληγήν
3143 690 3176 760 ἢ
3201 690 3473 760 θηριακὴν
3499 694 3625 762 ποιῇ
3664 692 3683 743 ί
3692 690 3803 757 Τό),
3840 694 3873 762 ἦ
3910 697 4001 747 καὶ

2411 778 2601 849 ἕτερον
2655 780 2906 851 βοήθημα
2936 781 3376 852 ἀντιφάρμακον,
3406 782 3439 851 ἦ
3473 783 3567 835 καὶ
3614 783 3859 855 παρευθυ
3908 803 4001 838 πε-

2413 869 2613 941 ρικάψῃ
2649 871 2749 942 τὴν
2775 872 3008 943 πληγὴν,
3045 871 3183 943 πρὸς
3201 872 3261 924 τὸ
3297 872 3371 942 μὴ
3409 872 3744 943 διαδραμεῖν.
3778 876 4005 940 Πάντως

2410 957 2519 1026 γάρ
2542 958 2607 1013 ἂν
2631 962 2725 1013 καὶ
2756 961 2818 1015 τὸ
2842 962 2962 1015 ὅλον
3002 960 3160 1030 σῶμα
3204 960 3529 1025 ἀπόλλυται,
3565 963 3660 1015 καὶ
3692 963 3887 1017 δάσεσι
3944 966 4006 1017 δὲ

2412 1052 2505 1105 καὶ
2531 1052 2818 1118 δυσϐάτοις
2842 1056 3011 1109 οἰκεῖν
3046 1057 3137 1109 καὶ
3170 1059 3513 1124 καταφαγεῖν
3559 1057 3676 1126 (75)
3725 1059 4004 1126 φιλοῦσιν.

2484 1143 2592 1217 ρη’.
2630 1146 2819 1209 Ὅπως
2847 1147 2903 1199 δὲ
2939 1148 3081 1201 κατὰ
3102 1148 3282 1201 αὐτῶν
3310 1148 3600 1204 ἐποιοῦντο
3650 1151 3754 1214 τάς
3788 1152 4005 1223 ἐπιδρο·

2414 1237 2521 1309 μάς
2562 1239 2655 1291 καὶ
2708 1237 2930 1308 ἐφόδους
2970 1239 3231 1309 Ῥωμαῖοι
3286 1241 3431 1306 τότε,
3494 1242 3851 1313 διηγησάμην
3904 1244 4006 1309 ἔμ-

2410 1326 2645 1397 προσθεν
2672 1328 2730 1379 ὲν
2753 1328 2818 1397 τῇ
2848 1327 2975 1397 περὶ
3004 1327 3290 1400 ἀδοκήτων
3325 1328 3531 1397 ἐφόδων
3576 1328 3854 1393 διατάξει,
3918 1330 4005 1382 ῖνα

2410 1418 2505 1471 καὶ
2532 1417 2715 1482 αὐτὸς,
2749 1411 2793 1471 ὦ
2833 1418 3127 1488 στρατηγέ,
3166 1421 3214 1472 εί
3248 1420 3343 1473 καὶ
3380 1420 3455 1490 μὴ
3482 1420 3624 1473 κατά
3656 1420 3843 1473 αὐτῶν
3881 1421 4009 1487 νῦν,

2411 1510 2525 1562 ἀλλ’
2552 1511 2585 1581 ή
2617 1510 2758 1564 κατά
2781 1510 2893 1563 τῶν
2944 1510 3146 1579 ὁμοίων
3176 1511 3379 1577 αὐτῶν,
3404 1512 3437 1584 ἢ
3472 1512 3612 1565 κατά
3640 1513 3849 1583 ἑτέρων
3875 1516 4007 1583 βαρ-

2410 1600 2595 1671 ϐάρων
2647 1602 2969 1671 ποιούμενος
3022 1601 3323 1671 ἀδοκήτους
3375 1603 3598 1671 ἐφόδους
3627 1644 3640 1665 ,
3716 1604 3836 1671 εἴγε
3898 1605 4007 1675 ἀρα

2411 1693 2681 1763 χρήσιμόν
2713 1711 2766 1747 τι
2822 1695 2885 1746 ὲκ
2934 1694 3030 1762 τῆς
3077 1693 3468 1756 διατυπώσεως
3511 1695 3728 1765 ἐκείνης
3770 1696 3999 1766 εὑρεθῇ,

2408 1782 2542 1855 ἔχῃς
2564 1785 2659 1836 καὶ
2686 1783 2844 1837 τοῦτο
2873 1784 2931 1851 ἐξ
2962 1783 3179 1853 ἑτοίμου
3230 1783 3367 1854 πρὸς
3396 1784 3498 1853 τὴν
3552 1785 3780 1839 δέουσαν
3814 1787 4005 1856 χρείαν

2408 1876 2483 1937 ὡς
2518 1874 3103 1945 προγεγυμνασμένον.

2486 1964 2585 2034 ρθ¹.
2633 1962 2850 2033 Ἐπειδὴ
2898 1963 2954 2017 δὲ
3002 1963 3280 2036 διαφόρων
3349 1963 3583 2018 ἐθνικῶν
3636 1967 4002 2036 παρατάξεών

2419 2074 2480 2111 τε
2513 2058 2608 2111 καὶ
2641 2056 2932 2109 διαθέσεων
2970 2055 3477 2126 ἐμνημονεύσαμεν,
3510 2057 3643 2128 φέρε
3679 2057 3874 2111 λοιπόν
3910 2064 4002 2112 καὶ

2406 2150 2501 2204 τοῦ
2543 2151 2638 2204 νῦν
2691 2147 3033 2218 ἐνοχλοῦντος
3070 2151 3135 2219 τῇ
3178 2149 3468 2218 Ῥωμαϊκῇ
3524 2149 3686 2219 ἡμῶν
3751 2148 4004 2220 πολιτεία

2408 2243 2593 2305 ἔθνους
2625 2241 2735 2296 τῶν
2765 2239 3098 2310 Σαρακηνῶν
3123 2239 3549 2310 ἑπιμνησδῶμεν
3578 2241 3719 2294 κατά
3742 2240 3998 2310 δύναμιν,

2407 2333 2551 2391 ὅπως
2598 2346 2656 2384 τε
2685 2329 2867 2398 ἔχουσι
2891 2328 3126 2396 φύσεως,
3158 2328 3253 2380 καὶ
3277 2328 3427 2389 ὅπως
3456 2328 3569 2389 τοῖς
3606 2343 3666 2380 τε
3716 2328 3905 2392 ὅπλοις
3944 2331 4000 2381 ὲν

2405 2422 2524 2481 ταῖς
2540 2418 2915 2490 ὲκστρατείαις
2943 2418 3181 2490 χρῶνται
3210 2417 3303 2472 καὶ
3333 2420 3444 2480 τοῖς
3472 2418 3891 2489 ἐπιτηδεύμασι,
3908 2422 4001 2473 καί

2407 2512 2481 2573 ὼς
2502 2510 2567 2564 ἂν
2591 2510 2674 2581 εἴη
2702 2510 2820 2563 δέον
2851 2509 2972 2562 κατ’
2991 2510 3171 2562 αὐτῶν
3201 2508 3615 2572 ἀνθοπλίξεσθαί
3640 2527 3701 2563 τε
3727 2511 3825 2565 καὶ
3849 2513 4001 2564 ἀντι-

2409 2600 2820 2672 στρατεύεσθαι,
2836 2599 3037 2663 καὶτὰς
3051 2599 3115 2653 ὲκ
3129 2600 3332 2654 τούτων
3348 2601 3690 2671 ἑγχειρήσεις
3705 2602 3999 2658 ποιεῖσθαι.

2479 2692 2566 2764 ρι’.
2600 2694 2905 2764 Σαρακηνοὶ
2972 2693 3069 2762 μὲν
3100 2691 3192 2746 οὖν
3241 2692 3476 2762 ’Δραϐές
3536 2695 3640 2746 εἰσι
3691 2695 3755 2745 τὸ
3811 2696 3993 2761 γένος,

2414 2786 2565 2857 παρά
2617 2786 2714 2856 τὴν
2765 2786 2969 2839 εῖσοδον
3012 2785 3113 2855 τῆς
3154 2785 3487 2854 Εὐδαίμονος
3554 2786 3816 2855 Ἀραϐίας
3870 2788 3999 2839 ποτὲ

2408 2876 2682 2947 κείμενον·
2716 2877 2794 2947 τῷ
2839 2877 3016 2948 χρόνῳ
3074 2877 3132 2931 δὲ
3193 2878 3286 2931 καὶ
3339 2877 3477 2947 πρὸς
3506 2876 3605 2947 τὴν
3644 2878 3849 2949 Συρίαν
3900 2879 3998 2930 καὶ

2406 2970 2772 3040 Παλαιστίνην
2795 2970 3124 3040 διασπαρὲν,
3184 2968 3376 3039 πρῶτα
3407 2968 3506 3038 μὲν
3554 2964 3665 3021 οἷον
3709 2970 3999 3037 μετοικίας

2417 3063 2616 3133 χάριν,
2672 3062 2895 3133 ὕστερον
2934 3063 2992 3115 δὲ
3041 3064 3128 3115 ὅτε
3182 3061 3279 3129 τῆς
3338 3059 3519 3112 αὐτῶν
3572 3059 3999 3129 δεισιδαιμονίας

733 3164 1023 3228 ditionem,
1074 3170 1129 3217 et
1190 3163 1623 3231 Mesopotamiae,
1678 3172 1840 3233 atque
1890 3165 2111 3238 Egypti
2174 3170 2303 3223 reli-

2410 3153 2626 3219 ἐγένετο
2677 3154 2919 3222 ἀρχηγὸς
2957 3152 3277 3221 Μουχάμετ,
3313 3151 3409 3205 καὶ
3450 3150 3636 3214 ὅπλοις
3670 3152 3999 3222 κρατοῦντες

733 3269 1119 3324 quorumque,
1185 3268 1250 3307 ac
1301 3252 1655 3309 finitimorum
1720 3256 1962 3310 locorum
2015 3259 2301 3327 imperium

736 3347 905 3401 armis
954 3346 1317 3414 occupabant,
1352 3346 1402 3399 id
1442 3347 1588 3415 quod
1623 3345 1994 3404 Romanorum
2025 3365 2145 3405 cum
2176 3352 2305 3406 Per-

736 3440 814 3493 sis
846 3439 913 3493 de
944 3438 1155 3506 imperii
1203 3438 1375 3507 gloria
1417 3438 1719 3505 dimicatio,
1765 3440 1981 3496 illorum
2014 3442 2306 3511 capiendo-

738 3546 856 3586 rmn
887 3530 1231 3584 occasionem
1267 3530 1452 3584 dabat.

809 3620 933 3675 lll.
962 3619 1104 3689 Erga
1137 3618 1304 3674 Deum
1339 3621 1489 3689 impii
1526 3629 1656 3675 sunt
1685 3622 2116 3694 :blasphemiam
2150 3641 2302 3681 suam

737 3729 837 3783 pro
890 3712 1095 3781 pietate
1156 3713 1383 3766 ducunt.
1427 3712 1704 3767 Christum
1779 3730 1966 3769 verum
2021 3715 2187 3770 Deum
2253 3724 2307 3772 et

740 3804 928 3858 mundi
983 3813 1320 3859 servatorem
1365 3804 1535 3859 Deum
1592 3820 1791 3860 vocare
1846 3824 1953 3863 non
2011 3810 2305 3865 sustinent.

738 3896 928 3951 Omnis
975 3896 1103 3949 mali
1142 3896 1406 3951 facinoris
1451 3897 1616 3950 Deum
1672 3912 1797 3953 esse
1842 3907 2119 3954 auctorem
2157 3901 2305 3973 arbi-

739 3992 974 4045 trantur.
1008 3996 1063 4039 et
1088 3985 1230 4041 bello
1262 3987 1520 4041 delectari
1567 3988 1756 4044 dicunt
1793 3989 1983 4056 Deum,
2023 3992 2114 4062 qui
2137 3993 2304 4049 dissi-

740 4080 830 4140 put
869 4080 1081 4141 gentes,
1125 4088 1246 4141 quae
1286 4074 1423 4128 bella
1455 4075 1679 4129 volunt:
1718 4092 1847 4143 suas
1876 4078 2119 4147 ipsorum
2163 4080 2307 4150 leges

739 4164 1085 4220 sanctissiu’tc
1126 4166 1492 4221 custodiunt:
1543 4184 1763 4223 carnem
1817 4185 1972 4224 suam
2027 4172 2308 4241 pinguefa-

738 4258 911 4319 ciunt,
964 4267 1015 4313 ct
1076 4258 1317 4312 animum
1374 4260 1757 4316 dehonestaut.
1815 4262 2094 4319 Adversus
2145 4264 2311 4335 igitur

743 4349 882 4402 hanc
922 4348 1140 4404 illorum
1185 4350 1515 4420 impietatem
1557 4353 1756 4422 pietate
1794 4370 1859 4409 ac
1915 4355 2179 4424 religione
2209 4372 2309 4411 no-

741 4448 856 4494 stra
886 4454 1212 4509 pugnemus,
1255 4450 1309 4495 et
1340 4442 1553 4497 divinas
1581 4445 1960 4516 humanasque
1991 4447 2135 4517 leges
2177 4463 2311 4503 san-

2404 3245 2512 3296 τῶν
2550 3262 2606 3298 τε
2652 3244 2956 3314 εἰρημένων
2986 3241 3287 3313 ἐπαρχιῶν,
3338 3242 3429 3295 καὶ
3483 3241 3551 3312 δὴ
3585 3244 3682 3295 καὶ
3740 3244 3969 3296 Μεσοπο

2403 3339 2608 3404 ταμίας
2650 3336 2744 3389 καὶ
2790 3335 3066 3403 Αἰγύπτου
3096 3335 3187 3388 καὶ
3219 3334 3327 3387 τῶν
3373 3333 3550 3387 ἄλλων
3581 3335 3803 3405 χωρῶν,
3853 3335 3998 3405 άπερ

2409 3429 2588 3488 αὐτοῖς
2615 3429 2642 3480 ό
2678 3427 2870 3497 καιρὸς
2899 3426 2998 3496 τῆς
3047 3426 3359 3497 Ῥωμαῖκῆς
3395 3425 3504 3479 ἀπὸ
3540 3427 3768 3496 Περσῶν
3805 3428 3993 3498 χώραν

2407 3519 2573 3572 ἔδωκε
2634 3521 2947 3588 κατασχεῖν.

2480 3610 2605 3681 ρια¹.
2650 3611 2712 3663 Εἰ
2746 3610 2804 3662 δὲ
2848 3611 2942 3663 καὶ
2973 3611 3102 3677 περὶ
3154 3609 3252 3678 μὲν
3280 3609 3340 3661 τὸ
3380 3608 3534 3661 Θεῖον
3591 3608 3847 3662 δοκοῦσιν
3902 3611 3994 3663 εὖ·

2408 3704 2606 3768 σεϐεῖν,
2662 3702 3014 3773 βλασφημίαν
3046 3702 3102 3755 δὲ
3150 3702 3250 3772 τὴν
3296 3702 3477 3755 αὐτῶν
3511 3701 3777 3756 δοκοῦσαν
3834 3704 3991 3757 εὐσέ-

2406 3794 2556 3846 ϐειαν
2581 3791 2928 3845 άποδεικνοῦν
2957 3810 3015 3845 τε
3058 3788 3137 3852 οἷς
3188 3792 3301 3862 (76)
3334 3794 3568 3863 Χριστὸν
3600 3794 3700 3861 μὲν
3727 3793 3820 3846 τὸν
3859 3795 3994 3863 ἀλη-

2392 3883 2553 3947 ¹θινὸν
2585 3883 2717 3936 Θεὸν
2763 3884 2857 3935 καὶ
2891 3882 2986 3935 τοῦ
3015 3881 3219 3951 κόσμου
3248 3884 3472 3953 σωτῆρα
3495 3883 3677 3936 καλεῖν
3709 3883 3847 3936 Θεὸν
3893 3886 3994 3937 οὐκ

2408 3975 2710 4044 ἀνέχονται,
2752 3975 2952 4035 παντὸς
3005 3973 3061 4026 δὲ
3132 3974 3227 4026 καὶ
3265 3973 3437 4026 κακοῦ
3491 3975 3653 4044 ἔργου
3710 3974 3804 4027 τὸν
3861 3975 3993 4028 Θεὸν

2409 4063 2546 4122 εἶναι
2604 4068 2774 4120 αἴτιον
2846 4065 3217 4132 ὑποτίθενται,
3294 4067 3389 4119 καὶ
3448 4066 3707 4135 πολέμοις
3776 4067 3994 4137 χαίρειν

2410 4161 2625 4228 λέγουσι
2672 4158 2762 4212 τὸν
2787 4157 2919 4212 Θεὸν
2949 4158 3041 4211 τὸν
3091 4157 3549 4229 διασκορπίζοντα
3584 4159 3717 4229 ἔθνη
3766 4158 3838 4213 τά
3867 4161 3993 4223 τοὺς

2410 4250 2679 4320 πολέμους
2744 4250 2984 4305 θέλοντα.
3046 4251 3157 4304 Καὶ
3206 4251 3336 4313 τοὺς
3396 4250 3629 4315 οἰκείους
3682 4252 3742 4304 δὲ
3794 4252 3993 4320 νόμους

2411 4342 2801 4411 ἀπαραϐάτους
2845 4341 3193 4411 φυλάττουσι,
3250 4342 3351 4414 τὴν
3396 4343 3574 4413 σάρκα
3646 4342 3991 4406 λιπαίνοντις

2415 4434 2511 4487 καὶ
2538 4433 2640 4501 τὴν
2673 4433 2848 4503 ψυχὴν
2896 4433 3271 4503 ἀτιμάζοντες.
3298 4436 3341 4487 Τ
3344 4438 3378 4506 ᾖ
3407 4434 3499 4487 οὖν
3534 4434 3757 4507 τοιαύτῃ
3797 4436 3993 4488 δυσσεσ

741 4530 986 4586 ctissime
1033 4533 1449 4601 custodiamus,
1497 4543 1661 4606 atque
1719 4537 1862 4602 illos,
1898 4539 1943 4593 si
1992 4554 2306 4609 possumus,

2417 4523 2537 4584 ϐείι.
2555 4522 2640 4575 διά
2663 4523 2759 4593 τῆς
2776 4521 2930 4593 ήμῶν
2958 4522 3237 4586 εὐσεϐείας
3252 4541 3313 4577 τε
3334 4523 3428 4577 καὶ
3451 4524 3731 4593 ὀρθοδόξου
3758 4526 3994 4587 πίστεως

740 4636 1137 4694 expugnemus.

816 4880 937 4935 112.
971 4881 1205 4936 Carnelis
1262 4882 1585 4938 sarcinariis
1641 4892 1872 4938 utuntur
1903 4900 2001 4954 pro
2027 4886 2307 4951 curribus,

743 4971 1096 5040 ctjumentis,
1125 4973 1294 5030 asinis
1319 4982 1373 5029 et
1400 4975 1563 5029 mulis
1596 4992 1609 5027 :
1640 4985 1692 5029 et
1714 4978 1978 5045 cynmalis
2009 4978 2062 5032 in
2083 4978 2311 5035 aciebus

744 5070 995 5122 utuntur.
1015 5063 1213 5131 quibus
1243 5079 1414 5134 equos
1447 5080 1577 5121 suos
1599 5066 1971 5123 assuefaciunt
2001 5085 2013 5120 :
2047 5076 2101 5124 et
2129 5070 2315 5143 hujuse

746 5153 892 5208 modi
931 5153 1085 5208 sonis
1137 5168 1200 5207 ac
1243 5155 1561 5225 strepitibus
1603 5157 1841 5211 hosﬁum
1876 5174 2098 5215 suorum
2142 5175 2314 5230 equos

746 5242 1068 5310 perturbant
1126 5250 1181 5296 et
1210 5242 1262 5295 in
1300 5241 1479 5311 fugam
1514 5245 1837 5313 conjiciunt.
1863 5246 1966 5302 Sed
2003 5256 2057 5303 et
2083 5251 2316 5305 camelo-

745 5350 866 5388 rum
901 5350 1120 5404 quoque
1162 5345 1416 5404 aspectus
1451 5353 1622 5407 equos
1656 5338 2051 5411 perterrefacit,
2083 5351 2137 5398 et
2173 5344 2314 5398 ulte-

745 5426 863 5481 rius
890 5425 1146 5496 progredi
1171 5440 1279 5480 non
1311 5426 1533 5496 patitur.

2412 4613 2855 4683 ἀντιμαχόμενοι,
2905 4615 2999 4665 καὶ
3030 4613 3159 4677 τοὺς
3212 4614 3524 4677 πολιτικοὺς
3554 4615 3739 4685 πολλῷ
3785 4616 3990 4687 μᾶλλον

2414 4704 2801 4774 ἀπαραϐάτους
2883 4702 3339 4773 διαφυλάττοντες
3405 4705 3548 4759 κατά
3603 4707 3789 4760 αὐτῶν
3841 4710 3992 4763 ἀντι-

2414 4793 2855 4865 στρατευώμεθα.

2483 4886 2606 4956 ριβ¹.
2643 4884 2970 4955 Χρῶνταιδὲ
3016 4886 3281 4958 καμήλοις
3316 4889 3434 4951 ταῖς
3456 4886 3782 4958 ἀχθοφόροις
3810 4890 3993 4944 αύτῶν

2412 4977 2532 5030 ἀντὶ
2554 4976 2779 5046 ἁμαξῶν
2812 4979 2904 5031 καὶ
2922 4977 3253 5045 ὑποζυγίων,
3283 4977 3426 5042 ὄνοις
3451 4980 3547 5032 καὶ
3575 4982 3827 5049 ἡμιόνοις
3852 5000 3868 5015 ι
3896 4985 3991 5037 καὶ

2410 5066 2706 5137 κυμϐάλοις
2736 5068 2792 5122 δὲ
2819 5069 2912 5123 καὶ
2933 5070 3236 5140 τυμπάνοις
3274 5070 3333 5123 ὲν
3367 5072 3487 5134 ταῖς
3504 5073 3903 5143 παρατάξεσιν,
3934 5076 3989 5126 ὲν

2410 5153 2493 5221 οἷς
2516 5161 2640 5223 τοὺς
2666 5160 2896 5224 οἰκείους
2942 5160 3143 5225 ἵππους
3195 5160 3457 5225 ἐθίζουσι,
3507 5163 3599 5217 διὰ
3642 5164 3699 5216 δὲ
3728 5166 3989 5219 τοιούτων

2413 5249 2634 5301 κτύπων
2662 5251 2757 5302 καὶ
2785 5251 2932 5321 ἤχων
2960 5251 3086 5314 τοὺς
3116 5252 3316 5316 ἵππους
3343 5252 3457 5306 τῶν
3481 5256 3989 5325 ἀντιπολεμούντων

2411 5340 2592 5404 αὐτοῖς
2618 5341 2981 5411 ταράσσοντες
2998 5343 3288 5411 τρέπουσιν
3335 5347 3419 5407 εἰς
3454 5346 3654 5416 φυγήν.
3691 5346 3857 5401 Ἀλλά
3897 5347 3989 5400 καὶ

2411 5433 2518 5486 τῶν
2573 5434 2834 5504 καμήλων
2890 5436 2924 5505 ή
2982 5434 3079 5488 θέα
3132 5435 3333 5504 ὁμοίως
3382 5438 3507 5499 τοὺς
3560 5437 3859 5504 ἀσυνήθεις
3900 5438 3988 5492 τπ-

2411 5544 2546 5593 πους
2565 5529 2789 5597 ἐκφοϐεῖ
2807 5531 2900 5584 καὶ
2920 5530 3201 5601 ταράττει,
3218 5531 3311 5586 καὶ
3340 5532 3528 5603 πρόσω
3546 5532 3753 5602 βαινειν
3776 5536 3878 5589 οὐκ
3901 5536 3983 5605 ἑᾷ.

2227 5616 2461 5673 NOTAE.

820 5704 935 5771 (74)
971 5703 1137 5771 Ποιῇ.
1172 5704 1380 5775 Scribe.
1416 5706 1531 5775 πίῃ.

823 5776 933 5843 (75)
956 5774 1350 5845 Καταφαγεῖν.
1384 5774 1590 5841 Scribe,
1626 5780 1970 5849 καταφυγεῖν.

2414 5783 2459 5833 ι.
2494 5712 2604 5785 (76)
2652 5716 3063 5772 Αποέεικνοῦν
3088 5734 3146 5772 τε
3173 5712 3283 5785 οἷς.
3305 5717 3518 5787 Scribe,
3546 5718 3979 5786 ἀποδείκνυνται,

2446 5800 2483 5833 ι.

2446 5800 2483 5837 ι.
