4176 6442
161 398 262 460 873

233 512 362 580 ριγθ.
391 503 501 567 Τὰς
535 499 592 555 δὶ
629 501 882 565 τοιαύτας
936 500 1042 554 τῶν
1096 517 1155 554 τε
1207 498 1469 568 καμήλων
1502 497 1599 550 καὶ
1627 495 1736 549 τῶν
1769 504 1812 557 Α

165 596 475 665 ὑποζυγίων
542 593 854 656 ἀποσκευὰς
923 592 1020 646 καὶ
1065 594 1142 656 εἰς
1196 591 1435 660 πλήθους
1487 587 1749 650 πολλάκις

168 691 470 760 φαντασίαν
508 689 788 760 χρῶνται,
844 685 1009 755 μέσον
1051 686 1150 755 μὲν
1203 682 1297 737 τοῦ
1355 679 1750 752 στρατιωτικοῦ

167 784 408 855 πλήθους
443 785 614 844 αὑτὰς
675 778 1067 841 καθιστῶντες,
1117 774 1300 828 πυκνὰ
1342 774 1414 828 »δὲ
1470 771 1758 843 φλάμουλα

167 876 375 930 ἄνωθεν
423 873 604 928 αὐτῶν
648 870 1022 940 ὲφιστῶντες,
1059 870 1134 931 ὡς
1185 867 1364 922 δοκεῖν
1414 863 1757 934 στρατιωτῶν

166 964 310 1020 εἶναι
344 965 548 1033 πλῆθος
573 963 665 1017 τὸν
699 962 922 1016 ἐκείνων
947 961 1124 1030 ὄχλον.

241 1053 362 1125 ριδ’.
392 1054 595 1124 Θερμοὶ
631 1053 691 1107 δέ
719 1053 826 1106 είσι
857 1051 956 1118 τὴν
1000 1052 1199 1122 κρᾶσιν
1257 1048 1484 1117 τοιούτῳ
1523 1045 1748 1114 κλίματι

172 1147 361 1218 θερμῷ
400 1141 800 1208 κατοικοῦντες.
819 1141 1144 1214 Χρῶνταιδὲ
1172 1140 1267 1195 καὶ
1290 1141 1496 1211 πεζικῇ
1534 1137 1765 1209 στρατιᾷ

172 1239 416 1308 Αἰθίοψι,
436 1236 590 1307 φασὶ,
621 1238 849 1306 γυμνοῖς
882 1234 1058 1288 ὃπλων
1077 1231 1388 1304 ἔμπροσθεν
1416 1232 1524 1283 τῶν
1555 1227 1764 1283 καϐαλ-

173 1332 381 1401 λαρίων
446 1327 949 1401 παραταττομένοις
1014 1325 1178 1379 οἱονεὶ
1208 1325 1406 1394 ψιλοῖς.
1459 1323 1600 1388 Τόξα
1655 1324 1765 1394 γὰρ

176 1424 437 1493 φέροντες
498 1421 592 1475 καὶ
657 1418 932 1490 χρώμενοι
991 1417 1312 1486 δυσάντητοι
1367 1413 1583 1467 δοκοῦσι
1646 1417 1761 1478 τοῖς

175 1516 275 1566 ἐπε
285 1511 591 1583 ρχομένοις.

251 1600 373 1672 ριε’.
433 1602 572 1663 Τοὺς
630 1599 688 1653 δὲ
739 1599 939 1664 πεζοὺς
975 1596 1156 1651 αὐτῶν
1192 1596 1452 1666 φέρουσιν
1481 1595 1514 1663 ἥ
1555 1597 1640 1664 ἐφ’
1675 1596 1766 1648 ἴπ-

179 1710 300 1746 πων
337 1691 484 1744 ἰδίων
531 1688 878 1760 ὀχουμένους,
907 1687 940 1758 ἢ
992 1684 1215 1740 δτασθεν
1248 1683 1355 1737 τῶν
1391 1683 1771 1752 καϐαλλαρίων

178 1781 546 1854 καθημένους,
577 1782 666 1834 ὅτε
708 1779 940 1851 πλησίον
988 1780 1087 1848 τῆς
1119 1776 1298 1830 αὐτῶν
1336 1774 1518 1846 χώρας
1550 1775 1697 1828 ἐστὶν
1736 1776 1769 1844 ὴ

1189 389 1528 451 TAC'I‘ICA.
1559 410 1630 423 --
1671 382 2179 446 CONSTITUTIO
2206 383 2427 441 XVIII.

3341 377 3449 441 974

1914 497 2036 550 113.
2117 493 2465 549 Camelorum
2549 489 3042 559 jumentorumque
3130 485 3443 556 huiusmodi

1859 587 2257 657 apparitionem
2304 597 2466 652 saepe.
2523 589 2583 634 ut
2631 582 2820 635 multa:
2864 589 2918 635 ct
2973 585 3228 650 ingentes
3274 581 3444 648 copia:

1865 679 2179 740 rideantur,
2229 679 2281 730 in
2316 675 2496 730 medio
2535 673 2782 727 exercitu
2829 673 3121 733 collocant.
3159 680 3215 726 et
3255 672 3447 726 crebra

1862 768 2080 822 Ilamula
2119 768 2227 822 illis
2282 769 2601 836 imponunt,
2637 775 2721 836 ειη
2758 765 2977 818 illorum
3022 764 3186 820 turba
3248 778 3445 834 magna

1866 859 2162 916 multitudo
2202 859 2482 914 hominum
2515 874 2638 914 esse
2669 857 2942 912 videatur.

1935 1040 2056 1094 tu.
2093 1038 2304 1094 Callida
2337 1038 2586 1107 corporis
2617 1036 3019 1092 constitutione
3052 1044 3202 1101 sunt,
3243 1037 3296 1090 in
3335 1044 3446 1090 tam

1866 1131 2061 1184 callida
2111 1129 2302 1184 mundi
2357 1130 2519 1199 plaga
2579 1129 2864 1198 degentes.
2924 1127 3219 1184 Pedestres
3263 1127 3451 1196 copias

1870 1225 2062 1280 dicunt
2092 1239 2151 1280 se
2195 1223 2546 1293 Ethiopibus
2608 1221 2926 1289 sagittariis,
2975 1221 3081 1290 qui
3121 1219 3292 1275 armis
3330 1234 3451 1290 gra-

1870 1319 2029 1372 vibus
2062 1317 2364 1378 nudantur,
2402 1315 2688 1378 roborare,
2717 1322 2770 1367 et
2795 1321 2922 1366 ante
2943 1313 3156 1380 equites
3183 1313 3342 1380 quasi
3373 1312 3454 1365 le—

1871 1426 1966 1463 ves
1997 1410 2294 1461 collocare.
2341 1406 2464 1461 Istis
2518 1406 2627 1469 usi,
2658 1403 3197 1459 videntur-hostibus
3232 1404 3455 1458 inexsu-

1873 1500 2146 1571 perabiles
2178 1514 2324 1555 esse.

1944 1593 2069 1646 115.
2107 1591 2328 1647 Pedites
2379 1593 2464 1646 sui
2520 1591 2682 1660 equis
2726 1590 3018 1650 vehuntur.
3072 1597 3194 1657 post
3239 1585 3458 1656 equites

1876 1686 2069 1742 sedent
2104 1701 2172 1740 ex
2205 1700 2377 1754 equo,
2416 1683 2640 1754 quando
2673 1697 2839 1753 prope
2877 1681 3150 1748 regionem
3179 1693 3332 1733 suam
3363 1693 3457 1730 ex-

1879 1778 2082 1849 peditio
2113 1785 2219 1833 est.
2276 1777 2516 1832 Utuntur
2563 1775 2733 1828 armis
2773 1773 2936 1827 etiam
2980 1769 3456 1839 equitesill'orum,

177 1875 509 1947 ἑκστρατεία
539 1873 737 1929 αὐτῶν.
775 1871 1029 1942 Χρῶνται
1064 1870 1120 1923 δὲ
1155 1869 1341 1931 ὅπλοις
1369 1869 1462 1922 καὶ
1489 1869 1539 1919 οἱ
1572 1866 1776 1920 καϐαλ-

1884 1868 2114 1938 sagittis,
2163 1877 2216 1923 ct
2255 1867 2502 1937 spathis,
2553 1865 2749 1928 hastis,
2800 1863 2997 1928 scutis,
3041 1871 3094 1917 et
3148 1858 3460 1915 securibus.

177 1968 361 2038 λὰριοι
387 1965 565 2031 τόξοις
602 1964 696 2016 καὶ
731 1960 1017 2025 σπαθίοις,
1073 1961 1385 2030 κονταρίοις
1421 1959 1516 2012 καὶ
1551 1973 1777 2010 σκουτα⁹

181 2063 324 2131 ρίοις
379 2059 475 2113 καὶ
529 2055 802 2110 πελέκεσι·
846 2053 939 2107 καὶ
991 2051 1294 2106 πανοπλίαν
1346 2049 1456 2118 γὰρ
1490 2048 1769 2118 φοροῦσιν·

178 2149 315 2214 οἷον,
349 2148 581 2220 λωρίκια
617 2147 713 2200 καὶ
753 2145 1025 2207 κλιϐἀνια,
1063 2146 1158 2196 καὶ
1197 2141 1481 2204 κασσῖδας.
1526 2140 1622 2193 καὶ
1678 2157 1775 2192 πο⁶

179 2242 432 2312 δόψελλα,
466 2239 560 2294 καὶ
595 2237 937 2310 χειρόψελλα,
974 2235 1070 2287 καὶ
1111 2232 1165 2286 εί
1181 2251 1232 2286 τι
1263 2233 1449 2302 ἕτερον
1489 2232 1634 2286 κατὰ
1685 2232 1775 2284 τὸν

190 2333 510 2404 Ῥωμαϊκὸν
564 2331 783 2402 τρόπον.
841 2327 950 2390 Τὰς
1002 2325 1058 2379 δὲ
1091 2324 1267 2389 ζώνας
1299 2325 1477 2377 αὑτῶν
1517 2324 1610 2376 καὶ
1645 2325 1774 2385 τοὺς

182 2426 435 2496 χαλινοὺς
491 2425 585 2476 καὶ
629 2422 696 2476 τὰ
728 2419 935 2474 σπαθία
970 2417 1194 2488 ἀργύρῳ
1225 2415 1572 2469 ποικίλλουσι
1626 2415 1775 2483 φιλο-

182 2517 388 2588 τιμὼτε
397 2533 508 2587 ρον.

262 2605 396 2677 ptg’.
453 2604 592 2658 Οὔτε
627 2602 1028 2666 δὲ’διώκοντες,
1085 2598 1207 2652 οὔτε
1239 2598 1561 2667 διωκόμενοι
1592 2595 1782 2677 λύουσι

183 2668 287 2770 τὴν
318 2668 472 2763 τάξιν
513 2695 732 2749 αὐτῶν·
782 2695 830 2746 εί
858 2694 914 2746 δὲ
948 2691 1130 2761 συμϐῇ
1190 2689 1364 2756 αὐτὴν
1410 2688 1662 2754 λυθῆναι,
1713 2668 1782 2738 δι’

188 2789 402 2846 ἑαυτῶν
428 2788 720 2841 ἀσύστατοι
754 2785 849 2838 καὶ
891 2781 1279 2851 ἀνεπίστροφοι
1325 2779 1598 2831 γινόμενοι
1633 2776 1780 2845 μόνω

188 2883 268 2952 τῷ
293 2881 534 2948 σωθῆναι
557 2877 891 2931 ἐλαύνουσιν.

267 2976 393 3044 ριζ’.
453 2971 686 3041 Θρασεῖς
754 2969 850 3038 μὲν
897 2966 1006 3036 γάρ
1060 2967 1165 3018 εἱσι
1225 2963 1383 3032 νικᾷν
1448 2957 1787 3022 ἐλπίζοντες,

189 3063 357 3116 δειλοὶ
399 3061 456 3114 δὲ
498 3060 621 3112 λίαν
676 3057 999 3118 ἀπειπόντες
1043 3055 1142 3122 τῆς
1168 3054 1344 3122 νίκης·
1388 3052 1462 3114 ὡς
1502 3050 1610 3104 ἀπὸ
1639 3047 1777 3101 Θεοῦ

190 3154 306 3223 γὰρ
331 3153 393 3205 τὸ
447 3153 576 3214 πᾶν,
623 3151 672 3203 ει
717 3151 810 3202 καὶ
841 3149 1010 3202 κακὸν
1050 3146 1161 3214 εἴη,
1222 3146 1474 3214 λέγοντες
1523 3139 1684 3206 εἶναι,
1735 3141 1783 3193 εἰ

194 3243 383 3313 συμϐῇ
446 3243 641 3304 αὐτοὺς
693 3240 932 3294 ἐναντίον
985 3256 1034 3291 τι
1077 3237 1303 3298 παθεῖν,
1355 3236 1429 3298 ὡς
1491 3235 1599 3288 ἀπὸ
1642 3233 1745 3284 Θεο

192 3335 514 3405 ὁριζομένου
579 3334 680 3397 οὐκ
728 3332 1183 3394 ἀντιπίπτουσιν,
1217 3327 1352 3381 ἀλλὰ
1405 3329 1471 3396 τῇ
1510 3323 1781 3396 προσϐολῇ

199 3426 496 3496 σφαλέντες
534 3422 740 3493 χαλῶσι
786 3423 876 3474 τὸν
897 3421 1069 3474 τόνον.
1127 3419 1390 3489 ’Υπνηλοὶ
1425 3418 1483 3470 δέ
1513 3419 1655 3477 εἰσι,
1691 3418 1785 3468 καὶ

196 3519 286 3572 διὰ
317 3517 474 3571 τοῦτο
502 3516 603 3577 τὰς
649 3513 1016 3583 νυκτομαχίας
1074 3511 1396 3579 φοϐούμενοι
1425 3549 1440 3572 ,
1483 3509 1575 3561 καὶ
1617 3508 1686 3559 τὰ
1730 3509 1785 3560 ὲν

201 3611 398 3672 αὐταῖς
461 3607 887 3677 ἐπιτηδεύματα,
947 3605 1184 3672 μάλιστα
1231 3604 1359 3656 ὅταν
1419 3605 1476 3654 ὲν
1529 3599 1786 3670 ἀλλοτρία

196 3700 408 3754 ἑαυτῶν
443 3701 513 3769 γῇ
563 3697 963 3767 κατατρέχωσι·
1011 3695 1199 3764 διόπερ
1237 3693 1379 3763 ἢείς
1425 3693 1655 3762 ὀχυροὺς
1701 3692 1788 3742 τό-

199 3811 342 3856 πους
383 3789 748 3862 ἀναχωροῦσι,
785 3790 945 3842 κάκεῖ
986 3790 1082 3856 τῆς
1117 3786 1309 3850 νυκτὸς
1351 3785 1630 3839 ποιοῦνται
1681 3785 1780 3851 τὴν

200 3877 472 3948 φυλακὴν,
501 3879 537 3947 ἢ
567 3877 1025 3948 περιφράττουσιν
1053 3874 1308 3943 ἀσφαλῶς
1334 3875 1394 3927 τὸ
1417 3875 1786 3944 στρατόπεδον

203 3972 407 4036 αὐτῶν,
429 3970 567 4024 ὥστε
595 3971 670 4040 μὴ
691 3967 1138 4022 ἐπιϐουλεύεσθαι
1162 3969 1280 4031 ταῖς
1311 3970 1655 4038 νυκτεριναῖς
1680 3968 1787 4020 τῶν

204 4064 466 4118 ἐναντίων
501 4062 848 4132 προσϐολαῖς.

282 4153 412 4225 ριη⁹.
449 4154 801 4223 Τετράγωνον
852 4153 909 4206 δὲ
961 4152 1056 4207 καὶ
1086 4151 1334 4221 ἐπιμήκη
1371 4149 1649 4203 ποιοῦνται
1688 4151 1786 4221 τὴν

203 4249 417 4301 οἰκείαν
473 4245 799 4314 παράταξιν,
830 4245 1262 4315 ἀσφαλεστέραν,
1312 4245 1406 4295 καὶ
1461 4243 1665 4313 ῥᾳδίως
1697 4243 1788 4295 λυ-

207 4341 364 4408 θῆνα·
398 4340 471 4406 μὴ
499 4337 802 4408 δυναμένην
826 4339 882 4390 ἐν
905 4340 1020 4401 ταῖς
1042 4337 1150 4391 τῶν
1172 4336 1790 4406 ἀντιπαραταττομένων

207 4429 556 4498 προσϐολαῖς.

1751 3202 1852 3283 ὖιι

1878 1961 2229 2015 Armatur-am
2293 1967 2513 2030 gestant
2567 1958 2774 2028 galeas,
2836 1957 3113 2018 thoraces,
3188 1951 3458 2013 cassides,

1876 2070 2070 2110 ocreas
2108 2067 2311 2114 teneas,
2347 2050 2675 2113 brachinlia,
2718 2057 2772 2104 et
2807 2048 2851 2103 si
2879 2062 3000 2116 qua:
3023 2047 3130 2098 alia
3165 2044 3232 2098 ad
3258 2042 3462 2097 Roma-

1878 2159 2076 2199 norum
2131 2142 2364 2196 formam
2409 2155 2559 2193 arma
2589 2147 2736 2193 sunt.
2795 2137 3015 2202 Zonas,
3073 2145 3125 2188 et
3175 2133 3358 2197 frena,
3406 2140 3462 2187 et

1880 2235 2090 2306 gladios
2120 2274 2134 2298 ,
2184 2232 2508 2303 reliquaque
2562 2227 2874 2300 huiusmodi
2921 2235 3149 2299 argento
3193 2234 3464 2281 exornant

1882 2325 2248 2381 ambitiosius.

1957 2606 2076 2660 116.
2101 2605 2287 2673 Neque
2309 2618 2433 2659 cum
2455 2607 2857 2671 persequuntur
2869 2600 3028 2663 alios,
3049 2614 3221 2669 neque
3248 2614 3371 2654 cum
3394 2600 3462 2654 ab

1883 2701 2005 2754 aliis
2034 2698 2402 2766 exagitantur,
2438 2694 2609 2749 aciem
2635 2693 2980 2758 dissolvunt;
3014 2708 3136 2762 quae
3177 2693 3224 2748 si
3264 2693 3467 2747 dissolo

1883 2799 2043 2842 vatur
2075 2786 2392 2857 aliquando,
2417 2785 2643 2839 minime
2672 2783 2739 2838 ad
2773 2783 3001 2839 formam
3034 2799 3191 2838 suam
3216 2783 3466 2837 revocari
3518 2772 3521 2775 ’

1884 2880 2042 2933 facile
2065 2886 2317 2948 possunt,
2344 2877 2438 2932 sed
2462 2878 2636 2933 solum
2664 2875 2730 2930 de
2759 2875 2934 2931 Salute
2961 2876 3236 2930 laborant.

1956 2973 2078 3025 117.
2123 2971 2373 3025 Audaces
2408 2978 2560 3033 sunt,
2622 2969 2666 3024 si
2722 2968 3003 3022 victoriam
3060 2975 3279 3036 sperent
3323 2985 3335 3021 :
3382 2967 3465 3020 sin

1885 3066 2175 3135 desperent
2231 3064 2298 3119 de
2362 3063 2613 3124 victm-ia,
2668 3060 2843 3114 timidi
2881 3060 3036 3115 valde
3082 3069 3230 3114 sunt.
3271 3059 3467 3115 Omnia

1889 3157 2055 3218 enim,
2089 3155 2251 3209 etiam
2300 3167 2641 3222 quaecunque
2673 3150 2815 3204 mala
2860 3157 3010 3211 sunt,
3049 3164 3080 3203 a
3116 3148 3224 3204 Deo
3261 3165 3461 3219 prove-

1891 3250 2007 3301 nire
2044 3254 2322 3301 asserunt.
2365 3243 2521 3310 Quod
2577 3245 2621 3297 si
2663 3259 2770 3311 qua
2819 3242 3050 3297 adversa
3097 3242 3315 3298 fortuna
3377 3259 3470 3295 ve-

1892 3348 2113 3401 xentur,
2152 3339 2308 3407 quasi
2356 3352 2383 3390 a
2431 3336 2540 3391 Deo
2580 3335 2827 3389 immissa
2860 3351 2968 3388 non
3013 3341 3347 3405 repugnant,
3373 3336 3469 3389 sccl

1886 3430 2312 3484 conﬂictationis
2334 3429 2691 3484 oﬂ‘ensioncm
2717 3427 3071 3496 accipientes,
3092 3441 3308 3481 omnem
3338 3442 3471 3480 con—

1888 3524 2187 3578 tentionem
2244 3521 2422 3593 proelii
2468 3522 2774 3577 remittunt.
2835 3519 3177 3575 Somnolenti
3225 3528 3376 3583 sunt,
3408 3535 3472 3572 ac

1889 3624 2175 3688 propterea
2226 3625 2494 3671 nocturna
2550 3615 2762 3682 {praelia
2818 3612 3254 3683 pertimescunt,
3308 3612 3473 3682 idque

1889 3707 2231 3775 potissinnun
2258 3706 2480 3775 quando
2516 3705 2748 3759 alienam
2784 3713 2986 3756 terram
3020 3703 3332 3758 incursant.
3363 3706 3466 3756 Ita-

1890 3814 1998 3868 que
2065 3799 2145 3852 τοι
2209 3799 2274 3850 ad
2322 3798 2527 3851 munita
2592 3797 2708 3849 loca
2761 3794 3073 3858 discedunt,
3101 3793 3300 3864 ibique
3359 3801 3472 3850 tota

1891 3896 2050 3940 nocte
2092 3885 2402 3938 custodiam
2457 3885 2687 3946 habent,
2726 3883 2804 3936 vel
2843 3890 3022 3937 castra
3073 3897 3170 3936 sua
3202 3889 3312 3936 tam
3338 3882 3470 3949 dili-

1891 3983 2080 4044 genter
2112 3975 2388 4039 muniunt,
2418 3983 2475 4027 ut
2506 3974 2791 4027 nocturnis
2844 3973 3086 4026 hostium
3145 3972 3473 4041 irruptioni-

1895 4067 1998 4120 bus
2032 4083 2136 4120 non
2174 4067 2582 4135 perturbentur.
2777 4123 2784 4132 ,

1967 4158 2087 4211 118.
2159 4156 2495 4222 Quadratam
2548 4164 2601 4210 et
2657 4155 2948 4224 oblongam
3012 4155 3185 4210 aciem
3260 4170 3477 4225 semper

1895 4249 2194 4313 instruunt,
2227 4263 2349 4316 qua:
2396 4247 2669 4300 tutissima
2702 4258 2784 4300 est
2842 4255 2893 4301 et
2945 4247 3008 4302 ad
3049 4247 3476 4318 oppugnandum

1891 4338 2207 4393 diliicillima
2233 4338 2286 4392 in
2320 4337 2561 4391 hostium
2596 4336 3024 4408 irruptionibus.

283 4521 407 4590 ριθ’.
441 4520 627 4590 Ταύτῃ
653 4519 707 4572 δὲ
735 4517 972 4588 χρῶνται
1011 4517 1103 4572 καὶ
1138 4519 1196 4570 ἐν
1237 4519 1355 4581 ταῖς
1387 4517 1663 4588 πορείαις,
1697 4517 1780 4570 καῖ

1956 4521 2076 4575 119.
2119 4518 2232 4574 llac
2260 4518 2432 4573 fortuna
2468 4528 2698 4573 utuntur
2726 4529 2838 4575 tum
2875 4521 2926 4574 in
2960 4522 3157 4575 itinere
3201 4522 3473 4588 faciendo,

206 4612 266 4664 ἐν
310 4613 431 4671 ταῖς
480 4610 768 4662 συστάσεσι
797 4609 895 4679 τῆς
941 4609 1153 4679 μάχης·
1182 4609 1257 4672 ὼς
1309 4611 1403 4662 ἐπὶ
1452 4611 1510 4662 τὸ
1557 4609 1690 4662 πολὺ
1735 4609 1791 4660 δὲ

222 4703 530 4771 Ῥωμαίους
550 4701 862 4770 μιμοῦνται,
898 4702 990 4755 καὶ
1005 4700 1146 4754 κατά
1173 4701 1239 4753 τὰ
1259 4700 1395 4754 ἄλλα
1416 4701 1794 4770 σχήματαξτῶν

209 4793 575 4862 παρατάξεων
607 4795 673 4861 τῇ
711 4791 882 4862 πείρα
897 4791 1003 4845 τῶν
1031 4791 1345 4862 προσϐολῶν
1400 4786 1512 4844 οἷον
1563 4793 1791 4858 ἐγγεγυ-

215 4883 519 4952 μνασμένοι
542 4923 556 4945 ,
601 4882 696 4935 καὶ
724 4879 785 4945 ἐξ
806 4875 881 4934 ὧν
912 4880 1112 4935 ἔπαθον
1144 4883 1294 4952 παρὰ
1335 4881 1620 4952 Ῥωμαίων
1663 4881 1794 4951 δρᾷν

211 4973 336 5026 κατ’
372 4972 550 5024 αὐτῶν
581 4970 1012 5040 ἐπιτηδεύοντες.

290 5062 396 5132 ρκ’.
462 5064 548 5117 Ἐν
594 5063 652 5115 δὲ
706 5065 824 5123 ταῖς
877 5061 1251 5131 παρατάξεσιν
1280 5062 1458 5115 αὐτῶν
1497 5062 1796 5132 εὐμήχανοι

217 5157 314 5209 καὶ
341 5154 606 5224 σταθεροὶ,
639 5154 770 5222 μηδὲ
803 5153 892 5207 διὰ
928 5153 1093 5223 τάχος
1126 5153 1430 5222 προσϐολῆς
1477 5153 1796 5221 πτοούμενοι

215 5246 346 5308 τοὺς
375 5245 792 5314 ἐπερχομένους,
827 5245 967 5315 μήτε
1009 5243 1098 5296 διὰ
1130 5243 1503 5314 προσποιητὴν
1532 5243 1798 5311 ἀναϐολὴν

217 5339 241 5388 ἐ
253 5337 541 5406 κλυόμενοι
550 5375 563 5389 .

292 5432 436 5494 ρκα’.
470 5425 838 5495 Προσμένουσι
865 5426 921 5478 δὲ
963 5431 1027 5496 τῇ
1061 5427 1362 5496 παρατάξει
1400 5427 1655 5495 φέροντες
1708 5428 1800 5478 καὶ

217 5517 317 5580 τὰς
345 5515 505 5585 βολὰς
553 5516 926 5586 μακροθύμως
963 5518 1099 5587 πρὸς·
1142 5519 1267 5580 τοὺς
1329 5517 1575 5586 θρασέως
1618 5518 1800 5580 αὐτοῖς

223 5609 645 5677 ἐπερχομένους,
678 5627 770 5662 και
818 5610 952 5663 ὅταν
984 5609 1073 5662 τὸν
1102 5611 1254 5664 τόνον
1296 5612 1608 5678 χαλάσαντα
1652 5609 1800 5663 ἴδωσι

222 5700 331 5750 τῶν
362 5697 784 5768 ἀντιπολεμίων,
831 5701 947 5754 τότε
985 5700 1366 5764 διαναστάντες
1418 5701 1649 5764 εὐτόνως
1697 5701 1799 5770 μά-

223 5808 434 5859 χονται.

1897 4608 2092 4663 tumin
2134 4608 2384 4662 manilius
2430 4608 2822 4669 conserendis,
2855 4617 2909 4661 et
2961 4623 3157 4677 magna
3210 4625 3272 4663 ex
3322 4624 3475 4681 parte

1895 4698 2173 4753 Romanos
2198 4698 2505 4762 imitantur,
2549 4708 2660 4751 tum
2693 4699 2746 4752 in
2773 4700 3001 4753 aliarum
3035 4715 3216 4754 rerum
3250 4701 3476 4756 bellica-

1896 4807 2016 4846 rum
2056 4790 2243 4845 I'ormis
2277 4807 2289 4842 :
2327 4803 2378 4844 et
2421 4791 2759 4859 experientia
2804 4791 3122 4861 prmliorum
3168 4795 3473 4861 exercitati,

1898 4884 2088 4938 iisdem
2133 4883 2314 4938 modis
2351 4898 2465 4937 nos
2501 4884 2783 4949 invadunt,
2813 4885 3016 4954 quibus
3049 4900 3077 4938 a
3113 4886 3273 4941 nobis
3315 4876 3474 4942 antea

1899 4973 2350 5044 proﬂigahantur.

1972 5067 2094 5121 120.
2146 5067 2203 5120 In
2266 5068 2491 5122 aciebus
2550 5070 2667 5120 suis
2723 5067 2862 5120 ﬁrmi
2921 5067 3254 5137 stahilesquc
3312 5069 3475 5124 facile

1898 5160 2229 5219 consistunt.
2266 5175 2437 5228 neque
2482 5175 2606 5212 cum
2644 5159 2925 5214 celeritate
2970 5161 3153 5215 hostes
3184 5161 3473 5227 invadunt,

1902 5267 2077 5319 neque
2122 5250 2278 5305 facile
2332 5251 2396 5304 ad
2453 5249 2836 5319 deponendum
2881 5253 3132 5321 proelium
3176 5252 3288 5323 jam
3326 5255 3474 5310 ince-

1904 5355 2051 5414 ptum
2082 5345 2494 5413 pertrahuntur.

1974 5435 2094 5487 1‘21.
2147 5435 2471 5490 Consislunt
2520 5434 2574 5488 in
2628 5435 2766 5498 acie,
2799 5445 2850 5489 et
2876 5435 3160 5504 perferunt
3208 5435 3471 5504 impetum

1905 5527 2144 5589 illorum,
2173 5527 2264 5596 qui
2321 5527 2374 5580 in
2420 5527 2544 5581 illos
2596 5529 2795 5583 acriter
2826 5527 3112 5592 invadunt,
3149 5527 3471 5596 moderate:

1908 5619 1997 5672 ubi
2041 5634 2167 5672 vero
2220 5619 2636 5688 relanguescere
2681 5619 2942 5690 impetum
2985 5593 3472 5684 IIOSIIUIH‘VIIICDI,

1908 5719 2019 5764 tum
2076 5710 2295 5764 excitati
2332 5709 2679 5766 vehementer
2732 5724 2793 5764 ac
2848 5717 3069 5767 strenue
3119 5707 3468 5778 proeliantur.
