4200 6440
731 401 841 465 975

729 599 788 652 in
845 601 1022 654 navali
1061 599 1268 654 faciunt
1310 614 1324 650 :
1371 609 1425 654 et
1458 607 1748 670 postquam
1802 597 2052 666 feriendo
2103 609 2155 654 et
2209 601 2316 654 tela

731 689 1077 758 conjicienda
1103 689 1291 744 hostes
1329 690 1582 744 exsatiati
1619 698 1768 746 sunt.
1797 690 1976 746 scutis
2018 691 2183 746 simul
2215 691 2314 744 ad-

731 781 979 835 densatis
1027 795 1090 834 ea
1123 782 1308 836 omnia
1351 797 1475 836 cum
1519 782 1816 845 sustinent,
1861 783 2046 837 statim
2071 783 2316 838 conferti

733 887 790 924 se
839 871 1124 941 colligunt,
1159 884 1214 928 et
1259 887 1453 928 manus
1480 889 1776 930 conserere
1827 876 2106 945 incipiunt
2141 895 2156 931 :
2189 891 2316 932 cmn

736 963 940 1028 quibus
975 965 1276 1034 prudenter
1321 981 1541 1036 semper
1585 981 1651 1021 ac
1703 968 2108 1038 circumspecte
2149 967 2319 1023 dimi-

733 1057 978 1112 candum
1004 1067 1111 1114 est.

797 1170 923 1224 125.
955 1170 1225 1225 Cautione
1277 1181 1333 1226 et
1398 1173 1793 1230 constitutione
1838 1175 2075 1244 quadam
2133 1189 2318 1230 rerum

733 1263 1056 1319 bellicarum
1093 1263 1250 1332 longe
1309 1265 1534 1320 meliore
1601 1279 1666 1320 ac
1733 1265 2054 1334 probatiore
2102 1269 2320 1323 caneris

736 1353 1058 1410 nationibus
1111 1363 1389 1422 utuntur,
1442 1358 1906 1426 quemadmodum
1957 1375 1984 1412 a
2045 1359 2320 1430 praefectis

737 1445 947 1500 nostris
995 1446 1062 1500 ad
1103 1446 1226 1501 illos
1265 1463 1409 1516 saepe
1458 1446 1855 1505 accedentibus
1893 1451 2323 1522 universumque

738 1553 920 1591 mrum
966 1547 1169 1593 statum
1211 1541 1607 1610 indagantibus
1681 1545 2040 1612 cognovimus
2069 1584 2084 1608 ,
2139 1555 2192 1598 et
2255 1561 2319 1600 ex

735 1626 971 1684 aliorum
1001 1629 1411 1686 narrationibus
1453 1631 1520 1686 ad
1560 1649 1662 1688 nos
1695 1634 1888 1694 delatis
1915 1636 2245 1701 audivimus,
2269 1643 2322 1690 et

736 1735 764 1770 υ
798 1726 991 1775 nostro
1027 1720 1374 1790 pientissimo
1407 1732 1581 1793 patre,
1626 1726 1718 1794 qui
1760 1742 2004 1797 persmpe
2028 1728 2320 1782 adversum

739 1807 867 1864 illos
903 1809 1152 1876 bellavit,
1195 1815 1533 1883 accepimus.

811 1921 935 1975 124.
967 1920 1161 1991 Frigus
1197 1923 1348 1982 illos.
1387 1932 1440 1978 et
1473 1925 1670 1992 hiems,
1709 1937 1762 1982 et
1795 1928 1962 2000 larga:
2003 1929 2201 2000 pluvia:
2227 1944 2322 1985 ve-

739 2023 874 2070 xant
911 2033 926 2070 :
962 2015 1146 2086 itaque
1187 2017 1256 2071 iis
1283 2018 1627 2089 temporibus
1677 2021 1860 2092 potius
1909 2039 2072 2092 quam
2107 2023 2324 2080 serenis

742 2108 1026 2167 adoriendi
1077 2119 1228 2174 sunt,
1259 2111 1388 2181 quia
1447 2127 1610 2170 arcus
1663 2113 1882 2170 illorum
1933 2125 2157 2186 propter
2187 2118 2319 2172 caali

739 2201 1122 2256 lmmiditatem
1177 2203 1418 2273 languidi
1462 2214 1611 2270 sunt,
1660 2216 1714 2262 ct
1763 2209 2087 2264 universum
2119 2224 2326 2279 corpus

740 2293 900 2362 quasi
925 2293 1164 2348 effmtum
1213 2293 1558 2351 debilitatur.
1611 2297 1892 2367 Ejusmodi
1937 2300 2084 2355 enim
2117 2309 2328 2372 tempo-

742 2387 897 2442 ribus
927 2383 1248 2442 aRomanis
1298 2390 1440 2458 rapti
1483 2390 1899 2449 incursionibus
1936 2401 1989 2449 ct
2016 2395 2330 2464 populatio-

741 2479 930 2544 nibus,
958 2489 1122 2552 atque
1151 2480 1420 2537 interfecti
1445 2492 1598 2538 sunt.

816 2733 942 2789 125.
972 2733 1196 2790 Serenis
1227 2735 1392 2805 igitur
1425 2737 1896 2811 calidioribusque
1953 2745 2080 2798 anni
2119 2754 2332 2817 tempo-

743 2826 902 2881 ribus
928 2825 1189 2882 obleetati
1231 2828 1286 2882 in
1316 2845 1483 2884 unum
1518 2833 1877 2899 conveniunt,
1911 2850 1976 2890 ac
1999 2845 2192 2894 testate
2231 2856 2332 2909 po-

745 2916 1046 2983 tissimum,
1073 2927 1128 2972 et
1153 2919 1208 2973 in
1236 2919 1413 2975 Tarso
1436 2921 1641 2978 Cilicia!
1667 2923 1890 2979 civitate
1912 2941 2036 2981 cum
2061 2928 2334 3000 indigenis

743 3023 936 3077 pacem
969 3009 1181 3066 faciunt
1233 3030 1247 3067 :
1297 3001 1528 3082 reliquis
1573 3016 1916 3084 temporibus
1955 3035 2018 3072 ex
2051 3019 2245 3088 Tarso,
2281 3029 2334 3078 et

743 3100 980 3164 Adanis,
1015 3113 1069 3155 et
1097 3102 1219 3157 aliis
1247 3105 1460 3160 Cilicia:
1497 3107 1818 3164 civitatibus
1847 3109 1898 3164 in
1939 3109 2217 3170 Romanos
2251 3114 2336 3167 in-

747 3192 1038 3248 cursiones
1069 3191 1299 3250 faciunt.

821 3381 948 3438 l26.
987 3381 1128 3438 Tum
1161 3385 1328 3455 igitur
1349 3386 1636 3444 adoriendi
1667 3399 1798 3445 sunt
1839 3390 2129 3460 hiemeque
2162 3394 2334 3462 potis-

747 3473 972 3540 simum,
1003 3476 1225 3544 quando
1261 3477 1328 3532 ad
1357 3481 1593 3547 praedam
1619 3491 1840 3538 exeunt.
1867 3481 1982 3538 Hoc
2008 3485 2118 3548 fiet,
2161 3485 2204 3539 si
2236 3501 2334 3538 co-

743 3567 852 3636 pia:
885 3575 1090 3623 nostra:
1122 3569 1343 3624 occulto
1379 3571 1564 3641 aliquo
1595 3573 1793 3628 inloco
1821 3591 1989 3647 prope
2014 3577 2154 3629 clam
2199 3592 2336 3646 per-

744 3669 1029 3726 maneant,
1064 3670 1120 3714 ct
1149 3677 1428 3732 egressum
1460 3664 1525 3717 ad
1556 3665 1943 3734 praedatione-iu
1983 3667 2328 3723 animadver-

748 3761 867 3805 tant
895 3767 910 3803 :
939 3752 1020 3808 sic
1052 3754 1197 3808 enim
1225 3757 1517 3811 vastabunt
1554 3772 1668 3820 cos,
1695 3759 1780 3814 vel
1805 3759 1965 3813 etiam
1995 3775 2190 3828 magno
2209 3776 2334 3815 cum

747 3859 1002 3908 numero,
1037 3854 1091 3899 et
1123 3847 1321 3903 bellico
1355 3859 1622 3920 apparatu
1657 3851 1939 3918 instructi,
1973 3853 2101 3907 illos
2131 3855 2331 3910 iterum

754 3936 1154 3993 convenientes
1185 3939 1524 3994 adoriantur.

824 4122 948 4178 127.
982 4123 1355 4180 Periculosum
1396 4127 1540 4182 enim
1567 4135 1674 4192 est,
1703 4129 2175 4198 quemadmodum
2209 4141 2338 4184 ante

746 4231 776 4270 a
812 4231 897 4270 me
921 4225 1409 4270 commemoratum
1443 4228 1546 4283 est,
1579 4219 1799 4288 publico
1851 4219 1904 4274 in
1952 4221 2147 4288 prmlio
2188 4221 2334 4290 peri-

747 4307 951 4372 clitari,
988 4323 1304 4376 quanquam
1334 4309 1627 4364 admodum
1655 4311 1946 4367 vidcantur
1987 4313 2174 4368 hostes
2205 4329 2336 4370 suos

747 4399 1060 4468 superaturi
1091 4416 1104 4454 :
1137 4398 1368 4454 fortuna:
1393 4402 1539 4454 enim
1575 4403 1755 4457 exitus
1784 4403 2050 4458 incvrtus.
2141 4425 2146 4433 ·

821 4511 944 4567 19.8.
973 4511 1320 4567 Conveniunt
1351 4515 1418 4568 ad
1451 4515 1648 4570 bellant
1687 4531 1792 4570 non
1821 4518 2094 4582 arcessiti,
2129 4528 2222 4572 aut
2249 4519 2339 4572 de-

2005 397 2286 462 LEONIS
2315 399 2780 462 PHILOSOPHI

802 508 928 562 122.
960 507 1076 564 line
1103 524 1210 562 non
1241 508 1402 564 modo
1428 509 1482 564 in
1505 507 1744 579 pedestri
1775 508 1994 580 prmlio,
2025 511 2118 565 sed
2149 511 2312 564 etiam
2343 521 2394 580 Α

3907 398 4032 466 976

2493 511 2630 582 φιβ’.
2667 509 2839 564 Τοῦτο
2877 508 2936 562 δὲ
2983 507 3197 562 ποιοῦσι
3247 505 3310 561 οὐ
3343 504 3506 579 μόνον
3553 507 3612 560 ἐν
3665 505 4026 578 πεζομαχίᾳ,

2422 603 2556 658 ἀλλά
2583 603 2676 655 καὶ
2709 603 2768 654 ἐν
2791 604 2916 664 ταῖς
2945 599 3089 652 κατά
3122 599 3400 653 θάλασσαν
3435 600 3640 670 μάχαις
3664 639 3679 664 ,
3724 601 3791 653 ἐκ
3832 599 4036 670 χειρὸς

2421 695 2532 750 ἀπὸ
2561 696 2672 748 τῶν
2701 695 2902 749 πλοίων
2938 693 3260 765 μαχόμενοι,
3297 693 3392 747 καὶ
3419 694 3558 760 μετά
3595 694 3699 763 τὴν
3739 693 3854 748 τῶν
3871 693 4036 766 ,βαλ-

2421 786 2666 859 λομένων
2694 787 2817 842 κατ’
2845 786 3028 840 αὐτῶν
3056 785 3471 856 ἀποπλήρωσιν,
3493 785 3563 839 τὰ
3603 785 3884 840 σύσκουτα
3915 787 3972 854 (7
3977 786 4038 852 7)

2423 877 2706 942 ποιοῦντες
2745 875 3076 948 καρτεροῦσι
3109 876 3415 946 δεχόμενοι,
3455 875 3662 939 εὐθέως
3701 876 4036 930 ἀνίστανται

2421 971 2628 1042 ἀθρόοι,
2661 972 2756 1025 καὶ
2783 973 2848 1024 ἐκ
2875 969 3057 1039 χειρὸς
3089 969 3190 1039 τῆς
3233 969 3414 1040 μάχης
3449 969 3825 1040 ἀπάρχονται,
3885 969 4036 1039 πρδς

2421 1065 2517 1129 οὓς
2565 1063 2891 1136 εὐμηχάνως
2944 1063 3032 1116 δεῖ
3087 1061 3452 1135 προσϐάλλειν
3483 1061 3593 1114 ἀεί.

2495 1176 2639 1248 ρκγ⁹.
2674 1179 2927 1248 Χρῶνται
2956 1177 3014 1230 δὲ
3053 1176 3309 1248 εὐϐουλία
3359 1176 3452 1230 καὶ
3497 1174 3835 1230 καταστάσει
3889 1172 4036 1244 πρὸς

2428 1271 2525 1335 τὰς
2565 1269 2870 1340 πολεμικὰς
2909 1270 3170 1339 μεθόδους
3197 1269 3307 1324 τῶν
3337 1269 3516 1323 ἄλλων
3553 1268 3816 1322 ἁπάντων
3853 1267 4034 1320 ἐθνῶν

2422 1363 2812 1436 δοκιμώτερον,
2839 1363 2914 1426 ὡς
2944 1362 3096 1434 παρά
3128 1379 3188 1416 τε
3215 1361 3326 1415 τῶν
3379 1361 3818 1432 ὑποστρατήγων
3867 1358 4034 1429 ἡμῶν

2423 1455 2684 1519 πολλάκις
2746 1455 2930 1517 αὐτοῖς
2977 1453 3396 1525 προσϐαλόντων
3441 1455 3842 1525 ἐρευνήσαντες
3925 1453 4034 1504 ἀν-

2424 1565 2450 1599 ε
2458 1547 2724 1618 μάοομεν,
2751 1547 2844 1600 καὶ
2857 1546 2921 1616 δὴ
2952 1547 3048 1600 καὶ
3069 1548 3134 1600 ἐκ
3154 1545 3261 1599 τῶν
3291 1543 3690 1614 ἀνενεχθέντων
3705 1543 4024 1614 διηγήσεων

2425 1643 2536 1702 τοῖς
2565 1639 2673 1710 πρὸ
2721 1638 2881 1708 ἡμῶν
2923 1635 3236 1708 βασιλεῦσιν
3275 1636 3615 1706 ἀνέγνωμεν,
3659 1633 3754 1690 καὶ
3789 1633 4031 1704 μάλιστα

2428 1730 2579 1798 παρά
2607 1728 2702 1784 τοῦ
2728 1725 3001 1798 ἡμετέρου
3029 1727 3311 1781 θειοτάτου
3359 1727 3569 1797 πατρὸς
3595 1724 3861 1787 πολλάκις
3905 1725 4032 1776 κατ’

2426 1820 2606 1874 αὐτῶν
2661 1817 3160 1888 ἐκστρατεύσαντος
3207 1819 3546 1889 ἀκηκόαμεν.

2505 1929 2637 2004 ρκδ’.
2671 1931 2846 1984 Δυπεί
2881 1929 2938 1983 δὲ
2979 1929 3136 1983 τοῦτο
3168 1930 3230 1982 τὸ
3255 1929 3408 1992 ἔθνος
3444 1927 3628 1998 ψύξις,
3665 1928 3764 1984 καὶ
3793 1928 4030 1999 χειμὼν,

2431 2025 2524 2077 καὶ
2550 2021 2724 2078 ὑετῶν
2754 2022 3030 2094 ἐπιφοραί·
3059 2023 3142 2076 διὸ
3173 2023 3267 2078 καὶ
3293 2025 3350 2076 ἐν
3381 2021 3644 2086 τοιούτοις
3671 2025 3896 2092 καιροῖς
3917 2019 4030 2092 χρὴ

2431 2115 2532 2179 τὰς
2586 2115 2711 2170 κατ’
2740 2114 2922 2168 αὐτῶν
2961 2113 3286 2184 συμπλοκὰς
3345 2112 3622 2167 ποιεῖσθαι
3655 2111 3862 2182 μᾶλλον
3901 2112 3936 2181 ἢ
3969 2111 4034 2164 ἐν

2430 2208 2650 2271 εὐδίαις.
2689 2207 2800 2262 Καὶ
2831 2207 2940 2278 γὰρ
2967 2207 3063 2260 καὶ
3093 2205 3163 2260 τὰ
3201 2205 3332 2270 τόξα
3361 2205 3545 2259 αὐτῶν
3575 2203 3782 2274 ἀσθενῆ
3813 2203 3904 2257 διὰ
3927 2203 4032 2272 τὴν

2432 2301 2726 2372 ὑγρότητα.
2755 2302 2852 2356 καὶ
2893 2300 2953 2354 τὸ
2974 2299 3096 2354 ὅλον
3148 2299 3244 2352 τοῦ
3275 2297 3530 2369 σώματος
3580 2297 3768 2352 αὐτῶν
3820 2295 4034 2367 νωθρὸν

2432 2393 2518 2446 διά
2550 2392 2609 2446 τὸ
2641 2391 2814 2462 ψύχος
2859 2390 3239 2462 εὑρεθήσεται.
3301 2389 3570 2453 Πολλάκις
3623 2388 3736 2458 γὰρ
3797 2390 3858 2441 ἐν
3907 2389 4034 2449 rei;

2434 2483 2576 2538 κατᾶ
2623 2483 2752 2546 τοὺς
2793 2480 3072 2544 τοιούτους
3113 2479 3341 2551 καιροὺς
3394 2479 3774 2548 καταδρομαῖς
3849 2476 4034 2532 αὐτῶν

2433 2575 2528 2628 καὶ
2553 2574 2832 2648 λῃστείαις
2863 2570 3305 2642 καταληφθέντες
3333 2570 3439 2626 ὐπὸ
3476 2569 3771 2641 Ῥωμαίων
3805 2567 4034 2638 διεφθά-

2437 2684 2504 2740 ρη
2513 2681 2634 2720 σαν.

2505 2755 2642 2826 ρκέ.
2681 2755 2982 2826 Χαίροντες
3009 2749 3104 2808 οῦν
3149 2755 3270 2819 ταῖς
3299 2753 3506 2816 εὐδίαις
3545 2751 3638 2804 καὶ
3677 2753 3802 2813 ταῖς
3829 2751 4034 2819 θερμο-

2433 2848 2622 2918 τέραις
2652 2847 2827 2916 ὥραις
2855 2847 2978 2900 τότε
3015 2843 3390 2912 συλλέγονται,
3423 2844 3519 2898 καὶ
3549 2843 3788 2914 μάλιστα
3813 2841 4034 2912 θέρους.

2434 2941 2528 2994 καὶ
2581 2939 2722 2996 κατὰ
2769 2939 2870 3011 τὴν
2922 2937 3137 3008 Ταρσὸν
3167 2938 3268 3008 τῆς
3302 2935 3558 3000 Κιλικίας
3593 2937 3704 2997 τοῖς
3739 2935 4036 3004 ἐγχωρίοις

2435 3033 2717 3101 ἐνούμενοι
2745 3033 2846 3100 τὴν
2871 3030 3230 3100 ἐκστρατείαν
3259 3028 3561 3090 ποιοῦνται,
3589 3027 3716 3090 τοὺς
3751 3027 3810 3080 δὲ
3837 3026 4034 3088 ἄλλους

2439 3125 2665 3196 καιροὺς
2699 3123 2852 3192 μόνοι
2879 3125 2944 3176 ἐκ
2969 3119 3184 3190 Ταρσοῦ
3211 3119 3309 3174 καὶ
3331 3117 3571 3173 ’Δδανῶν
3595 3117 3698 3171 καὶ
3715 3115 3832 3170 τῶν
3855 3115 4034 3170 ἄλλων

2361 3233 2403 3288 C
2435 3215 2536 3284 τῆς
2571 3215 2822 3276 Κιλικίας
2841 3213 3199 3283 πολισμάτων
3219 3209 3318 3275 τὰς
3335 3211 3478 3264 κατά
3505 3207 3802 3279 Ῥωμαίων
3823 3205 4036 3262 ποιοῦν-

2387 3379 2390 3384 _
2435 3326 2525 3362 ται
2557 3306 2932 3376 καταδρομάς.

2509 3403 2658 3466 ρκς⁹.
2701 3395 2822 3467 Χρὴ
2852 3395 2946 3448 οὖν
2979 3394 3161 3456 αὐτοῖς
3212 3393 3339 3447 τότε
3368 3391 3734 3462 προσϐάλλειν
3754 3433 3770 3457 ,
3801 3391 3899 3444 καὶ
3927 3389 4036 3460 μά-

2435 3491 2594 3544 λιστα
2641 3489 2782 3544 κατά
2824 3489 2915 3542 τὸν
2946 3487 3192 3558 χειμῶνα
3226 3487 3320 3540 ἐπὶ
3353 3485 3588 3556 πραῖδαν
3627 3483 4036 3554 ἐξερχομένοις.

2439 3580 2610 3634 Τοῦτο
2650 3581 2706 3635 δέ
2731 3579 3046 3649 γενήσεται,
3081 3576 3177 3631 ἐὰν
3207 3575 3277 3630 τὰ
3306 3575 3701 3648 στρατεύματα
3751 3575 4038 3645 παραμεί-

2438 3673 2605 3729 ναντά
2629 3691 2732 3726 που
2762 3671 2991 3742 πλησίον
3015 3667 3382 3738 ἀσυμφανῶς,
3413 3667 3508 3721 καὶ
3523 3665 3622 3736 τὴν
3645 3664 3830 3730 ἔξοδον
3853 3663 4037 3719 αὐτῶν

2439 3765 2909 3832 ἐπισκοπήσαντα,
2933 3761 3030 3831 τὴν
3055 3758 3173 3812 κατ’
3193 3759 3373 3811 αὐτῶν
3406 3756 3714 3828 προσῦολὴν
3749 3757 3882 3822 ποιή
3893 3772 4036 3807 σων-

2437 3867 2546 3905 ται·
2579 3848 2750 3914 οὕτως
2783 3849 2892 3918 γὰρ
2923 3845 3330 3916 διαφθείρουσιν
3379 3845 3600 3909 αὐτοὺς,
3633 3845 3668 3914 ἢ
3717 3845 3855 3898 ὅταν
3899 3841 4036 3912 ὁμοῦ

2441 3942 2644 4005 πάντες
2694 3939 3023 3994 συνέλθωσιν
3069 3940 3128 3994 ἐν
3174 3935 3522 4007 πολυπληθῑᾳ
3563 3935 3658 3990 καὶ
3695 3935 4036 3988 καταστάσει

2441 4035 2680 4103 πολέμου
2712 4034 2808 4100 ὲξη
2819 4031 3117 4102 ρτισμὲνοι.

2513 4122 2653 4194 ρκζκ
2695 4122 2974 4192 Σφαλερδν
3001 4121 3132 4191 γάρ,
3164 4121 3241 4184 ὡς
3292 4119 3555 4183 πολλάκις
3607 4121 3743 4188 ἡμῖν
3797 4121 4038 4190 εἴρηται,

2437 4215 2500 4268 τὸ
2525 4215 2660 4286 πρὸς
2683 4214 2941 4284 δημόσιον
2973 4213 3210 4281 πόλεμον
3235 4211 3681 4266 ἀποκινδυνεύειν
3706 4211 3888 4278 τινὰς,
3935 4212 4040 4266 κᾶν

2439 4308 2581 4361 πάνυ
2608 4306 2805 4360 δοκῶσι
2836 4304 2944 4358 τῶν
2970 4304 3171 4376 χειρῶν
3199 4305 3314 4374 (78)
3342 4301 3688 4375 περιττεύειν
3709 4301 3793 4372 τῷ
3813 4302 4035 4374 πλήθει·

2439 4395 2500 4449 τὸ
2530 4395 2639 4465 γὰρ
2663 4395 2761 4466 τῆς
2789 4395 2960 4466 τύχης
2993 4395 3246 4466 ἀόρατον.

2519 4508 2660 4582 ρκη¹.
2701 4511 3034 4574 Συνάγονται
3081 4509 3140 4562 δὲ
3184 4509 3308 4579 οὐχὶ
3329 4509 3438 4562 ἀπὸ
3471 4509 3840 4578 καταγραφῆς
3873 4527 4040 4582 στρα-

747 4605 1146 4674 seriptionibus
1195 4607 1482 4672 assignati,
1523 4609 1618 4664 sed
1659 4609 1725 4663 ad
1778 4610 1978 4664 bellum
2024 4611 2330 4665 voluntarie

2439 4603 2724 4674 τευόμενοι
2748 4639 2762 4662 .
2795 4601 2911 4654 ἀλλ’
2939 4600 3173 4664 ἕκαστος
3207 4599 3404 4671 γνώμῃ
3435 4599 3666 4671 ἑκουσίᾳ
3709 4601 4042 4670 συντρέχον-

747 4694 1033 4749 confluunt
1063 4711 1256 4752 omnes
1293 4716 1305 4751 :
1335 4697 1557 4763 divites,
1594 4709 1652 4752 ut
1690 4715 1788 4766 pro
1819 4717 1918 4754 sua
1952 4701 2197 4770 ipsorum
2233 4717 2330 4770 pa-

747 4789 851 4842 tria
907 4789 1166 4844 conducti
1211 4790 1516 4845 moriantur
1570 4809 1585 4846 :
1637 4808 1927 4862 pauperes,
1985 4803 2045 4846 ut
2086 4794 2331 4864 aliquam

748 4881 946 4950 praedae
975 4891 1186 4952 partem
1220 4882 1524 4938 lucrentur.
1561 4883 1726 4938 Arma
1759 4883 1870 4940 illis
1897 4883 2170 4953 indigena:
2202 4899 2334 4952 sup.

746 4975 1005 5044 peditant
1035 4993 1050 5040 ;
1077 4983 1132 5031 et
1168 4977 1384 5032 feminae
1413 4977 1757 5047 potissimum
1785 4979 1998 5046 virique
2033 4979 2136 5033 boc
2175 4977 2335 5032 modo

753 5069 1049 5140 participes
1085 5069 1160 5123 rei
1195 5069 1398 5125 bellicae
1451 5080 1604 5132 sunt,
1647 5069 1829 5139 magni
1872 5069 2034 5124 ollicii
2085 5071 2202 5124 loco
2235 5084 2336 5140 po-

673 5233 678 5236 _
755 5171 968 5222 nentes,
1002 5175 1218 5215 armare
1247 5177 1342 5218 eos
1367 5163 1458 5230 qui
1496 5169 1724 5232 propter
1757 5161 2186 5216 imbeeillitatem
2217 5175 2342 5216 cor-

757 5252 911 5320 poris
942 5268 1154 5309 armare
1185 5270 1243 5310 se
1283 5254 1434 5322 ipsos
1465 5269 1574 5308 non
1613 5262 1867 5322 possunt.
1901 5253 2079 5322 Atque
2109 5251 2228 5306 haec
2273 5252 2342 5305 de

761 5345 1074 5410 Saracenis,
1106 5347 1197 5414 qui
1238 5347 1458 5402 barbari
1505 5345 1861 5416 inlidelesque
1905 5353 2055 5407 sunt,
2108 5359 2138 5396 a
2181 5343 2343 5399 nobis

762 5439 910 5493 dicta
941 5447 1128 5494 sunto.

2441 4716 2534 4761 τες
2569 4696 2842 4760 πανοικεὶ,
2874 4694 3121 4748 πλούσιοι
3151 4693 3252 4764 μὲν
3273 4734 3292 4760 ,
3323 4691 3464 4747 ὥστε
3497 4692 3640 4762 ὑπὲρ
3677 4691 3810 4760 ξδίςου
3849 4693 4042 4756 ἔθνους

2446 4790 2625 4860 μισθῷ
2669 4787 2986 4851 ἀποθανεῖν,
3015 4786 3246 4856 πένητες
3297 4785 3378 4851 δὲ,
3405 4786 3494 4840 ἵνα
3540 4802 3593 4838 τι
3643 4785 3744 4853 τῆς
3801 4785 4041 4854 πραίδσς

2445 4884 2804 4956 κερδήσωσιν.
2822 4880 2984 4934 ’Δλλά
3012 4881 3108 4934 καὶ
3130 4879 3270 4933 ὅπλα
3301 4879 3486 4942 αὐτοῖς
3517 4878 3868 4947 ωμφυλέται
3899 4897 3935 4947 χ
3945 4895 4040 4949 ορ·

2445 4977 2662 5048 ηγοῦσι,
2722 4975 2817 5028 καὶ
2860 4975 3117 5040 γυναῖκες
3169 4971 3407 5040 μάλιστα
3456 4971 3550 5024 καὶ
3597 4971 3814 5041 ἄνδρες.
3847 4969 4040 5040 ὥσπερ

2441 5069 2532 5122 διὰ
2556 5067 2747 5122 τούτου
2775 5063 3163 5126 κοινωνοῦντες
3185 5064 3373 5126 αὐτοῖς
3399 5062 3500 5132 τῆς
3529 5063 3921 5133 ἐκστρατείας,
3947 5059 4042 5114 καὶ

2447 5156 2990 5230 μισθὸνήγούμενοι
3037 5155 3100 5208 τὸ
3157 5153 3488 5210 καθοπλίσαι
3541 5155 3927 5223 στρατιώτας,
3991 5154 4040 5204 οἱ

2441 5249 2763 5317 ὁπλισθῆναι
2784 5247 2854 5300 δι’
2882 5245 3170 5300 ἀσθένειαν
3199 5244 3449 5314 σώματος
3471 5245 3546 5314 μὴ
3579 5245 3896 5313 δυνάμενοι.
3925 5245 4036 5298 tui.

2444 5343 2615 5398 ταῦτα
2667 5341 2768 5411 μὲν
2810 5339 3140 5411 Σαρακηνοὶ,
3171 5336 3324 5400 ἔθνος
3387 5336 3664 5409 βάρϐαρξν
3689 5337 3802 5407 (79l
3837 5355 3898 5391 τε
3949 5337 4040 5392 καὶ

2445 5436 2698 5488 ἄπιστον.

2298 5529 2531 5586 NOTAE.

845 5623 956 5691 (77)
993 5623 1067 5678 Τὰ
1101 5627 1438 5680 σύσκουτα.
1475 5625 1854 5688 Scribebatur,
1895 5627 1930 5680 ἃ
1961 5625 2224 5679 συσούτα.
2255 5621 2348 5680 Sic

1527 5698 1587 5752 I5
1623 5717 1636 5750 :
1669 5699 1732 5750 Ui
1791 5696 2020 5748 ἐναντίοι
2077 5697 2347 5749 σύσκουτα

769 5697 912 5750 intra
947 5695 1244 5750 Constitut.
1295 5714 1384 5750 λιν
1411 5739 1425 5760 ,
1461 5695 1488 5764 §

775 5767 1102 5835 ποιήσαντες
1124 5808 1138 5830 ,
1181 5767 1276 5822 καὶ
1304 5767 1402 5830 τὰς
1434 5767 1594 5835 βολὰς
1621 5767 1868 5820 ὁπωσοῦν
1895 5767 2200 5836 δεξάμενοι.
2223 5765 2343 5819 Jam

775 5839 1082 5892 σύσκουτον
1115 5847 1232 5904 est,
1273 5849 1558 5896 scutorum
1591 5839 1968 5904 condensatio,
2011 5855 2130 5906 qua:
2163 5838 2357 5892 Scuta-

2457 5625 2528 5679 u'o
2561 5623 2766 5679 dicitur
2789 5625 3078 5680 Ammiano

2527 5695 2638 5760 (78)
2675 5695 2796 5748 Τῶν
2821 5693 3052 5763 χειρῶν.
3088 5691 3302 5763 Scribe.
3335 5687 3710 5763 uivﬁxﬂpaby.

2530 5759 2643 5838 (79)
2675 5759 3006 5836 Βάρὲὶιρον.
3042 5761 3420 5830 Scribebatur,
3453 5759 3832 5830 βαράρδαρον,
