4200 6440
225 421 340 487 977

223 626 431 690 δεύειν,
463 627 560 680 καὶ
593 627 860 696 εὐψύχους
885 630 951 697 τῇ
990 630 1308 700 προαιρέσει
1349 631 1441 683 καὶ
1479 631 1818 702 στρατιώτας

226 719 328 771 καὶ
376 720 502 782 τοὺς
561 719 716 774 οὐπω
773 723 1282 792 στρατευσαμένους
1334 725 1817 793 συνεκστρατεύειν

225 811 378 864 κατὰ
405 811 514 863 τῶν
543 811 1006 883 βλασφημούντων
1035 816 1127 868 τὸν
1172 816 1391 869 πάντων
1426 816 1647 886 βασιλέα
1681 819 1816 887 Χρι-

225 905 361 956 στὸν
386 905 477 958 τὸν
502 905 634 958 Θεὸν
678 907 855 975 ἡμῶν.
910 908 1003 960 καὶ
1028 909 1095 961 δι’
1125 908 1380 961 ἁπάντων
1419 908 1818 979 ἐνδυναμοῦντα

223 998 358 1058 τοὺς
383 996 523 1067 ὑπὲρ
548 993 714 1051 αὐτοῦ
741 1001 1202 1069 στρατευομένους
1226 1001 1368 1054 κατά
1394 1001 1502 1053 τῶν
1530 999 1698 1053 ἐθνῶν
1722 999 1820 1052 καὶ

222 1088 440 1152 ὅπλοις,
471 1091 562 1142 καὶ
591 1091 806 1160 δώροις,
833 1094 926 1144 καὶ
953 1094 1072 1155 ταῖς
1096 1093 1585 1163 προπεμπτηρίαις
1608 1093 1821 1162 εὐχαῖς,

224 1179 370 1232 ἀλλὰ
400 1181 494 1233 καὶ
523 1181 683 1234 πλέον
712 1200 765 1234 τι
799 1183 1006 1236 τούτων
1047 1185 1310 1254 πράττειν
1330 1225 1344 1249 ,
1381 1186 1442 1237 τὸ
1471 1184 1564 1237 καί
1593 1201 1652 1236 τε
1693 1185 1819 1246 τοὺς

225 1273 416 1335 οῖκους
448 1273 558 1325 τῶν
588 1275 685 1326 σὺν
725 1275 1004 1346 προθυμίᾳ
1066 1277 1161 1330 καὶ
1189 1277 1412 1348 ἀνδρείᾳ
1456 1275 1819 1346 στρατευομέ-

226 1381 343 1418 νων
370 1366 831 1434 φιλοφρονεῖσθαι,
858 1368 952 1420 καὶ
975 1367 1093 1421 εῖτι
1117 1369 1294 1421 ἐνδέον
1325 1371 1438 1431 τοῖς
1471 1367 1818 1437 στρατεύμα-

228 1475 342 1524 σιν,
375 1459 408 1528 ἦ
442 1460 619 1524 ἵπποι,
654 1459 685 1529 ἢ
723 1460 1073 1530 ἀναλώματα,
1110 1463 1143 1532 ἢ
1180 1461 1494 1524 πανοπλίαι,
1530 1459 1818 1513 καὶταῦτα

227 1553 488 1620 χορηγεῖν
520 1550 605 1604 διὰ
637 1552 919 1616 κοινωνίας
948 1554 1040 1606 καὶ
1075 1555 1511 1626 συγκροτήσεως.

305 1740 405 1810 ρλ⁹.
449 1741 508 1794 El
542 1741 650 1812 γάρ
699 1743 840 1796 οὕτω
889 1746 1134 1814 γένηται,
1166 1749 1384 1812 πάντως
1433 1749 1820 1802 πολυπλασίων

228 1832 496 1901 ὑπάρχων
524 1835 552 1886 ὁ
578 1832 688 1885 τῶν
721 1835 1008 1902 Ῥωμαίων
1036 1839 1283 1905 στρατὸς,
1308 1840 1399 1890 καὶ
1429 1839 1609 1900 καλῶς
1643 1858 1700 1893 τε
1726 1841 1821 1893 καὶ

225 1924 309 1986 ὡς
331 1926 610 1993 προσῆκεν
633 1926 1101 1997 καθωπλισμένος,
1123 1930 1216 1983 καὶ
1232 1931 1465 2000 μάλιστα
1488 1931 1674 1984 ὁπόσοι
1699 1930 1818 1984 ἐπί-

227 2016 415 2070 λεκτοι
443 2017 512 2070 δι’
534 2017 788 2088 ἀνδρείαν
818 2021 913 2072 καὶ
943 2023 1300 2091 γενναιότητα
1331 2025 1679 2093 τυγχάνουσι,
1713 2043 1819 2094 μη-

226 2108 323 2161 δὲν
353 2109 463 2162 τῶν
508 2109 737 2163 δεόντων
769 2114 826 2164 ἐν
856 2111 1005 2181 αὐτῷ
1037 2114 1458 2185 ὑστερούμενοι,
1493 2118 1690 2187 ῥᾳδίως
1721 2118 1820 2170 σὺν

224 2201 352 2270 Θεῷ
381 2203 481 2271 τὴν
509 2203 651 2257 κατὰ
687 2202 796 2256 τῶν
836 2203 1129 2277 βαρϐάρων
1162 2208 1496 2277 Σαρακηνῶν
1527 2209 1819 2280 ἀναδήσον-

223 2310 320 2344 ται
345 2293 458 2362 (80)
486 2294 662 2362 νίκην.

311 2384 447 2454 ρλα’.
488 2386 553 2440 Εἰ
587 2387 689 2458 γάρ
715 2392 780 2459 τῇ
806 2408 865 2442 τε
886 2391 1095 2445 ὁπλίσει
1130 2394 1224 2446 καὶ
1263 2393 1497 2462 μάλιστα
1523 2393 1700 2457 τόξοις
1725 2394 1819 2447 καὶ

228 2476 416 2545 βέλεσι
450 2478 740 2544 πλείστοις,
771 2482 865 2535 καὶ
897 2483 961 2550 δὴ
993 2485 1088 2536 καὶ
1137 2486 1214 2553 τῷ
1263 2486 1460 2553 πλήθει
1491 2486 1587 2538 καὶ
1620 2489 1687 2556 τῇ
1723 2489 1819 2540 ἀνο

225 2568 389 2640 δρείᾳ
421 2572 512 2623 καὶ
536 2575 644 2632 τοῖ;
676 2576 1014 2642 προσήκουσι
1047 2579 1469 2646 στρατηγήμασί
1501 2596 1557 2630 τε
1590 2581 1682 2630 καὶ
1711 2597 1818 2648 μη-

227 2659 513 2728 χανήμασι
560 2661 1049 2732 πλεονεκτήσομεν,
1085 2663 1345 2732 Ῥωμαῖοι
1397 2664 1630 2731 μάλιστα
1680 2665 1822 2718 κατὰ

229 2751 531 2822 βαρϐάρων
553 2795 566 2818 ,
606 2754 700 2806 καὶ
732 2753 830 2823 τὴν
868 2754 1016 2809 θείαν
1044 2756 1138 2808 ἐπὶ
1177 2759 1344 2810 πᾶσιν
1371 2742 1567 2826 ¹ἕξομεν
1599 2774 1820 2825 συμμα-

228 2842 394 2912 χίαν,
425 2845 520 2898 καὶ
556 2844 795 2909 εὐκόλως
836 2845 937 2917 τὴν
984 2847 1107 2902 κατ’
1141 2848 1364 2902 ἐκείνων
1399 2845 1821 2920 κατορθώσομεν

227 2937 418 3005 νίκην.

306 3033 438 3104 ρλβ’.
456 3035 626 3089 Τοῦτο
651 3039 760 3108 γάρ
785 3039 843 3091 τὸ
859 3038 1007 3102 ἔθνος
1032 3040 1120 3094 διὰ
1141 3040 1262 3110 τὴν,
1295 3041 1369 3104 ὡς
1400 3041 1574 3106 είκδςτ,
1603 3043 1822 3107 ἐλπιζο-

231 3128 408 3195 μένην
439 3129 705 3198 πραῖδαν,
738 3131 833 3182 καὶ
861 3131 923 3183 τὸ
971 3133 1044 3200 μὴ
1088 3133 1372 3200 φοϐεῖσθαι
1409 3134 1689 3197 κινδύνους
1720 3153 1821 3188 πο-

1272 429 1608 492 TACTICA.
1637 456 1706 467 —
1744 430 2248 496 CONSTITUTIO
2271 438 2498 502 XVIII.

305 532 444 603 pr'.
482 533 786 604 Ῥωμαίους
838 534 894 588 δὲ
943 535 1050 607 χρὴ
1097 537 1157 588 οὐ
1211 538 1370 605 μόνον
1402 539 1572 593 ταῦτα
1623 541 1811 606 ἐπιτηο
1841 539 1890 595 Α

3393 438 3500 508 9'18

1991 543 2110 597 1:9.
2145 546 2420 604 Romanos
2457 565 2565 604 non
2601 550 2777 604 solum
2810 551 2912 606 hoc
2941 559 3158 623 oportet
3192 555 3402 618 conari,
3439 566 3502 613 ut

1922 638 2090 692 alacri
2125 639 2312 694 aliimo
2354 643 2555 697 milites
2585 643 2730 704 sint,-
2757 652 2811 697 et
2838 644 2932 712 qui
2976 645 3221 698 nondum
3266 645 3321 699 in
3361 646 3504 700 bello

1923 728 2142 793 fuerint,
2180 733 2444 788 adversus
2465 749 2561 789 eos
2587 734 2839 816 prtelium
2865 737 3187 806 suscipiant,
3210 738 3303 807 qui
3333 737 3504 795 Deum

1921 833 2170 877 nostrum
2213 823 2588 881 universitatis
2645 843 2854 898 regem,
2918 827 3201 884 Christum
3244 830 3506 900 blasphe-

1923 922 2094 979 mant,
2121 925 2176 967 et
2200 915 2432 1004 qniuino
2463 917 2586 971 illos
2617 928 2888 985 quantum
2936 930 3164 987 possunt
3207 921 3418 989 juvent,
3450 928 3506 974 et

1920 1017 2329 1075 prosequantur
2363 1017 2476 1061 tum
2515 1007 2697 1074 donis,
2730 1017 2845 1064 tum
2881 1011 3074 1072 armis,
3099 1019 3214 1064 tum
3267 1014 3373 1082 piis
3405 1028 3502 1065 vo-

1921 1097 2015 1161 tis,
2070 1098 2165 1166 qui
2219 1099 2510 1155 adversum
2543 1109 2733 1170 gentes
2773 1102 2915 1154 bella
2957 1103 3288 1172 suscipiunt,
3330 1105 3423 1157 sed
3455 1115 3511 1158 et

1922 1190 2078 1259 plura
2113 1190 2180 1245 iis
2216 1189 2451 1256 edicere,
2483 1191 2630 1247 aedes
2654 1202 2707 1246 et
2739 1192 2974 1249 familias
3004 1211 3219 1260 eorum,
3254 1197 3346 1266 qui
3381 1214 3505 1249 eum

1920 1284 2204 1340 alacritate
2240 1287 2516 1356 animique
2553 1288 2988 1356 promptitudine
3031 1291 3096 1343 ad
3148 1291 3349 1343 bellum
3396 1291 3511 1344 ive-

1923 1375 2053 1440 riut,
2083 1375 2362 1432 beneﬁciis
2391 1393 2454 1433 ac
2487 1379 2864 1434 benevolentia
2901 1381 3180 1449 prosequi,
3205 1392 3259 1445 et
3289 1382 3335 1436 si
3376 1381 3511 1450 quid

1924 1467 2010 1530 iis,
2047 1467 2141 1535 qui
2186 1470 2239 1522 in
2289 1473 2535 1526 exercitu
2583 1481 2735 1538 sunt,
2770 1480 2864 1524 aut
2919 1473 3078 1540 equis
3133 1488 3323 1525 eorum
3371 1490 3511 1542 opus

1923 1559 2112 1620 fuerit.
2148 1563 2264 1616 sive
2295 1574 2568 1630 sumptus,
2600 1564 2716 1619 sive
2747 1581 2897 1618 arma
2949 1566 3018 1620 iis
3063 1565 3413 1635 suppeditent
3459 1575 3512 1619 et

1921 1651 2223 1706 liberaliter
2258 1654 2700 1710 subministrent.

1994 1743 2116 1799 150.
2151 1746 2264 1799 Hoc
2305 1748 2351 1800 si
2410 1748 2526 1811 ﬁat,
2582 1763 2706 1802 cum
2762 1750 2921 1819 longe
2956 1750 3192 1817 majores
3235 1750 3511 1802 Romano-

1928 1854 2045 1892 rum
2079 1842 2248 1907 copiae
2278 1841 2410 1904 sint,
2445 1841 2584 1895 bene
2607 1857 2670 1894 ae
2696 1841 2894 1896 idonee
2927 1853 3174 1903 armata},
3203 1842 3511 1908 delectique

1924 1942 2149 2000 propter
2219 1931 2393 1984 robur
2479 1948 2543 1986 ac
2617 1933 2998 2004 strenuitatem
3062 1933 3182 1996 viri,
3251 1933 3510 1999 nullaque

1925 2038 1982 2077 re
2029 2025 2341 2078 necessaria
2381 2023 2607 2089 defecti,
2645 2005 2804 2080 facile
2848 2024 3019 2079 Deum
3070 2026 3366 2103 propitiqu
3415 2025 3514 2077 ha-

1925 2115 2117 2170 bentes
2163 2114 2231 2170 de
2262 2115 2513 2171 barbaris
2572 2101 2866 2172 Saracenis
2920 2101 3203 2189 victoriam
3264 2124 3516 2186 reporta-

1926 2208 2088 2263 bunt.

1997 2393 2120 2449 131.
2158 2392 2217 2448 Si
2250 2393 2394 2449 enim
2459 2403 2735 2448 armatura
2778 2395 3106 2464 sagittisque
3139 2393 3518 2463 potissimum,

1924 2495 1977 2542 et
2045 2487 2167 2541 telis
2226 2486 2500 2556 plurimis,
2565 2494 2620 2540 et
2693 2485 3040 2539 multitudine
3113 2485 3393 2538 hominum
3464 2496 3520 2539 et

1926 2578 2277 2639 Strenuitate,
2309 2577 2597 2631 ctidoneis
2631 2577 2904 2639 consiliis,
2934 2585 2988 2630 et
3009 2576 3385 2630 molitionibus
3411 2578 3517 2629 nii-

1925 2669 2178 2723 litaribus
2219 2669 2686 2723 abundaverimus
2725 2666 2955 2722 Romani
2999 2676 3190 2721 coiitra
3221 2668 3366 2733 illos,
3404 2676 3518 2721 tum

1925 2761 2113 2816 divino
2171 2761 2378 2818 auxilio
2427 2772 2541 2816 tum
2575 2762 2808 2816 victoria
2856 2761 2925 2816 de
2957 2762 3064 2816 illis
3099 2775 3208 2815 non
3250 2760 3520 2814 destitueo

1923 2874 2069 2913 mur.

2000 3047 2126 3101 132.
2160 3045 2286 3100 llmc
2340 3046 2486 3099 enim
2534 3060 2669 3115 gens
2719 3053 2946 3114 propter
2993 3059 3146 3112 spem
3200 3040 3420 3112 przedte.
3465 3046 3521 3092 et

1927 3137 2055 3207 quia
2081 3136 2206 3190 belli
2233 3135 2483 3205 pericula
2520 3136 2702 3190 minus
2735 3135 2951 3199 timent,
2984 3133 3050 3187 ad
3087 3149 3337 3201 magnam
3363 3133 3522 3184 facile

231 3218 428 3288 λέμου,
461 3221 698 3284 εὐκόλως
725 3223 806 3284 είς
840 3224 1217 3293 πολυπληθίαν
1247 3225 1541 3294 συνάγεται
1571 3227 1680 3278 ἀπὸ
1721 3229 1819 3295 τῆς

1927 3229 2334 3284 multitudinem
2361 3237 2773 3298 congregantur
2793 3243 2856 3282 ex
2890 3228 3041 3281 omni
3073 3226 3230 3296 Syria
3258 3224 3522 3279 interiore

230 3312 391 3374 ἐντὸς
423 3312 623 3381 Συρίας
647 3315 742 3366 καὶ
770 3315 1136 3384 Παλαιστίνης
1167 3317 1387 3387 ἀπάσης
1408 3359 1420 3379 ,
1459 3319 1548 3371 καὶ
1579 3319 1686 3372 τῶν
1733 3321 1826 3372 ἀν-

232 3403 446 3472 άνδρων
473 3404 612 3473 τάχα
642 3405 728 3457 διὰ
749 3407 846 3468 τὰς
876 3407 1131 3469 τοιαύτας
1162 3409 1384 3472 ἐλπίδας
1413 3411 1826 3482 συνερχομένων

230 3495 501 3558 ἑκουσίως
528 3499 641 3558 τοῖς
671 3499 1151 3569 ἐκστρατεύουσιν.

314 3583 451 3656 ρλγ’.
497 3587 558 3640 EI
593 3588 648 3640 δὲ
681 3589 780 3658 τῆς
810 3589 905 3641 τοῦ
935 3590 1071 3643 Θεοῦ
1105 3593 1237 3660 ἡμῖν
1273 3593 1673 3663 συμμαχούσης
1703 3594 1827 3662 βοη-

232 3679 388 3740 θείας
438 3680 618 3742 καλῶς
661 3680 1014 3750 ὁπλισάμενοι
1065 3684 1162 3736 καὶ
1221 3685 1693 3754 παραταξάμενοι,
1729 3686 1826 3737 καὶ

231 3771 420 3832 καλῶς
448 3773 541 3824 καὶ
572 3773 822 3842 εὐψύχως
853 3775 1282 3848 προσϐάλλοντες
1314 3778 1518 3840 αὐτοῖς,
1562 3779 1702 3848 ὑπὲρ
1724 3779 1825 3846 τῆς

229 3865 474 3934 ψυχικῆς
502 3865 658 3935 ἡμῶν
685 3867 960 3936 σωτηρίας
987 3868 1062 3929 ὠς
1087 3870 1181 3922 καὶ
1207 3871 1346 3938 ὑπὲρ
1372 3870 1508 3922 Θεοῦ
1539 3871 1706 3922 αὐτοῦ
1730 3871 1826 3924 καὶ

233 3957 518 4024 συγγενῶν
557 3958 652 4010 καὶ
681 3959 788 4010 τῶν
820 3959 996 4013 ἄλλων
1023 3962 1366 4029 Χριστιανῶν
1391 3961 1638 4028 ἀδελφῶν
1666 3962 1826 4030 ἡμῶν

233 4047 650 4116 ἀγωνιζόμενοι,
674 4049 1063 4114 ἀνενδοιάστως
1086 4052 1183 4114 τὰς
1202 4054 1279 4114 είς
1308 4053 1438 4105 Θεὸν
1462 4053 1683 4114 ἐλπίδας
1708 4052 1828 4120 ἕχο-

237 4151 362 4203 μεν,
395 4135 495 4188 οὐκ
531 4137 942 4207 ἀποτευξόμεθα
969 4139 1104 4206 (81),
1143 4139 1279 4192 ἀλλὰ
1311 4141 1401 4192 καὶ
1432 4140 1827 4210 ἐπι-τευξόμεθα

230 4224 346 4277 τῶν
369 4227 490 4278 κατ’
525 4226 751 4280 ἐκείνων
784 4228 1003 4290 πάντως
1036 4231 1393 4300 νικητηρίων.

309 4317 440 4388 ρλδ’.
480 4320 573 4370 Δεῖ
621 4319 676 4372 δέ
734 4338 792 4372 σε
821 4320 955 4389 (89),
989 4321 1170 4374 εἴποτε
1221 4323 1317 4375 καὶ
1359 4323 1615 4392 λῃστείας
1663 4323 1828 4392 χάριν

235 4409 650 4479 καταδράμωσι,
690 4410 783 4463 τοῦ
819 4411 1034 4481 Ταύρου
1067 4413 1217 4476 ἐντὸς
1260 4414 1603 4482 ἐπιτηδεύειν
1632 4415 1828 4478 αὐτοὺς

234 4504 334 4558 καὶ
362 4504 422 4557 ἐν
446 4506 569 4566 ταῖς
595 4506 809 4567 στεναῖς
843 4505 938 4557 τοῦ
966 4505 1127 4573 ὅρους
1169 4505 1360 4559 τούτου
1393 4507 1668 4573 διεξόδοις,
1695 4508 1826 4561 ὅταν

236 4597 623 4666 ὐποστρέφωσι
685 4597 920 4667 μάλιστα
975 4599 1277 4666 κεκωμένοι
1345 4599 1479 4668 (85),
1543 4599 1673 4661 ἴσως
1731 4603 1828 4656 καὶ

237 4687 476 4755 πραίδας
525 4687 676 4750 τινὰς
719 4686 876 4749 ζώων
918 4687 950 4755 ἢ
1010 4689 1360 4756 πραγμάτων
1416 4690 1826 4760 ἐπιφερόμενοι.

248 4778 627 4843 Ἐπιϐιϐάζειν
658 4781 767 4849 γάρ
800 4780 880 4833 δεῖ
910 4780 998 4848 ἐφ’
1022 4781 1240 4850 ὑψηλῶν
1274 4799 1437 4834 τινων
1466 4781 1647 4834 τόπων
1680 4783 1829 4847 τοξόε

233 4891 336 4936 τας
383 4874 478 4927 καὶ
525 4874 906 4942 σφενδονήτας,
940 4875 1032 4925 καὶ
1084 4872 1300 4941 βάλλειν
1343 4874 1464 4925 κατ’
1499 4873 1702 4936 αὐτῶν,
1735 4877 1830 4928 κα)⁸

233 4964 412 5026 οὓτως
443 4964 734 5028 ποιεῖσθαι,
771 4965 867 5017 καὶ
895 4965 994 5026 τάς
1039 4966 1126 5017 διά
1161 4964 1546 5033 καϐαλλαρίων
1590 4967 1828 5034 προσϐο-

233 5057 354 5120 λὰς,
385 5056 418 5127 ἢ
466 5057 542 5120 ὡς
575 5056 642 5111 ἂν
671 5057 833 5128 χρεία
867 5057 1105 5119 καλέσοι,
1152 5057 1185 5127 ἦ
1220 5057 1286 5110 δι’
1317 5058 1748 5128 ἐγκρυμμάτων,
1787 5060 1820 5128 ἦ

231 5148 303 5200 δι’
328 5147 530 5217 ἐτέρων
560 5149 1030 5218 ἐπιτηδευμάτων,
1067 5150 1099 5218 ἢ
1143 5151 1360 5221 πέτρων
1387 5151 1528 5204 κατά
1555 5153 1820 5222 κρημνῶν

235 5239 593 5308 κυλιομένων,
625 5241 658 5310 ἦ
697 5242 1020 5311 ἀναφραγῆς
1049 5241 1171 5296 ὁδοῦ
1197 5246 1290 5296 καὶ
1322 5243 1430 5296 ἀπὸ
1469 5243 1700 5312 δένδρων
1731 5248 1824 5299 καὶ

1929 3329 1978 3374 et
2032 3320 2346 3383 Palaestina,
2399 3328 2453 3375 et
2512 3320 2814 3375 imbecilles
2877 3329 3043 3388 atque
3108 3319 3358 3372 imbelles
3419 3317 3522 3370 viri

1930 3421 2150 3480 propter
2201 3412 2517 3479 huiusmodi
2567 3427 2720 3480 spem
2783 3410 3094 3481 praedarum
3158 3408 3227 3463 ad
3277 3408 3522 3479 reliquos

1930 3502 2102 3555 fortes
2137 3501 2342 3556 milites
2369 3517 2427 3555 se
2461 3510 2787 3570 aggregant.

2003 3595 2124 3649 155.
2165 3594 2221 3648 Si
2276 3610 2405 3649 vero
2449 3593 2653 3649 Christi
2704 3592 2958 3663 prmsidio
3003 3591 3200 3660 adjnti,
3236 3590 3375 3644 bene
3427 3588 3522 3641 iu-

1928 3687 2128 3739 strueti
2161 3696 2329 3754 atque
2380 3685 2602 3748 armati,
2635 3686 2888 3739 alacriter
2918 3700 3041 3739 eum
3069 3685 3176 3736 illis
3201 3697 3299 3752 pro
3328 3680 3524 3734 animm

1931 3783 2136 3828 nostra:
2169 3763 2562 3843 salutefquasi
2601 3791 2702 3844 pro
2735 3775 2866 3836 Deo,
2893 3782 2947 3827 et
2991 3773 3264 3843 cognatis.
3302 3781 3356 3826 et
3388 3772 3522 3825 reli-

1929 3867 2055 3933 quis
2086 3865 2424 3920 Christianis
2457 3865 2724 3920 fratribus
2749 3866 3104 3931 dimieautes,
3139 3862 3241 3919 nos
3281 3864 3391 3918 illis
3421 3880 3524 3932 op-

1933 3973 2227 4026 ponamus,
2281 3973 2536 4027 magnam
2592 3959 2645 4011 in
2698 3957 2809 4012 Deo
2869 3973 3020 4027 spem
3087 3957 3370 4014 habemus.
3424 3971 3524 4010 nos

1932 4049 2135 4101 nullam
2170 4047 2531 4101 otTensionem
2561 4057 2915 4117 accepturos,
2955 4045 3051 4101 sed
3081 4059 3299 4101 omnem
3346 4044 3525 4098 victo-

1932 4141 2067 4195 riam
2093 4146 2495 4208 reportaturos.

2007 4327 2129 4380 154.
2164 4325 2263 4380 Ubi
2301 4325 2377 4378 illi
2413 4323 2694 4393 praedandi
2719 4339 2886 4379 causa
2911 4324 3152 4378 Taurum
3183 4321 3524 4387 transierint,

1933 4417 1988 4470 in
2043 4415 2181 4486 ipsis
2236 4415 2446 4468 viarum
2480 4413 2774 4483 angustiis,
2810 4412 3034 4482 quando
3084 4410 3294 4479 fatigati
3331 4411 3526 4464 admo-

1933 4508 2058 4562 dum
2093 4515 2463 4569 revertuntur,
2489 4514 2543 4560 et
2573 4505 2811 4574 praedam
2860 4505 3236 4573 jumentorum
3272 4513 3367 4556 aut
3393 4503 3528 4555 alia-

1933 4615 2054 4654 rum
2102 4615 2286 4653 rerum
2340 4597 2608 4660 referunt,
2637 4598 2703 4650 ‘in
2735 4596 2969 4651 excelsis
3005 4595 3336 4665 quibusdam
3392 4594 3528 4649 locis

1934 4693 2204 4765 sagittarii
2262 4701 2315 4746 et
2355 4689 2665 4746 funditores
2722 4690 3031 4744 collocandi
3086 4696 3239 4752 sunt,
3291 4695 3346 4742 et
3400 4702 3526 4739 cum

1932 4787 2214 4857 equitibus
2241 4783 2616 4838 dimicandum
2666 4783 2738 4836 ita
2770 4793 2874 4838 est.
2931 4780 3028 4837 Vel
3084 4781 3130 4836 si
3181 4780 3343 4834 aliter
3390 4795 3526 4835 usus

1935 4878 2100 4942 ferat,
2133 4876 2374 4939 insidiis,
2406 4887 2502 4929 aut
2529 4876 2653 4930 aliis
2686 4875 3084 4936 molitionibus,
3127 4884 3223 4926 aut
3257 4872 3407 4926 saxis
3443 4871 3528 4924 in-

1932 4971 2190 5041 gentibus
2215 4970 2513 5034 devolutis,
2542 4969 2626 5022 vel
2661 4968 3043 5022 obstructione
3071 4965 3285 5018 viarum
3314 4963 3529 5017 arbori-

1935 5065 2038 5117 bus
2065 5059 2321 5128 objectis,
2345 5066 2442 5112 aut
2480 5058 2606 5113 aliis
2639 5057 2817 5113 modis
2854 5073 2883 5110 a
2925 5057 3089 5112 nobis
3121 5066 3248 5111 ante
3285 5070 3530 5109 comme-

1934 5153 2180 5216 moratis,
2218 5159 2312 5205 aut
2341 5151 2386 5206 si
2421 5150 2552 5220 quid
2584 5150 2732 5206 aliud
2759 5149 2829 5204 ad
2864 5164 3025 5205 usum
3057 5147 3249 5203 idonee
3277 5147 3529 5202 invenire

1934 5256 2112 5315 potes,
2149 5242 2437 5298 adoriendi
2465 5251 2615 5297 sunt.

235 5334 601 5400 ἁδιεξοδεύτου
635 5330 947 5407 γινομένης,
976 5337 1051 5398 ὼς
1085 5338 1197 5390 ἄνω
1231 5355 1334 5389 που
1365 5339 1496 5406 ἡμῖν
1525 5339 1759 5408 εἴρηται,
1786 5341 1818 5412 ἢ
1850 5343 1924 5405 ὼς
1956 5341 2021 5394 ἂν
2053 5339 2276 5392 δυνατόν
2311 5355 2414 5402 σοι,
2445 5331 2490 5390 ὧ
2520 5335 2792 5406 σττρτηγέ
2819 5379 2832 5402 ,
2879 5337 3022 5390 κατὰ
3085 5335 3175 5389 τὸν
3227 5335 3349 5389 τότε
3401 5351 3528 5387 και-

235 5429 334 5500 ρὸν
368 5428 468 5498 τὴν
496 5428 591 5480 τοῦ
627 5429 952 5498 πράγματος
981 5428 1218 5482 διάθεσιν
1251 5430 1608 5498 κατανοῆσαι.

312 5517 437 5590 ρλε¹.
479 5520 568 5576 Ἐν
600 5520 655 5573 δὲ
683 5523 804 5584 ταῖς
832 5522 1204 5591 παρατάξεσιν
1231 5521 1409 5575 αὐτῶν
1431 5523 1492 5574 οὐ
1517 5522 1700 5575 λύουσι
1733 5525 1830 5595 τὴν

2012 5526 2134 5579 155.
2167 5526 2350 5579 Aeiem
2404 5538 2560 5578 suam
2621 5539 2728 5578 non
2791 5523 3121 5587 dissolvunt,
3178 5521 3222 5576 si
3269 5519 3392 5590 quis
3429 5527 3525 5575 aut

1718 5638 1950 5696 NOT/E.

309 5723 424 5796 (80)
461 5724 919 5796 ῘΑναδήσονται.
965 5725 1175 5789 Scribe,
1218 5728 1636 5796 dvaxrﬁaovtu.

311 5793 962 5866 (81))Λποτευξόμεθα.
1041 5793 1430 5860 Scribebatur,
1493 5798 1818 5861 άποτοξευὸ-

240 5868 401 5934 μεθα.
429 5865 491 5921 Et
514 5883 634 5924 mox
657 5868 858 5926 ibidem
885 5871 1099 5926 correxi
1127 5868 1540 5937 ὲπιιευξὸμεθα,
1575 5886 1668 5938 pro
1701 5873 1818 5923 ἑπι-

1925 5729 2275 5799 τοξευόμεθα.

2002 5795 2328 5863 012)Δεῖδέ
2369 5814 2462 5852 σε.
2501 5798 2879 5866 scribebatur,
2923 5797 2984 5848 El
3024 5795 3080 5849 δέ
3107 5811 3188 5850 σε.

2000 5873 2112 5932 (85)
2157 5870 2506 5939 Κεκωμέγοι.
2547 5870 2756 5930 Scribe,
2796 5868 3196 5932 κεκοπωμένοι.
