4200 6440
693 382 803 445 979
1954 378 2228 439 LEONIS
2266 378 2726 440 PHILOSOPIII
3845 381 3976 449 980

693 494 824 553 duo.
875 500 969 545 aut
1025 499 1133 545 tres
1171 488 1471 544 invaserint
1524 502 1641 551 eos,
1685 488 1859 544 donec
1903 491 1988 545 vel
2032 490 2261 544 victoria

2369 488 2537 554 τάξιν,
2573 490 2675 543 κᾶν
2704 505 2788 553 τις
2818 487 3015 558 ἐπέλθῃ
3043 488 3223 553 αὐτοῖς
3255 488 3413 560 ἢδύο,
3442 492 3474 562 ἢ
3500 492 3671 561 τρεῖς,
3700 491 3865 563 ἄχρις
3894 493 3969 548 οὗ

694 583 825 640 freti
850 583 1232 650 insequantur.
1261 579 1346 634 vel
1383 579 1451 635 de
1477 580 1703 635 victoria
1729 578 2087 653 desperantes
2126 578 2267 649 fuga:

2369 581 2398 651 ἢ
2441 580 2775 651 θαρρήσουσι
2810 581 3134 651 κινήσαντες
3166 581 3379 647 διῶξαι,
3427 583 3460 653 ἢ
3489 583 3817 638 δειλιάσουσι
3854 586 3967 639 καὶ

692 692 751 731 se
780 673 1179 728 mandaverint.
1211 671 1401 742 Itaque
1433 672 1609 742 primo
1648 671 1893 727 incursio
1932 672 1986 726 in
2021 671 2143 726 illos
2178 685 2269 726 sa-

2369 673 2666 742 ὑρμήσουσι
2694 672 2831 742 πρὸς
2864 673 3065 742 φυγήν.
3084 673 3177 727 Διὸ
3205 674 3311 747 χρὴ
3344 673 3611 743 βαστάξαι
3638 673 3739 743 τὴν
3766 675 3969 744 ἔφοδον

689 764 841 833 gittis
880 769 966 816 est
1005 760 1277 817 facienda.
1308 760 1364 814 Si
1391 761 1536 817 enim
1565 760 1968 829 equiillorum,
1993 759 2088 830 qui
2119 757 2265 815 Parii

2369 762 2545 817 αὐτῶν
2584 764 2857 835 προτέραν
2876 764 2964 817 διὰ
3005 764 3222 827 τοξείας
3274 765 3376 833 τῆς
3418 765 3559 820 κατὰ
3586 765 3793 830 αὐτῶν,
3826 768 3966 829 τοὺς

690 855 969 916 dicuntur,
1020 863 1076 907 et
1126 851 1414 922 Ethiopes
1474 850 1670 920 reliqui
1728 850 1992 922 sagittarii
2051 848 2265 919 equites

2369 853 2676 924 ἔμπροσθέν
2702 870 2764 907 τε
2788 855 3033 918 καὶτοὺς
3062 854 3260 925 μικρὸν
3290 855 3517 910 ὄπισθεν
3543 855 3791 919 ἑστῶτας
3819 856 3965 925 βάλ-

691 946 1067 1009 vulnerentur,
1121 953 1176 999 et
1226 943 1526 1007 feriantur,
1570 957 1697 997 cum
1742 942 1874 997 nudi
1921 948 2071 1007 sunt,
2107 939 2269 996 facile

2369 946 2553 1009 λοντας
2580 944 2720 1000 κατὰ
2749 945 2950 1002 αὐτῶν.
2982 945 3141 1001 οὕτω
3163 948 3272 1017 γάρ
3299 947 3409 1001 τῶν
3437 947 3620 1001 ἵππων
3654 947 3836 1001 αὐτῶν
3865 965 3965 1001 τοο

690 1038 745 1090 in
778 1034 960 1106 fugam
1002 1052 1062 1092 se
1099 1035 1394 1106 conjicient
1432 1048 1446 1087 ι
1483 1034 1608 1104 quia
1643 1049 1835 1105 equos,
1865 1049 2005 1103 quos
2040 1032 2260 1103 plurimi

691 1128 923 1191 faciunt,
971 1136 1027 1183 et
1071 1143 1165 1198 per
1215 1141 1354 1197 quos
1407 1140 1467 1182 se
1521 1127 1752 1182 salutem
1804 1140 2124 1195 comparare
2170 1140 2262 1180 ar—

693 1219 989 1285 bitrantur,
1040 1218 1343 1277 incolumes
1406 1217 1685 1274 custodire
1740 1234 2062 1289 magnopere
2104 1218 2262 1274 labo-

691 1321 834 1367 rant.

2372 1036 2695 1108 ξευομένων,
2724 1037 2835 1093 τῶν
2866 1038 3175 1110 λεγομένων
3205 1039 3417 1110 φαρίων
3445 1039 3581 1111 (84),
3612 1039 3708 1092 καὶ
3736 1039 3848 1092 τῶν
3866 1040 3967 1092 Δί·-

2371 1130 2595 1194 θιόπων,
2627 1129 2660 1201 ἢ
2697 1129 2791 1183 καὶ
2825 1129 3003 1184 ἄλλων
3030 1121 3265 1196 τοξοτῶν
3287 1130 3469 1184 αὐτῶν
3494 1130 3583 1185 διὰ
3606 1131 3707 1201 τὴν
3726 1130 3960 1201 γύμνω-

2374 1238 2459 1274 σιν
2491 1219 2904 1290 πληγουμένων,
2939 1221 3141 1291 ῥᾳδίως
3165 1222 3247 1287 είς
3272 1220 3449 1293 φυγὴν
3475 1222 3785 1292 ὁρμήσουσι
3808 1222 3962 1275 δυοῖν

2372 1311 2579 1376 ἕνεκεν,
2608 1311 2706 1363 καὶ
2752 1312 2880 1377 τοὺς
2908 1311 3111 1375 ἵππους
3142 1311 3469 1383 περισώζειν
3500 1311 3817 1383 βουλόμενοι
3854 1329 3960 1366 πο-

690 1403 934 1473 λιτίμους
965 1402 1125 1468 ὄντας
1145 1447 1160 1469 ,
1213 1418 1307 1461 και
1352 1408 1451 1459 οὐκ
1486 1402 1721 1471 εὐκόλως
1751 1404 2164 1476 ποριζομένους,
2199 1403 2294 1458 καὶ
2321 1401 2412 1456 διὰ
2440 1402 2544 1473 τῆς
2575 1401 2685 1456 τῶν
2716 1403 2900 1458 ῐππων
2932 1402 3209 1476 σωτηρίας
3261 1405 3357 1459 καὶ
3400 1404 3556 1459 αὐτοὶ
3598 1419 3963 1475 συμπερισω-

690 1497 929 1567 ζόμενοι.

763 1590 888 1646 156.
926 1591 1059 1660 Equi
1115 1592 1159 1645 si
1212 1600 1437 1662 pereant
1485 1593 1704 1666 sagittis
1752 1608 1970 1650 veneno
2011 1592 2262 1654 imbutis,

692 1681 855 1734 simul
899 1682 1173 1736 intereunt
1221 1683 1314 1753 qui
1350 1684 1627 1741 vehuntur
1657 1686 1816 1755 equis
1849 1702 1863 1738 ε
1901 1686 1987 1741 sin
2036 1686 2265 1754 sagittas

691 1770 931 1827 imbutas
983 1786 1108 1829 esse
1167 1784 1526 1845 cognoscant,
1552 1784 1845 1848 antequam
1889 1777 2267 1847 percutiantur

692 1862 999 1932 aufugient.

763 2037 888 2097 157.
915 2044 1103 2114 Neque
1142 2047 1289 2102 enim
1325 2055 1534 2101 tantum
1565 2047 1790 2116 gloriam
1824 2027 2134 2116 nomenque
2168 2060 2268 2100 ex-

692 2144 881 2202 petunt
912 2133 1168 2193 Saraceni
1204 2154 1329 2192 cum
1357 2140 1422 2192 ad
1455 2140 1706 2209 prmlium
1753 2147 1975 2204 exeunt,
2001 2146 2266 2209 quantum

689 2227 1013 2296 cupiditatis
1044 2246 1210 2286 causa
1243 2242 1297 2286 et
1332 2248 1514 2287 rerum
1575 2234 2019 2292 necessariarum,
2040 2232 2273 2301 conqui-

703 2320 994 2375 roudarum
1029 2324 1201 2392 gratia
1232 2342 1245 2377 :
1274 2341 1449 2394 neque
1478 2325 1622 2379 enim
1648 2340 1811 2394 agros
1838 2326 2016 2379 colere
2043 2333 2267 2391 norunt,

694 2421 753 2464 ιιι
784 2411 908 2467 inde
935 2427 1196 2482 pauperes
1224 2416 1427 2479 vivant,
1457 2417 1550 2469 sed
1578 2415 1758 2482 gladio
1790 2416 1909 2469 solo
1944 2415 2013 2469 ab
2050 2416 2270 2469 ineunte

692 2513 868 2566 :etatc,
897 2504 980 2558 vel
1010 2505 1214 2569 vivere,
1247 2506 1334 2561 vel
1370 2506 1508 2561 mori
1567 2507 1827 2561 discunt:
1857 2505 2000 2560 unde
2051 2519 2155 2558 una
2204 2506 2270 2558 de

692 2593 805 2650 illis
829 2595 1056 2652 victoria
1082 2596 1267 2653 multis
1302 2598 1563 2668 periculis
1592 2596 1870 2652 Romanos
1902 2597 2095 2650 liberat
2129 2613 2144 2649 :
2177 2596 2269 2649 ubi

690 2688 841 2742 enim
878 2686 1116 2744 viderint
1144 2705 1261 2749 eos.
1287 2691 1379 2759 qui
1414 2690 1479 2742 ad
1511 2691 1708 2743 bellum
1746 2690 2017 2752 exierunt,
2061 2704 2270 2757 nequa-

693 2793 859 2846 quam
900 2779 1123 2844 reverti,
1151 2779 1248 2835 scd
1282 2795 1310 2833 a
1343 2783 1461 2835 suis
1504 2780 1616 2848 jam
1639 2779 1971 2841 desiderari,
2020 2794 2129 2832 non
2157 2779 2270 2846 jam

694 2869 977 2925 audebunt
1013 2880 1125 2926 tam
1180 2872 1645 2943 iucircumspccle
1706 2872 1775 2927 ad
1822 2872 2023 2927 bellum
2085 2882 2270 2942 postea

695 2963 1016 3030 procedere.

766 3054 891 3109 158.
923 3056 1123 3113 Cilices
1173 3057 1434 3114 Saraceni
1486 3061 1804 3115 universum
1865 3075 2026 3129 quem
2076 3056 2275 3110 habent

2443 1591 2587 1661 ρλς’.
2629 1590 2754 1645 Τῶν
2817 1589 2928 1661 γὰρ
2960 1590 3146 1645 ἳππων
3197 1590 3504 1660 ὀλλυμένων
3536 1589 3650 1661 (85)
3703 1589 3795 1644 διὰ
3847 1589 3961 1646 τῶν

2370 1683 2568 1753 βελῶν,
2596 1684 2691 1738 καὶ
2723 1682 2959 1755 μάλιστα
2988 1682 3567 1754 πεφαρμακευμένων,
3590 1682 3957 1738 συναπόλλυνς

2367 1792 2459 1830 ται
2490 1774 2584 1828 καὶ
2605 1777 2656 1828 oi
2676 1775 3032 1845 ἐποχούμενοι
3055 1774 3260 1840 αὐτοῖς,
3282 1773 3316 1845 ἢ
3338 1774 3433 1828 καὶ
3457 1774 3679 1841 γνόντες
3698 1774 3798 1828 τοῦ
3822 1792 3958 1845 φαρο

2298 1898 2341 1955 Β
2373 1867 2550 1936 μάκου
2595 1865 2696 1939 τὴν
2737 1866 2969 1937 δύναμιν
3020 1865 3115 1920 καὶ
3161 1866 3268 1938 πρὸ
3311 1865 3405 1920 τοῦ
3436 1865 3702 1937 βληθῆναι
3734 1867 3957 1937 φεύξον-

2368 1974 2456 2011 ται
2465 2000 2477 2012 .

2443 2046 2572 2117 ρλζῖ
2616 2048 2691 2101 Οὐ
2720 2046 2971 2103 τοσοῦτον
3000 2049 3109 2119 γὰρ
3135 2046 3293 2119 δόξης
3320 2048 3641 2119 ὀρεγόμενοι
3696 2048 3792 2103 καὶ
3838 2049 3956 2102 δνό-

2373 2157 2539 2209 ματος
2567 2138 3021 2212 ἐκστρατεύονται
3054 2144 3103 2196 οἱ
3148 2142 3387 2195 πλεῖστοι
3440 2142 3799 2213 Σαρακηνῶν,
3834 2141 3956 2194 ὅσον

2368 2232 2626 2302 εὐπορίας
2655 2232 2814 2301 χάριν
2844 2232 2935 2285 καὶ
2961 2233 3168 2287 τούτων
3197 2232 3310 2300 (86)
3347 2232 3670 2303 ἐπιτηδείων
3701 2232 3949 2301 κέρδους·

2369 2323 2431 2375 ού
2463 2323 2573 2392 γὰρ
2602 2324 2869 2393 γεωργεῖν
2891 2321 3118 2387 οἴδασιν,
3148 2322 3215 2376 ἵν’
3237 2323 3489 2376 ἐντεῦθεν
3512 2325 3559 2376 οἱ
3589 2322 3821 2391 πένητες
3842 2323 3954 2376 δια-

2370 2411 2569 2477 ζῶσιν,
2601 2412 2715 2466 ἀλλ’
2751 2414 2808 2465 ἐν
2841 2415 2907 2484 τῇ
2942 2413 3187 2485 μαχαίρᾳ
3215 2413 3396 2467 αὐτῶν
3430 2413 3523 2466 καὶ
3556 2413 3695 2485 μόνῃ
3722 2414 3757 2484 ἦ
3791 2413 3892 2482 ζῇν
3923 2412 3954 2482 ἢ

2371 2504 2626 2574 θνήσκειν
2657 2507 2721 2558 ἐκ
2745 2505 2864 2558 νέου
2893 2504 3430 2559 παιδεύονται.”ῡθεν
3458 2508 3491 2574 ἡ
3518 2504 3667 2571 ἅπαξ
3702 2506 3821 2557 κατ’
3858 2507 3957 2558 αὖα

2368 2595 2477 2649 τῶν
2512 2597 2635 2666 νίκη
2667 2597 2880 2650 πολλῶν
2926 2597 3281 2667 ἐλευθερώσει
3334 2597 3594 2651 κινδύνοιν
3629 2596 3956 2666 Ῥωμαίους,

2375 2688 2571 2757 μηκέτι
2621 2688 2948 2757 τολμώντων
2996 2689 3422 2759 ἀπερισκέπτως
3476 2687 3799 2759 ἐξέρχεσθαι
3852 2689 3960 2739 τῶν

2374 2778 2663 2848 θεωμένων
2695 2781 2823 2842 τοὺς
2856 2778 3174 2844 ἐξελθόντας
3210 2779 3285 2850 μὴ
3320 2777 3796 2851 ὑποστρέψαντας,
3826 2776 3961 2831 ἀλλά

2378 2867 2783 2939 θρηνουμένους
2813 2870 2921 2924 ὑπὸ
2951 2871 3059 2924 τῶν
3100 2870 3268 2925 ίδίων.

2449 3053 2579 3122 ρλη⁹.
2624 3054 2782 3105 Δοκεῖ
2806 3053 2863 3107 δέ
2896 3056 3009 3117 τοῖς
3039 3053 3216 3119 Κίλιξι
3260 3055 3597 3123 Σαρακηνοῖς
3625 3055 3752 3107 ὅσον
3779 3052 3962 3121 ἔχουσι

694 3144 1016 3213 peditatum,
1068 3148 1134 3201 ad
1168 3158 1460 3220 utrumque
1490 3167 1664 3220 genus
1705 3151 1878 3219 praelii
1913 3157 2125 3219 parant,
2156 3156 2271 3199 tum

2375 3143 2597 3207 πεζικὸν
2643 3143 2778 3214 πρὸς
2829 3145 3147 3217 ἀμφοτέρας
3223 3144 3565 3198 ἐκπαιδεύειν
3611 3143 3709 3207 τὰς
3760 3145 3962 3213 μάχας,

693 3238 942 3291 terrestri
991 3254 1086 3306 per
1117 3224 1281 3293 Tauri
1333 3242 1534 3295 montis
1585 3242 1815 3305 exitum,
1850 3249 1965 3294 tum
2003 3239 2137 3291 mari
2178 3253 2273 3307 per

2375 3235 2512 3303 πρός
2557 3253 2616 3289 τε
2664 3235 2763 3305 τὴν
2811 3236 2951 3289 κατὰ
2987 3236 3087 3303 γῆν
3115 3235 3204 3289 διὰ
3232 3237 3329 3305 τῆς
3357 3234 3553 3299 ἐξόδου
3584 3233 3686 3298 τῆς
3732 3231 3823 3285 διὰ
3866 3230 3961 3282 τοῦ

696 3328 934 3398 navigia,
972 3347 1094 3399 qua:
1133 3331 1210 3385 illi
1254 3331 1539 3385 cumbaria
1577 3334 1874 3401 appellant.
1913 3330 2142 3398 Quando
2172 3345 2271 3382 att-

2376 3326 2591 3397 Ταύρου
2617 3327 2810 3395 ὅρους,
2840 3327 2935 3380 καὶ
2959 3326 3057 3396 τὴν
3088 3327 3229 3380 κατὰ
3260 3326 3527 3381 θάλατταν
3560 3325 3648 3377 διὰ
3680 3324 3790 3376 τῶν
3824 3323 3965 3391 παρ’

697 3428 804 3472 tem
842 3431 985 3475 terra
1034 3436 1141 3476 non
1192 3423 1550 3492 egrediuntur
1584 3424 1650 3476 ad
1690 3424 1966 3492 praelium,
2000 3435 2270 3475 conscen-

2379 3423 2563 3485 αὐτοῖς
2598 3422 2795 3475 πλοίων
2840 3423 2948 3477 τῶν
2991 3422 3300 3493 λεγομένων
3331 3421 3713 3491 κουμόαρίων,
3749 3419 3842 3471 καὶ
3878 3419 3964 3471 ὅτε

693 3509 834 3564 dunt
861 3524 1009 3565 mare
1037 3512 1219 3581 ibique
1242 3514 1576 3580 prasdantur,
1606 3522 1701 3566 aut
1731 3513 1786 3567 in
1818 3511 2107 3567 maritimis
2138 3510 2273 3565 locis

2385 3513 2458 3582 μὴ
2488 3512 2623 3583 πρὸς
2647 3514 2744 3583 τὴν
2773 3514 3000 3584 ἤπειρον
3028 3514 3474 3585 ἐκστρατεύονσι,
3507 3512 3596 3565 διὰ
3633 3510 3734 3579 τῆς
3764 3510 3963 3562 θαλάτ-

696 3599 988 3655 consident
1021 3601 1087 3655 ad
1121 3603 1356 3670 pratdam
1387 3604 1763 3672 quaerendam,
1794 3602 1932 3657 alias
1966 3601 2029 3656 ad
2071 3600 2273 3655 Roma-

2379 3621 2479 3670 της
2540 3602 2889 3673 ἐξέρχονται,
2951 3604 3181 3674 πραὶδας
3226 3622 3286 3657 τε
3332 3602 3613 3664 ποιοῦντες
3663 3601 3808 3655 κατὰ
3857 3600 3966 3651 τῶν

698 3705 892 3745 norum
926 3708 1087 3761 agros
1120 3695 1464 3764 populandos
1498 3703 1720 3748 exeunt.

2382 3692 2845 3763 παραθαλασσίων
2897 3693 3132 3762 χωρίων,
3183 3693 3445 3755 πολλάκις
3492 3692 3559 3755 δ’,
3588 3691 3637 3743 εί
3672 3688 3815 3742 οὕτω
3862 3687 3968 3740 τείο

697 3797 780 3849 χει
813 3780 946 3851 (87),
983 3785 1074 3837 καὶ
1102 3786 1529 3856 ναυμαχοῦντες
1561 3788 1649 3839 ὅτε
1683 3785 1739 3839 δὲ
1774 3784 1848 3856 μὴ
1876 3784 2016 3846 κατὰ
2049 3783 2320 3840 θάλασσαν
2347 3783 2626 3853 ἐξέλθωσι,
2658 3785 2746 3838 διὰ
2774 3784 2875 3855 τῆς
2902 3784 3134 3856 ἠπείρου
3182 3787 3322 3840 κατὰ
3350 3784 3457 3837 τῶν
3502 3782 3827 3853 Ῥωμαϊκῶν
3857 3800 3964 3851 χω-

698 3872 832 3942 ρίων
860 3876 1297 3945 ἐκστρατεύουσι.

772 3990 896 4046 159.
945 3992 1330 4060 Speculatores
1392 3993 1489 4049 abs
1553 4002 1605 4049 te
1658 3994 1951 4065 diligenter
1996 3992 2278 4048 emittendi

697 4090 849 4147 sunt,
881 4083 975 4152 qui
1013 4099 1101 4139 res
1152 4085 1369 4140 illorum
1427 4094 1784 4157 cognoscant,
1831 4097 1889 4141 ut
1934 4096 2127 4142 contra
2182 4100 2280 4142 eos

695 4178 998 4233 exercitum
1047 4179 1304 4233 idoneum
1364 4196 1658 4250 prmpares,
1693 4188 1753 4233 ut
1798 4184 2020 4250 quando
2055 4196 2085 4235 e
2129 4191 2275 4235 terra

697 4271 1018 4327 continente
1054 4280 1281 4338 exeunt,
1316 4272 1572 4340 praefecto
1612 4274 1812 4328 classis
1860 4273 2151 4338 ἰιιιιίιιιοιιιιι,
2184 4273 2276 4340 qui

700 4364 755 4419 in
784 4360 1141 4417 Tarsensium
1173 4374 1226 4418 et
1249 4363 1598 4419 Adaneorum
1632 4380 1795 4436 agros
1854 4364 2161 4420 maritimos
2191 4366 2276 4418 in-

697 4461 904 4510 curset.
932 4454 1117 4525 Neque
1143 4455 1288 4509 enim
1316 4463 1423 4509 tam
1462 4471 1789 4509 numerosus
1812 4455 2063 4509 barbaris
2092 4454 2278 4509 Cilici-

702 4544 805 4601 bus
866 4546 1143 4601 exercitus
1190 4553 1294 4608 est,
1325 4554 1383 4600 ut
1418 4546 1581 4600 iidem
1627 4545 1694 4601 ad
1730 4545 2082 4618 pugnandum
2131 4554 2275 4601 terra

701 4638 864 4693 simul
899 4647 953 4693 et
981 4639 1115 4692 mari
1142 4638 1351 4693 habiles
1385 4639 1517 4694 sint.

2455 3992 2551 4062 ρλθ
2572 4030 2588 4046 .
2626 3994 2719 4044 Δεῖ
2747 3985 2840 4044 οὖν
2872 3991 3153 4060 ἐπιτηρεῖν
3176 4007 3264 4055 σε,
3283 3982 3329 4042 ὦ
3353 3987 3647 4057 πρατηγέ,
3677 3986 3767 4038 διὰ
3800 4002 3968 4038 κατα.

2382 4086 2601 4139 σκόπων
2636 4083 2872 4154 ἀληθῶν,
2901 4084 2994 4137 καὶ
3026 4082 3319 4150 μανθάνειν
3350 4079 3419 4134 τὰ
3441 4079 3561 4133 κατ’
3582 4078 3785 4139 αὐτοὺς
3807 4078 3965 4141 ἀκρι-

2381 4177 2514 4241 ϐῶς,
2558 4179 2653 4229 καὶ
2684 4174 3067 4244 ἑτοιμάζεσθαι
3096 4174 3192 4226 σὺν
3226 4173 3302 4243 τῷ
3322 4170 3581 4242 ἀρκοῦντι
3612 4170 3852 4239 στρατῷ,
3890 4170 3969 4221 ἵν’

2379 4268 2507 4322 ὅταν
2533 4267 2621 4321 διὰ
2652 4266 2928 4335 θαλάσσης
2960 4265 3418 4334 ἐκστρατεύωσιν,
3452 4262 3613 4326 αὐτὸς
3654 4262 3796 4316 κατὰ
3839 4261 3962 4330 γῆν,

2387 4363 2437 4413 εἰ
2471 4360 2733 4421 δυνατὸν,
2771 4360 2829 4410 ἐν
2865 4360 2930 4427 τῇ
2979 4358 3083 4428 ίδίᾳ
3133 4356 3313 4410 αὐτῶν
3362 4353 3710 4427 προσδάλῖῃς
3763 4354 3964 4415 αὐτοῖς·

2379 4451 2508 4504 ὅταν
2539 4450 2595 4502 δὲ
2626 4448 2712 4503 διὰ
2740 4448 2841 4517 τῆς
2872 4450 2973 4516 γῆς
3000 4447 3385 4518 ἐκστρατεύειν
3423 4446 3657 4515 μέλλωσι
3683 4485 3699 4507 ,
3756 4445 3967 4515 μηνύῃς

2379 4541 2457 4612 τῷ
2508 4540 2843 4611 κιὸαιρνώτη
2895 4538 2989 4592 τοῦ
3038 4538 3285 4607 πλωϊμου
3334 4538 3448 4606 (88)
3501 4536 3816 4606 στρατηγῷ.
3874 4534 3967 4587 καὶ

2309 4617 2353 4672 υ
2385 4632 2523 4704 μετὰ
2551 4632 2660 4685 τῶν
2688 4631 2779 4684 ὑπ’
2808 4630 2969 4684 αὐτὸν
2999 4630 3294 4700 δρομώνων
3322 4629 3657 4682 εἰσπιπτέτω
3686 4628 3828 4680 κατὰ
3862 4625 3967 4679 τῶν

697 4728 958 4800 Ταρσέων
988 4728 1083 4781 καὶ
1114 4727 1400 4781 Ἀδανείων
1427 4727 1644 4798 χωρίων
1673 4728 1772 4781 ὅσα
1806 4729 1984 4781 κεῖται
2048 4726 2190 4781 κατὰ
2243 4726 2539 4797 θάλασσαν.
2592 4723 2668 4775 Οὐ
2731 4721 2840 4790 γὰρ
2890 4719 3233 4790 πολυπληθία
3303 4719 3535 4790 στρατοῦ
3605 4721 3719 4781 τοῖς
3788 4718 3967 4782 Κίλιξι

699 4819 992 4892 βαρϐάροις
1020 4819 1187 4886 ἐστὶν,
1216 4820 1450 4893 ἐπείπερ
1479 4823 1528 4875 οί
1558 4819 1713 4875 αὐτοὶ
1746 4823 1839 4875 καὶ
1865 4822 2004 4877 κατᾶ
2033 4822 2135 4893 γῆν
2160 4824 2255 4874 καὶ
2274 4817 2413 4872 κατὰ
2443 4815 2716 4870 θάλασσαν
2748 4812 3223 4884 ἐκστρατεύονται.

772 4933 895 4989 NO.
923 4933 1004 4988 Ad
1042 4948 1315 4987 summam
1354 4942 1560 4999 autem,
1598 4934 1645 4990 si
1679 4936 1802 4990 illos
1832 4943 2050 4990 vastare
2091 4934 2272 5003 cupis,

699 5025 880 5080 classe
932 5024 1098 5078 simul
1134 5024 1429 5088 maritima.
1460 5032 1516 5078 et
1565 5024 1918 5080 terrestribus
1964 5024 2134 5093 copiis
2183 5038 2278 5092 per

697 5121 938 5174 Taurum
976 5117 1140 5172 simul
1168 5132 1293 5171 cum
1336 5117 1461 5173 aliis
1506 5118 1800 5187 praefectis.
1835 5126 1889 5172 et
1925 5117 2159 5185 impetus
2194 5116 2279 5170 in-

701 5210 1098 5275 cursionesque
1140 5208 1405 5263 adversus
1450 5209 1572 5263 illos
1606 5207 1794 5275 facies,
1826 5216 1991 5276 atque
2023 5207 2097 5263 ita
2143 5222 2281 5277 prae-

702 5305 956 5357 datorum
984 5300 1197 5355 illorum
1226 5301 1501 5372 regionem
1532 5300 1905 5372 populaberis,
1925 5298 2280 5370 quemadmo-

2446 4930 2559 4999 ρμ’.
2600 4929 2672 4998 Τὸ
2720 4928 2777 4981 δὲ
2822 4926 3117 4993 κεφάλαιον
3157 4925 3258 4996 τῆς
3294 4924 3520 4979 ἐκείνων
3547 4921 3961 4985 καταπτώσειῖκ

2374 5026 2539 5088 ἐστιν,
2571 5024 2658 5076 τνα
2687 5022 2822 5092 ὁμοῦ
2854 5022 2947 5077 καὶ
2993 5020 3081 5074 διὰ
3126 5020 3373 5089 πλωΐμου
3424 5016 3611 5070 στόλου
3643 5015 3739 5070 τοῦ
3776 5017 3965 5070 ίκανοῦ

2377 5118 2471 5171 καὶ
2520 5115 2608 5169 διὰ
2662 5114 2886 5178 πεζικοῦ
2939 5112 3170 5185 στρατοῦ
3200 5112 3289 5166 διὰ
3319 5109 3413 5164 τοῦ
3449 5109 3665 5179 Ταύρου
3702 5109 3821 5178 ἅμα
3868 5109 3965 5162 καὶ

2378 5209 2582 5277 ἑτέροις
2610 5208 3004 5276 ωστρατηγοῖς
3030 5206 3147 5266 τοῖς
3174 5202 3403 5273 ἀρκοῦσι
3427 5202 3680 5271 ποιήσεις
3704 5202 3805 5269 τὴν
3830 5218 3933 5253 κατ
3949 5203 3961 5220 ‘

2379 5296 2558 5351 αὐτῶν
2600 5295 2919 5365 προσϐολὴν,
2941 5295 3036 5348 καὶ
3061 5293 3367 5355 ἐπέλευσιν,
3400 5294 3493 5346 καὶ
3521 5290 3666 5345 οὕτω
3710 5290 3822 5344 τῶν
3873 5292 3966 5363 λη-

2247 5469 2478 5528 NOTAE.

776 5589 887 5657 (84)
924 5588 1176 5660 φαρίωον.
1221 5588 1279 5643 1η
1330 5587 1519 5644 codice
1558 5587 1746 5648 Circei.
1779 5588 2011 5660 παρὲων,
2060 5589 2275 5660 videtur

706 5659 895 5730 fuisse.
926 5658 1031 5714 Sed
1066 5659 1224 5719 male.
1259 5662 1456 5729 φάρας,
1482 5671 1535 5715 et
1570 5661 1783 5729 φαρίον,
1812 5657 1895 5715 est
1918 5676 2112 5730 equus.
2149 5657 2279 5713 Vide

706 5728 1037 5781 Glossarium
1069 5738 1340 5784 nostrum.

778 5798 889 5867 (ὃὸ)
925 5798 1057 5865 Td»;
1084 5802 1191 5869 γὰρ
1236 5800 1433 5853 ἵππων
1472 5801 1844 5871 ὀλλυμένων.
1892 5800 2274 5865 Scribcbutur,

2387 5587 2578 5660 triaue
2587 5605 2617 5659 ρ
2642 5590 2854 5660 ἱππῳλυ
2863 5589 3057 5657 μένων.

2460 5657 2854 5727 (8(ἰ)⁷Τούτων.
2880 5660 3092 5725 Scribe,
3120 5658 3215 5713 τοῦ
3242 5657 3371 5711 τῶν.

2462 5722 2573 5789 (87)
2601 5732 2665 5783 Ei.
2689 5731 2841 5783 οὕτω
2872 5722 3087 5797 τείχει(
3108 5729 3318 5792 Scribe,
3346 5727 3394 5780 εί
3426 5722 3573 5797 οὕτω
3592 5724 3771 5795 τύχοι.

2458 5800 2570 5869 (38)
2605 5802 2895 5870 Πλωὴιου.
2932 5796 3303 5866 δρι·ἱ1;οὶιιιιιιι·,
3347 5796 3607 5850 unum
