4176 6442
676 383 787 469 933

1908 402 2183 464 LEONIS
2211 400 2677 464 PIIILOSOPIII

3846 404 3958 475 984

672 515 739 567 ad
778 512 1034 569 dextrum
1069 510 1214 567 latus
1250 510 1590 578 eornistites,
1626 512 1695 567 ad
1744 512 2031 570 sinistrum
2068 513 2268 567 latera-

2377 516 2482 577 τοῖς
2519 515 2662 587 ὑπὲρ
2692 512 2940 582 ἀλλήλων
2970 512 3318 585 ἀγωνίσμασι
3344 511 3741 586 κατανοοῦμεν,
3773 512 3867 570 διὰ
3895 516 3959 569 τὸ

673 618 811 669 nos;
850 604 997 674 iique
1018 618 1081 658 ex
1106 601 1359 657 ducentis
1393 602 1528 658 viris
1556 603 1943 665 conficiantur,
1974 610 2031 656 ιιι
2062 603 2127 657 atl
2163 604 2261 657 ho-

676 694 848 747 ειὶιιιιι
887 694 1058 747 aciem
1089 690 1440 746 ambiendam
1472 692 1793 748 cornistites
1833 692 2009 762 parati
2041 694 2173 759 sint,
2209 702 2264 747 et

673 787 740 840 ad
775 786 983 847 hostes,
1017 786 1111 856 qui
1142 783 1582 842 circumcludere
1619 800 1716 841 vos
1754 796 2049 849 conantur,
2094 787 2264 855 impc-

671 877 924 943 diendos,
959 878 1190 933 laterani
1216 878 1472 934 instructi
1499 878 1626 932 sint.
1661 877 1997 933 Frater-hos
2029 886 2262 947 utroque

672 971 725 1023 in
754 970 925 1024 latere
948 970 1167 1025 eminus
1192 972 1451 1027 cohortes
1471 971 1608 1025 duas
1632 969 1996 1026 ducentorum
2021 970 2261 1023 virorum

672 1062 1001 1127 collocabis,
1028 1056 1171 1135 q'uas
1200 1064 1327 1118 hinc
1383 1070 1545 1133 atque
1588 1063 1739 1118 illinc
1779 1066 1914 1118 aciei
1958 1063 2010 1116 in
2043 1062 2262 1118 insidiis

672 1154 1001 1218 collocabis,
1063 1157 1155 1227 qui
1205 1155 1479 1226 drungisti
1515 1163 1570 1210 et
1605 1156 1892 1211 confertim
1950 1154 2258 1226 prosiliant,

670 1254 725 1297 et
755 1244 996 1299 hostium
1041 1246 1211 1299 latera
1250 1245 1533 1299 invadant.
1567 1244 1626 1301 In
1654 1247 1828 1300 tribus
1860 1255 2041 1299 autem
2077 1247 2263 1303 vacuis

673 1337 870 1403 spatiis
897 1346 1061 1405 atque
1119 1335 1425 1392 intervallis
1465 1337 1719 1393 secunda:
1759 1337 1895 1391 aciei
1928 1336 2079 1392 viros
2130 1353 2263 1392 cen-

675 1438 811 1491 tum,
845 1434 939 1481 aut
962 1427 1233 1484 ducentos
1265 1428 1583 1494 collocabis,
1623 1438 1681 1482 ut
1710 1429 1963 1483 videatur
2013 1444 2118 1483 una
2146 1429 2268 1499 jun-

673 1528 873 1589 ctaque
896 1508 1217 1576 acies'esse.
1257 1519 1345 1585 lli,
1384 1520 1430 1575 si
1465 1521 1595 1592 quid
1626 1536 1766 1591 opus
1796 1523 1889 1584 sit,
1924 1521 2103 1577 locum
2135 1524 2266 1577 dent

675 1613 867 1683 prima
905 1611 1039 1666 aciei
1092 1610 1158 1665 ad
1204 1611 1319 1666 haee
1369 1611 1654 1665 intervalla
1693 1627 1751 1666 sc
1794 1611 2125 1683 recipienti;
2178 1613 2265 1668 sin

676 1704 882 1767 minus,
938 1702 1006 1756 ad
1062 1701 1242 1772 fugam
1273 1702 1533 1757 incitatos
1564 1703 1891 1775 reprimant,
1920 1714 1973 1759 et
2009 1706 2075 1760 ad
2109 1722 2264 1762 suam

675 1797 919 1866 ipsorutn
985 1794 1155 1849 aciem
1218 1808 1313 1848 eos
1374 1794 1676 1864 impellant,
1725 1804 1778 1849 et
1850 1796 2264 1867 atltergistites

2363 604 2459 658 τοῦ
2511 607 2789 677 σχήματος
2841 602 3081 658 εὔθετον.
3102 604 3225 659 Ἐπὶ
3257 605 3473 671 τούτοις
3512 605 3732 677 στήσεις
3766 606 3861 661 καὶ
3891 609 3958 659 τὶ

2362 698 2632 766 λεγόμενα
2655 699 2862 771 κέρατα
2888 696 3032 750 κατὰ
3058 700 3247 769 χεῖραν
3270 697 3505 767 (89),καὶ
3526 697 3835 771 ἔμπροσθεν
3855 699 3959 766 τῆς

2364 789 2586 863 πρώτης
2612 791 2839 856 τάξεως,
2877 791 3002 853 τοὺς
3041 789 3140 861 μὲν
3170 789 3497 860 λεγομένους
3532 790 3959 862 ύπερκεράστας

2364 884 2506 937 κατὰ
2536 883 2598 934 τὸ
2630 882 2805 949 δεξιὸν
2842 882 3006 953 μέρος
3030 920 3045 943 ,
3074 880 3201 943 τοὺς
3230 880 3287 933 δὲ
3322 880 3771 949 πλαγιοφύλακας
3816 881 3961 934 κατὰ

2362 975 2424 1028 τὸ
2454 973 2755 1043 εὐώνυμον.
2771 973 2882 1027 Καὶ
2902 973 3071 1026 ταῦτα
3099 970 3341 1025 εστωσαν
3358 972 3466 1027 ὀιπὸ
3488 979 3531 1025 σ¹
3555 970 3788 1043 ἀνδρῶν,
3814 971 3960 1024 ὥστε

2365 1061 2504 1119 εἶναι
2536 1064 2784 1135 ἑτοίμους
2817 1065 2897 1129 εἰς
2921 1062 2981 1116 τὸ
3006 1063 3285 1117 κυκλῶσαι
3308 1064 3408 1134 τὴν
3437 1063 3817 1134 ἐπερχομένην
3845 1064 3960 1116 τῶν

2368 1153 2644 1223 πολεμίων
2689 1153 2995 1224 παράταξιν
3044 1152 3171 1217 τοὺς
3219 1151 3659 1224 ὑπερκεράστας,
3693 1154 3772 1217 είς
3806 1151 3862 1205 δὲ
3899 1155 3963 1205 τδ

2366 1243 2610 1296 κωλῦσαι
2639 1243 2736 1312 τὴν
2770 1242 2863 1297 ἀπ’
2896 1242 3121 1297 ἐκείνων
3166 1241 3306 1296 κατὰ
3347 1242 3443 1312 τῆς
3492 1242 3589 1313 σῆς
3622 1242 3828 1309 τάξεως
3858 1242 3962 1296 κύ-

2366 1335 2564 1389 κλωσιν
2591 1337 2715 1399 τοὺς
2746 1334 3061 1405 εὐωνύμους
3103 1334 3554 1403 πλαγιοφύλακας
3575 1375 3588 1397 ,
3624 1336 3657 1408 ἢ
3688 1335 3830 1405 τάχα
3864 1334 3963 1388 καὶ

2365 1428 2565 1490 αὐτοὺς
2616 1429 2696 1491 είς
2741 1426 3017 1480 κύκλωσιν
3066 1426 3341 1497 ἑτοίμους.
3392 1426 3503 1480 Καὶ
3551 1426 3686 1497 πρὸς
3746 1426 3963 1490 τούτοις

2367 1521 2618 1590 ποιήσεις
2650 1523 2707 1573 ὲν
2735 1520 2975 1591 ἑκατέρᾳ
3008 1519 3217 1591 πλευρᾷ
3265 1519 3541 1592 μακρόθεν
3572 1510 3835 1591 τάγματα
3866 1520 3961 1574 δύο

2367 1612 2475 1666 ἀπὸ
2520 1613 2733 1684 ἀνδρῶν
2766 1612 2830 1677 a',
2862 1613 3005 1666 ὥστε
3052 1613 3132 1676 είς
3186 1612 3434 1681 ἐνέδρους
3478 1613 3759 1682 γενέσθαι,
3789 1615 3962 1684 ἧγουν

2370 1704 2740 1774 ἒγκρύμματα
2790 1704 2943 1758 ένοεν
2992 1706 3251 1759 κακεῖθεν
3288 1705 3387 1776 τῆς
3445 1706 3548 1776 σῆς
3598 1706 3965 1778 παρατάξεως

2368 1794 2630 1859 ἑστῶτας,
2659 1794 2873 1866 ἁθρόως
2927 1795 2985 1848 δὲ
3041 1797 3135 1850 καὶ
3192 1796 3253 1849 τὸ
3304 1794 3599 1867 λεγόμενον
3643 1796 3964 1866 δρουγγιστὶ

674 1898 1004 1955 magnopere
1029 1899 1163 1948 cum,
1186 1882 1294 1937 illis
1325 1892 1511 1953 postea
1531 1884 1707 1953 juncti
1737 1885 2077 1953 adjnvahunt
2102 1902 2114 1937 :
2143 1902 2265 1955 qtne

2377 1886 2743 1957 ἑκπηδῶντας,
2777 1887 2872 1939 καὶ
2914 1887 3060 1940 κατὰ
3108 1887 3217 1941 τῶν
3250 1887 3504 1961 πλευρῶν
3536 1888 3647 1942 τῶν
3681 1888 3964 1960 πολεμίων

674 1993 767 2034 res
795 1992 906 2034 non
936 1990 1107 2047 parvo
1136 1975 1390 2045 prmsidio
1413 1984 1496 2030 cst
1526 1976 1593 2031 iis
1618 1976 1706 2045 qni
1738 1977 1790 2030 in
1818 1976 2010 2046 proelio
2036 1976 2259 2033 fuerint.

674 2071 780 2138 Qui
822 2078 1033 2127 restant
1062 2078 1280 2125 centum
1321 2069 1443 2135 viri,
1480 2085 1603 2123 cum
1648 2070 1983 2141 imperatore
2029 2065 2151 2142 ipso
2186 2072 2264 2127 si-

675 2164 787 2218 mul
812 2165 867 2218 in
903 2162 1251 2233 expeditione
1276 2163 1597 2233 procedant,
1633 2172 1692 2216 ut
1726 2164 1770 2217 si
1805 2162 2025 2234 quando
2054 2163 2266 2219 amat-tte

676 2254 816 2325 parti
842 2254 1278 2309 succurrendum
1304 2253 1393 2315 sit,
1420 2253 1455 2305 ii
1480 2268 1546 2307 eo
1575 2254 1729 2307 missi
1759 2271 2015 2325 magnum
2041 2256 2094 2309 in
2123 2257 2267 2311 bello

678 2351 1019 2395 momentum
1076 2339 1327 2405 afferant,
1379 2350 1432 2395 et
1471 2342 1761 2413 praesentia
1796 2359 1895 2400 sua
1949 2344 2263 2399 inclinatam

677 2426 887 2502 partem
944 2432 1252 2487 sublevent.
1287 2431 1464 2501 Atque
1519 2432 1583 2486 ad
1620 2434 1765 2488 hunc
1801 2433 2019 2487 modum
2068 2436 2264 2505 prima,

675 2525 942 2588 secunda,
974 2524 1136 2579 tertia
1169 2524 1319 2579 acies
1352 2527 1654 2591 instruet-ac,
1693 2527 1902 2581 militia:
1946 2536 2147 2582 nostrae
2190 2528 2269 2582 la-

676 2617 878 2684 lerani,
931 2616 1224 2682 covnistcs,
1268 2617 1587 2688 tergistitcs,
1648 2626 1703 2672 et
1734 2617 1969 2685 insidia),
2004 2628 2057 2674 el.
2094 2621 2147 2674 in
2182 2620 2267 2674 in-

677 2706 933 2761 terstitiis
984 2707 1079 2777 qui
1136 2716 1258 2760 sunt
1296 2706 1482 2776 positi,
1517 2716 1570 2761 et
1611 2709 1702 2777 qui
1757 2710 1809 2763 in
1845 2710 2109 2766 subsidiis
2143 2725 2266 2765 cum

678 2797 1008 2868 inperatore
1046 2804 1197 2863 sunt,
1229 2806 1468 2867 quatuor
1512 2800 1756 2857 millibus
1790 2801 2032 2857 virorum
2066 2801 2271 2860 descri-

2366 1981 3086 2053 ὲπερχομένους.¹Ἐστωσαν
3113 1982 3169 2036 δὲ
3202 1984 3297 2037 καὶ
3341 1983 3399 2036 ἐν
3446 1984 3559 2047 τοῖς
3603 1983 3751 2054 τρισὶ
3784 1986 3965 2048 κενοῖς

2369 2074 2561 2144 μέρεσι
2607 2074 2708 2144 τῆς
2756 2074 3015 2147 δευτέρας
3066 2075 3425 2146 παρατάξεως
3473 2074 3582 2128 ἀπὸ
3630 2075 3844 2145 ἀνδρῶν
3893 2074 3966 2147 ρ’,

2368 2168 2535 2237 ἤγουν
2563 2165 2754 2236 ἄνδρες
2797 2164 2864 2232 τ’,
2896 2167 3036 2221 ὥστε
3065 2167 3243 2222 δοκεῖν
3274 2166 3629 2237 συνημμένην
3677 2162 3822 2220 εἶναι
3867 2169 3965 2221 καὶ

2368 2258 2539 2328 αὐτὴν
2558 2256 2655 2329 τὴν
2684 2257 2858 2323 τάξιν.
2882 2250 3043 2312 Οὗτοι
3066 2258 3145 2324 δὲ,
3177 2261 3224 2311 εἰ
3253 2259 3361 2329 ἄρα
3395 2257 3554 2329 χρεία
3581 2258 3803 2312 καλέσοι
3835 2258 3970 2312 ὑπο-

2369 2350 2615 2421 χωρῆσαι
2664 2352 2790 2414 τοὺς
2841 2351 2941 2422 τῆς
2974 2350 3199 2422 πρώτης
3224 2350 3454 2415 τάξεως,
3481 2352 3562 2414 εις
3592 2351 3661 2404 τὰ
3693 2351 3980 2422 εἰρημέναι

2367 2442 2494 2512 τρία
2521 2442 2652 2496 κενὰ
2702 2443 3151 2514 ὑποχωρήσουσιν
3185 2442 3380 2508 ὀπίσω,
3416 2441 3553 2510 ὁμοῦ
3606 2442 3663 2496 δὲ
3706 2442 3803 2497 καὶ
3830 2444 3969 2498 ἁνα-

2373 2526 2617 2581 στελοῦσι
2649 2529 2775 2593 τοὺς
2805 2530 3092 2600 ὁρμῶντας
3139 2531 3273 2601 προς
3316 2531 3515 2601 φυγὴν,
3578 2531 3670 2585 καὶ
3702 2532 3968 2602 έπιστρέο

2368 2618 2531 2689 ψουσι
2557 2622 2635 2684 εἰς
2664 2621 2762 2691 τὴν
2804 2623 3012 2676 οἰκείαν
3046 2622 3226 2675 αὐτῶν
3255 2622 3407 2686 τάξιν
3440 2625 3552 2685 τοῖς
3591 2621 3969 2691 νωτοφύλαξιν

2372 2712 2490 2783 ἅμα
2526 2712 2804 2783 γινόμενοι
2829 2712 2917 2767 διὰ
2945 2713 3046 2784 τῆς
3081 2714 3257 2767 ὀπίσω
3292 2714 3718 2785 ὑποχωρήσεως,
3741 2717 3884 2785 ὅπερ
3906 2714 3968 2767 ού

2376 2804 2579 2876 μικρὰν
2618 2802 2791 2877 ῥοπὴν
2822 2806 3041 2876 ποιήσει
3068 2810 3180 2871 τοῖς
3211 2808 3634 2877 ἀγωνιζομένοις
3662 2807 3969 2879 ὠφέλιμον.

679 2888 902 2943 bantur.
939 2886 1243 2957 Imperator
1287 2887 1529 2942 medium
1556 2890 1745 2959 prima:
1776 2891 1911 2945 aciei
1947 2890 2125 2945 locmn
2169 2891 2270 2945 ob-

2377 2897 2435 2949 Ui
2487 2896 2545 2950 δὲ
2592 2895 2770 2950 λοιποὶ
2817 2894 2862 2968 ρ’
2893 2897 3085 2968 ἄνδρες
3115 2896 3360 2952 ἔστωσαν
3399 2899 3516 2967 ἃμα
3555 2898 3636 2969 τῷ
3671 2900 3971 2969 στρατηγῷ

680 2980 903 3047 tiuebit,
963 2980 1225 3046 instruat,
1282 2996 1349 3037 ac
1413 2982 1718 3052 provideat,
1759 2998 1884 3053 qua:
1942 2983 2090 3038 facto
2128 2998 2269 3053 Opus

2377 2985 2516 3054 μετὰ
2540 2986 2639 3057 τῆς
2665 2986 2799 3049 ἰδίας
2822 2985 2972 3055 αὐτῷ
2994 2986 3369 3057 προελεύσεως
3390 3006 3402 3018 ·
3434 2988 3522 3042 ἶνα
3550 2988 3754 3042 ὁπόταν
3782 2988 3966 3059 συμϐῇ

682 3085 832 3140 sunt,
867 3088 1168 3145 secumque
1204 3073 1307 3129 hoe
1330 3079 1553 3130 centum
1590 3078 1834 3130 virorum
1870 3076 2065 3129 habeat
2087 3076 2273 3131 subsi-

2377 3076 2532 3145 χρεία
2559 3076 2813 3145 γενέσθαι
2847 3077 3232 3148 βοηθῆσαίτινι
3264 3076 3588 3149 βαρουμένῳ
3621 3079 3807 3149 μέρει,
3835 3080 3974 3134 ἁπο-

681 3168 854 3223 dium.
871 3166 1470 3238 SinmajoribuscOpiis
1494 3183 1632 3237 opus
1656 3166 1750 3231 sit,
1770 3168 1836 3220 ad
1867 3168 2269 3233 turmarcham,

2376 3168 2720 3239 στελλόμενοι
2753 3169 2945 3239 ἱκανὴν
2975 3171 3149 3241 ῥοπὴν
3183 3172 3501 3241 παρέχωσιν
3524 3170 3674 3240 αύτῴ
3705 3173 3802 3224 καὶ
3832 3172 3969 3226 ἁνα-

682 3260 775 3332 qui
805 3259 937 3315 olim
969 3257 1289 3331 imperator,
1316 3273 1465 3316 nunc
1498 3259 1812 3325 recrarcha,
1837 3268 1932 3312 aut
1961 3261 2273 3313 turmarcha

2379 3259 2556 3331 ψυχὴν
2589 3260 2675 3313 διὰ
2707 3260 2805 3330 τῆς
2854 3260 3035 3315 αὐτῶν
3082 3261 3422 3332 ἱκανότητος.
3460 3262 3568 3314 καὶ
3610 3260 3755 3315 οὕτω
3807 3264 3909 3332 μὲν
3938 3265 3978 3333 η

682 3353 912 3417 dicitur,
949 3353 1169 3425 mittere
1201 3360 1437 3422 oportet.
1475 3348 1818 3405 Turmarcha
1858 3358 2039 3403 autem
2082 3348 2274 3419 singu-

684 3445 753 3501 lis
786 3446 1055 3517 partibus,
1109 3444 1225 3500 sive
1272 3444 1472 3498 turmis
1504 3452 1631 3496 ante
1672 3442 1799 3512 poni
1845 3440 2044 3506 debet;
2093 3439 2275 3493 omni-

688 3539 793 3593 bus
843 3548 1023 3592 antcm
1076 3537 1264 3607 praesit
1310 3536 1628 3604 imperator.
1687 3533 1746 3587 In
1792 3533 2024 3603 singulis
2078 3531 2276 3585 turmis

687 3614 992 3703 drdngarii,
1024 3631 1139 3685 sive
1167 3622 1372 3684 tribuni
1396 3629 1527 3692 sint,
1557 3636 1611 3683 ct
1642 3627 1871 3682 comites
1900 3624 2003 3680 sub
2034 3626 2163 3690 illis,
2192 3640 2279 3678 re-

688 3722 929 3792 liquique
962 3720 1225 3792 praefecti,
1252 3721 1342 3789 qui
1378 3729 1569 3790 regant
1622 3717 2041 3790 gubernentque
2069 3716 2279 3771 excrci-

2382 3349 2532 3402 πᾶσέι
2581 3366 2638 3401 τε
2695 3348 2885 3421 πρώτη
2920 3352 3012 3403 καὶ
3043 3349 3268 3418 δευτέρα
3321 3351 3412 3401 καὶ
3458 3351 3616 3421 τρίτη
3665 3350 3822 3415 τάξις
3872 3351 3973 3420 τῆς

2382 3440 2775 3511 παρατάξεως,
2826 3441 2920 3493 καὶ
2972 3440 3037 3510 δὴ
3092 3443 3186 3495 καὶ
3237 3441 3286 3493 οἱ
3336 3442 3818 3510 πλοιγιοερύλακες,
3877 3443 3973 3496 καὶ

2383 3532 2815 3603 ύπερκεράσται,
2848 3531 2941 3583 καὶ
2970 3531 3350 3601 νωτοφύλακές
3384 3550 3442 3585 τε
3475 3534 3565 3586 καὶ
3602 3534 3808 3603 ἔνεδροι
3831 3574 3847 3598 ,
3879 3536 3973 3587 καὶ

2381 3624 2430 3677 οἱ
2459 3623 2612 3695 μέσοι
2647 3621 2755 3675 τῶν
2790 3621 2963 3675 κενῶν
2998 3623 3198 3690 τόπων,
3226 3625 3319 3677 καὶ
3345 3624 3410 3696 δὴ
3440 3624 3534 3679 καὶ
3558 3626 3607 3678 οἱ
3638 3626 3697 3677 έν
3732 3625 3973 3696 61:060-11-

2383 3718 2504 3787 θείᾳ
2537 3716 2676 3787 μετὰ
2711 3716 2806 3768 τοῦ
2856 3715 3165 3788 στρατηγοῦ
3192 3717 3517 3787 τεταγμένοι
3546 3718 3603 3770 ὲν
3635 3718 3778 3779 ὅλοις
3812 3716 3855 3771 δ’
3876 3720 3974 3772 ἀν-

689 3821 829 3877 ιιιιιι,
858 3823 912 3869 et
947 3813 1013 3867 ad
1048 3813 1385 3883 propositum
1414 3810 1667 3883 prwiium
1694 3811 1944 3865 incitent.

2382 3808 2541 3879 δράσι
2576 3808 2777 3870 πάντες
2801 3807 2939 3877 ὁμοῦ
2970 3808 3371 3873 ταττέσοωσαν,
3398 3809 3427 3862 ὁ
3451 3808 3507 3861 δὲ
3538 3809 3849 3879 στρατηγὸς
3872 3808 3973 3880 τὴν

693 3910 866 3981 μέσην
895 3910 1063 3980 ἐχέτω
1110 3907 1265 3985 τάξιν
1306 3909 1407 3976 τῆς
1454 3905 1679 3977 πρώτης
1725 3904 2105 3975 παρατάξεως,
2163 3903 2257 3957 καὶ
2294 3903 2629 3956 διαταττέτω
2692 3904 2786 3955 καὶ
2817 3901 2999 3974 ὁράτω
3025 3902 3093 3956 τὰ
3121 3903 3308 3957 δέοντα
3332 3945 3346 3968 ,
3382 3904 3476 3957 καὶ
3531 3903 3741 3974 ταύτην
3800 3903 3975 3974 έχέτω

691 4004 1113 4076 προσὸοήοειαν,
1145 4003 1300 4055 εἵπου
1332 4003 1425 4055 καὶ
1455 4001 1563 4054 δέοι
1594 3999 1839 4072 μείζονος
1867 4000 2176 4070 δυνάμεως,
2213 3998 2517 4067 ἐκπέμπων
2544 3998 2660 4068 ἅμα
2690 3996 2784 4049 τοῦ
2828 3997 2925 4049 σὺν
2982 3997 3131 4066 αὐτῷ
3159 3997 3391 4060 ἑστῶτος
3437 3998 3787 4068 τουρμάρχου
3834 3998 3975 4067 (90),

689 4085 814 4174 ἤτοι
844 4101 938 4155 τοῦ
974 4100 1139 4154 πάλαι
1173 4100 1269 4168 μὲν
1296 4096 1747 4167 ύποστρατήγου,
1780 4092 1875 4147 νῦν
1909 4092 1964 4147 δὲ
1995 4093 2270 4164 μεράρχου
2308 4090 2666 4158 καλουμένου.
2702 4089 2812 4141 Καὶ
2837 4089 2947 4156 γὰρ
2976 4086 3098 4140 καθ’
3150 4088 3381 4140 ἕκαστον
3436 4088 3604 4158 μέρος
3659 4088 3979 4159 ἔμπροσθεν

688 4193 1043 4264 τουρμάρχης
1086 4190 1291 4259 ὀφείλει
1323 4187 1744 4259 προτάττεσθαι,
1803 4186 1900 4239 καὶ
1959 4185 2054 4237 ἐπὶ
2098 4187 2316 4237 πάντων
2372 4182 2581 4235 τούτων
2608 4184 2635 4236 ὁ
2664 4178 2993 4251 στρατηγός.
3030 4178 3339 4249 Ἐχέτωσαν.
3362 4178 3421 4233 δὲ
3452 4180 3520 4233 τὰ
3552 4180 3696 4251 μέρη
3726 4183 3980 4243 καὶτοὺς

694 4290 857 4349 ἰδίους
886 4285 1301 4357 δρουγγαρίους,
1334 4285 1429 4335 καὶ
1456 4284 1581 4345 τοὺς
1614 4281 1709 4335 ὑπ’
1732 4281 1977 4343 ἐκείνους
2007 4279 2279 4350 κόμητας,
2309 4279 2403 4330 καὶ
2433 4278 2560 4341 τοὺς
2588 4277 2810 4339 λοιποὺς,
2842 4275 3134 4347 ἄρχοντας,
3162 4274 3282 4328 κατ’
3305 4277 3510 4347 ἀρετὴν
3560 4275 3795 4331 ἕκαστον
3856 4294 3982 4332 aw—

692 4382 935 4445 εστῶτας
970 4381 1064 4436 καὶ
1102 4380 1379 4442 ἰθύνοντας
1406 4379 1533 4443 τοὺς
1562 4377 1901 4451 στρατιώτας
1939 4376 2036 4431 καὶ⁴
2065 4376 2434 4447 διτγείροντας
2463 4375 2601 4445 πρὸς
2630 4374 2731 4443 τὴν
2765 4374 3138 4445 προκειμένην
3167 4373 3368 4445 μάχην.

765 4474 888 4527 ιιι.
918 4472 1115 4526 Prima!
1144 4470 1279 4525 aciei
1318 4470 1723 4525 multitudinem
1765 4468 1833 4523 ad
1876 4469 2025 4524 hunc
2057 4469 2273 4523 modum

2460 4467 2602 4536 ρμδ’.
2638 4466 2711 4519 Τὸ
2739 4464 2795 4518 δὲ
2824 4466 2989 4518 ποσὸν
3016 4467 3118 4535 τῆς
3152 4464 3375 4537 πρώτης
3409 4463 3617 4530 τάξεως
3645 4465 3983 4538 διαιρήσεις,

694 4562 926 4621 divides.
963 4564 1202 4620 Tertiam
1264 4572 1475 4634 partem
1516 4562 1636 4632 ejus
1668 4601 1683 4626 ,
1720 4577 1861 4632 quos
1915 4562 2135 4616 noveris
2183 4558 2296 4612 for-

2398 4559 2493 4611 καὶ
2527 4558 2589 4611 τὸ
2631 4558 2729 4629 μὲν
2780 4556 2945 4611 αὑτοῦ
2995 4559 3165 4629 ἠγουν
3193 4560 3254 4611 τὸ
3282 4550 3464 4630 τρίτον
3498 4561 3663 4630 μέρος
3696 4562 3983 4632 ἀφορίσας

701 4672 782 4714 tes
827 4668 1199 4729 strenuosque
1251 4672 1397 4722 esse,
1433 4655 1485 4710 in
1512 4668 1770 4709 cursores
1814 4653 2048 4720 divides,
2080 4653 2273 4709 bessen

2394 4651 2473 4713 εἰς
2504 4652 2630 4714 τοὺς
2662 4651 2988 4720 λεγομένους
3014 4650 3362 4721 κούρσωρας,
3396 4651 3558 4713 ὅσους
3606 4651 3848 4721 μάλιστα
3890 4668 3985 4721 γι-

700 4754 967 4823 reliquam
1010 4752 1063 4805 in
1096 4750 1439 4812 defensores,
1477 4758 1537 4802 ut
1577 4749 1612 4803 ii
1646 4763 1703 4803 se
1723 4746 1980 4803 hostibus
2020 4746 2287 4816 objicien-

701 4856 783 4902 tes
814 4846 971 4916 quasi
1022 4850 1483 4916 propugnatores,
1530 4841 1824 4911 drungisti,
1859 4840 1914 4896 id
1962 4837 2293 4896 estconfer-

700 4939 823 5007 tim,
860 4940 981 4995 sine
1012 4940 1129 4993 acie
1166 4937 1221 4991 in
1249 4938 1437 4991 hostes
1463 4943 1813 5004 procurrant.
1842 4934 2000 5001 Quod
2044 4934 2091 4989 si
2121 4934 2175 4988 in
2208 4932 2292 4987 fu-

702 5048 825 5104 gam
874 5033 1000 5087 illos
1054 5031 1353 5091 verterint,
1400 5036 1703 5099 sequantur
1760 5023 2119 5091 defensores,
2178 5024 2295 5079 sive

702 5120 947 5175 vindices
977 5160 994 5186 ,
1046 5119 1219 5173 aciem
1254 5117 1583 5173 instructam
1640 5129 1747 5169 non
1796 5115 2145 5178 deserentes,
2199 5113 2294 5167 sed

703 5214 994 5285 diligenter
1021 5218 1329 5267 servantes.
1364 5206 1460 5261 Sin
1526 5218 1847 5276 premantur
1888 5218 2150 5260 cursores
2179 5202 2295 5257 sive

704 5307 1015 5378 proelastac,
1046 5313 1100 5361 et
1128 5300 1570 5367 retrocesserint,
1603 5308 1662 5354 nt
1700 5314 1825 5355 cum
1859 5301 1977 5355 acie
2036 5297 2294 5355 defenso-

2398 4742 2628 4805 νώσκεις
2657 4741 2938 4812 ἀνδρείους
2964 4743 3060 4795 καὶ
3089 4743 3409 4813 εύτόλμους,
3440 4746 3501 4797 τὸ
3524 4743 3578 4797 δὲ
3602 4744 3836 4815 δίμυρον
3867 4745 3983 4817 (9|)

2402 4833 2569 4903 μέρος
2589 4832 2773 4898 τάξεις
2800 4835 2876 4895 είς
2903 4834 3031 4897 τοὺς
3058 4834 3387 4905 λεγομένους
3418 4834 3741 4905 διφένσορας
3761 4875 3777 4900 ,
3812 4837 3900 4889 ἵνα
3932 4838 3985 4890 οι

2404 4927 2503 4997 μὲν
2536 4927 2679 4979 κατὰ
2713 4926 3006 4997 πρόσωπον
3036 4927 3381 4997 πεμπόμενοι
3408 4926 3483 4990 ὡς
3513 4927 3793 4997 πρόμαχοι
3822 4929 3986 4981 ἐπέλ-

2402 5022 2535 5075 Otus:
2572 5022 2713 5075 κατὰ
2742 5021 2849 5075 τῶν
2880 5020 3153 5091 πολεμίων
3186 5021 3521 5093 δρουγγιστὶ,
3560 5023 3589 5075 ὁ
3625 5023 3777 5075 έστιν
3819 5023 3982 5089 ὁμοῦ,

2404 5114 2742 5178 ἁνεντάξεως
2773 5112 2905 5183 (92).
2941 5113 3050 5167 Καὶ
3072 5115 3121 5166 εί
3165 5115 3263 5184 μὲν
3286 5113 3578 5185 τρέφουσιν
3607 5114 3831 5177 αὐτοὺς,
3865 5115 3988 5167 ἀκο-

2402 5206 2732 5278 λουθήσουσι
2755 5207 2851 5260 καὶ
2889 5208 2938 5260 οἱ
2964 5206 3316 5279 διφένσωρες,
3347 5209 3514 5279 ηγουν
3536 5208 3588 5259 οἱ
3621 5206 3809 5277 βοηθοὶ
3845 5208 3989 5260 ἐκδι-

2403 5316 2510 5366 κοι,
2544 5299 2622 5369 μὴ
2654 5297 2873 5362 λύοντες
2895 5298 2995 5371 την
3020 5298 3173 5363 τάξιν
3200 5297 3412 5359 αὐτῶν.
3437 5298 3552 5352 ἀλλ’
3578 5299 3860 5362 εὐτάκτως
3892 5316 3988 5352 πε-

2201 5438 2443 5497 ΝΟΤᾹΞ.

784 5564 894 5636 (89)
919 5563 1082 5619 Κατὰ
1116 5561 1339 5636 χεῖραν.
1366 5559 1798 5636 Observandum
1813 5560 1991 5636 χεῖρα,
2017 5575 2112 5636 pro
2133 5558 2283 5636 χείρ.

712 5629 804 5691 Sic
836 5629 976 5703 apud
1006 5629 1220 5689 Annam
1243 5634 1573 5703 Continenam
1600 5633 1755 5683 Alex.
1789 5631 1927 5703 libro
1960 5647 1972 5684 I
1999 5647 2011 5683 :
2047 5629 2156 5682 Καὶ
2182 5629 2287 5703 γὰρ

710 5706 789 5760 τὼ
819 5698 977 5776 ἄνδρε
1008 5705 1183 5758 τούτω
1223 5703 1318 5757 καὶ
1341 5702 1711 5776 ἄμφωᾼήστηᾼν
1740 5698 1892 5776 καλῶ
1915 5704 2007 5776 καὶ
2031 5698 2287 5776 γενναίω,

715 5779 808 5829 καὶ
832 5776 901 5829 τά
920 5767 990 5843 ’γε
1020 5778 1095 5840 εἰς
1125 5776 1312 5844 χεῖραν
1333 5767 1643 5842 καὶπείραν
1670 5767 1790 5824 ἴσω.
1813 5767 2086 5844 Nimirum
2108 5770 2281 5844 Graeci

715 5842 1050 5917 posteriores
1090 5842 1341 5915 quartum
1378 5858 1565 5899 casum
1608 5857 1704 5912 pro
1745 5842 1921 5912 primo
1969 5842 2282 5910 ponebant;

2395 5568 2450 5616 et
2474 5558 2603 5612 talia
2629 5558 2785 5626 plura
2815 5558 3125 5613 indiramus
3156 5558 3357 5628 passim
3384 5558 3438 5613 in
3465 5565 3657 5612 nostro
3683 5553 3987 5610 (ilouario.

2465 5630 2574 5698 (90)
2611 5629 3017 5698 Τουρμάρχου.
3056 5628 3432 5691 Scribebatur,
3505 5629 3847 5697 τουμάργυυ.

2470 5701 2586 5769 (91)
2616 5701 2894 5769 Δίμυρον.
2929 5700 3141 5763 Scribe,
3176 5699 3447 5769 δίμοιρον.

2467 5767 2582 5843 (92)
2641 5767 3058 5838 Ἀνεντιὶξεως.
3094 5771 3302 5836 Scribe,
3336 5767 3467 5824 ἄνευ
3496 5767 3726 5835 τάξεως.
