4200 6440
167 421 284 485 985

1199 416 1535 478 TACTICA.
1569 438 1639 456 --
1678 414 2179 477 CONSTITUTIO
2198 418 2416 481 XVIII.

3318 426 3426 489 986

166 531 532 600 ριπατοῦντες
559 529 668 601 (95)
688 546 702 562 ⁶
735 530 783 583 εί
802 528 859 582 δὲ
882 526 1193 599 βαρηθῶσιν
1228 530 1277 579 oi
1306 528 1612 597 κούρσωρες
1634 527 1689 597 (9
1702 528 1746 596 ί)

1852 541 1941 579 res
1977 527 2096 582 illos
2151 530 2487 598 excipientes
2538 530 2722 587 hostes
2784 533 3102 602 reprimant.
3164 535 3259 590 Sin
3303 539 3433 607 quid

162 624 345 691 ήγουν
379 625 429 675 οξ
449 623 731 692 λεγόμενοι
764 621 861 672 καὶ
919 619 1259 691 προκλάσται
1286 661 1299 682 ,
1334 613 1454 671 εἶτα
1488 618 1751 687 ὑποστρέ-

162 714 389 781 ψουσιν,
420 715 507 767 ἵνα
547 712 921 782 ὑποδέχωνται
951 711 1145 773 αὐτοὺς
1176 712 1226 762 οἱ
1256 710 1583 779 διφένσωρες
1614 708 1751 778 μετά

161 800 401 866 τάξεως.
436 802 530 853 καὶ
558 800 942 853 ἀναστέλλουσι
976 800 1103 860 τοὺς
1150 797 1459 865 πολεμίους.
1505 799 1567 850 ΕΞ
1605 797 1661 850 δέ
1699 814 1751 848 τι

162 892 264 943 καὶ
302 891 467 943 πλέον
496 893 587 944 κα)⁵
608 892 708 961 τῆς
736 888 998 958 δευτέρας
1034 888 1241 951 τάξεως
1272 887 1706 957 ύποϐοηθήσουσι
1734 924 1749 949 ,

163 981 265 1033 καὶ
294 980 523 1050 προσέτι
547 982 596 1033 οἱ
623 979 1025 1048 νωτοφύλακες,
1051 980 1147 1030 καὶ
1171 978 1315 1030 οὕτω
1346 977 1597 1041 διώξουσι
1625 976 1752 1039 τοὺς

162 1070 468 1139 πολεμίους
494 1111 509 1136 ,
563 1072 626 1122 ὲκ
655 1069 907 1139 διαδοχῆς
939 1070 1039 1141 τὴν
1069 1067 1319 1139 βοήθειαν
1358 1069 1511 1139 παρά
1539 1067 1749 1121 πολλῶν

163 1161 583 1231 ὑποδεχόμενοι.
605 1163 678 1215 Ού
707 1163 815 1232 γάρ
843 1178 933 1231 μοι
965 1161 1112 1215 δοκεῖ
1142 1163 1199 1213 ἐν
1251 1162 1350 1230 μιᾷ
1381 1159 1519 1231 μόνῃ
1568 1175 1749 1230 παρα-

160 1252 325 1317 τάξει
361 1253 807 1306 ἀποκινδυνεύειν
852 1252 1088 1321 ἀσφαλές
1119 1252 1253 1323 (95).
1298 1251 1466 1319 Ὀμοῦ
1509 1250 1617 1320 γὰρ
1656 1266 1751 1302 που

160 1342 346 1397 νοῦσα
380 1345 413 1414 ή
450 1346 549 1414 μία
580 1343 716 1413 ὁμοῦ
757 1344 851 1396 καὶ
901 1344 1114 1412 φεύγει.
1150 1340 1418 1396 Ἐνταῦθα
1458 1340 1515 1394 δὲ
1556 1343 1605 1393 εἰ
1662 1342 1753 1394 καὶ

162 1434 198 1503 ἠ
233 1433 435 1504 πρώτη
463 1434 712 1501 πονήσει,
745 1432 861 1485 ἀλλ’
890 1434 923 1502 ή
961 1432 1193 1503 δευτέρα
1221 1431 1434 1484 ἑστῶσα
1455 1429 1748 1501 ῥωμαλεὼ-

160 1541 332 1594 τερον
362 1522 628 1594 βοηθήσει
650 1522 789 1593 (96).
822 1523 886 1576 El
917 1523 975 1577 δὲ
999 1524 1093 1577 καὶ
1118 1523 1257 1594 αύτή
1283 1524 1510 1591 πονήσει
1535 1561 1550 1586 ,
1576 1521 1691 1573 ἀλλ’
1713 1524 1746 1592 ή

160 1616 336 1687 τρίτη
384 1616 612 1679 ἀπαθῶς
642 1615 844 1686 ἐπέλθῃ
871 1655 887 1681 ,
924 1616 1020 1668 καὶ
1062 1616 1206 1669 οὕτω
1254 1615 1391 1686 πρὸς
1425 1618 1571 1685 τρεῖς
1604 1617 1747 1670 άπα-

162 1704 284 1769 θεῖς
318 1704 656 1775 παρατάξεις
679 1706 710 1776 ή
737 1705 838 1775 μία
869 1704 979 1757 τῶν
999 1703 1272 1774 πολεμίων
1300 1703 1537 1756 πονοῦσα
1577 1704 1743 1756 εὐκα-

161 1796 513 1864 ταγώνιστος
540 1796 775 1865 γίνεται,
808 1795 903 1848 καὶ
931 1797 1141 1864 ταχέως
1169 1793 1457 1865 λυθήσεται
1475 1834 1491 1858 ,
1542 1795 1632 1846 καὶ
1663 1795 1743 1857 εἰς

1849 619 2069 686 gravius
2117 622 2418 690 contingat,
2481 622 2716 674 secunda
2781 625 2928 680 acies
2998 636 3052 679 et
3134 628 3433 697 tcrgistites

1853 717 2113 778 praeterea
2145 726 2299 780 OpCIlI
2334 711 2535 776 ferant,
2561 720 2722 781 atque
2755 714 2893 767 adeo
2928 717 3111 771 hostes
3143 718 3435 790 insequan-

1850 806 1961 863 tur,
1992 799 2094 853 sibi
2134 809 2320 853 mutuo
2358 816 2537 870 opem,
2566 802 2610 857 si
2636 803 2763 869 quid
2800 819 2933 864 usus
2968 807 3226 873 postulet,
3256 806 3435 860 (ercu-

1851 898 1952 945 tes.
1982 891 2176 960 Neque
2219 892 2363 945 enim
2406 894 2538 947 mihi
2583 902 2757 947 tutum
2792 893 3005 948 videtur
3052 912 3196 957 esse.
3244 912 3436 951 omnes

1850 994 1955 1032 una
1985 981 2038 1032 in
2076 981 2195 1032 acie
2224 994 2423 1047 ponere
2456 1022 2471 1047 ,
2509 998 2575 1037 ne
2616 983 2781 1037 simul
2814 993 3117 1053 pugnantes
3168 987 3327 1039 simul
3380 988 3433 1038 in

1847 1073 2148 1140 periculum
2179 1074 2419 1137 veniant,
2471 1083 2525 1128 et
2561 1076 2614 1129 in
2651 1074 2833 1143 fugam
2867 1091 2926 1130 se
2958 1076 3281 1147 conjiciant.
3333 1081 3430 1133 Hii:
3480 1066 3483 1071 V

1849 1172 2031 1217 autem
2055 1178 2369 1233 quanquam
2421 1165 2596 1234 prima
2624 1166 2817 1221 amicta
2850 1169 2941 1234 sit,
2973 1170 3210 1225 secunda
3241 1164 3441 1225 tamen

1849 1253 2075 1309 firmiter
2109 1257 2365 1310 Consistit
2414 1264 2577 1325 atque
2610 1256 2685 1310 illi
2711 1272 2865 1328 opem
2906 1260 3046 1317 ferre
3078 1263 3214 1317 solet
3248 1263 3433 1331 ;qttnd

1849 1349 1895 1402 si
1931 1349 2059 1417 quid
2094 1353 2314 1420 gravius
2341 1351 2455 1405 haec
2494 1366 2711 1422 quoque
2761 1353 3019 1422 patiatur,
3053 1358 3211 1410 tertia
3245 1365 3426 1411 tamen

1854 1453 2044 1493 secure
2071 1439 2307 1494 invadat.
2334 1442 2506 1509 Atque
2568 1442 2640 1495 ita
2676 1450 2884 1496 nostra:
2933 1452 3044 1499 tres
3074 1446 3221 1500 acies
3268 1447 3436 1501 ﬁrma:

1853 1524 2114 1581 adversus
2155 1543 2315 1581 unam
2350 1529 2587 1582 hostium
2607 1531 2780 1585 aciem
2812 1533 3203 1588 contendentes
3230 1574 3243 1595 .
3279 1535 3436 1588 facile

1851 1629 1970 1669 eam
2005 1632 2266 1686 superare
2299 1628 2461 1686 atque
2482 1634 2795 1690 expugnare
2821 1632 3051 1692 possunt
3092 1630 3146 1676 et
3175 1624 3224 1676 itt
3252 1624 3431 1693 rugam

1852 1707 2190 1776 praecipitare
2225 1750 2238 1773 ,
2294 1711 2682 1780 adjuvantibus
2725 1713 2792 1767 ad
2842 1714 2981 1769 hanc
3011 1731 3120 1770 rem
3160 1715 3422 1771 laterani;

1848 1806 1899 1852 et
1937 1800 2336 1855 cornislitibus.

160 1888 351 1958 φυγὴν
373 1889 630 1958 ὁρμήσει,
660 1886 1047 1956 συμπνεόντων
1086 1887 1332 1958 δηλονότι
1376 1885 1516 1938 κατὰ
1578 1881 1639 1939 τὺ
1705 1888 2055 1960 ἐνδεχόμενον
2088 1894 2181 1946 καὶ
2222 1894 2330 1949 τῶν
2390 1893 2844 1965 πλαγιοφυλάκων
2905 1897 2998 1949 καὶ
3039 1865 3158 1950 τῶν
3211 1897 3434 1967 ὑπερκε-

163 1980 409 2050 ραστῶν.

239 2101 387 2166 ρμεν.
407 2094 655 2149 Μάλιστα
676 2094 783 2149 τῶν
801 2092 1109 2165 εἰρημένων
1132 2092 1177 2167 ⁸δ
1202 2091 1413 2163 ἀνδρῶν
1443 2091 1740 2147 ἐπιλέκτων
1774 2101 1815 2153 Β

161 2186 343 2239 ὄντων
374 2188 467 2238 καὶ
499 2186 865 2256 διαφερόντων
893 2189 957 2256 τῇ
983 2186 1222 2255 ἀνδρείᾳ,
1252 2185 1347 2236 καὶ
1376 2187 1441 2254 τῇ
1476 2186 1602 2253 περὶ
1622 2184 1752 2246 τοὺς

161 2276 443 2346 πολέμους
468 2278 668 2347 ἀρετῇ,
694 2278 829 2345 ὅπερ
856 2275 1080 2344 ὀφείλει.
1116 2275 1190 2327 Οὐ
1228 2274 1337 2343 γὰρ
1384 2274 1518 2344 πρὸς
1553 2274 1748 2342 ἀνδρα-

162 2368 388 2438 ποδώδη
436 2368 671 2440 στρατὸν
718 2368 851 2437 ἡμῖν
890 2366 1172 2437 πρόκειται
1204 2367 1239 2435 ἡ
1292 2364 1532 2428 διάταξις
1558 2403 1574 2427 ,
1610 2364 1750 2417 ἀλλὰ

161 2461 312 2531 πρὸς
345 2460 530 2513 ἱκανὸν
590 2457 1075 2529 μεταχειρίσασθαι
1123 2457 1310 2521 ὅπλον,
1352 2456 1449 2509 καὶ
1493 2454 1748 2522 ἐκθύμως

161 2549 575 2619 ἀγωνίσασθαι.

237 2647 404 2711 ρμς’.
464 2640 575 2702 Τὰς
621 2640 678 2692 δὲ
724 2640 888 2703 ἀκίας
933 2640 1030 2709 τῆς
1083 2637 1340 2706 τοιαύτης
1397 2637 1751 2708 παρατάξεως

162 2733 424 2801 ποιήσεις
471 2732 579 2784 ἀπὸ
616 2731 827 2801 ἀνδρῶν
859 2730 990 2783 δέκα
1021 2729 1083 2781 τδ
1129 2727 1296 2798 βάθος
1338 2728 1458 2797 ήτοι
1486 2732 1549 2781 τὸ
1577 2728 1752 2799 πάχος

162 2822 382 2888 αὐτῶν,
404 2821 545 2877 ὥστε
570 2817 710 2875 εἶναι
739 2820 861 2874 καθ’
894 2821 1130 2891 ἑκάστην
1153 2820 1317 2874 ἀκίαν
1343 2821 1611 2891 ἄρχοντας
1631 2822 1749 2884 δύο,

160 2916 260 2969 τόν
291 2931 353 2966 τε
388 2913 680 2983 λεγόμενον
708 2912 958 2981 λοχαγὸν,
984 2912 1151 2982 ἤγουν
1180 2911 1463 2981 δέκαρχον,
1481 2912 1515 2981 ἢ
1541 2930 1753 2982 πρωτο-

163 3006 398 3075 στάτην,
427 3004 461 3073 ἢ
490 3004 789 3073 πρόμαχον,
808 3002 1009 3056 καὶτὸν
1024 3003 1280 3073 οὐραγὸν,
1302 3002 1361 3064 ὃς
1386 3004 1500 3055 ἐστι
1523 3002 1750 3072 ἔσχατος

161 3095 265 3150 τοῦ
300 3096 509 3165 στίχου,
539 3096 633 3149 καὶ
657 3094 903 3147 καλεῖται
922 3095 1252 3164 πεντάρχης,
1270 3092 1364 3155 οὓς
1393 3092 1489 3145 καὶ
1512 3093 1746 3162 μάλιστα

165 3189 395 3249 ἱκανοὺς
428 3184 568 3241 εἶναι
596 3188 724 3258 χρὴ,
762 3187 857 3240 καὶ
885 3186 1185 3256 ἀνδρείους,
1218 3185 1314 3238 καὶ
1334 3184 1748 3255 καταφράκτους

158 3281 278 3343 τοῖς
319 3277 657 3348 άρμόζουσιν
691 3277 897 3341 ὅπλοις,
929 3276 1022 3327 καὶ
1050 3272 1223 3338 οὕτως
1268 3273 1362 3327 τοῦ
1394 3274 1593 3343 βάθους
1638 3271 1747 3326 τῶν

1920 2091 2037 2147 145.
2075 2091 2197 2147 llaec
2237 2102 2473 2163 quatuor
2500 2094 2664 2147 millia
2709 2111 2775 2148 ex
2825 2096 3050 2152 delectis
3085 2096 3431 2164 strenuisque

1856 2183 1988 2237 viris
2012 2183 2167 2244 ﬁant,
2197 2192 2248 2237 et
2290 2184 2342 2236 in
2385 2185 2526 2239 bello
2573 2187 2808 2254 gerendo
2841 2190 3157 2243 exercitatis
3207 2205 3220 2240 :
3254 2203 3433 2255 nequ".

1851 2272 1998 2325 enim
2043 2272 2111 2325 de
2144 2272 2350 2341 plebeis
2388 2268 2452 2327 ac
2508 2274 2749 2330 fortuitis
2788 2276 3104 2332 hominibus
3155 2278 3360 2332 mentio
3402 2293 3432 2330 a

1853 2360 2014 2415 nobis
2060 2359 2225 2415 facta‘
2258 2372 2363 2426 est,
2390 2362 2485 2416 sed
2517 2363 2583 2418 de
2637 2380 2700 2419 ea
2731 2368 2849 2421 acie
2896 2384 3017 2437 qua:
3066 2370 3240 2438 possit
3280 2382 3431 2422 arma

1849 2467 2038 2522 gerere
2066 2462 2118 2508 et
2152 2454 2403 2507 alacriter
2438 2453 2721 2511 dimicare.

1936 2635 2057 2689 HG.
2093 2636 2459 2691 Contubernia
2500 2637 2663 2706 hujus
2692 2639 2827 2694 aciei
2862 2640 2928 2694 ad
2960 2641 3144 2695 decem
3190 2642 3433 2696 virorum

1863 2727 2207 2800 altitudinem
2238 2728 2426 2791 facies,
2466 2740 2523 2783 ut
2567 2729 2621 2782 in
2665 2746 2989 2801 unaquaque
3020 2733 3139 2785 acie
3187 2733 3296 2786 duo
3330 2735 3432 2787 viri

1866 2817 1999 2879 sint,
2030 2818 2169 2871 alter
2216 2818 2475 2890 lochagus
2496 2859 2511 2882 ,
2572 2822 2688 2874 sive
2713 2822 3020 2889 caudauus,
3070 2823 3186 2881 sive
3212 2824 3435 2897 quinta-

1856 2925 1989 2963 nus:
2013 2925 2153 2979 quos
2187 2923 2441 2965 strenuos
2464 2913 2799 2984 idoneosque
2838 2917 2986 2971 viros
3043 2933 3163 2973 esse
3198 2931 3435 2989 oportet,

1866 3009 1921 3054 et
1954 3001 2164 3055 idoneis
2190 3003 2355 3056 armis
2384 3003 2700 3059 instructos.
2728 3006 2906 3073 Atque
2935 3008 2999 3061 ad
3046 3009 3190 3063 hunc
3216 3014 3435 3066 modum

1860 3090 2150 3145 altitudine
2179 3094 2415 3145 acicrum
2442 3095 2732 3159 instructa,
2758 3098 2825 3152 ad
2845 3099 3255 3169 longitudinem,
3272 3117 3436 3170 quam

1861 3193 2233 3238 transversiim
2269 3185 2540 3240 altitudini
2598 3188 2909 3257 appellant,
2944 3199 3209 3260 quantum
3245 3208 3437 3247 nume-

1861 3289 1958 3329 rus
1997 3280 2051 3328 et
2078 3273 2248 3329 latera
2284 3276 2589 3344 patiuntur,
2621 3278 2877 3333 instruat.

159 3372 342 3426 ἀκιῶν
386 3368 720 3439 τεταγμένου
747 3409 762 3435 ,
796 3367 855 3422 τὸ
904 3366 996 3420 ἐπὶ
1054 3364 1308 3436 μέτωπον
1342 3366 1556 3436 έκταμα
1604 3365 1740 3436 πρὸς
1774 3364 1975 3429 πλάτος
1998 3366 2138 3419 κατά
2162 3364 2349 3434 ζυγὸν,
2381 3368 2505 3421 ὅσον
2534 3367 2601 3421 ἂν
2663 3371 2949 3441 ἀπαντήσῃ
2988 3371 3280 3425 τάττεσθαι
3335 3373 3433 3426 καὶ

161 3462 310 3516 κατὰ
349 3458 615 3529 πλευράν.

234 3577 388 3650 ρμξ’.
432 3581 555 3633 Ἐπὶ
585 3580 644 3633 δὲ
689 3580 789 3649 τῆς
822 3578 919 3632 νῦν
971 3577 1281 3640 ὑποθέσεως
1332 3577 1363 3645 ή
1410 3574 1512 3644 μὲν
1551 3573 1742 3646 πρώτη

1920 3576 2045 3630 147.
2087 3574 2381 3642 Quoniam,
2429 3578 2888 3647 quemadmodum
2923 3596 3070 3637 nunc
3126 3584 3436 3663 posuimus,

158 3674 489 3743 τάξις,ἧτις
520 3673 616 3727 καὶ
670 3673 752 3736 είς
796 3671 923 3742 τρία
959 3670 1102 3741 μέρη
1128 3668 1533 3739 διαιρεθήσεται
1558 3707 1574 3732 ,
1623 3666 1747 3720 καθ’

158 3764 400 3816 ἕκαστον
452 3764 618 3833 μέρος
668 3760 779 3826 ἕξει
830 3759 991 3824 ἀκίας
1036 3765 1101 3825 V,
1158 3758 1262 3812 ἀνὰ
1305 3755 1338 3810 ι’
1389 3756 1620 3827 ἐχούσας
1684 3758 1747 3809 τὸ

162 3854 335 3923 βάθος
357 3854 498 3907 κατὰ
524 3853 727 3924 στίχον,
758 3853 869 3906 ἀπὸ
902 3850 997 3905 τοῦ
1030 3849 1262 3921 λοχαγοῦ
1305 3851 1400 3903 καὶ
1438 3838 1748 3919 πρωτοστά-

160 3962 260 3997 του
324 3945 432 4008 ἓως
475 3944 571 3997 τοῦ
622 3945 854 4015 ἐσχάτου
907 3943 1171 4014 οὐραγοῦ,
1220 3941 1293 4005 ὡς
1319 3936 1456 3994 εἶναι
1483 3940 1582 4004 τὰς
1620 3941 1746 4003 ὅλας

161 4034 476 4098 ἀκίας·τῶν
498 4035 665 4107 τριῶν
701 4034 884 4105 μερῶν
939 4034 1041 4103 τῆς
1096 4033 1319 4102 πρώτης
1376 4032 1585 4095 τάξεως
1643 4030 1745 4101 ρν’,

160 4127 287 4197 ἦτοι
334 4127 532 4198 ἄνδρας
568 4145 619 4199 ,α
664 4128 757 4181 καὶ
806 4124 857 4195 φ’
883 4141 898 4156 ⁸
937 4128 972 4196 ή
1004 4127 1062 4178 δὲ
1107 4127 1337 4195 δευτέρα
1378 4124 1532 4188 τάξις
1575 4123 1748 4192 ἐχέτω

162 4218 259 4271 διὰ
288 4217 399 4272 τῶν
430 4220 713 4290 τεσσάρων
762 4218 934 4285 αὐτῆς
968 4218 1153 4288 μερῶν
1195 4217 1358 4280 ἀκίας
1392 4216 1496 4269 ἀνά
1530 4213 1603 4283 η’,
1654 4216 1748 4266 καὶ

164 4311 357 4375 πέντε,
395 4311 494 4373 τὰς
528 4310 706 4373 πάσας
740 4310 903 4374 ἁκίας
934 4307 980 4379 ρ’
1013 4309 1222 4381 ἀνδρῶν
1244 4327 1313 4381 Ια.
1351 4309 1415 4361 Οί
1443 4307 1501 4359 δὲ
1528 4306 1747 4373 πλαγιο-

163 4401 412 4469 φύλακες
434 4401 646 4466 ἕξουσιν
686 4402 846 4463 ἀκίας
885 4407 956 4466 κ’,
986 4400 1183 4470 ἄνδρας
1216 4407 1282 4463 α’,
1316 4397 1539 4468 προσέτι
1587 4397 1644 4450 δὲ
1699 4396 1750 4449 oi.

163 4491 376 4562 ἔνεόροι
406 4491 575 4563 ήγουν
606 4491 673 4545 τά
723 4489 1092 4562 ἐγκρύμματα
1136 4489 1288 4541 ἐνθεν
1338 4485 1593 4541 κάκεῖθεν
1640 4483 1750 4537 τῶν

162 4582 262 4637 δύο
296 4583 480 4654 μερῶν
503 4583 602 4651 τῆς
637 4582 1021 4654 παρατάξεως,
1047 4581 1131 4635 ἀν’
1166 4579 1339 4635 ἀκιῶν
1373 4576 1445 4644 κ’,
1473 4577 1635 4639 άκῐας
1675 4572 1747 4645 μ’,

163 4676 284 4729 ἀντ’
310 4675 516 4744 ἀνδρῶν
546 4673 612 4740 α’,
631 4674 768 4744 ὁμοῦ
788 4674 845 4726 δὲ
866 4673 1062 4745 ἄνδρας
1082 4679 1149 4737 u',
1172 4674 1264 4725 καὶ
1285 4672 1332 4724 oi
1358 4672 1418 4723 ἐν
1438 4671 1548 4731 τοῖς
1576 4671 1749 4730 κενοῖς

162 4767 211 4822 δ’
264 4767 499 4830 ἑστῶτες
537 4766 635 4835 τῆς
696 4765 959 4835 δευτέρας
1001 4762 1381 4835 παρατάξεως,
1425 4761 1643 4825 οἵτινες,
1675 4759 1749 4822 ὡς

163 4857 411 4926 εἴρηται,
446 4856 543 4908 καὶ
572 4854 701 4917 τοὺς
735 4852 1038 4921 φεύγοντας
1056 4850 1497 4915 ἀναστέλλουσιν,
1529 4848 1746 4901 ἔσονται

1849 3665 2023 3734 prima
2075 3667 2219 3720 acies
2247 3668 2301 3719 in
2368 3674 2481 3722 tres
2544 3680 2725 3737 partes
2756 3669 3042 3735 dividitur,
3095 3688 3435 3744 unaquaeque

1847 3771 1975 3822 pars
2004 3753 2395 3826 quinquaginta
2428 3760 2786 3813 contubernia
2814 3760 3050 3827 habebit,
3071 3780 3193 3832 qua:
3221 3766 3435 3834 singula

1846 3844 2034 3899 decem
2095 3846 2242 3900 vit-os
2304 3846 2584 3900 habebunt
2614 3863 2643 3901 a
2676 3848 2942 3917 locltago,
3004 3851 3055 3904 id
3087 3860 3171 3906 est
3201 3853 3412 3907 decano

1847 3935 1913 3989 ad
1956 3935 2304 4001 ultimanum,
2334 3937 2528 3991 ordine
2576 3939 2802 4003 locatos,
2835 3951 2892 3993 ut
2946 3944 3204 3996 universa
3232 3951 3435 3997 contu-

1852 4028 2039 4083 bernia
2102 4030 2293 4098 primae
2342 4029 2478 4083 aciei
2527 4040 2743 4084 centum
2795 4034 3187 4104 quinquaginta
3216 4038 3347 4104 sint,
3382 4039 3436 4092 id

1851 4128 1935 4175 est
1990 4120 2088 4173 viri
2131 4121 2279 4174 mille
2302 4120 2604 4190 quingenti.
2648 4120 2899 4176 Secunda
2938 4126 3085 4179 acies
3131 4126 3326 4181 habeat
3378 4130 3436 4184 in

1850 4220 2085 4277 quatuor
2120 4210 2271 4263 illius
2302 4210 2546 4277 partibus
2576 4210 2935 4264 contubernia
2961 4212 3153 4282 viginti
3190 4214 3436 4284 quinque

1850 4302 2103 4372 singulis,
2137 4302 2409 4354 universis
2442 4309 2663 4355 centum
2724 4302 3104 4367 contubernia,
3143 4304 3194 4357 id
3229 4314 3314 4359 est
3350 4307 3435 4358 vi.

1848 4410 1944 4449 ros
1984 4393 2151 4447 mille.
2207 4390 2461 4447 Laterani
2525 4393 2759 4447 habeant
2807 4394 3167 4449 contubernia
3217 4396 3433 4465 viginti,

1850 4486 2002 4539 viros
2057 4484 2325 4537 ducentos
2358 4484 2649 4538 :similiter
2698 4486 3019 4540 cornistites
3070 4487 3433 4541 contubernia

1849 4574 2062 4643 viginti,
2099 4574 2248 4627 viros
2287 4573 2551 4628 ducentos
2608 4575 2858 4628 habeant.
2895 4575 3113 4629 lnsidim
3170 4588 3433 4645 praatert-a

1852 4664 1979 4718 hinc
2018 4674 2177 4733 atque
2234 4664 2384 4718 illittc
2434 4666 2570 4719 aciei
2627 4667 2982 4721 contubernia
3036 4668 3249 4737 viginti,
3284 4670 3434 4722 viros

1849 4754 2115 4807 ducentos
2155 4753 2384 4822 singqu
2435 4754 2713 4808 habeant:
2753 4756 3019 4809 universae
3072 4758 3433 4811 enntnbernia

1850 4845 2209 4915 quadraginta
2232 4883 2247 4907 ,
2288 4845 2436 4899 viros
2465 4845 2921 4915 quadringentos,
2954 4849 3042 4914 qui
3078 4848 3131 4901 in
3164 4848 3429 4902 interval-

164 4948 235 5000 τά
257 4947 387 5017 τρία
423 4945 568 5015 μέρη
585 4944 694 4998 ἀπὸ
719 4944 893 4997 άκιῶν
936 4941 1004 5013 ρ’,
1028 4941 1165 5010 ὁμοῦ
1188 4940 1400 5012 ἀνδρῶν
1437 4938 1504 5004 τ’,
1556 4937 1651 4991 καὶ
1686 4940 1734 4991 οἱ

1851 4939 1912 4991 lis
1942 4936 2199 4990 inanibus
2234 4936 2469 5006 singulis
2504 4937 2754 4991 locantur
2787 4928 3043 4992 secunda:
3076 4939 3210 4993 aciei
3237 4932 3426 4991 conui-

160 5039 243 5111 τῷ
277 5037 569 5108 στρατηγῷ
597 5035 945 5107 παρεστῶτες
974 5035 1162 5106 ἄνδρες
1187 5032 1250 5105 ρ’.

239 5222 395 5294 ρμη¹.
426 5222 617 5275 Ἀλλαι
647 5221 749 5291 μὲν
794 5222 941 5291 τρεῖς
999 5218 1333 5291 παρατάξεις
1390 5215 1747 5289 ἐξῃρημένων

166 5314 279 5366 τῶν
310 5310 635 5385 κουρσώρων
665 5312 770 5363 ὑπὸ
802 5310 962 5373 ἀκίας
993 5310 1385 5380 ταχθήσονται,
1417 5308 1486 5358 τὰ
1511 5304 1564 5357 δὲ
1586 5304 1747 5358 λοιπὰ

165 5406 423 5475 τάγματα
448 5404 616 5475 ήγουν
637 5403 686 5455 οἱ
718 5401 1160 5471 πλαγιοφύλακες
1184 5400 1278 5453 καὶ
1316 5398 1747 5467 ύπερκεράσται,

1850 5028 2039 5082 bernia
2096 5028 2281 5082 decem
2320 5028 2562 5082 virorum
2590 5067 2605 5091 ,
2644 5029 2806 5082 simul
2866 5037 3138 5084 tercentos
3166 5070 3181 5095 ,
3231 5037 3285 5083 et
3336 5032 3430 5100 qui

1849 5128 2107 5190 prmterea
2142 5123 2452 5189 imperatori
2494 5121 2693 5174 adsunt
2716 5131 2934 5175 centum
2956 5122 3076 5174 viri.

1926 5212 2048 5266 148.
2085 5213 2326 5280 Reliquae
2382 5213 2549 5267 acies.
2589 5213 2834 5281 exceptis
2881 5214 3200 5268 cursoribus
3238 5215 3433 5271 ordine

1852 5301 2084 5372 quodam
2118 5302 2503 5366 instruantur;
2550 5301 2776 5356 laterani
2798 5343 2812 5369 ,
2840 5304 3186 5368 cornistites,
3219 5304 3432 5360 insidia:

1854 5409 1962 5449 non
1998 5408 2215 5463 semper
2239 5394 2537 5459 instructa,
2568 5394 2661 5449 sed
2698 5409 2793 5463 pro
2829 5410 2961 5450 usus
3015 5398 3226 5450 ratione
3259 5398 3433 5450 inti-r-

1146 5535 1166 5560 ‘
1673 5531 1900 5590 NOTAE.

246 5653 360 5723 (95)
398 5653 712 5734 Εὺτὰκτως
736 5653 1223 5723 περιπατοῦντες.
1252 5650 1629 5716 Scribebatur,
1653 5648 1746 5703 ού-

174 5740 823 5795 τακτοπεριπατρωντες.

247 5794 361 5865 (94)
398 5789 460 5848 σι
482 5789 839 5863 κούρσωρες.
874 5793 1248 5861 Scribebalur,
1275 5794 1322 5847 οί
1350 5789 1644 5861 κούσωρες.

2086 5645 2403 5726 ξᾼσςξᾳλές.
2433 5645 2815 5726 ἓοιίμοιικιιυν,
2844 5648 3045 5726 ῥαφίς.

1934 5715 2042 5790 (96)
2076 5716 2395 5785 Βοηυήσει.
2433 5715 2803 5784 Scribebatur,
2839 5720 3043 5787 βοήσει.
