4200 6440
711 406 818 469 987

1928 396 2202 462 LEONIS
2252 397 2352 459 PH
2365 396 2711 460 [LOSOPIII

3886 398 4005 462 988

705 521 833 573 dum
869 519 1167 590 drungtsti,
1196 520 1249 573 id
1290 516 1703 587 cst,conferti:n,
1752 518 2056 577 incurrant.
2110 515 2278 568 inter-

2401 515 2501 582 ίιτοι
2541 514 2589 564 οἱ
2615 512 2749 577 πρὸς
2768 510 2866 579 τὴν
2889 510 3162 564 κύκλωσιν
3212 512 3490 580 ταγέντες,
3524 512 3614 564 καὶ
3639 513 3705 583 δὴ
3734 513 3829 567 καὶ
3856 516 3910 567 oi
3933 519 4001 567 ἐκ

702 611 833 664 dum
868 612 1112 664 ordinent
1144 624 1303 665 suum
1338 616 1685 662 conservent.

2402 604 2511 655 τῶν
2533 600 2961 671 ἐγκρυμμάτων,
2989 602 3107 671 ἦτοι
3130 600 3179 652 οἱ
3209 601 3416 672 ἐνεδροι
3447 603 3540 654 καλ⁵
3568 604 3616 655 οἱ
3649 603 3865 667 λοιποὶ,
3889 605 3998 655 οῦκ

703 705 790 757 ἀεὶ
823 702 1242 770 συντεταγμένοι
1266 703 1576 771 στήσονται,
1606 698 1740 753 ἀλλὰ
1768 698 1903 769 πρὸς
1928 697 2025 768 τὴν
2086 696 2296 766 χρείαν,
2342 694 2471 747 ποτέ
2510 694 2610 763 μὲν
2655 692 2827 755 οὕτως
2853 694 2971 762 ἦτοι
3011 693 3328 762 δρουγγιστὶ
3372 693 3776 758 ἐπελεύσονται,
3840 697 3876 767 ἢ
3919 696 4001 756 ὠς

702 797 923 849 ἀπαιτεῖ
950 795 983 863 ἡ
1013 793 1105 846 τοῦ
1137 794 1372 864 πολέμου
1405 793 1739 863 περίστατις.

776 931 897 986 149.
950 930 1237 1001 Eligentur
1263 947 1327 985 ex
1372 933 1436 987 iis
1466 928 1767 999 designatis
1825 936 2058 997 quatuor
2114 925 2284 979 milli-

702 1019 805 1075 bus
836 1022 1076 1074 virorum
1104 1060 1118 1085 ,
1176 1019 1411 1090 praefecti
1442 1018 1639 1073 delecti
1704 1018 1849 1071 mille
1884 1016 2119 1070 trecenti
2146 1029 2285 1084 qua-

702 1113 953 1182 draginta
982 1128 1103 1178 sex,
1147 1113 1395 1188 quintani
1446 1111 1768 1181 octingenti,
1810 1109 2000 1163 dccani
2033 1107 2291 1178 quadrin-

703 1205 877 1274 genti,
910 1205 1367 1275 quinquagenarii
1423 1204 1722 1274 octoginta,
1771 1203 2127 1255 centuriones
2154 1215 2291 1269 qua-

701 1296 1229 1365 draginta,comitcs
1284 1295 1496 1365 viginti,
1554 1294 1836 1362 drungarii
1871 1301 2127 1363 quatuor,
2175 1300 2291 1345 turb

700 1388 937 1441 marcha:
959 1387 1087 1442 duo.
1110 1389 1186 1442 Ita
1207 1397 1369 1443 erunt
1397 1387 1634 1458 prazfecti
1655 1387 1890 1457 majores
1909 1394 2022 1440 tum
2049 1387 2287 1440 minores

2470 920 2613 991 ρμθ’.
2646 918 3088 989 Συναχθήσονται
3142 917 3319 971 τοίνυν
3355 918 3464 971 ἀπὸ
3500 917 3609 972 τῶν
3659 918 3805 973 οὕτω
3833 938 3998 974 τεταο

2399 1030 2434 1082 γ
2445 1014 2621 1083 μένων
2642 1009 2682 1063 δ’
2712 1010 2972 1081 χιλιάδων
2994 1010 3203 1079 ἀνδρῶν
3227 1011 3277 1062 οι
3301 1009 3501 1070 πάντες
3533 1009 3799 1080 ἄρχοντες
3847 1012 3996 1064 κατὰ

2395 1102 2495 1172 τὴν
2520 1100 2701 1156 αὐτῶν
2719 1100 2873 1165 τάξιν
2914 1100 3191 1154 ἐπίλεκτοι
3233 1097 3404 1169 ατμς⁹
3433 1099 3631 1165 οὕτως,
3683 1100 3996 1171 πεντάρχαι

2402 1197 2502 1265 μὲν
2524 1193 2605 1260 ω’,
2631 1193 2893 1264 δεκάρχαι
2917 1191 2975 1245 δὲ
2996 1189 3064 1257 υ’,
3098 1190 3566 1262 πεντηκοντάρχαι
3589 1191 3645 1245 δέ
3666 1193 3716 1245 οί
3744 1191 3849 1245 καὶ
3875 1209 3995 1262 τρι-

2397 1283 2579 1337 σοῦνοι
2624 1282 2949 1352 καλούμενοι
2977 1279 3051 1347 π’,
3084 1281 3371 1352 κένταρχοι
3397 1281 3567 1352 ἡγουν
3592 1281 3994 1351 ἑκατοντάρχαι

2398 1373 2471 1444 μ’,
2498 1375 2735 1445 κύμητες
2764 1371 2834 1437 κ’,
2865 1372 3215 1443 δρουγγάριοι
3244 1372 3338 1425 καὶ
3367 1371 3638 1442 χιλίαρχοι
3682 1370 3747 1434 δ’,
3782 1388 3994 1442 τουρμ-

701 1478 850 1532 mille
888 1481 1114 1534 trecenti
1147 1479 1506 1549 quadraginta
1539 1495 1653 1532 sex.
1698 1476 1901 1548 Sicque
1944 1478 1998 1531 in
2033 1476 2291 1532 universo

2401 1464 2551 1534 ipxm
2612 1464 2677 1534 β’,
2712 1463 2914 1534 ὁμοίως
2954 1464 3214 1534 ἄρχοντες
3256 1462 3445 1533 μικροὶ
3494 1462 3722 1533 μεγάλοι
3780 1461 3990 1534 γατμςζ

700 1570 950 1624 exercitu
1011 1572 1286 1639 eligantur
1340 1571 1378 1623 ii
1438 1570 1647 1624 strenui
1723 1568 1947 1622 milites.
2015 1566 2296 1620 Summam

698 1661 868 1714 totius
901 1661 1135 1725 numeri,
1188 1660 1269 1712 ιρι
1316 1661 1632 1714 universum
1669 1658 1939 1728 reliquum
2001 1660 2300 1713 exercitum

698 1749 902 1815 potius,
936 1747 1083 1818 quod
1134 1747 1312 1801 thema
1361 1748 1585 1810 dicitur,
1623 1749 1818 1799 horum
1872 1754 2111 1816 quatuor
2154 1746 2301 1798 mille

698 1839 943 1892 virorum
974 1840 1327 1903 delectorum,
1377 1839 1602 1893 armatis
1630 1837 1910 1906 equitibus
1936 1852 1998 1890 ac
2057 1836 2300 1890 strenuis

700 1929 974 1984 militibus
1003 1930 1304 1999 complehis
1325 1969 1339 1994 ,
1379 1930 1838 1999 quemadmodum
1872 1927 1973 1983 tibi
1999 1928 2064 1981 ad
2096 1942 2296 1997 oppor—

703 2016 991 2069 tunitatem
1034 2017 1297 2084 temporis
1329 2015 1583 2070 idoneum
1613 2014 1906 2070 videbitur.

772 2291 895 2347 150.
938 2291 1117 2361 Atque
1157 2289 1274 2344 hzec
1307 2289 1526 2359 quidem
1580 2290 1653 2344 ita
1693 2289 1848 2343 nobis
1895 2288 2297 2343 describantur»

702 2384 750 2439 si
786 2383 964 2437 minor
995 2383 1161 2437 fuerit
1194 2384 1430 2439 hostimn
1485 2386 1764 2438 exercitus
1789 2424 1803 2447 ,
1837 2390 1931 2436 aut
1971 2385 2016 2438 si
2045 2384 2295 2452 aequalis.

704 2477 801 2531 Sin
833 2478 991 2548 longe
1019 2480 1203 2548 plures
1229 2479 1469 2532 hostium
1508 2482 1680 2548 capia:
1708 2479 1932 2540 fuerint,
1958 2477 2025 2531 ad
2059 2478 2299 2547 prmitie-

704 2581 812 2624 tam
846 2571 1069 2625 fomlam
1101 2573 1400 2626 evercitutu
1429 2572 1758 2641 duplicabis,
1798 2570 2021 2626 totidem
2050 2572 2299 2639 pluribus

703 2660 768 2714 ad
795 2664 1096 2716 exercitum
1132 2670 1284 2715 tuum
1315 2664 1566 2730 adjectis,
1603 2671 1662 2715 ut
1700 2663 1957 2717 universa
1984 2665 2129 2717 acies
2163 2675 2288 2716 oeto

703 2752 935 2805 millium
987 2755 1090 2815 sit,
1138 2763 1193 2807 et
1228 2754 1454 2822 singulm
1508 2754 1766 2808 cohortes
1803 2755 2087 2822 mqualem,
2140 2762 2303 2822 atque

703 2854 859 2897 antea
890 2860 1175 2898 nmnerum
1236 2846 1490 2901 habeant.
1543 2845 1637 2901 S;n
1679 2848 1948 2901 nonsatis
1983 2846 2146 2900 fuerit
2196 2847 2301 2899 du-

703 2934 905 3002 plicare
927 2974 941 2999 ,
988 2935 1294 3004 triplicabis
1328 2935 1625 2989 exercitum
1656 2975 1670 2998 ,
1699 2944 1753 2989 ct
1778 2936 1916 2990 duos
1965 2937 2103 2989 alios
2134 2936 2302 2988 duces

702 3024 969 3094 adjunges
1006 3042 1129 3078 rum
1195 3025 1464 3082 militibus
1527 3027 1754 3081 delectis
1809 3036 1862 3081 et
1902 3028 2180 3091 strenuis,
2243 3036 2303 3081 ut

705 3116 833 3167 fiant
860 3115 1097 3169 universi
1133 3116 1416 3171 duodecim
1445 3117 1612 3170 millia
1646 3119 1913 3171 virorum.
1948 3118 2135 3187 Itaque
2162 3130 2301 3187 prte-

701 3206 849 3260 dicto
888 3221 1038 3261 more
1066 3208 1348 3261 universus
1382 3209 1656 3263 exercitus
1709 3209 2077 3274 deseribetur,
2131 3209 2302 3277 tripli-

701 3296 840 3350 catis
870 3312 1198 3366 unaquaque
1244 3300 1296 3351 iu
1326 3298 1441 3352 acie
1478 3299 1765 3353 militibus.

2407 1555 2503 1609 καὶ
2531 1553 2704 1618 οὓτως
2741 1556 2842 1626 μὲν
2871 1554 2966 1609 ἐπὶ
2992 1554 3088 1608 τοῦ
3119 1556 3237 1619 ἐνὸς
3280 1555 3513 1625 θέματος
3541 1555 3991 1624 ἐπιλεγισθωσαν

2406 1646 2644 1717 ἀνδρεῖοι
2678 1646 3012 1716 στρατιῶται
3042 1647 3135 1701 καὶ
3171 1645 3571 1716 πληρούτωσαν
3596 1648 3657 1699 τὸ
3694 1647 3988 1717 λεγόμενιν

2408 1736 2804 1808 στρατιωτικὸν
2826 1736 2988 1807 θέμα,
3020 1738 3140 1808 ἦτοι
3191 1736 3300 1789 τῶν
3348 1736 3391 1799 ,δ
3438 1737 3530 1790 τὸν
3575 1736 3814 1806 ἀριθμὸν
3866 1739 3989 1789 ἐπι-

2403 1828 2636 1893 λέκτων,
2662 1828 2755 1881 καὶ
2785 1827 3025 1881 ἐνόπλων
3052 1827 3435 1896 καΰαλλαρίων
3457 1826 3552 1879 καὶ
3577 1827 3848 1895 γενναίων
3872 1831 3988 1889 ταῖς

2404 1922 2648 1993 ἀρεταῖς.
2675 1921 2748 1973 Τὸ
2766 1919 2809 1973 δ’
2834 1920 2962 1975 ἄλλο
2992 1920 3197 1990 πλῆθος
3224 1922 3289 1974 ἐκ
3314 1921 3406 1974 τοῦ
3430 1921 3663 1991 θέματος
3691 1922 3772 1984 είς
3795 1920 3884 1973 ἐτέ
3892 1938 3988 1991 ρας

2328 2034 2370 2088 Β
2399 2012 2583 2079 τάξεις
2616 2013 2709 2065 καὶ
2737 2014 2927 2083 χρείας
2971 2013 3427 2082 καταμεριζέσθω
3446 2053 3460 2076 ,
3504 2013 3580 2076 ὡς
3611 2014 3675 2067 άν
3714 2029 3798 2066 σοι
3824 2012 3980 2082 δοκῇ.

2408 2097 2434 2121 τ

2402 2102 2447 2157 ὦ
2503 2102 2843 2173 στρατηγῖῖ
2910 2103 2975 2158 τὸ
3023 2103 3335 2157 λυσιτελοῦν
3388 2104 3527 2175 πρὸς
3581 2105 3675 2157 τὸν
3722 2104 3985 2158 ἑκάστοτε

2403 2194 2614 2265 καιρόν.
2773 2196 2790 2211 ⁵

2478 2285 2573 2356 ρν’.
2607 2288 2715 2341 Καὶ
2744 2285 2917 2341 ταῦτα
2959 2288 3057 2357 μὲν
3086 2290 3328 2358 εἴρηται,
3354 2288 3450 2340 ἐὰν
3480 2288 3587 2359 ἄρα
3616 2289 3801 2357 ὀλίγος
3838 2289 3989 2341 ἐστὶν

2402 2377 2431 2429 ὁ
2457 2379 2569 2430 τῶν
2598 2378 2874 2448 πολεμίων
2897 2378 3131 2449 στρατὸς
3164 2379 3305 2448 ὑπὲρ
3325 2381 3417 2432 τὸν
3446 2380 3538 2433 σὺν
3562 2422 3577 2445 ,
3606 2383 3639 2452 ἢ
3670 2382 3802 2443 ἴσως
3847 2382 3985 2450 (97).

2404 2471 2466 2524 Et
2503 2472 2561 2525 δὲ
2591 2472 2967 2545 πολυπληθείᾳ
2998 2471 3315 2525 πλεονεκτεῖ
3338 2474 3365 2526 ὁ
3389 2473 3652 2535 ἐναντίος,
3686 2474 3813 2526 τότε
3845 2479 3987 2527 κατὰ

2402 2565 2494 2617 τὸν
2525 2564 2817 2631 ὁρισθέντα
2851 2582 2933 2617 σοι
2962 2565 3134 2619 τύπον
3188 2568 3245 2618 ἐν
3276 2567 3342 2635 τῇ
3374 2563 3788 2635 προδηλωθείσῃ
3818 2581 3990 2634 παρα-

2401 2655 2575 2721 τάξει,
2602 2657 2635 2720 ἢ
2664 2655 2953 2720 διπλὼσεις
2990 2657 3047 2708 τὸ
3082 2655 3401 2725 στράτευμα
3430 2656 3539 2708 ἀπὸ
3576 2655 3784 2726 ἐτέρων
3817 2655 3989 2725 θεμά-

2402 2766 2511 2802 των
2537 2749 2647 2802 τῶν
2670 2750 2998 2819 στρατηγῶν
3030 2765 3122 2802 σου
3147 2792 3161 2814 ,
3203 2749 3343 2801 ὥστε
3380 2748 3638 2817 γενέσθαι
3670 2750 3772 2817 τὴν
3808 2751 3992 2801 πᾶσαν

2404 2842 2711 2912 παράταξιν
2742 2843 2997 2912 χιλιάδων
3022 2841 3093 2911 η’,
3119 2842 3362 2912 δηλονότι
3407 2841 3549 2895 κατὰ
3572 2842 3666 2895 τὸν
3696 2841 3994 2913 εἰρημένον

2402 2937 2574 2987 τύπον
2628 2935 2989 3003 μεριζομένου
3040 2933 3134 2986 τοῦ
3181 2933 3305 2985 ὅλου
3331 2932 3565 3002 στρατοῦ
3593 2972 3609 2997 ,
3638 2931 3783 3002 πλὴν
3826 2932 3992 3000 μόνον

2403 3025 2496 3078 τοῦ
2530 3026 2698 3078 ποσοῦ
2732 3026 2855 3077 καθ’
2886 3025 3119 3078 ἕκαστον
3154 3025 3340 3094 τάγμα
3374 3024 3474 3093 τῆς
3511 3022 3718 3087 τάξεως
3759 3038 3990 3092 προσ-τεο

2404 3115 2656 3185 θεμένου.
2689 3116 2752 3169 Εἰ
2793 3114 2849 3167 δέ
2888 3114 2964 3184 μὴ
3005 3114 3273 3168 διπλῶσαι
3321 3114 3481 3183 μόνον
3523 3113 3705 3184 ἀρκεῖ,
3738 3114 3837 3165 καὶ
3871 3129 3992 3182 τρι-

2404 3206 2659 3269 πλὼσεις,
2725 3204 3039 3258 συντάσσων
3118 3205 3214 3258 καὶ
3268 3205 3490 3276 ἐτέρους
3536 3202 3582 3273 β’
3645 3204 3992 3273 στρατηγοὺς

2408 3298 2523 3366 ἅμα
2561 3296 2672 3357 τοῖς
2694 3294 2785 3346 ὑπ’
2820 3294 3017 3357 αὐτοὺς
3049 3294 3413 3365 στρατιώταις
3454 3295 3630 3357 οὕτως
3673 3294 3992 3353 ἐπιλέκτο;ς

700 3388 795 3441 καὶ
827 3388 1260 3460 καταφράκτοις,
1304 3388 1443 3443 ὥστε
1472 3389 1565 3442 δύο
1607 3392 1699 3443 καὶ
1730 3391 1860 3443 δέκα
1891 3389 2145 3459 γενέσθαι
2196 3386 2594 3458 χιλιάδας.Καὶ
2636 3386 2808 3450 οὕτως
2867 3386 3009 3440 κατὰ
3068 3386 3161 3439 τὸν
3213 3386 3502 3457 εἰρημένον
3567 3385 3775 3439 ἄνωθεν
3819 3384 3993 3436 τύπον

698 3480 1186 3550 διαιιερισθήσεται
1230 3482 1349 3544 ὅλος
1382 3483 1410 3534 ὁ
1443 3480 1695 3551 στρατὸς,
1723 3481 2120 3551 τριοπλωμένων
2145 3478 2395 3552 δηλονότι
2420 3477 2532 3531 τῶν
2594 3477 2682 3546 ἐφ’
2708 3478 2915 3547 ἑκάστῃ
2951 3476 3101 3541 τάξει
3153 3476 3502 3547 στρατιωτῶν
3552 3474 3693 3529 κατὰ
3750 3476 3813 3529 τὸ
3879 3476 3992 3529 ἅνω

701 3588 803 3623 που
826 3570 1132 3641 ὡρισμένον
1159 3574 1345 3629 ποσόν,

774 3681 898 3734 Nil.
942 3680 1001 3734 Si
1033 3696 1155 3734 eum
1215 3683 1407 3750 paucis
1455 3691 1509 3737 et
1540 3684 1785 3738 strenuis
1816 3684 2067 3738 hostibus
2126 3698 2293 3753 nego-
2325 3690 2366 3747 c

703 3775 842 3828 tium
897 3774 1139 3826 futurum
1176 3782 1261 3827 cst
1286 3814 1300 3838 ,
1339 3774 1659 3844 videturque
1695 3775 1790 3829 tibi
1846 3776 1979 3830 utile
2016 3790 2138 3831 esse
2190 3792 2299 3830 uno

704 3879 770 3917 ex
846 3865 1089 3917 exercitu
1150 3879 1341 3939 onmes
1389 3867 1681 3931 instruere,
1742 3876 1854 3921 tres
1904 3867 2069 3921 facito
2131 3868 2300 3935 acies,

704 3959 946 4024 singulas
1002 3965 1235 4027 quatuor
1306 3958 1589 4023 millium,
1625 3961 2084 4031 quemadmodum
2166 3978 2303 4031 prze-

702 4045 983 4108 diximus,
1035 4044 1118 4098 vel
1162 4045 1325 4098 etiam
1370 4044 1417 4099 si
1466 4046 1714 4116 pluribus
1766 4048 2005 4103 millibus
2079 4064 2177 4119 pro
2212 4064 2301 4102 ra-

704 4137 856 4192 tione
886 4137 1172 4205 copiarum
1209 4145 1426 4190 tuarum
1472 4138 1862 4204 abundaveris,
1891 4149 1943 4195 et
1977 4141 2149 4210 prima
2187 4144 2304 4195 acie

705 4234 979 4284 irruentes
1007 4226 1194 4281 hostes
1223 4227 1490 4296 evcipies,
1518 4236 1570 4281 ct
1591 4228 1719 4283 dum
1752 4231 1787 4284 ii
1824 4231 1923 4285 hac
1955 4241 2301 4290 exercentur.

713 4316 762 4371 si
808 4317 862 4370 in
912 4315 1095 4386 fugam
1142 4325 1470 4384 vrrtantur,
1506 4320 1794 4389 quiescere
1851 4330 2080 4375 caeteros
2113 4320 2300 4377 facies.

703 4408 802 4464 Sin
838 4410 1044 4472 minus,
1082 4418 1194 4464 tum
1228 4412 1404 4465 altera
1437 4413 1585 4465 acies
1618 4427 1646 4465 a
1677 4423 1829 4483 tergo
1877 4414 2092 4467 illorum
2148 4414 2301 4468 inva-

704 4502 868 4567 dens,
902 4502 1263 4571 irruptionem
1323 4503 1378 4557 in
1422 4518 1516 4557 eos
1548 4502 1734 4570 faciet,
1766 4521 1936 4574 quare
1966 4519 2074 4560 non
2105 4520 2299 4576 parum

710 4595 897 4649 hostes
927 4593 1379 4663 profligabuntur.
1417 4592 1513 4647 Sin
1560 4609 1627 4649 ne
1660 4596 1740 4649 sic
1785 4595 2002 4665 quidem
2035 4611 2302 4665 superen-

713 4704 825 4753 tur,
857 4687 952 4742 sed
980 4687 1199 4741 fortiter
1244 4690 1528 4749 resistant,
1564 4696 1676 4741 tum
1728 4688 1885 4742 tertia
1917 4688 1999 4742 vel
2028 4688 2094 4741 ad
2136 4690 2300 4742 latus.

710 4782 794 4836 vel
829 4794 860 4833 a
893 4787 1044 4848 tergo
1065 4775 1352 4844 invadens,
1377 4788 1428 4831 et
1457 4778 1617 4833 simul
1646 4793 1771 4831 cum
1806 4778 1926 4834 aliis
1961 4781 2144 4834 hostes
2189 4781 2299 4833 cir'.

700 4871 1088 4935 cumcludens,
1126 4869 1378 4926 funditus
1436 4872 1680 4938 delebit;
1718 4874 1969 4942 quamvis
2006 4877 2149 4929 enim
2200 4890 2299 4929 att-

700 4964 858 5018 dacia
893 4965 1051 5032 quasi
1077 4964 1267 5019 colore
1292 4965 1477 5036 aliquo
1531 4965 1861 5023 imbuuntur
1898 4971 2104 5033 hostes,
2134 4983 2301 5028 carne

2476 3687 2613 3752 ρνα⁰.
2674 3682 2781 3734 Καὶ
2829 3681 2879 3733 εἰ
2907 3680 3004 3749 μὲν
3034 3681 3165 3751 πρὸς
3198 3681 3412 3750 ὀλίγους
3443 3684 3538 3736 καὶ
3564 3683 3855 3755 ἀνδρείους
3897 3703 3987 3739 πο-

2404 3773 2624 3844 λεμίους
2673 3773 2816 3844 ἔχεις
2868 3775 2959 3827 τὸν
2989 3773 3195 3842 ἀγῶνα,
3229 3777 3323 3828 καὶ
3360 3775 3507 3829 δοκεῖ
3545 3792 3627 3829 σοι
3674 3778 3986 3849 χρήσιμον,

2406 3864 2549 3917 κατὰ
2596 3864 2655 3917 ἓν
2707 3864 2849 3935 θέμα
2884 3865 3119 3931 ἐκτάξας
3153 3868 3303 3936 τρεῖς
3342 3867 3591 3937 ποιήσεις
3648 3868 3991 3938 παρατάξεκ

2405 3954 2509 4007 ἀνὰ
2539 3954 2797 4023 χιλιάδων
2823 3955 2888 4017 δ’,
2936 3955 3077 4007 κατά
3129 3955 3221 4008 τὸν
3280 3955 3519 4026 ρηθέντα
3571 3956 3779 4023 τύπον,
3823 3960 3859 4031 ἢ
3896 3962 3991 4012 καὶ

2406 4045 2671 4099 πλειόνων
2700 4045 2980 4115 χιλιάδων,
3012 4047 3154 4098 κατὰ
3182 4045 3244 4098 τὸ
3272 4046 3441 4098 ποσὸν
3478 4048 3579 4115 τῆς
3622 4047 3718 4101 τοῦ
3750 4050 3990 4119 στρατοῦ

2406 4138 2690 4209 εὐπορίας,
2719 4139 2815 4191 καὶ
2836 4141 2902 4210 τῇ
2929 4138 3030 4207 μὲν
3055 4140 3152 4209 μιᾷ
3182 4124 3511 4210 προσϐαλεῖς
3531 4141 3742 4205 αὐτοῖς,
3770 4144 3804 4212 ἢ
3828 4158 3991 4212 προσ·

2405 4230 2701 4295 σάλλοντας
2741 4232 2979 4304 ὑποδέξῃ
3010 4233 3240 4299 αὐτοὺς,
3290 4232 3386 4286 καὶ
3414 4234 3507 4287 ἐπὶ
3543 4233 3718 4305 ταύτῃ
3759 4235 3991 4288 ἐκείνων

2404 4329 2843 4399 ἀσχολουμένων,
2879 4331 2928 4383 εί
2958 4329 3059 4400 μὲν
3098 4329 3406 4401 τραπῶσιν,
3440 4331 3535 4384 καὶ
3567 4329 3748 4395 οὕτως
3772 4330 3990 4397 διώξεις

2406 4421 2691 4490 ἀσφαλῶς,
2721 4424 2769 4476 εἰ
2798 4422 2843 4476 δ’
2871 4422 3190 4487 άνθιστῶσι,
3222 4423 3345 4475 τότε
3380 4423 3475 4475 καὶ
3504 4424 3538 4492 ὴ
3568 4423 3735 4493 ἑτέρα
3767 4426 3990 4495 ποιήσει

2405 4529 2494 4565 ται
2559 4513 2893 4584 προσϐολὴν,
2930 4512 3214 4577 ἐξόπισθεν
3261 4513 3442 4567 αὐτῶν
3497 4513 3844 4577 ἐπελθοῦσα,
3894 4516 3988 4568 καὶ

2404 4603 2579 4667 οὕτως
2637 4604 3178 4675 κατεργασθήσονται
3237 4606 3285 4658 οἱ
3343 4604 3608 4676 πολέμιοι.
3662 4605 3726 4659 Et
3788 4606 3849 4659 δὲ
3890 4609 3987 4659 καὶ

2406 4695 2542 4765 πρὸς
2598 4695 2802 4765 ταύτην
2851 4696 3200 4766 ἀντίσχωσιν,
3246 4695 3364 4750 ἀλλ’
3399 4700 3433 4767 ἡ
3495 4696 3658 4766 τρίτη
3680 4696 3986 4751 ἐπελθοῦσα

2405 4788 2439 4855 ἢ
2461 4785 2687 4839 ὄπισθεν
2716 4788 2748 4858 ἢ
2776 4789 2839 4840 ἐκ
2870 4787 3126 4856 πλαγίου,
3146 4789 3241 4842 καὶ
3267 4789 3384 4859 ἄμα
3411 4790 3530 4851 ταῖς
3557 4788 3751 4851 ἄλλαις
3776 4790 3986 4842 κυκλώ-

2407 4892 2544 4928 σασα
2574 4877 2699 4939 τοὺς
2729 4877 3007 4941 ἐναντίους
3041 4878 3260 4940 πάντως
3295 4878 3514 4950 αἱρήσει
3535 4878 3754 4941 αὐτούς.
3778 4880 3856 4933 οὐ
3876 4881 3984 4952 γὰρ

2406 4966 2639 5038 ἄσαρκοί
2671 4970 2806 5021 εἰσιν
2853 4969 2901 5022 οι
2954 4969 3234 5040 πολέμιοι,
3286 4970 3393 5025 κᾶν
3434 4971 3495 5025 τὸ
3537 4972 3741 5044 θράσος
3796 4975 3985 5038 αὐτοῖς

702 5069 884 5113 tamen
911 5055 1071 5111 vacui
1118 5070 1228 5111 non
1278 5067 1427 5124 sunt,
1483 5067 1542 5113 ut
1588 5061 1813 5115 vulnera
1876 5059 2024 5115 illata
2095 5062 2299 5118 sentire

2406 5057 2594 5130 ὥσπερ
2623 5060 2819 5132 χρῶμα
2850 5062 3180 5134 περίκειται.

701 5162 811 5203 non
848 5149 1086 5220 possint.

771 5260 897 5318 152.
948 5262 1006 5316 Si
1048 5277 1173 5318 cum
1209 5264 1423 5335 magnis
1476 5273 1531 5319 et
1580 5265 1903 5336 ingentibus
1936 5268 2115 5337 copiis
2147 5284 2285 5325 con-

700 5353 930 5409 flictatio
951 5353 1050 5408 tibi
1074 5355 1256 5409 futura
1274 5363 1376 5420 est,
1400 5365 1637 5426 quatuor
1656 5356 1824 5410 millia
1843 5373 2006 5411 unam
2032 5359 2085 5413 in
2111 5363 2283 5415 aciem

699 5448 975 5513 conferes,
1015 5457 1070 5504 et
1122 5449 1528 5507 multitudinem
1572 5452 1854 5522 c0piarum
1922 5462 2138 5507 tuarum
2175 5466 2287 5510 tres

713 5543 767 5597 in
797 5549 982 5613 partes
1011 5541 1246 5609 divides,
1294 5542 1756 5614 quemadmodum
1792 5545 2040 5616 prazdixi,
2072 5546 2126 5600 in
2172 5547 2285 5616 pri-

2468 5270 2601 5341 ρνβ’.
2638 5273 2699 5325 Εἰ
2740 5272 2797 5326 δέ
2841 5242 2976 5345 πρὸς
3008 5274 3211 5342 πλῆθος
3248 5275 3525 5345 πολεμίων
3558 5276 3981 5347 διαγωνίζεσθαι

2397 5364 2638 5431 μέλλεις,
2664 5365 2765 5428 τὰς
2793 5369 2943 5437 τρεῖς
2975 5366 3310 5439 παρατάξεις
3342 5369 3451 5422 ἀπὸ
3486 5371 3773 5440 τεσσάρων
3801 5371 3981 5440 χιλιά·

2394 5453 2499 5507 δων
2532 5457 2611 5517 εἰς
2655 5456 2805 5526 μίαν,
2834 5457 2910 5521 ὼς
2938 5457 3173 5530 εἴρηται,
3221 5460 3491 5527 συνάξεις,
3526 5461 3624 5514 καὶ
3660 5463 3985 5534 τριπλασιάο

2397 5563 2512 5612 σεις
2545 5548 2607 5601 τὸ
2633 5550 2796 5603 ποσὸν
2823 5551 2921 5623 τῆς
2950 5552 3357 5625 προειρημένης
3382 5554 3678 5621 ἐκτάξεως,
3736 5555 3984 5627 διαμερι-

2189 5722 2416 5779 NOTAE.

774 5812 885 5883 (97)
918 5814 993 5869 ἰι
1027 5814 1189 5881 ισως.
1217 5815 1425 5885 Scribe,
1456 5817 1487 5888 ἢ
1524 5819 1657 5882 ίσος.
