4176 6442
159 408 275 478 989

1207 407 1546 473 TACTICA.
1579 438 1644 447 -
1671 412 2174 473 CONSTITUTIO
2204 416 2362 475 XIX.

3303 424 3418 490 990

163 521 278 584 ζων
313 517 454 572 κατά
489 518 669 586 λόγον,
700 513 775 578 ὠς
815 514 1122 585 πρῦκειται,
1155 519 1236 581 είς
1277 536 1335 572 τε
1371 519 1594 590 πρώτην
1637 521 1730 574 καὶ

1848 537 1977 574 nam
2050 531 2106 575 et
2153 523 2447 576 secundam
2500 522 2692 589 aciem,
2755 526 2806 580 in
2846 527 3144 599 tergistites
3182 541 3235 586 et
3281 533 3416 589 late-

162 609 430 680 δευτέραν
455 604 779 679 παράταξιν,
811 607 902 658 καὶ
932 607 1012 668 είς
1043 608 1513 677 πλαγιοφύλακας,
1548 612 1638 662 καὶ
1665 613 1744 673 είς

165 699 606 769 ὑπερκεράστας,
640 697 733 750 καὶ
764 698 846 760 είς
892 699 1163 769 ἑνὲδρους,
1205 701 1322 769 ἦτοι
1361 700 1742 773 ὲγκρύμματα.

235 796 372 859 ρνγα
394 790 503 842 Kal
523 790 601 850 είς
621 787 690 840 τά
710 788 863 852 ἄλλα,
877 787 952 851 ὡς
971 789 1314 860 προείρηται,
1334 789 1590 859 τάγματα
1609 791 1742 858 (98),

160 883 258 933 καὶ
283 881 458 943 οὕτως
491 881 628 948 μετὰ
651 880 904 943 εὐταξίας
929 881 1024 933 καὶ
1044 881 1355 944 συστάσεως
1371 881 1627 952 ’ποιήσεις
1649 883 1746 952 τὴν

163 971 477 1042 προσϐολὴν
503 969 591 1022 διά
627 971 737 1022 τῶν
766 971 1075 1040 λεγομένων
1108 971 1459 1041 κουρσὼρων,
1490 975 1608 1044 ἢτοι
1639 975 1746 1026 τῶν

163 1063 470 1132 προμάχων
509 1063 608 1132 τῆς
653 1061 876 1133 πρώτης
908 1060 1133 1125 τάξεως,
1162 1063 1196 1132 ἢ
1242 1066 1337 1115 καὶ
1365 1065 1475 1117 τῶν
1510 1066 1747 1134 ὑπερκε-

165 1154 406 1222 ραστῶν,
447 1154 480 1222 ἢ
510 1154 585 1217 ῶς
616 1154 680 1207 ἂν
727 1155 759 1223 ἠ
792 1153 953 1223 χρεία
985 1155 1222 1218 καλέσει,
1250 1154 1432 1219 καθὼς
1467 1158 1558 1208 καὶ
1588 1159 1645 1208 ὲν
1679 1159 1743 1225 τῇ

163 1247 293 1317 περὶ
337 1247 430 1299 τοῦ
477 1247 714 1316 πολέμου
760 1243 1000 1308 διατάξει
1041 1246 1430 1318 διωρισάμεθα.
1465 1248 1525 1300 El
1559 1247 1614 1298 δὲ
1654 1249 1746 1300 καὶ

159 1339 242 1392 ἔτι
298 1338 547 1401 πλείονές
603 1340 742 1390 εἰσιν
788 1337 838 1388 οἱ
890 1338 1157 1407 πολέμιοι,
1208 1340 1300 1391 καὶ
1354 1340 1511 1409 χρεία
1567 1338 1745 1408 πολλῷ

163 1432 411 1494 πλείονος
447 1429 700 1502 στρατοῦ,
739 1428 980 1481 εστωσαν
1007 1432 1100 1481 καὶ
1127 1431 1176 1482 oi
1215 1429 1390 1483 λοιποὶ
1417 1429 1526 1482 τῶν
1552 1430 1741 1482 ἀνατο-

162 1523 329 1576 λικῶν
359 1522 611 1592 θεμάτων
645 1522 942 1590 στρατηγοὶ
977 1520 1111 1590 πρὸς
1133 1521 1234 1589 τὴν
1261 1520 1517 1589 τοιαύτην
1558 1524 1744 1590 χρείαν

160 1616 371 1682 ἕτοιμοι
393 1654 409 1675 ,
467 1613 668 1682 ὁμοίως
718 1613 826 1665 τῶν
853 1613 1069 1665 οἰκείων
1096 1611 1342 1681 στρατῶν
1371 1612 1748 1682 ἐπιλεξάμενοι

162 1703 255 1754 καὶ
296 1701 667 1771 διακρίνοντες
705 1701 829 1763 τοὺς
871 1701 1176 1771 χρησίμους
1217 1700 1325 1752 ἀπὸ
1349 1702 1456 1754 τῶν
1485 1703 1740 1770 ἀχρείων,

157 1791 233 1854 ὡς
263 1794 392 1863 άχρι
423 1793 700 1861 τεσσάρων
749 1792 1023 1861 χιλιάδων,
1051 1791 1127 1854 ὡς
1149 1791 1387 1862 εἴρηται,
1421 1795 1503 1862 ἐφ’
1530 1797 1746 1865 ἑκάστῳ

160 1862 382 1952 θέματι,
415 1882 501 1934 διὰ
527 1883 625 1953 τὴν
657 1881 752 1935 νῦν
773 1883 1224 1951 ἐπικρατήσασαν
1253 1885 1360 1937 τῶν
1391 1887 1741 1953 στρατιωτῶν
1778 1862 1817 1915 Β

159 1975 512 2044 ἀγυμνασίαν
540 1991 598 2027 τε
634 1975 726 2026 καὶ
751 1974 1009 2042 ἀμέλειαν
1039 1975 1134 2027 καὶ
1167 1975 1471 2044 ὀλιγότητα.
1511 1981 1618 2030 Καὶ
1652 1974 1741 2032 οὗ·

159 2082 245 2120 τοι
275 2068 478 2129 πάντες
509 2065 715 2135 πλῆθος
746 2066 984 2136 δοκίμων
1023 2069 1373 2137 στρατιωτῶν
1407 2069 1738 2135 συλλέξουσι,

161 2159 257 2211 καὶ
302 2159 748 2229 παραστήσουσιν
801 2159 915 2228 ἅμα
971 2159 1056 2210 σοὶ
1112 2159 1252 2211 κατά
1297 2159 1406 2210 τῶν
1447 2160 1738 2229 πολεμίων,

159 2245 305 2298 ὥστε
351 2248 448 2299 καὶ
492 2247 631 2316 ὑπὲρ
668 2247 766 2310 τὰς
801 2248 1094 2317 τριάκοντα
1126 2245 1369 2314 χιλιάδας
1409 2250 1741 2318 καταστῆναι

159 2337 288 2399 τοὺς
317 2336 629 2405 ὀφείλοντας
663 2337 924 2407 ἀνδρείως
953 2336 1051 2388 καὶ
1080 2335 1329 2406 εὐψύχως
1358 2339 1743 2410 ἐκστρατεύειν

160 2427 308 2482 κατὰ
335 2428 443 2480 τῶν
470 2428 563 2498 ὲχθ
572 2429 701 2498 ρῶν.
1549 2481 1554 2490 ,

236 2521 364 2590 ρνδ.
392 2523 502 2574 Καὶ
527 2521 700 2574 ταῦτα
735 2521 833 2590 μὲν
860 2522 1232 2592 διωρισάμεθα
1255 2526 1321 2592 τῇ
1346 2524 1500 2592 ὑμῶν
1535 2523 1742 2588 ἐνδοξό-

159 2629 307 2679 τητι,
346 2612 489 2680 τάχα
515 2611 635 2664 οὐδὲ
663 2612 847 2665 καινόν
868 2629 920 2665 τι
953 2614 986 2681 ἢ
1023 2612 1176 2681 παρὰ
1197 2613 1296 2682 τὴν
1335 2613 1491 2677 δόξαν
1519 2613 1738 2682 ἔχοντα·

161 2704 278 2758 ἀλλ’
311 2704 372 2768 ἐξ
407 2701 594 2768 ὦν,ὼς
623 2705 858 2774 εἴρηται,
881 2708 994 2768 τοῖς
1025 2705 1401 2776 παλαιοτέροις
1430 2709 1741 2776 ἐντυχόντες

159 2795 629 2866 ἠνθολστήσαμεν,
662 2796 758 2848 καὶ
803 2796 1041 2866 μετρίαν
1064 2800 1262 2866 πεῖραν
1299 2798 1507 2850 ἐκεῖθεν
1558 2797 1745 2848 συλλέ·

161 2884 352 2949 ξαντες
376 2884 682 2955 συμφώνως
704 2887 932 2948 ἐκείνοις
953 2887 1334 2955 διεταξάμεθα.
1364 2889 1472 2939 Kal
1494 2889 1658 2957 ἕτερα
1684 2887 1740 2939 δὲ

162 2971 392 3024 πλεῖστα
421 2973 626 3043 δυνήσῃ
655 2973 907 3043 ἐφευρεῖν
929 2975 1178 3026 ἐντεῦθεν
1200 2975 1491 3045 λαμϐάνων
1521 2978 1617 3038 τὰς
1644 2979 1746 3045 ἀφ-

159 3059 358 3129 ορμὰς,
377 3061 539 3132 ἅπερ,
555 3061 628 3125 ὡς
652 3064 886 3133 είρηται,
905 3063 1026 3117 οὔτε
1048 3068 1279 3134 γράφειν
1292 3067 1413 3118 καθ’
1429 3066 1485 3117 ἓν
1502 3068 1744 3132 δυνατὸν,

1851 625 2035 663 I'ilIIOS.

1922 796 2045 852 l53.
2089 796 2146 851 ln
2200 801 2515 858 cornistites
2556 812 2836 873 praeterea,
2888 815 2942 859 et
2993 809 3242 875 insidias,
3290 814 3417 868 reli-

1849 904 2094 959 quasque
2141 892 2415 957 cohortes,
2471 913 2609 962 quas
2663 913 2830 967 supra
2880 903 3126 968 recitavi,
3179 905 3412 971 dividas,

1850 976 2031 1047 itaque
2064 979 2366 1037 instructus
2395 994 2557 1054 atque
2583 999 2880 1056 apparatus
2922 994 3166 1058 prodibis
3189 995 3255 1047 ad
3281 1012 3417 1050 cou—

1849 1065 2138 1134 ﬂigenclum
2171 1085 2294 1122 eum
2321 1074 2661 1136 cursoribus.
2693 1076 2864 1138 idest,
2903 1080 3198 1146 proelastis
3231 1083 3418 1150 prima:

1849 1160 2010 1220 aciei,
2067 1169 2123 1213 et
2163 1163 2571 1228 cornistitibus,
2600 1160 2923 1238 si'itausus
2961 1171 3120 1232 ferat,
3154 1177 3420 1241 quemad-

1847 1251 2068 1305 modum
2131 1253 2184 1306 in
2235 1269 2357 1324 cap.
2405 1255 2479 1309 De
2510 1256 2640 1309 belli
2683 1273 2942 1326 apparatu
2993 1263 3257 1318 diximus.
3318 1264 3416 1318 Szn

1849 1343 2033 1410 plures
2088 1344 2266 1399 adhuc
2311 1346 2496 1402 hostes
2540 1347 2768 1413 fuerint,
2823 1354 3126 1422 maiorique
3169 1359 3415 1411 exercitu

1846 1448 1987 1502 opus
2023 1435 2112 1497 sit,
2147 1437 2344 1506 reliqui
2394 1438 2636 1495 Orientis
2677 1443 2914 1510 praefecti
2947 1445 3065 1498 suis
3095 1462 3216 1498 cum
3243 1450 3416 1518 cepiis

1849 1525 2029 1578 adsint
2075 1525 2139 1579 ad
2182 1528 2496 1597 hujusnmdi
2533 1547 2688 1584 nsunt
2741 1535 2942 1602 parati,
2990 1535 3043 1589 in
3095 1538 3295 1614 quibus
3323 1541 3419 1596 de-

1848 1615 1972 1668 lecti
2019 1619 2120 1670 viri
2168 1620 2236 1671 ab
2285 1621 2546 1687 improbis
2608 1633 2662 1677 et
2704 1625 2920 1692 ignavis
2966 1640 3310 1697 separentur,
3361 1643 3418 1686 ut

1851 1709 1904 1760 in
1959 1725 2292 1778 unoquoque
2341 1714 2600 1776 themate,
2650 1714 2702 1768 id
2742 1725 2846 1776 est.
2888 1726 3128 1784 caterva,
3182 1733 3418 1790 quatuor

1851 1799 2018 1853 millia
2071 1802 2316 1868 virorum
2371 1806 2502 1869 sint,
2554 1818 2777 1876 prepter
2829 1809 3064 1862 militum
3103 1820 3416 1866 nostrorum

1847 1891 2160 1962 diligentem
2193 1898 2331 1951 hanc
2364 1898 2430 1950 ad
2468 1898 2698 1951 formam
2726 1901 3200 1965 exercitationem,
3234 1911 3288 1956 et
3323 1905 3415 1971 qui

1847 1987 2234 2052 Spectati.viri
2315 1991 2637 2058 strenuique
2703 1991 2926 2057 fuerint,
2985 1991 3050 2044 ad
3107 1995 3418 2048 exercitum

1847 2086 1999 2130 lumn
2054 2081 2514 2148 aggregalmntt’tr,
2549 2091 2603 2135 et
2659 2090 2836 2135 tecum
2895 2084 3083 2139 hostes
3130 2087 3414 2142 invadent.

1848 2171 1996 2223 llam
2037 2172 2104 2224 ad
2149 2171 2379 2225 formam
2433 2175 2598 2227 etiam
2649 2176 2872 2242 triginta
2928 2178 3098 2231 millia
3135 2180 3414 2234 hominum

1847 2262 2044 2314 instrui
2097 2263 2148 2316 in
2198 2267 2316 2317 acie
2375 2274 2628 2332 possunt,
2682 2268 2748 2320 ad
2814 2268 3030 2323 for:iter
3087 2280 3139 2325 et
3196 2281 3417 2326 strenue

1846 2350 2102 2407 inimicos
2147 2357 2558 2424 oppugnandos.

1922 2518 2048 2570 154..
2085 2518 2207 2572 11.ρο
2255 2519 2509 2589 dignitati
2571 2533 2674 2576 llltﬁ
2728 2524 2796 2576 iis
2845 2525 2911 2577 de
2962 2526 3127 2579 rebus
3179 2541 3418 2582 comme-

1846 2611 2203 2672 moravimus,
2239 2613 2292 2665 in
2344 2614 2547 2679 quibus
2603 2615 2736 2667 nihil
2774 2632 2972 2670 novum
3022 2618 3276 2681 fortasse,
3323 2631 3417 2673 aut

1845 2711 2040 2768 praeter
2074 2703 2392 2772 opinionem
2423 2713 2570 2758 tuam
2614 2706 2879 2769 invenies,
2923 2710 3023 2763 sed
3069 2726 3188 2779 qute
3218 2728 3282 2764 ex
3321 2729 3418 2767 an-

1846 2794 2016 2861 tiquis
2062 2796 2139 2848 rei
2193 2796 2453 2850 militaris
2505 2800 2872 2866 scriptoribus
2922 2801 3307 2869 delibatimus,
3362 2813 3417 2857 ct

1847 2871 2035 2937 nostra
2082 2885 2342 2941 mediocri
2399 2890 2737 2958 experientia
2780 2892 3146 2958 percepimus,
3183 2891 3328 2946 hunc.
3363 2894 3417 2948 in

1851 2973 2046 3025 librum
2099 2974 2344 3030 studiose
2393 2977 2736 3046 collegimus,
2782 2988 2942 3048 atque
2990 2981 3043 3033 in
3103 2998 3268 3036 unum
3321 2978 3445 3037 ad?

1850 3063 2130 3127 duximus,
2164 3067 2364 3133 quibus
2393 3075 2448 3118 ιιι
2473 3082 2573 3135 pro
2605 3070 3034 3135 tua‘prudentia,
3072 3071 3415 3140 ingenioque,

158 3152 281 3205 οὔτε
306 3153 386 3223 τῷ
406 3155 631 3224 παρόντι
649 3157 981 3226 συντάγματι
997 3158 1086 3210 διὰ
1100 3159 1197 3226 τὴν
1216 3160 1504 3228 συντομίαν
1529 3160 1744 3223 ἐντάξαι

1849 3159 2140 3211 occasione
2183 3173 2248 3210 ex
2282 3157 2348 3211 iis
2386 3159 2594 3212 nostris
2625 3167 2872 3228 accepta,
2915 3161 3020 3213 alia
3048 3177 3266 3231 quoque
3294 3178 3418 3232 pcr-

159 3245 441 3315 ἁρμόδιον.
479 3246 625 3310 Ἐξὸν
654 3248 710 3300 δέ
741 3265 820 3300 σοι
865 3248 1259 3316 φιλοπονοῦντι,
1288 3250 1381 3302 καὶ
1426 3251 1503 3319 τῷ
1547 3252 1739 3303 πλάτει

157 3337 269 3387 τῶν
297 3338 573 3390 τακτικῶν
604 3339 1056 3409 ἑμμελετήσαντι,
1089 3340 1184 3393 καὶ
1227 3342 1446 3395 τοιαῦτα
1486 3344 1580 3393 καὶ
1621 3343 1741 3394 τού-

160 3445 269 3481 των
292 3427 374 3480 ἔτι
402 3429 813 3501 δραστικώτερα
839 3431 933 3484 καὶ
956 3433 1378 3502 προσεπινοῆσαι
1398 3437 1491 3485 καὶ
1512 3435 1743 3502 διαπρά-

162 3518 361 3584 ξασθαι
407 3519 538 3573 Θεὸν
589 3521 763 3590 ἔχοντι
815 3521 1005 3591 βοηθὸν
1063 3523 1150 3576 διά
1195 3539 1254 3574 τε
1307 3525 1404 3593 τῆς
1458 3527 1536 3586 είς
1581 3525 1741 3577 αὑτὸν

163 3610 423 3674 πίστεως,
449 3611 663 3682 καὶιτῆς
691 3615 772 3677 είς
796 3615 894 3685 τὴν
920 3616 1194 3686 ἡμετέραν
1217 3615 1494 3684 βασιλείαν
1523 3618 1742 3687 ἀγάπης

163 3701 260 3753 καὶ
283 3699 602 3766 διαθέσεως.

659 3920 967 3974 Attinas
1004 3921 1085 3974 te'
1112 3922 1248 3994 (99).

693 4049 831 4114 Περὶ
858 4049 1222 4117 ναυμαχίας,

234 4180 306 4228 a'.
347 4173 483 4242 Ἤδη
533 4174 627 4226 καὶ
670 4173 798 4242 περὶ
843 4174 1146 4244 ναυμαχίας
1181 4177 1741 4246 διαταξόμεθα,οὑδὲν

167 4263 270 4333 μὲν
302 4265 361 4314 ἐν
392 4265 502 4326 τοῖς
524 4263 771 4326 παλαιοῖς
799 4268 1074 4328 τακτικοῖς
1107 4268 1235 4339 περὶ
1261 4269 1427 4337 αὐτῆς
1459 4287 1740 4323 κεκανονι-

165 4353 367 4424 σμένον
409 4354 695 4424 εὑρόντες,
729 4355 821 4423 ἀφ’
871 4348 946 4408 ὦν
994 4356 1050 4410 δὲ
1091 4359 1365 4428 σποράδην
1404 4360 1739 4428 ἀνέγνωμεν,

161 4446 258 4498 καὶ
302 4444 391 4497 διὰ
435 4447 662 4514 μετρίας
711 4448 904 4514 πείρας
949 4447 1042 4499 τοῦ
1071 4447 1166 4500 νῦν
1198 4451 1412 4521 καιροῦ,
1443 4453 1592 4523 παρά
1633 4454 1741 4507 τῶν

1849 3247 2016 3298 multa
2051 3246 2119 3300 iis
2140 3247 2339 3300 similia
2369 3248 2614 3303 invenire
2645 3253 2870 3318 poteris,
2897 3267 3018 3318 qua:
3047 3268 3222 3322 neque
3254 3255 3422 3308 simul

1846 3337 2036 3402 scribi,
2099 3354 2274 3406 neque
2337 3341 2389 3393 itt
2447 3341 2592 3394 hunc
2649 3342 2844 3415 librum
2889 3343 3132 3398 conferri
3197 3357 3420 3416 promer

1849 3424 2244 3492 longitudinem
2295 3437 2565 3496 poterant.
2602 3429 2679 3481 Tu
2734 3433 3000 3500 vero,qui
3035 3440 3086 3485 te
3138 3442 3307 3487 totum
3355 3437 3425 3489 iis

1849 3517 2011 3571 rebus
2060 3534 2208 3572 nunc
2243 3521 2538 3584 tradidisti,
2574 3523 2742 3574 multa
2793 3525 2859 3576 iis
2895 3525 3209 3592 probatiora
3253 3535 3420 3595 atque

1849 3605 2152 3661 efﬁcaciora
2203 3613 2519 3679 excogitare
2585 3619 2638 3664 et
2699 3613 2969 3668 conficere
3025 3614 3134 3668 Deo
3186 3618 3422 3686 propitio

1847 3697 2076 3762 poteris,
2128 3697 2173 3750 si
2241 3698 2396 3750 fidem
2457 3699 2510 3752 in
2560 3715 2683 3752 eum
2736 3700 2959 3764 habeas,
3011 3709 3064 3755 et
3119 3705 3418 3759 rectionem

1846 3795 2091 3839 nostram
2130 3789 2240 3841 ullo
2281 3790 2430 3841 cultu
2471 3804 2533 3841 ac
2583 3791 2931 3844 observantia
2975 3794 3346 3861 prosequaris.

2293 3915 2755 3970 C(lNSTlTUTlO
2815 3916 2952 3969 XIX.

2364 4043 2438 4096 De
2480 4045 2659 4096 navali
2695 4045 2900 4112 pru'lio.

1921 4173 1969 4226 l.
2027 4171 2216 4225 Restat
2261 4173 2395 4241 jam,
2434 4180 2490 4224 ut
2534 4173 2602 4226 de
2653 4173 2828 4226 navali
2881 4175 3067 4242 praelio
3129 4175 3290 4228 verba
3339 4174 3420 4230 fa-

1846 4264 2078 4317 ciamus.
2113 4262 2257 4316 Nihil
2311 4271 2491 4316 autem
2542 4263 2609 4316 de
2643 4262 2710 4317 iis
2753 4263 2805 4316 in
2856 4265 3103 4332 antiquis
3147 4266 3221 4317 rei
3279 4266 3421 4319 mili-

1846 4354 1982 4406 taris
2018 4353 2380 4421 scriptoribus
2429 4352 2687 4405 traditum
2729 4354 3066 4419 invenimus;
3112 4370 3233 4423 quae
3289 4371 3420 4410 vero

1846 4446 2076 4511 sparsim
2128 4443 2321 4498 diﬂusa
2375 4444 2626 4512 legimus.
2667 4448 2722 4497 et
2756 4444 3017 4498 mediocri
3060 4461 3159 4498 usu
3194 4446 3292 4514 ipsi
3325 4461 3420 4500 co-

163 4536 430 4608 πλωῖμων
461 4536 782 4607 στρατηγῶν
810 4539 966 4607 ἡμῶν
998 4519 1361 4610 ἀνεμάοομεν,
1403 4545 1469 4596 τά
1507 4519 1604 4614 μὲν
1644 4564 1740 4599 πε-

1849 4537 2160 4603 gnovimns,
2231 4551 2462 4605 quaeque
2523 4536 2761 4605 praefecti
2819 4538 2991 4591 nostri
3044 4538 3239 4605 partim
3297 4537 3418 4593 aliis

163 4627 496 4696 ποιηκότων,
535 4627 603 4680 τὰ
644 4627 700 4680 δὲ
737 4627 1104 4694 πεπονθότων,
1132 4631 1520 4700 ἀναλεξάμενοι
1571 4639 1743 4706 μικρά

164 4736 291 4772 τινα
356 4719 452 4772 καὶ
507 4721 629 4771 ὅσον
689 4720 924 4789 ἔμφασιν
983 4721 1165 4774 δοῦναι
1226 4727 1336 4785 τοῖς
1387 4727 1479 4778 καὶ
1519 4727 1609 4779 ἐπὶ
1653 4727 1747 4780 θα-

164 4809 375 4879 λάσσης
417 4810 686 4879 μάχεσθαι
728 4811 814 4864 διὰ
845 4811 952 4864 τῶν
989 4829 1119 4865 ποτε
1152 4813 1460 4885 λεγομένων
1485 4819 1745 4888 τριηρῶν,

163 4900 327 4953 νῦνδὲ
351 4900 643 4972 δρομώνων
674 4901 1043 4971 καλουμένων,
1067 4904 1341 4973 μέλλουσι,
1368 4909 1425 4958 ἐν
1450 4909 1649 4976 ὀλίγοις
1675 4909 1748 4962 δι-

167 4993 492 5062 ορισόμεθα.

237 5102 304 5169 β’.
356 5104 578 5175 Πρῶτον
631 5104 730 5174 μὲν
782 5101 895 5167 οὖν,
947 5097 1133 5173 ὧοτῆς
1163 5108 1420 5177 ναυτικῆς
1459 5109 1743 5178 δυνάμεως

166 5197 443 5267 στρατηγὲ
476 5196 596 5265 (ήδη
655 5196 762 5267 γὰρ
821 5196 916 5249 καὶ
970 5197 1104 5266 πρὸς
1170 5199 1229 5250 σὲ
1280 5199 1398 5251 δέον
1459 5199 1746 5268 τὸνλόγον

166 5287 544 5358 ποιήσασθαι),
572 5288 670 5357 τῆς
697 5290 1040 5359 ναυμαχικῆς
1073 5290 1364 5359 ἐμπειρίας
1415 5292 1506 5343 καὶ
1539 5291 1743 5356 τάξεως

167 5379 510 5450 ἐπιστήμονά
538 5397 596 5433 σε
629 5376 766 5434 εἶναι
802 5381 1001 5450 χρεὼν,
1034 5384 1127 5434 καὶ
1157 5381 1255 5445 τὰς
1292 5384 1401 5436 τῶν
1444 5383 1619 5454 ἀέρων
1650 5385 1745 5437 καὶ

166 5470 275 5524 τῶν
307 5470 632 5540 πνευμάτων
658 5471 897 5540 κινήσεις
926 5472 1259 5541 προσκοπεῖν
1284 5490 1341 5525 τε
1378 5474 1471 5528 καὶ
1497 5476 1742 5540 προειδέ-

168 5581 254 5617 ναι
283 5561 373 5616 διά
393 5562 492 5631 τῆς
522 5561 631 5616 τῶν
662 5561 1002 5631 φαινομένων
1029 5562 1276 5632 ἀστέρων
1315 5565 1406 5617 καὶ
1431 5565 1489 5616 ἐν
1523 5565 1742 5636 ἄστροις

1853 4627 2174 4693 inferentes,
2218 4629 2414 4697 partim
2465 4635 2533 4682 ab
2565 4629 2688 4682 aliis
2717 4629 3072 4696 accipientes,
3121 4629 3277 4684 nobis
3310 4644 3420 4683 cx—

1849 4723 2142 4789 pliearunt,
2169 4730 2222 4775 et
2252 4736 2379 4790 qua:
2413 4722 2761 4776 occasionem
2792 4723 3030 4788 aliquam
3062 4721 3252 4775 σπεῖρε
3291 4738 3418 4790 pos-

1848 4825 1979 4869 sunt
2019 4817 2082 4867 ad
2127 4830 2235 4867 rem
2285 4816 2423 4869 bene
2466 4815 2847 4878 dromonibus,
2882 4812 2936 4867 id
2967 4824 3069 4877 est,
3101 4815 3417 4870 triremibus

1847 4905 2166 4974 gerendam,
2214 4921 2276 4958 ea
2327 4906 2516 4976 paucis
2560 4906 2868 4976 explicabo.

1919 5110 1972 5163 2.
2019 5107 2259 5164 Primum
2310 5119 2490 5163 autem
2525 5108 2674 5177 (nam
2730 5109 2794 5161 ad
2845 5117 2893 5162 te
2925 5110 3415 5175 nunc,,navarelac,

1850 5203 2008 5256 verba
2047 5203 2295 5256 facienda
2343 5201 2492 5264 sunt)
2518 5202 2592 5254 rei
2621 5200 2830 5253 navalis
2861 5203 3053 5270 peritia
3111 5216 3175 5254 ac
3209 5202 3416 5255 instru-

1845 5297 2025 5348 ctione
2074 5295 2275 5363 pollere
2305 5304 2354 5346 te
2381 5300 2613 5360 oportet,
2661 5302 2713 5344 et
2747 5295 2908 5355 aeris,
2941 5302 3222 5346 ventorum
3259 5291 3418 5344 flatus

1850 5401 2214 5456 prmuoscere,
2254 5401 2349 5455 per
2378 5387 2658 5440 stellarum
2693 5385 3069 5452 apparentium
3104 5394 3329 5443 motum,
3364 5394 3418 5439 et

1852 5487 2124 5533 astrorum
2165 5479 2340 5546 signa,
2365 5475 2844 5544 tempestivitatum
2875 5474 3039 5525 etiam
3067 5473 3418 5530 mutationem

1853 5568 2091 5638 perfecte
2137 5581 2461 5636 cognoscas,
2511 5573 2567 5617 ut
2616 5566 2658 5616 si
2711 5563 2984 5631 perfectus
3035 5563 3101 5617 iis
3148 5562 3200 5615 in
3256 5561 3420 5615 rebus

1704 5743 1932 5799 NO'I'fﬁ.

244 5838 358 5911 (98)
395 5837 682 5910 Τὰτματα.
719 5840 1096 5914 Scribebalur,
1130 5845 1398 5912 δόγματα.

1931 5838 2038 5908 (99)
2068 5836 2123 5890 In
2166 5835 2354 5892 codice
2392 5835 2650 5888 Laurent.
2684 5840 2768 5888 est
2798 5847 2917 5902 cap.
2955 5831 3048 5888 ΞΟ.
