4184 6440
777 377 875 446 991

2043 382 2320 444 LEONIS
2349 384 2815 452 PHILOSOPHI

3929 406 4046 472 992

774 493 965 560 fueris,
1017 500 1169 550 tutus
1213 499 1269 548 et
1309 506 1539 548 securus
1582 493 1651 549 ab
1688 495 1946 551 omnibus
2005 500 2175 554 maris
2209 507 2342 554 tem-

2456 508 2698 575 σημείων
2725 507 2943 578 πείρας,
2974 509 3067 562 καὶ
3103 509 3212 564 τῶν
3249 512 3371 565 καθ’
3400 514 3553 585 ἥλιόν
3578 533 3635 570 τε
3681 518 3775 572 καὶ
3805 523 4039 594 σελήνηδ

773 585 1077 654 pestatibus
1117 584 1478 639 conserv-eris.
1543 606 1547 611 ί

772 677 1014 744 αλλαγῆς
1059 675 1159 743 τὴν
1206 673 1494 744 ἀκρίϐειαν
1545 656 1946 741 ἐπιγινώσκειν,
1981 675 2058 740 ὼς
2107 678 2174 732 ἂν
2216 679 2354 750 ἔχων
2390 656 2518 752 περὶ
2541 656 2696 738 ταῦτ’
2721 656 3002 758 ἐμπέίρως
3027 656 4039 763 ἀᾶφαλὴςᾏιαι“άέὶνέξν,ς”έξ’τξ.,

771 765 871 834 τῆς
906 765 1182 835 θαλάσσης
1213 764 1552 836 διαφυλάττῃ
1584 764 1890 834 χειμώνων.

835 860 892 912 5.
940 857 1260 932 Dromones,
1303 858 1354 912 id
1410 866 1515 924 est,
1548 857 1802 915 triremes
1849 857 2179 918 fabricandae
2214 873 2349 920 sunt

769 950 839 1004 ad
909 950 1103 1004 navale
1137 951 1404 1020 praelium
1461 949 1691 1017 idonea},
1749 950 2043 1008 adversum
2105 955 2348 1010 hostium

769 1045 1095 1098 instructam
1143 1043 1400 1099 classem.
1438 1045 1626 1112 Itaque
1667 1053 1955 1114 perspecto
1986 1045 2185 1101 classis
2221 1045 2350 1101 illo-

766 1149 888 1187 rum
941 1143 1207 1205 apparatu
1263 1144 1318 1188 et
1378 1134 1635 1190 universa
1714 1137 2149 1204 constitutione,
2199 1147 2348 1192 tuam

765 1227 1000 1281 classem
1049 1225 1274 1278 omnino
1321 1224 1404 1280 sic
1459 1226 1703 1296 parabis,
1762 1236 1820 1281 ut
1872 1228 1939 1281 ad
1995 1233 2348 1300 pugnandum

765 1332 889 1372 cum
941 1317 1054 1372 illis
1111 1315 1398 1385 aptissima
1457 1317 1551 1372 sit.

829 1411 889 1463 4.
930 1408 1262 1463 Triremium
1297 1408 1596 1476 confectio,
1624 1425 1801 1479 neque
1832 1410 2131 1467 admodum
2161 1426 2350 1468 crassa

766 1501 860 1564 sit,
901 1508 962 1553 ut
992 1515 1059 1555 ne
1090 1502 1260 1553 tardae
1289 1502 1400 1554 sint
1433 1501 1499 1553 ad
1524 1515 1773 1566 cursum,
1812 1517 1988 1571 neque
2025 1503 2093 1558 ad
2128 1505 2349 1559 nimiam

766 1592 1064 1647 exilitatem
1096 1598 1409 1657 attenuatae,
1443 1606 1513 1646 ne
1552 1591 1772 1646 infirma
1817 1607 1881 1648 ac
1934 1593 2145 1665 fragilis
2191 1595 2350 1652 facile

765 1682 1118 1736 adversarum
1162 1686 1382 1737 navium
1432 1684 1636 1754 impetu
1697 1685 1973 1751 elidatur;
2008 1686 2103 1742 sed
2139 1687 2345 1742 medio-

761 1789 911 1829 crem
960 1773 1155 1828 habent
1197 1772 1611 1840 confectioncm,
1665 1783 1724 1828 ut
1761 1775 2044 1842 incitatus,
2082 1779 2338 1847 celerque

764 1865 833 1918 ad
886 1873 1107 1920 cut-Sum
1162 1865 1256 1931 sit,
1302 1875 1359 1920 et
1406 1866 1621 1933 firmus,
1674 1879 1740 1921 ac
1787 1867 2005 1923 stabilis
2057 1871 2123 1924 ad
2161 1869 2346 1926 hostes

765 1955 1140 2025 repeHendos.

835 2237 890 2294 5.
925 2239 1006 2292 Ad
1057 2237 1298 2294 triremis
1347 2236 1748 2293 coniectionem
1799 2239 1984 2292 omnia
2018 2247 2209 2308 parata
2245 2239 2346 2292 ha-

761 2331 948 2396 beant,
997 2344 1170 2400 caque
1202 2331 1256 2383 in
1312 2341 1588 2399 promptu,
1636 2340 1689 2384 et
1726 2328 1915 2401 dupla,
1952 2340 2014 2384 ut
2045 2332 2344 2395 auehenes,

767 2438 973 2485 remos,
1008 2423 1266 2484 scalmos,
1303 2419 1484 2485 funes,
1532 2422 1706 2485 caria,
1749 2429 1802 2475 et
1835 2429 2074 2475 transtra
2103 2423 2344 2486 illorum,

762 2516 1004 2579 ceratia,
1060 2521 1112 2567 et
1157 2514 1426 2576 eatartia,
1479 2521 1533 2567 et
1577 2527 1920 2583 quaeeunque
1962 2514 2066 2566 alia
2125 2515 2345 2567 nautica

763 2619 855 2658 ars
889 2605 956 2658 ad
1002 2621 1163 2659 usum
1197 2603 1452 2672 requirit.
1504 2603 1710 2658 llabeat
1739 2614 1998 2674 praeterea
2039 2607 2180 2675 ligna
2211 2621 2345 2659 con-

761 2709 918 2760 cava,
971 2709 1208 2759 asseres,
1249 2704 1530 2764 stuppam,
1581 2697 1780 2765 picem,
1828 2698 2000 2766 picem
2059 2698 2342 2768 liquidam,

760 2789 1056 2856 omniaque
1104 2788 1473 2842 instrumenta
1525 2788 1762 2854 navalia,
1794 2798 1847 2843 et
1880 2791 1950 2843 ad
1995 2790 2344 2845 fabricandas

759 2893 927 2932 naves
962 2878 1292 2950 spectantia,
1344 2895 1492 2934 unus
1535 2880 1740 2947 aliquis
1774 2889 1988 2944 vector,
2018 2893 2075 2934 ut
2111 2884 2341 2947 asi'iam,

763 2969 1066 3034 terebrum,
1123 2983 1358 3034 Serram,
1407 2978 1572 3038 atque
1621 2970 1728 3022 alia
1782 2970 1903 3040 ejus
1936 2973 2172 3041 generis.

830 3155 884 3210 6.
919 3153 979 3209 In
1029 3169 1190 3224 prora
1256 3154 1545 3224 siphonem
1593 3170 1702 3210 are
1748 3157 2026 3211 obtectum
2067 3158 2134 3211 de
2190 3173 2342 3212 more

759 3245 964 3299 habeas
1006 3245 1072 3298 ad
1109 3245 1286 3316 ignem
1327 3247 1380 3299 in
1436 3246 1623 3300 Ιιομιοε
1657 3247 2065 3314 ejaeulandum,
2105 3256 2158 3302 et
2196 3250 2339 3302 celse

760 3351 927 3406 supra
974 3336 1261 3404 siphonem
1322 3336 1744 3405 pseudopatium
1773 3354 1840 3391 ex
1891 3339 2174 3393 asseribus
2203 3354 2337 3393 con-
2368 3312 2410 3370 (ἶ

761 3430 985 3492 fectum,
1034 3434 1087 3480 et
1118 3426 1398 3481 asseribus
1438 3427 1878 3493 circumtectum,
1915 3429 1966 3480 in
1999 3442 2111 3496 quo
2143 3429 2243 3481 viri
2273 3430 2338 3480 ad

759 3518 1072 3575 bellandum
1128 3517 1385 3578 instructi
1427 3518 1560 3583 sint,
1590 3519 1683 3587 qui
1720 3518 2011 3572 adversum
2054 3521 2243 3574 hostes
2271 3535 2334 3574 ex

755 3623 919 3678 prora
969 3619 1232 3678 pugnent,
1286 3609 1370 3661 vel
1421 3611 1475 3662 in
1527 3609 1780 3663 hostilem
1820 3623 2014 3663 navem
2069 3610 2199 3674 tela,
2247 3623 2341 3666 aut

755 3703 861 3756 alia
898 3700 964 3754 ad
999 3700 1298 3756 vastandos
1348 3700 1537 3756 hostes
1589 3701 1898 3770 spectantia
1953 3701 2229 3770 injiciant.

824 3983 882 4039 7.
931 3982 1034 4038 Sed
1078 3990 1133 4037 et
1171 3982 1353 4051 lignea
1395 3989 1599 4047 castra,
1637 3998 1759 4052 qua:
1806 3983 1858 4037 in
1905 3985 2085 4039 medio
2116 3985 2334 4039 catartii

755 4090 903 4144 sunt,
954 4078 1210 4132 maximis
1264 4079 1318 4130 in
1372 4078 1693 4132 triremibus
1750 4078 2031 4132 asseribus
2095 4077 2335 4132 exaedifi-

753 4181 972 4235 cantnr,
1003 4187 1034 4227 e
1060 4171 1263 4242 quibus
1293 4171 1498 4224 milites
1547 4171 1603 4223 in
1651 4170 1888 4224 mediam
1951 4171 2206 4226 hostilem
2241 4185 2336 4223 na-

755 4278 876 4316 vem
934 4261 1234 4330 conjicient
1295 4261 1378 4314 vel
1439 4261 1650 4328 lapides
1704 4259 1966 4320 molares,
2037 4260 2121 4313 vel
2174 4274 2336 4329 grave

755 4354 983 4416 ferrum,
1036 4361 1097 4406 ut
1149 4366 1335 4406 mazus
1390 4351 1732 4419 cuspidatas,
1775 4350 1980 4418 quibus
2022 4349 2103 4404 vel
2141 4365 2333 4404 navem

753 4441 1124 4511 confringent,
1151 4441 1234 4495 vel
1266 4441 1549 4508 subjectos
1581 4441 1634 4492 in
1689 4455 1829 4493 nave
1862 4439 2223 4503 contundent,
2251 4442 2335 4492 vel

753 4533 859 4587 alia
900 4532 960 4598 in
999 4533 1122 4587 illos
1167 4531 1528 4602 profundent,
1586 4539 1682 4585 aut
1721 4531 1962 4585 hostium
2019 4545 2211 4584 navem
2247 4529 2329 4582 in-

751 4625 1004 4689 cendent,
1061 4632 1154 4678 aut
1208 4625 1396 4679 hostes
1467 4623 1626 4692 ipsos
1681 4623 1737 4677 in
1786 4622 1913 4676 navi
1976 4621 2328 4677 interficient.
2364 4661 2409 4716 η

753 4717 1106 4787 υιιοίιυαείιιιε
1150 4725 1333 4769 autem
1384 4716 1629 4771 triremis
1683 4715 1916 4786 oblonga
1965 4715 2058 4778 sit,
2104 4722 2160 4768 et
2208 4727 2330 4798 mo-_

750 4811 980 4878 derata“
1021 4809 1160 4864 duos
1218 4809 1424 4862 habens
1471 4807 1695 4863 ordines
1741 4822 2017 4863 remorum
2079 4825 2092 4860 :
2160 4805 2327 4860 alium

751 4905 1111 4975 superiorem,
1170 4905 1337 4959 alium
1387 4903 1726 4960 inferiorem.

820 5095 875 5150 8.
921 5093 1070 5149 Ordo
1120 5093 1502 5163 unusquisque
1535 5092 1735 5149 habeat
1771 5092 1836 5147 ad
1881 5090 2165 5146 minimum
2195 5089 2324 5161 iuga

747 5184 1239 5255 vigintiquinque,
1296 5185 1352 5238 in
1397 5183 1600 5254 quibus
1631 5182 1866 5254 remiges
1929 5181 2321 5248 considebunt,

747 5293 894 5332 unus
927 5277 994 5328 ad
1021 5275 1292 5340 dextram,
1329 5275 1469 5330 alter
1501 5276 1568 5331 ad
1615 5274 1920 5342 sinistram,
1958 5273 2048 5345 qui
2082 5282 2196 5328 tum
2230 5289 2321 5328 ar-

749 5369 879 5424 mati
934 5368 1154 5432 milites,
1205 5376 1318 5422 tum
1366 5368 1602 5439 remiges
1631 5376 1763 5424 sunt
1794 5370 2129 5437 superiores,
2157 5378 2322 5438 atque

745 5460 1038 5523 inferiores
1093 5459 1194 5516 viri
1229 5467 1490 5528 centum;
1539 5469 1738 5530 praeter
1771 5461 1872 5516 hos
1920 5459 2160 5516 triremis
2191 5475 2318 5516 cen-

2454 596 2756 665 γινομένων
2783 599 3087 667 σημασιῶν,
3111 601 3210 654 καὶ
3234 602 3300 673 δὴ
3330 606 3550 676 καὶτῆς
3579 607 3687 662 τῶν
3719 614 3932 682 καιρῶν
3951 617 4040 668 ἐν·

2516 867 2586 940 Υ.
2621 871 3149 944 Κατασκευασοῆναι
3187 876 3244 929 δέ
3271 879 3363 933 καὶ
3383 879 3666 950 δρόμωνας
3695 886 3778 939 δεῖ
3803 887 4038 958 ἀρκοῦν·

2445 977 2544 1024 τας
2591 962 2728 1033 πρὸς
2775 966 3082 1036 ναυμαχίαν
3129 968 3272 1022 κατὰ
3312 971 3422 1024 τῶν
3458 977 4035 1050 ἀντιστρατευομένων

2449 1055 2709 1125 πλωῖμων
2744 1056 3043 1128 πολεμίων,
3072 1059 3169 1113 καὶ
3216 1061 3356 1132 πρὸς
3394 1065 3496 1134 τὴν
3526 1067 3753 1121 ἐκείνων
3787 1071 4036 1126 διάθεσίν

2446 1161 2506 1196 τε
2553 1145 2650 1198 καὶ
2707 1145 3064 1212 κατάστασιν,
3121 1150 3217 1203 καὶ
3259 1151 3368 1203 τῶν
3407 1154 3516 1208 σῶν
3563 1160 3897 1228 ποιήσασθαι
3935 1165 4036 1232 τὴν

2449 1237 2796 1308 κατασκευὴν
2822 1237 3056 1309 δυνατὴν
3089 1241 3226 1312 πρὸς
3256 1243 3493 1313 ᾶπαντα,
3534 1249 3766 1316 ἐκείνοις
3798 1253 4037 1324 ἀντιμα-

2450 1328 2670 1397 χεσοαι.

2521 1418 2562 1471 δ’
2571 1461 2583 1474 .
2629 1421 2692 1473 Ἦ
2746 1421 2802 1475 δὲ
2845 1422 2956 1475 τῶν
3000 1423 3295 1495 δρομὼνων
3343 1431 3661 1505 κατασκευὴ
3714 1437 3852 1504 μήτε
3891 1439 4036 1506 ἄγαν

2450 1509 2592 1563 ἔστω
2617 1514 2839 1581 παχεῖα,
2863 1512 2948 1566 ἵνα
2978 1513 3053 1583 μὴ
3068 1514 3229 1586 ἀργοὶ
3253 1516 3521 1585 γένωνται
3544 1521 3602 1575 ἐν
3621 1523 3741 1586 ταῖς
3763 1524 4032 1588 ἐλασίαιςο

2454 1601 2592 1671 μήτε
2617 1601 2736 1655 λίαν
2760 1605 2841 1668 είς
2869 1603 3172 1676 λεπτότητα
3206 1605 3626 1683 ἐξειργασμένῃ,
3651 1614 3739 1668 ἵνα
3765 1614 3842 1685 μὴ
3871 1615 4034 1670 ἀσοει

2451 1691 2547 1760 νὴς
2589 1687 2723 1744 οὖσα
2781 1693 2877 1746 καὶ
2919 1695 3093 1765 σαθρὰ
3138 1696 3336 1768 ῥᾳδίως
3367 1699 3476 1753 ὑπὸ
3505 1701 3615 1756 τῶν
3646 1705 3912 1775 κυμάτων
3940 1709 4036 1760 καὶ

2450 1784 2550 1854 τῆς
2583 1783 2691 1837 τῶν
2714 1785 2972 1840 ἐναντίων
3013 1789 3358 1859 συναράξεὼς
3392 1808 3450 1844 τε
3483 1793 3580 1846 καὶ
3603 1797 3884 1864 κρούσεως
3915 1799 4034 1851 δια-

2452 1873 2657 1926 λύεται.
2698 1874 2860 1927 ’Δλλὰ
2884 1876 3196 1948 σύμμετρον
3223 1878 3393 1949 ἐχέτω
3430 1881 3532 1953 τὴν
3559 1883 3822 1950 ἐργασίαν
3851 1887 3880 1939 ὁ
3909 1887 4034 1958 δρό-

2382 1981 2421 2036 B
2455 1985 2591 2036 μων,
2626 1967 2712 2019 ἵνα
2743 1967 2838 2019 καί⁵
2877 1967 3232 2040 ἐλαυνόμενος
3265 1971 3340 2042 μὴ
3367 1972 3488 2026 λίαν
3523 1974 3692 2044 ἀργνὲς
3728 1977 3901 2042 ἐστιν,
3943 1982 4038 2033 καὶ

2433 2053 2924 2122 κλυδωνιζόμενος,
2955 2056 2990 2126 ἢ
3021 2058 3172 2127 παρά
3217 2059 3327 2112 τῶν
3355 2061 3564 2132 ἐχθρῶν
3597 2067 4036 2136 συγκρουόμενος

2453 2147 2799 2217 ίσχυρότερος
2833 2148 3063 2220 διαμένῃ
3093 2151 3186 2202 καὶ
3211 2150 3509 2222 ἄρρηκτος.

2516 2244 2581 2291 ε’.
2630 2238 2936 2308 Ἐχέτωσαν
2978 2242 3036 2294 δὲ
3079 2241 3173 2295 καὶ
3215 2243 3391 2297 πάντα
3424 2246 3493 2300 τὰ
3529 2248 3666 2318 πρὶς
3701 2250 4039 2321 ἐξαρτισμδν

2446 2328 2720 2399 δρόμωνος
2748 2333 3134 2404 ἀπαράλειπτα
3164 2335 3255 2388 καὶ
3295 2335 3479 2401 διπλᾶ,
3512 2333 3624 2393 οἷον
3662 2343 3901 2413 αὐχένας
3931 2345 4029 2414 (ll,

2449 2422 2659 2485 κώπας,
2692 2426 2994 2493 σκαρμοὺς,
3019 2429 3248 2496 σχοινία,
3282 2430 3498 2500 κάροια,
3522 2434 3614 2485 καὶ
3640 2435 3708 2488 τά
3735 2434 3952 2506 ἄρμενα
3978 2439 4031 2492 δὲ

2447 2512 2626 2563 αὐτῶν
2654 2513 2746 2565 καὶ
2775 2514 3099 2586 κερατάρια,
3125 2515 3225 2572 καῖ
3250 2521 3540 2592 κατάρτια,
3574 2527 3666 2579 καὶ
3695 2528 3877 2582 ὁπόσα
3903 2532 4032 2584 ἄλλα

2447 2603 2729 2674 ήναυτικὴ
2763 2607 2927 2676 τέχνη
2958 2609 3092 2678 πρὸς
3124 2613 3314 2680 χρείαν
3344 2615 3587 2670 ἀπαιτεῖ.
3628 2617 3831 2688 Ἐχέτω
3852 2621 3913 2674 δὲ
3942 2625 4033 2676 καὶ

2445 2696 2511 2746 ἐκ
2552 2697 2817 2763 περισσοῦ
2865 2699 3001 2764 ξύλα
3035 2703 3156 2754 τινὰ
3197 2705 3462 2773 ἐγκοίλια,
3499 2708 3594 2762 καὶ
3642 2712 3886 2775 σανίδας,
3941 2718 4032 2768 καὶ

2446 2789 2712 2849 στυππία.
2735 2790 2829 2843 καὶ
2860 2791 3079 2857 πίσσαν,
3104 2794 3200 2848 καὶ
3226 2797 3576 2866 ὑγρὸπισσον,
3603 2801 3698 2854 καὶ
3724 2808 4034 2876 ναυπηγὸν,

2448 2880 2585 2949 μετὰ
2637 2883 2860 2935 πάντων
2910 2885 3016 2938 τῶν
3062 2888 3366 2958 ἐργαλείων
3390 2892 3576 2957 αὑτοῦ,
3610 2896 3708 2950 ἕνα
3766 2898 3879 2951 τῶν
3915 2901 4029 2955 ἐλα-

2443 2971 2552 3023 τῶν
2583 2968 2695 3026 οἷον
2737 2977 3069 3048 σκεπάρνου,
3107 2980 3359 3053 τελέτρου
3389 2984 3492 3052 (2),
3527 2987 3770 3058 πρίονος,
3805 2991 3904 3044 καὶ
3931 2992 4036 3046 τῶν

2445 3061 2664 3130 ὁμοίων.
2852 3130 2869 3147 ι

2513 3159 2588 3218 ς’.
2626 3154 2828 3223 Ἐχέτω
2849 3156 2906 3210 δὲ
2931 3159 3146 3223 πάντως
3167 3161 3260 3215 τὸν
3283 3163 3489 3234 σίφωνα
3512 3168 3655 3222 κατὰ
3678 3170 3780 3242 τὴν
3807 3173 4037 3245 πρῶραν

2444 3244 2757 3314 ἔμπροσθεν
2816 3250 3004 3320 χαλκῷ
3025 3253 3423 3324 ἠμφιεσμένον,
3459 3259 3536 3324 ὡς
3579 3249 3735 3328 έθος,
3767 3265 3837 3317 δι’
3866 3244 3946 3320 οῦν
3977 3269 4041 3321 τὺ

2443 3338 2865 3407 ἐσκευασμένων
2901 3341 2979 3411 (5)
3035 3343 3146 3415 πῦρ
3189 3347 3330 3399 κατὰ
3361 3349 3470 3401 τῶν
3509 3351 3773 3406 ἐναντίων
3816 3358 4036 3411 ἀκοντί-

2445 3443 2526 3476 σοι
2551 3427 2648 3496 (ι).
2680 3429 2783 3480 Καὶ
2817 3429 3024 3484 ἄνωθεν
3057 3433 3113 3487 δὲ
3141 3435 3235 3487 τοῦ
3267 3438 3509 3493 τοιούτου
3557 3441 3791 3510 σίφωνος
3836 3447 4034 3516 ψευδο-

2444 3518 2637 3570 πάτιον
2701 3520 2808 3573 ἀπὸ
2861 3524 3110 3588 σανίδων,
3162 3528 3255 3580 καὶ
3305 3529 3437 3582 αὐτὸ
3496 3541 4041 3609 περιτετειχισμένον

2444 3611 2675 3673 σανίσιν,
2715 3613 2772 3664 ἐν
2810 3608 2854 3680 ᾧ
2884 3615 3165 3685 στήσονται
3201 3618 3394 3689 ἄνδρες
3430 3621 3754 3693 πολεμισταὶ
3786 3608 3904 3692 τοῖς
3931 3632 4032 3684 ἐπ·

2441 3701 2757 3770 ερχομένοις
2787 3704 2895 3756 ἀπὸ
2921 3706 3022 3775 τῆς
3046 3707 3270 3779 πρώρας
3293 3711 3401 3764 τῶν
3423 3713 3699 3785 πολεμίων
3727 3717 4035 3790 ἀντιμαχὸ-

2443 3808 2617 3858 μενοι,
2651 3791 2682 3861 ἢ
2725 3793 2863 3847 κατὰ
2900 3796 2996 3865 τῆς
3025 3798 3289 3868 πολεμίας
3324 3803 3459 3867 νεὼς
3487 3803 3616 3874 ὅλης
3643 3803 3936 3875 βάλλοντες
3960 3810 4032 3863 δι’

2439 3884 2582 3936 ὅσων
2605 3883 2672 3936 ἂν
2706 3888 3068 3958 ἐπινοήσωσιν
3095 3891 3294 3948 ὃπλων.

2511 3975 2577 4040 ζ’.
2622 3978 2779 4031 Ἀλλὰ
2807 3984 2901 4032 καὶ
2931 3981 3000 4033 τὰ
3023 3983 3289 4055 λεγόμενα
3312 3987 3653 4062 ξυλόκαστρα
3682 3997 3816 4065 περὶ
3846 3997 3909 4050 τὸ
3935 3999 4032 4068 μέ-

2447 4085 2538 4120 σον
2570 4087 2672 4122 που
2706 4071 2800 4123 τοῦ
2828 4075 3123 4144 καταρτίου
3175 4078 3232 4129 ἐν
3269 4084 3380 4144 τοῖς
3429 4084 3709 4151 μεγίστοις
3752 4088 4032 4160 δρόμωσιν

2442 4161 2796 4231 ἐπιστήσωσι
2831 4171 3337 4241 περιτετειχισμένα
3377 4176 3603 4241 σανίσιν,
3632 4179 3694 4244 ἐξ
3721 4174 3797 4235 ὧν
3833 4182 4030 4256 ἄνδρες

2439 4255 2582 4318 τινὲς
2611 4257 2672 4309 τὸ
2705 4258 2868 4326 μέσον
2895 4263 2994 4331 τῆς
3022 4263 3289 4332 πολεμίας
3321 4267 3446 4336 νηὸς
3475 4269 3852 4325 ἀκοντίσουσιν
3883 4274 3916 4343 ἥ
3941 4255 4032 4327 γλί-

2440 4343 2565 4408 οους
2617 4348 2898 4416 μυλιικοῦς,
2950 4352 3214 4424 ἢσίδηρα
3271 4355 3463 4426 βαρέα,
3496 4354 3608 4412 οἷον
3649 4365 3830 4430 μάζας
3876 4363 4033 4435 ξιπο-

2439 4440 2622 4504 ειδείς,
2665 4441 2731 4494 δι’
2769 4435 2844 4495 ὧν
2872 4444 2904 4513 ἢ
2940 4444 3037 4516 τὴν
3063 4447 3193 4500 ναῦν
3219 4449 3625 4521 διαθρύψυυσιν,
3655 4454 3688 4526 ἢ
3728 4457 3858 4520 τοὺς
3889 4459 4030 4512 ὑπο-

2439 4532 2726 4600 κειμένους
2755 4535 3141 4591 συνθλάσουσιν
3171 4541 3418 4612 σφοδρῶς
3437 4547 3887 4617 καταφερόμενοι,
3913 4552 3948 4622 ἦ
3973 4569 4032 4606 τι

2437 4623 2623 4693 ἕτερον
2656 4627 3010 4697 ὲπιχύσουσιν
3049 4631 3081 4701 ἢ
3110 4632 3397 4704 ἐμπρῆσαι
3427 4637 3728 4708 δυνάμενον
3754 4643 3857 4712 τὴν
3890 4643 4027 4698 ναῦν

2436 4715 2545 4766 τῶν
2573 4716 2849 4783 ἐναντίων,
2887 4718 2922 4787 ἢ
2954 4721 3078 4784 τοὺς
3110 4723 3166 4775 ἐν
3189 4725 3326 4795 αὐτῇ
3363 4726 3651 4797 πολεμίους
3681 4730 4022 4792 Θανατῷσαι.

2440 4806 2709 4871 Ἕκαστος
2737 4809 2796 4862 δὲ
2824 4811 2933 4862 τῶν
2959 4813 3252 4882 δρομώνων
3283 4818 3532 4888 εὐμήκης
3559 4821 3724 4885 ἔστω,
3747 4827 3843 4879 καὶ
3879 4829 4024 4898 σύμ-

2441 4917 2656 4969 μετρος,
2691 4902 2828 4969 ἔχων
2856 4904 2956 4973 μὲν
2984 4906 3082 4970 τὰς
3110 4905 3406 4978 λεγομένας
3443 4913 3662 4978 ὲλασίας
3693 4916 3810 4984 δύο,
3841 4922 3941 4991 τήν
3961 4940 4026 4976 τε

2438 4993 2586 5046 κάτω
2613 4997 2705 5046 καὶ
2738 4995 2834 5066 τὴν
2856 4997 2987 5051 ἄνω.

2509 5085 2578 5156 η’.
2622 5088 2858 5159 Ἐκάστη
2907 5089 2963 5142 δὲ
3004 5092 3174 5160 ἐχέτω
3205 5093 3403 5163 ζυγοὺς
3440 5098 3502 5150 τὸ
3532 5098 3820 5168 ἐλάχιστον
3855 5104 4020 5159 πέντε

2432 5179 2528 5233 καὶ
2551 5180 2746 5244 εἴκοσι,
2785 5184 2846 5236 ἐν
2884 5179 2965 5247 οἷς
2996 5186 3044 5237 ot
3075 5187 3397 5256 κωπηλάται
3433 5190 3888 5263 καθεσρήσονται.
3929 5198 4023 5262 Ὠς

2429 5269 2567 5328 εἶναι
2622 5274 2819 5342 ζυγοὺς
2873 5277 2997 5340 τοὺς
3055 5278 3302 5343 ἅπαντας
3354 5281 3503 5336 κάτω
3547 5284 3649 5352 μὲν
3700 5287 3876 5341 εἴκοσι
3924 5293 4022 5343 καὶ

2431 5366 2780 5432 πέντε,’ᾶνω
2813 5367 2869 5420 δὲ
2898 5369 3098 5438 ὁμοίως
3126 5371 3300 5424 εἴκοσι
3338 5375 3431 5426 καὶ
3479 5375 3662 5441 πέντε,
3697 5380 3840 5446 ὁμοῦ
3879 5399 4018 5435 πεν-

2429 5460 2668 5529 τήκοντα
2692 5477 2705 5490 ·
2756 5460 2877 5514 καθ’
2908 5461 3002 5514 ἕνα
3044 5463 3101 5515 δὲ
3149 5465 3328 5518 αὐτῶν
3369 5467 3462 5520 δύο
3493 5469 3920 5534 καοεζέσθωσαν
3965 5476 4018 5529 οι

2255 5597 2483 5653 NOT/E.

812 5683 890 5753 (Ι)
920 5684 1002 5758 Ab
1031 5685 1264 5758 αὐχένας
1285 5727 1300 5754 ,
1333 5703 1508 5758 usque
1546 5689 1612 5743 ad
1669 5689 1764 5742 καὶ
1813 5689 2056 5744 στυππία
2081 5728 2097 5756 ,
2147 5691 2319 5748 codex

741 5751 1143 5811 Laurentianus
1175 5751 1307 5812 hiat.

810 5824 887 5896 (‘2)
927 5825 1227 5893 Τελέτρου.
1272 5828 1482 5898 Scribe,
1514 5829 1794 5901 τερέτρου.

2622 5691 3147 5770 ξῌσκευςισμέῂωνξ,
3177 5693 3386 5770 Scribe.
3429 5695 3860 5770 ἐσκευασμένον.

2501 5759 2579 5833 (μί)
2627 5759 2972 5817 Ἀκοντίσόι.
3009 5765 3222 5832 Scribe,
3253 5766 3556 5821 ἀκοντίσαι.
