4200 6440
175 405 290 466 993

1231 395 1569 456 TACTlCA.
1610 418 1675 430 -·
1714 392 2214 455 CONSTITUTIO
2244 397 2401 456 XIX.

3317 404 3419 465 994

181 515 661 586 κωπηλατοῦντες,
692 507 771 576 εἷς
798 513 897 582 μὲν
925 511 1096 577 δεξιὰ,
1131 508 1208 575 εἷς
1249 512 1306 565 δὲ
1333 511 1615 592 ἀριστερά.
1672 513 1758 575 Ὠς

1865 514 2027 580 turio,
2080 521 2134 568 et
2166 515 2258 585 qui
2288 514 2561 568 ilamulum
2596 524 2757 597 tenet,
2790 527 2843 572 et
2871 516 2979 573 duo
3017 519 3411 588 gubernatores

181 600 333 658 εἶναι
361 605 487 664 τοὺς
518 601 764 662 ἅπαντας
783 600 1110 671 κωπηλάτας
1138 601 1274 670 ὁμοῦ
1303 600 1400 652 καὶ
1420 600 1544 662 τοὺς
1570 601 1765 662 αὐτοὺς

181 697 286 748 καὶ
317 693 652 762 στρατιώτας
697 692 822 756 τούς
855 711 912 746 τε
947 693 1059 746 ἄνω
1094 693 1188 746 καὶ
1225 691 1352 753 τοὺς
1385 692 1534 745 κάτω
1569 692 1766 761 ἄνδρας

179 786 407 838 ἑκατόν.
434 784 578 850 Ἔξω
602 783 658 837 δὲ
686 781 889 835 τούτων
916 774 1014 854 τῆν
1040 782 1336 851 κένταρχον
1354 779 1448 833 τοῦ
1468 781 1763 851 δρόμωνος,

180 876 285 928 καὶ
339 874 429 927 τὸν
477 874 539 927 τὸ
594 872 902 942 φλάμουλον
935 873 1254 943 κατέχοντα,
1285 872 1528 934 καὶτοὺς
1551 871 1644 922 δύο
1672 886 1767 921 κυ-

179 964 464 1034 σερνήτας
505 963 613 1016 τῶν
655 961 751 1020 τοῦ
800 962 1078 1032 δρόμωνος
1116 959 1380 1029 αὐχένων,
1410 959 1502 1023 οὓς
1541 959 1767 1012 καλοῦσι

182 1056 292 1109 καὶ
348 1055 829 1126 πρωτοκαράσους.
874 1053 984 1107 Καὶ
1028 1052 1082 1108 ετ
1116 1068 1236 1104 τινα
1279 1052 1397 1106 δέον
1437 1052 1520 1116 εἰς
1552 1049 1648 1121 τὴν
1673 1050 1767 1104 τοῦ

184 1146 495 1216 καντάρχου
553 1143 883 1215 ὑπηρεσίαν·
935 1142 1045 1196 τῶν
1079 1141 1137 1195 δὲ
1167 1141 1431 1213 πρωρέων
1474 1138 1677 1194 έλατῶν
1718 1139 1768 1192 οἱ

186 1238 504 1292 τελευταῖοι
559 1236 656 1290 δύο
703 1238 731 1290 ὀ
773 1236 876 1305 μὲν
913 1233 1054 1288 ἔστω
1078 1233 1421 1303 σιφωνάτωρ,
1451 1233 1479 1285 6
1507 1231 1563 1286 δὲ
1587 1231 1767 1302 ἕτερος

183 1328 220 1378 6
258 1327 361 1389 τὰς
390 1327 640 1395 ἀγκύρας
675 1325 884 1395 βάλλων
906 1324 1048 1378 κατὰ
1077 1324 1380 1378 θάλασσαν·
1415 1320 1556 1374 ἔστω
1581 1321 1637 1374 δὲ
1674 1323 1768 1375 καὶ

180 1419 216 1471 6
249 1419 502 1489 πρωρεὺς
533 1418 647 1472 άνω
671 1433 775 1470 που
806 1416 905 1485 τῆς
933 1415 1157 1486 πρώρας
1177 1411 1494 1483 καθήμενος
1522 1411 1760 1477 ἔνοπλος,

181 1511 286 1566 καὶ
310 1512 340 1564 6
359 1510 453 1563 τοῦ
482 1509 752 1578 ναυάρχου
785 1507 842 1562 δὲ
867 1509 986 1578 ἢτοι
1015 1506 1110 1560 τοῦ
1134 1506 1430 1577 κεντάρχου
1459 1505 1763 1576 κράὸῦατος

1862 605 1986 656 colli
2032 604 2297 668 triremis,
2350 619 2490 675 quos
2524 609 2976 678 πρωτοκαρξῢους
3008 620 3224 674 vocant,
3272 620 3326 666 et
3375 615 3419 666 si

1862 694 1987 762 quis
2016 692 2157 747 alius
2196 694 2520 750 administer
2559 696 2900 753 centurionis
2929 708 3032 755 est.
3064 701 3137 754 Ex
3179 702 3245 757 iis
3279 703 3423 770 regi-

1863 785 1987 847 bus,
2023 799 2116 854 qui
2150 784 2202 838 in
2237 788 2399 856 puppi
2431 795 2582 853 sunt,
2624 789 2851 844 extremi
2903 790 3012 844 duo
3062 794 3172 848 sint
3225 813 3240 850 :
3287 796 3425 851 alter

1863 876 2205 944 siplionator,
2264 878 2398 932 alter
2450 881 2542 950 qui
2589 882 2882 936 ancltoram
2938 883 2992 937 in
3043 900 3190 940 mare
3238 887 3424 955 jaciat,

1867 966 1950 1020 Sit
1997 973 2052 1022 et
2083 976 2324 1036 proreta,
2367 970 2419 1022 iu
2455 985 2670 1026 summa
2702 980 2856 1041 parte
2904 989 3080 1044 proras
3108 975 3306 1032 sedens
3333 992 3425 1031 ar-

1866 1067 2066 1125 matus,
2099 1067 2153 1113 et
2192 1061 2470 1127 navarchi,
2523 1064 2576 1118 id
2631 1072 2738 1127 est,
2777 1067 3114 1124 centurionis
3168 1070 3427 1138 grabatus

1866 1146 1919 1200 iu
1975 1163 2152 1218 puppe
2202 1150 2291 1214 sit,
2343 1151 2436 1219 qui
2467 1152 2630 1206 simul
2675 1163 2984 1223 separatum
3018 1170 3046 1209 a
3087 1159 3298 1212 ezeteris
3327 1174 3428 1212 no-

1865 1244 1940 1291 tet
1989 1239 2364 1293 centurionem
2411 1255 2554 1307 esse,
2587 1242 2751 1297 simul
2789 1245 2961 1313 praelii
2998 1254 3243 1316 tempore
3276 1248 3425 1301 illum

1865 1343 1896 1382 a
1937 1328 2205 1399 conjectis
2249 1330 2492 1385 hostium
2550 1334 2672 1387 telis
2705 1333 2978 1391 defendat.
3026 1337 3268 1403 Quorum
3311 1340 3430 1392 loco

1871 1419 2086 1489 singula
2134 1419 2499 1490 perlustrans,
2541 1421 2609 1477 ad
2662 1438 2878 1482 omnem
2911 1441 3070 1482 usum
3101 1428 3293 1484 adduci
3328 1431 3426 1485 tri-

1874 1521 2076 1572 remem
2117 1507 2352 1577 iubebit.

183 1602 286 1657 ιπὶ
336 1601 438 1669 τῆς
477 1598 734 1673 πρύμνης
775 1596 1031 1667 γινέσθω,
1077 1596 1212 1667 ὁμοῦ
1259 1598 1356 1685 μεν
1385 1595 1766 1685 ἀφωρισμένον
1793 1594 2051 1654 δεικνύων
2077 1599 2167 1652 τὸν
2191 1600 2424 1685 ἄρχοντα
2442 1603 2576 1674 ὁμοῦ
2598 1605 2654 1659 δὲ
2674 1605 2768 1659 καὶ
2824 1607 3106 1675 φυλάττων
3134 1611 3233 1681 μιν
3259 1614 3434 1685 καιρῷ

185 1688 471 1759 συμϐολῆς
520 1688 627 1742 άπὸ
688 1687 796 1742 τῶν
835 1687 1174 1757 ριπτομένων
1232 1684 1409 1755 βελῶν
1465 1686 1613 1754 παρὰ
1658 1682 1767 1748 τῶν
1799 1685 2077 1754 ἐναντίων,
2111 1688 2171 1753 ἐξ
2196 1684 2258 1743 οὗ
2316 1691 2412 1743 καὶ
2503 1693 2570 1745 τὰ
2639 1694 2847 1750 ἕκαστα
2899 1697 3111 1767 βλέπων
3159 1702 3296 1771 πρὸς
3334 1682 3434 1777 τὴν

183 1779 385 1848 χρείαν
414 1775 642 1846 ἄγεσθαι
667 1773 918 1829 κελεύσοι
941 1775 969 1829 6
1002 1773 1191 1845 ἄρχων
1221 1773 1312 1826 τὸν
1349 1771 1623 1842 δρόμωνα.

263 1867 334 1926 θ’.
359 1870 472 1922 Καὶ
493 1869 670 1939 lupos
693 1865 751 1920 δὲ
772 1866 1045 1938 δρόμωνες
1069 1863 1662 1930 κατασκευαζέσθωσάν
1688 1883 1767 1920 σοι

1941 1871 1992 1923 9.
2045 1870 2177 1926 Alia:
2235 1873 2485 1928 triremes
2534 1874 2601 1931 iis
2663 1878 2899 1949 majores
2958 1881 3109 1950 ﬂant,
3167 1884 3434 1945 ducentos

184 1961 398 2016 τούτων
426 1959 690 2030 μείζονες,
714 1959 824 2014 ἀπὸ
852 1957 1139 2013 διακοσίων
1163 1958 1465 2029 χωροῦντες
1485 1959 1761 2030 άνδρῶν,ἢ

186 2052 369 2108 πλείω
393 2049 592 2106 τούτων
616 2049 650 2120 ἢ
678 2049 905 2115 ὲλάττω,
929 2048 1071 2104 κατὰ
1091 2049 1190 2118 τὴν
1213 2047 1402 2118 χρείαν
1423 2049 1521 2120 τὴν
1542 2049 1764 2113 δέουσαν

188 2145 291 2204 ἐπὶ
317 2141 510 2214 καιροῦ
533 2141 672 2198 κατὰ
702 2141 809 2204 τῶν
834 2141 1120 2195 ἐναντίων⁹
1146 2135 1221 2195 ὦν
1236 2141 1284 2194 οἱ
1308 2140 1404 2210 μὲν
1432 2145 1768 2212 πεντήκοντα

186 2239 298 2309 τὴν
331 2237 481 2290 κάτω
511 2234 733 2288 ἐλασίαν
760 2233 1222 2304 ὑπουργήσουσιν,
1258 2234 1308 2285 οἱ
1337 2233 1394 2286 δὲ
1417 2232 1610 2286 ἑκατὸν
1638 2249 1766 2286 πεν-

186 2317 433 2399 τήκοντα
480 2328 591 2382 ἄνω
635 2324 870 2390 ἑστῶτες
914 2324 1152 2388 ἅπαντες
1189 2323 1399 2378 ῑνοπλοι
1435 2324 1766 2394 μαχήσονται

187 2421 311 2484 τοῖς
338 2417 641 2488 πολεμίοις.

271 2514 324 2569 ι’.
351 2505 463 2560 Καὶ
511 2506 590 2560 ἔτι
635 2507 691 2560 δὲ
731 2507 1160 2570 κατασκευάσεις
1197 2507 1478 2579 δρόμωνας
1519 2507 1770 2572 ἐλάττους

192 2599 663 2670 δρομικωτάτους,
699 2600 861 2653 οἱονεὶ
889 2599 1121 2668 γαλαίας
1161 2599 1195 2668 ἢ
1241 2599 1497 2670 μονήρεις
1544 2599 1769 2671 λεγομέ-

195 2711 349 2758 νους,
373 2693 622 2763 ταχινοὺς
657 2693 757 2746 καὶ
784 2691 1076 2762 ἐλαφροὺς,
1118 2683 1313 2762 οἷσπερ
1347 2693 1526 2763 χρήσῃ
1567 2695 1625 2747 ὲν
1651 2694 1771 2758 ταῖς

197 2782 420 2853 βίγλαις
451 2783 545 2834 καὶ
572 2783 690 2844 ταῖς
715 2781 904 2844 ἄλλαις
923 2783 1169 2850 ταχιναῖς
1195 2780 1420 2852 χρείαις.

277 2879 366 2927 ια’.
402 2873 512 2925 Καὶ
544 2872 741 2942 ἑτέρας
791 2871 848 2923 δὲ
889 2870 1023 2933 ναῦς
1061 2871 1310 2940 ποιήσεις
1343 2873 1647 2944 φορτηγοὺς
1680 2874 1774 2928 καὶ

201 2965 586 3034 ἱππαγωγοὺς,
625 2962 786 3019 οἱονεὶ
813 2961 1031 3016 τούλδου
1058 2962 1236 3031 δίκην,
1271 2964 1475 3027 αἵτινες
1514 2967 1611 3032 τὴν
1639 2968 1776 3020 ἀπο-

1866 1962 2035 2022 viros.
2085 1974 2179 2019 aut
2232 1966 2414 2032 plures
2462 1969 2540 2021 vel
2583 1970 2843 2035 minores,
2892 1988 2992 2041 pro
3023 1977 3432 2046 opportunitate

1869 2051 2113 2104 locorum
2155 2060 2592 2127 temporumque,
2633 2062 2951 2129 capientes;
2984 2080 3014 2120 ο
3046 2067 3247 2135 quibus
3274 2070 3435 2138 quin-

1870 2143 2127 2211 quaginta
2157 2143 2209 2195 in
2241 2143 2500 2202 inferiore
2550 2163 2826 2206 remorum
2863 2155 3055 2210 ordine
3089 2154 3434 2224 locabuntur,

1870 2241 2088 2284 centum
2125 2232 2519 2303 quinquaginta
2551 2240 2807 2307 superius
2839 2249 3068 2312 stantes,
3106 2260 3295 2303 omnes
3332 2249 3430 2303 ad-

1869 2333 2088 2375 versum
2141 2320 2330 2377 hostes
2380 2327 2573 2379 armati
2627 2329 2964 2399 pugnabunt.

1945 2501 2034 2557 10.
2089 2501 2371 2562 Triremes
2437 2507 2679 2565 minores
2730 2509 3025 2568 fabricabis
3087 2516 3154 2571 ad
3214 2533 3437 2576 cursum

1874 2593 2190 2650 celerrimas
2217 2611 2387 2651 unum
2417 2612 2690 2654 remorum
2723 2602 2968 2660 ordinem
2993 2604 3277 2676 habentes,
3303 2629 3440 2682 quas

1845 2677 2057 2755 galeas
2102 2697 2335 2752 vocant,
2386 2690 2556 2759 agiles
2630 2702 2684 2746 ct
2737 2697 3051 2764 expeditas,
3118 2677 3333 2772 quibus-
3371 2708 3439 2761 ad

1873 2776 2133 2832 excubias
2161 2779 2405 2851 aliasque
2444 2783 2649 2838 celeres
2686 2799 2885 2842 causas
2923 2791 3114 2848 uteris.

1946 2867 2032 2921 Η.
2082 2869 2232 2924 Alias
2283 2881 2544 2940 praeterea
2597 2889 2762 2931 naves
2792 2881 3098 2946 onerarias,
3142 2891 3198 2939 et
3233 2889 3445 2956 equile-

1879 2971 1969 3013 ras
2010 2959 2252 3028 parabis,
2281 2976 2422 3031 quas
2479 2962 2992 3034 impedimentorum
3048 2973 3168 3029 loco
3196 2975 3440 3043 habebis,

197 3055 407 3126 σκευὴν
440 3057 656 3110 ἃπασαν
678 3053 786 3107 τῶν
819 3054 1164 3123 στρατιωτῶν
1191 3052 1552 3132 βαστάσωσιν,
1583 3057 1668 3111 ἵνα
1701 3060 1767 3132 μὴ

1878 3062 2000 3116 ιιυαι
2055 3059 2373 3120 apparatum
2415 3053 2733 3112 universum
2784 3059 3074 3116 militarem
3129 3068 3442 3135 gestabunt,

190 3147 266 3201 δι’
296 3146 468 3217 αὐτὴν
516 3143 809 3216 βαροῦνται
855 3143 904 3198 οἱ
947 3143 1242 3214 δρόμωνες,
1285 3147 1377 3199 καὶ
1433 3147 1664 3216 μάλιστα
1714 3152 1767 3203 ἐν

1845 3213 1850 3230 Ι
1882 3147 1941 3192 ιιι
1980 3155 2047 3195 ne
2079 3141 2147 3197 iis
2182 3143 2344 3202 rebus
2379 3147 2633 3203 triremes
2686 3150 2802 3204 aliae
2845 3164 3164 3223 graventur,
3212 3159 3447 3230 bellique

189 3211 652 3302 dydwogvxatpio.
683 3231 812 3284 Ὅτε
862 3231 919 3283 δὲ
972 3211 1129 3300 χρεία
1181 3235 1381 3303 μικρᾶς
1421 3211 1682 3308 δαπάνης,
1735 3239 1766 3310 ἦ

1845 3213 2230 3307 ἷροιίεείῐηιιῐη
2281 3243 2543 3307 tempore.
2601 3238 2701 3294 Ubi
2757 3211 2940 3297 autZ-m
2995 3259 3301 3306 commeatu
3353 3211 3448 3307 aut

193 3325 401 3390 ὃπλων,
432 3324 465 3397 ἢ
495 3323 660 3394 άλλης
691 3321 842 3392 ὕλης,
881 3321 1088 3378 ἐκεῖθεν
1114 3324 1537 3396 ἀναλαμϐάνωτι
1564 3329 1659 3393 τὰς
1689 3329 1768 3384 δι-

190 3418 323 3484 οική
332 3431 463 3476 σεις.

277 3504 365 3574 ιβ¹.
393 3507 496 3561 Τὸν
528 3507 585 3562 δὲ
608 3508 714 3563 τῶν
740 3512 1032 3584 δρομὼνων
1060 3514 1310 3585 ἀριθμὸν,
1343 3513 1434 3567 καὶ
1463 3513 1570 3567 τῶν
1598 3513 1655 3566 ὲν
1682 3513 1772 3565 αὐ-

195 3598 314 3660 τοῖς
349 3600 718 3668 στρατιωτῶν,
753 3603 1073 3658 άνιίκαστόν
1107 3607 1222 3659 ἐστι
1258 3607 1349 3658 καὶ
1377 3605 1568 3675 ἄδηλον
1601 3606 1768 3676 διορί-

195 3686 421 3740 σασθαι.
460 3687 522 3741 Ἥ
544 3690 650 3761 γὰρ
683 3692 826 3746 κατὰ
855 3693 947 3747 τὸν
975 3694 1164 3765 καιρὸν
1187 3696 1341 3765 χρεία
1373 3697 1508 3763 πρὸς
1535 3697 1633 3767 τὴν
1660 3696 1768 3748 τῶν

197 3777 654 3847 ἀντιμαχομένων
689 3782 963 3852 πολεμίων
989 3784 1238 3853 δύναμιν,
1270 3784 1344 3846 ὡς
1386 3785 1453 3838 ἂν
1492 3786 1769 3858 ἀπαιτήσῃ

198 3860 300 3912 καὶ
326 3861 386 3913 τὸ
415 3862 618 3932 πλῆθος
640 3864 753 3919 τῶν
769 3867 1086 3938 δρομώνων.
1108 3871 1217 3931 Καὶ
1239 3871 1400 3926 πάλιν
1423 3872 1514 3925 τὸν
1539 3873 1772 3944 ἀριθμὸν

200 3950 298 4004 τοῦ
332 3953 389 4005 ὲν
411 3954 590 4016 αὐτοῖς
622 3955 752 4010 λαοῦ
780 3959 922 4019 κατά
950 3960 1011 4016 τὸ
1035 3960 1262 4029 μέγεθος
1293 3961 1399 4014 τῶν
1426 3962 1645 4029 πλοίων,
1679 3966 1772 4018 καὶ

198 4043 302 4112 τὴν
333 4043 554 4100 δέουσαν
589 4047 648 4100 ὲν
679 4049 861 4113 αὐτοῖς
909 4051 1208 4125 πολεμικὴν
1250 4052 1461 4107 ὅπλισιν
1503 4054 1644 4109 οὕτω
1682 4057 1775 4110 καὶ

201 4133 472 4203 «animo.

280 4223 372 4289 if.
411 4225 639 4293 Προσέτι
677 4227 732 4283 δὲ
771 4231 866 4284 καὶ
912 4231 980 4284 τὰ
1007 4233 1312 4303 σκευοφόρα
1346 4238 1438 4288 καὶ
1472 4236 1774 4306 ίππαγωγᾲ

203 4310 368 4364 πλοῖα
402 4314 526 4378 τοὺς
566 4315 622 4367 ὲν
654 4317 836 4381 αὐτοῖς
880 4320 1183 4389 ἀρκοῦντας
1229 4322 1409 4388 ἕξουσι
1450 4327 1649 4390 ναύτας
1672 4327 1772 4396 (5),

203 4402 331 4454 οὐδὲ
363 4402 557 4467 αὐτοὺς
593 4407 875 4470 ἀνόπλους.
917 4410 1074 4468 Ἀλλά
1107 4411 1203 4467 καὶ
1242 4414 1372 4478 τόξα
1407 4415 1650 4485 ἔχοντας,
1682 4418 1775 4472 καὶ

202 4493 485 4559 σσγίττας,
518 4499 612 4548 καὶ
638 4497 916 4570 ῥικτάρια,
944 4502 1038 4556 καὶ
1065 4503 1119 4555 εἴ
1144 4519 1193 4556 τι
1220 4504 1474 4574 χρειῶδες
1509 4507 1645 4575 πρὸς
1674 4509 1773 4561 πό-

201 4585 371 4651 λεμον
401 4585 606 4655 ἕτερον,
639 4587 728 4640 διὰ
755 4588 854 4652 τὰς
877 4591 1181 4659 ἀναγκαίας
1208 4595 1575 4664 περιστάσεις.
1625 4599 1776 4652 Ἑπι-

206 4674 564 4748 φερέσοωσαν
601 4677 656 4736 δὲ
687 4680 780 4732 καὶ
805 4681 1035 4751 περιττὰ
1065 4683 1226 4736 ὅπλα·
1266 4685 1394 4737 ποτὲ
1417 4685 1523 4756 γὰρ
1553 4687 1644 4739 καὶ
1668 4687 1777 4742 λει-

207 4765 421 4816 πόντων
444 4766 640 4833 ὃπλων,
664 4769 871 4822 ἐκεῖθεν
904 4773 951 4823 ol
981 4773 1306 4845 στρατιῶται
1333 4776 1665 4845 πορίσονται.
1699 4779 1778 4832 Τά

198 4857 258 4908 δὲ
282 4857 505 4916 τοιαῦτα
527 4859 687 4914 πλοῖα
709 4862 802 4916 καὶ
823 4861 1042 4932 ἅρματα
1065 4866 1357 4934 ἐχέτωσαν,
1379 4867 1475 4921 καὶ
1499 4869 1772 4937 μάγγανα,

201 4948 300 4999 καὶ
349 4947 415 4999 τά
461 4948 594 5002 ἄλλα
632 4950 770 5003 ὅπλα
817 4954 954 5022 πρὸς
1004 4954 1209 5024 χρείαν,
1249 4957 1296 5008 εί
1344 4956 1519 5028 τύχοι,
1567 4961 1774 5030 μήποτε

201 5039 542 5093 ἐπιλείπουσι
585 5041 670 5094 διὰ
701 5043 761 5095 τὸ
789 5044 1100 5112 ὀλιγοῦσϐαι
1131 5046 1272 5100 αὐτὰ
1307 5048 1367 5100 ἐν
1392 5052 1511 5111 ταῖς
1551 5050 1772 5120 μάχαις.

216 5128 403 5191 Ἐκτδς
433 5130 490 5183 δὲ
554 5131 663 5183 τῶν
704 5134 1050 5205 στρατιωτῶν
1097 5135 1214 5206 ἦτοι
1261 5136 1369 5189 τῶν
1415 5139 1527 5192 ἄνω
1571 5141 1777 5194 ἐλατῶι

203 5223 323 5272 ὅσοι
352 5221 417 5274 ἄν
446 5222 581 5274 εἰσιν
608 5223 715 5276 ἀπό
751 5240 810 5276 τε
852 5223 947 5276 τοῦ
979 5227 1275 5297 κεντάρχου
1309 5228 1403 5281 καὶ
1441 5228 1639 5299 ἑφεξῆς
1673 5232 1777 5298 ἓως

199 5309 299 5362 τοῦ
328 5311 561 5379 ἐσχάτου
591 5313 967 5382 κατάφρακτοι
1012 5314 1226 5368 ἔσονται
1258 5317 1396 5370 ὅπλα
1422 5317 1635 5386 ἔχοντες
1667 5316 1779 5375 οἷον

204 5403 524 5472 σκουτάρια,
572 5401 833 5472 μέναυλα,
873 5405 1025 5472 τόξα,
1076 5406 1338 5474 σαγίττας
1375 5410 1439 5461 ἐκ
1488 5411 1772 5479 περισσοῦ,

204 5489 433 5556 σπαθία,
488 5493 767 5564 ρικτάρια,
807 5494 1060 5567 λωρίκια,
1113 5497 1396 5565 κλιϐάνια,
1459 5501 1507 5552 εί
1556 5503 1647 5553 καὶ
1697 5503 1772 5574 μὴ

200 5581 447 5649 ὕπισθεν,
474 5583 608 5637 ἀλλὰ
632 5585 850 5638 πάντων
905 5588 1244 5658 ἔμπροσθεν·
1275 5591 1550 5656 κασσίδας,
1592 5595 1772 5662 χειρό-

1881 3322 2072 3391 armis,
2120 3331 2214 3378 aut
2261 3326 2368 3380 alia
2405 3329 2631 3384 materia
2662 3345 2800 3400 opus
2848 3341 2952 3400 est,
3007 3337 3134 3394 inde
3182 3340 3249 3393 ad
3282 3357 3441 3399 usum

1883 3425 2042 3464 suum
2094 3412 2437 3479 depromaut.

1955 3500 2040 3555 12.
2086 3501 2414 3562 Triremium
2460 3509 2823 3579 singularum,
2861 3515 3224 3589 militumque,
3255 3523 3348 3592 qui
3389 3525 3446 3581 in

1883 3589 1992 3645 illis
2032 3592 2318 3660 vehentur,
2368 3613 2652 3655 numerum
2694 3603 2921 3660 delinire
2960 3606 3121 3666 facile
3170 3589 3285 3668 non
3324 3625 3442 3680 est;

1886 3687 2192 3750 temporum
2236 3686 2383 3740 enim
2437 3688 2682 3757 ipsorttm
2718 3698 3103 3763 opportunitas
3131 3701 3199 3756 ad
3256 3705 3446 3774 e0pias

1886 3773 2122 3829 hostium
2178 3768 2586 3851 expugnandas,
2618 3792 2730 3840 tum
2792 3790 3096 3847 triremium
3136 3810 3445 3865 numerum,

1884 3873 1998 3919 tttm
2061 3868 2296 3924 militum
2339 3873 2528 3939 etiam,
2574 3891 2871 3949 omnesque
2928 3897 3015 3939 res
3069 3871 3328 3955 praeterea
3381 3893 3448 3948 ad

1886 3953 2084 4012 bellum
2136 3962 2498 4028 necessarias,
2559 3965 2842 4027 indicabit.

1957 4236 2040 4290 15.
2082 4237 2258 4294 Naves
2298 4243 2604 4310 onerarias,
2635 4253 2690 4300 et
2717 4256 3005 4317 equestres
3038 4255 3218 4308 omnia
3253 4255 3448 4312 idonea

1885 4324 1941 4376 in
1997 4340 2057 4380 se
2107 4326 2306 4392 habere
2359 4334 2667 4400 Oportebit,
2704 4351 2880 4406 neque
2915 4355 3002 4396 res
3037 4343 3213 4400 solum
3256 4344 3322 4397 ad
3357 4364 3451 4399 na-

1886 4414 2175 4484 vigandum
2231 4423 2588 4489 necessarias,
2623 4425 2717 4480 sed
2779 4427 2945 4483 etiam
2981 4418 3159 4498 arcus,
3194 4435 3446 4504 sagittas,

1879 4503 2085 4574 jacula,
2143 4517 2196 4562 et
2243 4509 2288 4565 si
2318 4511 2448 4580 quid
2505 4523 2759 4582 praeterea
2800 4529 3017 4588 propter
3068 4537 3156 4579 res
3209 4525 3448 4580 circum-

1889 4607 2095 4654 stantes
2160 4601 2228 4655 ad
2295 4601 2547 4658 bellicum
2603 4621 2763 4661 usum
2824 4615 3079 4679 pertinet.
3139 4614 3451 4672 Aderantur

1884 4691 2048 4743 etiam
2080 4706 2358 4748 armorum
2384 4709 2584 4764 genera
2610 4700 2903 4766 permulta,
2937 4711 2997 4756 ut
3038 4703 3269 4761 defectis
3307 4721 3452 4777 saepe

1884 4781 2147 4838 militibus
2193 4798 2346 4839 arma
2375 4786 2500 4841 inde
2532 4791 2966 4858 suppeditentur.
2996 4794 3257 4868 Maugana
3284 4798 3448 4853 etiam

1885 4871 2139 4938 habeant,
2176 4874 2495 4948 reliquaque
2522 4880 2640 4950 ejus
2675 4885 2889 4951 generis
2923 4900 3095 4952 arma,
3140 4905 3210 4945 ne
3259 4891 3448 4946 militi-

1887 4963 1990 5018 bus
2040 4963 2236 5020 borum
2280 4967 2497 5024 deiectu
2525 4970 2856 5030 oﬂensiones
2884 4991 3092 5047 magnas
3117 4978 3266 5035 ﬁant.
3298 4980 3448 5036 Prae-

1884 5059 1966 5104 ter
2000 5052 2198 5109 milites
2254 5065 2457 5121 autem,
2489 5067 2542 5113 et
2584 5062 2893 5129 superiores
2925 5067 3176 5136 remiges,
3208 5070 3442 5136 quicun-

1881 5157 1986 5212 que
2038 5159 2162 5198 eum
2208 5149 2527 5207 centuriOue
2580 5161 2727 5216 sunt,
2762 5154 3070 5224 reliquique
3101 5173 3132 5210 a
3169 5160 3346 5229 primo
3375 5163 3441 5214 ad

1883 5242 2207 5303 extremum,
2247 5254 2434 5296 omnes
2482 5243 2673 5297 armati
2731 5245 2864 5312 sint,
2913 5255 2969 5302 et
3019 5258 3199 5311 scuta,
3256 5251 3442 5312 hastas

1886 5323 2181 5393 longiores,
2214 5342 2396 5393 arcus,
2435 5332 2662 5401 sagittas
2699 5338 3018 5403 permultas,
3070 5341 3311 5408 spathas,
3358 5341 3444 5409 ja-

1886 5416 2031 5482 Cula,
2067 5418 2272 5487 galeas,
2307 5422 2596 5488 thoraces,
2658 5426 2703 5480 si
2759 5443 2865 5481 non
2919 5443 2948 5482 a
2984 5437 3156 5500 tergo,
3215 5426 3341 5488 aute
3386 5449 3444 5489 se

1882 5506 2073 5568 saltem
2109 5507 2378 5576 habeant;
2411 5514 2683 5579 cassides,
2715 5516 3030 5588 braehialia,
3061 5519 3443 5594 anterioraque

1881 5596 2128 5664 corporis
2169 5601 2345 5655 omnis
2394 5601 2446 5654 in
2490 5603 2604 5672 ipsa
2648 5606 3018 5683 dimicatione,
3051 5623 3103 5666 et
3153 5623 3440 5670 ςοηερνιηπ

1706 5683 1938 5740 NOTAE.

282 5765 352 5835 {33)
386 5766 632 5828 ’Ἑξουσί
657 5770 898 5834 ναύτας.
925 5769 1298 5834 Scribebalttr,
1323 5773 1541 5825 ἓκουσιν
1579 5775 1768 5837 αὐτάς.

452 5861 718 5919 Parum.
754 5863 865 5922 Gtt.
903 5862 1083 5923 CVII.

2983 5885 3056 5942 32
