4200 6438
776 422 886 487 995

2017 417 2292 478 LEONIS
2325 408 2787 479 PHILOSOPIH

3950 417 4067 481 996

759 533 910 584 tione
964 540 1243 584 manuum.
1293 524 1394 591 Qui
1445 533 1625 579 autem
1666 522 1870 594 galeas,
1923 533 2019 577 aut
2073 524 2339 579 thoraces

2444 525 2604 593 ψελα,
2636 528 2728 578 καὶ
2760 524 2991 595 μάλιστα
3018 528 3065 578 οί
3091 527 3401 596 ἔμπροσθεν
3444 528 3502 579 ὲν
3545 529 3610 597 τῇ
3644 528 3930 598 προσϐολῇ
3954 531 4061 598 τῆς

761 636 870 675 non
908 622 1128 683 habent,
1164 618 1347 671 omnia
1399 617 1514 671 lucc
1558 632 1622 669 ex
1678 616 1861 669 nervis
1916 618 2167 671 confecta
2221 631 2347 668 cum

760 711 1070 783 duplicibus
1104 708 1390 762 cenduclis
1438 715 1691 777 gestent;
1730 714 1783 760 et
1828 706 1881 759 hi
1921 720 1949 758 a
1985 717 2140 775 tergo
2175 714 2341 759 caete-

759 817 943 856 rorum
992 801 1151 855 locati
1203 799 1441 853 arcubus
1502 806 1756 864 utantur,
1796 808 1842 853 el
1900 798 2112 869 lapides
2156 799 2335 851 maui-

757 894 960 962 plares,
1006 909 1145 963 quos
1182 891 1472 944 cochlaces
1518 898 1737 952 vocant,
1792 890 1846 943 in
1891 889 2211 945 triremilms
2244 890 2341 941 ha-

759 988 941 1050 beant,
982 1000 1118 1054 quos
1174 983 1227 1037 in
1281 984 1468 1037 hostes
1518 981 1842 1051 conjiciaut,
1903 996 1967 1036 ac
2020 998 2116 1051 pro
2173 984 2344 1034 anuis

758 1085 1013 1142 utantur;
1052 1074 1263 1146 lapides
1308 1075 1452 1128 enim
1485 1087 1632 1125 arma
1663 1081 1793 1126 sunt
1828 1073 1970 1127 bona
2003 1081 2056 1126 et
2086 1080 2263 1125 certa.

2450 618 2635 686 μάχης
2688 618 2828 669 κατὰ
2861 620 3048 687 χεῖρας
3098 618 3538 687 συμπλεκόμενοι
3572 620 3665 672 καὶ
3703 620 4061 688 ἀγωνιζόμε-

2450 728 2551 762 νοι.
2584 712 2646 761 Ol
2674 711 2731 763 δὲ
2768 713 2841 781 μὴ
2884 710 3097 779 ἔχοντες
3138 712 3390 780 λωρίκια,
3428 712 3461 780 ἢ
3500 712 3778 772 κλιϐάνια,
3831 711 4059 771 πάντως

2447 799 2792 870 φορείτωσαν
2822 802 2889 854 τὰ
2913 801 3186 871 λεγόμενα
3222 800 3482 871 νευρικά·
3521 802 3665 872 άπερ
3700 804 3814 855 άπὸ
3843 802 4057 855 διπλῶν

2445 890 2786 945 κενδούκλων
2837 893 3067 959 γίνεται,
3112 892 3225 945 Καὶ
3260 887 3409 947 οὗτοι
3458 892 3681 945 ὄπισθεν
3724 892 3841 945 τῶν
3872 891 4057 943 ἄλλων

2446 984 2777 1053 σκεπόμενοι
2822 984 2997 1049 τόξοις
3042 984 3361 1054 χρήσονται,
3405 985 3502 1039 καὶ
3531 982 3714 1046 λίθους
3765 984 3827 1036 δὲ
3872 1001 4054 1053 χειρο-

2442 1072 2669 1141 πληθεῖς
2713 1071 3001 1135 πλείστους
3031 1074 3306 1142 ἐχέτωσαν
3337 1074 3456 1143 ἦτοι
3500 1072 3779 1143 κόχλακας
3827 1073 3892 1125 ἐν
3934 1073 4051 1133 τοῖς

754 1170 1098 1239 ὅρομωνίοις,
1131 1168 1321 1234 ὥσπερ
1382 1164 1521 1217 κατὰ
1577 1164 1684 1217 τῶν
1738 1166 2012 1235 πολεμίων
2062 1163 2349 1233 βάλλοντες
2380 1161 2534 1217 οὐδὲν
2564 1159 2728 1236 ἦττον
2769 1163 2879 1216 τῶν
2908 1163 3087 1218 ἄλλων
3128 1166 3309 1219 ὅπλων
3342 1164 3657 1219 άνύσουσιν.
3694 1165 3887 1218 Ὅπλα
3949 1165 4057 1237 γάρ

756 1265 895 1315 εἰσιν
929 1263 979 1314 oi
1017 1261 1152 1313 λίθοι
1186 1258 1493 1330 εὐπόριστα
1518 1258 1613 1311 καὶ
1636 1257 1925 1326 ἀνελλιπῆ.

825 1358 915 1412 14.
956 1355 1144 1426 Neque
1182 1368 1318 1409 vero
1362 1354 1446 1410 sic
1491 1352 1702 1423 lapides
1731 1350 2057 1421 coujiciant,
2090 1358 2151 1404 ut
2179 1365 2344 1405 oume

755 1448 947 1501 virium
976 1448 1145 1501 robur
1163 1445 1219 1499 in
1250 1445 1357 1499 illis
1385 1450 1730 1508 consumant,
1753 1451 1807 1496 et
1834 1443 1902 1495 de
1926 1451 2125 1496 caetero
2160 1440 2343 1495 otiose

752 1540 1081 1604 consistant,
1108 1551 1177 1591 ne
1202 1537 1391 1591 hostes
1418 1542 1575 1591 scuta
1595 1535 1985 1599 addensantes,
2003 1540 2056 1587 et
2076 1534 2344 1603 impetum

2518 1351 2600 1405 ιδ’.
2656 1352 2748 1423 Μὴ
2791 1351 2974 1421 μέντοι
3004 1348 3147 1403 οὕτω
3183 1349 3528 1420 βαλλέτωσαν
3557 1352 3685 1415 τοὺς
3723 1352 3919 1415 λίθους
3959 1354 4053 1423 μό-

2443 1461 2555 1508 νον,
2584 1444 2726 1498 ὥστε
2758 1446 2855 1515 τὴν
2876 1444 3060 1515 άκμὴν
3088 1444 3186 1513 τῆς
3219 1444 3402 1496 αὐτῶν
3430 1445 3711 1514 δυνάμεως
3748 1446 3810 1497 ὲν
3835 1445 4055 1508 τούτοις

2447 1537 2843 1608 ὲκδαπανῆσαι,
2878 1538 2975 1591 καὶ
3004 1537 3196 1608 στῆναι.
3222 1535 3317 1589 τοῦ
3374 1536 3583 1602 λοιποῦ,
3615 1537 3650 1609 ἢ
3686 1539 3783 1591 καὶ
3810 1538 3884 1592 τὰ
3916 1538 4056 1591 ὅπλα

752 1636 949 1685 horum
980 1627 1343 1698 excipientes,
1378 1640 1571 1680 omnes
1591 1624 1754 1680 facile
1786 1624 1996 1694 lapides
2021 1625 2340 1692 absumant;

2446 1629 2517 1683 τὰ
2558 1628 2863 1699 βαλλόμενα
2896 1631 3267 1695 άποκενῶσαι,
3307 1634 3519 1703 μήποτε
3564 1633 3612 1685 οί
3645 1633 3894 1685 ἐναντίοι
3967 1632 4055 1683 σύ-

752 1722 821 1777 iis
847 1720 1035 1786 finitis,
1062 1729 1116 1775 et
1132 1718 1545 1787 coniectoribus
1570 1716 1811 1787 lapidum
1839 1716 2097 1787 fatigatis,
2115 1715 2348 1771 conferti

2457 1738 2656 1775 σκουτα
2674 1723 3017 1792 ποιήσαντες,
3036 1725 3130 1777 καὶ
3152 1723 3249 1787 τὰς
3277 1723 3439 1794 βολὰς
3466 1726 3714 1779 ὁπωσοῦν
3740 1724 4051 1795 δεξάμενοι,

752 1818 1112 1882 exsurgentes
1156 1810 1365 1878 spathis
1415 1815 1469 1863 et
1506 1808 1683 1876 longis
1736 1806 1913 1862 hastis
1948 1822 2008 1862 se
2058 1806 2340 1862 defendere

2457 1810 2577 1868 εἶτα
2610 1814 2813 1869 τούτων
2849 1812 3271 1883 πληρωθέντων,
3294 1817 3389 1871 καὶ
3420 1816 3527 1869 τῶν
3563 1815 3878 1886 βαλλόντων
3921 1816 4055 1867 ἀπο-

753 1913 1054 1967 concntur,
1084 1910 1137 1957 et
1159 1901 1497 1955 rbbustiores
1526 1900 1627 1954 hoc
1654 1898 1904 1953 confecto
1932 1898 2137 1968 impetu
2158 1896 2354 1953 existi-
2382 1871 2429 1931 Β

752 1997 909 2061 mati,
947 2004 1001 2051 et
1051 1993 1307 2064 fatigatos
1363 1992 1567 2047 milites
1599 1990 1976 2056 adorti,facile
2001 1992 2205 2048 milites
2237 1988 2358 2044 futr

752 2093 888 2147 dant
915 2102 1077 2162 atque
1103 2099 1445 2163 expugnent;
1466 2090 1538 2143 ita
1555 2090 1699 2145 enim
1718 2089 1895 2144 solent
1914 2087 2135 2142 Barbari
2153 2087 2355 2142 facere.

752 2184 1060 2255 κεκμηκόσι
1099 2184 1459 2254 στρατιώταις
1496 2181 1844 2245 ὲπιτεθέντες
1883 2180 2223 2252 ἰσχυρότεροι
2286 2178 2572 2246 γένωνται,
2614 2176 2710 2230 καὶ
2753 2175 2948 2248 ῥᾳδίως
3022 2178 3220 2245 αὐτοὺς
3290 2184 3823 2256 καταπολεμήσωσι.

752 2275 863 2345 γάρ
897 2276 962 2327 τά
988 2272 1212 2327 τοιαῦτα
1239 2273 1300 2325 τὸ
1336 2272 1633 2343 βάρϐαρον.

825 2368 918 2422 λιῦ.
980 2365 1244 2421 Saraceni
1297 2365 1563 2433 impetum
1614 2363 1746 2418 belli
1801 2363 1980 2434 primo
2030 2361 2332 2430 excipiunt,

757 2462 851 2517 ubi
887 2459 1076 2516 hostes
1113 2458 1228 2529 jam
1275 2458 1555 2527 fatigatos,
1602 2454 1883 2523 armisque
1934 2453 2206 2512 defectos.
2246 2460 2339 2507 aut

754 2551 993 2622 sagittis,
1017 2558 1112 2604 aut
1134 2549 1429 2620 lapidibus,
1462 2554 1556 2601 aut
1577 2547 1703 2601 aliis
1726 2544 2047 2615 hujusmodi
2072 2544 2337 2605 viderint,

757 2655 871 2697 tum
906 2643 1192 2704 insultant,
1223 2647 1277 2695 et
1308 2636 1772 2709 perterrefaciuut
1810 2636 2022 2701 hostes,
2064 2643 2121 2690 et
2161 2634 2339 2689 comi~

753 2749 861 2789 uus
890 2732 1163 2787 consertis
1189 2731 1464 2794 manibus,
1492 2727 1727 2799 spathis,
1760 2727 2043 2799 hastisque
2076 2724 2340 2796 longiori—

756 2828 862 2882 bus
901 2826 1114 2881 fortiter
1165 2838 1227 2878 ac
1284 2825 1588 2892 impetuose
1624 2820 1914 2876 invadunt.

824 3011 911 3065 l6.
954 3010 1141 3079 Itaque
1192 3006 1508 3076 bujusmodi
1541 3003 1785 3060 cavenda
1840 3014 1992 3068 sunt,
2034 3017 2099 3059 ac
2156 3004 2339 3070 provi-

755 3104 910 3158 sione
941 3112 1251 3172 opportuna
1296 3098 1640 3154 efﬁciendum
1676 3104 1762 3153 est
1809 3104 1867 3150 ut
1916 3096 2108 3152 hostes
2152 3098 2337 3165 potius

754 3196 1019 3248 damnosa
1065 3192 1361 3261 accipiant,
1393 3206 1557 3261 quam
1607 3190 1888 3245 exercitus
1922 3197 2112 3242 uoster
2167 3187 2338 3241 ullum

2460 1900 2768 1971 καμόντων,
2783 1899 2969 1971 ἀθρόοι
2999 1902 3334 1966 ἀναστάντες
3366 1904 3725 1975 ἀπάρξωνται
3761 1904 3887 1965 ταῖς
3918 1902 4052 1957 σπάο

2459 1991 2583 2053 θαις
2610 1992 2705 2045 καὶ
2734 1994 2847 2054 τοῖς
2885 1993 2983 2063 μὲν
3015 1993 3199 2058 αῠλοις
3226 1995 3305 2065 (θ)
3344 1997 3653 2067 ἀμύνασθαι
3678 2015 3691 2027 °
3726 1999 3828 2051 καὶ
3862 1996 4055 2067 ὥσπερ

2460 2083 2818 2154 ἀκμαιότεροι
2847 2086 2913 2155 τῇ
2948 2086 3121 2158 ἀθρόᾳ
3150 2091 3362 2160 κινήσει
3391 2090 3785 2159 άναφανέντες,
3812 2090 3916 2143 καὶ
3946 2090 4053 2152 τοῖς

3910 2184 4055 2239 Φιλεῐ

2510 2366 2591 2414 ιε’.
2636 2360 3006 2431 Ὕπομένουσι
3039 2364 3151 2434 γὰρ
3203 2365 3252 2418 οί
3299 2366 3605 2436 Σαρακηνοὶ
3648 2366 3751 2439 τὴν
3788 2368 3921 2439 βίαν
3952 2372 4051 2442 τῆς

2438 2452 2767 2523 προσϐολῆτ.
2826 2454 2938 2507 Καὶ
2986 2454 3111 2508 ὅταν
3139 2457 3529 2526 ἁποκαμόντας
3575 2459 3749 2524 ἴδωσι,
3806 2462 3907 2515 καὶ
3941 2464 4048 2516 τῶν

2438 2546 2622 2603 ὅπλων
2663 2546 3023 2609 κενωθέντας,
3079 2547 3112 2616 ἢ
3148 2548 3441 2616 σαγιττῶν,
3479 2548 3511 2618 ἢ
3564 2550 3751 2613 λίθων,
3784 2554 3819 2621 ἦ
3877 2571 4045 2609 τινων

2440 2639 2671 2708 ἑτέρων,
2700 2640 2824 2693 τότε
2868 2639 3253 2709 ἀναπηδῶντες
3288 2640 3423 2710 ὁμοῦ
3468 2657 3526 2692 τε
3564 2643 4047 2711 καταπλήττουσι,

2441 2729 2537 2783 καὶ
2592 2730 2711 2791 ταῖς
2781 2729 2846 2781 ὲκ
2898 2730 3082 2800 χειρὸς
3150 2730 3259 2785 ἀπὸ
3313 2730 3560 2786 σπαθίων
3602 2733 3699 2786 καὶ
3760 2736 4051 2802 μεναὺὶων

2436 2818 2773 2889 προσϐολαῖς
2842 2818 3133 2889 εὐρώστως
3202 2824 3301 2873 καὶ
3358 2821 3729 2893 ἀκμαιότερον
3780 2826 4048 2897 ἐπέρχον-

2438 2926 2553 2964 ται.

2514 2999 2609 3065 ις’.
2651 3001 2742 3053 Διὸ
2785 3001 3156 3071 φυλάττεσθαι
3208 3004 3315 3075 χρὴ
3358 3004 3428 3058 τά
3469 3006 3722 3073 τοιαῦτα,
3768 3010 3867 3062 καὶ
3903 3012 4044 3080 μετά

2436 3092 2532 3146 τοῦ
2580 3094 2790 3156 δέοντος
2846 3095 3049 3147 σκοποῦ
3112 3097 3385 3149 ποιεῖσθαι
3440 3099 3540 3166 τὴν
3572 3099 3913 3170 προσϐολὴν,
3954 3102 4043 3157 ἵνα

2443 3186 2643 3256 μᾶλλον
2701 3187 2750 3238 οί
2806 3184 3059 3255 πολέμιοι
3119 3187 3333 3240 πάθωσι
3389 3188 3458 3242 τά
3518 3190 3655 3259 πρὸς
3704 3191 3918 3261 βλάϐην
3962 3210 4050 3259 γι-

754 3289 1014 3341 danmum
1054 3285 1308 3353 accipiat.
1352 3282 1543 3336 Robur
1580 3283 1729 3335 cuitu
1760 3280 2015 3342 militum,
2056 3287 2109 3333 et
2140 3293 2331 3331 nutuc-

2448 3281 2735 3349 νόμενα,ῆ
2782 3280 2831 3332 οί
2875 3280 3134 3349 ἡμέτεροι
3179 3280 3533 3350 στρατιῶται.
3568 3286 3662 3337 Ast
3688 3284 3799 3353 γάρ
3848 3286 4053 3349 αὐτοὺς

758 3394 852 3432 rus
884 3377 1118 3431 telorum
1154 3372 1623 3443 conjiciendorum
1654 3370 2023 3426 dimetiendus
2053 3378 2159 3434 est,
2187 3378 2240 3423 et
2271 3370 2339 3422 ab

758 3471 919 3524 initio
958 3469 1024 3521 ad
1060 3468 1224 3522 linem
1262 3481 1435 3537 usque
1464 3465 1590 3520 belli
1619 3464 1858 3517 hostium
1897 3461 2225 3516 constitutio
2255 3460 2342 3513 di-

756 3562 984 3630 ligenter
1027 3557 1430 3629 perspicienda,
1473 3562 1642 3625 atque
1663 3553 1800 3608 adeo
1832 3566 2011 3623 pugna
2043 3551 2339 3605 instituen-

755 3652 824 3704 da
862 3659 965 3705 est.

827 3743 915 3798 17.
953 3740 1034 3795 Ad
1067 3741 1205 3805 haec,
1238 3740 1562 3810 imperator,
1582 3734 1916 3807 providebis,
1941 3744 1999 3789 ut
2031 3750 2121 3789 res
2152 3748 2341 3788 ncces-

756 3836 933 3891 sarias
980 3842 1459 3902 commeatumque
1493 3830 1699 3885 milites
1746 3828 2004 3890 habeant,
2056 3837 2113 3880 ut
2161 3842 2226 3880 uc
2272 3826 2340 3878 iis

757 3928 922 3980 rebus
952 3924 1176 3989 defecti,
1215 3923 1299 3977 vel
1334 3920 1658 3976 seditionem
1696 3919 1903 3973 faciant
1940 3920 2025 3973 vel
2059 3924 2247 3972 nostra
2284 3915 2338 3968 in

758 4016 982 4084 regione
1012 4013 1322 4083 municipes
1373 4018 1428 4066 ct
1464 4012 1747 4077 subjectos
1778 4009 1881 4063 sub
1920 4009 2209 4077 imperium
2244 4023 2337 4059 no-

756 4112 933 4158 strum
967 4110 1189 4167 vexent,
1221 4112 1275 4155 et
1308 4099 1530 4170 injuriis
1578 4096 1977 4168 tyranuidcque
2001 4097 2335 4167 Opprimant,

756 4196 936 4250 inedia
990 4195 1429 4263 necessitateque
1490 4191 1781 4258 compulsi.
1832 4190 2033 4258 Atque,
2116 4189 2161 4241 si
2221 4188 2335 4242 fieri

754 4294 957 4356 petest,
987 4285 1244 4340 hostilem
1291 4283 1548 4338 celeriter
1596 4280 1948 4352 populabcris
2002 4286 2230 4343 terram,
2283 4288 2338 4332 et

754 4393 974 4433 omnem
1015 4377 1125 4431 illis
1159 4384 1523 4431 commeatum
1566 4373 1693 4427 inde
1740 4372 2150 4441 suppeditabis;
2199 4387 2337 4441 pm-

758 4470 1027 4540 fectisque
1071 4466 1360 4522 mandabis
1396 4475 1459 4520 ut
1502 4466 1711 4521 nullum
1767 4464 1871 4518 sub
1912 4463 2194 4518 dominatu
2244 4475 2338 4517 tuo

752 4561 981 4615 militem
1018 4558 1220 4630 injuria
1266 4557 1488 4623 alliciat,
1544 4558 1629 4611 vel
1671 4556 1845 4609 ullum
1898 4570 2101 4610 munus
2132 4556 2202 4608 ab
2239 4555 2334 4609 illo

751 4653 954 4723 capiat,
991 4662 1062 4707 ne
1100 4666 1164 4707 ea
1193 4649 1413 4721 quidem
1443 4664 1566 4718 qua:
1594 4656 1859 4702 consueta
1895 4660 2122 4699 munera
2154 4645 2335 4700 nomi-

752 4750 979 4797 nantur.
1008 4738 1087 4796 De
1114 4747 1206 4794 tua
1241 4745 1423 4793 autem
1443 4737 1711 4807 dignitate
1741 4736 1871 4805 quid
1903 4734 2196 4789 dicendum
2227 4741 2332 4798 est,

750 4835 848 4902 qui
873 4848 943 4888 ne
968 4833 1035 4887 de
1055 4830 1218 4887 donis
1241 4828 1583 4899 accipiendis
1613 4829 1858 4898 cogitare
1881 4827 2105 4896 quidem
2132 4826 2301 4881 debes
2317 4866 2332 4890 ,

750 4939 929 4994 neque
972 4922 1178 4977 donum
1213 4920 1436 4991 aliquod
1475 4918 1545 4975 ab
1576 4918 1665 4981 iis,
1714 4918 1807 4988 qui
1843 4918 1947 4972 sub
1995 4924 2051 4972 te
2100 4916 2334 4984 subjecti

750 5022 903 5079 sunt,
938 5013 1054 5068 sive
1100 5011 1419 5078 ditioribus,
1446 5010 1563 5065 sive
1594 5008 1941 5063 tenuioribus
1970 5007 2078 5062 ulla
2118 5006 2335 5065 ratione

747 5121 946 5176 capere
962 5107 986 5159 ?

820 5198 909 5251 t8.
956 5195 1159 5252 Milites
1209 5205 1473 5252 strenuos
1520 5196 1891 5265 robustosque
1917 5202 1973 5251 et
2019 5195 2232 5251 alacres
2274 5196 2329 5250 in

746 5303 967 5344 summa
1011 5288 1252 5345 triremis
1294 5298 1449 5359 parte
1497 5287 1848 5358 potissimum
1877 5288 2181 5353 constitue,
2230 5288 2325 5357 qui

745 5381 1021 5438 consertis
1048 5382 1303 5437 manibus
1328 5395 1454 5437 cum
1478 5379 1732 5436 hostibus
1756 5380 2039 5436 dimicent.
2065 5379 2161 5434 Sin
2187 5396 2325 5450 quos

745 5488 810 5527 cx
846 5472 1115 5527 militibus
1146 5473 1458 5542 ignaviores
1488 5486 1613 5528 esse
1644 5472 2090 5541 deprehenderis,
2122 5488 2219 5528 eos
2270 5475 2323 5528 in

745 5565 1062 5622 inferiorem
1122 5567 1375 5622 ordinem
1402 5581 1681 5621 remorum
1718 5567 1948 5636 depelle,
1988 5574 2043 5621 ct
2082 5568 2127 5620 si
2162 5582 2324 5637 quam

2443 3370 2543 3440 τὴν
2607 3369 2824 3423 οίκείαν
2876 3372 3061 3441 ἀκμὴν
3112 3372 3207 3423 καὶ
3244 3373 3343 3435 τὰς
3392 3371 3553 3440 βολὰς
3604 3375 3906 3443 φυλάττειν
3957 3379 4053 3430 ἀπ’

2446 3462 2618 3531 ἀρχῆς
2673 3462 2801 3531 ἄχρι
2861 3462 3051 3524 τέλους
3115 3465 3214 3531 τῆς
3271 3464 3471 3533 μάχης,
3521 3464 3618 3517 καὶ
3662 3468 3893 3538 μετρεῖν
3942 3467 4050 3518 τῶν

2444 3552 2706 3605 ἐναντίοιν
2751 3553 2848 3623 τὴν
2892 3552 3155 3621 διάθεσιν,
3210 3554 3308 3606 καὶ
3345 3553 3519 3619 οὕτως
3566 3556 3667 3627 τὴν
3703 3557 3895 3629 μάχην
3933 3558 4048 3611 δια-

2446 3643 2757 3707 σκευάζειν.
2940 3708 2947 3715 ι

2518 3732 2604 3797 ιζ’.
2635 3734 2781 3805 Πρὸς
2804 3734 3017 3799 τούτοις
3051 3736 3381 3806 φροντίσειε,
3411 3728 3457 3791 ὦ
3485 3739 3785 3810 στρατηγὲ,
3822 3740 4046 3813 καὶτῆς

2442 3824 2669 3895 δεούσης
2696 3826 2803 3879 τῶν
2824 3826 3177 3896 στρατιωτῶν
3206 3828 3475 3898 δαπάνης,
3500 3827 3643 3883 ὥστε
3666 3830 3814 3900 ἔχειν
3846 3833 4042 3895 αὐτοὺς

2441 3917 2510 3969 τὰ
2540 3916 2837 3984 ἀναγκαῖαο
2865 3918 2951 3970 ἴνα
2980 3915 3055 3987 μὴ
3079 3917 3284 3971 τούτων
3311 3917 3628 3989 λειπόμενοι
3660 3920 3692 3989 ἦ
3725 3924 4043 3976 στασιάσω-

2443 4025 2547 4069 σιν,
2583 4008 2640 4059 ὲν
2672 4010 2739 4076 τῇ
2780 4007 2885 4077 ίδίᾳ
2911 4005 3064 4079 χώρᾳ
3094 4007 3246 4071 δντες
3274 4008 3400 4073 τοὺς
3431 4010 3788 4072 συντελεστάς
3821 4014 3917 4064 καὶ
3944 4014 4043 4066 ὑπο

2440 4098 2639 4165 ηκόους
2666 4097 2824 4168 ἡμῶν
2863 4100 3187 4168 τυραννοῦσι
3216 4100 3312 4153 καὶ
3342 4101 3589 4155 ἀδικοῦσι
3645 4102 3754 4155 ὑπὸ
3790 4104 3897 4173 τῆς
3940 4106 4041 4159 πά-

2442 4206 2539 4259 νης
2575 4188 2649 4259 (7)
2680 4189 2789 4241 τῶν
2824 4192 3141 4258 ἀναγκαίων
3176 4193 3649 4263 συνελαυνόμενοι.
3699 4194 3871 4258 ’Δλλ’,
3898 4195 3953 4248 εἰ
3978 4214 4035 4259 γε

2441 4276 2688 4342 δυνατὸν,
2722 4278 2780 4330 ἐν
2818 4279 2975 4349 τάχει
3014 4283 3105 4351 τὴν
3136 4283 3401 4353 πολεμίαν
3436 4284 3755 4358 καταλάϐῃς
3782 4285 3915 4354 γῆν,
3946 4290 4039 4340 καὶ

2439 4367 2498 4430 ἐξ
2531 4368 2699 4438 αὐτῆς
2734 4368 2951 4423 ᾶπαντα
2988 4371 3054 4425 τά
3086 4374 3368 4444 ἐπιτήδεια
3393 4376 3614 4446 πορίσῃ.
3640 4377 4039 4449 Παραγγέλλῃς

2438 4460 2495 4513 δὲ
2535 4460 2629 4511 καὶ
2673 4464 2784 4524 τοῖς
2832 4463 3082 4531 ἄρχουσι,
3118 4466 3322 4534 μηδένα
3370 4467 3481 4519 τῶν
3511 4467 3602 4520 ὑπ’
3629 4468 3833 4532 αὐτοὺς
3876 4487 4040 4541 στρα-

2439 4552 2649 4605 τιωτῶν
2680 4552 2908 4617 ἁδικεῖντ
2948 4554 2982 4624 ἢ
3015 4554 3076 4607 τὸ
3098 4555 3307 4609 οίονοῦν
3329 4556 3501 4628 δῶρον
3528 4560 3657 4629 παρ’
3685 4558 3874 4612 αὐτῶν
3902 4561 4038 4628 λαμ-

2442 4644 2645 4708 ϐάνειν,
2683 4645 2716 4715 ἢ
2757 4644 2855 4707 τὰς
2906 4644 3205 4715 λεγομένας
3239 4646 3554 4717 συνηθείας.
3603 4647 3744 4718 Περὶ
3795 4648 3903 4720 γὰρ
3942 4653 4036 4720 τῆς

2437 4735 2537 4803 σῆς
2577 4736 2922 4806 ὲνδοξότητος
2954 4737 3006 4789 τί
3031 4739 3135 4808 χρὴ
3160 4738 3364 4807 λέγειν,
3402 4739 3480 4804 ὡς
3510 4740 3619 4793 οὐδ’
3659 4740 4036 4813 ἐνθυμηθῆναί

2434 4846 2487 4882 τι
2518 4830 2762 4882 τοιοῦτον
2790 4829 2929 4891 δέον,
2966 4832 3185 4899 μήτιγε
3219 4831 3649 4903 διαπράξασθαι,
3683 4833 3830 4903 μήτε
3860 4834 4035 4903 δῶρον

2432 4919 2497 4971 τὸ
2518 4915 2632 4972 οἷον
2662 4919 2863 4990 δήποτε
2888 4920 2996 4973 ἀπὸ
3033 4921 3231 4992 μικροῦ
3263 4922 3296 4992 ἢ
3330 4922 3571 4991 μεγάλου
3601 4922 3901 4993 ἀνθρώπου
3940 4925 4035 4979 τοῦ

2435 5011 2540 5065 ὑπὸ
2575 5011 2635 5065 σὲ
2656 5011 2937 5076 τελοῦντος
2964 5013 3267 5084 λαμϐάνειν
3297 5015 3358 5067 τὸ
3391 5014 3649 5079 advolas;

2514 5196 2603 5266 ιη’.
2636 5194 2775 5259 Τοὺς
2813 5196 2872 5250 δὲ
2913 5197 3251 5267 στρατιώτας
3300 5196 3577 5267 ἀνδρείους
3623 5197 3901 5265 ὲπιλέγου,
3938 5200 4030 5254 καί

2441 5288 2782 5359 ῥωμαλὲους,
2815 5288 2909 5341 καὶ
2940 5289 3360 5359 εὐπροθύμους·
3408 5290 3501 5341 καὶ
3544 5289 3783 5359 μάλιστα
3836 5291 3920 5353 είς
3964 5291 4030 5344 τά

2438 5381 2553 5434 άνω
2583 5379 2678 5433 τοῦ
2703 5379 2985 5451 δρόμωνκ
3029 5382 3419 5451 ταττομένους,
3447 5381 3645 5444 οῖτινες
3672 5382 3767 5435 καὶ
3785 5383 3898 5435 ἀπὸ
3928 5400 4030 5451 χειο

2439 5473 2527 5543 ρδς
2579 5476 2692 5536 τοῖς
2730 5473 3011 5542 πολεμίοις
3067 5474 3497 5544 συμπλέκονται.
3531 5473 3595 5525 El
3628 5472 3686 5525 δέ
3721 5490 3877 5534 τινας
3920 5474 4031 5525 τῶν

2438 5566 2785 5638 στρατιωτῶν
2806 5567 3101 5639 ἀνάνδρους
3124 5564 3383 5636 ἐπιγνῷς,
3407 5564 3630 5629 τούτους
3648 5566 3732 5629 είς
3753 5565 3856 5634 τὴν
3876 5565 4027 5619 κάτω

2272 5675 2505 5733 NOTAE.

821 5764 899 5907 {6)
930 5766 1039 5845 Κςξί
1066 5766 1188 5831 τοῖς
1203 5767 1320 5834 μὲν
1342 5766 1572 5831 αὐλοῖς.
1612 5764 1822 5827 Scribe,
1854 5765 1946 5818 καὶ
1971 5768 2082 5829 τοῖς
2114 5765 2340 5835 μεναύλο

851 5836 903 5905 7)
937 5838 1050 5902 Της
1073 5836 1288 5901 πάν-ης.
1323 5836 1651 5905 δειὶιιιι,τῆς
1684 5836 1915 5903 σπάνης.

2455 5766 2610 5832 Quod
2644 5768 2715 5824 sit
2747 5768 3033 5839 μένιιυλον.
3064 5768 3196 5825 Vide
3233 5767 3566 5823 Glossarium
3597 5777 3880 5826 nostrum.

851 5833 903 5905 7)
937 5833 1050 5902 Τῆς
1073 5833 1288 5901 πάν-ης.
1323 5836 1651 5905 δειὶιιιι,τῆς
1684 5836 1915 5903 σπάνης.
