4200 6438
193 389 322 453 997

1249 397 1589 475 TACTICA.
1621 422 1684 435 --
1751 396 2254 459 CONSTITUTIO
2289 403 2446 462 XIX.

3374 414 3476 474 908

189 502 437 554 ἐλασίαν
467 501 602 565 τέως
635 501 1000 572 παράπεμπε.
1041 501 1132 554 καὶ
1161 500 1214 553 εί
1251 503 1381 554 ποτὲ
1413 519 1498 565 τις
1534 503 1734 573 πληγῇ’
1762 503 1789 572 ἦ

1905 505 2121 575 plagam
2164 510 2479 576 superiores
2515 511 2716 566 milites
2753 516 3087 584 aeeeperint,
3124 532 3311 570 corum
3359 530 3472 575 inea

189 591 358 660 πέσῃ
396 591 505 642 τῶν
534 591 902 660 στρατιωτῶν,
935 592 1024 644 τὸν
1047 592 1255 644 ἐκείνου
1277 595 1440 646 τόπον
1466 593 1524 656 ἐξ
1553 596 1798 662 ἀνάγκης

186 681 426 751 ἁναπλη
436 682 637 752 ρώσης.

283 769 374 827 ιϐ’.
413 773 533 842 Χρὴ
564 772 625 826 δέ
671 789 731 826 σε
768 773 985 834 πάντως
1031 774 1228 826 εἰδέναι
1278 777 1377 845 τὴν
1417 777 1645 829 ἑκάστου
1689 777 1798 829 τῶν

188 861 319 916 ὑπὸ
353 865 411 917 at
447 866 795 934 στρατιωτῶν
816 866 930 931 ἕξιν
955 867 1048 919 καὶ
1075 866 1335 932 διάθεσιν,
1367 867 1462 920 καὶ
1497 868 1593 939 τὴν
1628 869 1798 936 ἄλλην

185 955 349 1024 πρὸς
391 955 643 1024 ἀνδρείαν
692 958 979 1026 ποιότητα.
1018 960 1228 1029 Ὥσπερ
1264 961 1314 1012 οἱ
1348 962 1645 1031 κυνηγέται
1690 962 1797 1014 τῶν

190 1046 391 1099 κυνῶν
435 1048 670 1101 ἑκάστου
709 1050 805 1111 τὰς
849 1050 1296 1118 ἐπιτηδειότητας
1342 1053 1797 1120 ἐπιγινώσκοντες

187 1135 427 1206 ἔχουσιν
452 1139 727 1210 εὐκαίρως
757 1141 956 1204 αὐτοὺς
986 1142 1123 1211 πρὸς
1151 1142 1180 1194 ὃ
1211 1142 1509 1212 βούλονται,

277 1227 349 1281 κ’.
389 1229 580 1292 Οὕτως
623 1226 718 1283 οὖν
753 1230 1035 1300 διαθήσεις
1065 1232 1297 1295 ἕκαστα,
1335 1235 1519 1299 καθὼς
1550 1235 1616 1289 ἂν
1666 1253 1793 1290 συν-

182 1315 325 1387 ίδῃς
374 1317 650 1388 ἀρκοῦντα
693 1319 833 1388 πρὸς
882 1321 979 1391 τὴν
1023 1325 1393 1395 προκειμένην
1439 1326 1794 1397 ἐκστρατείαν

185 1410 338 1483 τούς
362 1429 422 1465 τε
450 1412 741 1493 δρόμωνας
768 1414 863 1468 καὶ
889 1415 1017 1479 τοὺς
1043 1418 1102 1468 ἐν
1126 1418 1310 1481 αὐτοῖς
1342 1419 1698 1490 στρατιώτας,
1727 1422 1798 1475 τά

185 1517 264 1554 τε
300 1501 444 1554 ὅπλα
470 1502 564 1556 καὶ
595 1504 696 1567 τὰς
721 1503 992 1570 δαπάνας,
1020 1505 1117 1557 καὶ
1161 1506 1261 1576 τὴν
1290 1507 1460 1577 ἄλλην
1493 1510 1554 1561 ὲν
1584 1510 1796 1578 ἑτέροις

188 1589 414 1653 πλοίοις
435 1593 781 1662 ἀποσκευήν·
813 1593 1004 1662 ἥντινα
1034 1594 1196 1645 οἱονεὶ
1249 1594 1466 1646 τοῦλδον
1513 1596 1572 1647 ἐν
1605 1597 1786 1665 ἀσφα-

191 1680 331 1734 λέσι
359 1685 548 1746 τόποις
574 1700 636 1736 σε
669 1684 774 1756 χρὴ
804 1683 1089 1755 καθιστᾷν,
1131 1686 1264 1738 ὅταν
1293 1677 1483 1756 καιρὸς
1516 1687 1795 1751 ἐλπίζεταί

191 1789 291 1826 σοι
320 1775 523 1844 μάχης.
548 1777 659 1829 Καὶ
685 1777 934 1847 προσέτι,
965 1777 1019 1828 εί
1036 1792 1100 1844 γε
1125 1776 1284 1846 χρεία
1307 1778 1530 1848 τοιαύτη
1551 1778 1791 1845 καλέσοι,

1903 597 1956 648 in
1968 597 2263 651 ferioribus
2301 602 2486 658 nautis
2533 605 2834 675 supplebis.

1976 786 2061 841 l9.
2105 785 2558 856 Uniuscujusque
2594 791 2784 848 militis
2830 792 2910 846 tui
2957 793 3200 858 habitus,
3225 797 3473 865 allectus,

1900 877 2258 947 reliquusque
2289 879 2489 934 mentis
2511 880 2662 950 vigor
2681 884 3101 952 cognoscendus
3149 894 3254 953 est,
3285 905 3476 956 quem-

1899 968 2194 1022 admodum
2226 980 2517 1025 venatores
2549 973 2707 1026 canis
2737 975 3179 1047 uniuscujusque
3221 958 3475 1035 naturam

1900 1063 2181 1132 cognitam
2213 1062 2500 1138 habentes,
2534 1066 2600 1120 ad
2629 1081 2846 1121 omnem
2879 1054 3477 1138 opportunitatem'illis

1897 1163 2157 1212 utuntur.

1967 1248 2061 1301 ‘20.
2097 1246 2175 1302 lta
2223 1249 2392 1320 igitur
2441 1251 2698 1306 institues
2744 1251 2962 1315 omnia',
3013 1252 3475 1322 quemadmodum

1898 1339 1966 1392 ad
2016 1342 2352 1410 propositam
2402 1342 2657 1397 militiam
2713 1343 2911 1397 idonea
2958 1357 3082 1398 esse
3123 1343 3474 1406 videbuntur,

1893 1429 2173 1497 triremes,
2219 1440 2276 1487 et
2326 1432 2553 1498 milites,
2603 1448 2756 1488 arma
2805 1443 2860 1490 et
2903 1443 3291 1492 commeatum.
3342 1435 3476 1494 reli-

1893 1538 2180 1595 quumque
2204 1540 2424 1580 onmem
2455 1537 2776 1596 apparatum
2815 1544 2828 1580 :
2860 1543 3024 1598 quem
3071 1527 3231 1596 quasi
3261 1525 3475 1581 tuldum

1897 1617 1952 1670 in
1981 1627 2098 1671 tuto
2133 1617 2458 1680 eollocabis,
2485 1619 2577 1672 ubi
2601 1619 2848 1689 prrelium
2870 1620 3180 1689 speraveris
3203 1619 3472 1680 futurum.

1894 1708 2050 1774 Quod
2083 1709 2130 1764 si
2177 1724 2405 1764 necesse
2436 1709 2633 1771 fuerit,
2666 1717 2725 1764 ut
2761 1725 2934 1780 equos
2970 1711 3185 1780 aliquos
3233 1710 3433 1765 habeas
3454 1752 3470 1775 ,

1897 1802 1954 1856 in
1987 1801 2223 1857 navibus
2257 1800 2521 1871 equit‘eris
2550 1817 2674 1856 cum
2728 1801 3009 1871 equitibus
3041 1802 3248 1871 aliquot
3278 1816 3472 1871 pones.

189 1864 346 1919 ὥστε
379 1867 476 1921 καὶ
522 1867 725 1932 ἶππους
763 1871 821 1923 ἐν
873 1870 988 1933 τοῖς
1016 1869 1363 1938 ἱππαγωγοῖς
1406 1870 1611 1934 πλοίοις
1657 1873 1789 1942 πρὸς

1895 1849 2221 1965 sua;
2259 1849 3480 1964 :5“tgu;..;';;;.;;;;.;";.;;;;;7;;

192 1958 508 2030 ἐπιῤῥιφὴν
548 1959 690 2014 κατὰ
714 1959 816 2031 τῆς
843 1959 1111 2031 πολεμίας
1137 1960 1281 2031 ἐχειν
1322 1962 1487 2015 τινῶν
1521 1963 1792 2017 καόαλλα-

189 2049 364 2121 pit-av.
413 2053 523 2105 Kal
587 2052 776 2117 ἁπλῶς
830 2052 1005 2107 πάντα
1065 2052 1375 2123 ἐξαρτύσας
1431 2055 1794 2127 όδοιπορήσῃς

192 2142 460 2208 δεόντως.

275 2243 389 2290 καν.
422 2237 532 2291 Kal
556 2237 774 2309 πρῶτον
800 2238 902 2308 μὲν
923 2239 1030 2310 πρδ
1053 2238 1149 2292 τοῦ
1173 2240 1503 2311 ἀποκινῆσαι
1530 2239 1794 2310 ἁγιασθή-

193 2344 389 2382 τωσαν
412 2329 631 2383 ἅπαντα
658 2329 728 2383 τά
765 2329 1055 2400 φλάμουλα
1089 2331 1200 2384 τῶν
1227 2329 1523 2402 δρομώνων
1561 2332 1792 2385 ἑκάστου

192 2419 294 2473 διὰ
325 2417 475 2481 θείας
503 2419 614 2476 τῶν
647 2422 837 2492 ἱερέων
862 2422 1174 2493 ἱερουργίας
1212 2423 1308 2476 καὶ
1347 2423 1513 2494 εὐχῆς
1542 2423 1795 2486 ἐκτενοῦς

195 2512 349 2579 πρὸς
382 2509 474 2565 τὸν
506 2512 617 2567 τῶν
651 2513 790 2567 ὅλων
818 2513 954 2567 Θεὸν
987 2514 1130 2583 ὑπὲρ
1160 2513 1471 2578 εὐοδώσεως
1497 2515 1588 2567 τοῦ
1623 2533 1791 2586 στρα-

194 2601 325 2669 τοῦ,
373 2603 516 2656 κατὰ
559 2605 668 2658 τῶν
702 2605 1008 2675 πολεμίων.
1051 2606 1286 2659 Ἔπειτα
1321 2606 1416 2660 καὶ
1459 2606 1790 2677 διαλαλὴσῃς

195 2694 346 2764 πρὸς
373 2693 592 2749 ἅπαντα
620 2695 712 2748 τὸν
733 2695 863 2751 λαὸν
909 2698 1003 2751 καὶ
1033 2696 1169 2768 πρὸς
1194 2697 1320 2760 τοὺς
1349 2697 1618 2767 ἄρχοντας
1645 2697 1791 2760 ἰδίως

195 2785 272 2838 τά
294 2785 488 2840 δέοντα
523 2787 619 2842 καὶ
651 2788 962 2858 ἁρμόζοντα
991 2787 1070 2859 τῷ
1100 2787 1302 2860 καιρῷ,
1332 2790 1426 2842 καὶ
1450 2789 1624 2851 οὕτως
1656 2807 1792 2859 προ-

195 2875 581 2948 θυμοτεοιήσας
607 2876 701 2931 τὸν
742 2879 974 2949 στρατὸν
1009 2880 1370 2948 άποκινήσεις
1417 2879 1595 2932 αἰσίου
1629 2881 1791 2933 mad-

199 2983 378 3034 ματος
409 2968 783 3040 συμπνέοντός
817 2986 902 3023 σοι
923 2971 1018 3022 καὶ
1052 2970 1128 3039 μὴ
1165 2970 1433 3026 ἐναντίου.

276 3057 381 3128 κβ.
415 3060 527 3129 Οὐχ
553 3060 631 3124 ὡς
661 3060 820 3131 ἔτυχε
845 3062 1064 3116 πάντων
1093 3060 1201 3114 τῶν
1227 3060 1523 3133 δρομώνων
1559 3079 1789 3132 πορευο-

1895 1987 2035 2040 eias.

1965 2263 2058 2315 ει.
2101 2261 2168 2315 Et
2190 2261 2514 2332 priusquam
2565 2261 2632 2315 ad
2667 2259 2904 2316 classem
2936 2262 3209 2332 procedas
3233 2303 3248 2326 ,
3293 2264 3475 2331 preci-

1897 2356 1999 2411 bus
2039 2369 2105 2409 ac
2141 2354 2251 2424 piis
2306 2353 2451 2408 votis
2485 2369 2545 2408 se
2592 2361 2785 2407 mutuo
2815 2353 3018 2408 milites
3059 2351 3170 2408 Deo
3197 2368 3476 2408 commen-
3521 2426 3524 2430 '

1896 2446 2062 2512 dent,
2096 2456 2152 2501 et
2196 2447 2399 2501 bonum
2433 2460 2870 2514 prosperumque
2921 2445 3025 2499 iter
3055 2445 3343 2501 adversum
3379 2447 3475 2498 ho-

1894 2547 2006 2592 stes
2038 2546 2358 2607 precentur.
2392 2535 2600 2592 Deinde
2654 2538 2969 2592 universam
3015 2536 3227 2605 plebem
3284 2538 3470 2599 simul.

1895 2639 1950 2683 et
1976 2627 2266 2698 przelectos
2319 2628 2555 2682 seorsim
2610 2628 3020 2690 adhortaberis,
3068 2635 3125 2680 ut
3155 2627 3329 2682 ollicia
3373 2644 3470 2681 sua

1895 2719 2087 2775 sedulo
2137 2718 2517 2788 industrieque
2565 2717 2812 2773 faciant:
2855 2728 2909 2772 et
2959 2734 3150 2772 omnes
3202 2728 3468 2788 quantum

1897 2809 2014 2864 ﬁeri
2079 2817 2264 2880 potest
2319 2810 2619 2874 animabis,
2673 2819 2727 2862 ct
2784 2819 2945 2865 vento
3002 2809 3243 2864 secundo
3291 2816 3472 2864 stante

1894 2903 2094 2958 solves.

1961 3067 2058 3121 22.
2103 3065 2334 3122 Temere
2363 3079 2429 3118 ac
2470 3065 2699 3119 fortuito
2739 3063 3000 3117 triremes
3029 3077 3098 3116 ne
3147 3061 3466 3131 procedant.

197 3149 419 3220 μένων,
466 3151 583 3204 ἀλλ’
621 3153 947 3225 ἐπιστήσεις
1001 3154 1187 3216 αὐτοῖς
1236 3153 1528 3222 ἄρχοντας,
1575 3155 1609 3224 ἢ
1653 3155 1789 3207 κατὰ

1896 3162 1992 3218 sed
2044 3161 2245 3225 tribus,
2310 3167 2406 3213 aut
2468 3160 2713 3228 quinque
2769 3157 3089 3212 triremibus
3145 3154 3464 3224 praefectum

196 3243 390 3306 πέντε,
428 3243 464 3314 ἢ
509 3243 655 3298 κατὰ
683 3247 836 3316 τρεῖς
890 3245 1174 3315 δρόμωνας
1216 3245 1314 3299 ἕνα
1360 3245 1451 3297 τὸν
1501 3245 1792 3315 λεγόμενον

196 3333 446 3403 κόμητα,
475 3335 626 3399 ὅστις
654 3335 928 3406 ναύαρχός
960 3353 1020 3389 τε
1051 3337 1147 3389 καὶ
1179 3336 1404 3408 ἡγεμὼν
1436 3336 1546 3389 τῶν
1576 3338 1666 3390 ὑπ’
1690 3339 1791 3390 αὺ-

196 3425 297 3478 τδν
353 3425 651 3497 δρομώνων
703 3427 966 3497 ὑπάρχων
1019 3428 1299 3500 φροντίσει
1358 3429 1790 3499 προσεχέστερον

194 3515 337 3588 περὶ
361 3518 579 3572 πάντων
595 3518 873 3584 εὐκόλως,
905 3519 1000 3572 καὶ
1019 3519 1260 3584 διατάξει
1299 3520 1436 3589 πρὸς
1457 3520 1687 3572 ἕκαστα.

276 3607 386 3676 κγ’.
428 3611 492 3662 οἱ
536 3611 593 3663 δὲ
643 3611 922 3682 εἰρημένοι
965 3597 1226 3682 ἄρχοντες
1257 3611 1362 3663 ὑπὸ
1405 3611 1473 3664 σὲ
1509 3611 1789 3677 τελοῦντες

191 3699 312 3754 ἀπὸ
363 3701 458 3754 σοῦ
491 3701 589 3755 καὶ
643 3701 715 3754 τά
752 3702 1195 3773 παραγγέλματα
1233 3702 1497 3770 δέξονται,
1530 3705 1624 3755 καὶ
1677 3707 1790 3766 τοῖς

193 3791 297 3845 ὑπ’
320 3792 518 3858 αὐτοὺς
539 3793 930 3863 μεταδώσουσι.
979 3795 1094 3849 Kal
1114 3796 1287 3849 ταῦτα
1310 3796 1410 3865 μὲν
1439 3795 1532 3848 ἐπὶ
1563 3795 1658 3848 τοῦ
1693 3795 1789 3864 βα-

194 3884 413 3937 σιλικοῦ
462 3884 760 3956 λεγομένου
801 3887 1077 3957 πλωΐμουο
1113 3887 1206 3938 ἐπὶ
1237 3886 1295 3939 δὲ
1325 3887 1434 3938 τῶν
1477 3886 1789 3955 Οεματικῶν

191 3975 496 4045 δρομώνων
525 3977 618 4029 καὶ
653 3976 1010 4047 δρουγγάριοι
1059 3979 1469 4048 ἐπιστήσονται,
1500 3977 1596 4029 καὶ
1626 3995 1788 4048 τουρ-

194 4064 437 4134 μάρχαι,
463 4065 558 4118 καὶ
580 4065 736 4119 αὐτοὶ
758 4064 836 4133 τῷ
877 4066 1174 4137 στρατηγῷ
1205 4067 1663 4134 ὑποταγήσονται,
1694 4067 1788 4120 καὶ

187 4157 315 4219 τοῖς
354 4155 563 4209 ἐκείνου
599 4140 1064 4228 παραγγέλμασιν
1095 4158 1354 4222 εἴξουσιν.

272 4245 373 4300 κδ’.
402 4248 517 4300 Οὐκ
548 4247 730 4316 ἀγνοῶ
757 4249 952 4318 ὅτιπερ
986 4250 1126 4301 κατὰ
1156 4250 1253 4319 τὴν
1278 4249 1538 4320 ὁμοίωσιν
1567 4248 1659 4303 τοῦ
1690 4249 1785 4318 βα-

197 4339 416 4393 σιλικοῦ
441 4339 688 4410 πλωίμου
723 4342 816 4392 καὶ
845 4340 894 4392 οἱ
924 4340 1033 4392 τῶν
1064 4339 1241 4394 ἄλλων
1270 4341 1524 4411 Θεμὰτων
1548 4338 1786 4408 πλώϊμοι

196 4433 502 4503 στρατηγοὶ
558 4433 912 4502 δρουγγάριοι
973 4431 1272 4486 ἐκαλοῦντό
1331 4450 1462 4486 ποτε
1509 4435 1623 4492 τοῖς
1672 4433 1785 4486 ἄνω

1892 3268 2065 3308 unum
2080 3251 2305 3322 deliges,
2316 3265 2478 3319 quem
2491 3249 2746 3304 comitem
2766 3249 3084 3318 appellabis,
3110 3247 3200 3316 qui
3223 3248 3468 3300 omnium

1892 3347 2070 3402 Subse
2085 3343 2394 3397 triremium
2412 3342 2518 3395 dux
2553 3339 2886 3403 futurnsest,
2908 3339 3260 3408 etldiligenter
3286 3338 3469 3392 facile-

1893 3449 2001 3504 que
2036 3433 2222 3487 omnia
2268 3432 2547 3496 instrnes,
2592 3445 2713 3500 qua:
2759 3430 2825 3483 ad
2868 3430 3056 3482 hastas
3095 3428 3464 3495 triremesque

1891 3525 2191 3583 pertinent.

1960 3618 2052 3671 23.
2084 3615 2329 3671 Praefecti
2364 3614 2456 3684 qni
2489 3614 2594 3668 sub
2627 3622 2678 3667 Ie
2709 3622 2840 3667 sunt
2875 3614 2971 3669 abs
3015 3622 3069 3669 te
3095 3612 3347 3667 mandata
3374 3625 3468 3664 ac-

1889 3709 2117 3778 cipient,
2147 3708 2487 3777 reliquisque
2517 3707 2611 3775 qui
2645 3708 2747 3761 sub
2785 3721 2972 3760 eorum
3025 3712 3292 3774 potestate
3340 3710 3469 3756 sunt

1889 3800 2129 3855 tradent.
2162 3802 2340 3868 Atque
2362 3800 2475 3853 hac
2507 3799 2575 3852 dc
2593 3798 2738 3865 regia
2770 3798 2970 3852 classe.
2999 3797 3351 3867 lieliquarum
3378 3809 3472 3846 co-

1892 3893 2104 3962 piarum
2157 3891 2480 3946 triremibus
2539 3890 2841 3960 drnngarii,
2905 3890 2956 3943 id
3003 3899 3110 3954 est,
3161 3885 3366 3941 tribuni
3417 3893 3469 3939 et

1889 3984 2224 4039 turmarcha:
2279 3982 2665 4051 praelicientur,
2731 3982 2823 4051 qui
2888 3990 2943 4035 et
2995 3981 3095 4049 ipsi
3151 3978 3466 4047 imperatori

1889 4075 2124 4143 subjecti
2177 4083 2387 4137 erunt,
2454 4080 2509 4126 et
2572 4073 2719 4128 illius
2781 4072 3061 4142 imperatis
3121 4071 3468 4137 obtempera-

1889 4167 2047 4221 bunt.

1960 4258 2051 4311 24.
2093 4256 2281 4325 Neque
2310 4270 2444 4310 sane
2491 4257 2722 4325 ignoro,
2758 4255 2904 4323 quod
2941 4253 3006 4307 ad
3049 4249 3464 4308 similitudinem

1889 4350 2051 4420 regia:
2073 4351 2291 4413 classis,
2315 4349 2652 4417 reliquorum
2673 4349 3002 4402 auxiliorum
3035 4343 3276 4415 praafccti
3296 4344 3468 4396 drnnv

1887 4439 2023 4509 garii
2065 4440 2312 4509 antiquis
2363 4438 2704 4507 temporibus
2736 4437 3070 4491 vocabantur
3095 4474 3110 4497 .
3153 4441 3208 4488 et
3239 4433 3332 4502 qui
3362 4432 3466 4487 th

193 4526 436 4597 χρόνοις,
471 4526 564 4579 καὶ
605 4528 654 4578 oi
691 4527 782 4579 ὑπ’
806 4525 1007 4587 αὐτοὺς
1045 4525 1284 4594 κόμητες
1335 4525 1496 4593 μόνον
1528 4524 1626 4577 κα)⁴
1660 4526 1783 4577 κὲνο

1891 4533 2110 4587 illorum
2140 4531 2428 4587 dominatu
2461 4531 2706 4590 fuerunt,
2735 4529 2966 4583 comites
2996 4525 3465 4594 centurionesque

193 4633 415 4687 ταρχοι.
450 4616 613 4670 Ἀλλά
661 4617 756 4670 νῦν
805 4620 886 4680 είς
938 4616 1276 4686 στρατηγίδα
1327 4616 1625 4686 ἡέκάστου
1675 4617 1785 4668 τῶν

187 4710 579 4780 δρουγγαρίων
609 4709 753 4780 ἀρχὴ
783 4709 1153 4778 ἀναϐέϐηκεν,
1189 4709 1285 4761 καὶ
1312 4707 1623 4778 καλουμένη
1665 4710 1787 4770 ταῖς

198 4805 600 4871 στρατηγικαῖς
629 4800 1063 4871 καταμερίζεται
1084 4799 1324 4864 τάξεσιν.

272 4981 370 5036 κε’.
432 4983 738 5053 Γυμνάσεις
771 4982 828 5036 δέ
884 4980 1160 5050 διαφόρως
1202 4981 1328 5044 τούς
1391 4998 1450 5033 τε
1504 4981 1782 5050 πλωΐμους

199 5076 564 5148 στρατιώτας.
598 5077 690 5128 καὶ
735 5076 932 5137 αὐτοὺς
988 5076 1112 5136 τοὺς
1157 5073 1468 5142 ὃρόμωνας,
1518 5073 1648 5125 ποτὲ
1685 5075 1784 5142 μὲν

197 5169 320 5223 καθ’
343 5169 439 5222 ενα
477 5169 576 5221 {ita
589 5182 710 5221 πον
731 5166 940 5236 άνδρα,
970 5166 1102 5218 ποτέ
1127 5165 1189 5218 δὲ
1216 5166 1308 5218 καὶ
1357 5164 1500 5218 κατὰ
1539 5164 1781 5232 πλείους,

193 5262 342 5315 ὥστε
389 5262 539 5322 ἄντις
591 5259 839 5330 ἀλλήλων
865 5257 1198 5328 ἐπέρχεσθαι
1223 5258 1473 5321 σπαθίοις
1497 5258 1592 5310 καὶ
1622 5274 1785 5310 σκου-

194 5355 412 5424 ταρίοις
459 5353 799 5424 χρωμένους.
829 5353 944 5405 Kal
973 5352 1174 5413 αὐτοὺς
1213 5352 1271 5405 δέ
1300 5353 1456 5414 ὅλους
1497 5353 1782 5424 δρόμωνας

198 5445 327 5501 κατ’
356 5445 602 5514 ἀλλήλων
625 5444 704 5507 ὡς
725 5445 824 5498 ἐπὶ
864 5444 1226 5516 παρατάξεως
1255 5445 1657 5514 ἐπερχομένους
1686 5445 1783 5498 καὶ

201 5536 337 5590 ποτὲ
373 5535 733 5604 δεσμοῦντας,
766 5535 898 5588 ποτὲ
929 5537 988 5590 δὲ
1015 5534 1353 5597 ἀπολύοντας
1379 5536 1471 5588 καὶ
1509 5536 1782 5607 διαφόρως

203 5635 329 5682 κατ’
348 5629 594 5699 ἀλλήλων
617 5628 1280 5700 προσϐάλλονταςποτέδέ
1297 5629 1564 5693 ἀκοντίοις
1580 5630 1782 5684 ὠθοῦν-

201 5739 304 5785 τας
326 5722 393 5775 τὰ
436 5721 596 5775 πλοῖα
625 5723 734 5776 τῶν
784 5724 1066 5786 ἐναντίων,
1097 5722 1240 5776 ὥστε
1273 5723 1347 5793 μὴ
1381 5724 1780 5793 πλησιάζοντας

203 5814 440 5884 δεσμεῖν.
464 5813 539 5866 Οὐ
563 5813 670 5885 γὰρ
701 5815 790 5870 ἀεὶ
811 5814 870 5870 τὸ
888 5815 976 5873 διὰ
1005 5816 1274 5886 καμάκων
1301 5815 1536 5885 σιδηρῶν
1559 5817 1776 5884 δεσμεῖν

1881 4626 2014 4680 olim
2047 4625 2404 4678 vocabantur.
2450 4619 2558 4677 Sed
2586 4635 2734 4676 nunc
2761 4620 3186 4689 drungariorum
3215 4616 3464 4684 singulo-

1885 4735 2007 4773 rum
2045 4716 2283 4786 dignitas
2312 4715 2378 4769 ad
2414 4729 2613 4769 nomen
2648 4712 3061 4783 imperatorium
3110 4708 3380 4779 pervenit,
3410 4718 3465 4762 et

1884 4813 1966 4866 sic
1989 4825 2133 4864 nunc
2165 4822 2288 4863 cum
2322 4807 2647 4878 appellatur,
2681 4806 2736 4859 in
2769 4805 2920 4859 acies
2961 4801 3346 4873 imperatorias
3379 4799 3463 4854 di-

1884 4904 2110 4958 viditur.

1955 4994 2046 5046 25.
2079 4990 2288 5046 Nantas
2319 4991 2491 5060 ipsos.
2511 4997 2565 5043 et
2593 4989 2845 5044 triremes
2871 4985 3157 5041 exercebis
3184 4983 3458 5039 interdum

1884 5085 2167 5155 sigillatim
2212 5098 2664 5156 unumquemque
2697 5097 2714 5136 :
2764 5080 3034 5134 interdum
3074 5079 3278 5146 juncta.-
3306 5091 3459 5130 com-

1885 5178 2090 5248 plures,
2125 5185 2187 5230 ut
2214 5191 2274 5232 se
2312 5184 2503 5230 mutuo
2533 5173 2814 5235 invadant,
2851 5179 2904 5225 et
2949 5169 3143 5240 gladiis
3174 5167 3458 5236 scutisque

1883 5278 2148 5334 utantur;
2192 5271 2544 5337 integrasque
2576 5265 2830 5319 triremes
2860 5264 3018 5334 quasi
3047 5262 3113 5316 ad
3155 5264 3324 5315 aciem
3369 5260 3458 5313 in-

1883 5371 2148 5418 structam
2190 5359 2498 5421 adhibebis,
2546 5358 2820 5412 interdum
2857 5357 3000 5410 inter
3026 5369 3086 5407 se
3116 5363 3307 5406 mutuo
3343 5351 3456 5404 illi-

1878 5464 2060 5525 gatas,
2111 5453 2388 5508 interdum
2441 5452 2673 5514 solutas,
2723 5459 2777 5504 et
2822 5447 3056 5502 diversis
3106 5444 3283 5499 modis
3313 5444 3364 5496 in
3397 5458 3456 5496 se

1883 5555 2074 5598 mutuo
2109 5545 2405 5598 irruentes.
2441 5541 2717 5596 Interdum
2749 5539 2926 5606 longis
2954 5537 3127 5590 hastis
3154 5548 3317 5588 naves
3351 5532 3454 5584 ho-

1879 5633 2046 5687 stium
2105 5632 2399 5702 depellant,
2457 5639 2518 5683 ut
2572 5646 2640 5685 ne
2688 5643 2853 5700 prope
2909 5626 3230 5680 accedentes
3285 5635 3452 5674 naves

1879 5726 2333 5791 committantur,
2376 5736 2429 5778 et
2475 5723 2717 5792 ingentia
2761 5737 2825 5776 ex
2872 5735 2938 5775 eo
2980 5717 3221 5787 pericula
3260 5728 3452 5767 conse-

1877 5827 2136 5887 quantur.
2181 5816 2564 5885 Omnibusque
2605 5813 2779 5869 modis
2837 5817 3202 5869 exerceantur
3257 5821 3448 5892 (γηρω-
