4200 6438
756 397 860 457 999

2003 402 2193 469 LEON
2203 404 2272 465 IS
2296 406 2392 465 PH
2406 406 2420 462 l
2434 404 2746 466 LOSOPlll

3880 412 4022 474 1000

758 506 1053 561 admodum
1086 507 1321 577 dignitas
1355 520 1445 561 tua
1478 509 1808 576 jndicaverit
1852 510 2037 565 hostes
2066 526 2188 566 cum
2224 513 2329 568 illis

2437 516 2703 585 ἀλλήλους
2756 519 2881 582 τοὺς
2935 518 3732 593 ἀντιπολεμοῦνταςχρήσιμον
3768 522 3857 576 διὰ
3886 525 4021 588 τοὺς

756 599 1021 655 dimicare
1045 600 1201 662 velle,
1235 608 1294 652 ut
1318 600 1386 654 ad
1418 601 1703 670 strepitus,
1727 602 2017 664 clamores.
2056 604 2331 674 reliquos-

759 706 867 760 que
927 697 1110 744 motus
1155 688 1381 743 bellicos
1430 688 1751 755 assneliant,
1804 706 1979 760 neque
2041 693 2328 747 confestim

761 782 1152 852 perturbentur
1179 821 1194 845 ,
1230 790 1323 835 aut
1358 780 1564 835 inscitae
1608 774 1665 835 ct
1696 792 1891 851 pra-ter
1927 781 2241 852 opinionem
2273 783 2329 837 in

758 875 873 928 lure
910 874 1217 928 incurrant.

2432 604 2710 672 ἀφύκτους
2757 609 3149 675 άναγκαιοῦσιν
3191 610 3490 675 κινδύνους.
3546 613 3658 666 Καὶ
3708 613 3917 682 ἑτέρως
3958 614 4019 667 δέ

2436 697 2902 767 γυμναζέσθωσαν
2931 700 3007 763 ὡς
3053 701 3121 755 ἂν
3156 701 3388 771 ἐπιϐάλῃ
3421 705 3455 772 ἡ
3493 704 3561 773 σὴ
3608 702 3891 771 ἐνδοξότης
3919 704 4019 765 τάς

2420 787 2574 840 κατὰ
2602 788 2714 841 τῶν
2756 790 3068 843 ἀντιπάλων
3125 791 3480 861 ἐνδεχομένας
3530 793 3796 857 ἐπινοίας,
3832 794 3913 855 ὡς
3953 794 4020 847 ἂν
4068 827 4075 836 -

2425 877 2685 931 ἐντεῦθεν
2708 878 3004 943 ἐθίζωνται
3038 882 3173 952 πρὸς
3191 884 3315 945 τοὺς
3345 882 3587 946 κτύπους
3617 883 3835 947 καὶτὰς
3864 882 4017 956 βοὰς,

753 965 851 1019 καὶ
880 966 979 1037 τὴν
1008 966 1173 1035 ἀλλην
1194 962 1405 1034 κίνησιν
1433 964 1539 1018 τοῦ
1555 966 1818 1037 πολέμου,
1836 966 1945 1020 -καὶ
1971 967 2045 1039 μὴ
2071 967 2361 1039 θροῶνται,
2402 968 2477 1033 ὡς
2500 970 2866 1041 ἀγυμνάστως
2892 974 2986 1027 καὶ
3008 973 3203 1044 ἀθρόον
3223 977 3317 1028 καὶ
3334 975 3491 1045 παρά
3514 973 3671 1040 δόξαν
3708 976 3806 1027 ἐπὶ
3843 974 4019 1029 ταῦτα

754 1061 1060 1130 ἐρχόμενοι.

825 1154 914 1206 26.
958 1152 1047 1206 Sic
1082 1152 1249 1221 igitur
1277 1153 1561 1208 exercitati
1592 1152 1958 1224 instructique
1981 1155 2035 1208 in
2062 1156 2178 1209 acie
2200 1169 2326 1225 pm-

753 1246 1013 1300 cedcntes
1059 1247 1359 1316 navigent:
1410 1255 1621 1298 tantum
1672 1261 1702 1299 a
1736 1262 1796 1301 se
1830 1254 2022 1299 mutuo
2048 1248 2110 1300 in
2157 1262 2323 1301 cursu

752 1337 976 1400 distent,
1008 1343 1167 1390 utne
1214 1350 1272 1390 se
1316 1345 1504 1388 nmtuo
1560 1334 1865 1403 impediant
1905 1344 2018 1389 tum
2058 1336 2111 1389 in
2161 1350 2327 1391 curse

752 1426 1053 1489 maritimo,
1086 1437 1198 1480 tum
1246 1426 1298 1479 in
1336 1426 1757 1496 tempestatibus
1792 1427 2325 1496 ingravescentibus,

754 1530 807 1574 et
837 1531 1122 1575 ventorum
1154 1522 1394 1577 ﬂatibus.
1423 1520 1575 1577 Aciei
1605 1522 1891 1576 instructa:
1920 1528 1973 1575 et
2012 1521 2325 1575 exercitatae

754 1614 810 1667 in
843 1628 1049 1667 morem
1088 1611 1377 1682 prodeant,
1414 1620 1469 1667 et
1518 1612 1573 1666 in
1631 1612 1954 1682 appulsibns
2008 1612 2075 1665 ad
2121 1620 2322 1666 terram

754 1701 1008 1757 ordinate
1057 1704 1289 1758 classem
1331 1704 1645 1768 instruant,
1688 1709 1743 1755 ct
1771 1701 1837 1756 ad
1886 1702 2176 1757 stationem
2229 1701 2326 1755 ali-

752 1806 917 1859 quam
951 1807 1009 1847 se
1030 1792 1397 1862 applicantes,
1432 1790 1553 1845 sine
1575 1790 1683 1844 ulla
1704 1788 2027 1844 confusione
2049 1789 2116 1842 ad
2150 1790 2323 1854 littus,

2506 1157 2620 1223 κς·’.
2683 1158 2871 1222 Οὕτως
2925 1154 3019 1213 οῦν
3066 1159 3471 1230 γυμνασθέντες
3527 1161 3620 1214 καὶ
3677 1160 4017 1223 διατεθέντες

2431 1250 2759 1303 πλεύσουσιν
2788 1252 2847 1302 ἐν
2882 1253 3036 1317 τάξει
3082 1254 3409 1323 συνηγμένοι
3438 1252 3715 1313 τοσοῦτον,
3752 1253 3839 1321 ἐφ’
3896 1254 4017 1305 ὅσον

2423 1341 2676 1412 ἀλλήλοις
2717 1342 2791 1412 μὴ
2830 1343 3145 1411 ἐμποδίζειν
3175 1342 3232 1395 ἐν
3262 1361 3321 1396 τε
3368 1348 3486 1407 ταῖς
3520 1344 3789 1406 ἐλασέαις,
3824 1345 3926 1395 καὶ
3956 1345 4011 1395 ἐν

2432 1437 2578 1497 ταῖς,
2603 1434 2678 1497 ὡς
2702 1436 2869 1500 εἰκὸς,
2892 1437 3035 1488 κατά
3052 1435 3327 1489 θάλασσαν
3348 1436 3452 1488 ὑπὸ
3472 1436 3581 1505 τῶν
3601 1436 3826 1504 ἀνέμων
3852 1434 4013 1503 βίαις.

2442 1528 2584 1579 Ἀλλ’
2604 1528 2765 1581 οἱονεί
2809 1545 2893 1591 τις
2925 1529 3234 1599 παράταξις
3252 1529 3709 1599 γεγυμνασμένη,
3741 1526 3892 1579 οῦτω
3924 1543 4016 1577 πο-

2433 1617 2798 1689 ρευέσθωσαν,
2841 1619 2938 1693 καὶ
2987 1620 3046 1671 ἐν
3091 1620 3211 1683 ταῖς
3245 1620 3541 1691 ὀρμησίαις
3573 1618 3683 1669 τῶν
3734 1617 4015 1670 ἀπλξκτων

2433 1708 2713 1771 εὐτάκτως
2740 1706 2833 1761 τὸν
2857 1709 3168 1764 κατάπλουν
3198 1709 3546 1771 ποιείτωσαν,
3580 1708 3676 1761 καὶ
3701 1708 4017 1765 καταγέτω-

2437 1817 2537 1853 σαν
2577 1800 2861 1869 ἐνορδίνως
2904 1799 3246 1869 ἐξορμῶντες
3290 1799 3429 1870 πρὸς
3480 1800 3578 1866 τὴν
3628 1798 3827 1867 ξηρὰν.
3866 1800 3896 1867 ἢ
3943 1800 4013 1859 εἰς

746 1884 819 1937 ad
850 1893 1088 1953 portum,
1122 1880 1397 1938 adlocum
1420 1889 1742 1953 portuosum
1778 1882 2020 1946 veniant,
2056 1888 2117 1936 ut
2142 1882 2186 1937 si
2222 1880 2319 1932 ali-

2433 1889 2628 1959 λιμένα
2667 1890 2907 1953 πάντως,
2950 1890 2983 1959 ἦ
3028 1891 3108 1952 εἰς
3140 1869 3386 1960 ὑφορμον
3414 1892 3583 1944 τόπον
3606 1932 3621 1955 ,
3654 1891 3711 1944 ἐν
3768 1883 3815 1957 ᾧ
3853 1889 4015 1958 ζάλης

752 1990 859 2042 qua
927 1984 1223 2046 tempestas
1291 1975 1346 2029 in
1404 1974 1524 2029 salo
1591 1973 1854 2039 oriatur,
1929 1972 2116 2029 minus
2196 1970 2320 2027 allii-

752 2075 993 2122 ctentttr.

822 2162 913 2215 2'7.
962 2163 1114 2217 Venti
1152 2163 1311 2218 ﬂatus
1344 2179 1407 2219 ex
1441 2164 1615 2235 signis
1656 2170 1933 2219 astrorum
1984 2173 2329 2231 praenoscen-

751 2255 855 2309 dns
878 2254 975 2307 tibi
1004 2261 1112 2318 est,
1137 2262 1192 2310 et
1213 2255 1368 2311 locus
1394 2256 1460 2310 ad
1486 2269 1646 2325 quem
1677 2253 1981 2325 applieahis
2007 2251 2325 2323 eligendus:

748 2356 803 2399 et
842 2347 944 2400 nisi
975 2346 1159 2416 aliqua
1195 2348 1377 2417 gravis
1409 2356 1599 2417 urgeat
1636 2347 1964 2411 necessitas,
1993 2346 2113 2399 sine
2144 2345 2328 2414 aliquo

751 2440 999 2492 secundo
1021 2448 1186 2493 vento
1218 2447 1311 2491 aut
1340 2440 1743 2507 tranquillitate
1760 2448 1813 2492 et
1835 2445 1952 2490 tuta
1984 2453 2082 2506 spe
2105 2437 2325 2495 salutis.

749 2530 806 2583 in
846 2530 1218 2596 perturbatam
1248 2529 1487 2597 aliquam
1516 2528 1915 2597 navigationem
1953 2542 2019 2582 ne
2052 2535 2106 2581 te
2151 2527 2327 2594 conji-

749 2620 885 2685 cias;
912 2619 1005 2674 sed
1026 2619 1458 2689 signiﬁcationes
1476 2627 1747 2673 astrorum
1780 2634 1919 2688 quas
1942 2629 2123 2673 nautae
2138 2618 2328 2673 obser-

750 2721 970 2774 varunt,
1003 2711 1325 2780 reliquaque
1373 2724 1496 2779 quae
1538 2709 1603 2763 ad
1637 2709 1779 2764 banc
1816 2724 1928 2764 rem
1962 2710 2157 2766 idonea
2200 2717 2329 2765 sunt.

751 2800 1095 2867 nbservabis,
1122 2811 1283 2874 atque
1311 2802 1395 2857 ita
1414 2802 1527 2856 iter
1552 2810 1720 2856 1uum
1752 2802 2027 2859 institues.

822 2982 913 3038 28.
947 2983 1004 3035 In
1038 2982 1239 3037 castris
1270 2981 1564 3051 ponendis,
1594 2984 1639 3036 si
1666 2982 1731 3036 ad
1757 2993 1905 3035 tuam
1941 2983 2113 3053 ipsius
2143 2984 2328 3053 appel—

751 3077 820 3129 lis
850 3085 1072 3135 terram,
1106 3076 1429 3143 nullumque
1463 3076 1713 3127 timorem
1734 3074 1986 3128 'hostinm
2017 3076 2205 3140 habes,
2239 3092 2327 3129 or-

2435 1980 2842 2052 συμϐαινούσης
2878 1980 2941 2035 οὑ
2974 1980 3391 2052 κλυσθήσονται.

2504 2174 2606 2239 κζ’.
2635 2176 2726 2228 Δεῖ
2759 2173 2814 2227 δέ
2848 2192 2906 2227 σε
2934 2174 3028 2229 καὶ
3063 2173 3157 2229 τοῦ
3213 2173 3417 2243 ἀνέμου
3450 2173 3550 2246 τὴν
3576 2172 3853 2244 ἐπιφορὰν
3888 2190 4014 2241 προ-

2432 2266 2629 2320 ειδέναι
2654 2267 2739 2320 διὰ
2772 2266 2881 2319 τῶν
2911 2266 3157 2337 σημείων
3194 2267 3335 2321 κατὰ
3363 2268 3455 2320 τον
3483 2267 3694 2338 καιρόν.
3739 2268 3853 2318 Καὶ
3884 2266 4015 2333 πρὸς

2431 2358 2637 2428 ταύτην
2670 2360 2764 2412 καὶ
2794 2359 2885 2412 τὸν
2908 2360 3073 2412 τόπον
3103 2361 3204 2428 τῆς
3226 2358 3497 2431 ὁρμησίας
3528 2357 3881 2423 ἐκλέξασθαι.
3910 2357 4015 2408 Καὶ

2433 2453 2481 2504 εἰ
2513 2454 2585 2522 μή
2635 2468 2724 2514 τις
2756 2450 3079 2519 κατεπείγει
3115 2451 3352 2519 ἀνάγκη,
3407 2452 3481 2520 μὴ
3522 2451 3651 2503 ἄνευ
3705 2448 4017 2516 πνεύματος

2428 2541 2610 2593 ἀἰσίου
2643 2540 2737 2593 καὶ
2759 2541 3025 2611 γαλήνης,
3052 2540 3146 2593 καὶ
3178 2539 3456 2608 ἀσφαλοῦς
3497 2540 3711 2601 ἐλπίδος
3741 2538 4017 2606 σωτηρίας

2432 2630 2780 2701 ἐπιρῤίπτειν
2832 2630 3059 2683 σεαυτὸν
3102 2631 3183 2693 είς
3232 2630 3604 2698 ἀνεπιτήδειον
3648 2629 3840 2681 πλοῦν.
3879 2628 4017 2679 Ἀλλ’

2433 2723 2739 2791 ὑφορᾶσθαι
2767 2724 2862 2776 καὶ
2898 2722 2996 2784 τὰς
3039 2721 3340 2791 λεγομένας
3386 2720 3540 2790 παρὰ
3592 2719 3704 2771 τῶν
3745 2717 4018 2770 ναυτικῶν

2433 2812 2871 2883 παρασημασίας
2920 2810 3032 2863 τῶν
3087 2809 3325 2880 ἄστρων,
3363 2810 3459 2863 καὶ
3486 2809 3587 2861 ὅσα
3634 2806 3775 2861 ἄλλα
3806 2806 4015 2875 συμφέο

2434 2922 2617 2975 ροντα,
2642 2904 2736 2957 καὶ
2770 2903 2914 2954 οὓτω
2945 2900 3220 2953 ποιεῖσθαι
3245 2898 3344 2969 τὴν
3381 2899 3634 2969 πορείαν.

2501 3004 2610 3065 κη’.
2667 2996 2757 3047 Ἐν
2805 2994 2861 3047 δὲ
2908 2996 3019 3055 τοῖς
3070 2992 3391 3062 άπλήκτοις,
3437 2991 3485 3042 εί
3529 2991 3629 3059 μέν
3681 2990 3743 3041 ἐν
3784 2991 3855 3058 τῇ
3915 2989 4020 3057 ἰδία

2431 3089 2625 3159 όρμεῖς
2658 3084 2837 3156 χώρα,
2867 3085 2963 3137 καὶ
3000 3084 3207 3154 μηδένα
3245 3082 3411 3151 φόϐον
3454 3082 3601 3150 ἔχεις
3629 3080 3743 3135 ἀπὸ
3773 3081 3885 3133 τῶν
3920 3096 4019 3131 πο-

752 3169 941 3222 dinate
970 3168 1046 3221 ibi
1087 3167 1437 3237 requiescant
1462 3168 1684 3229 milites,
1720 3181 1896 3235 neque
1928 3166 2017 3220 die
2038 3176 2132 3219 aut
2167 3177 2326 3223 nocte

2433 3177 2655 3246 λεμίων,
2691 3177 2782 3229 καὶ
2835 3174 2978 3227 οῦτω
3035 3174 3155 3244 μετ’
3202 3172 3454 3235 εὐταξίας
3505 3170 3888 3225 ἀναπαύεσθαι
3930 3170 4021 3221 τὸν

754 3261 1136 3329 indigenarum
1172 3273 1503 3327 quemquam
1552 3259 1772 3321 hcdant,
1814 3266 1905 3311 aut
1956 3258 2210 3327 injuriatn
2240 3260 2325 3311 ul-

753 3355 860 3405 lam
892 3350 1149 3415 inferant,
1181 3361 1271 3408 aut
1310 3349 1495 3421 fruges
1516 3350 1801 3419 diripiant,
1829 3358 1925 3403 aut
1958 3364 2123 3421 agros
2152 3366 2327 3420 popu-

754 3444 955 3497 lentur.

824 3536 911 3588 29.
951 3534 1006 3587 Si
1046 3550 1213 3603 prope
1243 3534 1499 3589 hostilem
1542 3541 1743 3587 terram
1781 3533 1973 3600 fueris,
2004 3543 2097 3587 ant
2124 3536 2323 3589 hostes

753 3642 922 3693 prope
953 3626 1243 3681 adfuturos
1277 3627 1475 3680 metuis
1504 3666 1518 3689 ,
1565 3626 1830 3681 exenbias
1868 3627 2085 3680 eminus
2106 3627 2327 3680 "habere

751 3726 963 3784 oportet
1000 3725 1112 3770 tum
1169 3718 1303 3771 mari
1342 3726 1453 3770 tttm
1506 3727 1668 3781 terra,
1721 3725 1776 3771 et
1825 3718 2140 3787 vigilantem
2182 3733 2324 3781 esse,

754 3820 809 3863 et
833 3810 1025 3863 ordine
1052 3812 1410 3873 instructum,
1434 3816 1796 3876 paratumque
1819 3809 1882 3861 ad
1921 3809 2324 3862 dimicandum:

756 3903 938 3955 multm
975 3903 1120 3955 enim
1175 3910 1304 3957 sunt
1336 3900 1577 3954 hostium
1628 3900 1844 3954 insidia:
1876 3922 1886 3955 :
1923 3910 1976 3953 et
2008 3901 2053 3953 si
2092 3910 2234 3954 terra
2278 3909 2329 3955 te

756 3996 1065 4048 invenerint
1106 3992 1515 4064 procedentem,
1544 3993 1653 4045 vim
1689 3991 1916 4046 afferent
1940 3992 2058 4054 tibi,
2091 3994 2136 4047 si
2166 4007 2326 4058 quam

753 4087 989 4153 possint,
1020 4094 1071 4139 et
1120 4100 1286 4139 naves
1331 4084 1669 4138 incendent:
1717 4084 1800 4137 vel
1843 4099 1937 4153 per
1972 4099 2119 4137 mare
2163 4092 2325 4137 not-tu

755 4192 845 4232 aut
879 4180 1114 4233 interdiu
1149 4180 1509 4247 irruptioncm
1539 4180 1592 4232 in
1626 4186 1677 4231 te
1709 4178 1931 4237 facient,
1961 4177 2103 4245 quod
2152 4178 2196 4230 si
2230 4178 2331 4231 itu-

754 4281 979 4338 paratus
1003 4273 1071 4323 ab
1104 4272 1213 4325 illis
1247 4272 1449 4338 paratis
1473 4270 1776 4333 inveniare,
1812 4270 1969 4323 facile
1995 4270 2062 4322 ab
2098 4269 2208 4321 illis
2234 4284 2330 4333 np-

754 4362 1033 4430 primere':
1070 4362 1151 4413 sin
1201 4370 1426 4429 paratus
1475 4360 1684 4425 fueris,
1740 4359 1893 4412 irrita
1944 4369 2107 4428 atque
2152 4358 2329 4411 itumis

672 4466 677 4471 '
754 4452 1176 4507 omnisillornm
1216 4452 1451 4520 irruptio
1482 4451 1604 4505 erit.

824 4636 911 4689 50.
946 4635 1216 4700 Quoniam
1254 4650 1382 4687 vero
1420 4633 1615 4685 horum
1665 4632 1802 4685 satis
1836 4630 1950 4699 jam
1993 4629 2326 4683 mentionem

754 4727 881 4791 feci,
931 4743 1028 4796 age
1081 4728 1147 4779 de
1187 4734 1409 4787 calere,
1462 4721 1924 4791 quemadmodum
1972 4720 2327 4789 irruptiones,

755 4830 917 4888 atque
973 4818 1145 4871 aciem
1201 4817 1527 4869 instructam
1580 4812 1634 4866 in
1684 4813 2037 4867 dimicatione
2084 4814 2329 4882 parabis,

756 4909 948 4977 paucis
1004 4907 1309 4974 explicabo,
1362 4906 1506 4958 sicut
1533 4903 1587 4957 in
1627 4903 1983 4959 terrestribus
2029 4903 2203 4972 copiis
2247 4904 2329 4963 in-

756 5001 1042 5061 struendis
1066 5008 1227 5055 antea
1265 4996 1592 5052 feceramus.

827 5192 919 5245 5-t.
960 5185 1194 5252 Quando
1244 5182 1410 5253 igitur
1447 5170 1582 5236 belli
1632 5188 1849 5250 tempus
1896 5181 2185 5234 imminere
2232 5178 2333 5234 tibi

756 5284 999 5341 videtur,
1026 5275 1377 5347 congregatis
1424 5273 1693 5327 militibus
1724 5287 1821 5341 per
1848 5272 2018 5336 acies,
2053 5279 2107 5325 et
2133 5271 2333 5325 cohor-

760 5388 863 5441 tes,
898 5372 1151 5441 legantur
1182 5368 1291 5422 illis
1313 5366 1578 5420 militares
1610 5364 1812 5429 tnulta2,
1834 5380 1955 5431 qua:
1981 5378 2010 5416 ιι
2042 5362 2197 5417 nobis
2231 5378 2333 5415 an-

762 5478 869 5527 lea,
912 5477 1035 5516 eum
1075 5459 1142 5513 dc
1178 5457 1537 5512 terrestribus
1585 5456 1761 5524 copiis
1805 5456 2100 5524 agebamus
2126 5494 2139 5519 ,
2177 5468 2330 5507 com-

761 5560 1077 5609 memorata:
1111 5558 1273 5616 sunt;
1321 5546 1611 5615 verbisque
1650 5547 1774 5601 illos
1810 5545 2021 5599 idoneis
2073 5544 2332 5597 cohorta-

759 5646 910 5701 bcris
955 5645 1020 5697 ad
1066 5641 1308 5711 pericula
1356 5638 1732 5708 suscipienda,
1778 5644 1838 5690 ut
1881 5638 2077 5707 partim
2124 5637 2333 5705 suppli-

761 5738 973 5791 ciorum
1006 5737 1221 5798 timore,
1249 5733 1445 5802 partim
1485 5741 1577 5784 tua
1634 5730 2011 5786 cohortatione
2052 5738 2215 5798 atque
2246 5729 2329 5781 in-

759 5829 1023 5884 citatione
1054 5827 1260 5885 strenui
1293 5825 1572 5895 fortesque
1600 5822 1753 5889 fiant,
1780 5831 1833 5879 et
1874 5823 1929 5880 in
1962 5823 2080 5891 ipso
2103 5823 2332 5876 dimica-

2434 3268 2666 3338 στρατὸν
2693 3268 2787 3320 καὶ
2816 3269 2873 3319 ὲν
2896 3267 3053 3318 νυκτὶ
3076 3266 3170 3317 καὶ
3201 3268 3262 3317 ἐν
3297 3266 3481 3335 ἡμέρᾳ
3522 3262 3724 3334 μηδένα
3758 3263 3872 3314 τῶν
3905 3265 4023 3312 ἐπι-

2431 3361 2647 3431 χωρίων
2680 3360 3042 3428 βλάπτοντας,
3072 3355 3469 3427 ἢάδικοῦντας,
3501 3356 3533 3426 ἦ
3562 3356 3813 3427 καρποὺς
3839 3353 4018 3423 ἀρπά-

2432 3451 2642 3513 ζοντας,
2674 3452 2705 3517 ἦ
2736 3449 3074 3519 φθείροντας.

2503 3541 2605 3595 κο’.
2648 3542 2709 3591 Εἰ
2739 3541 2793 3593 δὲ
2827 3543 2884 3592 ἐν
2925 3544 2989 3609 τῇ
3021 3539 3259 3609 πολεμίᾳ
3298 3542 3367 3607 γῇ
3404 3540 3754 3608 πλησιάζεις,
3787 3541 3820 3610 ἦ
3867 3542 4021 3593 πολε·

2435 3633 2592 3699 μίους
2617 3627 2870 3700 παρεῖναί
2898 3646 3001 3680 που
3032 3626 3295 3691 ἐλπίζεις,
3335 3630 3555 3690 πάντως
3589 3630 3769 3697 χρεών
3822 3647 3883 3681 σε
3928 3632 4020 3683 καὶ

2434 3722 2624 3791 emat;
2664 3722 2810 3790 ἔχειν
2849 3719 3121 3789 μακρόθεν
3168 3720 3262 3771 καὶ
3316 3720 3460 3772 κατά
3490 3721 3594 3788 γῆν
3623 3722 3717 3772 καὶ
3754 3723 3902 3774 κατά
3928 3723 4019 3776 θά-

2424 3813 2659 3867 λασσαν.
2691 3812 2801 3864 Καὶ
2831 3810 3128 3880 άγρύπνως
3155 3809 3422 3862 διατελεῖν
3446 3812 3540 3863 καὶ
3566 3813 4020 3882 κατησφαλισμέ-

2432 3906 2649 3957 νονακαλ.
2676 3904 2894 3971 ’ἐτοιμον
2941 3898 3081 3955 εἶναι
3112 3901 3249 3970 πρὸς
3298 3902 3606 3971 παράταξιν
3626 3920 3640 3931 ·
3672 3904 3875 3955 πολλαὶ
3909 3905 4013 3973 γὰρ

2430 4000 2488 4050 αἱ
2526 3997 2639 4047 «τῶν
2697 3994 2973 4064 πολεμίων
3025 3994 3343 4048 ἐπιϐουλαί·
3398 3994 3629 4064 καὶγὰρ
3662 3996 3694 4063 ἢ
3729 3996 3878 4048 κατά
3922 3997 4020 4063 γῆς

2432 4089 2685 4158 εὑρόντες
2722 4104 2781 4139 σε
2825 4085 3099 4157 ὁρμοῦντα
3134 4085 3433 4154 βιάσονται.
3474 4086 3534 4138 El
3568 4085 3724 4153 τύχοι
3765 4087 3823 4139 δὲ
3856 4088 4017 4139 εὑποο

2437 4180 2699 4249 ρὴσαντες
2721 4178 2815 4229 καὶ
2838 4176 2936 4238 τὰς
2963 4176 3093 4237 ναῦς
3118 4177 3515 4246 ἐμπρήσουσιν.
3537 4176 3605 4228 Ἦ
3631 4174 3721 4227 διὰ
3745 4175 4020 4247 θαλάσσης

2432 4266 3131 4335 άναφανέντεςπροσϐολὴν
3160 4267 3478 4335 ποιήσονται
3500 4265 3693 4328 νυκτὸς
3724 4266 3756 4335 ἦ
3781 4268 4016 4339 ἡμέρας.

2432 4360 2540 4411 Καὶ
2559 4359 2652 4410 ἐὰν
2673 4359 2745 4428 μὴ
2760 4358 2972 4425 ἕτοιμος
2993 4360 3049 4409 ἰν
3068 4358 3303 4426 ἑτοίμοις
3322 4357 3572 4427 εὑρεθῇς,
3588 4359 4021 4427 προτερήσουσιν

2433 4450 2483 4501 οἱ
2531 4450 2762 4501 ἐναντίοι
2802 4448 2942 4500 κατά
2982 4447 3096 4503 σοῦ.
3136 4449 3197 4500 Εἰ
3228 4449 3285 4500 δέ
3320 4465 3378 4500 σε
3414 4447 3631 4516 ἐτοιμον
3668 4448 4018 4517 εὑρήσουσιν,

2368 4536 2413 4592 Ι)
2440 4541 2721 4610 ἄπρακτος
2743 4541 2929 4599 αὐτοῖς
2954 4541 2986 4608 ἡ
3010 4539 3276 4610 ἐπιϐουλὴ
3305 4542 3621 4610 γενήσεται.

2506 4633 2568 4685 λ’.
2617 4632 2771 4683 Ἐπεὶ
2830 4630 2887 4682 δέ
2936 4631 3143 4683 τούτων
3178 4631 3508 4703 συμμέτρως
3556 4632 3919 4701 ἐμνήσθημέν
3962 4650 4019 4686 τε

2436 4722 2529 4775 καὶ
2556 4720 2942 4789 διεταξάμεθα,
2975 4721 3107 4790 φέρε
3135 4721 3322 4774 λοιπὸν
3361 4722 3456 4773 καὶ
3476 4722 3622 4785 ὅπως
3654 4723 4019 4793 παρατάξεις,

2437 4815 2530 4867 καὶ
2559 4813 2656 4876 τάς
2698 4811 3006 4881 προσϐολὰς
3043 4813 3140 4875 τὰς
3170 4813 3229 4866 ἐν
3262 4815 3383 4876 ταῖς
3413 4814 3616 4883 μάχαις
3651 4817 3923 4883 ποιήσεις,
3946 4816 4020 4878 ὡς

2437 4908 2496 4958 ἐν
2527 4904 2748 4972 συνόψει
2769 4902 3166 4973 διορισώμεθα·
3201 4903 3325 4957 καθ’
3356 4903 3415 4956 ὂν
3452 4905 3653 4973 τρόπον
3685 4905 3782 4956 καὶ
3819 4906 3880 4957 ἐν
3899 4908 4021 4967 ταῖς

2432 4998 2584 5049 κατὰ
2632 4998 2737 5065 γῆν
2772 4994 3099 5062 πολεμικαῖς
3128 4992 3453 5063 προσϐολαῖς
3494 4995 3608 5047 ἄνω
3633 5010 3737 5046 που
3765 4994 4023 5059 διεταξά-

2432 5086 2600 5158 μεθα.

2504 5176 2607 5231 λα’.
2645 5178 2816 5231 Ὅταν
2838 5177 3022 5230 τοίνυν
3072 5175 3364 5247 ἐλπίζηταί
3396 5194 3479 5230 σοι
3523 5177 3763 5247 πολέμου
3801 5176 4019 5244 καιρὸς,

2434 5264 2480 5322 ὦ
2520 5268 2817 5340 στραηγέ,
2850 5267 3215 5321 συνελθόντων
3236 5266 3346 5320 τῶν
3373 5268 3722 5339 στρατιωτῶν
3744 5268 3890 5320 κατά
3921 5269 4021 5330 τὰς

2434 5362 2617 5428 τάξεις
2657 5362 2897 5430 ἑκάστην
2934 5360 3280 5431 διῃρημένους
3324 5359 3892 5430 ὑπαναγνωσθήσεται
3924 5363 4022 5417 αὗ-

2433 5455 2548 5516 τοίς
2596 5452 2662 5506 τὰ
2717 5452 3086 5522 στρατιωτικὰ
3118 5452 3391 5521 ἐπιτίμια.
3448 5452 3630 5521 Ἀπερ
3670 5451 3805 5520 ἡμῖν
3854 5454 3913 5504 ἐν
3942 5450 4023 5519 τῷ

2441 5547 2570 5615 περὶ
2599 5546 2698 5613 τῆς
2726 5545 2869 5598 κατὰ
2888 5545 2993 5612 γῆν
3023 5546 3419 5615 στρατιωτικῆς
3448 5544 3757 5613 γυμνασίας
3778 5542 4019 5611 εἴρηται,

2444 5640 2540 5692 καὶ
2567 5637 2845 5709 ἐπιρῥὼσε
2857 5653 2903 5700 ις
2942 5638 3137 5700 αὐτοὺς
3159 5636 3338 5704 λόγοις
3359 5637 3694 5707 προσήκουσι
3716 5635 4022 5705 παρορμῶν

2443 5728 2553 5784 και
2584 5730 2893 5796 ἐπαλείφων
2948 5727 3085 5799 πρὸς
3115 5729 3241 5791 τοὺς
3277 5728 3514 5795 ἀγῶνας*
3553 5727 3642 5779 ἵνα
3680 5725 3741 5778 τὸ
3773 5726 3873 5795 μὲν
3932 5724 4023 5781 διά

2442 5822 2533 5876 τὸν
2563 5820 2727 5890 φόϐον
2752 5820 2860 5872 τῶν
2908 5817 3218 5885 ἐπιτιμίων,
3243 5818 3303 5871 τὸ
3336 5818 3391 5870 δὲ
3421 5815 3508 5871 διὰ
3543 5816 3642 5888 τὴν
3670 5815 3769 5883 τῆς
3811 5814 3909 5878 σῆς
3935 5814 4023 5869 ἑν·-
