4184 6440
192 406 329 479 ιοοι

1213 405 1641 468 TACTICA.—
1679 403 2193 465 CONSTITUTIO
2235 403 2395 464 XIX.

3314 400 3450 469 1002

185 525 469 592 δοξότητος
518 519 862 591 παραίνεσιν,
904 518 1162 587 ἀνδρεῖοι,
1215 519 1310 569 καὶ
1378 515 1631 582 εὔτολμοι
1677 514 1769 582 γέ-

1897 513 2041 568 ionis
2097 511 2423 568 discrimine
2474 511 2726 567 cominus
2773 511 3033 569 alacriter
3079 525 3274 570 manus
3319 531 3452 572 con-

187 631 407 676 νωνται,
438 610 532 668 καὶ
569 614 627 664 ὲν
674 613 785 674 τοῖς
847 609 1098 680 μέλλουσι
1133 606 1448 675 πολεμικοῖς
1505 603 1765 667 κινδύνοις

189 708 252 759 ὲκ
294 705 477 775 χειρὸς
504 701 922 772 ἀγωνιζόμενοι.

261 796 362 866 λβ’.
395 793 514 863 Χρὴ
542 794 598 848 δέ
631 809 692 846 σε
726 791 924 863 μᾶλλον
964 792 1028 846 δι’
1073 791 1280 860 ὲῳόδων
1309 791 1408 861 μὲν
1457 789 1551 844 καὶ
1587 789 1762 844 ἄλλων

189 886 641 957 ἐπιτηδευμάτων
690 899 752 937 τε
782 885 875 938 καὶ⁸
923 883 1400 953 στρατηγημάτων
1458 882 1763 952 μεθοδεύειν

189 979 334 1033 κατά
362 978 471 1032 τῶν
501 975 794 1046 πολεμίων,
827 977 860 1045 ἢ
894 975 961 1030 δι’
985 975 1108 1027 ὅλου
1151 975 1243 1028 τοῦ
1282 975 1389 1028 ὑπὸ
1427 974 1486 1027 σὲ
1522 974 1771 1043 πλωΐμου

195 1073 417 1137 στόλου,
480 1071 512 1140 ἢ
561 1069 655 1123 διά
715 1069 916 1140 μέρους
973 1067 1162 1122 αὐτοῦ.
1215 1068 1305 1138 Μὴ
1370 1067 1549 1137 μέντοι
1607 1065 1775 1136 χωρὶς

192 1162 442 1232 ἀνάγκης
488 1158 728 1230 μεγάλης
773 1161 865 1212 ἐπὶ
893 1158 1058 1212 τοῦτο
1085 1159 1520 1226 κατεπειγούσης
1565 1160 1644 1220 εἰς
1679 1157 1774 1223 ὅθ’

197 1255 384 1324 μόσιον
408 1251 658 1322 πόλεμον
687 1252 915 1304 σεαυτὸν
953 1252 1321 1324 ἑπιρμπτειν.
1360 1251 1536 1306 Πολλά
1569 1250 1674 1320 γὰρ
1708 1250 1776 1304 τὰ

192 1345 299 1414 τῆς
330 1343 632 1415 λεγομένης
661 1342 832 1414 τύχης
853 1342 1177 1415 ἀντίρῤοπα,
1205 1341 1298 1396 καὶ
1314 1343 1379 1395 τὰ
1406 1341 1501 1396 τοῦ
1537 1341 1776 1412 πολέμου

197 1435 504 1506 παράδοξα.

261 1527 367 1598 λγ’.
407 1527 507 1581 Διά
545 1527 704 1582 τοῦτο
740 1530 848 1601 χρή
895 1546 953 1582 σε
992 1528 1077 1584 ἀεὶ
1117 1528 1652 1600 παραφυλάττεσθαι,
1685 1528 1780 1582 κο.)⁸

193 1623 269 1694 μὴ
299 1621 440 1690 πρὸς
462 1621 748 1692 δημοσίας,
782 1621 858 1684 ώς
889 1621 1128 1692 εἴρηται,
1170 1619 1508 1692 παρατάξεις
1537 1621 1780 1689 ἀποθραο

196 1711 495 1779 σύνεσθαι,
534 1712 772 1782 μάλιστα
831 1714 890 1766 ἑν
945 1713 1170 1777 πλοίοις.
1207 1714 1383 1766 Ὅπου
1438 1711 1781 1787 δεσμούντων

191 1805 461 1875 ἀλλήλους
509 1803 748 1872 ἄφυκτος
793 1805 824 1873 ἡ
876 1806 941 1858 ὲκ
963 1806 1146 1878 χειρὸς
1174 1803 1382 1874 γίνεται
1421 1805 1517 1858 καὶ⁵
1553 1803 1702 1873 βιαία
1744 1805 1776 1874 ἡ

1874 611 2080 658 serant.

1944 788 2035 844 δὲ.
2059 787 2494 844 incursionibus
2541 785 2775 856 aliisque
2809 785 3184 842 molitionibus
3216 790 3456 858 impera-
3496 819 3511 846 ε

1879 883 2040 938 toriis
2072 879 2359 938 adoricndi
2392 881 2571 950 potius
2597 881 2784 936 hostes
2823 889 2973 946 sunt,
3008 895 3171 951 quam
3197 883 3453 939 universa

1879 975 2071 1029 navali
2096 973 2298 1036 classe,
2334 973 2419 1028 vel
2449 973 2632 1042 aliqua
2676 971 2796 1042 ejus
2825 971 3028 1042 ingenti
3063 973 3224 1042 quasi
3251 984 3450 1037 turma,

1878 1065 1983 1120 nisi
2021 1066 2204 1135 aliqua
2230 1065 2415 1137 gravis
2450 1066 2752 1121 necessitas
2787 1064 2855 1119 ad
2892 1065 2994 1120 hoc
3021 1066 3334 1138 impulerit;
3361 1083 3458 1122 ne-

1878 1172 1985 1226 que
2007 1157 2151 1211 enim
2180 1168 2418 1225 apertam
2461 1156 2517 1210 in
2564 1154 2972 1212 dimicationem
3013 1157 3247 1227 teipsum
3277 1159 3457 1226 conji-

1879 1246 2018 1300 cias.
2050 1243 2220 1298 Multa
2244 1246 2389 1300 enim
2435 1244 2672 1301 fortuna
2701 1254 2974 1301 linamenta
3018 1253 3166 1312 sunt,
3202 1255 3255 1302 et
3293 1264 3456 1303 casus

1881 1335 2029 1402 belli,
2062 1350 2162 1390 nec
2190 1336 2419 1407 opinati.

1954 1530 2044 1586 33.
2088 1529 2384 1602 Propterea
2414 1530 2606 1587 sedulo
2639 1531 2737 1588 abs
2767 1539 2819 1589 te
2840 1532 3144 1588 cavendum
3170 1540 3253 1590 cst
3284 1549 3372 1600 nc,
3392 1535 3459 1588 ad

1882 1623 2156 1692 publicam
2188 1624 2364 1678 aciem
2401 1624 2809 1710 ipstruendam,
2832 1625 3295 1695 quemadmodum
3324 1625 3460 1689 dixi,

1885 1713 2157 1770 incitaris.
2191 1712 2435 1770 Navibus
2468 1713 2614 1768 enim
2645 1713 2788 1770 inter
2822 1728 2881 1770 se
2903 1715 3127 1780 vinctis,
3166 1715 3463 1785 perdidici-

1885 1804 1954 1860 lis
1980 1811 2034 1860 et
2069 1803 2403 1860 inevitabilis
2434 1804 2682 1875 quaedam
2712 1804 2998 1875 prmliandi
3032 1806 3338 1860 necessitas
3370 1806 3468 1859 im-

198 1896 373 1966 μάχη,
407 1895 502 1949 καὶ
528 1895 630 1949 οὐκ
667 1895 782 1950 ἐστι
829 1896 1056 1950 δυνατὸν
1097 1897 1190 1950 τοῦ
1238 1896 1612 1968 συμφέροντος
1656 1897 1778 1948 ὲπιο

1892 1897 2130 1967 ponitur,
2159 1911 2358 1966 neque,
2400 1895 2548 1965 quod
2594 1895 2833 1950 maxime
2865 1912 2931 1950 ex
2973 1912 3074 1950 usu
3108 1904 3201 1950 tuo
3232 1896 3325 1960 sit,
3367 1911 3466 1966 po-

193 1987 484 2056 λήψεσθαι.
522 1988 631 2040 Καὶ
674 1986 849 2042 ταῦτα
880 1987 977 2059 μὲν
1021 1987 1409 2057 φυλάττεσθαι,
1454 1989 1502 2041 εἰ
1563 1987 1637 2057 μὴ
1669 1988 1776 2058 ἄρα

194 2079 423 2149 θαρρεῖς
448 2078 543 2132 καὶ
565 2077 642 2148 τῷ
664 2078 858 2148 πλήθει
876 2078 989 2133 τῶν
1005 2079 1320 2151 δρομώνων,
1347 2078 1440 2132 καὶ
1463 2080 1527 2148 τῇ
1557 2079 1776 2151 ἀνδρεία

193 2171 292 2223 καὶ
315 2168 494 2224 κλίσει
532 2170 627 2224 καὶ
652 2168 933 2241 προθυμίᾳ
962 2169 1071 2224 τῶν
1113 2168 1460 2241 στρατιωτῶν
1494 2168 1775 2239 καθυπέρ-

193 2278 356 2332 τερος
389 2257 532 2316 εἶναι
552 2263 663 2315 τῶν
693 2262 990 2332 πολεμίων.

267 2352 363 2407 λδ¹.
400 2351 536 2407 οὔτε
566 2353 676 2425 γὰρ
713 2353 918 2424 πλῆθος
957 2354 1178 2422 πλοίων,
1217 2356 1339 2409 οὔτε
1381 2354 1610 2425 μέγεθος
1643 2372 1776 2409 κατ-

192 2443 433 2516 ορθώσει
466 2446 727 2516 πόλεμον,
760 2447 808 2500 εί
843 2446 917 2518 μὴ
943 2447 1070 2511 τοὺς
1094 2449 1150 2501 ἐν
1197 2448 1378 2511 αὐτοῖς
1411 2447 1777 2519 πολεμοῦντας

187 2538 417 2607 ἔχουσιν
448 2537 720 2608 εὐψύχους
752 2541 846 2592 καὶ
878 2540 1194 2610 ρωμαλέους
1221 2541 1316 2595 καὶ
1350 2540 1665 2610 προθύμους
1699 2540 1779 2603 εἰς

194 2629 298 2699 τὴν
327 2629 470 2684 κατά
501 2629 612 2684 τῶν
649 2631 905 2684 ἑναντίων
939 2630 1274 2701 ἐγχείρησιν,
1308 2631 1406 2684 καὶ
1430 2629 1536 2701 πρό
1568 2646 1632 2697 γε
1658 2629 1779 2682 τούο

197 2737 311 2775 των
327 2723 376 2774 εί
410 2720 488 2792 μὴ
515 2721 615 2792 τὴν
646 2721 798 2775 θείαν
816 2722 1103 2792 εὐμένειαν
1128 2723 1220 2777 καὶ
1247 2723 1569 2793 συμμαχίαν
1595 2722 1780 2792 ἔχουσι

197 2811 290 2866 διά
315 2811 690 2885 καθαρότητος
723 2813 840 2884 βίου
868 2815 958 2867 καὶ
987 2813 1352 2887 δικαιοσύνης.
1392 2817 1532 2888 Πρός
1562 2833 1621 2867 τε
1657 2815 1782 2878 τοὺς

202 2905 560 2969 συντελεστὰς
585 2907 836 2978 καὶπρὸς
869 2908 997 2971 τοὺς
1026 2907 1340 2978 πολεμίους,
1363 2908 1415 2960 sf
1447 2907 1529 2970 τίς
1562 2908 1698 2972 ἐστι,
1717 2905 1782 2964 ,τὸ

205 2995 377 3066 μηδὲν
404 2996 621 3050 ἀνόσιον
648 2998 708 3051 ἰν
730 2998 843 3059 τοῖς
867 2997 1234 3067 αἰχμαλώτοις
1259 2995 1681 3069 διαπράττεσθαι
1706 2995 1781 3066 (8)

199 3087 235 3156 ἢ
273 3088 524 3158 αἰσχρὸν,
552 3088 585 3158 ἢ
618 3088 1057 3159 ἀφιλάνθρωπον.
1087 3089 1194 3152 Καὶ
1218 3089 1278 3142 τὸ
1311 3087 1384 3158 μὴ
1431 3087 1784 3158 ἀδικούμενον

206 3178 284 3249 μὴ
309 3178 537 3243 ἀδίκεῐν,
585 3181 713 3243 τοὺς
736 3180 794 3233 δε
825 3179 1146 3244 ἀδικοῦντας
1197 3181 1332 3251 μετά
1358 3181 1455 3243 τῆς
1477 3179 1570 3232 τοῦ
1599 3176 1780 3251 [Θεοῦ]

203 3269 461 3340 βοηθείας
497 3272 928 3342 ἀνταμύνεσθαι.

278 3359 377 3414 λε’.
419 3362 544 3414 Ἐὰν
561 3363 618 3416 δὲ
645 3364 862 3427 πάντως
888 3365 1201 3420 ἀπαιτεῖται
1231 3367 1328 3420 καὶ
1362 3365 1542 3436 μάχης
1569 3366 1780 3436 καιρὸς,

203 3452 483 3517 διατάξεις
539 3455 666 3516 τοὺς
714 3454 998 3526 δρόμωνας
1039 3457 1299 3521 ποικίλως
1354 3462 1448 3510 καὶ
1489 3457 1783 3528 διαφόρως,

206 3542 396 3606 καθὼς
427 3543 494 3598 ἂν
528 3543 556 3597 ὅ
579 3561 640 3597 τε
672 3545 863 3616 καιρὸς
891 3545 985 3600 καὶ
1010 3549 1038 3599 ὀ
1062 3547 1224 3610 τόπος
1257 3548 1653 3618 ἀπαιτῇ.⁶Ὢστε
1691 3547 1786 3601 εὰν

206 3635 422 3705 θαρρῇς
461 3634 870 3706 καθυπέρτερος
907 3632 1049 3691 εῖναι
1097 3638 1206 3690 τῶν
1249 3639 1544 3709 πολεμίων,
1579 3637 1655 3701 ὦς
1696 3655 1786 3708 μοι

208 3725 453 3798 εἴρηται,
493 3727 589 3780 καῖ
624 3727 711 3780 διὰ
745 3728 903 3781 τοῦτο
942 3728 1079 3797 πρὸς
1136 3729 1316 3800 μάχην
1365 3730 1679 3798 συμὸαλεῖν,
1711 3729 1787 3791 ώς

207 3817 449 3883 ἐλπίζων
486 3819 736 3889 αἱρήσειν
767 3821 987 3887 αὐτοὺς,
1016 3822 1090 3892 μὴ
1120 3823 1178 3873 ὲν
1201 3824 1267 3891 τῇ
1298 3821 1404 3893 ἰδίᾳ.
1431 3839 1525 3875 σου
1554 3824 1623 3891 γῇ
1651 3821 1787 3890 πλη-

213 3910 331 3962 σίον
362 3911 594 3982 ποιήσῃς
623 3911 722 3981 τὴν
759 3913 959 3982 μάχην,
1008 3913 1064 3964 ὲν
1179 3911 1485 3977 ἐλπίζουσιν
1534 3914 1584 3966 οἱ
1620 3931 1788 3983 στρα⁶

210 4001 425 4067 τιῶται,
467 4003 529 4054 τὺ
565 4002 629 4073 δὴ
661 4001 972 4073 λεγόμενον,
997 4003 1485 4068 καταξυλώσαντες
1521 4005 1784 4076 σωθῆναι.

220 4091 383 4145 ’Λλλά
415 4091 615 4161 μᾶλλον
644 4090 870 4162 πλησίον
889 4091 988 4162 τῆς
1018 4091 1128 4146 τῶν
1151 4093 1406 4147 ἐναντίων
1429 4093 1552 4162 γῆς.
1571 4092 1665 4146 ”Ι.ν’
1693 4093 1789 4146 αὑ-

207 4186 295 4236 τοὶ
321 4182 422 4252 τὴν
445 4181 719 4255 σωτηρίαν
743 4184 1062 4248 ἐλπίσαντες
1083 4187 1140 4239 ἐν
1169 4187 1234 4256 τῇ
1262 4185 1368 4254 ἰδία
1391 4187 1461 4255 γῇ
1489 4184 1585 4254 τὴν
1609 4183 1788 4254 φυγὴν

208 4276 365 4344 παρὰ
398 4276 525 4336 τοὺς
549 4274 769 4343 ἀγῶνας
808 4279 1278 4347 προτιμήσωνται.
1307 4274 1653 4346 Στρατιώτης
1679 4275 1789 4346 γὰρ

210 4365 294 4429 είς
321 4363 528 4418 δειλίαν
556 4366 616 4419 ιν
648 4365 863 4439 ἀνάγκῃ
899 4366 1138 4437 πολέμου
1168 4369 1516 4438 περιπίπτων
1551 4367 1652 4437 τὴν
1679 4383 1786 4419 σω-

208 4455 410 4525 τηρίαν
445 4456 534 4509 διά
565 4458 666 4525 τῆς
691 4454 873 4526 φυγῆς
921 4451 1154 4522 ὲλπίσει,
1188 4457 1282 4510 καὶ
1310 4457 1516 4527 ταχέως
1548 4457 1694 4528 ῥίψει
1722 4456 1791 4510 τὰ

1881 1987 2016 2043 teris
2043 1986 2280 2042 eﬂiccre.
2313 1984 2420 2040 Ista
2446 1985 2614 2055 igitur
2649 1984 2897 2040 cavenda
2928 1985 3222 2044 sunt.rnisi
3255 1985 3301 2040 si
3332 1985 3468 2040 lidzis

1883 2091 1998 2136 tum
2042 2079 2382 2135 multitudini
2437 2081 2770 2146 triremium,
2828 2089 2940 2134 tum
2995 2091 3308 2144 arinaturaa,
3353 2088 3467 2133 tum

1884 2172 2216 2240 fortitudini,
2250 2181 2364 2228 tum
2407 2173 2684 2228 alacritati
2719 2172 2981 2238 militum,
3011 2182 3070 2228 ut
3094 2173 3346 2228 hostibus
3376 2189 3468 2230 su-

1885 2265 2068 2336 perior
2100 2265 2198 2321 sis.

1953 2355 2042 2410 54.
2072 2354 2260 2426 Neque
2276 2355 2420 2413 enim
2455 2356 2675 2411 navium
2710 2354 3008 2412 multitudo
3028 2365 3123 2412 aut
3147 2357 3469 2427 magnitudo

1886 2444 2030 2500 bella
2063 2446 2310 2509 coniicit,
2349 2447 2455 2504 nisi
2486 2447 2699 2503 ‘milites
2738 2448 2978 2503 habeant
3026 2457 3308 2513 strenuos,
3358 2449 3469 2504 for-

1886 2543 1992 2602 tes,
2033 2544 2086 2590 et
2122 2537 2189 2590 ad
2239 2538 2429 2592 hostes
2477 2536 2821 2592 invadendos
2865 2539 3079 2594 alacres
3104 2579 3118 2604 ,
3159 2548 3253 2593 aut
3279 2579 3294 2601 ,
3321 2539 3471 2609 quod

1889 2626 2211 2688 maximum,
2243 2627 2348 2681 nisi
2377 2625 2624 2681 divinum
2658 2626 2974 2696 prmsidium
3011 2627 3472 2683 benevolentiam-

1887 2730 1995 2785 que
2027 2715 2301 2785 habeant,
2362 2725 2477 2772 tum
2524 2719 2786 2789 puritate,
2825 2727 2938 2774 tum
2975 2719 3290 2790 integritate
3347 2723 3472 2774 vitae

1890 2810 2276 2878 conciliatam;
2329 2821 2384 2867 et
2426 2827 2557 2882 erga
2605 2812 2912 2882 municipes
2961 2812 3155 2869 hostes
3200 2813 3495 2888 justitiam

1890 2902 2040 2957 colas
2074 2919 2087 2955 :
2119 2902 2254 2957 nihil
2287 2904 2541 2973 impium,
2580 2913 2673 2959 aut
2706 2913 2866 2974 turpe
2901 2905 2954 2970 in
2982 2907 3227 2975 captivos
3248 2906 3472 2965 illorum

1892 3001 2099 3062 patres,
2146 3001 2239 3047 aut
2271 2992 2605 3051 inhumanus
2643 2996 2758 3060 sis,
2795 3010 3034 3067 eumque
3059 3037 3073 3060 ,
3121 2997 3215 3067 qui
3264 2999 3471 3053 nullam

1891 3083 1988 3138 tibi
2022 3083 2282 3153 iniuriam
2317 3086 2524 3150 intulit,
2555 3101 2622 3141 ne
2666 3087 2854 3151 laedas,
2887 3087 2981 3156 qui
3019 3086 3223 3156 injuria
3259 3096 3308 3144 te
3333 3088 3468 3148 οσο-

1892 3175 2031 3231 cerit
2061 3190 2185 3230 eum
2217 3190 2340 3232 cum
2371 3174 2465 3234 Dei
2496 3178 2878 3234 benevolentia
2904 3179 3157 3249 repellas.

1961 3361 2052 3418 35.
2095 3361 2150 3417 Si
2187 3363 2413 3418 omnino
2445 3365 2615 3434 praelii
2657 3373 2874 3434 tempus
2915 3365 2970 3420 id
3004 3365 3394 3436 exigat,.varie
3417 3371 3471 3419 et

1893 3454 2112 3509 diverse
2139 3453 2394 3510 triremes
2425 3456 2666 3512 instrues
2695 3470 2796 3526 pro
2834 3463 3139 3527 temporum
3191 3456 3471 3510 locorum-

1894 3560 2000 3616 que
2030 3545 2260 3600 ratione.
2302 3543 2510 3616 Itaque,
2547 3547 2593 3602 si
2623 3547 2928 3603 confidiste
2957 3562 3081 3603 esse
3115 3547 3462 3617 superiorem

1895 3635 2172 3699 hostibus,
2201 3626 2663 3706 quemadmodum
2699 3638 2953 3709 praedixi,
2999 3647 3164 3708 atque
3199 3639 3320 3693 ideo
3346 3652 3473 3693 cum

1895 3727 2004 3780 illis
2044 3725 2524 3796 conﬂigere‘velis,
2567 3730 2728 3799 quasi
2774 3729 2828 3783 in
2876 3744 3028 3798 spem
3078 3730 3471 3799 capiendorum

1897 3814 2140 3878 hostium
2197 3816 2447 3880 veniens,
2492 3832 2560 3872 ne
2610 3818 2664 3872 in
2703 3827 2795 3872 tua
2846 3819 3021 3888 ipsius
3052 3829 3199 3874 terra
3227 3820 3473 3889 praelium

1897 3906 2234 3973 committas,
2260 3908 2313 3962 in
2348 3923 2456 3978 qua
2485 3917 2709 3978 sperant
2737 3910 2956 3976 milites,
2981 3911 3140 3980 juxta
3161 3921 3315 3966 vetus
3350 3927 3474 3982 prn-

1899 3998 2164 4063 verbium,
2220 4001 2268 4052 si
2318 4007 2529 4053 tantum
2575 4000 2763 4056 hastas
2814 4001 3057 4070 deligant
3106 4003 3339 4066 servari,
3379 4005 3476 4056 sed

1898 4099 2068 4156 prope
2119 4085 2374 4142 hostilem
2426 4097 2626 4142 terram
2663 4088 2868 4161 potius,
2920 4096 2979 4143 ut
3019 4089 3474 4146 hostessalutem

1898 4182 2205 4244 sperantes,
2243 4191 2342 4233 sua
2373 4177 2427 4232 in
2473 4185 2618 4233 terra
2657 4178 2840 4250 fugam
2883 4179 3226 4238 dimicationi
3257 4189 3476 4250 antepo-

1897 4271 2052 4318 nant.
2089 4265 2240 4321 bliles
2269 4268 2416 4322 enim
2454 4268 2505 4321 in
2540 4267 2889 4326 formidinem
2916 4270 3153 4340 aliquam
3193 4270 3313 4340 ipso
3342 4281 3478 4325 tem‘

1899 4373 2031 4428 pore
2063 4361 2239 4430 praelii
2274 4361 2547 4427 incidens,
2595 4369 2648 4417 et
2689 4362 2814 4432 fuga
2855 4378 2914 4418 se
2953 4364 3185 4418 salutem
3221 4363 3478 4433 quaesitu-

1897 4465 2016 4505 rum
2071 4459 2294 4522 putans,
2352 4454 2512 4511 facile
2564 4467 2716 4507 arma
2765 4453 2994 4524 abiicit,
3043 4453 3288 4522 nihilque
3337 4454 3478 4523 luga:

211 4541 375 4609 ὅπλα,
409 4543 506 4597 καὶ
525 4543 674 4597 οὐδὲν
714 4544 886 4615 αὐτῆς
915 4545 1332 4617 προτιμήσεται.
1378 4543 1576 4612 Ὀλίγοι
1605 4543 1712 4613 γὰρ
1740 4542 1783 4595 ο1

1901 4544 2202 4612 praeponit,
2252 4545 2413 4614 pauci
2469 4544 2612 4598 enim
2666 4551 2818 4608 sunt,
2864 4545 2981 4599 sive
3033 4543 3333 4608 Romanos,
3365 4545 3479 4598 sive

210 4635 270 4689 ἒν
302 4605 481 4705 καιρῷ
509 4605 879 4704 παρατάξεως-
895 4605 970 4687 τὸ⁸
989 4605 1281 4688 ἀποθανεῖν
1306 4633 1445 4704 ὑπὲρ
1466 4605 1560 4686 τοῦ
1591 4605 1783 4696 ἀδόξως

1902 4605 2446 4704 barbaros'spectes,
2481 4636 2575 4704 qui
2628 4605 2858 4690 mortem
2911 4634 3049 4704 fugae
3096 4605 3344 4704 ingloria:
3397 4645 3480 4690 at-

212 4726 410 4793 φυγεῖν
441 4725 848 4796 προκρίνοντες,
880 4725 988 4779 εἴτε
1035 4727 1092 4780 ἐν
1123 4729 1236 4790 τοῖς
1280 4725 1584 4798 Βαρϐάροις
1611 4729 1792 4798 εἴπῃς,

210 4815 323 4868 εἴτε
356 4815 415 4867 ἑν
438 4815 551 4878 τοῖς
608 4808 902 4886 Ρωμαῖοις.

285 4907 397 4971 λς’.
427 4907 540 4978 Πρὸ
568 4907 625 4960 δὲ
652 4907 753 4976 τῆς
781 4906 885 4960 τοῦ
910 4908 1148 4979 πολέμου
1172 4909 1385 4979 ἡμέρας
1434 4911 1538 4980 χρή
1584 4927 1643 4962 σε
1676 4909 1796 4980 βου-

214 4997 474 5052 λεύεσθαι
506 4999 644 5068 μετά
695 4999 804 5052 τῶν
835 4999 940 5053 ὑπὸ
964 4999 1023 5052 σὲ
1046 5001 1322 5071 ἀρχόντων
1368 5001 1419 5053 τί
1446 5001 1526 5054 δεῖ
1570 5000 1795 5071 πρᾶξαι,

218 5092 317 5145 καὶ
337 5093 478 5162 ὅπερ
501 5091 750 5163 ἀναφανῇ
776 5091 863 5145 διὰ
901 5093 999 5164 τῆς
1039 5095 1224 5163 κοινῆς
1248 5095 1473 5164 γνώμης
1505 5094 1795 5165 χρήσιμον,

217 5180 382 5235 τοῦτο
421 5183 738 5252 ποιχεῖσαι,
772 5184 867 5236 καὶ
906 5185 1273 5252 παραγγεῖλαι
1295 5185 1405 5247 τοῖς
1430 5185 1656 5257 ἄρχουσι
1689 5185 1800 5240 τῶν

216 5269 538 5342 δρομώνων,
594 5270 744 5325 ὥστε
783 5273 980 5337 αὐτοὺς
1031 5272 1168 5328 εἶναι
1227 5277 1476 5346 ἑτοίμους
1519 5276 1800 5329 ἐκτελέσαι

219 5361 291 5414 τά
347 5361 730 5431 βουλευθέντα,
787 5363 842 5415 εἴ
887 5380 950 5433 γε
997 5364 1106 5435 ἀρα
1149 5367 1223 5436 μὴ
1267 5367 1552 5436 ἀπαντήσῃ
1606 5366 1800 5437 γνώμη

219 5453 443 5509 ἐναντία
503 5455 568 5508 ὲκ
618 5455 720 5525 τῆς
761 5455 922 5524 φόϐου
991 5456 1089 5528 (θ)
1147 5457 1256 5511 τῶν
1304 5459 1611 5528 πολεμίων,
1662 5459 1798 5511 ἀλλὰ

219 5546 316 5599 καὶ
357 5544 480 5598 τότε
547 5545 798 5616 ἑτοίμους
864 5544 1001 5603 εἶναι
1075 5550 1280 5615 πάντας
1338 5553 1659 5625 ἀφορῶντας
1716 5555 1796 5616 εἰς

1899 4739 2007 4794 que
2036 4725 2361 4790 iuhoncstae,
2397 4731 2644 4796 tempore
2674 4726 2842 4795 praelii
2872 4734 3231 4797 anteponunt.

1971 4914 2059 4968 56.
2100 4915 2240 4969 Ante
2286 4913 2411 4968 belli
2460 4912 2603 4968 diem
2655 4912 2979 4968 deliberatio
3025 4913 3291 4982 quaedam
3354 4924 3477 4968 cuiu

1901 5005 2170 5075 praefectis
2228 5006 2496 5076 capienda
2554 5013 2656 5072 est,
2702 5004 2965 5086 quidnam
3021 5005 3332 5061 faciendum
3386 5009 3478 5071 sit,

1902 5107 1956 5153 et
1989 5099 2137 5167 quod
2171 5099 2450 5153 communi
2483 5099 2761 5153 sententia
2795 5097 3012 5152 videtur
3054 5112 3176 5153 esse
3216 5099 3481 5167 optimum

1903 5190 2033 5244 illud
2060 5190 2392 5253 constituas,
2430 5198 2483 5244 et
2516 5189 2791 5261 praefectis
2823 5190 3130 5245 triremium
3169 5189 3480 5254 mandabis,

1907 5291 1965 5336 ut
1993 5282 2060 5336 ad
2091 5283 2349 5352 imperata
2383 5281 2632 5338 facienda
2668 5281 2905 5352 prompti
2928 5283 3058 5337 sint.
3088 5281 3242 5347 Quod
3279 5283 3325 5336 si
3352 5297 3486 5336 cou-

1906 5373 2072 5426 traria
2105 5373 2288 5442 aliqua
2320 5375 2594 5426 sententia
2631 5389 2701 5428 ex
2763 5373 3000 5428 hostium
3051 5371 3370 5425 incursione
3398 5371 3482 5423 iu-

1908 5465 2223 5530 tcrvenet'it,
2258 5472 2370 5517 ttuu
2394 5479 2588 5519 omnes
2617 5465 2670 5518 in
2711 5473 2857 5518 tuam
2889 5462 3169 5517 triremem
3224 5463 3480 5518 intuean-

1911 5568 2032 5621 tur,
2077 5565 2131 5612 et
2182 5556 2353 5627 parati
2389 5558 2502 5612 sint
2541 5573 2606 5612 cx
2655 5571 2719 5611 eo
2754 5557 2971 5626 signum
3008 5556 3226 5626 aliqum]
3252 5569 3480 5623 capere,

1737 5725 1971 5781 NOTAE.

298 5809 377 5880 (8)
412 5813 898 5885 Διαπριίττεσθαι.
937 5817 1145 5888 Scribe,
1174 5818 1616 5873 διαπλάττεσθαι.

1980 5821 2054 5888 (θ)
2084 5820 2296 5874 ψόδου.
2327 5820 2540 5884 Scribe,
2574 5820 2784 5885 ἐφόδου.
