4184 6440
744 406 882 468 rem
1956 394 2231 455 LEONIS
2258 394 2303 455 P

2397 393 2682 455 LOSOPH
2697 397 2712 411 ’
3839 404 3985 472 1004

739 517 877 589 quid
919 520 1061 573 facto
1094 529 1231 586 opus
1256 514 1327 570 sit
1357 531 1370 568 :
1405 526 1515 583 quo
1549 511 1707 582 signo
1733 515 1988 575 ostenso,
2019 521 2214 564 omnes
2234 508 2299 564 ad

2403 510 2496 562 τὸν
2526 508 2619 561 σὺν
2646 508 2919 579 δρόμωνα,
2956 510 3096 565 ὥστε
3134 512 3193 576 εξ
3228 511 3397 567 αὐτοῦ
3437 513 3626 569 λαϐεῖν
3665 519 3891 587 σημεῖον
3930 519 3984 574 τί

742 610 875 666 illud
915 607 1242 679 explendum
1274 606 1419 678 quod
1456 605 1617 675 signo
1646 600 1956 665 ostenditur
1999 614 2057 657 se
2090 608 2303 670 parent.

2415 596 2464 650 εί
2493 595 2599 667 ἄρα
2634 598 2837 669 πρᾶξαι
2880 599 2979 664 δεῖ,
3015 603 3109 655 καὶ
3147 601 3337 655 τούτου
3364 602 3607 668 δοθέντος
3632 604 3799 672 ὀξέως
3826 611 3991 677 γενέ·

2415 684 2539 740 σθαι
2568 686 2629 741 τὸ
2664 688 2994 759 ὑποδειχθέν.

808 794 897 847 57.
932 791 1048 846 Prae
1080 790 1294 846 caeteris
1326 790 1604 852 omnibus,
1638 787 1914 844 triremem
1957 785 2159 841 habeas
2188 785 2303 840 exi-

2483 775 2583 841 λζ’.
2615 778 2841 843 Πάντως
2894 779 3001 850 γὰρ
3050 781 3132 835 δεῖ
3161 798 3242 848 σε,
3301 776 3347 837 ὦ
3397 788 3689 857 στρατηγδ,
3726 788 3985 859 δρόμωνα

736 885 933 951 miam,
956 896 1007 940 et
1036 885 1277 939 delectos
1308 883 1361 938 in
1397 898 1459 938 ea
1493 881 1718 945 milites,
1741 876 2135 952 magnitudine,
2167 886 2303 932 stre-

2413 867 2559 939 ἔχειν
2600 868 2693 924 τὸν
2724 870 2854 925 ῖδιον
2900 871 2961 937 εξ
2989 871 3226 936 ἅπαντος
3252 874 3347 928 τοῦ
3392 878 3626 947 στρατοῦ
3663 880 3985 945 ἰπιλέκτους

737 977 971 1039 unitate,
997 974 1366 1030 crassitudine
1396 974 1527 1027 aliis
1553 980 1937 1035 anteeuntem,
1968 977 2134 1039 atque
2166 968 2303 1025 adeo

2412 959 2607 1030 έχοντα
2639 961 2767 1024 τοὺς
2805 962 3161 1032 στρατιώτας,
3205 966 3449 1034 μεγέθει,
3480 968 3576 1021 καὶ
3611 969 3855 1041 ἀνδρείᾳ,
3884 973 3984 1025 καὶ

739 1067 1009 1121 universae
1048 1066 1182 1119 aciei
1205 1071 1367 1136 caput
1406 1083 1418 1119 :
1455 1064 1556 1119 tibi
1582 1070 1768 1119 tamen
1798 1063 2074 1119 triremem
2109 1059 2301 1126 (scias,

2410 1051 2607 1122 ἀρετῇ,
2640 1052 2734 1107 καὶ
2778 1054 2845 1124 τῇ
2892 1054 3026 1126 ann
3078 1056 3349 1129 πανοπλίᾳ
3394 1058 3703 1127 διέχονταρ
3755 1064 3854 1116 καὶ
3889 1063 3984 1116 τὸν

733 1156 951 1225 qualem
986 1158 1274 1228 πάμφυλον
1308 1155 1613 1210 nominant.

2407 1143 2664 1215 δρόμωνα
2690 1144 2746 1200 δὲ
2779 1145 3008 1216 μεγέθει
3039 1148 3134 1202 καὶ
3161 1149 3428 1220 ταχύτητι
3448 1152 3556 1204 τῶν
3582 1152 3760 1207 ἀλλων
3805 1156 3987 1209 ἀπάν-

732 1265 841 1302 των
867 1248 1211 1318 διαφέροντα,
1253 1248 1329 1309 ὡς
1367 1246 1463 1301 ἅτε
1498 1248 1743 1317 κεφαλήν
1768 1264 1889 1302 τινα
1918 1247 2019 1314 τῆς
2065 1240 2426 1313 παρατάξεως
2451 1235 2710 1307 ἀπάσης⁸
2777 1236 2872 1290 καὶ
2922 1238 3264 1310 καταστῆσαι
3309 1240 3399 1294 τὸν
3449 1241 3548 1312 τῆς
3604 1245 3702 1314 σῆς
3776 1228 3989 1311 ἔνδοξό-

731 1357 896 1409 τητος
949 1339 1186 1391 τοιοῦτον
1241 1337 1529 1408 δρόμωνα,
1576 1338 1637 1391 τὸ
1677 1337 1741 1408 δὴ
1792 1337 2083 1407 λεγόμενον
2146 1328 2462 1402 πάμφυλον.

801 1428 893 1482 38.
930 1425 1199 1481 Similiter
1225 1427 1420 1498 reliqui
1449 1426 1550 1481 sub
1578 1434 1631 1480 te
1666 1426 1906 1495 praefecti
1932 1467 1948 1493 ,
1986 1425 2303 1495 quicunque

2474 1413 2579 1487 λη’.
2623 1416 2857 1489 Ὀμοίως
2887 1416 2945 1472 δὲ
2982 1420 3075 1472 καὶ
3102 1422 3229 1485 τοὺς
3260 1422 3448 1486 ἀλλους
3473 1424 3577 1477 ὑπὸ
3604 1425 3665 1478 σε
3694 1426 3986 1497 ἀρχοντας.

731 1516 839 1575 sub
869 1532 929 1573 se
956 1516 1211 1573 triremes
1239 1516 1461 1583 habent,
1488 1516 1638 1572 viros
1674 1530 1738 1571 es
1770 1516 1877 1571 illis
1915 1516 2155 1585 optimos
2201 1513 2303 1570 eli-

2402 1505 2518 1558 ὅσοι
2545 1504 2760 1576 ἔχουσιν
2804 1506 2897 1560 ὑπ’
2937 1508 3137 1573 αὐτούς
3180 1527 3328 1576 τινας
3370 1512 3673 1584 δρόμωνας,
3705 1514 3768 1581 εξ
3805 1517 3985 1571 αὐτῶν

732 1616 888 1678 gant,
936 1617 989 1661 et
1020 1607 1072 1661 in
1106 1607 1224 1661 suis
1259 1620 1444 1661 secum
1480 1607 1798 1662 triremibus
1840 1607 2117 1672 habeant,
2159 1613 2219 1659 ut
2251 1611 2303 1659 et

2401 1595 2755 1661 ἐπιλέξασθαι
2788 1596 3010 1669 ἄνδρας,
3036 1602 3129 1654 καὶ
3150 1600 3298 1671 ἔχειν
3323 1605 3382 1658 έν
3416 1606 3530 1669 τοῖς
3558 1606 3805 1671 οίκείοις,
3841 1608 3986 1662 ὥστε

730 1696 806 1752 illi
840 1696 1053 1752 casteria
1085 1704 1367 1767 praestent.
1404 1698 1500 1754 isti
1529 1713 1723 1754 omnes
1742 1714 1804 1753 ac
1825 1699 2021 1768 reliqui
2046 1706 2303 1768 prasterea

2403 1686 2493 1739 xui.
2540 1687 2739 1751 αὐτοὺς
2794 1689 3074 1760 διαφέρειν
3116 1691 3225 1744 τῶν
3276 1692 3473 1749 ἄλλων.
3504 1696 3617 1749 Καὶ
3647 1696 3877 1763 τούτους
3929 1700 3987 1754 δὲ

730 1789 788 1843 in
823 1797 971 1842 tuam
1014 1788 1341 1844 intueantur
1388 1790 1690 1855 triremem,
1719 1798 1773 1845 ct
1807 1789 1877 1845 ab
1905 1806 1967 1844 ea
2004 1789 2129 1843 belli
2171 1798 2307 1843 tem-

2405 1776 2633 1843 πάντας,
2677 1778 2773 1831 καὶ
2801 1780 2928 1843 τοὺς
2972 1779 3193 1845 λοιποὺς
3226 1782 3361 1853 πρὸς
3404 1785 3495 1837 τὸν
3526 1786 3617 1840 σὸν
3646 1787 3989 1842 ἀποϐλέπειν

729 1892 866 1944 pore
896 1886 1175 1947 regantur,
1201 1877 1310 1932 nisi
1346 1875 1477 1947 quid
1508 1876 1653 1931 aliud
1697 1877 1904 1932 interea
1937 1876 2120 1941 cadat,
2156 1875 2303 1947 quod

2406 1869 2681 1940 δρόμωνα,
2714 1870 2809 1925 καὶ
2840 1872 2975 1944 παρ’
2999 1873 3166 1928 αὑτοῦ
3204 1874 3563 1946 ῥυθμίζεσθαι
3596 1879 3741 1933 κατά
3768 1880 3867 1934 τὸν
3890 1881 3987 1935 τοῦ

731 1964 837 2020 alia
875 1966 962 2020 via
994 1966 1059 2020 ad
1085 1966 1488 2024 conﬁciendum
1526 1975 1705 2038 egeat.

797 2239 886 2294 39.
923 2238 1149 2309 Signum
1187 2240 1409 2309 aliquod
1450 2241 1504 2294 in
1551 2251 1643 2296 tua
1678 2241 1911 2306 triremi,
1953 2241 2066 2296 sive
2109 2240 2305 2296 tiamne

726 2331 865 2397 ium,
908 2333 1023 2387 sive
1072 2331 1215 2386 aliud
1248 2332 1529 2401 quidpiam
1562 2334 1709 2389 celso
1737 2333 1925 2403 aliquo
1958 2333 2012 2388 in
2056 2333 2176 2388 loco
2207 2333 2300 2397 sit,

2407 1957 2649 2029 πολέμου
2677 1962 2886 2032 καιρὸν,
2918 1963 2967 2015 εί
3023 1963 3098 2034 μή
3133 1980 3196 2032 γε
3231 1965 3338 2035 ἄρα
3360 1964 3546 2037 ἔτερόν
3586 1984 3638 2021 τι
3680 1969 3988 2041 παράδοξον

2404 2050 2515 2103 τῶν
2561 2049 3002 2123 βεϐουλευμένων
3045 2054 3316 2126 ἀναφανῇ,
3364 2057 3460 2111 καὶ
3505 2056 3695 2128 δέηται
3753 2060 3985 2131 μεθόδου

2407 2142 2620 2198 ἑτέρας.

2476 2160 2493 2197 ε
2534 2160 2567 2197 α
2607 2184 2620 2198 .

2476 2160 2600 2288 λῐθέ
2615 2231 2769 2289 Εἶναι
2817 2236 2873 2290 δὲ
2921 2238 3146 2309 σημεῖον
3203 2237 3488 2310 ἱστάμενον
3536 2243 3593 2297 ιν
3637 2242 3716 2314 τῷ
3750 2243 3833 2315 σῷ
3859 2243 3985 2314 δρό-

2408 2343 2565 2396 μωνι.
2594 2326 2706 2380 εἴτε
2735 2326 2945 2397 βάνδον,
2994 2330 3105 2382 εῖτε
3149 2329 3477 2401 φλάμουλον,
3509 2332 3621 2385 εττε
3678 2348 3733 2386 τι
3762 2334 3980 2404 ῑτερον,

727 2426 790 2473 ιιι
823 2427 881 2472 tu
912 2433 976 2473 eo
1014 2419 1325 2490 signiﬁcare
1354 2421 1553 2489 possis,
1580 2421 1710 2492 quid
1744 2422 1888 2477 facto
1912 2438 2053 2493 Opus
2088 2422 2161 2476 sit
2192 2438 2206 2474 :
2241 2435 2303 2476 ac

2404 2418 2484 2480 είς
2506 2417 2671 2471 τόπον
2710 2420 3024 2489 περίοπτον,
3065 2420 3150 2473 ἵνα
3176 2421 3243 2474 δι’
3277 2420 3442 2476 αὐτοῦ
3481 2423 3844 2493 σημαίνοντός
3885 2442 3984 2479 σου

726 2510 913 2566 caeteri
943 2510 1048 2565 hoc
1090 2526 1119 2565 a
1148 2521 1201 2566 te
1230 2514 1572 2583 propositum
1626 2515 1907 2585 negotium
1954 2515 2302 2583 suscipiant,

728 2603 848 2657 sive
875 2603 1275 2671 conﬂigendum
1308 2604 1363 2658 in
1407 2603 1551 2659 bello
1600 2606 1693 2669 sit,
1741 2606 1855 2661 sive
1884 2620 1911 2659 a
1955 2605 2095 2661 bello
2126 2603 2305 2659 disce-

727 2692 988 2757 dendum,
1018 2694 1134 2748 sive
1162 2695 1218 2747 in
1242 2694 1619 2750 circuitionem
1647 2696 1883 2751 hostium
1919 2696 2301 2760 evolvendum,

726 2785 847 2841 sive
897 2786 964 2841 ad
1007 2786 1220 2842 salicta:
1270 2787 1445 2856 partis
1510 2787 1823 2856 praesidium
1880 2787 2301 2853 accurrendum,

728 2877 848 2933 sive
884 2891 1107 2933 cursum
1142 2876 1381 2937 tardare.
1407 2878 1525 2932 sive
1568 2876 1633 2931 ad
1670 2878 2001 2934 celeritatem
2051 2878 2300 2941 incitare,

2401 2507 2455 2561 τί
2475 2507 2553 2561 δεῖ
2575 2510 2855 2578 πράττειν,
2893 2509 3096 2575 εὐθέως
3137 2511 3619 2582 ἐπιλαμϐάνωνται
3651 2512 3748 2567 τοῦ
3787 2514 3984 2580 δόξαν·

2402 2616 2494 2664 τος
2548 2600 2709 2674 ἔργου
2752 2601 2802 2653 οί
2844 2601 3041 2668 λοιποὶ,
3098 2603 3209 2657 είτε
3258 2604 3588 2673 συμϐάλλειν
3622 2607 3701 2669 είς
3741 2605 3987 2677 πόλεμον

2409 2692 2538 2763 χρὴ,
2571 2692 2682 2746 εἴτε
2720 2692 3022 2765 ἀναχωρεῖν
3068 2693 3177 2748 ἀπὸ
3228 2696 3491 2766 πολέμου,
3520 2698 3631 2751 είτε
3682 2697 3985 2765 ἀξελίσσειν

2403 2783 2483 2847 είς
2512 2781 2786 2838 κύκλωσιν
2820 2786 2962 2839 κατὰ
3007 2785 3117 2839 τῶν
3141 2787 3436 2858 πολεμίων,
3464 2788 3573 2842 εῖτε
3618 2790 3697 2851 είς
3724 2788 3985 2860 βοήθειαν

2403 2875 2881 2944 καταπονουμένου
2940 2875 3141 2947 μέρους
3185 2876 3531 2948 συνδραμεῖν,
3571 2877 3683 2931 είτε
3733 2880 3986 2950 ἀργῆσαι

725 2968 844 3023 sive
888 2968 1105 3023 insidiae
1162 2968 1440 3034 faciendae,
1484 2968 1598 3025 sive
1638 2984 1700 3023 ex
1752 2968 1970 3023 insidiis
2023 2967 2303 3025 adoriendi

2400 2964 2501 3035 τὴν
2542 2963 2784 3029 έλασίαν,
2817 2964 2925 3020 είτε
2970 2966 3246 3022 ἐπιδοῦναι
3280 2968 3360 3031 είς
3388 2967 3553 3038 τάχος
3595 2968 3697 3039 τὴν
3738 2970 3984 3041 κίνησιν,

726 3058 858 3120 sint,
897 3059 1010 3112 sive
1046 3073 1167 3129 qua:
1196 3058 1302 3112 alia
1326 3059 1481 3129 signa
1511 3074 1541 3113 e
1568 3058 1778 3114 triremi
1813 3067 1901 3112 tua
1930 3058 2299 3128 proﬁciscun-

725 3158 839 3215 tur,
900 3151 1090 3204 omnia.
1144 3164 1206 3205 ea
1254 3150 1532 3206 intuentes
1576 3150 1628 3205 in
1672 3159 1823 3205 tuam
1884 3150 2159 3204 triremem
2205 3164 2301 3204 ex-

726 3242 935 3310 pleant.

798 3424 889 3480 40.
922 3422 1110 3495 Neque
1134 3426 1277 3481 enim
1310 3441 1375 3481 eo
1401 3434 1648 3496 tempore
1676 3425 1763 3481 vei
1790 3440 1923 3482 voce
1955 3428 2041 3482 vel
2063 3428 2295 3484 buccina

725 3518 1027 3588 precipere
1083 3517 1263 3587 possis
1328 3533 1449 3589 quas
1509 3517 1652 3573 facto
1720 3534 1861 3589 opus
1918 3528 2047 3575 sunt
2099 3534 2116 3574 :
2170 3521 2298 3590 quia

725 3623 961 3677 magnus
1005 3609 1311 3674 tumultus,
1370 3610 1645 3679 marisque
1696 3609 1920 3680 fragor,
1975 3611 2298 3682 caeterisque

728 3698 1020 3767 strepitus,
1052 3708 1107 3752 et
1137 3701 1441 3753 triremium
1485 3714 1812 3764 concursus,
1849 3707 2014 3770 atque
2040 3701 2299 3759 commis-

727 3786 833 3849 sio,
867 3794 920 3841 et
953 3786 1100 3854 quod
1132 3786 1455 3855 maximum,
1486 3788 1694 3843 clamor
1722 3788 2003 3843 hominum
2041 3789 2296 3860 pratlian-

725 3877 886 3940 tium,
915 3877 1007 3929 illa
1042 3886 1102 3931 ut
1133 3877 1497 3933 exaudiantur
1528 3878 1806 3950 impediet.

797 3966 890 4021 Η.
929 3965 1159 4037 Signum
1212 3974 1391 4020 autem
1447 3969 1874 4035 monstrabitur,
1932 3968 1977 4024 si
2030 3968 2295 4024 directum

725 4068 855 4123 stet,
883 4058 968 4114 vel
1001 4057 1067 4111 ad
1107 4056 1355 4112 dextram
1383 4058 1682 4114 autlzevam
1702 4060 2017 4124 inclinetur,
2050 4068 2143 4114 aut
2173 4076 2299 4131 per-

718 4163 888 4221 petuo
930 4150 1173 4220 agitetur
1220 4154 1317 4202 aut
1355 4148 1617 4219 elevet-ur,
1658 4159 1752 4205 aut
1797 4147 2171 4221 deprimatur,
2205 4159 2299 4205 aut

723 4243 950 4296 omnino
1006 4239 1346 4304 detrahetur,
1388 4249 1484 4295 aut
1534 4250 1938 4306 commutetur,
1981 4249 2079 4296 aut
2135 4251 2299 4313 caput

723 4341 1027 4403 vertexque
1069 4332 1212 4403 ejus,
1251 4341 1312 4386 ut
1355 4332 1630 4388 diversum
1680 4332 1953 4401 videatur,
1991 4333 2073 4388 vel
2106 4333 2298 4405 ﬁguris

724 4425 1043 4487 coloribus,
1084 4432 1141 4478 ut
1173 4425 1303 4480 olim
1341 4423 1457 4479 tieri
1500 4425 1733 4490 solebat,
1764 4427 2108 4481 immutetur.
2158 4423 2294 4479 Nam

2400 3054 2513 3108 εῐτε
2542 3055 2837 3129 έγκρυμμα
2856 3057 2973 3111 δέον
2994 3057 3267 3128 γενίσθαι,
3304 3058 3417 3113 είτε
3454 3058 3561 3113 ἀπὺ
3588 3060 3985 3130 ίγκρύμματος

2400 3146 2658 3215 ὲξελθεῖν,
2690 3148 2717 3217 ἢ
2755 3147 2890 3204 ἀλλα
2914 3150 3035 3204 τινὰ
3066 3149 3189 3203 καθ’
3224 3149 3430 3203 ικαστα
3462 3150 3571 3203 ἀπὸ
3611 3149 3859 3221 σημείων
3883 3148 3982 3204 τοῦ

2324 3232 2367 3291 C
2404 3236 2499 3289 σοῦ
2530 3236 2807 3307 δρόμωνος
2834 3240 3053 3295 ἅπαντα
3081 3238 3439 3311 ὑποδέχεσθαι
3472 3239 3793 3311 ἀφορῶντας
3830 3242 3983 3305 ὅπως

2399 3326 2517 3380 δέον
2551 3331 2749 3385 ποιεῖν.

2475 3417 2549 3489 μ’.
2606 3420 2680 3473 Οὐ
2734 3420 2844 3491 γὰρ
2887 3420 3111 3477 δύναταί
3146 3438 3233 3485 τις
3274 3422 3333 3476 έν
3375 3421 3605 3493 τοιούτῳ
3642 3419 3824 3493 καιρῷ
3870 3419 3985 3475 ἀπὺ

2400 3509 2585 3579 φωνῆς
2625 3509 2659 3579 ἢ
2691 3509 2939 3580 βουκίνου
2995 3512 3396 3582 παραγγέλλειν
3437 3514 3508 3569 τά
3556 3514 3765 3581 δέοντα,
3806 3513 3895 3569 διά
3920 3531 3984 3569 τε

2399 3595 2491 3651 τδν
2532 3596 2715 3669 θροῦν,
2766 3601 2854 3653 καὶ
2886 3600 2975 3654 τὸν
3002 3602 3263 3672 τάραχον,
3298 3603 3393 3657 καὶ
3438 3603 3529 3657 τδν
3572 3603 3669 3675 τῆς
3701 3603 3986 3675 θαλάσσης

2401 3681 2559 3759 ἦχον,
2585 3690 2680 3744 καὶ
2703 3689 2798 3743 τὸν
2829 3691 2987 3746 ἀλλον
3020 3692 3227 3747 κτύπον
3252 3693 3353 3764 τῆς
3373 3711 3434 3747 τε
3477 3694 3857 3766 συγκρούσεως
3888 3695 3986 3748 καὶ

2400 3780 2756 3850 κωπηλασίας
2790 3780 2901 3836 τῶν
2931 3782 3246 3855 δρομώνων,
3278 3785 3371 3838 καὶ
3415 3784 3597 3855 πολλῷ
3635 3785 3840 3857 μᾶλλον
3881 3787 3984 3859 τῆς

2402 3868 2532 3939 βοῆς
2560 3869 2669 3924 τῶν
2692 3872 3091 3943 πολεμούντων.

2472 3960 2584 4030 μα’.
2621 3962 2694 4014 Τδ
2740 3962 2795 4016 δὲ
2828 3965 3055 4033 σημεῖον
3096 3967 3537 4038 ὐποσημαινέτω,
3572 3966 3606 4039 ἢ
3639 3967 3799 4039 ὀρθὸν
3832 3970 3984 4023 ίστά-

2402 4065 2584 4119 μενον,
2618 4051 2651 4121 ῆ
2684 4051 2772 4105 ἐπὶ
2802 4052 2972 4117 δεξιὰ,
3007 4053 3039 4125 ἢ
3094 4055 3187 4108 ἐπὶ
3214 4054 3482 4127 ἀριστερά
3529 4057 3849 4129 κλινόμενον
3881 4059 3982 4114 καὶ

2400 4142 2495 4195 ἐπὶ
2550 4142 2696 4207 δεξιὰ
2749 4144 2909 4198 πάλιν
2961 4144 2993 4215 ἢ
3025 4144 3115 4200 ἐπ’
3144 4147 3409 4219 ἀριστερά
3443 4150 3913 4221 μεταφερόμενον,
3942 4152 3978 4221 ἢ

2397 4236 2807 4307 τινασσόμενον,
2866 4236 2899 4308 ἢ
2948 4236 3288 4309 ὑψούμενον,
3342 4238 3377 4311 ἢ
3427 4241 3891 4312 ταπεινούμενον,
3942 4245 3978 4314 η

2398 4326 2536 4391 ὅλως
2566 4328 2991 4399 ἀφαιρούμενον,
3027 4329 3061 4401 ἢ
3108 4330 3553 4402 μετατιθέμενον,
3589 4332 3625 4403 ῆ
3664 4331 3754 4386 διὰ
3788 4332 3892 4403 τῆς
3921 4334 3981 4387 ἓν

2398 4416 2547 4488 αὐτῷ
2609 4416 2847 4486 κεφαλῆς
2910 4416 3094 4471 ἄλλοτε
3128 4418 3303 4483 άλλως
3339 4418 3670 4491 φαινομένης
3710 4420 3981 4476 ἀλλασσό-

722 4516 852 4570 belli
891 4523 1135 4585 tempore
1179 4513 1506 4585 conﬂigendi
1545 4515 1760 4586 signum
1808 4514 2101 4579 habebant,
2150 4514 2295 4586 quod

2404 4524 2585 4576 μενον,
2610 4506 2642 4576 ἢ
2667 4508 2753 4561 διὰ
2782 4508 3095 4578 σχημάτων.
3128 4508 3162 4579 ἢ
3213 4509 3303 4563 διά
3336 4510 3671 4581 χρωμάτων,
3701 4506 3816 4565 οἷόν
3846 4528 3987 4566 ποτε

724 4603 999 4672 φοινικίδα
1055 4602 1421 4673 appellabant.
1475 4603 1607 4658 Erat
1659 4614 1837 4659 autem
1894 4605 2292 4673 camelaucion,

723 4695 882 4749 hasta
929 4694 1178 4762 longiore
1220 4690 1511 4753 elcvatum,
1545 4694 1715 4749 rubro
1740 4694 1945 4758 colore,
1982 4702 2146 4765 atque
2184 4695 2291 4749 alia

720 4786 969 4855 quaedam
1000 4782 1334 4852 hujusmodi.
1378 4780 1483 4837 Sed
1508 4784 1679 4839 tutius
1703 4784 1953 4841 fortassis
1982 4799 2083 4840 sua
2116 4785 2290 4855 ipsius

719 4890 884 4930 manu
919 4875 1033 4929 haec
1061 4875 1217 4945 signa
1248 4873 1795 4929 demonstrabuntur.

2400 4602 2512 4663 τοῖς
2536 4598 2782 4662 παλαιοῖς
2834 4600 3155 4671 ἐπράττετο.
3204 4600 3291 4653 Ἐν
3343 4601 3453 4672 γάρ
3502 4602 3741 4672 πολέμου
3798 4602 3983 4679 καιρῷ

2402 4691 2627 4760 σημεῖον
2653 4684 2799 4761 εῖχον
2836 4691 2937 4761 τῆς
2967 4690 3243 4762 συμϐολῆς
3273 4691 3519 4763 αίροντες
3546 4693 3645 4763 τὴν
3673 4692 3982 4765 λεγομένην

2400 4780 2689 4849 φοινικίδα.
2748 4776 2856 4835 Ἦν
2910 4782 2968 4836 δὶ
3015 4782 3076 4836 τὸ
3128 4783 3420 4853 λεγόμενον
3466 4783 3839 4855 καμελαύκιον
3884 4787 3983 4840 ἀπὶ

2402 4871 2687 4941 κονταρίου
2728 4871 3056 4944 ὑψούμενον,
3086 4874 3313 4946 ὶρυθρδν
3343 4875 3443 4947 την
3470 4876 3684 4947 χροιάν,
3716 4878 3813 4931 καὶ
3840 4877 3981 4933 ἀλλα

715 4969 837 5023 τινὰ
896 4967 1267 5040 ὁμοιοτρόπως
1336 4968 1787 5039 ὑποδεικνύμενα.
1853 4969 2279 5041 Ἀσφαλέστερον
2302 4966 2360 5021 δὲ
2392 4966 2532 5036 τάχα
2568 4964 2657 5019 διὰ
2695 4965 2795 5035 τῆς
2847 4965 3083 5020 σεαυτοῦ
3128 4967 3308 5039 χειρὸς
3364 4967 3437 5021 τά
3494 4970 3698 5039 σημεῖα
3757 4970 3980 5025 ὑποδει-

718 5061 1000 5131 χθήσεται.

790 5150 879 5205 42.
934 5150 1011 5204 Ita
1070 5150 1171 5204 tibi
1221 5150 1292 5205 sit
1351 5148 1693 5204 consuetudo
1753 5149 1946 5205 horum
2010 5151 2290 5221 signorum

715 5242 1036 5306 exercitata,
1077 5249 1136 5294 ut
1170 5256 1359 5297 omnes
1407 5241 1510 5296 sub
1558 5249 1611 5297 te
1658 5240 1923 5311 Praefecti,
1980 5242 2293 5312 quicunque

715 5330 1037 5385 triremibus
1071 5330 1308 5398 praefecti
1344 5342 1490 5396 sunt,
1541 5339 1745 5385 certam
1777 5331 1973 5386 horum
2006 5332 2287 5402 signorum

718 5421 997 5475 notionem
1031 5420 1289 5484 habeant,
1324 5430 1437 5475 tum
1470 5436 1578 5490 qua
1629 5420 1696 5475 de
1749 5436 1917 5475 causa
1959 5420 2050 5474 flat
2091 5436 2288 5475 unum-

2468 5142 2578 5214 μβ⁹.
2621 5143 2731 5196 Καὶ
2786 5142 2959 5206 οὕτως
2997 5142 3139 5199 ιστω
3174 5162 3257 5200 σοι
3306 5146 3343 5218 ἡ
3381 5144 3661 5219 ἐνέργεια,
3688 5141 3735 5203 ὦ
3772 5166 3980 5223 στρατ.

2393 5240 2514 5312 ηγδ,
2557 5238 2973 5293 τῶντοιούτων
3034 5240 3277 5311 σημείων
3330 5242 3783 5313 γεγυμνασμένη,
3831 5244 3980 5302 ὥστε

2391 5330 2600 5393 πάντας
2628 5330 2755 5392 τοὺς
2787 5329 2892 5382 ὑπὸ
2917 5331 2977 5382 σὲ
3004 5331 3298 5401 ἄρχοντας,
3320 5333 3435 5386 ὅσοι
3454 5332 3748 5404 δρομώνων
3775 5336 3978 5405 ἡγοῦν-

2390 5438 2501 5485 ται,
2537 5421 2681 5491 ἔχειν
2726 5422 2828 5491 τὴν
2886 5424 3083 5493 πεῖραν
3123 5422 3344 5494 ἀσφαλῆ
3376 5423 3487 5477 τῶν
3541 5426 3801 5481 τοιούτων
3837 5429 3974 5484 ὐπο-

713 5510 995 5581 quodque,
1046 5517 1099 5565 et
1141 5510 1362 5579 quando
1417 5511 1801 5581 quomodnquc
1850 5510 2177 5578 intelligant,
2230 5519 2288 5564 ut

2397 5512 2714 5582 Βειγμάτων,
2749 5514 2846 5568 καὶ
2897 5513 2988 5568 διὰ
3022 5514 3076 5566 τί
3116 5513 3324 5583 γίνεται
3374 5514 3639 5582 ἕκαστον,
3676 5518 3773 5571 καὶ
3817 5521 3977 5587 πότε,

715 5599 834 5656 istis
879 5599 1044 5655 rebus
1080 5598 1217 5656 bene
1264 5602 1569 5665 exercitati,
1626 5618 1761 5657 usus
1812 5601 1984 5671 ipsius
2039 5610 2284 5671 tempore

712 5691 887 5759 parati
921 5692 1031 5747 sint
1062 5692 1130 5747 ad
1172 5695 1550 5766 cognoscenda
1585 5705 1638 5752 et
1669 5695 1875 5767 agenda
1902 5711 1963 5750 ca
2010 5711 2129 5765 qua:
2165 5694 2285 5750 istis

711 5781 1125 5853 praecipiuntur.

2394 5605 2487 5659 καὶ
2532 5604 2671 5671 πῶς,
2714 5606 2809 5659 καὶ
2860 5607 2935 5677 μὴ
2971 5605 3425 5675 διασφάλλεσθαι’
3474 5607 3560 5661 ἵνα
3610 5611 3743 5680 περὶ
3797 5611 3977 5666 ταῦτα

2393 5699 2573 5761 καλῶς
2602 5700 3082 5769 ὲγγυμνασάμενοι
3112 5700 3171 5753 ὲν
3198 5699 3377 5771 καιρῷ
3408 5701 3596 5772 χρείας
3633 5702 3850 5773 ιτοιμοι
3877 5705 3973 5763 γέ-

2392 5804 2592 5841 νωνται
2629 5790 2759 5857 πρὸς
2819 5789 2879 5841 τὸ
2921 5789 3302 5857 διαγινώσκειν
3340 5792 3514 5861 αὐτὰ,
3554 5793 3648 5848 καὶ
3703 5795 3975 5867 πράττειν

2394 5877 2460 5932 τὰ
2488 5878 2555 5932 δι’
2586 5878 2765 5934 αὐτῶν
2795 5880 3145 5939 κελευόμενα.
