4200 6438
206 415 352 484 1005

1230 421 1566 482 'l‘ACTICA.
1596 445 1664 458 ο·-
1689 420 2198 485 CONS’I’ITUTIO
2235 424 2398 486 XIX.

3319 418 3466 490 1006

282 531 394 600 py’.
427 528 537 600 Τὴν
586 527 643 584 et
671 530 780 583 τῶν
809 527 1101 600 δρομώνων
1142 532 1446 599 παράταξιν
1487 533 1545 583 ιν
1602 530 1779 603 καιρῷ

1956 534 2046 589 45.
2079 533 2409 588 Triremium
2435 532 2856 588 instructionem
2877 531 3295 587 confiictationis
3320 541 3460 592 tem-

198 621 532 691 προσϐολῆς,
559 623 611 672 sl’
628 637 692 689 γε
721 619 854 690 ἄρα,
886 621 962 684 ώς
990 620 1228 690 εἴρηται,
1257 623 1490 692 τοσαύτη
1517 624 1781 692 πάρεστιν

197 711 438 782 ἀνάγκη,
466 712 498 780 ἢ
537 711 684 765 κατὰ
703 714 890 782 χεῖρας
910 710 1019 780 ,τὴν
1055 711 1209 781 νίκην
1237 711 1499 776 ἐλπίζεις,
1533 714 1782 783 ποιήσεις

200 804 388 867 καθὼς
420 805 485 858 ἂν
523 804 746 874 συνίδῃς
780 803 1041 875 ἁρμόδιον
1069 803 1148 874 τῷ
1175 805 1353 876 καιρῴ
1406 807 1499 857 καὶ
1527 805 1602 875 τῷ
1631 808 1784 876 τόπῳ

198 898 344 966 πρὸς
377 896 475 967 τὴν
512 897 621 950 τῶν
644 895 920 966 πολεμίων
953 897 1309 967 παρασκευὴν
1335 899 1428 952 καὶ
1454 899 1781 968 παράταξιν.

200 991 281 1042 Οὐ
309 988 418 1059 γὰρ
442 987 538 1043 νῦν
568 988 882 1056 ὲστιλέγειν
911 989 1168 1059 ἀσφαλῶς
1200 990 1329 1061 περὶ
1354 990 1464 1044 τῶν
1492 990 1613 1044 τότε
1655 992 1785 1061 μελ-

200 1079 409 1135 λόντων
441 1080 873 1152 ἀπαντήσεσθαι.

283 1263 388 1332 μδ’.
431 1264 569 1316 Ποτὲ
610 1263 710 1333 μὲν
741 1261 1036 1332 μηνοειδῶς
1088 1258 1200 1316 οἷον
1249 1265 1583 1334 ἡμικυκλίου
1609 1264 1783 1329 τάξιν,

202 1353 339 1414 τοὺς
373 1353 470 1422 μὲν
508 1352 704 1416 ἄλλους
732 1352 1016 1423 δρόμωνας
1049 1351 1204 1405 ἐνθεν
1245 1353 1522 1417 κάκεῖθεν,
1555 1349 1665 1407 οἷον
1696 1356 1787 1407 κέ-

207 1445 354 1513 ρατά
393 1461 514 1497 τινα
545 1444 577 1514 ἢ
612 1445 798 1514 χεῖρας
842 1444 935 1496 καὶ
974 1444 1210 1512 μάλιστα
1251 1445 1310 1497 ὲν
1355 1445 1432 1516 τῷ
1468 1446 1624 1516 ἄκρῳ
1659 1465 1790 1516 προ-

205 1537 447 1602 άγοντας
470 1538 602 1597 τοὺς.
623 1535 1034 1605 ἀλκιμωτέρους
1065 1535 1159 1588 καὶ
1199 1537 1475 1606 μείζονας.
1513 1539 1601 1591 Ἐν
1626 1538 1681 1590 δὲ
1713 1538 1792 1606 τῷ

207 1626 380 1693 κοίλῳ
420 1625 514 1677 τοῦ
567 1624 898 1693 ἡμικυκλίου
925 1623 1086 1676 οἱονεί
1129 1641 1250 1676 τινα
1305 1625 1548 1694 κεφαλὴν
1569 1625 1667 1694 τὴν
1693 1623 1791 1694 σὴν

205 1717 553 1787 ὲνδοξότητα,
569 1715 712 1770 ὥστε
726 1717 906 1768 πάντα
931 1717 1307 1784 περισκοπεῖν,
1339 1717 1432 1769 καὶ
1451 1715 1781 1780 διατάττειν,

207 1811 306 1864 καὶ
336 1811 579 1872 διοικεῖν,
611 1808 706 1862 καὶ
733 1809 785 1861 εῐ
815 1825 916 1860 που
946 1809 1027 1860 δεῖ
1053 1808 1148 1861 καὶ
1182 1808 1453 1880 βοηθείας,
1481 1809 1790 1878 ἐπικουρεῖν

1891 642 2044 694 pore,
2071 626 2117 680 si
2150 625 2371 694 quidem
2405 633 2556 679 tanta
2591 624 2736 678 adsit
2766 624 3089 679 necessitas-
3103 633 3165 677 ut
3203 637 3464 680 necessa-

1889 721 1973 771 rio
2027 732 2226 772 manus
2276 716 2630 772 conserendae
2674 715 2809 781 sint,
2853 726 2948 772 aut
2983 717 3030 772 si
3083 716 3383 772 victoriam.
3415 724 3468 771 te

1888 819 2337 879 comparaturum
2384 808 2720 877 speraveris,
2755 807 3215 877 quemadmodum
3259 808 3385 863 loco
3414 815 3470 863 et

1888 901 2121 969 tempori
2149 902 2405 954 idoneum
2425 899 2491 952 ad
2515 898 2760 956 hostium
2792 906 3118 969 apparatum
3146 898 3470 955 instructio-

1890 1007 2014 1046 nem
2050 991 2411 1054 indicaveris,
2444 990 2517 1044 ita
2543 991 2803 1048 instrues.
2824 989 3015 1060 Neque
3037 990 3183 1044 enim
3214 989 3321 1046 hoc
3344 991 3467 1045 loco

1889 1084 1998 1138 dict
2049 1089 2270 1151 potest,
2323 1079 2457 1152 quid
2523 1079 2796 1149 futurum,
2859 1089 2956 1136 aut
3019 1096 3123 1137 usu
3179 1089 3470 1136 venturum

1891 1174 1984 1230 sit.
2470 1156 2475 1162 ”

1957 1264 2051 1318 44.
2089 1263 2364 1317 Interdum
2408 1264 2554 1319 enim
2590 1264 2811 1319 lunahis
2855 1264 3087 1318 classem
3113 1301 3128 1328 ,
3163 1262 3217 1318 id
3250 1269 3370 1325 est,
3402 1265 3467 1317 ad

1891 1353 2230 1411 semicirculi
2297 1353 2530 1409 formam
2595 1359 2883 1418 instrues,
2959 1353 3083 1408 aliis
3142 1353 3469 1408 triremibus

1890 1446 2020 1499 hinc
2053 1451 2220 1514 atque
2259 1444 2411 1498 illine
2437 1446 2596 1513 quasi
2636 1445 2901 1500 cornibus
2942 1453 3037 1499 aut
3067 1444 3322 1499 manibus
3357 1443 3470 1498 col-

1892 1535 2131 1590 locatis:
2172 1542 2228 1589 et
2276 1535 2331 1588 in
2379 1549 2596 1590 summa
2648 1534 2827 1589 fronte
2863 1534 3214 1603 potissimum
3258 1533 3468 1588 strenui

1891 1633 2059 1692 atque
2097 1625 2311 1678 alacres
2345 1624 2782 1679 constituantur.
2824 1621 2881 1677 In
2917 1622 3092 1692 ipsius
3137 1620 3490 1677 semicirculi.

1891 1717 2100 1770 ambitu
2149 1715 2311 1786 quasi
2370 1723 2536 1784 caput
2589 1713 2833 1784 dignitas
2888 1724 2981 1768 tua
3037 1713 3351 1779 consistat,
3412 1724 3473 1769 ut

1891 1813 2077 1868 omnia
2108 1812 2415 1883 perlustres
2438 1851 2454 1876 ,
2487 1810 2728 1866 instruas
2753 1848 2768 1874 ,
2799 1817 2854 1863 et
2888 1808 3242 1864 administres
3262 1846 3278 1872 ,
3309 1818 3364 1863 et
3395 1810 3472 1865 si-

212 1902 334 1971 μεθ’
369 1885 470 1955 ὤν’
500 1903 568 1955 ἂν
603 1901 767 1971 βούλῃ
815 1901 907 1954 ὲπὶ
946 1899 1121 1971 τούτῳ
1155 1901 1576 1971 εὐκαιρούντων.
1616 1902 1690 1954 Τὸ
1728 1901 1787 1955 δὲ

1891 1905 2017 1960 cubi
2052 1904 2308 1974 praesidio
2331 1918 2471 1974 opus
2505 1911 2610 1967 est,
2640 1918 2707 1958 eo
2737 1901 2990 1972 praesidia
3031 1901 3218 1955 mittas
3246 1899 3314 1954 ad
3343 1901 3472 1952 suh~

214 1991 409 2063 σχῆμα
436 1993 497 2046 τὸ
541 1992 818 2061 μηνοειδὲς
856 1991 1114 2059 γινέσθω,
1154 1991 1294 2046 ὥστε
1322 1993 1446 2055 τοὺς
1483 1993 1788 2062 ἐμπίπτον-ο

213 2100 318 2146 τας
393 2084 683 2154 πολεμίους
756 2084 906 2148 ἐντὸς
969 2082 1354 2135 ἀποκλείεσθαι
1405 2083 1506 2153 τῆς
1576 2083 1789 2137 κυκλώ-

215 2191 383 2238 σεως.

289 2293 394 2358 με’.
432 2287 569 2342 Hoc!
625 2288 680 2361 δὲ
722 2287 1057 2359 παρατάξεις
1094 2290 1236 2341 κατὰ
1276 2289 1525 2358 μέτωπον
1583 2289 1670 2340 ἐπ’
1700 2288 1789 2340 εὑ-

211 2378 392 2444 θείας,
427 2377 568 2433 ὥστε
603 2379 789 2450 χρείας
834 2379 1106 2449 καλούσης
1129 2381 1448 2433 ἐπιπίπτειν
1480 2381 1591 2442 τοῖς
1633 2379 1789 2432 πολε-

211 2473 365 2542 μίοις
390 2474 534 2526 κατὰ
568 2475 817 2544 πρῶραν,
844 2475 938 2528 καὶ
963 2476 1051 2529 διὰ
1078 2474 1172 2528 τοῦ
1205 2476 1375 2545 πυρὸς
1399 2477 1508 2528 τῶν
1537 2473 1789 2542 σιφώνων

210 2565 547 2635 ἐμπυρίζειν
566 2569 665 2629 τὰς
687 2568 909 2620 ἐκείνων
942 2568 1093 2630 ναῦς.

288 2683 406 2744 pc“.
444 2677 582 2729 [Ιοτὶ
603 2679 772 2731 δὲκαὶ
808 2681 890 2742 εἱς
921 2679 1213 2750 διαφόρους
1241 2679 1564 2750 μερίζεσθαι
1609 2698 1784 2752 παρα-

209 2765 419 2832 τάξεις,
453 2767 572 2835 ἦτοι
617 2767 732 2832 δύο,
763 2768 796 2838 ἢ
838 2771 989 2839 τρεῖς
1025 2769 1169 2822 κατὰ
1220 2770 1318 2840 τὴν
1373 2772 1646 2841 ποσότητα
1681 2772 1791 2823 τῶν

211 2856 323 2910 ὕπὺ
351 2857 413 2910 σὲ
439 2857 751 2929 δρομώνων.
795 2860 908 2913 Καὶ
957 2860 1056 2929 τῆς
1088 2862 1218 2928 μιᾶς
1250 2862 1609 2932 παρατάξεως
1650 2879 1789 2930 συμ-

211 2949 510 3018 ϐαλούσης,
543 2953 578 3020 ἡ
613 2952 744 3019 άλλη
787 2953 1119 3004 είσπεσεῖται
1160 2952 1304 3004 κατὰ
1366 2952 1478 3004 τῶν
1517 2952 1791 3021 πολεμίων

209 3037 318 3106 ήδη
351 3039 836 3108 ἑμπεπλεγμένων,
871 3040 904 3110 ἢ
959 3040 1202 3105 ὄπισθεν,
1247 3040 1281 3110 ἢ
1340 3041 1482 3092 κατὰ
1522 3039 1786 3110 πλευρὰν,

213 3127 312 3180 καὶ
350 3127 440 3180 διὰ
480 3113 594 3199 ’τῆς
624 3130 876 3200 βοηθείας
903 3131 1000 3199 τῆς
1057 3130 1395 3201 ἐπελθούσης
1440 3132 1561 3184 κατ’
1612 3129 1789 3183 αὐτῶν

209 3219 525 3274 ἀπείπωσιν
552 3223 603 3274 οῖ
632 3221 879 3291 πολέμιοι
908 3219 1002 3273 τοῦ
1036 3220 1215 3274 τόνου.

287 3336 395 3405 με.
439 3333 574 3387 Ποτὲ
614 3334 669 3387 δὲ
719 3335 812 3386 καὶ
853 3333 917 3384 δι’
968 3332 1377 3402 ὲγκρύμματος.
1441 3330 1786 3383 ’Δποπλανω-

215 3430 398 3503 μένων
426 3429 536 3498 γὰρ
566 3428 676 3481 τῶν
705 3426 979 3496 πολεμίων
1011 3426 1106 3480 καὶ
1139 3425 1549 3494 ἐμπιπτόντων,
1580 3425 1654 3487 ib;
1679 3422 1787 3476 ὀλί-

210 3541 333 3592 γοις
381 3525 652 3590 ἀναφανὶν
705 3521 917 3590 ἀθρόως
947 3521 1010 3573 τὸ
1066 3519 1364 3589 ἐγκρυμμα
1415 3521 1512 3573 καὶ
1548 3519 1785 3588 θροῆσαν

212 3617 439 3678 αὐτοὺς,
481 3613 700 3668 ἑκλύσει
745 3614 838 3666 τὸν
872 3612 1025 3666 τόνον
1065 3611 1164 3681 τῆς
1209 3611 1531 3672 ὲνστάσεως.
1566 3610 1786 3662 Ἀλλοτε

210 3707 271 3760 δὲ
298 3707 368 3760 δι’
393 3705 646 3776 ἐλαφρῶν
678 3704 770 3757 καὶ
789 3703 1024 3773 ταχινῶν
1051 3701 1348 3773 δρομώνων
1374 3701 1787 3771 συμϐαλλόντων

211 3797 404 3860 αὐτοῖς
434 3798 530 3849 καὶ
561 3794 1047 3867 προσποιουμένων
1078 3796 1302 3863 φυγεῖν⁸
1336 3794 1606 3847 κάκείνων
1634 3795 1692 3846 ὲν
1717 3796 1784 3864 τῇ

207 3885 393 3950 διώξει
423 3885 798 3956 κοπουμένων,
835 3886 930 3937 καὶ
966 3884 1303 3954 βιαζομένων
1345 3886 1474 3954 μὲν,
1514 3885 1588 3955 μὴ
1616 3903 1783 3938 κατα-

208 3977 600 4048 λαμϐανόντων
646 3978 704 4031 δὲ
733 3977 861 4040 τοὺς
907 3977 1228 4045 φεύγοντας,
1275 3976 1308 4047 ἥ
1352 3978 1446 4030 καί
1503 3995 1664 4030 τινων
1689 3978 1787 4046 τῆς

213 4066 506 4138 συνεχείας
531 4068 697 4121 ἀποτε
708 4067 988 4138 μνομένων
1011 4067 1188 4138 ἕτεροί
1225 4084 1317 4121 σου
1351 4067 1627 4138 δρόμωνες
1655 4070 1785 4122 άκο-

211 4176 308 4212 ποι
337 4157 433 4211 καὶ
460 4159 906 4228 ἀναπεπαυμένοι
933 4160 1073 4211 κατὰ
1094 4158 1202 4212 τῶν
1228 4159 1590 4211 κατασκόπων
1613 4159 1787 4227 ὁρμή-

211 4267 408 4312 σαντες
441 4249 761 4320 αἱρήσουσιν
798 4248 1022 4311 αὐτούς’
1062 4250 1095 4321 ἦ
1127 4250 1175 4302 εί
1202 4250 1297 4303 καὶ
1341 4249 1408 4302 τὰ
1440 4249 1641 4302 δυνατὰ
1678 4250 1786 4303 τῶν

209 4341 425 4412 ἐχθρῶν
446 4342 606 4394 πλοῖα
635 4341 927 4411 παρελθεῖν
961 4341 1188 4410 ἰσχύσας
1219 4359 1300 4405 τις
1323 4343 1436 4405 τοῖς
1463 4341 1786 4395 ἀσθενεστέ-

217 4446 333 4498 ροις
355 4431 577 4502 ὶπιτεθῇ
596 4445 610 4461 ο
643 4431 773 4483 ποτὲ
799 4431 853 4483 δὲ
895 4429 1190 4499 συμϐαλών
1240 4433 1336 4484 καὶ
1359 4430 1558 4494 ἱκανῶς
1586 4433 1649 4484 ὲκ
1679 4449 1788 4501 χειν

216 4521 313 4592 ρδς
364 4522 680 4593 πολεμήσας
725 4525 843 4586 ταῖς
890 4523 1164 4585 ἐναντίαις
1208 4523 1368 4576 ναυσὶ
1397 4525 1562 4594 μέχρι
1612 4526 1788 4594 ἄκρας

1893 1999 2156 2054 levandos
2186 2013 2284 2056 eos
2312 1998 2534 2052 idonea.
2562 1999 2691 2050 Haec
2733 1997 2922 2050 lunata
2965 1994 3141 2049 forma
3180 1993 3248 2047 ad
3283 1992 3473 2049 hostes

1893 2089 2409 2147 circumcludendos
2442 2088 2795 2159 potissimum
2831 2087 2993 2142 valet.

1961 2296 2051 2350 45.
2093 2293 2375 2350 Interdum
2410 2293 2647 2346 frontem
2675 2290 2874 2346 classis
2901 2289 3168 2345 directam
3201 2288 3470 2354 instrues,

1891 2393 1952 2440 ut
1979 2386 2072 2440 ubi
2102 2400 2234 2441 usus
2266 2383 2408 2438 ferat
2438 2383 2494 2435 in
2541 2381 2785 2436 hostium
2826 2395 3021 2448 proras
3062 2379 3257 2440 irruat,
3298 2389 3352 2434 et
3391 2381 3471 2435 si-

1891 2475 2166 2547 phonibus
2229 2474 2411 2546 ignem
2491 2471 2844 2542 ejicicntibus
2896 2485 3060 2526 naves
3117 2468 3337 2526 illorum
3389 2470 3474 2525 in-

1890 2568 2110 2624 cendat.

1962 2682 2054 2735 46.
2097 2678 2378 2733 Interdum
2415 2679 2468 2732 in
2514 2679 2764 2732 diversas
2810 2675 3129 2732 tribuantur
3155 2675 3305 2729 acies
3333 2674 3474 2728 duas

1893 2779 1986 2824 aut
2008 2779 2141 2835 tres,
2178 2783 2276 2837 pro
2303 2783 2536 2823 numero
2579 2768 2884 2822 triremium
2921 2782 3043 2834 qua:
3078 2767 3133 2820 in
3162 2766 3342 2820 classe
3378 2773 3472 2818 tua

1891 2872 2021 2918 sunt
2067 2880 2084 2917 :
2147 2876 2386 2929 cumque
2431 2875 2540 2914 una
2586 2875 2710 2914 cum
2767 2859 3020 2913 hostibus
3083 2857 3470 2922 dimicaverit,

1891 2952 2062 3006 altera
2095 2953 2148 3004 in
2192 2952 2382 3005 hostes
2422 2951 2533 3019 jam
2571 2951 2793 3020 junctos
2836 2950 2952 3004 sive
2982 2948 3051 3003 ad
3083 2949 3249 3010 latus,
3297 2948 3413 3002 sive
3441 2961 3472 3000 ο

1878 3053 2044 3114 tergo
2071 3043 2277 3108 irruat;
2311 3041 2386 3095 ita
2419 3041 2527 3106 fiet,
2563 3049 2623 3094 ut
2654 3041 2768 3094 haec
2797 3040 3044 3094 subsidia
3077 3038 3144 3092 ad
3180 3037 3477 3093 defenden-

1890 3134 2014 3189 dam
2068 3132 2300 3202 primam
2341 3132 2513 3186 aciem
2569 3132 2763 3197 missa,
2816 3130 2885 3185 ab
2915 3129 3164 3185 hostibus
3214 3129 3473 3184 sustineri

1891 3231 2185 3294 nequeant.

1962 3337 2053 3389 47.
2091 3335 2372 3390 Interdum
2408 3334 2622 3389 insidia:
2644 3342 3001 3404 apparentur.
3035 3337 3173 3391 Cum
3195 3338 3345 3395 enim
3380 3354 3472 3393 va-

1892 3435 2092 3499 gantur
2123 3428 2331 3489 hostes,
2358 3435 2412 3480 et
2446 3427 2500 3479 in
2535 3436 2781 3490 nostros,
2821 3442 2963 3496 quos
2994 3444 3202 3498 paucos
3235 3446 3360 3486 esse
3393 3431 3473 3485 vi-

1892 3521 2045 3584 dent,
2076 3518 2360 3582 invadunt,
2395 3520 2580 3574 subito
2609 3519 2690 3574 ha:
2714 3519 3148 3578 intervenientes
3180 3523 3394 3580 insidia:
3420 3534 3475 3579 et

1895 3612 2135 3667 hostium
2172 3612 2404 3669 classem
2441 3612 2847 3681 perturbantes,
2873 3627 3037 3668 omne
3061 3615 3228 3668 robur
3255 3614 3472 3669 illorum

1893 3703 2275 3757 debilitabunt.
2310 3703 2585 3757 Interdum
2621 3717 2752 3757 vero
2779 3703 3048 3771 expeditis
3097 3713 3152 3760 et
3197 3706 3473 3762 celeribus

1892 3795 2207 3850 triremibus
2254 3788 2676 3864 confligentibus
2729 3803 2785 3848 et
2827 3794 3010 3865 fugam
3066 3802 3256 3864 postea
3297 3797 3472 3852 simu-

1894 3885 2154 3950 lantibus,
2187 3893 2242 3938 et
2275 3884 2525 3940 hostibus
2554 3886 2623 3938 ad
2655 3885 3055 3954 insequendum
3100 3887 3360 3942 omnibus
3387 3902 3475 3942 re-

1895 3978 2000 4033 mis
2042 3979 2464 4047 navigantibus,
2509 3990 2564 4034 ct
2613 3980 2991 4050 prementibus
3050 3997 3187 4050 pene
3235 3997 3471 4052 semper,

1894 4070 1988 4123 sed
2021 4086 2300 4139 nunquam
2333 4071 2821 4127 intervertentibus
2851 4087 2948 4127 eos
2980 4089 3122 4143 quos
3168 4075 3471 4143 insequun-

1895 4169 2006 4224 tur,
2049 4162 2167 4217 alize
2209 4171 2323 4216 tum
2379 4163 2631 4219 triremes
2664 4173 2914 4219 recentes
2951 4175 3004 4220 et
3043 4164 3269 4219 minime
3311 4173 3472 4219 antea

1894 4253 2224 4319 exercitam,
2256 4270 2352 4311 eos
2379 4264 2499 4311 tum
2533 4272 2635 4311 nec
2662 4257 2886 4326 opinato
2917 4256 3266 4320 adoriantur,
3303 4266 3473 4325 atque

1894 4345 2029 4398 adeo
2061 4345 2186 4400 illos
2212 4347 2431 4414 capiant
2458 4365 2472 4401 :
2508 4348 2591 4402 vel
2620 4348 2666 4402 si
2690 4349 2822 4417 quis
2851 4348 3240 4402 instructiores
3277 4347 3470 4402 fortio-

1894 4449 2095 4505 resque
2128 4435 2369 4490 hostium
2420 4452 2589 4493 naves
2621 4437 3045 4508 praetermittat,
3087 4437 3386 4497 debiliores
3415 4446 3502 4493 et.

1897 4525 2282 4595 imparatiores
2311 4526 2514 4596 capiat.
2555 4525 2833 4584 Interdum
2867 4527 3122 4582 cominus
3157 4536 3214 4581 et
3249 4541 3472 4583 conser-

211 4611 530 4680 κοπώσεως,
560 4613 899 4685 ἁποπλὴξεις
945 4615 1043 4682 μὲν
1074 4616 1200 4678 τοὺς
1239 4617 1544 4686 δρόμωνας,
1571 4615 1787 4686 ἐτέρους

1897 4618 1966 4674 tis
1995 4619 2247 4672 manibus
2269 4635 2391 4673 cum
2415 4619 2568 4673 hoste
2591 4620 2889 4688 confligens
2910 4621 3217 4690 usquedum
3236 4621 3470 4675 obscura

209 4702 270 4756 δὲ
311 4703 473 4756 πάλιν
508 4703 815 4772 ἑπαφήσεις
867 4705 981 4765 τοῖς
1013 4702 1295 4771 πολεμίοις
1324 4701 1632 4772 εὐρώστους
1679 4703 1787 4763 τοῖς

1891 4725 1997 4763 nox
2025 4716 2130 4774 cst,
2166 4709 2301 4764 alias
2328 4724 2359 4761 a
2387 4709 2576 4764 labore
2610 4725 2815 4765 vacuas
2847 4719 2903 4764 et
2941 4720 3189 4765 recentes
3217 4709 3472 4765 triremes

209 4795 620 4864 κεκοπωμένοις
683 4793 777 4846 καὶ
828 4793 1101 4846 ὲκλυθεῖσι
1159 4795 1248 4846 τὸν
1302 4793 1452 4846 τόνον
1513 4793 1623 4846 ἀπὸ
1688 4792 1787 4861 τῆς

1891 4814 2145 4858 strenuas
2170 4817 2234 4857 ac
2262 4803 2530 4858 robustas
2555 4804 2842 4868 immittes,
2867 4819 2989 4874 quae
3007 4805 3228 4858 illorum
3266 4803 3320 4856 in
3342 4819 3473 4872 pra:-

213 4887 586 4956 μάχη;,”καῖ
641 4884 813 4947 οὕτως
849 4885 946 4955 τὴν
1004 4884 1126 4939 κατ’
1178 4885 1358 4938 αὐτῶν
1407 4885 1562 4950 νίκην
1631 4902 1789 4953 περι-

211 4978 439 5047 ποιήσῃ,
496 4977 730 5046 μάλιστα
781 4977 874 5029 καὶ
930 4975 1088 5028 τοῦτο
1138 4975 1369 5042 γίνεται,
1419 4977 1548 5027 ὅταν
1597 4992 1789 5044 περιτ-

209 5068 381 5142 τεύῃς
439 5070 600 5132 αὐτὸς
647 5068 726 5139 τῷ
765 5067 959 5135 πλήθει
1020 5067 1133 5122 τῶν
1164 5067 1457 5140 δρομώνων
1492 5068 1632 5137 ὑπὲρ
1665 5069 1790 5128 τοὺς

211 5163 345 5216 πολε
355 5162 531 5232 μίους.

285 5283 395 5346 μη’.
439 5275 575 5330 Ποτὲ
601 5275 659 5327 δὲ
689 5275 880 5343 φυγεῖν
907 5273 1369 5344 προσποιούμενος
1395 5275 1534 5342 μετὰ
1562 5272 1782 5342 δρομώ-

211 5385 320 5423 νων
353 5365 590 5436 ταχινῶν
629 5365 766 5434 πρὸς
812 5364 994 5428 δίωξιν
1025 5364 1297 5437 ὲκκαλέσῃ
1339 5367 1466 5426 τοὺς
1497 5364 1790 5434 πολεμίους

215 5459 357 5514 κατὰ
413 5456 667 5527 πρύμναν
711 5455 850 5525 ἔχων
897 5454 1114 5518 αὐτούς.
1150 5457 1409 5508 Κάκεῖ-θοι
1445 5456 1791 5526 ὁρμήσαντες

209 5550 430 5605 διώκειν
454 5549 762 5602 διαλύσουσι
796 5547 894 5618 τὴν
911 5548 1062 5612 τάξιν
1090 5547 1288 5600 αὐτῶν.
1321 5549 1431 5601 Καὶ
1454 5547 1626 5611 οὕτως
1656 5549 1786 5601 ἀνθ-

211 5641 561 5712 υποστρέψας
626 5640 790 5708 τάχος
859 5639 1281 5710 διεσπαρμένοις
1345 5643 1454 5701 τοῖς
1506 5638 1784 5705 διώκουσι,

218 5735 455 5803 μάλιστα
488 5732 580 5786 καὶ
611 5733 770 5785 πλέον
806 5731 1028 5784 ἐκείνων
1047 5732 1330 5801 δρόμωνας
1356 5730 1519 5802 ἔχων,
1547 5733 1786 5804 ὲπέλθῃς

212 5827 396 5892 αὐτοῖς
456 5827 596 5881 κατὰ
657 5824 884 5897 πρώραν
917 5825 1075 5894 καὶῆ
1129 5825 1248 5878 καθ’
1295 5827 1476 5895 ἓνα,ἢ
1524 5828 1662 5881 κατὰ
1695 5827 1785 5879 δύο

1891 4894 1963 4947 lio
2005 4891 2349 4947 ferocitatem
2399 4908 2619 4948 omnem
2673 4897 3060 4962 comprimant,
3119 4903 3284 4963 atque
3333 4892 3471 4948 adeo

1889 4985 2171 5042 victoriam
2208 4984 2276 5041 de
2321 4984 2431 5040 illis
2482 4992 2774 5054 reportes:
2809 4985 2914 5038 hoc
2966 4986 3317 5054 potissimum
3357 4987 3480 5047 fiet,-

1894 5074 1987 5128 uhi
2055 5075 2647 5134 hostesmultitudiue
2705 5084 2870 5145 atque
2922 5086 3192 5146 apparatu
3244 5075 3467 5135 navium

1894 5166 2052 5236 longe
2081 5167 2450 5235 superaveris.

1965 5278 2052 5330 48.
2109 5277 2383 5332 Interdum
2440 5279 2619 5348 fugam
2670 5279 3102 5335 simulanscum
3157 5277 3474 5332 triremibus

1895 5369 2167 5423 celeribus
2211 5377 2378 5438 atque
2408 5368 2678 5435 incitatis,
2729 5371 2795 5425 ad
2845 5369 3258 5439 persequendas
3301 5383 3472 5422 naves

1897 5467 2018 5514 tuas
2054 5460 2239 5514 hostes
2271 5460 2509 5529 quodam
2537 5462 2700 5516 modo
2745 5460 3102 5531 provocabis,
3151 5474 3331 5530 puppe
3379 5468 3471 5512 tua

1898 5553 1964 5605 ad
2007 5552 2128 5604 illos
2167 5567 2454 5607 conversa.
2489 5553 2568 5607 Illi
2596 5561 2782 5609 autem
2817 5553 2883 5608 ad
2913 5553 3316 5621 insequendum
3341 5567 3469 5604 con-

1896 5642 2066 5703 citati,
2106 5641 2266 5696 facile
2304 5643 2476 5695 aciem
2538 5644 2861 5697 instruetam
2905 5641 3250 5696 dissolvent:
3285 5637 3470 5704 itaque

1897 5744 1951 5788 tu
1975 5735 2029 5788 in
2056 5734 2177 5788 illos
2199 5734 2476 5802 dispersos
2500 5734 2912 5803 dissipatosque
2948 5733 3126 5786 irrues
3148 5769 3162 5793 ,
3195 5735 3250 5783 ct
3287 5726 3469 5793 plures

1895 5842 2058 5895 quam
2109 5826 2184 5880 illi
2222 5829 2474 5882 triremes
2502 5841 2626 5880 cum
2664 5826 2866 5879 habeas
2892 5865 2906 5889 ,
2943 5824 3078 5877 duas
3111 5829 3206 5876 aut
3258 5829 3369 5874 tres
3404 5817 3469 5868 ad
