4184 6440
136 387 266 454 1009

1146 382 1489 446 TACTICA.
1525 406 1596 418 -
1620 380 2136 446 CONSTITUTIO
2169 386 2331 446 XIX.

3261 385 3394 449 1010

134 501 270 561 πίοις
296 497 354 550 δὲ
385 497 480 550 καὶ
518 493 684 566 ἑτέρᾳ
738 493 842 567 ὕλῃ
885 493 1257 564 ἐνειλημμένη
1304 491 1714 561 ἐμπυρισθέντα

1843 497 2048 558 ncensi,
2078 503 2132 550 et
2162 495 2218 549 in
2252 495 2442 550 hostes
2488 491 2726 562 coniecti
2768 500 2822 548 et
2867 494 2923 547 in
2951 492 3151 547 multas
3184 497 3396 548 varias-

133 592 220 643 καὶ
257 588 399 642 κατὰ
433 586 545 639 τῶν
583 587 861 656 πολεμίων
909 585 1234 655 βαλλόμενα,
1290 581 1410 637 εἶτα
1442 582 1710 633 πίπτοντα

133 685 188 735 ἐν
238 683 350 744 τοῖς
412 679 615 743 πλοίοις
676 679 765 732 διὰ
830 676 1038 730 πολλῶν
1094 676 1278 749 μερῶν
1333 674 1709 744 ἐμπρήσουσιν

133 771 288 826 αὑτά.

202 859 298 912 νθ¹.
347 857 510 911 Ἀλλά
544 858 594 910 εί
641 859 738 912 καὶ
780 857 870 911 διὰ
901 858 962 911 τδ
991 858 1182 911 σϐέσαι
1225 859 1276 911 οι
1319 858 1568 928 πολέμιοι
1603 873 1712 912 πα·
1763 826 1770 836 ’

135 951 358 1018 τήσουσι
417 947 598 1000 αὐτῶν
648 947 825 1016 φλόγα
853 949 904 1000 oi
944 948 1186 1000 πλεῖστοι
1208 948 1348 1009 ,τοὺς
1379 947 1544 1008 πόδας
1575 949 1714 1014 πλη-

136 1041 397 1108 γήσονται
429 1041 550 1093 κατ’
582 1039 753 1109 αὐτὴν
774 1041 874 1110 τὴν
905 1038 1090 1110 ἀκμὴν
1117 1040 1212 1093 τοῦ
1249 1037 1507 1110 πολέμου,
1533 1040 1629 1091 καὶ
1654 1038 1714 1089 οὐ

142 1132 332 1202 μικρὸν
362 1131 515 1185 ἔσται
540 1133 651 1196 τοῖς
679 1132 946 1196 ἐναντίοις
975 1133 1253 1204 ἐμπόδιον.

208 1310 270 1376 ξ’.
311 1309 547 1362 Δυνατὸν
575 1308 632 1362 δὲ
658 1309 752 1362 καὶ
779 1307 868 1361 διά
897 1324 1058 1361 τινων
1088 1306 1357 1378 γερανίων
1386 1304 1715 1374 λεγομένων,

139 1403 172 1470 ἢ
203 1418 364 1454 τινων
405 1399 609 1469 ὁμοίων
667 1398 1119 1467 ἐπιτηδευμάτων
1152 1394 1575 1466 γαμματοειδῶς
1604 1394 1716 1464 (14)

140 1494 324 1565 κύκλῳ
369 1491 910 1562 περιστρεφομένων,
937 1491 971 1561 ἢ
1003 1490 1206 1543 πίσσαν
1242 1489 1416 1559 ὑγρὰν
1459 1503 1719 1554 πεπυρω-

143 1586 332 1654 μένην,
358 1585 393 1649 ἢ
426 1582 648 1653 σκευὴν,
678 1584 713 1652 ἡ
745 1600 865 1635 τινα
911 1582 1105 1652 ἑτέραν
1144 1581 1278 1654 ὓλην
1319 1581 1572 1651 ἐπιχύσαι
1610 1582 1718 1643 τοῖς

140 1676 458 1745 πολεμικοῖς
492 1672 699 1736 πλοίοις
733 1672 824 1726 διά
855 1672 965 1725 τῶν
989 1672 1281 1744 δρομώνων
1305 1670 1720 1742 δεσμουμένοις⁶

142 1766 355 1820 καὶτοῦ
383 1765 666 1836 μαγγάνου
698 1763 1066 1835 στρεφομένου
1102 1766 1223 1818 κατ’
1256 1763 1456 1818 αὐτῶν.

213 1859 316 1924 ξα’.
357 1857 595 1910 Δυνατὸν
621 1857 674 1909 δὲ
705 1856 801 1909 καὶ
827 1857 1133 1926 ἀνατρέψαι
1153 1855 1448 1927 ὁλόκληρον
1478 1859 1574 1925 τὴν
1598 1857 1730 1910 ναῦν
1763 1857 1804 1910 Β

145 1949 256 2002 τῶν
301 1950 603 2019 πολεμίων,
654 1950 750 2001 ἐὰν
803 1948 1045 2018 πλευράν
1088 1948 1238 2018 παρά
1292 1948 1531 2016 πλευρὰν
1561 1949 1731 2018 δήσας

141 2039 314 2108 αὐτὴν
336 2038 413 2107 τῷ
439 2038 698 2108 δρόμωνι,
731 2038 824 2089 καὶ
867 2038 978 2089 τῶν
1025 2037 1302 2107 πολεμίων
1335 2038 1416 2104 ἐφ’
1443 2036 1499 2088 ἐν
1537 2038 1726 2107 μέρος,

144 2131 216 2194 ὡς
235 2129 482 2193 είὼθασι,
517 2129 646 2199 πρὸς
671 2129 767 2195 τὴν
797 2131 860 2182 ἐκ
886 2130 1067 2199 χειρὸς
1089 2130 1728 2200 μάχηνσυνδραμόντων,

145 2225 238 2278 καὶ
275 2223 580 2277 δοκούντων
631 2222 1009 2293 ἐπερείδεσθαι
1053 2223 1151 2292 τὴν
1197 2222 1406 2274 ἑαυτῶν
1461 2223 1593 2275 ναῦν
1654 2222 1732 2292 τῷ

156 2314 424 2382 δρόμωνι,
459 2313 660 2384 ἐπέλθῃ
686 2316 783 2382 μὲν
810 2313 994 2382 ἕτερος
1015 2313 1234 2383 δρόμων
1265 2314 1406 2367 κατὰ
1439 2314 1539 2383 τῆς
1571 2314 1733 2366 πλευ-

149 2410 240 2476 ρᾶς
271 2409 330 2457 ἐν
374 2409 439 2476 τῇ
482 2405 706 2478 πρύμνη
736 2404 1134 2474 τῆςπολεμίας
1183 2407 1278 2459 καὶ
1310 2406 1517 2474 ταύτην
1546 2406 1734 2476 eam

149 2497 393 2568 σςοδρῶς
422 2501 487 2568 τῇ
530 2500 858 2568 συγκρούσει
885 2537 902 2562 ,
935 2500 1028 2551 καὶ
1069 2500 1097 2551 ὁ
1147 2499 1245 2570 μὲν
1282 2499 1500 2570 δρόμων
1525 2498 1731 2568 δυνηθῇ

147 2592 311 2653 λύσας
335 2589 525 2642 ἑαυτὸν
555 2589 648 2643 τοῦ
679 2590 880 2660 δεσμοῦ
917 2592 1274 2662 ὑποχωρῆσαι
1333 2592 1555 2661 μικρὸν,
1593 2590 1732 2642 ὥστε

152 2685 222 2752 μὴ
252 2677 394 2735 εἶναι
439 2682 516 2746 ὡς
555 2681 793 2752 ἔρεισμα
841 2686 940 2754 τῆς
982 2683 1249 2754 πολεμίας
1281 2721 1298 2750 ,
1347 2682 1565 2754 βαρήσῃ
1607 2681 1663 2733 δὲ
1707 2684 1734 2733 ὁ

150 2775 338 2842 ἕτερος
397 2771 616 2843 δρόμων
676 2775 826 2842 πάσῃ
883 2774 1112 2843 δυνάμει
1162 2773 1380 2835 πάντως
1438 2771 1735 2842 ἀνατρέψει

149 2864 454 2933 αὔτανδρον
481 2864 579 2934 τὴν
613 2863 879 2931 πολεμίαν
919 2863 1075 2918 ναῦν.
1103 2865 1195 2916 Δεῖ
1219 2864 1277 2916 δὲ
1321 2862 1603 2914 κανονίσαι
1644 2862 1736 2913 τὸν

148 2957 348 3027 δεσμὸν
387 2955 465 3026 μὴ
511 2955 728 3017 πάντως
756 2956 877 3006 κατ’
910 2955 1133 3024 ἰσότητα
1159 2952 1444 3021 γενέσθαι⁸
1477 2951 1614 3005 ἀλλὰ
1649 2969 1735 3020 μι-

149 3049 279 3116 κρὸν
309 3049 530 3116 ἀφεῖναι
565 3045 753 3114 γυμνά
786 3063 907 3099 τινα
935 3045 1147 3116 πλευρὰ
1180 3046 1322 3097 κατὰ
1356 3043 1610 3115 πρύμναν
1636 3045 1734 3112 τῆς

1818 600 1925 653 que
1972 587 2194 639 navium
2228 594 2412 656 partes
2445 583 2789 650 decidentes,
2822 596 2990 640 naves
3023 584 3392 653 triremesque

1820 675 2139 732 incendent.

1893 854 1981 910 59.
2026 853 2130 910 Sed
2161 860 2216 909 et
2251 851 2320 908 ad
2348 853 2465 908 haec
2493 851 2896 924 exstinguenda
2932 852 2978 906 si
3011 851 3216 907 milites
3247 852 3402 922 pedi-

1823 945 1925 1000 bus
1957 947 2044 1001 usi
2072 946 2301 1010 fuerint,
2335 953 2498 1014 atque
2525 945 2580 998 in
2614 945 2682 1000 iis
2708 928 2921 1013 cccupa
2936 944 2972 997 ti
3006 945 3262 1014 permulti
3291 943 3405 997 laesi

1823 1038 2052 1108 pedibus
2097 1045 2290 1104 erunt,
2329 1042 2384 1092 et
2414 1037 2591 1105 ipsum
2628 1035 2798 1105 praelii
2847 1034 3114 1104 impetum
3163 1034 3399 1090 debilio-

1823 1147 1936 1186 rem
1974 1129 2202 1194 l‘acient,
2245 1139 2301 1185 et
2327 1144 2437 1185 non
2475 1143 2703 1200 parvum
2736 1128 2990 1183 hostibus
3027 1128 3134 1182 erit
3177 1127 3406 1197 impedi-

1825 1231 2095 1278 mentum.
2304 1272 2315 1292 ,

1897 1318 1989 1371 60.
2020 1313 2362 1381 Quibusdam
2413 1315 2578 1370 etiam
2609 1312 2902 1386 ‘geraniis,
2952 1312 3005 1366 id
3037 1319 3122 1367 est
3154 1309 3407 1383 gruibus,

1829 1418 1923 1464 aut
1972 1409 2094 1464 aliis
2135 1408 2448 1477 hujusmodi
2507 1406 2894 1460 instrumentis
2953 1404 3019 1458 ad
3074 1402 3411 1457 sublevanda

1828 1515 1998 1555 onera
2037 1499 2268 1560 idoneis,
2303 1514 2427 1568 qua:
2468 1497 2775 1552 orbiculate
2823 1510 2890 1560 ac
2922 1495 3058 1550 scite
3098 1501 3410 1552 versantur,

1830 1599 1923 1646 aut
1952 1593 2125 1661 picem
2157 1591 2421 1660 liquidam
2460 1590 2710 1660 ignitam,
2741 1596 2835 1642 aut.
2862 1587 3028 1641 alium
3055 1594 3407 1656 apparatum,

1831 1695 1924 1739 aut
1955 1683 2242 1737 materiam
2278 1683 2440 1736 aliam
2488 1681 2542 1734 in
2577 1680 2804 1734 hostiles
2837 1694 3004 1732 naves
3035 1677 3146 1732 tuis
3177 1674 3415 1729 triremi-

1833 1778 1935 1831 bus
1969 1775 2286 1844 adjunctus,
2319 1781 2376 1828 et
2408 1786 2682 1843 mangano
2717 1769 2901 1840 aliquo
2943 1771 2996 1822 in
3029 1768 3152 1821 illos
3177 1766 3412 1820 vibrato.

1906 1867 1996 1920 61.
2041 1865 2368 1920 Universam
2398 1864 2640 1918 hostium
2672 1862 2906 1917 classem
2936 1868 3170 1923 evertes,
3192 1858 3238 1912 si
3271 1858 3418 1911 latus

1835 1959 2034 2014 classis
2063 1966 2170 2012 tum
2201 1958 2442 2012 hostium
2499 1955 2653 2008 lateri
2687 1951 3030 2022 adjtlltXCl‘iS,
3072 1963 3125 2004 ct
3161 1949 3418 2003 ItOslibtls

1835 2066 2003 2105 unam
2039 2051 2092 2103 in
2129 2057 2361 2119 partem,
2405 2056 2463 2101 nt
2497 2047 2698 2107 solent,
2728 2045 2794 2098 ad
2823 2042 3199 2097 conserendas
3224 2055 3421 2093 manus

1835 2139 2298 2196 concurrentibus
2350 2146 2404 2191 et
2462 2133 2781 2189 triremibus
2841 2132 3061 2186 illorum
3100 2131 3153 2183 in
3206 2140 3423 2184 nostras

1838 2236 2091 2289 triremes
2123 2230 2352 2294 innixis,
2391 2216 2614 2282 invadat
2641 2241 2736 2280 eos
2769 2225 2872 2290 alia
2905 2224 3149 2278 triremis
3178 2224 3245 2277 ad
3281 2222 3424 2275 latus

1838 2313 2037 2396 puppis
2072 2325 2310 2386 hostilis,
2362 2334 2413 2376 et
2448 2322 2690 2390 impulsu
2723 2319 3032 2374 vehementi
3096 2319 3242 2370 illam
3290 2331 3426 2369 con-

1838 2423 2087 2488 quasset.
2124 2412 2392 2468 Triremis
2421 2422 2602 2466 autem
2636 2416 2829 2465 nostra
2877 2415 2992 2462 tum
3029 2409 3268 2476 seipsam
3308 2405 3388 2458 sul
3418 2431 3424 2439 -

1839 2525 1973 2564 vens
2005 2508 2284 2578 paululum
2313 2503 2644 2569 retrocedat,
2689 2512 2748 2556 ut
2793 2516 2864 2554 ne
2897 2500 3008 2554 ullo
3051 2498 3428 2553 stabilimenlo

1839 2604 2082 2658 hostium
2130 2600 2344 2656 triremi
2389 2599 2498 2660 sit,
2549 2603 2603 2651 et
2674 2583 2929 2648 hostilem
2981 2592 3262 2644 triremem
3319 2590 3427 2642 alia

1838 2693 2098 2748 omnibus
2144 2690 2360 2744 viribus
2400 2687 2697 2757 deprimat,
2748 2693 2914 2752 atque
2948 2682 3087 2736 adeo
3132 2682 3266 2749 ipsis
3299 2696 3424 2757 cum

1839 2785 1971 2838 viris
2003 2784 2274 2850 integram
2314 2792 2506 2832 navem
2533 2781 2763 2830 evertet.
2798 2771 3205 2827 Provideudum
3238 2754 3425 2825 autem

1837 2885 1942 2938 est,
1975 2882 2033 2928 ut
2063 2889 2131 2928 ne
2157 2870 2437 2926 vinculum
2467 2867 2694 2922 omnino
2721 2864 2931 2934 aequale
2963 2865 3073 2927 ﬁat,
3108 2862 3203 2916 sed
3232 2862 3297 2914 ad
3331 2862 3429 2913 lm-

1838 2968 1979 3022 stilis
2045 2967 2205 3019 navis
2251 2960 2474 3032 puppim
2528 2959 2670 3012 mnta
2727 2957 3072 3026 aliquantum
3128 2954 3302 3008 latera
3340 2968 3425 3007 re-

1839 3061 2006 3122 laxet,
2040 3058 2242 3128 quibus
2298 3056 2520 3108 irruens
2549 3048 2794 3105 triremis
2825 3047 3068 3102 hostium
3103 3059 3296 3100 navent
3331 3058 3425 3098 us-

147 3139 417 3208 πολεμίας
450 3138 516 3191 δι’
550 3131 625 3191 ὧν
652 3137 907 3208 ἐμπεσὼν
934 3140 963 3191 ὁ
995 3138 1214 3207 δρόμων
1245 3136 1446 3206 ὠθήσει
1475 3117 1610 3206 πρὸς
1637 3136 1737 3206 τὴν

1843 3117 2080 3224 quedum
2102 3149 2448 3218 deprimatur
2472 3143 2716 3200 invadet.

149 3232 466 3305 ἀνατροπὴν
492 3230 600 3282 τῶν
633 3230 909 3299 πολεμίων
937 3230 1035 3300 τὴν
1064 3230 1218 3284 ναῦν.

223 3323 322 3395 ξβν.
368 3323 514 3392 Πρὸς
543 3324 754 3385 τούτοις
797 3323 890 3374 καὶ
919 3323 981 3374 τὸ
1014 3322 1109 3374 νῦν
1141 3322 1426 3392 ἐπιπηθέν
1461 3321 1597 3391 μήτε
1632 3319 1742 3372 ἀπὸ
1811 3338 1814 3341 ·

152 3419 248 3486 τῆς
297 3415 454 3470 κάτω
505 3415 600 3469 τοῦ
637 3415 836 3486 δρόμου
871 3414 1127 3477 σελασίας
1173 3416 1262 3467 διὰ
1291 3415 1402 3468 τῶν
1434 3415 1583 3468 ὀπῶν
1634 3413 1742 3466 τῶν

151 3506 380 3559 κωπίων
420 3504 728 3574 ἐξαγόμενα
763 3504 1005 3575 μέναυλα
1051 3506 1459 3573 κατασφάττειν
1489 3507 1614 3568 τοὺς
1646 3522 1743 3558 πο-

151 3597 206 3651 λε
217 3599 376 3668 μίους
401 3597 511 3650 τῶν
536 3597 660 3648 λίαν
691 3613 783 3665 μοι
815 3596 1132 3664 ἀναγκαίων
1158 3596 1326 3650 δοκεῖ.

219 3689 323 3756 ξγ’.
343 3687 506 3740 Ἀλλά
540 3687 633 3740 καὶ
667 3687 854 3756 ἕτερον
881 3686 1088 3739 τούτων
1118 3689 1572 3760 ἀναγκαιότερον,
1607 3689 1743 3758 εἴγε

153 3783 358 3854 χειρῶν
397 3781 618 3850 εὐφυῶν
666 3779 944 3850 ἐπιτύχοι·
996 3780 1056 3833 τὸ
1103 3781 1192 3834 διὰ
1220 3783 1318 3852 τῆς
1367 3783 1613 3836 κάτωθεν
1650 3783 1744 3836 τοῦ

1916 3328 2006 3383 6'2.
2035 3327 2117 3381 Ad
2137 3327 2253 3381 hate
2285 3333 2544 3395 pratterea
2567 3323 2968 3392 excogitemus,
2991 3327 3049 3372 ut
3075 3318 3144 3371 ab
3172 3315 3435 3371 inferiore

1848 3437 2125 3477 remorum
2178 3421 2394 3481 ordine,
2447 3417 2750 3486 remigibus
2790 3430 2886 3484 per
2918 3410 3189 3465 foramina
3240 3409 3433 3464 hastas

1845 3515 2040 3583 longas
2063 3511 2464 3573 cmittentibus,
2487 3509 2673 3562 hostes
2698 3505 3006 3560 interficere
3026 3503 3262 3572 possint,
3282 3501 3432 3570 quod

1847 3609 1901 3661 in
1940 3607 2131 3675 primis
2158 3604 2536 3660 necessarium
2565 3616 2690 3657 csse
2718 3599 2956 3654 videtur.

1918 3699 2007 3752 65.
2048 3697 2156 3751 Sed
2189 3705 2242 3751 et
2277 3695 2423 3761 aliud
2454 3695 2559 3748 hoc
2594 3692 2772 3763 magis
2804 3691 3185 3745 necessarium
3237 3695 3321 3744 est.
3345 3725 3363 3752 ,
3394 3688 3440 3742 si

1848 3790 1973 3859 quis
2010 3803 2208 3859 operas
2243 3787 2470 3841 idoneas
2501 3785 2705 3840 habeat
2740 3798 2836 3852 per
2868 3781 3160 3836 inferiores
3202 3781 3443 3836 triremis

160 3877 444 3947 δρόμωνος
474 3873 695 3936 ἐλασίας
745 3875 812 3942 τῇ
843 3871 1227 3944 ὑποδειχθείσῃ
1261 3874 1493 3943 μεθόδῳ,
1517 3872 1587 3926 δι’
1607 3874 1741 3943 όπῆς

1852 3896 2128 3936 remorum
2163 3879 2388 3934 ordines
2440 3878 2677 3939 cllicere,
2727 3886 2784 3928 ut
2816 3875 3056 3929 hostium
3104 3874 3262 3928 navis
3299 3886 3443 3941 aqua

156 3967 577 4039 παρασκευάσει
602 3965 913 4034 πλησθῆναι
946 3963 1136 4027 ὓδατος
1164 3967 1262 4035 τὴν
1287 3966 1418 4017 ναῦν
1449 3966 1557 4018 τῶν
1590 3966 1750 4018 πολε-

159 4060 324 4128 μίων.
372 4056 496 4109 Εἰσὶ
527 4055 585 4108 δὲ
635 4056 729 4107 καὶ
763 4054 925 4124 ἕτερα
952 4058 1065 4116 τοῖς
1115 4055 1365 4122 ἀρχαίοις
1392 4055 1750 4126 ἐπινοηθέντα

157 4156 214 4205 ἐν
243 4151 325 4220 τῷ
379 4149 617 4219 πλωῒμῳ
674 4147 901 4216 πολέμῳ
944 4146 1378 4215 ἐπιτηδεύματα,
1447 4148 1541 4200 καὶ
1581 4145 1751 4198 ἔτιδὲ

158 4241 521 4312 ἐπινοηθῆναι
564 4237 871 4308 δυνάμεναι
916 4237 1062 4305 ἀπερ
1092 4239 1150 4290 ἐν
1185 4237 1262 4306 τῷ
1303 4238 1532 4307 παρόντι
1566 4238 1751 4306 τεύχει

159 4335 404 4406 γράφειν
456 4331 541 4385 διὰ
574 4331 671 4400 τὴν
723 4330 1018 4398 συντομίαν
1049 4330 1339 4383 ἀνοίκειον.
1383 4330 1518 4383 Τινά
1552 4331 1609 4382 δὲ
1660 4332 1753 4383 καί¹

159 4426 486 4497 ἀσύμφορον
516 4422 604 4475 διὰ
632 4421 695 4474 τὸ
729 4419 1300 4490 μὴιπουὸλικίζεσθαι
1329 4425 1443 4485 τοῖς
1472 4423 1752 4492 πολεμίοις

1849 3974 2216 4042 compleatur.
2253 3970 2396 4024 Sunt
2441 3979 2496 4025 et
2541 3969 2648 4022 alia
2684 3966 2934 4037 quaedam
2977 3966 3173 4019 bellica
3208 3964 3444 4019 consilia

1851 4067 1921 4120 ab
1968 4064 2378 4134 antiquioribus
2428 4063 2480 4116 in
2537 4061 2719 4114 navali
2763 4059 2951 4129 prmlio
3006 4058 3341 4127 excogitata,
3393 4067 3448 4111 et

1857 4158 2012 4227 plura
2040 4159 2205 4211 etiam
2239 4171 2361 4225 qua:
2409 4152 2713 4221 excogitari
2747 4157 3000 4219 possunt,
3033 4165 3154 4219 qua:
3201 4152 3256 4204 in
3292 4164 3435 4218 prae-

1856 4248 2030 4303 sentia
2065 4256 2288 4316 propter
2329 4245 2727 4315 longitudinem
2795 4243 3019 4296 minime
3052 4241 3449 4310 perscribenda

1855 4349 1982 4394 sunt
2011 4355 2023 4391 :
2062 4338 2310 4406 quaedam
2346 4352 2475 4390 vero
2503 4335 2670 4389 etiam
2712 4335 3288 4389 commemorareltoc
3321 4333 3448 4387 loco

1857 4430 2051 4485 inutile
2075 4436 2182 4493 est,
2222 4443 2289 4482 ne
2349 4427 2603 4482 hostibus
2630 4424 3007 4498 divulgentur,
3046 4432 3101 4478 et
3124 4422 3232 4477 illis
3265 4423 3450 4478 adver-

161 4521 258 4572 καὶ
299 4518 500 4588 μᾶλλον
533 4516 774 4579 ἐκείνους
804 4515 989 4578 αὐτοῖς
1021 4515 1255 4585 χρῆσθαι
1296 4515 1415 4568 καθ’
1457 4515 1636 4584 ἡμῶν.
1673 4516 1741 4568 Td

1861 4539 1956 4580 sus
2011 4538 2114 4577 nos
2168 4524 2356 4577 hostes
2389 4527 2637 4574 utantur.
2675 4516 2812 4570 Nam
2861 4516 2943 4570 hae
2983 4514 3300 4569 mulitiones
3335 4514 3450 4570 bel-

160 4610 276 4680 γὰρ
308 4610 746 4679 στρατηγήματα
789 4608 937 4673 am:
966 4607 1392 4677 κατανοηθέντα,
1429 4609 1754 4678 ἀντιστρατ-

163 4700 428 4772 ηγεῖσθαι
479 4701 574 4752 καὶ
615 4699 1159 4770 καταμεθοδεύεσθαι
1214 4700 1366 4768 παρὰ
1421 4699 1530 4752 τῶν
1595 4701 1758 4754 πολε-

166 4796 312 4866 μίων
358 4793 611 4846 δύναται·
646 4791 762 4845 ἀλλ’
791 4789 1024 4845 ἕκαστον
1054 4791 1115 4845 τὸ
1145 4790 1632 4876 ἐπινοηοὲνιμέχρι
1662 4796 1758 4861 τῆς

164 4886 428 4959 πράξεως
456 4885 603 4955 ἔχειν
631 4887 689 4938 ὲν
720 4885 1028 4956 μυστηρίῳ.

241 4977 341 5044 ξδ’.
398 4977 484 5028 Ἐν
523 4976 580 5029 δέ
608 4993 670 5042 γε
721 4974 800 5043 τῷ
834 4974 1252 5043 συνειλημμένῳ
1287 4974 1395 5026 τῶν
1424 4992 1482 5026 τε
1516 4976 1758 5046 ἀρχαίων

166 5069 452 5125 τακτικῶν
483 5068 576 5121 καὶ
610 5069 1081 5136 στρατηγημάτων
1121 5065 1312 5136 βιϐλίῳ
1344 5068 1522 5137 ζητῶν
1552 5077 1635 5131 τις
1666 5070 1759 5122 εὑ-

171 5165 359 5233 ρήσει,
397 5159 490 5213 καὶ
513 5159 580 5210 τὰ
628 5159 834 5211 τούτων
877 5158 1128 5210 πλείονα·
1165 5158 1226 5210 οὐ
1259 5159 1367 5226 γὰρ
1398 5160 1646 5217 δυνατὸν,
1682 5159 1758 5222 ὼς

169 5256 426 5322 εἴρηται,
456 5251 592 5320 πρὸς
621 5249 829 5303 ἕκαστα
858 5250 926 5303 τὰ
955 5250 1247 5318 ἐμπίπτειν
1285 5251 1569 5320 μέλλοντα,
1589 5251 1677 5303 διὰ
1704 5251 1762 5303 τὸ

171 5347 409 5413 ἄπειρον
438 5342 620 5396 αὐτῶν
651 5334 885 5412 γράφειν
914 5342 980 5394 τὰ
1012 5343 1190 5395 ἱκανά.

255 5529 352 5594 ξε’.
390 5528 536 5595 Πλὴν
580 5527 875 5595 κεφάλαιον
905 5530 1102 5592 εἰπεῖν,
1138 5528 1380 5583 ἔστωσαν
1411 5532 1461 5584 οί
1490 5531 1770 5599 δρόμωνες

178 5616 584 5686 ἐξωπλισμένοι
631 5617 851 5680 τελείως
885 5618 992 5671 ἀπό
1023 5637 1082 5671 τε
1116 5621 1464 5690 στρατιωτῶν
1509 5623 1772 5691 ἀνδρείων

1859 4619 1977 4674 lica:
2020 4618 2065 4672 si
2100 4616 2268 4672 semel
2301 4621 2582 4682 usurpata:
2618 4611 2848 4674 fuerint,
2882 4609 3041 4663 facile
3078 4608 3287 4678 aliquid
3319 4623 3452 4662 cou-

1859 4722 1940 4765 tra
1965 4727 2060 4767 cas
2087 4690 2292 4777 suscipi
2323 4716 2375 4760 et
2395 4704 2656 4775 quodque
2683 4704 2973 4757 inventum
3013 4700 3322 4771 usquedum
3357 4715 3450 4772 gc-

1862 4804 2023 4870 ritur,
2060 4801 2455 4856 occultandum
2482 4805 2536 4853 et.
2572 4803 2788 4852 secreto
2827 4794 3125 4849 tenendum
3158 4802 3261 4848 est.

1937 4977 2024 5032 (il.
2059 4975 2110 5029 in
2144 4975 2267 5030 aliis
2306 4975 2458 5029 libris
2502 4987 2625 5043 quae
2655 4972 2722 5028 de
2764 4973 3015 5028 consiliis
3047 4971 3324 5042 factisque
3351 4972 3453 5026 im-

1868 5072 2160 5142 peratoriis
2210 5066 2568 5132 scribttntnr,
2623 5066 2896 5136 permulta
2946 5067 3070 5134 quis
3116 5066 3452 5133 huiusmodi,

1869 5175 2033 5235 atque
2067 5164 2133 5218 iis
2167 5164 2335 5218 etiam
2380 5162 2547 5228 plura
2598 5159 2882 5213 inveniet:
2923 5176 3101 5228 neque
3149 5160 3294 5212 enim
3339 5159 3454 5211 fieri

1872 5265 2074 5328 potest,
2111 5266 2172 5308 ut
2199 5256 2265 5310 tle
2297 5253 2554 5306 euntibus
2609 5251 2772 5305 rebus
2819 5246 2954 5321 qum'
2977 5252 3177 5306 cadere
3226 5254 3279 5305 in
3311 5243 3456 5305 bello

1873 5342 2104 5420 possunt
2132 5350 2295 5403 verba
2329 5348 2622 5411 faciamus,
2656 5362 2780 5416 qua:
2814 5346 2935 5414 ipso
2960 5359 3158 5416 genere
3191 5345 3456 5398 immensa

1883 5444 2205 5513 inﬁnitaque
2234 5449 2383 5497 sunt.
2586 5501 2589 5507 ι
2686 5486 2690 5488 ,

2072 5531 2151 5582 Ad
2191 5541 2462 5584 summam
2509 5533 2688 5580 autem
2725 5525 2836 5579 sint
2873 5523 3131 5578 triremes
3175 5523 3458 5576 instructa:

1879 5625 2013 5679 viris
2066 5623 2302 5680 fortibus
2355 5637 2418 5678 ac
2449 5620 2708 5684 strenuis,
2756 5619 2850 5689 qui
2899 5617 3148 5674 cominus
3187 5623 3459 5670 consertis

1709 5733 1940 5792 NUTJ'J.

257 5803 372 5872 (με)
433 5804 902 5875 Ιάμμστσειδώς.
938 5806 1145 5871 Scribe,
1185 5805 1622 5876 γσμματοειδῶν.
