4184 6440
730 372 861 440 1011

1965 378 2159 442 LEON
2166 379 2238 440 IS
2275 379 2375 441 PH
2383 379 2731 443 ILOSOPHI

3868 380 4009 446 1012

727 486 984 543 manibus
1015 501 1259 560 pugnare
1291 485 1535 555 possint,
1553 496 1609 545 et
1631 489 1725 560 qui
1757 488 1929 545 alacri
1968 492 2301 558 incitataque

2418 491 2513 545 καὶ
2557 492 2622 546 ἐκ
2649 491 2832 563 χειρὸς
2869 492 3137 563 μάχεσθαι
3162 492 3497 564 δυναμένων,
3530 493 3625 547 καὶ
3653 491 3731 563 τῷ
3760 493 3864 562 τῆς
3896 495 4007 563 ψυ-

726 588 912 635 mente
955 580 1090 643 sint.
1138 586 1195 635 et
1245 593 1443 635 omnes
1472 580 1527 634 in
1559 590 1746 650 partes
1774 581 2087 637 exercitati.
2129 581 2315 637 Armis

727 680 908 725 autem
954 668 1155 723 talibus
1195 676 1560 725 exerceantur
1582 709 1597 733 ,
1628 671 1890 740 qualibus
1913 673 2098 744 quivis
2128 681 2309 726 terre-

725 764 826 818 stri
874 763 927 816 in
982 761 1177 831 prmlio
1228 762 1385 816 miles
1434 770 1706 831 armatur,
1757 764 1910 835 iique
1960 762 2311 833 potissimum

726 851 819 921 qui
849 851 909 906 in
938 853 1226 923 superiore
1254 867 1529 908 remorum
1555 852 1752 912 ordine
1778 858 2114 913 consistunt.

791 1029 883 1086 66.
899 1031 1003 1085 i‘ro
1036 1030 1275 1087 hostium
1298 1029 1513 1089 viribus
1540 1049 1881 1105 numeroque
1909 1036 2133 1090 navium
2159 1042 2317 1091 tuam

722 1122 983 1187 classem,
1010 1122 1332 1192 imperator,
1366 1122 1632 1190 instrues,
1651 1134 1794 1180 utne
1822 1125 2089 1181 minorem
2116 1143 2313 1183 nume-

720 1229 843 1268 rum
885 1216 1105 1269 navium
1150 1228 1252 1269 nos
1306 1214 1549 1270 hostium
1598 1216 1778 1271 classe
1834 1217 2159 1284 habeamus,
2215 1220 2310 1274 sed

719 1306 981 1377 a‘qualem
1030 1305 1236 1376 potius,
1290 1314 1349 1359 ut
1397 1322 1522 1363 cum
1574 1309 1831 1365 hostibus
1882 1310 2064 1366 classe
2113 1310 2308 1381 juncta

718 1413 1044 1469 pugnemus,
1077 1407 1173 1453 aut
1200 1398 1463 1468 majorem
1490 1401 1680 1465 etiam,
1703 1401 1749 1456 si
1783 1401 1899 1457 ﬁeri
1933 1411 2135 1472 potest.
2164 1401 2300 1457 Nam

717 1489 762 1544 si
800 1490 1019 1559 utrique
1067 1488 1283 1545 fortiter
1310 1506 1374 1546 ac
1401 1503 1628 1548 strenue
1658 1494 1946 1562 dimicent,
1974 1496 2069 1565 qui
2112 1497 2301 1566 plures

716 1578 923 1635 fuerint
952 1580 1285 1650 praevaleant
1317 1597 1547 1639 necesse
1578 1590 1689 1641 est.

782 1784 872 1839 67.
910 1784 969 1840 Si
1004 1787 1192 1842 hostes
1223 1785 1431 1841 videris
1472 1801 1641 1843 naves
1674 1787 1935 1843 omnibus
1967 1789 2202 1845 refertas
2244 1805 2307 1844 ac

713 1876 964 1947 ingentes
1002 1878 1198 1949 copias
1247 1878 1451 1934 habere
1488 1920 1503 1943 ,
1541 1881 1854 1950 exaequabis
1886 1889 1942 1934 tu
1985 1889 2109 1953 tuas
2138 1884 2302 1936 trire-

712 1981 847 2029 mes,
910 1967 1214 2037 eodemque
1257 1984 1492 2023 numero
1540 1970 1864 2039 complebis.
1902 1971 2081 2040 Eliges
2120 1980 2300 2026 autem

710 2072 777 2110 ex
827 2058 1085 2113 omnibus
1147 2060 1389 2128 optimos
1438 2076 1710 2132 quosque,
1764 2070 1818 2117 et
1870 2078 1936 2117 ex
1992 2062 2104 2117 illis
2163 2065 2301 2120 satis

711 2164 944 2220 magnas
1009 2150 1201 2219 copias
1250 2152 1572 2207 triremibus
1637 2154 1901 2221 perfectis
1943 2170 2008 2208 ac
2070 2153 2303 2209 l‘ortibus

710 2240 996 2304 conﬁcies,
1052 2253 1109 2296 ut
1142 2242 1375 2295 duarum
1428 2242 1742 2297 triremium
1792 2246 1994 2299 milites
2040 2246 2093 2299 iu
2138 2261 2300 2298 uuam

712 2331 1019 2387 triremium
1049 2331 1308 2387 conferas
1342 2351 1355 2387 :
1384 2334 1469 2387 vel
1502 2350 1567 2388 ex
1601 2334 1883 2398 omnibus,
1911 2343 1970 2389 ut
1997 2335 2130 2401 dixi,
2152 2335 2301 2405 opti-

650 2418 653 2423 ’
709 2437 830 2477 mos
856 2423 1049 2490 eliges,
1081 2431 1135 2477 et
1166 2422 1386 2478 ducenti
1421 2424 1628 2477 milites
1656 2425 1739 2481 vel
1772 2438 1839 2478 eo
1878 2425 2064 2494 plures
2100 2440 2209 2479 una
2246 2425 2301 2479 in

713 2514 928 2566 triremi
971 2520 1155 2577 erunt,
1201 2521 1261 2566 ut
1300 2512 1676 2577 multitudine,
1712 2514 1949 2579 viribus,
1988 2514 2300 2577 alacritate,

710 2603 962 2659 hostium
990 2604 1223 2657 classem
1262 2618 1515 2673 superes,
1547 2612 1601 2659 et
1629 2605 1920 2660 victoriam
1946 2605 2017 2661 ab
2050 2605 2161 2661 illis
2192 2604 2301 2661 Deo

710 2695 952 2766 propitio
988 2704 1257 2765 reportes.

779 2970 873 3029 68.
900 2971 1143 3028 Minores
1171 2973 1511 3031 instruendae
1541 2975 1798 3033 triremes
1832 2986 1982 3045 sunt,
2014 2989 2070 3033 et
2109 2979 2299 3049 vulga-

711 3065 784 3120 tis
816 3064 1139 3121 triremibus
1173 3066 1567 3136 expeditiores,
1599 3076 1659 3121 ut
1718 3083 1777 3123 se
1808 3069 2165 3139 insequentes
2197 3070 2299 3124 ho-

708 3165 823 3211 stes
854 3171 1052 3225 capere
1089 3159 1304 3227 possint
1343 3175 1357 3211 :
1411 3158 1497 3214 sin
1528 3159 1598 3213 ab
1641 3158 1894 3216 hostibus
1940 3161 2296 3225 invadantur,
2324 3192 2369 3250 ο

709 3263 817 3302 non
848 3250 1143 3317 capiantur
1180 3256 1386 3305 tamen.
1426 3250 1679 3319 lstasque
1729 3252 1795 3306 ad
1828 3254 2296 3323 Opportunitatem

710 3340 972 3408 temporis
999 3354 1319 3403 conserves,
1382 3351 1442 3395 ut
1463 3342 1677 3412 possint
1704 3343 1789 3398 vel
1815 3344 2066 3399 hostibus
2096 3345 2298 3401 malum

707 3430 939 3494 inferre,
963 3433 1049 3487 vel
1111 3432 1401 3504 providere
1434 3443 1493 3488 ut
1528 3435 1743 3489 nullutn
1778 3437 1981 3490 malum
2012 3438 2084 3493 ab
2121 3437 2299 3495 hosti-

706 3523 811 3579 bus
833 3524 1132 3593 accipiant.

777 3616 868 3671 69.
907 3615 1115 3672 Parvas
1145 3633 1486 3689 magnasque
1519 3621 1772 3676 triremes
1806 3637 1905 3692 pro
1936 3622 2176 3678 hostium
2211 3638 2300 3677 ra-

706 3707 878 3771 tione,
907 3718 1097 3762 contra
1129 3725 1270 3777 quos
1309 3726 1520 3781 pugnas
1549 3712 1867 3781 apparabis.
1918 3712 2109 3782 Neque
2149 3716 2296 3769 enim

708 3799 1111 3855 Saracenorum
1133 3810 1187 3856 et
1206 3801 1639 3871 Bosphoriorum
1660 3804 1991 3876 Scytharum
2008 3806 2197 3861 eadem
2216 3812 2299 3861 est

705 3890 907 3946 classis
934 3892 1266 3962 apparatio:
1306 3893 1571 3950 Saraceni
1608 3896 1755 3950 enim
1793 3897 2099 3953 cumbariis
2124 3905 2294 3952 utun-

707 3993 799 4037 tur
845 3982 1173 4053 majoribus.
1210 3992 1265 4038 et
1304 3984 1373 4039 ad
1406 4002 1631 4043 cursum
1673 3988 2034 4052 tardioribus,
2076 3990 2298 4062 Scytha:

706 4085 889 4130 autem
937 4077 1139 4131 acatiis
1186 4084 1419 4133 utuntur
1447 4079 1779 4147 minoribus,
1831 4082 2293 4151 expeditioribus,

704 4176 761 4219 et
797 4167 1183 4221 celerioribus.
1208 4165 1343 4221 Nam
1381 4183 1477 4237 per
1498 4168 1699 4225 ﬂuvios
1729 4172 2003 4240 quosdam
2039 4174 2093 4226 in
2124 4171 2297 4226 Euxi-

704 4274 837 4313 num
874 4268 1104 4328 pontum
1140 4261 1526 4329 prolabuntur,
1551 4277 1731 4332 neque
1757 4264 2066 4333 majoribus
2100 4264 2200 4317 hac
2226 4263 2294 4318 de

704 4360 872 4400 causa
907 4348 982 4401 uti
1018 4355 1297 4415 poterunt.
1330 4349 1512 4419 Atque
1538 4350 1654 4407 hac
1693 4366 1724 4405 a
1764 4353 1925 4407 nobis
1948 4353 2019 4409 de
2045 4354 2166 4408 acie
2198 4357 2287 4409 iu-

704 4438 969 4493 struenda
996 4440 1279 4494 dicantur.

2418 582 2524 652 χῆς
2580 585 2974 655 παραστήματι
3020 586 3336 655 τολμηρῶν.
3387 585 3485 640 καὶ
3545 585 4007 655 πεπαιδευμένων

2416 673 2510 727 καὶ
2544 678 3037 745 γεγυμνασμένων.
3065 670 3226 730 Οὗτοι
3253 676 3312 729 δὲ
3338 676 3585 729 ἔστωσαν
3610 675 4009 745 καθωπλισμι-

2413 782 2492 818 νοι
2554 766 2749 830 ὅπλοις
2801 768 3009 832 ὁποίοις
3053 768 3150 821 καὶ
3187 768 3216 821 δ
3265 770 3324 821 ὲν
3378 771 3443 838 τῇ
3489 768 3627 839 ξηρᾷ
3658 768 4005 840 στρατιώτης

2413 858 2744 929 ὀπλισθῆναι
2776 858 3091 930 διιὶθρισται·
3135 860 3378 931 δηλονότι
3430 860 3840 931 κατάφρακτος.
3890 859 4006 913 Καὶ

2411 948 2559 1003 οὕτω
2586 951 2788 1016 πάντες
2815 951 2867 1005 oi
2900 952 3002 1021 τῆς
3026 952 3139 1006 ἀνω
3168 952 3394 1016 ιλασίας
3426 952 3871 1022 ὁπλισθήσονται.

2483 1041 2593 1108 ἕσς’.
2635 1043 2784 1115 Πρὸς
2813 1044 2869 1097 δὲ
2894 1042 2995 1115 τὴν
3024 1044 3142 1098 τῶν
3163 1043 3377 1116 ἐχθρῶν
3409 1043 3672 1114 ποιότητα
3713 1044 3809 1097 καὶ
3840 1044 4008 1099 ποσό-

2410 1149 2551 1205 τητα
2579 1134 2689 1188 τῶν
2711 1135 2936 1201 πλοίων,
2968 1136 3064 1190 καὶ
3094 1135 3278 1201 αὐτδς,
3308 1130 3354 1191 ὦ
3378 1136 3676 1207 στρατηγὶ,
3705 1136 4003 1190 Summi.

2412 1242 2524 1288 σεις
2577 1225 2705 1289 τοὺς
2745 1226 3052 1297 δρόμωνας,
3103 1227 3181 1290 ὼς
3231 1228 3299 1282 ἂν
3352 1228 3428 1298 μὴ
3473 1227 3736 1282 ἐλάττονα
3770 1227 4006 1297 στρατδν

2410 1317 2510 1388 ἔχῃ
2537 1319 2565 1371 ὁ
2594 1318 2863 1389 ἡμέτερος
2887 1319 3105 1390 δρόμων
3133 1319 3231 1372 τοῦ
3267 1319 3553 1390 πολεμίου,
3584 1321 3736 1385 ὅστις
3764 1321 4003 1391 μάλιστα

2409 1410 2491 1472 είς
2520 1410 2774 1463 ίσόπαλον
2801 1410 2975 1463 ιλθείν
3004 1410 3389 1483 εύτρεπίζεται
3430 1411 3643 1481 μάχην,
3678 1410 3768 1464 διὰ
3792 1411 3887 1463 τοῦ
3918 1412 4005 1473 είς

2408 1501 2676 1571 ἀλλήλους
2704 1501 2928 1571 δεσμοῦ,
2962 1503 3078 1557 ἀλλ’
3103 1504 3153 1557 εί
3186 1503 3411 1557 δυνατὸν
3436 1505 3533 1560 καὶ
3563 1502 3809 1558 πλείονα.
3861 1504 4000 1572 Ἀμ-

2410 1592 2654 1661 φοτέρων
2701 1592 2811 1664 γὰρ
2866 1594 3162 1665 ἀνδρείως,
3226 1599 3276 1651 εί
3304 1596 3491 1668 τύχοι,
3552 1595 3902 1669 μαχομένων,
3954 1596 4003 1648 οι

2408 1682 2659 1747 πλείονες
2685 1687 3138 1758 προτερήσουσιν.

2484 1778 2581 1842 EC’.
2637 1780 2766 1831 Ἐὰν
2804 1780 2915 1851 γὰρ
2954 1780 3188 1849 συνορᾷς
3221 1777 3367 1848 εχιιν
3398 1778 3523 1843 τοὺς
3558 1778 3855 1850 πολεμίως
3904 1798 4002 1835 πο-

2342 1844 2382 1898 B
2408 1844 2827 1941 λυανδρούμενα
2871 1844 3036 1925 πλοῖα
3066 1844 3161 1925 καὶ
3195 1844 3708 1943 πλείοναιστρατδν
3736 1874 4002 1944 ὑποδεχό-

2410 1977 2567 2030 μενα,
2600 1961 2883 2025 οὑσιώσεις
2914 1962 3026 2031 (15)
3056 1960 3153 2016 καὶ
3178 1960 3342 2025 αὐτὸς
3391 1963 3519 2025 τοὺς
3561 1963 3688 2027 σοὺς
3711 1964 4003 2035 δρόμωνας

2408 2053 2467 2105 ὲν
2498 2052 2719 2120 πλήθει.
2778 2052 3006 2126 Ἐκλέξῃ
3039 2052 3096 2106 δὲ
3138 2052 3249 2106 ἀπὸ
3294 2052 3516 2106 πάντων
3546 2055 3676 2117 τοὺς
3705 2055 3996 2126 ἀρίστους,

2410 2147 2501 2199 καὶ
2533 2145 2593 2209 ἐξ
2620 2146 2801 2200 αὐτῶν
2844 2146 3151 2213 δξοπλίσεις
3179 2145 3279 2216 τὴν
3324 2146 3606 2216 ἀρκοῦσαν
3635 2148 3874 2219 δύναμιν
3912 2150 4000 2203 διὰ

2406 2236 2704 2305 δρομώνων
2748 2236 2971 2290 τελείων
2998 2238 3092 2290 καὶ
3128 2236 3564 2306 ἀλκιμωτάτωνσ
3598 2238 3742 2293 ὥστε
3775 2242 3827 2293 εί
3858 2241 4001 2294 οὕτω

2407 2328 2584 2399 τύχοι,
2633 2331 2665 2400 ἢ
2698 2331 2808 2383 τῶν
2843 2330 2937 2383 δύο
2976 2328 3068 2384 τὸν
3100 2330 3333 2402 στρατὸν
3358 2332 3439 2394 τίς
3467 2332 3565 2386 ενα
3597 2332 3931 2407 ἐμϐιϐάσῃς,
3964 2335 3997 2404 ἢ

2406 2417 2471 2469 ἐκ
2502 2417 2719 2470 πάντων
2750 2417 2976 2489 ὲπιλέξῃ
3015 2419 3143 2483 τοὺς
3187 2419 3466 2491 ἀρίστους,
3503 2420 3581 2485 ὡς
3615 2421 3835 2493 εἴρηται
3856 2442 3871 2455 ·
3908 2426 4000 2477 καὶ

2407 2509 2734 2579 γενήσονται
2779 2508 2910 2579 ἄχρι
2964 2510 3061 2562 καὶ
3106 2511 3401 2565 διακοσίων
3451 2514 3804 2582 στρατιωτῶν
3840 2516 3875 2585 ἢ
3909 2519 4001 2569 καὶ

2407 2600 2578 2651 πλείω
2616 2600 2760 2654 κατά
2808 2600 3063 2670 δρόμωνα
3082 2617 3094 2631 ’
3122 2602 3199 2665 ὡς
3228 2602 3298 2656 ἂν
3326 2602 3527 2674 καὶτῷ
3558 2604 3755 2671 πλήθει
3788 2608 3890 2658 καὶ
3925 2606 4002 2676 τῷ

2408 2689 2632 2759 μεγέθει
2681 2691 2777 2743 καὶ
2818 2694 2889 2761 τῇ
2928 2691 3165 2763 εὐψυχία
3197 2692 3309 2745 τῶν
3344 2709 3406 2746 τε
3434 2694 3733 2765 δρομώνων
3763 2698 3864 2752 καὶ
3893 2699 4003 2752 τῶν

2407 2783 2757 2851 στρατιωτῶν
2785 2782 3200 2855 καθυπέρτερος
3229 2786 3341 2838 τῶν
3367 2786 3651 2857 πολεμίων
3681 2789 3890 2844 πλοίων
3912 2808 4004 2860 γε-

2403 2874 2627 2943 νόμενος
2656 2876 2754 2929 σὺν
2781 2875 2901 2947 Θεῷ
2930 2876 3030 2947 τὴν
3063 2878 3184 2931 κατ’
3210 2878 3389 2932 αὐτῶν
3411 2878 3655 2951 ἐπιλήψῃ
3683 2881 3870 2949 νίκην.

2475 2964 2579 3035 ξη’.
2606 2966 2778 3019 Δεῖδέ
2806 2984 2863 3020 σε
2889 2969 2983 3022 καὶ
3009 2969 3369 3039 μικροτέρους
3394 2970 3699 3036 ἐξοπλίζειν
3714 2972 4004 3043 δρόμωνας

2402 3058 2498 3112 καὶ
2524 3059 2945 3131 ’ἐλαφροτέρους
2986 3059 3100 3131 (i6)
3131 3061 3239 3115 τῶν
3271 3060 3539 3133 συνήθων,
3569 3062 3712 3116 ὥστε
3746 3064 3846 3117 καὶ
3877 3065 4004 3118 διώ-

2404 3168 2602 3215 κοντας
2635 3151 3081 3223 καταλαμϐάνειν
3114 3153 3243 3216 τοὺς
3264 3153 3579 3222 πολεμίους.
3608 3155 3706 3208 καὶ
3731 3155 4003 3227 διωκομέ-

2402 3260 2530 3305 νους
2554 3244 2629 3315 μὴ
2652 3244 3193 3315 καταλαμϐάνεσθαι,
3212 3245 3309 3299 καὶ
3328 3245 3553 3310 τούτους
3576 3245 3724 3317 ἔχειν
3743 3249 3805 3300 ιν
3822 3247 4005 3319 καιρῷ

2402 3335 2501 3404 τῆς
2528 3334 2877 3407 ἁρμοζούσης
2906 3336 3090 3401 αὐτοῖς
3128 3335 3340 3406 χρείας,
3372 3336 3448 3400 ὡς
3481 3336 3745 3390 δύνασθαι
3775 3338 4003 3401 αὐτοὺς,

2401 3428 2435 3499 ἢ
2462 3427 2660 3499 δρᾶσαί
2688 3445 2742 3482 τι
2774 3429 2948 3483 κακὸν
2979 3431 3093 3493 τοῖς
3125 3428 3421 3500 ὲχθροῖς,ἦ
3460 3430 3535 3501 μὴ
3567 3430 3767 3484 παθεῖν
3794 3447 3847 3482 τι
3898 3448 4001 3483 κα-

2402 3520 2498 3573 κὸν
2528 3522 2660 3592 παρ’
2688 3520 2892 3576 αὐτῶν.

2471 3611 2569 3678 ξθ¹.
2616 3613 2865 3683 Μικροὺς
2896 3612 2952 3665 δὲ
2980 3614 3075 3666 καὶ
3100 3614 3371 3685 μεγάλους
3398 3612 3691 3685 δρόμωνας
3717 3614 3867 3667 κατά
3899 3616 4001 3683 τὴν

2401 3702 2663 3772 ποιότητα
2709 3702 2819 3754 τῶν
2869 3702 3147 3772 πολεμίων
3195 3702 3368 3756 ἐθνῶν
3414 3702 3879 3765 κατασκευάσεις.
3917 3705 3993 3757 οὗ

2401 3794 2512 3865 γὰρ
2560 3795 2589 3847 δ
2632 3793 2795 3856 αὑτός
2828 3795 2977 3847 ἐστιν
3012 3795 3199 3858 στόλος
3233 3793 3343 3847 τῶν
3388 3793 3594 3846 πλοίων
3638 3795 3750 3848 τῶν
3795 3812 3854 3848 τε
3892 3796 3998 3850 Σα-

2403 3885 2658 3957 ρακηνῶν
2708 3886 3034 3956 Βαρϐάρων,
3084 3885 3183 3939 καὶ
3230 3885 3339 3939 τῶν
3388 3883 3703 3955 λεγομενων
3759 3886 4003 3957 Βορείων

2399 3977 2641 4033 Σκυθῶν.
2671 3978 2733 4031 Οί
2784 3976 2884 4048 μὲν
2913 3978 3024 4049 γάρ
3079 3977 3443 4049 κουμϐαρίοις
3494 3977 3736 4048 χρῶνται
3778 3979 3999 4048 μείζοσι

2400 4068 2497 4122 καὶ
2544 4068 2890 4140 ἁργοτὲροις,
2942 4069 2990 4121 oi
3032 4068 3346 4140 Βάρϐαροι,
3396 4070 3446 4122 οἱ
3476 4070 3533 4122 δὲ
3576 4066 3691 4122 οἷον
3742 4070 4000 4133 ἀκατίοις

2402 4160 2654 4214 ἐλάττοσι
2704 4160 2804 4215 καὶ
2850 4161 3238 4232 ὲλαφροτέροις
3272 4162 3367 4214 καὶ
3410 4164 3653 4231 ταχινοῖς
3677 4164 3729 4214 οἰ
3767 4162 3998 4217 Σκύθαι.

2400 4251 2497 4304 Διά
2526 4250 2791 4320 ποταμῶν
2818 4251 2926 4322 γάρ
2948 4252 3028 4313 είς
3059 4251 3151 4303 τὸν
3182 4249 3434 4315 Εὔξεινον
3458 4251 3829 4321 ιμπίπτοντες
3863 4252 4000 4303 πόν-

2397 4358 2491 4393 τον
2537 4342 2597 4394 οὐ
2645 4340 2901 4394 δύνανται
2956 4340 3171 4410 μείζοσι
3229 4342 3547 4412 χρήσασθαι
3602 4342 3834 4408 πλοίοις.
3888 4344 4001 4399 Καὶ

2397 4432 2571 4486 ταῦτα
2613 4432 2711 4501 μὲν
2736 4433 2864 4501 περὶ
2892 4431 3257 4502 παρατάξεων
3297 4433 3563 4504 εἰρήσθω.

781 4528 867 4582 70.
910 4526 1013 4583 Ubi
1046 4545 1178 4583 vero
1203 4529 1493 4587 discedere
1517 4546 1548 4585 c
1572 4533 1763 4603 praelio
1792 4534 2027 4604 cegitas,
2056 4536 2287 4591 classem

2468 4531 2531 4579 o'.
2599 4524 2770 4577 Ὅταν
2839 4523 2897 4577 δὲ
2949 4523 3337 4592 ἀπαλλαγῆναι
3399 4524 3571 4596 βούλῃ
3632 4526 3735 4594 τῆς
3788 4526 3995 4595 μάχης,

704 4626 857 4672 tuam
884 4620 1130 4684 lunabis,
1164 4627 1331 4689 atque
1366 4622 1441 4675 ita
1472 4622 1762 4677 discedes:
1803 4624 2118 4692 bujnsmodi
2144 4627 2292 4680 enim

704 4708 906 4776 forma,
934 4710 1401 4779 quemadmodum
1449 4712 1794 4782 antiquiores
1846 4716 2068 4785 quidam
2120 4718 2296 4771 tradi-

706 4798 931 4863 derunt,
963 4810 1077 4854 tum
1110 4800 1176 4855 ad
1200 4803 1642 4872 progressiones,
1672 4812 1788 4861 tum
1813 4806 1882 4862 ad
1911 4807 2295 4865 discessiones

705 4891 1042 4959 permultum
1076 4891 1243 4946 valet.

776 5067 869 5125 Ἠ.
910 5067 1061 5124 Bello
1097 5066 1213 5138 1am
1258 5066 1552 5134 conlecto,
1597 5070 1780 5124 omnia
1822 5070 1949 5125 belli
2003 5073 2179 5141 spolia
2227 5089 2297 5129 ex

710 5176 870 5231 :equo
905 5168 961 5215 et
982 5160 1129 5215 bono
1173 5161 1445 5217 militibus
1476 5161 1590 5217 tuis
1620 5161 1943 5227 dislribues,
1982 5173 2037 5218 et
2069 5164 2296 5234 prandia

709 5253 1030 5322 epulasque,
1070 5264 1125 5308 et
1158 5254 1325 5307 multa
1358 5254 1608 5310 convivia
1637 5256 1961 5325 apparabis.
1994 5266 2051 5311 et
2082 5271 2178 5312 eos
2202 5257 2295 5327 qui

714 5361 775 5401 se
803 5347 860 5400 in
900 5346 1046 5402 bello
1094 5355 1319 5402 strenue
1349 5356 1663 5417 gesserunt,
1693 5348 1999 5404 honoribus
2025 5348 2297 5419 praemiis-

714 5453 823 5505 que
868 5439 1249 5495 muneraberis
1300 5457 1313 5495 :
1362 5439 1456 5509 qui
1512 5441 1720 5511 aliquid
1778 5442 1953 5497 milite
2012 5442 2298 5515 indignum

718 5530 973 5597 gesserit,
1001 5532 1271 5601 supplicio
1310 5548 1375 5589 ac
1408 5548 1573 5604 poena
1603 5546 1948 5591 coercentur.

2404 4616 2721 4687 μηνοειδῶς,
2746 4614 2823 4678 ὠς
2845 4616 3084 4684 εῐρηται,
3110 4615 3213 4685 τὴν
3234 4614 3545 4684 παράταξιν
3566 4615 3675 4669 τῶν
3697 4616 3999 4687 δραμώνων

2400 4709 2633 4779 ποιήσας
2670 4706 2845 4769 οὕτως
2896 4705 3297 4777 ὑποχωρήσεις,
3333 4703 3423 4757 διὰ
3469 4704 3533 4757 τὸ
3561 4706 3806 4773 ἀσφαλὲς
3854 4701 4010 4761 εἶναι

2399 4799 2461 4854 τδ
2489 4798 2730 4852 τοιοῦτον
2784 4796 2974 4867 σχῆμα
3016 4798 3077 4849 ὲν
3110 4797 3235 4857 ταῖς
3281 4795 3567 4859 τοιαύταις
3602 4798 3698 4849 καὶ
3746 4798 3999 4868 προόδοις

2401 4894 2497 4947 καὶ
2546 4892 2953 4962 ὑποχωρήσεσι,
2989 4889 3066 4953 ὥς
3112 4906 3258 4953 τινες
3301 4889 3411 4943 τῶν
3465 4890 3714 4945 παλαιῶν
3785 4908 4001 4962 μαρτν-

2403 4984 2558 5055 ροῦσι
2590 4982 2668 5053 τῷ
2692 4983 2884 5053 τρόπῳ
2916 4980 3093 5051 τούτῳ
3129 4980 3493 5051 χρησάμενοι.

2470 5080 2573 5127 οα’.
2625 5072 2783 5127 Μετὰ
2833 5071 2890 5124 δὲ
2935 5072 3033 5141 τὴν
3088 5070 3245 5124 λύσιν
3281 5070 3379 5124 τοῦ
3414 5070 3656 5139 πολέμου
3681 5070 3802 5125 δέον
3834 5088 3921 5134 σε,
3953 5065 4002 5126 ὧ

2408 5165 2704 5237 στρατηγὲ,
2730 5164 2818 5231 τὰ,
2849 5163 2925 5227 ὡς
2954 5164 3131 5229 είκδς,
3174 5161 3649 5233 αρδηθένταοάπδ
3699 5163 3810 5216 τῶν
3840 5164 4005 5218 πολε-

2411 5256 2551 5326 μίων
2578 5256 2797 5324 λάφυρα
2832 5252 2893 5320 ἐξ
2923 5253 3041 5306 [σου
3076 5252 3418 5325 διαμερίζειν
3449 5254 3565 5314 τοίς
3599 5252 4001 5321 στρατιώταις,

2408 5349 2503 5402 καὶ
2552 5348 2923 5418 ἀριποποιείν
2982 5344 3081 5401 καὶ
3133 5343 3579 5416 φιλοφρονεῖσθαι
3629 5346 3856 5409 αὐτοὺς,
3902 5347 4004 5399 καὶ

2408 5438 2739 5501 πανδαισίαν
2792 5437 3069 5492 ποιεῖσθαι
3110 5438 3209 5493 καὶ
3254 5436 3490 5507 εὐωχίας
3538 5437 3619 5500 είς
3652 5438 3878 5502 αὐτοὺς,
3908 5441 4005 5492 καὶ

2409 5532 2536 5595 τοὺς
2586 5531 2687 5601 μὲν
2743 5530 3179 5602 ἀριστεύσαντας
3242 5530 3340 5585 καὶ
3392 5529 3616 5600 δωρεῶν
3678 5533 3778 5585 καὶ
3823 5532 4005 5603 τιμῶν

721 5621 977 5688 ἀξιῶσαι,
1003 5624 1131 5689 τοὺς
1163 5624 1223 5678 δέ
1256 5642 1309 5678 τι
1341 5628 1562 5693 ἀνάξιον
1596 5629 1931 5700 στρατιώτου
1962 5630 2294 5702 ποιήσαντας
2322 5628 2655 5698 ἐπιτιμῆσαι
2680 5625 2933 5690 δεόντως.

2244 5719 2476 5777 NOTAE.

792 5808 906 5881 ll
940 5810 1289 5881 Ούσιὼσεις.
1326 5813 1536 5881 Scribe,
1568 5815 1800 5881 ἰσώσεις.

796 5879 909 5951 (l6)
953 5879 1034 5937 Ab
1090 5881 1488 5955 ἐλαφροτέρους
1524 5879 1729 5958 usque
1762 5879 1856 5945 ‘ad
1918 5892 2081 5949 linem
2115 5890 2280 5961 huius

2404 5885 2731 5945 ιειὶιυιίυηίς
2752 5885 2892 5945 nihil
2925 5885 3123 5959 legitur
3152 5884 3210 5944 in
3232 5884 3427 5944 codice
3491 5883 3891 5944 Laurentiano.
