4184 6440
118 415 256 479 1013

1186 396 1527 460 TACTICA.
1557 418 1626 433 --
1661 392 2168 456 CONSTITUTIO
2200 396 2330 454 XX.

3241 399 3384 468 1014

181 524 284 594 οβ’.
313 521 451 576 Ἵσθι
473 519 553 584 δὲ,
575 512 621 570 ὣ
640 514 934 587 στρατηγὲ,
956 513 1037 567 ὅτι
1063 510 1268 580 πλῆθος
1288 507 1584 580 δρομώνων
1609 507 1696 561 ἀν-

1879 508 1966 561 72.
2011 507 2306 563 Multitudo
2329 507 2635 564 triremium
2670 511 2898 581 ignavos
2919 510 3070 567 viros
3100 514 3382 572 continen-

113 617 340 686 ἀνδρους
366 615 598 683 ἐχόντων
623 605 963 679 στρατιώτας
983 604 1133 658 οὐδὲν
1153 601 1350 670 ίσχύει,
1381 599 1491 651 οὐδ’
1516 599 1582 652 ἂν
1606 599 1699 650 καὶ⁵

114 709 249 776 πρὸς
263 708 477 774 ὀλίγους
501 703 852 772 μαχήσωνται
871 698 998 760 τοὺς
1018 694 1294 757 ἐναντίους
1313 690 1586 762 ἀνδρείους
1605 689 1699 744 καὶ

113 800 403 869 siqu-510%.
437 793 574 848 Ούτε
599 793 707 864 γὰρ
733 789 1074 860 πολυπληθία
1096 785 1306 856 ἀνδρῶν
1337 783 1480 838 κατά
1500 782 1699 851 ὀλίγων

117 893 352 958 ἰσχύσει,
387 888 435 939 εί
463 886 537 956 μὴ
565 887 656 939 καὶ
684 886 751 953 τῇ
786 881 1068 953 προθυμίᾳ
1093 877 1186 932 καὶ
1202 879 1268 949 τῇ
1292 876 1506 930 ὁπλίσει
1530 886 1698 946 στρα-

113 983 309 1035 τιῶται
332 978 548 1050 ἀληθεῖς
571 976 1007 1030 ἀποδείκνυνται.
1034 971 1098 1024 Τί
1121 970 1230 1040 γὰρ
1254 969 1352 1023 οὐκ
1375 969 1699 1039 ἐργάσονται

113 1073 284 1127 δεινὸν
300 1072 397 1124 καὶ
413 1071 585 1136 ὀλίγοι
603 1067 758 1120 λύκοι
775 1066 912 1135 πρὸς
931 1061 1129 1126 πολλὰς
1149 1060 1392 1132 χιλιάδας
1413 1060 1664 1128 ποιμνίου
1682 1075 1696 1124 ;

182 1170 284 1231 ογ.
349 1161 440 1214 Διὸ
501 1158 606 1232 χρή
659 1175 719 1211 σε
783 1157 917 1226 ὁρᾷν
950 1153 1361 1223 ἀπανταςμετά
1412 1149 1699 1221 ἀκριϐείας

117 1256 338 1323 ἀπάσης
386 1251 453 1306 τά
500 1251 608 1304 τῶν
656 1247 890 1320 ἐχθρῶν,
941 1246 1016 1309 ώς
1043 1246 1366 1308 διάκεινται,
1404 1242 1500 1295 καὶ
1528 1241 1699 1306 οὓτως

113 1348 212 1416 τήν
238 1363 298 1398 τε
335 1345 443 1398 τῶν
475 1340 827 1415 στρατιωτῶν
877 1338 1113 1404 ὅπλισιν,
1159 1337 1254 1391 καὶ
1281 1336 1340 1390 τὸ
1368 1334 1568 1406 πλῆθος
1599 1335 1695 1386 αύ-

113 1439 222 1492 τῶν
258 1437 356 1490 κα¹ι
379 1437 441 1490 τὸ
474 1434 725 1505 μέγεθος,
763 1432 856 1485 καὶ
884 1431 956 1484 τά
985 1431 1122 1483 ἄλλα
1152 1427 1564 1498 ἐπιτηδεύματα
1594 1429 1694 1498 ἀρ-

119 1528 318 1599 μοδίως
348 1527 488 1580 κατὰ
516 1526 624 1578 τῶν
655 1524 916 1578 ἐναντίων
944 1520 1410 1593 παρασκευάζειν.

182 1615 275 1669 οδ¹.
309 1615 496 1684 Ἐχειν
520 1613 574 1666 δὲ
607 1613 701 1667 καὶ
734 1611 964 1683 μικροὺς
991 1611 1272 1681 δρόμωνας
1290 1610 1386 1663 καὶ
1412 1612 1618 1678 ταχεῖς,
1637 1610 1696 1661 ού

116 1707 250 1779 πρὸς
287 1706 524 1777 πόλεμον
565 1703 1027 1774 ἐξωπλισμένους,
1095 1703 1233 1756 ἀλλά
1281 1701 1419 1772 πρὸς
1460 1702 1560 1764 τὰς
1613 1701 1697 1772 βί-

115 1798 271 1864 γλας,
323 1799 421 1852 καὶ
470 1798 539 1852 τά
589 1797 851 1868 μανδάτα,
903 1796 1124 1858 καὶτὰς
1158 1795 1323 1858 ἄλλας
1367 1793 1696 1858 ἀπαντώσας

115 1889 316 1957 ὁμοίως
346 1889 556 1960 χρείας.
598 1888 706 1940 Καὶ
741 1887 858 1940 ἔστι
901 1887 969 1940 τά
1016 1903 1080 1937 τε
1129 1885 1364 1954 μονήρια
1399 1883 1693 1954 λεγόμενα,

117 1980 207 2030 καὶ
242 1978 342 2038 τὰς
372 1977 594 2045 γαλὲας,
646 1976 786 2046 πλὴν
821 1975 914 2029 καὶ
951 1975 1148 2040 αὐτοὺς
1199 1975 1476 2040 ἐνόπλους,
1512 1973 1599 2026 διὰ
1631 1972 1700 2025 τὰ

116 2069 371 2139 τυχηρῶς
406 2068 813 2138 συμπίπτοντα.

181 2166 273 2216 οε’.
308 2162 418 2215 Καὶ
449 2165 505 2214 σὲ
528 2161 584 2214 δὲ
608 2161 770 2215 αὑτὸν
793 2159 883 2214 διὰ
903 2159 1120 2214 πάντων
1139 2153 1281 2213 εἶναι
1301 2159 1384 2212 δεῖ
1411 2159 1700 2212 σπουδαῖον

116 2254 203 2305 καὶ
254 2253 503 2320 γενναῖον
554 2252 648 2304 καὶ
696 2251 975 2320 ἀτάραχον
1008 2250 1103 2303 καὶ
1148 2249 1275 2314 ὀξὺν
1307 2249 1364 2300 ιν
1400 2249 1519 2308 ταῖς
1566 2248 1697 2298 ἀνα-

113 2346 338 2412 γκαίαις
380 2344 616 2414 μάλιστα
657 2344 764 2396 τῶν
805 2345 1148 2414 πραγμάτων
1199 2339 1582 2411 ὲγχειρήσεσίν
1639 2355 1698 2390 τε

115 2439 206 2489 καὶ
250 2437 513 2507 πράξεσιν
544 2436 628 2488 ἵνα
660 2437 749 2489 καὶ
783 2434 903 2504 Θεῷ
953 2435 1268 2504 εὐάρεστος,
1315 2433 1411 2485 καὶ
1456 2434 1521 2500 τῇ
1562 2433 1698 2499 ἡμε-

114 2528 248 2600 τέρᾳ
296 2530 361 2580 ἐκ
406 2527 540 2582 Θεοῦ
583 2527 835 2597 βασιλείᾳ.
885 2512 1186 2597 εύχρηστός
1237 2542 1294 2578 τε
1344 2523 1438 2578 καὶ
1476 2523 1698 2590 δόκιμος

116 2623 413 2690 ἀναφανεὶς
471 2619 775 2693 στρατηγὸς
831 2618 1224 2688 ἀμφοτέρωθεν
1262 2616 1539 2687 κερδήσῃς
1601 2614 1698 2677 τὰς

117 2713 273 2777 ἀξίας
304 2712 412 2764 τῶν
442 2712 618 2764 πόνων
643 2710 902 2782 ἀμοιὸἀς,
930 2710 994 2760 ὲκ
1019 2707 1154 2760 Θεοῦ
1187 2708 1284 2776 μιν
1314 2707 1538 2775 μισθοὺς
1566 2705 1699 2758 ἀθαο

116 2805 306 2868 νάτους
364 2805 504 2874 ὑπὲρ
535 2805 632 2874 τῆς
659 2801 827 2857 αὐτοῦ
875 2799 1241 2871 κληρονομίας
1272 2797 1695 2867 ἀγωνιζόμενος,

117 2895 171 2957 ἐξ
199 2893 365 2962 ἡμῶν
389 2893 444 2944 δὲ
474 2891 756 2960 καὶτιμὰς
794 2891 888 2941 καὶ
917 2889 1125 2959 δωρεὰς
1156 2887 1257 2950 τὰς
1289 2885 1696 2956 προσηκούσας,

120 2985 193 3055 μὴ
229 2983 559 3053 ψευδόμενος
604 2982 701 3051 τὴν
732 2980 947 3049 κλῆσιν,
987 2979 1103 3032 ἀλλ’
1147 2977 1357 3049 ἀληθὴς
1393 2976 1698 3048 στρατηγὸς

117 3073 208 3124 καὶ
253 3073 330 3124 ὢν
371 3073 462 3125 καὶ
519 3068 874 3140 καλούμενος,
903 3066 1144 3120 τοσαῦτα
1191 3069 1444 3136 καὶπερὶ
1482 3083 1695 3136 ναυμα-

117 3163 240 3230 χίας
270 3161 346 3224 ὼς
373 3164 430 3214 ὲν
469 3160 688 3228 συνόψει
723 3158 820 3228 μὲν
849 3157 1084 3228 μετρίως
1113 3157 1372 3227 εἰρήσθω.

612 3249 920 3304 ΔιΑΤΑΞιΣ
960 3247 1024 3302 ις’
1060 3251 1193 3319 (l7).

303 3343 446 3411 Περὶ
473 3343 775 3411 διαφόρων
804 3340 1114 3412 γνωμικῶν
1140 3341 1503 3410 κεφαλαίων.

184 3433 255 3490 α’.
301 3436 458 3489 Μετά
505 3434 560 3486 δὲ
612 3436 710 3496 τὰς
740 3433 1036 3503 εἰρημένας
1089 3432 1464 3503 παραγγελίας
1502 3447 1560 3484 τε
1605 3431 1701 3485 καὶ

116 3528 411 3594 διατάξεις,
445 3522 489 3579 ὦ
533 3526 824 3597 στρατηγὲ,
861 3525 1038 3594 χρεὼν
1066 3525 1133 3594 τῇ
1167 3525 1232 3594 σῇ
1265 3521 1572 3592 ἔνδοξότητι
1606 3522 1702 3574 καὶ

115 3624 231 3683 ταῖς
260 3620 365 3689 ήδη
391 3617 792 3687 ρηθησομὲναις
817 3614 1090 3683 ἐγκρύψαι
1110 3613 1378 3684 γνώμαις,
1400 3613 1463 3676 ἀς
1483 3614 1547 3665 ὲκ
1574 3611 1702 3664 πο).-

115 3714 220 3766 λῶν
273 3711 520 3765 παλαιῶν
557 3709 650 3763 καὶ
687 3707 1070 3778 στρατηγικῶν
1115 3708 1511 3775 συνταγμάτων
1559 3705 1698 3756 ἀνα-

117 3805 406 3873 λεξάμενοι
454 3801 725 3869 συνόψεως
767 3802 928 3870 χάριν
968 3798 1077 3852 τῶν
1115 3798 1423 3868 εἰρημένων
1467 3793 1702 3848 ἐνταῦθα

119 3893 615 3966 παρατεθείκαμεν.
675 3891 768 3945 Ἐκ
809 3888 1015 3944 τούτων
1054 3889 1163 3959 γὰρ
1195 3889 1293 3941 καὶ
1327 3887 1421 3940 ἐπὶ
1451 3886 1546 3949 τὰς
1583 3883 1701 3953 μεί-

119 3990 280 4055 ζονας
313 3984 542 4056 πράξεις
587 3983 686 4053 τῆς
733 3981 998 4053 τακτικῆς
1034 3979 1269 4050 θεωρίας
1304 3978 1570 4048 ἀναΰῆναι
1605 3977 1699 4030 δυ-

116 4082 281 4152 νήσῃ,
317 4079 460 4131 κατὰ
487 4077 578 4129 τὸν
604 4075 768 4144 σοφὸν
803 4075 1213 4145 Παροιμιαστὴν
1243 4072 1470 4143 βασιλέα
1496 4088 1508 4101 ·
1543 4069 1701 4140 Σοφῷ

116 4173 226 4242 γάρ
257 4171 416 4241 ἀνδρὶ
440 4168 664 4240 ἀφορμὴ
687 4169 936 4238 διδομένη
965 4168 1274 4236 σοφώτερον
1297 4167 1696 4234 ἀπεργάζεται.

1802 602 1936 656 tium
1979 601 2191 656 nullius
2218 601 2478 656 momenti
2508 610 2614 665 est,
2659 619 2727 657 ne
2773 604 2817 658 si
2873 602 3139 659 adversus
3172 619 3381 674 paucos

1799 693 2021 763 quidem
2069 709 2134 748 ac
2175 701 2431 749 strenuos
2459 693 2834 748 dimicandum
2883 694 2973 750 sit.
3014 693 3204 766 Neque
3233 699 3378 752 enim

1802 785 2156 842 multitudine
2182 785 2425 840 virorum
2449 793 2546 840 aut
2578 784 2853 856 paucitate
2877 786 3080 841 bellum
3105 787 3380 853 cernitUr,

1801 878 1894 933 sed
1942 878 2227 934 alacritate
2277 885 2332 930 et
2379 878 2704 933 strenuitate
2745 877 2947 934 milites
2980 879 3096 934 veri
3154 880 3385 937 demon—

1801 978 2074 1024 strantur.
2118 967 2260 1033 Quid
2292 967 2438 1023 enim
2471 970 2597 1024 mali
2635 984 2743 1025 non
2789 969 3026 1026 inferent
3071 972 3228 1041 pauci
3268 971 3384 1043 lupi

1801 1073 2098 1131 permagno
2132 1058 2280 1130 gregi
2309 1058 2533 1112 ovium?

1875 1153 1962 1206 75.
2005 1151 2192 1220 Itaque
2223 1166 2311 1208 res
2340 1150 2583 1206 hostium
2631 1152 2925 1223 diligenter
2965 1153 3062 1210 abs
3097 1161 3148 1211 te
3197 1156 3383 1225 perlu-

1801 1243 2044 1299 strandte
2107 1251 2256 1308 sunt,
2304 1251 2359 1299 et
2412 1258 2513 1313 pro
2548 1243 2768 1299 illorum
2802 1245 3018 1301 ratione
3075 1246 3381 1302 triremium

1801 1345 2142 1404 apparatum,
2188 1335 2424 1390 militum
2469 1344 2830 1402 armaturam,
2865 1337 3275 1394 multitudinem
3317 1339 3386 1393 il-

1800 1430 1974 1482 lorum
2004 1437 2059 1482 et
2086 1428 2520 1499 magnitudinem
2545 1469 2558 1493 ,
2617 1429 2936 1498 reliquaque
2970 1431 3157 1485 omnia
3186 1431 3383 1488 idonee

1801 1522 2061 1575 adversus
2087 1535 2280 1576 omnes
2310 1520 2667 1591 praeparabis.

1871 1614 1958 1667 7i.
1985 1612 2199 1668 Habeas
2217 1613 2270 1666 in
2294 1621 2547 1683 promptu
2579 1628 2775 1683 parvas
2791 1613 3044 1670 triremes
3064 1624 3117 1671 et
3142 1632 3384 1683 crassas,

1798 1717 1906 1757 non
1940 1701 2009 1754 ad
2044 1700 2246 1755 bellum
2278 1712 2549 1765 armatas,
2599 1703 2692 1756 sed
2746 1703 2811 1758 ad
2851 1707 3118 1761 excubias
3147 1716 3202 1762 et
3233 1724 3385 1764 com-

1799 1801 2038 1847 meatum
2071 1806 2134 1846 ac
2169 1793 2442 1862 reliquum
2482 1807 2641 1848 usum
2692 1793 2989 1850 bellicum:
3027 1806 3080 1851 et
3104 1798 3270 1854 unius
3297 1814 3385 1855 re-

1805 1899 2017 1939 morum
2052 1885 2266 1940 ordinis
2299 1899 2490 1949 naves,
2524 1899 2663 1954 quas
2709 1886 2894 1956 galeas
2927 1897 3148 1954 vocant,
3179 1905 3386 1962 easque

1803 1979 1974 2033 armis
2001 1977 2303 2033 instructas
2326 1979 2392 2032 ad
2419 1992 2635 2032 omnem
2665 1979 2792 2033 belli
2824 1986 3106 2034 eventum.

1877 2154 1966 2208 75.
2007 2151 2088 2208 Tu
2136 2169 2264 2209 vero
2309 2153 2424 2224 ipse
2467 2155 2523 2210 in
2572 2154 2831 2210 omnibus
2874 2153 3184 2210 industrius
3239 2165 3382 2213 stre-

1802 2261 2054 2315 nuusquc
2101 2245 2200 2310 sis,
2227 2255 2280 2301 et
2314 2260 2441 2300 aeer
2469 2244 2803 2315 sedatusquc
2841 2245 2894 2300 in
2927 2245 3184 2302 omnibus
3218 2248 3384 2303 rebus

1802 2338 2183 2408 aggrediendis
2209 2345 2374 2408 atque
2396 2338 2756 2405 instruendis,
2784 2348 2843 2393 ut
2878 2338 2990 2395 Deo
3012 2341 3381 2411 complacitus

1804 2431 2176 2501 probatusque
2227 2432 2326 2487 tias
2363 2432 2688 2502 imperator,
2729 2439 2783 2486 et
2826 2431 3084 2500 utrinque
3129 2432 3379 2488 laborum

1802 2533 2048 2595 reportes
2070 2523 2291 2595 dignam
2329 2525 2636 2581 mercedem
2659 2565 2674 2591 ,
2706 2540 2735 2578 a
2767 2523 2876 2581 Deo
2905 2525 3126 2594 quidem
3155 2525 3385 2580 immor-

1802 2618 1987 2678 talem,
2014 2616 2142 2686 quia
2173 2616 2297 2685 ejus
2324 2623 2528 2672 sortem
2584 2617 3010 2687 religionemque
3043 2633 3381 2688 prepugnas,

1801 2725 1830 2761 a
1867 2708 2021 2762 nobis
2056 2723 2183 2762 vero
2221 2723 2444 2762 munera
2476 2709 2823 2779 honoresque
2855 2709 3106 2774 idoneos,
3135 2710 3382 2764 vocatio-

1802 2815 1923 2852 nem
1959 2808 2108 2852 tuam
2145 2800 2297 2852 nullo
2329 2799 2492 2854 modo
2526 2799 2827 2862 frustraris,
2883 2800 2978 2855 scd
3025 2815 3084 2855 rc
3129 2808 3182 2855 et
3216 2801 3383 2857 verbo

1799 2906 1961 2945 verus
2016 2891 2314 2959 imperator
2359 2891 2436 2947 sis
2486 2899 2650 2962 atque
2720 2892 2997 2947 Italicaris.
3050 2891 3114 2946 Et
3157 2893 3272 2948 [me
3317 2893 3387 2948 de

1802 2985 1982 3038 navali
2031 2984 2218 3055 praelio
2268 3000 2367 3055 pro
2434 2985 2722 3043 brevitatis
2776 2987 2991 3043 ratione
3043 2987 3180 3044 satis
3237 2988 3386 3042 dicta

1801 3078 1931 3133 sint.

2264 3256 2734 3314 CONSTITUTIO
2797 3257 2916 3315 XX.

1909 3349 2248 3404 Diversarum
2281 3352 2667 3405 sententiarum
2699 3351 3018 3404 militarium
3045 3366 3275 3405 summa.

1875 3441 1926 3496 1.
1973 3441 2239 3512 Deinceps
2267 3450 2391 3513 post
2425 3443 2538 3496 haec
2574 3451 2841 3512 praecepta
2870 3441 3386 3513 institutionesquc,

1802 3535 1857 3589 in
1905 3534 2006 3590 has
2057 3535 2360 3590 sententias
2409 3534 2700 3604 diligenter
2737 3535 3068 3605 intueberis,
3121 3551 3258 3606 quas
3317 3551 3382 3590 ex

1803 3627 1992 3682 multis
2022 3637 2072 3680 et
2106 3625 2351 3696 antiquis
2392 3626 2458 3680 de
2502 3641 2560 3681 re
2595 3627 2819 3680 militari
2853 3627 3011 3683 libris
3043 3628 3385 3700 collegimus,

1805 3727 1858 3774 et
1913 3717 2002 3772 hic
2028 3717 2312 3773 brevitatis
2351 3734 2516 3773 causa
2555 3719 2953 3773 collocavimus
2986 3735 2998 3770 :
3033 3735 3097 3774 ex
3138 3722 3203 3776 iis
3237 3723 3384 3776 enim

1807 3810 1872 3864 ad
1911 3809 2177 3878 majorem
2221 3809 2297 3863 rei
2335 3809 2589 3864 militaris
2622 3809 2908 3863 scientiam
2964 3811 3249 3880 pervenire
3289 3829 3387 3881 po-

1805 3903 1938 3957 teris
1973 3921 1985 3956 :
2019 3901 2481 3971 quemadmodum
2535 3903 2754 3971 sapiens
2803 3918 2894 3956 rex
2954 3902 3383 3962 Proverbiorunt

1801 3994 2325 4048 conficientissimus
2373 3993 2506 4047 dicit
2537 4007 2554 4046 :
2586 3993 2714 4048 Haec
2749 3994 2919 4057 enim,
2950 3994 2994 4046 si
3044 3995 3264 4064 sapiens
3302 3996 3387 4050 vit‘

1802 4099 1909 4138 non
1942 4084 2105 4150 adsit,
2139 4084 2528 4154 sapientiorem
2561 4094 2743 4140 tamen
2769 4097 2819 4140 te
2850 4085 3109 4140 facient‘.

189 4263 256 4331 β’.
305 4263 394 4313 Ἐν
440 4259 678 4330 πρώτοις
720 4259 820 4328 μὲν
842 4259 1113 4327 ἐγχειρεῖν
1147 4256 1353 4326 μέλλων
1385 4256 1702 4323 ἀναγκαίων

120 4351 487 4425 πραγμάτων,
535 4345 580 4402 ὦ
621 4349 930 4419 στρατηγὲ,
971 4348 1048 4418 μὴ
1097 4346 1296 4417 χώριζε
1341 4347 1566 4399 σεαυτὸν
1604 4345 1697 4399 τοῦ

120 4443 360 4513 πλήθους
408 4439 515 4494 τῶν
565 4440 623 4490 ιν
654 4440 766 4500 τοῖς
823 4436 1002 4507 ἐργοις
1051 4435 1377 4502 πονούντων,
1424 4435 1561 4488 ἀλλὰ
1604 4437 1697 4488 καὶ

1802 4446 2157 4503 θοιιίίρῑεηιίιιι
2191 4445 2528 4516 suscipiunt,
2565 4444 2660 4500 sed
2688 4452 2741 4500 et
2773 4445 2889 4514 ipse
2916 4459 3136 4516 quoque
3169 4446 3387 4505 labora-

119 4538 280 4600 αὐτὸς
305 4533 554 4601 ἀπάρχου
583 4529 691 4582 τῶν
719 4528 977 4580 τοιούτων
1004 4529 1394 4597 ἐγχειρήσεων,
1428 4528 1521 4580 καὶ
1558 4543 1696 4596 συμ-

1805 4539 1910 4601 bis,
1963 4548 2017 4593 et
2044 4538 2168 4594 illos
2199 4546 2466 4609 quantum
2502 4547 2662 4608 potes
2690 4538 2744 4591 in
2773 4552 2938 4607 opere
2969 4537 3219 4593 faciendo
3258 4553 3387 4606 pro-

119 4631 269 4682 πόνει
308 4628 421 4688 τοῖς
453 4625 633 4693 ἔργοις
667 4621 810 4674 κατά
833 4619 891 4673 τὸ
920 4620 1148 4673 δυνατόν
1193 4635 1292 4680 σοι,
1321 4619 1430 4687 εἴτε
1457 4619 1697 4688 τάφρους

1811 4630 2078 4691 movebis,
2113 4629 2230 4685 sive
2261 4629 2443 4684 fossas
2476 4628 2667 4693 duces,
2704 4629 2816 4683 sive
2850 4644 2946 4686 cas
2981 4629 3177 4688 ductas
3224 4646 3389 4701 exag-

117 4721 403 4791 ὀρύσσεις,
431 4717 540 4770 εἴτε
586 4712 1014 4784 προσχωννύεις,
1051 4714 1106 4765 εί
1128 4729 1187 4764 τε
1211 4711 1552 4782 πολιορκίαις
1576 4711 1697 4762 επι-

1808 4739 1987 4794 gcres,
2025 4723 2135 4775 sive
2159 4720 2504 4777 obsidionem
2527 4761 2542 4786 ,
2577 4721 2694 4776 sive
2726 4735 3006 4776 armorum
3039 4730 3389 4791 apparatum,

119 4816 356 4876 ϐάλλεις,
384 4813 492 4865 εἴτε
512 4809 692 4864 ὃπλων
716 4808 1099 4870 κατασκευαῖς,
1126 4805 1234 4858 εἴτε
1264 4804 1697 4874 μηχανημάτων,

1808 4817 1923 4870 sive
1955 4814 2423 4868 machinationum
2470 4814 2891 4868 instructionem
2946 4813 3230 4880 adhibeas,
3270 4815 3390 4869 sive

119 4910 230 4961 εἴτε
282 4903 561 4976 φρουρίων
608 4900 864 4962 ἀλώσεσι,
913 4898 1050 4968 πρὸς
1079 4899 1182 4950 ιῐτι
1227 4897 1384 4967 ἔργον
1443 4894 1697 4967 χρειῶδες

1808 4907 2028 4961 castella
2062 4905 2325 4975 capienda
2365 4905 2464 4960 tibi
2502 4907 2628 4967 sint.
2689 4907 2803 4959 sive
2844 4906 3065 4975 aliquod
3109 4920 3249 4975 opus
3280 4921 3386 4975 pue-

1876 4263 1929 4316 2.
1975 4261 2029 4314 in
2058 4262 2250 4330 primis
2281 4269 2462 4314 autem
2507 4261 2727 4331 aliquod
2781 4264 3058 4332 negotium
3093 4272 3387 4335 susceptu-

1803 4367 1919 4416 rus,
1957 4367 2024 4405 nc
2056 4362 2105 4405 te
2140 4353 2208 4406 ab
2253 4352 2318 4406 iis
2350 4368 2603 4422 segreges
2633 4351 2725 4419 qui
2767 4351 3006 4406 laborem
3043 4351 3275 4422 alicujus
3308 4353 3386 4409 rei

123 4997 433 5067 ὶπινοήσεις
468 4994 564 5048 καὶ
611 4990 998 5060 κοινωφελὶςὴ
1037 4990 1212 5055 πόλει,
1261 4989 1295 5060 ἢ
1328 4987 1697 5059 στρατεύματι

1803 5000 2000 5054 blicum
2036 5009 2199 5068 atque
2226 4998 2359 5052 utile
2397 4998 2819 5068 excogitaveris,
2885 5008 2976 5052 aut
3007 4999 3060 5051 in
3087 5000 3390 5054 exercitum
3471 5013 3473 5015 ‘

122 5091 599 5165 πραχθησόμενον,
647 5089 839 5144 τούτου
885 5089 1074 5159 χερσὶν
1125 5089 1236 5158 (i8)
1277 5088 1433 5151 ἰδίαις
1486 5085 1697 5158 πρῶτος

1805 5099 1897 5144 aut
1925 5089 1976 5143 in
2005 5089 2284 5145 civitatem
2315 5087 2653 5154 faciendum,
2719 5089 2818 5143 hoc
2842 5089 3078 5158 primum
3126 5088 3238 5143 tuis
3268 5103 3388 5143 ma-

125 5189 400 5256 ἀπάρχου.
445 5185 545 5238 Ἐκ
588 5183 779 5237 τούτου
830 5182 939 5252 γὰρ
966 5181 1153 5251 ὥσπερ
1185 5179 1495 5250 αἰδούμενοι
1531 5180 1627 5232 καὶ¹
1656 5180 1697 5232 ol

1807 5183 1969 5237 nibus
2005 5181 2278 5250 incipias:
2309 5195 2432 5234 nam
2469 5180 2547 5234 illi
2583 5180 2637 5233 in
2693 5179 2957 5249 pudorem
2999 5177 3388 5247 conjicientur,

127 5278 458 5351 στρατιῶται
502 5274 830 5347 θερμότερόν
886 5290 975 5326 σοι.
1018 5272 1441 5337 ὑπακούσονται,
1490 5272 1585 5325 καὶ
1645 5271 1697 5324 τὲ

1811 5275 1915 5330 nisi
1944 5275 1997 5328 in
2032 5290 2195 5343 opere
2222 5261 2510 5344 diligentes
2549 5274 2774 5340 fuerint,
2804 5282 2858 5329 et
2889 5273 3126 5327 alacrius
3161 5271 3256 5328 tibi
3289 5270 3386 5327 ob—

127 5371 502 5441 πραττόμενον
547 5367 934 5440 εὐχερέστερον
979 5367 1386 5437 τελεσθήσεται,
1429 5366 1491 5418 Et
1522 5365 1578 5418 δέ
1621 5383 1697 5428 τις

1813 5367 2211 5436 temperabunt,
2245 5374 2297 5419 et
2331 5368 2609 5435 negotium
2644 5373 2962 5434 susceptum
3009 5362 3226 5417 facilius
3255 5376 3386 5416 con-

125 5463 213 5517 καὶ
241 5462 352 5516 τῶν
381 5459 700 5530 ἐπιτηδείων
724 5459 921 5522 σπάνις
955 5456 1256 5525 ἐνοχλήσει,
1293 5457 1506 5528 πρῶτος
1542 5456 1697 5519 αὐτὸς

1815 5457 2045 5511 iicietur.
2085 5457 2180 5511 Sin
2233 5456 2412 5524 aliqua
2461 5467 2800 5511 commeatus
2841 5453 3048 5523 inopia
3075 5451 3382 5509 exercitum

198 5640 209 5669 ¹
257 5639 416 5693 Prov.
445 5655 482 5699 ι,
523 5637 586 5702 5;
618 5652 710 5703 ιιι,
741 5636 794 5692 5.

1624 5724 1850 5783 iVUTA‘J.

195 5824 306 5894 H7)
343 5825 400 5878 In
429 5823 621 5880 codice
648 5824 904 5879 Laurent.
938 5830 1159 5891 estcap.
1213 5823 1290 5876 l3.

1872 5823 1980 5882 (l8)
2026 5818 2263 5886 Χρμσίν.
2301 5817 2678 5881 διτίὺεὶιιιιυν,
2714 5813 2880 5885 χεσίν.
