4184 6440
727 409 863 473 1015

1954 397 2149 462 LEON
2156 396 2227 461 IS
2266 397 2727 466 PIIILOSOPHI

3837 399 3977 468 1016

722 517 1021 580 vexaverit,
1048 515 1257 584 primus
1300 522 1356 567 tu
1397 514 1812 583 temperantiam
1861 525 1926 566 ac
1953 512 2282 566 moderatio-

2415 511 2486 579 ῆς
2511 510 2835 582 ἐγκρατείας
2862 514 2956 586 τὴν
2984 517 3282 587 καρτερίαν
3307 516 3594 584 ἐπίδειξον,
3622 517 3705 571 ἴνα
3731 521 3826 571 καὶ
3859 524 3971 584 τοῖς

724 626 846 666 nem
877 609 931 662 in
957 608 1103 660 victu
1136 604 1536 668 demonstrato,
1567 603 1796 671 reliquis
1826 601 2093 657 militibus
2128 601 2298 655 levio-

724 718 837 758 rem
856 708 909 756 et
925 697 1223 752 faciliorem
1240 710 1422 750 rerum
1442 695 1872 751 necessariarum
1888 696 2294 765 perpessionem

723 795 948 849 elIicias.
1006 789 1113 844 Seu
1160 790 1215 843 iu
1261 788 1512 843 cominus
1558 789 1916 844 conserendis
1951 788 2227 853 manibus,
2266 804 2295 841 a

724 882 1077 938 dimicatione
1104 882 1338 951 teipsqu
1367 880 1607 943 retrahe,
1633 888 1694 935 ut
1730 881 1965 938 consilio
1995 888 2051 935 et
2086 881 2297 935 deseri-

732 975 919 1043 ptione
962 987 1167 1035 rerum,
1200 972 1517 1039 reliquaque
1553 970 2061 1035 administratione,
2085 973 2137 1025 in
2181 973 2295 1041 ipsa

728 1062 997 1132 temporis
1038 1060 1446 1130 Opportunitate
1498 1062 1798 1116 exercitum
1842 1060 2036 1130 juvare
2089 1063 2293 1131 possis.

724 1151 913 1221 Neque
943 1164 1072 1205 vero
1115 1150 1576 1220 iueircumspecte
1623 1160 1715 1205 aut
1740 1149 2067 1219 periculose,
2107 1150 2212 1204 nisi
2251 1150 2294 1204 si

726 1239 1031 1295 necessitas
1065 1238 1416 1292 vehementer
1466 1250 1677 1309 urgeat,
1719 1255 1842 1294 cum
1884 1239 2136 1295 hostibus
2174 1254 2300 1293 eon-

726 1348 882 1388 seras
930 1346 1162 1385 manus:
1204 1345 1316 1384 non
1351 1333 1494 1385 enim
1546 1342 1795 1394 tantum,
1841 1333 2296 1401 quemadmodum

726 1438 891 1492 supra
942 1422 1079 1488 dixi,
1128 1422 1419 1491 pugnando
1460 1421 1632 1476 aciem
1677 1421 1989 1491 adiuvabis,
2029 1432 2298 1490 quantum

729 1514 976 1570 radendo
1005 1514 1187 1568 laedes.
1223 1512 1373 1578 Quod
1398 1510 1643 1568 futurum
1669 1523 1752 1569 est
1789 1523 1995 1579 autem,
2030 1513 2299 1567 incertum

726 1612 830 1659 est.

796 1696 853 1748 3.
889 1692 1065 1748 Mores
1101 1692 1179 1747 tui
1215 1700 1268 1748 et
1302 1707 1486 1748 rerum
1520 1691 1847 1762 agendarum
1884 1692 2124 1747 studium
2162 1692 2298 1746 mili-

729 1786 873 1840 tibus
904 1787 1011 1840 tuis
1043 1786 1177 1854 legis
1208 1785 1325 1839 vice
1354 1785 1464 1839 sint
1497 1801 1510 1837 :
1546 1785 1619 1837 ita
1650 1783 1828 1845 enim,
1861 1787 1955 1852 qui
1987 1784 2082 1837 tibi
2113 1784 2300 1852 subje-

2400 602 2504 655 ύπὸ
2536 607 2695 675 χεῖρα
2741 606 2949 677 κούφην
2989 610 3083 661 καὶ
3121 608 3497 676 εύκολωτέραν
3547 610 3645 679 τὴν
3700 610 3981 682 ὑπομονὴν

2398 694 2497 764 τῆς
2538 695 2785 766 ἀνάγκης
2824 699 3051 769 ἐργάσῃ.
3095 700 3185 751 Ἐν
3230 700 3286 752 δὲ
3330 702 3450 763 ταῖς
3498 703 3639 756 κατά
3673 704 3767 764 τὰς
3795 703 3979 772 μάχας

2403 784 2766 855 παραὸούλοις
2795 791 2857 841 ἑκ
2882 790 3065 859 χειρὸς
3092 790 3433 859 συμπλοκαῖς
3463 791 3701 861 φύλασσε
3732 796 3979 857 σεαυτὸν,

2400 876 2486 930 ἵνα
2515 879 2579 947 τῇ
2629 878 2728 947 μὲν
2759 880 2953 951 γνώμῃ
2989 880 3086 933 καὶ
3122 883 3187 950 τῇ
3221 883 3463 949 διατάξει
3516 884 3609 935 καὶ
3634 887 3755 948 ταῖς
3786 885 3982 949 ἄλλαις

2398 967 2795 1040 διευθετήσεσιν
2826 972 2885 1023 ὲν
2910 971 3059 1040 αὐτῷ
3088 972 3165 1042 τῷ
3189 972 3305 1039 όξετ
3331 973 3425 1028 τοῦ
3452 976 3648 1045 καιροῦ
3684 981 3985 1050 συμπαρῇς

2404 1061 2524 1130 μὲν,
2571 1063 2665 1115 καὶ
2702 1063 2811 1116 τῶν
2837 1063 3096 1117 τοιούτων
3134 1064 3360 1134 ἀγώνων
3405 1068 3650 1139 εφάπτῃ,
3687 1068 3762 1140 μὴ
3793 1071 3983 1140 μέντοι

2400 1151 2727 1218 ἀφυλάκτως
2764 1152 2909 1207 οὕτω
2961 1155 3053 1207 καὶ
3111 1156 3490 1223 ἐπικινδύνως,
3520 1160 3608 1212 ὅτε
3664 1160 3739 1230 μὴ
3786 1162 3982 1215 τούτου

2400 1244 2560 1311 χρεία
2587 1244 2762 1311 καλετ,
2806 1246 2892 1299 διὰ
2946 1248 3145 1317 χειρῶν
3193 1248 3441 1323 ὲμπλέκῃ
3491 1252 3605 1309 τοῖς
3659 1253 3970 1325 πολεμίοις.

2402 1333 2476 1385 Ού
2504 1333 2758 1388 τοσοῦτον
2782 1337 2912 1406 γὰρ,
2943 1336 3017 1400 ῶς
3048 1354 3137 1407 μοι
3173 1339 3267 1392 καὶ
3298 1342 3410 1393 ἀνω
3436 1357 3539 1394 που
3569 1341 3808 1413 εἴρηται,
3839 1363 3983 1415 cup.-

2403 1423 2736 1495 πλεκόμενος
2765 1426 2839 1491 ὡς
2868 1423 2950 1492 εἷς
2988 1429 3100 1482 τῶν
3133 1431 3484 1501 στρατιωτῶν
3508 1432 3833 1505 ὠφελήσεις,
3859 1437 3986 1489 ὅσον

2403 1513 2456 1566 εί
2475 1530 2540 1577 γε
2571 1517 2754 1587 συμϐῇ
2791 1534 2843 1571 τι
2864 1519 3108 1577 τοιοῦτον
3129 1520 3311 1574 πεσὼν
3339 1520 3585 1592 βλάψεις.
3617 1524 3691 1577 Τὸ
3717 1525 3828 1597 γὰρ
3852 1526 3983 1596 μέλ-

2403 1607 2493 1659 λον
2521 1607 2773 1678 ἀόρατον.

2473 1694 2543 1765 γ’.
2573 1698 2758 1768 Νόμος
2775 1701 3021 1769 γινέσθω
3038 1705 3153 1767 τοῖς
3186 1705 3568 1774 στρατιώταις,
3603 1700 3649 1761 ῶ
3682 1710 3983 1780 στρατηγὲ,

2405 1788 2647 1860 δτρόπος
2676 1793 2704 1845 ὀ
2735 1794 2850 1860 σδς,
2886 1795 3034 1866 καὶὴ
3065 1797 3195 1866 περὶ
3231 1799 3304 1851 τὰ
3351 1800 3601 1869 πρακτέα
3630 1801 3834 1871 σπουδή
3866 1817 3949 1854 σοι
3970 1842 3983 1855 .

727 1877 799 1929 eti
826 1884 975 1940 sunt,
1006 1875 1353 1945 imperatoris
1375 1875 1460 1928 sui
1485 1875 1738 1927 virtutem
1764 1874 1948 1926 animo
1971 1880 2299 1941 repetentes,

2415 1851 2593 1943 Οὕτως
2609 1851 2848 1952 γὰρτῆς
2866 1883 2962 1937 τοῦ
2991 1851 3192 1937 οίκείου
3217 1851 3477 1955 ἄρχοντος
3533 1851 3834 1958 ἀρεὲῆξί

730 1966 897 2021 Deum
925 1967 1127 2028 colent.
1152 1966 1412 2034 imperata
1440 1963 1664 2032 facient,
1688 1974 1741 2020 et
1766 1979 1825 2020 ea
1854 1965 2013 2034 quasi
2040 1963 2304 2019 divinitus

732 2059 1009 2128 proposita
1042 2058 1360 2126 explebunt.

796 2230 853 2285 ὁ.
896 2227 1000 2284 Ubi
1040 2228 1270 2283 militum
1308 2243 1505 2298 magna
1542 2229 1831 2284 multitudo
1868 2246 2034 2284 unum
2070 2231 2312 2301 aliquem

731 2320 787 2374 in
821 2312 1001 2373 locum
1035 2319 1382 2382 convenerit,
1420 2318 1639 2373 illorum
1671 2320 1868 2375 delicta
1906 2321 2100 2375 leniter
2134 2329 2188 2374 et
2222 2337 2308 2376 se-

731 2411 859 2466 dato
893 2409 1078 2464 anitno
1110 2408 1285 2473 feras,
1319 2424 1494 2477 neque
1519 2409 1731 2477 judicia
1763 2412 1923 2466 nimis
1953 2427 2141 2466 severa
2179 2426 2318 2467 cru-

729 2503 982 2571 deliaqne
1017 2500 1209 2563 facias.
1242 2510 1298 2554 ut
1332 2516 1401 2555 ne
1434 2501 1743 2555 communis
1778 2501 1935 2555 dolor
1968 2502 2019 2555 in
2055 2518 2306 2572 magnam

734 2589 1203 2664 perturbationem
1233 2599 1285 2645 et
1317 2592 1529 2646 ordinis
1562 2591 1944 2647 confusionem
1979 2593 2101 2647 illos
2130 2595 2307 2663 conji-

732 2683 862 2747 ciat,
896 2683 991 2738 sed
1021 2682 1349 2752 pedetentim
1384 2684 1438 2737 in
1468 2692 1725 2738 auctores
1756 2684 1950 2738 horum
1980 2685 2309 2755 ﬂagitiorum

735 2769 1171 2829 animadvertere
1204 2782 1441 2843 oportet.

804 2950 860 3006 5.
902 2949 1133 3008 Sobrius
1164 2966 1227 3007 ac
1250 2951 1481 3021 vigilans
1510 2952 1609 3015 sis,
1638 2952 1954 3022 imperator,
1984 2962 2096 3008 tum
2127 2954 2314 3010 multis

732 3042 858 3099 aliis
890 3042 958 3098 de
991 3041 1210 3106 causis,
1247 3051 1358 3094 tum
1393 3044 1472 3096 vel
1514 3046 1782 3106 maxime,
1817 3052 1875 3097 ut
1909 3044 1965 3100 in
1996 3047 2139 3100 victu
2174 3047 2314 3102 sim-

2411 1971 2614 2041 χείριος
2638 1974 3007 2045 μεμνημένος,
3044 1978 3255 2031 καὶτὸν
3307 1978 3441 2032 Θεὸν
3496 1979 3851 2051 θεραπεύσει,
3892 1980 3987 2035 καὶ

2407 2066 2521 2126 τοῖς
2555 2064 2933 2135 κελευομένοις
2972 2066 3363 2136 ὑπακούσεται,
3396 2070 3490 2123 καὶ⁵
3544 2070 3621 2135 ὡς
3688 2073 3798 2126 ἀπὸ
3851 2069 3986 2126 Θεοῦ

2410 2152 2583 2207 ταῦτα
2611 2152 2900 2226 δεχόμενος
2923 2157 3155 2213 τελέσει.

2482 2244 2544 2299 δ’.
2573 2248 2742 2301 Ὀταν
2779 2248 2841 2302 τὸ
2873 2249 3082 2318 πλῆθος
3115 2251 3224 2305 τῶν
3252 2255 3600 2323 στρατιωτῶν
3650 2255 3741 2309 ἐπὶ
3770 2258 3870 2310 ἕνα
3901 2260 3990 2312 τό·

2414 2352 2513 2388 πον
2546 2338 2806 2410 συναχθῇ,
2837 2343 2959 2393 τότε
2987 2341 3151 2395 δεῖσε
3175 2345 3246 2396 τά
3271 2346 3403 2417 παρ’
3450 2345 3629 2398 αὐτῶν
3676 2348 3993 2418 ἁμαρτανόὲ

2416 2442 2551 2496 μενα
2576 2430 2946 2502 μακροθύμως
2970 2433 3179 2504 φέρειν,
3204 2437 3301 2489 καὶ
3345 2437 3418 2509 μὴ
3460 2440 3560 2502 τὰς
3614 2434 3996 2505 ὲπεξελεύσεις

2412 2519 2505 2571 καὶ
2531 2522 2884 2592 κατακρίσεις
2916 2526 3325 2598 ἀπαραιτήτους
3355 2531 3648 2595 ποιεῖσθαι,
3705 2531 3796 2586 ἵνα
3839 2535 3918 2603 μὴ
3945 2537 3979 2604 ἡ

2414 2610 2567 2681 κοινὴ
2598 2610 2742 2682 λύπη
2792 2616 2873 2678 είς
2905 2615 3164 2687 σύναραιν
3218 2620 3314 2673 καὶ
3344 2621 3572 2686 ἀταξίαν
3623 2627 3841 2699 συνάψῃ
3885 2629 3985 2680 αύο

2413 2700 2558 2763 τοὺς,
2583 2700 2722 2755 ἀλλά
2755 2707 2875 2757 κατ’
2901 2706 3081 2773 ὀλίγον
3121 2709 3323 2778 μᾶλλον
3341 2712 3482 2765 κατά
3520 2713 3628 2765 τῶν
3664 2732 3989 2786 προκαταρ-

2416 2787 2622 2854 ξάντων
2651 2793 2761 2846 τῶν
2794 2794 3052 2850 τοιούτων
3081 2798 3499 2871 ἁμαρτημάτων
3552 2806 3827 2859 ποιεῖσθαι
3894 2807 3997 2879 τὴν

2427 2881 2730 2939 παίδευσιν.

2487 2972 2550 3029 ε’.
2580 2977 2792 3045 Νήψειν
2821 2980 2915 3033 καὶ
2948 2980 3272 3053 ἧγρηγορεῖν
3312 2986 3406 3039 καὶ
3445 2987 3576 3058 πρὸς
3616 2991 3686 3043 τὰ
3717 2992 3856 3045 ἄλλα
3909 3006 4003 3047 κε-

2419 3065 2647 3136 λεύομεν
2679 3085 2781 3132 σοι,
2814 3066 2859 3123 ῶ
2888 3076 3183 3145 στρατηγὲ,
3212 3076 3268 3128 τὸ
3292 3076 3348 3129 δὲ
3373 3078 3554 3144 πλέον,
3583 3078 3725 3134 ὥστε
3765 3100 3825 3135 σε
3855 3075 3999 3138 εἶναι

735 3134 895 3204 plex,
934 3134 988 3188 in
1033 3135 1244 3204 reliqua
1281 3136 1389 3187 vita
1437 3134 1704 3190 militibus
1745 3137 1854 3192 tuis
1894 3140 2176 3208 expositus
2213 3141 2309 3196 sis.

2421 3134 2623 3210 ἁπλοῦν
2640 3161 2698 3211 ὲν
2718 3163 2782 3230 τῇ
2809 3134 3197 3234 διαγῶγῇίκαλ
3236 3166 3413 3220 κοινὸν
3440 3169 3499 3221 ἓν
3536 3134 3603 3241 τῇ
3626 3168 3812 3245 διαίτῃ

736 3225 1025 3281 Paternum
1060 3240 1219 3296 geras
1249 3242 1379 3294 erga
1414 3226 1535 3282 illos
1572 3228 1823 3281 allectum
1861 3247 1874 3281 :
1903 3246 2027 3285 cum
2060 3233 2208 3286 omni
2245 3233 2317 3287 le-

734 3319 905 3373 nitate
929 3319 1110 3371 omnia
1145 3326 1257 3371 tum
1288 3315 1475 3381 facito,
1505 3328 1616 3371 tum
1649 3318 1839 3383 dicito,
1868 3321 1971 3375 nisi
2004 3324 2316 3377 necessaria

734 3410 916 3480 aliqua
946 3423 1114 3464 causa
1149 3420 1199 3462 te
1229 3406 1295 3461 ad
1328 3408 1676 3462 severitatem
1711 3418 1883 3463 vocet.
1919 3409 1993 3465 De
2024 3412 2189 3467 rebus
2218 3429 2316 3468 ne-

736 3500 999 3554 cessariis
1024 3511 1238 3567 semper
1262 3513 1358 3566 per
1382 3505 1435 3551 te
1460 3498 1601 3567 apud
1631 3498 1750 3552 illos
1778 3500 1942 3553 verba
1967 3500 2159 3557 facias.
2186 3501 2320 3559 Pro-

735 3591 955 3646 cutabis
990 3588 1191 3653 etiam,
1225 3593 1281 3643 u’t
1314 3590 1462 3643 nulla
1494 3604 1629 3644 cura
1658 3606 1841 3645 rerum
1878 3595 2313 3649 necessariarum

734 3680 1122 3747 sollicitentur,
1148 3689 1242 3735 aut
1264 3690 1604 3736 commeatus
1627 3683 1969 3751 aliorumque
1991 3684 2172 3754 inOpia
2196 3702 2316 3756 pre-

737 3783 979 3828 mantur.
1020 3772 1207 3842 Neque
1243 3772 1386 3827 enim
1416 3772 1609 3828 ordine
1650 3773 1834 3843 aliquo
1877 3775 2148 3832 contineri
2194 3794 2317 3847 pos-

737 3876 886 3933 sunt,
928 3867 1035 3920 nisi
1084 3867 1195 3920 haec
1240 3865 1554 3920 necessaria
1596 3868 1777 3920 omnia
1823 3868 1931 3924 illis
1979 3869 2045 3923 ad
2095 3885 2316 3925 manum

737 3960 863 4014 si'nt.
906 3956 963 4013 ιιι
1000 3959 1166 4028 justis
1215 3958 1501 4027 suppliciis
1547 3956 1841 4013 inferendis
1886 3962 2149 4017 terribilis
2197 3964 2317 4018 aliis

738 4051 839 4104 sis.
870 4048 1028 4103 Initia
1062 4055 1114 4102 et
1146 4063 1342 4103 causas
1374 4048 1703 4101 tumnltunm
1737 4058 1790 4104 et
1819 4050 2148 4107 seditionum
2184 4070 2317 4123 prmo

735 4142 911 4203 cidas,
939 4149 1115 4209 neque
1134 4148 1419 4209 exspectes
1446 4139 1573 4192 dum
1606 4140 1659 4193 in
1690 4141 1865 4209 majus
1890 4153 2161 4198 crescant.
2189 4148 2318 4201 Haec

736 4231 882 4285 enim
916 4229 1266 4297 imperatoria
1297 4228 1471 4282 virtus
1500 4237 1623 4293 est,
1654 4240 1994 4285 constantem
2026 4241 2080 4287 et
2105 4233 2314 4302 justum

739 4315 1008 4373 militibus
1042 4312 1229 4379 videri,
1266 4328 1317 4370 et
1352 4330 1419 4370 ex
1454 4315 1569 4370 suis
1603 4316 1800 4371 linibus
1837 4318 2162 4388 injustitiam
2200 4337 2318 4377 om-

2422 3248 2530 3301 τῶν
2560 3248 2664 3301 ὑπὸ
2691 3250 2751 3303 σὲ
2770 3254 3139 3321 στρατιωτῶν.
3158 3256 3266 3309 Καὶ
3281 3259 3560 3329 πατρικήν
3585 3277 3646 3313 σε
3674 3261 3822 3332 ἔχειν
3848 3281 4006 3336 στορο

2422 3336 2527 3406 γὴν
2561 3339 2696 3407 πρὸς
2726 3339 2946 3406 αὐτούς,
2986 3342 3126 3412 μετὰ
3154 3344 3460 3415 πραότητος
3484 3349 3580 3401 καὶ
3606 3349 3676 3402 τὰ
3730 3352 4002 3422 πράγμα-

2420 3444 2490 3481 τα
2534 3431 2628 3483 καὶ
2650 3431 2777 3493 τοὺς
2795 3431 2986 3499 λόγους
3014 3434 3356 3505 ποιούμενον,
3390 3440 3438 3491 εἰ
3467 3439 3541 3510 μή
3584 3457 3669 3505 τις
3727 3443 4007 3513 ἀναγκαῖα

2422 3519 2580 3588 χρεία
2608 3522 2702 3572 καὶ
2721 3523 3073 3592 συμφέρουσα
3110 3526 3247 3597 πρὸς
3274 3528 3592 3599 τραχύτητά
3639 3548 3699 3585 σε
3759 3535 4005 3590 καλέσει.

2422 3606 2541 3676 Χρὴ
2574 3606 2633 3659 δὲ
2669 3608 2764 3661 καὶ
2797 3611 3035 3680 συνεχῶς
3063 3613 3152 3667 διά
3186 3618 3414 3669 σεαυτοῦ
3444 3618 3515 3672 τά
3547 3621 3677 3691 περὶ
3704 3622 3817 3677 τῶν
3842 3624 4009 3691 ἀναγ-

2422 3694 2594 3747 καίων
2619 3697 2806 3761 αύτοῖς
2835 3706 3122 3770 παραινεῖν
3159 3707 3255 3759 καὶ
3284 3707 3654 3773 διαλέγεσθαι.
3686 3714 4013 3782 Φροντίτες

2419 3785 2477 3837 δὲ
2510 3785 2606 3837 καὶ
2638 3790 2767 3858 περὶ
2796 3793 2899 3857 τῆς
2931 3794 3201 3858 ἀπαθείας
3233 3798 3415 3853 αὐτῶν
3445 3803 3537 3855 καὶ
3567 3803 3665 3873 τῆς
3682 3803 3855 3878 ἄλλης
3878 3808 4010 3862 διοτ-

2421 3879 2633 3946 κήσεως
2654 3882 2748 3933 καὶ
2796 3882 3132 3956 ἀποτροφῆς.
3177 3888 3363 3954 Ἑκτδς
3410 3894 3520 3965 γὰρ
3562 3895 3771 3949 τούτων
3818 3894 3881 3953 οὖ
3916 3902 4007 3954 δύο

2421 3968 2580 4021 νατόν
2615 3970 3038 4043 ἐπικρατῆσαι
3083 3980 3317 4049 στρατοῦ
3373 3984 3519 4037 κατὰ
3572 3987 3840 4051 στάσεως.
3920 3992 4008 4044 Ἐν

2420 4055 2479 4109 δὲ
2535 4060 2655 4122 ταῖς
2691 4060 2930 4127 δικαίαις
2976 4068 3355 4133 ὲπεξελεύσεσι
3413 4076 3553 4129 κατά
3597 4078 3707 4131 τῶν
3748 4080 4006 4150 ἁμαρτα-

2422 4147 2622 4202 νόντων
2653 4150 2771 4205 δέον
2808 4170 2867 4207 σε
2898 4157 3128 4228 φοϐερὸν
3162 4157 3321 4228 εἶναι,
3362 4164 3460 4218 καὶ
3486 4167 3584 4228 τάς
3616 4147 3800 4239 ἀρχὰς
3845 4147 4012 4241 μάλι-

2424 4257 2525 4294 στα
2554 4242 2663 4296 τῶν
2684 4245 2922 4310 ἀταξιῶν
2947 4250 3259 4319 ἐκκόπτειν,
3286 4256 3380 4307 καὶ
3405 4258 3481 4326 μὴ
3513 4259 3833 4328 ἀναμένειν,
3864 4261 4010 4316 ὥστε

2424 4330 2516 4381 ἐπὶ
2546 4332 2772 4401 μείζονα
2835 4336 3042 4403 ταύτας
3080 4346 3434 4412 προκόπτειν.
3488 4349 3598 4401 Καὶ
3650 4352 3761 4420 γὰρ
3814 4368 4015 4423 στρατ-

741 4419 866 4461 nem
899 4404 1207 4475 expellere,
1240 4404 1473 4474 injurios
1508 4406 1758 4461 homines
1792 4421 2079 4475 coercere,
2120 4411 2309 4469 milites

2422 4424 2564 4491 ηγοῦ
2620 4428 2947 4499 προτέρημά
2976 4433 3096 4485 ἐστι
3125 4404 3185 4487 τὸ
3235 4404 3675 4509 ἀκάταπληκτοί
3702 4404 3867 4497 αὐτόν
3885 4404 4017 4508 Ιτοίς

744 4497 1159 4568 municipesque
1182 4512 1312 4553 suos
1338 4505 1485 4552 tutos
1514 4498 1582 4552 ab
1609 4498 1841 4553 aliorum
1870 4500 2165 4561 insultibus
2191 4520 2309 4562 eon«

2431 4514 2796 4585 στρατιώταις
2824 4497 3113 4590 (ῥαίνεσθαι
3144 4528 3242 4579 καὶ
3268 4527 3498 4593 δίκαιον,
3513 4497 3621 4584 ’καὶ
3641 4532 3742 4604 τὴν
3790 4497 4013 4590 ἀδικίαν

736 4605 793 4644 SC
801 4605 857 4644 ΙὟ
865 4604 975 4645 are.

735 4680 1055 4744 ἀδικοῦντας
1091 4679 1402 4751 ἀμύνασθαι
1466 4680 1560 4733 καὶ
1609 4681 2054 4754 ἀνεπηρεάστους
2100 4688 2225 4754 τούς
2286 4708 2346 4747 τε
2402 4699 2742 4768 στρατιώτας
2801 4679 2898 4757 καὶ

737 4787 951 4825 τηοειν.

851 4790 951 4825 ειν.

775 4790 858 4918 ag.
898 4861 1087 4931 Neque
1121 4860 1434 4915 humanitas
1469 4875 1648 4931 neque
1682 4859 1945 4918 severitas
1979 4864 2316 4936 importuna,

736 4954 834 5011 sed
861 4953 1023 5023 digna
1052 4952 1381 5021 imperatore
1403 4952 1496 5016 sit,
1524 4960 1578 5007 et
1606 4953 1791 5007 omnia
1816 4965 2122 5025 opportune
2147 4958 2321 5017 dime-

738 5048 927 5110 tiatur,
963 5052 1126 5113 atque
1168 5043 1244 5096 ita
1282 5044 1553 5114 supplicia
1598 5044 1822 5110 inferat,
1856 5054 1910 5101 et
1949 5050 2158 5119 agentis
2196 5052 2318 5107 ani-

736 5152 909 5202 mum,
936 5144 1169 5207 tempus,
1195 5135 1400 5200 locmn,
1426 5138 1645 5191 modum
1672 5138 1747 5192 rei
1774 5139 2042 5208 gerendze,
2066 5157 2314 5211 causam,

739 5232 913 5303 ipsius
953 5229 1031 5283 rei
1075 5238 1240 5300 gestte
1283 5230 1709 5301 magnitudinem
1752 5231 2089 5298 consideret,
2124 5244 2178 5291 et
2219 5251 2320 5306 pro

740 5324 969 5379 istarum
998 5335 1181 5376 rerum
1211 5321 1424 5377 ratione
1454 5321 1663 5392 puniat.

810 5637 862 5689 7.
906 5632 1097 5705 Magna
1129 5630 1482 5702 imperatoria
1517 5629 1637 5685 laus
1670 5638 1754 5685 est
1776 5670 1791 5695 ,
1828 5638 2222 5700 temperantem
2261 5631 2315 5687 iu

741 5723 911 5790 victu,
934 5732 988 5779 ct
1012 5720 1326 5792 vigilantem
1353 5736 1476 5777 esse
1503 5738 1515 5776 :
1543 5727 1706 5776 noctu
1738 5722 1882 5775 enim
1912 5720 1979 5776 de
2007 5720 2170 5776 rebus
2195 5737 2317 5793 gra-

740 5814 898 5872 vibus
925 5812 1097 5883 magis
1121 5812 1513 5878 deliberamus,
1543 5811 1867 5880 iariliusquc
1898 5821 2061 5867 noctu
2090 5813 2317 5869 conclu-

2431 4606 2648 4661 ’ἅπασαν
2668 4610 2782 4679 ἀπο
2807 4613 2905 4682 τῆς
2929 4615 3124 4670 ἑαυτοῦ
3148 4619 3362 4689 ὲνορίας
3398 4622 3711 4678 ἐκκόπτειν.
3751 4626 3861 4680 Καὶ
3882 4627 4015 4697 τούς

2967 4708 3095 4771 τοὺς
3159 4712 3515 4778 novales-ri;
3584 4715 3642 4768 tv
3702 4718 3845 4770 πᾶσι
3898 4718 4015 4772 διαδ

2493 4903 2567 4961 ς’,
2591 4892 2730 4947 οὒτε
2754 4892 2817 4945 τὸ
2843 4890 3225 4964 φιλάνθρωπον
3270 4892 3541 4964 ἀκαίρως,
3593 4895 3719 4950 οὔτε
3750 4898 3813 4952 τὸ
3865 4900 4011 4972 ἀπη-

2422 4978 2512 5043 νὲς
2541 4980 2696 5046 ἄξιόν
2731 4983 2850 5036 ἐστι
2888 4983 3219 5053 στρατηγοῦ,
3268 4982 3406 5037 ἀλλά
3444 4986 3505 5039 τὺ
3564 4988 3891 5059 σταθμίζειν
3952 4995 4015 5044 ὲν

2423 5074 2603 5144 καιρῷ
2635 5075 2841 5138 πάντα,
2877 5074 2977 5128 καὶ
3013 5074 3191 5139 οὕτως
3232 5075 3328 5129 ἐπὶ
3372 5078 3489 5141 τοῖς
3535 5079 4014 5151 ἁμαρτανομένοις

2423 5166 2653 5233 ἐπάγειν
2678 5166 2780 5229 τὰς
2835 5167 3129 5239 τιμωρίας,
3193 5168 3567 5223 ιπισλέποντα
3626 5172 3725 5225 καὶ
3771 5174 3873 5244 τὴν
3917 5175 4014 5229 το]

2427 5257 2739 5330 πράξαντος
2759 5258 3025 5326 διάνοιαν,
3073 5261 3167 5314 καὶ
3198 5260 3291 5314 τὸν
3318 5262 3655 5331 καιρὸν,ῖκαὶ
3684 5264 3780 5317 τὸν
3820 5267 4011 5328 τόπον,

2432 5353 2529 5407 καὶ
2560 5351 2649 5405 διὰ
2685 5351 2840 5406 ποίου
2868 5352 3073 5423 τρόπου
3120 5352 3395 5424 ιπράχθη,
3425 5353 3521 5408 καὶ
3573 5354 3661 5407 διά
3715 5356 3878 5409 ποίαν
3924 5360 4012 5410 αἱ-

2428 5443 2583 5498 τίαν·
2616 5442 2715 5498 καὶ
2744 5443 2911 5498 αὐτού
2937 5443 3032 5497 τοῦ
3061 5443 3391 5515 πράγματος
3432 5446 3530 5514 τὴν
3575 5446 3861 5517 ποιότητα,
3914 5451 4010 5502 καὶ

2423 5533 2596 5599 οὕτως
2615 5533 2709 5587 ἰπὶ
2733 5533 2830 5597 τὰς
2857 5532 3086 5597 δεούσας
3106 5534 3377 5605 τιμωρίας
3406 5532 3683 5604 ἔρχεσθαι.

2495 5625 2559 5691 ζ’.
2589 5626 2750 5695 Μέγα
2800 5626 3128 5698 προτέρημα
3183 5625 3494 5697 στρατηγοῦ
3558 5626 3620 5678 τὺ
3673 5627 4012 5697 συμμέτρως

2429 5718 2762 5783 διαιτᾶσθαι,
2798 5719 2892 5772 καὶ
2923 5719 3244 5789 ἀγρυπνεῖν,
3282 5719 3377 5772 καὶ
3411 5719 3468 5772 ἑν
3497 5719 3616 5781 ταῖς
3650 5718 3769 5785 νυξὶ
3801 5720 4006 5789 μᾶλλον

2428 5811 2776 5880 βουλεύεσθαι
2812 5812 2876 5867 τα
2901 5811 3031 5882 περὶ
3062 5810 3171 5866 τῶν
3199 5811 3533 5881 ἀναγκαίων.
3571 5813 3680 5867 Καὶ
3714 5815 3821 5883 γὰρ
3851 5813 4006 5882 εύχε·
