  <div class='ocr_page' id='page_1' title='image "/cluster/home/n/w/nwhite01/storage/ocr_20150623/107/nnc1.0046980040/580.png"; bbox 0 0 4184 6440; ppageno 0'>
   <div class='ocr_carea' id='block_1_1' title="bbox 176 449 310 514">
    <p class='ocr_par' dir='ltr' id='par_1_1' title="bbox 176 449 310 514">
     <span class='ocr_line' id='line_1_1' title="bbox 176 449 310 514; baseline -0.022 0"><span class='ocrx_word' id='word_1_1' title='bbox 176 449 310 514; x_wconf 82' lang='lat'><strong>1017</strong></span> 
     </span>
    </p>
   </div>
   <div class='ocr_carea' id='block_1_2' title="bbox 1239 446 2376 511">
    <p class='ocr_par' dir='ltr' id='par_1_2' title="bbox 1239 446 2376 511">
     <span class='ocr_line' id='line_1_2' title="bbox 1239 446 2376 511; baseline -0.003 -2"><span class='ocrx_word' id='word_1_2' title='bbox 1239 448 1573 510; x_wconf 77' lang='lat' dir='ltr'><strong>TACTiCA.</strong></span> <span class='ocrx_word' id='word_1_3' title='bbox 1600 471 1670 485; x_wconf 87' lang='grc'><strong>·-</strong></span> <span class='ocrx_word' id='word_1_4' title='bbox 1699 446 2208 511; x_wconf 77' lang='lat' dir='ltr'><strong>CONSTI&#39;I‘UTIO</strong></span> <span class='ocrx_word' id='word_1_5' title='bbox 2251 452 2376 510; x_wconf 79' lang='lat' dir='ltr'><strong>XX.</strong></span> 
     </span>
    </p>
   </div>
   <div class='ocr_carea' id='block_1_3' title="bbox 3308 456 3442 521">
    <p class='ocr_par' dir='ltr' id='par_1_3' title="bbox 3308 456 3442 521">
     <span class='ocr_line' id='line_1_3' title="bbox 3308 456 3442 521; baseline 0.015 -2"><span class='ocrx_word' id='word_1_6' title='bbox 3308 456 3442 521; x_wconf 79' lang='lat'><strong>1018</strong></span> 
     </span>
    </p>
   </div>
   <div class='ocr_carea' id='block_1_4' title="bbox 170 557 1763 631">
    <p class='ocr_par' dir='ltr' id='par_1_4' title="bbox 170 559 1756 631">
     <span class='ocr_line' id='line_1_4' title="bbox 170 559 1756 631; baseline -0.001 -20"><span class='ocrx_word' id='word_1_7' title='bbox 170 561 280 630; x_wconf 63' lang='lat' dir='ltr'><strong>r~63;</strong></span> <span class='ocrx_word' id='word_1_8' title='bbox 313 564 370 613; x_wconf 83' lang='grc' dir='ltr'>ὲν</span> <span class='ocrx_word' id='word_1_9' title='bbox 423 577 577 613; x_wconf 75' lang='grc' dir='ltr'>νυκτι</span> <span class='ocrx_word' id='word_1_10' title='bbox 610 561 908 614; x_wconf 72' lang='grc' dir='ltr'><strong>τελειοῦται</strong></span> <span class='ocrx_word' id='word_1_11' title='bbox 935 560 1116 631; x_wconf 76' lang='grc' dir='ltr'>βουλὴ,</span> <span class='ocrx_word' id='word_1_12' title='bbox 1149 563 1276 613; x_wconf 80' lang='grc' dir='ltr'>ὅταν</span> <span class='ocrx_word' id='word_1_13' title='bbox 1305 562 1336 629; x_wconf 79' lang='grc' dir='ltr'><strong>ἠ</strong></span> <span class='ocrx_word' id='word_1_14' title='bbox 1363 560 1510 629; x_wconf 67' lang='grc' dir='ltr'>ψυχὴ</span> <span class='ocrx_word' id='word_1_15' title='bbox 1545 559 1606 610; x_wconf 83' lang='grc' dir='ltr'><strong>ἐκ</strong></span> <span class='ocrx_word' id='word_1_16' title='bbox 1647 560 1756 610; x_wconf 80' lang='grc' dir='ltr'><strong>τῶν</strong></span> 
     </span>
    </p>
   </div>
   <div class='ocr_carea' id='block_1_5' title="bbox 1861 557 3450 631">
    <p class='ocr_par' dir='ltr' id='par_1_5' title="bbox 1862 557 3450 628">
     <span class='ocr_line' id='line_1_5' title="bbox 1862 557 3450 628; baseline 0.008 -20"><span class='ocrx_word' id='word_1_17' title='bbox 1862 557 2034 620; x_wconf 88' lang='lat' dir='ltr'><strong>ditur,</strong></span> <span class='ocrx_word' id='word_1_18' title='bbox 2075 561 2296 628; x_wconf 78' lang='lat' dir='ltr'><strong>quando</strong></span> <span class='ocrx_word' id='word_1_19' title='bbox 2335 560 2551 614; x_wconf 81' lang='lat' dir='ltr'><strong>animus</strong></span> <span class='ocrx_word' id='word_1_20' title='bbox 2589 561 2655 613; x_wconf 88' lang='lat' dir='ltr'><strong>ab</strong></span> <span class='ocrx_word' id='word_1_21' title='bbox 2690 563 2839 616; x_wconf 88' lang='lat' dir='ltr'><strong>omni</strong></span> <span class='ocrx_word' id='word_1_22' title='bbox 2877 570 3104 619; x_wconf 77' lang='lat' dir='ltr'><strong>externo</strong></span> <span class='ocrx_word' id='word_1_23' title='bbox 3139 579 3320 617; x_wconf 83' lang='lat' dir='ltr'><strong>rerum</strong></span> <span class='ocrx_word' id='word_1_24' title='bbox 3363 581 3450 619; x_wconf 86' lang='lat' dir='ltr'><strong>tu-</strong></span> 
     </span>
    </p>
   </div>
   <div class='ocr_carea' id='block_1_6' title="bbox 168 650 891 722">
    <p class='ocr_par' dir='ltr' id='par_1_6' title="bbox 168 650 891 722">
     <span class='ocr_line' id='line_1_6' title="bbox 168 650 891 722; baseline 0.004 -19"><span class='ocrx_word' id='word_1_25' title='bbox 168 652 370 716; x_wconf 80' lang='grc' dir='ltr'>ἔξωθεν</span> <span class='ocrx_word' id='word_1_26' title='bbox 403 650 649 722; x_wconf 86' lang='grc' dir='ltr'>θορύϐων</span> <span class='ocrx_word' id='word_1_27' title='bbox 669 653 891 722; x_wconf 73' lang='grc' dir='ltr'>ἠρεμεῖ.</span> 
     </span>
    </p>
   </div>
   <div class='ocr_carea' id='block_1_7' title="bbox 235 739 1752 812">
    <p class='ocr_par' dir='ltr' id='par_1_7' title="bbox 235 739 1752 812">
     <span class='ocr_line' id='line_1_7' title="bbox 235 739 1752 812; baseline -0.005 -16"><span class='ocrx_word' id='word_1_28' title='bbox 235 749 310 812; x_wconf 71' lang='grc' dir='ltr'><strong>η’.</strong></span> <span class='ocrx_word' id='word_1_29' title='bbox 351 742 750 812; x_wconf 68' lang='grc' dir='ltr'>Ἀλλά-φήμιζε</span> <span class='ocrx_word' id='word_1_30' title='bbox 784 745 896 805; x_wconf 86' lang='grc' dir='ltr'>τοῖς</span> <span class='ocrx_word' id='word_1_31' title='bbox 922 744 1154 812; x_wconf 77' lang='grc' dir='ltr'>ἐχθροῖς,</span> <span class='ocrx_word' id='word_1_32' title='bbox 1201 742 1294 794; x_wconf 66' lang='grc' dir='ltr'><strong>καὶ</strong></span> <span class='ocrx_word' id='word_1_33' title='bbox 1317 741 1486 809; x_wconf 71' lang='grc' dir='ltr'>,ἕτερα</span> <span class='ocrx_word' id='word_1_34' title='bbox 1520 739 1752 809; x_wconf 67' lang='grc' dir='ltr'>πρᾶττε,</span> 
     </span>
    </p>
   </div>
   <div class='ocr_carea' id='block_1_8' title="bbox 167 832 1754 906">
    <p class='ocr_par' dir='ltr' id='par_1_8' title="bbox 167 832 1754 906">
     <span class='ocr_line' id='line_1_8' title="bbox 167 832 1754 906; baseline -0.003 -16"><span class='ocrx_word' id='word_1_35' title='bbox 167 838 264 890; x_wconf 72' lang='grc' dir='ltr'><strong>καὶ</strong></span> <span class='ocrx_word' id='word_1_36' title='bbox 287 838 358 889; x_wconf 80' lang='grc' dir='ltr'>τὰ</span> <span class='ocrx_word' id='word_1_37' title='bbox 381 837 507 906; x_wconf 75' lang='grc' dir='ltr'>περὶ</span> <span class='ocrx_word' id='word_1_38' title='bbox 538 836 651 888; x_wconf 83' lang='grc' dir='ltr'>τῶν</span> <span class='ocrx_word' id='word_1_39' title='bbox 676 836 988 904; x_wconf 79' lang='grc' dir='ltr'>ἀναγκαίων</span> <span class='ocrx_word' id='word_1_40' title='bbox 1031 835 1376 906; x_wconf 70' lang='grc' dir='ltr'><strong>κρύπτεσθαι</strong></span> <span class='ocrx_word' id='word_1_41' title='bbox 1431 834 1621 886; x_wconf 80' lang='grc' dir='ltr'><strong>δέοντα.</strong></span> <span class='ocrx_word' id='word_1_42' title='bbox 1678 832 1754 904; x_wconf 79' lang='grc' dir='ltr'>μὴ</span> 
     </span>
    </p>
   </div>
   <div class='ocr_carea' id='block_1_9' title="bbox 174 925 1755 995">
    <p class='ocr_par' dir='ltr' id='par_1_9' title="bbox 174 925 1755 995">
     <span class='ocr_line' id='line_1_9' title="bbox 174 925 1755 995; baseline -0.003 -15"><span class='ocrx_word' id='word_1_43' title='bbox 174 929 394 988; x_wconf 75' lang='grc' dir='ltr'><strong>πολλοῖς</strong></span> <span class='ocrx_word' id='word_1_44' title='bbox 420 927 698 990; x_wconf 87' lang='grc' dir='ltr'>ἀνατίοου,</span> <span class='ocrx_word' id='word_1_45' title='bbox 728 928 844 982; x_wconf 74' lang='grc' dir='ltr'>ἀλλ’</span> <span class='ocrx_word' id='word_1_46' title='bbox 879 928 1079 995; x_wconf 81' lang='grc' dir='ltr'>ὀλίγοις</span> <span class='ocrx_word' id='word_1_47' title='bbox 1097 930 1191 980; x_wconf 73' lang='grc' dir='ltr'><strong>καὶ</strong></span> <span class='ocrx_word' id='word_1_48' title='bbox 1221 930 1333 989; x_wconf 83' lang='grc' dir='ltr'>τοῖς</span> <span class='ocrx_word' id='word_1_49' title='bbox 1363 925 1755 995; x_wconf 86' lang='grc' dir='ltr'>γνησιωτέροις</span> 
     </span>
    </p>
   </div>
   <div class='ocr_carea' id='block_1_10' title="bbox 171 1014 1757 1089">
    <p class='ocr_par' dir='ltr' id='par_1_10' title="bbox 171 1014 1757 1089">
     <span class='ocr_line' id='line_1_10' title="bbox 171 1014 1757 1089; baseline -0.003 -19"><span class='ocrx_word' id='word_1_50' title='bbox 171 1037 266 1070; x_wconf 86' lang='grc' dir='ltr'><strong>σου</strong></span> <span class='ocrx_word' id='word_1_51' title='bbox 305 1018 525 1089; x_wconf 78' lang='grc' dir='ltr'>μᾶλλον.</span> <span class='ocrx_word' id='word_1_52' title='bbox 557 1019 632 1070; x_wconf 84' lang='grc' dir='ltr'>Τὸ</span> <span class='ocrx_word' id='word_1_53' title='bbox 657 1019 767 1089; x_wconf 85' lang='grc' dir='ltr'>γὰρ</span> <span class='ocrx_word' id='word_1_54' title='bbox 799 1018 972 1081; x_wconf 69' lang='grc' dir='ltr'>οὕτως</span> <span class='ocrx_word' id='word_1_55' title='bbox 1033 1017 1309 1087; x_wconf 77' lang='grc' dir='ltr'>ἐξαπατᾷν</span> <span class='ocrx_word' id='word_1_56' title='bbox 1349 1016 1476 1080; x_wconf 73' lang='grc' dir='ltr'>τοὺς</span> <span class='ocrx_word' id='word_1_57' title='bbox 1526 1014 1757 1085; x_wconf 78' lang='grc' dir='ltr'>ἐχθροὺς</span> 
     </span>
    </p>
   </div>
   <div class='ocr_carea' id='block_1_11' title="bbox 168 1107 1114 1181">
    <p class='ocr_par' dir='ltr' id='par_1_11' title="bbox 168 1107 1114 1181">
     <span class='ocr_line' id='line_1_11' title="bbox 168 1107 1114 1181; baseline 0.002 -19"><span class='ocrx_word' id='word_1_58' title='bbox 168 1111 469 1177; x_wconf 79' lang='grc' dir='ltr'>ἀναγκαῖον</span> <span class='ocrx_word' id='word_1_59' title='bbox 498 1111 792 1181; x_wconf 75' lang='grc' dir='ltr'>ἀπεδείχθη</span> <span class='ocrx_word' id='word_1_60' title='bbox 833 1107 1114 1174; x_wconf 72' lang='grc' dir='ltr'>πολλάκις.</span> 
     </span>
    </p>
   </div>
   <div class='ocr_carea' id='block_1_12' title="bbox 242 1199 1755 1276">
    <p class='ocr_par' dir='ltr' id='par_1_12' title="bbox 242 1199 1755 1276">
     <span class='ocr_line' id='line_1_12' title="bbox 242 1199 1755 1276; baseline -0.003 -21"><span class='ocrx_word' id='word_1_61' title='bbox 242 1201 402 1268; x_wconf 75' lang='grc' dir='ltr'><strong>θ¹.ίΤὸ</strong></span> <span class='ocrx_word' id='word_1_62' title='bbox 432 1202 783 1271; x_wconf 83' lang='grc' dir='ltr'>βουλεύεσθαι</span> <span class='ocrx_word' id='word_1_63' title='bbox 811 1205 1050 1276; x_wconf 80' lang='grc' dir='ltr'>βραδέως</span> <span class='ocrx_word' id='word_1_64' title='bbox 1081 1206 1174 1257; x_wconf 76' lang='grc' dir='ltr'>καὶ</span> <span class='ocrx_word' id='word_1_65' title='bbox 1209 1204 1494 1271; x_wconf 66' lang='grc' dir='ltr'>ἀσφαλῶς,</span> <span class='ocrx_word' id='word_1_66' title='bbox 1526 1199 1622 1254; x_wconf 71' lang='grc' dir='ltr'><strong>καὶ</strong></span> <span class='ocrx_word' id='word_1_67' title='bbox 1653 1200 1755 1253; x_wconf 82' lang='grc' dir='ltr'>ὅσα</span> 
     </span>
    </p>
   </div>
   <div class='ocr_carea' id='block_1_13' title="bbox 169 1281 1757 1365">
    <p class='ocr_par' dir='ltr' id='par_1_13' title="bbox 169 1281 1757 1365">
     <span class='ocr_line' id='line_1_13' title="bbox 169 1281 1757 1365; baseline -0.007 -12"><span class='ocrx_word' id='word_1_68' title='bbox 169 1295 313 1359; x_wconf 64' lang='grc' dir='ltr'>δύξει</span> <span class='ocrx_word' id='word_1_69' title='bbox 343 1297 406 1363; x_wconf 80' lang='grc' dir='ltr'>τῇ</span> <span class='ocrx_word' id='word_1_70' title='bbox 432 1294 620 1365; x_wconf 68' lang='grc' dir='ltr'>βουλῇ,</span> <span class='ocrx_word' id='word_1_71' title='bbox 660 1295 736 1365; x_wconf 88' lang='grc' dir='ltr'>μὴ</span> <span class='ocrx_word' id='word_1_72' title='bbox 793 1295 1196 1350; x_wconf 85' lang='grc' dir='ltr'>ἀναϐάλλεσθαι</span> <span class='ocrx_word' id='word_1_73' title='bbox 1226 1281 1361 1357; x_wconf 65' lang='grc' dir='ltr'>τεοὺς</span> <span class='ocrx_word' id='word_1_74' title='bbox 1415 1293 1639 1355; x_wconf 74' lang='grc' dir='ltr'>καιροὺς</span> <span class='ocrx_word' id='word_1_75' title='bbox 1671 1291 1757 1343; x_wconf 80' lang='grc' dir='ltr'><strong>διά</strong></span> 
     </span>
    </p>
   </div>
   <div class='ocr_carea' id='block_1_14' title="bbox 170 1380 1757 1454">
    <p class='ocr_par' dir='ltr' id='par_1_14' title="bbox 170 1380 1757 1454">
     <span class='ocr_line' id='line_1_14' title="bbox 170 1380 1757 1454; baseline -0.006 -15"><span class='ocrx_word' id='word_1_76' title='bbox 170 1403 295 1440; x_wconf 80' lang='grc' dir='ltr'>τινα.</span> <span class='ocrx_word' id='word_1_77' title='bbox 327 1392 480 1444; x_wconf 76' lang='grc' dir='ltr'>δκνον</span> <span class='ocrx_word' id='word_1_78' title='bbox 507 1387 540 1454; x_wconf 84' lang='grc' dir='ltr'>ἦ</span> <span class='ocrx_word' id='word_1_79' title='bbox 565 1384 786 1449; x_wconf 84' lang='grc' dir='ltr'>δειλίαν,</span> <span class='ocrx_word' id='word_1_80' title='bbox 822 1383 1254 1452; x_wconf 57' lang='grc' dir='ltr'>ἀναῂαιότατὸν</span> <span class='ocrx_word' id='word_1_81' title='bbox 1314 1385 1481 1435; x_wconf 79' lang='grc' dir='ltr'>ἐστιν.</span> <span class='ocrx_word' id='word_1_82' title='bbox 1533 1381 1597 1432; x_wconf 83' lang='grc' dir='ltr'><strong>Ἡ</strong></span> <span class='ocrx_word' id='word_1_83' title='bbox 1650 1380 1757 1449; x_wconf 79' lang='grc' dir='ltr'><strong>γὰρ</strong></span> 
     </span>
    </p>
   </div>
   <div class='ocr_carea' id='block_1_15' title="bbox 171 1472 1756 1552">
    <p class='ocr_par' dir='ltr' id='par_1_15' title="bbox 171 1472 1756 1552">
     <span class='ocr_line' id='line_1_15' title="bbox 171 1472 1756 1552; baseline -0.009 -16"><span class='ocrx_word' id='word_1_84' title='bbox 171 1485 344 1536; x_wconf 80' lang='grc' dir='ltr'>δειλία</span> <span class='ocrx_word' id='word_1_85' title='bbox 363 1485 422 1536; x_wconf 75' lang='grc' dir='ltr'>οὗ</span> <span class='ocrx_word' id='word_1_86' title='bbox 453 1484 613 1552; x_wconf 86' lang='grc' dir='ltr'>μόνον</span> <span class='ocrx_word' id='word_1_87' title='bbox 645 1480 744 1533; x_wconf 87' lang='grc' dir='ltr'><strong>οὑκ</strong></span> <span class='ocrx_word' id='word_1_88' title='bbox 767 1479 1008 1546; x_wconf 77' lang='grc' dir='ltr'>ἀσφαλὲς</span> <span class='ocrx_word' id='word_1_89' title='bbox 1031 1479 1265 1548; x_wconf 82' lang='grc' dir='ltr'>πρᾶγμά</span> <span class='ocrx_word' id='word_1_90' title='bbox 1294 1479 1461 1539; x_wconf 77' lang='grc' dir='ltr'>ἐστιν,</span> <span class='ocrx_word' id='word_1_91' title='bbox 1493 1472 1628 1525; x_wconf 71' lang='grc' dir='ltr'>ἀλλὰ</span> <span class='ocrx_word' id='word_1_92' title='bbox 1647 1473 1756 1551; x_wconf 68' lang='grc' dir='ltr'><strong>Δκαὶ</strong></span> 
     </span>
    </p>
   </div>
   <div class='ocr_carea' id='block_1_16' title="bbox 168 1571 1279 1645">
    <p class='ocr_par' dir='ltr' id='par_1_16' title="bbox 168 1571 1279 1645">
     <span class='ocr_line' id='line_1_16' title="bbox 168 1571 1279 1645; baseline -0.006 -18"><span class='ocrx_word' id='word_1_93' title='bbox 168 1575 272 1645; x_wconf 78' lang='grc' dir='ltr'>τῆς</span> <span class='ocrx_word' id='word_1_94' title='bbox 313 1574 408 1628; x_wconf 76' lang='grc' dir='ltr'>τοῦ</span> <span class='ocrx_word' id='word_1_95' title='bbox 438 1572 606 1628; x_wconf 75' lang='grc' dir='ltr'>καλοῦ</span> <span class='ocrx_word' id='word_1_96' title='bbox 627 1571 1009 1633; x_wconf 77' lang='grc' dir='ltr'>’ἐναντιώσεως</span> <span class='ocrx_word' id='word_1_97' title='bbox 1044 1571 1279 1622; x_wconf 76' lang='grc' dir='ltr'>ἐπίνοια.</span> 
     </span>
    </p>
   </div>
   <div class='ocr_carea' id='block_1_17' title="bbox 247 1652 1758 1732">
    <p class='ocr_par' dir='ltr' id='par_1_17' title="bbox 247 1652 1758 1732">
     <span class='ocr_line' id='line_1_17' title="bbox 247 1652 1758 1732; baseline -0.009 -16"><span class='ocrx_word' id='word_1_98' title='bbox 247 1663 301 1719; x_wconf 87' lang='grc' dir='ltr'><strong>ι’.</strong></span> <span class='ocrx_word' id='word_1_99' title='bbox 343 1664 482 1717; x_wconf 88' lang='grc' dir='ltr'>’Ἱσθι</span> <span class='ocrx_word' id='word_1_100' title='bbox 508 1664 588 1716; x_wconf 86' lang='grc' dir='ltr'><strong>ὅτι</strong></span> <span class='ocrx_word' id='word_1_101' title='bbox 619 1662 680 1718; x_wconf 73' lang='grc' dir='ltr'>τὸ</span> <span class='ocrx_word' id='word_1_102' title='bbox 711 1661 836 1732; x_wconf 80' lang='grc' dir='ltr'>μήτ’</span> <span class='ocrx_word' id='word_1_103' title='bbox 867 1658 1268 1731; x_wconf 81' lang='grc' dir='ltr'>ὲπαίρεσθαιὲν</span> <span class='ocrx_word' id='word_1_104' title='bbox 1303 1657 1421 1719; x_wconf 80' lang='grc' dir='ltr'>ταῖς</span> <span class='ocrx_word' id='word_1_105' title='bbox 1481 1652 1758 1722; x_wconf 75' lang='grc' dir='ltr'>εὐτυχίαις</span> 
     </span>
    </p>
   </div>
   <div class='ocr_carea' id='block_1_18' title="bbox 173 1749 1758 1829">
    <p class='ocr_par' dir='ltr' id='par_1_18' title="bbox 173 1749 1758 1829">
     <span class='ocr_line' id='line_1_18' title="bbox 173 1749 1758 1829; baseline -0.015 -15"><span class='ocrx_word' id='word_1_106' title='bbox 173 1758 318 1829; x_wconf 80' lang='grc' dir='ltr'>μήτε</span> <span class='ocrx_word' id='word_1_107' title='bbox 376 1758 535 1811; x_wconf 80' lang='grc' dir='ltr'>πάλιν</span> <span class='ocrx_word' id='word_1_108' title='bbox 573 1755 940 1808; x_wconf 73' lang='grc' dir='ltr'>καταπίπτειν</span> <span class='ocrx_word' id='word_1_109' title='bbox 969 1754 1026 1816; x_wconf 69' lang='grc' dir='ltr'>ὲν</span> <span class='ocrx_word' id='word_1_110' title='bbox 1055 1755 1173 1814; x_wconf 82' lang='grc' dir='ltr'>ταῖς</span> <span class='ocrx_word' id='word_1_111' title='bbox 1217 1749 1554 1826; x_wconf 80' lang='grc' dir='ltr'>δυστυχίαις,</span> <span class='ocrx_word' id='word_1_112' title='bbox 1583 1749 1758 1817; x_wconf 74' lang='grc' dir='ltr'>ἒρῥω-</span> 
     </span>
    </p>
   </div>
   <div class='ocr_carea' id='block_1_19' title="bbox 172 1840 1753 1921">
    <p class='ocr_par' dir='ltr' id='par_1_19' title="bbox 172 1840 1753 1921">
     <span class='ocr_line' id='line_1_19' title="bbox 172 1840 1753 1921; baseline -0.008 -18"><span class='ocrx_word' id='word_1_113' title='bbox 172 1852 343 1921; x_wconf 85' lang='grc' dir='ltr'>μένου</span> <span class='ocrx_word' id='word_1_114' title='bbox 372 1849 490 1902; x_wconf 77' lang='grc' dir='ltr'>ἐστὶ</span> <span class='ocrx_word' id='word_1_115' title='bbox 523 1846 786 1917; x_wconf 80' lang='grc' dir='ltr'>λογισμοῦ</span> <span class='ocrx_word' id='word_1_116' title='bbox 818 1846 915 1899; x_wconf 76' lang='grc' dir='ltr'>καὶ</span> <span class='ocrx_word' id='word_1_117' title='bbox 963 1845 1142 1916; x_wconf 78' lang='grc' dir='ltr'>ψυχῆς</span> <span class='ocrx_word' id='word_1_118' title='bbox 1182 1843 1450 1914; x_wconf 83' lang='grc' dir='ltr'>ἀνδρείας,</span> <span class='ocrx_word' id='word_1_119' title='bbox 1516 1840 1610 1893; x_wconf 77' lang='grc' dir='ltr'>καὶ</span> <span class='ocrx_word' id='word_1_120' title='bbox 1660 1840 1753 1891; x_wconf 89' lang='grc' dir='ltr'>δυ-</span> 
     </span>
    </p>
   </div>
   <div class='ocr_carea' id='block_1_20' title="bbox 1859 651 2318 719">
    <p class='ocr_par' dir='ltr' id='par_1_20' title="bbox 1859 651 2318 719">
     <span class='ocr_line' id='line_1_20' title="bbox 1859 651 2318 719; baseline 0.007 -17"><span class='ocrx_word' id='word_1_121' title='bbox 1859 651 2031 702; x_wconf 87' lang='grc' dir='ltr'>ιιιιιΙιιι</span> <span class='ocrx_word' id='word_1_122' title='bbox 2064 654 2318 719; x_wconf 89' lang='lat' dir='ltr'><strong>quiescit.</strong></span> 
     </span>
    </p>
   </div>
   <div class='ocr_carea' id='block_1_21' title="bbox 1927 741 3447 819">
    <p class='ocr_par' dir='ltr' id='par_1_21' title="bbox 1927 741 3447 819">
     <span class='ocr_line' id='line_1_21' title="bbox 1927 741 3447 819; baseline 0.005 -25"><span class='ocrx_word' id='word_1_123' title='bbox 1927 742 1979 794; x_wconf 91' lang='lat'><strong>8.</strong></span> <span class='ocrx_word' id='word_1_124' title='bbox 2023 741 2144 794; x_wconf 86' lang='lat' dir='ltr'><strong>Alia</strong></span> <span class='ocrx_word' id='word_1_125' title='bbox 2177 742 2417 798; x_wconf 90' lang='lat' dir='ltr'><strong>inimicis</strong></span> <span class='ocrx_word' id='word_1_126' title='bbox 2445 743 2638 808; x_wconf 90' lang='lat' dir='ltr'><strong>dicito,</strong></span> <span class='ocrx_word' id='word_1_127' title='bbox 2670 744 2775 796; x_wconf 92' lang='lat' dir='ltr'><strong>alia</strong></span> <span class='ocrx_word' id='word_1_128' title='bbox 2809 747 2922 813; x_wconf 84' lang='lat' dir='ltr'><strong>ipse</strong></span> <span class='ocrx_word' id='word_1_129' title='bbox 2953 746 3138 803; x_wconf 80' lang='lat' dir='ltr'><strong>facito.</strong></span> <span class='ocrx_word' id='word_1_130' title='bbox 3171 749 3275 804; x_wconf 71' lang='lat' dir='ltr'><strong>llos</strong></span> <span class='ocrx_word' id='word_1_131' title='bbox 3315 765 3447 819; x_wconf 75' lang='lat' dir='ltr'><strong>gra-</strong></span> 
     </span>
    </p>
   </div>
   <div class='ocr_carea' id='block_1_22' title="bbox 1859 838 3449 904">
    <p class='ocr_par' dir='ltr' id='par_1_22' title="bbox 1859 838 3449 904">
     <span class='ocr_line' id='line_1_22' title="bbox 1859 838 3449 904; baseline 0.004 -16"><span class='ocrx_word' id='word_1_132' title='bbox 1859 849 1951 889; x_wconf 86' lang='lat' dir='ltr'><strong>ves</strong></span> <span class='ocrx_word' id='word_1_133' title='bbox 1982 842 2146 904; x_wconf 81' lang='lat' dir='ltr'><strong>atque</strong></span> <span class='ocrx_word' id='word_1_134' title='bbox 2175 845 2416 891; x_wconf 85' lang='lat' dir='ltr'><strong>secretas</strong></span> <span class='ocrx_word' id='word_1_135' title='bbox 2446 838 2573 890; x_wconf 79' lang='lat' dir='ltr'><strong>cum</strong></span> <span class='ocrx_word' id='word_1_136' title='bbox 2606 838 2797 893; x_wconf 89' lang='lat' dir='ltr'><strong>multis</strong></span> <span class='ocrx_word' id='word_1_137' title='bbox 2829 855 2896 892; x_wconf 90' lang='lat' dir='ltr'><strong>ne</strong></span> <span class='ocrx_word' id='word_1_138' title='bbox 2927 844 3322 904; x_wconf 75' lang='lat' dir='ltr'><strong>communires,</strong></span> <span class='ocrx_word' id='word_1_139' title='bbox 3355 841 3449 896; x_wconf 83' lang='lat' dir='ltr'><strong>sed</strong></span> 
     </span>
    </p>
   </div>
   <div class='ocr_carea' id='block_1_23' title="bbox 1858 927 3449 996">
    <p class='ocr_par' dir='ltr' id='par_1_23' title="bbox 1858 927 3449 996">
     <span class='ocr_line' id='line_1_23' title="bbox 1858 927 3449 996; baseline 0.004 -18"><span class='ocrx_word' id='word_1_140' title='bbox 1858 929 2082 996; x_wconf 80' lang='lat' dir='ltr'><strong>paucis,</strong></span> <span class='ocrx_word' id='word_1_141' title='bbox 2130 927 2310 996; x_wconf 85' lang='lat' dir='ltr'><strong>iisque</strong></span> <span class='ocrx_word' id='word_1_142' title='bbox 2364 929 2702 984; x_wconf 84' lang='lat' dir='ltr'><strong>fidelioribus</strong></span> <span class='ocrx_word' id='word_1_143' title='bbox 2753 933 2950 985; x_wconf 68' lang='lat' dir='ltr'><strong>amicis</strong></span> <span class='ocrx_word' id='word_1_144' title='bbox 3003 934 3131 985; x_wconf 92' lang='lat' dir='ltr'><strong>tuis.</strong></span> <span class='ocrx_word' id='word_1_145' title='bbox 3181 935 3255 986; x_wconf 89' lang='lat' dir='ltr'><strong>lla</strong></span> <span class='ocrx_word' id='word_1_146' title='bbox 3304 935 3449 987; x_wconf 86' lang='lat' dir='ltr'><strong>enim</strong></span> 
     </span>
    </p>
   </div>
   <div class='ocr_carea' id='block_1_24' title="bbox 1860 1020 3374 1092">
    <p class='ocr_par' dir='ltr' id='par_1_24' title="bbox 1860 1020 3374 1092">
     <span class='ocr_line' id='line_1_24' title="bbox 1860 1020 3374 1092; baseline 0.003 -19"><span class='ocrx_word' id='word_1_147' title='bbox 1860 1020 2046 1075; x_wconf 86' lang='lat' dir='ltr'><strong>hostes</strong></span> <span class='ocrx_word' id='word_1_148' title='bbox 2079 1020 2354 1088; x_wconf 78' lang='lat' dir='ltr'><strong>decipere,</strong></span> <span class='ocrx_word' id='word_1_149' title='bbox 2386 1035 2529 1092; x_wconf 67' lang='lat' dir='ltr'><strong>smpe</strong></span> <span class='ocrx_word' id='word_1_150' title='bbox 2561 1023 2934 1078; x_wconf 75' lang='lat' dir='ltr'><strong>necessarium</strong></span> <span class='ocrx_word' id='word_1_151' title='bbox 2965 1039 3087 1078; x_wconf 89' lang='lat' dir='ltr'><strong>esse</strong></span> <span class='ocrx_word' id='word_1_152' title='bbox 3114 1024 3374 1079; x_wconf 79' lang='lat' dir='ltr'><strong>diximus.</strong></span> 
     </span>
    </p>
   </div>
   <div class='ocr_carea' id='block_1_25' title="bbox 1922 1203 3444 1276">
    <p class='ocr_par' dir='ltr' id='par_1_25' title="bbox 1922 1203 3444 1276">
     <span class='ocr_line' id='line_1_25' title="bbox 1922 1203 3444 1276; baseline 0.003 -21"><span class='ocrx_word' id='word_1_153' title='bbox 1922 1203 1982 1256; x_wconf 82' lang='lat'><strong>9.</strong></span> <span class='ocrx_word' id='word_1_154' title='bbox 2025 1203 2202 1258; x_wconf 81' lang='lat' dir='ltr'><strong>Tarde</strong></span> <span class='ocrx_word' id='word_1_155' title='bbox 2235 1217 2299 1256; x_wconf 89' lang='lat' dir='ltr'><strong>ac</strong></span> <span class='ocrx_word' id='word_1_156' title='bbox 2329 1203 2738 1276; x_wconf 81' lang='lat' dir='ltr'><strong>circumspecte</strong></span> <span class='ocrx_word' id='word_1_157' title='bbox 2769 1205 3110 1272; x_wconf 87' lang='lat' dir='ltr'><strong>deliberare,</strong></span> <span class='ocrx_word' id='word_1_158' title='bbox 3143 1215 3197 1262; x_wconf 89' lang='lat' dir='ltr'><strong>et</strong></span> <span class='ocrx_word' id='word_1_159' title='bbox 3229 1223 3290 1261; x_wconf 89' lang='lat' dir='ltr'><strong>ea</strong></span> <span class='ocrx_word' id='word_1_160' title='bbox 3323 1223 3444 1276; x_wconf 74' lang='lat' dir='ltr'><strong>qum</strong></span> 
     </span>
    </p>
   </div>
   <div class='ocr_carea' id='block_1_26' title="bbox 1856 1287 3447 1368">
    <p class='ocr_par' dir='ltr' id='par_1_26' title="bbox 1856 1287 3447 1368">
     <span class='ocr_line' id='line_1_26' title="bbox 1856 1287 3447 1368; baseline 0.003 -20"><span class='ocrx_word' id='word_1_161' title='bbox 1856 1295 2155 1360; x_wconf 79' lang='lat' dir='ltr'><strong>deliberata</strong></span> <span class='ocrx_word' id='word_1_162' title='bbox 2199 1298 2608 1366; x_wconf 89' lang='lat' dir='ltr'><strong>constitutaque</strong></span> <span class='ocrx_word' id='word_1_163' title='bbox 2654 1307 2820 1356; x_wconf 87' lang='lat' dir='ltr'><strong>sunt,</strong></span> <span class='ocrx_word' id='word_1_164' title='bbox 2866 1299 3042 1368; x_wconf 88' lang='lat' dir='ltr'><strong>aliqua</strong></span> <span class='ocrx_word' id='word_1_165' title='bbox 3086 1287 3447 1355; x_wconf 81' lang='lat' dir='ltr'><strong>cunctatione</strong></span> 
     </span>
    </p>
   </div>
   <div class='ocr_carea' id='block_1_27' title="bbox 1858 1388 3452 1463">
    <p class='ocr_par' dir='ltr' id='par_1_27' title="bbox 1858 1388 3452 1463">
     <span class='ocr_line' id='line_1_27' title="bbox 1858 1388 3452 1463; baseline 0.005 -24"><span class='ocrx_word' id='word_1_166' title='bbox 1858 1396 1951 1440; x_wconf 90' lang='lat' dir='ltr'><strong>aut</strong></span> <span class='ocrx_word' id='word_1_167' title='bbox 1980 1388 2273 1441; x_wconf 90' lang='lat' dir='ltr'><strong>formidine</strong></span> <span class='ocrx_word' id='word_1_168' title='bbox 2302 1404 2407 1442; x_wconf 92' lang='lat' dir='ltr'><strong>non</strong></span> <span class='ocrx_word' id='word_1_169' title='bbox 2442 1389 2692 1456; x_wconf 86' lang='lat' dir='ltr'><strong>rejicere,</strong></span> <span class='ocrx_word' id='word_1_170' title='bbox 2720 1391 3094 1443; x_wconf 86' lang='lat' dir='ltr'><strong>necessarium</strong></span> <span class='ocrx_word' id='word_1_171' title='bbox 3125 1394 3452 1463; x_wconf 79' lang='lat' dir='ltr'><strong>cumprimis</strong></span> 
     </span>
    </p>
   </div>
   <div class='ocr_carea' id='block_1_28' title="bbox 1857 1481 3443 1548">
    <p class='ocr_par' dir='ltr' id='par_1_28' title="bbox 1857 1481 3443 1548">
     <span class='ocr_line' id='line_1_28' title="bbox 1857 1481 3443 1548; baseline 0.003 -16"><span class='ocrx_word' id='word_1_172' title='bbox 1857 1487 1940 1532; x_wconf 89' lang='lat' dir='ltr'><strong>est</strong></span> <span class='ocrx_word' id='word_1_173' title='bbox 1975 1497 1988 1531; x_wconf 90' lang='lat'><strong>:</strong></span> <span class='ocrx_word' id='word_1_174' title='bbox 2029 1481 2194 1532; x_wconf 89' lang='lat' dir='ltr'><strong>timor</strong></span> <span class='ocrx_word' id='word_1_175' title='bbox 2227 1481 2371 1533; x_wconf 87' lang='lat' dir='ltr'><strong>enim</strong></span> <span class='ocrx_word' id='word_1_176' title='bbox 2416 1497 2523 1534; x_wconf 93' lang='lat' dir='ltr'><strong>non</strong></span> <span class='ocrx_word' id='word_1_177' title='bbox 2564 1484 2741 1536; x_wconf 90' lang='lat' dir='ltr'><strong>solum</strong></span> <span class='ocrx_word' id='word_1_178' title='bbox 2785 1491 2899 1535; x_wconf 87' lang='lat' dir='ltr'><strong>tuta</strong></span> <span class='ocrx_word' id='word_1_179' title='bbox 2937 1499 3024 1536; x_wconf 90' lang='lat' dir='ltr'><strong>res</strong></span> <span class='ocrx_word' id='word_1_180' title='bbox 3068 1498 3174 1538; x_wconf 90' lang='lat' dir='ltr'><strong>non</strong></span> <span class='ocrx_word' id='word_1_181' title='bbox 3218 1494 3321 1548; x_wconf 85' lang='lat' dir='ltr'><strong>est,</strong></span> <span class='ocrx_word' id='word_1_182' title='bbox 3351 1486 3443 1540; x_wconf 88' lang='lat' dir='ltr'><strong>sed</strong></span> 
     </span>
    </p>
   </div>
   <div class='ocr_carea' id='block_1_29' title="bbox 1857 1572 3235 1632">
    <p class='ocr_par' dir='ltr' id='par_1_29' title="bbox 1857 1572 3235 1632">
     <span class='ocr_line' id='line_1_29' title="bbox 1857 1572 3235 1632; baseline 0.004 -5"><span class='ocrx_word' id='word_1_183' title='bbox 1857 1572 2020 1627; x_wconf 87' lang='lat' dir='ltr'><strong>etiam</strong></span> <span class='ocrx_word' id='word_1_184' title='bbox 2055 1575 2217 1626; x_wconf 83' lang='lat' dir='ltr'><strong>rebus</strong></span> <span class='ocrx_word' id='word_1_185' title='bbox 2251 1575 2407 1628; x_wconf 91' lang='lat' dir='ltr'><strong>bouis</strong></span> <span class='ocrx_word' id='word_1_186' title='bbox 2438 1575 2675 1630; x_wconf 76' lang='lat' dir='ltr'><strong>inventis</strong></span> <span class='ocrx_word' id='word_1_187' title='bbox 2706 1575 3098 1631; x_wconf 89' lang='lat' dir='ltr'><strong>adversissima</strong></span> <span class='ocrx_word' id='word_1_188' title='bbox 3128 1585 3235 1632; x_wconf 88' lang='lat' dir='ltr'><strong>est.</strong></span> 
     </span>
    </p>
   </div>
   <div class='ocr_carea' id='block_1_30' title="bbox 1931 1664 3455 1736">
    <p class='ocr_par' dir='ltr' id='par_1_30' title="bbox 1931 1664 3455 1736">
     <span class='ocr_line' id='line_1_30' title="bbox 1931 1664 3455 1736; baseline 0.005 -19"><span class='ocrx_word' id='word_1_189' title='bbox 1931 1664 2018 1718; x_wconf 79' lang='grc'><strong>10.</strong></span> <span class='ocrx_word' id='word_1_190' title='bbox 2061 1664 2247 1734; x_wconf 77' lang='lat' dir='ltr'><strong>Neque</strong></span> <span class='ocrx_word' id='word_1_191' title='bbox 2289 1666 2452 1721; x_wconf 82' lang='lat' dir='ltr'><strong>rebus</strong></span> <span class='ocrx_word' id='word_1_192' title='bbox 2496 1668 2773 1736; x_wconf 86' lang='lat' dir='ltr'><strong>prosperis</strong></span> <span class='ocrx_word' id='word_1_193' title='bbox 2829 1669 3010 1722; x_wconf 86' lang='lat' dir='ltr'><strong>clTerri</strong></span> <span class='ocrx_word' id='word_1_194' title='bbox 3057 1685 3159 1723; x_wconf 91' lang='lat' dir='ltr'><strong>nec</strong></span> <span class='ocrx_word' id='word_1_195' title='bbox 3208 1669 3455 1725; x_wconf 82' lang='lat' dir='ltr'><strong>adversis</strong></span> 
     </span>
    </p>
   </div>
   <div class='ocr_carea' id='block_1_31' title="bbox 1859 1755 3455 1829">
    <p class='ocr_par' dir='ltr' id='par_1_31' title="bbox 1859 1755 3455 1829">
     <span class='ocr_line' id='line_1_31' title="bbox 1859 1755 3455 1829; baseline 0.004 -21"><span class='ocrx_word' id='word_1_196' title='bbox 1859 1755 2042 1825; x_wconf 88' lang='lat' dir='ltr'><strong>dejici,</strong></span> <span class='ocrx_word' id='word_1_197' title='bbox 2071 1756 2208 1809; x_wconf 84' lang='lat' dir='ltr'><strong>ﬁrmi</strong></span> <span class='ocrx_word' id='word_1_198' title='bbox 2237 1758 2402 1811; x_wconf 90' lang='lat' dir='ltr'><strong>animi</strong></span> <span class='ocrx_word' id='word_1_199' title='bbox 2430 1759 2850 1829; x_wconf 87' lang='lat' dir='ltr'><strong>constantisque</strong></span> <span class='ocrx_word' id='word_1_200' title='bbox 2876 1767 2978 1820; x_wconf 84' lang='lat' dir='ltr'><strong>est,</strong></span> <span class='ocrx_word' id='word_1_201' title='bbox 3007 1760 3100 1829; x_wconf 89' lang='lat' dir='ltr'><strong>qui</strong></span> <span class='ocrx_word' id='word_1_202' title='bbox 3131 1762 3303 1828; x_wconf 83' lang='lat' dir='ltr'><strong>possit</strong></span> <span class='ocrx_word' id='word_1_203' title='bbox 3333 1770 3455 1814; x_wconf 65' lang='lat' dir='ltr'><strong>tuto</strong></span> 
     </span>
    </p>
   </div>
   <div class='ocr_carea' id='block_1_32' title="bbox 1865 1847 3455 1922">
    <p class='ocr_par' dir='ltr' id='par_1_32' title="bbox 1865 1847 3455 1922">
     <span class='ocr_line' id='line_1_32' title="bbox 1865 1847 3455 1922; baseline 0.004 -22"><span class='ocrx_word' id='word_1_204' title='bbox 1865 1847 1930 1900; x_wconf 92' lang='lat' dir='ltr'><strong>ad</strong></span> <span class='ocrx_word' id='word_1_205' title='bbox 1975 1865 2192 1903; x_wconf 90' lang='lat' dir='ltr'><strong>omnem</strong></span> <span class='ocrx_word' id='word_1_206' title='bbox 2238 1865 2418 1904; x_wconf 88' lang='lat' dir='ltr'><strong>rerum</strong></span> <span class='ocrx_word' id='word_1_207' title='bbox 2467 1862 2722 1906; x_wconf 84' lang='lat' dir='ltr'><strong>eventum</strong></span> <span class='ocrx_word' id='word_1_208' title='bbox 2765 1853 3057 1906; x_wconf 83' lang='lat' dir='ltr'><strong>consilium</strong></span> <span class='ocrx_word' id='word_1_209' title='bbox 3102 1868 3168 1907; x_wconf 78' lang='lat' dir='ltr'><strong>ex</strong></span> <span class='ocrx_word' id='word_1_210' title='bbox 3216 1861 3455 1922; x_wconf 87' lang='lat' dir='ltr'><strong>tempore</strong></span> 
     </span>
    </p>
   </div>
   <div class='ocr_carea' id='block_1_33' title="bbox 171 1915 2083 2012">
    <p class='ocr_par' dir='ltr' id='par_1_33' title="bbox 171 1915 2083 2012">
     <span class='ocr_line' id='line_1_33' title="bbox 171 1915 2083 2012; baseline -0.005 -18"><span class='ocrx_word' id='word_1_211' title='bbox 171 1915 414 2012; x_wconf 75' lang='grc' dir='ltr'>ναμένης</span> <span class='ocrx_word' id='word_1_212' title='bbox 435 1915 695 2008; x_wconf 76' lang='grc' dir='ltr'>ἀσφαλῶς</span> <span class='ocrx_word' id='word_1_213' title='bbox 717 1942 773 1993; x_wconf 84' lang='grc' dir='ltr'>ὲν</span> <span class='ocrx_word' id='word_1_214' title='bbox 831 1940 946 2001; x_wconf 83' lang='grc' dir='ltr'>τοῖς</span> <span class='ocrx_word' id='word_1_215' title='bbox 990 1937 1308 2004; x_wconf 81' lang='grc' dir='ltr'>ἀναγκαίοις</span> <span class='ocrx_word' id='word_1_216' title='bbox 1354 1936 1584 1988; x_wconf 83' lang='grc' dir='ltr'>πάντοτε</span> <span class='ocrx_word' id='word_1_217' title='bbox 1625 1933 1765 2004; x_wconf 85' lang='grc' dir='ltr'>πρά-</span> <span class='ocrx_word' id='word_1_218' title='bbox 1791 1915 1838 1974; x_wconf 81' lang='grc' dir='ltr'><strong>Β</strong></span> <span class='ocrx_word' id='word_1_219' title='bbox 1866 1957 2083 2010; x_wconf 62' lang='lat' dir='ltr'><strong>capere,</strong></span> 
     </span>
    </p>
   </div>
   <div class='ocr_carea' id='block_1_34' title="bbox 168 2033 750 2104">
    <p class='ocr_par' dir='ltr' id='par_1_34' title="bbox 168 2033 750 2104">
     <span class='ocr_line' id='line_1_34' title="bbox 168 2033 750 2104; baseline -0.01 -14"><span class='ocrx_word' id='word_1_220' title='bbox 168 2051 383 2104; x_wconf 79' lang='grc' dir='ltr'>γμασιν</span> <span class='ocrx_word' id='word_1_221' title='bbox 413 2033 750 2086; x_wconf 79' lang='grc' dir='ltr'>ἐπιϐάλλειν.</span> 
     </span>
    </p>
   </div>
   <div class='ocr_carea' id='block_1_35' title="bbox 247 2120 1759 2194">
    <p class='ocr_par' dir='ltr' id='par_1_35' title="bbox 247 2120 1759 2194">
     <span class='ocr_line' id='line_1_35' title="bbox 247 2120 1759 2194; baseline -0.006 -15"><span class='ocrx_word' id='word_1_222' title='bbox 247 2126 338 2180; x_wconf 85' lang='grc' dir='ltr'>ια’.</span> <span class='ocrx_word' id='word_1_223' title='bbox 377 2127 489 2179; x_wconf 85' lang='grc' dir='ltr'>Ούκ</span> <span class='ocrx_word' id='word_1_224' title='bbox 520 2125 822 2194; x_wconf 69' lang='grc' dir='ltr'>ἀναγκαῖόν</span> <span class='ocrx_word' id='word_1_225' title='bbox 870 2125 1048 2187; x_wconf 77' lang='grc' dir='ltr'>ἔστιν,</span> <span class='ocrx_word' id='word_1_226' title='bbox 1094 2123 1168 2186; x_wconf 84' lang='grc' dir='ltr'>ὡς</span> <span class='ocrx_word' id='word_1_227' title='bbox 1222 2124 1255 2191; x_wconf 83' lang='grc' dir='ltr'>ἠ</span> <span class='ocrx_word' id='word_1_228' title='bbox 1302 2124 1467 2190; x_wconf 87' lang='grc' dir='ltr'>πεῖρα</span> <span class='ocrx_word' id='word_1_229' title='bbox 1500 2120 1759 2184; x_wconf 84' lang='grc' dir='ltr'>δείκνυσι,</span> 
     </span>
    </p>
   </div>
   <div class='ocr_carea' id='block_1_36' title="bbox 165 2211 1762 2286">
    <p class='ocr_par' dir='ltr' id='par_1_36' title="bbox 165 2211 1762 2286">
     <span class='ocr_line' id='line_1_36' title="bbox 165 2211 1762 2286; baseline -0.006 -15"><span class='ocrx_word' id='word_1_230' title='bbox 165 2219 238 2271; x_wconf 65' lang='grc' dir='ltr'>τὸ</span> <span class='ocrx_word' id='word_1_231' title='bbox 269 2221 391 2280; x_wconf 88' lang='grc' dir='ltr'>ταῖς</span> <span class='ocrx_word' id='word_1_232' title='bbox 422 2218 615 2280; x_wconf 78' lang='grc' dir='ltr'>αὑταῖς</span> <span class='ocrx_word' id='word_1_233' title='bbox 640 2217 1011 2286; x_wconf 75' lang='grc' dir='ltr'>ἐγχειρήσεσι·</span> <span class='ocrx_word' id='word_1_234' title='bbox 1039 2214 1179 2266; x_wconf 81' lang='grc' dir='ltr'><strong>κατά</strong></span> <span class='ocrx_word' id='word_1_235' title='bbox 1214 2213 1329 2266; x_wconf 84' lang='grc' dir='ltr'>τῶν.</span> <span class='ocrx_word' id='word_1_236' title='bbox 1371 2211 1581 2283; x_wconf 72' lang='grc' dir='ltr'>ἐχθρῶν</span> <span class='ocrx_word' id='word_1_237' title='bbox 1638 2228 1762 2262; x_wconf 83' lang='grc' dir='ltr'>συν-</span> 
     </span>
    </p>
   </div>
   <div class='ocr_carea' id='block_1_37' title="bbox 186 2306 1762 2379">
    <p class='ocr_par' dir='ltr' id='par_1_37' title="bbox 186 2306 1762 2379">
     <span class='ocr_line' id='line_1_37' title="bbox 186 2306 1762 2379; baseline -0.004 -17"><span class='ocrx_word' id='word_1_238' title='bbox 186 2311 334 2378; x_wconf 79' lang='grc' dir='ltr'>εχῶς</span> <span class='ocrx_word' id='word_1_239' title='bbox 364 2308 687 2379; x_wconf 77' lang='grc' dir='ltr'>κεχρῆσθαι,</span> <span class='ocrx_word' id='word_1_240' title='bbox 711 2308 818 2362; x_wconf 85' lang='grc' dir='ltr'><strong>κᾶν</strong></span> <span class='ocrx_word' id='word_1_241' title='bbox 845 2307 1102 2370; x_wconf 82' lang='grc' dir='ltr'>πολλάκις</span> <span class='ocrx_word' id='word_1_242' title='bbox 1133 2306 1289 2376; x_wconf 79' lang='grc' dir='ltr'>δόξῃς</span> <span class='ocrx_word' id='word_1_243' title='bbox 1319 2307 1376 2358; x_wconf 78' lang='grc' dir='ltr'>ἐν</span> <span class='ocrx_word' id='word_1_244' title='bbox 1393 2307 1583 2368; x_wconf 82' lang='grc' dir='ltr'>αὑταῖς</span> <span class='ocrx_word' id='word_1_245' title='bbox 1607 2306 1762 2358; x_wconf 83' lang='grc' dir='ltr'>εύτυ-</span> 
     </span>
    </p>
   </div>
   <div class='ocr_carea' id='block_1_38' title="bbox 173 2397 1764 2471">
    <p class='ocr_par' dir='ltr' id='par_1_38' title="bbox 173 2397 1764 2471">
     <span class='ocr_line' id='line_1_38' title="bbox 173 2397 1764 2471; baseline -0.003 -18"><span class='ocrx_word' id='word_1_246' title='bbox 173 2404 312 2471; x_wconf 79' lang='grc' dir='ltr'>χεῖν.</span> <span class='ocrx_word' id='word_1_247' title='bbox 360 2401 457 2453; x_wconf 74' lang='grc' dir='ltr'>Διά</span> <span class='ocrx_word' id='word_1_248' title='bbox 501 2400 611 2469; x_wconf 77' lang='grc' dir='ltr'><strong>γὰρ</strong></span> <span class='ocrx_word' id='word_1_249' title='bbox 668 2401 767 2468; x_wconf 81' lang='grc' dir='ltr'><strong>τῆς</strong></span> <span class='ocrx_word' id='word_1_250' title='bbox 829 2398 1115 2468; x_wconf 78' lang='grc' dir='ltr'>συνεχείας</span> <span class='ocrx_word' id='word_1_251' title='bbox 1165 2397 1661 2468; x_wconf 66' lang='grc' dir='ltr'>προσεπιειοοῦντες</span> <span class='ocrx_word' id='word_1_252' title='bbox 1713 2400 1764 2449; x_wconf 71' lang='grc' dir='ltr'>οἱ</span> 
     </span>
    </p>
   </div>
   <div class='ocr_carea' id='block_1_39' title="bbox 177 2489 1789 2561">
    <p class='ocr_par' dir='ltr' id='par_1_39' title="bbox 177 2489 1789 2561">
     <span class='ocr_line' id='line_1_39' title="bbox 177 2489 1789 2561; baseline 0.001 -19"><span class='ocrx_word' id='word_1_253' title='bbox 177 2491 364 2561; x_wconf 80' lang='grc' dir='ltr'>ἐχθροὶ</span> <span class='ocrx_word' id='word_1_254' title='bbox 389 2491 454 2543; x_wconf 85' lang='grc' dir='ltr'>τὰ</span> <span class='ocrx_word' id='word_1_255' title='bbox 475 2491 713 2552; x_wconf 78' lang='grc' dir='ltr'>ἐναντία,</span> <span class='ocrx_word' id='word_1_256' title='bbox 748 2491 839 2541; x_wconf 76' lang='grc' dir='ltr'>καὶ</span> <span class='ocrx_word' id='word_1_257' title='bbox 859 2489 1238 2553; x_wconf 76' lang='grc' dir='ltr'>κανονίζοντες</span> <span class='ocrx_word' id='word_1_258' title='bbox 1301 2493 1584 2561; x_wconf 67' lang='grc' dir='ltr'>συμφορὰς</span> <span class='ocrx_word' id='word_1_259' title='bbox 1629 2493 1789 2543; x_wconf 83' lang='grc' dir='ltr'>πολ--</span> 
     </span>
    </p>
   </div>
   <div class='ocr_carea' id='block_1_40' title="bbox 174 2581 1764 2652">
    <p class='ocr_par' dir='ltr' id='par_1_40' title="bbox 174 2581 1764 2652">
     <span class='ocr_line' id='line_1_40' title="bbox 174 2581 1764 2652; baseline 0.002 -20"><span class='ocrx_word' id='word_1_260' title='bbox 174 2581 335 2645; x_wconf 78' lang='grc' dir='ltr'>λάκις</span> <span class='ocrx_word' id='word_1_261' title='bbox 376 2582 714 2652; x_wconf 71' lang='grc' dir='ltr'>προσάγουσι</span> <span class='ocrx_word' id='word_1_262' title='bbox 761 2582 881 2644; x_wconf 89' lang='grc' dir='ltr'>ταῖς</span> <span class='ocrx_word' id='word_1_263' title='bbox 913 2581 1190 2645; x_wconf 82' lang='grc' dir='ltr'>τοιαύταις</span> <span class='ocrx_word' id='word_1_264' title='bbox 1230 2583 1350 2635; x_wconf 85' lang='grc' dir='ltr'>κατ’</span> <span class='ocrx_word' id='word_1_265' title='bbox 1409 2583 1591 2636; x_wconf 85' lang='grc' dir='ltr'>αύτῶν</span> <span class='ocrx_word' id='word_1_266' title='bbox 1645 2585 1764 2637; x_wconf 80' lang='grc' dir='ltr'>ἐπι-</span> 
     </span>
    </p>
   </div>
   <div class='ocr_carea' id='block_1_41' title="bbox 176 2663 478 2736">
    <p class='ocr_par' dir='ltr' id='par_1_41' title="bbox 176 2663 478 2736">
     <span class='ocr_line' id='line_1_41' title="bbox 176 2663 478 2736; baseline 0 -10"><span class='ocrx_word' id='word_1_267' title='bbox 176 2673 383 2736; x_wconf 86' lang='grc' dir='ltr'>ϐολαῖς.</span> <span class='ocrx_word' id='word_1_268' title='bbox 475 2663 478 2665; x_wconf 11' lang='grc' dir='ltr'><strong>Δ</strong></span> 
     </span>
    </p>
   </div>
   <div class='ocr_carea' id='block_1_42' title="bbox 248 2763 1762 2838">
    <p class='ocr_par' dir='ltr' id='par_1_42' title="bbox 248 2763 1762 2838">
     <span class='ocr_line' id='line_1_42' title="bbox 248 2763 1762 2838; baseline 0.003 -20"><span class='ocrx_word' id='word_1_269' title='bbox 248 2763 340 2836; x_wconf 85' lang='grc' dir='ltr'><strong>ιβ’.</strong></span> <span class='ocrx_word' id='word_1_270' title='bbox 366 2767 442 2820; x_wconf 83' lang='grc' dir='ltr'>Τὸ</span> <span class='ocrx_word' id='word_1_271' title='bbox 462 2767 549 2822; x_wconf 80' lang='grc' dir='ltr'><strong>διὰ</strong></span> <span class='ocrx_word' id='word_1_272' title='bbox 585 2767 778 2838; x_wconf 80' lang='grc' dir='ltr'>βουλῆς</span> <span class='ocrx_word' id='word_1_273' title='bbox 811 2765 1015 2837; x_wconf 82' lang='grc' dir='ltr'>μᾶλλον</span> <span class='ocrx_word' id='word_1_274' title='bbox 1047 2767 1150 2820; x_wconf 81' lang='grc' dir='ltr'>καὶ.</span> <span class='ocrx_word' id='word_1_275' title='bbox 1172 2766 1510 2838; x_wconf 80' lang='grc' dir='ltr'>στρατηγίας</span> <span class='ocrx_word' id='word_1_276' title='bbox 1533 2770 1762 2838; x_wconf 84' lang='grc' dir='ltr'>κρατεῖν</span> 
     </span>
    </p>
   </div>
   <div class='ocr_carea' id='block_1_43' title="bbox 172 2857 1765 2930">
    <p class='ocr_par' dir='ltr' id='par_1_43' title="bbox 172 2857 1765 2930">
     <span class='ocr_line' id='line_1_43' title="bbox 172 2857 1765 2930; baseline 0.001 -19"><span class='ocrx_word' id='word_1_277' title='bbox 172 2857 285 2911; x_wconf 85' lang='grc' dir='ltr'>τῶν</span> <span class='ocrx_word' id='word_1_278' title='bbox 319 2859 555 2928; x_wconf 80' lang='grc' dir='ltr'>ἐχθρῶν,</span> <span class='ocrx_word' id='word_1_279' title='bbox 587 2859 829 2926; x_wconf 84' lang='grc' dir='ltr'>ἀσφαλὲς</span> <span class='ocrx_word' id='word_1_280' title='bbox 861 2859 984 2929; x_wconf 73' lang='grc' dir='ltr'>ἐμοὶ</span> <span class='ocrx_word' id='word_1_281' title='bbox 1002 2858 1152 2912; x_wconf 81' lang='grc' dir='ltr'>δοκεῖ</span> <span class='ocrx_word' id='word_1_282' title='bbox 1175 2863 1268 2913; x_wconf 70' lang='grc' dir='ltr'><strong>καὶ</strong></span> <span class='ocrx_word' id='word_1_283' title='bbox 1307 2860 1604 2929; x_wconf 82' lang='grc' dir='ltr'>ὠφέλιμον,</span> <span class='ocrx_word' id='word_1_284' title='bbox 1638 2859 1672 2930; x_wconf 77' lang='grc' dir='ltr'><strong>ἢ</strong></span> <span class='ocrx_word' id='word_1_285' title='bbox 1703 2859 1765 2912; x_wconf 83' lang='grc' dir='ltr'><strong>τὸ</strong></span> 
     </span>
    </p>
   </div>
   <div class='ocr_carea' id='block_1_44' title="bbox 174 2950 1762 3021">
    <p class='ocr_par' dir='ltr' id='par_1_44' title="bbox 174 2950 1762 3021">
     <span class='ocr_line' id='line_1_44' title="bbox 174 2950 1762 3021; baseline 0.001 -19"><span class='ocrx_word' id='word_1_286' title='bbox 174 2952 321 3021; x_wconf 73' lang='grc' dir='ltr'>χειρὶ</span> <span class='ocrx_word' id='word_1_287' title='bbox 345 2951 628 3020; x_wconf 81' lang='grc' dir='ltr'>βιάζεσθαι</span> <span class='ocrx_word' id='word_1_288' title='bbox 667 2952 762 3003; x_wconf 77' lang='grc' dir='ltr'><strong>καὶ</strong></span> <span class='ocrx_word' id='word_1_289' title='bbox 811 2950 1062 3019; x_wconf 82' lang='grc' dir='ltr'>δυνάμει,</span> <span class='ocrx_word' id='word_1_290' title='bbox 1125 2952 1219 3003; x_wconf 75' lang='grc' dir='ltr'>καὶ</span> <span class='ocrx_word' id='word_1_291' title='bbox 1269 2953 1408 3021; x_wconf 66' lang='grc' dir='ltr'>πρδς</span> <span class='ocrx_word' id='word_1_292' title='bbox 1462 2951 1560 3012; x_wconf 83' lang='grc' dir='ltr'>τὰς</span> <span class='ocrx_word' id='word_1_293' title='bbox 1620 2951 1762 3004; x_wconf 87' lang='grc' dir='ltr'><strong>κατά</strong></span> 
     </span>
    </p>
   </div>
   <div class='ocr_carea' id='block_1_45' title="bbox 173 3041 1760 3114">
    <p class='ocr_par' dir='ltr' id='par_1_45' title="bbox 173 3041 1760 3114">
     <span class='ocr_line' id='line_1_45' title="bbox 173 3041 1760 3114; baseline -0.001 -18"><span class='ocrx_word' id='word_1_294' title='bbox 173 3045 472 3113; x_wconf 84' lang='grc' dir='ltr'>πρόσωπον</span> <span class='ocrx_word' id='word_1_295' title='bbox 507 3045 687 3114; x_wconf 84' lang='grc' dir='ltr'>μάχας</span> <span class='ocrx_word' id='word_1_296' title='bbox 721 3042 1186 3097; x_wconf 76' lang='grc' dir='ltr'>ἀποκινδυνεύειν.</span> <span class='ocrx_word' id='word_1_297' title='bbox 1220 3042 1295 3094; x_wconf 84' lang='grc' dir='ltr'><strong>Τὸ</strong></span> <span class='ocrx_word' id='word_1_298' title='bbox 1331 3044 1431 3112; x_wconf 80' lang='grc' dir='ltr'><strong>μὲν</strong></span> <span class='ocrx_word' id='word_1_299' title='bbox 1472 3043 1580 3110; x_wconf 81' lang='grc' dir='ltr'>γὰρ</span> <span class='ocrx_word' id='word_1_300' title='bbox 1640 3041 1760 3112; x_wconf 85' lang='grc' dir='ltr'>μεθ’</span> 
     </span>
    </p>
   </div>
   <div class='ocr_carea' id='block_1_46' title="bbox 173 3134 1756 3207">
    <p class='ocr_par' dir='ltr' id='par_1_46' title="bbox 173 3134 1756 3207">
     <span class='ocr_line' id='line_1_46' title="bbox 173 3134 1756 3207; baseline 0 -19"><span class='ocrx_word' id='word_1_301' title='bbox 173 3135 427 3188; x_wconf 63' lang='grc' dir='ltr'>ἑκουσίου</span> <span class='ocrx_word' id='word_1_302' title='bbox 444 3137 671 3207; x_wconf 84' lang='grc' dir='ltr'>γνώμης</span> <span class='ocrx_word' id='word_1_303' title='bbox 699 3137 934 3205; x_wconf 87' lang='grc' dir='ltr'>γίνεται,</span> <span class='ocrx_word' id='word_1_304' title='bbox 967 3136 1063 3189; x_wconf 73' lang='grc' dir='ltr'>καὶ</span> <span class='ocrx_word' id='word_1_305' title='bbox 1091 3135 1165 3197; x_wconf 83' lang='grc' dir='ltr'>ὡς</span> <span class='ocrx_word' id='word_1_306' title='bbox 1186 3136 1252 3189; x_wconf 85' lang='grc' dir='ltr'>ἂν</span> <span class='ocrx_word' id='word_1_307' title='bbox 1279 3138 1307 3189; x_wconf 85' lang='grc' dir='ltr'>ὁ</span> <span class='ocrx_word' id='word_1_308' title='bbox 1344 3134 1668 3205; x_wconf 84' lang='grc' dir='ltr'>προσϐαλὼν</span> <span class='ocrx_word' id='word_1_309' title='bbox 1693 3136 1756 3188; x_wconf 84' lang='grc' dir='ltr'><strong>τὸ</strong></span> 
     </span>
    </p>
   </div>
   <div class='ocr_carea' id='block_1_47' title="bbox 175 3226 1833 3312">
    <p class='ocr_par' dir='ltr' id='par_1_47' title="bbox 175 3226 1833 3312">
     <span class='ocr_line' id='line_1_47' title="bbox 175 3226 1833 3312; baseline -0.001 -30"><span class='ocrx_word' id='word_1_310' title='bbox 175 3229 458 3297; x_wconf 72' lang='grc' dir='ltr'>συμφέρον</span> <span class='ocrx_word' id='word_1_311' title='bbox 489 3227 732 3300; x_wconf 80' lang='grc' dir='ltr'>γινώσκῃ</span> <span class='ocrx_word' id='word_1_312' title='bbox 805 3230 867 3282; x_wconf 56' lang='lat' dir='ltr'><strong>ea</strong></span> <span class='ocrx_word' id='word_1_313' title='bbox 884 3228 938 3282; x_wconf 79' lang='grc' dir='ltr'>δὲ</span> <span class='ocrx_word' id='word_1_314' title='bbox 960 3228 1100 3298; x_wconf 80' lang='grc' dir='ltr'>μετά</span> <span class='ocrx_word' id='word_1_315' title='bbox 1128 3244 1271 3290; x_wconf 86' lang='grc' dir='ltr'>τινος</span> <span class='ocrx_word' id='word_1_316' title='bbox 1303 3226 1508 3296; x_wconf 75' lang='grc' dir='ltr'>ζημίας</span> <span class='ocrx_word' id='word_1_317' title='bbox 1540 3227 1761 3290; x_wconf 87' lang='grc' dir='ltr'>πάντως</span> <span class='ocrx_word' id='word_1_318' title='bbox 1789 3256 1833 3312; x_wconf 76' lang='lat' dir='ltr'><strong><em>C</em></strong></span> 
     </span>
    </p>
   </div>
   <div class='ocr_carea' id='block_1_48' title="bbox 173 3317 896 3390">
    <p class='ocr_par' dir='ltr' id='par_1_48' title="bbox 173 3317 896 3390">
     <span class='ocr_line' id='line_1_48' title="bbox 173 3317 896 3390; baseline 0.007 -20"><span class='ocrx_word' id='word_1_319' title='bbox 173 3317 321 3389; x_wconf 78' lang='grc' dir='ltr'>ἔχειν</span> <span class='ocrx_word' id='word_1_320' title='bbox 355 3321 456 3390; x_wconf 77' lang='grc' dir='ltr'>τὴν</span> <span class='ocrx_word' id='word_1_321' title='bbox 491 3320 716 3373; x_wconf 76' lang='grc' dir='ltr'>ἔκϐασιν</span> <span class='ocrx_word' id='word_1_322' title='bbox 753 3320 896 3389; x_wconf 85' lang='grc'><strong>(19).</strong></span> 
     </span>
    </p>
   </div>
   <div class='ocr_carea' id='block_1_49' title="bbox 246 3410 1764 3483">
    <p class='ocr_par' dir='ltr' id='par_1_49' title="bbox 246 3410 1764 3483">
     <span class='ocr_line' id='line_1_49' title="bbox 246 3410 1764 3483; baseline -0.002 -19"><span class='ocrx_word' id='word_1_323' title='bbox 246 3419 340 3480; x_wconf 88' lang='grc' dir='ltr'>ιγ’.</span> <span class='ocrx_word' id='word_1_324' title='bbox 378 3412 855 3483; x_wconf 80' lang='grc' dir='ltr'>Ὑπερτίθεσθαιῆ</span> <span class='ocrx_word' id='word_1_325' title='bbox 898 3412 1298 3465; x_wconf 78' lang='grc' dir='ltr'>ἀναϐάλλεσθαι</span> <span class='ocrx_word' id='word_1_326' title='bbox 1348 3412 1487 3480; x_wconf 67' lang='grc' dir='ltr'>πρὶς</span> <span class='ocrx_word' id='word_1_327' title='bbox 1534 3410 1605 3462; x_wconf 81' lang='grc' dir='ltr'><strong>τά</strong></span> <span class='ocrx_word' id='word_1_328' title='bbox 1663 3429 1764 3482; x_wconf 69' lang='grc' dir='ltr'><strong>φησι</strong></span> 
     </span>
    </p>
   </div>
   <div class='ocr_carea' id='block_1_50' title="bbox 177 3503 1755 3577">
    <p class='ocr_par' dir='ltr' id='par_1_50' title="bbox 177 3503 1755 3577">
     <span class='ocr_line' id='line_1_50' title="bbox 177 3503 1755 3577; baseline -0.003 -19"><span class='ocrx_word' id='word_1_329' title='bbox 177 3505 448 3577; x_wconf 74' lang='grc' dir='ltr'>μιζϐμενα</span> <span class='ocrx_word' id='word_1_330' title='bbox 482 3504 628 3558; x_wconf 88' lang='grc' dir='ltr'><strong>κακά</strong></span> <span class='ocrx_word' id='word_1_331' title='bbox 661 3503 908 3575; x_wconf 77' lang='grc' dir='ltr'>ἧδολερὰ</span> <span class='ocrx_word' id='word_1_332' title='bbox 968 3506 1061 3556; x_wconf 80' lang='grc' dir='ltr'><strong>καὶ</strong></span> <span class='ocrx_word' id='word_1_333' title='bbox 1110 3504 1394 3570; x_wconf 77' lang='grc' dir='ltr'>ἐπίϐουλα,</span> <span class='ocrx_word' id='word_1_334' title='bbox 1431 3503 1493 3556; x_wconf 78' lang='grc' dir='ltr'><strong>οὐ</strong></span> <span class='ocrx_word' id='word_1_335' title='bbox 1524 3503 1755 3567; x_wconf 89' lang='grc' dir='ltr'>δίκαιον,</span> 
     </span>
    </p>
   </div>
   <div class='ocr_carea' id='block_1_51' title="bbox 170 3595 1763 3665">
    <p class='ocr_par' dir='ltr' id='par_1_51' title="bbox 170 3595 1763 3665">
     <span class='ocr_line' id='line_1_51' title="bbox 170 3595 1763 3665; baseline -0.003 -15"><span class='ocrx_word' id='word_1_336' title='bbox 170 3599 294 3650; x_wconf 70' lang='grc' dir='ltr'>οὐδὲ</span> <span class='ocrx_word' id='word_1_337' title='bbox 318 3598 550 3665; x_wconf 82' lang='grc' dir='ltr'>πρέπον,</span> <span class='ocrx_word' id='word_1_338' title='bbox 579 3597 698 3648; x_wconf 62' lang='grc' dir='ltr'>οὐδὲ</span> <span class='ocrx_word' id='word_1_339' title='bbox 738 3598 1098 3664; x_wconf 74' lang='grc' dir='ltr'>καταφρονεῖν</span> <span class='ocrx_word' id='word_1_340' title='bbox 1155 3595 1337 3648; x_wconf 80' lang='grc' dir='ltr'>αὐτῶν</span> <span class='ocrx_word' id='word_1_341' title='bbox 1382 3595 1484 3647; x_wconf 83' lang='grc' dir='ltr'>κᾶν</span> <span class='ocrx_word' id='word_1_342' title='bbox 1514 3612 1572 3646; x_wconf 88' lang='grc' dir='ltr'><strong>τε</strong></span> <span class='ocrx_word' id='word_1_343' title='bbox 1631 3595 1763 3664; x_wconf 72' lang='grc' dir='ltr'>περὶ</span> 
     </span>
    </p>
   </div>
   <div class='ocr_carea' id='block_1_52' title="bbox 170 3687 1761 3759">
    <p class='ocr_par' dir='ltr' id='par_1_52' title="bbox 170 3687 1761 3759">
     <span class='ocr_line' id='line_1_52' title="bbox 170 3687 1761 3759; baseline -0.001 -17"><span class='ocrx_word' id='word_1_344' title='bbox 170 3691 283 3742; x_wconf 80' lang='grc' dir='ltr'><strong>τῶν</strong></span> <span class='ocrx_word' id='word_1_345' title='bbox 336 3690 546 3759; x_wconf 76' lang='grc' dir='ltr'>ἐχθρῶν</span> <span class='ocrx_word' id='word_1_346' title='bbox 584 3689 874 3756; x_wconf 79' lang='grc' dir='ltr'>λέγωνται,</span> <span class='ocrx_word' id='word_1_347' title='bbox 936 3689 1036 3740; x_wconf 73' lang='grc' dir='ltr'>κᾶν</span> <span class='ocrx_word' id='word_1_348' title='bbox 1082 3705 1140 3740; x_wconf 86' lang='grc' dir='ltr'><strong>τε</strong></span> <span class='ocrx_word' id='word_1_349' title='bbox 1192 3689 1320 3758; x_wconf 70' lang='grc' dir='ltr'>περὶ</span> <span class='ocrx_word' id='word_1_350' title='bbox 1360 3687 1525 3741; x_wconf 88' lang='grc' dir='ltr'>ίδίων.</span> <span class='ocrx_word' id='word_1_351' title='bbox 1600 3687 1761 3740; x_wconf 83' lang='grc' dir='ltr'>Ἀλλὰ</span> 
     </span>
    </p>
   </div>
   <div class='ocr_carea' id='block_1_53' title="bbox 173 3774 1761 3851">
    <p class='ocr_par' dir='ltr' id='par_1_53' title="bbox 173 3774 1761 3851">
     <span class='ocr_line' id='line_1_53' title="bbox 173 3774 1761 3851; baseline -0.003 -16"><span class='ocrx_word' id='word_1_352' title='bbox 173 3783 382 3851; x_wconf 80' lang='grc' dir='ltr'>μᾶλλον</span> <span class='ocrx_word' id='word_1_353' title='bbox 416 3778 740 3843; x_wconf 76' lang='grc' dir='ltr'>σπουδάζειν</span> <span class='ocrx_word' id='word_1_354' title='bbox 768 3798 827 3832; x_wconf 92' lang='grc' dir='ltr'><strong>σε</strong></span> <span class='ocrx_word' id='word_1_355' title='bbox 877 3780 1002 3849; x_wconf 78' lang='grc' dir='ltr'>χρὴ,</span> <span class='ocrx_word' id='word_1_356' title='bbox 1025 3774 1081 3834; x_wconf 80' lang='grc' dir='ltr'>,ὦ</span> <span class='ocrx_word' id='word_1_357' title='bbox 1118 3779 1415 3848; x_wconf 76' lang='grc' dir='ltr'>στρατηγὲ,</span> <span class='ocrx_word' id='word_1_358' title='bbox 1451 3778 1761 3848; x_wconf 79' lang='grc' dir='ltr'>μεθοδεύειν</span> 
     </span>
    </p>
   </div>
   <div class='ocr_carea' id='block_1_54' title="bbox 169 3869 1759 3940">
    <p class='ocr_par' dir='ltr' id='par_1_54' title="bbox 169 3869 1759 3940">
     <span class='ocr_line' id='line_1_54' title="bbox 169 3869 1759 3940; baseline -0.003 -11"><span class='ocrx_word' id='word_1_359' title='bbox 169 3876 269 3929; x_wconf 70' lang='grc' dir='ltr'><strong>καὶ</strong></span> <span class='ocrx_word' id='word_1_360' title='bbox 291 3873 633 3926; x_wconf 81' lang='grc' dir='ltr'>καταπαύειν</span> <span class='ocrx_word' id='word_1_361' title='bbox 662 3873 802 3926; x_wconf 75' lang='grc' dir='ltr'>αὐτὰ</span> <span class='ocrx_word' id='word_1_362' title='bbox 828 3873 956 3940; x_wconf 70' lang='grc' dir='ltr'>πρὶν</span> <span class='ocrx_word' id='word_1_363' title='bbox 1001 3873 1081 3935; x_wconf 80' lang='grc' dir='ltr'>εἰς</span> <span class='ocrx_word' id='word_1_364' title='bbox 1146 3872 1306 3939; x_wconf 78' lang='grc' dir='ltr'>ἔργον</span> <span class='ocrx_word' id='word_1_365' title='bbox 1356 3869 1585 3923; x_wconf 79' lang='grc' dir='ltr'>ἔλθωσιν</span> <span class='ocrx_word' id='word_1_366' title='bbox 1625 3889 1637 3901; x_wconf 94' lang='grc'><strong>·</strong></span> <span class='ocrx_word' id='word_1_367' title='bbox 1671 3872 1759 3924; x_wconf 79' lang='grc' dir='ltr'>ὅτε</span> 
     </span>
    </p>
   </div>
   <div class='ocr_carea' id='block_1_55' title="bbox 171 3963 1334 4036">
    <p class='ocr_par' dir='ltr' id='par_1_55' title="bbox 171 3963 1334 4036">
     <span class='ocr_line' id='line_1_55' title="bbox 171 3963 1334 4036; baseline -0.001 -19"><span class='ocrx_word' id='word_1_368' title='bbox 171 3967 318 4036; x_wconf 80' lang='grc' dir='ltr'>τάχα</span> <span class='ocrx_word' id='word_1_369' title='bbox 346 3966 466 4017; x_wconf 80' lang='grc' dir='ltr'>οὐδὲ</span> <span class='ocrx_word' id='word_1_370' title='bbox 497 3964 850 4017; x_wconf 78' lang='grc' dir='ltr'>ἀναστέλλειν</span> <span class='ocrx_word' id='word_1_371' title='bbox 881 3963 1055 4016; x_wconf 81' lang='grc' dir='ltr'>ταῦτα</span> <span class='ocrx_word' id='word_1_372' title='bbox 1084 3963 1334 4017; x_wconf 87' lang='grc' dir='ltr'>δύνασαι.</span> 
     </span>
    </p>
   </div>
   <div class='ocr_carea' id='block_1_56' title="bbox 247 4053 1759 4126">
    <p class='ocr_par' dir='ltr' id='par_1_56' title="bbox 247 4053 1759 4126">
     <span class='ocr_line' id='line_1_56' title="bbox 247 4053 1759 4126; baseline -0.003 -17"><span class='ocrx_word' id='word_1_373' title='bbox 247 4057 331 4110; x_wconf 78' lang='grc' dir='ltr'>ιδ’.</span> <span class='ocrx_word' id='word_1_374' title='bbox 367 4057 589 4126; x_wconf 85' lang='grc' dir='ltr'>Ποιήσει</span> <span class='ocrx_word' id='word_1_375' title='bbox 625 4056 826 4124; x_wconf 77' lang='grc' dir='ltr'>θάρσος</span> <span class='ocrx_word' id='word_1_376' title='bbox 887 4059 1001 4117; x_wconf 87' lang='grc' dir='ltr'>τοῖς</span> <span class='ocrx_word' id='word_1_377' title='bbox 1039 4053 1421 4124; x_wconf 63' lang='grc' dir='ltr'><strong>⁸στρατιώταις</strong></span> <span class='ocrx_word' id='word_1_378' title='bbox 1482 4055 1537 4105; x_wconf 84' lang='grc' dir='ltr'>ὲν</span> <span class='ocrx_word' id='word_1_379' title='bbox 1584 4054 1759 4123; x_wconf 81' lang='grc' dir='ltr'>καιρῷ</span> 
     </span>
    </p>
   </div>
   <div class='ocr_carea' id='block_1_57' title="bbox 169 4142 1758 4216">
    <p class='ocr_par' dir='ltr' id='par_1_57' title="bbox 169 4142 1758 4216">
     <span class='ocr_line' id='line_1_57' title="bbox 169 4142 1758 4216; baseline -0.004 -15"><span class='ocrx_word' id='word_1_380' title='bbox 169 4147 416 4216; x_wconf 85' lang='grc' dir='ltr'>πολέμου</span> <span class='ocrx_word' id='word_1_381' title='bbox 476 4144 704 4214; x_wconf 86' lang='grc' dir='ltr'>ἀγγελία</span> <span class='ocrx_word' id='word_1_382' title='bbox 754 4145 1047 4214; x_wconf 71' lang='grc' dir='ltr'>ἐρχομένη,</span> <span class='ocrx_word' id='word_1_383' title='bbox 1105 4144 1187 4196; x_wconf 84' lang='grc' dir='ltr'>ὅτι</span> <span class='ocrx_word' id='word_1_384' title='bbox 1236 4143 1326 4195; x_wconf 88' lang='grc' dir='ltr'>Ἐν</span> <span class='ocrx_word' id='word_1_385' title='bbox 1352 4142 1530 4215; x_wconf 78' lang='grc' dir='ltr'>ἄλλοις</span> <span class='ocrx_word' id='word_1_386' title='bbox 1574 4143 1758 4206; x_wconf 71' lang='grc' dir='ltr'>τόποις</span> 
     </span>
    </p>
   </div>
   <div class='ocr_carea' id='block_1_58' title="bbox 169 4233 1756 4305">
    <p class='ocr_par' dir='ltr' id='par_1_58' title="bbox 169 4233 1756 4305">
     <span class='ocr_line' id='line_1_58' title="bbox 169 4233 1756 4305; baseline -0.003 -15"><span class='ocrx_word' id='word_1_387' title='bbox 169 4239 300 4299; x_wconf 72' lang='grc' dir='ltr'>τοὺς</span> <span class='ocrx_word' id='word_1_388' title='bbox 332 4236 625 4305; x_wconf 86' lang='grc' dir='ltr'>πολεμίους</span> <span class='ocrx_word' id='word_1_389' title='bbox 649 4236 1036 4304; x_wconf 78' lang='grc' dir='ltr'>νενικήκαμεν.</span> <span class='ocrx_word' id='word_1_390' title='bbox 1059 4234 1248 4295; x_wconf 78' lang='grc' dir='ltr'>Οὕτως</span> <span class='ocrx_word' id='word_1_391' title='bbox 1272 4233 1489 4303; x_wconf 74' lang='grc' dir='ltr'>γὰρκαὶ</span> <span class='ocrx_word' id='word_1_392' title='bbox 1512 4235 1578 4285; x_wconf 86' lang='grc' dir='ltr'><strong>τὰ</strong></span> <span class='ocrx_word' id='word_1_393' title='bbox 1604 4233 1756 4286; x_wconf 69' lang='grc' dir='ltr'>δειλὰ</span> 
     </span>
    </p>
   </div>
   <div class='ocr_carea' id='block_1_59' title="bbox 171 4325 1758 4400">
    <p class='ocr_par' dir='ltr' id='par_1_59' title="bbox 171 4325 1758 4400">
     <span class='ocr_line' id='line_1_59' title="bbox 171 4325 1758 4400; baseline -0.002 -21"><span class='ocrx_word' id='word_1_394' title='bbox 171 4329 502 4400; x_wconf 81' lang='grc' dir='ltr'>φρονήματα</span> <span class='ocrx_word' id='word_1_395' title='bbox 523 4327 996 4396; x_wconf 85' lang='grc' dir='ltr'>ὃιαναστήσονται,</span> <span class='ocrx_word' id='word_1_396' title='bbox 1029 4326 1125 4378; x_wconf 78' lang='grc' dir='ltr'>καὶ</span> <span class='ocrx_word' id='word_1_397' title='bbox 1175 4325 1246 4377; x_wconf 82' lang='grc' dir='ltr'><strong>τά</strong></span> <span class='ocrx_word' id='word_1_398' title='bbox 1299 4325 1518 4393; x_wconf 81' lang='grc' dir='ltr'>ἀνδρεῖα</span> <span class='ocrx_word' id='word_1_399' title='bbox 1557 4326 1758 4394; x_wconf 78' lang='grc' dir='ltr'>μᾶλλον</span> 
     </span>
    </p>
   </div>
   <div class='ocr_carea' id='block_1_60' title="bbox 170 4414 1758 4491">
    <p class='ocr_par' dir='ltr' id='par_1_60' title="bbox 170 4414 1758 4491">
     <span class='ocr_line' id='line_1_60' title="bbox 170 4414 1758 4491; baseline -0.003 -19"><span class='ocrx_word' id='word_1_400' title='bbox 170 4419 563 4491; x_wconf 81' lang='grc' dir='ltr'>θαρσήσουσιν,</span> <span class='ocrx_word' id='word_1_401' title='bbox 600 4417 804 4485; x_wconf 86' lang='grc' dir='ltr'>ἀγαθὸν</span> <span class='ocrx_word' id='word_1_402' title='bbox 856 4415 1127 4486; x_wconf 85' lang='grc' dir='ltr'>σύμϐολον</span> <span class='ocrx_word' id='word_1_403' title='bbox 1157 4414 1217 4467; x_wconf 78' lang='grc' dir='ltr'>τὸ</span> <span class='ocrx_word' id='word_1_404' title='bbox 1263 4415 1362 4485; x_wconf 79' lang='grc' dir='ltr'><strong>τῆς</strong></span> <span class='ocrx_word' id='word_1_405' title='bbox 1393 4415 1549 4484; x_wconf 85' lang='grc' dir='ltr'>νίκης</span> <span class='ocrx_word' id='word_1_406' title='bbox 1588 4415 1758 4485; x_wconf 70' lang='grc' dir='ltr'>ὄνομα</span> 
     </span>
    </p>
   </div>
   <div class='ocr_carea' id='block_1_61' title="bbox 169 4507 1340 4584">
    <p class='ocr_par' dir='ltr' id='par_1_61' title="bbox 169 4507 1340 4584">
     <span class='ocr_line' id='line_1_61' title="bbox 169 4507 1340 4584; baseline -0.003 -20"><span class='ocrx_word' id='word_1_407' title='bbox 169 4513 270 4565; x_wconf 83' lang='grc' dir='ltr'>καὶ</span> <span class='ocrx_word' id='word_1_408' title='bbox 299 4513 402 4584; x_wconf 79' lang='grc' dir='ltr'>τὴν</span> <span class='ocrx_word' id='word_1_409' title='bbox 427 4511 628 4581; x_wconf 78' lang='grc' dir='ltr'>πρᾶξιν</span> <span class='ocrx_word' id='word_1_410' title='bbox 662 4510 736 4572; x_wconf 87' lang='grc' dir='ltr'>ὠς</span> <span class='ocrx_word' id='word_1_411' title='bbox 771 4511 832 4562; x_wconf 77' lang='grc' dir='ltr'>ἐκ</span> <span class='ocrx_word' id='word_1_412' title='bbox 860 4507 998 4560; x_wconf 80' lang='grc' dir='ltr'>Θεοῦ</span> <span class='ocrx_word' id='word_1_413' title='bbox 1033 4507 1340 4578; x_wconf 81' lang='grc' dir='ltr'>δεξάμενοι.</span> 
     </span>
    </p>
   </div>
   <div class='ocr_carea' id='block_1_62' title="bbox 242 4593 1832 4672">
    <p class='ocr_par' dir='ltr' id='par_1_62' title="bbox 242 4593 1832 4672">
     <span class='ocr_line' id='line_1_62' title="bbox 242 4593 1832 4672; baseline -0.003 -15"><span class='ocrx_word' id='word_1_414' title='bbox 242 4602 330 4657; x_wconf 84' lang='grc' dir='ltr'>ιε’.</span> <span class='ocrx_word' id='word_1_415' title='bbox 369 4605 696 4672; x_wconf 80' lang='grc' dir='ltr'>Ἀπατήσεις</span> <span class='ocrx_word' id='word_1_416' title='bbox 731 4602 932 4672; x_wconf 80' lang='grc' dir='ltr'>μᾶλλον</span> <span class='ocrx_word' id='word_1_417' title='bbox 979 4601 1105 4664; x_wconf 73' lang='grc' dir='ltr'>τοὺς</span> <span class='ocrx_word' id='word_1_418' title='bbox 1152 4599 1470 4670; x_wconf 84' lang='grc' dir='ltr'>πολεμίους,</span> <span class='ocrx_word' id='word_1_419' title='bbox 1519 4600 1614 4652; x_wconf 83' lang='grc' dir='ltr'><strong>ὲάν</strong></span> <span class='ocrx_word' id='word_1_420' title='bbox 1666 4600 1754 4653; x_wconf 72' lang='grc' dir='ltr'><strong>διὰ</strong></span> <span class='ocrx_word' id='word_1_421' title='bbox 1791 4593 1832 4645; x_wconf 84' lang='lat' dir='ltr'>D</span> 
     </span>
    </p>
   </div>
   <div class='ocr_carea' id='block_1_63' title="bbox 167 4693 1756 4767">
    <p class='ocr_par' dir='ltr' id='par_1_63' title="bbox 167 4693 1756 4767">
     <span class='ocr_line' id='line_1_63' title="bbox 167 4693 1756 4767; baseline -0.003 -18"><span class='ocrx_word' id='word_1_422' title='bbox 167 4695 508 4767; x_wconf 59' lang='grc' dir='ltr'>προσφύγων</span> <span class='ocrx_word' id='word_1_423' title='bbox 536 4696 643 4746; x_wconf 84' lang='grc' dir='ltr'><strong>ἀπὸ</strong></span> <span class='ocrx_word' id='word_1_424' title='bbox 673 4695 766 4747; x_wconf 71' lang='grc' dir='ltr'>σοῦ</span> <span class='ocrx_word' id='word_1_425' title='bbox 800 4695 936 4764; x_wconf 74' lang='grc' dir='ltr'>πρὸς</span> <span class='ocrx_word' id='word_1_426' title='bbox 975 4694 1172 4755; x_wconf 75' lang='grc' dir='ltr'>αὐτοὺς</span> <span class='ocrx_word' id='word_1_427' title='bbox 1238 4693 1454 4746; x_wconf 76' lang='grc' dir='ltr'>ἐναντία</span> <span class='ocrx_word' id='word_1_428' title='bbox 1509 4693 1756 4764; x_wconf 74' lang='grc' dir='ltr'>φημίσῃς</span> 
     </span>
    </p>
   </div>
   <div class='ocr_carea' id='block_1_64' title="bbox 169 4782 1757 4857">
    <p class='ocr_par' dir='ltr' id='par_1_64' title="bbox 169 4782 1757 4857">
     <span class='ocr_line' id='line_1_64' title="bbox 169 4782 1757 4857; baseline -0.002 -17"><span class='ocrx_word' id='word_1_429' title='bbox 169 4782 247 4840; x_wconf 78' lang='grc' dir='ltr'>ὧν</span> <span class='ocrx_word' id='word_1_430' title='bbox 278 4788 343 4838; x_wconf 72' lang='grc' dir='ltr'><strong>σὺ</strong></span> <span class='ocrx_word' id='word_1_431' title='bbox 388 4785 616 4857; x_wconf 80' lang='grc' dir='ltr'>βουλεύῃ</span> <span class='ocrx_word' id='word_1_432' title='bbox 638 4785 862 4854; x_wconf 79' lang='grc' dir='ltr'>ποιῆσαι</span> <span class='ocrx_word' id='word_1_433' title='bbox 893 4784 1039 4837; x_wconf 86' lang='grc' dir='ltr'><strong>κατά</strong></span> <span class='ocrx_word' id='word_1_434' title='bbox 1092 4785 1202 4836; x_wconf 83' lang='grc' dir='ltr'>τῶν</span> <span class='ocrx_word' id='word_1_435' title='bbox 1252 4783 1464 4854; x_wconf 80' lang='grc' dir='ltr'>ἐχθρῶν</span> <span class='ocrx_word' id='word_1_436' title='bbox 1495 4801 1511 4816; x_wconf 77' lang='grc'><strong><em>⁸</em></strong></span> <span class='ocrx_word' id='word_1_437' title='bbox 1566 4785 1598 4854; x_wconf 84' lang='grc' dir='ltr'>ἦ</span> <span class='ocrx_word' id='word_1_438' title='bbox 1649 4787 1757 4855; x_wconf 83' lang='grc' dir='ltr'>γὰρ</span> 
     </span>
    </p>
   </div>
   <div class='ocr_carea' id='block_1_65' title="bbox 169 4874 1758 4947">
    <p class='ocr_par' dir='ltr' id='par_1_65' title="bbox 169 4874 1758 4947">
     <span class='ocr_line' id='line_1_65' title="bbox 169 4874 1758 4947; baseline -0.002 -17"><span class='ocrx_word' id='word_1_439' title='bbox 169 4881 586 4947; x_wconf 74' lang='grc' dir='ltr'>ἀπιστήσαντες</span> <span class='ocrx_word' id='word_1_440' title='bbox 618 4878 1012 4947; x_wconf 83' lang='grc' dir='ltr'>ἀμελήσουσιν,</span> <span class='ocrx_word' id='word_1_441' title='bbox 1042 4875 1074 4946; x_wconf 86' lang='grc' dir='ltr'>ἦ</span> <span class='ocrx_word' id='word_1_442' title='bbox 1109 4874 1500 4937; x_wconf 83' lang='grc' dir='ltr'>πιστεύσαντες</span> <span class='ocrx_word' id='word_1_443' title='bbox 1530 4877 1758 4945; x_wconf 82' lang='grc' dir='ltr'>ἀστοχή-</span> 
     </span>
    </p>
   </div>
   <div class='ocr_carea' id='block_1_66' title="bbox 169 4966 1752 5038">
    <p class='ocr_par' dir='ltr' id='par_1_66' title="bbox 169 4966 1752 5038">
     <span class='ocr_line' id='line_1_66' title="bbox 169 4966 1752 5038; baseline -0.001 -17"><span class='ocrx_word' id='word_1_444' title='bbox 169 4987 381 5022; x_wconf 80' lang='grc' dir='ltr'>σουσιν.</span> <span class='ocrx_word' id='word_1_445' title='bbox 420 4968 528 5021; x_wconf 76' lang='grc' dir='ltr'>Καὶ</span> <span class='ocrx_word' id='word_1_446' title='bbox 562 4968 630 5021; x_wconf 70' lang='grc' dir='ltr'>τὰ</span> <span class='ocrx_word' id='word_1_447' title='bbox 657 4967 756 5038; x_wconf 80' lang='grc' dir='ltr'><strong>μὲν</strong></span> <span class='ocrx_word' id='word_1_448' title='bbox 799 4967 868 5020; x_wconf 75' lang='grc' dir='ltr'>σὰ</span> <span class='ocrx_word' id='word_1_449' title='bbox 925 4966 1268 5037; x_wconf 88' lang='grc' dir='ltr'>βουλεύματα</span> <span class='ocrx_word' id='word_1_450' title='bbox 1315 4966 1752 5036; x_wconf 85' lang='grc' dir='ltr'>τελεσθήσονται,</span> 
     </span>
    </p>
   </div>
   <div class='ocr_carea' id='block_1_67' title="bbox 171 5059 1275 5130">
    <p class='ocr_par' dir='ltr' id='par_1_67' title="bbox 171 5059 1275 5130">
     <span class='ocr_line' id='line_1_67' title="bbox 171 5059 1275 5130; baseline 0 -18"><span class='ocrx_word' id='word_1_451' title='bbox 171 5062 237 5112; x_wconf 88' lang='grc' dir='ltr'><strong>τά</strong></span> <span class='ocrx_word' id='word_1_452' title='bbox 265 5061 320 5112; x_wconf 82' lang='grc' dir='ltr'><strong>δὲ</strong></span> <span class='ocrx_word' id='word_1_453' title='bbox 347 5060 570 5112; x_wconf 75' lang='grc' dir='ltr'>ἐκείνων</span> <span class='ocrx_word' id='word_1_454' title='bbox 601 5061 864 5130; x_wconf 79' lang='grc' dir='ltr'>ἄπρακτα</span> <span class='ocrx_word' id='word_1_455' title='bbox 884 5059 1275 5130; x_wconf 83' lang='grc' dir='ltr'>ἀποϐήσονται.</span> 
     </span>
    </p>
   </div>
   <div class='ocr_carea' id='block_1_68' title="bbox 245 5147 1757 5222">
    <p class='ocr_par' dir='ltr' id='par_1_68' title="bbox 245 5147 1757 5222">
     <span class='ocr_line' id='line_1_68' title="bbox 245 5147 1757 5222; baseline 0.003 -22"><span class='ocrx_word' id='word_1_456' title='bbox 245 5147 344 5214; x_wconf 73' lang='grc' dir='ltr'>ις’.</span> <span class='ocrx_word' id='word_1_457' title='bbox 373 5149 447 5200; x_wconf 79' lang='grc' dir='ltr'>Τὸ</span> <span class='ocrx_word' id='word_1_458' title='bbox 498 5149 766 5219; x_wconf 86' lang='grc' dir='ltr'>κρύπτειν</span> <span class='ocrx_word' id='word_1_459' title='bbox 824 5151 894 5203; x_wconf 85' lang='grc' dir='ltr'><strong>τά</strong></span> <span class='ocrx_word' id='word_1_460' title='bbox 933 5150 1389 5220; x_wconf 79' lang='grc' dir='ltr'>ἀπαγγελλόμενα</span> <span class='ocrx_word' id='word_1_461' title='bbox 1427 5151 1757 5222; x_wconf 86' lang='grc' dir='ltr'>ἀτυχήματα</span> 
     </span>
    </p>
   </div>
   <div class='ocr_carea' id='block_1_69' title="bbox 169 5240 1754 5313">
    <p class='ocr_par' dir='ltr' id='par_1_69' title="bbox 169 5240 1754 5313">
     <span class='ocr_line' id='line_1_69' title="bbox 169 5240 1754 5313; baseline 0.001 -20"><span class='ocrx_word' id='word_1_462' title='bbox 169 5243 272 5294; x_wconf 79' lang='grc' dir='ltr'>ὅσα</span> <span class='ocrx_word' id='word_1_463' title='bbox 304 5240 628 5311; x_wconf 83' lang='grc' dir='ltr'>συμϐαίνειν</span> <span class='ocrx_word' id='word_1_464' title='bbox 655 5241 869 5307; x_wconf 85' lang='grc' dir='ltr'>εἴωθεν,</span> <span class='ocrx_word' id='word_1_465' title='bbox 903 5242 980 5306; x_wconf 80' lang='grc' dir='ltr'>ὡς</span> <span class='ocrx_word' id='word_1_466' title='bbox 1016 5243 1182 5306; x_wconf 78' lang='grc' dir='ltr'>εἰκὸς,</span> <span class='ocrx_word' id='word_1_467' title='bbox 1219 5244 1278 5294; x_wconf 76' lang='grc' dir='ltr'>ἐν</span> <span class='ocrx_word' id='word_1_468' title='bbox 1299 5242 1494 5313; x_wconf 87' lang='grc' dir='ltr'>πλήθει</span> <span class='ocrx_word' id='word_1_469' title='bbox 1520 5242 1754 5311; x_wconf 72' lang='grc' dir='ltr'>στρατοῦ</span> 
     </span>
    </p>
   </div>
   <div class='ocr_carea' id='block_1_70' title="bbox 169 5334 1749 5404">
    <p class='ocr_par' dir='ltr' id='par_1_70' title="bbox 169 5334 1749 5404">
     <span class='ocr_line' id='line_1_70' title="bbox 169 5334 1749 5404; baseline 0.003 -18"><span class='ocrx_word' id='word_1_470' title='bbox 169 5335 268 5387; x_wconf 59' lang='grc' dir='ltr'><strong>καλ⁸</strong></span> <span class='ocrx_word' id='word_1_471' title='bbox 307 5334 376 5385; x_wconf 76' lang='grc' dir='ltr'>τὰ</span> <span class='ocrx_word' id='word_1_472' title='bbox 413 5334 633 5386; x_wconf 80' lang='grc' dir='ltr'>ἐναντία</span> <span class='ocrx_word' id='word_1_473' title='bbox 669 5334 778 5386; x_wconf 85' lang='grc' dir='ltr'><strong>τῶν</strong></span> <span class='ocrx_word' id='word_1_474' title='bbox 813 5335 1034 5404; x_wconf 84' lang='grc' dir='ltr'>ἀληθῶν</span> <span class='ocrx_word' id='word_1_475' title='bbox 1067 5336 1244 5388; x_wconf 85' lang='grc' dir='ltr'>ποιεῖν</span> <span class='ocrx_word' id='word_1_476' title='bbox 1283 5335 1749 5404; x_wconf 87' lang='grc' dir='ltr'>ἀπαγγέλλεσθαι,</span> 
     </span>
    </p>
   </div>
   <div class='ocr_carea' id='block_1_71' title="bbox 173 5427 1756 5498">
    <p class='ocr_par' dir='ltr' id='par_1_71' title="bbox 173 5427 1756 5498">
     <span class='ocr_line' id='line_1_71' title="bbox 173 5427 1756 5498; baseline 0.001 -20"><span class='ocrx_word' id='word_1_477' title='bbox 173 5427 543 5496; x_wconf 87' lang='grc' dir='ltr'>στρατήγημά</span> <span class='ocrx_word' id='word_1_478' title='bbox 567 5429 715 5480; x_wconf 76' lang='grc' dir='ltr'>ἐστιν</span> <span class='ocrx_word' id='word_1_479' title='bbox 736 5427 926 5498; x_wconf 72' lang='grc' dir='ltr'>ἀνδρδς</span> <span class='ocrx_word' id='word_1_480' title='bbox 943 5427 1232 5497; x_wconf 67' lang='grc' dir='ltr'>ἔμφρονος,</span> <span class='ocrx_word' id='word_1_481' title='bbox 1264 5428 1359 5480; x_wconf 74' lang='grc' dir='ltr'><strong>καὶ</strong></span> <span class='ocrx_word' id='word_1_482' title='bbox 1383 5428 1606 5498; x_wconf 84' lang='grc' dir='ltr'>ἀνιστᾷν</span> <span class='ocrx_word' id='word_1_483' title='bbox 1629 5445 1756 5498; x_wconf 82' lang='grc' dir='ltr'>φρο-</span> 
     </span>
    </p>
   </div>
   <div class='ocr_carea' id='block_1_72' title="bbox 171 5519 1568 5590">
    <p class='ocr_par' dir='ltr' id='par_1_72' title="bbox 171 5519 1568 5590">
     <span class='ocr_line' id='line_1_72' title="bbox 171 5519 1568 5590; baseline 0.001 -20"><span class='ocrx_word' id='word_1_484' title='bbox 171 5525 235 5587; x_wconf 73' lang='grc' dir='ltr'><strong>νη</strong></span> <span class='ocrx_word' id='word_1_485' title='bbox 246 5535 392 5587; x_wconf 85' lang='grc' dir='ltr'>ματα</span> <span class='ocrx_word' id='word_1_486' title='bbox 429 5519 778 5589; x_wconf 83' lang='grc' dir='ltr'>στρατιωτῶν</span> <span class='ocrx_word' id='word_1_487' title='bbox 808 5520 1219 5573; x_wconf 84' lang='grc' dir='ltr'>καταπίπτοντα</span> <span class='ocrx_word' id='word_1_488' title='bbox 1247 5520 1568 5590; x_wconf 83' lang='grc' dir='ltr'>δυναμένου.</span> 
     </span>
    </p>
   </div>
   <div class='ocr_carea' id='block_1_73' title="bbox 244 5609 1754 5685">
    <p class='ocr_par' dir='ltr' id='par_1_73' title="bbox 244 5609 1754 5685">
     <span class='ocr_line' id='line_1_73' title="bbox 244 5609 1754 5685; baseline 0.003 -21"><span class='ocrx_word' id='word_1_489' title='bbox 244 5609 334 5674; x_wconf 79' lang='grc' dir='ltr'><strong>ιζ’.</strong></span> <span class='ocrx_word' id='word_1_490' title='bbox 381 5611 601 5683; x_wconf 77' lang='grc' dir='ltr'>Ῥώμην</span> <span class='ocrx_word' id='word_1_491' title='bbox 630 5613 872 5684; x_wconf 76' lang='grc' dir='ltr'>ἐντίθησι</span> <span class='ocrx_word' id='word_1_492' title='bbox 903 5615 1212 5685; x_wconf 77' lang='grc' dir='ltr'>στρατηγὸς</span> <span class='ocrx_word' id='word_1_493' title='bbox 1248 5614 1536 5684; x_wconf 76' lang='grc' dir='ltr'>ἡττηθέντι</span> <span class='ocrx_word' id='word_1_494' title='bbox 1590 5631 1754 5684; x_wconf 80' lang='grc' dir='ltr'>στρα-</span> 
     </span>
    </p>
   </div>
   <div class='ocr_carea' id='block_1_74' title="bbox 1945 2122 3453 2192">
    <p class='ocr_par' dir='ltr' id='par_1_74' title="bbox 1945 2122 3453 2192">
     <span class='ocr_line' id='line_1_74' title="bbox 1945 2122 3453 2192; baseline 0 -17"><span class='ocrx_word' id='word_1_495' title='bbox 1945 2124 2036 2177; x_wconf 82' lang='grc' dir='ltr'><strong>Η.</strong></span> <span class='ocrx_word' id='word_1_496' title='bbox 2074 2122 2270 2176; x_wconf 85' lang='lat' dir='ltr'><strong>Iisdem</strong></span> <span class='ocrx_word' id='word_1_497' title='bbox 2315 2123 2763 2192; x_wconf 77' lang='lat' dir='ltr'><strong>aggressionibus</strong></span> <span class='ocrx_word' id='word_1_498' title='bbox 2809 2123 2996 2178; x_wconf 80' lang='lat' dir='ltr'><strong>hostes</strong></span> <span class='ocrx_word' id='word_1_499' title='bbox 3041 2139 3256 2192; x_wconf 81' lang='lat' dir='ltr'><strong>semper</strong></span> <span class='ocrx_word' id='word_1_500' title='bbox 3298 2124 3453 2178; x_wconf 77' lang='lat' dir='ltr'><strong>inva-</strong></span> 
     </span>
    </p>
   </div>
   <div class='ocr_carea' id='block_1_75' title="bbox 1866 2214 3450 2284">
    <p class='ocr_par' dir='ltr' id='par_1_75' title="bbox 1866 2214 3450 2284">
     <span class='ocr_line' id='line_1_75' title="bbox 1866 2214 3450 2284; baseline -0.001 -16"><span class='ocrx_word' id='word_1_501' title='bbox 1866 2215 2016 2279; x_wconf 88' lang='lat' dir='ltr'><strong>dere,</strong></span> <span class='ocrx_word' id='word_1_502' title='bbox 2042 2229 2358 2284; x_wconf 81' lang='lat' dir='ltr'><strong>quanquam</strong></span> <span class='ocrx_word' id='word_1_503' title='bbox 2388 2215 2499 2266; x_wconf 90' lang='lat' dir='ltr'><strong>illis</strong></span> <span class='ocrx_word' id='word_1_504' title='bbox 2527 2229 2908 2282; x_wconf 69' lang='lat' dir='ltr'><strong>smpenumero</strong></span> <span class='ocrx_word' id='word_1_505' title='bbox 2938 2214 3172 2269; x_wconf 80' lang='lat' dir='ltr'><strong>feliciter</strong></span> <span class='ocrx_word' id='word_1_506' title='bbox 3192 2231 3324 2269; x_wconf 89' lang='lat' dir='ltr'><strong>usus</strong></span> <span class='ocrx_word' id='word_1_507' title='bbox 3353 2217 3450 2277; x_wconf 73' lang='lat' dir='ltr'><strong>sis,</strong></span> 
     </span>
    </p>
   </div>
   <div class='ocr_carea' id='block_1_76' title="bbox 1866 2303 3448 2361">
    <p class='ocr_par' dir='ltr' id='par_1_76' title="bbox 1866 2303 3448 2361">
     <span class='ocr_line' id='line_1_76' title="bbox 1866 2303 3448 2361; baseline 0.001 -2"><span class='ocrx_word' id='word_1_508' title='bbox 1866 2306 1998 2359; x_wconf 88' lang='lat' dir='ltr'><strong>utile</strong></span> <span class='ocrx_word' id='word_1_509' title='bbox 2028 2322 2135 2358; x_wconf 88' lang='lat' dir='ltr'><strong>non</strong></span> <span class='ocrx_word' id='word_1_510' title='bbox 2167 2311 2251 2358; x_wconf 88' lang='lat' dir='ltr'><strong>est</strong></span> <span class='ocrx_word' id='word_1_511' title='bbox 2287 2323 2299 2358; x_wconf 78' lang='grc' dir='ltr'><strong>ε</strong></span> <span class='ocrx_word' id='word_1_512' title='bbox 2335 2305 2519 2359; x_wconf 87' lang='lat' dir='ltr'><strong>hostes</strong></span> <span class='ocrx_word' id='word_1_513' title='bbox 2552 2303 2699 2359; x_wconf 90' lang='lat' dir='ltr'><strong>enim</strong></span> <span class='ocrx_word' id='word_1_514' title='bbox 2733 2320 2856 2359; x_wconf 89' lang='lat' dir='ltr'><strong>cum</strong></span> <span class='ocrx_word' id='word_1_515' title='bbox 2892 2315 2944 2359; x_wconf 85' lang='lat' dir='ltr'><strong>te</strong></span> <span class='ocrx_word' id='word_1_516' title='bbox 2979 2306 3201 2361; x_wconf 81' lang='lat' dir='ltr'><strong>assidue</strong></span> <span class='ocrx_word' id='word_1_517' title='bbox 3235 2308 3311 2360; x_wconf 89' lang='lat' dir='ltr'><strong>uti</strong></span> <span class='ocrx_word' id='word_1_518' title='bbox 3351 2307 3448 2361; x_wconf 82' lang='lat' dir='ltr'><strong>iis-</strong></span> 
     </span>
    </p>
   </div>
   <div class='ocr_carea' id='block_1_77' title="bbox 1865 2394 3447 2467">
    <p class='ocr_par' dir='ltr' id='par_1_77' title="bbox 1865 2394 3447 2467">
     <span class='ocr_line' id='line_1_77' title="bbox 1865 2394 3447 2467; baseline 0.003 -18"><span class='ocrx_word' id='word_1_519' title='bbox 1865 2396 1987 2449; x_wconf 89' lang='lat' dir='ltr'><strong>dem</strong></span> <span class='ocrx_word' id='word_1_520' title='bbox 2017 2394 2222 2460; x_wconf 86' lang='lat' dir='ltr'><strong>vident,</strong></span> <span class='ocrx_word' id='word_1_521' title='bbox 2254 2395 2460 2465; x_wconf 89' lang='lat' dir='ltr'><strong>aliquid</strong></span> <span class='ocrx_word' id='word_1_522' title='bbox 2493 2395 2781 2451; x_wconf 88' lang='lat' dir='ltr'><strong>adversum</strong></span> <span class='ocrx_word' id='word_1_523' title='bbox 2818 2398 3111 2452; x_wconf 89' lang='lat' dir='ltr'><strong>molientur</strong></span> <span class='ocrx_word' id='word_1_524' title='bbox 3139 2407 3193 2452; x_wconf 91' lang='lat' dir='ltr'><strong>et</strong></span> <span class='ocrx_word' id='word_1_525' title='bbox 3224 2401 3447 2467; x_wconf 71' lang='lat' dir='ltr'><strong>excogi-</strong></span> 
     </span>
    </p>
   </div>
   <div class='ocr_carea' id='block_1_78' title="bbox 1866 2487 3325 2557">
    <p class='ocr_par' dir='ltr' id='par_1_78' title="bbox 1866 2487 3325 2557">
     <span class='ocr_line' id='line_1_78' title="bbox 1866 2487 3325 2557; baseline 0.002 -17"><span class='ocrx_word' id='word_1_526' title='bbox 1866 2488 2078 2552; x_wconf 87' lang='lat' dir='ltr'><strong>tabunt,</strong></span> <span class='ocrx_word' id='word_1_527' title='bbox 2112 2496 2164 2543; x_wconf 89' lang='lat' dir='ltr'><strong>et</strong></span> <span class='ocrx_word' id='word_1_528' title='bbox 2193 2488 2467 2557; x_wconf 88' lang='lat' dir='ltr'><strong>permulta</strong></span> <span class='ocrx_word' id='word_1_529' title='bbox 2497 2487 2696 2544; x_wconf 89' lang='lat' dir='ltr'><strong>damna</strong></span> <span class='ocrx_word' id='word_1_530' title='bbox 2729 2487 2966 2542; x_wconf 90' lang='lat' dir='ltr'><strong>inferent</strong></span> <span class='ocrx_word' id='word_1_531' title='bbox 2999 2488 3094 2543; x_wconf 89' lang='lat' dir='ltr'><strong>tibi</strong></span> <span class='ocrx_word' id='word_1_532' title='bbox 3129 2492 3325 2544; x_wconf 91' lang='lat' dir='ltr'><strong>utenti.</strong></span> 
     </span>
    </p>
   </div>
   <div class='ocr_carea' id='block_1_79' title="bbox 1941 2745 3452 2820">
    <p class='ocr_par' dir='ltr' id='par_1_79' title="bbox 1941 2745 3452 2820">
     <span class='ocr_line' id='line_1_79' title="bbox 1941 2745 3452 2820; baseline 0.007 -22"><span class='ocrx_word' id='word_1_533' title='bbox 1941 2745 2027 2799; x_wconf 74' lang='grc' dir='ltr'>ιε.</span> <span class='ocrx_word' id='word_1_534' title='bbox 2060 2745 2306 2800; x_wconf 88' lang='lat' dir='ltr'><strong>Consilio</strong></span> <span class='ocrx_word' id='word_1_535' title='bbox 2333 2755 2385 2801; x_wconf 89' lang='lat' dir='ltr'><strong>et</strong></span> <span class='ocrx_word' id='word_1_536' title='bbox 2417 2748 2707 2817; x_wconf 88' lang='lat' dir='ltr'><strong>prudentia</strong></span> <span class='ocrx_word' id='word_1_537' title='bbox 2742 2750 3094 2820; x_wconf 87' lang='lat' dir='ltr'><strong>imperatoria</strong></span> <span class='ocrx_word' id='word_1_538' title='bbox 3138 2749 3324 2808; x_wconf 79' lang='lat' dir='ltr'><strong>hostes</strong></span> <span class='ocrx_word' id='word_1_539' title='bbox 3359 2770 3452 2808; x_wconf 73' lang='lat' dir='ltr'><strong>su~</strong></span> 
     </span>
    </p>
   </div>
   <div class='ocr_carea' id='block_1_80' title="bbox 1864 2835 3451 2910">
    <p class='ocr_par' dir='ltr' id='par_1_80' title="bbox 1864 2835 3451 2910">
     <span class='ocr_line' id='line_1_80' title="bbox 1864 2835 3451 2910; baseline 0.004 -20"><span class='ocrx_word' id='word_1_540' title='bbox 1864 2849 2058 2904; x_wconf 79' lang='lat' dir='ltr'><strong>perare</strong></span> <span class='ocrx_word' id='word_1_541' title='bbox 2089 2835 2290 2903; x_wconf 65' lang='lat' dir='ltr'><strong>potius,</strong></span> <span class='ocrx_word' id='word_1_542' title='bbox 2317 2852 2484 2906; x_wconf 90' lang='lat' dir='ltr'><strong>quam</strong></span> <span class='ocrx_word' id='word_1_543' title='bbox 2518 2854 2680 2892; x_wconf 89' lang='lat' dir='ltr'><strong>manu</strong></span> <span class='ocrx_word' id='word_1_544' title='bbox 2714 2849 2768 2894; x_wconf 91' lang='lat' dir='ltr'><strong>et</strong></span> <span class='ocrx_word' id='word_1_545' title='bbox 2801 2841 2850 2893; x_wconf 92' lang='lat' dir='ltr'><strong>vi</strong></span> <span class='ocrx_word' id='word_1_546' title='bbox 2882 2849 2934 2893; x_wconf 80' lang='lat' dir='ltr'><strong>et</strong></span> <span class='ocrx_word' id='word_1_547' title='bbox 2968 2855 3146 2910; x_wconf 81' lang='lat' dir='ltr'><strong>pugna</strong></span> <span class='ocrx_word' id='word_1_548' title='bbox 3174 2851 3451 2907; x_wconf 88' lang='lat' dir='ltr'><strong>conserta,</strong></span> 
     </span>
    </p>
   </div>
   <div class='ocr_carea' id='block_1_81' title="bbox 1865 2928 3449 2988">
    <p class='ocr_par' dir='ltr' id='par_1_81' title="bbox 1865 2928 3449 2988">
     <span class='ocr_line' id='line_1_81' title="bbox 1865 2928 3449 2988; baseline 0.006 -9"><span class='ocrx_word' id='word_1_549' title='bbox 1865 2935 2041 2980; x_wconf 76' lang='lat' dir='ltr'><strong>tutum</strong></span> <span class='ocrx_word' id='word_1_550' title='bbox 2092 2928 2227 2981; x_wconf 85' lang='lat' dir='ltr'><strong>mihi</strong></span> <span class='ocrx_word' id='word_1_551' title='bbox 2268 2929 2488 2983; x_wconf 87' lang='lat' dir='ltr'><strong>videtur</strong></span> <span class='ocrx_word' id='word_1_552' title='bbox 2533 2945 2659 2985; x_wconf 82' lang='lat' dir='ltr'><strong>esse</strong></span> <span class='ocrx_word' id='word_1_553' title='bbox 2699 2940 2753 2985; x_wconf 86' lang='lat' dir='ltr'><strong>et</strong></span> <span class='ocrx_word' id='word_1_554' title='bbox 2804 2933 2957 2986; x_wconf 89' lang='lat' dir='ltr'><strong>utile.</strong></span> <span class='ocrx_word' id='word_1_555' title='bbox 3007 2932 3143 2986; x_wconf 90' lang='lat' dir='ltr'><strong>Illud</strong></span> <span class='ocrx_word' id='word_1_556' title='bbox 3192 2935 3336 2988; x_wconf 89' lang='lat' dir='ltr'><strong>enim</strong></span> <span class='ocrx_word' id='word_1_557' title='bbox 3384 2952 3449 2988; x_wconf 69' lang='lat' dir='ltr'><strong>ex</strong></span> 
     </span>
    </p>
   </div>
   <div class='ocr_carea' id='block_1_82' title="bbox 1864 3018 3452 3094">
    <p class='ocr_par' dir='ltr' id='par_1_82' title="bbox 1864 3018 3452 3094">
     <span class='ocr_line' id='line_1_82' title="bbox 1864 3018 3452 3094; baseline 0.004 -23"><span class='ocrx_word' id='word_1_558' title='bbox 1864 3018 2035 3071; x_wconf 85' lang='lat' dir='ltr'><strong>animi</strong></span> <span class='ocrx_word' id='word_1_559' title='bbox 2066 3020 2356 3085; x_wconf 89' lang='lat' dir='ltr'><strong>sententia,</strong></span> <span class='ocrx_word' id='word_1_560' title='bbox 2379 3029 2433 3074; x_wconf 88' lang='grc' dir='ltr'><strong>ει</strong></span> <span class='ocrx_word' id='word_1_561' title='bbox 2449 3021 2918 3088; x_wconf 82' lang='lat' dir='ltr'><strong>quemadmodum</strong></span> <span class='ocrx_word' id='word_1_562' title='bbox 2946 3025 3211 3092; x_wconf 80' lang='lat' dir='ltr'><strong>Optimum</strong></span> <span class='ocrx_word' id='word_1_563' title='bbox 3235 3025 3452 3094; x_wconf 81' lang='lat' dir='ltr'><strong>judica-</strong></span> 
     </span>
    </p>
   </div>
   <div class='ocr_carea' id='block_1_83' title="bbox 1865 3110 3454 3187">
    <p class='ocr_par' dir='ltr' id='par_1_83' title="bbox 1865 3110 3454 3187">
     <span class='ocr_line' id='line_1_83' title="bbox 1865 3110 3454 3187; baseline 0.006 -24"><span class='ocrx_word' id='word_1_564' title='bbox 1865 3110 2034 3175; x_wconf 90' lang='lat' dir='ltr'><strong>veris,</strong></span> <span class='ocrx_word' id='word_1_565' title='bbox 2072 3112 2341 3180; x_wconf 86' lang='lat' dir='ltr'><strong>procedit,</strong></span> <span class='ocrx_word' id='word_1_566' title='bbox 2379 3112 2484 3165; x_wconf 85' lang='lat' dir='ltr'><strong>hoc</strong></span> <span class='ocrx_word' id='word_1_567' title='bbox 2525 3124 2706 3166; x_wconf 76' lang='lat' dir='ltr'><strong>autem</strong></span> <span class='ocrx_word' id='word_1_568' title='bbox 2742 3129 2958 3185; x_wconf 77' lang='lat' dir='ltr'><strong>semper</strong></span> <span class='ocrx_word' id='word_1_569' title='bbox 2992 3117 3176 3187; x_wconf 88' lang='lat' dir='ltr'><strong>aliqua</strong></span> <span class='ocrx_word' id='word_1_570' title='bbox 3213 3132 3339 3173; x_wconf 87' lang='lat' dir='ltr'><strong>cum</strong></span> <span class='ocrx_word' id='word_1_571' title='bbox 3373 3120 3454 3173; x_wconf 85' lang='lat' dir='ltr'><strong>of-</strong></span> 
     </span>
    </p>
   </div>
   <div class='ocr_carea' id='block_1_84' title="bbox 1867 3201 2726 3260">
    <p class='ocr_par' dir='ltr' id='par_1_84' title="bbox 1867 3201 2726 3260">
     <span class='ocr_line' id='line_1_84' title="bbox 1867 3201 2726 3260; baseline 0.002 -5"><span class='ocrx_word' id='word_1_572' title='bbox 1867 3201 2116 3258; x_wconf 84' lang='lat' dir='ltr'><strong>fensione</strong></span> <span class='ocrx_word' id='word_1_573' title='bbox 2147 3203 2270 3257; x_wconf 90' lang='lat' dir='ltr'><strong>belli</strong></span> <span class='ocrx_word' id='word_1_574' title='bbox 2301 3203 2508 3258; x_wconf 83' lang='lat' dir='ltr'><strong>exitum</strong></span> <span class='ocrx_word' id='word_1_575' title='bbox 2542 3205 2726 3260; x_wconf 85' lang='lat' dir='ltr'><strong>habet.</strong></span> 
     </span>
    </p>
   </div>
   <div class='ocr_carea' id='block_1_85' title="bbox 1939 3406 3455 3478">
    <p class='ocr_par' dir='ltr' id='par_1_85' title="bbox 1939 3406 3455 3478">
     <span class='ocr_line' id='line_1_85' title="bbox 1939 3406 3455 3478; baseline -0.003 -16"><span class='ocrx_word' id='word_1_576' title='bbox 1939 3410 2027 3463; x_wconf 74' lang='grc'><strong>15.</strong></span> <span class='ocrx_word' id='word_1_577' title='bbox 2071 3407 2319 3476; x_wconf 69' lang='lat' dir='ltr'><strong>[injicere</strong></span> <span class='ocrx_word' id='word_1_578' title='bbox 2354 3406 2559 3461; x_wconf 88' lang='lat' dir='ltr'><strong>bellum</strong></span> <span class='ocrx_word' id='word_1_579' title='bbox 2599 3414 2693 3461; x_wconf 89' lang='lat' dir='ltr'><strong>aut</strong></span> <span class='ocrx_word' id='word_1_580' title='bbox 2726 3406 2978 3473; x_wconf 80' lang='lat' dir='ltr'><strong>differre,</strong></span> <span class='ocrx_word' id='word_1_581' title='bbox 3016 3407 3276 3478; x_wconf 83' lang='lat' dir='ltr'><strong>quoniam</strong></span> <span class='ocrx_word' id='word_1_582' title='bbox 3314 3407 3455 3461; x_wconf 79' lang='lat' dir='ltr'><strong>larua</strong></span> 
     </span>
    </p>
   </div>
   <div class='ocr_carea' id='block_1_86' title="bbox 1867 3499 3450 3572">
    <p class='ocr_par' dir='ltr' id='par_1_86' title="bbox 1867 3499 3450 3572">
     <span class='ocr_line' id='line_1_86' title="bbox 1867 3499 3450 3572; baseline 0.001 -17"><span class='ocrx_word' id='word_1_583' title='bbox 1867 3502 2049 3572; x_wconf 87' lang='lat' dir='ltr'><strong>aliqua</strong></span> <span class='ocrx_word' id='word_1_584' title='bbox 2085 3501 2214 3554; x_wconf 87' lang='lat' dir='ltr'><strong>mali</strong></span> <span class='ocrx_word' id='word_1_585' title='bbox 2247 3509 2339 3554; x_wconf 88' lang='lat' dir='ltr'><strong>aut</strong></span> <span class='ocrx_word' id='word_1_586' title='bbox 2368 3499 2476 3553; x_wconf 91' lang='lat' dir='ltr'><strong>doli</strong></span> <span class='ocrx_word' id='word_1_587' title='bbox 2511 3508 2605 3553; x_wconf 90' lang='lat' dir='ltr'><strong>aut</strong></span> <span class='ocrx_word' id='word_1_588' title='bbox 2638 3500 2961 3554; x_wconf 88' lang='lat' dir='ltr'><strong>insidiarqu</strong></span> <span class='ocrx_word' id='word_1_589' title='bbox 2997 3501 3330 3568; x_wconf 90' lang='lat' dir='ltr'><strong>percrebuit,</strong></span> <span class='ocrx_word' id='word_1_590' title='bbox 3362 3518 3450 3556; x_wconf 80' lang='lat' dir='ltr'><strong>ne-</strong></span> 
     </span>
    </p>
   </div>
   <div class='ocr_carea' id='block_1_87' title="bbox 1863 3592 3454 3665">
    <p class='ocr_par' dir='ltr' id='par_1_87' title="bbox 1863 3592 3454 3665">
     <span class='ocr_line' id='line_1_87' title="bbox 1863 3592 3454 3665; baseline -0.001 -17"><span class='ocrx_word' id='word_1_591' title='bbox 1863 3611 1970 3665; x_wconf 89' lang='lat' dir='ltr'><strong>que</strong></span> <span class='ocrx_word' id='word_1_592' title='bbox 1994 3596 2202 3664; x_wconf 88' lang='lat' dir='ltr'><strong>justum</strong></span> <span class='ocrx_word' id='word_1_593' title='bbox 2234 3607 2412 3662; x_wconf 90' lang='lat' dir='ltr'><strong>neque</strong></span> <span class='ocrx_word' id='word_1_594' title='bbox 2439 3593 2698 3646; x_wconf 89' lang='lat' dir='ltr'><strong>decorum</strong></span> <span class='ocrx_word' id='word_1_595' title='bbox 2729 3600 2812 3646; x_wconf 91' lang='lat' dir='ltr'><strong>est</strong></span> <span class='ocrx_word' id='word_1_596' title='bbox 2841 3610 2853 3646; x_wconf 94' lang='lat'><strong>:</strong></span> <span class='ocrx_word' id='word_1_597' title='bbox 2882 3609 3056 3661; x_wconf 79' lang='lat' dir='ltr'><strong>neque</strong></span> <span class='ocrx_word' id='word_1_598' title='bbox 3087 3601 3279 3647; x_wconf 87' lang='lat' dir='ltr'><strong>contra</strong></span> <span class='ocrx_word' id='word_1_599' title='bbox 3311 3592 3454 3647; x_wconf 61' lang='lat' dir='ltr'><strong>fama</strong></span> 
     </span>
    </p>
   </div>
   <div class='ocr_carea' id='block_1_88' title="bbox 1865 3682 3457 3749">
    <p class='ocr_par' dir='ltr' id='par_1_88' title="bbox 1865 3682 3457 3749">
     <span class='ocr_line' id='line_1_88' title="bbox 1865 3682 3457 3749; baseline -0.001 -6"><span class='ocrx_word' id='word_1_600' title='bbox 1865 3682 2231 3743; x_wconf 25' lang='lat' dir='ltr'><strong>haec&#39;omnino</strong></span> <span class='ocrx_word' id='word_1_601' title='bbox 2262 3685 2665 3740; x_wconf 89' lang='lat' dir='ltr'><strong>contemnenda</strong></span> <span class='ocrx_word' id='word_1_602' title='bbox 2693 3693 2796 3749; x_wconf 87' lang='lat' dir='ltr'><strong>est,</strong></span> <span class='ocrx_word' id='word_1_603' title='bbox 2826 3687 2942 3740; x_wconf 84' lang='lat' dir='ltr'><strong>sive</strong></span> <span class='ocrx_word' id='word_1_604' title='bbox 2972 3686 3038 3740; x_wconf 89' lang='lat' dir='ltr'><strong>de</strong></span> <span class='ocrx_word' id='word_1_605' title='bbox 3068 3687 3316 3742; x_wconf 86' lang='lat' dir='ltr'><strong>hostibus</strong></span> <span class='ocrx_word' id='word_1_606' title='bbox 3344 3688 3457 3741; x_wconf 77' lang='lat' dir='ltr'><strong>sive</strong></span> 
     </span>
    </p>
   </div>
   <div class='ocr_carea' id='block_1_89' title="bbox 1864 3779 3455 3844">
    <p class='ocr_par' dir='ltr' id='par_1_89' title="bbox 1864 3779 3455 3844">
     <span class='ocr_line' id='line_1_89' title="bbox 1864 3779 3455 3844; baseline -0.001 -7"><span class='ocrx_word' id='word_1_607' title='bbox 1864 3784 1932 3838; x_wconf 92' lang='lat' dir='ltr'><strong>de</strong></span> <span class='ocrx_word' id='word_1_608' title='bbox 1969 3785 2176 3838; x_wconf 89' lang='lat' dir='ltr'><strong>nostris</strong></span> <span class='ocrx_word' id='word_1_609' title='bbox 2211 3787 2690 3844; x_wconf 88' lang='lat' dir='ltr'><strong>commemoretur,</strong></span> <span class='ocrx_word' id='word_1_610' title='bbox 2730 3779 2825 3834; x_wconf 90' lang='lat' dir='ltr'><strong>sed</strong></span> <span class='ocrx_word' id='word_1_611' title='bbox 2860 3779 3152 3834; x_wconf 78' lang='lat' dir='ltr'><strong>adversum</strong></span> <span class='ocrx_word' id='word_1_612' title='bbox 3187 3782 3301 3835; x_wconf 64' lang='lat' dir='ltr'><strong>haec</strong></span> <span class='ocrx_word' id='word_1_613' title='bbox 3333 3797 3455 3835; x_wconf 91' lang='lat' dir='ltr'><strong>om-</strong></span> 
     </span>
    </p>
   </div>
   <div class='ocr_carea' id='block_1_90' title="bbox 1863 3870 3454 3943">
    <p class='ocr_par' dir='ltr' id='par_1_90' title="bbox 1863 3870 3454 3943">
     <span class='ocr_line' id='line_1_90' title="bbox 1863 3870 3454 3943; baseline -0.004 -14"><span class='ocrx_word' id='word_1_614' title='bbox 1863 3875 1952 3930; x_wconf 86' lang='lat' dir='ltr'><strong>nia</strong></span> <span class='ocrx_word' id='word_1_615' title='bbox 1985 3875 2165 3943; x_wconf 85' lang='lat' dir='ltr'><strong>potius</strong></span> <span class='ocrx_word' id='word_1_616' title='bbox 2198 3871 2403 3942; x_wconf 89' lang='lat' dir='ltr'><strong>aliquid</strong></span> <span class='ocrx_word' id='word_1_617' title='bbox 2438 3871 2774 3925; x_wconf 88' lang='lat' dir='ltr'><strong>moliendum</strong></span> <span class='ocrx_word' id='word_1_618' title='bbox 2805 3870 3319 3942; x_wconf 80' lang='lat' dir='ltr'><strong>conficiendumque</strong></span> <span class='ocrx_word' id='word_1_619' title='bbox 3346 3882 3454 3940; x_wconf 84' lang='lat' dir='ltr'><strong>est,</strong></span> 
     </span>
    </p>
   </div>
   <div class='ocr_carea' id='block_1_91' title="bbox 1863 3962 3048 4036">
    <p class='ocr_par' dir='ltr' id='par_1_91' title="bbox 1863 3962 3048 4036">
     <span class='ocr_line' id='line_1_91' title="bbox 1863 3962 3048 4036; baseline -0.002 -18"><span class='ocrx_word' id='word_1_620' title='bbox 1863 3966 2183 4036; x_wconf 85' lang='lat' dir='ltr'><strong>priusquam</strong></span> <span class='ocrx_word' id='word_1_621' title='bbox 2211 3979 2272 4016; x_wconf 89' lang='lat' dir='ltr'><strong>ea</strong></span> <span class='ocrx_word' id='word_1_622' title='bbox 2309 3963 2362 4016; x_wconf 90' lang='lat' dir='ltr'><strong>in</strong></span> <span class='ocrx_word' id='word_1_623' title='bbox 2399 3979 2539 4035; x_wconf 87' lang='lat' dir='ltr'><strong>opus</strong></span> <span class='ocrx_word' id='word_1_624' title='bbox 2573 3962 2796 4032; x_wconf 86' lang='lat' dir='ltr'><strong>aliquod</strong></span> <span class='ocrx_word' id='word_1_625' title='bbox 2830 3973 3048 4017; x_wconf 77' lang='lat' dir='ltr'><strong>exeant.</strong></span> 
     </span>
    </p>
   </div>
   <div class='ocr_carea' id='block_1_92' title="bbox 1935 4055 3453 4125">
    <p class='ocr_par' dir='ltr' id='par_1_92' title="bbox 1935 4055 3453 4125">
     <span class='ocr_line' id='line_1_92' title="bbox 1935 4055 3453 4125; baseline 0 -15"><span class='ocrx_word' id='word_1_626' title='bbox 1935 4059 2020 4110; x_wconf 64' lang='lat' dir='ltr'><strong>l4.</strong></span> <span class='ocrx_word' id='word_1_627' title='bbox 2055 4057 2330 4110; x_wconf 79' lang='lat' dir='ltr'><strong>Animabit</strong></span> <span class='ocrx_word' id='word_1_628' title='bbox 2355 4056 2564 4111; x_wconf 91' lang='lat' dir='ltr'><strong>milites</strong></span> <span class='ocrx_word' id='word_1_629' title='bbox 2592 4071 2948 4125; x_wconf 80' lang='lat' dir='ltr'><strong>magnopere,</strong></span> <span class='ocrx_word' id='word_1_630' title='bbox 2975 4055 3020 4110; x_wconf 93' lang='lat' dir='ltr'><strong>si</strong></span> <span class='ocrx_word' id='word_1_631' title='bbox 3050 4056 3174 4110; x_wconf 90' lang='lat' dir='ltr'><strong>belli</strong></span> <span class='ocrx_word' id='word_1_632' title='bbox 3207 4065 3453 4124; x_wconf 85' lang='lat' dir='ltr'><strong>tempore</strong></span> 
     </span>
    </p>
   </div>
   <div class='ocr_carea' id='block_1_93' title="bbox 1864 4150 3454 4214">
    <p class='ocr_par' dir='ltr' id='par_1_93' title="bbox 1864 4150 3454 4214">
     <span class='ocr_line' id='line_1_93' title="bbox 1864 4150 3454 4214; baseline 0 -8"><span class='ocrx_word' id='word_1_633' title='bbox 1864 4154 1951 4206; x_wconf 91' lang='lat' dir='ltr'><strong>hic</strong></span> <span class='ocrx_word' id='word_1_634' title='bbox 1994 4167 2185 4205; x_wconf 90' lang='lat' dir='ltr'><strong>rumor</strong></span> <span class='ocrx_word' id='word_1_635' title='bbox 2219 4150 2530 4214; x_wconf 69' lang='lat' dir='ltr'><strong>differatur,</strong></span> <span class='ocrx_word' id='word_1_636' title='bbox 2568 4152 2754 4206; x_wconf 92' lang='lat' dir='ltr'><strong>hostes</strong></span> <span class='ocrx_word' id='word_1_637' title='bbox 2791 4153 2843 4204; x_wconf 91' lang='lat' dir='ltr'><strong>in</strong></span> <span class='ocrx_word' id='word_1_638' title='bbox 2878 4152 3000 4206; x_wconf 90' lang='lat' dir='ltr'><strong>aliis</strong></span> <span class='ocrx_word' id='word_1_639' title='bbox 3037 4152 3194 4207; x_wconf 91' lang='lat' dir='ltr'><strong>lociis</strong></span> <span class='ocrx_word' id='word_1_640' title='bbox 3230 4169 3258 4206; x_wconf 91' lang='lat' dir='ltr'><strong>a</strong></span> <span class='ocrx_word' id='word_1_641' title='bbox 3295 4155 3454 4207; x_wconf 82' lang='lat' dir='ltr'><strong>nobis</strong></span> 
     </span>
    </p>
   </div>
   <div class='ocr_carea' id='block_1_94' title="bbox 1861 4242 3451 4298">
    <p class='ocr_par' dir='ltr' id='par_1_94' title="bbox 1861 4242 3451 4298">
     <span class='ocr_line' id='line_1_94' title="bbox 1861 4242 3451 4298; baseline 0 -2"><span class='ocrx_word' id='word_1_642' title='bbox 1861 4245 2036 4297; x_wconf 83' lang='lat' dir='ltr'><strong>victos</strong></span> <span class='ocrx_word' id='word_1_643' title='bbox 2073 4258 2194 4295; x_wconf 81' lang='lat' dir='ltr'><strong>esse</strong></span> <span class='ocrx_word' id='word_1_644' title='bbox 2232 4261 2244 4295; x_wconf 74' lang='grc' dir='ltr'>ε</span> <span class='ocrx_word' id='word_1_645' title='bbox 2283 4242 2354 4294; x_wconf 90' lang='lat' dir='ltr'><strong>ita</strong></span> <span class='ocrx_word' id='word_1_646' title='bbox 2391 4242 2536 4296; x_wconf 88' lang='lat' dir='ltr'><strong>enim</strong></span> <span class='ocrx_word' id='word_1_647' title='bbox 2580 4243 2667 4296; x_wconf 85' lang='lat' dir='ltr'><strong>fiet</strong></span> <span class='ocrx_word' id='word_1_648' title='bbox 2709 4253 2768 4296; x_wconf 90' lang='lat' dir='ltr'><strong>ut</strong></span> <span class='ocrx_word' id='word_1_649' title='bbox 2811 4244 3014 4297; x_wconf 76' lang='lat' dir='ltr'><strong>timida:</strong></span> <span class='ocrx_word' id='word_1_650' title='bbox 3049 4252 3260 4298; x_wconf 82' lang='lat' dir='ltr'><strong>mentes</strong></span> <span class='ocrx_word' id='word_1_651' title='bbox 3298 4243 3451 4297; x_wconf 76' lang='lat' dir='ltr'><strong>exci-</strong></span> 
     </span>
    </p>
   </div>
   <div class='ocr_carea' id='block_1_95' title="bbox 1861 4331 3452 4400">
    <p class='ocr_par' dir='ltr' id='par_1_95' title="bbox 1861 4331 3452 4400">
     <span class='ocr_line' id='line_1_95' title="bbox 1861 4331 3452 4400; baseline -0.001 -15"><span class='ocrx_word' id='word_1_652' title='bbox 1861 4342 2067 4395; x_wconf 89' lang='lat' dir='ltr'><strong>tentur,</strong></span> <span class='ocrx_word' id='word_1_653' title='bbox 2108 4343 2161 4383; x_wconf 91' lang='lat' dir='ltr'><strong>ct</strong></span> <span class='ocrx_word' id='word_1_654' title='bbox 2211 4331 2379 4384; x_wconf 81' lang='lat' dir='ltr'><strong>fortes</strong></span> <span class='ocrx_word' id='word_1_655' title='bbox 2429 4331 2603 4400; x_wconf 78' lang='lat' dir='ltr'><strong>magis</strong></span> <span class='ocrx_word' id='word_1_656' title='bbox 2645 4345 3008 4385; x_wconf 77' lang='lat' dir='ltr'><strong>exacuanlur.</strong></span> <span class='ocrx_word' id='word_1_657' title='bbox 3051 4332 3260 4385; x_wconf 81' lang='lat' dir='ltr'><strong>Bonum</strong></span> <span class='ocrx_word' id='word_1_658' title='bbox 3307 4334 3452 4385; x_wconf 86' lang='lat' dir='ltr'><strong>enim</strong></span> 
     </span>
    </p>
   </div>
   <div class='ocr_carea' id='block_1_96' title="bbox 1861 4422 3452 4492">
    <p class='ocr_par' dir='ltr' id='par_1_96' title="bbox 1861 4422 3452 4492">
     <span class='ocr_line' id='line_1_96' title="bbox 1861 4422 3452 4492; baseline -0.001 -14"><span class='ocrx_word' id='word_1_659' title='bbox 1861 4440 2019 4478; x_wconf 88' lang='lat' dir='ltr'><strong>omen</strong></span> <span class='ocrx_word' id='word_1_660' title='bbox 2056 4433 2140 4479; x_wconf 92' lang='lat' dir='ltr'><strong>est</strong></span> <span class='ocrx_word' id='word_1_661' title='bbox 2169 4423 2414 4477; x_wconf 70' lang='lat' dir='ltr'><strong>victorlte</strong></span> <span class='ocrx_word' id='word_1_662' title='bbox 2445 4437 2663 4485; x_wconf 90' lang='lat' dir='ltr'><strong>nomen,</strong></span> <span class='ocrx_word' id='word_1_663' title='bbox 2691 4433 2744 4476; x_wconf 90' lang='lat' dir='ltr'><strong>et</strong></span> <span class='ocrx_word' id='word_1_664' title='bbox 2779 4422 3094 4478; x_wconf 81' lang='lat' dir='ltr'><strong>felicitatem</strong></span> <span class='ocrx_word' id='word_1_665' title='bbox 3128 4422 3250 4492; x_wconf 81' lang='lat' dir='ltr'><strong>ejus</strong></span> <span class='ocrx_word' id='word_1_666' title='bbox 3283 4437 3311 4476; x_wconf 89' lang='lat' dir='ltr'><strong>a</strong></span> <span class='ocrx_word' id='word_1_667' title='bbox 3345 4423 3452 4476; x_wconf 77' lang='lat' dir='ltr'><strong>Deo</strong></span> 
     </span>
    </p>
   </div>
   <div class='ocr_carea' id='block_1_97' title="bbox 1861 4505 2130 4585">
    <p class='ocr_par' dir='ltr' id='par_1_97' title="bbox 1861 4505 2130 4585">
     <span class='ocr_line' id='line_1_97' title="bbox 1861 4505 2130 4585; baseline -0.015 -15"><span class='ocrx_word' id='word_1_668' title='bbox 1861 4505 2130 4585; x_wconf 83' lang='lat' dir='ltr'><strong>capimus.</strong></span> 
     </span>
    </p>
   </div>
   <div class='ocr_carea' id='block_1_98' title="bbox 1934 4604 3452 4674">
    <p class='ocr_par' dir='ltr' id='par_1_98' title="bbox 1934 4604 3452 4674">
     <span class='ocr_line' id='line_1_98' title="bbox 1934 4604 3452 4674; baseline -0.003 -15"><span class='ocrx_word' id='word_1_669' title='bbox 1934 4608 2020 4660; x_wconf 78' lang='grc'><strong>15.</strong></span> <span class='ocrx_word' id='word_1_670' title='bbox 2068 4605 2264 4659; x_wconf 76' lang='lat' dir='ltr'><strong>llosws</strong></span> <span class='ocrx_word' id='word_1_671' title='bbox 2308 4605 2572 4674; x_wconf 86' lang='lat' dir='ltr'><strong>decipies,</strong></span> <span class='ocrx_word' id='word_1_672' title='bbox 2616 4604 2659 4659; x_wconf 88' lang='lat' dir='ltr'><strong>si</strong></span> <span class='ocrx_word' id='word_1_673' title='bbox 2711 4621 2805 4674; x_wconf 83' lang='lat' dir='ltr'><strong>per</strong></span> <span class='ocrx_word' id='word_1_674' title='bbox 2845 4604 3107 4673; x_wconf 75' lang='lat' dir='ltr'><strong>profugos</strong></span> <span class='ocrx_word' id='word_1_675' title='bbox 3150 4612 3274 4656; x_wconf 87' lang='lat' dir='ltr'><strong>tuos</strong></span> <span class='ocrx_word' id='word_1_676' title='bbox 3315 4618 3452 4655; x_wconf 87' lang='lat' dir='ltr'><strong>cou-</strong></span> 
     </span>
    </p>
   </div>
   <div class='ocr_carea' id='block_1_99' title="bbox 1865 4695 3448 4766">
    <p class='ocr_par' dir='ltr' id='par_1_99' title="bbox 1865 4695 3448 4766">
     <span class='ocr_line' id='line_1_99' title="bbox 1865 4695 3448 4766; baseline -0.004 -17"><span class='ocrx_word' id='word_1_677' title='bbox 1865 4697 2031 4750; x_wconf 85' lang='lat' dir='ltr'><strong>traria</strong></span> <span class='ocrx_word' id='word_1_678' title='bbox 2079 4697 2144 4750; x_wconf 93' lang='lat' dir='ltr'><strong>iis</strong></span> <span class='ocrx_word' id='word_1_679' title='bbox 2189 4711 2310 4766; x_wconf 70' lang='lat' dir='ltr'><strong>qua:</strong></span> <span class='ocrx_word' id='word_1_680' title='bbox 2359 4696 2607 4750; x_wconf 89' lang='lat' dir='ltr'><strong>facturus</strong></span> <span class='ocrx_word' id='word_1_681' title='bbox 2653 4713 2736 4760; x_wconf 88' lang='lat' dir='ltr'><strong>cs,</strong></span> <span class='ocrx_word' id='word_1_682' title='bbox 2783 4705 2876 4748; x_wconf 88' lang='lat' dir='ltr'><strong>aut</strong></span> <span class='ocrx_word' id='word_1_683' title='bbox 2927 4696 3201 4749; x_wconf 84' lang='lat' dir='ltr'><strong>deliberas</strong></span> <span class='ocrx_word' id='word_1_684' title='bbox 3247 4695 3448 4757; x_wconf 52' lang='lat' dir='ltr'><strong>facere,</strong></span> 
     </span>
    </p>
   </div>
   <div class='ocr_carea' id='block_1_100' title="bbox 1864 4785 3446 4854">
    <p class='ocr_par' dir='ltr' id='par_1_100' title="bbox 1864 4785 3446 4854">
     <span class='ocr_line' id='line_1_100' title="bbox 1864 4785 3446 4854; baseline -0.004 -12"><span class='ocrx_word' id='word_1_685' title='bbox 1864 4786 2177 4842; x_wconf 86' lang='lat' dir='ltr'><strong>narraveris</strong></span> <span class='ocrx_word' id='word_1_686' title='bbox 2217 4803 2230 4839; x_wconf 90' lang='lat'>:</span> <span class='ocrx_word' id='word_1_687' title='bbox 2269 4788 2312 4841; x_wconf 90' lang='lat' dir='ltr'><strong>si</strong></span> <span class='ocrx_word' id='word_1_688' title='bbox 2359 4786 2506 4840; x_wconf 89' lang='lat' dir='ltr'><strong>enim</strong></span> <span class='ocrx_word' id='word_1_689' title='bbox 2554 4801 2660 4839; x_wconf 92' lang='lat' dir='ltr'><strong>non</strong></span> <span class='ocrx_word' id='word_1_690' title='bbox 2705 4786 2954 4850; x_wconf 85' lang='lat' dir='ltr'><strong>credant,</strong></span> <span class='ocrx_word' id='word_1_691' title='bbox 2997 4786 3273 4854; x_wconf 80' lang='lat' dir='ltr'><strong>negligent</strong></span> <span class='ocrx_word' id='word_1_692' title='bbox 3312 4802 3324 4834; x_wconf 93' lang='lat'><strong>:</strong></span> <span class='ocrx_word' id='word_1_693' title='bbox 3363 4785 3446 4838; x_wconf 90' lang='lat' dir='ltr'><strong>sin</strong></span> 
     </span>
    </p>
   </div>
   <div class='ocr_carea' id='block_1_101' title="bbox 1862 4878 3448 4948">
    <p class='ocr_par' dir='ltr' id='par_1_101' title="bbox 1862 4878 3448 4948">
     <span class='ocr_line' id='line_1_101' title="bbox 1862 4878 3448 4948; baseline -0.004 -14"><span class='ocrx_word' id='word_1_694' title='bbox 1862 4881 2122 4944; x_wconf 89' lang='lat' dir='ltr'><strong>credant,</strong></span> <span class='ocrx_word' id='word_1_695' title='bbox 2160 4880 2228 4932; x_wconf 90' lang='lat' dir='ltr'><strong>ab</strong></span> <span class='ocrx_word' id='word_1_696' title='bbox 2262 4894 2327 4934; x_wconf 90' lang='lat' dir='ltr'><strong>eo</strong></span> <span class='ocrx_word' id='word_1_697' title='bbox 2363 4887 2544 4933; x_wconf 88' lang='lat' dir='ltr'><strong>tamen</strong></span> <span class='ocrx_word' id='word_1_698' title='bbox 2579 4879 2725 4948; x_wconf 90' lang='lat' dir='ltr'><strong>quod</strong></span> <span class='ocrx_word' id='word_1_699' title='bbox 2763 4887 2818 4931; x_wconf 91' lang='lat' dir='ltr'><strong>tu</strong></span> <span class='ocrx_word' id='word_1_700' title='bbox 2857 4878 3185 4948; x_wconf 71' lang='lat' dir='ltr'><strong>proposuisti</strong></span> <span class='ocrx_word' id='word_1_701' title='bbox 3222 4878 3448 4931; x_wconf 87' lang='lat' dir='ltr'><strong>aberra-</strong></span> 
     </span>
    </p>
   </div>
   <div class='ocr_carea' id='block_1_102' title="bbox 1860 4969 3446 5040">
    <p class='ocr_par' dir='ltr' id='par_1_102' title="bbox 1860 4969 3446 5040">
     <span class='ocr_line' id='line_1_102' title="bbox 1860 4969 3446 5040; baseline -0.003 -13"><span class='ocrx_word' id='word_1_702' title='bbox 1860 4973 2017 5038; x_wconf 85' lang='lat' dir='ltr'><strong>bunt,</strong></span> <span class='ocrx_word' id='word_1_703' title='bbox 2048 4980 2102 5025; x_wconf 92' lang='lat' dir='ltr'><strong>et</strong></span> <span class='ocrx_word' id='word_1_704' title='bbox 2133 4971 2365 5025; x_wconf 86' lang='lat' dir='ltr'><strong>consilia</strong></span> <span class='ocrx_word' id='word_1_705' title='bbox 2394 4986 2516 5040; x_wconf 76' lang='lat' dir='ltr'><strong>quae</strong></span> <span class='ocrx_word' id='word_1_706' title='bbox 2546 4979 2602 5024; x_wconf 91' lang='lat' dir='ltr'><strong>tu</strong></span> <span class='ocrx_word' id='word_1_707' title='bbox 2636 4971 2949 5039; x_wconf 86' lang='lat' dir='ltr'><strong>susceperis</strong></span> <span class='ocrx_word' id='word_1_708' title='bbox 2981 4969 3287 5038; x_wconf 84' lang='lat' dir='ltr'><strong>proficient,</strong></span> <span class='ocrx_word' id='word_1_709' title='bbox 3325 4969 3446 5022; x_wconf 83' lang='lat' dir='ltr'><strong>illo-</strong></span> 
     </span>
    </p>
   </div>
   <div class='ocr_carea' id='block_1_103' title="bbox 1857 5062 2856 5118">
    <p class='ocr_par' dir='ltr' id='par_1_103' title="bbox 1857 5062 2856 5118">
     <span class='ocr_line' id='line_1_103' title="bbox 1857 5062 2856 5118; baseline -0.002 0"><span class='ocrx_word' id='word_1_710' title='bbox 1857 5081 1980 5118; x_wconf 87' lang='lat' dir='ltr'><strong>rum</strong></span> <span class='ocrx_word' id='word_1_711' title='bbox 2014 5074 2195 5118; x_wconf 90' lang='lat' dir='ltr'><strong>autem</strong></span> <span class='ocrx_word' id='word_1_712' title='bbox 2229 5072 2462 5118; x_wconf 90' lang='lat' dir='ltr'><strong>conatus</strong></span> <span class='ocrx_word' id='word_1_713' title='bbox 2494 5062 2638 5116; x_wconf 89' lang='lat' dir='ltr'><strong>irriti</strong></span> <span class='ocrx_word' id='word_1_714' title='bbox 2671 5073 2856 5116; x_wconf 91' lang='lat' dir='ltr'><strong>erunt.</strong></span> 
     </span>
    </p>
   </div>
   <div class='ocr_carea' id='block_1_104' title="bbox 1928 5152 3447 5223">
    <p class='ocr_par' dir='ltr' id='par_1_104' title="bbox 1928 5152 3447 5223">
     <span class='ocr_line' id='line_1_104' title="bbox 1928 5152 3447 5223; baseline -0.002 -15"><span class='ocrx_word' id='word_1_715' title='bbox 1928 5155 2013 5208; x_wconf 82' lang='grc'><strong>16.</strong></span> <span class='ocrx_word' id='word_1_716' title='bbox 2050 5154 2378 5220; x_wconf 83' lang='lat' dir='ltr'><strong>lnfortunia,</strong></span> <span class='ocrx_word' id='word_1_717' title='bbox 2405 5161 2462 5208; x_wconf 90' lang='lat' dir='ltr'><strong>et</strong></span> <span class='ocrx_word' id='word_1_718' title='bbox 2491 5154 2536 5208; x_wconf 91' lang='lat' dir='ltr'><strong>si</strong></span> <span class='ocrx_word' id='word_1_719' title='bbox 2567 5169 2688 5223; x_wconf 75' lang='lat' dir='ltr'><strong>qua:</strong></span> <span class='ocrx_word' id='word_1_720' title='bbox 2717 5154 2822 5207; x_wconf 80' lang='lat' dir='ltr'><strong>alia</strong></span> <span class='ocrx_word' id='word_1_721' title='bbox 2858 5152 3174 5222; x_wconf 88' lang='lat' dir='ltr'><strong>hujusmodi</strong></span> <span class='ocrx_word' id='word_1_722' title='bbox 3204 5152 3257 5206; x_wconf 92' lang='lat' dir='ltr'><strong>in</strong></span> <span class='ocrx_word' id='word_1_723' title='bbox 3290 5166 3447 5205; x_wconf 81' lang='lat' dir='ltr'><strong>excr-</strong></span> 
     </span>
    </p>
   </div>
   <div class='ocr_carea' id='block_1_105' title="bbox 1855 5242 3444 5313">
    <p class='ocr_par' dir='ltr' id='par_1_105' title="bbox 1855 5242 3444 5313">
     <span class='ocr_line' id='line_1_105' title="bbox 1855 5242 3444 5313; baseline -0.004 -10"><span class='ocrx_word' id='word_1_724' title='bbox 1855 5248 1964 5303; x_wconf 88' lang='lat' dir='ltr'><strong>citu</strong></span> <span class='ocrx_word' id='word_1_725' title='bbox 2015 5246 2298 5309; x_wconf 90' lang='lat' dir='ltr'><strong>accidunt,</strong></span> <span class='ocrx_word' id='word_1_726' title='bbox 2347 5245 2648 5310; x_wconf 88' lang='lat' dir='ltr'><strong>occultare,</strong></span> <span class='ocrx_word' id='word_1_727' title='bbox 2698 5255 2754 5299; x_wconf 91' lang='lat' dir='ltr'><strong>et</strong></span> <span class='ocrx_word' id='word_1_728' title='bbox 2799 5259 2920 5313; x_wconf 75' lang='lat' dir='ltr'><strong>qua:</strong></span> <span class='ocrx_word' id='word_1_729' title='bbox 2967 5244 3114 5298; x_wconf 90' lang='lat' dir='ltr'><strong>veris</strong></span> <span class='ocrx_word' id='word_1_730' title='bbox 3163 5242 3444 5297; x_wconf 82' lang='lat' dir='ltr'><strong>contraria</strong></span> 
     </span>
    </p>
   </div>
   <div class='ocr_carea' id='block_1_106' title="bbox 1856 5333 3447 5407">
    <p class='ocr_par' dir='ltr' id='par_1_106' title="bbox 1856 5333 3447 5407">
     <span class='ocr_line' id='line_1_106' title="bbox 1856 5333 3447 5407; baseline -0.006 -11"><span class='ocrx_word' id='word_1_731' title='bbox 1856 5348 1984 5396; x_wconf 89' lang='lat' dir='ltr'><strong>sunt</strong></span> <span class='ocrx_word' id='word_1_732' title='bbox 2036 5338 2305 5392; x_wconf 87' lang='lat' dir='ltr'><strong>militibus</strong></span> <span class='ocrx_word' id='word_1_733' title='bbox 2353 5338 2676 5407; x_wconf 80' lang='lat' dir='ltr'><strong>divulgare,</strong></span> <span class='ocrx_word' id='word_1_734' title='bbox 2728 5336 2946 5392; x_wconf 91' lang='lat' dir='ltr'><strong>consilii</strong></span> <span class='ocrx_word' id='word_1_735' title='bbox 3003 5333 3340 5405; x_wconf 88' lang='lat' dir='ltr'><strong>imperatorii</strong></span> <span class='ocrx_word' id='word_1_736' title='bbox 3393 5342 3447 5386; x_wconf 90' lang='lat' dir='ltr'><strong>et</strong></span> 
     </span>
    </p>
   </div>
   <div class='ocr_carea' id='block_1_107' title="bbox 1861 5414 3447 5502">
    <p class='ocr_par' dir='ltr' id='par_1_107' title="bbox 1861 5414 3447 5502">
     <span class='ocr_line' id='line_1_107' title="bbox 1861 5414 3447 5502; baseline -0.004 -17"><span class='ocrx_word' id='word_1_737' title='bbox 1861 5431 2149 5502; x_wconf 87' lang='lat' dir='ltr'><strong>prudentis</strong></span> <span class='ocrx_word' id='word_1_738' title='bbox 2177 5430 2281 5484; x_wconf 91' lang='lat' dir='ltr'><strong>viri</strong></span> <span class='ocrx_word' id='word_1_739' title='bbox 2310 5437 2414 5496; x_wconf 89' lang='lat' dir='ltr'><strong>est,</strong></span> <span class='ocrx_word' id='word_1_740' title='bbox 2447 5429 2540 5500; x_wconf 91' lang='lat' dir='ltr'><strong>qui</strong></span> <span class='ocrx_word' id='word_1_741' title='bbox 2571 5429 2814 5499; x_wconf 74' lang='lat' dir='ltr'><strong>deiectos</strong></span> <span class='ocrx_word' id='word_1_742' title='bbox 2846 5429 3080 5482; x_wconf 88' lang='lat' dir='ltr'><strong>militum</strong></span> <span class='ocrx_word' id='word_1_743' title='bbox 3115 5414 3328 5481; x_wconf 80' lang='lat' dir='ltr'><strong>animos</strong></span> <span class='ocrx_word' id='word_1_744' title='bbox 3357 5441 3447 5480; x_wconf 80' lang='lat' dir='ltr'><strong>su-</strong></span> 
     </span>
    </p>
   </div>
   <div class='ocr_carea' id='block_1_108' title="bbox 1866 5522 2308 5593">
    <p class='ocr_par' dir='ltr' id='par_1_108' title="bbox 1866 5522 2308 5593">
     <span class='ocr_line' id='line_1_108' title="bbox 1866 5522 2308 5593; baseline -0.002 -17"><span class='ocrx_word' id='word_1_745' title='bbox 1866 5525 2081 5577; x_wconf 87' lang='lat' dir='ltr'><strong>blevare</strong></span> <span class='ocrx_word' id='word_1_746' title='bbox 2113 5522 2308 5593; x_wconf 91' lang='lat' dir='ltr'><strong>possit.</strong></span> 
     </span>
    </p>
   </div>
   <div class='ocr_carea' id='block_1_109' title="bbox 1934 5611 3442 5687">
    <p class='ocr_par' dir='ltr' id='par_1_109' title="bbox 1934 5611 3442 5687">
     <span class='ocr_line' id='line_1_109' title="bbox 1934 5611 3442 5687; baseline 0.007 -20"><span class='ocrx_word' id='word_1_747' title='bbox 1934 5615 2021 5667; x_wconf 79' lang='lat' dir='ltr'><strong>l7.</strong></span> <span class='ocrx_word' id='word_1_748' title='bbox 2065 5612 2342 5670; x_wconf 82' lang='lat' dir='ltr'><strong>Exercitui</strong></span> <span class='ocrx_word' id='word_1_749' title='bbox 2369 5614 2482 5685; x_wconf 86' lang='lat' dir='ltr'><strong>jam</strong></span> <span class='ocrx_word' id='word_1_750' title='bbox 2510 5625 2773 5687; x_wconf 86' lang='lat' dir='ltr'><strong>superato</strong></span> <span class='ocrx_word' id='word_1_751' title='bbox 2799 5615 2968 5673; x_wconf 82' lang='lat' dir='ltr'><strong>robur</strong></span> <span class='ocrx_word' id='word_1_752' title='bbox 2995 5613 3188 5670; x_wconf 74' lang='lat' dir='ltr'><strong>afferre</strong></span> <span class='ocrx_word' id='word_1_753' title='bbox 3211 5611 3442 5686; x_wconf 60' lang='lat' dir='ltr'><strong>poteris,</strong></span> 
     </span>
    </p>
   </div>
   <div class='ocr_carea' id='block_1_110' title="bbox 1692 5791 1924 5848">
    <p class='ocr_par' dir='ltr' id='par_1_110' title="bbox 1692 5791 1924 5848">
     <span class='ocr_line' id='line_1_110' title="bbox 1692 5791 1924 5848; baseline -0.009 0"><span class='ocrx_word' id='word_1_754' title='bbox 1692 5791 1924 5848; x_wconf 69' lang='grc' dir='ltr'><strong>ΝΟΤᾹΣ.</strong></span> 
     </span>
    </p>
   </div>
   <div class='ocr_carea' id='block_1_111' title="bbox 247 5889 2496 5961">
    <p class='ocr_par' dir='ltr' id='par_1_111' title="bbox 247 5889 2496 5961">
     <span class='ocr_line' id='line_1_111' title="bbox 247 5889 2496 5961; baseline 0.001 -17"><span class='ocrx_word' id='word_1_755' title='bbox 247 5890 361 5960; x_wconf 80' lang='lat' dir='ltr'><strong>(l9)</strong></span> <span class='ocrx_word' id='word_1_756' title='bbox 394 5889 775 5961; x_wconf 76' lang='lat' dir='ltr'><strong>Paragraphus</strong></span> <span class='ocrx_word' id='word_1_757' title='bbox 807 5890 1164 5947; x_wconf 82' lang='lat' dir='ltr'><strong>duodecimus</strong></span> <span class='ocrx_word' id='word_1_758' title='bbox 1219 5891 1273 5945; x_wconf 92' lang='lat' dir='ltr'><strong>iu</strong></span> <span class='ocrx_word' id='word_1_759' title='bbox 1299 5890 1490 5947; x_wconf 76' lang='lat' dir='ltr'><strong>codice</strong></span> <span class='ocrx_word' id='word_1_760' title='bbox 1519 5890 1890 5948; x_wconf 83' lang='lat' dir='ltr'><strong>Laurentiano</strong></span> <span class='ocrx_word' id='word_1_761' title='bbox 1922 5893 2092 5947; x_wconf 85' lang='lat' dir='ltr'><strong>anteit</strong></span> <span class='ocrx_word' id='word_1_762' title='bbox 2123 5891 2496 5948; x_wconf 88' lang='lat' dir='ltr'><strong>undecimum.</strong></span> 
     </span>
    </p>
   </div>
  </div>
