4184 6440
722 420 860 487 ιοιο

1921 416 2194 480 LEONIS
2230 415 2691 480 PHILOSOPIII

3865 413 4006 478 1020

718 534 768 589 si
800 529 971 589 variis
1006 529 1215 595 modis,
1248 542 1347 600 spe
1381 528 1557 593 bona,
1594 536 1708 581 tum
1746 543 1803 583 re
1837 540 1949 584 tum
1980 530 2150 583 verbo
2182 528 2306 584 illos

2410 528 2510 597 τῷ,
2533 529 2629 582 ἐάν
2658 526 2922 591 ποικίλοις
2952 527 3174 599 τρόποις
3204 529 3298 583 καὶ
3324 522 3538 582 ἐλπίσιν
3567 527 3803 596 ἀγαθαῖς
3830 526 3923 580 διὰ
3944 544 4002 579 τε

716 632 1025 693 pertractcs
1061 641 1075 676 :
1114 625 1453 692 exprobrare
1484 622 1628 676 enim
1662 637 1715 676 et
1746 623 2099 676 vehementer
2131 622 2314 676 insul-

719 726 838 769 tare
868 716 935 768 iis
963 713 1056 783 qui
1084 713 1197 783 jam
1228 713 1586 769 oliensionem
1616 722 1975 783 acceperunt,
2002 715 2312 769 animorum

717 804 1156 861 debilitationem
1183 805 1739 876 desperationemque
1764 806 1943 869 aﬂ‘ert,‘
1969 822 2093 875 qua:
2121 808 2175 861 in
2204 808 2315 878 pri-

718 896 823 949 mis
856 896 987 949 tnihi
1021 897 1393 966 periculosum
1426 896 1766 967 noxiumque
1791 912 1915 952 esse
1942 898 2181 955 videtur.

789 984 879 1041 18.
916 986 1152 1053 Quando
1179 988 1301 1043 belli
1331 996 1581 1059 tempore
1606 1004 1634 1043 a
1660 988 1928 1043 militibus
1954 990 2161 1059 aliquid
2190 1005 2316 1060 pec-

713 1086 897 1143 catur,
928 1081 1395 1137 dissimulandum
1430 1082 1497 1135 ad
1531 1091 1749 1151 tempus
1780 1092 1833 1135 et
1865 1084 2160 1152 tegendum
2190 1093 2309 1150 est;

716 1180 843 1237 post
872 1171 998 1228 belli
1021 1176 1229 1227 exitum
1255 1182 1515 1228 auctores
1542 1175 1879 1231 seditionum
1908 1176 1953 1230 si
1981 1190 2308 1247 cognoscas,

717 1277 881 1332 ptBna
912 1265 1037 1318 illos
1064 1265 1216 1333 justo
1249 1263 1479 1320 aﬂicias.

789 1441 879 1495 19.
928 1439 1160 1496 Militum
1202 1439 1419 1510 ignavia
1479 1443 1904 1512 dissimulanda,
1961 1462 2070 1502 non
2112 1464 2311 1517 expro-

718 1533 930 1591 branda
958 1543 1066 1602 est,
1104 1551 1172 1590 ne
1203 1539 1373 1594 animi
1413 1535 1631 1590 illorum
1655 1539 1952 1592 concidant
1987 1540 2307 1607 admodum,

712 1640 781 1680 ac
812 1628 1061 1697 quotidie
1095 1630 1272 1701 magis
1304 1632 1592 1704 magisque
1627 1630 2019 1689 debilitentur.

784 1805 878 1861 20.
917 1805 1168 1877 Magnam
1202 1808 1373 1860 animi
1407 1809 1878 1878 perturbationem
1914 1811 2167 1868 hostibus
2195 1816 2306 1871 tuis

2423 621 2595 687 λόγων
2623 622 2715 673 καὶ
2745 620 2813 671 δι’
2845 622 3022 691 ἔργων
3056 621 3355 694 μεθοδεύσῃ
3382 620 3582 683 αὐτούς
3602 636 3617 651 ·
3650 620 3711 672 τὸ
3737 620 3848 690 γάρ
3871 636 4007 672 κατ-

2432 712 2713 776 ονειδίζειν
2742 712 2836 765 καὶ
2866 716 3178 768 ἐπικεῖσθαι
3226 714 3333 767 τῶν
3365 714 3694 784 ἡττωμένων
3736 712 3817 783 τῷ
3867 713 4010 782 πλήο

2420 807 2522 871 θει,
2555 807 2649 860 καὶ
2670 806 2759 859 διὰ
2792 806 2997 861 τούτων
3027 810 3106 871 είς
3148 809 3411 862 ἀπόνοιαν
3429 808 3627 871 αὐτοὺς
3651 808 3827 874 ἄγειν,
3863 823 4008 875 σφα-

2417 898 2575 969 λερόν
2610 917 2701 968 μοι
2727 900 2875 954 δοκεῖ
2905 902 2998 955 καὶ
3025 903 3144 955 λίαν
3178 901 3496 964 ἐπιϐλαϐές.

2490 996 2579 1059 ιη’.
2612 991 2779 1045 Ὅταν
2807 992 2865 1044 ἐν
2893 991 3073 1060 καιρῷ
3117 991 3358 1062 πολέμου
3403 992 3555 1063 παρά
3587 990 3698 1042 ¹τῶν
3734 1006 4006 1057 στρατιω-

2414 1084 2523 1135 τῶν
2573 1084 2945 1154 ἁμαρτήματα
2985 1087 3268 1153 γίνωνται,
3306 1085 3427 1138 δέον
3473 1083 3892 1156 προσποιεῖσθαί
3942 1098 4005 1135 σε

2414 1174 2638 1242 ἄγνοιαν
2664 1176 2864 1240 αὐτῶν,
2887 1178 2983 1232 καὶ
3002 1176 3139 1240 τέως
3173 1178 3314 1232 αὑτά
3338 1178 3611 1248 παρορᾷν.
3641 1175 3795 1231 Μετά
3825 1174 3880 1228 δὲ
3906 1175 4005 1227 τὸν

2415 1268 2608 1339 καιρὸν
2638 1269 2737 1339 τῆς
2783 1268 2878 1322 τοῦ
2935 1270 3176 1342 πολέμου
3214 1270 3425 1333 λύσεως
3459 1270 3588 1333 τοὺς
3641 1270 3851 1332 αἰτίους
3888 1268 4005 1321 τῶν

2417 1361 2664 1416 στάσεων
2693 1364 2768 1425 ὼς
2795 1362 2862 1415 ἂν
2908 1365 3292 1435 συγγινώσκῃς
3323 1363 3384 1416 τὺ
3436 1365 3645 1417 δίκαιον
3673 1363 4000 1432 ὑπεξέρχου.

2486 1453 2570 1508 ιϐ’.
2602 1454 3010 1523 Συγκαλύπτειν
3064 1472 3149 1509 σοι
3210 1456 3480 1526 προσήκει
3518 1455 3617 1517 τὰς
3651 1456 3855 1516 δειλίας
3884 1455 4005 1507 τῶν

2414 1549 2787 1616 στρατιωτῶν,
2848 1550 2942 1602 καὶ
2995 1547 3070 1619 μὴ
3118 1550 3425 1620 προχείρως
3483 1548 3749 1616 ἐλέγχειν,
3803 1547 3892 1600 ἶνα
3920 1546 4000 1616 μὴ

2412 1641 2732 1712 καταπίπτῃ
2781 1643 2849 1696 τά
2901 1643 3229 1714 φρονήματα
3284 1642 3467 1697 αὐτῶν
3525 1640 3847 1704 παντελῶς,
3903 1640 4002 1692 καὶ

2410 1734 2787 1806 ταπεινότεροι
2811 1735 3021 1788 ἑαυτῶν
3048 1735 3467 1807 ἀποδειχθῶσιν.

2479 1822 2549 1879 κ’.
2576 1828 3029 1891 Κατασκευάσεις
3074 1829 3315 1898 ἀθυμίαν
3370 1828 3484 1890 τοῖς
3530 1824 3835 1891 πολεμίοις,
3873 1823 4004 1879 ὅταν

716 1895 960 1966 injicies,
987 1897 1030 1951 si
1063 1909 1196 1965 post-
1226 1898 1432 1953 bellum
1462 1900 1555 1956 ubi
1611 1901 2056 1958 commodissime
2094 1907 2302 1972 poteris

2408 1919 2465 1972 ἐν
2516 1919 2695 1989 καιρῷ
2741 1922 2881 1989 μετὰ
2925 1920 3019 1973 τὸν
3091 1895 3335 1991 πόλεμον
3384 1920 3605 1989 ποιῆσαι
3634 1917 3872 1986 δυνηθῇς
3904 1915 4005 1985 τὴν

714 1997 842 2043 tuos
891 1989 947 2042 in
1015 1989 1206 2059 praelio
1254 1991 1515 2047 cadentes
1572 1995 2013 2064 congregavcris,
2067 1996 2303 2052 hostium

712 2081 983 2138 cadavera
1043 2084 1316 2155 insepulta
1376 2084 1565 2155 jacere
1628 2088 1935 2155 permittas,
1991 2105 2057 2144 ac
2112 2106 2308 2146 secure

711 2174 915 2229 iterum
946 2176 1225 2241 discedas,
1254 2178 1299 2231 si
1332 2181 1726 2247 opportunitas
1751 2182 1875 2235 talis
1902 2181 2129 2236 incidat.

782 2262 877 2318 21.
909 2263 976 2318 Ει
1008 2266 1063 2321 id
1107 2268 1249 2323 clam
1298 2269 1485 2324 hostes
1542 2269 1733 2325 facere
1777 2273 2005 2341 poteris,
2061 2274 2109 2328 si
2153 2275 2308 2344 ignes

714 2356 922 2413 multos
946 2373 1058 2413 uno
1100 2360 1155 2414 in
1199 2360 1321 2415 loco
1344 2362 1688 2427 accenderis,
1722 2371 1781 2418 et
1807 2365 1917 2418 alio
1951 2366 2004 2420 in
2042 2367 2166 2421 loco
2193 2369 2310 2437 ipse

715 2447 1081 2517 requieveris.
1104 2448 1308 2505 Hostes
1343 2453 1488 2507 enim
1522 2452 1588 2505 ad
1629 2453 1786 2522 ignes
1812 2458 2079 2509 accedent
2113 2466 2168 2511 et
2207 2458 2306 2512 de-

711 2539 1013 2609 cipientur,
1055 2548 1113 2595 tu
1143 2557 1277 2599 vero
1311 2543 1455 2614 quod
1486 2545 1833 2615 [imposuisti
1867 2545 2092 2603 ellicies.

782 2798 879 2855 22.
913 2798 985 2855 Ut
1031 2800 1438 2860 dissensionem
1487 2813 1540 2861 et
1574 2808 1955 2878 suspicionem
2007 2809 2150 2865 inter
2188 2815 2308 2882 pri-

716 2890 925 2947 marios
974 2898 1031 2946 et
1077 2893 1376 2963 optimates
1435 2896 1565 2951 belli
1599 2898 1840 2967 injicias,
1865 2902 2091 2970 quando
2143 2916 2307 2973 agros

714 2982 962 3038 hostium
1002 2986 1329 3055 popularis,
1365 2988 1583 3044 illorum
1647 3005 1813 3059 agros
1868 3008 1981 3047 non
2037 2996 2306 3061 vastabis,

720 3072 972 3141 quaedam
1007 3088 1134 3128 cum
1187 3075 1298 3130 illis
1332 3076 1489 3145 signa
1543 3079 1804 3133 amicitiae
1838 3080 1923 3134 vel
1968 3096 2063 3150 per
2094 3081 2308 3136 litteras

714 3163 800 3216 vel
840 3162 963 3218 aliis
1007 3164 1189 3220 modis
1228 3166 1506 3231 ostendes.
1560 3166 1674 3222 lloc
1720 3168 1864 3222 idem
1911 3169 2080 3226 facies
2116 3172 2161 3226 si
2214 3186 2309 3239 per

713 3254 989 3322 captivos,
1036 3271 1178 3324 quos
1218 3256 1285 3311 ad
1330 3260 1639 3313 exercitum
1677 3275 1839 3315 suum
1871 3261 2071 3317 iterum
2110 3264 2303 3318 remit-
2334 3250 2377 3307 CI

718 3345 816 3409 tis,
856 3345 1074 3400 occulte
1126 3345 1241 3401 illis
1266 3359 1480 3402 secreta
1516 3349 1765 3419 qmrdam
1810 3354 2145 3405 narraveris.
2181 3352 2307 3407 llaec

712 3450 844 3488 vero
890 3435 936 3489 si
974 3451 1124 3506 s:cpe
1154 3437 1258 3491 abs
1294 3447 1345 3491 te
1377 3438 1534 3501 ﬁant,
1570 3454 1891 3511 quanquam
1927 3442 2090 3497 dolus
2128 3444 2306 3499 hostic

713 3524 821 3580 bus
843 3527 1025 3581 solum
1056 3537 1222 3598 atque
1246 3527 1431 3583 illusio
1458 3529 1611 3597 liant,
1640 3533 1694 3586 in
1724 3534 2099 3604 suspicionem
2124 3544 2304 3592 tamen

712 3623 770 3670 et
795 3614 1198 3674 dubitationem
1234 3620 1534 3691 quamdam
1567 3622 1789 3680 illorum
1822 3626 2040 3684 incidit.

779 3879 874 3936 25.
900 3878 1243 3937 Deditionem
1275 3880 1525 3938 hostium
1558 3884 1657 3939 abs
1686 3894 1737 3941 te
1765 3888 2117 3945 obsessorum
2148 3894 2307 3949 facile

710 3970 1088 4040 comparabis,
1124 3972 1169 4027 si
1216 3974 1438 4044 sagittis
1472 3974 1686 4031 litteras
1718 3979 2033 4047 alligaveris
2075 3999 2214 4054 quas
2247 3986 2302 4041 in

712 4061 999 4115 civitatem
1050 4071 1145 4117 aut
1194 4065 1560 4121 munitionem
1610 4068 1822 4139 jacics,
1876 4081 1932 4128 et
1992 4076 2301 4131 libertatem

712 4149 827 4205 illis
854 4152 1327 4224 securitatemque
1350 4158 1671 4226 promittas.
1700 4159 1815 4218 Hoc
1851 4164 1993 4220 idem
2027 4168 2223 4225 feceris
2254 4170 2301 4225 si

710 4243 1085 4313 pericaptivos
1113 4246 1224 4302 illis
1252 4247 1567 4305 libertatem
1595 4256 1942 4322 promiseris.

780 4334 870 4388 24.
912 4335 1100 4406 Neque
1146 4338 1390 4395 hostium
1443 4344 1785 4403 humanitate
1812 4389 1828 4415 ,
1874 4366 2053 4422 neque
2085 4354 2301 4413 disces-

712 4426 889 4483 sionis
913 4437 968 4483 et
1004 4429 1145 4500 fuga:
1178 4432 1537 4490 simulatione
1565 4435 1863 4509 decipiaris
1894 4442 2122 4501 :‘dolosa
2153 4450 2299 4503 enim

706 4518 953 4575 hostium
979 4531 1109 4577 sunt
1131 4524 1391 4589 consilia,
1419 4535 1474 4581 ct
1504 4527 1571 4581 ad
1603 4544 1759 4585 suam
1791 4534 2081 4591 utilitatem
2110 4538 2298 4597 hostes

709 4612 897 4665 omnia
929 4614 1269 4684 excogitant.
1314 4614 1503 4687 Itaque
1545 4619 1756 4677 utilitas
1792 4623 2010 4680 illorum
2054 4628 2150 4684 tibi
2180 4647 2301 4685 ma.

710 4718 832 4769 gua:
871 4700 1165 4759 oﬂ‘ensioni
1212 4706 1364 4760 erit:
1417 4718 1473 4763 et
1508 4709 1672 4767 dolus
1725 4713 1970 4783 illorum,
2012 4734 2153 4775 noxa
2204 4730 2298 4778 tua

706 4792 842 4847 erit.

778 5005 875 5062 25.
915 5005 1301 5077 Suspiciosum
1345 5025 1472 5067 esse
1523 5013 1684 5071 debet
1716 5017 1903 5076 hostes
1942 5039 2038 5093 per
2078 5041 2142 5080 ea
2180 5027 2297 5084 loca

710 5096 952 5166 insequi,
971 5114 1093 5168 qua:
1116 5099 1185 5153 ad
1210 5100 1443 5157 insidias
1470 5107 1767 5175 capiendas
1800 5124 2104 5182 opportuna
2129 5132 2293 5174 sunt:

704 5201 884 5257 quare
915 5189 1284 5245 recedendum
1312 5193 1573 5250 celeriter
1603 5207 1711 5264 ρει,
1762 5211 1817 5257 et
1852 5204 2098 5261 incursio
2127 5208 2298 5281 impe-

708 5282 925 5332 tuosior
962 5279 1209 5336 facienda
1247 5284 1436 5339 estad
1496 5295 1710 5359 tempus
1745 5309 1760 5346 :
1810 5296 1958 5363 quod
2002 5279 2295 5357 consilium

710 5369 1128 5440 imperatorium
1165 5374 1507 5431 laudandum
1548 5380 1606 5434 in
1640 5385 1837 5452 primis
1867 5396 1975 5442 est.

779 5463 871 5519 26.
915 5463 1299 5536 Suspicionem
1332 5470 1548 5527 timoris
1587 5474 1749 5530 habet
1781 5482 2062 5537 cunctatio
2092 5493 2147 5540 et
2174 5487 2295 5555 pal-

711 5556 835 5609 lor:
862 5555 957 5611 ubi
990 5557 1160 5628 igitur
1194 5559 1332 5615 tales
1355 5562 1558 5621 videris
1585 5569 1812 5635 milites,
1854 5587 1882 5626 tt
1939 5574 2295 5633 dimicatione

708 5647 880 5716 praelii
913 5648 1037 5705 illos
1061 5666 1371 5716 semoveas,
1403 5664 1456 5709 et
1485 5657 1551 5711 ad
1584 5676 1725 5730 opus
1768 5664 1989 5736 aliquod
2042 5684 2295 5725 necessa-

710 5737 855 5797 rium
891 5740 1202 5800 faciendum
1234 5746 1585 5805 amandabis.

2408 2010 2590 2079 ταφὴν
2619 2011 2838 2078 ἀφανῶς
2865 2012 2973 2065 τῶν
3003 2012 3112 2066 ἀπὸ
3142 2012 3234 2065 τοῦ
3268 2011 3362 2064 σοῦ
3417 2010 3650 2082 στρατοῦ
3696 2009 4001 2075 πεσόντων,

2410 2100 2478 2154 τά
2508 2101 2568 2154 δὲ
2592 2100 2820 2172 σώματα
2845 2103 2953 2158 τῶν
2977 2104 3254 2157 πεσόντων
3288 2103 3565 2172 πολεμίων
3590 2102 3782 2172 ἐάσῃς.

2483 2278 2590 2332 καί.
2634 2278 2955 2341 Ἀκινδύνως
3018 2277 3213 2350 φεύξῃ,
3236 2279 3441 2330 εἴποτε
3480 2277 3673 2346 καιρός
3704 2293 3789 2328 σοι
3822 2274 4005 2329 τοιοῦ-

2409 2388 2499 2435 τος
2526 2371 2751 2441 γένηται
2774 2372 2902 2433 τοὺς
2933 2369 3228 2439 πολεμίους
3258 2369 3462 2434 λαθεῖν,
3514 2369 3608 2421 ἐάν
3648 2368 3798 2438 πυρά
3830 2367 4002 2420 πολλά

2412 2461 2645 2530 ἀλλαχοῦ
2692 2460 3031 2531 ἀνακαύσῃς,
3083 2461 3174 2511 καὶ
3213 2461 3267 2513 ἐν
3309 2459 3457 2527 ἄλλῳ
3500 2458 3649 2527 τόπῳ
3694 2459 4001 2527 ήσυχάσῃς.

2411 2552 2480 2605 (η
2509 2553 2617 2621 γὰρ
2650 2551 2897 2620 πολέμιοι
2920 2552 3013 2603 ἐπὶ
3036 2551 3104 2602 τὰ
3131 2550 3279 2620 πυρά
3320 2550 3671 2619 χωρήσαντες
3705 2548 4002 2617 ἀπατηθῆ-

2413 2661 2596 2696 σονται
2619 2661 2631 2675 °
2669 2645 2763 2696 καὶ
2790 2646 2852 2697 σὺ
2879 2643 2938 2697 τὺ
2967 2643 3241 2713 πρακτέον
3270 2642 3562 2705 διανὺσεις,
3583 2642 3765 2703 καθώς
3800 2657 3885 2694 σοι
3912 2640 4006 2694 καὶ

2413 2735 2469 2785 ἐν
2489 2733 2667 2795 ἀλλοις
2708 2732 3047 2801 ὑπεθέμεθα.

2482 2826 2586 2894 κβ¹.
2620 2827 2741 2879 Ἵνα
2772 2825 2828 2878 δὲ
2856 2825 3125 2895 διχόνοιαν
3151 2824 3248 2877 καὶ
3288 2823 3547 2878 ὑπόνοιαν
3574 2824 4005 2897 κατασκευάσῃς

2415 2919 2556 2973 κατά
2586 2918 2696 2971 τῶν
2725 2920 3015 2987 ἐπισήμων
3042 2916 3253 2987 ἀνδρῶν
3297 2919 3356 2970 ἐν
3387 2919 3502 2980 τοῖς
3531 2916 3838 2987 πολεμίοις’,
3871 2918 4007 2973 ὅταν

2412 3012 2755 3083 κατατρέχῃς
2805 3012 2907 3082 τὴν
2936 3011 3205 3081 πολεμίαν
3258 3028 3352 3064 σου
3402 3008 3611 3081 χώραν,
3656 3009 3725 3062 τά
3770 3011 4004 3063 ἐκείνων

2412 3106 2586 3175 χωρία
2647 3105 2721 3175 μὴ
2760 3103 3057 3175 ἐμπύριξε.
3092 3104 3228 3157 ἀλλά
3259 3104 3352 3157 καί
3380 3121 3501 3156 τινα
3566 3105 3773 3174 σημεῖα
3813 3102 4004 3171 φιλίας

2411 3197 2509 3265 τῆς
2539 3196 2675 3266 πρὸς
2694 3195 2888 3258 αὐτοὺς
2921 3194 2953 3263 ἢ
2978 3193 3065 3246 διὰ
3095 3193 3463 3263 γραμμάτων,
3489 3192 3524 3264 ἢ
3550 3192 3616 3246 δι’
3649 3191 3842 3262 ἐτέρου
3874 3193 4004 3263 τρό-

2412 3299 2513 3334 που
2555 3281 2953 3351 καταλίμπανε.
2982 3283 3056 3335 Τὸ
3103 3282 3235 3334 αὐτὸ
3268 3281 3325 3334 δὲ
3365 3282 3634 3352 ποιήσεις,
3663 3282 3759 3334 καὶ
3788 3282 3887 3334 ἐάν
3914 3283 4006 3336 διὰ

2410 3374 2519 3427 τῶν
2544 3374 2938 3443 κρατουμένων
2993 3372 3145 3443 παρὰ
3191 3372 3285 3426 σοῦ
3320 3372 3684 3443 αἰχμαλώτων
3711 3375 4004 3443 κρυφαίως

2412 3465 2595 3528 αὐτοῖς
2656 3465 3017 3539 ἐπιτηδεύσῃς
3045 3465 3350 3535 δηλοποιεῖν
3390 3466 3519 3536 περί
3554 3483 3720 3519 τινων
3749 3467 4005 3539 ἀπορρή-

2411 3573 2539 3612 των.
2590 3557 2654 3611 Εἰ
2718 3556 2977 3620 πολλάκις
3027 3557 3097 3610 τὰ
3153 3556 3379 3610 τοιαῦτα
3441 3557 3703 3624 γεγονότα
3754 3558 4004 3627 φανερὰν

2410 3648 2633 3718 ἀπάτην
2655 3648 2802 3701 δοκεῖ
2834 3649 2946 3711 τοῖς
2975 3646 3255 3717 πολεμίοις
3283 3647 3377 3699 καὶ
3395 3645 3545 3700 δόλον
3575 3645 3848 3715 γίνεσθαι,
3886 3647 4003 3701 ἀλλ’

2408 3737 2503 3793 οὖν
2533 3741 2614 3803 εἰς
2656 3738 2890 3809 ὑποψίαν
2917 3739 3009 3791 καὶ
3051 3738 3317 3808 διχόνοιαν
3348 3738 3446 3807 τὴν
3494 3738 3623 3808 περὶ
3650 3737 3763 3792 τῶν
3788 3738 4004 3808 ἀνδρῶν

2412 3832 2640 3885 ἐκείνων
2668 3832 2887 3893 πάντως
2920 3831 3228 3901 ἐμπέσωσι.

2482 3920 2589 3990 κγ’.
2617 3922 2830 3992 Τρὸπον
2877 3920 3187 3983 εὐπειθείας
3241 3918 3508 3983 ὑποδείξω
3550 3935 3652 3983 σοι,
3696 3917 3841 3970 ὥστε
3890 3921 4002 3981 τοῖς

2410 4011 2895 4081 πολιορκουμένοις
2942 4010 3030 4064 διὰ
3072 4008 3243 4078 βελῶν
3299 4008 3408 4062 ἀπδ
3436 4008 3590 4072 τόξου
3623 4010 4003 4077 πεμπομένων

2408 4102 2697 4164 ἐπιστολὰς
2762 4100 3089 4170 ἐκπέμπειν,
3118 4100 3215 4152 καὶ
3257 4099 3323 4151 δι’
3349 4100 3528 4153 αὐτῶν
3554 4098 3877 4170 ἐλευθεριαν
3905 4107 4000 4154 καὶ

2409 4191 2680 4247 ἀπάθειαν
2733 4191 2916 4254 αὐτοῖς
2964 4190 3423 4258 ἐπαγγέλλεσθαι.
3467 4189 3541 4242 To
3574 4189 3707 4241 αὐτὸ
3733 4189 3793 4241 δὲ
3835 4192 4000 4261 ποιή-

2412 4301 2527 4347 σεις
2549 4281 2854 4354 δηλοποιῶν
2878 4282 3069 4344 αὐτοῖς
3099 4280 3193 4334 καὶ
3222 4281 3292 4333 δι’
3322 4278 3685 4351 αἰχμαλώτων
3719 4281 3995 4349 ἀφέσεως.

2478 4376 2577 4431 κδ’.
2602 4375 2740 4430 Oli-re
2788 4376 2912 4438 ταῖς
2972 4373 3405 4443 φιλανθρωπίαις
3450 4371 3562 4425 τῶν
3601 4370 3879 4442 πολεμίων
3906 4374 3997 4439 ἐξ·

2407 4469 2720 4525 απατᾶσθαί
2781 4486 2841 4521 σε
2895 4468 3036 4533 δέον,
3094 4464 3219 4519 οὕτε
3272 4465 3366 4519 ἐάν
3394 4482 3523 4519 ποτε
3569 4464 3997 4536 προσποιοῦνται

2332 4581 2377 4637 ι)
2407 4563 2757 4635 ἀναχώρησιν
2776 4577 2791 4592 ·
2824 4558 3021 4629 δολερά
3059 4557 3169 4629 γάρ
3196 4559 3281 4612 ἀεὶ
3309 4557 3417 4611 τῶν
3445 4557 3745 4628 ἐχθρῶντά
3775 4558 3997 4628 βουλεύ·

2410 4674 2555 4729 ματα
2575 4698 2590 4722 ,
2625 4655 2720 4709 καὶ
2752 4655 2888 4726 πρὸς
2915 4653 2976 4706 τὸ
3004 4653 3203 4705 οίκεῖον
3251 4650 3532 4722 συμφέρον
3585 4652 3615 4703 ὁ
3643 4650 3889 4715 ἐναντίος
3923 4651 3996 4705 τά

2404 4747 2585 4801 πάντα
2614 4747 2841 4809 ἐπινοεῖ,
2872 4744 3012 4796 ὥστε
3042 4742 3102 4795 τδ
3130 4741 3338 4794 ἐκείνου
3370 4741 3647 4811 συμφέρον
3668 4742 3991 4811 ἀσύμφορόν

2406 4857 2487 4892 σοι
2514 4837 2923 4908 ἀποδειχθῆναι,
2955 4836 3050 4888 καὶ
3091 4834 3182 4889 διά
3213 4834 3314 4903 τῆς
3363 4834 3607 4896 ἐναντίας
3650 4834 3868 4905 ἀπάτης
3892 4836 3991 4907 ἐμ-

2403 4935 2618 5002 ποιήσει
2653 4948 2736 4985 σοι
2762 4929 2989 5001 βλάϐην.

2473 5023 2572 5078 κε’.
2628 5020 2969 5094 ’Υφορᾶσθαί
3027 5038 3087 5074 σε
3145 5020 3413 5091 προσήκει
3460 5017 3563 5081 τὰς
3618 5016 3834 5083 διώξεις
3886 5018 3990 5081 τάς

2400 5118 2641 5187 ἀγούσας
2670 5117 2751 5179 εις
2780 5115 2956 5186 χωρία
2987 5113 3267 5184 ἐπιτήδεια
3316 5110 3454 5182 πρὸς
3479 5106 3871 5181 ἐγκρύμματα.
3893 5109 3988 5164 Διὸ

2398 5212 2575 5267 καὶτὸ
2597 5211 2903 5281 ἀναχωρεῖν
2933 5210 3205 5278 εὐκαίρως
3229 5205 3321 5259 τὸν
3352 5202 3677 5273 στρατηγὸν,
3697 5204 3794 5256 καὶ
3820 5203 3988 5256 πάλιν

2400 5306 2765 5378 σφοδροτέραν
2790 5301 3064 5357 ποιεῖσθαι
3084 5300 3182 5371 τὴν
3229 5298 3516 5351 ἐπέλευσιν
3560 5295 3705 5349 κατά
3730 5295 3844 5350 τῶν
3882 5315 3985 5351 πο-

2398 5399 2623 5469 λεμίων,
2663 5396 2900 5468 μάλιστά
2925 5396 3041 5447 ἐστι
3066 5389 3451 5463 πρατηγικὸν.

2469 5489 2584 5555 σις’.
2622 5489 2880 5543 ’Υπόνοια
2936 5486 3138 5549 δειλίας
3184 5484 3332 5537 ἐστὶν
3378 5483 3536 5545 ὄκνος
3574 5482 3667 5535 καὶ
3688 5481 3977 5553 ὠχρίασις.

2400 5584 2569 5637 Ὅταν
2602 5581 2695 5635 οὖν
2729 5578 3004 5641 τοιούτους
3029 5576 3143 5647 ἴδῃς
3172 5575 3322 5639 τινὰς
3354 5575 3463 5628 τῶν
3493 5574 3863 5644 στρατιωτῶν,
3886 5575 3981 5628 καὶ

2397 5674 2505 5745 πρὸ
2541 5673 2883 5745 ἐρωτήσεως,
2918 5668 3120 5740 χώριζε
3180 5669 3376 5730 αὐτοὺς
3417 5668 3516 5736 τῆς
3547 5668 3861 5735 ἀναγκαίας
3889 5668 3982 5735 ἐγ-

2396 5760 2698 5831 χειρήσεως
2726 5757 2821 5811 τοῦ
2842 5758 3101 5827 πολέμου,
3127 5756 3221 5810 καὶ
3247 5756 3473 5819 δεόντως
3504 5757 3687 5819 αὐτοῖς
3716 5757 3979 5829 ἐπίτρεπε

2397 5849 2464 5902 τά
2492 5845 2800 5919 ἁρμόζοντα
2841 5846 3103 5916 πράττειν
3130 5846 3206 5917 τῷ
3236 5846 3461 5916 τοιούτῳ
3493 5846 3688 5916 καιρῷ.
