4184 6440
100 434 223 502 1021

1218 434 1550 496 TAC’I‘ICA.
1576 460 1643 472 -·-
1667 433 2168 496 CONSTITUTIO
2200 437 2327 495 XX.

3211 435 3345 500 102?.

159 541 264 607 κζ’.
304 541 442 594 Ἰτοι
468 541 586 596 λίαν
614 540 855 610 ἀσφαλὲς
891 538 984 593 καὶ
1014 541 1071 593 ὲν
1118 540 1297 611 καιρῷ
1327 542 1467 610 τάχα
1490 542 1668 609 φιλίας
1698 560 1714 609 1

1842 542 1932 597 ΞΠ.
1969 542 2161 596 Castra
2205 542 2420 597 munire
2462 554 2676 611 semper
2717 553 2892 598 tutum
2920 551 3025 612 est,
3054 552 3108 600 et
3153 549 3347 601 amici-

96 636 219 688 ἔνθα
246 634 314 685 ἂν
345 634 596 703 ὑπάρχῃς
642 631 869 700 πλησίον
922 630 1195 701 πολεμίων
1235 634 1674 703 στρατοπεδεύων

96 723 443 792 περιϐάλλειν
471 721 743 789 φοσσάτον
798 721 867 773 δι’
904 723 1237 791 ὀρύγματος,
1291 722 1325 789 ἢ
1374 723 1673 792 κτίσματος

96 816 264 878 λίθου,
302 814 336 885 ἢ
370 812 615 877 πλίνθου,
670 812 702 883 ἢ
733 812 949 883 χάρακα
1008 814 1097 866 διὰ
1124 812 1320 877 ξύλων,
1349 815 1458 867 ,καὶ
1503 814 1678 877 οὑτως

97 908 255 977 πέριξ
286 906 789 976 ὀχυροποιῆσαιτδν
819 908 1070 975 στρατόν.
1106 904 1234 958 Ἐὰν
1266 905 1376 976 γάρ
1404 924 1457 959 τι
1492 909 1677 977 συμϐῇ

95 1000 205 1051 τῶν
229 1000 514 1066 ἐναντίων,
545 1002 640 1054 καὶ
668 1001 856 1072 λέγῃς,
904 1002 986 1054 ὃτι
1042 999 1212 1052 Τοῦτο
1255 1000 1355 1054 οὑκ
1394 1001 1678 1066 ὑπενόουν,

94 1093 194 1145 οὑκ
227 1093 348 1145 ἔστι
378 1094 765 1163 στρατηγικόν.

166 1184 285 1254 κη’.
314 1185 484 1238 Ὅταν
518 1184 658 1238 Θεοῦ
688 1183 922 1247 διδόντος
958 1182 1114 1247 πόλις
1143 1184 1295 1254 παρὰ
1324 1182 1419 1237 σοῦ
1451 1183 1559 1235 τῶν
1586 1200 1683 1235 πο-

98 1274 311 1342 λεμίων
353 1275 658 1339 ἁλίσκεται,
719 1273 1033 1342 ἀνοίγεσθαι
1077 1274 1349 1345 συγχώρει
1376 1273 1477 1336 τὰς
1511 1272 1685 1336 πύλας

97 1365 247 1418 ῶστε
278 1366 502 1434 φεύγειν
543 1366 673 1428 τοὺς
726 1365 956 1429 πολλοὺς
977 1367 1071 1419 καὶ
1119 1366 1194 1436 μὴ
1226 1367 1423 1436 χωρεῖν
1448 1367 1527 1427 είς
1548 1366 1685 1418 ἀπό-

101 1476 334 1525 γνωσιν.
363 1460 436 1511 Τὸ
461 1460 596 1512 αὑτδ
644 1459 703 1511 δὲ
767 1459 861 1513 κα)⁸
895 1460 1165 1527 φοσσάτου
1195 1457 1552 1527 ἁλισκομένου
1578 1459 1687 1510 τῶν

101 1550 323 1621 ἐχθρῶν
355 1550 508 1619 παρὰ
535 1548 629 1602 σοῦ
658 1550 925 1620 ποιήσεις
944 1551 1218 1617 ἀναγκαῖα
1232 1548 1340 1617 γάρ
1357 1545 1493 1601 εἶναι
1514 1547 1685 1601 ταῦτα

103 1642 204 1694 καὶ
236 1640 621 1711 ἀκινδυνότερα
662 1641 796 1713 πρὸς
823 1640 923 1711 τὴν
968 1638 1078 1693 τῶν
1120 1639 1490 1710 ἁλισκομένων
1520 1655 1691 1692 κατα-

105 1733 290 1801 κράτη
298 1747 403 1784 σιν.

180 1820 290 1876 κθ’.
345 1822 644 1894 Ύφόρασιν
693 1821 985 1893 προδοσίας
1036 1821 1133 1876 atati.
1188 1823 1447 1876 ὑπόνοιαν
1499 1819 1689 1881 δώσεις

1781 635 1870 687 tia:
1923 635 2183 703 pacisque
2235 643 2501 704 tempore.
2565 634 2621 687 Si
2676 650 2841 705 prope
2899 638 3087 693 hostes
3158 639 3350 703 fumis,

1783 725 2049 780 fossatum
2104 726 2505 780 circumducito
2576 726 2657 778 vel
2711 743 2775 779 ex
2820 728 3092 795 lapidibus
3144 732 3223 783 vei
3289 749 3353 784 ex

1784 816 2046 871 lateribus
2065 816 2564 879 circumvallatum,
2604 825 2656 869 et
2690 818 2763 869 ita
2797 827 2979 870 castra
3018 832 3106 871 tua
3156 822 3205 873 in
3239 832 3354 874 luto

1784 924 1977 977 ponas.
2019 907 2076 960 Si
2117 908 2261 961 enim
2311 910 2513 978 aliquid
2559 910 2850 962 adversum
2904 910 3205 978 contingat,
3254 914 3358 963 mi—

1784 1016 1889 1055 nus
1912 1000 2326 1069 imperatorium
2350 1001 2455 1055 erit
2486 1001 2674 1056 dicere
2710 1001 3027 1070 aliquando,
3057 1002 3176 1054 Non
3208 1014 3360 1070 puta-

1786 1108 1926 1146 ram.

1856 1182 1946 1236 28.
1982 1182 2215 1249 Quando
2246 1183 2366 1237 sine
2389 1182 2663 1236 deditione
2692 1184 2930 1238 hostium
2956 1186 3152 1240 civitas
3183 1186 3362 1253 aliqua

1789 1286 1883 1328 aut
1916 1276 2148 1328 munitio
2183 1276 2458 1344 capiatur,
2481 1276 2615 1344 jube
2655 1276 2855 1345 aperiri
2889 1289 3076 1345 portas
3118 1286 3177 1331 ut
3207 1278 3363 1331 multi

1789 1369 2093 1439 aufugiam,
2137 1382 2190 1423 et
2235 1384 2343 1422 non
2392 1369 2447 1422 in
2497 1386 2766 1424 summam
2807 1372 2973 1425 animi
3023 1375 3367 1442 desperatio-

1793 1462 2154 1515 nctncadant.
2191 1464 2308 1514 lloe
2341 1462 2484 1516 idem
2522 1461 2728 1516 fossalo
2763 1465 3005 1518 hostium
3041 1475 3202 1533 capto
3234 1482 3369 1533 prze~

1792 1554 1990 1607 stabis.
2031 1553 2415 1607 Necessarium
2464 1564 2643 1607 autem
2679 1556 2780 1609 hoc
2820 1567 2900 1611 est
2928 1566 2983 1612 et
3010 1573 3264 1612 securum
3314 1558 3369 1611 iu

1794 1644 1988 1712 primis
2019 1644 2083 1696 ad
2113 1644 2363 1713 captivos
2387 1645 2730 1701 retinendos.

1867 1818 1955 1876 29.
1992 1818 2378 1890 Suspicionem
2426 1821 2756 1891 proditionis
2796 1831 2848 1876 et
2904 1824 3220 1894 Opinionem
3280 1825 3369 1880 fal-

106 1917 229 1977 τάς
281 1892 563 1985 πολεμίοις
624 1892 768 1968 κατά
813 1913 921 1968 τῶν
963 1915 1421 1985 προσφευγόντων
1454 1913 1560 1965 ἀπὸ
1604 1910 1698 1963 σοῦ

1815 1913 1985 1969 sitatis
2024 1913 2238 1983 injicies
2274 1914 2527 1969 hosdhus
2578 1914 2774 1979 deiis,
2808 1917 2902 1986 qui
2944 1892 3048 1971 abs
3082 1929 3132 1972 te
3186 1919 3252 1972 ad
3283 1936 3378 1974 eos

111 2008 258 2077 πρὸς
278 2008 498 2073 αὐτοὺς,
527 2007 667 2060 ὥστε
702 2008 885 2070 αὑτοῖς
909 2007 943 2077 ἢ
972 2007 1242 2069 άπιστεῖν,
1277 2005 1310 2076 ἢ
1337 2004 1700 2070 ἀποκτείνειν,

111 2099 215 2150 liv
247 2097 554 2166 γράμματα
587 2096 814 2171 πέμπῃς
840 2097 935 2150 καὶ
970 2096 1045 2159 ὡς
1074 2096 1234 2167 δῆθεν
1254 2097 1558 2149 ἐκπεσόντα
1590 2095 1702 2147 τῶν

109 2187 549 2257 διακομιζόντων
572 2190 689 2252 τοῖς
721 2186 1003 2257 πολεμίοις
1032 2186 1467 2257 ἑγχειρισθῶσιν.
1518 2187 1608 2239 Ἐν
1624 2181 1705 2247 οἷς

112 2280 191 2342 ὡς
226 2282 290 2332 ιν
315 2278 468 2343 τάξει
497 2279 936 2349 ὑπομιμνήσκεις
976 2280 1089 2340 τοῖς
1127 2276 1467 2347 προσφύγοις
1511 2274 1706 2344 καιροῦ

114 2371 417 2441 προδοσίας
444 2370 858 2441 συντεθειμένου
908 2370 1002 2423 καὶ
1045 2369 1384 2440 πραγμάτων
1412 2367 1572 2421 τινῶν
1615 2387 1706 2421 πιο

117 2463 324 2518 θανῶν.
370 2463 650 2518 Ἐντεῦθεν
693 2463 865 2534 γὰρῆ
911 2460 1409 2532 κατασχεθησονται
1455 2462 1503 2513 ot
1534 2477 1705 2531 προσ-

120 2556 414 2624 φυγόντες,
469 2555 503 2625 ἢ
538 2554 1024 2624 άπιστηθήσονται,
1057 2553 1151 2605 καὶ
1182 2550 1507 2622 φοϐηθέντες
1547 2551 1708 2605 πάλιν

120 2646 528 2716 ὑποστρέφουσι
558 2646 695 2715 πρὸς
724 2644 791 2699 τά
827 2645 954 2698 ίδια.

189 2735 259 2791 λ’.
294 2736 408 2789 Καὶ
454 2736 660 2807 ἑτέρως
708 2736 767 2790 δὲ
813 2736 913 2806 τὴν
956 2734 1064 2788 τῶν
1104 2731 1294 2788 δειλῶν
1331 2732 1602 2800 διάκρισιν
1652 2730 1711 2783 ὲν

122 2831 237 2892 τοῖς
268 2828 597 2896 ἀναγκαίοις
620 2828 715 2882 καὶ
742 2827 1030 2896 αίφνιδίοις
1047 2825 1270 2896 ἑγχειρή
1282 2841 1413 2894 μασι
1439 2823 1709 2891 ποιήσεις,

129 2921 226 2975 ἑὰν
245 2921 380 2984 τοὺς
397 2918 716 2991 ἀρρώστους
737 2918 771 2989 ἢ
800 2918 927 2981 τοὺς
957 2917 1328 2988 κεκτημένους
1361 2917 1561 2975 ἵππους
1583 2915 1713 2967 ἁδυ-

128 3011 332 3074 νάτους
393 3009 717 3081 προστάξεις
755 3007 1085 3081 χωρίζεσθαι
1135 3007 1308 3070 ίδίως’
1342 3008 1392 3059 οἱ
1416 3007 1522 3076 γὰρ
1553 3004 1715 3058 δειλοὶ

128 3100 512 3174 ἢάρρωστίαν
575 3098 1057 3171 προσποιούμενοι,
1090 3098 1123 3168 ἦ
1152 3099 1261 3151 τῶν
1320 3100 1501 3150 ἵππων
1550 3095 1716 3149 ἀσθέ-

1804 2006 2192 2077 prolugerunt,
2231 2014 2290 2059 ut
2320 2006 2430 2061 illis
2474 2006 2557 2060 vel
2600 2006 2866 2075 diliidaut,
2904 2008 2987 2063 vel
3021 2010 3376 2074 interﬁciant,

1802 2098 1847 2152 si
1880 2099 2091 2153 litteras
2123 2097 2189 2150 ad
2230 2112 2327 2152 eos
2364 2098 2604 2162 miseris,
2634 2108 2694 2152 ut
2720 2101 2906 2154 statim
2940 2110 3066 2168 post
3103 2102 3202 2153 has
3229 2103 3378 2155 litte-

1804 2204 1895 2243 ras
1935 2189 2176 2258 perlatas
2211 2189 2399 2244 hostes
2453 2190 2735 2254 invadant,
2772 2199 2827 2246 et
2866 2192 3195 2261 proditionis
3243 2203 3380 2247 tem-

1808 2295 1909 2347 pus
1940 2279 2083 2334 inter
2112 2288 2164 2334 te
2184 2290 2238 2333 ct
2268 2279 2534 2350 profugos
2569 2291 2877 2351 cmteraque
2906 2283 3211 2351 probabilia
3250 2301 3381 2337 con-

1808 2368 2000 2423 stituta
2055 2368 2367 2424 videantur.
2418 2368 2534 2423 [loc
2590 2381 2752 2440 pacto
2812 2372 2919 2437 lict,
2959 2375 3096 2427 utin
3129 2377 3379 2430 custodia

1807 2468 2104 2514 teneantur
2138 2460 2379 2531 profugi,
2425 2462 2507 2516 vel
2542 2472 2599 2515 ut
2636 2462 2769 2517 ﬁdes
2809 2463 2918 2517 illis
2950 2480 3060 2518 non
3094 2465 3380 2530 habeatur,

1808 2549 1892 2604 vel
1923 2557 1982 2603 ut
2011 2550 2077 2604 ad
2107 2560 2159 2605 te
2187 2552 2382 2604 iterum
2415 2544 2667 2607 redeant.

1885 2726 1974 2782 50.
2020 2725 2401 2784 Timidilalem
2449 2731 2684 2785 militum
2715 2738 2935 2786 tuorum
2978 2736 3159 2803 aliqua
3194 2752 3387 2791 neces-

1813 2820 1961 2875 saria
1992 2829 2044 2876 et
2082 2836 2185 2877 nec
2224 2823 2446 2892 opinata
2479 2824 2800 2880 incursione
2842 2827 2945 2880 hoc
2993 2828 3158 2881 modo
3199 2832 3391 2897 explo-

1814 2911 1985 2977 rabis,
2013 2911 2059 2967 si
2089 2911 2338 2965 iniit-mos
2378 2920 2433 2967 et
2456 2928 2552 2969 eos
2598 2914 2693 2983 qui
2742 2913 2951 2969 debiles
2979 2932 3151 2985 equos
3190 2918 3390 2971 habent

1812 3001 2036 3071 iubebis
2074 3002 2142 3057 ab
2174 3003 2298 3058 aliis
2330 3004 2574 3073 separari
2608 3022 2623 3059 :
2666 3006 2842 3060 timidi
2874 3008 3019 3061 enim
3052 3009 3133 3062 vel
3177 3010 3392 3064 valetu-

1816 3093 2024 3159 dinem,
2072 3094 2157 3149 vel
2202 3110 2472 3165 equorum
2529 3096 2960 3151 imbecillitatem
3009 3099 3390 3165 simulabant,

126 3206 304 3257 νειαν,
366 3190 571 3253 εὐθέως
630 3190 1062 3261 χωρισθήσονται
1118 3188 1227 3242 τῶν
1277 3189 1590 3256 ἀναγκαίων
1619 3185 1713 3239 τοῦ

1820 3196 1985 3256 atque
2014 3187 2150 3241 adeo
2177 3187 2247 3242 ab
2269 3189 2369 3242 hac
2402 3187 2597 3243 bellica
2622 3189 2938 3244 incursione
2969 3193 3393 3259 separabantur.

131 3279 377 3349 πολέμου
401 3280 787 3350 ἔγχειρήσεων.
814 3281 955 3343 Τοὺς
978 3279 1035 3332 δὲ
1060 3277 1334 3341 τοιούτους
1360 3278 1391 3348 ἢ
1425 3280 1504 3341 εἰς
1533 3294 1718 3347 παρα-

132 3370 389 3440 φυλακὴν
420 3369 678 3438 κάστρου,
711 3370 787 3433 ὡς
842 3370 956 3423 ἄνω
996 3386 1102 3422 που
1149 3371 1363 3440 εἴρηται
1405 3370 1559 3439 ἡμῖν,
1584 3368 1616 3438 ἢ
1640 3368 1719 3432 είς

133 3458 313 3514 ἄλλων
342 3457 737 3528 ὀχυρωμάτων,
764 3457 797 3527 ἢ
824 3460 904 3521 είς
949 3458 1142 3528 ἑτέρας
1172 3458 1489 3520 ἀκινδύνους
1532 3458 1719 3528 χρείας

134 3550 399 3614 διατάξας
428 3549 755 3619 ικπέμψεις,
794 3549 883 3604 ῐνα
917 3550 993 3620 μὴ
1019 3552 1084 3619 τῇ
1139 3548 1311 3620 δειλίᾳ
1341 3550 1434 3601 καὶ
1470 3551 1594 3610 τοὺς
1626 3549 1721 3603 άν-

133 3640 353 3711 δρείους
390 3638 713 3711 μολύνωσιν.
764 3642 829 3694 El
862 3640 918 3694 δὲ
966 3641 1066 3711 τῆς
1105 3641 1466 3712 παρατάξεως
1503 3642 1722 3710 ἱσταμέ-

136 3749 238 3802 νης
291 3732 434 3802 πρὸς
480 3731 664 3802 μάχην
695 3731 956 3804 παραυτά
988 3733 1264 3804 κηρύξεις,
1299 3734 1358 3787 '0
1394 3733 1715 3803 βουλόμενος

137 3820 543 3891 πρωτοστάτης
589 3821 965 3891 ὑποχωρείτω,
1022 3824 1117 3875 καὶ
1172 3823 1201 3873 ὁ
1242 3822 1562 3893 βουλόμενος
1600 3823 1718 3876 ἀντ’

142 3910 360 3965 ἐκείνου
380 3910 590 3977 εἰσίτω,
639 3911 703 3964 οὑ
751 3911 910 3981 μόνον
939 3912 1065 3975 τοὺς
1097 3912 1303 3976 δειλοὺς
1331 3913 1452 3965 τότε
1483 3914 1719 3984 νοήσεις,

141 4002 283 4055 ἀλλὰ
312 4003 412 4055 καὶ
439 4001 869 4072 τοὺς⁹άνδρείους
889 4003 1274 4074 άναμάθῃς.οί
1303 4003 1401 4073 μὲν
1427 4004 1535 4073 γὰρ
1567 4005 1730 4057 δειλοὶ

148 4092 249 4145 καὶ
273 4092 338 4144 τὸ
369 4091 560 4162 άρχειν
610 4092 981 4162 προδώσουσιν
1003 4094 1142 4163 ὑπὲρ
1159 4094 1252 4147 τοῦ
1282 4093 1356 4165 μὴ
1380 4095 1731 4157 κινδυνεύειν,

150 4183 202 4236 ot
233 4182 293 4236 δὲ
315 4182 553 4253 ἀνδρεῖοι
582 4184 722 4253 μετὰ
749 4182 846 4237 τοῦ
872 4183 1061 4255 ἄρχειν
1091 4186 1187 4237 καὶ
1215 4185 1275 4238 τὸ
1306 4185 1734 4251 συγκινδυνεύειν

148 4275 496 4346 αἱρήσονται.

213 4364 321 4421 λα’.
364 4366 581 4437 ’Δκμὴν
618 4366 813 4439 καιροῦ
841 4368 1123 4439 ἐπιτηρεῖν
1151 4384 1211 4421 σε
1254 4367 1392 4432 δέον,
1420 4368 1495 4438 μὴ
1526 4368 1735 4437 παρού-

153 4472 258 4525 σης
291 4456 567 4527 ἀνάγκης,
596 4459 695 4511 καὶ
721 4456 893 4521 οὑτως
926 4457 1308 4528 ἑκστρατεύειν
1337 4458 1477 4512 κατά
1509 4459 1617 4511 τῶν
1648 4474 1740 4510 πο-

1820 3278 1981 3334 Tales
2019 3279 2102 3335 vel
2151 3280 2219 3334 ad
2266 3281 2500 3347 castelli,
2539 3281 2623 3336 vel
2685 3282 2754 3335 ad
2788 3282 3015 3336 alterius
3072 3285 3398 3337 munitionis

1820 3368 2151 3435 custodiam,
2203 3368 2289 3425 vel
2327 3369 2393 3424 ad
2418 3370 2560 3425 alios
2600 3386 2734 3426 usus
2785 3387 3012 3426 securos
3063 3372 3302 3436 emittes,
3341 3383 3400 3427 ut

1822 3474 1888 3512 ne
1916 3459 2131 3529 ignavia
2194 3474 2295 3514 sua
2359 3462 2523 3515 etiam
2570 3462 2913 3517 strenuiores
2950 3464 3152 3519 milites
3192 3466 3400 3519 labefa—

1822 3558 1997 3606 ctent.
2044 3551 2143 3606 Sin
2172 3553 2293 3607 acie
2322 3552 2434 3623 jam
2469 3553 2744 3609 instructa
2783 3554 2849 3609 ad
2879 3556 3129 3625 prazlium
3172 3556 3400 3611 manda-

1823 3640 1991 3707 veris,
2026 3648 2086 3694 ut
2132 3641 2227 3711 qui
2266 3650 2493 3710 prtestes
2525 3642 2810 3699 discedere
2856 3645 2971 3700 vult
3028 3645 3300 3711 dist-edat,
3347 3655 3401 3701 et

1825 3732 1919 3802 qui
1958 3732 2078 3786 vult
2111 3732 2165 3786 in
2230 3732 2379 3787 illius
2426 3735 2608 3790 locum
2651 3737 3022 3807 ingrediatur,
3065 3754 3175 3793 non
3242 3737 3405 3792 modo

1806 3824 2054 3893 timidos
2115 3825 2318 3880 milites
2357 3841 2679 3896 cognosces,
2713 3828 2807 3882 sed
2859 3826 3024 3883 etiam
3060 3829 3229 3883 fortes
3262 3843 3404 3884 stre-

1830 3931 2081 3985 nuosque
2112 3916 2276 3970 scies.
2296 3914 2497 3971 Timidi
2529 3918 2674 3972 enim
2700 3918 2856 3972 initio
2885 3921 3115 3986 prodent
3136 3935 3195 3973 se
3220 3920 3402 3988 prius-

1830 4024 1995 4077 quam
2033 4008 2237 4064 bellum
2273 4009 2520 4078 incipiat,
2573 4010 2744 4064 fortes
2797 4021 2979 4066 autem
3041 4021 3166 4081 post
3203 4012 3403 4066 bellum

1835 4100 2134 4170 inemptum
2170 4101 2336 4155 simul
2376 4102 2680 4171 periclitari
2716 4103 2960 4171 cupient.

1906 4364 1997 4419 5|.
2034 4360 2326 4434 Temporis
2376 4362 2781 4432 opportunitas,
2819 4363 2929 4418 uisi
2970 4363 3130 4418 aliter
3161 4366 3408 4419 necessi-

1840 4465 1925 4512 tas
1976 4464 2185 4525 urgeat,
2237 4455 2336 4510 abs
2391 4461 2446 4509 te
2495 4456 2869 4508 conservanda
2921 4464 3025 4518 est,
3072 4466 3235 4525 atque
3273 4456 3412 4510 adeo

154 4547 385 4619 λεμίων,
414 4548 501 4601 ἵνα
525 4548 622 4601 καὶ
662 4548 727 4601 σὺ
758 4548 883 4620 περὶ
916 4548 1014 4621 τὴν
1053 4548 1296 4618 δαπάνην
1329 4547 1403 4619 μὴ
1434 4547 1710 4601 στενοῦσαι

1844 4549 2031 4601 hostes
2077 4544 2327 4608 invadas,
2364 4552 2417 4597 ul
2461 4559 2639 4611 neque
2679 4544 2757 4595 lui
2798 4553 3106 4597 commeatu
3148 4545 3410 4598 defician-

158 4639 257 4693 καὶ
285 4640 337 4692 οί
372 4639 621 4711 πολέμιοι
677 4640 845 4695 πλέον
898 4639 1194 4694 λυποῦνται
1221 4641 1331 4694 τῶν
1358 4641 1622 4710 καμάτων
1647 4640 1737 4692 αὑ·

157 4732 270 4786 τῶν
298 4731 657 4803 ληϊζομένων.

231 4822 563 4893 19'."lxavé
608 4841 670 4880 σε
717 4824 824 4897 χρὴ
886 4825 1133 4896 φυλακὴν
1187 4823 1585 4894 περιποιεῖσθαι
1642 4824 1738 4877 καὶ

166 4915 305 4985 μετὰ
333 4914 433 4985 τὴν
458 4916 567 4969 τῶν
602 4916 877 4986 πολεμίων
924 4934 1019 4970 σου
1057 4917 1233 4987 νίκην,
1276 4917 1369 4969 καὶ
1413 4917 1488 4986 μὴ
1518 4916 1738 4986 ἀμελῶς

162 5008 334 5078 εχειν,
357 5008 495 5062 ἀλλά
535 5008 902 5077 φυλάττεσθαι
943 5007 1044 5073 τὰς
1096 5008 1393 5078 αἰφνιδίους
1423 5007 1737 5070 ἐπελεύσεις

163 5098 274 5151 τῶν
300 5097 679 5169 ἡττηθέντων
712 5099 773 5153 οὑ
826 5100 935 5171 γὰρ
986 5102 1186 5172 ἠρεμεῖ
1213 5100 1273 5154 τὸ
1304 5098 1597 5153 ἀντίπαλον
1625 5098 1734 5163 ἀεὶ,

166 5188 308 5242 ἀλλὰ
345 5188 448 5258 τὴν
502 5190 711 5244 οἰκείαν
770 5185 941 5262 ἧτταν
994 5191 1256 5255 πολλάκις
1281 5188 1739 5262 ἀναμαχήσασθαι

167 5280 583 5353 προθυμότερον
611 5282 839 5349 γίνεται.

238 5369 346 5439 λγ.
381 5371 505 5426 Τῶν
536 5373 793 5425 ἐναντίων
846 5373 973 5436 τοὺς
1017 5372 1363 5443 πρεσϐευτάς
1407 5376 1648 5445 ὑϐρίζειν
1680 5379 1742 5431 οὑ

165 5463 399 5528 δίκαιον,
434 5462 543 5516 οὐδ’
578 5462 646 5518 ἂν
670 5464 804 5519 πολὺ
838 5465 1159 5538 προέχωμεν
1183 5469 1249 5537 τῇ
1281 5467 1529 5538 δυνάμει.
1559 5469 1748 5532 Φιλίας

171 5555 282 5625 γὰρ
311 5554 501 5625 τρόπῳ
547 5555 967 5625 παραγίνονται,
1034 5560 1130 5613 καὶ
1152 5559 1296 5631 λόγῳ
1355 5561 1611 5631 ἀτρέπτῳ
1644 5561 1749 5614 ὑπὸ

172 5644 274 5706 τάς
331 5645 524 5715 χεῖρας
580 5646 806 5711 ἑαυτοὺς
860 5647 961 5712 τὰς
1017 5650 1116 5714 σάς
1151 5652 1658 5717 καταπιστεύουσιν,
1699 5653 1749 5704 εί

178 5732 273 5784 καὶ
300 5732 453 5803 παρὰ
497 5732 771 5805 πολεμίων
849 5738 1292 5792 ἀποστέλλονται.
1351 5740 1433 5794 Τὰ
1501 5736 1594 5794 οὖν
1627 5741 1749 5795 ὅσια

181 5820 273 5874 tul.
333 5822 550 5895 ἑκάστῳ
599 5828 692 5881 καὶ
736 5828 1012 5901 πρέποντα
1049 5830 1521 5900 παραφυλακτέον.
1565 5831 1621 5884 Εί
1673 5832 1750 5902 μὴ

1842 4645 1952 4701 tur,
1986 4641 2040 4689 et
2067 4635 2255 4689 hostes
2282 4632 2457 4704 magis
2483 4643 2750 4688 vexentur
2770 4634 2917 4686 omni
2952 4634 3155 4697 labore,
3180 4646 3233 4689 et
3264 4637 3411 4705 agtis

1835 4730 1950 4799 jam
1981 4725 2354 4796 depopulatis.

1910 4819 2002 4875 32.
2030 4816 2205 4873 Victis
2235 4815 2349 4886 jam
2402 4816 2658 4872 hostibus
2693 4816 2888 4870 idonea
2921 4816 3018 4872 abs
3071 4828 3121 4872 te
3160 4818 3412 4872 custodia

1842 4913 1909 4967 ad
1941 4919 2065 4965 tuos
2090 4908 2463 4965 defendendos
2484 4910 2802 4964 collocanda
2836 4917 2921 4963 est
2949 4926 2962 4962 :
2988 4909 3241 4963 vitamdai
3266 4910 3411 4963 enim

1843 5003 2037 5060 subita!
2079 5002 2429 5056 incursiones
2463 5002 2699 5056 hostium
2734 5010 2864 5055 sunt
2896 5018 2911 5054 :
2946 5016 3053 5055 non
3077 4998 3224 5054 enim
3262 4999 3414 5067 quic-

1842 5102 2005 5151 scunt
2038 5094 2227 5148 hostes
2258 5091 2374 5144 ullo
2419 5096 2693 5159 tempore,
2731 5088 2826 5143 sed
2864 5089 2989 5142 belli
3031 5087 3413 5149 offensionem,

1843 5188 2190 5242 occasionem
2224 5184 2325 5241 sibi
2351 5184 2418 5238 ad
2452 5198 2540 5239 res
2570 5182 2769 5238 melius
2803 5190 2858 5238 et
2903 5182 3122 5237 cautius
3147 5180 3414 5251 gerendas

1848 5279 2147 5348 accipiunt.

1921 5373 2010 5426 53.
2046 5370 2295 5427 Hostiqu
2318 5370 2504 5442 legali,
2532 5369 2787 5439 quamvis
2819 5367 3195 5438 magnitudine
3228 5368 3414 5434 capia»

1849 5480 1969 5521 rum
2035 5463 2330 5518 admodum
2387 5464 2593 5526 valeas,
2644 5463 2743 5517 abs
2798 5469 2851 5516 te
2901 5462 3126 5515 minime
3179 5460 3416 5512 violandi

1849 5564 1976 5612 sunt
2003 5573 2015 5609 :
2053 5555 2245 5609 sociali
2277 5555 2424 5609 enim
2456 5548 2617 5608 modo
2640 5554 2841 5609 adsunt
2865 5553 2983 5616 tibi,
3014 5561 3068 5605 ct
3105 5565 3419 5618 quanquam

1850 5648 1918 5702 ab
1941 5647 2190 5703 hostibus
2224 5646 2535 5712 mittuntur,
2568 5646 2781 5715 seipsos
2814 5652 2992 5697 tamen
3018 5639 3423 5712 quodammodo

1852 5742 1907 5796 in
1952 5755 2149 5795 manus
2183 5749 2304 5795 luas
2334 5738 2581 5794 tradunt.
2626 5739 2887 5792 Sanctum
2927 5747 2982 5789 et
3015 5734 3228 5805 justum
3272 5730 3421 5801 quod

1851 5837 1956 5896 est,
1980 5844 2109 5900 erga
2146 5845 2339 5885 omnes
2372 5829 2703 5885 servandam
2725 5835 2830 5883 est.
2859 5827 3009 5882 Alias
3045 5826 3188 5879 cnim
3222 5824 3287 5879 de
3319 5835 3417 5877 sua
