4200 6438
177 421 202 482 ι
217 421 333 485 025

1223 433 1556 494 TACTICA.
1583 461 1650 470 --
1688 438 2189 502 CONSTITUTIO
2218 446 2343 505 ΧΧ.

3298 462 3427 523 1026

150 535 410 606 ἀληθινῷ
463 536 770 608 στρατιώτῃ
821 538 852 608 ἡ
901 540 1009 593 τῶν
1060 542 1240 597 ὃπλων
1281 547 1429 597 ἐστὶν
1465 549 1747 616 ἐπιμέλεια

1853 565 2007 617 cura,
2041 564 2093 609 et
2125 559 2466 613 conservatio
2496 577 2507 611 :
2560 562 2766 630 reliqua
2803 569 2983 620 omnia
3026 584 3135 637 prae
3168 571 3270 624 hoc
3309 576 3421 643 ple-

153 627 262 677 καὶ
315 625 712 695 μεταχείρισις,
739 627 808 681 τά
849 628 904 681 δὲ
940 631 1072 684 ἄλλα
1103 636 1197 686 καὶ
1240 637 1351 696 τοῖς
1386 635 1620 703 χυδαίοις
1642 639 1748 690 τῶν

150 715 342 784 ὄχλων
366 717 661 769 ἐπινοεῖται
714 717 993 781 πολλάκις.
1034 725 1144 777 Kal
1183 725 1291 795 γὰρ
1322 727 1416 779 καὶ
1443 731 1552 792 τοῖς
1581 730 1746 784 πάλαι

162 802 471 873 Ῥωμαίοις
503 809 623 859 κατ’
652 808 827 880 ἀρχὰς
857 812 975 865 ἀντὶ
997 816 1193 882 τειχῶν
1222 819 1286 886 τῇ
1332 816 1518 890 Ῥώμη
1548 822 1752 890 φόσσαν

153 898 258 949 καὶ
281 896 353 949 τά
380 898 518 951 ὅπλα
547 903 913 972 χρηματίζειν
967 904 1206 973 λέγεται.
1250 909 1360 961 Kal
1403 912 1749 983 Λακεδαιμο-

151 989 292 1041 νίων
329 991 457 1044 ποτέ
488 993 823 1066 στρατιώτης
877 996 1251 1067 ἐρωτώμενος,
1300 1001 1409 1054 Ποῦ
1434 1003 1482 1054 οί
1514 1003 1613 1071 τῆς
1639 1006 1744 1074 γῆς

153 1079 188 1129 ὑ
197 1080 322 1148 μῶν
355 1081 491 1150 ὅροι,
518 1083 737 1151 λέγεται
758 1086 954 1150 εἰπεῖν,
979 1082 1129 1153 Ὧδε,
1161 1089 1338 1154 δείξας
1362 1090 1422 1143 τὸ
1443 1092 1498 1142 ἐν
1515 1094 1579 1161 τῇ
1603 1094 1746 1164 χειρὶ

153 1171 532 1242 κατεχόμενον
557 1174 711 1246 δόρυ.

236 1262 353 1333 μα’.
382 1267 770 1336 Παρακελεύου
794 1270 975 1324 τοίνυν
1012 1276 1124 1337 τοῖς
1162 1276 1545 1345 στρατιώταις,
1580 1277 1751 1340 οὕτως

153 1347 302 1406 εἶναι
333 1356 883 1426 παρεσκευασμένους
906 1361 992 1413 ἀεὶ
1034 1363 1145 1431 (22)
1171 1362 1246 1425 ώς
1279 1365 1369 1416 καὶ
1393 1365 1450 1417 ἐν
1484 1366 1642 1436 ἑορτῇ
1662 1367 1752 1417 καὶ

154 1446 220 1496 ἐν
247 1446 465 1515 ὄμϐρῳ,
503 1447 596 1498 καὶ
627 1448 684 1501 ἐν
732 1452 908 1514 νυκτὶ,
941 1453 1034 1505 καὶ
1071 1455 1128 1506 ἐν
1168 1454 1373 1525 ἡμέρᾳ,
1413 1457 1508 1508 καὶ
1554 1458 1681 1510 ὅταν
1712 1459 1744 1528 ἡ

152 1536 325 1603 χρεία
353 1537 581 1607 καλέσῃ,
619 1539 832 1608 μέλλειν
862 1544 1025 1595 αὑτὸν
1060 1544 1264 1606 ἐξιέναι
1295 1546 1437 1600 κατὰ
1461 1548 1570 1600 τῶν
1596 1550 1752 1601 πολε-

160 1626 311 1694 μίων
334 1646 347 1658 ·
379 1628 467 1681 διὰ
495 1630 653 1684 τοῦτο
706 1634 814 1703 γάρ
867 1634 960 1686 ἐπὶ
1012 1636 1102 1688 τὸν
1147 1637 1388 1691 τοιοῦτον
1423 1640 1613 1710 καιρὸν
1641 1641 1749 1693 οὐδ’

155 1719 385 1788 ἡμέραν
414 1722 610 1786 αὐτοὺς
636 1724 718 1777 δεῖ
736 1724 1022 1794 προλέγειν
1047 1729 1380 1800 ὡρισμένην,
1408 1731 1495 1784 διὰ
1518 1732 1579 1784 τὸ
1607 1732 1748 1784 ἑτοί-

159 1828 307 1879 μους
335 1814 530 1878 αὐτοὺς
558 1811 697 1868 εἶναι
723 1815 810 1868 διὰ
846 1820 1064 1884 παντός.

1857 639 1975 692 heia
2028 650 2081 695 et
2115 642 2358 714 vulgaria
2389 648 2754 703 existimanda
2797 661 2946 707 sunt.
2976 658 3245 727 Antiquos
3278 639 3425 716 enim

1857 725 2135 790 Romanos
2166 752 2446 792 murorum
2482 741 2598 796 vice
2629 741 2929 808 fossam,et
2949 761 3099 800 arma
3130 767 3426 822 usurpasse

1855 823 2106 892 legimus.
2151 828 2220 883 Et
2268 829 2721 890 Lacedaemonius
2766 837 2922 894 miles
2959 841 3086 894 olim
3125 843 3426 915 interroga-

1855 924 1964 981 tus,
1997 920 2089 972 ubi
2139 921 2364 978 ditionis
2400 940 2513 980 suae
2561 929 2781 983 termini
2819 942 3026 996 essent,
3058 935 3265 992 dixisse
3312 939 3424 994 fer-

1854 1018 1960 1074 tur,
1993 1008 2112 1076 llic,
2157 1011 2368 1068 hastam
2391 1016 2656 1074 vibratam
2683 1037 2847 1076 manu
2875 1025 3195 1082 ostendens.

1923 1275 2013 1330 41.
2054 1278 2448 1335 Adhortaberis
2501 1283 2704 1338 milites
2757 1297 2993 1353 semper,
3027 1297 3087 1340 ut
3134 1291 3210 1344 ita
3253 1293 3427 1360 parati

1854 1367 2000 1431 sint,
2032 1379 2089 1421 ut
2152 1371 2301 1425 omni
2353 1383 2632 1443 tempore,
2683 1391 2909 1442 sereno,
2966 1378 3176 1447 pluvio,
3228 1392 3426 1450 noctu,

1853 1459 2137 1523 interdiu,
2200 1463 2287 1515 ubi
2337 1479 2473 1518 usus
2538 1465 2681 1531 fert,
2744 1469 3036 1524 adversum
3103 1471 3286 1529 hostes
3346 1475 3431 1528 in-

1856 1557 2144 1604 struantur
2194 1570 2205 1603 :
2249 1554 2451 1608 talibus
2506 1558 2652 1609 enim
2714 1562 3058 1627 temporibus
3110 1579 3179 1618 ne
3237 1565 3429 1621 horam

1855 1641 2076 1708 quidem
2108 1642 2345 1712 aliquam
2387 1647 2744 1702 constitutam
2788 1651 3072 1720 assignare
3101 1666 3335 1723 oportet,
3371 1669 3431 1712 ut

1855 1729 1906 1782 in
1945 1741 2197 1802 promptu
2227 1737 2454 1790 omnino
2487 1738 2618 1792 sint.

236 1903 350 1974 μβ’.
378 1906 554 1975 Νίκης
593 1923 674 1959 σοι
705 1909 856 1979 παρὰ
886 1910 1021 1962 Θεοῦ
1055 1914 1111 1964 ἐν
1140 1913 1376 1985 δημοσίᾳ
1416 1915 1562 1985 μάχῃ
1611 1933 1747 1985 παρ-

1923 1907 2013 1961 42.
2057 1907 2298 1964 Victoria
2354 1912 2452 1966 tibi
2480 1913 2562 1981 [in
2614 1916 2836 1984 publico
2866 1919 3055 1989 praelio
3099 1938 3127 1975 a
3170 1920 3280 1976 Deo
3328 1924 3430 1978 ob-

154 1994 454 2062 εχομένης,
482 1995 576 2048 ἐὰν
612 1999 788 2069 συμϐῇ
814 2001 937 2063 τοὺς
976 2002 1304 2066 ἀντιπάλους
1329 2004 1360 2073 ἢ
1405 2007 1462 2058 ἐν
1486 2007 1688 2075 χάρακι
1716 2007 1748 2077 ἢ

152 2086 414 2157 ἐνζέτέρῳ
437 2086 617 2159 ὀχυρῷ
641 2089 791 2161 τόπῳ
812 2095 1173 2161 καταφυγεῖν,
1207 2095 1280 2164 μὴ
1302 2093 1536 2167 ἐνδώσῃς
1572 2099 1753 2162 αὐτοῖς

151 2178 357 2248 καιρὸν
389 2179 647 2244 ἀνέσεως,
724 2181 862 2235 ἀλλὰ
920 2184 1013 2235 τοῦ
1043 2185 1210 2252 φόϐου
1251 2187 1534 2250 νεάζοντος
1568 2189 1752 2251 αὐτοῖς

153 2266 398 2336 ἐπέρχου
417 2269 510 2321 καὶ
533 2269 796 2335 ἐπιτίθου,
825 2272 910 2326 ἵνα
932 2273 1006 2344 μὴ
1030 2276 1094 2344 τῇ
1112 2275 1314 2328 ἐνδόσει
1343 2277 1744 2347 ἀσφαλέστεροι

152 2360 448 2430 γενόμενοι
501 2361 818 2434 θαρρήσωσι
879 2364 978 2435 τὴν
1029 2362 1202 2435 ἧτταν
1248 2365 1430 2420 αὐτῶν
1472 2367 1755 2438 ἀναμαχή-

155 2449 381 2504 σασθαι.

230 2538 345 2608 μγ’.
389 2539 516 2593 Ἐάν
562 2558 707 2605 τινες
770 2541 947 2595 ίκέται
1004 2544 1427 2613 προσφεύγωσιν
1484 2545 1592 2598 duro
1640 2545 1751 2599 τῶν

152 2626 440 2696 πολεμίων
469 2628 607 2699 πρὸς
641 2630 722 2696 σέ,
754 2630 828 2702 μὴ
850 2631 924 2694 ὡς
959 2631 1115 2703 ἔτυχε
1143 2633 1366 2697 τούτους
1405 2635 1708 2705 προσδέχου
1735 2653 1748 2667 ·

151 2718 425 2783 πολλάκις
461 2721 568 2789 γὰρ
625 2723 728 2774 ύπό
777 2723 886 2774 τῶν
917 2723 1127 2793 ἐχθρῶν
1166 2723 1479 2793 πέμπονται
1511 2725 1646 2794 δόλῳ
1674 2726 1750 2788 ὡς

155 2809 339 2861 ἱκέται
366 2811 459 2862 καί
487 2827 648 2864 τινων
668 2812 938 2882 δεόμενοι,
976 2813 1072 2866 καὶ
1103 2813 1277 2876 οὓτως
1305 2817 1414 2878 τοῖς
1438 2815 1752 2883 δεξαμένοις

153 2898 628 2957 ἐπιϐουλεύουσιν.

235 2993 342 3061 μδ’.
385 2994 665 3048 Ύπονοεῖν
721 2996 804 3050 δεῖ
857 2997 952 3052 καὶ
1007 2998 1460 3070 παραφυλάττειν
1494 2997 1752 3065 ἀσφαλῶς

153 3085 288 3145 τοὺς
313 3086 757 3155 προσρυομένους
779 3089 898 3150 ταῖς
946 3087 1434 3158 πολιορκουμέναις
1477 3086 1633 3156 ἡμῶν
1659 3086 1755 3138 πό-

1848 1997 2020 2066 jecta,
2051 2002 2097 2055 si
2125 1999 2270 2056 forte
2303 2001 2514 2068 hostes,
2539 2006 2622 2059 vel
2659 2008 2726 2062 ad
2754 2010 2954 2064 vallum
2975 2013 3058 2066 vel
3090 2012 3157 2066 ad
3193 2016 3431 2084 aliquem

1851 2090 2126 2144 munitum
2180 2091 2360 2146 locum
2428 2093 2790 2164 confugiant,
2859 2099 3072 2154 nullum
3147 2104 3431 2160 relaxandi

1851 2187 2067 2248 tempus
2116 2180 2224 2235 illis
2266 2182 2489 2247 tribue,
2539 2186 2636 2241 sed
2687 2194 2902 2243 terrore
2950 2199 3173 2247 recente
3221 2195 3433 2264 impen-

1852 2269 2015 2324 dente
2061 2270 2185 2327 illos
2241 2271 2538 2339 adoriaris,
2588 2292 2656 2330 ne
2701 2280 3042 2337 relaxatione
3084 2285 3271 2355 aliqua
3319 2287 3431 2341 illis

1852 2375 2139 2428 concessa,
2181 2363 2454 2421 [iuniores
2496 2376 2550 2422 et
2594 2370 2900 2437 paratiores
2949 2374 3083 2429 ﬁant
3129 2379 3196 2432 ad
3260 2377 3434 2434 victo-

1853 2452 1988 2504 riam
2031 2454 2294 2508 amissam
2324 2465 2594 2525 quantum
2631 2472 2868 2529 possunt
2902 2470 3358 2536 recuperandam.

1928 2544 2018 2596 45.
2059 2543 2117 2597 Si
2152 2545 2250 2614 qui
2298 2549 2444 2601 servi
2477 2549 2718 2604 hostium
2777 2553 2844 2606 ab
2893 2555 3002 2611 illis
3049 2558 3115 2612 ad
3153 2566 3205 2612 te
3239 2560 3434 2616 confu-

1849 2635 2059 2703 gerint,
2090 2651 2160 2692 ne
2189 2640 2418 2706 quosvis
2455 2641 2646 2696 statim
2685 2643 2918 2713 recipias
2951 2666 2964 2702 :
3000 2664 3141 2719 saepe
3182 2654 3329 2707 enim
3365 2656 3434 2708 ab

1852 2726 2108 2784 hostibus
2139 2731 2263 2785 dolo
2309 2733 2614 2789 mittuntur
2643 2737 2803 2805 quasi
2830 2742 2974 2795 servi
3009 2750 3063 2796 et
3109 2756 3432 2800 ceterarum

1854 2832 2037 2872 rerum
2067 2831 2314 2890 egentes,
2345 2833 2510 2895 atque
2552 2827 2688 2882 adeo
2733 2828 2866 2894 illis,
2910 2831 3003 2900 qui
3059 2847 3120 2890 se
3156 2837 3435 2906 recipiunt

1857 2908 2216 2965 insidiantur.

1925 3000 2014 3054 M.
2072 3002 2391 3058 Cavendum
2421 3006 2614 3062 sedulo
2668 3008 3186 3083 observandumque
3234 3028 3314 3074 cst
3363 3021 3432 3073 ab

1857 3091 1945 3155 iis,
2001 3092 2095 3159 qui
2152 3093 2221 3148 ab
2271 3095 2523 3151 hostibus
2574 3098 2641 3151 ad
2697 3100 2955 3156 obsessas
3005 3104 3169 3160 urbes
3219 3119 3431 3163 vestras

152 3173 276 3228 λεσι
308 3178 461 3247 παρὰ
487 3178 594 3231 τῶν
647 3179 877 3251 ἐχθρῶν,
912 3180 1001 3233 διὰ
1046 3181 1108 3232 τὸ
1155 3181 1229 3250 μὴ
1268 3181 1398 3250 παρ’
1420 3179 1600 3233 αὐτῶν
1629 3195 1747 3270 τινα

1856 3178 2177 3234 dilabuntur
2209 3195 2224 3235 :
2261 3197 2404 3253 saepe
2452 3186 2596 3239 enim
2628 3186 2942 3256 liujusmodi
2969 3191 3225 3249 civitates
3252 3198 3431 3251 solent

157 3268 368 3338 βλάϐην
399 3270 696 3338 ὑποστῆναι
725 3287 738 3300 ο
769 3271 1031 3334 πολλάκις
1061 3272 1170 3342 γὰρ
1192 3271 1553 3341 ἐμπρησμοὺς
1572 3269 1750 3322 ποιοῦ-

155 3373 268 3420 σιν,
307 3359 400 3410 καὶ
434 3357 542 3410 τῶν
567 3358 770 3412 ἔσωθεν
825 3360 1130 3429 ἀνθρώπων
1186 3363 1313 3430 περὶ
1366 3365 1492 3422 τοὺς
1531 3363 1748 3430 ἐμπρη-

156 3449 337 3515 σμοὺς
366 3448 800 3518 ἀσχολουμένων,
836 3449 1037 3515 ἔξωθεν
1061 3454 1109 3504 οί
1145 3452 1396 3521 πολέμιοι
1427 3451 1745 3519 ἀδεέστερον

153 3537 520 3592 ἐπιτίθενται.

231 3626 338 3695 με’.
380 3628 576 3698 Μάχης
609 3630 979 3700 προκειμένης
1009 3631 1107 3684 ἐὰν
1133 3632 1241 3700 ἄρα
1267 3633 1574 3706 δοκιμάζῃς
1606 3636 1748 3699 ἀξιό-

160 3734 339 3786 μαχος
361 3714 497 3770 εἶναι
524 3719 630 3771 τῶν
661 3720 892 3789 ἐχθρῶν,
913 3714 958 3773 ὦ
992 3723 1287 3789 στρατηγέ,
1331 3723 1390 3774 ἐν
1426 3726 1491 3792 τῇ
1525 3725 1746 3776 ἐκείνων

157 3809 324 3878 χώρᾳ
351 3810 448 3877 τὴν
504 3810 682 3880 μάχην
729 3811 1100 3880 ἐπιτηδεύσεις
1134 3829 1146 3840 ·
1175 3811 1334 3865 τοῦτο
1379 3814 1485 3884 γὰρ
1545 3816 1746 3883 μᾶλλον

153 3899 415 3969 ἁρμόδιον
468 3901 612 3970 ἥπερ
663 3903 721 3952 ἐν
753 3904 817 3972 τῇ
855 3901 959 3972 ἰδίει
981 3917 993 3931 ·
1040 3902 1147 3955 τῶν
1175 3903 1283 3972 γὰρ
1326 3906 1384 3956 ἐν
1414 3908 1480 3973 τῇ
1506 3906 1746 3977 πολεμίᾳ

157 3993 232 4060 γῇ
268 3990 594 4060 μαχομένων
623 3993 714 4043 καὶ
737 3992 805 4044 τὰ
860 3995 1183 4062 φρονήματα
1227 3991 1450 4062 μείζονα
1471 3995 1736 4062 γίνονται,

157 4083 256 4136 καὶ
287 4082 482 4149 ὁάγὼν
506 4084 604 4136 οὐκ
635 4083 750 4135 ἐστι
782 4082 856 4145 ὡς
882 4084 1022 4154 ὺπέρ
1052 4085 1147 4137 τοῦ
1188 4085 1318 4138 ἰδίου
1352 4085 1537 4149 ἔθνους
1578 4088 1742 4159 μόνου

156 4175 450 4244 πρόκειται
485 4175 669 4239 αὐτοῖς
693 4177 721 4228 ὁ
747 4174 840 4228 τοῦ
885 4173 1125 4245 πολέμου
1149 4217 1164 4242 ,
1198 4177 1332 4230 ἀλλὰ
1363 4178 1459 4230 καὶ
1484 4179 1625 4248 ὑπὲρ
1649 4183 1746 4247 τῆς

155 4265 346 4319 αὐτῶν
374 4268 669 4337 σωτηρίας.
703 4268 814 4321 Kal
835 4266 944 4337 γὰρ
977 4268 1204 4333 οἴδασιν,
1235 4268 1310 4331 ὡς
1350 4268 1446 4322 ἐὰν
1479 4270 1552 4339 μὴ
1582 4272 1740 4341 στερσ

159 4357 276 4429 ρῶς
304 4359 795 4421 ἀντικαταστάντες
829 4361 908 4423 είς
967 4361 1145 4431 φυγὴν
1194 4360 1254 4414 ἐν
1298 4364 1364 4430 τῇ
1397 4361 1633 4432 πολεμία
1673 4366 1744 4433 γῇ

155 4449 798 4519 τραπῶσιν,ἀνέλπιστο;
823 4451 1007 4514 αὐτοῖς
1031 4453 1061 4520 ὴ
1081 4452 1326 4521 σωτηρία
1351 4453 1582 4518 γίνεται,
1611 4454 1745 4519 ὅπερ

1856 3271 2154 3326 incendere
2191 3312 2206 3336 ,
2255 3284 2309 3328 et
2360 3275 2578 3331 civibus
2647 3279 2702 3332 in
2759 3281 3146 3350 restinguenda
3215 3286 3432 3341 flamma

1854 3363 2189 3430 occupatis,
2264 3365 2587 3422 obsessores
2657 3369 2935 3425 civitatem
3008 3374 3206 3430 melius
3277 3378 3428 3432 iuva-

1854 3451 2011 3504 dunt.

1921 3647 2014 3699 45.
2054 3648 2200 3703 Bello
2239 3651 2526 3720 proposito
2556 3653 2601 3706 si
2654 3657 2968 3720 speraveris
3001 3667 3054 3712 te
3093 3660 3329 3716 habilem
3363 3665 3430 3717 ad

1852 3739 2255 3808 Oppugnandos
2292 3736 2480 3796 hestes
2504 3757 2648 3804 esse,
2689 3745 2906 3799 illorum
2940 3749 2994 3800 in
3039 3751 3263 3819 regione
3295 3767 3435 3821 pra!-

1851 3830 1983 3884 liutn
2038 3833 2356 3887 committas
2401 3851 2413 3887 :
2467 3834 2572 3888 hoc
2607 3837 2750 3889 enim
2809 3841 2984 3909 magis
3015 3841 3268 3898 idoneum
3306 3847 3432 3909 crit,

1852 3937 2017 3990 quam
2054 3923 2100 3977 si
2143 3924 2197 3977 in
2259 3933 2352 3978 tua
2384 3926 2560 3994 ipsius
2605 3930 2825 3997 regione
2852 3947 3080 4000 pugnes,
3113 3943 3167 3987 et
3221 3937 3435 3992 animos

1854 4022 2076 4069 tuorum
2112 4020 2458 4073 strenuiorcs
2489 4019 2618 4074 facit
2655 4040 2669 4075 :
2706 4029 2759 4076 et
2797 4022 2865 4076 de
2914 4039 3015 4078 sua
3065 4026 3288 4081 natione
3318 4028 3436 4082 bel-

1853 4107 1964 4160 lum
1994 4123 2102 4163 non
2139 4111 2264 4174 erit,
2297 4110 2393 4166 sed
2418 4111 2487 4167 de
2519 4128 2617 4167 sua
2655 4113 2899 4183 ipsorum
2926 4117 3120 4171 salute.
3155 4116 3436 4174 Noverunt

1850 4197 1996 4250 enim
2029 4213 2111 4263 se,
2171 4203 2217 4253 si
2269 4216 2378 4254 non
2443 4211 2671 4256 strenue
2702 4212 2868 4272 atque
2901 4207 3158 4262 alacriter
3185 4209 3240 4262 in
3293 4211 3435 4264 bello

1852 4302 1976 4341 cum
2019 4289 2271 4346 hostibus
2302 4291 2596 4357 dimicent,
2644 4295 2697 4347 in
2730 4294 2910 4363 fugam
2953 4297 3245 4352 vertendos
3288 4315 3432 4365 esse,

1854 4389 1910 4432 ct
1943 4380 2010 4434 de
2058 4381 2235 4436 salute
2279 4398 2378 4436 sua
2427 4384 2631 4438 nullam
2691 4401 2840 4453 Spem
2879 4403 3001 4442 esse
3034 4405 3212 4458 posse.
3248 4392 3315 4445 At
3347 4407 3434 4448 re—

1853 4471 2015 4539 gionc
2047 4471 2100 4524 in
2137 4489 2234 4526 sua
2267 4482 2460 4527 contra
2496 4486 2717 4543 sperant
2753 4496 2765 4530 :
2810 4493 2932 4531 nam
2962 4488 3015 4533 et
3053 4481 3174 4550 fuga
3200 4484 3433 4537 salutem

158 4543 219 4593 ἐν
256 4544 324 4610 τῇ
379 4541 485 4611 ἰδίᾳ
543 4544 615 4613 γῇ
682 4543 1066 4611 πολεμούντων
1120 4543 1300 4596 αὐτῶν
1353 4543 1599 4612 γίνεσθαι
1650 4547 1747 4597 οὐκ

1859 4576 2108 4629 quaerere
2142 4577 2199 4616 se
2219 4578 2382 4631 posse
2417 4574 2665 4632 sperant,
2686 4576 2739 4618 et
2765 4569 2830 4620 ad
2859 4571 3194 4626 munitiones
3225 4575 3431 4637 venire,

158 4631 477 4698 ἀναγκαῖον.
510 4631 621 4684 Kal
649 4632 758 4702 γὰρ
797 4631 890 4684 καὶ
925 4633 1209 4701 φυγόντες,
1253 4631 1564 4696 ἐλπίζουσιν
1598 4634 1751 4686 ἀκιν-

157 4721 336 4783 δύνως
385 4721 646 4790 σωθῆναι,
708 4723 802 4774 καὶ
851 4721 1226 4792 ὀχυρωμάτων
1281 4722 1636 4775 ἐπιλαϐέσθαι
1690 4724 1748 4773 ἐν

158 4808 246 4875 οἷς
278 4812 647 4882 σωθήσονται·
697 4813 791 4864 καὶ
818 4814 906 4865 διὰ
938 4813 1096 4866 τοῦτο
1124 4814 1388 4881 γενναίως
1429 4814 1747 4883 ἀντιστῆναι

159 4906 278 4966 τοῖς
308 4903 586 4973 πολεμίοις
625 4905 674 4956 οί
707 4903 1040 4974 στρατιῶται
1083 4906 1158 4974 μὴ
1186 4905 1632 4974 συγχωρούμενοι
1669 4909 1748 4969 εἰς

161 4995 344 5064 φυγὴν
365 4995 646 5049 ἀκίνδυνον
674 4995 1039 5050 συνωθοῦνται
1078 4996 1273 5049 ἐλθεῖν.

233 5085 353 5157 μς’.
401 5087 510 5140 ’Δεί
535 5105 586 5139 τι
618 5087 1002 5158 πραττέτωσαν
1041 5088 1092 5140 οἱ
1123 5087 1476 5158 στρατιῶται,
1511 5089 1642 5141 ὃταν
1669 5088 1743 5158 μὴ

162 5184 190 5232 ὁ
219 5179 459 5249 πόλεμος
491 5179 705 5250 ἐνοχλῇ,
738 5181 832 5233 καὶ
862 5179 936 5249 μὴ
961 5180 1306 5250 ἀργείτωσαν
1327 5196 1341 5210 ο
1377 5183 1410 5248 ὴ
1448 5180 1557 5250 γὰρ
1579 5181 1746 5250 ἀργία

166 5267 534 5339 στρατιώταις
559 5269 966 5340 συντρεφομένη
1005 5269 1255 5340 ταραχῆς
1285 5271 1520 5342 ὑπάρχει
1545 5287 1743 5341 γεννη-

162 5364 313 5432 τική.

239 5451 346 5523 με’.
375 5455 448 5507 Τὸ
501 5453 827 5524 θεραπεύειν
875 5454 936 5507 τὸ
978 5455 1134 5507 Θεῖον
1194 5454 1280 5508 διὰ
1317 5456 1516 5519 παντὸς
1569 5453 1742 5525 χρεών

1857 4653 2060 4721 quibus
2114 4666 2444 4708 serventur:
2485 4665 2649 4725 atque
2684 4657 2820 4712 adeo
2876 4675 3000 4714 cum
3062 4671 3291 4716 strenue
3337 4665 3433 4718 lio—

1856 4744 2032 4798 stibus
2064 4745 2319 4799 resistere
2349 4761 2456 4799 non
2491 4763 2715 4803 necesse
2745 4749 2967 4812 habent,
3012 4751 3080 4804 ad
3123 4752 3303 4822 fugam
3342 4769 3434 4808 sc-

1858 4849 2042 4888 curam
2073 4850 2131 4890 se
2159 4846 2512 4891 convertunt.

1921 5089 2008 5144 46.
2052 5089 2154 5146 Ubi
2211 5093 2336 5147 belli
2394 5096 2542 5146 nulla
2592 5098 2935 5162 perturbatio
2986 5109 3102 5162 est,
3156 5117 3265 5154 non
3312 5104 3428 5156 otio

1856 5187 2176 5249 torpescant
2222 5184 2444 5246 milites,
2473 5183 2567 5237 scd
2621 5184 2735 5237 haec
2785 5198 2948 5254 agant
2987 5191 3167 5257 potius
3204 5209 3216 5243 :
3252 5191 3424 5244 otium

1855 5272 2000 5326 enim
2028 5273 2294 5329 militibus
2319 5290 2642 5344 magnarum
2671 5277 2998 5334 seditionum
3059 5289 3113 5335 et
3139 5283 3423 5335 turbarum

1857 5376 2026 5414 causa
2055 5371 2158 5414 est.

1929 5451 2018 5503 Π.
2062 5451 2336 5506 Colendus
2369 5457 2598 5510 omnino
2633 5458 2776 5511 Deus
2807 5466 2912 5512 est.
2943 5457 3211 5510 Bellorum
3243 5464 3422 5509 autem

1682 5585 1925 5642 NOTAE.

237 5679 350 5760 (ἐξ)
391 5679 534 5760 Post
577 5680 700 5760 ista,
729 5679 1286 5760 παρεσκευασμένους
1303 5679 1408 5760 ἀεί,
1459 5680 1738 5760 lypotlicta

165 5750 372 5815 ornisit,
395 5750 470 5820 ὡς
519 5753 577 5801 ἐν
606 5753 789 5820 ἑορτῇ,
814 5750 927 5803 καὶ
960 5752 1018 5802 ἐν
1045 5752 1208 5820 δϐρῳ.
1256 5750 1448 5804 Scribe
1479 5765 1628 5811 vero,
1683 5752 1740 5803 ἐν

165 5821 378 5892 ὄμϐρῳ.
407 5819 512 5874 Sed
543 5836 644 5874 nec
664 5819 819 5885 illud,
866 5823 923 5872 ἐν
953 5819 1140 5890 ἑορτῇ,
1170 5821 1326 5877 istius
1360 5820 1464 5876 loci
1490 5821 1737 5875 videtur:

401 5918 674 5979 PATROL.
704 5918 820 5978 Gn.
861 5919 1044 5979 Cl’ll.

1852 5696 1974 5802 περὶ
2001 5683 2163 5784 capri;
2194 5687 2284 5739 καὶ
2312 5684 2538 5754 ὄμϐρος,
2563 5701 2669 5742 uon
2701 5694 2824 5742 sunt
2850 5685 3121 5751 ἀντίθετα»
3153 5695 3209 5740 ιιι
3243 5687 3425 5757 ἡμέρλ

1852 5768 1918 5802 κα
1975 5769 2088 5802 νυ...

1851 5768 1942 5804 και
1975 5768 2088 5817 νυς.

2956 5921 3032 5978 33
