4184 6440
824 385 958 451 1027

2068 388 2338 451 LEONIS
2376 389 2825 457 PIIILOSOPHI

3910 409 4045 476 1028

822 513 876 552 in
915 498 1154 553 exordiis
1204 498 1436 553 tuaxitne
1474 499 1633 553 illum
1683 498 2072 556 veneraberis:
2125 505 2170 558 si
2226 507 2344 558 enin

2476 503 2644 556 ἐστιν.
2670 505 2921 559 Μάλιστα
2968 505 3024 559 δὲ
3066 507 3223 561 τοῦτο
3271 508 3649 579 θεραπεύσεις,
3675 508 3721 568 ῶ
3751 527 4047 591 στρατηγὲ,

818 588 967 641 illum
1016 587 1254 642 colueris
1313 601 1450 657 pure
1492 601 1557 641 sc
1613 586 1888 656 religiose,
1924 590 2091 646 sicuti
2138 591 2220 647 fas
2270 606 2374 660 est,

816 679 870 731 in
900 678 1157 734 omnibus
1216 680 1472 749 periculis
1514 686 1568 735 et
1620 680 2120 749 perturbationibus
2167 686 2376 754 suppli-

809 769 966 823 cabis
999 770 1074 824 illi
1120 772 1275 841 quasi
1316 772 1513 835 amico,
1554 780 1608 827 ct
1640 772 1871 829 salutem
1900 772 1969 828 ab
2016 773 2109 829 illo
2142 789 2371 847 compa-

815 860 984 917 rabis.

882 1036 973 1091 48.
1007 1035 1249 1106 Vigilans
1286 1035 1603 1108 imperator,
1636 1048 1689 1095 et
1716 1041 2018 1097 exercitum
2046 1058 2207 1099 suum
2235 1058 2368 1098 con-

810 1128 1055 1186 tentione
1079 1129 1350 1199 corporis.
1388 1139 1444 1186 ct
1474 1132 1757 1193 laboribus
1779 1144 2107 1203 occupatum
2154 1144 2366 1199 tenens,

799 1217 989 1273 minus
1021 1220 1279 1275 omnibus
1318 1221 1737 1289 periclitabitur.

874 1308 967 1363 49.
1003 1307 1201 1365 Milites
1228 1312 1281 1363 in
1312 1311 1556 1378 przlium
1594 1311 1864 1367 educendi
1898 1329 2001 1369 non
2029 1325 2157 1370 sunt
2189 1317 2367 1385 prius-

803 1414 968 1467 quam
991 1401 1207 1455 illorum
1245 1402 1550 1470 periculum
1580 1402 1799 1470 feceris,
1824 1406 1920 1461 sed
1951 1411 2365 1477 cognoscendus

804 1490 1181 1561 unusquisque
1234 1491 1393 1548 miles
1441 1502 1546 1559 est,
1575 1510 1739 1563 quam
1792 1496 1859 1550 ad
1889 1512 2026 1563 rem,
2068 1506 2121 1556 et
2155 1515 2261 1571 qua
2312 1502 2363 1553 in

801 1580 921 1636 acie
948 1581 1020 1637 sit
1052 1582 1222 1647 utilis,
1259 1582 1446 1654 itaque
1478 1583 1835 1642 instruendus
1872 1594 1979 1643 est.

2477 590 2585 643 τῶν
2612 594 2923 663 πολεμικῶν
2961 598 3218 651 κινδύνων
3278 601 3621 670 ἀπάρχεσθαι
3674 605 3919 674 μέλλων⁸
3948 590 4049 664 θεάν

2475 681 2585 751 γάρ
2603 686 2842 752 γνησίως
2863 687 2983 740 τότε
3006 688 3096 742 τὸν
3120 689 3252 742 Θεὸν
3275 689 3646 763 θεραπεύσῃς,
3672 696 3814 766 τάχα
3845 698 4049 770 θαρρή-

2476 781 2587 834 σεις
2638 772 2697 823 ἐν
2744 774 2857 836 τοῖς
2908 774 3100 840 δεινοῖς
3130 777 3205 840 ὠς
3254 778 3389 849 πρὸς
3431 778 3585 849 φίλον
3629 799 3711 836 σοι
3742 784 3934 839 τοῦτον
3952 789 4049 850 τὰς

2478 860 2685 925 ἱκεσίας
2729 863 3024 931 ποιεῖσθαι,
3064 866 3159 920 καὶ
3208 868 3307 938 τὴν
3358 870 3632 940 σωτηρίαν
3656 874 3794 940 μετά
3831 879 4048 947 παρῤηο

2474 953 2593 1016 σίας
2615 953 2917 1024 ἐπιζητεῖν.

2543 1044 2654 1114 μη¹.
2691 1046 2751 1099 '0
2781 1050 3179 1119 συναγρυπνῶν
3205 1050 3284 1122 τῷ
3324 1052 3695 1123 στρατεύματι
3725 1060 4045 1129 στρατηγὸς,

2469 1137 2565 1190 καὶ
2585 1138 2747 1193 πλέον
2769 1139 2945 1192 πονῶν
2998 1142 3057 1193 ὲν
3103 1141 3181 1210 τῷ
3215 1143 3587 1213 γυμνάζεσθαι
3616 1148 3742 1211 τοὺς
3778 1149 4045 1217 στρατιώ-

2467 1245 2585 1291 τας,
2618 1230 2795 1300 ῆττων
2818 1225 2952 1284 εἶναι
2971 1234 3030 1285 οὐ
3054 1233 3388 1289 κινδυνεύσει
3408 1237 3550 1290 κατά
3572 1236 3664 1291 τὸν
3697 1238 3952 1307 πόλεμον,

2540 1320 2648 1389 μθ’.
2682 1321 3026 1393 Στρατιώτας
3077 1324 3293 1391 ἐξάγειν
3334 1327 3428 1378 ἐπὶ
3467 1330 3647 1399 μάχην
3698 1332 3945 1394 ἐκείνους
3982 1334 4043 1384 ού

2464 1409 2603 1475 δέον,
2628 1404 2702 1464 ῶν
2728 1414 2804 1484 μὴ
2831 1414 3096 1485 πρότερον
3124 1414 3355 1484 εἴληφας
3376 1417 3474 1487 τὴν
3502 1424 3693 1490 πεῖραν
3729 1423 3919 1490 ἱκανὴν
3952 1426 4043 1475 ἐπὶ

2465 1500 2737 1571 ἀνδρείαν,
2774 1506 3181 1575 τυγχάνουσαν·
3239 1505 3375 1559 ἀλλά
3410 1506 3491 1560 δεῖ
3523 1526 3581 1562 σε
3628 1512 3941 1579 γινώσκειν,
3991 1518 4041 1568 εί

2464 1586 2709 1653 δυνατὸν,
2739 1588 2969 1650 ἕκαστον
3000 1593 3106 1646 τῶν
3126 1595 3471 1665 στρατιωτῶν
3498 1597 3558 1650 ἐν
3585 1602 3723 1672 ποίῳ
3756 1605 4041 1675 πράγματι

2464 1680 2558 1727 καὶ
2592 1676 2649 1727 ὲν
2676 1679 2814 1747 ποίῳ
2843 1678 3087 1749 τάγματί
3115 1682 3268 1737 δστιν
3302 1682 3581 1754 ἁρμόδιος,
3616 1690 3709 1742 καὶ
3746 1692 3922 1757 οὕτως
3945 1696 4041 1748 αὖ·

2463 1765 2589 1827 τοὺς
2612 1766 2963 1843 διατάττειν.-

871 1842 958 1897 50.
986 1841 1111 1896 llaec
1147 1842 1262 1899 sola
1284 1840 1553 1898 adversus
1575 1844 1761 1901 hostes
1786 1844 2211 1903 deliberabimus
2241 1865 2344 1922 qua

2533 1860 2595 1906 ν’.
2623 1855 2808 1909 Ταῦτα
2835 1840 2972 1925 μόνα
2992 1860 3175 1923 καλῶς
3205 1862 3607 1936 βουλευσόμεθα
3631 1870 3775 1922 κατά
3797 1873 3909 1926 τῶν
3939 1890 4038 1928 πο-

798 1935 1074 2006 incognita
1100 1934 1209 1989 illis
1228 1944 1378 1998 sunt,
1402 1942 1697 2004 antequam
1730 1951 1761 1991 a
1789 1938 1945 1993 nobis
1971 1948 2233 2009 gerantur
2263 1956 2278 1995 :
2310 1942 2359 1995 si

796 2026 943 2077 «nim
995 2023 1232 2093 aliquam
1308 2023 1501 2078 barum
1540 2038 1723 2079 rerum
1784 2026 2064 2080 notitiam‘
2102 2028 2357 2096 habeant,

796 2114 958 2169 facile
1011 2112 1277 2169 adversus
1319 2120 1554 2168 conatus
1600 2122 1830 2172 nostros
1875 2115 2085 2187 aliquid
2126 2120 2358 2175 molien-

796 2217 906 2260 Illl‘.

844 2296 954 2351 .51.
1010 2297 1180 2363 Dolis,
1207 2297 1636 2365 incursionibus,
1676 2299 1838 2367 fame,
1889 2302 2075 2358 hostes
2126 2302 2356 2358 laedendi

792 2387 1136 2457 vertendique
1178 2398 1333 2454 sunt,
1381 2398 1435 2444 et
1484 2391 1856 2449 crebrioribus
1907 2394 2355 2464 aggressionibus

793 2481 1197 2549 insultibusque
1260 2481 1543 2536 adoriendi
1600 2501 1613 2537 :
1687 2499 1864 2554 neque
1928 2484 1995 2538 ad
2061 2500 2356 2543 commune

789 2572 1178 2642 publicumque
1222 2572 1473 2642 praelium
1521 2576 1783 2628 evocandi
1818 2615 1837 2642 ,
1882 2576 1974 2632 ubi
2011 2578 2193 2632 valere
2244 2578 2354 2631 for-

790 2669 937 2715 tunae
979 2660 1308 2716 instabiiitas
1340 2663 1505 2727 solet,
1538 2665 1717 2732 potius
1758 2680 1927 2733 quam
1976 2667 2081 2723 ulla
2128 2667 2351 2724 virtutis

782 2750 1123 2805 constantia.

858 2840 949 2894 52.
991 2838 1192 2896 Milites
1256 2840 1539 2900 laboribus
1571 2844 1869 2901 assuefacti
1915 2847 2254 2905 strenuiorcs
2290 2848 2349 2904 in

783 2930 907 2986 dies
948 2931 1117 2995 iiutrt,
1165 2931 1331 2986 otiosi
1372 2942 1558 2991 autem
1604 2937 1778 3005 magis
1830 2951 1894 2991 ac
1936 2938 2109 3007 magis
2153 2938 2351 2995 debili-

788 3028 993 3074 tantur.
1027 3019 1697 3093 Efﬁciendum-ignorem
1758 3034 1811 3079 ut
1870 3027 2153 3083 laboribus
2195 3045 2351 3084 exer—

784 3110 941 3164 citati
979 3109 1139 3174 -siut,
1176 3112 1639 3181 quemadmodum
1673 3114 1794 3168 .‘tibi
1828 3115 1965 3170 alias
2009 3116 2349 3186 praescripsi-

784 3216 932 3256 mus.

856 3293 945 3346 5'5.
979 3293 1058 3346 Ad
1092 3307 1285 3348 omnes
1315 3293 1438 3349 vitae
1468 3302 1673 3364 partes,
1711 3305 2070 3367 pra-terquem
2099 3298 2153 3350 in
2181 3296 2349 3359 bello,

784 3382 1103 3439 incallidum
1162 3394 1212 3440 te
1262 3401 1386 3442 esse
1426 3389 1793 3458 praecipimus.
1827 3388 1902 3443 lbt
1949 3399 2163 3453 autem.
2200 3398 2256 3446 et
2295 3391 2350 3445 in

778 3474 857 3528 iis
887 3480 941 3530 te
972 3476 1342 3544 imperatoriis
1372 3480 1620 3535 consuliis
1650 3479 1811 3537 dolus
1840 3482 2086 3552 adjuvat,
2124 3481 2217 3538 ubi
2252 3481 2350 3536 ho-

782 3558 901 3623 stos
933 3579 999 3622 eo
1022 3567 1352 3637 decepturus
1375 3583 1453 3626 es.

851 3761 945 3816 54.
998 3760 1317 3833 Cognosce,
1368 3771 1424 3819 et
1479 3763 1726 3836 expende
1771 3773 1895 3819 tuas
1927 3765 2125 3829 vvit-es,
2186 3774 2351 3835 atque

772 3851 1022 3906 hostium
1079 3852 1424 3922 diligenter:
1474 3854 1579 3907 hoc
1638 3855 1686 3909 si
1740 3852 1966 3919 feceris,
2024 3854 2349 3925 imperator,

781 3950 838 3997 et
883 3942 1097 4012 singula
1160 3943 1454 4013 diligenter
1499 3943 1842 4014 ﬁdeliterque
1884 3945 2346 4014 perlustraveris,

781 4047 925 4103 agre
966 4034 1022 4087 in
1056 4032 1263 4089 bellicis
1312 4033 1473 4091 rebus
1511 4035 1885 4105 superaberis,
1932 4044 2027 4090 aut
2072 4051 2345 4108 etpugna-

781 4124 951 4178 beris.

851 4213 940 4267 55.
996 4212 1336 4271 Fortitudine
1383 4229 1448 4270 ac
1504 4215 1867 4274 instructions
1916 4216 2138 4273 militari
2189 4217 2348 4287 longe

780 4304 1016 4374 majores
1045 4320 1134 4361 res
1178 4306 1233 4360 in
1288 4306 1430 4363 bello
1477 4313 1763 4377 geruntur,
1794 4321 1961 4378 quam
1996 4308 2348 4365 multitudine

778 4388 1022 4449 militum
1039 4395 1355 4466 ignavorum
1386 4395 1631 4452 confusa.

969 4573 1243 4630 Locorum
1291 4575 1432 4630 situs
1485 4589 1628 4644 saepe
1670 4582 1978 4645 pugnantes
2002 4576 2351 4633 vehementer

772 4666 989 4735 juvant,
1043 4674 1099 4721 et
1139 4665 1599 4721 imbecillioribus
1660 4666 2346 4737 victoriamvpromovcnt.

777 4758 965 4826 itaque
1010 4757 1078 4811 iis
1131 4755 1187 4809 in
1238 4756 1371 4810 locis
1406 4765 1459 4810 te
1495 4755 1563 4809 ad
1596 4756 1945 4825 pugnandum
1986 4759 2347 4827 prepares-in

775 4849 975 4918 quibus
1004 4848 1323 4917 cognoveris
1353 4847 1649 4901 exercitum
1674 4859 1829 4901 tuum
1863 4847 2113 4903 meliores
2140 4859 2344 4919 partes,

774 4939 1015 4995 hostium
1042 4947 1229 4992 autem
1265 4936 1568 4991 deteriores
1599 4937 1936 4991 habiturum.

841 5120 935 5175 57.
964 5120 1310 5189 imperatoris
1339 5119 1559 5176 solertia
1576 5131 1873 5189 generosos
1894 5117 2095 5173 milites
2124 5117 2301 5173 reddit
2327 5135 2339 5172 :

772 5221 967 5266 natura
1015 5210 1160 5265 enim
1208 5224 1412 5280 paucos
1440 5209 1609 5265 fortes
1651 5216 1836 5277 creat;
1871 5223 2004 5264 cura
2051 5216 2257 5273 autem,
2288 5215 2343 5263 et

767 5303 1065 5366 industria,
1099 5303 1146 5358 si
1187 5303 1535 5373 imperatoria
1565 5300 1790 5358 solertia
1821 5300 2174 5370 adiungatur,
2198 5300 2339 5353 mni-

771 5408 858 5454 tos
888 5404 1143 5455 strenuos
1170 5395 1322 5451 facit.

837 5577 927 5634 58.
961 5577 1169 5633 Bonum
1198 5576 1327 5629 milii
1359 5568 1568 5629 videtur
1595 5589 1717 5631 esse
1739 5574 1945 5644 justam
1982 5573 2182 5629 habere
2207 5586 2337 5628 eau-

768 5686 885 5728 sam
911 5669 1178 5733 bellandi;
1214 5681 1339 5723 nam
1374 5668 1466 5738 qni
1508 5667 1763 5736 iniuriam
1796 5667 1998 5721 illatam
2030 5664 2333 5735 propulsat,

765 5766 865 5820 hic.
874 5764 1058 5833 justus
1088 5770 1192 5827 est,
1226 5769 1280 5817 et
1310 5760 1547 5815 divinam
1584 5759 1857 5830 justitiam
1884 5756 2205 5829 adiutricem
2239 5756 2334 5810 ha-

2459 1941 2684 2012 λεμίων,
2714 1947 2815 2001 ὃσα
2841 1950 2973 2020 πρὶν
3001 1951 3033 2022 ἢ
3073 1954 3353 2023 πράξομεν
3382 1958 3654 2028 ἠγνόησαν
3684 1963 3883 2015 ἐκεῖνοι
3905 1980 3919 1993 ·
3944 1967 4039 2019 ἐὰν

2456 2033 2513 2086 δὲ
2536 2033 2742 2091 τούτων
2780 2039 2880 2108 τὴν
2939 2042 3143 2107 γνῶσιν
3192 2045 3452 2113 λάϐωσιν,
3498 2051 3707 2121 ταχέως
3757 2056 3901 2109 κατά
3932 2056 4041 2110 τῶν

2458 2125 2839 2198 βουλευμάτων
2867 2133 3024 2203 ἡμῶν
3060 2136 3496 2205 μεθοδεύσουσιν.

2522 2303 2622 2361 va'.
2648 2307 2717 2361 Ἦ
2748 2308 2919 2374 δόλοις
2944 2310 2976 2381 ἢ
3007 2311 3347 2384 ἐπιδρομαῖς,
3375 2316 3408 2385 ἢ
3429 2314 3573 2387 λιμῷ
3596 2319 3721 2381 τοὺς
3743 2320 4036 2391 πολεμίους

2457 2395 2717 2467 βλάπτειν
2755 2402 2920 2455 καλόν
2981 2406 3155 2471 ἐστιν,
3197 2408 3291 2461 καὶ
3328 2408 3517 2462 λυπεῖν
3543 2411 3739 2476 αὐτοὺς
3768 2414 3911 2467 κατά
3939 2432 4037 2484 μα-

2454 2490 2587 2559 κρὸν
2619 2488 2705 2544 διὰ
2740 2496 3077 2564 συχνοτέρων
3108 2498 3426 2568 ἐπαγωγῶν
3470 2502 3564 2553 καὶ
3602 2503 4035 2573 ἐπιτηδεύσεων·

2453 2579 2575 2648 οὐχὶ
2606 2581 2663 2633 δὲ
2686 2582 2907 2648 πάντως
2954 2587 3047 2640 ἐπὶ
3079 2586 3341 2656 δημόσιον
3388 2592 3737 2658 ιγκαλεῖσθαι
3773 2595 4035 2665 πόλεμον,

2451 2674 2581 2727 ἔνθα
2598 2677 2854 2742 πολλάκις
2882 2680 2943 2734 τὸ
2956 2681 3118 2735 πλέον
3140 2682 3360 2753 ὁρῶμεν
3379 2685 3480 2751 τῆς
3500 2684 3669 2757 τύχης
3687 2688 4032 2758 προτέρημα,

2452 2764 2487 2835 ἦ
2512 2767 2610 2836 τῆς
2637 2768 3087 2842 ὶπιδεικνυμὲνης
3119 2772 3390 2843 ἀνδρείας.
3884 2772 3885 2775 “

2522 2854 2620 2926 νβ’.
2648 2858 2995 2928 Στρατιῶται
3033 2862 3169 2932 πρὸς
3205 2864 3400 2927 πόνους
3445 2867 3854 2936 γυμναζόμενοι
3901 2886 4035 2939 προσ

2448 2948 2741 3003 κόπτουσιν
2802 2951 2884 3013 είς
2943 2951 3212 3022 ἀνδρείαν.
3253 2954 3576 3024 ’Δργοῦντες
3622 2956 3679 3009 δὲ
3717 2957 3918 3028 νωθροὶ
3945 2960 4041 3013 καὶ

2449 3034 2701 3098 ἀσθενεῖς
2736 3038 2939 3107 μᾶλλον
2979 3040 3242 3107 γίνονται.
3272 3042 3367 3095 Διδ
3392 3046 3701 3112 φροντίσεις
3744 3047 3820 3117 μὴ
3846 3050 4038 3117 ἀργεῖν

2450 3126 2671 3190 αὐτοὺς,
2696 3127 2835 3181 ἀλλά
2864 3130 3000 3199 πρὸς
3028 3130 3129 3194 τάς
3147 3132 3454 3202 γυμνασίας
3486 3138 3699 3200 πονεῖν,
3739 3137 3927 3202 καθώς
3956 3157 4037 3193 σοι

2451 3215 2546 3266 καὶ
2566 3216 2623 3269 ιν
2644 3216 2851 3285 ἑτέροις
2867 3218 3249 3290 διεταξάμεθα.

2527 3302 2624 3372 νγ’.
2666 3305 2885 3359 Ἀδολον
2926 3307 3026 3375 μὲν
3068 3309 3126 3362 ιν
3162 3311 3275 3370 τοῖς
3319 3310 3502 3375 ἄλλοις
3529 3311 3701 3366 ἀπασι
3739 3314 3936 3387 διαζῇν
3976 3334 4034 3370 σε

2453 3395 2959 3464 παρακελευόμεθα,
2992 3400 3049 3451 ὲν
3084 3399 3139 3452 δὲ
3171 3404 3283 3465 τοῖς
3356 3402 3497 3456 κατά
3543 3405 3779 3475 πόλεμον
3843 3425 4040 3480 στρατ-

2453 3486 2708 3555 ηγήμασι
2744 3488 2926 3557 μόνοις
2967 3491 3062 3544 καὶ
3111 3491 3261 3555 δόλος
3283 3493 3553 3564 ὠφελήσει
3583 3497 3865 3563 πολλάκις,
3909 3502 4036 3555 ὅταν

2448 3575 2575 3638 τοὺς
2620 3576 2848 3648 ἐχθροὺς
2899 3580 2995 3635 καὶ
3043 3582 3337 3653 πολεμίους
3390 3584 3667 3658 ἐξαπατᾷν
3711 3589 3919 3663 μέλλῃς
3967 3590 4036 3644 δι’

2449 3667 2638 3724 αὐτοῦ.

2519 3758 2613 3814 νδ’.
2646 3761 2884 3816 Γίνωσκε
2914 3764 3006 3818 καὶ
3026 3764 3283 3837 σύγκρινε
3334 3769 3434 3833 τάς
3483 3787 3541 3824 τε
3589 3771 3691 3834 σάς
3741 3772 4030 3843 δυνάμεις,

2451 3849 2659 3913 καὶτὰς
2684 3851 2795 3904 τῶν
2813 3851 3107 3925 πολεμίων,
3136 3858 3282 3920 ὃπως
3303 3859 3508 3928 ἔχουσι.
3527 3861 3699 3914 Τοῦτο
3724 3862 3837 3934 γάρ
3864 3866 4033 3917 ποιῶν

2448 3943 2773 4011 στρατηγδς,
2808 3947 2906 3997 καὶ
2950 3947 3256 4016 ἀνακρίνων
3308 3952 3449 4005 κατά
3504 3953 3669 4022 μέρος
3711 3953 3814 4016 τάς
3838 3970 3903 4007 τε
3924 3957 4031 4008 τῶν

2444 4030 2663 4084 οἰκείων
2686 4033 2781 4086 καὶ
2805 4034 2902 4098 τάς
2946 4035 3056 4088 τῶν
3090 4038 3363 4107 πολεμίων
3409 4041 3629 4111 ἀρετάς,
3658 4041 3937 4109 δυσκόλως
3976 4047 4032 4096 ἐν

2446 4122 2559 4183 τοῖς
2602 4122 2743 4175 κατά
2764 4122 3003 4193 πόλεμον
3031 4124 3212 4195 ἔργοις
3246 4128 3596 4198 σφαλὴσεται.

2517 4219 2606 4267 νε’.
2678 4214 2817 4268 Ἶσθι
2872 4215 3148 4286 ἀκριϐῶς,
3205 4211 3250 4270 ὢ
3304 4219 3616 4289 στρατηγὲ,
3675 4220 3760 4274 ὅτι
3807 4222 4034 4293 ἀνδρεία

2449 4304 2649 4375 μᾶλλον
2698 4306 2791 4358 καὶ
2838 4305 2991 4370 τάξις
3037 4307 3381 4378 στρατηγικὴ
3432 4309 3640 4363 οἴδασιν
3694 4311 3753 4364 ὲν
3804 4314 4032 4386 πολέμῳ

2448 4395 2780 4463 εὐεργετεῖν,
2812 4395 2848 4464 ἢ
2876 4394 3082 4467 πλῆθος
3111 4397 3220 4452 τῶν
3244 4398 3575 4470 μαχομένων
3631 4399 3902 4472 ἄνανδρον
3932 4410 4032 4459 καὶ

2378 4508 2423 4563 ι)
2451 4482 2699 4537 ἄτακτον.

2522 4582 2631 4639 νς’.
2654 4577 2719 4629 Al
2749 4576 2857 4629 τῶν
2882 4575 3071 4629 τόπων
3129 4575 3305 4639 θέσεις
3354 4576 3617 4642 πολλάκις
3662 4580 3879 4649 μεγάλα
3903 4582 4032 4645 τοὺς

2454 4666 2797 4736 μαχομένους
2844 4665 3172 4736 ὠφέλησαν·
3229 4666 3321 4719 καὶ
3367 4667 3475 4736 γὰρ
3530 4667 3701 4721 ἐνίοτε
3756 4670 3857 4723 καὶ
3902 4673 4031 4734 τοὺς

2449 4756 2865 4827 ἀσθενεστέρους
2910 4757 3204 4821 καλλίονας
3257 4758 3486 4825 ἔδειξαν,
3520 4759 3600 4813 διὸ
3630 4762 3736 4831 χρή
3768 4778 3830 4815 σε
3870 4764 4031 4832 μάλι-

2450 4866 2549 4902 στα
2591 4848 2862 4913 ¹τοιούτοις
2909 4850 3095 4912 τόποις
3153 4849 3491 4919 ἁρμόζεσθαι
3551 4851 3690 4920 πρὸς
3722 4855 3933 4923 μάχην,
3965 4856 4023 4907 ἂν

2446 4934 2526 5002 οἷς
2547 4937 2613 4990 ἂν
2638 4939 2912 5010 γινώσκῃς
2973 4939 3064 4992 τὸν
3106 4938 3205 5009 μὲν
3254 4939 3345 4992 σὺν
3395 4940 3625 5009 στρατὸν
3650 4943 4020 5014 προτερῆσαι,

2444 5027 2535 5079 τὸν
2560 5028 2617 5081 δὲ
2645 5027 2752 5080 τῶν
2775 5026 3045 5097 πολεμίων
3060 5026 3447 5095 ἐλαττωθῆναι.

2515 5114 2614 5178 νζ’.
2650 5115 2932 5187 Σρατηγοῦ
2981 5117 3234 5186 ἀγχίνοια
3265 5115 3549 5183 γενναίους
3569 5115 3696 5177 τοὺς
3752 5118 4025 5186 στρατιά»

2442 5224 2544 5273 τας
2596 5210 2760 5263 ποιεῖ.
2828 5209 2890 5261 Ἦ
2954 5209 3056 5278 μὲν
3106 5208 3216 5279 γὰρ
3272 5206 3435 5277 φύσις
3483 5208 3697 5275 ὀλίγους
3742 5209 4029 5279 ἀνδρείους

2442 5299 2735 5369 ἀπογεννᾷ,
2769 5298 2878 5370 ἠδὲ
2909 5298 3190 5368 ἐπιμέλεια
3226 5299 3319 5351 καὶ
3344 5297 3621 5368 γυμνασία
3648 5298 3789 5367 μετά
3823 5315 4028 5369 στρατ-

2431 5391 2577 5459 ηγοῦ
2609 5391 2921 5462 φρονήσεως
2972 5388 3233 5459 γινομένη
3280 5388 3509 5451 πολλοὺς
3537 5387 3847 5460 χρησίμους
3886 5393 4026 5445 ἀπο·

2440 5481 2844 5644 δ.ἓῗε;ὲαλόν
2890 5590 2980 5643 μοι
3025 5572 3172 5626 δοκεῖ
3224 5570 3440 5626 δικαίαν
3493 5564 3634 5622 εἶναι
3689 5567 3793 5637 τὴν
3846 5569 4025 5640 ἀρχὴν

2438 5664 2532 5719 τοῦ
2598 5664 2857 5735 πολέμου.
2898 5665 2955 5720 Ὀ
3010 5665 3120 5738 γάρ
3168 5667 3280 5730 τοῖς
3328 5664 3651 5734 ἀδικήσασιν
3710 5662 4023 5729 ἀνταμυνὸα

2443 5774 2601 5827 μενος
2650 5750 2803 5819 οὗτος
2850 5756 3055 5820 δίκαιός
3107 5758 3256 5811 ἐστιν
3308 5756 3405 5809 καὶ
3448 5755 3547 5827 τὴν
3605 5750 3757 5803 θείαν
3791 5748 3906 5819 ἔχει
3946 5750 4020 5804 δι·
