4184 6440
146 403 273 465 1029

1201 411 1532 470 TACTICA.
1571 435 1637 447 —-
1675 410 2174 472 CONSTITUTIO
2215 413 2339 471 XX.

3263 409 3392 469 1030

146 511 431 582 καιοσύνην
493 513 687 584 βοηθόν
742 531 800 567 τε
829 516 944 583 ζκαί
1027 518 1316 590 σύμμαχον
1409 525 1552 578 κατά
1614 523 1722 577 τῶν

1839 527 1939 590 bet,
1980 527 2107 579 dum
2151 524 2379 590 iniurius
2428 521 2676 576 homines
2729 521 2959 590 repellit.
2993 521 3092 585 Qui
3126 499 3253 576 vero
3280 522 3392 588 pri-

143 603 335 656 ἀδίγων
397 606 918 677 ὲκετρατευόμενος.
965 606 1022 660 ’0
1077 610 1134 662 δὲ
1173 613 1389 680 πρῶτος
1412 615 1717 687 ,κατάρξας

1826 634 1945 673 mus
1985 617 2244 682 iujuriam
2277 616 2542 678 intulerit,
2578 614 2759 668 divina
2790 613 3048 676 vindicta,
3090 628 3153 669 ac
3180 615 3394 682 justitia

143 693 352 758 ἀδικίας
373 696 506 766 παρ’
553 698 727 770 αὐτῆς
747 700 847 770 τῆς
893 700 1044 766 θείας
1089 702 1244 774 δίκης
1273 704 1584 779 ἀφαιρεῖται
1619 707 1716 780 τὴν

1839 724 1854 762 ι
1887 707 2114 763 victoria
2145 705 2271 761 belli
2309 707 2482 760 abest.

145 782 314 850 νίκην.

213 873 308 929 νθ’.
346 874 628 946 ’Δσφαλῶς
663 879 827 934 δίωκε
883 884 1013 948 τοὺς
1041 884 1338 956 πολεμίους
1367 889 1508 958 μετά
1538 890 1714 958 νίκην,

145 959 501 1047 ὧστρατηγέ,
553 973 643 1024 καὶ
674 972 749 1044 μὴ
795 975 1209 1048 διεσπαρμένως
1256 980 1512 1051 ὲπέρχου,
1557 982 1718 1052 μάλι-

147 1076 242 1110 στα
295 1063 743 1132 συντεταγμένοις
795 1068 1048 1133 ἐκείνοις.
1090 1071 1147 1123 '0
1180 1071 1288 1142 γὰρ
1315 1071 1473 1126 τοῦτο
1515 1075 1712 1140 ποιῶν,

148 1149 242 1218 τὴν
302 1151 497 1205 ἑαυτοῦ
545 1153 702 1225 νίκην
756 1158 869 1220 τοῖς
927 1160 1208 1230 πολεμίοις
1265 1163 1578 1233 προδίδωσι.
1609 1147 1721 1218 Ra!

147 1241 252 1308 γὰρ
279 1243 734 1314 ἀναστρέψαντες
769 1249 908 1316 μετὰ
943 1253 1248 1318 συντάξεως
1267 1256 1316 1308 οἰ
1345 1257 1526 1328 ἰχθροί
1571 1257 1718 1311 κατά

150 1331 240 1383 σοῦ
296 1333 648 1400 ἀσυντάκτως
689 1338 784 1392 καὶ
835 1340 1252 1413 διεσπαρμένως
1281 1345 1591 1412 διώκοντος,
1623 1349 1721 1418 ρᾳ-

146 1424 271 1487 δίως
326 1444 419 1480 σου
471 1430 887 1499 περιγένωνται,
946 1437 1041 1487 καὶ
1070 1437 1206 1506 πρὸς
1234 1438 1295 1491 τὸ
1315 1439 1555 1492 ἐναντίον
1577 1441 1724 1494 ἀντι-

145 1515 437 1572 πνεύσουσι
451 1520 555 1588 τὴν
593 1523 714 1577 κατ’
743 1525 922 1578 αὐτῶν
952 1528 1156 1599 μάχην.

217 1607 281 1674 ξ’.
356 1610 617 1681 ’ἰσχύσεις
676 1616 903 1685 μᾶλλον,
961 1614 1008 1673 ὧ
1065 1624 1359 1692 στρατηγὲ,
1410 1628 1552 1681 κατά
1619 1629 1727 1683 τῶν

147 1701 257 1754 σῶν
313 1703 609 1774 πολεμίων,
653 1708 781 1764 ὅταν
810 1713 1024 1782 ἀφορᾷς
1051 1714 1164 1783 (9.5)
1200 1717 1335 1786 πρδς
1371 1719 1469 1790 τὴν
1506 1721 1726 1793 ποιότη-

147 1809 216 1846 τα
267 1795 374 1847 τῶν
421 1799 631 1867 καιρῶν
669 1800 764 1854 καὶ
799 1803 910 1854 τῶν
981 1803 1161 1860 τόπων
1207 1809 1301 1861 καὶ
1338 1809 1450 1862 τῶν
1496 1812 1727 1883 ἀντιμα-

1896 883 1984 940 59.
2029 884 2440 952 Circumspecte
2497 892 2619 952 post
2668 880 2956 936 victoriam
3010 881 3196 933 hostes
3247 878 3388 930 inse»

1825 973 2035 1042 quaris,
2084 988 2261 1042 neque
2311 973 2592 1042 dissipatis
2641 973 2813 1041 ecpiis
2854 970 2961 1025 tuis
3016 969 3140 1024 illos
3178 969 3232 1021 in
3284 970 3401 1021 acie.

1828 1065 2102 1118 instructa
2137 1062 2409 1132 fugientes
2459 1064 2806 1132 persequaris
2843 1080 2856 1116 :
2886 1062 2978 1131 qui
3018 1061 3162 1115 enim
3189 1059 3293 1112 hoc
3317 1059 3400 1112 fa-

1828 1155 1925 1218 cit,
1960 1156 2250 1210 victoriam
2288 1170 2444 1209 suam
2491 1155 2743 1210 hostibus
2791 1152 2970 1223 prodit
3004 1172 3020 1210 :
3051 1166 3181 1208 nam
3212 1151 3401 1206 hostes

1829 1249 1945 1302 acie
1973 1250 2244 1303 instructa
2275 1250 2529 1302 conversi
2559 1249 2612 1302 in
2645 1254 2773 1301 tuos
2812 1244 3064 1309 confuse,
3089 1253 3146 1299 et
3173 1243 3404 1312 disjecte

1828 1343 2180 1409 insequentes
2211 1339 2370 1393 facile
2393 1349 2445 1394 te
2463 1338 2821 1409 superabunt,
2839 1345 2894 1392 et
2925 1344 3198 1392 momenta
3227 1335 3404 1389 victo-

1833 1433 1924 1486 ria:
1954 1431 2021 1484 ad
2047 1445 2105 1485 se
2139 1427 2490 1485 transferent.

1901 1613 1993 1667 60.
2023 1610 2221 1667 Hostes
2256 1610 2490 1665 maxime
2529 1609 2869 1681 expugnabis
2915 1609 3132 1678 quando
3161 1606 3218 1660 in
3249 1605 3403 1658 loco-

1837 1717 1958 1758 rum
2008 1709 2427 1772 temporumque
2459 1699 2915 1770 opportunitates,
2947 1707 3002 1753 et
3037 1696 3273 1751 hostium
3305 1709 3406 1762 pu-

1837 1792 2119 1862 gnantium
2152 1791 2297 1845 vires
2349 1791 2605 1852 intueris.
2647 1799 2810 1860 atque
2867 1789 2933 1842 ad
2983 1801 3201 1841 omnem
3248 1795 3405 1837 usum

148 1885 391 1953 χομένων
443 1888 672 1958 ἐχθρῶν.
727 1891 838 1945 Καὶ
894 1892 1071 1959 οὕτως
1127 1898 1265 1968 πρὸς
1332 1899 1430 1971 τὴν
1489 1879 1726 1958 ἑκάστου

1839 1884 2089 1940 bellicum
2127 1883 2358 1940 consilia
2384 1893 2724 1952 conatusque
2753 1889 2878 1937 tuos
2898 1879 3170 1936 conferas.

152 1976 338 2044 χρείαν
386 1981 508 2043 ταῖς
563 1983 796 2048 οἰκείαις
855 1985 1071 2057 τέχναις
1124 1989 1220 2043 καὶ
1255 1989 1501 2060 μεθόδοις
1531 1994 1731 2064 συγκέ-

147 2084 371 2138 χρησαι.

221 2160 322 2224 ξα’.
354 2160 492 2215 Οὔτε
551 2166 807 2235 συνάγειν
865 2167 1003 2239 ὁμοῦ
1035 2169 1232 2240 βουλῆς
1274 2171 1438 2226 ῑνεκα
1471 2174 1534 2228 τὸ
1556 2175 1727 2244 στρά-

149 2267 325 2321 τενμα
352 2254 560 2324 πρέπον
591 2258 901 2324 ἑστὶν,οῦτε
925 2261 1165 2331 συνεχῶς
1183 2264 1370 2317 καλεῖν
1398 2265 1492 2318 τδν
1525 2283 1729 2336 στρατ-

151 2342 284 2410 ηγδν
309 2344 446 2415 πρὸς
494 2346 687 2401 ἑαυτὸν
740 2349 1046 2420 ἀργοῦντας
1076 2353 1173 2406 καὶ
1203 2353 1342 2424 πρὸς
1375 2354 1544 2424 μηδὲν
1565 2356 1731 2426 άσχο-

153 2432 443 2505 λουμένους
487 2437 673 2511 ἕτερον
695 2456 709 2470 ο
741 2428 913 2496 ταῦτα
943 2442 1054 2514 γὰρ
1096 2444 1328 2516 ἀκαίρου
1377 2448 1605 2518 μελέτης
1638 2449 1736 2502 καὶ

156 2529 399 2589 στάσεως
426 2529 575 2583 αἴτια
601 2532 713 2596 τοῖς
751 2534 1123 2606 στρατεύμασι
1157 2535 1386 2603 γίνεται.

224 2619 326 2688 ξβ’.
379 2622 607 2692 Μεγάλη
669 2623 888 2688 σύνεσις
937 2625 1248 2697 στρατηγοῦ
1278 2668 1294 2693 ,
1345 2628 1478 2679 ὅταν
1537 2628 1734 2698 χρῆται

159 2711 254 2779 μὲν
288 2713 601 2782 συμμάχοις
658 2714 900 2785 μετρίοις
926 2716 1006 2779 εἰς
1024 2717 1123 2786 τὴν
1142 2715 1342 2771 ἑαυτοῦ
1368 2716 1574 2787 χώραν,
1600 2717 1736 2770 ἀλλὰ

159 2804 230 2872 μὴ
261 2803 427 2858 πλέον
457 2805 556 2874 τῆς
614 2807 826 2871 οἰκείας
885 2808 1193 2879 δυνάμεως,
1227 2807 1453 2872 τούτους
1499 2808 1734 2876 εἰσάγων

159 2897 419 2963 μάλιστα.
477 2896 763 2969 δυσμενεῖς
814 2917 946 2954 ποτε
993 2901 1121 2964 τοὺς
1193 2901 1466 2963 τοιούτους
1517 2900 1735 2954 ἔσεσθαι

156 2989 553 3059 ἐλπιζομένους
587 3035 598 3057 ,
655 2994 868 3063 μήποτε
931 2993 1417 3063 συμφρονήσαντες
1463 2993 1737 3063 άντάρωσι

156 3080 251 3133 καὶ
292 3081 395 3151 τῆς
455 3082 641 3152 χώρας
677 3084 1048 3152 κρατήσωσιν,
1081 3083 1148 3135 δι’
1169 3083 1236 3154 ἣν
1255 3085 1336 3147 εἰς
1368 3083 1482 3152 (ει)
1512 3099 1732 3153 συμμα-

1903 2186 1991 2240 61.
2032 2183 2220 2252 Neque
2270 2199 2606 2255 congregare
2636 2185 2800 2240 simul
2842 2183 3140 2240 exercitum
3189 2184 3404 2240 consilii

1832 2291 2000 2331 causa
2034 2291 2133 2345 par
2167 2283 2250 2330 est
2287 2293 2299 2328 :
2339 2292 2517 2344 neque
2541 2276 2822 2339 idoneum,
2867 2287 2926 2330 ut
2975 2275 3223 2343 singulos
3265 2274 3409 2327 otio-

1833 2383 1925 2422 sos
1977 2369 2200 2434 milites,
2232 2376 2285 2423 et
2339 2369 2484 2422 nulla
2519 2369 2573 2422 in
2611 2383 2670 2423 re
2699 2375 2997 2436 occupatos
3035 2365 3103 2420 ad
3133 2376 3184 2420 te
3222 2379 3407 2427 voces,

1834 2468 1999 2528 atque
2048 2460 2340 2528 increpes:
2375 2460 2490 2514 haec
2527 2460 2675 2513 enim
2726 2460 3012 2516 seditionis
3053 2465 3109 2512 et
3141 2458 3409 2527 importu-

1835 2566 2029 2605 narum
2061 2551 2349 2606 turbarum
2382 2535 2549 2605 causa
2589 2557 2755 2606 esset.

1908 2641 1994 2694 62.
2023 2638 2216 2708 Magna
2255 2641 2542 2711 prudentia
2575 2641 2921 2709 imperatoris
2948 2646 3053 2703 est,
3081 2637 3298 2706 quando
3344 2636 3412 2690 iis

1836 2727 2003 2782 sociis
2035 2727 2102 2782 ad
2143 2727 2421 2795 regionem
2463 2741 2618 2781 suam
2660 2726 3055 2782 defendendam
3102 2725 3295 2786 utitur,
3320 2723 3413 2791 qui

1837 2819 2077 2872 minores
2115 2827 2170 2872 et
2205 2832 2310 2870 non
2360 2817 2544 2884 plures
2589 2818 2826 2886 propriis
2878 2816 3054 2884 cepiis
3114 2815 3411 2875 exsistunt,

1837 2923 2088 2977 quosque
2115 2907 2252 2960 alias
2304 2906 2560 2961 inimicos
2606 2907 2712 2961 sibi
2760 2907 2995 2960 maxime
3024 2906 3237 2960 futuros
3265 2905 3415 2958 arbi-

1839 3006 2035 3060 trctur,
2069 3012 2159 3058 nc.
2197 2997 2242 3051 si
2276 2997 2460 3065 plures
2508 2996 2734 3062 fuerint,
2769 3005 2823 3051 et
2856 2996 2998 3050 inter
3033 3011 3093 3049 se
3125 3011 3418 3050 consense-

1839 3089 1976 3150 rint,
2005 3103 2124 3142 eam
2160 3087 2417 3142 invadant
2455 3089 2755 3158 regionem,
2787 3096 2840 3141 et
2872 3095 3155 3156 superent,
3192 3081 3417 3156 propter

157 3173 275 3240 χίαν
331 3173 662 3242 ἐκλήθησαν.
696 3175 759 3226 Ol
793 3175 901 3245 γὰρ
931 3174 1115 3228 ἕνεκεν
1144 3176 1444 3246 χρημάτων
1472 3175 1611 3243 ὑπὲρ
1637 3175 1732 3227 σοῦ

1839 3193 2000 3248 quam
2049 3179 2103 3232 in
2156 3179 2476 3233 societatem
2531 3187 2677 3232 tuam
2737 3178 3088 3231 asciti'sunt.
3126 3175 3230 3241 Qui
3287 3191 3419 3232 vero

157 3261 492 3314 κινδυνεύειν
532 3263 800 3332 ἑλόμενοι,
848 3263 990 3332 τάχα
1054 3265 1150 3317 καὶ
1207 3264 1472 3318 πλειόνων
1521 3266 1731 3334 χρημά-

155 3369 260 3405 των
296 3353 568 3424 πορισμοῦ
625 3354 811 3409 ἒνεκεν
852 3356 949 3409 καὶ
977 3355 1117 3410 κατά
1143 3357 1237 3410 σοῦ
1295 3358 1732 3429 παρακινδυνεύ-

156 3460 246 3497 σου
255 3461 362 3497 σιν.

224 3536 329 3604 ξγ¹.
363 3537 528 3591 Ὅταν
551 3539 626 3609 μὴ
652 3541 766 3602 τοῖς
790 3540 1160 3610 στρατεύμασι
1193 3540 1260 3593 τὰ
1311 3541 1596 3610 ἐπιτήδεια
1642 3541 1736 3594 καὶ

153 3631 253 3693 τὰς
290 3631 601 3699 ἀναγκαίας
633 3631 840 3701 τροφὰς
865 3632 1328 3704 προευτρεπίσῃς,
1366 3634 1488 3687 τότε
1523 3633 1618 3686 καὶ
1636 3649 1733 3686 πο-

154 3720 361 3791 λεμίων
386 3723 555 3791 χωρὶς
587 3723 890 3795 ἡττηθήσῃ.
948 3724 1011 3777 Ἦ
1043 3723 1153 3793 γὰρ
1187 3724 1388 3788 σπάνις
1417 3725 1513 3778 καὶ
1562 3725 1737 3779 ἔνδεια

154 3811 254 3877 τῆς
297 3811 544 3881 δαπάνης
600 3811 695 3865 καὶ
722 3814 846 3876 τοὺς
875 3813 1217 3886 στρατιώτας
1252 3816 1346 3869 καὶ
1384 3816 1511 3878 τοὺς
1537 3816 1738 3880 ῖππους

153 3901 453 3971 ἐκλυθῆναι
488 3904 922 3974 παρασκευάσει.

225 3993 320 4057 ξδ’.
355 3992 525 4047 Ὀταν
568 3997 683 4057 τοῖς
734 3995 887 4059 ἰδίοις
929 3995 1316 4067 καϐαλλαρίοις
1377 3996 1592 4069 θαρρῇς
1642 4000 1738 4052 καὶ

157 4086 398 4153 μάλιστα
432 4088 543 4149 τοῖς
588 4086 727 4157 μετά
755 4089 1052 4157 κονταρίων
1093 4086 1424 4157 πολεμοῦσιν
1457 4089 1582 4152 τοὺς
1613 4105 1741 4142 στε-

153 4177 284 4239 νοὺς
347 4176 442 4227 καὶ
521 4175 844 4246 ἀνωμάλους
898 4177 1098 4238 τόπους
1173 4176 1428 4244 ἐκφεύγε.
1497 4177 1744 4247 ἐπιζήτει

153 4268 210 4320 δὲ
267 4268 469 4330 τύπους
519 4267 756 4337 ὁμαλοὺς
801 4267 894 4322 καὶ
940 4269 1088 4330 ίσους
1119 4284 1133 4297 ·
1170 4261 1315 4321 οὗτοι
1337 4268 1446 4338 γάρ
1481 4269 1586 4321 εἰσι
1633 4270 1755 4342 τοῖς

153 4359 302 4412 οὕτω
364 4358 869 4427 παρατασσομένοις
919 4359 1188 4428 ἅρμόδιοι.
1233 4359 1326 4413 καὶ
1349 4358 1584 4414 ἐνταῦθα
1612 4376 1746 4428 συγ⁸

155 4451 347 4520 κράτει
400 4451 493 4504 τὸν
543 4450 804 4520 πόλεμον.
863 4452 926 4504 Εἰ
958 4451 1016 4504 δὲ
1070 4448 1324 4515 πεζικαῖς
1373 4450 1597 4523 θαρρεῖς
1648 4450 1741 4504 δυ-

1837 3271 2194 3340 pecuniarum
2229 3285 2396 3325 causa
2451 3285 2550 3339 pro
2597 3277 2651 3324 te
2705 3269 3005 3339 periclitari
3040 3269 3251 3330 volunt,
3309 3268 3420 3321 for-

1836 3363 1999 3417 tassis
2032 3362 2258 3431 majoris
2298 3376 2526 3417 summa:
2554 3375 2722 3418 causa
2750 3369 2941 3416 contra
2966 3367 3019 3414 te
3041 3375 3106 3415 ex
3143 3359 3417 3415 contraria

1835 3462 1988 3526 parte
2017 3453 2359 3508 dimicarent.

1908 3546 1996 3599 65.
2039 3544 2270 3610 Quando
2303 3545 2570 3600 exercitui
2611 3553 3002 3607 commeatum,
3026 3550 3082 3597 et
3112 3556 3200 3595 res
3229 3555 3421 3595 neces-

1838 3637 2015 3692 sarias
2047 3650 2154 3690 non
2208 3650 2506 3706 praeparas,
2562 3634 2719 3690 facile
2761 3637 2969 3703 absque
3024 3633 3276 3688 hostibus
3329 3648 3423 3687 sn-

1837 3729 2115 3797 peraberis
2162 3737 2428 3796 :egestas
2480 3726 2648 3789 enim,
2699 3734 2754 3780 ct
2813 3726 2996 3791 inopia
3055 3733 3417 3789 commeatus,

1841 3829 1955 3874 tum
1989 3820 2214 3883 milites,
2241 3830 2353 3873 tum
2385 3833 2558 3889 equos
2578 3819 2742 3873 etiam
2768 3815 3156 3872 contabefacit.

1911 4007 2002 4060 64.
2035 4005 2095 4061 Si
2122 4005 2344 4075 quando
2387 4004 2737 4072 equestribus
2777 4003 2949 4072 c0piis
2992 4002 3104 4056 tuis
3144 4003 3317 4057 fretus
3340 4015 3421 4062 es.

1843 4106 1896 4152 et
1925 4097 1992 4151 iis
2019 4096 2073 4151 in
2097 4097 2310 4166 primis,
2339 4096 2431 4164 qui
2475 4095 2674 4150 hastati
2701 4103 2850 4159 sunt,
2890 4101 3123 4163 angusta
3152 4104 3315 4160 atque
3341 4093 3424 4146 in-

1846 4189 2075 4259 aequalia
2104 4189 2223 4242 loca
2248 4187 2454 4252 devita,
2496 4195 2550 4241 et
2589 4188 2707 4241 loca
2741 4187 2900 4254 plana
2942 4184 3300 4254 expositaque
3325 4199 3424 4239 ex-

1845 4282 2044 4351 quire;
2077 4281 2192 4335 haec
2222 4281 2368 4335 enim
2402 4287 2531 4333 sunt
2564 4279 2630 4334 iis
2674 4279 2767 4346 qui
2819 4279 2899 4332 sic
2935 4279 3281 4332 instruuntur
3308 4278 3424 4330 ido-

1846 4389 1971 4437 nea,
2028 4373 2215 4443 ibique
2261 4373 2544 4427 committe
2605 4371 2874 4441 praelium.
2931 4370 3025 4424 Sin
3079 4369 3424 4439 pedestribus

1848 4462 2025 4533 coliiis
2056 4461 2230 4516 fretus
2258 4462 2356 4526 sis,
2417 4461 2722 4528 inaequalia,
2757 4460 3031 4513 condensa
3066 4468 3118 4513 et
3147 4460 3425 4528 asperiora

156 4542 412 4611 νάμεσιν,
469 4541 787 4612 ἀνωμάλους
846 4541 941 4594 καὶ
990 4540 1173 4605 δασεῖς
1228 4542 1324 4596 καὶ
1374 4541 1735 4613 τραχυτέρους

1847 4554 1963 4610 loca
1992 4553 2151 4625 elige,
2180 4561 2234 4608 et
2265 4555 2317 4607 iu
2353 4552 2461 4608 illis
2491 4553 2688 4608 bellum
2718 4567 2894 4622 geras.

157 4632 421 4702 ὲπιλέγου
463 4633 683 4698 τόπους,
734 4633 829 4686 καὶ
863 4634 920 4686 ὲν
963 4632 1174 4696 τούτοις
1216 4633 1450 4687 ἐπιτέλει
1514 4633 1614 4704 τὴν
1641 4633 1746 4703 μά-

157 4741 288 4792 χην.

233 4812 329 4878 ξεὲ
383 4814 556 4886 ’Υπὲρ
618 4814 846 4867 σεαυτοῦ
892 4814 986 4866 καὶ
1036 4811 1131 4866 τοῦ
1173 4813 1267 4866 σοῦ
1323 4813 1454 4866 λαοῦ
1503 4813 1750 4868 ιέιντιὸου⁹

157 4907 336 4978 λεὺσῃ
371 4907 486 4978 (25)
543 4908 685 4961 κατά
712 4908 822 4960 τῶν
851 4888 1169 4974 πολεμίωνξ
1201 4907 1296 4960 καὶ
1335 4907 1436 4977 τὴν
1493 4908 1752 4976 τοιαύτην

160 4999 366 5068 βουλὴν
427 4998 670 5074 ἀκούσῃς
710 4999 1110 5069 προδεδομένην
1152 4999 1337 5062 αὐτοῖς
1361 5041 1375 5064 ,
1426 4998 1656 5052 καθόλου
1685 5000 1752 5052 τά

162 5087 596 5158 βεδουλευμένα,
652 5089 764 5141 εἴτε
818 5091 876 5142 ὲν
949 5089 1274 5160 παρατάξει,
1335 5087 1444 5141 εἴτε
1474 5093 1531 5141 ὲν
1565 5087 1752 5151 ἄλλαις

161 5181 643 5252 παραγγελίαις,ἢ
676 5183 972 5253 σχήμασιν,
1006 5181 1355 5235 ὲναλλάσσειν
1380 5182 1637 5252 ὀφείλεις.

238 5272 354 5338 ξς’.
393 5274 498 5326 Σὺν
537 5273 749 5327 πλείοσι
799 5274 898 5342 μὲν
941 5275 1071 5343 περὶ⁵
1115 5267 1192 5329 ὧν
1231 5272 1445 5343 μέλλεις
1497 5275 1756 5347 πράττειν

165 5361 472 5431 βουλεύου.
503 5363 556 5416 τί
612 5363 668 5416 δὲ
724 5363 949 5434 πράξεις
1005 5365 1102 5418 σὺν
1149 5363 1351 5431 ὀλίγοις
1398 5365 1491 5419 καὶ
1549 5363 1757 5426 τούτοις

166 5456 414 5518 πιστοῖς,
447 5454 510 5506 τὸ
553 5454 609 5507 δὲ
675 5454 952 5525 συμφέρον
997 5472 1090 5507 σου
1125 5493 1141 5519 ,
1200 5456 1370 5525 ἤγουν
1420 5454 1519 5525 τὴν
1569 5453 1756 5508 πασῶν

1927 4819 2015 4875 65.
2048 4819 2101 4875 Si
2139 4821 2207 4874 de
2243 4829 2295 4875 te
2323 4821 2546 4886 tuisque
2573 4819 2748 4888 copiis
2777 4819 3069 4873 adversum
3098 4817 3304 4876 hostes,
3326 4816 3428 4869 ali-

1855 4909 1986 4979 quid
2049 4910 2461 4975 deliberaveris,
2513 4917 2568 4963 et
2619 4909 2915 4963 consilium
2966 4917 3120 4959 tuum
3180 4906 3435 4960 hostibus

1859 5001 2190 5070 patefactum
2222 5018 2347 5058 esse
2369 5001 2726 5066 intellexeris,
2754 5016 2916 5055 omne
2936 5000 3225 5053 consilium
3255 5009 3432 5061 tuum.

1861 5092 2007 5161 quod
2051 5093 2387 5154 intenderes,
2420 5093 2536 5147 sive
2579 5091 2635 5145 in
2687 5093 2806 5145 acie
2851 5091 3195 5154 instruenda,
3235 5092 3350 5145 sive
3380 5089 3434 5142 in

1862 5184 1986 5238 aliis
2025 5184 2484 5254 prteceptionibus
2520 5183 2821 5252 formisque
2844 5184 2937 5245 sit,
2971 5182 3276 5250 repudiato.

1938 5273 2027 5328 66.
2059 5273 2194 5326 Cum
2225 5273 2476 5344 plurimis
2505 5272 2575 5329 de
2625 5275 2791 5328 rebus
2846 5273 3098 5343 gerendis
3153 5271 3436 5324 delibera:

1865 5365 1996 5434 quid
2035 5373 2090 5418 tu
2116 5365 2232 5434 ipse
2279 5365 2523 5418 facturus
2576 5365 2674 5428 sis,
2702 5378 2825 5417 cum
2860 5363 3068 5431 paucis,
3105 5362 3281 5429 iisque
3304 5359 3437 5413 fide.-

1866 5455 2010 5510 libus
2049 5454 2342 5510 admodum
2367 5457 2729 5512 communica.
2755 5457 2896 5520 Quid
2929 5469 3056 5510 vero
3087 5453 3432 5524 potissimum

1701 5615 1931 5683 ΝΟΤᾹ),

246 5731 363 5796 (25)
414 5728 678 5796 ’Λέρορᾷᾳ
713 5729 1088 5811 Scribeliatur.
1115 5728 1390 5850 ἀφορμάς.

248 5801 368 5850 (ΞΗ
401 5801 483 5850 Δι’
513 5840 525 5850 .
565 5840 577 5850 .
619 5843 629 5850 .
667 5802 774 5850 εἰς.
800 5799 1010 5850 Scribe.
1037 5797 1103 5850 δι’
1137 5800 1204 5850 ἦν
1232 5816 1255 5850 ε
1285 5817 1332 5850 c.

248 5801 368 5870 (ει)
401 5801 525 5854 Δι’.
565 5840 577 5852 .
619 5843 629 5854 .
667 5802 774 5865 εἰς.
800 5799 1010 5864 Scribe,
1037 5797 1103 5854 δι’
1137 5800 1204 5867 ἣν
1230 5797 1332 5863 εις.

1934 5733 2044 5802 (25)
2089 5732 2561 5798 ’Δγτιόουλεί-σῃ.
2588 5729 2804 5796 Scribe,
2834 5729 2897 5782 ἄν
2929 5745 2977 5779 τι
3007 5725 3294 5797 βουλεύσῃ.
