  <div class='ocr_page' id='page_1' title='image "/cluster/home/n/w/nwhite01/storage/ocr_20150623/107/nnc1.0046980040/587.png"; bbox 0 0 4184 6440; ppageno 0'>
   <div class='ocr_carea' id='block_1_1' title="bbox 787 433 924 500">
    <p class='ocr_par' dir='ltr' id='par_1_1' title="bbox 787 433 924 500">
     <span class='ocr_line' id='line_1_1' title="bbox 787 433 924 500; baseline -0.007 0"><span class='ocrx_word' id='word_1_1' title='bbox 787 433 924 500; x_wconf 80' lang='grc'><strong>1031</strong></span> 
     </span>
    </p>
   </div>
   <div class='ocr_carea' id='block_1_2' title="bbox 2042 424 2802 488">
    <p class='ocr_par' dir='ltr' id='par_1_2' title="bbox 2042 424 2802 488">
     <span class='ocr_line' id='line_1_2' title="bbox 2042 424 2802 488; baseline 0 -3"><span class='ocrx_word' id='word_1_2' title='bbox 2042 426 2316 488; x_wconf 73' lang='lat' dir='ltr'><strong>LEONIS</strong></span> <span class='ocrx_word' id='word_1_3' title='bbox 2343 424 2802 487; x_wconf 81' lang='lat' dir='ltr'><strong>PHILOSOPHI</strong></span> 
     </span>
    </p>
   </div>
   <div class='ocr_carea' id='block_1_3' title="bbox 3890 413 4031 482">
    <p class='ocr_par' dir='ltr' id='par_1_3' title="bbox 3890 413 4031 482">
     <span class='ocr_line' id='line_1_3' title="bbox 3890 413 4031 482; baseline -0.014 0"><span class='ocrx_word' id='word_1_4' title='bbox 3890 413 4031 482; x_wconf 76' lang='lat'><strong>1032</strong></span> 
     </span>
    </p>
   </div>
   <div class='ocr_carea' id='block_1_4' title="bbox 778 528 2348 613">
    <p class='ocr_par' dir='ltr' id='par_1_4' title="bbox 778 534 2348 613">
     <span class='ocr_line' id='line_1_4' title="bbox 778 534 2348 613; baseline -0.007 -13"><span class='ocrx_word' id='word_1_5' title='bbox 778 548 925 600; x_wconf 83' lang='lat' dir='ltr'><strong>factu</strong></span> <span class='ocrx_word' id='word_1_6' title='bbox 956 542 1052 610; x_wconf 83' lang='lat' dir='ltr'><strong>sit,</strong></span> <span class='ocrx_word' id='word_1_7' title='bbox 1085 540 1154 613; x_wconf 71' lang='lat' dir='ltr'><strong>et}</strong></span> <span class='ocrx_word' id='word_1_8' title='bbox 1181 540 1326 612; x_wconf 86' lang='lat' dir='ltr'><strong>quod</strong></span> <span class='ocrx_word' id='word_1_9' title='bbox 1358 555 1427 596; x_wconf 78' lang='lat' dir='ltr'><strong>ex</strong></span> <span class='ocrx_word' id='word_1_10' title='bbox 1471 538 1725 595; x_wconf 86' lang='lat' dir='ltr'><strong>omnibus</strong></span> <span class='ocrx_word' id='word_1_11' title='bbox 1766 534 2059 593; x_wconf 85' lang='lat' dir='ltr'><strong>consilium</strong></span> <span class='ocrx_word' id='word_1_12' title='bbox 2095 544 2178 590; x_wconf 89' lang='lat' dir='ltr'><strong>est</strong></span> <span class='ocrx_word' id='word_1_13' title='bbox 2214 536 2348 604; x_wconf 84' lang='lat' dir='ltr'><strong>opti-</strong></span> 
     </span>
    </p>
   </div>
   <div class='ocr_carea' id='block_1_5' title="bbox 2455 528 4031 613">
    <p class='ocr_par' dir='ltr' id='par_1_5' title="bbox 2457 528 4031 605">
     <span class='ocr_line' id='line_1_5' title="bbox 2457 528 4031 605; baseline -0.003 -17"><span class='ocrx_word' id='word_1_14' title='bbox 2457 535 2710 588; x_wconf 85' lang='grc' dir='ltr'>καλλίονα</span> <span class='ocrx_word' id='word_1_15' title='bbox 2749 531 2946 605; x_wconf 83' lang='grc' dir='ltr'>βουλὴν</span> <span class='ocrx_word' id='word_1_16' title='bbox 2996 531 3139 585; x_wconf 78' lang='grc' dir='ltr'>κατὰ</span> <span class='ocrx_word' id='word_1_17' title='bbox 3193 530 3417 584; x_wconf 78' lang='grc' dir='ltr'>σεαυτὸν</span> <span class='ocrx_word' id='word_1_18' title='bbox 3458 528 3848 597; x_wconf 75' lang='grc' dir='ltr'>ἐπιλεξάμενος</span> <span class='ocrx_word' id='word_1_19' title='bbox 3903 533 4031 584; x_wconf 74' lang='grc' dir='ltr'>κάτ-</span> 
     </span>
    </p>
   </div>
   <div class='ocr_carea' id='block_1_6' title="bbox 771 634 1782 703">
    <p class='ocr_par' dir='ltr' id='par_1_6' title="bbox 771 634 1782 703">
     <span class='ocr_line' id='line_1_6' title="bbox 771 634 1782 703; baseline -0.008 -13"><span class='ocrx_word' id='word_1_20' title='bbox 771 652 917 690; x_wconf 88' lang='lat' dir='ltr'><strong>mum</strong></span> <span class='ocrx_word' id='word_1_21' title='bbox 955 635 1098 703; x_wconf 89' lang='lat' dir='ltr'><strong>apud</strong></span> <span class='ocrx_word' id='word_1_22' title='bbox 1132 636 1364 703; x_wconf 90' lang='lat' dir='ltr'><strong>teipsum</strong></span> <span class='ocrx_word' id='word_1_23' title='bbox 1394 634 1569 687; x_wconf 88' lang='lat' dir='ltr'><strong>solum</strong></span> <span class='ocrx_word' id='word_1_24' title='bbox 1602 645 1782 684; x_wconf 86' lang='lat' dir='ltr'><strong>serva.</strong></span> 
     </span>
    </p>
   </div>
   <div class='ocr_carea' id='block_1_7' title="bbox 841 719 2347 793">
    <p class='ocr_par' dir='ltr' id='par_1_7' title="bbox 841 719 2347 793">
     <span class='ocr_line' id='line_1_7' title="bbox 841 719 2347 793; baseline -0.006 -12"><span class='ocrx_word' id='word_1_25' title='bbox 841 727 927 781; x_wconf 84' lang='lat'><strong>67.</strong></span> <span class='ocrx_word' id='word_1_26' title='bbox 965 726 1030 780; x_wconf 90' lang='lat' dir='ltr'><strong>Ut</strong></span> <span class='ocrx_word' id='word_1_27' title='bbox 1063 727 1336 781; x_wconf 80' lang='lat' dir='ltr'><strong>exercitus</strong></span> <span class='ocrx_word' id='word_1_28' title='bbox 1367 729 1591 793; x_wconf 77' lang='lat' dir='ltr'><strong>integer,</strong></span> <span class='ocrx_word' id='word_1_29' title='bbox 1635 738 1700 777; x_wconf 87' lang='lat' dir='ltr'><strong>ac</strong></span> <span class='ocrx_word' id='word_1_30' title='bbox 1754 724 1870 777; x_wconf 87' lang='lat' dir='ltr'><strong>siue</strong></span> <span class='ocrx_word' id='word_1_31' title='bbox 1925 721 2030 773; x_wconf 89' lang='lat' dir='ltr'><strong>nlla</strong></span> <span class='ocrx_word' id='word_1_32' title='bbox 2064 719 2347 789; x_wconf 80' lang='lat' dir='ltr'><strong>perturba-</strong></span> 
     </span>
    </p>
   </div>
   <div class='ocr_carea' id='block_1_8' title="bbox 772 811 2342 879">
    <p class='ocr_par' dir='ltr' id='par_1_8' title="bbox 772 811 2342 879">
     <span class='ocr_line' id='line_1_8' title="bbox 772 811 2342 879; baseline -0.006 -6"><span class='ocrx_word' id='word_1_33' title='bbox 772 821 924 875; x_wconf 86' lang='lat' dir='ltr'><strong>tione</strong></span> <span class='ocrx_word' id='word_1_34' title='bbox 950 819 1042 879; x_wconf 89' lang='lat' dir='ltr'><strong>sit,</strong></span> <span class='ocrx_word' id='word_1_35' title='bbox 1074 816 1156 871; x_wconf 87' lang='lat' dir='ltr'><strong>vel</strong></span> <span class='ocrx_word' id='word_1_36' title='bbox 1186 832 1251 870; x_wconf 90' lang='lat' dir='ltr'><strong>eo</strong></span> <span class='ocrx_word' id='word_1_37' title='bbox 1280 816 1583 871; x_wconf 73' lang='lat' dir='ltr'><strong>exercitum</strong></span> <span class='ocrx_word' id='word_1_38' title='bbox 1636 814 1841 875; x_wconf 83' lang='lat' dir='ltr'><strong>ducito,</strong></span> <span class='ocrx_word' id='word_1_39' title='bbox 1876 811 1964 866; x_wconf 89' lang='lat' dir='ltr'><strong>ubi</strong></span> <span class='ocrx_word' id='word_1_40' title='bbox 2000 821 2342 865; x_wconf 75' lang='lat' dir='ltr'><strong>commeatus</strong></span> 
     </span>
    </p>
   </div>
   <div class='ocr_carea' id='block_1_9' title="bbox 770 900 2343 975">
    <p class='ocr_par' dir='ltr' id='par_1_9' title="bbox 770 900 2343 975">
     <span class='ocr_line' id='line_1_9' title="bbox 770 900 2343 975; baseline -0.008 -11"><span class='ocrx_word' id='word_1_41' title='bbox 770 921 1062 975; x_wconf 82' lang='lat' dir='ltr'><strong>rerumque</strong></span> <span class='ocrx_word' id='word_1_42' title='bbox 1091 906 1529 962; x_wconf 80' lang='lat' dir='ltr'><strong>necessariarum</strong></span> <span class='ocrx_word' id='word_1_43' title='bbox 1555 902 1889 958; x_wconf 87' lang='lat' dir='ltr'><strong>abundantia</strong></span> <span class='ocrx_word' id='word_1_44' title='bbox 1914 908 2019 967; x_wconf 83' lang='lat' dir='ltr'><strong>cst,</strong></span> <span class='ocrx_word' id='word_1_45' title='bbox 2052 908 2145 954; x_wconf 91' lang='lat' dir='ltr'><strong>aut</strong></span> <span class='ocrx_word' id='word_1_46' title='bbox 2165 900 2343 966; x_wconf 82' lang='lat' dir='ltr'><strong>ipsum</strong></span> 
     </span>
    </p>
   </div>
   <div class='ocr_carea' id='block_1_10' title="bbox 767 991 2343 1063">
    <p class='ocr_par' dir='ltr' id='par_1_10' title="bbox 767 991 2343 1063">
     <span class='ocr_line' id='line_1_10' title="bbox 767 991 2343 1063; baseline -0.009 -8"><span class='ocrx_word' id='word_1_47' title='bbox 767 1007 1157 1063; x_wconf 76' lang='lat' dir='ltr'><strong>commeatum,</strong></span> <span class='ocrx_word' id='word_1_48' title='bbox 1205 1005 1258 1050; x_wconf 92' lang='lat' dir='ltr'><strong>et</strong></span> <span class='ocrx_word' id='word_1_49' title='bbox 1312 1010 1401 1050; x_wconf 88' lang='lat' dir='ltr'><strong>res</strong></span> <span class='ocrx_word' id='word_1_50' title='bbox 1426 994 1776 1050; x_wconf 84' lang='lat' dir='ltr'><strong>necessarias</strong></span> <span class='ocrx_word' id='word_1_51' title='bbox 1825 991 2094 1047; x_wconf 76' lang='lat' dir='ltr'><strong>exercitui</strong></span> <span class='ocrx_word' id='word_1_52' title='bbox 2141 1004 2343 1060; x_wconf 82' lang='lat' dir='ltr'><strong>appor-</strong></span> 
     </span>
    </p>
   </div>
   <div class='ocr_carea' id='block_1_11' title="bbox 767 1090 932 1145">
    <p class='ocr_par' dir='ltr' id='par_1_11' title="bbox 767 1090 932 1145">
     <span class='ocr_line' id='line_1_11' title="bbox 767 1090 932 1145; baseline 0.006 -2"><span class='ocrx_word' id='word_1_53' title='bbox 767 1090 932 1145; x_wconf 88' lang='lat' dir='ltr'><strong>tabis.</strong></span> 
     </span>
    </p>
   </div>
   <div class='ocr_carea' id='block_1_12' title="bbox 837 1175 2343 1247">
    <p class='ocr_par' dir='ltr' id='par_1_12' title="bbox 837 1175 2343 1247">
     <span class='ocr_line' id='line_1_12' title="bbox 837 1175 2343 1247; baseline -0.005 -12"><span class='ocrx_word' id='word_1_54' title='bbox 837 1180 927 1235; x_wconf 85' lang='lat'><strong>68.</strong></span> <span class='ocrx_word' id='word_1_55' title='bbox 960 1178 1073 1233; x_wconf 81' lang='lat' dir='ltr'><strong>Non</strong></span> <span class='ocrx_word' id='word_1_56' title='bbox 1099 1192 1197 1247; x_wconf 85' lang='lat' dir='ltr'><strong>per</strong></span> <span class='ocrx_word' id='word_1_57' title='bbox 1223 1177 1597 1246; x_wconf 74' lang='lat' dir='ltr'><strong>speculatores</strong></span> <span class='ocrx_word' id='word_1_58' title='bbox 1627 1177 1805 1232; x_wconf 88' lang='lat' dir='ltr'><strong>solum</strong></span> <span class='ocrx_word' id='word_1_59' title='bbox 1836 1175 2218 1246; x_wconf 88' lang='lat' dir='ltr'><strong>perlustranda</strong></span> <span class='ocrx_word' id='word_1_60' title='bbox 2257 1176 2343 1229; x_wconf 84' lang='lat' dir='ltr'><strong>via</strong></span> 
     </span>
    </p>
   </div>
   <div class='ocr_carea' id='block_1_13' title="bbox 765 1266 2341 1337">
    <p class='ocr_par' dir='ltr' id='par_1_13' title="bbox 765 1266 2341 1337">
     <span class='ocr_line' id='line_1_13' title="bbox 765 1266 2341 1337; baseline -0.007 -11"><span class='ocrx_word' id='word_1_61' title='bbox 765 1274 1042 1326; x_wconf 76' lang='lat' dir='ltr'><strong>exercitus</strong></span> <span class='ocrx_word' id='word_1_62' title='bbox 1064 1272 1143 1323; x_wconf 90' lang='lat' dir='ltr'><strong>tui</strong></span> <span class='ocrx_word' id='word_1_63' title='bbox 1172 1277 1279 1334; x_wconf 88' lang='lat' dir='ltr'><strong>est,</strong></span> <span class='ocrx_word' id='word_1_64' title='bbox 1303 1269 1396 1324; x_wconf 89' lang='lat' dir='ltr'><strong>sed</strong></span> <span class='ocrx_word' id='word_1_65' title='bbox 1434 1278 1485 1323; x_wconf 90' lang='lat' dir='ltr'><strong>et</strong></span> <span class='ocrx_word' id='word_1_66' title='bbox 1520 1275 1578 1321; x_wconf 92' lang='lat' dir='ltr'><strong>tu</strong></span> <span class='ocrx_word' id='word_1_67' title='bbox 1606 1268 1928 1337; x_wconf 73' lang='lat' dir='ltr'><strong>imperator,</strong></span> <span class='ocrx_word' id='word_1_68' title='bbox 1953 1266 1999 1318; x_wconf 88' lang='lat' dir='ltr'><strong>si</strong></span> <span class='ocrx_word' id='word_1_69' title='bbox 2034 1266 2341 1328; x_wconf 83' lang='lat' dir='ltr'><strong>commode,</strong></span> 
     </span>
    </p>
   </div>
   <div class='ocr_carea' id='block_1_14' title="bbox 763 1357 2347 1432">
    <p class='ocr_par' dir='ltr' id='par_1_14' title="bbox 763 1357 2347 1432">
     <span class='ocr_line' id='line_1_14' title="bbox 763 1357 2347 1432; baseline -0.006 -15"><span class='ocrx_word' id='word_1_70' title='bbox 763 1371 822 1417; x_wconf 88' lang='lat' dir='ltr'><strong>et</strong></span> <span class='ocrx_word' id='word_1_71' title='bbox 849 1363 988 1418; x_wconf 87' lang='lat' dir='ltr'><strong>clam</strong></span> <span class='ocrx_word' id='word_1_72' title='bbox 1018 1361 1245 1432; x_wconf 83' lang='lat' dir='ltr'><strong>poteris,</strong></span> <span class='ocrx_word' id='word_1_73' title='bbox 1298 1360 1406 1414; x_wconf 88' lang='lat' dir='ltr'><strong>tuis</strong></span> <span class='ocrx_word' id='word_1_74' title='bbox 1454 1359 1630 1429; x_wconf 79' lang='lat' dir='ltr'><strong>ipsius</strong></span> <span class='ocrx_word' id='word_1_75' title='bbox 1660 1358 1838 1412; x_wconf 85' lang='lat' dir='ltr'><strong>oculis</strong></span> <span class='ocrx_word' id='word_1_76' title='bbox 1868 1358 2049 1412; x_wconf 81' lang='lat' dir='ltr'><strong>omnia</strong></span> <span class='ocrx_word' id='word_1_77' title='bbox 2078 1357 2193 1409; x_wconf 87' lang='lat' dir='ltr'><strong>loca</strong></span> <span class='ocrx_word' id='word_1_78' title='bbox 2224 1372 2347 1424; x_wconf 84' lang='lat' dir='ltr'><strong>per-</strong></span> 
     </span>
    </p>
   </div>
   <div class='ocr_carea' id='block_1_15' title="bbox 764 1442 2342 1519">
    <p class='ocr_par' dir='ltr' id='par_1_15' title="bbox 764 1442 2342 1519">
     <span class='ocr_line' id='line_1_15' title="bbox 764 1442 2342 1519; baseline -0.009 -11"><span class='ocrx_word' id='word_1_79' title='bbox 764 1450 1061 1519; x_wconf 74' lang='lat' dir='ltr'><strong>vestigabis</strong></span> <span class='ocrx_word' id='word_1_80' title='bbox 1091 1465 1106 1502; x_wconf 85' lang='lat'><strong>:</strong></span> <span class='ocrx_word' id='word_1_81' title='bbox 1153 1463 1329 1516; x_wconf 89' lang='lat' dir='ltr'><strong>neque</strong></span> <span class='ocrx_word' id='word_1_82' title='bbox 1361 1449 1478 1499; x_wconf 82' lang='lat' dir='ltr'><strong>vias</strong></span> <span class='ocrx_word' id='word_1_83' title='bbox 1520 1446 1725 1509; x_wconf 72' lang='lat' dir='ltr'><strong>solum,</strong></span> <span class='ocrx_word' id='word_1_84' title='bbox 1785 1443 1880 1499; x_wconf 87' lang='lat' dir='ltr'><strong>sed</strong></span> <span class='ocrx_word' id='word_1_85' title='bbox 1911 1443 2076 1497; x_wconf 88' lang='lat' dir='ltr'><strong>etiam</strong></span> <span class='ocrx_word' id='word_1_86' title='bbox 2104 1442 2342 1496; x_wconf 81' lang='lat' dir='ltr'><strong>hostium</strong></span> 
     </span>
    </p>
   </div>
   <div class='ocr_carea' id='block_1_16' title="bbox 768 1534 2343 1600">
    <p class='ocr_par' dir='ltr' id='par_1_16' title="bbox 768 1534 2343 1600">
     <span class='ocr_line' id='line_1_16' title="bbox 768 1534 2343 1600; baseline -0.009 -3"><span class='ocrx_word' id='word_1_87' title='bbox 768 1541 1182 1597; x_wconf 82' lang='lat' dir='ltr'><strong>adventantium</strong></span> <span class='ocrx_word' id='word_1_88' title='bbox 1224 1536 1654 1600; x_wconf 85' lang='lat' dir='ltr'><strong>multitudinem,</strong></span> <span class='ocrx_word' id='word_1_89' title='bbox 1685 1544 1739 1589; x_wconf 89' lang='lat' dir='ltr'><strong>et</strong></span> <span class='ocrx_word' id='word_1_90' title='bbox 1783 1534 2002 1589; x_wconf 89' lang='lat' dir='ltr'><strong>illorum</strong></span> <span class='ocrx_word' id='word_1_91' title='bbox 2044 1535 2238 1596; x_wconf 88' lang='lat' dir='ltr'><strong>aciem,</strong></span> <span class='ocrx_word' id='word_1_92' title='bbox 2286 1538 2343 1583; x_wconf 92' lang='lat' dir='ltr'><strong>ut</strong></span> 
     </span>
    </p>
   </div>
   <div class='ocr_carea' id='block_1_17' title="bbox 766 1626 2379 1701">
    <p class='ocr_par' dir='ltr' id='par_1_17' title="bbox 766 1626 2379 1701">
     <span class='ocr_line' id='line_1_17' title="bbox 766 1626 2379 1701; baseline -0.006 -15"><span class='ocrx_word' id='word_1_93' title='bbox 766 1634 895 1687; x_wconf 85' lang='lat' dir='ltr'><strong>inde</strong></span> <span class='ocrx_word' id='word_1_94' title='bbox 922 1643 980 1686; x_wconf 87' lang='lat' dir='ltr'><strong>tu</strong></span> <span class='ocrx_word' id='word_1_95' title='bbox 1016 1633 1320 1686; x_wconf 70' lang='lat' dir='ltr'><strong>instructus</strong></span> <span class='ocrx_word' id='word_1_96' title='bbox 1375 1631 1555 1701; x_wconf 78' lang='lat' dir='ltr'><strong>possis</strong></span> <span class='ocrx_word' id='word_1_97' title='bbox 1609 1629 1677 1682; x_wconf 85' lang='lat' dir='ltr'><strong>ad</strong></span> <span class='ocrx_word' id='word_1_98' title='bbox 1734 1637 1949 1681; x_wconf 88' lang='lat' dir='ltr'><strong>tuorum</strong></span> <span class='ocrx_word' id='word_1_99' title='bbox 2005 1626 2258 1685; x_wconf 80' lang='lat' dir='ltr'><strong>salutem,</strong></span> <span class='ocrx_word' id='word_1_100' title='bbox 2289 1632 2379 1699; x_wconf 4' lang='lat' dir='ltr'><strong>ct,</strong></span> 
     </span>
    </p>
   </div>
   <div class='ocr_carea' id='block_1_18' title="bbox 766 1717 1974 1786">
    <p class='ocr_par' dir='ltr' id='par_1_18' title="bbox 766 1717 1974 1786">
     <span class='ocr_line' id='line_1_18' title="bbox 766 1717 1974 1786; baseline -0.007 -9"><span class='ocrx_word' id='word_1_101' title='bbox 766 1721 1010 1777; x_wconf 76' lang='lat' dir='ltr'><strong>hostium</strong></span> <span class='ocrx_word' id='word_1_102' title='bbox 1046 1720 1404 1778; x_wconf 78' lang='lat' dir='ltr'><strong>offensionem</strong></span> <span class='ocrx_word' id='word_1_103' title='bbox 1436 1717 1617 1775; x_wconf 84' lang='lat' dir='ltr'><strong>omnia</strong></span> <span class='ocrx_word' id='word_1_104' title='bbox 1644 1719 1974 1786; x_wconf 80' lang='lat' dir='ltr'><strong>excogitare.</strong></span> 
     </span>
    </p>
   </div>
   <div class='ocr_carea' id='block_1_19' title="bbox 2446 642 2565 695">
    <p class='ocr_par' dir='ltr' id='par_1_19' title="bbox 2446 642 2565 695">
     <span class='ocr_line' id='line_1_19' title="bbox 2446 642 2565 695; baseline -0.008 -17"><span class='ocrx_word' id='word_1_105' title='bbox 2446 642 2565 695; x_wconf 82' lang='grc' dir='ltr'>εχε.</span> 
     </span>
    </p>
   </div>
   <div class='ocr_carea' id='block_1_20' title="bbox 2522 711 4027 784">
    <p class='ocr_par' dir='ltr' id='par_1_20' title="bbox 2522 711 4027 784">
     <span class='ocr_line' id='line_1_20' title="bbox 2522 711 4027 784; baseline -0.004 -15"><span class='ocrx_word' id='word_1_106' title='bbox 2522 713 2619 781; x_wconf 63' lang='grc' dir='ltr'><strong>ξξ.</strong></span> <span class='ocrx_word' id='word_1_107' title='bbox 2656 712 2772 768; x_wconf 83' lang='grc' dir='ltr'>Ἰνα</span> <span class='ocrx_word' id='word_1_108' title='bbox 2789 715 2847 768; x_wconf 80' lang='grc' dir='ltr'>δέ</span> <span class='ocrx_word' id='word_1_109' title='bbox 2900 714 3039 784; x_wconf 86' lang='grc' dir='ltr'>σοιὴ</span> <span class='ocrx_word' id='word_1_110' title='bbox 3076 711 3404 781; x_wconf 79' lang='grc' dir='ltr'>ὲκστρατεία</span> <span class='ocrx_word' id='word_1_111' title='bbox 3458 712 3664 775; x_wconf 78' lang='grc' dir='ltr'>ἄλυπος</span> <span class='ocrx_word' id='word_1_112' title='bbox 3702 711 4027 782; x_wconf 72' lang='grc' dir='ltr'>δωτηρῆται</span> 
     </span>
    </p>
   </div>
   <div class='ocr_carea' id='block_1_21' title="bbox 2451 804 4030 879">
    <p class='ocr_par' dir='ltr' id='par_1_21' title="bbox 2451 804 4030 879">
     <span class='ocr_line' id='line_1_21' title="bbox 2451 804 4030 879; baseline -0.002 -19"><span class='ocrx_word' id='word_1_113' title='bbox 2451 808 2544 860; x_wconf 77' lang='grc' dir='ltr'>καὶ</span> <span class='ocrx_word' id='word_1_114' title='bbox 2607 805 2918 879; x_wconf 71' lang='grc' dir='ltr'>ἐρρωμένη,</span> <span class='ocrx_word' id='word_1_115' title='bbox 2992 806 3109 860; x_wconf 82' lang='grc' dir='ltr'>δέον</span> <span class='ocrx_word' id='word_1_116' title='bbox 3142 822 3201 858; x_wconf 85' lang='grc' dir='ltr'><strong>σε</strong></span> <span class='ocrx_word' id='word_1_117' title='bbox 3233 806 3265 875; x_wconf 84' lang='grc' dir='ltr'>ἢ</span> <span class='ocrx_word' id='word_1_118' title='bbox 3294 805 3433 877; x_wconf 77' lang='grc' dir='ltr'>πρὸς</span> <span class='ocrx_word' id='word_1_119' title='bbox 3478 805 3548 858; x_wconf 79' lang='grc' dir='ltr'>τέι</span> <span class='ocrx_word' id='word_1_120' title='bbox 3601 806 3885 874; x_wconf 75' lang='grc' dir='ltr'>ἐπιτήδεια</span> <span class='ocrx_word' id='word_1_121' title='bbox 3929 804 4030 872; x_wconf 78' lang='grc' dir='ltr'><strong>τῆς</strong></span> 
     </span>
    </p>
   </div>
   <div class='ocr_carea' id='block_1_22' title="bbox 2449 892 4034 966">
    <p class='ocr_par' dir='ltr' id='par_1_22' title="bbox 2449 892 4034 966">
     <span class='ocr_line' id='line_1_22' title="bbox 2449 892 4034 966; baseline -0.002 -18"><span class='ocrx_word' id='word_1_122' title='bbox 2449 895 2646 965; x_wconf 77' lang='grc' dir='ltr'><strong>χρείας</strong></span> <span class='ocrx_word' id='word_1_123' title='bbox 2687 897 2747 949; x_wconf 75' lang='grc' dir='ltr'><strong>τὸ</strong></span> <span class='ocrx_word' id='word_1_124' title='bbox 2775 897 3089 966; x_wconf 76' lang='grc' dir='ltr'>στράτευμα</span> <span class='ocrx_word' id='word_1_125' title='bbox 3129 894 3385 963; x_wconf 80' lang='grc' dir='ltr'>ἀπάγειν,</span> <span class='ocrx_word' id='word_1_126' title='bbox 3413 895 3446 965; x_wconf 73' lang='grc' dir='ltr'><strong>ἡ</strong></span> <span class='ocrx_word' id='word_1_127' title='bbox 3481 895 3620 948; x_wconf 83' lang='grc' dir='ltr'>αὗτά</span> <span class='ocrx_word' id='word_1_128' title='bbox 3649 895 3717 947; x_wconf 80' lang='grc' dir='ltr'><strong>τά</strong></span> <span class='ocrx_word' id='word_1_129' title='bbox 3753 892 4034 963; x_wconf 82' lang='grc' dir='ltr'>ἐπιτήδεια</span> 
     </span>
    </p>
   </div>
   <div class='ocr_carea' id='block_1_23' title="bbox 2450 986 3468 1060">
    <p class='ocr_par' dir='ltr' id='par_1_23' title="bbox 2450 986 3468 1060">
     <span class='ocr_line' id='line_1_23' title="bbox 2450 986 3468 1060; baseline 0.002 -21"><span class='ocrx_word' id='word_1_130' title='bbox 2450 987 2588 1057; x_wconf 71' lang='grc' dir='ltr'>πρὸς</span> <span class='ocrx_word' id='word_1_131' title='bbox 2616 988 2676 1040; x_wconf 80' lang='grc' dir='ltr'><strong>τὸ</strong></span> <span class='ocrx_word' id='word_1_132' title='bbox 2710 986 3027 1060; x_wconf 82' lang='grc' dir='ltr'>στράτευμα</span> <span class='ocrx_word' id='word_1_133' title='bbox 3059 986 3468 1057; x_wconf 81' lang='grc' dir='ltr'>μετακομίζειν.</span> 
     </span>
    </p>
   </div>
   <div class='ocr_carea' id='block_1_24' title="bbox 2519 1160 4033 1237">
    <p class='ocr_par' dir='ltr' id='par_1_24' title="bbox 2519 1160 4033 1237">
     <span class='ocr_line' id='line_1_24' title="bbox 2519 1160 4033 1237; baseline -0.006 -16"><span class='ocrx_word' id='word_1_134' title='bbox 2519 1166 2621 1237; x_wconf 80' lang='grc' dir='ltr'><strong>Εη’.</strong></span> <span class='ocrx_word' id='word_1_135' title='bbox 2655 1166 2730 1219; x_wconf 83' lang='grc' dir='ltr'><strong>Οὐ</strong></span> <span class='ocrx_word' id='word_1_136' title='bbox 2776 1166 2865 1219; x_wconf 67' lang='grc' dir='ltr'>διὲι</span> <span class='ocrx_word' id='word_1_137' title='bbox 2918 1164 3140 1221; x_wconf 81' lang='grc' dir='ltr'><strong>σκοπῶν</strong></span> <span class='ocrx_word' id='word_1_138' title='bbox 3188 1166 3272 1218; x_wconf 82' lang='grc' dir='ltr'><strong>δεῖ</strong></span> <span class='ocrx_word' id='word_1_139' title='bbox 3328 1163 3487 1234; x_wconf 86' lang='grc' dir='ltr'>μόνον</span> <span class='ocrx_word' id='word_1_140' title='bbox 3532 1163 3873 1233; x_wconf 79' lang='grc' dir='ltr'>προερευνᾷν</span> <span class='ocrx_word' id='word_1_141' title='bbox 3931 1160 4033 1222; x_wconf 71' lang='grc' dir='ltr'><strong>τὰς</strong></span> 
     </span>
    </p>
   </div>
   <div class='ocr_carea' id='block_1_25' title="bbox 2449 1252 4032 1321">
    <p class='ocr_par' dir='ltr' id='par_1_25' title="bbox 2449 1252 4032 1321">
     <span class='ocr_line' id='line_1_25' title="bbox 2449 1252 4032 1321; baseline -0.004 -12"><span class='ocrx_word' id='word_1_142' title='bbox 2449 1257 2622 1320; x_wconf 77' lang='grc' dir='ltr'>ὁδοὺς,</span> <span class='ocrx_word' id='word_1_143' title='bbox 2655 1256 2792 1310; x_wconf 86' lang='grc' dir='ltr'><strong>ἀλλά</strong></span> <span class='ocrx_word' id='word_1_144' title='bbox 2835 1258 2927 1309; x_wconf 79' lang='grc' dir='ltr'>καὶ</span> <span class='ocrx_word' id='word_1_145' title='bbox 2980 1256 3164 1320; x_wconf 83' lang='grc' dir='ltr'>αὐτὸν,</span> <span class='ocrx_word' id='word_1_146' title='bbox 3200 1256 3249 1306; x_wconf 90' lang='grc' dir='ltr'>εί</span> <span class='ocrx_word' id='word_1_147' title='bbox 3281 1253 3523 1319; x_wconf 79' lang='grc' dir='ltr'>δυνατὸν,</span> <span class='ocrx_word' id='word_1_148' title='bbox 3576 1252 3671 1305; x_wconf 86' lang='grc' dir='ltr'><strong>τδν</strong></span> <span class='ocrx_word' id='word_1_149' title='bbox 3719 1252 4032 1321; x_wconf 81' lang='grc' dir='ltr'>στρατηγδν</span> 
     </span>
    </p>
   </div>
   <div class='ocr_carea' id='block_1_26' title="bbox 2448 1344 4033 1418">
    <p class='ocr_par' dir='ltr' id='par_1_26' title="bbox 2448 1344 4033 1418">
     <span class='ocr_line' id='line_1_26' title="bbox 2448 1344 4033 1418; baseline -0.005 -16"><span class='ocrx_word' id='word_1_150' title='bbox 2448 1347 2719 1418; x_wconf 72' lang='grc' dir='ltr'><strong>λαθραίως</strong></span> <span class='ocrx_word' id='word_1_151' title='bbox 2762 1350 2878 1411; x_wconf 86' lang='grc' dir='ltr'>τοῖς</span> <span class='ocrx_word' id='word_1_152' title='bbox 2922 1348 3146 1410; x_wconf 73' lang='grc' dir='ltr'><strong>οἰκείοις</strong></span> <span class='ocrx_word' id='word_1_153' title='bbox 3199 1344 3503 1416; x_wconf 76' lang='grc' dir='ltr'>ὀφθαλμοῖς</span> <span class='ocrx_word' id='word_1_154' title='bbox 3555 1345 3695 1414; x_wconf 83' lang='grc' dir='ltr'><strong>μετά</strong></span> <span class='ocrx_word' id='word_1_155' title='bbox 3744 1344 4033 1415; x_wconf 85' lang='grc' dir='ltr'>ἀκριϐείας</span> 
     </span>
    </p>
   </div>
   <div class='ocr_carea' id='block_1_27' title="bbox 2444 1437 4020 1508">
    <p class='ocr_par' dir='ltr' id='par_1_27' title="bbox 2444 1437 4020 1508">
     <span class='ocr_line' id='line_1_27' title="bbox 2444 1437 4020 1508; baseline -0.003 -17"><span class='ocrx_word' id='word_1_156' title='bbox 2444 1440 2650 1503; x_wconf 88' lang='grc' dir='ltr'>ταύτας</span> <span class='ocrx_word' id='word_1_157' title='bbox 2708 1442 3025 1493; x_wconf 76' lang='grc' dir='ltr'><strong>κατανοεῖν·</strong></span> <span class='ocrx_word' id='word_1_158' title='bbox 3094 1439 3190 1493; x_wconf 76' lang='grc' dir='ltr'>καὶ</span> <span class='ocrx_word' id='word_1_159' title='bbox 3212 1439 3272 1491; x_wconf 72' lang='grc' dir='ltr'><strong>οὗ</strong></span> <span class='ocrx_word' id='word_1_160' title='bbox 3310 1439 3472 1508; x_wconf 86' lang='grc' dir='ltr'>μόνον</span> <span class='ocrx_word' id='word_1_161' title='bbox 3520 1439 3617 1501; x_wconf 75' lang='grc' dir='ltr'><strong>τὰς</strong></span> <span class='ocrx_word' id='word_1_162' title='bbox 3666 1438 3847 1502; x_wconf 82' lang='grc' dir='ltr'>ὁδοὺς,</span> <span class='ocrx_word' id='word_1_163' title='bbox 3904 1437 4020 1489; x_wconf 85' lang='grc' dir='ltr'>ἀλλ’</span> 
     </span>
    </p>
   </div>
   <div class='ocr_carea' id='block_1_28' title="bbox 2446 1526 4028 1597">
    <p class='ocr_par' dir='ltr' id='par_1_28' title="bbox 2446 1526 4028 1597">
     <span class='ocr_line' id='line_1_28' title="bbox 2446 1526 4028 1597; baseline -0.003 -16"><span class='ocrx_word' id='word_1_164' title='bbox 2446 1531 2561 1597; x_wconf 75' lang='grc' dir='ltr'>εἴγε</span> <span class='ocrx_word' id='word_1_165' title='bbox 2608 1530 2831 1584; x_wconf 77' lang='grc' dir='ltr'>δυνατὸν</span> <span class='ocrx_word' id='word_1_166' title='bbox 2888 1528 3068 1582; x_wconf 77' lang='grc' dir='ltr'>καὶτὸ</span> <span class='ocrx_word' id='word_1_167' title='bbox 3096 1528 3301 1597; x_wconf 81' lang='grc' dir='ltr'>πλῆθος</span> <span class='ocrx_word' id='word_1_168' title='bbox 3362 1527 3471 1580; x_wconf 82' lang='grc' dir='ltr'>τῶν</span> <span class='ocrx_word' id='word_1_169' title='bbox 3502 1526 3889 1597; x_wconf 68' lang='grc' dir='ltr'><strong>ἐπερχομένων</strong></span> <span class='ocrx_word' id='word_1_170' title='bbox 3931 1541 4028 1577; x_wconf 68' lang='grc' dir='ltr'><strong>ποι</strong></span> 
     </span>
    </p>
   </div>
   <div class='ocr_carea' id='block_1_29' title="bbox 2446 1616 4035 1691">
    <p class='ocr_par' dir='ltr' id='par_1_29' title="bbox 2446 1616 4035 1691">
     <span class='ocr_line' id='line_1_29' title="bbox 2446 1616 4035 1691; baseline -0.004 -18"><span class='ocrx_word' id='word_1_171' title='bbox 2446 1622 2669 1690; x_wconf 86' lang='grc' dir='ltr'>λεμίων,</span> <span class='ocrx_word' id='word_1_172' title='bbox 2722 1624 2817 1674; x_wconf 66' lang='grc' dir='ltr'>καὶ</span> <span class='ocrx_word' id='word_1_173' title='bbox 2873 1621 2971 1691; x_wconf 77' lang='grc' dir='ltr'><strong>τὴν</strong></span> <span class='ocrx_word' id='word_1_174' title='bbox 3033 1620 3190 1685; x_wconf 80' lang='grc' dir='ltr'><strong>τάξιν</strong></span> <span class='ocrx_word' id='word_1_175' title='bbox 3245 1621 3469 1681; x_wconf 74' lang='grc' dir='ltr'>αὐτῶν,</span> <span class='ocrx_word' id='word_1_176' title='bbox 3538 1620 3614 1681; x_wconf 84' lang='grc' dir='ltr'><strong>ὡς</strong></span> <span class='ocrx_word' id='word_1_177' title='bbox 3668 1619 3733 1670; x_wconf 84' lang='grc' dir='ltr'>ἂν</span> <span class='ocrx_word' id='word_1_178' title='bbox 3784 1616 4035 1670; x_wconf 76' lang='grc' dir='ltr'>ἐντεῦθεν</span> 
     </span>
    </p>
   </div>
   <div class='ocr_carea' id='block_1_30' title="bbox 2444 1708 4035 1780">
    <p class='ocr_par' dir='ltr' id='par_1_30' title="bbox 2444 1708 4035 1780">
     <span class='ocr_line' id='line_1_30' title="bbox 2444 1708 4035 1780; baseline -0.003 -17"><span class='ocrx_word' id='word_1_179' title='bbox 2444 1711 2829 1780; x_wconf 84' lang='grc' dir='ltr'>διδασκόμενος</span> <span class='ocrx_word' id='word_1_180' title='bbox 2888 1711 3112 1763; x_wconf 88' lang='grc' dir='ltr'>δύναται</span> <span class='ocrx_word' id='word_1_181' title='bbox 3162 1710 3254 1762; x_wconf 82' lang='grc' dir='ltr'><strong>καὶ</strong></span> <span class='ocrx_word' id='word_1_182' title='bbox 3334 1712 3456 1763; x_wconf 81' lang='grc' dir='ltr'>κατ’</span> <span class='ocrx_word' id='word_1_183' title='bbox 3513 1710 3692 1764; x_wconf 78' lang='grc' dir='ltr'>αὐτῶν</span> <span class='ocrx_word' id='word_1_184' title='bbox 3751 1709 3846 1761; x_wconf 68' lang='grc' dir='ltr'>καὶ</span> <span class='ocrx_word' id='word_1_185' title='bbox 3896 1708 4035 1773; x_wconf 68' lang='grc' dir='ltr'>ὑπὲρ</span> 
     </span>
    </p>
   </div>
   <div class='ocr_carea' id='block_1_31' title="bbox 2446 1800 4036 1873">
    <p class='ocr_par' dir='ltr' id='par_1_31' title="bbox 2446 1800 4036 1873">
     <span class='ocr_line' id='line_1_31' title="bbox 2446 1800 4036 1873; baseline -0.003 -18"><span class='ocrx_word' id='word_1_186' title='bbox 2446 1803 2637 1856; x_wconf 78' lang='grc' dir='ltr'>ἑαυτοῦ</span> <span class='ocrx_word' id='word_1_187' title='bbox 2691 1802 2948 1873; x_wconf 81' lang='grc' dir='ltr'>ἀσφαλῶς</span> <span class='ocrx_word' id='word_1_188' title='bbox 3004 1803 3072 1856; x_wconf 82' lang='grc' dir='ltr'><strong>τὰ</strong></span> <span class='ocrx_word' id='word_1_189' title='bbox 3105 1800 3429 1872; x_wconf 74' lang='grc' dir='ltr'><strong>ἐνδεχόμενα</strong></span> <span class='ocrx_word' id='word_1_190' title='bbox 3481 1804 3715 1855; x_wconf 76' lang='grc' dir='ltr'><strong>ἐπινοεῖν</strong></span> <span class='ocrx_word' id='word_1_191' title='bbox 3766 1801 3866 1854; x_wconf 72' lang='grc' dir='ltr'>καὶ</span> <span class='ocrx_word' id='word_1_192' title='bbox 3906 1801 4036 1868; x_wconf 84' lang='grc' dir='ltr'>μεθ-</span> 
     </span>
    </p>
   </div>
   <div class='ocr_carea' id='block_1_32' title="bbox 2372 1889 2665 1948">
    <p class='ocr_par' dir='ltr' id='par_1_32' title="bbox 2372 1889 2665 1948">
     <span class='ocr_line' id='line_1_32' title="bbox 2372 1889 2665 1948; baseline 0.017 -4"><span class='ocrx_word' id='word_1_193' title='bbox 2372 1889 2413 1944; x_wconf 83' lang='grc' dir='ltr'><strong>Β</strong></span> <span class='ocrx_word' id='word_1_194' title='bbox 2442 1894 2665 1948; x_wconf 87' lang='grc' dir='ltr'>οδεύειν.</span> 
     </span>
    </p>
   </div>
   <div class='ocr_carea' id='block_1_33' title="bbox 834 1979 2345 2048">
    <p class='ocr_par' dir='ltr' id='par_1_33' title="bbox 834 1979 2345 2048">
     <span class='ocr_line' id='line_1_33' title="bbox 834 1979 2345 2048; baseline -0.003 -9"><span class='ocrx_word' id='word_1_195' title='bbox 834 1984 921 2039; x_wconf 82' lang='grc'><strong>69.</strong></span> <span class='ocrx_word' id='word_1_196' title='bbox 968 1984 1336 2040; x_wconf 83' lang='lat' dir='ltr'><strong>Formidinem</strong></span> <span class='ocrx_word' id='word_1_197' title='bbox 1385 1984 1647 2048; x_wconf 85' lang='lat' dir='ltr'><strong>militum,</strong></span> <span class='ocrx_word' id='word_1_198' title='bbox 1672 1995 1736 2037; x_wconf 85' lang='lat' dir='ltr'><strong>ac</strong></span> <span class='ocrx_word' id='word_1_199' title='bbox 1786 1982 2091 2035; x_wconf 83' lang='lat' dir='ltr'><strong>animorum</strong></span> <span class='ocrx_word' id='word_1_200' title='bbox 2138 1979 2345 2034; x_wconf 83' lang='lat' dir='ltr'><strong>demis-</strong></span> 
     </span>
    </p>
   </div>
   <div class='ocr_carea' id='block_1_34' title="bbox 766 2068 2346 2146">
    <p class='ocr_par' dir='ltr' id='par_1_34' title="bbox 766 2068 2346 2146">
     <span class='ocr_line' id='line_1_34' title="bbox 766 2068 2346 2146; baseline -0.005 -17"><span class='ocrx_word' id='word_1_201' title='bbox 766 2076 975 2130; x_wconf 81' lang='lat' dir='ltr'><strong>sionem</strong></span> <span class='ocrx_word' id='word_1_202' title='bbox 1013 2074 1079 2131; x_wconf 91' lang='lat' dir='ltr'><strong>ad</strong></span> <span class='ocrx_word' id='word_1_203' title='bbox 1106 2075 1539 2146; x_wconf 76' lang='lat' dir='ltr'><strong>magnitudinem</strong></span> <span class='ocrx_word' id='word_1_204' title='bbox 1571 2072 1739 2127; x_wconf 90' lang='lat' dir='ltr'><strong>animi</strong></span> <span class='ocrx_word' id='word_1_205' title='bbox 1776 2068 2079 2130; x_wconf 78' lang='lat' dir='ltr'><strong>revocabis,</strong></span> <span class='ocrx_word' id='word_1_206' title='bbox 2113 2077 2166 2122; x_wconf 92' lang='lat' dir='ltr'><strong>et</strong></span> <span class='ocrx_word' id='word_1_207' title='bbox 2212 2068 2346 2121; x_wconf 87' lang='lat' dir='ltr'><strong>arti-</strong></span> 
     </span>
    </p>
   </div>
   <div class='ocr_carea' id='block_1_35' title="bbox 765 2161 2343 2237">
    <p class='ocr_par' dir='ltr' id='par_1_35' title="bbox 765 2161 2343 2237">
     <span class='ocr_line' id='line_1_35' title="bbox 765 2161 2343 2237; baseline -0.004 -18"><span class='ocrx_word' id='word_1_208' title='bbox 765 2169 868 2237; x_wconf 83' lang='lat' dir='ltr'><strong>bus</strong></span> <span class='ocrx_word' id='word_1_209' title='bbox 900 2168 1089 2230; x_wconf 83' lang='lat' dir='ltr'><strong>variis,</strong></span> <span class='ocrx_word' id='word_1_210' title='bbox 1124 2183 1187 2221; x_wconf 90' lang='lat' dir='ltr'><strong>ac</strong></span> <span class='ocrx_word' id='word_1_211' title='bbox 1236 2165 1415 2221; x_wconf 86' lang='lat' dir='ltr'><strong>modis</strong></span> <span class='ocrx_word' id='word_1_212' title='bbox 1478 2164 1606 2217; x_wconf 87' lang='lat' dir='ltr'><strong>illos</strong></span> <span class='ocrx_word' id='word_1_213' title='bbox 1651 2161 2035 2221; x_wconf 79' lang='lat' dir='ltr'><strong>exsuscitabis,</strong></span> <span class='ocrx_word' id='word_1_214' title='bbox 2072 2161 2343 2214; x_wconf 88' lang='lat' dir='ltr'><strong>interdum</strong></span> 
     </span>
    </p>
   </div>
   <div class='ocr_carea' id='block_1_36' title="bbox 763 2251 2349 2319">
    <p class='ocr_par' dir='ltr' id='par_1_36' title="bbox 763 2251 2349 2319">
     <span class='ocr_line' id='line_1_36' title="bbox 763 2251 2349 2319; baseline -0.003 -10"><span class='ocrx_word' id='word_1_215' title='bbox 763 2256 1035 2319; x_wconf 88' lang='lat' dir='ltr'><strong>oratione.</strong></span> <span class='ocrx_word' id='word_1_216' title='bbox 1098 2255 1372 2311; x_wconf 87' lang='lat' dir='ltr'><strong>interdum</strong></span> <span class='ocrx_word' id='word_1_217' title='bbox 1428 2253 1591 2310; x_wconf 88' lang='lat' dir='ltr'><strong>donis</strong></span> <span class='ocrx_word' id='word_1_218' title='bbox 1633 2251 1972 2315; x_wconf 79' lang='lat' dir='ltr'><strong>sublevabis,</strong></span> <span class='ocrx_word' id='word_1_219' title='bbox 2001 2258 2053 2306; x_wconf 87' lang='lat' dir='ltr'><strong>et</strong></span> <span class='ocrx_word' id='word_1_220' title='bbox 2106 2252 2349 2319; x_wconf 79' lang='lat' dir='ltr'><strong>abjectas</strong></span> 
     </span>
    </p>
   </div>
   <div class='ocr_carea' id='block_1_37' title="bbox 765 2342 2349 2415">
    <p class='ocr_par' dir='ltr' id='par_1_37' title="bbox 765 2342 2349 2415">
     <span class='ocr_line' id='line_1_37' title="bbox 765 2342 2349 2415; baseline -0.002 -14"><span class='ocrx_word' id='word_1_221' title='bbox 765 2349 985 2401; x_wconf 87' lang='lat' dir='ltr'><strong>illorum</strong></span> <span class='ocrx_word' id='word_1_222' title='bbox 1062 2357 1274 2402; x_wconf 90' lang='lat' dir='ltr'><strong>mentes</strong></span> <span class='ocrx_word' id='word_1_223' title='bbox 1354 2346 1423 2401; x_wconf 85' lang='lat' dir='ltr'><strong>ad</strong></span> <span class='ocrx_word' id='word_1_224' title='bbox 1490 2346 1728 2415; x_wconf 82' lang='lat' dir='ltr'><strong>aliquam</strong></span> <span class='ocrx_word' id='word_1_225' title='bbox 1781 2342 2232 2413; x_wconf 71' lang='lat' dir='ltr'><strong>tranquillitatem</strong></span> <span class='ocrx_word' id='word_1_226' title='bbox 2287 2357 2349 2399; x_wconf 88' lang='lat' dir='ltr'><strong>ac</strong></span> 
     </span>
    </p>
   </div>
   <div class='ocr_carea' id='block_1_38' title="bbox 765 2440 1372 2509">
    <p class='ocr_par' dir='ltr' id='par_1_38' title="bbox 765 2440 1372 2509">
     <span class='ocr_line' id='line_1_38' title="bbox 765 2440 1372 2509; baseline -0.005 -15"><span class='ocrx_word' id='word_1_227' title='bbox 765 2442 1145 2496; x_wconf 79' lang='lat' dir='ltr'><strong>strenuitatem</strong></span> <span class='ocrx_word' id='word_1_228' title='bbox 1171 2440 1372 2509; x_wconf 77' lang='lat' dir='ltr'><strong>criges.</strong></span> 
     </span>
    </p>
   </div>
   <div class='ocr_carea' id='block_1_39' title="bbox 836 2524 2349 2599">
    <p class='ocr_par' dir='ltr' id='par_1_39' title="bbox 836 2524 2349 2599">
     <span class='ocr_line' id='line_1_39' title="bbox 836 2524 2349 2599; baseline -0.001 -18"><span class='ocrx_word' id='word_1_229' title='bbox 836 2530 925 2585; x_wconf 84' lang='lat'><strong>70.</strong></span> <span class='ocrx_word' id='word_1_230' title='bbox 992 2530 1187 2599; x_wconf 79' lang='lat' dir='ltr'><strong>Aliqua</strong></span> <span class='ocrx_word' id='word_1_231' title='bbox 1238 2529 1404 2583; x_wconf 89' lang='lat' dir='ltr'><strong>etiam</strong></span> <span class='ocrx_word' id='word_1_232' title='bbox 1461 2540 1743 2583; x_wconf 84' lang='lat' dir='ltr'><strong>sacrorum</strong></span> <span class='ocrx_word' id='word_1_233' title='bbox 1806 2524 2132 2594; x_wconf 86' lang='lat' dir='ltr'><strong>templorum</strong></span> <span class='ocrx_word' id='word_1_234' title='bbox 2186 2534 2349 2595; x_wconf 88' lang='lat' dir='ltr'><strong>atque</strong></span> 
     </span>
    </p>
   </div>
   <div class='ocr_carea' id='block_1_40' title="bbox 767 2616 2342 2689">
    <p class='ocr_par' dir='ltr' id='par_1_40' title="bbox 767 2616 2342 2689">
     <span class='ocr_line' id='line_1_40' title="bbox 767 2616 2342 2689; baseline -0.005 -12"><span class='ocrx_word' id='word_1_235' title='bbox 767 2621 1030 2677; x_wconf 83' lang='lat' dir='ltr'><strong>asilorum</strong></span> <span class='ocrx_word' id='word_1_236' title='bbox 1084 2620 1275 2689; x_wconf 75' lang='lat' dir='ltr'><strong>religio</strong></span> <span class='ocrx_word' id='word_1_237' title='bbox 1310 2620 1401 2683; x_wconf 86' lang='lat' dir='ltr'><strong>sit,</strong></span> <span class='ocrx_word' id='word_1_238' title='bbox 1452 2628 1507 2673; x_wconf 89' lang='lat' dir='ltr'><strong>et</strong></span> <span class='ocrx_word' id='word_1_239' title='bbox 1549 2627 1971 2683; x_wconf 88' lang='lat' dir='ltr'><strong>conserventur,</strong></span> <span class='ocrx_word' id='word_1_240' title='bbox 2021 2619 2118 2686; x_wconf 87' lang='lat' dir='ltr'><strong>qui</strong></span> <span class='ocrx_word' id='word_1_241' title='bbox 2165 2616 2232 2671; x_wconf 84' lang='lat' dir='ltr'><strong>ad</strong></span> <span class='ocrx_word' id='word_1_242' title='bbox 2279 2631 2342 2671; x_wconf 88' lang='lat' dir='ltr'><strong>ea</strong></span> 
     </span>
    </p>
   </div>
   <div class='ocr_carea' id='block_1_41' title="bbox 765 2705 2339 2781">
    <p class='ocr_par' dir='ltr' id='par_1_41' title="bbox 765 2705 2339 2781">
     <span class='ocr_line' id='line_1_41' title="bbox 765 2705 2339 2781; baseline -0.003 -16"><span class='ocrx_word' id='word_1_243' title='bbox 765 2713 883 2766; x_wconf 88' lang='lat' dir='ltr'><strong>loca</strong></span> <span class='ocrx_word' id='word_1_244' title='bbox 916 2709 1319 2781; x_wconf 73' lang='lat' dir='ltr'><strong>profugerunt:</strong></span> <span class='ocrx_word' id='word_1_245' title='bbox 1366 2724 1542 2779; x_wconf 90' lang='lat' dir='ltr'><strong>neque</strong></span> <span class='ocrx_word' id='word_1_246' title='bbox 1587 2716 1645 2761; x_wconf 91' lang='lat' dir='ltr'><strong>tu</strong></span> <span class='ocrx_word' id='word_1_247' title='bbox 1702 2720 1880 2776; x_wconf 87' lang='lat' dir='ltr'><strong>neque</strong></span> <span class='ocrx_word' id='word_1_248' title='bbox 1931 2721 1997 2761; x_wconf 77' lang='lat' dir='ltr'><strong>ex</strong></span> <span class='ocrx_word' id='word_1_249' title='bbox 2040 2707 2150 2760; x_wconf 83' lang='lat' dir='ltr'><strong>tuis</strong></span> <span class='ocrx_word' id='word_1_250' title='bbox 2182 2705 2339 2775; x_wconf 83' lang='lat' dir='ltr'><strong>quis-</strong></span> 
     </span>
    </p>
   </div>
   <div class='ocr_carea' id='block_1_42' title="bbox 765 2796 2339 2872">
    <p class='ocr_par' dir='ltr' id='par_1_42' title="bbox 765 2796 2339 2872">
     <span class='ocr_line' id='line_1_42' title="bbox 765 2796 2339 2872; baseline -0.002 -16"><span class='ocrx_word' id='word_1_251' title='bbox 765 2816 928 2872; x_wconf 89' lang='lat' dir='ltr'><strong>quam</strong></span> <span class='ocrx_word' id='word_1_252' title='bbox 957 2817 1072 2864; x_wconf 89' lang='lat' dir='ltr'><strong>eos,</strong></span> <span class='ocrx_word' id='word_1_253' title='bbox 1106 2801 1199 2870; x_wconf 88' lang='lat' dir='ltr'><strong>qui</strong></span> <span class='ocrx_word' id='word_1_254' title='bbox 1260 2800 1325 2855; x_wconf 90' lang='lat' dir='ltr'><strong>ad</strong></span> <span class='ocrx_word' id='word_1_255' title='bbox 1375 2814 1529 2855; x_wconf 87' lang='lat' dir='ltr'><strong>sacra</strong></span> <span class='ocrx_word' id='word_1_256' title='bbox 1586 2797 1953 2864; x_wconf 75' lang='lat' dir='ltr'><strong>confugerunt</strong></span> <span class='ocrx_word' id='word_1_257' title='bbox 1997 2796 2190 2853; x_wconf 86' lang='lat' dir='ltr'><strong>violes.</strong></span> <span class='ocrx_word' id='word_1_258' title='bbox 2228 2796 2339 2853; x_wconf 87' lang='lat' dir='ltr'><strong>Eos</strong></span> 
     </span>
    </p>
   </div>
   <div class='ocr_carea' id='block_1_43' title="bbox 765 2886 2340 2959">
    <p class='ocr_par' dir='ltr' id='par_1_43' title="bbox 765 2886 2340 2959">
     <span class='ocr_line' id='line_1_43' title="bbox 765 2886 2340 2959; baseline -0.001 -16"><span class='ocrx_word' id='word_1_259' title='bbox 765 2898 971 2955; x_wconf 76' lang='lat' dir='ltr'><strong>autem,</strong></span> <span class='ocrx_word' id='word_1_260' title='bbox 1020 2890 1111 2959; x_wconf 89' lang='lat' dir='ltr'><strong>qui</strong></span> <span class='ocrx_word' id='word_1_261' title='bbox 1150 2889 1259 2946; x_wconf 84' lang='lat' dir='ltr'><strong>tale</strong></span> <span class='ocrx_word' id='word_1_262' title='bbox 1315 2888 1521 2957; x_wconf 85' lang='lat' dir='ltr'><strong>aliquid</strong></span> <span class='ocrx_word' id='word_1_263' title='bbox 1582 2895 1821 2956; x_wconf 68' lang='lat' dir='ltr'><strong>pati-ant,</strong></span> <span class='ocrx_word' id='word_1_264' title='bbox 1872 2886 2024 2956; x_wconf 85' lang='lat' dir='ltr'><strong>justo</strong></span> <span class='ocrx_word' id='word_1_265' title='bbox 2074 2886 2340 2957; x_wconf 72' lang='lat' dir='ltr'><strong>supplicio</strong></span> 
     </span>
    </p>
   </div>
   <div class='ocr_carea' id='block_1_44' title="bbox 763 2985 1068 3040">
    <p class='ocr_par' dir='ltr' id='par_1_44' title="bbox 763 2985 1068 3040">
     <span class='ocr_line' id='line_1_44' title="bbox 763 2985 1068 3040; baseline -0.003 -1"><span class='ocrx_word' id='word_1_266' title='bbox 763 2985 1068 3040; x_wconf 86' lang='lat' dir='ltr'><strong>cocrcebis.</strong></span> 
     </span>
    </p>
   </div>
   <div class='ocr_carea' id='block_1_45' title="bbox 2530 1982 4039 2056">
    <p class='ocr_par' dir='ltr' id='par_1_45' title="bbox 2530 1982 4039 2056">
     <span class='ocr_line' id='line_1_45' title="bbox 2530 1982 4039 2056; baseline -0.001 -20"><span class='ocrx_word' id='word_1_267' title='bbox 2530 1982 2627 2049; x_wconf 72' lang='grc' dir='ltr'><strong>ξθν.</strong></span> <span class='ocrx_word' id='word_1_268' title='bbox 2675 1984 2885 2055; x_wconf 78' lang='grc' dir='ltr'>’Υψηλῇ</span> <span class='ocrx_word' id='word_1_269' title='bbox 2931 1983 3144 2056; x_wconf 78' lang='grc' dir='ltr'>διανοίᾳ</span> <span class='ocrx_word' id='word_1_270' title='bbox 3172 1986 3271 2055; x_wconf 79' lang='grc' dir='ltr'><strong>τὴν</strong></span> <span class='ocrx_word' id='word_1_271' title='bbox 3306 1986 3729 2054; x_wconf 75' lang='grc' dir='ltr'>ἐμπεσουμὲνην</span> <span class='ocrx_word' id='word_1_272' title='bbox 3779 1997 3912 2037; x_wconf 78' lang='grc' dir='ltr'>ποτε</span> <span class='ocrx_word' id='word_1_273' title='bbox 3933 1983 4039 2036; x_wconf 81' lang='grc' dir='ltr'>δει-</span> 
     </span>
    </p>
   </div>
   <div class='ocr_carea' id='block_1_46' title="bbox 2455 2072 4039 2145">
    <p class='ocr_par' dir='ltr' id='par_1_46' title="bbox 2455 2072 4039 2145">
     <span class='ocr_line' id='line_1_46' title="bbox 2455 2072 4039 2145; baseline -0.002 -18"><span class='ocrx_word' id='word_1_274' title='bbox 2455 2074 2574 2128; x_wconf 88' lang='grc' dir='ltr'>λίαν</span> <span class='ocrx_word' id='word_1_275' title='bbox 2617 2077 2730 2138; x_wconf 89' lang='grc' dir='ltr'>τοῖς</span> <span class='ocrx_word' id='word_1_276' title='bbox 2775 2074 3135 2145; x_wconf 79' lang='grc' dir='ltr'><strong>στρατιώταις</strong></span> <span class='ocrx_word' id='word_1_277' title='bbox 3165 2073 3461 2138; x_wconf 78' lang='grc' dir='ltr'>ἀνακαλοῦ,</span> <span class='ocrx_word' id='word_1_278' title='bbox 3486 2074 3581 2128; x_wconf 60' lang='grc' dir='ltr'><strong>καὶ⁵</strong></span> <span class='ocrx_word' id='word_1_279' title='bbox 3608 2074 3825 2143; x_wconf 79' lang='grc' dir='ltr'>τέχναις</span> <span class='ocrx_word' id='word_1_280' title='bbox 3853 2072 4039 2140; x_wconf 75' lang='grc' dir='ltr'>διαφό-</span> 
     </span>
    </p>
   </div>
   <div class='ocr_carea' id='block_1_47' title="bbox 2459 2164 4037 2239">
    <p class='ocr_par' dir='ltr' id='par_1_47' title="bbox 2459 2164 4037 2239">
     <span class='ocr_line' id='line_1_47' title="bbox 2459 2164 4037 2239; baseline -0.002 -20"><span class='ocrx_word' id='word_1_281' title='bbox 2459 2184 2575 2239; x_wconf 88' lang='grc' dir='ltr'>ροις</span> <span class='ocrx_word' id='word_1_282' title='bbox 2631 2167 2711 2228; x_wconf 88' lang='grc' dir='ltr'><strong>είς</strong></span> <span class='ocrx_word' id='word_1_283' title='bbox 2760 2166 2961 2236; x_wconf 83' lang='grc' dir='ltr'>Θάρσος</span> <span class='ocrx_word' id='word_1_284' title='bbox 2992 2170 3216 2230; x_wconf 79' lang='grc' dir='ltr'><strong>τούτους</strong></span> <span class='ocrx_word' id='word_1_285' title='bbox 3241 2169 3504 2235; x_wconf 81' lang='grc' dir='ltr'><strong>ἐπάναγε,</strong></span> <span class='ocrx_word' id='word_1_286' title='bbox 3539 2166 3671 2220; x_wconf 79' lang='grc' dir='ltr'><strong>ποτὲ</strong></span> <span class='ocrx_word' id='word_1_287' title='bbox 3708 2166 3809 2235; x_wconf 83' lang='grc' dir='ltr'>μὲν</span> <span class='ocrx_word' id='word_1_288' title='bbox 3836 2164 4037 2232; x_wconf 83' lang='grc' dir='ltr'>λόγοις.</span> 
     </span>
    </p>
   </div>
   <div class='ocr_carea' id='block_1_48' title="bbox 2456 2254 4040 2328">
    <p class='ocr_par' dir='ltr' id='par_1_48' title="bbox 2456 2254 4040 2328">
     <span class='ocr_line' id='line_1_48' title="bbox 2456 2254 4040 2328; baseline -0.001 -19"><span class='ocrx_word' id='word_1_289' title='bbox 2456 2257 2586 2310; x_wconf 85' lang='grc' dir='ltr'>ποτέ</span> <span class='ocrx_word' id='word_1_290' title='bbox 2608 2257 2666 2311; x_wconf 80' lang='grc' dir='ltr'>δὲ</span> <span class='ocrx_word' id='word_1_291' title='bbox 2694 2255 2890 2328; x_wconf 87' lang='grc' dir='ltr'>δώροις</span> <span class='ocrx_word' id='word_1_292' title='bbox 2940 2258 3348 2326; x_wconf 87' lang='grc' dir='ltr'>ἀνακτώμενος,</span> <span class='ocrx_word' id='word_1_293' title='bbox 3408 2258 3505 2312; x_wconf 75' lang='grc' dir='ltr'>καὶ</span> <span class='ocrx_word' id='word_1_294' title='bbox 3562 2257 3700 2328; x_wconf 74' lang='grc' dir='ltr'>πρὸς</span> <span class='ocrx_word' id='word_1_295' title='bbox 3774 2254 4040 2326; x_wconf 81' lang='grc' dir='ltr'>εὐθυμίαν</span> 
     </span>
    </p>
   </div>
   <div class='ocr_carea' id='block_1_49' title="bbox 2458 2348 3149 2420">
    <p class='ocr_par' dir='ltr' id='par_1_49' title="bbox 2458 2348 3149 2420">
     <span class='ocr_line' id='line_1_49' title="bbox 2458 2348 3149 2420; baseline 0.003 -18"><span class='ocrx_word' id='word_1_296' title='bbox 2458 2348 2739 2419; x_wconf 79' lang='grc' dir='ltr'>μεθέλκων</span> <span class='ocrx_word' id='word_1_297' title='bbox 2764 2348 2865 2418; x_wconf 79' lang='grc' dir='ltr'>τὴν</span> <span class='ocrx_word' id='word_1_298' title='bbox 2891 2349 3149 2420; x_wconf 89' lang='grc' dir='ltr'>ἀθυμίαν.</span> 
     </span>
    </p>
   </div>
   <div class='ocr_carea' id='block_1_50' title="bbox 2529 2529 4040 2604">
    <p class='ocr_par' dir='ltr' id='par_1_50' title="bbox 2529 2529 4040 2604">
     <span class='ocr_line' id='line_1_50' title="bbox 2529 2529 4040 2604; baseline 0.002 -22"><span class='ocrx_word' id='word_1_299' title='bbox 2529 2530 2596 2585; x_wconf 87' lang='grc' dir='ltr'><strong>θ’.</strong></span> <span class='ocrx_word' id='word_1_300' title='bbox 2638 2529 2838 2596; x_wconf 82' lang='grc' dir='ltr'>Καλὸν,</span> <span class='ocrx_word' id='word_1_301' title='bbox 2867 2529 2926 2584; x_wconf 82' lang='grc' dir='ltr'>ὲν</span> <span class='ocrx_word' id='word_1_302' title='bbox 2969 2532 3139 2585; x_wconf 73' lang='grc' dir='ltr'>παντὶ</span> <span class='ocrx_word' id='word_1_303' title='bbox 3194 2533 3375 2604; x_wconf 81' lang='grc' dir='ltr'>καιρῷ</span> <span class='ocrx_word' id='word_1_304' title='bbox 3424 2536 3591 2604; x_wconf 85' lang='grc' dir='ltr'>τιμᾷν</span> <span class='ocrx_word' id='word_1_305' title='bbox 3629 2534 3725 2587; x_wconf 77' lang='grc' dir='ltr'>καὶ</span> <span class='ocrx_word' id='word_1_306' title='bbox 3784 2532 4040 2586; x_wconf 74' lang='grc' dir='ltr'>σέϐεσθαι</span> 
     </span>
    </p>
   </div>
   <div class='ocr_carea' id='block_1_51' title="bbox 2450 2620 4043 2695">
    <p class='ocr_par' dir='ltr' id='par_1_51' title="bbox 2450 2620 4043 2695">
     <span class='ocr_line' id='line_1_51' title="bbox 2450 2620 4043 2695; baseline 0.001 -22"><span class='ocrx_word' id='word_1_307' title='bbox 2450 2620 2577 2684; x_wconf 80' lang='grc' dir='ltr'>τοὺς</span> <span class='ocrx_word' id='word_1_308' title='bbox 2618 2622 2797 2692; x_wconf 76' lang='grc' dir='ltr'>ἱεροὺς</span> <span class='ocrx_word' id='word_1_309' title='bbox 2841 2622 2937 2675; x_wconf 80' lang='grc' dir='ltr'>τοῦ</span> <span class='ocrx_word' id='word_1_310' title='bbox 2999 2623 3137 2678; x_wconf 84' lang='grc' dir='ltr'><strong>Θεοῦ</strong></span> <span class='ocrx_word' id='word_1_311' title='bbox 3187 2626 3374 2689; x_wconf 74' lang='grc' dir='ltr'>ναοὺς,</span> <span class='ocrx_word' id='word_1_312' title='bbox 3409 2626 3646 2695; x_wconf 77' lang='grc' dir='ltr'>μάλιστα</span> <span class='ocrx_word' id='word_1_313' title='bbox 3678 2626 3733 2679; x_wconf 83' lang='grc' dir='ltr'><strong>δέ</strong></span> <span class='ocrx_word' id='word_1_314' title='bbox 3764 2626 3865 2679; x_wconf 70' lang='grc' dir='ltr'>καὶ</span> <span class='ocrx_word' id='word_1_315' title='bbox 3887 2626 3947 2678; x_wconf 81' lang='grc' dir='ltr'>ἐν</span> <span class='ocrx_word' id='word_1_316' title='bbox 3968 2627 4043 2694; x_wconf 81' lang='grc' dir='ltr'><strong>τῷ</strong></span> 
     </span>
    </p>
   </div>
   <div class='ocr_carea' id='block_1_52' title="bbox 2447 2713 4044 2789">
    <p class='ocr_par' dir='ltr' id='par_1_52' title="bbox 2447 2713 4044 2789">
     <span class='ocr_line' id='line_1_52' title="bbox 2447 2713 4044 2789; baseline 0.001 -20"><span class='ocrx_word' id='word_1_317' title='bbox 2447 2713 2681 2780; x_wconf 83' lang='grc' dir='ltr'>ἀσύλους</span> <span class='ocrx_word' id='word_1_318' title='bbox 2702 2716 2904 2780; x_wconf 74' lang='grc' dir='ltr'>αὐτοὺς</span> <span class='ocrx_word' id='word_1_319' title='bbox 2932 2717 3308 2789; x_wconf 81' lang='grc' dir='ltr'>διατηρεῖσθαι</span> <span class='ocrx_word' id='word_1_320' title='bbox 3329 2720 3409 2782; x_wconf 83' lang='grc' dir='ltr'><strong>είς</strong></span> <span class='ocrx_word' id='word_1_321' title='bbox 3426 2720 3551 2780; x_wconf 74' lang='grc' dir='ltr'>τοὺς</span> <span class='ocrx_word' id='word_1_322' title='bbox 3578 2722 3636 2773; x_wconf 84' lang='grc' dir='ltr'><strong>ἐν</strong></span> <span class='ocrx_word' id='word_1_323' title='bbox 3658 2721 3843 2783; x_wconf 73' lang='grc' dir='ltr'>αὐτοῖς</span> <span class='ocrx_word' id='word_1_324' title='bbox 3875 2736 4044 2789; x_wconf 78' lang='grc' dir='ltr'>προσ-</span> 
     </span>
    </p>
   </div>
   <div class='ocr_carea' id='block_1_53' title="bbox 2445 2804 4047 2879">
    <p class='ocr_par' dir='ltr' id='par_1_53' title="bbox 2445 2804 4047 2879">
     <span class='ocr_line' id='line_1_53' title="bbox 2445 2804 4047 2879; baseline -0.007 -8"><span class='ocrx_word' id='word_1_325' title='bbox 2445 2804 2745 2873; x_wconf 72' lang='grc' dir='ltr'><strong>φεύγοντας</strong></span> <span class='ocrx_word' id='word_1_326' title='bbox 2764 2823 2783 2841; x_wconf 83' lang='grc'>⁶</span> <span class='ocrx_word' id='word_1_327' title='bbox 2814 2806 2902 2861; x_wconf 79' lang='grc' dir='ltr'><strong>διὰ</strong></span> <span class='ocrx_word' id='word_1_328' title='bbox 2928 2808 3084 2861; x_wconf 82' lang='grc' dir='ltr'>τοῦτο</span> <span class='ocrx_word' id='word_1_329' title='bbox 3106 2809 3514 2879; x_wconf 71' lang='grc' dir='ltr'>παραφύλαττε,</span> <span class='ocrx_word' id='word_1_330' title='bbox 3543 2804 3588 2864; x_wconf 81' lang='grc' dir='ltr'>ὦ</span> <span class='ocrx_word' id='word_1_331' title='bbox 3622 2809 3921 2879; x_wconf 75' lang='grc' dir='ltr'>πρατηγέ,</span> <span class='ocrx_word' id='word_1_332' title='bbox 3951 2809 4047 2862; x_wconf 83' lang='grc' dir='ltr'>καὶ</span> 
     </span>
    </p>
   </div>
   <div class='ocr_carea' id='block_1_54' title="bbox 2452 2894 4047 2971">
    <p class='ocr_par' dir='ltr' id='par_1_54' title="bbox 2452 2894 4047 2971">
     <span class='ocr_line' id='line_1_54' title="bbox 2452 2894 4047 2971; baseline 0.001 -23"><span class='ocrx_word' id='word_1_333' title='bbox 2452 2894 2587 2964; x_wconf 78' lang='grc' dir='ltr'>μήτε</span> <span class='ocrx_word' id='word_1_334' title='bbox 2617 2896 2683 2950; x_wconf 78' lang='grc' dir='ltr'>σὺ</span> <span class='ocrx_word' id='word_1_335' title='bbox 2714 2896 2899 2963; x_wconf 82' lang='grc' dir='ltr'>αὐτὸς,</span> <span class='ocrx_word' id='word_1_336' title='bbox 2962 2899 3103 2969; x_wconf 79' lang='grc' dir='ltr'>μήτε</span> <span class='ocrx_word' id='word_1_337' title='bbox 3141 2900 3222 2962; x_wconf 85' lang='grc' dir='ltr'><strong>εῖς</strong></span> <span class='ocrx_word' id='word_1_338' title='bbox 3246 2917 3369 2953; x_wconf 82' lang='grc' dir='ltr'>τινα</span> <span class='ocrx_word' id='word_1_339' title='bbox 3404 2900 3592 2970; x_wconf 71' lang='grc' dir='ltr'><strong>ἓτερον</strong></span> <span class='ocrx_word' id='word_1_340' title='bbox 3638 2896 3914 2971; x_wconf 53' lang='lat' dir='ltr'><strong>muses!)</strong></span> <span class='ocrx_word' id='word_1_341' title='bbox 3939 2898 4047 2951; x_wconf 71' lang='grc' dir='ltr'>ἀπὸ</span> 
     </span>
    </p>
   </div>
   <div class='ocr_carea' id='block_1_55' title="bbox 2451 2982 4046 3059">
    <p class='ocr_par' dir='ltr' id='par_1_55' title="bbox 2451 2982 4046 3059">
     <span class='ocr_line' id='line_1_55' title="bbox 2451 2982 4046 3059; baseline 0.01 -23"><span class='ocrx_word' id='word_1_342' title='bbox 2451 2982 2599 3059; x_wconf 84' lang='grc' dir='ltr'>θείου</span> <span class='ocrx_word' id='word_1_343' title='bbox 2656 2987 2786 3041; x_wconf 86' lang='grc' dir='ltr'>ναοῦ</span> <span class='ocrx_word' id='word_1_344' title='bbox 2842 2989 3162 3043; x_wconf 79' lang='grc' dir='ltr'>ἀποσπᾶσαί</span> <span class='ocrx_word' id='word_1_345' title='bbox 3192 3007 3315 3043; x_wconf 88' lang='grc' dir='ltr'>τινα</span> <span class='ocrx_word' id='word_1_346' title='bbox 3347 2991 3533 3057; x_wconf 81' lang='grc' dir='ltr'>ίκέτην</span> <span class='ocrx_word' id='word_1_347' title='bbox 3578 2991 3914 3059; x_wconf 81' lang='grc' dir='ltr'>καθήμενον,</span> <span class='ocrx_word' id='word_1_348' title='bbox 3942 2991 4046 3051; x_wconf 70' lang='grc' dir='ltr'><strong>ἕως</strong></span> 
     </span>
    </p>
   </div>
   <div class='ocr_carea' id='block_1_56' title="bbox 766 3073 4045 3158">
    <p class='ocr_par' dir='ltr' id='par_1_56' title="bbox 766 3073 4045 3158">
     <span class='ocr_line' id='line_1_56' title="bbox 766 3073 4045 3158; baseline 0.002 -27"><span class='ocrx_word' id='word_1_349' title='bbox 766 3078 830 3132; x_wconf 68' lang='grc' dir='ltr'><strong>ἣν</strong></span> <span class='ocrx_word' id='word_1_350' title='bbox 857 3078 950 3130; x_wconf 80' lang='grc' dir='ltr'>τοῦ</span> <span class='ocrx_word' id='word_1_351' title='bbox 1009 3077 1217 3130; x_wconf 81' lang='grc' dir='ltr'>δικαίου</span> <span class='ocrx_word' id='word_1_352' title='bbox 1274 3077 1437 3128; x_wconf 75' lang='grc' dir='ltr'>αὑτοῦ</span> <span class='ocrx_word' id='word_1_353' title='bbox 1470 3077 1720 3148; x_wconf 80' lang='grc' dir='ltr'>ἐπιτύχῃ.</span> <span class='ocrx_word' id='word_1_354' title='bbox 1771 3076 1909 3138; x_wconf 80' lang='grc' dir='ltr'>Τοὺς</span> <span class='ocrx_word' id='word_1_355' title='bbox 1935 3075 1994 3128; x_wconf 79' lang='grc' dir='ltr'>δέ</span> <span class='ocrx_word' id='word_1_356' title='bbox 2022 3092 2074 3128; x_wconf 90' lang='grc' dir='ltr'><strong>τι</strong></span> <span class='ocrx_word' id='word_1_357' title='bbox 2104 3073 2346 3130; x_wconf 81' lang='grc' dir='ltr'>τοιοῦτον</span> <span class='ocrx_word' id='word_1_358' title='bbox 2383 3080 2697 3151; x_wconf 79' lang='grc' dir='ltr'>τολμῶντας</span> <span class='ocrx_word' id='word_1_359' title='bbox 2718 3083 2793 3148; x_wconf 78' lang='grc' dir='ltr'><strong>ὡς</strong></span> <span class='ocrx_word' id='word_1_360' title='bbox 2826 3084 3043 3149; x_wconf 82' lang='grc' dir='ltr'>ἀσεϐεῖς</span> <span class='ocrx_word' id='word_1_361' title='bbox 3070 3086 3289 3153; x_wconf 78' lang='grc' dir='ltr'><strong>κόλαζε,</strong></span> <span class='ocrx_word' id='word_1_362' title='bbox 3325 3086 3411 3139; x_wconf 79' lang='grc' dir='ltr'>ἵνα</span> <span class='ocrx_word' id='word_1_363' title='bbox 3466 3087 3541 3158; x_wconf 83' lang='grc' dir='ltr'>μὴ</span> <span class='ocrx_word' id='word_1_364' title='bbox 3568 3087 3635 3139; x_wconf 76' lang='grc' dir='ltr'>τὰ</span> <span class='ocrx_word' id='word_1_365' title='bbox 3695 3086 3817 3141; x_wconf 84' lang='grc' dir='ltr'>θεῖα</span> <span class='ocrx_word' id='word_1_366' title='bbox 3874 3102 4045 3140; x_wconf 84' lang='grc' dir='ltr'>κατα·</span> 
     </span>
    </p>
   </div>
   <div class='ocr_carea' id='block_1_57' title="bbox 768 3172 1107 3245">
    <p class='ocr_par' dir='ltr' id='par_1_57' title="bbox 768 3172 1107 3245">
     <span class='ocr_line' id='line_1_57' title="bbox 768 3172 1107 3245; baseline 0.003 -19"><span class='ocrx_word' id='word_1_367' title='bbox 768 3172 1107 3245; x_wconf 73' lang='grc' dir='ltr'>φρονοῦνται.</span> 
     </span>
    </p>
   </div>
   <div class='ocr_carea' id='block_1_58' title="bbox 838 3262 2348 3336">
    <p class='ocr_par' dir='ltr' id='par_1_58' title="bbox 838 3262 2342 3333">
     <span class='ocr_line' id='line_1_58' title="bbox 838 3262 2342 3333; baseline 0.002 -17"><span class='ocrx_word' id='word_1_368' title='bbox 838 3265 929 3316; x_wconf 84' lang='lat' dir='ltr'><strong>&#39;ll.</strong></span> <span class='ocrx_word' id='word_1_369' title='bbox 970 3264 1054 3317; x_wconf 80' lang='lat' dir='ltr'><strong>Ab</strong></span> <span class='ocrx_word' id='word_1_370' title='bbox 1101 3263 1250 3316; x_wconf 92' lang='lat' dir='ltr'><strong>omni</strong></span> <span class='ocrx_word' id='word_1_371' title='bbox 1282 3263 1500 3332; x_wconf 75' lang='lat' dir='ltr'><strong>negotio</strong></span> <span class='ocrx_word' id='word_1_372' title='bbox 1535 3263 1864 3326; x_wconf 88' lang='lat' dir='ltr'><strong>domestico,</strong></span> <span class='ocrx_word' id='word_1_373' title='bbox 1917 3269 2083 3332; x_wconf 82' lang='lat' dir='ltr'><strong>atque</strong></span> <span class='ocrx_word' id='word_1_374' title='bbox 2139 3262 2342 3333; x_wconf 76' lang='lat' dir='ltr'><strong>injuria</strong></span> 
     </span>
    </p>
   </div>
   <div class='ocr_carea' id='block_1_59' title="bbox 2455 3262 4043 3336">
    <p class='ocr_par' dir='ltr' id='par_1_59' title="bbox 2516 3265 4043 3336">
     <span class='ocr_line' id='line_1_59' title="bbox 2516 3265 4043 3336; baseline 0 -17"><span class='ocrx_word' id='word_1_375' title='bbox 2516 3265 2614 3319; x_wconf 73' lang='lat'><strong>01&#39;.</strong></span> <span class='ocrx_word' id='word_1_376' title='bbox 2659 3267 2989 3336; x_wconf 79' lang='grc' dir='ltr'>Ἀγγαρείας</span> <span class='ocrx_word' id='word_1_377' title='bbox 3056 3266 3280 3334; x_wconf 70' lang='grc' dir='ltr'>ἀπάσης</span> <span class='ocrx_word' id='word_1_378' title='bbox 3331 3266 3613 3336; x_wconf 79' lang='grc' dir='ltr'>ἰδιωτικῆς</span> <span class='ocrx_word' id='word_1_379' title='bbox 3670 3267 3767 3320; x_wconf 72' lang='grc' dir='ltr'>καὶ</span> <span class='ocrx_word' id='word_1_380' title='bbox 3820 3267 4043 3327; x_wconf 79' lang='grc' dir='ltr'>ἀδικίας</span> 
     </span>
    </p>
   </div>
   <div class='ocr_carea' id='block_1_60' title="bbox 766 3355 2347 3426">
    <p class='ocr_par' dir='ltr' id='par_1_60' title="bbox 766 3355 2347 3426">
     <span class='ocr_line' id='line_1_60' title="bbox 766 3355 2347 3426; baseline 0.001 -17"><span class='ocrx_word' id='word_1_381' title='bbox 766 3356 997 3411; x_wconf 87' lang='lat' dir='ltr'><strong>liberam</strong></span> <span class='ocrx_word' id='word_1_382' title='bbox 1030 3355 1242 3424; x_wconf 87' lang='lat' dir='ltr'><strong>plebem</strong></span> <span class='ocrx_word' id='word_1_383' title='bbox 1291 3363 1441 3408; x_wconf 83' lang='lat' dir='ltr'><strong>tuam</strong></span> <span class='ocrx_word' id='word_1_384' title='bbox 1494 3355 1871 3421; x_wconf 87' lang='lat' dir='ltr'><strong>conservabis,</strong></span> <span class='ocrx_word' id='word_1_385' title='bbox 1900 3370 2240 3426; x_wconf 76' lang='lat' dir='ltr'><strong>quzecunque</strong></span> <span class='ocrx_word' id='word_1_386' title='bbox 2292 3357 2347 3411; x_wconf 90' lang='lat' dir='ltr'><strong>in</strong></span> 
     </span>
    </p>
   </div>
   <div class='ocr_carea' id='block_1_61' title="bbox 766 3449 2346 3518">
    <p class='ocr_par' dir='ltr' id='par_1_61' title="bbox 766 3449 2346 3518">
     <span class='ocr_line' id='line_1_61' title="bbox 766 3449 2346 3518; baseline 0 -15"><span class='ocrx_word' id='word_1_387' title='bbox 766 3450 1014 3503; x_wconf 73' lang='lat' dir='ltr'><strong>exercitu</strong></span> <span class='ocrx_word' id='word_1_388' title='bbox 1074 3458 1177 3512; x_wconf 85' lang='lat' dir='ltr'><strong>est,</strong></span> <span class='ocrx_word' id='word_1_389' title='bbox 1213 3460 1266 3503; x_wconf 90' lang='lat' dir='ltr'><strong>et</strong></span> <span class='ocrx_word' id='word_1_390' title='bbox 1295 3465 1417 3518; x_wconf 68' lang='lat' dir='ltr'><strong>quae</strong></span> <span class='ocrx_word' id='word_1_391' title='bbox 1464 3458 1817 3503; x_wconf 74' lang='lat' dir='ltr'><strong>exauctorata</strong></span> <span class='ocrx_word' id='word_1_392' title='bbox 1867 3459 1971 3504; x_wconf 90' lang='lat' dir='ltr'><strong>est.</strong></span> <span class='ocrx_word' id='word_1_393' title='bbox 2024 3449 2171 3505; x_wconf 87' lang='lat' dir='ltr'><strong>Satis</strong></span> <span class='ocrx_word' id='word_1_394' title='bbox 2201 3451 2346 3505; x_wconf 89' lang='lat' dir='ltr'><strong>enim</strong></span> 
     </span>
    </p>
   </div>
   <div class='ocr_carea' id='block_1_62' title="bbox 771 3539 2349 3611">
    <p class='ocr_par' dir='ltr' id='par_1_62' title="bbox 771 3539 2349 3611">
     <span class='ocr_line' id='line_1_62' title="bbox 771 3539 2349 3611; baseline 0 -17"><span class='ocrx_word' id='word_1_395' title='bbox 771 3540 878 3594; x_wconf 76' lang='lat' dir='ltr'><strong>illis</strong></span> <span class='ocrx_word' id='word_1_396' title='bbox 904 3547 988 3594; x_wconf 86' lang='lat' dir='ltr'><strong>est</strong></span> <span class='ocrx_word' id='word_1_397' title='bbox 1028 3540 1295 3600; x_wconf 85' lang='lat' dir='ltr'><strong>tributum</strong></span> <span class='ocrx_word' id='word_1_398' title='bbox 1341 3539 1618 3607; x_wconf 90' lang='lat' dir='ltr'><strong>publicum</strong></span> <span class='ocrx_word' id='word_1_399' title='bbox 1666 3540 1926 3609; x_wconf 90' lang='lat' dir='ltr'><strong>pendere,</strong></span> <span class='ocrx_word' id='word_1_400' title='bbox 1966 3541 2224 3611; x_wconf 85' lang='lat' dir='ltr'><strong>nullaque</strong></span> <span class='ocrx_word' id='word_1_401' title='bbox 2244 3542 2349 3595; x_wconf 87' lang='lat' dir='ltr'><strong>alia</strong></span> 
     </span>
    </p>
   </div>
   <div class='ocr_carea' id='block_1_63' title="bbox 773 3628 2351 3704">
    <p class='ocr_par' dir='ltr' id='par_1_63' title="bbox 773 3628 2351 3704">
     <span class='ocr_line' id='line_1_63' title="bbox 773 3628 2351 3704; baseline 0.004 -22"><span class='ocrx_word' id='word_1_402' title='bbox 773 3644 826 3684; x_wconf 91' lang='lat' dir='ltr'><strong>re</strong></span> <span class='ocrx_word' id='word_1_403' title='bbox 858 3632 1052 3698; x_wconf 88' lang='lat' dir='ltr'><strong>premi.</strong></span> <span class='ocrx_word' id='word_1_404' title='bbox 1085 3628 1140 3683; x_wconf 91' lang='lat' dir='ltr'><strong>Si</strong></span> <span class='ocrx_word' id='word_1_405' title='bbox 1167 3631 1449 3685; x_wconf 88' lang='lat' dir='ltr'><strong>castellum</strong></span> <span class='ocrx_word' id='word_1_406' title='bbox 1476 3631 1718 3699; x_wconf 84' lang='lat' dir='ltr'><strong>aliquod,</strong></span> <span class='ocrx_word' id='word_1_407' title='bbox 1761 3640 1856 3686; x_wconf 88' lang='lat' dir='ltr'><strong>aut</strong></span> <span class='ocrx_word' id='word_1_408' title='bbox 1885 3641 2061 3702; x_wconf 87' lang='lat' dir='ltr'><strong>porta,</strong></span> <span class='ocrx_word' id='word_1_409' title='bbox 2092 3641 2187 3686; x_wconf 92' lang='lat' dir='ltr'><strong>aut</strong></span> <span class='ocrx_word' id='word_1_410' title='bbox 2212 3648 2351 3704; x_wconf 85' lang='lat' dir='ltr'><strong>pons</strong></span> 
     </span>
    </p>
   </div>
   <div class='ocr_carea' id='block_1_64' title="bbox 770 3719 2347 3791">
    <p class='ocr_par' dir='ltr' id='par_1_64' title="bbox 770 3719 2347 3791">
     <span class='ocr_line' id='line_1_64' title="bbox 770 3719 2347 3791; baseline 0.005 -20"><span class='ocrx_word' id='word_1_411' title='bbox 770 3719 1141 3774; x_wconf 74' lang='lat' dir='ltr'><strong>conticiendus</strong></span> <span class='ocrx_word' id='word_1_412' title='bbox 1200 3720 1295 3783; x_wconf 88' lang='lat' dir='ltr'><strong>sit,</strong></span> <span class='ocrx_word' id='word_1_413' title='bbox 1356 3722 1440 3775; x_wconf 89' lang='lat' dir='ltr'><strong>vel</strong></span> <span class='ocrx_word' id='word_1_414' title='bbox 1508 3721 1616 3774; x_wconf 82' lang='lat' dir='ltr'><strong>via‘</strong></span> <span class='ocrx_word' id='word_1_415' title='bbox 1651 3722 1833 3791; x_wconf 86' lang='lat' dir='ltr'><strong>aliqua</strong></span> <span class='ocrx_word' id='word_1_416' title='bbox 1891 3723 2207 3788; x_wconf 87' lang='lat' dir='ltr'><strong>sternenda,</strong></span> <span class='ocrx_word' id='word_1_417' title='bbox 2251 3733 2347 3779; x_wconf 90' lang='lat' dir='ltr'><strong>aut</strong></span> 
     </span>
    </p>
   </div>
   <div class='ocr_carea' id='block_1_65' title="bbox 770 3809 2349 3884">
    <p class='ocr_par' dir='ltr' id='par_1_65' title="bbox 770 3809 2349 3884">
     <span class='ocr_line' id='line_1_65' title="bbox 770 3809 2349 3884; baseline 0.005 -22"><span class='ocrx_word' id='word_1_418' title='bbox 770 3810 916 3864; x_wconf 73' lang='lat' dir='ltr'><strong>aliud</strong></span> <span class='ocrx_word' id='word_1_419' title='bbox 949 3809 1082 3881; x_wconf 91' lang='lat' dir='ltr'><strong>quid</strong></span> <span class='ocrx_word' id='word_1_420' title='bbox 1123 3811 1399 3881; x_wconf 89' lang='lat' dir='ltr'><strong>publicum</strong></span> <span class='ocrx_word' id='word_1_421' title='bbox 1446 3814 1843 3868; x_wconf 77' lang='lat' dir='ltr'><strong>exstruendum</strong></span> <span class='ocrx_word' id='word_1_422' title='bbox 1896 3824 2000 3878; x_wconf 88' lang='lat' dir='ltr'><strong>est,</strong></span> <span class='ocrx_word' id='word_1_423' title='bbox 2042 3830 2219 3884; x_wconf 88' lang='lat' dir='ltr'><strong>neque</strong></span> <span class='ocrx_word' id='word_1_424' title='bbox 2250 3831 2349 3884; x_wconf 82' lang='lat' dir='ltr'><strong>pu-</strong></span> 
     </span>
    </p>
   </div>
   <div class='ocr_carea' id='block_1_66' title="bbox 769 3902 2347 3975">
    <p class='ocr_par' dir='ltr' id='par_1_66' title="bbox 769 3902 2347 3975">
     <span class='ocr_line' id='line_1_66' title="bbox 769 3902 2347 3975; baseline 0.004 -21"><span class='ocrx_word' id='word_1_425' title='bbox 769 3902 925 3957; x_wconf 62' lang='lat' dir='ltr'><strong>blieis</strong></span> <span class='ocrx_word' id='word_1_426' title='bbox 955 3902 1133 3956; x_wconf 74' lang='lat' dir='ltr'><strong>mrarii</strong></span> <span class='ocrx_word' id='word_1_427' title='bbox 1174 3902 1430 3971; x_wconf 77' lang='lat' dir='ltr'><strong>expensis</strong></span> <span class='ocrx_word' id='word_1_428' title='bbox 1477 3902 1687 3957; x_wconf 80' lang='lat' dir='ltr'><strong>absolvi</strong></span> <span class='ocrx_word' id='word_1_429' title='bbox 1728 3913 1928 3972; x_wconf 90' lang='lat' dir='ltr'><strong>potest,</strong></span> <span class='ocrx_word' id='word_1_430' title='bbox 1967 3906 2347 3975; x_wconf 85' lang='lat' dir='ltr'><strong>unusquisque</strong></span> 
     </span>
    </p>
   </div>
   <div class='ocr_carea' id='block_1_67' title="bbox 771 3992 2346 4063">
    <p class='ocr_par' dir='ltr' id='par_1_67' title="bbox 771 3992 2346 4063">
     <span class='ocr_line' id='line_1_67' title="bbox 771 3992 2346 4063; baseline 0.001 -19"><span class='ocrx_word' id='word_1_431' title='bbox 771 4000 885 4045; x_wconf 90' lang='lat' dir='ltr'><strong>tum</strong></span> <span class='ocrx_word' id='word_1_432' title='bbox 914 4006 980 4046; x_wconf 81' lang='lat' dir='ltr'><strong>ex</strong></span> <span class='ocrx_word' id='word_1_433' title='bbox 1010 4006 1169 4061; x_wconf 65' lang='lat' dir='ltr'><strong>aequo</strong></span> <span class='ocrx_word' id='word_1_434' title='bbox 1199 3992 1326 4045; x_wconf 87' lang='lat' dir='ltr'><strong>huic</strong></span> <span class='ocrx_word' id='word_1_435' title='bbox 1352 3994 1501 4060; x_wconf 87' lang='lat' dir='ltr'><strong>operi</strong></span> <span class='ocrx_word' id='word_1_436' title='bbox 1529 3992 1816 4054; x_wconf 85' lang='lat' dir='ltr'><strong>inserviat,</strong></span> <span class='ocrx_word' id='word_1_437' title='bbox 1860 4007 2131 4063; x_wconf 87' lang='lat' dir='ltr'><strong>nemoque</strong></span> <span class='ocrx_word' id='word_1_438' title='bbox 2152 3994 2221 4045; x_wconf 86' lang='lat' dir='ltr'><strong>ab</strong></span> <span class='ocrx_word' id='word_1_439' title='bbox 2245 3993 2346 4046; x_wconf 86' lang='lat' dir='ltr'><strong>hac</strong></span> 
     </span>
    </p>
   </div>
   <div class='ocr_carea' id='block_1_68' title="bbox 773 4081 2347 4151">
    <p class='ocr_par' dir='ltr' id='par_1_68' title="bbox 773 4081 2347 4151">
     <span class='ocr_line' id='line_1_68' title="bbox 773 4081 2347 4151; baseline 0.002 -18"><span class='ocrx_word' id='word_1_440' title='bbox 773 4096 831 4135; x_wconf 89' lang='lat' dir='ltr'><strong>re</strong></span> <span class='ocrx_word' id='word_1_441' title='bbox 855 4092 1151 4136; x_wconf 78' lang='lat' dir='ltr'><strong>excusetur</strong></span> <span class='ocrx_word' id='word_1_442' title='bbox 1172 4097 1349 4151; x_wconf 87' lang='lat' dir='ltr'><strong>neque</strong></span> <span class='ocrx_word' id='word_1_443' title='bbox 1375 4083 1641 4148; x_wconf 85' lang='lat' dir='ltr'><strong>amicitia,</strong></span> <span class='ocrx_word' id='word_1_444' title='bbox 1676 4097 1854 4151; x_wconf 88' lang='lat' dir='ltr'><strong>neque</strong></span> <span class='ocrx_word' id='word_1_445' title='bbox 1874 4083 2051 4143; x_wconf 81' lang='lat' dir='ltr'><strong>donis,</strong></span> <span class='ocrx_word' id='word_1_446' title='bbox 2082 4090 2141 4135; x_wconf 86' lang='lat' dir='ltr'><strong>ut</strong></span> <span class='ocrx_word' id='word_1_447' title='bbox 2163 4081 2231 4136; x_wconf 84' lang='lat' dir='ltr'><strong>ab</strong></span> <span class='ocrx_word' id='word_1_448' title='bbox 2259 4081 2347 4136; x_wconf 77' lang='lat' dir='ltr'><strong>oi-</strong></span> 
     </span>
    </p>
   </div>
   <div class='ocr_carea' id='block_1_69' title="bbox 774 4168 2347 4244">
    <p class='ocr_par' dir='ltr' id='par_1_69' title="bbox 774 4168 2347 4244">
     <span class='ocr_line' id='line_1_69' title="bbox 774 4168 2347 4244; baseline 0.003 -20"><span class='ocrx_word' id='word_1_449' title='bbox 774 4168 895 4227; x_wconf 78' lang='lat' dir='ltr'><strong>iieio</strong></span> <span class='ocrx_word' id='word_1_450' title='bbox 930 4188 1032 4227; x_wconf 92' lang='lat' dir='ltr'><strong>suo</strong></span> <span class='ocrx_word' id='word_1_451' title='bbox 1060 4172 1224 4239; x_wconf 90' lang='lat' dir='ltr'><strong>absit,</strong></span> <span class='ocrx_word' id='word_1_452' title='bbox 1249 4174 1343 4228; x_wconf 90' lang='lat' dir='ltr'><strong>sed</strong></span> <span class='ocrx_word' id='word_1_453' title='bbox 1371 4173 1521 4242; x_wconf 87' lang='lat' dir='ltr'><strong>justa</strong></span> <span class='ocrx_word' id='word_1_454' title='bbox 1571 4182 1624 4228; x_wconf 90' lang='lat' dir='ltr'><strong>et</strong></span> <span class='ocrx_word' id='word_1_455' title='bbox 1651 4182 1803 4228; x_wconf 83' lang='lat' dir='ltr'><strong>certa</strong></span> <span class='ocrx_word' id='word_1_456' title='bbox 1843 4188 1969 4227; x_wconf 90' lang='lat' dir='ltr'><strong>eum</strong></span> <span class='ocrx_word' id='word_1_457' title='bbox 1992 4175 2347 4244; x_wconf 88' lang='lat' dir='ltr'><strong>proportione</strong></span> 
     </span>
    </p>
   </div>
   <div class='ocr_carea' id='block_1_70' title="bbox 772 4266 2345 4336">
    <p class='ocr_par' dir='ltr' id='par_1_70' title="bbox 772 4266 2345 4336">
     <span class='ocr_line' id='line_1_70' title="bbox 772 4266 2345 4336; baseline 0.003 -19"><span class='ocrx_word' id='word_1_458' title='bbox 772 4266 1153 4336; x_wconf 84' lang='lat' dir='ltr'><strong>unusquisque</strong></span> <span class='ocrx_word' id='word_1_459' title='bbox 1201 4275 1314 4320; x_wconf 92' lang='lat' dir='ltr'><strong>tum</strong></span> <span class='ocrx_word' id='word_1_460' title='bbox 1355 4267 1529 4331; x_wconf 85' lang='lat' dir='ltr'><strong>dives,</strong></span> <span class='ocrx_word' id='word_1_461' title='bbox 1581 4274 1697 4321; x_wconf 86' lang='lat' dir='ltr'><strong>tum</strong></span> <span class='ocrx_word' id='word_1_462' title='bbox 1741 4281 1948 4336; x_wconf 88' lang='lat' dir='ltr'><strong>pauper</strong></span> <span class='ocrx_word' id='word_1_463' title='bbox 1993 4282 2091 4336; x_wconf 90' lang='lat' dir='ltr'><strong>pro</strong></span> <span class='ocrx_word' id='word_1_464' title='bbox 2136 4266 2345 4323; x_wconf 74' lang='lat' dir='ltr'><strong>viribus</strong></span> 
     </span>
    </p>
   </div>
   <div class='ocr_carea' id='block_1_71' title="bbox 772 4356 1777 4427">
    <p class='ocr_par' dir='ltr' id='par_1_71' title="bbox 772 4356 1777 4427">
     <span class='ocr_line' id='line_1_71' title="bbox 772 4356 1777 4427; baseline 0.004 -18"><span class='ocrx_word' id='word_1_465' title='bbox 772 4356 890 4410; x_wconf 88' lang='lat' dir='ltr'><strong>suis</strong></span> <span class='ocrx_word' id='word_1_466' title='bbox 912 4357 1188 4426; x_wconf 78' lang='lat' dir='ltr'><strong>publicum</strong></span> <span class='ocrx_word' id='word_1_467' title='bbox 1224 4356 1510 4411; x_wconf 85' lang='lat' dir='ltr'><strong>servitium</strong></span> <span class='ocrx_word' id='word_1_468' title='bbox 1536 4365 1777 4427; x_wconf 72' lang='lat' dir='ltr'><strong>prazstet.</strong></span> 
     </span>
    </p>
   </div>
   <div class='ocr_carea' id='block_1_72' title="bbox 2448 3355 4049 3427">
    <p class='ocr_par' dir='ltr' id='par_1_72' title="bbox 2448 3355 4049 3427">
     <span class='ocr_line' id='line_1_72' title="bbox 2448 3355 4049 3427; baseline 0.002 -19"><span class='ocrx_word' id='word_1_469' title='bbox 2448 3355 2734 3426; x_wconf 87' lang='grc' dir='ltr'>ἐλεύθερον</span> <span class='ocrx_word' id='word_1_470' title='bbox 2794 3355 3027 3424; x_wconf 79' lang='grc' dir='ltr'>φύλαττε</span> <span class='ocrx_word' id='word_1_471' title='bbox 3079 3355 3171 3409; x_wconf 76' lang='grc' dir='ltr'>τὸν</span> <span class='ocrx_word' id='word_1_472' title='bbox 3220 3357 3326 3409; x_wconf 74' lang='grc' dir='ltr'><strong>ὑπὸ</strong></span> <span class='ocrx_word' id='word_1_473' title='bbox 3384 3356 3447 3408; x_wconf 81' lang='grc' dir='ltr'>σὲ</span> <span class='ocrx_word' id='word_1_474' title='bbox 3497 3357 3827 3427; x_wconf 74' lang='grc' dir='ltr'><strong>τεταγμένον</strong></span> <span class='ocrx_word' id='word_1_475' title='bbox 3899 3358 4049 3417; x_wconf 62' lang='grc' dir='ltr'>λαὸν.</span> 
     </span>
    </p>
   </div>
   <div class='ocr_carea' id='block_1_73' title="bbox 2449 3445 4052 3517">
    <p class='ocr_par' dir='ltr' id='par_1_73' title="bbox 2449 3445 4052 3517">
     <span class='ocr_line' id='line_1_73' title="bbox 2449 3445 4052 3517; baseline 0.001 -18"><span class='ocrx_word' id='word_1_476' title='bbox 2449 3447 2563 3500; x_wconf 83' lang='grc' dir='ltr'>ὅσοι</span> <span class='ocrx_word' id='word_1_477' title='bbox 2594 3446 2687 3499; x_wconf 82' lang='grc' dir='ltr'><strong>τοῦ</strong></span> <span class='ocrx_word' id='word_1_478' title='bbox 2704 3445 2938 3515; x_wconf 87' lang='grc' dir='ltr'>στρατοῦ</span> <span class='ocrx_word' id='word_1_479' title='bbox 2957 3448 3087 3509; x_wconf 87' lang='grc' dir='ltr'>εἰσι,</span> <span class='ocrx_word' id='word_1_480' title='bbox 3120 3447 3213 3500; x_wconf 74' lang='grc' dir='ltr'>καὶ</span> <span class='ocrx_word' id='word_1_481' title='bbox 3244 3447 3359 3499; x_wconf 84' lang='grc' dir='ltr'>ὅσοι</span> <span class='ocrx_word' id='word_1_482' title='bbox 3387 3447 3483 3516; x_wconf 85' lang='grc' dir='ltr'>τῆς</span> <span class='ocrx_word' id='word_1_483' title='bbox 3505 3446 3810 3517; x_wconf 82' lang='grc' dir='ltr'>λεγομένης</span> <span class='ocrx_word' id='word_1_484' title='bbox 3844 3447 4052 3512; x_wconf 77' lang='grc' dir='ltr'>ἐξατω-</span> 
     </span>
    </p>
   </div>
   <div class='ocr_carea' id='block_1_74' title="bbox 2457 3532 4051 3606">
    <p class='ocr_par' dir='ltr' id='par_1_74' title="bbox 2457 3532 4051 3606">
     <span class='ocr_line' id='line_1_74' title="bbox 2457 3532 4051 3606; baseline -0.003 -18"><span class='ocrx_word' id='word_1_485' title='bbox 2457 3535 2578 3606; x_wconf 88' lang='grc' dir='ltr'>ρίας</span> <span class='ocrx_word' id='word_1_486' title='bbox 2627 3534 2741 3605; x_wconf 66' lang='grc' dir='ltr'><strong>(ὶϐ)</strong></span> <span class='ocrx_word' id='word_1_487' title='bbox 2768 3550 2783 3566; x_wconf 79' lang='grc' dir='ltr'><strong>ο</strong></span> <span class='ocrx_word' id='word_1_488' title='bbox 2807 3535 2971 3604; x_wconf 84' lang='grc' dir='ltr'>ἀρκεῖ</span> <span class='ocrx_word' id='word_1_489' title='bbox 3034 3534 3144 3602; x_wconf 69' lang='grc' dir='ltr'><strong>γὰρ</strong></span> <span class='ocrx_word' id='word_1_490' title='bbox 3192 3533 3375 3596; x_wconf 81' lang='grc' dir='ltr'>αὐτοῖς</span> <span class='ocrx_word' id='word_1_491' title='bbox 3409 3532 3584 3586; x_wconf 84' lang='grc' dir='ltr'>τελεῖν</span> <span class='ocrx_word' id='word_1_492' title='bbox 3622 3534 3749 3595; x_wconf 89' lang='grc' dir='ltr'>τούς</span> <span class='ocrx_word' id='word_1_493' title='bbox 3786 3549 3847 3585; x_wconf 80' lang='grc' dir='ltr'><strong>τε</strong></span> <span class='ocrx_word' id='word_1_494' title='bbox 3879 3533 4051 3603; x_wconf 89' lang='grc' dir='ltr'>δημο-</span> 
     </span>
    </p>
   </div>
   <div class='ocr_carea' id='block_1_75' title="bbox 2455 3624 4050 3698">
    <p class='ocr_par' dir='ltr' id='par_1_75' title="bbox 2455 3624 4050 3698">
     <span class='ocr_line' id='line_1_75' title="bbox 2455 3624 4050 3698; baseline -0.003 -19"><span class='ocrx_word' id='word_1_495' title='bbox 2455 3626 2605 3691; x_wconf 82' lang='grc' dir='ltr'>σίους</span> <span class='ocrx_word' id='word_1_496' title='bbox 2664 3626 2864 3698; x_wconf 81' lang='grc' dir='ltr'>φόρους</span> <span class='ocrx_word' id='word_1_497' title='bbox 2926 3626 3021 3679; x_wconf 59' lang='grc' dir='ltr'><strong>καὶ⁵</strong></span> <span class='ocrx_word' id='word_1_498' title='bbox 3050 3625 3118 3678; x_wconf 72' lang='grc' dir='ltr'>τὰ</span> <span class='ocrx_word' id='word_1_499' title='bbox 3142 3624 3468 3694; x_wconf 67' lang='grc' dir='ltr'>ἐπικείμενα</span> <span class='ocrx_word' id='word_1_500' title='bbox 3501 3624 3683 3688; x_wconf 74' lang='grc' dir='ltr'>αὐτοῖς</span> <span class='ocrx_word' id='word_1_501' title='bbox 3714 3624 3923 3695; x_wconf 76' lang='grc' dir='ltr'>ἀερικά</span> <span class='ocrx_word' id='word_1_502' title='bbox 3958 3626 4050 3676; x_wconf 63' lang='grc' dir='ltr'>καὶ</span> 
     </span>
    </p>
   </div>
   <div class='ocr_carea' id='block_1_76' title="bbox 2459 3714 4047 3789">
    <p class='ocr_par' dir='ltr' id='par_1_76' title="bbox 2459 3714 4047 3789">
     <span class='ocr_line' id='line_1_76' title="bbox 2459 3714 4047 3789; baseline -0.003 -18"><span class='ocrx_word' id='word_1_503' title='bbox 2459 3717 2624 3789; x_wconf 81' lang='grc' dir='ltr'>μηδὲν</span> <span class='ocrx_word' id='word_1_504' title='bbox 2649 3717 2808 3770; x_wconf 82' lang='grc' dir='ltr'>πλέον</span> <span class='ocrx_word' id='word_1_505' title='bbox 2838 3715 3291 3784; x_wconf 83' lang='grc' dir='ltr'>καταϐαρετσθαι.</span> <span class='ocrx_word' id='word_1_506' title='bbox 3328 3715 3455 3769; x_wconf 78' lang='grc' dir='ltr'><strong>Ἐὰν</strong></span> <span class='ocrx_word' id='word_1_507' title='bbox 3503 3716 3598 3786; x_wconf 78' lang='grc' dir='ltr'>δέη</span> <span class='ocrx_word' id='word_1_508' title='bbox 3644 3714 3760 3784; x_wconf 73' lang='grc'><strong>(27)</strong></span> <span class='ocrx_word' id='word_1_509' title='bbox 3806 3732 4047 3784; x_wconf 83' lang='grc' dir='ltr'>καστρο-</span> 
     </span>
    </p>
   </div>
   <div class='ocr_carea' id='block_1_77' title="bbox 2456 3803 4049 3876">
    <p class='ocr_par' dir='ltr' id='par_1_77' title="bbox 2456 3803 4049 3876">
     <span class='ocr_line' id='line_1_77' title="bbox 2456 3803 4049 3876; baseline -0.002 -16"><span class='ocrx_word' id='word_1_510' title='bbox 2456 3806 2641 3861; x_wconf 87' lang='grc' dir='ltr'>κτισία</span> <span class='ocrx_word' id='word_1_511' title='bbox 2700 3806 2951 3876; x_wconf 79' lang='grc' dir='ltr'>γένηται,</span> <span class='ocrx_word' id='word_1_512' title='bbox 2986 3806 3020 3875; x_wconf 82' lang='grc' dir='ltr'>ἢ</span> <span class='ocrx_word' id='word_1_513' title='bbox 3055 3804 3447 3874; x_wconf 80' lang='grc' dir='ltr'>καραϐοποιία,</span> <span class='ocrx_word' id='word_1_514' title='bbox 3512 3805 3546 3873; x_wconf 83' lang='grc' dir='ltr'>ἢ</span> <span class='ocrx_word' id='word_1_515' title='bbox 3605 3803 3859 3874; x_wconf 76' lang='grc' dir='ltr'>γεφύρας</span> <span class='ocrx_word' id='word_1_516' title='bbox 3914 3805 4049 3857; x_wconf 76' lang='grc' dir='ltr'>ἀνά-</span> 
     </span>
    </p>
   </div>
   <div class='ocr_carea' id='block_1_78' title="bbox 2457 3894 4051 3967">
    <p class='ocr_par' dir='ltr' id='par_1_78' title="bbox 2457 3894 4051 3967">
     <span class='ocr_line' id='line_1_78' title="bbox 2457 3894 4051 3967; baseline -0.004 -15"><span class='ocrx_word' id='word_1_517' title='bbox 2457 3915 2653 3963; x_wconf 87' lang='grc' dir='ltr'>κτισις,</span> <span class='ocrx_word' id='word_1_518' title='bbox 2694 3898 2728 3967; x_wconf 79' lang='grc' dir='ltr'>ἢ</span> <span class='ocrx_word' id='word_1_519' title='bbox 2771 3897 2889 3952; x_wconf 80' lang='grc' dir='ltr'>6δοῦ</span> <span class='ocrx_word' id='word_1_520' title='bbox 2932 3898 3301 3960; x_wconf 78' lang='grc' dir='ltr'>κατάστασις,</span> <span class='ocrx_word' id='word_1_521' title='bbox 3362 3896 3395 3965; x_wconf 79' lang='grc' dir='ltr'>ἢ</span> <span class='ocrx_word' id='word_1_522' title='bbox 3455 3894 3675 3965; x_wconf 74' lang='grc' dir='ltr'>ἀνάγκη</span> <span class='ocrx_word' id='word_1_523' title='bbox 3727 3912 3815 3957; x_wconf 90' lang='grc' dir='ltr'><strong>τις</strong></span> <span class='ocrx_word' id='word_1_524' title='bbox 3884 3894 4051 3965; x_wconf 77' lang='grc' dir='ltr'>ἑτέρα</span> 
     </span>
    </p>
   </div>
   <div class='ocr_carea' id='block_1_79' title="bbox 2456 3988 4049 4060">
    <p class='ocr_par' dir='ltr' id='par_1_79' title="bbox 2456 3988 4049 4060">
     <span class='ocr_line' id='line_1_79' title="bbox 2456 3988 4049 4060; baseline -0.002 -17"><span class='ocrx_word' id='word_1_525' title='bbox 2456 3991 2563 4043; x_wconf 84' lang='grc' dir='ltr'><strong>τῶν</strong></span> <span class='ocrx_word' id='word_1_526' title='bbox 2617 3989 2895 4060; x_wconf 80' lang='grc' dir='ltr'>δημοσίων</span> <span class='ocrx_word' id='word_1_527' title='bbox 2927 3991 3271 4060; x_wconf 79' lang='grc' dir='ltr'>διοικήσεων,</span> <span class='ocrx_word' id='word_1_528' title='bbox 3331 3989 3425 4042; x_wconf 82' lang='grc' dir='ltr'>καὶ</span> <span class='ocrx_word' id='word_1_529' title='bbox 3471 3989 3570 4042; x_wconf 82' lang='grc' dir='ltr'>οὐκ</span> <span class='ocrx_word' id='word_1_530' title='bbox 3597 3989 3835 4057; x_wconf 82' lang='grc' dir='ltr'>ἐπαρκεῖ</span> <span class='ocrx_word' id='word_1_531' title='bbox 3862 3988 3928 4041; x_wconf 79' lang='grc' dir='ltr'>τὸ</span> <span class='ocrx_word' id='word_1_532' title='bbox 3946 4005 4049 4040; x_wconf 88' lang='grc' dir='ltr'>κα-</span> 
     </span>
    </p>
   </div>
   <div class='ocr_carea' id='block_1_80' title="bbox 2454 4077 4051 4149">
    <p class='ocr_par' dir='ltr' id='par_1_80' title="bbox 2454 4077 4051 4149">
     <span class='ocr_line' id='line_1_80' title="bbox 2454 4077 4051 4149; baseline -0.003 -15"><span class='ocrx_word' id='word_1_533' title='bbox 2454 4081 2523 4134; x_wconf 85' lang='grc' dir='ltr'><strong>τά</strong></span> <span class='ocrx_word' id='word_1_534' title='bbox 2546 4081 2638 4134; x_wconf 81' lang='grc' dir='ltr'><strong>τὸν</strong></span> <span class='ocrx_word' id='word_1_535' title='bbox 2700 4082 2867 4133; x_wconf 89' lang='grc' dir='ltr'>τόπον</span> <span class='ocrx_word' id='word_1_536' title='bbox 2923 4080 3182 4149; x_wconf 87' lang='grc' dir='ltr'>δημόσιον</span> <span class='ocrx_word' id='word_1_537' title='bbox 3252 4079 3342 4133; x_wconf 82' lang='grc' dir='ltr'><strong>διά</strong></span> <span class='ocrx_word' id='word_1_538' title='bbox 3395 4078 3591 4149; x_wconf 82' lang='grc' dir='ltr'>μισθοῦ</span> <span class='ocrx_word' id='word_1_539' title='bbox 3650 4077 3829 4131; x_wconf 80' lang='grc' dir='ltr'>ταῦτα</span> <span class='ocrx_word' id='word_1_540' title='bbox 3879 4078 4051 4149; x_wconf 76' lang='grc' dir='ltr'>ἐργάο</span> 
     </span>
    </p>
   </div>
   <div class='ocr_carea' id='block_1_81' title="bbox 2454 4170 4052 4243">
    <p class='ocr_par' dir='ltr' id='par_1_81' title="bbox 2454 4170 4052 4243">
     <span class='ocr_line' id='line_1_81' title="bbox 2454 4170 4052 4243; baseline -0.001 -18"><span class='ocrx_word' id='word_1_541' title='bbox 2454 4170 2665 4237; x_wconf 78' lang='grc' dir='ltr'>ζεσθαι.</span> <span class='ocrx_word' id='word_1_542' title='bbox 2693 4172 2826 4225; x_wconf 86' lang='grc' dir='ltr'><strong>Τότε</strong></span> <span class='ocrx_word' id='word_1_543' title='bbox 2858 4172 2999 4243; x_wconf 85' lang='grc' dir='ltr'><strong>μετά</strong></span> <span class='ocrx_word' id='word_1_544' title='bbox 3039 4171 3136 4226; x_wconf 82' lang='grc' dir='ltr'><strong>τοῦ</strong></span> <span class='ocrx_word' id='word_1_545' title='bbox 3165 4172 3378 4225; x_wconf 82' lang='grc' dir='ltr'>δικαίου</span> <span class='ocrx_word' id='word_1_546' title='bbox 3408 4171 3571 4240; x_wconf 81' lang='grc' dir='ltr'>λόγου</span> <span class='ocrx_word' id='word_1_547' title='bbox 3600 4171 3695 4224; x_wconf 77' lang='grc' dir='ltr'>καὶ</span> <span class='ocrx_word' id='word_1_548' title='bbox 3730 4172 3835 4239; x_wconf 84' lang='grc' dir='ltr'>τῆς</span> <span class='ocrx_word' id='word_1_549' title='bbox 3870 4171 4052 4239; x_wconf 81' lang='grc' dir='ltr'>ίσότηο</span> 
     </span>
    </p>
   </div>
   <div class='ocr_carea' id='block_1_82' title="bbox 2451 4262 4051 4334">
    <p class='ocr_par' dir='ltr' id='par_1_82' title="bbox 2451 4262 4051 4334">
     <span class='ocr_line' id='line_1_82' title="bbox 2451 4262 4051 4334; baseline -0.003 -16"><span class='ocrx_word' id='word_1_550' title='bbox 2451 4280 2543 4327; x_wconf 85' lang='grc' dir='ltr'><strong>τος</strong></span> <span class='ocrx_word' id='word_1_551' title='bbox 2592 4264 2835 4328; x_wconf 76' lang='grc' dir='ltr'>ἅπαντες</span> <span class='ocrx_word' id='word_1_552' title='bbox 2886 4264 3313 4323; x_wconf 79' lang='grc' dir='ltr'>δουλευέτωσαν,</span> <span class='ocrx_word' id='word_1_553' title='bbox 3350 4264 3446 4316; x_wconf 81' lang='grc' dir='ltr'>καὶ</span> <span class='ocrx_word' id='word_1_554' title='bbox 3475 4262 3664 4334; x_wconf 79' lang='grc' dir='ltr'>μηδεὶς</span> <span class='ocrx_word' id='word_1_555' title='bbox 3714 4262 3873 4333; x_wconf 85' lang='grc' dir='ltr'><strong>παρά</strong></span> <span class='ocrx_word' id='word_1_556' title='bbox 3902 4278 4051 4324; x_wconf 83' lang='grc' dir='ltr'>τινος</span> 
     </span>
    </p>
   </div>
   <div class='ocr_carea' id='block_1_83' title="bbox 2463 4352 4053 4428">
    <p class='ocr_par' dir='ltr' id='par_1_83' title="bbox 2463 4352 4053 4428">
     <span class='ocr_line' id='line_1_83' title="bbox 2463 4352 4053 4428; baseline -0.003 -20"><span class='ocrx_word' id='word_1_557' title='bbox 2463 4354 3027 4428; x_wconf 83' lang='grc' dir='ltr'>ἐξκουσευέ[τω]σθω,</span> <span class='ocrx_word' id='word_1_558' title='bbox 3060 4358 3197 4425; x_wconf 86' lang='grc' dir='ltr'>μήτε</span> <span class='ocrx_word' id='word_1_559' title='bbox 3223 4354 3309 4408; x_wconf 75' lang='grc' dir='ltr'><strong>διὰ</strong></span> <span class='ocrx_word' id='word_1_560' title='bbox 3335 4354 3545 4425; x_wconf 85' lang='grc' dir='ltr'>δώρων,</span> <span class='ocrx_word' id='word_1_561' title='bbox 3581 4357 3718 4424; x_wconf 72' lang='grc' dir='ltr'>μήτε</span> <span class='ocrx_word' id='word_1_562' title='bbox 3747 4354 3840 4407; x_wconf 89' lang='grc' dir='ltr'><strong>διά</strong></span> <span class='ocrx_word' id='word_1_563' title='bbox 3865 4352 4053 4422; x_wconf 78' lang='grc' dir='ltr'>φιλίαν</span> 
     </span>
    </p>
   </div>
   <div class='ocr_carea' id='block_1_84' title="bbox 771 4426 4053 4519">
    <p class='ocr_par' dir='ltr' id='par_1_84' title="bbox 771 4426 4053 4519">
     <span class='ocr_line' id='line_1_84' title="bbox 771 4426 4053 4519; baseline 0.001 -26"><span class='ocrx_word' id='word_1_564' title='bbox 771 4441 872 4510; x_wconf 75' lang='grc' dir='ltr'>τῆς</span> <span class='ocrx_word' id='word_1_565' title='bbox 922 4443 1173 4516; x_wconf 81' lang='grc' dir='ltr'>τοιαύτης</span> <span class='ocrx_word' id='word_1_566' title='bbox 1217 4445 1462 4509; x_wconf 77' lang='grc' dir='ltr'>δουλεῖας</span> <span class='ocrx_word' id='word_1_567' title='bbox 1507 4426 1996 4515; x_wconf 76' lang='grc' dir='ltr'>ἀπολιμπανὲσθω,</span> <span class='ocrx_word' id='word_1_568' title='bbox 2037 4446 2173 4500; x_wconf 83' lang='grc' dir='ltr'><strong>ἀλλά</strong></span> <span class='ocrx_word' id='word_1_569' title='bbox 2205 4426 2606 4515; x_wconf 23' lang='grc' dir='ltr'>κατὰ-ἀλογίαν</span> <span class='ocrx_word' id='word_1_570' title='bbox 2641 4450 2741 4519; x_wconf 79' lang='grc' dir='ltr'>τῆς</span> <span class='ocrx_word' id='word_1_571' title='bbox 2765 4426 2884 4518; x_wconf 54' lang='grc' dir='ltr'><strong>ξΞΒ)</strong></span> <span class='ocrx_word' id='word_1_572' title='bbox 2912 4447 3198 4517; x_wconf 81' lang='grc' dir='ltr'>δυνάμεως</span> <span class='ocrx_word' id='word_1_573' title='bbox 3228 4444 3394 4499; x_wconf 82' lang='grc' dir='ltr'>αὑτοῦ</span> <span class='ocrx_word' id='word_1_574' title='bbox 3426 4447 3653 4510; x_wconf 73' lang='grc' dir='ltr'>ἕκαστος</span> <span class='ocrx_word' id='word_1_575' title='bbox 3715 4445 3813 4498; x_wconf 82' lang='grc' dir='ltr'>καὶ</span> <span class='ocrx_word' id='word_1_576' title='bbox 3885 4444 4053 4496; x_wconf 79' lang='grc' dir='ltr'>πλού-</span> 
     </span>
    </p>
   </div>
   <div class='ocr_carea' id='block_1_85' title="bbox 775 4535 2529 4609">
    <p class='ocr_par' dir='ltr' id='par_1_85' title="bbox 775 4535 2529 4609">
     <span class='ocr_line' id='line_1_85' title="bbox 775 4535 2529 4609; baseline 0.006 -24"><span class='ocrx_word' id='word_1_577' title='bbox 775 4550 888 4599; x_wconf 68' lang='grc' dir='ltr'>σιος</span> <span class='ocrx_word' id='word_1_578' title='bbox 940 4535 1035 4588; x_wconf 77' lang='grc' dir='ltr'>καὶ</span> <span class='ocrx_word' id='word_1_579' title='bbox 1096 4538 1264 4605; x_wconf 84' lang='grc' dir='ltr'>πένης</span> <span class='ocrx_word' id='word_1_580' title='bbox 1311 4538 1410 4609; x_wconf 75' lang='grc' dir='ltr'><strong>τὴν</strong></span> <span class='ocrx_word' id='word_1_581' title='bbox 1471 4538 1741 4609; x_wconf 84' lang='grc' dir='ltr'>δημοσίαν</span> <span class='ocrx_word' id='word_1_582' title='bbox 1797 4539 2040 4594; x_wconf 87' lang='grc' dir='ltr'>δουλείαν</span> <span class='ocrx_word' id='word_1_583' title='bbox 2086 4540 2529 4596; x_wconf 72' lang='grc' dir='ltr'>ἔπιτελείτωσαν.</span> 
     </span>
    </p>
   </div>
   <div class='ocr_carea' id='block_1_86' title="bbox 848 4626 2348 4704">
    <p class='ocr_par' dir='ltr' id='par_1_86' title="bbox 848 4626 2344 4704">
     <span class='ocr_line' id='line_1_86' title="bbox 848 4626 2344 4704; baseline 0.005 -26"><span class='ocrx_word' id='word_1_584' title='bbox 848 4626 937 4679; x_wconf 79' lang='lat'><strong>7-2.</strong></span> <span class='ocrx_word' id='word_1_585' title='bbox 962 4627 1191 4682; x_wconf 80' lang='lat' dir='ltr'><strong>Militum</strong></span> <span class='ocrx_word' id='word_1_586' title='bbox 1219 4630 1273 4683; x_wconf 94' lang='lat' dir='ltr'><strong>in</strong></span> <span class='ocrx_word' id='word_1_587' title='bbox 1293 4629 1436 4683; x_wconf 89' lang='lat' dir='ltr'><strong>bello</strong></span> <span class='ocrx_word' id='word_1_588' title='bbox 1464 4632 1802 4697; x_wconf 87' lang='lat' dir='ltr'><strong>cadentium,</strong></span> <span class='ocrx_word' id='word_1_589' title='bbox 1835 4640 1997 4702; x_wconf 90' lang='lat' dir='ltr'><strong>atque</strong></span> <span class='ocrx_word' id='word_1_590' title='bbox 2030 4648 2221 4688; x_wconf 88' lang='lat' dir='ltr'><strong>eorum</strong></span> <span class='ocrx_word' id='word_1_591' title='bbox 2250 4649 2344 4704; x_wconf 86' lang='lat' dir='ltr'><strong>po-</strong></span> 
     </span>
    </p>
   </div>
   <div class='ocr_carea' id='block_1_87' title="bbox 2455 4626 4053 4704">
    <p class='ocr_par' dir='ltr' id='par_1_87' title="bbox 2523 4627 4053 4702">
     <span class='ocr_line' id='line_1_87' title="bbox 2523 4627 4053 4702; baseline -0.003 -18"><span class='ocrx_word' id='word_1_592' title='bbox 2523 4631 2623 4702; x_wconf 84' lang='grc' dir='ltr'><strong>οβ’.</strong></span> <span class='ocrx_word' id='word_1_593' title='bbox 2672 4630 2816 4700; x_wconf 79' lang='grc' dir='ltr'>Ἰερά</span> <span class='ocrx_word' id='word_1_594' title='bbox 2871 4635 2980 4684; x_wconf 83' lang='grc' dir='ltr'>εἱσι</span> <span class='ocrx_word' id='word_1_595' title='bbox 3006 4630 3075 4684; x_wconf 80' lang='grc' dir='ltr'>τὰ</span> <span class='ocrx_word' id='word_1_596' title='bbox 3130 4630 3239 4685; x_wconf 81' lang='grc' dir='ltr'>τῶν</span> <span class='ocrx_word' id='word_1_597' title='bbox 3298 4628 3674 4683; x_wconf 82' lang='grc' dir='ltr'>τελευτώντων</span> <span class='ocrx_word' id='word_1_598' title='bbox 3714 4629 3774 4680; x_wconf 81' lang='grc' dir='ltr'><strong>ἐν</strong></span> <span class='ocrx_word' id='word_1_599' title='bbox 3825 4627 4053 4699; x_wconf 78' lang='grc' dir='ltr'>πολέμῳ</span> 
     </span>
    </p>
   </div>
   <div class='ocr_carea' id='block_1_88' title="bbox 777 4719 2353 4795">
    <p class='ocr_par' dir='ltr' id='par_1_88' title="bbox 777 4719 2353 4795">
     <span class='ocr_line' id='line_1_88' title="bbox 777 4719 2353 4795; baseline 0.004 -25"><span class='ocrx_word' id='word_1_600' title='bbox 777 4719 1073 4795; x_wconf 77' lang='lat' dir='ltr'><strong>tissimum,</strong></span> <span class='ocrx_word' id='word_1_601' title='bbox 1120 4719 1214 4789; x_wconf 92' lang='lat' dir='ltr'><strong>qui</strong></span> <span class='ocrx_word' id='word_1_602' title='bbox 1247 4729 1473 4775; x_wconf 90' lang='lat' dir='ltr'><strong>strenue</strong></span> <span class='ocrx_word' id='word_1_603' title='bbox 1510 4738 1570 4777; x_wconf 85' lang='lat' dir='ltr'><strong>se</strong></span> <span class='ocrx_word' id='word_1_604' title='bbox 1595 4731 1813 4792; x_wconf 85' lang='lat' dir='ltr'><strong>gerunt,</strong></span> <span class='ocrx_word' id='word_1_605' title='bbox 1837 4733 1890 4777; x_wconf 90' lang='lat' dir='ltr'><strong>el</strong></span> <span class='ocrx_word' id='word_1_606' title='bbox 1919 4738 2019 4792; x_wconf 91' lang='lat' dir='ltr'><strong>pro</strong></span> <span class='ocrx_word' id='word_1_607' title='bbox 2048 4723 2152 4778; x_wconf 72' lang='lat' dir='ltr'><strong>ﬁde</strong></span> <span class='ocrx_word' id='word_1_608' title='bbox 2190 4725 2353 4778; x_wconf 81' lang='lat' dir='ltr'><strong>Chri-</strong></span> 
     </span>
    </p>
   </div>
   <div class='ocr_carea' id='block_1_89' title="bbox 777 4810 2351 4883">
    <p class='ocr_par' dir='ltr' id='par_1_89' title="bbox 777 4810 2351 4883">
     <span class='ocr_line' id='line_1_89' title="bbox 777 4810 2351 4883; baseline 0.001 -20"><span class='ocrx_word' id='word_1_609' title='bbox 777 4811 953 4863; x_wconf 87' lang='lat' dir='ltr'><strong>stiana</strong></span> <span class='ocrx_word' id='word_1_610' title='bbox 990 4810 1189 4863; x_wconf 89' lang='lat' dir='ltr'><strong>mortui</strong></span> <span class='ocrx_word' id='word_1_611' title='bbox 1221 4818 1376 4874; x_wconf 91' lang='lat' dir='ltr'><strong>sunt,</strong></span> <span class='ocrx_word' id='word_1_612' title='bbox 1426 4825 1660 4881; x_wconf 88' lang='lat' dir='ltr'><strong>corpora</strong></span> <span class='ocrx_word' id='word_1_613' title='bbox 1716 4812 1945 4868; x_wconf 81' lang='lat' dir='ltr'><strong>honeste</strong></span> <span class='ocrx_word' id='word_1_614' title='bbox 1994 4813 2351 4883; x_wconf 89' lang='lat' dir='ltr'><strong>sepeliantur,</strong></span> 
     </span>
    </p>
   </div>
   <div class='ocr_carea' id='block_1_90' title="bbox 777 4902 2356 4972">
    <p class='ocr_par' dir='ltr' id='par_1_90' title="bbox 777 4902 2356 4972">
     <span class='ocr_line' id='line_1_90' title="bbox 777 4902 2356 4972; baseline 0.006 -23"><span class='ocrx_word' id='word_1_615' title='bbox 777 4916 985 4971; x_wconf 80' lang='lat' dir='ltr'><strong>eosque</strong></span> <span class='ocrx_word' id='word_1_616' title='bbox 1023 4903 1168 4955; x_wconf 79' lang='lat' dir='ltr'><strong>bona</strong></span> <span class='ocrx_word' id='word_1_617' title='bbox 1217 4909 1380 4972; x_wconf 90' lang='lat' dir='ltr'><strong>atque</strong></span> <span class='ocrx_word' id='word_1_618' title='bbox 1427 4903 1656 4958; x_wconf 87' lang='lat' dir='ltr'><strong>bonesta</strong></span> <span class='ocrx_word' id='word_1_619' title='bbox 1691 4902 2170 4960; x_wconf 85' lang='lat' dir='ltr'><strong>cemmendatione</strong></span> <span class='ocrx_word' id='word_1_620' title='bbox 2207 4920 2356 4959; x_wconf 84' lang='lat' dir='ltr'><strong>mor-</strong></span> 
     </span>
    </p>
   </div>
   <div class='ocr_carea' id='block_1_91' title="bbox 780 4991 2358 5064">
    <p class='ocr_par' dir='ltr' id='par_1_91' title="bbox 780 4991 2358 5064">
     <span class='ocr_line' id='line_1_91' title="bbox 780 4991 2358 5064; baseline 0.003 -21"><span class='ocrx_word' id='word_1_621' title='bbox 780 5001 903 5048; x_wconf 89' lang='lat' dir='ltr'><strong>tuos</strong></span> <span class='ocrx_word' id='word_1_622' title='bbox 936 5008 1353 5062; x_wconf 84' lang='lat' dir='ltr'><strong>prosequamur.</strong></span> <span class='ocrx_word' id='word_1_623' title='bbox 1379 4991 1483 5047; x_wconf 88' lang='lat' dir='ltr'><strong>Sed</strong></span> <span class='ocrx_word' id='word_1_624' title='bbox 1525 5002 1581 5049; x_wconf 90' lang='lat' dir='ltr'><strong>et</strong></span> <span class='ocrx_word' id='word_1_625' title='bbox 1611 4994 1768 5049; x_wconf 89' lang='lat' dir='ltr'><strong>liberi</strong></span> <span class='ocrx_word' id='word_1_626' title='bbox 1814 4994 2053 5061; x_wconf 88' lang='lat' dir='ltr'><strong>illorum,</strong></span> <span class='ocrx_word' id='word_1_627' title='bbox 2085 5004 2138 5049; x_wconf 91' lang='lat' dir='ltr'><strong>et</strong></span> <span class='ocrx_word' id='word_1_628' title='bbox 2161 4995 2358 5064; x_wconf 89' lang='lat' dir='ltr'><strong>conju-</strong></span> 
     </span>
    </p>
   </div>
   <div class='ocr_carea' id='block_1_92' title="bbox 783 5082 2358 5155">
    <p class='ocr_par' dir='ltr' id='par_1_92' title="bbox 783 5082 2358 5155">
     <span class='ocr_line' id='line_1_92' title="bbox 783 5082 2358 5155; baseline 0.004 -22"><span class='ocrx_word' id='word_1_629' title='bbox 783 5099 901 5151; x_wconf 61' lang='grc' dir='ltr'>ενδ,</span> <span class='ocrx_word' id='word_1_630' title='bbox 926 5084 1295 5153; x_wconf 81' lang='lat' dir='ltr'><strong>universaque</strong></span> <span class='ocrx_word' id='word_1_631' title='bbox 1336 5082 1565 5147; x_wconf 77' lang='lat' dir='ltr'><strong>familia,</strong></span> <span class='ocrx_word' id='word_1_632' title='bbox 1602 5092 1693 5139; x_wconf 87' lang='lat' dir='ltr'><strong>tua</strong></span> <span class='ocrx_word' id='word_1_633' title='bbox 1724 5085 2065 5155; x_wconf 82' lang='lat' dir='ltr'><strong>providentia</strong></span> <span class='ocrx_word' id='word_1_634' title='bbox 2101 5101 2165 5141; x_wconf 89' lang='lat' dir='ltr'><strong>ac</strong></span> <span class='ocrx_word' id='word_1_635' title='bbox 2222 5102 2358 5155; x_wconf 75' lang='lat' dir='ltr'><strong>pra:-</strong></span> 
     </span>
    </p>
   </div>
   <div class='ocr_carea' id='block_1_93' title="bbox 784 5174 2357 5245">
    <p class='ocr_par' dir='ltr' id='par_1_93' title="bbox 784 5174 2357 5245">
     <span class='ocr_line' id='line_1_93' title="bbox 784 5174 2357 5245; baseline 0.003 -19"><span class='ocrx_word' id='word_1_636' title='bbox 784 5174 925 5226; x_wconf 79' lang='lat' dir='ltr'><strong>sidio</strong></span> <span class='ocrx_word' id='word_1_637' title='bbox 955 5174 1191 5229; x_wconf 87' lang='lat' dir='ltr'><strong>alantur.</strong></span> <span class='ocrx_word' id='word_1_638' title='bbox 1226 5175 1303 5230; x_wconf 83' lang='lat' dir='ltr'><strong>lta</strong></span> <span class='ocrx_word' id='word_1_639' title='bbox 1340 5176 1486 5230; x_wconf 90' lang='lat' dir='ltr'><strong>enim</strong></span> <span class='ocrx_word' id='word_1_640' title='bbox 1519 5176 1722 5231; x_wconf 88' lang='lat' dir='ltr'><strong>milites</strong></span> <span class='ocrx_word' id='word_1_641' title='bbox 1770 5176 2003 5240; x_wconf 86' lang='lat' dir='ltr'><strong>alacres,</strong></span> <span class='ocrx_word' id='word_1_642' title='bbox 2036 5185 2200 5245; x_wconf 89' lang='lat' dir='ltr'><strong>atque</strong></span> <span class='ocrx_word' id='word_1_643' title='bbox 2226 5178 2357 5231; x_wconf 88' lang='lat' dir='ltr'><strong>inei-</strong></span> 
     </span>
    </p>
   </div>
   <div class='ocr_carea' id='block_1_94' title="bbox 785 5262 2354 5338">
    <p class='ocr_par' dir='ltr' id='par_1_94' title="bbox 785 5262 2354 5338">
     <span class='ocr_line' id='line_1_94' title="bbox 785 5262 2354 5338; baseline 0.003 -22"><span class='ocrx_word' id='word_1_644' title='bbox 785 5265 879 5317; x_wconf 91' lang='lat' dir='ltr'><strong>tati</strong></span> <span class='ocrx_word' id='word_1_645' title='bbox 937 5262 1007 5317; x_wconf 92' lang='lat' dir='ltr'><strong>ad</strong></span> <span class='ocrx_word' id='word_1_646' title='bbox 1054 5263 1245 5321; x_wconf 78' lang='lat' dir='ltr'><strong>bellica</strong></span> <span class='ocrx_word' id='word_1_647' title='bbox 1291 5265 1532 5336; x_wconf 82' lang='lat' dir='ltr'><strong>pericula</strong></span> <span class='ocrx_word' id='word_1_648' title='bbox 1588 5267 1940 5338; x_wconf 87' lang='lat' dir='ltr'><strong>suscipienda</strong></span> <span class='ocrx_word' id='word_1_649' title='bbox 1980 5276 2164 5331; x_wconf 87' lang='lat' dir='ltr'><strong>erunt,</strong></span> <span class='ocrx_word' id='word_1_650' title='bbox 2201 5268 2244 5321; x_wconf 91' lang='lat' dir='ltr'><strong>si</strong></span> <span class='ocrx_word' id='word_1_651' title='bbox 2302 5269 2354 5321; x_wconf 88' lang='lat' dir='ltr'><strong>in</strong></span> 
     </span>
    </p>
   </div>
   <div class='ocr_carea' id='block_1_95' title="bbox 788 5348 2361 5428">
    <p class='ocr_par' dir='ltr' id='par_1_95' title="bbox 788 5348 2361 5428">
     <span class='ocr_line' id='line_1_95' title="bbox 788 5348 2361 5428; baseline 0.003 -20"><span class='ocrx_word' id='word_1_652' title='bbox 788 5358 1005 5411; x_wconf 87' lang='lat' dir='ltr'><strong>illorum</strong></span> <span class='ocrx_word' id='word_1_653' title='bbox 1043 5372 1282 5413; x_wconf 81' lang='lat' dir='ltr'><strong>excessu</strong></span> <span class='ocrx_word' id='word_1_654' title='bbox 1305 5375 1335 5414; x_wconf 90' lang='lat' dir='ltr'><strong>e</strong></span> <span class='ocrx_word' id='word_1_655' title='bbox 1367 5359 1476 5412; x_wconf 89' lang='lat' dir='ltr'><strong>vita</strong></span> <span class='ocrx_word' id='word_1_656' title='bbox 1508 5368 1755 5425; x_wconf 82' lang='lat' dir='ltr'><strong>cernant,</strong></span> <span class='ocrx_word' id='word_1_657' title='bbox 1802 5358 1931 5428; x_wconf 90' lang='lat' dir='ltr'><strong>quid</strong></span> <span class='ocrx_word' id='word_1_658' title='bbox 1965 5348 2150 5428; x_wconf 87' lang='lat' dir='ltr'><strong>postea</strong></span> <span class='ocrx_word' id='word_1_659' title='bbox 2184 5374 2262 5424; x_wconf 87' lang='lat' dir='ltr'><strong>sc,</strong></span> <span class='ocrx_word' id='word_1_660' title='bbox 2299 5373 2361 5413; x_wconf 90' lang='lat' dir='ltr'><strong>ac</strong></span> 
     </span>
    </p>
   </div>
   <div class='ocr_carea' id='block_1_96' title="bbox 789 5447 2091 5519">
    <p class='ocr_par' dir='ltr' id='par_1_96' title="bbox 789 5447 2091 5519">
     <span class='ocr_line' id='line_1_96' title="bbox 789 5447 2091 5519; baseline 0.005 -20"><span class='ocrx_word' id='word_1_661' title='bbox 789 5450 907 5503; x_wconf 88' lang='lat' dir='ltr'><strong>suis</strong></span> <span class='ocrx_word' id='word_1_662' title='bbox 933 5447 1042 5513; x_wconf 80' lang='lat' dir='ltr'><strong>ﬁat,</strong></span> <span class='ocrx_word' id='word_1_663' title='bbox 1073 5450 1120 5505; x_wconf 90' lang='lat' dir='ltr'><strong>si</strong></span> <span class='ocrx_word' id='word_1_664' title='bbox 1155 5463 1216 5504; x_wconf 90' lang='lat' dir='ltr'><strong>se</strong></span> <span class='ocrx_word' id='word_1_665' title='bbox 1248 5459 1502 5505; x_wconf 89' lang='lat' dir='ltr'><strong>strenuos</strong></span> <span class='ocrx_word' id='word_1_666' title='bbox 1527 5450 1582 5504; x_wconf 92' lang='lat' dir='ltr'><strong>in</strong></span> <span class='ocrx_word' id='word_1_667' title='bbox 1623 5448 1766 5505; x_wconf 90' lang='lat' dir='ltr'><strong>bello</strong></span> <span class='ocrx_word' id='word_1_668' title='bbox 1800 5449 2091 5519; x_wconf 82' lang='lat' dir='ltr'><strong>gesserint.</strong></span> 
     </span>
    </p>
   </div>
   <div class='ocr_carea' id='block_1_97' title="bbox 2464 4718 4053 4791">
    <p class='ocr_par' dir='ltr' id='par_1_97' title="bbox 2464 4718 4053 4791">
     <span class='ocr_line' id='line_1_97' title="bbox 2464 4718 4053 4791; baseline -0.004 -16"><span class='ocrx_word' id='word_1_669' title='bbox 2464 4724 2812 4789; x_wconf 83' lang='grc' dir='ltr'>στρατιωτῶν</span> <span class='ocrx_word' id='word_1_670' title='bbox 2868 4722 3134 4791; x_wconf 84' lang='grc' dir='ltr'>σώματα,</span> <span class='ocrx_word' id='word_1_671' title='bbox 3183 4722 3276 4775; x_wconf 73' lang='grc' dir='ltr'>καὶ</span> <span class='ocrx_word' id='word_1_672' title='bbox 3340 4720 3575 4791; x_wconf 81' lang='grc' dir='ltr'>μάλιστα</span> <span class='ocrx_word' id='word_1_673' title='bbox 3632 4718 3741 4771; x_wconf 87' lang='grc' dir='ltr'>τῶν</span> <span class='ocrx_word' id='word_1_674' title='bbox 3786 4720 4053 4788; x_wconf 83' lang='grc' dir='ltr'>ἀριστευ-</span> 
     </span>
    </p>
   </div>
   <div class='ocr_carea' id='block_1_98' title="bbox 2465 4809 4054 4883">
    <p class='ocr_par' dir='ltr' id='par_1_98' title="bbox 2465 4809 4054 4883">
     <span class='ocr_line' id='line_1_98' title="bbox 2465 4809 4054 4883; baseline -0.005 -17"><span class='ocrx_word' id='word_1_675' title='bbox 2465 4813 2705 4879; x_wconf 82' lang='grc' dir='ltr'>σάντων,</span> <span class='ocrx_word' id='word_1_676' title='bbox 2752 4814 2810 4865; x_wconf 82' lang='grc' dir='ltr'>ὲν</span> <span class='ocrx_word' id='word_1_677' title='bbox 2856 4816 2923 4883; x_wconf 78' lang='grc' dir='ltr'><strong>τῇ</strong></span> <span class='ocrx_word' id='word_1_678' title='bbox 2979 4812 3119 4883; x_wconf 84' lang='grc' dir='ltr'>ὑπὲρ</span> <span class='ocrx_word' id='word_1_679' title='bbox 3164 4811 3274 4865; x_wconf 82' lang='grc' dir='ltr'>τῶν</span> <span class='ocrx_word' id='word_1_680' title='bbox 3320 4809 3663 4882; x_wconf 84' lang='grc' dir='ltr'>Χριστιανῶν</span> <span class='ocrx_word' id='word_1_681' title='bbox 3710 4809 3882 4878; x_wconf 80' lang='grc' dir='ltr'><strong>μάχῃ.</strong></span> <span class='ocrx_word' id='word_1_682' title='bbox 3938 4811 4054 4862; x_wconf 68' lang='grc' dir='ltr'><strong>Καὶ</strong></span> 
     </span>
    </p>
   </div>
   <div class='ocr_carea' id='block_1_99' title="bbox 2460 4900 4052 4974">
    <p class='ocr_par' dir='ltr' id='par_1_99' title="bbox 2460 4900 4052 4974">
     <span class='ocr_line' id='line_1_99' title="bbox 2460 4900 4052 4974; baseline -0.003 -16"><span class='ocrx_word' id='word_1_683' title='bbox 2460 4904 2635 4958; x_wconf 80' lang='grc' dir='ltr'>ταῦτα</span> <span class='ocrx_word' id='word_1_684' title='bbox 2693 4903 2869 4974; x_wconf 82' lang='grc' dir='ltr'>χρεὼν</span> <span class='ocrx_word' id='word_1_685' title='bbox 2897 4905 2962 4957; x_wconf 84' lang='grc' dir='ltr'>ὲκ</span> <span class='ocrx_word' id='word_1_686' title='bbox 2989 4901 3190 4967; x_wconf 75' lang='grc' dir='ltr'>πᾶντδς</span> <span class='ocrx_word' id='word_1_687' title='bbox 3211 4903 3412 4971; x_wconf 85' lang='grc' dir='ltr'>τρόπου</span> <span class='ocrx_word' id='word_1_688' title='bbox 3432 4919 3485 4955; x_wconf 89' lang='grc' dir='ltr'><strong>τι</strong></span> <span class='ocrx_word' id='word_1_689' title='bbox 3496 4903 3601 4973; x_wconf 76' lang='grc' dir='ltr'>μᾷν</span> <span class='ocrx_word' id='word_1_690' title='bbox 3633 4900 3798 4963; x_wconf 82' lang='grc' dir='ltr'>ὁσίως</span> <span class='ocrx_word' id='word_1_691' title='bbox 3825 4901 3919 4953; x_wconf 74' lang='grc' dir='ltr'>καὶ</span> <span class='ocrx_word' id='word_1_692' title='bbox 3950 4918 4052 4953; x_wconf 84' lang='grc' dir='ltr'><strong>τα-</strong></span> 
     </span>
    </p>
   </div>
   <div class='ocr_carea' id='block_1_100' title="bbox 2465 4992 4053 5067">
    <p class='ocr_par' dir='ltr' id='par_1_100' title="bbox 2465 4992 4053 5067">
     <span class='ocr_line' id='line_1_100' title="bbox 2465 4992 4053 5067; baseline -0.011 -7"><span class='ocrx_word' id='word_1_693' title='bbox 2465 4997 2573 5065; x_wconf 83' lang='grc' dir='ltr'>φῆς</span> <span class='ocrx_word' id='word_1_694' title='bbox 2623 4995 2807 5062; x_wconf 77' lang='grc' dir='ltr'>ἀξιοῦν</span> <span class='ocrx_word' id='word_1_695' title='bbox 2854 4996 2947 5050; x_wconf 83' lang='grc' dir='ltr'>καὶ</span> <span class='ocrx_word' id='word_1_696' title='bbox 2998 4996 3219 5067; x_wconf 84' lang='grc' dir='ltr'>μνήμης</span> <span class='ocrx_word' id='word_1_697' title='bbox 3273 4994 3626 5065; x_wconf 80' lang='grc' dir='ltr'>ἀειμνήστου,</span> <span class='ocrx_word' id='word_1_698' title='bbox 3671 4992 3811 5045; x_wconf 81' lang='grc' dir='ltr'><strong>ἀλλά</strong></span> <span class='ocrx_word' id='word_1_699' title='bbox 3864 4996 3961 5045; x_wconf 74' lang='grc' dir='ltr'>καὶ</span> <span class='ocrx_word' id='word_1_700' title='bbox 3982 4994 4053 5044; x_wconf 65' lang='grc' dir='ltr'><strong>τὰ</strong></span> 
     </span>
    </p>
   </div>
   <div class='ocr_carea' id='block_1_101' title="bbox 2467 5085 4054 5156">
    <p class='ocr_par' dir='ltr' id='par_1_101' title="bbox 2467 5085 4054 5156">
     <span class='ocr_line' id='line_1_101' title="bbox 2467 5085 4054 5156; baseline -0.003 -13"><span class='ocrx_word' id='word_1_701' title='bbox 2467 5088 2633 5143; x_wconf 82' lang='grc' dir='ltr'>τέκνα</span> <span class='ocrx_word' id='word_1_702' title='bbox 2660 5088 2865 5141; x_wconf 88' lang='grc' dir='ltr'>τούτων</span> <span class='ocrx_word' id='word_1_703' title='bbox 2887 5087 2981 5141; x_wconf 73' lang='grc' dir='ltr'>καὶ</span> <span class='ocrx_word' id='word_1_704' title='bbox 3007 5088 3107 5147; x_wconf 83' lang='grc' dir='ltr'>τὰς</span> <span class='ocrx_word' id='word_1_705' title='bbox 3131 5086 3380 5156; x_wconf 78' lang='grc' dir='ltr'>γαμετὰς</span> <span class='ocrx_word' id='word_1_706' title='bbox 3409 5086 3505 5140; x_wconf 78' lang='grc' dir='ltr'>καὶ</span> <span class='ocrx_word' id='word_1_707' title='bbox 3531 5087 3658 5147; x_wconf 81' lang='grc' dir='ltr'>τοὺς</span> <span class='ocrx_word' id='word_1_708' title='bbox 3684 5085 3839 5145; x_wconf 83' lang='grc' dir='ltr'>ὅλους</span> <span class='ocrx_word' id='word_1_709' title='bbox 3865 5085 4054 5147; x_wconf 61' lang='lat' dir='ltr'><strong>otium;</strong></span> 
     </span>
    </p>
   </div>
   <div class='ocr_carea' id='block_1_102' title="bbox 2468 5176 4054 5250">
    <p class='ocr_par' dir='ltr' id='par_1_102' title="bbox 2468 5176 4054 5250">
     <span class='ocr_line' id='line_1_102' title="bbox 2468 5176 4054 5250; baseline -0.001 -18"><span class='ocrx_word' id='word_1_710' title='bbox 2468 5179 2647 5232; x_wconf 82' lang='grc' dir='ltr'>αὐτῶν</span> <span class='ocrx_word' id='word_1_711' title='bbox 2701 5178 2819 5232; x_wconf 75' lang='grc' dir='ltr'>δέον</span> <span class='ocrx_word' id='word_1_712' title='bbox 2862 5179 2959 5247; x_wconf 82' lang='grc' dir='ltr'>τῆς</span> <span class='ocrx_word' id='word_1_713' title='bbox 3011 5177 3165 5250; x_wconf 72' lang='grc' dir='ltr'>παρὰ</span> <span class='ocrx_word' id='word_1_714' title='bbox 3222 5177 3317 5231; x_wconf 84' lang='grc' dir='ltr'>σοῦ</span> <span class='ocrx_word' id='word_1_715' title='bbox 3364 5176 3618 5247; x_wconf 85' lang='grc' dir='ltr'>προνοίας</span> <span class='ocrx_word' id='word_1_716' title='bbox 3656 5176 4054 5239; x_wconf 81' lang='grc' dir='ltr'>ἀπολαύειν,ὡ</span> 
     </span>
    </p>
   </div>
   <div class='ocr_carea' id='block_1_103' title="bbox 2469 5263 4051 5337">
    <p class='ocr_par' dir='ltr' id='par_1_103' title="bbox 2469 5263 4051 5337">
     <span class='ocr_line' id='line_1_103' title="bbox 2469 5263 4051 5337; baseline -0.003 -15"><span class='ocrx_word' id='word_1_717' title='bbox 2469 5267 2764 5337; x_wconf 81' lang='grc' dir='ltr'>στρατηγὲ,</span> <span class='ocrx_word' id='word_1_718' title='bbox 2812 5268 2906 5320; x_wconf 75' lang='grc' dir='ltr'>καὶ</span> <span class='ocrx_word' id='word_1_719' title='bbox 2956 5266 3272 5336; x_wconf 74' lang='grc' dir='ltr'>ἐπιμελείας</span> <span class='ocrx_word' id='word_1_720' title='bbox 3328 5266 3421 5318; x_wconf 80' lang='grc' dir='ltr'>καὶ</span> <span class='ocrx_word' id='word_1_721' title='bbox 3448 5263 3832 5333; x_wconf 72' lang='grc' dir='ltr'>,ἁντιλήψεως.</span> <span class='ocrx_word' id='word_1_722' title='bbox 3863 5265 4051 5327; x_wconf 79' lang='grc' dir='ltr'>Οὕτως</span> 
     </span>
    </p>
   </div>
   <div class='ocr_carea' id='block_1_104' title="bbox 2469 5354 4051 5429">
    <p class='ocr_par' dir='ltr' id='par_1_104' title="bbox 2469 5354 4051 5429">
     <span class='ocr_line' id='line_1_104' title="bbox 2469 5354 4051 5429; baseline -0.004 -16"><span class='ocrx_word' id='word_1_723' title='bbox 2469 5360 2576 5427; x_wconf 80' lang='grc' dir='ltr'>γὰρ</span> <span class='ocrx_word' id='word_1_724' title='bbox 2603 5360 2652 5410; x_wconf 80' lang='lat' dir='ltr'><strong>ot</strong></span> <span class='ocrx_word' id='word_1_725' title='bbox 2683 5358 3013 5429; x_wconf 79' lang='grc' dir='ltr'>στρατιῶται</span> <span class='ocrx_word' id='word_1_726' title='bbox 3076 5359 3169 5411; x_wconf 77' lang='grc' dir='ltr'>καὶ</span> <span class='ocrx_word' id='word_1_727' title='bbox 3227 5356 3452 5426; x_wconf 56' lang='grc' dir='ltr'>εὔψυχοι</span> <span class='ocrx_word' id='word_1_728' title='bbox 3478 5358 3575 5409; x_wconf 70' lang='grc' dir='ltr'>καὶ</span> <span class='ocrx_word' id='word_1_729' title='bbox 3606 5354 3879 5425; x_wconf 82' lang='grc' dir='ltr'>πρόθυμοι</span> <span class='ocrx_word' id='word_1_730' title='bbox 3913 5356 4051 5425; x_wconf 61' lang='grc' dir='ltr'>πρὲς</span> 
     </span>
    </p>
   </div>
   <div class='ocr_carea' id='block_1_105' title="bbox 2468 5448 4050 5520">
    <p class='ocr_par' dir='ltr' id='par_1_105' title="bbox 2468 5448 4050 5520">
     <span class='ocr_line' id='line_1_105' title="bbox 2468 5448 4050 5520; baseline -0.002 -18"><span class='ocrx_word' id='word_1_731' title='bbox 2468 5451 2598 5513; x_wconf 79' lang='grc' dir='ltr'>τοὺς</span> <span class='ocrx_word' id='word_1_732' title='bbox 2655 5450 2986 5520; x_wconf 75' lang='grc' dir='ltr'>πολεμικοὺς</span> <span class='ocrx_word' id='word_1_733' title='bbox 3042 5449 3323 5511; x_wconf 79' lang='grc' dir='ltr'>κινδύνους</span> <span class='ocrx_word' id='word_1_734' title='bbox 3354 5449 3697 5518; x_wconf 84' lang='grc' dir='ltr'>γενήσονται,</span> <span class='ocrx_word' id='word_1_735' title='bbox 3726 5448 3784 5501; x_wconf 82' lang='grc' dir='ltr'><strong>ἐν</strong></span> <span class='ocrx_word' id='word_1_736' title='bbox 3816 5449 4050 5509; x_wconf 75' lang='grc' dir='ltr'>ἐκείνοις</span> 
     </span>
    </p>
   </div>
   <div class='ocr_carea' id='block_1_106' title="bbox 792 5537 3542 5613">
    <p class='ocr_par' dir='ltr' id='par_1_106' title="bbox 792 5537 3542 5613">
     <span class='ocr_line' id='line_1_106' title="bbox 792 5537 3542 5613; baseline 0.001 -22"><span class='ocrx_word' id='word_1_737' title='bbox 792 5537 1078 5605; x_wconf 81' lang='grc' dir='ltr'>βλέποντες</span> <span class='ocrx_word' id='word_1_738' title='bbox 1111 5541 1162 5595; x_wconf 88' lang='grc' dir='ltr'><strong>τί</strong></span> <span class='ocrx_word' id='word_1_739' title='bbox 1201 5542 1380 5603; x_wconf 82' lang='grc' dir='ltr'>αὐτοῖς</span> <span class='ocrx_word' id='word_1_740' title='bbox 1425 5540 1761 5611; x_wconf 88' lang='grc' dir='ltr'>συμϐήσεται</span> <span class='ocrx_word' id='word_1_741' title='bbox 1787 5541 1924 5611; x_wconf 88' lang='grc' dir='ltr'><strong>μετά</strong></span> <span class='ocrx_word' id='word_1_742' title='bbox 1957 5541 2018 5596; x_wconf 76' lang='grc' dir='ltr'>τὸ</span> <span class='ocrx_word' id='word_1_743' title='bbox 2050 5540 2221 5607; x_wconf 85' lang='grc' dir='ltr'>τέλος,</span> <span class='ocrx_word' id='word_1_744' title='bbox 2258 5541 2354 5595; x_wconf 76' lang='grc' dir='ltr'><strong>ἐὰν</strong></span> <span class='ocrx_word' id='word_1_745' title='bbox 2387 5540 2687 5612; x_wconf 86' lang='grc' dir='ltr'>προθύμως</span> <span class='ocrx_word' id='word_1_746' title='bbox 2712 5540 3131 5613; x_wconf 85' lang='grc' dir='ltr'>ἀριστεύσαντες</span> <span class='ocrx_word' id='word_1_747' title='bbox 3152 5540 3542 5606; x_wconf 75' lang='grc' dir='ltr'>ἀγωνίζωνται.</span> 
     </span>
    </p>
   </div>
   <div class='ocr_carea' id='block_1_107' title="bbox 2336 5631 2570 5688">
    <p class='ocr_par' dir='ltr' id='par_1_107' title="bbox 2336 5631 2570 5688">
     <span class='ocr_line' id='line_1_107' title="bbox 2336 5631 2570 5688; baseline 0.004 -1"><span class='ocrx_word' id='word_1_748' title='bbox 2336 5631 2570 5688; x_wconf 66' lang='lat' dir='ltr'><strong>NOTAE.</strong></span> 
     </span>
    </p>
   </div>
   <div class='ocr_carea' id='block_1_108' title="bbox 860 5719 2364 5794">
    <p class='ocr_par' dir='ltr' id='par_1_108' title="bbox 860 5719 2364 5794">
     <span class='ocr_line' id='line_1_108' title="bbox 860 5719 2364 5794; baseline 0.001 -21"><span class='ocrx_word' id='word_1_749' title='bbox 860 5719 971 5794; x_wconf 63' lang='lat'><strong>(‘26)</strong></span> <span class='ocrx_word' id='word_1_750' title='bbox 1017 5722 1392 5794; x_wconf 75' lang='grc' dir='ltr'>Ἐξατωρίας.</span> <span class='ocrx_word' id='word_1_751' title='bbox 1426 5724 1636 5794; x_wconf 74' lang='lat' dir='ltr'><strong>scribe,</strong></span> <span class='ocrx_word' id='word_1_752' title='bbox 1658 5722 2175 5794; x_wconf 63' lang='lat' dir='ltr'><strong>tﬁa&#39;atwpsia4._1am</strong></span> <span class='ocrx_word' id='word_1_753' title='bbox 2204 5722 2364 5790; x_wconf 81' lang='grc' dir='ltr'>ἐξαυ-</span> 
     </span>
    </p>
   </div>
   <div class='ocr_carea' id='block_1_109' title="bbox 789 5790 2359 5914">
    <p class='ocr_par' dir='ltr' id='par_1_109' title="bbox 789 5790 2359 5914">
     <span class='ocr_line' id='line_1_109' title="bbox 789 5790 2359 5860; baseline 0.003 -19"><span class='ocrx_word' id='word_1_754' title='bbox 789 5790 1013 5859; x_wconf 83' lang='grc' dir='ltr'>τωρεία,</span> <span class='ocrx_word' id='word_1_755' title='bbox 1036 5803 1111 5843; x_wconf 80' lang='lat' dir='ltr'><strong>est</strong></span> <span class='ocrx_word' id='word_1_756' title='bbox 1145 5793 1417 5860; x_wconf 81' lang='lat' dir='ltr'><strong>Latinum,</strong></span> <span class='ocrx_word' id='word_1_757' title='bbox 1448 5793 1852 5849; x_wconf 70' lang='lat' dir='ltr'><strong>Exauctoratio.</strong></span> <span class='ocrx_word' id='word_1_758' title='bbox 1872 5790 2012 5849; x_wconf 43' lang='lat' dir='ltr'><strong>&#39;Vide</strong></span> <span class='ocrx_word' id='word_1_759' title='bbox 2030 5792 2359 5848; x_wconf 79' lang='lat' dir='ltr'><strong>Glossarium</strong></span> 
     </span>
     <span class='ocr_line' id='line_1_110' title="bbox 790 5870 1061 5914; baseline 0.011 -3"><span class='ocrx_word' id='word_1_760' title='bbox 790 5870 1061 5914; x_wconf 84' lang='lat' dir='ltr'><strong>nostrum.</strong></span> 
     </span>
    </p>
   </div>
   <div class='ocr_carea' id='block_1_110' title="bbox 2547 5720 3547 5792">
    <p class='ocr_par' dir='ltr' id='par_1_110' title="bbox 2547 5720 3547 5792">
     <span class='ocr_line' id='line_1_111' title="bbox 2547 5720 3547 5792; baseline -0.006 -13"><span class='ocrx_word' id='word_1_761' title='bbox 2547 5724 2660 5792; x_wconf 69' lang='grc' dir='ltr'>(ετ)</span> <span class='ocrx_word' id='word_1_762' title='bbox 2709 5725 2853 5779; x_wconf 80' lang='grc' dir='ltr'><strong>Ἐὰν</strong></span> <span class='ocrx_word' id='word_1_763' title='bbox 2881 5723 3008 5790; x_wconf 76' lang='grc' dir='ltr'>δέη.</span> <span class='ocrx_word' id='word_1_764' title='bbox 3048 5720 3382 5792; x_wconf 70' lang='grc' dir='ltr'>8οτὶὺιι,ἐάν</span> <span class='ocrx_word' id='word_1_765' title='bbox 3405 5721 3461 5774; x_wconf 81' lang='grc' dir='ltr'>δὲ</span> <span class='ocrx_word' id='word_1_766' title='bbox 3491 5723 3547 5792; x_wconf 67' lang='grc' dir='ltr'>η.</span> 
     </span>
    </p>
   </div>
   <div class='ocr_carea' id='block_1_111' title="bbox 2539 5791 3577 5866">
    <p class='ocr_par' dir='ltr' id='par_1_111' title="bbox 2539 5791 3577 5866">
     <span class='ocr_line' id='line_1_112' title="bbox 2539 5791 3577 5866; baseline -0.002 -17"><span class='ocrx_word' id='word_1_767' title='bbox 2539 5791 2652 5866; x_wconf 77' lang='grc'><strong>(28)</strong></span> <span class='ocrx_word' id='word_1_768' title='bbox 2695 5795 2983 5863; x_wconf 65' lang='grc' dir='ltr'>Ἀλογίανκ</span> <span class='ocrx_word' id='word_1_769' title='bbox 3022 5792 3231 5859; x_wconf 87' lang='lat' dir='ltr'><strong>Scribe,</strong></span> <span class='ocrx_word' id='word_1_770' title='bbox 3265 5791 3577 5859; x_wconf 86' lang='grc' dir='ltr'>ἀναλογίαν.</span> 
     </span>
    </p>
   </div>
  </div>
