4184 6440
159 417 298 484 1033

213 544 314 604 ογ¹.
373 539 731 609 Παρασκευῆς
768 538 868 608 τῆς
897 541 954 592 ὲν
985 541 1240 610 πολέμοις
1292 543 1615 612 ὀφειλούσης
1651 538 1802 613 μὴἈ

143 628 357 695 ἀμέλει,
409 622 454 680 ὦ
521 630 814 700 στρατηγὲ,
875 631 1015 684 κατὰ
1059 631 1152 684 τὸν
1205 631 1400 702 καιρὸν
1461 631 1557 685 τοῦ
1611 650 1722 702 χει-

142 721 363 788 μῶνοςο
411 720 497 773 ἵνα
552 720 647 774 τοῦ
697 721 856 794 ἔαρος
904 725 1288 794 ἐπιγινομένου
1340 726 1722 794 ἀνυστερήτως

142 812 236 861 καὶ
270 811 677 880 ἀνεμποδίστως
697 814 794 882 τὴν
822 818 1112 886 στρατείαν
1149 816 1369 887 ὲξάγῃςε

212 902 308 954 (ιδ’.
349 901 588 972 Ῥήμασι
620 903 920 973 πειθηνίοις
944 907 1124 975 ὁμίλει
1183 908 1424 978 συνεχῶς
1463 907 1540 977 τῷ
1585 909 1723 979 πλή-

141 994 223 1045 θει
271 993 384 1046 τῶν
443 997 810 1064 στρατιωτῶν,
869 998 1010 1051 ὥστε
1060 1001 1308 1068 ὁμονοεῖν
1339 1001 1538 1062 αὐτοὺς
1569 1003 1625 1053 ἐν
1647 1002 1724 1072 τῷ

140 1084 320 1154 καιρῷ
347 1085 449 1153 τῆς
508 1088 713 1156 μάχης,
768 1089 864 1142 καὶ
921 1090 1150 1158 φιλικῶς
1185 1093 1384 1155 αὐτοὺς
1421 1091 1724 1146 διακεῖσθαι

139 1176 453 1246 ἑπιτήδευε,
504 1178 588 1230 ινα
617 1179 790 1248 ήδέως
831 1181 974 1251 ὑπὲρ
1028 1182 1275 1254 ἀλλήλων
1316 1186 1729 1252 συναγωνίζων-

140 1285 250 1320 ται.

215 1366 311 1412 οε’.
340 1361 511 1414 Ὅταν
553 1363 830 1432 δημοσίως
869 1364 1190 1434 παρατάξῃς
1231 1365 1540 1436 σύμμικτον
1568 1384 1727 1436 στρα-

139 1452 248 1515 τον,
285 1452 456 1520 ἡγουν
508 1455 692 1518 πεζῶν
743 1456 879 1525 ὁμοῦ
915 1457 1010 1510 καὶ
1046 1456 1449 1528 καὸαλλαρίων,
1474 1459 1600 1522 τοὺς
1627 1461 1725 1529 μὲν

140 1544 340 1607 πεζοὺς
381 1544 513 1598 δέκα
550 1545 610 1598 τὸ
645 1545 829 1614 βάθος,
892 1548 1062 1618 ἧγουν
1110 1549 1206 1601 ἐπὶ
1262 1549 1395 1602 δέκα
1449 1551 1509 1601 τὸ
1558 1550 1730 1620 πάχος

140 1636 390 1705 ποιήσεις
448 1638 575 1700 τοὺς
624 1637 902 1709 ὀρδίνους·
955 1639 1084 1704 τοὺς
1115 1640 1173 1694 δὲ
1201 1643 1607 1712 καὸαλλαρίους
1642 1646 1730 1696 ἐκ-

143 1728 332 1792 τάξεις
390 1728 580 1801 ὥσπερ
645 1729 740 1784 δύο
794 1729 1003 1801 κέρατα
1031 1733 1183 1788 ἔνθεν
1214 1732 1469 1788 κάκεῖθεν
1497 1735 1600 1804 πρὸ
1629 1737 1728 1805 τῆς

139 1821 527 1889 παρατάξεως.

201 1920 313 1975 ος’.
367 1913 697 1982 Σρατιωτῶν
734 1917 1000 1983 γενναίων
1027 1919 1322 1988 δοκιμασία
1366 1920 1592 1987 γίνεται,
1629 1921 1724 1973 ἐὰν

135 2004 479 2070 ἀγνοούντων
537 2007 717 2060 αὐτῶν
771 2009 969 2079 ἀθρόον
997 2009 1203 2064 κτύπον
1241 2011 1382 2075 τινὰ,
1425 2015 1541 2074 ἦτοι
1589 2009 1726 2082 ἦχον

143 2098 374 2166 μέγανῆ
409 2100 719 2168 τυμπάνου,
752 2100 786 2169 ἢ
820 2101 1009 2171 ἑτέρου
1063 2102 1208 2164 τινὸς
1247 2102 1502 2166 ἐξαισίου,
1563 2121 1727 2172 προσ-

138 2190 307 2259 φέρῃς
367 2192 833 2262 ἀπροσδοκήτωςο
874 2195 936 2246 τό
994 2211 1053 2246 τε
1103 2194 1212 2264 γὰρ
1247 2195 1372 2257 τοὺς
1425 2196 1499 2264 μὴ
1559 2212 1729 2246 κατα-

139 2281 568 2349 πλησσομένους,
623 2283 736 2335 ἀλλ’
781 2284 1158 2354 ἀτρεμοῦντας
1192 2287 1329 2356 πρὸς
1376 2288 1469 2340 τὸν
1491 2289 1730 2351 ἐξαίσιον

139 2371 364 2436 κτύπον,
426 2372 650 2441 ὲκλὲγου
703 2371 780 2436 ὡς
831 2373 1126 2444 σταθεροὺς
1177 2377 1270 2428 καὶ
1333 2377 1635 2448 ἀνδρείους,
1669 2381 1729 2443 ἐξ

135 2456 206 2515 ὧν
245 2463 341 2515 καὶ
376 2465 646 2534 ἄρχοντας
667 2469 1059 2537 καταστήσεις.

204 2556 301 2619 οξ.
345 2557 502 2610 Κατὰ
552 2558 643 2610 τὸν
698 2559 888 2628 καιρὸν
948 2562 1042 2612 τοῦ
1105 2563 1343 2630 πολέμου
1393 2565 1474 2616 δεῖ
1512 2563 1612 2631 μὲν
1639 2564 1727 2614 εύ-

137 2647 235 2713 χὶς
275 2648 415 2712 πρὸς
447 2648 581 2700 Θεὸν
633 2649 1066 2714 καταϐαλέσθαι,
1116 2652 1210 2706 καὶ
1261 2651 1555 2721 σύμμαχον
1586 2653 1731 2704 ἐκεῖ·

135 2755 223 2790 νον
273 2739 481 2802 καλεῖν,
521 2739 597 2808 μὴ
648 2739 832 2808 μέντοι
875 2740 987 2794 τῶν
1039 2743 1421 2813 προκειμένων
1497 2742 1726 2811 ἀγώνων

137 2829 491 2897 καταμελεῖν,
519 2829 554 2898 ἢ
587 2829 699 2882 τῶν
733 2830 1099 2901 ὀφειλομένων
1135 2830 1388 2904 πράξεων
1417 2835 1730 2900 κατολιγω-

139 2921 276 2988 ρεῖν.
330 2919 440 2972 Σὺν
485 2917 606 2988 Θεῷ
655 2919 765 2990 γὰρ
810 2921 893 2974 δεῖ
945 2925 1043 2974 καὶ
1081 2925 1188 2986 τὰς
1236 2925 1425 2994 χεῖρας
1461 2923 1732 2987 σαλεύειν,

137 3012 228 3063 καὶ
282 3010 361 3072 ὠς
399 3009 606 3080 ὄργανα
648 3013 913 3082 παρέχειν
974 3011 1380 3084 ὑπηρετοῦντα,
1438 3013 1576 3069 Οῠτε
1623 3014 1734 3085 γὰρ

132 3103 360 3172 τοξότης
419 3102 516 3156 ὲάν
568 3104 642 3174 μὴ
691 3104 823 3175 ῥίψῃ
876 3106 940 3159 τὸ
987 3106 1144 3175 βέλος
1196 3108 1522 3178 εὐστοχήσει
1578 3110 1732 3171 ποτὲ,

1192 425 1528 486 TACTICA.
1569 449 1636 458 -
1671 424 2174 485 CONSTITUTIO
2212 425 2338 483 ΧΧ.

3262 420 3402 487 1034

1905 539 1992 592 73.
2028 538 2099 591 Ea
2125 553 2244 607 qua:
2298 535 2365 590 ad
2417 533 2616 588 bellutn
2658 531 2929 603 pertinent
2959 532 3133 587 hieme
3165 536 3403 601 parabis,

1834 637 1894 680 ut
1919 642 2045 681 vere
2081 628 2302 681 ineunte
2339 625 2488 679 nulla
2533 638 2592 679 re
2642 623 2890 680 defectus
2916 665 2929 692 ,
2967 633 3059 678 aut
3110 625 3405 681 destitutus

1834 722 2078 790 pretium
2114 722 2253 776 inire
2286 719 2486 790 possis.

1903 928 1991 982 Ἠ.
2033 925 2290 981 Oratione
2336 923 2532 980 blanda
2565 938 2630 976 ac
2691 921 2923 991 benigna
2958 922 3158 977 milites
3191 936 3406 991 semper

1832 1018 2153 1086 appellabis,
2185 1027 2240 1070 et
2268 1016 2651 1070 exbortaberis
2691 1024 2750 1069 ut
2781 1015 2924 1068 inter
2953 1029 3012 1066 se
3037 1014 3404 1074 consentiant,

1832 1118 1886 1163 et
1917 1109 2179 1164 benevolo
2209 1109 2393 1162 animo
2417 1116 2533 1161 toto
2566 1108 2669 1160 hoc
2703 1108 2875 1176 praelii
2909 1115 3154 1176 tempore
3182 1107 3320 1160 inter
3348 1121 3404 1159 se

1831 1204 1962 1263 sint,
1997 1210 2056 1256 ut
2090 1201 2329 1255 alacrius
2356 1215 2416 1254 se
2439 1208 2631 1254 mutuo
2661 1197 2974 1252 defendant.

1904 1379 1990 1431 75.
2039 1378 2141 1432 Ubi
2191 1377 2462 1447 publicam
2510 1375 2749 1444 aliquam
2797 1374 2969 1427 aciem
3002 1381 3056 1426 et
3090 1372 3404 1440 permistam

1828 1486 1896 1525 ex
1929 1470 2174 1539 equitatu
2205 1479 2259 1522 et
2295 1470 2534 1537 peditatu
2568 1465 2798 1521 instruis
2826 1507 2839 1529 ,
2881 1465 3176 1533 peditatum
3211 1465 3273 1516 ad
3315 1464 3398 1517 de-

1833 1577 1950 1616 cem
1983 1563 2224 1614 virorum
2259 1559 2600 1613 altitudinem
2631 1573 2723 1627 per
2748 1557 3106 1611 contubernia
3130 1555 3405 1613 ‘instrues.

1832 1655 2046 1723 equites
2083 1661 2263 1706 autem
2320 1652 2480 1718 quasi
2513 1651 2624 1704 duo
2658 1665 2864 1704 cornua
2896 1650 3022 1702 hinc
3055 1657 3217 1717 atque
3259 1647 3408 1701 illinc

1835 1743 2077 1813 peditum
2108 1739 2424 1795 collocabis.

1901 1925 1990 1979 76.
2034 1926 2276 1995 Spectati
2325 1924 2526 1978 milites
2581 1926 2685 1976 hoc
2731 1920 2892 1974 modo
2947 1919 3325 1988 explorantur,
3363 1918 3407 1972 si

1829 2018 2267 2086 imprudentibus
2319 2017 2445 2079 illis,
2495 2029 2666 2069 sonus
2698 2013 2943 2081 quidam,
3011 2028 3073 2067 ac
3123 2015 3406 2081 strepitus,

1829 2109 1912 2162 sel
1944 2108 2208 2178 tympani,
2231 2107 2313 2160 vel
2345 2106 2572 2160 alterius
2639 2119 2792 2158 novae
2834 2112 2997 2171 atque
3047 2104 3302 2157 inauditae
3332 2105 3407 2156 rei

1829 2199 1897 2250 de
1950 2199 2246 2266 improviso
2295 2203 2572 2265 personet.
2632 2194 2738 2248 Eos
2789 2195 2934 2246 enim
3000 2195 3091 2262 qui
3158 2192 3410 2261 intrepidi

1830 2299 1978 2353 sunt,
2009 2305 2185 2357 neque
2213 2289 2279 2342 ad
2327 2289 2471 2341 istnc
2530 2287 2771 2340 sonitum
2824 2292 3215 2353 expavescunt,
3251 2283 3410 2352 quasi

1829 2379 2056 2434 stabiles
2097 2378 2376 2447 fortesque
2435 2377 2627 2446 eliges,
2664 2383 2717 2429 et
2747 2375 3037 2444 praefectos
3068 2390 3132 2429 ex
3170 2375 3278 2429 illis
3318 2373 3411 2428 dc—

1833 2471 1990 2538 ligcs.

1901 2562 1991 2615 77.
2033 2559 2192 2616 Initio
2237 2561 2363 2615 belli
2399 2575 2588 2630 preces
2625 2560 2734 2615 Deo
2766 2560 3087 2613 adhibendae
3123 2569 3280 2624 sunt,
3317 2561 3411 2613 ad-

1827 2655 2089 2722 jutorque
2137 2652 2478 2707 iuvocandus
2525 2663 2630 2715 est,
2668 2659 2728 2705 ut
2764 2667 2832 2705 ne
2875 2652 2926 2704 in
2960 2651 3279 2705 discrimina
3315 2653 3412 2704 ali-

1832 2758 1938 2812 qua
1985 2743 2330 2806 delabantur,
2383 2751 2471 2796 aut
2533 2743 2740 2813 aliquid
2798 2743 2942 2812 quod
2999 2742 3147 2796 facto
3177 2757 3315 2811 opus
3346 2743 3416 2796 sit

1837 2837 2273 2907 pnetermittant.
2326 2835 2461 2891 Nam
2510 2835 2620 2890 Deo
2677 2837 2936 2905 propitio,
2977 2824 3412 2890 manus'admo-

1837 2927 2022 2982 venda:
2051 2927 2120 2981 ad
2152 2943 2239 2982 res
2269 2927 2510 2996 agendas
2539 2937 2702 2992 sunt,
2751 2935 2805 2980 et
2839 2926 2997 2995 quasi
3051 2927 3414 2980 instrumenta

1835 3019 2174 3085 obedientia,
2204 3032 2433 3088 corpora
2474 3027 2659 3072 nostra
2701 3019 2988 3086 praebenda
3041 3017 3189 3071 sunt.
3229 3016 3414 3086 Neque

1835 3112 1981 3166 enim
2011 3113 2105 3180 qui
2134 3127 2239 3167 non
2273 3120 2476 3175 manet,
2528 3111 2623 3165 sed
2670 3111 2828 3181 fugit,
2874 3111 3055 3165 hostes
3085 3109 3367 3177 superabit
3401 3129 3410 3160 ;

133 3195 258 3246 οὗτε
287 3197 316 3246 ὁ
348 3195 423 3264 μὴ
453 3195 647 3265 μένων,
707 3196 844 3249 ἀλλά
893 3197 1132 3266 φεύγων,
1198 3201 1466 3268 κρατήσει
1495 3199 1605 3250 τῶν
1636 3201 1724 3268 ἐχ-

1837 3220 2015 3273 neque
2044 3204 2139 3273 qui
2190 3219 2302 3259 rem
2336 3219 2445 3258 non
2477 3203 2749 3270 inceptat,
2785 3203 3095 3255 fortunatus
3135 3203 3266 3266 erit,
3318 3201 3416 3253 sed

136 3287 307 3356 θρῶν,
368 3285 491 3339 οὔτε
542 3287 730 3348 ὅλωςὸ
756 3288 830 3358 μὴ
862 3290 1117 3360 πράξεως
1173 3289 1482 3358 ἀρξάμενος
1522 3291 1731 3359 εὐπρα-

133 3379 330 3446 γὴσειο
392 3377 508 3431 ἀλλ’
563 3377 820 3449 εὔχεσθαι
877 3379 976 3447 μὲν
1031 3380 1114 3431 δεῖ
1156 3380 1259 3448 τὴν
1317 3380 1478 3449 νίκην
1526 3381 1720 3433 λαϐεῖν

133 3471 228 3523 τοῦ
270 3470 510 3540 πολέμου
545 3470 699 3541 παρά
743 3470 902 3534 Θεοῦ,
938 3471 1075 3541 ὁμοῦ
1110 3470 1167 3523 δὲ
1196 3472 1288 3524 καὶ
1314 3473 1382 3524 τὰ
1409 3471 1555 3524 ὅπλα
1596 3488 1733 3525 κατα

137 3563 306 3632 ἐχειν.
357 3563 470 3616 Καὶ
524 3563 830 3633 μαχόμενον
886 3561 1180 3632 σύμμαχον
1233 3562 1620 3616 ἱπικαλεῖσθαι
1675 3563 1734 3616 τὺ

138 3660 316 3711 θεῖον.

210 3746 316 3817 οη’.
371 3745 508 3799 ’Υπύ
562 3763 706 3808 τινος
765 3745 1057 3815 συνηθείας
1113 3745 1374 3809 πολλάκις
1425 3746 1457 3798 ὁ
1508 3748 1734 3815 στρατὸς

144 3841 254 3892 ἀπὸ
314 3837 666 3908 συμϐόλωνῆ
711 3839 954 3907 σημείων
994 3839 1156 3891 τινῶν
1199 3838 1280 3901 είς
1317 3838 1518 3891 δειλίαν
1575 3839 1734 3890 εἴωθε

141 3930 472 4000 τρέπεσθαι,
534 3928 648 3982 ἀλλ’
695 3929 876 3982 εἴποτε
937 3927 1179 3981 τοιοῦτόν
1218 3946 1272 3980 τι
1317 3928 1574 3998 γένηται,
1612 3930 1737 3980 ἁνα-

145 4024 409 4093 ζητήσεις
473 4020 658 4087 αὐτὸς,
702 4022 796 4074 καὶ
827 4019 1003 4090 εὑρὼν
1035 4020 1520 4090 ἁντιμεταλλάξεις
1555 4021 1735 4073 αὐτῶν

146 4115 243 4184 τὴν
272 4113 512 4166 διάνοιαν
549 4112 636 4165 διὰ
661 4112 760 4180 τῆς
811 4113 912 4182 σῆς
971 4111 1254 4179 ἀγχινοίας
1312 4110 1736 4180 μεθερμηνεύων

146 4203 214 4256 τὰ
239 4201 490 4272 σύμϐολα
543 4200 617 4263 ὡς
672 4199 980 4268 ἐνδέχεταιο
1026 4199 1120 4252 ἵνα
1164 4198 1233 4252 δι’
1288 4193 1363 4252 ὧν
1404 4201 1482 4261 εἰς
1532 4199 1738 4250 δειλίαν

149 4296 480 4359 κατέπεσον,
503 4294 592 4346 διὰ
612 4292 818 4345 τούτων
840 4293 920 4354 είς
946 4291 1146 4361 θάρσος
1176 4291 1372 4353 αὐτοὺς
1397 4293 1491 4344 καὶ
1517 4291 1738 4353 ἐλπίδας

148 4390 363 4458 ἀγαθὰς
403 4388 661 4458 διαναστή
670 4403 803 4447 σεις.

219 4481 320 4535 οϐ’.
353 4480 530 4550 Νίκης
584 4476 962 4548 φημιζομένης
1019 4474 1434 4546 προθυμότερον
1468 4474 1602 4545 πρὸς
1630 4474 1732 4538 τὰς

1845 3296 2176 3362 precandum
2207 3304 2293 3349 est
2325 3302 2386 3348 ut
2413 3295 2696 3348 victoriam
2740 3293 2867 3346 belli
2910 3309 2938 3345 a
2974 3293 3080 3346 Deo
3111 3308 3416 3361 consequa-

1845 3400 1988 3447 mur,
2017 3392 2074 3436 ut
2113 3385 2284 3438 armis
2317 3386 2524 3439 nostris
2555 3394 2794 3447 utamur,
2818 3391 2871 3436 et
2907 3384 2957 3436 in
2988 3397 3166 3452 pugna
3201 3383 3415 3451 adjuto-

1844 3490 1958 3529 rem
1993 3475 2145 3530 illum
2172 3475 2491 3529 habeamus.

1913 3729 2003 3782 78.
2046 3728 2341 3797 Signorum
2373 3728 2737 3797 quorumdam
2768 3738 2822 3783 et
2854 3735 3230 3797 portentorum
3292 3745 3418 3798 spe-

1845 3833 1982 3885 ctra,
2020 3823 2222 3876 milites
2251 3821 2306 3874 in
2337 3821 2588 3875 timorem
2641 3821 2943 3888 conjiciunt
2975 3837 2989 3873 :
3027 3835 3148 3890 qua“:
3194 3821 3238 3875 si
3280 3836 3413 3874 con-

1845 3913 2076 3982 tingant,
2106 3913 2385 3982 exquires,
2434 3921 2488 3966 et
2528 3914 2644 3981 ipse
2678 3913 2916 3982 aliquid,
2948 3929 3056 3982 quo
3091 3913 3269 3982 possis
3299 3913 3417 3966 illo-

1845 4021 1964 4059 rum
2008 4016 2217 4061 mentes
2272 4005 2326 4058 in
2366 4008 2700 4060 contrariam
2745 4006 3069 4061 sententiam
3105 4013 3334 4067 vertere,
3365 4015 3420 4058 ct

1845 4101 2098 4154 oratione
2146 4109 2240 4153 tua
2291 4101 2478 4169 aliquo
2510 4101 2786 4165 traduces,
2835 4109 2895 4154 ut
2925 4100 3124 4169 quibus
3157 4099 3322 4152 rebus
3362 4097 3416 4149 in

1845 4190 2016 4243 animi
2069 4190 2447 4243 dimissionem
2497 4189 2826 4252 inciderunt,
2879 4189 3075 4244 iisdem
3125 4189 3322 4244 iterum
3363 4186 3420 4240 in

1847 4281 2186 4334 alacritatem
2213 4291 2264 4334 ct
2290 4295 2442 4348 Spem
2475 4280 2671 4334 bonam
2704 4281 3002 4348 erigantur.

1919 4455 2290 4511 79.1lumore
2351 4456 2418 4510 de
2465 4456 2700 4511 victoria
2758 4455 3000 4524 injecto,
3059 4455 3295 4510 alacrior
3353 4456 3420 4508 ad

154 4575 334 4642 μάχας
354 4571 415 4624 τὸ
445 4547 758 4639 στράτευμα
815 4567 1048 4636 γίνεται.
1095 4567 1222 4620 Ἐὰν
1285 4568 1466 4619 τοίνυν
1518 4568 1605 4620 διὰ
1639 4568 1735 4637 μὲν

1849 4549 2096 4620 prmlium
2125 4549 2532 4617 suscipiendum
2560 4547 2837 4602 exercitus
2879 4548 3002 4601 erit.
3036 4547 3093 4601 Si
3127 4550 3290 4619 igitur
3326 4552 3420 4605 tali

152 4663 410 4733 τοιαύτης
466 4663 656 4733 φήμης
699 4660 897 4730 θάρσος
942 4659 1252 4729 ἐμποιήσῃς
1331 4661 1440 4722 τοῖς
1490 4658 1747 4730 στρατιώ-

154 4772 274 4817 ταις
295 4769 308 4781 ·
349 4751 493 4822 μετά
544 4750 803 4819 εὐψυχίας
835 4749 893 4801 δὲ
923 4749 1017 4802 καὶ
1065 4749 1317 4816 ἀνδρείας
1348 4749 1623 4820 ἐπιμελῶς
1654 4751 1747 4817 ὲγ-

157 4847 422 4915 χειρήσῃς
469 4843 568 4912 τῆς
607 4842 809 4912 μάχης,
842 4841 1034 4904 ἔλπιζε
1093 4840 1189 4893 σὺν
1223 4839 1342 4911 Θεῷ
1373 4841 1474 4909 τὴν
1508 4840 1746 4910 φημιζο-

162 4939 330 5006 μένην
363 4937 519 5004 νίκην
556 4933 910 5002 παρέσεσθαι.

236 5027 314 5080 π’.
350 5028 462 5095 Τήν
490 5042 620 5078 ποτε
651 5024 762 5094 (29)
796 5026 990 5096 καιρδς
1012 5028 1122 5089 ὅτε,
1167 5023 1410 5077 Σκιπίων
1447 5021 1742 5090 Ῥωμαίων

163 5120 335 5192 ᾑρέθη
361 5119 470 5171 ἀπὸ
490 5117 675 5186 ψήφου
732 5119 921 5186 κοινῆς
947 5118 1270 5188 στρατηγὸς,
1303 5117 1397 5168 καὶ
1426 5115 1642 5184 ἡλικίας
1676 5109 1744 5182 ἦν

164 5213 300 5264 ἑτῶν
342 5211 454 5262 τῶν
503 5208 879 5262 ὀκτωκαίδεκα
928 5207 1312 5279 στρατηγικῶν
1361 5206 1751 5274 ἀπαρχόμενος

166 5303 363 5373 ἔργων.
421 5298 674 5370 Παρευθὺ
705 5299 759 5351 δὲ
784 5299 883 5370 τῆς
909 5301 1084 5370 ἀρχῆς
1111 5299 1395 5352 ἐκέλευσεν
1418 5298 1747 5365 ἀποπέμπε-

169 5397 293 5448 σθαι
341 5391 440 5445 τοῦ
492 5390 727 5460 στρατοῦ
777 5390 1122 5460 κραϐὁάτους
1175 5390 1271 5442 καὶ
1327 5387 1606 5459 τραπέζας
1649 5389 1746 5441 καὶ

169 5487 400 5554 διάφορα
428 5481 753 5549 ἐκπώματα,
780 5483 876 5533 καὶ
902 5481 971 5535 τὰ
1003 5481 1138 5534 ἄλλα
1174 5480 1342 5550 σκεύη
1376 5480 1575 5544 πάντα,
1607 5478 1745 5548 πλὴν

172 5577 374 5647 χύτρας
407 5573 635 5644 χαλκῆς,
663 5573 758 5626 καὶ
783 5571 1030 5625 σουὸλίου
1061 5570 1303 5642 σιδηροῦ,
1335 5571 1433 5623 καὶ
1462 5570 1740 5640 ποτηρίου,

174 5672 277 5732 τοῖς
308 5669 495 5736 ἔχουσι
521 5664 631 5736 (50)
661 5665 781 5735 μὲν,
815 5664 1080 5735 ἀργυροῦ,
1130 5666 1240 5727 τοῖς
1291 5663 1336 5716 δ’
1365 5663 1562 5728 ἄλλοις,
1607 5662 1752 5729 ξυλί-

1849 4659 2069 4697 rumore
2100 4643 2438 4696 alacritatem
2486 4641 2750 4695 militibus
2779 4640 3050 4705 attuleris,
3101 4651 3154 4697 ct
3206 4643 3424 4698 fortiter

1845 4751 1909 4791 ac
1939 4746 2160 4791 strenue
2195 4738 2247 4789 in
2272 4735 2473 4789 bellqu
2506 4736 2788 4804 ingressus
2817 4733 3009 4798 fueris,
3046 4734 3242 4790 bonam
3270 4753 3421 4806 spem

1847 4830 1986 4883 habe
2013 4829 2248 4898 propitio
2282 4827 2390 4882 Deo
2422 4826 2705 4881 victoriam
2745 4824 3081 4880 adfuturam.

1921 5008 2009 5062 80.
2082 5005 2267 5075 Scipio
2315 5013 2495 5059 autem
2545 5003 2676 5056 olim
2725 5001 2990 5056 Romanis
3041 5003 3423 5057 communibus

1852 5100 2161 5167 suffragiis,
2219 5112 2342 5150 cum
2406 5095 2590 5149 decem
2636 5103 2691 5148 et
2742 5105 2863 5148 octo
2927 5109 3191 5146 annorum
3245 5105 3423 5151 esset,

1853 5193 2150 5261 imperator
2198 5190 2440 5243 delectus
2480 5197 2583 5242 est.
2626 5185 2785 5238 Initio
2833 5193 3014 5239 autem
3071 5185 3424 5254 magistratus

1854 5285 1938 5341 sui
1966 5285 2345 5353 jussitomncs
2385 5281 2634 5343 lectulos,
2671 5293 2913 5341 mensas,
2949 5277 3094 5330 varia
3133 5277 3344 5343 pocula,
3375 5285 3428 5329 et

1855 5378 2065 5445 reliqua
2090 5391 2220 5430 vasa
2249 5375 2432 5427 omnia
2467 5370 2771 5431 amaudari,
2789 5379 2983 5438 prmter
3009 5368 3173 5421 ollam
3196 5382 3422 5429 teneam,

1855 5481 1910 5526 et
1939 5469 2192 5525 subulam
2240 5465 2506 5530 ferream,
2540 5473 2592 5518 et
2635 5463 2891 5532 poculum
2932 5461 3052 5514 aliis
3089 5467 3423 5529 argenteum,

1855 5565 1979 5618 aliis
2013 5564 2272 5632 ligneum.
2292 5560 2365 5615 Ut
2393 5574 2522 5613 vero
2541 5572 2701 5611 nemo
2725 5558 2930 5610 lavaret
2959 5569 3037 5618 se,
3061 5561 3155 5606 aut
3172 5552 3282 5606 ullo
3304 5552 3423 5604 oleo

1863 5659 2167 5726 inungcrct,
2220 5651 2517 5723 prazcepit:
2566 5658 2722 5704 etut
2779 5663 2969 5702 omnes
3022 5644 3310 5700 obsoniqu
3369 5643 3421 5694 in

1711 5753 1844 5810 NOT
1853 5752 1918 5806 .4“.
1930 5791 1941 5805 .

248 5855 358 5924 (29)
401 5852 520 5920 Τήν
551 5867 714 5907 ποτε.
753 5850 1022 5918 Rcstiluo,
1081 5853 1155 5903 Ην
1193 5867 1341 5905 ποτε.

1931 5843 2039 5911 (50)
2081 5841 2208 5906 Τοῖς
2237 5839 2466 5910 ἔχουσι.
2493 5833 2704 5902 Scribe,
2728 5834 2838 5894 τοῖς
2864 5832 3107 5900 ἄρχουσι.
