4184 6440
747 403 889 470 1035
2009 399 2286 461 LEONIS
2324 398 2786 460 PHILOSOPHI
3866 394 4004 466 1036

741 512 980 586 prandio
1008 515 1304 574 incoctum.
1334 511 1483 581 quod
1517 511 1583 566 ad
1613 511 1792 581 ignem
1817 524 2094 580 nunquam
2123 510 2313 563 admo-

2434 524 2535 562 μου.
2571 508 2663 578 Μὴ
2697 507 2952 561 λούεσθαι
2983 508 3040 563 δέ
3068 524 3212 574 τινα,
3283 511 3420 579 μήτε
3446 508 3764 577 ἀλείφεσθαι
3834 511 4005 581 μύρον

744 608 995 670 vehatur,
1029 604 1315 669 haberent,
1352 603 1411 657 in
1441 617 1598 659 cinna
1643 608 1823 656 autem
1854 615 2068 665 carnes,
2103 610 2197 654 aut
2230 616 2320 654 co-

2434 599 2675 652 ἐκέλευσε
2724 600 2784 652 τὸ
2827 600 3055 654 οίονοῦν.
3131 601 3386 669 Ἀριστᾷν
3442 600 3499 653 δὲ
3531 600 3730 670 ὄρθρου
3802 601 4013 671 ἄπυρον

746 710 885 761 ctas.
918 708 1015 753 aut
1060 698 1233 754 elixas
1256 736 1271 762 ,
1324 704 1380 751 et
1420 710 1590 767 parvo
1616 694 1720 750 sub
1750 695 1985 765 tegmine
2032 694 2319 763 praefectus

2434 691 2650 760 βρῶσιν,
2675 692 3026 756 δειπνοῦντας
3046 693 3102 746 δὲ
3132 693 3536 762 προσφέρεσθαι
3572 693 3739 763 κρέας
3762 694 3795 764 ἢ
3824 694 4010 758 ὀπτὸν,

742 790 1050 845 recubaret.
1104 789 1288 857 Itaque
1332 787 1648 841 universum
1702 793 1916 855 tempus
1968 784 2181 854 imperii
2236 784 2319 839 sui

2434 785 2456 855 ἦ
2498 786 2719 855 ἑψητὸν,
2796 785 3179 839 ἀνακλίνεσθαι
3200 786 3257 838 δὲ
3288 786 3381 837 ἐπὶ
3410 787 3613 857 μικράς
3647 786 3863 855 σκέπης
3886 788 4012 849 τοὺς

746 882 1124 937 transmittens
1174 879 1454 943 victoriis,
1527 885 1581 932 et
1628 876 1920 948 prudentia
1974 876 2322 944 imperatoria

2434 877 2714 947 ἄρχοντας.
2774 876 2885 931 Καὶ
2936 874 3110 940 οὕτως
3157 876 3248 929 τὸν
3314 877 3436 929 ὅλον
3472 877 3667 947 χρόνον
3710 876 3811 945 τῆς
3846 876 4014 929 αὐτοῦ

748 987 871 1028 cum
907 972 1100 1040 primis
1146 970 1377 1025 illustris
1430 968 1754 1024 habebatur.
1800 966 2170 1036 Astrologiam
2224 981 2323 1020 au-

748 1069 879 1126 tem,
928 1069 984 1115 et
1026 1068 1401 1131 portentorum
1438 1058 1857 1126 praesensiones.
1894 1064 1949 1111 et
1979 1056 2228 1125 auguria,
2270 1064 2325 1108 et

750 1154 1148 1209 insomniorum
1180 1151 1571 1215 divinationes,
1628 1149 1977 1219 reliquasque
2006 1146 2323 1217 huiusmodi

748 1245 1136 1314 praznotiones,
1186 1250 1238 1297 et
1276 1241 1643 1311 iudicationes
1692 1241 1909 1310 aliaque
1959 1241 2143 1293 omnia
2200 1254 2326 1307 qua:

748 1333 1149 1402 providentiam
1181 1333 1571 1402 solertiamque
1603 1330 2009 1401 imperatoriam
2028 1332 2327 1399 reprimere

752 1434 1000 1495 possent,
1042 1426 1368 1497 repudiavit.
1401 1434 1566 1493 atque
1597 1425 1891 1479 abdicavit.
1927 1422 2086 1477 Hunc
2120 1423 2165 1477 si
2200 1422 2323 1475 imi~

754 1519 910 1585 teris,
937 1517 1275 1574 consimilem
1303 1517 1554 1586 gloriam,
1591 1516 1791 1571 similia
1842 1515 2085 1571 victoria:
2125 1526 2327 1587 troprea

752 1608 1084 1681 reportabis.

822 1878 913 1933 81.
939 1879 1137 1943 Arcus,
1165 1884 1221 1932 et
1250 1878 1466 1946 sagitta:
1496 1889 1646 1930 arma
1683 1884 1814 1930 sunt
1845 1874 2131 1945 parabilia,
2154 1884 2205 1929 et
2229 1876 2323 1930 ubi

754 1985 892 2028 usus
937 1968 1168 2039 requirit
1209 1982 1460 2037 magnam
1510 1967 1747 2022 all‘erunt
1782 1968 2096 2022 utilitatem.
2128 1966 2327 2022 Praeci-

752 2061 935 2131 pimus
975 2061 1145 2130 igitur
1182 2060 1317 2124 tibi,
1350 2066 1410 2113 ut
1440 2059 1671 2115 mandes
1700 2060 1955 2115 omnibus
1983 2061 2114 2119 tuis.
2143 2060 2234 2130 qui
2269 2060 2323 2113 in

755 2151 1018 2217 castellis,
1038 2152 1363 2213 vieubus,et
1394 2150 1517 2203 aliis
1549 2150 1685 2204 locis
1715 2151 1818 2204 sub
1854 2151 2144 2219 imperium
2172 2161 2323 2204 tuum

756 2242 1024 2311 subjectis
1055 2242 1325 2304 habitant,
1359 2248 1525 2310 atque
1563 2240 1701 2295 adeo
1730 2241 1987 2296 omnibus
2018 2252 2098 2305 ut,
2132 2242 2177 2294 si
2209 2243 2323 2295 ﬁeri

755 2335 954 2405 possit,
992 2333 1373 2403 unusquisque
1397 2333 1500 2398 vir,
1529 2333 1614 2387 sin
1647 2334 1827 2389 minus
1854 2349 2193 2405 unaquaeque
2219 2334 2327 2389 sal—

758 2438 864 2482 tem
898 2428 1095 2483 domus
1131 2442 1317 2481 arcum
1356 2426 1573 2490 habeat,
1601 2434 1655 2481 et
1685 2428 1912 2496 sagittas
1940 2429 2323 2497 quadraginta,

759 2521 973 2589 illisque
1006 2533 1068 2573 se
1098 2524 1430 2576 exerceant.
1480 2524 1597 2572 tum
1658 2518 1713 2572 in
1758 2518 1896 2573 locis
1946 2519 2120 2589 planis
2167 2529 2330 2586 atque

758 2615 990 2681 asperis,
1019 2621 1132 2667 tum
1169 2612 1488 2672 condensis.
1520 2612 1721 2668 Milites
1760 2615 1904 2668 enim
1935 2614 1990 2667 in
2037 2614 2180 2669 bello
2220 2615 2329 2668 illis

759 2713 1021 2769 utantur;
1064 2705 1155 2758 alii
1192 2714 1372 2760 autem
1420 2704 1539 2760 suis
1595 2704 1754 2769 locis,
1794 2707 1839 2761 si
1870 2705 2090 2774 quando
2117 2706 2329 2762 coutin-

756 2804 847 2865 gat
876 2796 1054 2850 subita
1088 2795 1271 2864 aliqua
1301 2795 1547 2850 incursio
1579 2796 1633 2850 in
1668 2795 1796 2851 illos
1842 2812 1983 2852 esse.
2018 2796 2153 2851 Nam
2186 2809 2240 2853 et
2276 2799 2329 2853 in

759 2884 910 2947 saxis
951 2886 1265 2954 pragruptis,
1313 2893 1366 2939 et
1394 2885 1449 2938 in
1481 2887 1751 2955 angustiis
1780 2885 2048 2950 locorum.
2098 2897 2153 2941 et
2199 2903 2332 2943 con-

759 2973 949 3031 densis
980 2977 1035 3029 in
1078 2976 1231 3031 silvis
1291 2976 1393 3031 viri
1429 2984 1662 3039 stantes,
1714 2991 1909 3047 magna
1934 2978 2132 3031 damna
2161 2979 2334 3033 hosti-

762 3067 866 3122 bus
893 3066 1122 3135 sagittas
1152 3066 1408 3135 iaciendo
1437 3068 1696 3130 inferent,
1725 3081 1903 3137 neque
1929 3069 2209 3123 audebunt
2243 3069 2333 3123 lio-

2428 969 2767 1037 στρατηγίας
2822 968 3098 1034 διανύσας,
3144 969 3470 1039 περιϐόητος
3529 970 3587 1022 ὲν
3632 972 3755 1032 ταῖς
3808 986 4014 1038 στρατ-

2425 1059 2611 1128 ηγίαις
2664 1060 2759 1112 καὶ
2787 1063 2908 1123 ταῖς
2966 1062 3145 1123 νίκαις
3199 1061 3435 1129 ἐγένετο.
3488 1061 3801 1112 Ἀπεσείετο
3829 1060 3890 1112 δὲ
3921 1044 4015 1114 κα.ἱ

2428 1150 2804 1219 ἀστρολογίας,
2845 1152 2941 1205 καὶ
2972 1151 3251 1222 μαντείας,
3314 1150 3410 1204 καὶ
3447 1150 3547 1213 τὰς
3583 1151 3694 1202 άπὸ
3724 1151 4013 1221 συμϐόλων

2430 1241 2462 1310 ἣ
2507 1241 2750 1310 σημείων
2793 1240 3075 1309 δηλώσεις,
3129 1242 3221 1294 καὶ
3278 1242 3669 1310 ὁρνεοσκοπίας
3724 1242 3861 1310 (3|),
3913 1241 4007 1293 καὶ

2428 1335 2495 1386 δι’
2542 1333 2766 1403 ὀνείρων
2808 1333 3088 1404 μαντείας,
3138 1333 3353 1393 καὶτὰς
3376 1332 3541 1395 ἄλλας
3591 1331 3851 1394 τοιαύτας
3882 1349 4014 1401 προ-

2430 1424 2661 1492 γνώσεις
2690 1441 2749 1478 τε
2779 1424 2875 1479 καὶ
2906 1423 3147 1494 κρίσεις,
3183 1424 3278 1476 καὶ
3311 1425 3380 1477 τὰ
3418 1424 3554 1477 ἄλλα
3596 1424 3696 1477 ὅσα
3724 1423 3827 1491 τῆς
3864 1424 4015 1492 ὀφει-

2430 1516 2667 1587 λομένης
2729 1519 2992 1587 προνοίας
3073 1515 3166 1569 τὸν
3220 1516 3527 1587 στρατηγὸν
3605 1514 4012 1570 ἀναστέλλουσι.

2432 1609 2635 1663 Τοῦτον
2694 1611 2791 1665 ἐὰν
2859 1611 3105 1682 μιμήσῃ,
3149 1604 3194 1665 ὦ
3249 1612 3543 1678 στρατηγὲ,
3575 1612 3671 1664 καὶ
3715 1611 3881 1675 αὐτὸς
3920 1611 4015 1679 τῆς

2432 1698 2623 1769 ὁμοίας
2675 1698 2834 1766 δόξης
2884 1699 3101 1769 ἐκείνῳ,
3145 1697 3380 1752 καὶτῶν
3421 1698 3721 1769 νικητικῶν
3752 1698 4015 1769 ἐπιτεύξῃ

2434 1789 2715 1860 τροπαίων
2743 1789 2878 1860 (32).

2524 1882 2635 1937 πα’.
2666 1882 2747 1936 Τὰ
2771 1883 2899 1947 τόξα
2935 1882 3074 1937 ὅπλα
3132 1884 3274 1937 εἰσὶν
3302 1884 3621 1956 εὐπόριστα,
3651 1886 3723 1937 ἐν’
3737 1884 3923 1955 καιρῷ
3953 1883 4012 1937 δὲ

2426 1974 2615 2043 χρείας
2644 1974 2885 2043 μεγάλην
2936 1974 3046 2044 ἔχει
3070 1975 3168 2043 τὴν
3192 1973 3483 2042 ὠφέλειαν.
3514 1974 4019 2046 Παρακελευόμεθα

2426 2062 2519 2120 οὖν
2549 2084 2630 2120 σοι
2679 2067 3031 2131 διατάξασθαι
3061 2069 3194 2121 πᾶσι
3242 2070 3355 2130 τοῖς
3388 2068 3492 2121 ὑπὸ
3523 2069 3583 2121 σὲ
3616 2071 3713 2121 καὶ
3757 2070 4018 2138 κάπροις

2428 2160 2524 2211 καὶ
2578 2158 2797 2229 χωρίοις
2850 2160 2944 2212 καὶ
2999 2161 3345 2229 κωμοπόλεσι
3403 2160 3500 2213 καὶ
3560 2161 3750 2223 ἁπλῶς
3792 2163 4019 2225 ἅπασιν,

2428 2251 2592 2316 ὥστε,
2626 2253 2674 2304 εί
2710 2251 2957 2319 δυνατὸν,
2992 2252 3222 2306 ἕκαστον
3292 2252 3462 2323 ἄνδρα
3492 2252 3623 2306 ἰδιον
3652 2252 3808 2315 τόξον
3858 2251 4021 2321 ἔχειν.

2428 2343 2491 2393 Et
2518 2343 2574 2394 δὲ
2606 2343 2679 2412 μή
2692 2360 2755 2409 γε
2786 2341 2910 2397 κατ’
2944 2339 3094 2397 οἶκον
3124 2344 3220 2396 ἕνα
3252 2344 3406 2407 τόξον
3440 2343 3535 2397 καὶ
3566 2344 3833 2411 σαγίττας
3862 2344 4024 2412 μέχρι

2433 2432 2864 2504 τεσσαράκοντα,
2908 2437 3003 2486 καὶ
3068 2434 3448 2505 γυμνάζεσθαι
3482 2436 3542 2487 ὲν
3566 2435 3777 2498 αὐτοῖς,
3820 2435 3921 2487 καὶ
3944 2435 4023 2497 εις

2429 2524 2761 2595 δυσχωρίας,
2822 2526 2917 2580 καὶ
2947 2528 3026 2588 είς
3082 2526 3321 2597 ὁμαλοὺς
3368 2526 3591 2588 τόπους,
3622 2526 3719 2580 καὶ
3754 2528 3836 2587 είς
3862 2527 4012 2579 κλει-

2432 2614 2654 2684 σούρας,
2713 2614 2809 2668 καὶ
2869 2618 2949 2679 εἰς
3002 2616 3161 2685 δάση.
3193 2617 3257 2669 Οἱ
3291 2617 3388 2686 μὲν
3444 2618 3552 2687 γὰρ
3592 2617 3935 2684 στρατιῶται
3965 2619 4024 2670 ἐν

2430 2704 2541 2765 τοῖς
2589 2702 2849 2773 πολέμοις
2882 2703 3095 2765 τούτοις
3151 2705 3492 2774 χρήσονται,
3551 2704 3602 2755 οἱ
3644 2703 3702 2755 δὲ
3754 2704 3941 2756 λοιποὶ
3974 2704 4032 2756 ἐν

2429 2795 2543 2855 τοῖς
2599 2792 2751 2854 tam;
2805 2794 3015 2861 τόποις,
3047 2795 3094 2846 εί
3117 2794 3227 2863 ἄρα
3279 2794 3419 2863 τύχῃ
3451 2792 3564 2845 τῶν
3596 2793 3814 2863 ἐχθρῶν
3852 2794 4034 2860 αἱς-,νί-

2430 2882 2541 2945 διος
2561 2883 2829 2955 ἐπιδρομή
2860 2884 2980 2937 κατ’
3015 2884 3218 2936 αὐτῶν·
3246 2884 3341 2936 καὶ
3373 2882 3481 2953 γὰρ
3514 2883 3610 2935 καὶ
3637 2884 3781 2935 κατὰ
3810 2882 4033 2953 πετρῶν

2432 2974 2756 3043 ἀκροτόμων
2808 2975 3088 3043 ἱστάμενοι
3120 2974 3313 3045 ἄνδρες
3347 2975 3442 3027 καὶ
3476 2975 3535 3025 ὲν
3589 2975 3799 3035 στενοῖς
3831 2975 4026 3037 τύποις

2435 3066 2528 3115 καὶ
2578 3066 2658 3127 είς
2713 3065 2851 3136 δάση
2916 3064 3071 3136 ὕλης,
3135 3066 3337 3136 πολλὴν
3376 3064 3745 3133 ὲμποιήσουσι
3774 3065 3893 3133 (53)
3929 3066 4027 3134 τὴν

762 3165 880 3213 stes
912 3157 1128 3211 fortiter
1163 3158 1285 3212 illos
1320 3158 1598 3213 invadere.
1630 3158 1817 3226 Itaque
1850 3158 2167 3227 huiusmodi
2194 3174 2329 3228 saepe

2440 3153 2643 3223 βλάϐην
2706 3157 2817 3217 τοῖς
2891 3155 3105 3225 ἐχθροῖς
3151 3155 3480 3219 τοξεύοντες,
3538 3154 3633 3207 καὶ
3692 3155 3753 3205 οὐ
3820 3156 4033 3224 ταχέως

763 3248 882 3303 loca
940 3258 1099 3313 tuta.
1162 3258 1216 3306 et
1278 3252 1397 3307 sine
1450 3252 1632 3322 aliqua
1695 3268 1836 3306 noxa
1889 3261 2328 3319 conservantur,

762 3340 1015 3397 hostibus
1050 3358 1160 3412 pra:
1213 3344 1411 3399 timore
1455 3346 1779 3415 sagittarum
1818 3360 1884 3402 eo
1916 3346 2176 3401 accedere
2218 3346 2332 3401 for-

764 3431 1123 3488 midantibus.

837 3627 927 3681 82.
972 3626 1073 3683 Ubi
1098 3626 1241 3684 Deus
1271 3629 1364 3682 tibi
1399 3631 1661 3699 pugnanti
1692 3630 1975 3685 victoriam
1997 3622 2251 3697 dederit,
2275 3641 2334 3687 ut

761 3718 955 3774 hostes
990 3727 1113 3773 tuos
1149 3718 1421 3788 proﬂiges,
1464 3735 1530 3773 ne
1562 3722 1865 3789 permittas.
1904 3730 1961 3775 ut
1995 3724 2197 3779 milites
2222 3725 2336 3780 dis-

765 3808 939 3876 sipata
973 3816 1027 3862 et
1056 3810 1285 3875 disiecta
1327 3810 1465 3872 acie.
1502 3809 1583 3863 vel
1614 3825 1764 3865 arma
1805 3811 2091 3882 diripiant,
2123 3815 2206 3869 vel
2239 3830 2335 3883 ap-

762 3908 1017 3966 paratum
1048 3900 1283 3953 hostinm
1314 3900 1662 3970 papnlentur,
1694 3910 1843 3958 utne
1868 3906 2116 3960 conversi
2145 3906 2336 3960 hostes

759 3987 1024 4043 damnum
1078 3988 1318 4042 inferant
1368 3989 1433 4043 iis
1464 3990 1559 4059 qui
1590 3990 2041 4059 insequebantur.
2081 3992 2335 4063 Superati

763 4080 911 4132 enim
942 4079 1159 4147 ιιι-ωηο,
1193 4096 1261 4132 ne
1294 4090 1610 4148 apparatum
1643 4081 1863 4148 quidem
1894 4085 2174 4153 proprium
2204 4087 2333 4140 reti-

764 4168 1042 4232 nebimus,
1066 4169 1304 4223 victores
1324 4176 1504 4222 autem
1537 4175 1647 4222 tum
1668 4176 1941 4235 nostrum,
1961 4181 2074 4225 tum
2097 4171 2337 4227 hostium

765 4271 919 4310 arma
958 4256 1299 4312 habebimus.

2439 3244 2806 3315 θαρῤήσουσιν
2836 3245 3018 3307 αὐτοῖς
3046 3244 3219 3308 ἀδεῶς
3263 3243 3512 3297 ἐπελθεῖν
3541 3246 3588 3296 οἱ
3616 3244 3895 3312 πολέμιοι,
3937 3244 4033 3295 καὶ

2438 3336 2688 3389 ἐντεῦθεν
2736 3337 2988 3391 ἀνάλωτα
3051 3337 3118 3390 τὰ
3181 3338 3407 3391 τοιαῦτα
3462 3337 3635 3407 χωρία
3678 3336 3773 3389 καὶ
3819 3336 4033 3404 mssa

2436 3429 2979 3499 διαφυλαχθήσονται,
3038 3430 3353 3485 δεδοικότων
3428 3430 3527 3493 τὰς
3575 3430 3640 3482 ὲκ
3701 3428 3811 3481 τῶοὲ
3860 3428 4035 3497 βελῶν

2440 3520 2653 3591 πληγὰς
2679 3520 2787 3574 τῶν
2816 3520 3109 3592 πολεμίων.

2512 3629 2586 3700 πβ
2610 3671 2622 3683 .
2659 3629 2852 3683 Ἠνίκα
2889 3631 3026 3694 Θεὸς
3084 3632 3342 3702 παράσχῃ
3386 3650 3471 3685 σοι
3499 3634 3795 3705 μαχομένῳ
3821 3635 4032 3706 τρέψαυ

2441 3719 2565 3773 σθαι
2613 3719 2742 3781 τοὺς
2776 3720 3005 3791 ἐχθροὺς
3027 3759 3042 3785 ,
3088 3720 3163 3791 μὴ
3212 3722 3380 3793 ἐάσῃς
3408 3725 3536 3787 τοὺς
3578 3725 3924 3793 στρατιώτας
3950 3726 4037 3778 λύ-

2442 3829 2642 3875 σαντας
2694 3811 2795 3882 τὴν
2848 3811 3023 3880 ταγὴν
3078 3812 3423 3881 διαρπάζειν,
3478 3815 3508 3883 ἤ
3572 3816 3642 3869 τά
3690 3816 3854 3880 ὅπλα,
3889 3817 3924 3886 ἤ
3962 3817 4035 3868 τά

2444 3903 2612 3973 σκεύη
2642 3902 2751 3955 τῶν
2797 3902 3095 3971 πολεμίων,
3142 3902 3231 3956 ἵνα
3285 3904 3360 3973 μὴ
3400 3905 3871 3975 ἀντιστραφέντες
3898 3906 4033 3974 βλά-

2442 3994 2546 4062 ϐην
2588 3994 2857 4063 ποιήσωσι
2896 3994 3041 4046 κατὰ
3085 3994 3195 4046 τῶν
3251 3995 3559 4049 διωκόντων
3600 3999 3649 4049 οἱ
3676 3998 4032 4066 διωκόμενοι.

2452 4081 2807 4151 Ἠττηθέντες
2845 4082 2944 4152 μὲν
2978 4083 3089 4153 γάρ
3120 4084 3239 4136 οὐδὲ
3273 4085 3339 4137 τὰ
3386 4085 3495 4137 ἴδια
3534 4087 3707 4155 σκεύη
3771 4088 4039 4157 κερδήσο-

2442 4188 2564 4240 μεν,
2621 4172 2942 4241 νικήσαντες
2965 4172 3021 4225 δὲ
3052 4173 3147 4224 καὶ
3171 4172 3241 4225 τά
3292 4174 3540 4245 ἡμέτερα
3590 4175 3732 4229 κατά
3792 4176 3905 4229 τῶν
3939 4194 4039 4231 πο-

2444 4261 2649 4331 λεμίων
2674 4260 2786 4330 (54)
2816 4261 3035 4332 ἕξομεν.

838 4349 928 4402 63.
970 4348 1268 4417 Imperator
1313 4364 1541 4405 munera
1590 4349 1811 4418 capiens
1876 4366 1964 4406 res
2014 4352 2198 4421 gravis
2276 4367 2329 4405 ac

2516 4351 2628 4421 πγ⁹.
2687 4353 3002 4424 Στρατηγδς
3058 4355 3414 4427 δωρολήπτης
3455 4359 3691 4428 πρᾶγμα
3732 4361 3909 4412 δεινὸν
3941 4363 4039 4414 καὶ

768 4436 1081 4506 perniciosa
1103 4437 1313 4491 civitati
1343 4448 1460 4504 est;
1494 4454 1618 4491 nam
1652 4448 1707 4492 et
1743 4440 1941 4496 milites
1975 4443 2240 4495 attenuati
2269 4457 2329 4497 ex

2444 4441 2687 4513 ὀλέθριον
2752 4443 2829 4513 τῷ
2899 4444 3290 4515 στρατεύματι.
3355 4448 3460 4499 Δύο
3508 4447 3618 4518 γὰρ
3682 4450 3752 4502 τά
3798 4451 4040 4519 μέγιστα

765 4540 835 4581 eo
866 4527 1220 4597 pauperiores
1253 4528 1423 4591 ﬁunt,
1466 4539 1515 4583 et
1567 4530 1809 4598 praefecti
1845 4546 2036 4587 omnes
2067 4541 2181 4586 tum
2218 4547 2329 4586 ma-

2439 4505 2688 4588 ὲντεύθεν
2741 4505 3031 4604 συμϐαίνει
3082 4505 3249 4590 κακά.
3314 4538 3424 4589 Καὶ
3647 4540 3745 4591 καὶ
3788 4505 3841 4591 ἐι

762 4618 932 4687 iores,
951 4628 1067 4674 tum
1094 4619 1358 4682 minores.
1377 4620 1482 4674 hoc
1501 4621 1643 4674 malo
1668 4620 1834 4677 latius
1856 4633 2130 4693 serpente,
2154 4625 2329 4680 minus

2436 4625 2626 4678 τιῶται
2658 4625 3121 4695 λειξουρευόμενοι
3168 4626 3281 4697 (55)
3326 4628 3523 4698 ἄποροι
3568 4628 3833 4696 γίνονται,
3868 4635 3967 4684 καὶ
3984 4634 4039 4684 οι

767 4709 977 4762 strenui
1005 4709 1071 4760 ad
1101 4723 1187 4762 res
1218 4708 1485 4778 gerendas
1511 4707 1834 4763 redduntur.

2445 4718 2707 4788 ἄρχοντες
2736 4717 2993 4788 ἄνανδροι
3022 4718 3489 4789 προχειρίζονται,
3527 4721 3635 4773 ἀπὸ
3662 4721 3774 4774 τῶν
3800 4724 4040 4792 πρώτων

767 4797 875 4862 ἕως
906 4798 1013 4850 τῶν
1045 4798 1289 4869 ἐσχάτων
1348 4799 1645 4869 νεμομένου
1699 4798 1793 4851 τοῦ
1836 4800 1932 4869 τῆς
1982 4799 2319 4870 δωροληψίας
2359 4806 2555 4872 κακοῦ,
2583 4800 2720 4871 ὲξοῦ
2745 4807 3063 4878 στράτευμα
3104 4808 3224 4860 κατ’
3259 4807 3472 4878 ἐχθρῶν
3539 4809 3907 4882 ἀνδραγαθεῖν
3970 4816 4037 4867 οὐ

764 4888 1014 4943 δύναται.

840 4979 928 5034 84.
971 4981 1351 5049 Speculatores
1399 4980 1540 5051 elige
1592 4980 1799 5048 ﬁrmos,
1852 4983 2077 5045 celeres.
2122 4986 2329 5052 tidelcs.

2514 4983 2620 5040 τπδ’.
2646 4986 2785 5049 Τοὺς
2841 4984 3222 5048 κατασκόπους
3277 4986 3533 5055 ὲπιλέγου
3577 4988 3901 5059 σταθεροὺς,
3937 4992 4038 5043 καὶ

2286 5183 2515 5242 NOTAE.

845 5388 958 5460 (51)
1002 5387 1479 5460 Ὀργεοοζκοπίας.
1524 5386 1856 5460 Legebalur,
1884 5386 2234 5460 όρνο...πὶας.

868 5458 961 5520 '52)
1011 5458 1326 5527 Ἐπιτεύξῃ
1354 5458 1671 5523 τροπαίων.
1700 5456 2025 5527 Legebatur.
2059 5457 2223 5512 ἐπι...
2246 5474 2299 5510 τ.

868 5461 961 5520 '52)
1011 5461 1326 5522 Ἐπιτεύξῃ
1354 5461 1671 5523 τροπαίων.
1700 5461 2025 5527 Legebatur.
2059 5461 2223 5512 ἐπι...
2246 5474 2299 5510 τ.

844 5461 959 5598 ὶὸὅ)
992 5529 1073 5583 Ab
1103 5526 1304 5596 πολλὴν
1352 5528 1709 5598 ὲμποιήσουσι
1749 5527 2102 5598 paragraplii
2133 5527 2207 5598 78l
2271 5524 2339 5598 ad

775 5596 1047 5669 ἄχρηστον
1070 5598 1358 5667 γενήσεται
1391 5597 1714 5667 paragraphi
1739 5596 1828 5661 96,
1862 5596 2241 5668 nihil’legitur
2282 5597 2337 5650 in

777 5668 897 5723 cod.
929 5668 1166 5722 Laurent

846 5739 956 5804 (54)
990 5736 1149 5790 Κατὰ
1177 5738 1294 5790 τῶν
1319 5737 1638 5805 πολεμίων.
1676 5735 1887 5801 Scribe,
1919 5736 2102 5789 καὶτὰ
2136 5735 2243 5789 τῶν
2275 5754 2337 5790 π.

845 5808 956 5879 (35)
995 5808 1542 5878 Λειξουρευόμενοι.
1594 5805 1812 5864 Rectius
1860 5808 2059 5873 scribe,
2121 5805 2329 5872 λειξου·

2445 5384 2770 5459 ριευόμενοιι.
2795 5382 2949 5459 Nam,
2985 5386 3373 5459 λειξουριεύειν
3392 5386 3681 5449 dicebant.
3724 5388 3874 5456 quod
3915 5386 4022 5442 La-

2441 5455 2540 5533 tini
2561 5455 2868 5533 tuguria-ri.
2889 5455 3038 5533 _Male
3051 5455 3302 5533 ‘(lhecus
3320 5455 3755 5533 interpretatur,
3770 5458 4027 5533 afﬂigere.

2440 5524 2531 5596 Sic
2560 5522 2858 5596 λειξουρία,
2882 5526 3119 5581 luxuria.
3151 5528 3305 5596 Apud
3339 5522 3582 5581 Nicetam
3612 5522 4029 5596 in'AleiiofAn-

2440 5592 2581 5683 gelo,
2629 5592 2804 5683 lib;'n
2832 5614 2845 5648 :
2880 5598 2995 5683 ρύκ
3024 5592 3243 5683 ἑλαὶττον
3386 5598 3478 5683 καὶ
3530 5598 3562 5667 ἡ
3600 5595 3883 5683 λειξουρία
3914 5598 4028 5683 τῶν

2440 5663 2571 5730 περὶ
2602 5663 2787 5730 αὐτὸν,
2816 5667 2912 5718 καὶ
2941 5666 3001 5719 τὸ
3032 5669 3167 5738 πρὸς
3195 5667 3461 5736 συλλογὴν
3497 5663 3802 5735 χρημάτων
3846 5667 4024 5736 ἄπλη-

2441 5733 2565 5786 στόν
2608 5749 2770 5785 τινων
2807 5737 2899 5788 καὶ
2939 5738 3255 5794 ἀκόρεστον.
3289 5737 3445 5794 Apud
3474 5736 3695 5793 Suidaui
3733 5737 4023 5794 scribitur.

2441 5750 2565 5786 στον
2608 5750 2770 5785 τινων
2807 5750 2899 5788 και
2939 5750 3255 5808 ακορεστον.
3289 5750 3445 5809 Apud
3474 5750 3695 5793 διιιιιίιιιι
3733 5750 4023 5804 εςτιυιιιιτ,

2440 5802 2713 5874 λειξούρα.
2753 5803 2927 5863 Minus
2963 5817 3128 5864 recte.
