4184 6440
193 413 331 479 1037

1233 423 1562 488 TACTICA.
1597 455 1664 465 —
1706 432 2203 496 CONSTlTUTlO
2230 438 2354 499 XX.

3278 451 3298 513 1
3309 453 3413 514 038

180 529 346 592 ὀξεῖς,
388 531 478 582 καὶ
529 531 768 593 πιστοὶις,
822 532 916 584 καὶ
960 534 1302 597 σπουδαίους,
1333 538 1491 601 δόξαν
1551 541 1752 608 μᾶλλον

1857 545 2178 614 industrios,
2233 550 2660 609 existimationis
2720 570 2832 611 suae
2881 555 3106 626 gloriam
3169 563 3412 627 pecuniis

181 620 279 670 καὶ
332 621 498 688 τιμὴν
535 621 567 688 ἦ
600 623 856 690 χρήματα
906 623 1254 688 ἀγαπῶντας.
1285 627 1348 678 Οί
1381 628 1489 696 γὰρ
1523 631 1753 684 τοιοῦτοι

183 710 344 770 ὄντες
399 711 665 779 μηνύουσι
731 712 827 781 τὴν
871 712 1152 781 ἀλήθειαν,
1195 718 1243 768 oi
1281 718 1339 769 δὲ
1358 718 1604 790 ’ἐλαφροὶ
1658 722 1756 788 τὴν

185 799 438 868 γνώμην,
469 804 564 854 καὶ
620 803 804 867 δειλοὶ,
839 805 931 856 καὶ
992 806 1107 858 ὅσοι
1151 809 1277 876 περὶ
1312 808 1410 878 τὴν
1442 811 1632 880 κτῆσιν
1647 812 1755 866 τῶν

179 892 482 959 χρημάτων
517 894 924 958 σπουδάζουσιν,
973 897 1034 948 ού
1078 897 1328 952 δύνανται
1383 901 1754 969 ἀπαγγέλλειν

176 979 278 1047 τὴν
338 980 613 1050 ἀλήθειαν.
678 985 770 1036 Διὸ
828 987 922 1038 καὶ
973 986 1217 1039 κινδύνου
1271 989 1534 1054 πολλάκις
1589 995 1754 1048 αἴτιοι

177 1071 273 1121 καὶ
317 1072 464 1142 αὑτῴ
515 1072 592 1144 τῷ
641 1076 931 1147 στρατηγῷ
973 1078 1066 1130 καὶ
1121 1079 1200 1149 τῷ
1238 1082 1611 1152 στρατεύματι
1662 1086 1752 1152 γί-

175 1177 380 1215 νονται.

249 1253 357 1309 πε’.
378 1255 600 1326 Ῥᾳδίως
655 1260 705 1313 oi
767 1262 1098 1332 στρατιῶται
1126 1267 1185 1318 ἐν
1216 1268 1337 1330 ταῖς
1375 1270 1752 1340 ἐπιστρατείαις

174 1349 264 1403 διὰ
305 1349 493 1418 δώρων
533 1351 628 1404 καὶ
675 1351 905 1405 ἐλπίδων
943 1355 1163 1423 ἀγαθῶν
1191 1357 1466 1422 καλλίονες
1489 1361 1749 1429 γίνονται·

176 1443 237 1493 ἐν
275 1441 333 1492 δὲ
359 1441 539 1512 καιρῷ
582 1444 808 1514 εἰρήνης
862 1444 896 1515 ἢ
949 1445 1035 1499 διὰ
1053 1448 1241 1516 φόϐου,
1290 1450 1322 1520 ἢ
1354 1451 1442 1504 διὰ
1481 1453 1752 1518 κολάσεως

176 1533 270 1583 ἐπὶ
297 1534 431 1597 τοῖς,
464 1532 539 1596 ὡς
567 1533 734 1598 είκὸς,
771 1536 1237 1608 ἁμαρτανομένοις
1269 1543 1558 1614 γινομένης
1590 1545 1745 1617 ἀνορο

175 1619 426 1672 θοῦνται.
1037 1624 1043 1636 '

250 1720 374 1776 πς’.
412 1714 552 1768 Ἴσθι
589 1716 670 1770 ὃτι
719 1718 921 1788 μᾶλλον
944 1722 1310 1791 κατορθώσεις
1334 1766 1350 1792 ,
1388 1719 1745 1798 ὧστρατηγέ,

172 1803 324 1874 λιμῷ
355 1806 448 1858 καὶ
475 1808 696 1876 συχναῖς
721 1809 1044 1879 ἐπιδρομαῖς
1086 1812 1186 1882 τὴν
1215 1813 1325 1866 τῶν
1353 1816 1626 1884 πολεμίων
1653 1816 1748 1870 δύ·

1862 650 2275 710 antcponentes.
2313 642 2450 696 Nam
2474 645 2563 713 qui
2602 646 2738 701 tales
2771 648 2993 713 fuerint,
3017 650 3306 704 veritatem
3349 654 3412 704 ad

1862 747 1964 788 nos
1999 734 2262 787 referunt.
2295 733 2396 799 Qui
2436 744 2617 790 autem
2652 737 2756 790 levi
2790 738 2991 801 animo,
3017 740 3215 804 timidi,
3251 755 3417 806 pecu-

1861 825 1966 878 niae
2012 826 2197 894 cupidi
2249 835 2414 889 sunt,
2447 829 2732 884 veritatem
2780 830 2939 882 nobis
2987 832 3260 898 explicare
3310 846 3418 885 non

1860 925 2111 984 possunt.
2163 916 2348 986 Itaque
2404 933 2720 986 magnarum
2771 919 3128 976 ollensionum
3167 932 3420 976 aucteres

1861 1024 2003 1079 smpe
2026 1008 2160 1062 ﬁunt
2193 1019 2308 1064 tum
2337 1011 2674 1080 imperatori,
2702 1023 2814 1067 tum
2845 1014 3112 1068 universo
3134 1017 3414 1069 exercitui.

1928 1277 2017 1331 85.
2055 1274 2238 1330 Facile
2280 1277 2480 1331 milites
2530 1277 2585 1330 in
2643 1276 3101 1346 expeditionibus,
3137 1277 3321 1342 donis,
3357 1292 3420 1330 ac

1857 1383 1954 1437 spe
1980 1369 2122 1421 bona
2152 1367 2478 1422 illustriores
2510 1367 2843 1432 redduntur;
2874 1367 3025 1436 pacis
3066 1376 3306 1434 tempore
3339 1367 3422 1419 vel

1855 1461 2073 1525 timore,
2100 1460 2183 1513 vel
2214 1474 2374 1527 pinna
2404 1474 2623 1523 eorum,
2645 1461 2736 1528 qui
2759 1459 3127 1529 deliquerunt,
3151 1472 3179 1510 a
3199 1457 3423 1512 nefariis

1859 1549 2021 1606 factis
2068 1550 2463 1620 reprimuntur.

1923 1731 2011 1784 86.
2049 1731 2205 1785 Scias
2221 1733 2633 1800 te,imperator,
2681 1732 2822 1786 fame
2854 1738 2908 1785 et
2937 1729 3313 1798 frequentibus
3349 1729 3427 1783 in-

1853 1821 2210 1877 cursionibus
2246 1822 2433 1875 hostes
2468 1822 2644 1889 magis
2710 1822 2990 1885 laesurum,
3055 1834 3217 1889 quam
3249 1820 3295 1875 si
3340 1834 3430 1873 ar-

172 1918 346 1969 ναμιν
374 1902 687 1969 καταλύειν,
744 1904 778 1973 ἢ
829 1906 941 1968 τοῖς
989 1904 1177 1969 ὅπλοις
1219 1905 1389 1978 αὐτὴν
1411 1905 1747 1980 πειρώμενος

1859 1917 1962 1970 mis
2005 1915 2232 1969 coneris,
2259 1914 2382 1969 illos
2428 1914 2763 1984 opprimere.

175 1996 593 2063 καταστρέφειν.

243 2083 358 2145 τις.
400 2084 638 2156 ’Δσφαλῆ
671 2086 766 2140 καὶ
795 2087 1007 2157 ἰσχυρά,
1041 2089 1136 2142 καὶ
1158 2088 1343 2160 ἀπαθῆ
1379 2090 1509 2145 ὄντα
1539 2091 1606 2147 τὰ
1629 2091 1756 2164 ἠμέ·

174 2189 311 2243 τερα
336 2178 632 2239 κατανοῶν,
686 2179 780 2233 ἐὰν
831 2180 918 2231 ἐπ’
977 2181 1159 2244 αὐτοῖς
1224 2183 1570 2236 κατάσκοπον
1615 2201 1755 2256 κρα-

175 2267 368 2334 τήσεις
420 2269 481 2319 ἐν
536 2268 776 2338 πολέμου
855 2269 1051 2340 καιρῷ,
1099 2272 1174 2341 μὴ
1235 2274 1511 2344 κατάσχῃς
1544 2270 1754 2338 τοῦτον,

172 2355 275 2408 ἀλλ
310 2357 491 2418 ἔασον,
527 2356 602 2419 ὼς
633 2357 699 2410 ἂν
726 2359 1065 2425 ἀπαγγείλας
1096 2362 1207 2423 τοῖς
1234 2361 1512 2430 πολεμίοις
1534 2363 1601 2416 τὰ
1630 2365 1758 2434 περὶ

176 2449 274 2516 τῆς
313 2450 416 2515 σῆς
449 2449 831 2508 καταστάσεως
863 2449 1186 2519 καταπλήξῃ
1217 2449 1285 2502 τὰ
1312 2452 1516 2505 τούτων
1536 2454 1756 2522 φρονή-

180 2556 352 2608 ματα.
402 2539 526 2592 Ἐάν
552 2539 607 2592 δέ
646 2557 701 2591 τι
732 2539 880 2610 παρά
912 2540 995 2593 σοὶ
1043 2541 1333 2608 γινώσκεις
1364 2543 1607 2609 ἀσθενὲς,
1662 2546 1756 2597 κό-

176 2630 651 2698 >.αζε.τοῦτον,ἴνα
678 2631 784 2683 τῶν
819 2629 1090 2698 πολεμίων
1110 2631 1317 2691 ἐξείποι
1361 2632 1431 2684 τὰ
1461 2634 1753 2703 μυστήρια,

175 2723 273 2776 καὶ
300 2723 611 2779 τελευταῖον
666 2722 700 2792 ἢ
768 2721 1066 2793 διάφθειρε,
1131 2723 1164 2793 ἢ
1220 2724 1478 2793 ἀσφαλῶς
1523 2724 1754 2795 ἀλλαχοῦ

175 2811 370 2866 τοῦτον
405 2813 676 2884 ἔκπεμπε.

246 2995 365 3066 πη⁹.
407 2996 617 3050 Δυνατά
673 2997 930 3066 γενέσθαι
983 2997 1078 3051 καὶ
1143 2996 1356 3066 μεγάλα
1413 2994 1754 3066 βουλόμενος,

175 3089 486 3159 ἐμϐράδυνε
537 3090 735 3158 μικρὸν
795 3092 861 3160 τῇ
900 3088 1061 3160 βουλῇ
1097 3087 1334 3161 ἐρευνῶν
1367 3088 1428 3141 τὸ
1462 3089 1753 3159 χρήσιμον.

188 3183 364 3237 Ἐπὰν
390 3184 447 3236 δὲ
476 3184 575 3253 τὴν
613 3183 928 3253 πρέπουσαν
959 3181 1264 3255 βεϐαιώσῃς
1297 3182 1542 3254 γνώμην,
1575 3185 1758 3238 ἐπιτέ-

176 3276 258 3327 λει
289 3275 503 3345 ταχέως
526 3275 594 3328 τὰ
625 3274 979 3345 βουλευθέντα
1007 3274 1176 3344 χωρὶς
1197 3273 1485 3343 ἀναϐολῆς,
1522 3275 1757 3344 μάλιστα
1785 3273 1830 3296 ’⁸

177 3371 236 3421 ἐν
270 3369 512 3437 πολέμου
571 3367 768 3437 καιρῷ·
807 3368 902 3421 καί
958 3366 1066 3437 γὰρ
1110 3367 1206 3418 καὶ
1244 3365 1593 3435 Ἀλέξανδρόν
1624 3383 1764 3419 ποτε

177 3459 530 3528 τὸνβασιλέα
583 3459 962 3528 ἐρωτώμενον,
1018 3457 1135 3519 πῶς
1174 3459 1231 3509 ἐν
1255 3455 1458 3523 ὀλίγοις
1506 3456 1652 3509 ἔτεσι
1676 3475 1767 3510 το-

137 3590 145 3596 .
181 3550 357 3603 σαῦτα
386 3551 480 3603 καὶ
505 3549 806 3620 τηλικᾱῦτα
851 3548 1060 3618 μεγάλα
1095 3546 1422 3615 κατώρθωσε
1441 3550 1761 3616 πράγματα,

178 3643 402 3709 λέγεται
433 3642 754 3708 είπεῖν,”υτι
777 3641 929 3695 οὐδὲν
948 3640 1201 3708 δεόμενον
1223 3641 1289 3709 τῇ
1318 3640 1554 3708 σήμερον
1571 3641 1763 3710 ὑπερε-

179 3734 237 3786 es
247 3751 357 3802 μην
385 3735 465 3796 είς
495 3734 595 3804 τὴν
609 3732 816 3797 αὔριον.

251 3824 371 3877 πθ’.
402 3826 571 3878 Ὅταν
602 3824 760 3894 χρεία
783 3843 874 3878 σοι
892 3826 1185 3896 γενήσεται
1235 3825 1562 3896 συμμάχων,
1592 3822 1654 3876 οὗ
1681 3824 1765 3875 δεῖ

183 3933 242 3969 σε
275 3918 506 3978 τούτους
537 3918 675 3986 μετά
722 3915 815 3968 τοῦ
847 3917 1050 3970 οίκείου
1109 3916 1471 3986 συμμιγνύειν
1505 3913 1757 3985 στρατοῦ.

184 4007 425 4073 μάλιστα
455 4006 649 4073 ἐτέρας
682 4005 1027 4076 ὑπάρχοντας
1079 4006 1340 4069 πίστεως.
1379 4006 1539 4058 Ἀλλά
1569 4006 1664 4059 καὶ
1691 4004 1760 4058 τὰ

178 4099 438 4169 ἄπληκτα
464 4099 644 4152 αὐτῶν
697 4100 794 4152 καὶ
842 4100 942 4161 τὰς
966 4098 1280 4169 ὁδοιπορίας
1329 4098 1440 4170 ίδίᾳ
1472 4099 1567 4152 καὶ
1590 4101 1759 4169 χωρὶς

180 4189 433 4255 γίνεσθαι
472 4189 884 4260 παρασκεύαζε,
937 4194 1032 4244 καὶ
1088 4190 1358 4254 παντοίως
1401 4190 1583 4244 αὐτῶν
1625 4189 1758 4244 ἀπό·

179 4279 351 4350 κρυὸε
381 4279 448 4332 τὰ
487 4281 917 4349 στρατηγήματα
969 4281 1068 4350 τῆς
1101 4281 1199 4350 σῆς
1243 4279 1625 4351 παρατάξεως,
1664 4282 1753 4334 ἵνα

1924 2101 2012 2156 87.
2051 2100 2107 2156 Si
2160 2116 2248 2157 res
2285 2108 2408 2157 tuas
2464 2101 2673 2166 firmas,
2713 2103 2988 2169 robustas,
3028 2114 3080 2161 et
3135 2109 3424 2176 perturba-

1856 2191 1991 2246 tioni
2042 2192 2225 2246 minus
2265 2193 2532 2247 obnoxias
2563 2194 2906 2262 cognoveris,
2949 2203 3002 2250 et
3035 2195 3271 2250 hostium
3298 2214 3424 2266 spe-

1856 2284 2152 2337 culatorem
2180 2283 2417 2351 aliquem
2449 2283 2572 2338 belli
2628 2294 2871 2353 tempore
2925 2287 3159 2356 ceperis,
3193 2303 3262 2342 ne
3301 2304 3424 2342 eum

1857 2371 2000 2440 apud
2053 2380 2107 2427 te
2172 2372 2432 2438 retineas,
2491 2372 2585 2427 sed
2623 2374 2898 2442 permitte,
2938 2382 2996 2428 ut
3057 2376 3123 2429 ad
3170 2391 3307 2431 suos
3333 2393 3421 2430 re-

1857 2464 2002 2528 deat,
2048 2475 2103 2518 et
2156 2464 2444 2520 universas
2490 2465 2676 2536 copias
2724 2475 2870 2530 tuas,
2905 2475 3069 2536 atque
3103 2476 3436 2537 apparatum-

1857 2557 1966 2612 illis
2000 2556 2292 2622 ostendat;
2319 2572 2380 2610 ea
2427 2556 2576 2611 enim
2633 2572 2723 2612 res
2760 2558 2978 2611 illorum
3017 2557 3230 2612 animos
3258 2558 3428 2614 velte-

1855 2659 2068 2703 menter
2122 2649 2428 2717 perturbat,
2474 2648 2570 2702 Sin
2598 2647 2901 2703 imbecilles
2955 2656 3064 2702 tua:
3097 2649 3302 2703 fuerint
3334 2665 3428 2704 co-

1855 2739 1980 2809 piae,
2029 2739 2174 2793 hunc
2209 2738 2284 2792 ita
2327 2752 2612 2803 coerceas,
2648 2748 2709 2792 ut
2767 2739 2864 2792 tibi
2911 2738 3152 2793 hostium
3216 2746 3428 2792 secreta

1857 2829 2090 2886 concilia
2154 2828 2427 2890 enuntiet,
2473 2836 2526 2882 et
2552 2828 2618 2882 ad
2660 2838 2992 2892 extremum,
3022 2827 3106 2882 vel
3135 2827 3286 2882 illum
3314 2835 3428 2883 tru-

1856 2921 2088 2984 cidabis,
2118 2920 2203 2974 vel
2230 2920 2418 2987 aliquo
2449 2919 2558 2972 alio
2608 2919 2912 2988 ablegabis.

1927 3013 2014 3065 88.
2044 3010 2118 3064 Ea
2157 3026 2281 3080 quae
2310 3011 2423 3081 geri
2450 3010 2548 3065 abs
2581 3019 2633 3064 te
2680 3019 2944 3079 possunt,
2966 3020 3025 3066 et
3049 3027 3242 3080 magna
3281 3020 3431 3074 sunt,

1858 3117 1984 3156 cum
2063 3101 2283 3170 provisa
2313 3141 2329 3166 ,
2375 3115 2442 3154 ac
2513 3099 2934 3168 circumscripta
2989 3100 3383 3154 deliberatione
3412 3139 3428 3162 ,

1859 3194 1990 3265 quid
2027 3193 2266 3247 maxime
2299 3207 2364 3246 ex
2414 3207 2516 3245 usu
2541 3198 2639 3245 tuo
2706 3191 2798 3253 sit,
2839 3190 3144 3260 suscipias;
3178 3191 3270 3245 ubi
3307 3206 3437 3245 sus-

1868 3287 2103 3357 ceperis.
2158 3285 2277 3338 sine
2310 3283 2419 3336 ulla
2452 3282 2738 3347 dilatione,
2786 3297 2909 3350 qua:
2957 3282 3254 3336 deliberata
3285 3292 3432 3335 sunt

1867 3376 2145 3434 conﬁcias.
2204 3374 2340 3429 Nam
2403 3373 2714 3428 Alexander
2767 3373 3066 3442 aliquando
3129 3389 3247 3437 rex,
3297 3389 3433 3441 quo-

1865 3467 2027 3522 modo
2057 3464 2247 3532 paucis
2281 3463 2442 3517 annis
2471 3470 2553 3516 tot
2611 3469 2904 3528 tantasque
2931 3477 3017 3517 res
3047 3462 3432 3516 administras.

1866 3564 1949 3612 set
1998 3558 2368 3625 interrogatus
2397 3590 2413 3616 ,
2453 3553 2810 3622 respondisse
2841 3551 3033 3616 fertur,
3069 3552 3208 3617 Quia
3272 3553 3428 3616 nihil,

1863 3647 2008 3718 quod
2069 3646 2230 3702 hodie
2282 3643 2594 3699 faciendum
2656 3642 2786 3711 fuit,
2833 3644 2889 3698 in
2945 3643 3255 3713 proximum
3287 3644 3428 3697 diem

1862 3740 2193 3794 distulerim.

1931 3829 2152 3899 89.,Ubi
2179 3829 2276 3885 tibi
2313 3830 2578 3887 societate
2627 3847 2765 3903 opus
2817 3841 2922 3896 est,
2956 3845 3076 3886 eam
3112 3843 3237 3884 cum
3271 3841 3432 3882 excr-

1859 3922 1972 3978 citn
2037 3930 2131 3975 tuo
2183 3933 2294 3976 non
2331 3922 2614 3985 miscebis,
2672 3933 2900 3996 tumque
2947 3921 3195 3983 minime,
3243 3919 3288 3971 si
3330 3917 3432 3970 [ide

1861 4031 1924 4070 ac
1990 4014 2256 4084 religione
2309 4015 2413 4068 alia
2472 4015 2571 4079 sit,
2607 4029 2770 4084 quam
2828 4023 2888 4068 tu
2939 4029 3019 4078 es,
3075 4011 3172 4068 sed
3228 4019 3430 4068 castra,

1857 4117 2023 4177 atque
2058 4108 2255 4160 itinera
2312 4107 2533 4161 illorum
2591 4121 2621 4159 a
2661 4106 2773 4160 tuis
2836 4107 2995 4174 longe
3017 4103 3325 4173 separabis,
3378 4109 3435 4154 et

1856 4200 2114 4262 consilia,
2148 4207 2492 4267 conatusque
2548 4197 2684 4252 aciei
2722 4205 2828 4252 tum
2873 4197 2942 4252 ab
3008 4197 3118 4250 illis
3165 4202 3433 4262 quantum

1856 4297 2012 4360 potes
2043 4288 2284 4351 occulta,
2336 4295 2492 4340 utne
2528 4287 2574 4342 si
2624 4302 2689 4340 ea
2744 4285 3126 4356 cognoverint,
3177 4282 3270 4337 ubi
3329 4282 3436 4334 ini-

179 4372 258 4441 μὴ
287 4370 461 4424 ταῐτα
487 4371 844 4439 γινώσκοντες
872 4373 930 4424 ἐν
977 4372 1154 4443 καιρῷ
1185 4372 1384 4442 ἔχθρας
1428 4371 1752 4442 εὐμηχανώ-

1857 4379 2075 4433 micitia:
2103 4377 2246 4430 inter
2272 4391 2372 4428 vos
2402 4385 2589 4443 postea
2645 4374 2868 4435 fuerint,
2935 4374 2998 4427 ad
3028 4369 3434 4440 conﬂigendum

176 4477 327 4530 τεροι
357 4459 631 4527 ’γένωνται
669 4463 727 4513 ἐν
759 4462 876 4520 ταῖς
913 4460 1055 4513 κατὰ
1088 4459 1182 4513 σοῦ
1234 4459 1558 4528 πολεμικαῖς
1611 4475 1751 4528 συμ-

1851 4470 1946 4523 tibi
1977 4467 2270 4521 habiliores
2291 4467 2423 4522 sint.
2476 4465 2581 4520 Sed
2625 4481 2801 4534 neque
2826 4465 3086 4533 majorem
3117 4462 3434 4517 societatem

175 4549 427 4610 πλοκαῖς.
472 4548 633 4602 Ἀλλὰ
695 4548 829 4619 μηδὲ
871 4549 1091 4602 πλείονα
1131 4548 1360 4620 στρατὸν
1407 4548 1615 4614 ἐπάγου
1644 4546 1750 4602 τῶν

1861 4561 2124 4622 asciscas,
2156 4573 2319 4628 quam
2355 4557 2651 4626 tumipsius
2679 4559 2848 4626 copia:
2875 4564 3023 4616 sunt.
3047 4563 3104 4609 ut
3131 4569 3219 4618 ne,
3243 4568 3435 4623 quem-

178 4641 290 4694 σῶν
316 4640 622 4710 δυνάμεων,
689 4641 776 4692 ἵνα
807 4641 902 4709 μὴ,
958 4639 1143 4702 καθὼς
1176 4642 1272 4692 καὶ
1307 4640 1374 4691 ἐν
1411 4638 1593 4701 ἄλλοις
1625 4641 1757 4709 ἡμῖν

1866 4653 2160 4707 admodum
2229 4659 2389 4704 antea
2464 4650 2724 4712 diximus,
2790 4652 2874 4703 \‘ci
2906 4650 3003 4701 tibi
3081 4647 3432 4706 insidientur,

175 4735 416 4803 εἴρηται,
445 4733 478 4803 ἧ
510 4733 746 4795 εὐκόλως
762 4731 890 4801 παρ’
914 4730 1093 4784 αὐτῶν
1119 4727 1539 4800 ἐπιϐουλευθῇς,
1584 4729 1617 4798 ἢ
1663 4729 1763 4800 τῆς

177 4828 281 4894 σῆς
312 4828 418 4894 γῆς
449 4827 734 4895 ἐγκρατεῖς
765 4825 1051 4892 γένωνται.

255 4915 328 4983 ιγ’.
364 4916 673 4985 Στρατηγδς
704 4916 926 4986 εἰρήνης
978 4914 1262 4983 ἐπιθυμῶν
1325 4913 1594 4988 εὐτρεπὴς
1617 4917 1759 4972 ἔστω

176 5007 316 5077 πρὸς
369 5005 460 5057 τὸν
516 5006 774 5074 πόλεμον.
843 5004 971 5058 Ἐὰν
1021 5000 1114 5057 οὖν
1167 5004 1344 5074 βούλει
1374 5007 1609 5075 πτοῆσαι
1635 5010 1761 5072 τοὺς

177 5100 495 5170 πολεμίους,
548 5098 641 5154 καὶ⁵
667 5097 926 5165 ἀγωνίαν,
965 5097 1261 5167 ἢείρήνην
1299 5098 1568 5150 αἰτεῖσθαι
1609 5100 1762 5167 παρά

179 5192 301 5258 σοῦ,
337 5193 556 5260 ἕτοιμον
583 5190 669 5244 ἀεὶ
697 5190 831 5258 πρὸς
864 5188 954 5242 τὸν
980 5190 1096 5241 κατ’
1128 5189 1308 5242 αὐτῶν
1339 5187 1574 5258 πόλεμον
1597 5207 1759 5243 σεαυ-

175 5284 274 5336 τὸν
327 5281 671 5335 ἀποδείκνυε.
727 5280 913 5359 Οὕτως
959 5280 1069 5350 γὰρ
1112 5279 1500 5346 δειλιάσουσιν,
1538 5282 1632 5334 καὶ
1659 5283 1760 5352 τὴν

178 5377 404 5448 είρήνην
437 5374 795 5428 ἀσπάσονται.

248 5467 360 5535 ιμ’.
421 5469 645 5537 Τρυφὴν
697 5467 982 5539 τμηδέποτε
1044 5466 1309 5536 φιλήσεις,
1357 5463 1402 5520 ὧ
1461 5468 1753 5538 στρατηγὶς,

183 5559 419 5628 μάλιστα
441 5559 500 5612 δὲ
533 5560 630 5612 σὺν
658 5559 735 5629 τῷ
799 5558 1026 5629 στρατῷ
1057 5558 1283 5625 διάγων,
1335 5559 1512 5621 κοινὸς
1531 5559 1754 5626 δλεθρος

180 5650 321 5719 αὕτη
370 5649 468 5702 καὶ
521 5650 599 5720 τῷ
639 5651 930 5720 στρατηγῷ
977 5651 1068 5704 καὶ
1094 5650 1172 5720 τῷ
1211 5651 1578 5721 στρατεύματι
1610 5651 1754 5718 γίνε-

181 5759 290 5797 tat.

252 5831 359 5900 ιβ’.
400 5831 535 5886 Οὔτε
557 5835 614 5887 ἐν
632 5837 750 5898 ταῖς
776 5834 1102 5905 εὐπραγίαις
1126 5834 1446 5903 ὲπαίρεσθαί
1471 5850 1527 5887 σε
1558 5832 1752 5903 χρεῶν,

1865 4744 1948 4799 vel
1999 4744 2178 4797 locum
2214 4743 2311 4796 abs
2370 4747 2424 4796 te
2468 4747 2841 4809 expugnatum
2899 4739 3237 4807 praeripiam.

1933 4920 2023 4975 90.
2082 4916 2383 4986 Imperator
2410 4914 2502 4984 qui
2564 4927 2752 4983 pacem
2812 4910 3052 4972 aﬂ‘ectat,
3115 4907 3182 4961 ad
3233 4906 3432 4988 bellum

1863 5024 1923 5064 se
1978 5015 2264 5077 praeparet.
2334 5005 2394 5060 Si
2433 5004 2580 5059 enim
2639 5002 2876 5059 volueris
2910 5001 3090 5057 facere
3113 5038 3126 5062 ,
3159 5008 3219 5051 ut
3249 4997 3434 5051 hostes

1859 5101 1956 5155 abs
1986 5109 2036 5154 te
2066 5106 2164 5152 aut
2208 5095 2580 5152 dimicationis
2641 5102 2876 5163 tempus,
2932 5101 3024 5145 aut
3095 5106 3282 5159 pacem
3342 5103 3432 5156 pe-

1862 5199 1995 5256 tant,
2027 5191 2260 5257 teipsnm
2322 5197 2569 5256 paratum
2616 5185 2684 5238 ad
2749 5185 2952 5239 bellum
3010 5183 3430 5241 demonstrato;

1862 5283 1936 5338 ita
1983 5281 2130 5336 enim
2181 5278 2486 5333 timidiores
2537 5275 2864 5340 redduntur.
2898 5283 2950 5330 et
2994 5284 3178 5339 pacem
3220 5271 3429 5337 amplc-

1860 5381 2099 5428 Clentur.

1928 5465 2016 5519 9i.
2080 5463 2291 5517 Luxum
2323 5475 2600 5531 nunquam
2663 5460 2899 5522 amabis,
2934 5468 3050 5511 tum
3084 5463 3267 5510 autem
3325 5454 3431 5506 mi-

1859 5557 2025 5619 nime,
2087 5554 2306 5624 quando
2339 5569 2465 5608 cum
2494 5553 2736 5607 exercitu
2773 5567 2834 5605 es
2877 5567 2892 5604 :
2929 5547 3238 5604 communis
3283 5547 3428 5601 enim

1857 5647 2038 5701 clades
2066 5659 2128 5699 ea
2161 5644 2422 5700 exercitui
2453 5654 2504 5698 et
2537 5642 2854 5712 imperatori
2884 5651 2986 5696 est.

1927 5831 2013 5884 92.
2055 5826 2238 5898 Neque
2293 5824 2657 5896 prosperitate
2704 5839 2884 5880 rerum
2932 5820 3109 5875 elatus
3157 5824 3260 5886 sis,
3326 5831 3423 5871 ne-
