4184 6440
748 396 886 464 1039

1985 396 2179 457 LEON
2193 395 2264 454 IS
2294 390 2751 454 I’HILOSOPHI

3878 385 4014 451 1043

747 528 857 585 que
892 512 1141 571 adversis
1195 510 1362 566 rebus
1394 509 1741 580 deprimaris.
1792 506 1982 579 Neque
2007 510 2153 565 enim
2187 508 2326 562 mol-

2445 501 2551 557 iDre
2582 506 2640 557 ἐν
2679 504 2803 564 ταῖς
2864 500 3231 571 δυσπραγίαις
3276 499 3662 554 καταπίπτειν.
3724 498 3864 553 Οὐδὲ
3906 501 4015 567 γὰρ

750 608 841 672 lis,
898 613 994 660 aut
1034 605 1239 660 fractus
1300 603 1569 658 exercitui
1628 610 1724 656 t'uo
1772 600 1945 658 videri
2010 602 2200 667 debes,
2230 602 2326 657 sed

752 703 1016 751 constans
1048 702 1101 747 et
1138 692 1343 762 gravis,
1371 700 1428 747 et
1484 692 1550 746 ad
1611 706 1829 747 omnem
1867 692 2142 747 fortunam
2184 692 2328 747 acci-

753 785 1007 856 piendam
1076 782 1259 838 fortis.
1332 781 1468 836 Nam
1515 782 1607 852 qui
1658 781 1822 839 facile
1888 782 2082 837 laetitia
2137 784 2323 854 gestit,

752 874 915 930 facile
940 874 1105 928 etiam
1131 873 1323 928 dolore
1349 872 1718 937 contrahitur,
1750 881 1805 927 et
1836 871 2149 942 languitline
2174 887 2327 928 men-

753 967 827 1022 tis
883 965 1318 1035 etl'eminataaque
1353 967 1457 1021 hoc
1490 980 1749 1035 magnum
1807 973 2187 1035 argumentum
2218 974 2324 1021 est.

823 1056 915 1111 93.
970 1056 1247 1125 Quidquid
1294 1056 1715 1112 immoderatum
1759 1065 1866 1121 est,
1912 1057 2055 1111 haud
2089 1057 2328 1126 proban-

752 1147 884 1201 dum
942 1156 1043 1201 est.
1101 1146 1289 1218 Itaque
1342 1163 1520 1219 neque
1568 1147 1866 1202 admodum
1898 1148 2163 1204 terribilis
2194 1150 2329 1204 sub-

744 1239 911 1308 jectis
951 1241 1083 1302 tuis,
1121 1254 1302 1312 neque
1346 1241 1510 1295 nimis
1565 1238 1743 1295 facilis
1774 1240 1888 1295 sis:
1922 1249 2154 1311 utraque
2180 1242 2326 1296 enim

750 1332 934 1388 minus
969 1340 1097 1401 apta
1158 1332 1475 1401 imperatori
1546 1333 1599 1385 in
1637 1331 1883 1387 exercitu
1921 1339 2071 1387 sunt.
2125 1332 2329 1389 Multus

748 1423 897 1477 enim
954 1425 1125 1479 timor
1193 1424 1382 1478 odium
1438 1424 1749 1492 ingenerat,
1835 1438 2033 1494 magna
2093 1425 2331 1481 facilitas

750 1523 1125 1584 contemptum
1156 1515 1330 1586 parit.
1369 1514 1669 1570 Moderatio
1704 1515 1872 1584 igitur
1900 1514 2152 1584 qnaadam
2176 1518 2331 1572 adhi-

749 1604 927 1660 benda
962 1612 1066 1671 est,
1114 1614 1173 1659 ut
1206 1606 1261 1659 in
1304 1613 1593 1676 utramque
1626 1613 1837 1674 partem
1874 1608 2192 1664 moderatus
2221 1610 2322 1674 sis,

750 1707 930 1763 neque
952 1694 1222 1763 supplicia
1261 1695 1429 1753 nimis
1490 1696 1811 1763 crudeliter,
1845 1708 2011 1769 atque
2061 1702 2333 1758 iracunde

751 1786 985 1848 inferas,
1021 1801 1199 1860 neque
1260 1802 1455 1844 rursus
1498 1789 1683 1844 omnia
1719 1790 1921 1854 soluta,
1960 1798 2123 1860 atque
2154 1793 2333 1863 impu-

750 1880 867 1935 nita
907 1880 1211 1949 relinquas,
1264 1890 1323 1933 ut
1378 1894 1447 1933 ne
1504 1893 1695 1950 magna
1750 1880 1805 1934 in
1867 1882 2213 1949 confusione,
2268 1900 2332 1942 ac

752 1972 1167 2040 perturbatione
1256 1983 1439 2024 rerum
1515 1972 1791 2026 exercitus
1866 1980 1995 2027 tuus
2070 1975 2327 2031 videatur

750 2077 898 2118 εεεθ.

822 2154 913 2209 94.
955 2153 1090 2209 Belli
1135 2162 1376 2225 tempore
1420 2161 1583 2208 noctu
1640 2156 1709 2212 de
1757 2159 1923 2215 rebus
1974 2161 2202 2231 agendis
2234 2163 2328 2219 de—

750 2243 1129 2310 liberabimus,
1159 2246 1400 2301 interdiu
1460 2256 1641 2303 autem
1688 2247 1985 2305 deliberata
2037 2251 2325 2309 faciemus.

749 2334 940 2407 Neque
967 2336 1115 2391 enim
1169 2337 1314 2392 idem
1377 2346 1594 2408 tempus
1627 2354 1751 2396 esse
1814 2342 2032 2399 debebit
2086 2344 2333 2411 consilii,

751 2435 809 2483 et
860 2429 1097 2485 actionis
1132 2430 1518 2499 suscipiendae.

825 2520 914 2575 95.
950 2521 1137 2576 Victor
1177 2522 1445 2577 terribilis
1493 2522 1747 2580 hostibus
1801 2525 2102 2595 imperator
2133 2544 2329 2587 cense-

751 2612 927 2678 bitur,
975 2628 1084 2669 non
1119 2614 1213 2683 qui
1258 2616 1429 2669 verbo
1474 2617 1652 2672 solum
1688 2618 1956 2673 adversus
1998 2620 2186 2676 hostes
2216 2624 2333 2692 glo-

751 2704 886 2759 riari
914 2705 1135 2775 poterit,
1178 2705 1275 2761 sed
1308 2707 1402 2777 qui
1444 2722 1503 2764 re
1550 2708 1671 2778 ipsa
1707 2708 1946 2779 ﬁrmare,
1978 2693 2125 2782 quod
2150 2714 2333 2771 verbis

750 2797 896 2851 dixit
956 2798 1178 2867 poterit.

824 2888 915 2944 96.
954 2888 1013 2943 Si
1065 2890 1296 2959 'quande
1358 2906 1583 2961 parvum
1658 2893 1827 2949 habes
1885 2905 2216 2961 excrettum,
2277 2908 2332 2952 et

753 2977 998 3032 hostium
1061 2985 1285 3035 tuorum
1336 2983 1507 3051 copia!
1563 2982 1721 3050 longe
1761 2983 1948 3051 plures
2002 2994 2155 3047 sunt,
2229 2987 2333 3041 mi-

754 3082 946 3125 norem
1016 3072 1508 3141 augustioremque
1564 3072 1745 3127 locum
1806 3076 2013 3143 capito,
2094 3084 2149 3130 et
2232 3092 2331 3132 co-

2432 595 2595 648 δεῖσε
2636 592 2879 649 τοιοῦτον
2930 591 3010 662 τῷ
3074 593 3448 663 στρατεύματι
3512 592 3824 661 φαίνεσθαι,
3879 592 4017 644 ἀλλά

2436 685 2697 756 σταθερὸν
2725 684 2832 747 ἀεὶ,
2862 684 2956 736 καὶ
2982 683 3119 755 πρὸς
3146 685 3215 737 τὰ
3239 684 3464 737 τοιαῦτα
3477 684 3886 751 ἀνεπίγνωστον
3912 700 3925 714 υ
3956 684 4014 733 τό

2436 778 2547 849 γάρ
2578 777 2787 847 ταχέως
2840 776 2983 846 πρὸς
3036 774 3212 846 χαράν
3259 776 3586 846 ἐπαίρεσθαι
3614 776 3889 845 φανερῶς,
3919 774 4015 827 καὶ

2434 871 2573 940 πρὸς
2616 870 2793 941 λύπην
2853 869 3018 923 πάλιν
3079 868 3363 939 προδήλως
3392 870 3792 935 καταπίπτειν,
3832 868 4011 936 duxi;

2433 966 2581 1017 ἐστιν
2613 964 2864 1032 μαλακῆς
2887 962 2981 1015 καὶ
3008 961 3231 1026 ἀναξίας
3258 962 3585 1031 στρατηγοῦ.

2507 1055 2615 1124 ιγ’.
2651 1055 2958 1127 ’Υπερϐολὴ
2988 1055 3191 1118 παντὸς
3226 1054 3554 1125 πράγματος
3594 1055 3695 1109 οὐκ
3721 1057 4016 1110 ἀπόδεκτόν

2434 1149 2569 1211 ἐστι,
2600 1145 2681 1198 διδ
2711 1147 2850 1217 μήτε
2877 1145 2997 1199 λίαν
3028 1146 3256 1216 φοϐερὸς
3296 1148 3405 1209 τοῖς
3440 1147 3703 1217 ὑπηκόοις
3729 1149 4012 1219 ὑπάρχῃς,

2435 1231 2479 1289 ῶ
2510 1238 2802 1307 στρατηγὲ,
2826 1238 2961 1308 μήτε
2988 1237 3107 1290 λίαν
3129 1238 3397 1307 ἐπιεικής·
3422 1238 3705 1308 ἀμφότερα
3721 1238 3832 1307 γὰρ
3848 1241 4015 1292 ἀκατ-

2438 1330 2647 1401 ἄλληλα
2697 1332 2776 1401 τῷ
2825 1332 3118 1404 στρατηγῷ
3158 1334 3295 1403 πρὸς
3350 1333 3411 1385 τὸ
3434 1335 3750 1404 στράτευμα
3783 1335 4013 1401 γίνεται.

2443 1426 2500 1479 Ὀ
2577 1427 2677 1497 μὲν
2718 1426 2827 1495 γὰρ
2888 1426 3056 1488 πολὺς
3118 1424 3282 1495 φόϐος
3346 1428 3504 1495 μῖσος
3551 1427 3849 1497 ἀπογεννᾷ,
3904 1428 4017 1497 ἡδὲ

2438 1521 2608 1592 πολλὴ
2648 1521 2920 1575 ἐπιείκεια
2950 1520 3364 1592 καταφρόνησιν
3412 1520 3731 1590 ἐργάζεται.
3794 1520 4015 1591 Ἀρίστη

2437 1612 2494 1665 δὲ
2526 1613 2559 1681 ἠ
2580 1610 2676 1664 τοῦ
2708 1609 2872 1682 μέσου
2921 1610 3182 1675 διάθεσις,
3239 1610 3380 1665 ῶστε
3411 1611 3731 1681 σύμμετρόν
3782 1629 3843 1664 σε
3875 1607 4017 1666 εἶναι

2439 1700 2577 1766 πρὸς
2624 1701 2935 1772 ἀμφότερα,
3000 1700 3099 1754 καὶ
3156 1701 3294 1770 μήτε
3342 1702 3444 1764 τὰς
3498 1700 3879 1765 ὲπεξελεύσεις
3909 1701 4019 1753 τῶν

2438 1792 2904 1865 ἁμαρτανομένων
2926 1791 3067 1862 μετά
3083 1792 3343 1854 ἀπονοίας
3365 1790 3641 1845 ποιεῖσθαι
3664 1794 3759 1845 καὶ
3777 1794 4015 1863 ἀμέτρου

2437 1887 2629 1958 ὀργῆς,
2687 1886 2824 1957 μήτε
2856 1884 3020 1938 πάλιν
3071 1883 3349 1947 παντελῶς
3380 1884 3602 1952 ἀφιέναι
3672 1884 4018 1954 ἀτιμώρητα.

2441 1980 2583 2030 ὥστε
2647 1977 2727 2038 είς
2767 1974 3031 2045 ἀναρχίαν
3070 1973 3247 2027 δοκεῖν
3315 1973 3711 2043 περιίστασθαι
3769 1990 3868 2026 σου
3924 1973 4021 2042 τὴν

2440 2072 2639 2138 ἀρχὴν.

2509 2158 2609 2225 ιιδ’.
2654 2158 2745 2213 Ἐν
2774 2158 3014 2228 πολέμου
3040 2156 3219 2228 καιρῷ
3264 2156 3522 2227 βουλεύου
3559 2156 3659 2226 μὲν
3692 2157 3753 2208 ἑν
3779 2157 3940 2209 νυκτὶ
3963 2158 4023 2209 :6

2442 2252 2733 2321 πρακτέον,
2765 2252 2833 2305 τὰ
2888 2252 2946 2303 δὲ
2996 2250 3230 2314 δόξαντα
3280 2252 3347 2318 τῇ
3395 2249 3557 2319 βουλῇ
3618 2249 3859 2301 ἐπιτέλει
3910 2248 4022 2316 μεθ’

2442 2346 2678 2414 ἡμέραν.
2706 2347 2781 2398 Ou
2810 2344 2920 2413 γὰρ
2948 2344 2977 2397 ὀ
3004 2343 3165 2405 αὐτὸς
3193 2342 3399 2405 ὀφείλει
3428 2342 3621 2412 καιρὸς
3652 2336 3791 2394 εἶναι
3829 2339 4026 2411 βουλῆς

2440 2454 2499 2490 τε
2531 2436 2624 2489 καὶ
2657 2436 3025 2505 παρατάξεως
3037 2476 3049 2489 .

2516 2524 2613 2593 1.ιεῖ
2646 2526 2895 2596 Νικητὴς
2935 2524 3029 2577 καὶ
3063 2523 3293 2595 φοϐερὸς
3318 2525 3433 2587 τοῖς
3456 2525 3739 2593 πολεμίοις
3773 2522 4026 2591 λογισθήο

2447 2633 2598 2670 σεται
2632 2617 2659 2667 ὀ
2682 2614 3116 2684 στρατηγὸς,οὐχ
3141 2615 3169 2667 ὀ
3198 2613 3276 2684 τῷ
3306 2612 3489 2681 λέγειν
3522 2613 3681 2682 μόνον
3705 2612 3801 2665 καὶ
3827 2614 4029 2677 ἔγκαυ-

2445 2707 2648 2778 χᾶσθαι
2679 2706 2801 2760 κατ’
2865 2706 3049 2759 αὐτῶν
3108 2706 3355 2768 δυνατὸς,
3384 2706 3500 2759 ἀλλ’
3528 2708 3556 2759 ὀ
3600 2708 3720 2758 ταῖς
3759 2706 4031 2775 πραξεςιν

2442 2797 2605 2851 αὐτοῦ
2622 2799 2746 2860 τοὺς
2770 2797 2968 2864 λόγους
3005 2796 3261 2865 βεϐαίους
3288 2796 3634 2859 ἀποδεικνύς.

2515 2894 2631 2955 ιηςυ.
2663 2890 2833 2941 Ὅταν
2857 2888 3038 2955 ὀλίγον
3065 2886 3197 2958 ἔχῃς
3230 2888 3568 2959 στράτευμα,
3615 2888 3726 2940 τῶν
3758 2887 4034 2956 πολεμίων

2449 2980 2508 3032 δὲ
2537 2982 2617 3043 εἰς
2650 2980 2855 3049 πλῆθός
2895 2981 3065 3043 ὲσ-ιυιν,
3098 2978 3297 3031 σπεῦδε
3339 2979 3668 3031 καταλαϐεῖν
3710 2978 4035 3047 μικρότεραι

2437 3074 2636 3144 χωρίον
2666 3073 2764 3127 καὶ
2781 3074 3129 3144 στενώτερον,
3161 3072 3257 3125 καὶ
3290 3073 3603 3141 σύμμετρον
3630 3069 3707 3139 ’τῷ
3764 3071 3845 3139 σῷ
3876 3086 4036 3137 στρα-

754 3159 865 3228 piis
925 3159 1035 3216 tuis
1083 3160 1361 3216 idoneum.
1407 3161 1594 3232 Itaque
1652 3162 1764 3229 fiet,
1804 3171 1863 3218 ut
1900 3165 2197 3221 multitudo
2228 3166 2329 3223 ho-

2445 3166 2687 3234 τεύματι.
2752 3164 2826 3217 Τὸ
2882 3164 2992 3234 γὰρ
3062 3163 3323 3233 περισσόν
3368 3162 3479 3214 τῶν
3533 3161 3811 3231 πολεμίων
3836 3160 4037 3231 πλῆθος

755 3255 926 3308 stium
985 3253 1199 3311 inutilis
1246 3256 1359 3322 fiat,
1423 3257 1517 3313 ubi
1547 3258 1703 3314 locus
1742 3259 2117 3317 multitudinis
2148 3262 2335 3319 minus

754 3347 844 3398 est
890 3356 1083 3410 capax.

828 3426 919 3481 97.
953 3426 1232 3494 lnducias,
1272 3436 1326 3484 et
1360 3429 1567 3485 foedera
1615 3431 1745 3486 belli
1784 3445 1909 3486 cum
1967 3436 2221 3493 hostibus
2254 3437 2333 3492 {ac

755 3518 932 3583 ciens,
964 3535 1033 3575 ne
1067 3530 1354 3590 propterea
1407 3524 1460 3577 in
1511 3523 1842 3594 negligentia
1899 3526 2085 3596 aliqua
2114 3537 2208 3582 aut
2243 3543 2338 3583 so-

757 3610 950 3664 cordia
999 3611 1099 3677 sis,
1151 3612 1247 3667 sed
1303 3613 1609 3681 majoribus
1679 3616 1949 3672 custodiis
2004 3628 2215 3683 castra,
2243 3627 2339 3673 aut

758 3701 1042 3771 regionem
1108 3711 1257 3757 tuam
1319 3706 1560 3758 munias.
1618 3706 1676 3759 Si
1740 3706 1885 3760 enim
1950 3708 2158 3764 fmdera
2218 3710 2337 3765 vio-

756 3794 875 3847 lare
911 3793 1101 3849 hostes
1130 3795 1427 3857 voluerint,
1454 3806 1652 3864 prreter
1684 3798 2140 3865 indignationem,
2170 3801 2340 3854 iram-

758 3900 870 3953 que
934 3886 1053 3952 Dei,
1102 3888 1391 3955 perfidiam
1438 3887 1534 3940 tibi
1598 3897 1959 3944 accerserunt
1992 3930 2007 3953 ,
2065 3900 2124 3944 tu
2181 3906 2336 3955 vero,

758 3976 1004 4046 undique
1072 3978 1341 4034 munitus.
1368 3985 1421 4032 et
1456 3976 1549 4031 Dei
1590 3979 1905 4045 praesidium
1957 3980 2128 4036 habes
2180 3990 2235 4035 et
2272 3980 2336 4034 li-

757 4066 882 4122 dem
939 4082 1259 4132 conservas,
1300 4076 1355 4123 et
1392 4068 1623 4124 honesto
1664 4070 1721 4123 in
1758 4070 1879 4125 loco
1938 4073 2085 4140 apud
2132 4086 2329 4128 omnes

756 4172 1053 4230 pr0pterea
1084 4176 1166 4216 es.
1221 4162 1406 4231 Turpe
1438 4169 1527 4217 est
1554 4162 1705 4216 enim
1762 4163 2084 4233 imperatori
2130 4166 2335 4227 dicere,

756 4247 880 4305 Non
919 4262 1193 4321 putaram.

816 4342 907 4397 98.
948 4344 1063 4398 lloc
1096 4346 1261 4399 etiam
1303 4344 1372 4398 ad
1420 4346 1831 4415 imperatoriam
1866 4346 2081 4400 laudem
2116 4363 2340 4417 magno-

758 4448 893 4503 pere
944 4436 1201 4503 pertinet,
1268 4446 1525 4505 reputare
1595 4445 1800 4500 tecum,
1874 4446 1931 4491 et
1992 4439 2335 4507 experientia

758 4533 912 4579 certa
958 4540 1318 4593 cognoscere,
1386 4527 1629 4583 hostium
1685 4536 1870 4583 castra
1940 4538 2148 4598 quanta
2205 4532 2338 4584 sint.

759 4612 879 4670 lloc
947 4615 1059 4680 fiet,
1120 4616 1167 4671 si
1225 4617 1459 4685 teipsum
1524 4618 1861 4684 exercueris,
1915 4625 1976 4672 ut
2037 4634 2340 4689 cognoscas

760 4713 1004 4774 quantus
1062 4708 1443 4776 unusquisque
1490 4708 1667 4773 locus,
1722 4719 1777 4763 et
1830 4711 2011 4777 qualis
2042 4712 2140 4774 sit,
2171 4718 2340 4780 quot-

758 4813 872 4867 que
919 4799 1145 4861 milites,
1191 4799 1655 4868 quemadmodum
1715 4801 1881 4856 nobis
1938 4813 2068 4857 ante
2124 4800 2339 4859 descri-

761 4898 916 4959 ptum
982 4900 1087 4955 est,
1116 4905 1312 4960 capere
1363 4892 1559 4961 possit.

834 4981 926 5037 99.
963 4981 1070 5035 Par
1103 4992 1189 5039 est
1216 4993 1421 5048 autem,
1455 4984 1917 5052 quemadmodum
1959 4985 2195 5040 hostium
2249 5002 2343 5041 co-

760 5072 885 5143 pias
943 5072 1169 5128 studeas
1228 5087 1592 5143 cognoscere,
1642 5074 1723 5129 sic
1756 5082 1811 5128 et
1863 5074 2114 5129 hostibus
2166 5076 2345 5130 minus

765 5164 999 5235 cognitae
1061 5173 1170 5220 tua:
1239 5166 1373 5220 sint.
1433 5165 1538 5219 Ubi
1595 5180 1723 5221 vero
1778 5167 2190 5223 multitudinem
2251 5184 2345 5223 co-

763 5258 986 5326 piarum
1048 5263 1266 5311 tuarum
1336 5258 1478 5311 clam
1546 5259 1736 5314 hostes
1796 5274 1921 5315 esse
1989 5258 2169 5328 cupis,
2237 5260 2341 5313 mi-

768 5348 960 5402 litibus
995 5349 1301 5417 praecipies,
1336 5366 1391 5402 ..ς
1432 5348 1649 5403 densati
1707 5349 2029 5404 ambulent:
2068 5349 2343 5405 addensa-

768 5440 851 5494 tio
896 5441 1065 5503 enim,
1097 5450 1152 5494 et
1184 5441 1492 5495 contractio
1554 5441 1773 5495 hebetat
1834 5440 2079 5495 hostium
2132 5442 2346 5506 oculos,

770 5538 824 5585 et
856 5532 1097 5602 perfecte
1143 5548 1435 5587 numerum
1470 5540 1690 5587 tuorum
1740 5530 2209 5601 comprehendere
2237 5547 2346 5587 non

775 5625 928 5679 sinit.
977 5623 1181 5679 Contra
1235 5634 1439 5689 autem,
1470 5625 1515 5680 si
1552 5624 1779 5694 exiguas
1818 5623 2006 5693 copias
2059 5630 2185 5677 tuas
2230 5623 2346 5677 clli-

777 5730 905 5770 ccrc
968 5716 1146 5785 cupis,
1189 5725 1248 5769 ut
1276 5716 1461 5784 plures
1522 5717 1833 5778 videantur,
1894 5715 2135 5769 rariores
2172 5714 2349 5769 inam-

778 5809 971 5865 ‘uulcut
1018 5818 1069 5863 ct
1125 5810 1433 5867 consistant
1501 5810 1725 5877 milites,
1786 5817 1840 5865 et
1874 5808 2196 5878 ampliorem
2228 5823 2351 5879 spu-

2449 3257 2727 3327 ἄχρηστον
2752 3255 3071 3324 γενήσεται,
3098 3252 3195 3306 τοῦ
3241 3254 3409 3306 τόπου
3444 3252 3518 3323 μὴ
3556 3252 3948 3323 ἐπιδεχομένου
3979 3254 4038 3305 τὸ

2448 3348 2632 3400 πλέον.

2523 3438 2625 3505 ιζ’.
2660 3438 2944 3508 Συνθήκας
2983 3437 3083 3490 καὶ
3116 3438 3316 3507 ἀνοχὰς
3351 3434 3591 3505 πολέμου
3629 3434 3769 3505 πρὸς
3788 3437 3919 3497 τοὺς
3946 3452 4041 3487 πο-

2444 3530 2666 3601 λεμίους
2700 3528 3045 3598 ποιούμενος,
3094 3528 3168 3598 μὴ
3203 3528 3295 3581 διὰ
3332 3526 3538 3589 ταύτας
3576 3527 3633 3579 ἰν
3667 3526 3905 3596 ἀμελείᾳ
3932 3526 4040 3579 δια·

2446 3621 2627 3691 τελῇς,
2660 3620 2797 3673 ἀλλὰ
2830 3620 3031 3689 μᾶλλον
3067 3618 3280 3689 μείζοσι
3304 3620 3399 3672 καὶ
3430 3617 3855 3689 ἀκριϐεστέραις
3880 3635 4039 3686 περι-

2446 3710 2693 3781 λάμϐανε
2711 3714 2831 3773 ταῖς
2851 3712 3123 3779 φυλακαῖς
3148 3711 3208 3763 τὸ
3233 3708 3613 3779 στρατόπεδον,
3636 3708 3669 3777 ἢ
3698 3707 3799 3777 τὴν
3830 3708 4040 3777 χώραν.

2459 3802 2585 3856 Ἐὰν
2623 3801 2733 3871 γὰρ
2780 3800 3231 3871 παρασπονδῆσαι
3287 3798 3624 3869 βουληθῶσιν
3678 3799 3727 3850 οἱ
3756 3798 4037 3867 πολέμιοι,

2448 3896 2647 3948 ἐκεῖνοι
2703 3892 2805 3962 μὲν
2859 3892 2999 3961 μετὰ
3050 3892 3150 3961 τῆς
3206 3890 3301 3944 τοῦ
3355 3890 3492 3943 Θεοῦ
3555 3890 3889 3957 δυσμενεῖας
3946 3891 4040 3941 καὶ

2447 3984 2678 4052 ἀπειλῆς
2704 3982 2888 4047 ἕξουσι
2928 3981 2988 4033 τὸ
3030 3982 3277 4043 ἄπιστον,
3324 3981 3391 4032 σὺ
3441 3979 3499 4031 δὲ
3550 3977 3688 4048 μετὰ
3736 3978 3840 4045 τῆς
3871 3979 4043 4045 63:71-

2447 4074 2599 4136 λείας
2621 4072 3011 4143 εὑρισκόμενος
3068 4072 3210 4136 ἔξεις
3246 4073 3308 4123 τὸ
3361 4070 3560 4123 πιστὸν
3598 4068 3740 4136 μετὰ
3788 4070 3892 4137 τῆς
3946 4070 4041 4121 τοῦ

2446 4164 2581 4216 Θεοῦ
2615 4163 2888 4233 βοηθείας.
2942 4162 3187 4227 Ἀνάξιον
3250 4162 3359 4231 γὰρ
3406 4157 3715 4231 στρατηγοῦ
3744 4158 3811 4210 τὸ
3839 4158 4040 4227 λέγειν,

2455 4254 2628 4308 Τοῦτο
2648 4255 2709 4307 οὐ
2733 4254 3097 4323 προσεδόκων.

2522 4351 2630 4417 ιτηο.
2693 4345 2805 4397 Καὶ
2832 4344 2993 4397 τοῦτο
3032 4343 3091 4395 δέ
3138 4360 3221 4396 σοι
3277 4343 3600 4410 ἀναγκαῖον,
3642 4338 3687 4397 ὦ
3728 4350 4039 4416 στρατηγὲ,

2451 4436 2587 4506 πρὸς
2618 4432 2992 4505 στρατηγικὴν
3021 4434 3359 4504 τελειότητα,
3394 4435 3454 4487 τὸ
3498 4434 3915 4502 συλλογίζεσθαι
3951 4440 4043 4490 καὶ

2458 4526 2755 4594 γινώσκειν
2776 4524 3020 4595 ἀκριϐῶς
3078 4526 3143 4576 ὲκ
3175 4526 3276 4594 τῆς
3300 4525 3498 4595 πείρας
3534 4525 3596 4577 τὸ
3618 4526 3731 4578 τῶν
3767 4528 4045 4593 πολεμίων

2449 4616 2811 4688 στρατόπεδον
2881 4616 3046 4667 πόσον
3102 4615 3270 4669 ἐστίν.
3325 4614 3498 4667 Τοῦτο
3547 4615 3603 4668 δὲ
3651 4617 3899 4683 γίνεται,
3950 4619 4045 4671 tam

2448 4709 2978 4781 πῳγυμνασάμενος
3006 4705 3283 4779 γινώσκῃς
3314 4706 3479 4769 πόσος
3531 4708 3696 4770 τόπος
3746 4712 3843 4763 καὶ
3894 4715 4045 4774 ποῖος

2447 4803 2645 4865 πόσους
2677 4799 3018 4872 στρατιώτας
3055 4798 3413 4868 ἐπιδέχεσθαι
3458 4798 3707 4864 δύναται,
3741 4802 3841 4855 καὶ
3865 4802 3947 4865 ὡς
3989 4808 4045 4855 ἐν

2451 4894 2637 4957 ἄλλοις
2672 4894 2805 4961 ἡμῖν
2824 4889 3241 4962 προδιώρισται.
4070 4935 4075 4939 .

2523 4978 2628 5045 ιιθν.
2665 4978 2849 5041 Ἄξιον
2881 4978 2938 5030 δέ
2966 4994 3071 5040 σοι,
3104 4970 3150 5029 ῶ
3194 4976 3490 5048 στρατηγὲ,
3522 4978 3714 5050 ῶσπερ
3755 4980 3861 5050 τὴν
3890 4983 4045 5053 εἰρη-

2458 5068 2629 5137 μένην
2648 5066 2853 5134 γνῶσιν
2883 5065 2984 5135 τῆς
3022 5065 3133 5118 τῶν
3168 5066 3449 5135 πολεμίων
3487 5068 3784 5136 στρατείας
3806 5070 4046 5137 ὀφείλεις

2458 5160 2625 5229 ἔχειν,
2656 5157 2830 5220 οὓτως
2852 5158 2946 5210 καὶ
2979 5158 3107 5220 τοὺς
3138 5157 3437 5227 πολεμίους
3486 5157 3779 5212 λανθάνειν
3813 5160 3877 5212 τὸ
3911 5162 4047 5229 πλῆο

2453 5250 2545 5312 θος
2573 5248 2683 5301 τῶν
2713 5247 2822 5300 σῶν
2854 5247 3306 5317 στρατευμάτων.
3352 5248 3521 5299 Ὅταν
3551 5246 3607 5299 δὲ
3635 5247 3808 5322 βούλῃ
3860 5249 4045 5302 λαθεῖν

2454 5342 2578 5404 ’τοὺς⁵
2608 5339 2837 5410 ἐχθροὺς
2872 5342 2972 5409 τῆς
3003 5339 3104 5407 σῆς
3133 5339 3417 5407 δυνάμεως
3447 5339 3509 5393 τὸ
3539 5339 3769 5409 πλῆθος,
3804 5344 4046 5403 πυκνοὺς

2451 5436 2778 5504 περιπατεῖν
2808 5434 2841 5502 ἦ
2868 5433 3091 5487 ἑστάναι
3129 5433 3479 5503 παράγγελλε
3509 5432 3635 5495 τοὺς
3666 5434 4041 5504 στρατιώτας.

2464 5527 2530 5581 Ἦ
2568 5527 2679 5597 γὰρ
2709 5526 2961 5594 συνέχεια
2988 5525 3082 5578 καὶ
3099 5525 3314 5592 σφίγξις
3348 5524 3603 5593 σφάλλειν
3631 5528 3782 5579 ποιεῖ
3798 5525 3899 5596 τὴν
3921 5526 4045 5597 ὅρα-

2454 5636 2540 5673 σιν
2566 5618 2674 5671 τῶν
2709 5616 3006 5685 πολεμίων,
3028 5616 3125 5669 καὶ
3156 5616 3403 5686 ἀκριϐῶς
3424 5616 3667 5679 εἰκάζειν
3699 5618 3794 5670 τὸν
3809 5616 4043 5687 ἀριθμὸν

2452 5713 2550 5782 τῆς
2582 5710 2680 5780 σῆς
2702 5710 2984 5779 δυνάμεως
3009 5710 3107 5761 οὐκ
3137 5710 3222 5778 ἑᾷ.
3262 5707 3495 5776 Ὁμοίως
3518 5709 3629 5761 xa‘a
3656 5710 3752 5761 ἐπὶ
3780 5709 3875 5762 τοῦ
3895 5712 4044 5762 tvm—

2461 5806 2592 5865 τίου,
2634 5806 2682 5856 εἰ
2730 5802 2909 5856 ϐούλει
2932 5800 3258 5871 παραδεῖξαι
3284 5798 3385 5871 τὴν
3430 5799 3530 5872 σὴν
3556 5800 3795 5872 δῦναμιν
3818 5800 4041 5871 πολλὴν,
