4184 6440
157 390 294 459 ιθιι

156 504 351 573 ὀλίγην
378 499 576 572 οὖσαν,
603 503 959 579 ἁραιοτέρους
989 509 1083 563 καὶ
1119 518 1445 584 περιπατεῖν
1481 520 1576 571 καὶ

161 596 291 650 σθαι
350 598 479 661 τοὺς
530 598 868 670 στρατιώτας
901 605 1167 674 ποιήσεις,
1198 608 1271 671 ὼς
1304 610 1371 662 ἂν
1403 615 1495 665 καὶ
1520 614 1741 669 πλείονα

160 687 257 741 τοῦ
292 690 608 758 συμμέτρου
634 691 800 744 τόπον
841 694 1353 765 περιλαμϐάνωσιν.
1430 704 1745 776 Ἀμφότερα

160 781 274 848 γάρ
308 781 367 831 ἐν
404 781 578 851 καιρῷ
626 781 740 853 ίδίῳ
795 785 1083 853 γενόμενα,
1130 789 1223 841 καὶ
1282 794 1446 865 χρείᾳ
1496 799 1741 867 χρήσιμα

160 870 301 940 πρὸς
325 872 542 942 ἀπάτην
567 874 678 928 τῶν
705 876 916 947 ἐχθρῶν
947 880 1284 949 εὑρίσκεται.

234 961 306 1032 ρ’.
336 964 488 1032 Ἰσης
536 965 635 1018 καὶ
683 967 874 1037 ὁμοίας
896 968 1065 1039 οὔσης
1099 973 1199 1041 τῆς
1226 990 1287 1025 τε
1332 975 1442 1026 τῶν
1470 976 1746 1048 πολεμίων

173 1055 556 1126 παρασκευῆς,
610 1058 704 1110 καὶ
751 1060 849 1129 τῆς
900 1060 1197 1132 ἡμετέρας,
1232 1066 1261 1117 ό
1307 1066 1534 1120 κάλλιον
1567 1087 1749 1140 παρα-

162 1146 509 1215 τασσόμενος
576 1151 902 1221 στρατηγδς,
953 1154 1062 1205 εἴτε
1122 1156 1207 1217 σὺ,
1246 1155 1359 1208 εἴτε
1392 1159 1420 1209 ὁ
1470 1160 1749 1228 πολέμιος,

166 1236 372 1304 μᾶλλον
431 1238 847 1312 πλεονεκτήσει,
907 1244 1165 1315 περιττὴν
1225 1246 1367 1315 ἔχων
1425 1250 1526 1318 τῆς
1585 1251 1750 1304 δυνάο

164 1342 313 1395 μεως
335 1329 434 1399 τὴν
460 1331 524 1384 ἐκ
550 1330 659 1383 τῶν
692 1336 1170 1405 στρατηγημάτων
1196 1337 1228 1406 ἢ
1260 1339 1465 1402 τάξεων
1517 1340 1691 1410 ἰσχύν.

236 1417 339 1488 ρα’.
368 1422 457 1493 Μὴ
482 1423 727 1493 πρώτους
783 1424 948 1496 ἐάσῃς
1003 1427 1158 1497 παρὰ
1213 1429 1273 1481 σὲ
1304 1430 1403 1500 τὴν
1426 1432 1633 1484 οἰκείαν
1661 1433 1751 1486 δύ-

161 1526 325 1577 ναμιν
356 1513 483 1574 τοὺς
541 1514 821 1579 ἐναντίους
907 1516 1154 1581 ἐκτάξαι,
1208 1519 1343 1574 ἀλλὰ
1375 1522 1571 1573 σπεῦδε
1603 1524 1741 1594 πρό-

162 1617 323 1669 τερος
354 1603 580 1655 ἐκείνων
606 1606 706 1675 τὴν
730 1607 1031 1677 παράταξίν
1048 1625 1145 1662 σου
1175 1610 1444 1675 διατάξαι.
1490 1614 1614 1667 Ἐάν
1639 1616 1750 1685 γὰρ

161 1692 428 1767 πρότερος
464 1694 677 1768 φθάσῃς
725 1698 1166 1766 παρατάξασθαι,
1227 1702 1292 1755 σὺ
1355 1702 1452 1772 μὲν
1496 1704 1524 1756 ὃ
1573 1704 1743 1777 βούλῃ

162 1783 287 1836 κατ’
315 1784 560 1849 ἐξουσίαν
615 1789 694 1851 ὡς
752 1789 967 1861 ἕτοιμος
1018 1792 1247 1863 πράξεις
1274 1811 1288 1825 ·
1318 1796 1348 1847 ό
1407 1796 1465 1849 δὲ
1494 1796 1754 1867 πολέμιος

161 1877 290 1930 οὐδὲ
311 1878 406 1931 τοῦ
427 1878 860 1952 καθοπλισθῆναι
897 1885 1039 1953 τάχα
1097 1886 1253 1941 λάϐοι
1301 1888 1501 1961 καιρὸν
1527 1889 1627 1960 τὴν
1658 1890 1755 1961 σὴν

161 1969 393 2036 ταχεῖαν
422 1969 588 2037 φοὸού
598 1988 757 2038 μενος
779 1973 1085 2028 ἐπέλευσιν.

238 2057 343 2127 ρβ“.
371 2059 557 2124 υῠτως
573 2056 667 2114 οὖν
698 2063 794 2116 ἐὰν
818 2065 1176 2139 προεκτάξῃς,
1212 2070 1304 2123 καὶ
1347 2070 1485 2124 κατὰ
1502 2073 1599 2142 τὴν
1619 2091 1756 2143 συμ-

171 2149 343 2221 ϐολὴν
375 2151 435 2216 ἐξ
456 2153 675 2222 ἑτοίμου
696 2156 807 2218 τοῖς
850 2157 1113 2221 ἐναντίοις
1136 2161 1462 2233 ὲγχειρήσῃς
1478 2165 1757 2231 ἀσφαλῶς,

166 2241 373 2311 θάρσος
405 2242 505 2313 μὲν
529 2245 608 2315 τῷ
632 2246 711 2316 σῷ
738 2248 1110 2318 στρατεύματι
1150 2250 1493 2322 ἐμποιήσεις,
1539 2255 1753 2308 δειλίαν

162 2332 356 2397 δὲτοῖς
385 2333 664 2406 πολεμίοις
694 2337 968 2407 ἐνθήσεις,

234 2424 343 2496 ργ’.
376 2427 556 2498 Νόμον
578 2429 668 2498 ἔχε
724 2430 1106 2501 ἀπαράὸατον,
1145 2434 1204 2487 τὸ
1247 2435 1448 2506 πολλὴν
1482 2438 1756 2490 ποιεῖσθαι

164 2519 279 2570 τῶν
314 2518 607 2590 πληγάτων
634 2523 982 2592 στρατιωτῶν
1014 2526 1112 2597 τὴν
1144 2530 1424 2597 πρόνοιαν.
1479 2530 1606 2582 Ἐάν
1646 2532 1757 2602 γὰρ

164 2609 450 2680 ἀμελήσῃς
472 2611 671 2675 αὐτῶν,
702 2614 829 2675 τοὺς
852 2614 1074 2677 λοιποὺς
1125 2616 1466 2686 στρατιώτας
1510 2619 1760 2673 ἐθελοκα·

167 2699 404 2763 κοῦντας
462 2701 519 2753 ἐν
547 2705 667 2765 ταῖς
702 2704 903 2772 μάχαις
936 2707 1032 2758 καὶ
1065 2706 1439 2777 λυπουμένους
1473 2710 1743 2781 εὑρήσεις.

171 2791 285 2843 Καὶ
311 2790 372 2842 οὐ
409 2790 571 2860 μόνον
595 2792 775 2858 τοῦτο,
808 2794 946 2847 ἀλλὰ
975 2798 1072 2849 καὶ
1120 2798 1319 2862 αὐτοὺς
1352 2800 1480 2864 τοὺς
1505 2818 1757 2871 τραυμα-

165 2880 475 2947 τισθέντας,
497 2884 591 2936 καὶ
619 2884 686 2937 δι’
707 2887 1026 2956 ἐπιμελείας
1040 2888 1367 2961 δυναμένους
1384 2893 1754 2964 ἀνασωθῆναι,

166 2973 257 3026 διὰ
284 2972 563 3043 ῥαθυμίαν
583 2976 891 3041 ἀπολέει-εις.

242 3065 342 3134 ρδ’.
380 3065 550 3117 Ὅταν
588 3068 669 3128 είς
699 3069 878 3138 φυγὴν
907 3068 1116 3143 τρέψῃς
1143 3073 1271 3136 τοὺς
1303 3073 1596 3144 πολεμίους
1627 3078 1757 3129 άντ-

1235 407 1571 471 TACTICA.
1608 436 1672 449 --
1699 413 2205 484 CONSTITUTIO
2245 429 2370 488 XX.

3291 435 3429 502 1049.

1599 519 1752 574 ἵστα·
1778 526 1829 585 Α
1859 527 2253 600 tiosioremque
2288 537 2495 600 locum,
2543 552 2707 607 quam
2741 542 3036 597 multitudo
3082 543 3297 600 illorum
3338 565 3423 604 re-

1853 622 2044 687 quirit,
2072 624 2313 692 exigant.
2361 627 2606 699 Utraque
2640 632 2798 685 «enim
2861 635 3078 699 horum,
3132 636 3175 688 si
3230 636 3425 691 idoneo

1854 720 2096 783 tempore
2152 716 2383 785 locoque
2416 721 2566 787 (lant,
2608 722 2673 776 ad
2702 723 3053 793 decipiendos
3097 728 3282 781 hostes
3313 743 3426 780 tua-

1854 818 2092 875 gnopere
2124 809 2399 864 valebunt.

1928 981 2051 1036 100.
2086 982 2143 1035 Si
2199 984 2438 1053 aequales
2469 993 2575 1040 tua:
2601 988 2948 1059 hostiumque
2987 993 3158 1060 copia:
3204 992 3421 1057 fuerint,

1857 1071 1945 1126 ille
1989 1073 2183 1128 tttelius
2217 1076 2440 1129 instruit
2473 1082 2772 1134 exercitum
2827 1085 3129 1153 imperator
3191 1085 3305 1139 sive
3346 1095 3423 1149 ιιι,

1858 1166 1973 1219 sive
2037 1168 2213 1222 hostis
2262 1167 2448 1235 fuerit,
2513 1171 2603 1240 qui
2639 1172 2887 1241 plurimis
2933 1176 2999 1229 ad
3060 1176 3257 1229 bellum
3290 1191 3424 1229 con-

1852 1257 1991 1312 siliis
2049 1256 2320 1330 factisque
2376 1264 2750 1332 imperatoriis
2804 1266 3057 1319 valuerit.

1931 1436 2053 1491 lOI.
2100 1436 2176 1493 Ne
2233 1438 2479 1508 patiaris,
2522 1448 2579 1495 ut
2642 1441 2829 1497 hostes
2863 1458 2992 1499 suas
3033 1443 3217 1511 copias
3248 1444 3429 1511 prius-

1859 1541 2021 1596 quam
2055 1535 2111 1581 tu
2149 1528 2444 1594 instruant,
2504 1528 2597 1584 sed
2649 1532 2936 1595 contende,
3002 1540 3061 1585 ut
3121 1541 3246 1587 ante
3304 1533 3428 1588 illos

1861 1630 1966 1673 tua:
2014 1630 2214 1689 paratio
2259 1624 2393 1676 sint.
2449 1623 2505 1677 Si
2564 1624 2710 1678 enim
2759 1625 2908 1693 prior
2958 1625 3291 1679 instruxeris
3330 1640 3431 1693 pro

1858 1711 2129 1765 arbitratu
2192 1722 2306 1776 tuo,
2370 1713 2480 1780 jam
2550 1722 2775 1782 paratus
2843 1714 3060 1782 quidvis
3116 1713 3423 1782 suscipias:

1862 1803 2036 1858 hostis
2076 1810 2256 1857 autem
2300 1803 2534 1857 fortasse
2564 1818 2631 1857 ne
2672 1811 2891 1873 tempus
2937 1804 3154 1871 quidem
3183 1805 3423 1871 seipsum

1860 1893 2131 1957 armandi,
2183 1895 2295 1964 jam
2327 1910 2474 1950 nunc
2538 1903 2686 1950 tuam
2746 1906 2997 1951 metuens
3031 1896 3424 1961 incursionem,

1859 1988 2099 2042 habehit.

1927 2080 2049 2131 10:2.
2078 2076 2134 2130 Si
2160 2079 2323 2147 igitur
2353 2080 2425 2132 ita
2454 2085 2507 2133 te
2544 2077 2608 2130 ad
2641 2078 3044 2148 conﬂigendum
3076 2092 3417 2147 prmparavc-

1860 2171 1958 2235 ris,
1997 2171 2179 2225 hostes
2205 2181 2327 2225 tuos
2376 2178 2494 2223 tuto
2536 2185 2600 2224 ac
2642 2170 2832 2225 idonee
2879 2170 3169 2234 adoricris,
3222 2178 3275 2223 ει
3332 2186 3427 2223 au-

1859 2263 2071 2318 daciam
2117 2263 2295 2334 copiis
2347 2263 2456 2317 tuis
2502 2262 2721 2327 aﬂ‘eres,
2763 2269 2817 2315 et
2867 2262 3118 2316 timorem
3176 2261 3428 2318 hostibus

1860 2353 2099 2422 iujicies.

1934 2445 2055 2499 105.
2122 2444 2371 2500 Maxime
2411 2446 2509 2501 tibi
2574 2460 2721 2500 curre
2774 2446 2885 2499 sint
2917 2446 3123 2501 milites
3173 2444 3429 2510 saueiati,

1862 2545 1920 2590 ut
1960 2547 2266 2592 cerventur.
2311 2538 2368 2591 Si
2430 2538 2576 2592 enim
2645 2554 2738 2591 eos
2798 2540 3127 2607 neglexeris,
3196 2538 3428 2592 militum

1860 2628 2071 2683 animos
2133 2644 2162 2681 a
2211 2630 2402 2698 przelio
2471 2631 2836 2685 abhorrentes
2896 2639 2952 2685 et
2995 2631 3243 2699 dejectos
3318 2630 3430 2684 elli-

1858 2720 2006 2774 eies:
2062 2735 2241 2788 neque
2292 2719 2348 2772 id
2399 2720 2599 2785 solum,
2664 2722 2757 2775 sed
2807 2722 2991 2786 etiam,
3041 2723 3135 2791 qui
3198 2722 3431 2791 diligen-

1860 2810 1959 2871 tia,
2017 2819 2069 2864 et
2102 2825 2233 2865 cura
2290 2813 2606 2865 conservari
2671 2822 2943 2883 poterant,
2993 2813 3327 2884 negligentia
3357 2828 3422 2867 a-

1860 2900 2067 2954 mittes.

1930 3077 2053 3131 illi.
2091 3079 2145 3131 In
2182 3077 2491 3148 fugamjam
2531 3081 2814 3135 conversis
2867 3081 3142 3143 hostibus,
3202 3080 3433 3149 pmcipo

170 3156 397 3226 ἔχεσθαι
432 3157 535 3226 τῆς
570 3159 806 3227 πραίδας
845 3163 1194 3232 παράγγελλε
1219 3168 1331 3228 τοῖς
1368 3167 1747 3236 στρατιώταις,

1856 3168 2137 3233 militibus,
2176 3178 2236 3223 ut
2269 3174 2445 3239 praeda
2476 3171 2783 3225 abstineant
2813 3187 2899 3235 ne,
2929 3172 3057 3225 dum
3088 3174 3162 3225 illi
3192 3172 3425 3240 dispersi

169 3250 260 3300 ἵνα
312 3247 388 3318 μὴ
437 3250 567 3318 περὶ
616 3250 820 3319 ταύτην
852 3251 1324 3323 διαπειρομένους,
1366 3258 1460 3310 καὶ
1506 3261 1565 3311 ἐν
1616 3262 1751 3330 αὐτῇ

169 3338 631 3409 ἀσχολουμένους,
679 3341 934 3410 εὑρόντες
965 3343 1016 3396 οί
1044 3346 1295 3416 πολέμιοι
1343 3348 1754 3403 ἐπιϐουλεύσον-

174 3446 261 3483 σιν
287 3430 495 3493 αὐτοῖς,
532 3429 624 3481 καὶ
670 3430 1101 3504 διαφθείρουσιν.
1156 3436 1296 3489 Ἀλλ’
1347 3440 1398 3491 οἱ
1455 3441 1555 3510 μὲν
1594 3459 1757 3512 στρα-

172 3518 370 3573 τιῶται
401 3520 711 3589 ἐχέσθωσαν
744 3522 842 3592 τῆς
869 3522 1109 3590 διώξεως
1166 3529 1305 3598 μετὰ
1350 3529 1671 3599 ἀσφαλείας,
1705 3534 1755 3585 οί

173 3613 231 3664 δέ
262 3612 393 3682 περὶ
412 3617 476 3683 τῇ
510 3614 739 3685 συλλογῇ
805 3617 906 3686 τῆς
934 3619 1169 3688 πραίδας
1186 3623 1527 3689 τεταγμένοι,
1561 3625 1756 3689 οἵτινες

173 3704 274 3756 καὶ
304 3704 431 3766 τοὺς
478 3706 822 3774 τραυματίας
858 3709 1196 3778 στρατιώτας
1242 3712 1299 3764 ἐν
1329 3714 1463 3783 αὐτῇ
1502 3717 1568 3785 τῇ
1607 3716 1752 3788 μάχῃ

172 3792 530 3857 ἀναλέξονται
582 3797 677 3849 καὶ
713 3796 1165 3867 θεραπεύσουσιν,
1207 3804 1363 3858 αὐτοὶ
1406 3808 1501 3858 καὶ
1550 3808 1617 3859 τά
1645 3810 1754 3862 τῶν

172 3882 522 3953 τεθνηκότων
551 3886 829 3956 πολεμίων
861 3889 1033 3942 σκύλα
1083 3891 1453 3960 συλλέγοντες,
1509 3898 1604 3950 καὶ
1640 3902 1755 3962 τοῖς

1854 3261 1907 3313 in
1934 3262 2114 3330 prmda
2159 3263 2460 3331 colligenda
2491 3264 2747 3331 occupati
2795 3264 2937 3329 sint,
2988 3264 3172 3319 hostes
3205 3263 3312 3317 illis
3346 3263 3434 3316 in--

1852 3351 2144 3414 sidientur,
2191 3360 2357 3421 atque
2407 3354 2751 3421 opprimant;
2810 3353 2902 3407 sed
2949 3354 3152 3406 milites
3215 3354 3337 3405 illos
3378 3354 3430 3404 in

1852 3445 1970 3498 acie
1991 3445 2251 3499 instructi
2285 3454 2405 3500 tuto
2440 3446 2946 3515 insequantur.Qui
2975 3446 3042 3500 ad
3069 3446 3431 3516 colligendam

1853 3536 2091 3604 praedam
2117 3536 2370 3593 instructi
2405 3548 2535 3593 sunt
2564 3540 2785 3603 milites,
2825 3540 2876 3593 in
2937 3540 3123 3608 praelio
3156 3538 3433 3593 sauciatos

1862 3628 2143 3698 colligcnt,
2195 3637 2249 3683 et
2301 3630 2665 3694 accura'nunt,
2752 3642 2806 3685 et
2875 3630 3202 3684 cadaverum
3258 3627 3429 3698 spolia

1861 3721 2091 3777 decanis
2122 3723 2362 3784 tradant,
2391 3722 2505 3792 qui,
2559 3724 3019 3791 quemadmodum
3074 3737 3238 3790 supra
3276 3736 3303 3773 a
3338 3736 3433 3773 no-

1863 3813 1950 3869 bis
1982 3815 2361 3884 pracscriptum
2392 3824 2498 3878 est,
2525 3815 2809 3884 diligenter
2838 3813 3230 3883 procurabunt,
3270 3819 3330 3867 ut
3364 3809 3431 3864 ad

1864 3905 2244 3974 supradictum
2271 3905 2489 3959 modum
2521 3906 2864 3973 aequabiliter
2892 3905 3224 3958 tribuantur.

172 3980 472 4050 δεκάρχαις
498 3982 904 4049 παραδιδόντες,
947 3985 1023 4048 ώς
1071 3987 1167 4039 καὶ
1195 3988 1254 4040 ἐν
1285 3988 1466 4052 ἄλλοις
1511 3992 1644 4061 ἡμῖν
1734 3997 1975 4068 εἴρηται,
2044 4001 2525 4071 παραφυλάξουσιν
2606 4002 2764 4065 αὐτὰ,
2805 3998 2945 4051 ὥστε
3019 3995 3435 4065 διαμερισθῆναι

173 4076 235 4143 ἐξ
262 4075 379 4126 ἴσου
401 4073 542 4125 κατὰ
566 4073 656 4125 τὸν
682 4076 811 4145 περὶ
848 4077 1029 4129 αὐτῶν
1059 4078 1348 4149 ὁρισθέντα
1377 4082 1566 4137 τύπον.

246 4170 347 4233 ρε’.
385 4164 741 4218 ’Υποπτεύων
791 4168 1097 4237 στρατηγὸς
1150 4171 1475 4242 συχνότερον
1524 4176 1593 4227 τὰ
1646 4176 1755 4229 τῶν

174 4256 453 4326 πολεμίων
502 4256 912 4327 ἐπιτηδεύματα
964 4262 1213 4331 ἀσφαλής
1261 4281 1353 4332 μοι
1410 4266 1559 4319 δοκεῖ
1614 4269 1757 4321 κατά

1940 4180 2064 4234 105.
2099 4180 2203 4246 Qui
2241 4179 2445 4249 smpius
2500 4177 2726 4233 consilia
2784 4175 3061 4246 coniectat
3112 4175 3431 4243 imperator,

1864 4274 1911 4328 is
1942 4272 2007 4327 ad
2057 4274 2256 4327 bellum
2297 4281 2351 4324 et
2394 4282 2716 4340 apparatum
2752 4270 3011 4324 bellicum
3047 4266 3282 4321 maxime
3312 4263 3432 4318 ido-

175 4366 237 4400 τε
262 4348 358 4401 τὶν
393 4349 630 4419 πόλεμον
661 4350 757 4404 καί⁵
788 4349 886 4421 τὴν
914 4352 1082 4423 ἄλλην
1115 4355 1281 4408 αὐτοῦ
1312 4356 1591 4428 διαγωγήν
1624 4362 1753 4414 ἀνα-

1862 4378 1998 4418 neus
2028 4379 2150 4418 esse
2180 4362 2418 4416 videtur.

174 4439 479 4494 δεινόῖιναι.

248 4483 365 4600 ρ’ς-’Ῐ
402 4531 733 4603 Ἀμάρτημα
767 4533 1077 4605 στρατηγοῦ
1114 4535 1369 4605 μέγιστον
1398 4535 1547 4602 οἶδα,
1574 4541 1633 4593 τὸ
1665 4544 1762 4611 μιᾷ

174 4625 329 4694 μάχῃ
370 4622 647 4693 φθαρῆναι
680 4624 742 4677 τὸ
774 4626 930 4698 ,πολὺ
986 4643 1083 4679 του
1135 4628 1567 4699 στρατεύματος.
1641 4634 1765 4685 Ἐάν

171 4718 280 4787 γάρ
314 4714 583 4784 νουνεχῶς
620 4717 721 4786 τὴν
753 4717 899 4771 κατὰ
954 4716 1070 4769 τῶν
1136 4719 1418 4787 πολεμίων
1468 4724 1767 4793 ποιήσηται

173 4808 503 4879 παράταξιν,
532 4809 626 4860 καὶ
658 4810 796 4879 μετὰ
824 4812 1140 4881 φρονήσεως
1163 4814 1625 4885 περιστρέφηται,
1654 4818 1761 4870 κᾶν

176 4900 359 4970 συμβῇ
392 4916 444 4951 τι
491 4900 738 4969 πταῖσμα
778 4902 909 4971 περὶ
940 4901 1032 4955 τὸν
1079 4902 1273 4956 ἐαυτοῦ
1307 4906 1558 4973 στρατὸν,
1594 4906 1626 4975 ἦ
1662 4908 1757 4960 εὑ-

181 4993 397 5053 τάκτως
447 4990 800 5061 ἀναχωρήσῃ,
832 4991 865 5059 ἢ
898 4992 1108 5063 ταχέως
1150 4993 1251 5064 τὴν
1302 4990 1472 5065 ἧτταν
1535 4997 1753 5068 ἀναμα-

180 5081 436 5153 χέσηται.

252 5172 355 5243 ρξ’.
390 5173 637 5244 Λυπήσει
666 5175 795 5239 τοὺς
825 5176 1173 5248 πολεμίουςή
1209 5178 1347 5246 μετὰ
1377 5179 1632 5246 εὐταξίας
1663 5183 1758 5234 καὶ

177 5262 416 5334 ἁρμοδία
474 5265 625 5333 παρὰ
671 5264 767 5318 σοῦ
786 5267 1049 5338 γινομένη
1090 5268 1397 5337 παράταξις
1444 5271 1539 5323 καὶ
1588 5269 1761 5334 οὕτως

179 5356 558 5426 φυλαττομένη
590 5358 650 5410 ἐν
677 5358 783 5429 ὅλῳ
808 5358 884 5429 τῷ
908 5359 1006 5424 τῆς
1031 5360 1213 5431 μάχης
1246 5361 1440 5431 καιρῷ.
1486 5363 1757 5426 Μέγιστον

176 5447 288 5515 γάρ
321 5447 379 5500 ἐν
424 5447 729 5517 παρατάξει
775 5449 1109 5518 κεφάλαιον,
1161 5453 1253 5504 καὶ
1296 5451 1432 5522 πρὸς
1482 5455 1755 5524 σωτηρίαν

180 5537 417 5608 βέϐαιον,
450 5540 513 5594 τὸ
542 5541 835 5608 φυλάττειν
866 5544 995 5607 τοὺς
1035 5544 1377 5614 μαχομένους
1397 5546 1493 5613 τήν
1516 5562 1574 5597 τε
1604 5545 1758 5612 τάξιν

180 5632 372 5685 αὐτῶν
402 5632 497 5685 καὶ
533 5632 671 5702 μετὰ
695 5631 831 5697 τάξυ
868 5634 982 5705 (56)
1017 5635 1381 5705 διαστήματα.

1934 4536 2057 4590 106.
2090 4534 2386 4589 Maximum
2446 4532 2792 4604 imperatoris
2841 4539 3122 4602 peccatum
3171 4537 3276 4591 est,
3323 4543 3434 4582 uno

1864 4630 2051 4699 praelio
2090 4643 2282 4682 omnes
2309 4626 2499 4694 copias
2534 4625 2875 4691 superandas
2926 4622 3159 4677 tradere.
3200 4621 3254 4674 Si
3286 4620 3431 4674 enim

1865 4718 2162 4789 prudenter
2184 4733 2244 4771 se
2275 4717 2564 4771 adversum
2599 4712 3145 4775 hostesinstruxerit,
3183 4712 3252 4764 ita
3278 4726 3426 4765 exer-

1868 4816 2039 4870 citum
2073 4813 2375 4884 apparabit,
2410 4821 2469 4865 ut
2512 4812 2556 4865 si
2589 4827 2709 4880 qum
2762 4809 2991 4863 offensio
3040 4810 3086 4861 ei
3120 4808 3427 4874 contingat,

1863 4909 1945 4963 vel
1972 4907 2220 4960 ordinate
2252 4906 2524 4972 discedat,
2552 4906 2633 4958 vel
2659 4902 2817 4957 facile
2886 4900 3247 4955 ollensioncm
3305 4899 3427 4953 belli

1863 5006 2171 5069 recuperet.

1936 5180 2059 5236 l07.
2114 5180 2310 5236 Hostes
2348 5180 2578 5236 maxime
2616 5179 2903 5234 excruciat
2965 5176 3235 5237 ordinate,
3268 5182 3432 5240 atque

1866 5274 2205 5343 aequabiliter
2228 5275 2373 5327 aries
2399 5274 2692 5334 instructa,
2729 5285 2849 5339 quae
2890 5268 2970 5322 sic
2999 5274 3172 5319 totum
3214 5272 3432 5332 tempus

1863 5368 2033 5438 prmlii
2060 5378 2358 5437 permanet.
2388 5366 2567 5435 Caput
2596 5366 2736 5419 enim
2777 5362 3020 5414 omnium
3092 5360 3145 5412 itt
3183 5357 3297 5411 acie
3326 5362 3431 5422 est,

1860 5470 1917 5515 ct
1978 5463 2043 5515 ad
2093 5463 2325 5517 salutem
2394 5458 2793 5519 lirmissitmtm,
2859 5462 2917 5507 ut
2956 5452 3158 5507 milites
3196 5452 3249 5503 in
3289 5450 3431 5503 bello

1863 5561 1979 5606 tum
2005 5554 2198 5618 aciem,
2226 5561 2341 5606 tum
2374 5549 2659 5605 intervalla
2688 5549 2933 5603 locorum
2968 5549 3322 5601 conservent.

1693 5728 1898 5785 NOTA-J

254 5812 366 5880 (36)
389 5817 494 5871 Καὶ
526 5819 670 5885 μετὰ
695 5818 864 5885 τὰξυ.
902 5821 1109 5887 Scribe,
1142 5822 1234 5875 καὶ
1266 5820 1332 5875 τά
1370 5817 1592 5888 μεταξύ.
