4200 6438
783 392 919 456 1043

2002 392 2194 453 LEON
2209 391 2276 450 IS
2331 388 2786 450 PHILOSOPHI

3901 389 4041 453 1044

850 505 975 559 108.
1021 504 1226 568 Solem,
1282 513 1337 559 et
1388 514 1637 569 vcntmn,
1692 516 1744 560 et
1797 505 2077 575 pulverem
2128 522 2157 558 a
2204 516 2357 573 tergo

2536 504 2641 569 ρη’.
2677 497 2871 551 Ἥλιον
2897 496 2990 550 καὶ
3013 497 3216 568 ἄνεμον
3246 496 3643 565 καὶκονιορτδν
3680 497 3908 551 ὄπισθεν
3944 501 4040 568 μὲν

774 605 996 651 tuorum
1030 597 1252 659 habeas,
1281 604 1336 649 et
1356 611 1422 650 ex
1456 596 1687 652 adverso
1714 595 1873 650 faciei
1917 597 2157 651 hostium
2185 615 2200 651 :
2247 595 2349 651 hoc

774 693 922 747 enim
950 694 1002 745 in
1031 690 1225 758 primis
1267 690 1402 745 utile
1423 692 1538 759 est‘;
1595 690 1866 760 siquidem
1916 691 2154 745 hostium
2205 691 2351 745 oculi

774 786 858 838 vel
891 784 1003 836 sole
1026 784 1288 850 hebetati,
1327 785 1408 840 vel
1447 784 1675 854 spiritus
1739 784 1959 853 pulvere
2004 781 2349 846 obstructus,

773 875 856 927 vel
896 889 1129 943 corpora
1165 884 1329 930 vento
1356 875 1825 939 transverberata,
1854 873 2015 928 facile
2043 874 2142 930 tibi
2174 874 2350 930 victo-

771 964 911 1017 riam
955 964 1285 1019 concedent.

850 1131 975 1186 109.
1001 1130 1379 1187 Temerarium
1405 1132 1615 1189 hostem
1651 1141 1802 1187 tuum
1842 1135 1910 1189 ad
1959 1135 2351 1204 temeritatem,

771 1231 829 1276 et
887 1233 1069 1276 motus
1090 1225 1361 1292 quosdam
1395 1224 1585 1278 inanes
1613 1240 1783 1280 evoca
1811 1245 1823 1279 :
1857 1226 1943 1280 sin
1968 1228 2195 1283 timidus
2229 1226 2343 1284 fuco

774 1316 870 1379 rit,
904 1315 1182 1372 coutinuis
1207 1316 1639 1383 incursionibus,
1662 1325 1716 1373 et
1765 1333 1867 1373 nec
1900 1321 2145 1389 opinatis
2194 1321 2348 1375 illum

775 1407 1069 1464 adoriaris.
1122 1407 1446 1480 Imperatori
1494 1411 1642 1463 enim
1703 1410 1949 1466 hostium
2018 1423 2213 1467 natura
2258 1428 2358 1468 co-

771 1499 1088 1567 gnoscenda
1119 1513 1222 1564 est,
1258 1509 1312 1554 et
1341 1515 1437 1569 pro
1469 1500 1592 1570 ejus
1632 1501 1850 1557 ratione
1894 1502 2131 1559 consilia
2183 1503 2353 1559 facta-

771 1606 881 1660 que
918 1602 1007 1646 tua
1034 1593 1217 1648 omnia
1251 1592 1535 1650 institues.

816 1667 973 1737 ’110.
1035 1684 1141 1749 Qui
1198 1683 1265 1737 ad
1338 1684 1636 1740 dicendum
1688 1687 1997 1741 instructus
2057 1685 2355 1756 imperator

772 1786 878 1837 est,
901 1773 1121 1830 timidos
1149 1777 1444 1830 mttltorum
1469 1778 1686 1832 animos
1714 1778 1781 1831 ad
1805 1778 2046 1846 praelium
2078 1777 2351 1841 accendit,

2460 588 2604 640 ποίει
2636 586 2733 641 τοῦ
2765 587 2860 640 σοῦ
2885 586 3318 657 στρατεύματος,
3355 586 3497 641 κατά
3522 588 3817 656 πρόσωπον
3845 588 3903 640 δὲ
3931 589 4040 640 τῶν

2459 676 2735 747 πολεμίων
2759 692 2774 707 ο
2803 678 2965 731 τοῦτο
2990 677 3100 749 γὰρ
3150 678 3295 731 πάνυ
3343 677 3625 749 συμφέρον
3676 680 3959 749 εὑρήσεις·
3992 680 4039 730 οἱ

2460 769 2570 837 γὰρ
2629 767 2879 837 πολέμιοι
2934 768 3033 840 τὴν
3086 769 3279 838 ὅρασιν
3317 768 3688 839 συσχεθέντες,
3716 770 3749 838 ἢ
3778 769 3881 838 τὴν
3906 770 4039 821 ἁνα-

2459 858 2630 927 πνοὴν
2686 857 3010 926 ἑπεχόμενοι
3051 858 3145 909 καὶ
3194 856 3581 927 κρατούμενοι,
3640 857 3674 926 ἢ
3737 856 3896 925 παρὰ
3947 855 4039 909 τοῦ

2458 949 2664 1019 ἀνέμου
2699 948 3049 1020 τυπτόμενοι,
3100 949 3323 1020 ταχεῖάν
3363 966 3446 1002 σοι
3504 949 3893 1020 παραδώσουσι
3944 950 4041 1018 τήν

2461 1041 2642 1111 νίκην.

2530 1134 2632 1203 ρο’.
2667 1133 2887 1204 Θρασὺν
2934 1134 3067 1188 δντα
3123 1134 3214 1189 τὸν
3249 1133 3549 1204 πολέμιον,
3605 1134 3911 1204 στρατηγὲ,
3968 1136 4041 1198 είς

2456 1224 2686 1295 ἄκαιρον
2715 1226 3047 1295 προπέτειαν
3077 1227 3307 1281 ἐκκάλει
3342 1226 3437 1280 καὶ
3469 1225 3705 1296 ματαίας
3759 1227 4006 1295 κινήσεις
4028 1243 4039 1255 ε

2461 1315 2557 1369 ἐὰν
2581 1316 2636 1369 δέ
2664 1318 2811 1369 ἐστιν
2837 1316 3029 1385 δειλὸς,
3050 1320 3108 1371 ἐν
3129 1318 3380 1387 ταχείαις
3410 1317 3574 1371 αὑτὸν
3603 1316 3932 1369 ἑπελεύσεσι
3958 1320 4046 1370 καὶ

2459 1407 2709 1478 συνεχέσι
2754 1408 3128 1478 κατὰπληττε.
3182 1410 3274 1461 Δεῖ
3322 1410 3433 1479 γάρ
3482 1426 3541 1462 σε
3601 1407 3904 1476 γινώσκειν
3955 1406 4042 1460 τοῦ

2459 1499 2768 1571 στρατηγοῦ
2814 1499 2922 1553 τῶν
2977 1500 3255 1569 πολεμίων
3309 1501 3411 1570 τὴν
3462 1499 3729 1562 διάθεσιν,
3764 1499 3865 1551 καὶ
3912 1497 4044 1567 πρὸς

2459 1590 2670 1661 ταύτην
2699 1589 3001 1662 κεχρῆσθαι
3030 1592 3146 1653 τοῖς
3176 1593 3289 1653 σοῖς
3320 1591 3800 1660 στρατηγήμασιν.

2531 1685 2621 1748 ρι’.
2673 1679 2872 1743 Ἱκανὸς
2924 1679 2998 1733 ῶν
3043 1680 3104 1732 ὲν
3136 1679 3215 1750 τῷ
3244 1680 3443 1745 λέγειν,
3492 1673 3539 1733 ῶ
3607 1681 3912 1749 στρατηγὲ,
3958 1680 4045 1734 καὶ

2457 1770 2585 1834 τοὺς
2622 1770 2938 1835 δειλιῶντας
2997 1770 3258 1835 πολλάκις
3314 1774 3396 1835 εἰς
3466 1772 3648 1842 μάχην
3694 1772 4044 1841 ἀναστήσεις,

772 1871 829 1916 et
859 1864 1270 1920 calamitatibus
1310 1867 1552 1936 acceptis
1607 1865 1767 1921 facile
1824 1884 1958 1923 suos
2009 1858 2348 1933 consolatur,

2469 1862 2552 1916 καὶ
2609 1864 2705 1927 τὰς
2740 1866 2798 1917 ὲν
2847 1866 2958 1927 τοῖς
3008 1862 3393 1935 στρατοπέδοις
3449 1864 3738 1936 συμφορὰς
3817 1862 4047 1924 εὐκόλως

773 1965 829 2013 et
865 1966 1123 2014 strenuos
1154 1960 1302 2013 viros
1338 1963 1513 2030 magis
1553 1960 1799 2018 roborat.
1825 1968 1878 2015 et
1911 1961 2212 2017 multorum
2246 1961 2346 2018 bo-

776 2066 972 2107 norum
1000 2053 1262 2108 universo
1289 2052 1563 2108 exercitui
1615 2065 1810 2108 auctor
1836 2062 1943 2111 est.

843 2249 972 2304 111.
995 2249 1231 2306 Sobrius
1274 2251 1352 2304 sis
1384 2257 1440 2303 et
1472 2250 1728 2320 vigilans.
1775 2259 1826 2305 et
1878 2252 2123 2306 omnium
2151 2252 2354 2307 milita-

776 2342 920 2395 rium
951 2342 1197 2395 laborum
1223 2342 1589 2413 perferentior
1619 2343 1833 2398 caeteris
1879 2343 2166 2398 militibus.
2199 2344 2244 2397 A
2268 2345 2355 2399 lu-

776 2437 858 2489 cri
894 2435 1200 2504 cupiditate
1248 2436 1434 2501 absis;
1491 2435 1563 2488 ita
1596 2437 1741 2489 enim
1799 2436 2264 2502 benevolentiam,
2301 2445 2356 2491 et

776 2526 1135 2595 cupiditatem
1170 2527 1368 2581 bonam
1407 2525 1505 2579 tibi
1536 2526 1680 2595 apud
1724 2540 1920 2579 omnes
1982 2527 2353 2597 comparabis,

776 2622 834 2666 et
862 2629 987 2667 cum
1023 2614 1095 2667 ab
1132 2614 1240 2669 illis
1271 2614 1539 2684 diligeris,
1569 2616 1808 2686 prompti
1850 2617 1917 2672 ad
1952 2632 2147 2673 onmes
2200 2618 2357 2674 labo-

778 2717 868 2759 res
890 2704 1277 2774 suscipiendos
1306 2713 1490 2761 erunt.

847 2821 973 2874 “2.
1012 2819 1112 2875 Ubi
1139 2823 1425 2878 victoriam
1460 2824 1558 2881 tibi
1611 2823 1758 2883 Deus
1818 2826 2055 2895 dederit,
2081 2837 2138 2882 et
2178 2828 2356 2886 hostis

726 2927 970 2991 {pacem
1016 2914 1203 2969 utilem
1253 2926 1500 2988 exoptat,
1554 2935 1624 2974 ne
1647 2919 1812 2974 nimis
1861 2920 2035 2977 durus
2091 2922 2192 2990 sis,
2260 2922 2357 2977 sed

779 3007 1026 3061 concede
1059 3006 1161 3060 hoc
1186 3007 1286 3069 illi,
1320 3019 1375 3063 et
1406 3024 1592 3079 pacem
1651 3024 1777 3065 cum
1810 3012 1906 3066 illo
1958 3011 2149 3069 facias.
2200 3013 2363 3084 Cogi-

781 3104 902 3151 tare
929 3098 1075 3151 enim
1113 3098 1280 3154 debes
1308 3100 1609 3170 ancipitem
1640 3100 1769 3155 belli
1810 3103 2040 3169 exitum,
2096 3113 2149 3158 et
2184 3102 2367 3172 quoti-

2459 1956 2861 2030 παραμυθήσῃ,
2887 1956 2981 2010 καὶ
3003 1958 3129 2021 τοὺς
3156 1956 3436 2028 ἀνδρείους
3464 1956 3664 2027 μᾶλλον
3689 1955 4044 2028 ἐπιρρώσειςν

2464 2048 2559 2100 καὶ
2605 2047 2821 2101 πολλῶν
2854 2048 3076 2114 ἀγαθῶν
3110 2048 3204 2103 διὰ
3238 2049 3340 2118 τῆς
3376 2049 3474 2118 σῆς
3509 2048 3781 2119 ἔμφρονος
3810 2050 4045 2117 δημηγο-

2466 2139 2591 2211 ρίας
2624 2140 2717 2193 τὸν
2747 2141 2989 2212 ὑπήκοον
3025 2139 3255 2212 στρατὸν
3286 2140 3642 2211 ἀναπλήσεις.

2542 2259 2668 2323 pta’.
2707 2254 2918 2325 Νήφειν
2944 2254 3183 2325 ὀφείλεις
3222 2255 3318 2309 καὶ
3366 2253 3487 2308 λίαν
3520 2254 3789 2323 ὑπάρχειν
3820 2253 4043 2321 ἐγρήγο-

2471 2361 2586 2415 ρος,
2621 2345 2717 2399 καὶ
2747 2346 2947 2415 μᾶλλον
2976 2346 3086 2399 τῶν
3113 2347 3293 2401 ἄλλων
3317 2345 3668 2417 στρατιωτῶν
3694 2344 3806 2397 τῶν
3828 2346 4042 2414 πολεμι-

2472 2436 2587 2489 κῶν
2640 2435 2891 2505 μετέχειν
2944 2438 3142 2503 πόνων,
3179 2432 3224 2490 ὦ
3266 2436 3561 2508 στρατηγὲ,
3610 2436 3793 2504 ὀλίγου
3847 2435 3903 2489 δὲ
3955 2435 4043 2487 τοῦ

2472 2530 2721 2599 κέρδους.
2749 2530 2935 2593 Οὕτως
2959 2533 3069 2603 γὰρ
3099 2532 3193 2585 καὶ
3238 2530 3339 2602 τὴν
3370 2532 3523 2601 παρὰ
3566 2532 3787 2585 πάντων
3843 2529 4045 2582 εὔνοιαν

2473 2619 2614 2689 μετὰ
2644 2618 2803 2690 δόξης
2834 2622 3032 2692 κτήσῃ,
3086 2622 3179 2674 καὶ
3209 2619 3530 2691 φιλούμενος
3574 2619 3667 2672 ὑπ’
3700 2620 3880 2672 αὐτῶν
3928 2608 4045 2671 συν-

2469 2711 2912 2783 αγωνιζομὲνους
2937 2729 3019 2765 σοι
3044 2711 3343 2783 προθύμως
3373 2714 3432 2765 ὲν
3452 2714 3566 2774 τοῖς
3592 2710 3863 2773 κινδύνοις
3882 2708 4042 2775 ἕξεις.

2543 2822 2670 2893 ριβ⁹.
2704 2824 2872 2878 Ὅταν
2923 2824 3060 2895 μετά
3110 2825 3269 2893 νίκην
3301 2826 3367 2894 ἣν
3414 2826 3443 2879 ὀ
3475 2824 3607 2887 Θεός
3660 2841 3745 2877 σοι
3796 2824 4046 2893 παράσχῃ

2472 2912 2705 2984 ὲπιζητῇ
2764 2915 2793 2967 ό
2849 2914 3109 2983 πολέμιος
3158 2914 3384 2985 εἰρήνην
3434 2914 3714 2982 ὲπωφελῆ,
3770 2913 3847 2983 μὴ
3900 2913 4047 2980 γίνου

2471 3005 2760 3074 ἀκαμπὴς,
2792 3004 2909 3056 ἀλλ’
2932 3004 3173 3058 ὑπάκουε
3202 3003 3399 3072 τούτῳ,
3428 3004 3523 3057 καὶ
3552 3004 3829 3073 εἰρήνευε,
3859 3003 4051 3057 ἐννοιῖιν

2472 3095 2533 3149 τὸ
2563 3097 2672 3150 τῶν
2706 3094 2962 3166 πολέμων
2995 3095 3088 3149 καὶ⁸
3115 3094 3214 3166 τῆς
3243 3096 3412 3167 τύχης
3444 3093 3662 3166 ἄδηλον.

781 3185 1004 3240 dianam
1038 3203 1220 3242 rerum
1256 3189 1643 3255 mutationem,
1673 3199 1840 3261 atque
1886 3192 2326 3248 conversionem.
2394 3185 2437 3245 C
2516 3208 2519 3213 '

856 3298 982 3355 115.
1035 3296 1151 3355 [Ioc
1209 3310 1414 3366 autem,
1445 3300 1591 3372 quod
1624 3317 1770 3374 saepe
1822 3307 2274 3373 commemoravi,
2309 3307 2365 3362 in

782 3389 981 3459 primis
1016 3391 1279 3445 memoria
1305 3401 1514 3460 teneas,
1564 3394 1826 3461 majorem
1877 3404 1931 3451 te
1975 3411 2168 3451 curam
2233 3412 2365 3468 pro-

784 3479 1167 3551 visiouemque
1194 3496 1478 3537 armorum
1524 3483 1710 3539 facere
1744 3484 1987 3549 debere,.
2022 3501 2185 3554 quam
2232 3487 2368 3543 alio-

785 3565 932 3634 rum,
965 3586 1086 3640 qua:
1133 3572 1199 3625 ad
1260 3588 1409 3628 arma
1448 3575 1746 3645 pertinent.
1807 3574 1941 3629 Nam
2001 3587 2366 3645 commeatus,

786 3670 1096 3732 caeteraque
1128 3666 1465 3731 necessaria,
1521 3669 1606 3725 vel
1640 3683 1704 3721 ex
1739 3666 1985 3720 hostium
2048 3670 2368 3738 regionibus

788 3752 1128 3821 suppeditari
1169 3764 1404 3823 possunt
1435 3777 1449 3810 :
1483 3757 1603 3811 sine
1642 3759 1816 3812 armis
1840 3766 2046 3821 autem,
2080 3762 2364 3816 autetiam

789 3842 859 3897 iis
891 3841 1298 3911 deficientibus,
1330 3849 1518 3903 hostes
1575 3850 1871 3920 profligare
1904 3866 2012 3905 non
2044 3860 2224 3922 potes.

866 4135 994 4190 111.
1045 4135 1365 4202 Clamosus,
1412 4147 1467 4194 et
1516 4139 1724 4195 vocalis
1751 4141 2049 4207 exercitus,
2102 4150 2265 4209 atque
2299 4140 2368 4195 ad

792 4228 1070 4282 orandum
1104 4228 1358 4297 idoneus,
1386 4229 1631 4287 hostium
1663 4231 1840 4287 aciem
1877 4247 2210 4304 magnopere
2242 4248 2370 4302 per-

794 4322 1061 4379 turbabit.

868 4437 997 4494 115.
1040 4438 1098 4495 Si
1132 4439 1486 4496 multitudine
1526 4456 1760 4495 arculum
1813 4440 2004 4495 hostes
2038 4439 2162 4495 freti
2224 4445 2373 4505 sunt,

2553 3304 2681 3371 ριγ¹.
2725 3297 3178 3370 ’Υπομιμνὴσκου
3212 3298 3300 3353 ἀεὶ
3324 3300 3420 3354 καὶ
3448 3300 3558 3354 τῶν
3585 3299 3753 3355 πάλαι
3783 3316 3867 3353 σοι
3901 3299 4052 3370 εἰρη-

2482 3391 2662 3461 μένων
2703 3389 2859 3460 παρὰ
2906 3390 3005 3459 τῆς
3046 3389 3205 3460 ήμῶν
3240 3388 3539 3460 βασιλείας,
3571 3383 3618 3443 ῶ
3649 3390 3946 3461 στρατηγὲ,
3975 3392 4053 3443 ὅτι

2483 3481 2688 3551 μᾶλλον
2711 3483 2813 3552 τὴν
2861 3481 3182 3551 ἐπιμέλειαν
3216 3499 3274 3535 τε
3304 3482 3396 3535 καὶ
3438 3481 3697 3551 πρόνοιαν
3727 3481 3839 3534 τῶν
3879 3482 4055 3535 ὃπλων

2480 3576 2785 3644 χρεωστεῖς
2817 3572 3105 3637 ποιεῖσθαι,
3138 3573 3282 3643 ἥπερ
3315 3572 3424 3625 τῶν
3462 3572 3787 3641 ἐπιτηδείων
3824 3573 3955 3643 περὶ
3991 3573 4057 3624 τὰ

2479 3658 2642 3712 ὅπλα.
2674 3652 2840 3722 Οἶδας
2863 3658 2973 3729 γὰρ
2993 3659 3073 3712 ὅτι
3091 3659 3157 3713 τὰ
3180 3659 3465 3729 ἐπιτήδεια
3484 3660 3584 3729 μὲν
3608 3656 3721 3713 οἷον
3740 3660 4053 3730 διατροφὰς,

2480 3750 2577 3803 καὶ
2605 3747 2675 3802 τὰ
2704 3747 2841 3803 ἄλλα
2892 3748 3000 3802 ἀπὸ
3030 3749 3130 3818 τῆς
3174 3748 3359 3818 χώρας
3390 3749 3498 3802 τῶν
3531 3749 3813 3819 πολεμίων
3843 3750 4056 3821 πορίζε·

2481 3844 2608 3898 σθαι
2640 3842 2863 3898 δυνατόν
2925 3844 3097 3897 ἐστιν.
3156 3844 3374 3897 Ὀπλων
3430 3843 3487 3897 δὲ
3560 3845 3750 3915 χωρὶς,
3787 3845 3822 3913 ἦ
3863 3848 4059 3899 τούτων

2482 3935 2863 4004 ἐπιλιπόντων,
2947 3937 3062 4000 τοῖς
3113 3935 3405 4007 χρῄζουσιν
3473 3936 3533 3989 οὐ
3594 3937 3894 4007 κρατήσεις
3956 3937 4057 3989 τῶν

2479 4025 2781 4098 δυσμενῶν.
3748 4042 3757 4054 “

2557 4142 2675 4213 ριδ’.
2711 4141 3040 4213 Θαρσαλέως
3068 4141 3437 4212 ἀναφωνῆσαν
3470 4141 3862 4212 μεγαλόφωνον
3899 4143 4057 4211 πρᾶο

2485 4251 2666 4305 τευμα
2704 4233 2801 4288 καὶ
2844 4234 3153 4303 ἐπιτήδειον
3187 4234 3325 4303 πρὸς
3353 4233 3694 4303 ἀλαλαγμὸν,
3726 4234 4061 4303 καταπλήξει

2486 4325 2707 4387 πάντως
2737 4323 2837 4394 τὴν
2866 4322 2978 4376 τῶν
3008 4323 3285 4391 πολεμίων
3312 4322 3637 4394 παράταξιν.

2561 4441 2674 4504 ριε’.
2726 4435 2852 4490 Ἐὰν
2883 4436 2941 4489 ἐν
2959 4436 3154 4506 πλήθει
3177 4435 3411 4500 τοξοτῶν
3439 4437 3490 4489 oi
3516 4436 3770 4506 πολέμιοι
3805 4437 4064 4490 πεποίθαι

798 4531 1079 4586 humidius
1099 4533 1297 4586 etolum
1323 4534 1666 4599 observabis,
1697 4542 1811 4587 tum
1865 4534 2010 4588 enim
2066 4532 2369 4603 languidio-

2483 4544 2587 4591 σιν,
2631 4526 2959 4599 ὑγροτέρους
3011 4526 3182 4596 ἀέρας
3227 4526 3500 4595 ἐπιτήρει,
3539 4526 3710 4578 διὰτὸ
3738 4526 4064 4595 ἁπαλώτερα

798 4638 887 4677 res
923 4623 1137 4677 illorum
1167 4638 1330 4678 arcus
1361 4624 1511 4679 fient.
1543 4623 1697 4690 Quod
1732 4624 1776 4678 si
1824 4631 1937 4676 tum
1969 4638 2094 4677 cum
2126 4622 2378 4677 hostibus

799 4713 1140 4779 conﬂixeris,
1187 4715 1374 4771 minus
1406 4716 1711 4771 deillorum
1743 4716 1961 4787 sagittis
2007 4715 2306 4770 laborahis.

873 4912 997 4968 116.
1026 4912 1131 4980 Qui
1168 4914 1286 4969 suis
1329 4914 1499 4971 rebus
1536 4916 1720 4987 gestis
1770 4931 1881 4987 prae
1907 4924 2054 4983 ucet,
2120 4933 2230 4973 non
2285 4917 2379 4987 qui

802 5006 1021 5075 generis
1053 5006 1319 5074 dignitate
1351 5009 1803 5073 commendatur,
1851 5007 2088 5064 illustris
2142 5009 2382 5079 impera-

805 5113 895 5156 tor
925 5111 1029 5165 est,
1053 5103 1516 5173 quemadmodum
1566 5120 1747 5173 neque
1792 5118 1962 5159 aurea
2021 5103 2179 5161 hasta
2234 5105 2385 5161 utilis

806 5196 871 5251 ad
901 5195 1127 5259 bellum,
1159 5195 1252 5250 scd
1297 5194 1472 5251 ferrea
1523 5208 1575 5252 et
1593 5205 1755 5251 acuta
1782 5206 1889 5253 est.

886 5393 1011 5449 117.
1038 5395 1233 5466 Magna
1259 5398 1531 5465 gravitate
1555 5393 1829 5451 videberis
1853 5411 1999 5458 esse,
2021 5397 2241 5466 quando
2277 5412 2387 5452 non

810 5484 1101 5553 pmsentia
1134 5486 1313 5539 solum
1342 5494 1490 5542 recte
1541 5480 1838 5556 gubernas,
1887 5486 1981 5541 sed
2036 5503 2156 5557 qua:
2206 5486 2387 5543 futura

811 5576 977 5633 ctiam
1009 5585 1140 5633 sunt
1172 5578 1465 5648 prosnicis,
1502 5580 1706 5648 illaque
1764 5579 1961 5634 idonee
2010 5580 2386 5635 administras.

893 5778 1012 5833 118.
1046 5779 1089 5833 Δ
1120 5779 1490 5850 voluptatibus
1551 5795 1607 5837 se
1639 5790 1965 5853 temperare,
1994 5781 2252 5839 onmibus
2309 5791 2387 5839 cst

2483 4618 2731 4688 γίνεσθαι
2770 4617 2839 4672 τὰ
2867 4618 3018 4683 τόξα.
3052 4617 3241 4679 Οὕτως
3274 4616 3384 4687 γὰρ
3416 4616 3527 4687 τὴν
3558 4616 3699 4687 πρὸς
3750 4619 3882 4679 τοὺς
3916 4619 4063 4671 ἐναν-

2479 4713 2631 4775 τίους
2661 4711 2983 4782 ποιούμενος
3031 4709 3355 4781 συμπλοκὴν
3388 4708 3850 4784 εὐκαταφρόνητα
3894 4710 4064 4763 αὐτῶν

2482 4805 2846 4873 καταστήσεις
2872 4801 2941 4855 τὰ
2965 4801 3116 4872 βέλη.

2556 4925 2688 4990 pLg".
2736 4916 2803 4971 Ὀ
2850 4918 2971 4979 ταῖς
3021 4915 3254 4978 οἰκείαις
3306 4911 3793 4982 καλλωπιζόμενος
3838 4914 4064 4982 πράξεσι

2489 5010 2823 5083 στρατηγὸς,
2866 5008 3077 5072 ἐκεῖνός
3126 5008 3274 5061 ἐστιν
3315 5005 3559 5077 ἄριστος,
3592 5004 3710 5058 ἀλλ’
3760 5006 3863 5074 οὐχ
3913 5008 3942 5058 ὀ
3972 5004 4065 5058 ἀπὸ

2484 5103 2580 5159 τοῦ
2635 5104 2827 5172 γένους
2881 5101 3156 5173 λαμπρὸς,
3207 5100 3398 5167 ὥσπερ
3459 5099 3581 5152 οὐδὲ
3644 5098 3855 5169 χρυσέα
3909 5099 4064 5167 λόγχη

2491 5196 2741 5267 χρησίμη
2777 5194 2914 5267 πρὸς
2963 5193 3235 5264 πόλεμον,
3270 5190 3409 5247 ἀλλὰ
3479 5188 3703 5262 σιδηρέα
3746 5190 3846 5243 καὶ
3892 5192 4064 5261 ἄκρως

2486 5288 2658 5357 ὴκονη
2667 5286 2802 5358 μένη
2814 5326 2828 5340 .
2926 5313 2935 5326 ι

2564 5398 2687 5468 ριζ’.
2729 5396 2963 5470 meum;
3017 5395 3116 5467 τὴν
3146 5394 3387 5450 διάνοιαν
3444 5394 3771 5465 λογισυησῃ.
3834 5410 3971 5447 οταν
4013 5390 4062 5442 οὗ

2489 5490 2559 5544 τὰ
2596 5488 2839 5560 παρόντα
2868 5489 3030 5559 μόνον
3057 5488 3157 5542 καὶ
3181 5485 3599 5557 προσπίπτοντα
3629 5485 3848 5555 διοικῇς
3876 5484 4059 5555 ὀρθῶς.

2490 5578 2537 5636 ῶ
2582 5582 2879 5653 στρατηγὲ,
2911 5580 3028 5635 ἀλλ’
3074 5581 3202 5635 ὅταν
3231 5579 3327 5632 τοῦ
3362 5578 3645 5648 μέλλοντος
3695 5577 3799 5648 τὴν
3855 5578 4062 5632 δέουσαν

2495 5674 2699 5744 ποιήσῃ
2731 5673 2829 5726 καὶ
2859 5672 3115 5744 φροντίδα
3139 5673 3234 5725 καὶ
3264 5670 3544 5742 πρόνοιαν.

2571 5789 2699 5855 ριη⁹.
2747 5784 2969 5855 Ἡδονῆς
3002 5785 3222 5856 κρατεῖν
3272 5782 3363 5837 καὶ
3395 5784 3453 5837 ἐν
3498 5781 3659 5836 παντὶ
3707 5779 3892 5851 καιρῷ
3938 5777 4062 5843 ἀόρι-
