4184 6440
171 377 313 442 1045

1286 376 1615 438 TACTICA.
1645 401 1710 413 -
1744 376 2245 438 CONSTITUTIO
2276 380 2399 438 XX.

3300 379 3435 444 1045

168 488 297 541 στόν
330 486 443 557 (37)
473 488 644 552 ἐστιν,
710 486 1003 559 στρατηγῷ
1043 488 1101 542 δὲ
1134 488 1371 558 μάλιστα
1403 490 1643 560 πολέμου
1697 492 1751 542 ἐν

1858 492 2147 557 optimum,
2174 493 2493 561 imperatori
2525 506 2705 549 autem
2736 498 3033 567 praecipue,
3068 498 3277 555 bellicis
3302 517 3433 556 vero

169 578 352 648 καιρῷ
389 578 512 632 λίαν
554 579 789 648 ὑπάρχει
817 579 979 631 τοῦτο
1012 579 1453 650 χρησιμώτατον.

243 671 375 736 ριθ⁹.
410 672 564 741 ιιήτε
597 673 779 741 μάχης
802 671 1150 724 ἐπικινδύνου
1177 673 1269 726 καὶ
1300 672 1501 744 πολλὴν
1526 675 1756 744 ἐχούσης

168 762 399 831 ἀδηλίαν
434 763 697 829 ἑκουσίως
746 763 1021 835 ἀπάρχου,
1090 766 1227 835 μήτε
1279 768 1395 835 τοῖς
1426 766 1750 835 παραϐόλως

176 853 382 921 μᾶλλον
419 853 463 906 δ’
509 852 814 917 ἐπιϐούλως
858 856 1233 926 χρησαμένοις
1272 858 1403 910 ποτὲ
1454 860 1567 921 τοῖς
1619 858 1760 927 πρά-

171 962 349 1015 γμασι
400 946 499 999 καὶ
546 944 961 1015 θαυμασθέντας
994 947 1082 1001 διὰ
1128 947 1321 1018 τύχην,
1374 949 1505 1019 μηδὲ
1537 949 1759 1011 τούτους

170 1034 374 1104 ζηλοῦν
431 1036 754 1105 καταδέχου,
788 1035 903 1088 ἀλλ’
958 1037 1088 1090 ὃταν
1124 1037 1282 1105 χρεία
1336 1039 1559 1108 γένηται
1601 1038 1758 1090 πολέ-

173 1143 306 1195 μου.
342 1125 480 1189 Τοὺς
508 1128 607 1196 μὲν
644 1127 937 1196 πολεμίους
968 1128 1229 1197 ὑποδέχου
1262 1132 1402 1200 μετά
1435 1130 1754 1197 ἀσφαλείας,

168 1218 295 1277 ταῖς
342 1215 398 1267 δὲ
438 1217 669 1278 οἰκείαις
720 1216 1002 1279 ἐπιϐολαῖς
1046 1217 1121 1280 ὡς
1167 1219 1233 1271 ἂν
1276 1219 1581 1291 δοκιμάσῃς
1616 1216 1753 1272 εἷναί

171 1322 256 1358 σοι
304 1307 364 1358 τὸ
416 1308 691 1376 χρήσιμον
742 1310 836 1360 καὶ
870 1306 1149 1378 συμφέρον
1193 1310 1457 1365 ἑκάστοτε
1501 1313 1757 1381 κέχρησο.

170 1396 325 1465 Τύχη
359 1398 459 1465 μὲν
488 1398 596 1467 γάρ
628 1398 779 1462 ἅπαξ
812 1398 1033 1467 ἐνίκησε
1078 1401 1173 1453 καὶ
1215 1400 1474 1463 πολλάκις
1508 1402 1755 1458 ἔπταισε.

168 1485 488 1556 Στρατηγία
518 1487 572 1538 δὲ
601 1486 882 1558 διαφόροις
908 1488 1123 1557 τέχναις
1145 1489 1459 1560 κεχρημένη
1499 1490 1757 1555 πολλάκις

172 1579 273 1648 μὲν
316 1578 554 1649 ἐνίκησε,
592 1580 728 1649 πρὸς
762 1580 910 1647 ἅπαξ
943 1580 989 1634 δ’
1023 1579 1151 1643 ἴσως
1180 1582 1461 1635 ἐπταισεν.

243 1668 350 1739 ρκ’.
391 1670 615 1732 Ὀλέσας
646 1670 758 1740 (38)
793 1686 888 1723 σου
920 1672 1049 1735 τοὺς
1080 1672 1450 1741 ὑποχειρίους,
1478 1667 1522 1727 ὦ
1552 1692 1745 1745 στρατ-

165 1762 293 1829 ηγέ,
328 1761 423 1815 ἐὰν
458 1763 710 1835 ύπάρχης
736 1765 1039 1835 χρημάτων
1078 1765 1337 1837 ἐραστής,
1384 1770 1477 1821 καὶ
1492 1769 1554 1820 οὐ
1589 1770 1748 1839 μόνον

161 1854 279 1913 τοῖς
310 1851 532 1916 οἰκείοις
569 1853 820 1923 ὀλέθριος
888 1854 1175 1926 ὑπάρχεις,
1215 1858 1617 1930 φιλοχρήματος
1657 1859 1753 1928 ὢν,

162 1939 307 1995 ἀλλὰ
326 1944 419 1997 καὶ
448 1947 557 2008 τοῖς
590 1945 873 2016 πολεμίοις
896 1949 1102 2022 γενήσῃ
1127 1950 1616 2021 εὐκαταφρόνητος.

239 2040 386 2104 ρκα’.
422 2035 715 2105 Νουνεχῶς
769 2037 1026 2092 ἐπίϐαλλε
1083 2040 1178 2093 καὶ
1228 2044 1367 2111 μετὰ
1411 2042 1611 2110 πολλῆς
1670 2061 1756 2097 συ-

168 2125 460 2198 ζητήσεως
487 2130 602 2192 τοῖς
637 2128 955 2200 πολεμικοῖς
986 2130 1192 2203 ἔργοις.
1238 2133 1326 2185 Ἐν
1365 2133 1471 2201 γάρ
1504 2137 1613 2198 τοῖς
1644 2135 1753 2188 λοι-

166 2219 295 2280 ποῖς
350 2218 677 2287 πράγμασιν
724 2219 959 2283 πταίσας
1011 2238 1094 2285 τις
1131 2222 1271 2290 μετὰ
1313 2223 1492 2291 ὀλίγον
1532 2228 1658 2288 ἴσως
1695 2225 1755 2279 τὸ

162 2311 422 2379 πταῖσμα
453 2312 944 2381 ἐπανορθώσασθαι
995 2312 1241 2366 δύναται·
1274 2317 1330 2368 ἐν
1360 2317 1415 2369 δὲ
1454 2320 1563 2379 τοῖς
1615 2319 1753 2372 κατὰ

161 2401 407 2470 πόλεμον
438 2402 833 2473 ἁμαρτήμασιν
862 2405 896 2473 ἠ
930 2403 1105 2475 βλάϐη
1139 2407 1291 2476 μένει
1312 2423 1325 2436 ·
1346 2410 1394 2461 οἱ
1419 2410 1528 2479 γὰρ
1557 2408 1752 2479 τεθνη-

164 2494 329 2558 κότες
363 2494 737 2567 διεφθάρησαν
749 2541 761 2552 .

238 2584 385 2654 ρκβκ
413 2586 647 2654 Λογίζου
699 2587 791 2640 καὶ
828 2589 1081 2641 κατανόει
1110 2589 1206 2641 τοῦ
1236 2589 1519 2662 ἁπλήκτου
1561 2594 1619 2645 τὸ
1647 2613 1753 2663 χω-

168 2676 309 2744 ρίον,
352 2673 399 2728 ὦ
427 2678 720 2747 στρατηγέ,
758 2680 853 2732 ἐάν
886 2679 1034 2732 ἐστιν
1066 2680 1302 2747 ὑγιεινὸν
1331 2685 1425 2736 καὶ
1457 2687 1747 2754 σωτήριον,

163 2767 196 2835 ἢ
231 2767 479 2836 νοσερὸν,
512 2768 745 2830 καὶτοῖς
775 2770 997 2833 οἰκείοις
1040 2772 1320 2842 πολέμιον,
1349 2776 1441 2827 καὶ
1484 2776 1654 2840 αὑτάς
1693 2778 1750 2830 δὲ

158 2860 260 2921 τὰς
300 2861 643 2929 ἐπιτηδείους
684 2861 898 2931 χρείας,
936 2862 1080 2933 ὕδωρ
1111 2865 1206 2917 καὶ
1238 2863 1369 2929 ξύλα
1415 2868 1510 2919 καὶ
1538 2871 1748 2937 χόρτον,

160 2952 261 3002 ἐάν
287 2951 519 3020 πλησίον
548 2952 707 3004 εἰσίν.
744 2952 807 3004 Εἰ
835 2955 945 3022 γὰρ
976 2954 1265 3025 πόρρωθέν
1286 2959 1445 3021 εἰσιν,
1477 2959 1751 3029 δυσχερής

160 3044 287 3095 ἐστι
324 3044 416 3096 καὶ
461 3044 798 3107 ἐπικίνδυνος
841 3046 875 3115 ή
918 3046 1126 3099 τούτων
1158 3049 1481 3119 συγκομιδὴ,
1519 3053 1611 3103 καὶ
1644 3053 1751 3119 μά-

1864 583 2199 648 temporibus
2230 585 2281 636 in
2327 586 2519 654 primis
2558 592 2929 642 uecessarimn
2954 598 3060 645 est.

1935 671 2057 725 119.
2103 672 2288 742 Neque
2318 691 2519 745 anceps
2542 678 2811 746 praelium,
2844 692 2897 733 et
2937 683 3167 735 multam
3223 682 3431 740 habens

1862 763 2178 816 varietatem
2214 766 2450 820 libenter
2490 769 2709 833 inchoa,
2793 785 2972 840 neque
3025 789 3141 835 eos,
3205 775 3300 843 qui
3355 785 3434 829 le-

1864 869 2032 917 mere,
2072 856 2155 908 vel
2189 857 2451 913 insidiose
2478 860 2659 929 potius
2691 862 2853 914 rebus
2893 864 3009 916 suis
3063 864 3144 916 usi
3197 873 3349 931 sunt,
3381 872 3435 918 et

1864 954 2085 1014 pr0pter
2117 946 2391 1002 fortunam
2421 967 2576 1005 suam
2616 953 2670 1006 in
2704 954 3069 1009 admiratione
3129 966 3279 1018 sunt,
3307 958 3434 1011 imi-

1862 1038 1996 1090 teris
2018 1080 2030 1102 ,
2059 1039 2153 1092 sed
2188 1042 2411 1108 quando
2440 1043 2642 1098 bellum
2684 1045 2929 1099 futurum
2975 1056 3082 1112 est,
3123 1048 3310 1103 hostes
3336 1065 3434 1103 ex-

1862 1128 2056 1195 cipias,
2091 1146 2253 1198 quam
2281 1134 2558 1186 tutissime
2591 1137 2836 1203 poteris;
2868 1136 3087 1191 insidiis
3142 1138 3435 1194 adversum

1862 1234 1958 1273 eos
1996 1222 2191 1284 utaris,
2239 1224 2706 1291 quemadmodum
2754 1230 3289 1297 opportuniSsimum
3316 1248 3437 1287 esse

1858 1311 2219 1376 jndicaveris.
2256 1314 2498 1370 Fortuna
2532 1317 2579 1370 si
2609 1319 2776 1371 semel
2816 1321 3032 1384 vicerit,
3093 1322 3295 1375 multas
3334 1324 3435 1377 ite-

1865 1418 1987 1456 rum
2026 1403 2356 1461 oll'ensinnes
2409 1409 2627 1477 accipit.
2681 1411 2788 1465 Ars
2834 1411 3187 1479 imperatoria
3232 1425 3437 1475 autem,

1864 1507 1984 1559 qua:
2014 1495 2249 1549 consilio
2302 1496 2653 1568 artilicioque
2691 1501 2884 1567 utitur,
2933 1517 3178 1571 pet'smpe
3240 1505 3433 1568 vincit,

1862 1601 2009 1647 raro.
2040 1598 2134 1642 aut
2167 1604 2408 1659 nunqam
2442 1603 2807 1662 expugnatur.

1936 1678 2058 1731 120.
2093 1679 2343 1734 Pecunia:
2369 1686 2605 1752 cupidus
2640 1687 2688 1740 si
2727 1687 2917 1753 fueris,
2956 1706 3065 1743 non
3122 1692 3302 1745 solum
3336 1693 3440 1745 mi-

1862 1768 1990 1823 lites
2017 1778 2142 1824 tuos
2168 1771 2386 1839 perdes,
2420 1782 2475 1826 et
2500 1776 2801 1843 perniciem
2834 1779 3108 1848 ingentem
3143 1784 3259 1838 illis
3307 1783 3439 1839 alle-

1866 1876 1977 1926 res,
2003 1862 2099 1917 sed
2122 1861 2379 1919 hostibus
2415 1866 2580 1920 etiam
2612 1871 2951 1939 contemptui
2985 1872 3119 1926 eris.

1948 2042 2070 2095 121.
2124 2047 2563 2116 Ctrcnmspeete,
2624 2065 2930 2121 magnaque
2977 2069 3102 2108 eum
3132 2057 3435 2125 {industria

1858 2135 2059 2189 bellum
2096 2139 2389 2206 suscipias.
2441 2139 2575 2193 Nam
2616 2143 2845 2213 reliquis
2876 2148 2929 2199 in
2965 2147 3149 2210 rebus,
3181 2150 3229 2202 si
3281 2151 3438 2205 dam-

1858 2241 1987 2280 num
2026 2236 2135 2292 est,
2172 2232 2489 2299 recuperari
2517 2231 2679 2288 facile
2712 2244 2928 2304 potest:
2980 2238 3035 2291 iu
3083 2238 3227 2293 bello
3262 2244 3436 2295 ollen-

1857 2318 1941 2373 sio
1965 2321 2130 2374 semel
2163 2331 2385 2391 accepta
2420 2335 2686 2394 perpetuo
2718 2338 3025 2396 permanet,
3064 2334 3436 2389 mortuianim

1856 2421 2306 2483 corrumpuntur.

1938 2606 2065 2661 {‘22.
2097 2606 2417 2664 Castrorum
2442 2612 2561 2668 loca
2624 2624 2804 2671 utrum
2841 2635 2910 2676 ne
2955 2623 3200 2679 salubria
3240 2628 3352 2682 sint
3383 2637 3439 2684 et

1856 2696 2143 2761 salutaria,
2173 2715 2241 2754 an
2266 2702 2518 2758 morbida
2580 2717 2635 2761 et
2694 2708 2918 2776 infesta,
2969 2714 3264 2784 diligenter
3304 2734 3439 2773 con-

1857 2788 2208 2843 siderandum
2262 2801 2369 2856 est,
2438 2804 2494 2848 et
2530 2812 2662 2851 num
2720 2814 2810 2854 res
2872 2807 3226 2870 necessariae,
3277 2809 3439 2877 cujus

1855 2881 2073 2948 generis
2112 2892 2265 2947 sunt,
2332 2900 2497 2953 aqua,
2535 2887 2765 2958 lignum,
2804 2892 3015 2960 fenum,
3062 2912 3232 2968 prope
3288 2902 3435 2957 sint:

1854 2970 1898 3022 si
1928 2971 2073 3024 enim
2103 2973 2320 3028 etninns
2353 2977 2581 3042 fuerint,
2614 2982 2951 3049 perdiﬂieilis
2982 2989 3088 3042 erit
3132 3005 3428 3061 compara-

1857 3059 1953 3125 tio,
1989 3060 2241 3119 hostibus
2271 3069 2576 3133 praesertim
2618 3071 3061 3132 imminentibus.
3109 3059 3435 3153 Colle-mque

159 3136 324 3189 λιστα
380 3136 656 3205 πολεμίων
708 3136 1093 3206 ἐπικειμένων.
1129 3140 1239 3192 Καὶ
1293 3140 1480 3209 βουνὸν
1528 3142 1584 3193 δέ
1620 3160 1738 3194 τινα

1856 3152 2079 3220 rliquem
2112 3169 2281 3224 prope
2311 3157 2504 3213 adesse
2533 3170 2785 3229 oportet,
2840 3182 3005 3235 quem
3070 3176 3437 3229 conscensuri

155 3224 279 3276 δέον
354 3224 743 3293 παρακεῖσθαι,
785 3226 892 3293 ἵνα,
939 3228 987 3279 εἰ
1028 3226 1171 3281 οὕτω
1200 3229 1356 3303 τύχῃ,
1420 3234 1510 3284 ἐπὶ
1561 3233 1746 3286 τοῦτον

159 3314 429 3386 ἀνέλθῃς,
465 3317 574 3385 πρὸ
598 3316 691 3369 τοῦ
739 3316 1043 3386 φθάσαντες
1082 3320 1463 3377 κατα).άὸωσιν
1495 3325 1657 3379 αὐτὸν
1699 3328 1747 3379 οἱ

164 3408 445 3478 πολέμιοι.

234 3502 386 3568 ρκγ’.
440 3495 564 3549 Ἐάν
595 3497 847 3567 πολέμιοι
864 3499 1228 3569 παράκεινται
1259 3518 1363 3566 σοι,
1385 3494 1428 3554 ὧ
1451 3504 1743 3573 στῳτηγέ,

159 3589 259 3643 καὶ
282 3590 664 3660 προσποιηθῇς
689 3591 822 3660 πρὸς
848 3591 1046 3655 αὐτοὺς
1073 3592 1289 3644 ἐναντία
1310 3586 1384 3646 ὧν
1407 3594 1741 3660 ἐλπίζουσιν,

156 3680 221 3731 οὐ
264 3679 441 3750 μικρὰ
471 3678 793 3750 ὠφελήσεις.
838 3682 1007 3746 Δόξας
1058 3683 1167 3751 γὰρ
1194 3682 1362 3735 ἐνίοτε
1391 3684 1611 3753 χάρακα,
1643 3703 1748 3751 πη-

157 3768 372 3837 γνύειν,
418 3768 451 3839 ἢ
514 3768 701 3837 ἕτερόν
757 3785 812 3821 τι
868 3769 1100 3822 κυκλοῦν
1158 3768 1444 3839 ὀχύρωμα,
1507 3771 1600 3822 καὶ
1662 3770 1747 3822 διὰ

156 3858 421 3926 τοιαύτης
474 3858 634 3927 δόξης
680 3860 757 3922 είς
811 3861 1001 3929 ὁμοίαν
1048 3861 1247 3930 πρᾶξιν
1302 3862 1425 3923 τοὺς
1472 3862 1746 3923 ἐναντίους

157 3948 552 4017 παρορμήσας,
589 3948 815 4001 δύνασαι
871 3950 1303 4017 συντεταγμένος
1334 3950 1497 4012 αὐτὸς
1525 3950 1743 4001 διασκε-

158 4038 455 4107 δασμένοις
487 4039 715 4101 ἐκείνοις
751 4041 829 4100 είς
864 4040 930 4093 τά
955 4040 1239 4110 ἐπιτήδεια
1288 4041 1570 4109 συντόμως
1620 4042 1743 4093 ἐπι-

160 4129 378 4192 πεσεῖν,
416 4129 449 4199 ἢ
480 4129 575 4181 ἐὰν
606 4130 703 4182 καὶ
739 4129 896 4183 τοῦτο
929 4130 1112 4201 συμϐῇ
1144 4134 1208 4184 ἐκ
1236 4132 1417 4185 τόπων
1466 4134 1744 4203 δυσχερῶν

160 4219 467 4282 ἀκινδύνως
496 4220 797 4291 ἅπαγάγης
838 4220 899 4273 τὸ
921 4222 1256 4291 στράτευμα.

234 4312 374 4381 ρκδ’.
414 4312 625 4381 Ὠσπερ
655 4312 861 4380 ἀγαθὸν
883 4313 1209 4383 παλαιστὴν,
1238 4314 1410 4377 οὕτως
1438 4315 1521 4368 δεῖ
1548 4317 1606 4367 ἐν
1625 4319 1744 4378 ταῖς

161 4402 402 4475 πράξεσι
430 4404 521 4456 τὸν
559 4404 865 4476 στρατηγὸν
892 4405 1155 4459 δεικνύειν
1198 4408 1297 4476 μὲν
1323 4408 1505 4478 ἕτερα,
1532 4410 1625 4461 καὶ
1656 4408 1742 4461 διὰ

158 4495 369 4548 τούτων
400 4496 701 4563 πειρᾶσθαι
731 4498 857 4559 τοὺς
884 4498 1162 4562 ἐναντίους
1202 4498 1507 4569 ἐξαπατᾷν,
1541 4501 1744 4571 κεχρῆ-
1778 4484 1821 4537 ί)

160 4586 286 4640 σθαι
340 4585 397 4638 δέ
428 4588 541 4649 τοῖς
586 4587 886 4658 άρμόζουσι
922 4587 998 4657 τῷ
1034 4590 1232 4659 καιρῷ,
1266 4592 1360 4643 καὶ
1412 4586 1492 4655 οἷς
1546 4593 1613 4645 ἂν
1641 4593 1750 4645 τῶν

161 4679 493 4748 μαχομένων
522 4678 798 4747 πολεμίων
829 4683 1131 4750 κρατήσῃς.

229 4776 370 4842 ρκε’.
409 4769 586 4841 Νίκης
620 4771 715 4823 καὶ
745 4772 917 4842 ἥττης
946 4772 1275 4843 ἀμφοτέρων
1303 4773 1362 4826 ἐν
1408 4773 1592 4845 ἀδήλῳ
1625 4791 1743 4828 κει-

163 4861 376 4931 μένων,
414 4861 636 4932 ἄριστος
673 4864 767 4915 καὶ
799 4863 963 4932 σοφὸς
994 4864 1294 4938 λογισθήσῃ
1317 4870 1619 4937 στρατηγὸς
1649 4866 1742 4919 καὶ

162 4956 218 5005 ἐν
273 4952 536 5022 πολέμοις
590 4954 687 5006 καὶ
737 4957 795 5006 ἐν
844 4954 995 5027 πάσῃ
1056 4972 1151 5008 σου
1198 4958 1320 5009 κατ’
1374 4958 1583 5029 ἐχθρῶν
1628 4960 1740 5026 (59)

159 5046 499 5116 ἐγχειρήσει,
533 5046 629 5099 ἐὰν
672 5046 809 5118 πρὸς
847 5045 1108 5117 δευτέραν
1148 5046 1322 5118 τύχην
1364 5049 1460 5102 καὶ
1492 5052 1742 5104 ἐναντίαν

162 5136 397 5191 ἔκϐασιν
451 5138 788 5208 ἀποδλέπης,
840 5145 933 5193 καὶ
984 5139 1060 5202 ὡς
1106 5141 1278 5211 αὐτῆς
1330 5142 1613 5213 παρούσης
1676 5142 1744 5196 τὰ

159 5229 349 5283 δέοντα
378 5229 510 5299 περὶ
547 5230 725 5308 αὐτῆς
748 5234 1073 5303 προνοήσῃς.
1107 5232 1289 5305 [Ἐὰν]
1322 5233 1431 5304 γάρ
1462 5252 1512 5288 τι
1560 5237 1741 5308 συμϐῇ

162 5318 430 5386 ἐναντίον,
463 5321 679 5391 ἐτοιμος
706 5306 843 5391 πρὸς
865 5321 963 5393 τήν
997 5322 1273 5393 σωτηρίαν
1306 5323 1601 5399 εύρεθήσῃ.

1858 3252 2008 3307 sunt,
2051 3247 2372 3316 priusquam
2418 3250 2697 3311 irruentes
2746 3257 2933 3314 hostes
2983 3276 3109 3316 eum
3160 3268 3436 3336 anticipa-

1857 3335 2058 3391 verint.

1931 3532 2055 3587 ηδ.
2088 3531 2143 3587 Si
2169 3533 2361 3592 hostes
2388 3538 2734 3609 immineant,
2758 3554 2812 3600 et
2834 3548 3188 3608 simulaveris
3222 3562 3272 3610 te
3299 3572 3431 3611 con-

1861 3624 2027 3677 traria
2060 3640 2278 3692 eorum,
2313 3644 2435 3698 qua:
2471 3630 2720 3690 facturus
2743 3637 2821 3693 sis
2857 3637 3061 3703 facere,
3107 3660 3212 3697 non
3240 3661 3432 3715 parum

1858 3714 1956 3768 tibi
1990 3716 2092 3784 ipsi
2136 3718 2407 3784 proderis.
2448 3721 2582 3777 Nam
2626 3726 2673 3780 si
2726 3728 2967 3786 videaris
3025 3714 3305 3789 interdum
3351 3740 3435 3791 Vel

1859 3808 2060 3860 vallum
2100 3810 2326 3873 ducere,
2363 3814 2637 3879 velaliam
2694 3823 3010 3890 quampiam
3070 3831 3434 3885 munitionem

1856 3904 2171 3959 exstruere,
2212 3907 2267 3954 et
2303 3901 2397 3954 tali
2460 3915 2660 3959 conatu
2722 3917 2815 3962 tuo
2872 3912 2940 3965 ad
2987 3914 3167 3970 simile
3231 3918 3433 3975 factum

1855 3985 2271 4054 suscipiendum
2297 3990 2485 4047 hostes
2539 3993 2916 4064 impellantur,
2968 4005 3177 4071 poteris
3226 4007 3435 4065 instru-

1856 4087 1978 4132 ctus
2013 4079 2066 4132 in
2095 4079 2393 4149 dissipatos
2434 4085 2560 4141 illos
2612 4096 2778 4157 atque
2836 4094 2991 4161 operi
3050 4096 3291 4155 intentos
3344 4119 3430 4159 se-

1854 4183 1988 4223 cure
2030 4169 2263 4235 irruere,
2306 4174 2414 4236 vel,
2439 4176 2483 4228 si
2516 4177 2565 4229 id
2591 4193 2819 4235 necesse
2850 4192 2956 4246 est,
2990 4201 3055 4239 ex
3093 4188 3230 4246 locis
3271 4206 3432 4263 aspe-

1854 4261 1931 4314 ris
1989 4261 2411 4333 diﬂicilihusque
2441 4270 2744 4324 exercitum
2783 4274 3039 4331 educere.

1928 4353 2050 4406 124.
2079 4353 2552 4419 Quemadmodum
2582 4360 2785 4416 bonum
2837 4365 3191 4436 luctatorem,
3227 4374 3299 4426 ita
3336 4375 3432 4431 hu.

1854 4458 1982 4496 num
2013 4444 2401 4513 imperatorem
2426 4464 2522 4513 par
2542 4462 2627 4504 est
2657 4453 2764 4505 alia
2796 4471 2907 4524 pra;
2942 4472 3001 4511 se
3034 4459 3200 4525 ferre,
3226 4475 3281 4517 et
3305 4467 3430 4521 aliis

1862 4534 2039 4588 modis
2066 4537 2261 4589 conari
2308 4537 2499 4596 hostes
2538 4542 2810 4613 decipere,
2847 4558 2901 4602 et
2939 4549 3008 4603 iis
3037 4566 3157 4619 qua:
3196 4559 3425 4625 tempori

1858 4625 2095 4679 maxime
2117 4626 2311 4682 idonea
2347 4641 2478 4684 sunt
2525 4630 2623 4696 uti,
2660 4634 2863 4702 quibus
2924 4636 3111 4693 hostes
3161 4640 3309 4709 ipsos
3331 4660 3426 4698 su-

1857 4731 2048 4785 perare
2080 4719 2282 4787 possis.

1926 4806 2048 4861 125.
2100 4807 2236 4862 Cum
2305 4809 2575 4877 victoria,
2606 4823 2659 4869 et
2690 4815 2919 4873 offensio
2964 4818 3018 4873 in
3074 4820 3283 4876 incerto
3336 4838 3428 4892 po-

1851 4910 2071 4961 nantur,
2099 4904 2342 4971 optimus
2397 4913 2451 4958 et
2495 4906 2959 4975 prudentissimus
3008 4912 3306 4982 imperator
3333 4917 3430 4970 has

1848 4992 2061 5047 beudus
2091 5002 2197 5058 est,
2230 4997 2319 5066 qui
2366 4996 2420 5049 in
2460 4997 2600 5052 bello
2660 5009 2715 5054 et
2764 5004 3020 5058 omnibus
3072 5006 3310 5061 hastium
3342 5024 3428 5077 ag-

1847 5085 2251 5151 gressionibus,
2281 5101 2344 5141 ea
2385 5104 2504 5157 qua?
2542 5089 2610 5143 ad
2650 5090 3007 5148 oﬂ‘ensionem
3059 5096 3183 5149 belli
3230 5106 3284 5150 et
3329 5101 3426 5151 ad-

1843 5190 2034 5230 versos
2091 5191 2255 5233 casus
2309 5190 2577 5249 spectant,
2606 5195 2896 5253 praeparat,
2934 5194 2989 5239 et
3032 5189 3188 5256 quasi
3225 5206 3289 5243 ea
3323 5191 3422 5243 im—

1851 5267 2144 5337 minerent,
2173 5273 2357 5327 omnia
2394 5275 2446 5328 in
2480 5287 2734 5347 promptu
2792 5280 2975 5335 habet.
3028 5280 3162 5336 Nam
3214 5285 3261 5340 si
3292 5286 3423 5355 quid

1847 5358 2137 5414 adversum
2164 5366 2476 5434 contingat,
2508 5366 2576 5420 ad
2614 5368 2744 5423 illud
2769 5370 2880 5439 jam
2908 5381 3161 5440 paratus,
3202 5378 3427 5433 inedita.

1850 5457 2047 5520 tusque
2074 5462 2179 5508 est.

1688 5598 1917 5657 ΝΟΤᾹΞ.

236 5702 350 5776 (ἷξἹ)
394 5702 712 5776 ξΑόρᾼιστον.
747 5703 961 5776 Scribe,
993 5705 1233 5776 ἄριστον.

235 5774 350 5841 (58)
394 5773 667 5843 Ὀλέσας.
698 5775 905 5845 Scribe,
934 5773 1155 5841 ὀλέσεις.

1925 5724 2034 5792 (59)
2068 5727 2463 5796 Ιι”(ιῖ“ἐχ1)ρών.
2499 5730 2873 5799 Scribcbatur,
2913 5735 3215 5802 κατεχρων.
