  <div class='ocr_page' id='page_1' title='image "/cluster/home/n/w/nwhite01/storage/ocr_20150623/107/nnc1.0046980040/595.png"; bbox 0 0 4184 6440; ppageno 0'>
   <div class='ocr_carea' id='block_1_1' title="bbox 703 397 837 464">
    <p class='ocr_par' dir='ltr' id='par_1_1' title="bbox 703 397 837 464">
     <span class='ocr_line' id='line_1_1' title="bbox 703 397 837 464; baseline -0.022 0"><span class='ocrx_word' id='word_1_1' title='bbox 703 397 837 464; x_wconf 65' lang='lat'><strong>1027</strong></span> 
     </span>
    </p>
   </div>
   <div class='ocr_carea' id='block_1_2' title="bbox 1974 385 2748 447">
    <p class='ocr_par' dir='ltr' id='par_1_2' title="bbox 1974 385 2748 447">
     <span class='ocr_line' id='line_1_2' title="bbox 1974 385 2748 447; baseline -0.003 0"><span class='ocrx_word' id='word_1_2' title='bbox 1974 387 2253 447; x_wconf 82' lang='lat' dir='ltr'><strong>LEONIS</strong></span> <span class='ocrx_word' id='word_1_3' title='bbox 2284 385 2748 447; x_wconf 79' lang='lat' dir='ltr'><strong>PHILOSOPHI</strong></span> 
     </span>
    </p>
   </div>
   <div class='ocr_carea' id='block_1_3' title="bbox 3843 383 3983 450">
    <p class='ocr_par' dir='ltr' id='par_1_3' title="bbox 3843 383 3983 450">
     <span class='ocr_line' id='line_1_3' title="bbox 3843 383 3983 450; baseline -0.014 0"><span class='ocrx_word' id='word_1_4' title='bbox 3843 383 3983 450; x_wconf 65' lang='lat'><strong>1048</strong></span> 
     </span>
    </p>
   </div>
   <div class='ocr_carea' id='block_1_4' title="bbox 777 495 2315 577">
    <p class='ocr_par' dir='ltr' id='par_1_4' title="bbox 777 502 2289 577">
     <span class='ocr_line' id='line_1_4' title="bbox 777 502 2289 577; baseline -0.007 -11"><span class='ocrx_word' id='word_1_5' title='bbox 777 512 901 567; x_wconf 65' lang='grc' dir='ltr'><strong>ηδ.</strong></span> <span class='ocrx_word' id='word_1_6' title='bbox 936 510 1146 566; x_wconf 81' lang='lat' dir='ltr'><strong>Cautus</strong></span> <span class='ocrx_word' id='word_1_7' title='bbox 1178 510 1473 577; x_wconf 93' lang='lat' dir='ltr'><strong>imperator</strong></span> <span class='ocrx_word' id='word_1_8' title='bbox 1508 520 1617 560; x_wconf 93' lang='lat' dir='ltr'><strong>non</strong></span> <span class='ocrx_word' id='word_1_9' title='bbox 1658 503 1822 559; x_wconf 90' lang='lat' dir='ltr'><strong>modo</strong></span> <span class='ocrx_word' id='word_1_10' title='bbox 1851 518 1973 574; x_wconf 75' lang='lat' dir='ltr'><strong>qua:</strong></span> <span class='ocrx_word' id='word_1_11' title='bbox 2002 502 2289 558; x_wconf 80' lang='lat' dir='ltr'><strong>verisimi-</strong></span> 
     </span>
    </p>
   </div>
   <div class='ocr_carea' id='block_1_5' title="bbox 2425 495 3987 577">
    <p class='ocr_par' dir='ltr' id='par_1_5' title="bbox 2473 495 3987 571">
     <span class='ocr_line' id='line_1_5' title="bbox 2473 495 3987 571; baseline -0.005 -15"><span class='ocrx_word' id='word_1_12' title='bbox 2473 501 2625 571; x_wconf 85' lang='grc' dir='ltr'><strong>ρκς’.</strong></span> <span class='ocrx_word' id='word_1_13' title='bbox 2673 499 2732 553; x_wconf 85' lang='lat'><strong>&#39;0</strong></span> <span class='ocrx_word' id='word_1_14' title='bbox 2773 498 3022 568; x_wconf 84' lang='grc' dir='ltr'><strong>ἀσφαλὴς</strong></span> <span class='ocrx_word' id='word_1_15' title='bbox 3057 497 3363 568; x_wconf 77' lang='grc' dir='ltr'><strong>στρατηγὸς</strong></span> <span class='ocrx_word' id='word_1_16' title='bbox 3396 497 3458 549; x_wconf 84' lang='grc' dir='ltr'><strong>οὑ</strong></span> <span class='ocrx_word' id='word_1_17' title='bbox 3504 495 3667 566; x_wconf 86' lang='grc' dir='ltr'><strong>μόνον</strong></span> <span class='ocrx_word' id='word_1_18' title='bbox 3706 495 3777 549; x_wconf 86' lang='grc' dir='ltr'><strong>τά</strong></span> <span class='ocrx_word' id='word_1_19' title='bbox 3799 498 3987 549; x_wconf 76' lang='grc' dir='ltr'><strong>εἰκότα</strong></span> 
     </span>
    </p>
   </div>
   <div class='ocr_carea' id='block_1_6' title="bbox 704 593 2290 667">
    <p class='ocr_par' dir='ltr' id='par_1_6' title="bbox 704 593 2290 667">
     <span class='ocr_line' id='line_1_6' title="bbox 704 593 2290 667; baseline -0.008 -12"><span class='ocrx_word' id='word_1_20' title='bbox 704 603 829 655; x_wconf 76' lang='lat' dir='ltr'><strong>liter</strong></span> <span class='ocrx_word' id='word_1_21' title='bbox 877 601 1129 656; x_wconf 89' lang='lat' dir='ltr'><strong>accidere</strong></span> <span class='ocrx_word' id='word_1_22' title='bbox 1182 599 1420 667; x_wconf 89' lang='lat' dir='ltr'><strong>possint,</strong></span> <span class='ocrx_word' id='word_1_23' title='bbox 1490 595 1585 650; x_wconf 90' lang='lat' dir='ltr'><strong>sed</strong></span> <span class='ocrx_word' id='word_1_24' title='bbox 1652 593 1840 657; x_wconf 89' lang='lat' dir='ltr'><strong>etiam,</strong></span> <span class='ocrx_word' id='word_1_25' title='bbox 1910 604 2033 660; x_wconf 80' lang='lat' dir='ltr'><strong>qua:</strong></span> <span class='ocrx_word' id='word_1_26' title='bbox 2089 597 2290 667; x_wconf 65' lang='lat' dir='ltr'><strong>praeter</strong></span> 
     </span>
    </p>
   </div>
   <div class='ocr_carea' id='block_1_7' title="bbox 701 666 2291 759">
    <p class='ocr_par' dir='ltr' id='par_1_7' title="bbox 701 666 2291 759">
     <span class='ocr_line' id='line_1_7' title="bbox 701 666 2291 759; baseline -0.008 -16"><span class='ocrx_word' id='word_1_27' title='bbox 701 688 1018 759; x_wconf 85' lang='lat' dir='ltr'><strong>opinionem</strong></span> <span class='ocrx_word' id='word_1_28' title='bbox 1054 666 1325 751; x_wconf 89' lang='lat' dir='ltr'><strong>incidunt,</strong></span> <span class='ocrx_word' id='word_1_29' title='bbox 1364 681 1778 755; x_wconf 84' lang='lat' dir='ltr'><strong>prospicienda,</strong></span> <span class='ocrx_word' id='word_1_30' title='bbox 1810 689 1866 737; x_wconf 93' lang='lat' dir='ltr'><strong>et</strong></span> <span class='ocrx_word' id='word_1_31' title='bbox 1913 666 2291 750; x_wconf 86' lang='lat' dir='ltr'><strong>propulsanda</strong></span> 
     </span>
    </p>
   </div>
   <div class='ocr_carea' id='block_1_8' title="bbox 699 780 930 850">
    <p class='ocr_par' dir='ltr' id='par_1_8' title="bbox 699 780 930 850">
     <span class='ocr_line' id='line_1_8' title="bbox 699 780 930 850; baseline 0 -16"><span class='ocrx_word' id='word_1_32' title='bbox 699 780 930 850; x_wconf 83' lang='lat' dir='ltr'><strong>judicat.</strong></span> 
     </span>
    </p>
   </div>
   <div class='ocr_carea' id='block_1_9' title="bbox 776 861 2295 941">
    <p class='ocr_par' dir='ltr' id='par_1_9' title="bbox 776 861 2295 941">
     <span class='ocr_line' id='line_1_9' title="bbox 776 861 2295 941; baseline -0.007 -16"><span class='ocrx_word' id='word_1_33' title='bbox 776 871 897 925; x_wconf 71' lang='grc'><strong>127.</strong></span> <span class='ocrx_word' id='word_1_34' title='bbox 936 870 993 925; x_wconf 87' lang='lat' dir='ltr'><strong>Si</strong></span> <span class='ocrx_word' id='word_1_35' title='bbox 1037 871 1161 941; x_wconf 79' lang='lat' dir='ltr'><strong>quis</strong></span> <span class='ocrx_word' id='word_1_36' title='bbox 1192 887 1258 926; x_wconf 82' lang='lat' dir='ltr'><strong>ex</strong></span> <span class='ocrx_word' id='word_1_37' title='bbox 1298 868 1571 940; x_wconf 68' lang='lat' dir='ltr'><strong>praefectis</strong></span> <span class='ocrx_word' id='word_1_38' title='bbox 1595 868 1709 923; x_wconf 87' lang='lat' dir='ltr'><strong>tuis</strong></span> <span class='ocrx_word' id='word_1_39' title='bbox 1758 867 1814 921; x_wconf 94' lang='lat' dir='ltr'><strong>in</strong></span> <span class='ocrx_word' id='word_1_40' title='bbox 1869 864 2035 918; x_wconf 83' lang='lat' dir='ltr'><strong>rebus</strong></span> <span class='ocrx_word' id='word_1_41' title='bbox 2067 861 2295 932; x_wconf 86' lang='lat' dir='ltr'><strong>majori-</strong></span> 
     </span>
    </p>
   </div>
   <div class='ocr_carea' id='block_1_10' title="bbox 705 959 2294 1038">
    <p class='ocr_par' dir='ltr' id='par_1_10' title="bbox 705 959 2294 1038">
     <span class='ocr_line' id='line_1_10' title="bbox 705 959 2294 1038; baseline -0.006 -17"><span class='ocrx_word' id='word_1_42' title='bbox 705 967 827 1029; x_wconf 88' lang='lat' dir='ltr'><strong>bus,</strong></span> <span class='ocrx_word' id='word_1_43' title='bbox 849 977 903 1021; x_wconf 92' lang='lat' dir='ltr'><strong>et</strong></span> <span class='ocrx_word' id='word_1_44' title='bbox 932 968 1279 1038; x_wconf 73' lang='lat' dir='ltr'><strong>gravioribus</strong></span> <span class='ocrx_word' id='word_1_45' title='bbox 1320 966 1526 1037; x_wconf 62' lang='lat' dir='ltr'><strong>saepius</strong></span> <span class='ocrx_word' id='word_1_46' title='bbox 1556 964 1934 1019; x_wconf 71' lang='lat' dir='ltr'><strong>ballricinatus</strong></span> <span class='ocrx_word' id='word_1_47' title='bbox 1984 960 2174 1027; x_wconf 77' lang='lat' dir='ltr'><strong>fuerit,</strong></span> <span class='ocrx_word' id='word_1_48' title='bbox 2215 959 2294 1013; x_wconf 90' lang='lat' dir='ltr'><strong>illi</strong></span> 
     </span>
    </p>
   </div>
   <div class='ocr_carea' id='block_1_11' title="bbox 708 1055 2295 1130">
    <p class='ocr_par' dir='ltr' id='par_1_11' title="bbox 708 1055 2295 1130">
     <span class='ocr_line' id='line_1_11' title="bbox 708 1055 2295 1130; baseline -0.002 -20"><span class='ocrx_word' id='word_1_49' title='bbox 708 1073 775 1113; x_wconf 89' lang='lat' dir='ltr'><strong>ne</strong></span> <span class='ocrx_word' id='word_1_50' title='bbox 838 1058 1191 1113; x_wconf 82' lang='lat' dir='ltr'><strong>minimarum</strong></span> <span class='ocrx_word' id='word_1_51' title='bbox 1238 1060 1462 1130; x_wconf 90' lang='lat' dir='ltr'><strong>quidem</strong></span> <span class='ocrx_word' id='word_1_52' title='bbox 1520 1073 1705 1114; x_wconf 92' lang='lat' dir='ltr'><strong>rerum</strong></span> <span class='ocrx_word' id='word_1_53' title='bbox 1753 1055 2295 1111; x_wconf 76' lang='lat' dir='ltr'><strong>administrationem</strong></span> 
     </span>
    </p>
   </div>
   <div class='ocr_carea' id='block_1_12' title="bbox 684 1152 1186 1208">
    <p class='ocr_par' dir='ltr' id='par_1_12' title="bbox 684 1152 1186 1208">
     <span class='ocr_line' id='line_1_12' title="bbox 684 1152 1186 1208; baseline 0.004 -2"><span class='ocrx_word' id='word_1_54' title='bbox 684 1201 688 1206; x_wconf 91' lang='grc'>.</span> <span class='ocrx_word' id='word_1_55' title='bbox 708 1159 829 1205; x_wconf 92' lang='lat' dir='ltr'><strong>tuto</strong></span> <span class='ocrx_word' id='word_1_56' title='bbox 851 1152 1186 1208; x_wconf 88' lang='lat' dir='ltr'><strong>committes.</strong></span> 
     </span>
    </p>
   </div>
   <div class='ocr_carea' id='block_1_13' title="bbox 779 1238 2300 1316">
    <p class='ocr_par' dir='ltr' id='par_1_13' title="bbox 779 1238 2300 1316">
     <span class='ocr_line' id='line_1_13' title="bbox 779 1238 2300 1316; baseline -0.001 -21"><span class='ocrx_word' id='word_1_57' title='bbox 779 1243 907 1300; x_wconf 72' lang='lat'><strong>1&#39;28.</strong></span> <span class='ocrx_word' id='word_1_58' title='bbox 944 1242 1106 1301; x_wconf 85' lang='lat' dir='ltr'><strong>Tales</strong></span> <span class='ocrx_word' id='word_1_59' title='bbox 1136 1245 1343 1316; x_wconf 90' lang='lat' dir='ltr'><strong>deliges</strong></span> <span class='ocrx_word' id='word_1_60' title='bbox 1388 1242 1697 1312; x_wconf 56' lang='lat' dir='ltr'><strong>praefectos,</strong></span> <span class='ocrx_word' id='word_1_61' title='bbox 1733 1242 1826 1312; x_wconf 86' lang='lat' dir='ltr'><strong>qui</strong></span> <span class='ocrx_word' id='word_1_62' title='bbox 1879 1239 2147 1309; x_wconf 83' lang='lat' dir='ltr'><strong>subjectis</strong></span> <span class='ocrx_word' id='word_1_63' title='bbox 2180 1238 2300 1295; x_wconf 88' lang='lat' dir='ltr'><strong>suis</strong></span> 
     </span>
    </p>
   </div>
   <div class='ocr_carea' id='block_1_14' title="bbox 711 1328 2301 1401">
    <p class='ocr_par' dir='ltr' id='par_1_14' title="bbox 711 1328 2301 1401">
     <span class='ocr_line' id='line_1_14' title="bbox 711 1328 2301 1401; baseline -0.002 -15"><span class='ocrx_word' id='word_1_64' title='bbox 711 1334 1133 1401; x_wconf 70' lang='lat' dir='ltr'><strong>prmstantiores</strong></span> <span class='ocrx_word' id='word_1_65' title='bbox 1160 1335 1291 1390; x_wconf 87' lang='lat' dir='ltr'><strong>sint.</strong></span> <span class='ocrx_word' id='word_1_66' title='bbox 1320 1333 1471 1387; x_wconf 84' lang='lat' dir='ltr'><strong>Solet</strong></span> <span class='ocrx_word' id='word_1_67' title='bbox 1520 1334 1668 1387; x_wconf 90' lang='lat' dir='ltr'><strong>enim</strong></span> <span class='ocrx_word' id='word_1_68' title='bbox 1723 1331 2069 1385; x_wconf 84' lang='lat' dir='ltr'><strong>subditorum</strong></span> <span class='ocrx_word' id='word_1_69' title='bbox 2103 1328 2301 1399; x_wconf 81' lang='lat' dir='ltr'><strong>vulgus</strong></span> 
     </span>
    </p>
   </div>
   <div class='ocr_carea' id='block_1_15' title="bbox 714 1424 2303 1504">
    <p class='ocr_par' dir='ltr' id='par_1_15' title="bbox 714 1424 2303 1504">
     <span class='ocr_line' id='line_1_15' title="bbox 714 1424 2303 1504; baseline -0.004 -27"><span class='ocrx_word' id='word_1_70' title='bbox 714 1439 931 1494; x_wconf 83' lang='lat' dir='ltr'><strong>semper</strong></span> <span class='ocrx_word' id='word_1_71' title='bbox 962 1439 1020 1479; x_wconf 90' lang='lat' dir='ltr'><strong>se</strong></span> <span class='ocrx_word' id='word_1_72' title='bbox 1049 1424 1567 1504; x_wconf 35' lang='lat' dir='ltr'><strong>ad‘magistratuum</strong></span> <span class='ocrx_word' id='word_1_73' title='bbox 1621 1438 1846 1477; x_wconf 90' lang='lat' dir='ltr'><strong>suorum</strong></span> <span class='ocrx_word' id='word_1_74' title='bbox 1883 1434 2062 1475; x_wconf 87' lang='lat' dir='ltr'><strong>mores</strong></span> <span class='ocrx_word' id='word_1_75' title='bbox 2086 1433 2303 1474; x_wconf 87' lang='lat' dir='ltr'><strong>accom-</strong></span> 
     </span>
    </p>
   </div>
   <div class='ocr_carea' id='block_1_16' title="bbox 716 1508 2303 1577">
    <p class='ocr_par' dir='ltr' id='par_1_16' title="bbox 716 1508 2303 1577">
     <span class='ocr_line' id='line_1_16' title="bbox 716 1508 2303 1577; baseline -0.001 -11"><span class='ocrx_word' id='word_1_76' title='bbox 716 1512 979 1569; x_wconf 86' lang='lat' dir='ltr'><strong>modare:</strong></span> <span class='ocrx_word' id='word_1_77' title='bbox 1013 1526 1171 1569; x_wconf 82' lang='lat' dir='ltr'><strong>vetus</strong></span> <span class='ocrx_word' id='word_1_78' title='bbox 1204 1516 1351 1569; x_wconf 89' lang='lat' dir='ltr'><strong>enim</strong></span> <span class='ocrx_word' id='word_1_79' title='bbox 1412 1515 1637 1569; x_wconf 78' lang='lat' dir='ltr'><strong>verbum</strong></span> <span class='ocrx_word' id='word_1_80' title='bbox 1687 1514 1760 1567; x_wconf 92' lang='lat' dir='ltr'><strong>ita</strong></span> <span class='ocrx_word' id='word_1_81' title='bbox 1790 1508 1980 1566; x_wconf 76' lang='lat' dir='ltr'><strong>verum</strong></span> <span class='ocrx_word' id='word_1_82' title='bbox 2039 1510 2153 1577; x_wconf 83' lang='lat' dir='ltr'><strong>ﬂet,</strong></span> <span class='ocrx_word' id='word_1_83' title='bbox 2191 1524 2303 1565; x_wconf 88' lang='lat' dir='ltr'><strong>non</strong></span> 
     </span>
    </p>
   </div>
   <div class='ocr_carea' id='block_1_17' title="bbox 713 1603 2086 1677">
    <p class='ocr_par' dir='ltr' id='par_1_17' title="bbox 713 1603 2086 1677">
     <span class='ocr_line' id='line_1_17' title="bbox 713 1603 2086 1677; baseline -0.001 -18"><span class='ocrx_word' id='word_1_84' title='bbox 713 1619 908 1662; x_wconf 80' lang='lat' dir='ltr'><strong>cervos</strong></span> <span class='ocrx_word' id='word_1_85' title='bbox 941 1605 1193 1663; x_wconf 88' lang='lat' dir='ltr'><strong>leonibus</strong></span> <span class='ocrx_word' id='word_1_86' title='bbox 1222 1609 1511 1677; x_wconf 88' lang='lat' dir='ltr'><strong>imperare,</strong></span> <span class='ocrx_word' id='word_1_87' title='bbox 1540 1603 1637 1662; x_wconf 89' lang='lat' dir='ltr'><strong>sed</strong></span> <span class='ocrx_word' id='word_1_88' title='bbox 1668 1606 1857 1660; x_wconf 84' lang='lat' dir='ltr'><strong>leones</strong></span> <span class='ocrx_word' id='word_1_89' title='bbox 1880 1604 2086 1659; x_wconf 82' lang='lat' dir='ltr'><strong>cervis.</strong></span> 
     </span>
    </p>
   </div>
   <div class='ocr_carea' id='block_1_18' title="bbox 788 1784 2276 1870">
    <p class='ocr_par' dir='ltr' id='par_1_18' title="bbox 788 1784 2276 1870">
     <span class='ocr_line' id='line_1_18' title="bbox 788 1784 2276 1870; baseline -0.002 -27"><span class='ocrx_word' id='word_1_90' title='bbox 788 1788 911 1844; x_wconf 68' lang='grc' dir='ltr'><strong>ηε).</strong></span> <span class='ocrx_word' id='word_1_91' title='bbox 944 1787 1253 1843; x_wconf 79' lang='lat' dir='ltr'><strong>Robustum</strong></span> <span class='ocrx_word' id='word_1_92' title='bbox 1312 1784 1512 1870; x_wconf 61' lang='lat' dir='ltr'><strong>eﬂieies</strong></span> <span class='ocrx_word' id='word_1_93' title='bbox 1547 1784 1879 1849; x_wconf 79' lang='lat' dir='ltr'><strong>exercitum,</strong></span> <span class='ocrx_word' id='word_1_94' title='bbox 1938 1786 1986 1839; x_wconf 88' lang='lat' dir='ltr'><strong>si</strong></span> <span class='ocrx_word' id='word_1_95' title='bbox 2019 1800 2185 1841; x_wconf 88' lang='lat' dir='ltr'><strong>omne</strong></span> <span class='ocrx_word' id='word_1_96' title='bbox 2217 1786 2276 1840; x_wconf 90' lang='lat' dir='ltr'><strong>in</strong></span> 
     </span>
    </p>
   </div>
   <div class='ocr_carea' id='block_1_19' title="bbox 2401 590 3989 665">
    <p class='ocr_par' dir='ltr' id='par_1_19' title="bbox 2401 590 3989 665">
     <span class='ocr_line' id='line_1_19' title="bbox 2401 590 3989 665; baseline -0.004 -17"><span class='ocrx_word' id='word_1_97' title='bbox 2401 596 2658 665; x_wconf 87' lang='grc' dir='ltr'><strong>γενέσθαι</strong></span> <span class='ocrx_word' id='word_1_98' title='bbox 2698 596 2757 648; x_wconf 80' lang='grc' dir='ltr'><strong>ὲν</strong></span> <span class='ocrx_word' id='word_1_99' title='bbox 2808 596 2920 656; x_wconf 84' lang='grc' dir='ltr'><strong>τοῖς</strong></span> <span class='ocrx_word' id='word_1_100' title='bbox 2952 591 3219 655; x_wconf 84' lang='grc' dir='ltr'><strong>κινδύνοις</strong></span> <span class='ocrx_word' id='word_1_101' title='bbox 3276 591 3539 660; x_wconf 79' lang='grc' dir='ltr'><strong>εὑδιάθη,</strong></span> <span class='ocrx_word' id='word_1_102' title='bbox 3574 590 3712 642; x_wconf 86' lang='grc' dir='ltr'><strong>ἀλλά</strong></span> <span class='ocrx_word' id='word_1_103' title='bbox 3760 590 3859 643; x_wconf 74' lang='grc' dir='ltr'><strong>καὶ</strong></span> <span class='ocrx_word' id='word_1_104' title='bbox 3914 590 3989 641; x_wconf 83' lang='grc' dir='ltr'><strong>τά</strong></span> 
     </span>
    </p>
   </div>
   <div class='ocr_carea' id='block_1_20' title="bbox 2404 682 3991 758">
    <p class='ocr_par' dir='ltr' id='par_1_20' title="bbox 2404 682 3991 758">
     <span class='ocr_line' id='line_1_20' title="bbox 2404 682 3991 758; baseline -0.008 -16"><span class='ocrx_word' id='word_1_105' title='bbox 2404 688 2689 758; x_wconf 86' lang='grc' dir='ltr'><strong>παράδοξα</strong></span> <span class='ocrx_word' id='word_1_106' title='bbox 2744 686 3095 757; x_wconf 79' lang='grc' dir='ltr'><strong>λογιζόμενος</strong></span> <span class='ocrx_word' id='word_1_107' title='bbox 3136 684 3239 753; x_wconf 83' lang='grc' dir='ltr'><strong>τὴν</strong></span> <span class='ocrx_word' id='word_1_108' title='bbox 3299 683 3428 754; x_wconf 78' lang='grc' dir='ltr'><strong>περὶ</strong></span> <span class='ocrx_word' id='word_1_109' title='bbox 3484 682 3664 736; x_wconf 81' lang='grc' dir='ltr'><strong>αὐτῶν</strong></span> <span class='ocrx_word' id='word_1_110' title='bbox 3696 683 3991 752; x_wconf 73' lang='grc' dir='ltr'><strong>ποιήσεται</strong></span> 
     </span>
    </p>
   </div>
   <div class='ocr_carea' id='block_1_21' title="bbox 2403 779 2688 849">
    <p class='ocr_par' dir='ltr' id='par_1_21' title="bbox 2403 779 2688 849">
     <span class='ocr_line' id='line_1_21' title="bbox 2403 779 2688 849; baseline 0 -16"><span class='ocrx_word' id='word_1_111' title='bbox 2403 779 2688 849; x_wconf 86' lang='grc' dir='ltr'><strong>πρόνοιαν.</strong></span> 
     </span>
    </p>
   </div>
   <div class='ocr_carea' id='block_1_22' title="bbox 2476 861 3989 942">
    <p class='ocr_par' dir='ltr' id='par_1_22' title="bbox 2476 861 3989 942">
     <span class='ocr_line' id='line_1_22' title="bbox 2476 861 3989 942; baseline -0.007 -17"><span class='ocrx_word' id='word_1_112' title='bbox 2476 869 2613 942; x_wconf 62' lang='grc' dir='ltr'><strong>ρκζν.</strong></span> <span class='ocrx_word' id='word_1_113' title='bbox 2648 871 2711 924; x_wconf 82' lang='grc' dir='ltr'><strong>Εἰ</strong></span> <span class='ocrx_word' id='word_1_114' title='bbox 2732 870 2789 924; x_wconf 84' lang='grc' dir='ltr'><strong>δέ</strong></span> <span class='ocrx_word' id='word_1_115' title='bbox 2813 886 2897 931; x_wconf 88' lang='grc' dir='ltr'><strong>τις</strong></span> <span class='ocrx_word' id='word_1_116' title='bbox 2922 869 3031 922; x_wconf 87' lang='grc' dir='ltr'><strong>τῶν</strong></span> <span class='ocrx_word' id='word_1_117' title='bbox 3054 867 3184 938; x_wconf 77' lang='grc' dir='ltr'><strong>περὶ</strong></span> <span class='ocrx_word' id='word_1_118' title='bbox 3214 867 3279 919; x_wconf 76' lang='grc' dir='ltr'><strong>σὲ</strong></span> <span class='ocrx_word' id='word_1_119' title='bbox 3310 864 3589 936; x_wconf 82' lang='grc' dir='ltr'><strong>ἀρχόντων</strong></span> <span class='ocrx_word' id='word_1_120' title='bbox 3621 862 3795 917; x_wconf 80' lang='grc' dir='ltr'><strong>πολλά</strong></span> <span class='ocrx_word' id='word_1_121' title='bbox 3813 861 3989 933; x_wconf 77' lang='grc' dir='ltr'><strong>πράτο</strong></span> 
     </span>
    </p>
   </div>
   <div class='ocr_carea' id='block_1_23' title="bbox 2403 952 3991 1030">
    <p class='ocr_par' dir='ltr' id='par_1_23' title="bbox 2403 952 3991 1030">
     <span class='ocr_line' id='line_1_23' title="bbox 2403 952 3991 1030; baseline -0.009 -12"><span class='ocrx_word' id='word_1_122' title='bbox 2403 981 2512 1018; x_wconf 87' lang='grc' dir='ltr'><strong>των</strong></span> <span class='ocrx_word' id='word_1_123' title='bbox 2549 962 2744 1027; x_wconf 79' lang='grc' dir='ltr'><strong>άνάξια</strong></span> <span class='ocrx_word' id='word_1_124' title='bbox 2802 964 2901 1017; x_wconf 76' lang='grc' dir='ltr'><strong>καὶ</strong></span> <span class='ocrx_word' id='word_1_125' title='bbox 2959 959 3140 1030; x_wconf 80' lang='grc' dir='ltr'><strong>φαῦλα</strong></span> <span class='ocrx_word' id='word_1_126' title='bbox 3205 957 3406 1029; x_wconf 81' lang='grc' dir='ltr'><strong>εὑρεθῇ</strong></span> <span class='ocrx_word' id='word_1_127' title='bbox 3431 998 3445 1019; x_wconf 84' lang='grc'><strong>,</strong></span> <span class='ocrx_word' id='word_1_128' title='bbox 3512 956 3649 1028; x_wconf 79' lang='grc' dir='ltr'><strong>μηδὲ</strong></span> <span class='ocrx_word' id='word_1_129' title='bbox 3708 955 3840 1024; x_wconf 69' lang='grc' dir='ltr'><strong>περὶ</strong></span> <span class='ocrx_word' id='word_1_130' title='bbox 3896 952 3991 1006; x_wconf 68' lang='grc' dir='ltr'><strong>καὶ</strong></span> 
     </span>
    </p>
   </div>
   <div class='ocr_carea' id='block_1_24' title="bbox 2413 1050 3991 1129">
    <p class='ocr_par' dir='ltr' id='par_1_24' title="bbox 2413 1050 3991 1129">
     <span class='ocr_line' id='line_1_24' title="bbox 2413 1050 3991 1129; baseline -0.008 -18"><span class='ocrx_word' id='word_1_131' title='bbox 2413 1056 2628 1129; x_wconf 80' lang='grc' dir='ltr'><strong>μικρῶν</strong></span> <span class='ocrx_word' id='word_1_132' title='bbox 2660 1055 2770 1110; x_wconf 84' lang='grc' dir='ltr'><strong>τῶν</strong></span> <span class='ocrx_word' id='word_1_133' title='bbox 2804 1055 3079 1125; x_wconf 83' lang='grc' dir='ltr'><strong>τυχόντων</strong></span> <span class='ocrx_word' id='word_1_134' title='bbox 3125 1052 3476 1124; x_wconf 80' lang='grc' dir='ltr'><strong>πραγμάτων</strong></span> <span class='ocrx_word' id='word_1_135' title='bbox 3530 1050 3682 1120; x_wconf 88' lang='grc' dir='ltr'><strong>αὑτῷ</strong></span> <span class='ocrx_word' id='word_1_136' title='bbox 3748 1062 3991 1103; x_wconf 82' lang='grc' dir='ltr'><strong>καταπι-</strong></span> 
     </span>
    </p>
   </div>
   <div class='ocr_carea' id='block_1_25' title="bbox 2417 1149 2673 1220">
    <p class='ocr_par' dir='ltr' id='par_1_25' title="bbox 2417 1149 2673 1220">
     <span class='ocr_line' id='line_1_25' title="bbox 2417 1149 2673 1220; baseline 0.008 -19"><span class='ocrx_word' id='word_1_137' title='bbox 2417 1149 2673 1220; x_wconf 81' lang='grc' dir='ltr'><strong>στεὺσῃς.</strong></span> 
     </span>
    </p>
   </div>
   <div class='ocr_carea' id='block_1_26' title="bbox 2482 1232 3981 1311">
    <p class='ocr_par' dir='ltr' id='par_1_26' title="bbox 2482 1232 3981 1311">
     <span class='ocr_line' id='line_1_26' title="bbox 2482 1232 3981 1311; baseline -0.005 -17"><span class='ocrx_word' id='word_1_138' title='bbox 2482 1239 2622 1311; x_wconf 84' lang='grc' dir='ltr'><strong>ρκη’.</strong></span> <span class='ocrx_word' id='word_1_139' title='bbox 2656 1240 2798 1294; x_wconf 82' lang='grc' dir='ltr'><strong>Ἴσθι</strong></span> <span class='ocrx_word' id='word_1_140' title='bbox 2852 1238 2963 1309; x_wconf 77' lang='grc' dir='ltr'><strong>γάρ</strong></span> <span class='ocrx_word' id='word_1_141' title='bbox 3005 1239 3087 1292; x_wconf 86' lang='grc' dir='ltr'><strong>ὅτι</strong></span> <span class='ocrx_word' id='word_1_142' title='bbox 3137 1237 3413 1299; x_wconf 84' lang='grc' dir='ltr'><strong>τοιούτους</strong></span> <span class='ocrx_word' id='word_1_143' title='bbox 3460 1232 3694 1304; x_wconf 69' lang='grc' dir='ltr'><strong>ὀφείλεις</strong></span> <span class='ocrx_word' id='word_1_144' title='bbox 3743 1233 3981 1304; x_wconf 73' lang='grc' dir='ltr'><strong>προϐάλ-</strong></span> 
     </span>
    </p>
   </div>
   <div class='ocr_carea' id='block_1_27' title="bbox 2407 1323 3989 1402">
    <p class='ocr_par' dir='ltr' id='par_1_27' title="bbox 2407 1323 3989 1402">
     <span class='ocr_line' id='line_1_27' title="bbox 2407 1323 3989 1402; baseline -0.008 -19"><span class='ocrx_word' id='word_1_145' title='bbox 2407 1331 2596 1386; x_wconf 72' lang='grc' dir='ltr'><strong>λεσθαι</strong></span> <span class='ocrx_word' id='word_1_146' title='bbox 2663 1332 2950 1402; x_wconf 82' lang='grc' dir='ltr'><strong>ἄρχοντας,</strong></span> <span class='ocrx_word' id='word_1_147' title='bbox 2994 1329 3192 1390; x_wconf 78' lang='grc' dir='ltr'><strong>οἵτινες</strong></span> <span class='ocrx_word' id='word_1_148' title='bbox 3242 1328 3352 1381; x_wconf 85' lang='grc' dir='ltr'><strong>τῶν</strong></span> <span class='ocrx_word' id='word_1_149' title='bbox 3416 1324 3746 1396; x_wconf 76' lang='grc' dir='ltr'><strong>ὑποχειρίων</strong></span> <span class='ocrx_word' id='word_1_150' title='bbox 3805 1323 3989 1377; x_wconf 75' lang='grc' dir='ltr'><strong>αὑτῶν</strong></span> 
     </span>
    </p>
   </div>
   <div class='ocr_carea' id='block_1_28' title="bbox 2408 1416 3997 1493">
    <p class='ocr_par' dir='ltr' id='par_1_28' title="bbox 2408 1416 3997 1493">
     <span class='ocr_line' id='line_1_28' title="bbox 2408 1416 3997 1493; baseline -0.005 -18"><span class='ocrx_word' id='word_1_151' title='bbox 2408 1422 2718 1493; x_wconf 81' lang='grc' dir='ltr'><strong>κρείττονες</strong></span> <span class='ocrx_word' id='word_1_152' title='bbox 2764 1422 3002 1474; x_wconf 78' lang='grc' dir='ltr'><strong>ἔσονται·</strong></span> <span class='ocrx_word' id='word_1_153' title='bbox 3037 1418 3251 1489; x_wconf 82' lang='grc' dir='ltr'><strong>φιλοῦσι</strong></span> <span class='ocrx_word' id='word_1_154' title='bbox 3302 1418 3411 1489; x_wconf 80' lang='grc' dir='ltr'><strong>γάρ</strong></span> <span class='ocrx_word' id='word_1_155' title='bbox 3439 1418 3529 1473; x_wconf 72' lang='grc' dir='ltr'><strong>ἀεὶ</strong></span> <span class='ocrx_word' id='word_1_156' title='bbox 3556 1416 3627 1471; x_wconf 81' lang='grc' dir='ltr'><strong>τὰ</strong></span> <span class='ocrx_word' id='word_1_157' title='bbox 3671 1417 3997 1488; x_wconf 81' lang='grc' dir='ltr'><strong>φρονήματα</strong></span> 
     </span>
    </p>
   </div>
   <div class='ocr_carea' id='block_1_29' title="bbox 2409 1510 3995 1584">
    <p class='ocr_par' dir='ltr' id='par_1_29' title="bbox 2409 1510 3995 1584">
     <span class='ocr_line' id='line_1_29' title="bbox 2409 1510 3995 1584; baseline -0.003 -18"><span class='ocrx_word' id='word_1_158' title='bbox 2409 1512 2516 1567; x_wconf 83' lang='grc' dir='ltr'><strong>τῶν</strong></span> <span class='ocrx_word' id='word_1_159' title='bbox 2535 1513 2857 1584; x_wconf 82' lang='grc' dir='ltr'><strong>ἀρχομένων</strong></span> <span class='ocrx_word' id='word_1_160' title='bbox 2889 1512 3327 1566; x_wconf 80' lang='grc' dir='ltr'><strong>συνδιατίθεσθαι</strong></span> <span class='ocrx_word' id='word_1_161' title='bbox 3350 1514 3465 1574; x_wconf 85' lang='grc' dir='ltr'><strong>τοῖς</strong></span> <span class='ocrx_word' id='word_1_162' title='bbox 3490 1512 3772 1584; x_wconf 80' lang='grc' dir='ltr'><strong>ἄρχουσιν.</strong></span> <span class='ocrx_word' id='word_1_163' title='bbox 3807 1510 3995 1571; x_wconf 76' lang='grc' dir='ltr'><strong>Οὕτως</strong></span> 
     </span>
    </p>
   </div>
   <div class='ocr_carea' id='block_1_30' title="bbox 2410 1602 3996 1675">
    <p class='ocr_par' dir='ltr' id='par_1_30' title="bbox 2410 1602 3996 1675">
     <span class='ocr_line' id='line_1_30' title="bbox 2410 1602 3996 1675; baseline 0 -20"><span class='ocrx_word' id='word_1_164' title='bbox 2410 1603 2519 1675; x_wconf 85' lang='grc' dir='ltr'><strong>γὰρ</strong></span> <span class='ocrx_word' id='word_1_165' title='bbox 2566 1604 2595 1655; x_wconf 90' lang='grc' dir='ltr'><strong>ό</strong></span> <span class='ocrx_word' id='word_1_166' title='bbox 2643 1604 2872 1673; x_wconf 84' lang='grc' dir='ltr'><strong>ἀρχαῖος</strong></span> <span class='ocrx_word' id='word_1_167' title='bbox 2928 1602 3355 1674; x_wconf 78' lang='grc' dir='ltr'><strong>πληρωθήσεται</strong></span> <span class='ocrx_word' id='word_1_168' title='bbox 3401 1602 3581 1672; x_wconf 84' lang='grc' dir='ltr'><strong>λόγος,</strong></span> <span class='ocrx_word' id='word_1_169' title='bbox 3626 1604 3703 1674; x_wconf 86' lang='grc' dir='ltr'><strong>μὴ</strong></span> <span class='ocrx_word' id='word_1_170' title='bbox 3761 1602 3996 1673; x_wconf 66' lang='grc' dir='ltr'><strong>ἐλάφους</strong></span> 
     </span>
    </p>
   </div>
   <div class='ocr_carea' id='block_1_31' title="bbox 2413 1695 3567 1769">
    <p class='ocr_par' dir='ltr' id='par_1_31' title="bbox 2413 1695 3567 1769">
     <span class='ocr_line' id='line_1_31' title="bbox 2413 1695 3567 1769; baseline 0 -17"><span class='ocrx_word' id='word_1_171' title='bbox 2413 1696 2603 1769; x_wconf 70' lang='grc' dir='ltr'><strong>ἄρχειν</strong></span> <span class='ocrx_word' id='word_1_172' title='bbox 2627 1697 2881 1757; x_wconf 86' lang='grc' dir='ltr'><strong>λεόντων,</strong></span> <span class='ocrx_word' id='word_1_173' title='bbox 2912 1695 3050 1750; x_wconf 84' lang='grc' dir='ltr'><strong>άλλά</strong></span> <span class='ocrx_word' id='word_1_174' title='bbox 3082 1696 3303 1758; x_wconf 88' lang='grc' dir='ltr'><strong>λέοντας</strong></span> <span class='ocrx_word' id='word_1_175' title='bbox 3331 1695 3567 1766; x_wconf 64' lang='grc' dir='ltr'><strong>ἐλάφων.</strong></span> 
     </span>
    </p>
   </div>
   <div class='ocr_carea' id='block_1_32' title="bbox 2486 1786 4000 1860">
    <p class='ocr_par' dir='ltr' id='par_1_32' title="bbox 2486 1786 4000 1860">
     <span class='ocr_line' id='line_1_32' title="bbox 2486 1786 4000 1860; baseline -0.003 -19"><span class='ocrx_word' id='word_1_176' title='bbox 2486 1788 2625 1860; x_wconf 82' lang='grc' dir='ltr'><strong>ρκο’.</strong></span> <span class='ocrx_word' id='word_1_177' title='bbox 2662 1789 2972 1859; x_wconf 86' lang='grc' dir='ltr'><strong>Ῥωμαλέον</strong></span> <span class='ocrx_word' id='word_1_178' title='bbox 2993 1788 3429 1852; x_wconf 82' lang='grc' dir='ltr'><strong>κατασκευάσεις</strong></span> <span class='ocrx_word' id='word_1_179' title='bbox 3455 1788 3518 1842; x_wconf 78' lang='grc' dir='ltr'><strong>τὸ</strong></span> <span class='ocrx_word' id='word_1_180' title='bbox 3544 1787 3886 1859; x_wconf 83' lang='grc' dir='ltr'><strong>στράτευμα,</strong></span> <span class='ocrx_word' id='word_1_181' title='bbox 3906 1786 4000 1841; x_wconf 76' lang='grc' dir='ltr'><strong>ἒάν</strong></span> 
     </span>
    </p>
   </div>
   <div class='ocr_carea' id='block_1_33' title="bbox 717 1858 2315 1951">
    <p class='ocr_par' dir='ltr' id='par_1_33' title="bbox 717 1858 2304 1945">
     <span class='ocr_line' id='line_1_33' title="bbox 717 1858 2304 1945; baseline -0.004 -10"><span class='ocrx_word' id='word_1_182' title='bbox 717 1881 1087 1937; x_wconf 83' lang='lat' dir='ltr'><strong>termissiouis</strong></span> <span class='ocrx_word' id='word_1_183' title='bbox 1127 1876 1251 1933; x_wconf 86' lang='lat' dir='ltr'><strong>belli</strong></span> <span class='ocrx_word' id='word_1_184' title='bbox 1285 1858 1501 1945; x_wconf 71' lang='lat' dir='ltr'><strong>tempus</strong></span> <span class='ocrx_word' id='word_1_185' title='bbox 1530 1876 1598 1929; x_wconf 88' lang='lat' dir='ltr'><strong>ad</strong></span> <span class='ocrx_word' id='word_1_186' title='bbox 1630 1876 2110 1939; x_wconf 79' lang='lat' dir='ltr'><strong>exercitationem,</strong></span> <span class='ocrx_word' id='word_1_187' title='bbox 2136 1887 2191 1932; x_wconf 82' lang='lat' dir='ltr'><strong>et</strong></span> <span class='ocrx_word' id='word_1_188' title='bbox 2221 1877 2304 1930; x_wconf 89' lang='lat' dir='ltr'><strong>la-</strong></span> 
     </span>
    </p>
   </div>
   <div class='ocr_carea' id='block_1_34' title="bbox 2425 1858 4000 1951">
    <p class='ocr_par' dir='ltr' id='par_1_34' title="bbox 2425 1858 4000 1951">
     <span class='ocr_line' id='line_1_34' title="bbox 2425 1858 4000 1951; baseline -0.001 -19"><span class='ocrx_word' id='word_1_189' title='bbox 2537 1881 2638 1949; x_wconf 82' lang='grc' dir='ltr'><strong>τῆς</strong></span> <span class='ocrx_word' id='word_1_190' title='bbox 2663 1858 2865 1951; x_wconf 80' lang='grc' dir='ltr'><strong>ἀνοχῆς</strong></span> <span class='ocrx_word' id='word_1_191' title='bbox 2892 1880 2984 1935; x_wconf 80' lang='grc' dir='ltr'><strong>τοῦ</strong></span> <span class='ocrx_word' id='word_1_192' title='bbox 3010 1880 3253 1950; x_wconf 88' lang='grc' dir='ltr'><strong>πολέμου</strong></span> <span class='ocrx_word' id='word_1_193' title='bbox 3289 1880 3483 1951; x_wconf 89' lang='grc' dir='ltr'><strong>καιρόν</strong></span> <span class='ocrx_word' id='word_1_194' title='bbox 3510 1880 3591 1943; x_wconf 85' lang='grc' dir='ltr'><strong>είς</strong></span> <span class='ocrx_word' id='word_1_195' title='bbox 3633 1879 3876 1949; x_wconf 77' lang='grc' dir='ltr'><strong>ἄσκησιν</strong></span> <span class='ocrx_word' id='word_1_196' title='bbox 3907 1877 4000 1931; x_wconf 76' lang='grc' dir='ltr'><strong>καὶ</strong></span> 
     </span>
    </p>
   </div>
   <div class='ocr_carea' id='block_1_35' title="bbox 718 1969 2307 2040">
    <p class='ocr_par' dir='ltr' id='par_1_35' title="bbox 718 1969 2307 2040">
     <span class='ocr_line' id='line_1_35' title="bbox 718 1969 2307 2040; baseline -0.003 -11"><span class='ocrx_word' id='word_1_197' title='bbox 718 1976 910 2029; x_wconf 90' lang='lat' dir='ltr'><strong>borcm</strong></span> <span class='ocrx_word' id='word_1_198' title='bbox 967 1975 1258 2028; x_wconf 83' lang='lat' dir='ltr'><strong>militarem</strong></span> <span class='ocrx_word' id='word_1_199' title='bbox 1317 1970 1680 2033; x_wconf 83' lang='lat' dir='ltr'><strong>assuefacias,</strong></span> <span class='ocrx_word' id='word_1_200' title='bbox 1734 1985 1857 2023; x_wconf 87' lang='lat' dir='ltr'><strong>nam</strong></span> <span class='ocrx_word' id='word_1_201' title='bbox 1896 1969 2023 2037; x_wconf 87' lang='lat' dir='ltr'><strong>belli</strong></span> <span class='ocrx_word' id='word_1_202' title='bbox 2064 1980 2307 2040; x_wconf 87' lang='lat' dir='ltr'><strong>tempore</strong></span> 
     </span>
    </p>
   </div>
   <div class='ocr_carea' id='block_1_36' title="bbox 717 2061 2306 2133">
    <p class='ocr_par' dir='ltr' id='par_1_36' title="bbox 717 2061 2306 2133">
     <span class='ocr_line' id='line_1_36' title="bbox 717 2061 2306 2133; baseline -0.002 -14"><span class='ocrx_word' id='word_1_203' title='bbox 717 2081 827 2121; x_wconf 92' lang='lat' dir='ltr'><strong>non</strong></span> <span class='ocrx_word' id='word_1_204' title='bbox 866 2065 1131 2130; x_wconf 87' lang='lat' dir='ltr'><strong>studium,</strong></span> <span class='ocrx_word' id='word_1_205' title='bbox 1174 2063 1269 2119; x_wconf 90' lang='lat' dir='ltr'><strong>sed</strong></span> <span class='ocrx_word' id='word_1_206' title='bbox 1314 2062 1569 2133; x_wconf 84' lang='lat' dir='ltr'><strong>peritiam</strong></span> <span class='ocrx_word' id='word_1_207' title='bbox 1600 2061 1895 2116; x_wconf 88' lang='lat' dir='ltr'><strong>militarem</strong></span> <span class='ocrx_word' id='word_1_208' title='bbox 1950 2061 2306 2118; x_wconf 86' lang='lat' dir='ltr'><strong>demonstra-</strong></span> 
     </span>
    </p>
   </div>
   <div class='ocr_carea' id='block_1_37' title="bbox 717 2160 873 2214">
    <p class='ocr_par' dir='ltr' id='par_1_37' title="bbox 717 2160 873 2214">
     <span class='ocr_line' id='line_1_37' title="bbox 717 2160 873 2214; baseline -0.006 -1"><span class='ocrx_word' id='word_1_209' title='bbox 717 2160 873 2214; x_wconf 82' lang='lat' dir='ltr'><strong>bunt.</strong></span> 
     </span>
    </p>
   </div>
   <div class='ocr_carea' id='block_1_38' title="bbox 790 2329 2305 2399">
    <p class='ocr_par' dir='ltr' id='par_1_38' title="bbox 790 2329 2305 2399">
     <span class='ocr_line' id='line_1_38' title="bbox 790 2329 2305 2399; baseline -0.003 -12"><span class='ocrx_word' id='word_1_210' title='bbox 790 2333 913 2389; x_wconf 79' lang='grc'>150.</span> <span class='ocrx_word' id='word_1_211' title='bbox 940 2331 1073 2385; x_wconf 91' lang='lat' dir='ltr'><strong>Dum</strong></span> <span class='ocrx_word' id='word_1_212' title='bbox 1098 2331 1350 2386; x_wconf 89' lang='lat' dir='ltr'><strong>cubitum</strong></span> <span class='ocrx_word' id='word_1_213' title='bbox 1379 2333 1447 2395; x_wconf 90' lang='lat' dir='ltr'><strong>is,</strong></span> <span class='ocrx_word' id='word_1_214' title='bbox 1468 2346 1648 2385; x_wconf 89' lang='lat' dir='ltr'><strong>rerum</strong></span> <span class='ocrx_word' id='word_1_215' title='bbox 1676 2329 2114 2384; x_wconf 88' lang='lat' dir='ltr'><strong>necessariarum</strong></span> <span class='ocrx_word' id='word_1_216' title='bbox 2155 2329 2305 2399; x_wconf 80' lang='lat' dir='ltr'><strong>cogi-</strong></span> 
     </span>
    </p>
   </div>
   <div class='ocr_carea' id='block_1_39' title="bbox 718 2420 2309 2491">
    <p class='ocr_par' dir='ltr' id='par_1_39' title="bbox 718 2420 2309 2491">
     <span class='ocr_line' id='line_1_39' title="bbox 718 2420 2309 2491; baseline -0.003 -14"><span class='ocrx_word' id='word_1_217' title='bbox 718 2426 855 2480; x_wconf 88' lang='lat' dir='ltr'><strong>tatio</strong></span> <span class='ocrx_word' id='word_1_218' title='bbox 880 2426 1123 2479; x_wconf 86' lang='lat' dir='ltr'><strong>animum</strong></span> <span class='ocrx_word' id='word_1_219' title='bbox 1153 2431 1308 2478; x_wconf 88' lang='lat' dir='ltr'><strong>tuum</strong></span> <span class='ocrx_word' id='word_1_220' title='bbox 1340 2422 1556 2477; x_wconf 87' lang='lat' dir='ltr'><strong>subeat.</strong></span> <span class='ocrx_word' id='word_1_221' title='bbox 1582 2420 1769 2491; x_wconf 84' lang='lat' dir='ltr'><strong>Neque</strong></span> <span class='ocrx_word' id='word_1_222' title='bbox 1796 2420 1949 2489; x_wconf 84' lang='lat' dir='ltr'><strong>prius</strong></span> <span class='ocrx_word' id='word_1_223' title='bbox 1974 2420 2028 2473; x_wconf 91' lang='lat' dir='ltr'><strong>in</strong></span> <span class='ocrx_word' id='word_1_224' title='bbox 2051 2434 2309 2474; x_wconf 88' lang='lat' dir='ltr'><strong>somnum</strong></span> 
     </span>
    </p>
   </div>
   <div class='ocr_carea' id='block_1_40' title="bbox 720 2496 2310 2587">
    <p class='ocr_par' dir='ltr' id='par_1_40' title="bbox 720 2496 2310 2587">
     <span class='ocr_line' id='line_1_40' title="bbox 720 2496 2310 2587; baseline -0.004 -16"><span class='ocrx_word' id='word_1_225' title='bbox 720 2529 776 2574; x_wconf 87' lang='lat' dir='ltr'><strong>te</strong></span> <span class='ocrx_word' id='word_1_226' title='bbox 822 2517 1031 2584; x_wconf 83' lang='lat' dir='ltr'><strong>tradas,</strong></span> <span class='ocrx_word' id='word_1_227' title='bbox 1063 2532 1229 2587; x_wconf 83' lang='lat' dir='ltr'><strong>quam</strong></span> <span class='ocrx_word' id='word_1_228' title='bbox 1268 2515 1555 2584; x_wconf 86' lang='lat' dir='ltr'><strong>repetieris</strong></span> <span class='ocrx_word' id='word_1_229' title='bbox 1616 2515 1802 2567; x_wconf 89' lang='lat' dir='ltr'><strong>animo</strong></span> <span class='ocrx_word' id='word_1_230' title='bbox 1855 2512 1990 2582; x_wconf 90' lang='lat' dir='ltr'><strong>quid</strong></span> <span class='ocrx_word' id='word_1_231' title='bbox 2040 2496 2135 2576; x_wconf 84' lang='lat' dir='ltr'><strong>sit,</strong></span> <span class='ocrx_word' id='word_1_232' title='bbox 2163 2512 2310 2581; x_wconf 91' lang='lat' dir='ltr'><strong>quod</strong></span> 
     </span>
    </p>
   </div>
   <div class='ocr_carea' id='block_1_41' title="bbox 724 2605 2307 2675">
    <p class='ocr_par' dir='ltr' id='par_1_41' title="bbox 724 2605 2307 2675">
     <span class='ocr_line' id='line_1_41' title="bbox 724 2605 2307 2675; baseline -0.004 -12"><span class='ocrx_word' id='word_1_233' title='bbox 724 2609 1037 2665; x_wconf 75' lang='lat' dir='ltr'><strong>faciendum</strong></span> <span class='ocrx_word' id='word_1_234' title='bbox 1087 2606 1214 2673; x_wconf 84' lang='lat' dir='ltr'><strong>fuit,</strong></span> <span class='ocrx_word' id='word_1_235' title='bbox 1267 2615 1323 2662; x_wconf 90' lang='lat' dir='ltr'><strong>et</strong></span> <span class='ocrx_word' id='word_1_236' title='bbox 1357 2622 1387 2660; x_wconf 91' lang='lat' dir='ltr'><strong>a</strong></span> <span class='ocrx_word' id='word_1_237' title='bbox 1420 2614 1473 2662; x_wconf 90' lang='lat' dir='ltr'><strong>te</strong></span> <span class='ocrx_word' id='word_1_238' title='bbox 1508 2613 1690 2660; x_wconf 88' lang='lat' dir='ltr'><strong>tamen</strong></span> <span class='ocrx_word' id='word_1_239' title='bbox 1725 2605 2159 2675; x_wconf 59' lang='lat' dir='ltr'><strong>praetermissum</strong></span> <span class='ocrx_word' id='word_1_240' title='bbox 2198 2611 2307 2670; x_wconf 90' lang='lat' dir='ltr'><strong>est,</strong></span> 
     </span>
    </p>
   </div>
   <div class='ocr_carea' id='block_1_42' title="bbox 722 2696 2313 2771">
    <p class='ocr_par' dir='ltr' id='par_1_42' title="bbox 722 2696 2313 2771">
     <span class='ocr_line' id='line_1_42' title="bbox 722 2696 2313 2771; baseline -0.004 -16"><span class='ocrx_word' id='word_1_241' title='bbox 722 2710 817 2756; x_wconf 91' lang='lat' dir='ltr'><strong>aut</strong></span> <span class='ocrx_word' id='word_1_242' title='bbox 841 2701 973 2771; x_wconf 85' lang='lat' dir='ltr'><strong>quid</strong></span> <span class='ocrx_word' id='word_1_243' title='bbox 999 2700 1249 2755; x_wconf 85' lang='lat' dir='ltr'><strong>crastino</strong></span> <span class='ocrx_word' id='word_1_244' title='bbox 1272 2697 1362 2754; x_wconf 89' lang='lat' dir='ltr'><strong>die</strong></span> <span class='ocrx_word' id='word_1_245' title='bbox 1381 2697 1654 2769; x_wconf 82' lang='lat' dir='ltr'><strong>agendum</strong></span> <span class='ocrx_word' id='word_1_246' title='bbox 1679 2696 1775 2762; x_wconf 86' lang='lat' dir='ltr'><strong>sit,</strong></span> <span class='ocrx_word' id='word_1_247' title='bbox 1813 2704 1869 2751; x_wconf 93' lang='lat' dir='ltr'><strong>et</strong></span> <span class='ocrx_word' id='word_1_248' title='bbox 1898 2696 2001 2750; x_wconf 88' lang='lat' dir='ltr'><strong>hoc</strong></span> <span class='ocrx_word' id='word_1_249' title='bbox 2022 2696 2313 2765; x_wconf 75' lang='lat' dir='ltr'><strong>diligenter</strong></span> 
     </span>
    </p>
   </div>
   <div class='ocr_carea' id='block_1_43' title="bbox 724 2792 918 2847">
    <p class='ocr_par' dir='ltr' id='par_1_43' title="bbox 724 2792 918 2847">
     <span class='ocr_line' id='line_1_43' title="bbox 724 2792 918 2847; baseline -0.005 -2"><span class='ocrx_word' id='word_1_250' title='bbox 724 2792 918 2847; x_wconf 71' lang='lat' dir='ltr'><strong>facias.</strong></span> 
     </span>
    </p>
   </div>
   <div class='ocr_carea' id='block_1_44' title="bbox 797 2875 2311 2952">
    <p class='ocr_par' dir='ltr' id='par_1_44' title="bbox 797 2875 2311 2952">
     <span class='ocr_line' id='line_1_44' title="bbox 797 2875 2311 2952; baseline -0.004 -17"><span class='ocrx_word' id='word_1_251' title='bbox 797 2884 918 2936; x_wconf 75' lang='grc'><strong>151.</strong></span> <span class='ocrx_word' id='word_1_252' title='bbox 941 2880 1293 2952; x_wconf 86' lang='lat' dir='ltr'><strong>Contemptui</strong></span> <span class='ocrx_word' id='word_1_253' title='bbox 1323 2879 1633 2943; x_wconf 81' lang='lat' dir='ltr'><strong>habeberis,</strong></span> <span class='ocrx_word' id='word_1_254' title='bbox 1663 2878 1709 2933; x_wconf 92' lang='lat' dir='ltr'><strong>si</strong></span> <span class='ocrx_word' id='word_1_255' title='bbox 1749 2877 1928 2933; x_wconf 80' lang='lat' dir='ltr'><strong>cuivis</strong></span> <span class='ocrx_word' id='word_1_256' title='bbox 1972 2875 2311 2947; x_wconf 76' lang='lat' dir='ltr'><strong>promittenti</strong></span> 
     </span>
    </p>
   </div>
   <div class='ocr_carea' id='block_1_45' title="bbox 728 2966 2312 3040">
    <p class='ocr_par' dir='ltr' id='par_1_45' title="bbox 728 2966 2312 3040">
     <span class='ocr_line' id='line_1_45' title="bbox 728 2966 2312 3040; baseline -0.004 -15"><span class='ocrx_word' id='word_1_257' title='bbox 728 2973 886 3028; x_wconf 80' lang='lat' dir='ltr'><strong>Iidem</strong></span> <span class='ocrx_word' id='word_1_258' title='bbox 926 2974 1205 3037; x_wconf 79' lang='lat' dir='ltr'><strong>habueris,</strong></span> <span class='ocrx_word' id='word_1_259' title='bbox 1240 2980 1295 3029; x_wconf 89' lang='lat' dir='ltr'><strong>et</strong></span> <span class='ocrx_word' id='word_1_260' title='bbox 1340 2972 1508 3027; x_wconf 91' lang='lat' dir='ltr'><strong>surdo</strong></span> <span class='ocrx_word' id='word_1_261' title='bbox 1543 2971 1784 3025; x_wconf 86' lang='lat' dir='ltr'><strong>deterior</strong></span> <span class='ocrx_word' id='word_1_262' title='bbox 1834 2984 1955 3024; x_wconf 86' lang='lat' dir='ltr'><strong>esse</strong></span> <span class='ocrx_word' id='word_1_263' title='bbox 2011 2966 2312 3040; x_wconf 83' lang='lat' dir='ltr'><strong>putaberis.</strong></span> 
     </span>
    </p>
   </div>
   <div class='ocr_carea' id='block_1_46' title="bbox 728 3063 2311 3133">
    <p class='ocr_par' dir='ltr' id='par_1_46' title="bbox 728 3063 2311 3133">
     <span class='ocr_line' id='line_1_46' title="bbox 728 3063 2311 3133; baseline -0.004 -17"><span class='ocrx_word' id='word_1_264' title='bbox 728 3064 823 3116; x_wconf 79' lang='lat' dir='ltr'><strong>Sin</strong></span> <span class='ocrx_word' id='word_1_265' title='bbox 852 3066 1150 3133; x_wconf 78' lang='lat' dir='ltr'><strong>expendas,</strong></span> <span class='ocrx_word' id='word_1_266' title='bbox 1207 3071 1373 3133; x_wconf 90' lang='lat' dir='ltr'><strong>atque</strong></span> <span class='ocrx_word' id='word_1_267' title='bbox 1405 3063 1691 3131; x_wconf 80' lang='lat' dir='ltr'><strong>exquiras,</strong></span> <span class='ocrx_word' id='word_1_268' title='bbox 1743 3076 1864 3130; x_wconf 77' lang='lat' dir='ltr'><strong>qua:</strong></span> <span class='ocrx_word' id='word_1_269' title='bbox 1908 3067 2311 3129; x_wconf 72' lang='lat' dir='ltr'><strong>proponuntur,</strong></span> 
     </span>
    </p>
   </div>
   <div class='ocr_carea' id='block_1_47' title="bbox 727 3150 2316 3225">
    <p class='ocr_par' dir='ltr' id='par_1_47' title="bbox 727 3150 2316 3225">
     <span class='ocr_line' id='line_1_47' title="bbox 727 3150 2316 3225; baseline -0.003 -19"><span class='ocrx_word' id='word_1_270' title='bbox 727 3156 852 3211; x_wconf 81' lang='lat' dir='ltr'><strong>\ilis</strong></span> <span class='ocrx_word' id='word_1_271' title='bbox 906 3155 1294 3225; x_wconf 87' lang='lat' dir='ltr'><strong>unusquisque</strong></span> <span class='ocrx_word' id='word_1_272' title='bbox 1338 3170 1404 3211; x_wconf 83' lang='lat' dir='ltr'><strong>ac</strong></span> <span class='ocrx_word' id='word_1_273' title='bbox 1452 3156 1698 3223; x_wconf 86' lang='lat' dir='ltr'><strong>plebeius</strong></span> <span class='ocrx_word' id='word_1_274' title='bbox 1729 3155 1812 3206; x_wconf 78' lang='lat' dir='ltr'><strong>vir</strong></span> <span class='ocrx_word' id='word_1_275' title='bbox 1864 3160 2013 3205; x_wconf 86' lang='lat' dir='ltr'><strong>tuam</strong></span> <span class='ocrx_word' id='word_1_276' title='bbox 2074 3150 2316 3221; x_wconf 61' lang='lat' dir='ltr'><strong>pruden-</strong></span> 
     </span>
    </p>
   </div>
   <div class='ocr_carea' id='block_1_48' title="bbox 2413 1970 4002 2043">
    <p class='ocr_par' dir='ltr' id='par_1_48' title="bbox 2413 1970 4002 2043">
     <span class='ocr_line' id='line_1_48' title="bbox 2413 1970 4002 2043; baseline -0.001 -18"><span class='ocrx_word' id='word_1_277' title='bbox 2413 1972 2722 2043; x_wconf 84' lang='grc' dir='ltr'><strong>γυμνασίαν</strong></span> <span class='ocrx_word' id='word_1_278' title='bbox 2747 1974 2857 2026; x_wconf 88' lang='grc' dir='ltr'><strong>τῶν</strong></span> <span class='ocrx_word' id='word_1_279' title='bbox 2886 1972 3031 2027; x_wconf 88' lang='grc' dir='ltr'><strong>κατά</strong></span> <span class='ocrx_word' id='word_1_280' title='bbox 3058 1972 3300 2042; x_wconf 87' lang='grc' dir='ltr'><strong>πόλεμον</strong></span> <span class='ocrx_word' id='word_1_281' title='bbox 3326 1973 3506 2043; x_wconf 79' lang='grc' dir='ltr'><strong>ἔργων</strong></span> <span class='ocrx_word' id='word_1_282' title='bbox 3538 1970 3844 2041; x_wconf 74' lang='grc' dir='ltr'><strong>ἀφοσιώσῃ.</strong></span> <span class='ocrx_word' id='word_1_283' title='bbox 3869 1972 4002 2023; x_wconf 80' lang='grc' dir='ltr'><strong>Τότε</strong></span> 
     </span>
    </p>
   </div>
   <div class='ocr_carea' id='block_1_49' title="bbox 2415 2061 4002 2135">
    <p class='ocr_par' dir='ltr' id='par_1_49' title="bbox 2415 2061 4002 2135">
     <span class='ocr_line' id='line_1_49' title="bbox 2415 2061 4002 2135; baseline -0.001 -19"><span class='ocrx_word' id='word_1_284' title='bbox 2415 2064 2524 2135; x_wconf 74' lang='grc' dir='ltr'><strong>γάρ</strong></span> <span class='ocrx_word' id='word_1_285' title='bbox 2554 2066 2612 2117; x_wconf 83' lang='grc' dir='ltr'><strong>ὲν</strong></span> <span class='ocrx_word' id='word_1_286' title='bbox 2645 2064 2821 2135; x_wconf 88' lang='grc' dir='ltr'><strong>καιρῷ</strong></span> <span class='ocrx_word' id='word_1_287' title='bbox 2847 2065 3164 2134; x_wconf 83' lang='grc' dir='ltr'><strong>πολεμικῶν</strong></span> <span class='ocrx_word' id='word_1_288' title='bbox 3188 2063 3414 2132; x_wconf 80' lang='grc' dir='ltr'><strong>ἀγώνων</strong></span> <span class='ocrx_word' id='word_1_289' title='bbox 3442 2064 3544 2117; x_wconf 92' lang='grc' dir='ltr'><strong>οὑκ</strong></span> <span class='ocrx_word' id='word_1_290' title='bbox 3573 2064 3653 2116; x_wconf 80' lang='grc' dir='ltr'><strong>ἔτι</strong></span> <span class='ocrx_word' id='word_1_291' title='bbox 3687 2061 3802 2131; x_wconf 72' lang='grc' dir='ltr'><strong>(ιο)</strong></span> <span class='ocrx_word' id='word_1_292' title='bbox 3844 2062 4002 2131; x_wconf 74' lang='grc' dir='ltr'><strong>μελέ-</strong></span> 
     </span>
    </p>
   </div>
   <div class='ocr_carea' id='block_1_50' title="bbox 2416 2154 4004 2229">
    <p class='ocr_par' dir='ltr' id='par_1_50' title="bbox 2416 2154 4004 2229">
     <span class='ocr_line' id='line_1_50' title="bbox 2416 2154 4004 2229; baseline -0.001 -19"><span class='ocrx_word' id='word_1_293' title='bbox 2416 2175 2516 2227; x_wconf 83' lang='grc' dir='ltr'><strong>την</strong></span> <span class='ocrx_word' id='word_1_294' title='bbox 2577 2157 2694 2211; x_wconf 81' lang='grc' dir='ltr'><strong>ἀλλ’</strong></span> <span class='ocrx_word' id='word_1_295' title='bbox 2751 2156 3017 2219; x_wconf 72' lang='grc' dir='ltr'><strong>ἐπίδειξιν</strong></span> <span class='ocrx_word' id='word_1_296' title='bbox 3064 2157 3166 2228; x_wconf 85' lang='grc' dir='ltr'><strong>τῆς</strong></span> <span class='ocrx_word' id='word_1_297' title='bbox 3230 2157 3600 2229; x_wconf 74' lang='grc' dir='ltr'><strong>ἀνδραγαθίας</strong></span> <span class='ocrx_word' id='word_1_298' title='bbox 3650 2154 4004 2226; x_wconf 70' lang='grc' dir='ltr'><strong>παρασκευάσ</strong></span> 
     </span>
    </p>
   </div>
   <div class='ocr_carea' id='block_1_51' title="bbox 2420 2232 2894 2319">
    <p class='ocr_par' dir='ltr' id='par_1_51' title="bbox 2420 2232 2894 2319">
     <span class='ocr_line' id='line_1_51' title="bbox 2420 2232 2894 2319; baseline 0.004 -17"><span class='ocrx_word' id='word_1_299' title='bbox 2420 2266 2533 2313; x_wconf 86' lang='grc' dir='ltr'><strong>σεις</strong></span> <span class='ocrx_word' id='word_1_300' title='bbox 2572 2251 2708 2319; x_wconf 74' lang='grc' dir='ltr'><strong>(ιι).</strong></span> <span class='ocrx_word' id='word_1_301' title='bbox 2881 2232 2894 2251; x_wconf 84' lang='lat'><strong>‘</strong></span> 
     </span>
    </p>
   </div>
   <div class='ocr_carea' id='block_1_52' title="bbox 2490 2340 4008 2416">
    <p class='ocr_par' dir='ltr' id='par_1_52' title="bbox 2490 2340 4008 2416">
     <span class='ocr_line' id='line_1_52' title="bbox 2490 2340 4008 2416; baseline -0.003 -20"><span class='ocrx_word' id='word_1_302' title='bbox 2490 2343 2588 2415; x_wconf 70' lang='grc' dir='ltr'><strong>ρλθ.</strong></span> <span class='ocrx_word' id='word_1_303' title='bbox 2646 2344 2711 2398; x_wconf 86' lang='grc' dir='ltr'><strong><em>Ἦ</em></strong></span> <span class='ocrx_word' id='word_1_304' title='bbox 2757 2345 2955 2416; x_wconf 85' lang='grc' dir='ltr'><strong>μελέτη</strong></span> <span class='ocrx_word' id='word_1_305' title='bbox 3020 2362 3102 2398; x_wconf 95' lang='grc' dir='ltr'><strong>σοι</strong></span> <span class='ocrx_word' id='word_1_306' title='bbox 3131 2344 3241 2397; x_wconf 84' lang='grc' dir='ltr'><strong>τῶν</strong></span> <span class='ocrx_word' id='word_1_307' title='bbox 3300 2343 3617 2412; x_wconf 73' lang='grc' dir='ltr'><strong>ἀναγκαίων</strong></span> <span class='ocrx_word' id='word_1_308' title='bbox 3661 2340 4008 2413; x_wconf 80' lang='grc' dir='ltr'><strong>πραγμάτων</strong></span> 
     </span>
    </p>
   </div>
   <div class='ocr_carea' id='block_1_53' title="bbox 2418 2434 4007 2509">
    <p class='ocr_par' dir='ltr' id='par_1_53' title="bbox 2418 2434 4007 2509">
     <span class='ocr_line' id='line_1_53' title="bbox 2418 2434 4007 2509; baseline -0.003 -20"><span class='ocrx_word' id='word_1_309' title='bbox 2418 2436 2722 2507; x_wconf 77' lang='grc' dir='ltr'><strong>ἠρεμοῦντι</strong></span> <span class='ocrx_word' id='word_1_310' title='bbox 2750 2437 3009 2505; x_wconf 80' lang='grc' dir='ltr'><strong>γινέσθω,</strong></span> <span class='ocrx_word' id='word_1_311' title='bbox 3043 2438 3140 2491; x_wconf 71' lang='grc' dir='ltr'><strong>καὶ</strong></span> <span class='ocrx_word' id='word_1_312' title='bbox 3172 2437 3246 2507; x_wconf 81' lang='grc' dir='ltr'><strong>μὴ</strong></span> <span class='ocrx_word' id='word_1_313' title='bbox 3274 2436 3542 2509; x_wconf 77' lang='grc' dir='ltr'><strong>πρότερον</strong></span> <span class='ocrx_word' id='word_1_314' title='bbox 3562 2437 3643 2498; x_wconf 83' lang='grc' dir='ltr'><strong>είς</strong></span> <span class='ocrx_word' id='word_1_315' title='bbox 3678 2434 3848 2488; x_wconf 79' lang='grc' dir='ltr'><strong>ὕπνον</strong></span> <span class='ocrx_word' id='word_1_316' title='bbox 3879 2434 4007 2504; x_wconf 84' lang='grc' dir='ltr'><strong>τρέ-</strong></span> 
     </span>
    </p>
   </div>
   <div class='ocr_carea' id='block_1_54' title="bbox 2418 2524 4010 2599">
    <p class='ocr_par' dir='ltr' id='par_1_54' title="bbox 2418 2524 4010 2599">
     <span class='ocr_line' id='line_1_54' title="bbox 2418 2524 4010 2599; baseline -0.003 -18"><span class='ocrx_word' id='word_1_317' title='bbox 2418 2546 2521 2581; x_wconf 85' lang='grc' dir='ltr'><strong>που</strong></span> <span class='ocrx_word' id='word_1_318' title='bbox 2559 2530 2691 2599; x_wconf 80' lang='grc' dir='ltr'><strong>πρὶν</strong></span> <span class='ocrx_word' id='word_1_319' title='bbox 2719 2529 2786 2583; x_wconf 86' lang='grc' dir='ltr'><strong>ἂν</strong></span> <span class='ocrx_word' id='word_1_320' title='bbox 2814 2528 3167 2599; x_wconf 77' lang='grc' dir='ltr'><strong>κατανοήσῃς</strong></span> <span class='ocrx_word' id='word_1_321' title='bbox 3188 2528 3243 2581; x_wconf 92' lang='grc' dir='ltr'><strong>τί</strong></span> <span class='ocrx_word' id='word_1_322' title='bbox 3274 2528 3374 2599; x_wconf 82' lang='grc' dir='ltr'><strong>μὲν</strong></span> <span class='ocrx_word' id='word_1_323' title='bbox 3410 2527 3518 2581; x_wconf 68' lang='grc' dir='ltr'><strong>ἔδει</strong></span> <span class='ocrx_word' id='word_1_324' title='bbox 3546 2526 3888 2597; x_wconf 79' lang='grc' dir='ltr'><strong>πραχθῆναι,</strong></span> <span class='ocrx_word' id='word_1_325' title='bbox 3911 2524 4010 2577; x_wconf 69' lang='grc' dir='ltr'><strong>καὶ</strong></span> 
     </span>
    </p>
   </div>
   <div class='ocr_carea' id='block_1_55' title="bbox 2418 2616 4003 2690">
    <p class='ocr_par' dir='ltr' id='par_1_55' title="bbox 2418 2616 4003 2690">
     <span class='ocr_line' id='line_1_55' title="bbox 2418 2616 4003 2690; baseline -0.003 -17"><span class='ocrx_word' id='word_1_326' title='bbox 2418 2618 2578 2673; x_wconf 78' lang='grc' dir='ltr'><strong>τοῦτο</strong></span> <span class='ocrx_word' id='word_1_327' title='bbox 2628 2620 2930 2690; x_wconf 82' lang='grc' dir='ltr'><strong>παρέλιπες</strong></span> <span class='ocrx_word' id='word_1_328' title='bbox 2958 2638 2972 2652; x_wconf 89' lang='grc'><strong>·</strong></span> <span class='ocrx_word' id='word_1_329' title='bbox 3005 2619 3059 2673; x_wconf 85' lang='grc' dir='ltr'><strong>τί</strong></span> <span class='ocrx_word' id='word_1_330' title='bbox 3103 2620 3160 2674; x_wconf 82' lang='grc' dir='ltr'><strong>δὲ</strong></span> <span class='ocrx_word' id='word_1_331' title='bbox 3202 2621 3283 2682; x_wconf 87' lang='grc' dir='ltr'><strong>εἰς</strong></span> <span class='ocrx_word' id='word_1_332' title='bbox 3319 2619 3421 2688; x_wconf 80' lang='grc' dir='ltr'><strong>τὴν</strong></span> <span class='ocrx_word' id='word_1_333' title='bbox 3464 2617 3654 2690; x_wconf 70' lang='grc' dir='ltr'><strong>αὔριον</strong></span> <span class='ocrx_word' id='word_1_334' title='bbox 3691 2616 4003 2687; x_wconf 76' lang='grc' dir='ltr'><strong>πραχθῆναι</strong></span> 
     </span>
    </p>
   </div>
   <div class='ocr_carea' id='block_1_56' title="bbox 2420 2710 3487 2782">
    <p class='ocr_par' dir='ltr' id='par_1_56' title="bbox 2420 2710 3487 2782">
     <span class='ocr_line' id='line_1_56' title="bbox 2420 2710 3487 2782; baseline 0.001 -18"><span class='ocrx_word' id='word_1_335' title='bbox 2420 2710 2607 2779; x_wconf 70' lang='grc' dir='ltr'><strong>καλὸν,</strong></span> <span class='ocrx_word' id='word_1_336' title='bbox 2650 2714 2745 2765; x_wconf 79' lang='grc' dir='ltr'><strong>καὶ</strong></span> <span class='ocrx_word' id='word_1_337' title='bbox 2774 2712 2970 2766; x_wconf 81' lang='grc' dir='ltr'><strong>τούτου</strong></span> <span class='ocrx_word' id='word_1_338' title='bbox 2999 2711 3213 2782; x_wconf 76' lang='grc' dir='ltr'><strong>ταχέως</strong></span> <span class='ocrx_word' id='word_1_339' title='bbox 3239 2711 3487 2782; x_wconf 75' lang='grc' dir='ltr'><strong>άπάρξῃ.</strong></span> 
     </span>
    </p>
   </div>
   <div class='ocr_carea' id='block_1_57' title="bbox 2497 2886 4011 2962">
    <p class='ocr_par' dir='ltr' id='par_1_57' title="bbox 2497 2886 4011 2962">
     <span class='ocr_line' id='line_1_57' title="bbox 2497 2886 4011 2962; baseline -0.002 -20"><span class='ocrx_word' id='word_1_340' title='bbox 2497 2890 2633 2958; x_wconf 85' lang='grc' dir='ltr'><strong>ρλα’.</strong></span> <span class='ocrx_word' id='word_1_341' title='bbox 2675 2887 2999 2962; x_wconf 80' lang='grc' dir='ltr'><strong>Νομισϐήσῃ</strong></span> <span class='ocrx_word' id='word_1_342' title='bbox 3025 2888 3229 2958; x_wconf 79' lang='grc' dir='ltr'><strong>κοῦφος</strong></span> <span class='ocrx_word' id='word_1_343' title='bbox 3257 2889 3352 2941; x_wconf 80' lang='grc' dir='ltr'><strong>καὶ</strong></span> <span class='ocrx_word' id='word_1_344' title='bbox 3378 2886 3861 2957; x_wconf 82' lang='grc' dir='ltr'><strong>εὐκαταφρόνητος</strong></span> <span class='ocrx_word' id='word_1_345' title='bbox 3899 2887 4011 2947; x_wconf 83' lang='grc' dir='ltr'><strong>τοῖς</strong></span> 
     </span>
    </p>
   </div>
   <div class='ocr_carea' id='block_1_58' title="bbox 2426 2978 4021 3050">
    <p class='ocr_par' dir='ltr' id='par_1_58' title="bbox 2426 2978 4021 3050">
     <span class='ocr_line' id='line_1_58' title="bbox 2426 2978 4021 3050; baseline -0.002 -16"><span class='ocrx_word' id='word_1_346' title='bbox 2426 2980 2868 3050; x_wconf 79' lang='grc' dir='ltr'><strong>ἐντυγχάνουσιν,</strong></span> <span class='ocrx_word' id='word_1_347' title='bbox 2898 2980 2994 3032; x_wconf 74' lang='grc' dir='ltr'><strong>ἐὰν</strong></span> <span class='ocrx_word' id='word_1_348' title='bbox 3016 2978 3327 3050; x_wconf 78' lang='grc' dir='ltr'><strong>προχείρως</strong></span> <span class='ocrx_word' id='word_1_349' title='bbox 3349 2978 3618 3050; x_wconf 79' lang='grc' dir='ltr'><strong>πιστεύῃς</strong></span> <span class='ocrx_word' id='word_1_350' title='bbox 3648 2981 3761 3042; x_wconf 76' lang='grc' dir='ltr'><strong>τοῖς</strong></span> <span class='ocrx_word' id='word_1_351' title='bbox 3790 2980 4021 3049; x_wconf 77' lang='grc' dir='ltr'><strong>ὑποσχο-</strong></span> 
     </span>
    </p>
   </div>
   <div class='ocr_carea' id='block_1_59' title="bbox 2430 3068 4019 3140">
    <p class='ocr_par' dir='ltr' id='par_1_59' title="bbox 2430 3068 4019 3140">
     <span class='ocr_line' id='line_1_59' title="bbox 2430 3068 4019 3140; baseline 0.001 -18"><span class='ocrx_word' id='word_1_352' title='bbox 2430 3072 2619 3140; x_wconf 85' lang='grc' dir='ltr'><strong>μένοις</strong></span> <span class='ocrx_word' id='word_1_353' title='bbox 2654 3070 2736 3123; x_wconf 90' lang='grc' dir='ltr'><strong>σοί</strong></span> <span class='ocrx_word' id='word_1_354' title='bbox 2769 3088 2822 3121; x_wconf 88' lang='grc' dir='ltr'><strong>τι</strong></span> <span class='ocrx_word' id='word_1_355' title='bbox 2856 3069 3109 3138; x_wconf 77' lang='grc' dir='ltr'><strong>πράξειν.</strong></span> <span class='ocrx_word' id='word_1_356' title='bbox 3147 3069 3276 3124; x_wconf 78' lang='grc' dir='ltr'><strong>Ἐὰν</strong></span> <span class='ocrx_word' id='word_1_357' title='bbox 3306 3069 3362 3123; x_wconf 78' lang='grc' dir='ltr'><strong>δὲ</strong></span> <span class='ocrx_word' id='word_1_358' title='bbox 3393 3068 3659 3133; x_wconf 74' lang='grc' dir='ltr'><strong>ἐξετάζων</strong></span> <span class='ocrx_word' id='word_1_359' title='bbox 3683 3069 3783 3123; x_wconf 84' lang='grc' dir='ltr'><strong>καὶ</strong></span> <span class='ocrx_word' id='word_1_360' title='bbox 3805 3070 4019 3137; x_wconf 86' lang='grc' dir='ltr'><strong>γυμνά-</strong></span> 
     </span>
    </p>
   </div>
   <div class='ocr_carea' id='block_1_60' title="bbox 2434 3158 4019 3231">
    <p class='ocr_par' dir='ltr' id='par_1_60' title="bbox 2434 3158 4019 3231">
     <span class='ocr_line' id='line_1_60' title="bbox 2434 3158 4019 3231; baseline -0.003 -17"><span class='ocrx_word' id='word_1_361' title='bbox 2434 3163 2541 3225; x_wconf 83' lang='grc' dir='ltr'><strong>ζων</strong></span> <span class='ocrx_word' id='word_1_362' title='bbox 2564 3163 2625 3214; x_wconf 82' lang='grc' dir='ltr'><strong>τὸ</strong></span> <span class='ocrx_word' id='word_1_363' title='bbox 2647 3164 2881 3231; x_wconf 77' lang='grc' dir='ltr'><strong>πρᾶγμα</strong></span> <span class='ocrx_word' id='word_1_364' title='bbox 2908 3163 3103 3231; x_wconf 79' lang='grc' dir='ltr'><strong>φανῇς,</strong></span> <span class='ocrx_word' id='word_1_365' title='bbox 3131 3160 3445 3230; x_wconf 78' lang='grc' dir='ltr'><strong>αἰδούμενος</strong></span> <span class='ocrx_word' id='word_1_366' title='bbox 3474 3161 3706 3224; x_wconf 71' lang='grc' dir='ltr'><strong>ἕκαστος</strong></span> <span class='ocrx_word' id='word_1_367' title='bbox 3738 3158 3852 3213; x_wconf 85' lang='grc' dir='ltr'><strong>τῶν</strong></span> <span class='ocrx_word' id='word_1_368' title='bbox 3886 3160 4019 3228; x_wconf 76' lang='grc' dir='ltr'><strong>φαύο</strong></span> 
     </span>
    </p>
   </div>
   <div class='ocr_carea' id='block_1_61' title="bbox 728 3220 2315 3322">
    <p class='ocr_par' dir='ltr' id='par_1_61' title="bbox 728 3243 2315 3312">
     <span class='ocr_line' id='line_1_61' title="bbox 728 3243 2315 3312; baseline -0.004 -11"><span class='ocrx_word' id='word_1_369' title='bbox 728 3248 882 3309; x_wconf 86' lang='lat' dir='ltr'><strong>tiam,</strong></span> <span class='ocrx_word' id='word_1_370' title='bbox 928 3262 993 3301; x_wconf 89' lang='lat' dir='ltr'><strong>ac</strong></span> <span class='ocrx_word' id='word_1_371' title='bbox 1032 3248 1314 3302; x_wconf 84' lang='lat' dir='ltr'><strong>solertiam</strong></span> <span class='ocrx_word' id='word_1_372' title='bbox 1370 3250 1602 3311; x_wconf 87' lang='lat' dir='ltr'><strong>veritus,</strong></span> <span class='ocrx_word' id='word_1_373' title='bbox 1645 3246 1785 3300; x_wconf 86' lang='lat' dir='ltr'><strong>nihil</strong></span> <span class='ocrx_word' id='word_1_374' title='bbox 1830 3245 1897 3297; x_wconf 90' lang='lat' dir='ltr'><strong>ad</strong></span> <span class='ocrx_word' id='word_1_375' title='bbox 1941 3244 2128 3298; x_wconf 89' lang='lat' dir='ltr'><strong>dolum</strong></span> <span class='ocrx_word' id='word_1_376' title='bbox 2170 3243 2315 3312; x_wconf 87' lang='lat' dir='ltr'><strong>loqui</strong></span> 
     </span>
    </p>
   </div>
   <div class='ocr_carea' id='block_1_62' title="bbox 2425 3220 4019 3322">
    <p class='ocr_par' dir='ltr' id='par_1_62' title="bbox 2433 3244 4019 3322">
     <span class='ocr_line' id='line_1_62' title="bbox 2433 3244 4019 3322; baseline -0.004 -18"><span class='ocrx_word' id='word_1_377' title='bbox 2433 3254 2539 3305; x_wconf 82' lang='grc' dir='ltr'><strong>λων</strong></span> <span class='ocrx_word' id='word_1_378' title='bbox 2574 3253 2673 3322; x_wconf 79' lang='grc' dir='ltr'><strong>τὴν</strong></span> <span class='ocrx_word' id='word_1_379' title='bbox 2695 3254 2793 3318; x_wconf 78' lang='grc' dir='ltr'><strong>σὴν</strong></span> <span class='ocrx_word' id='word_1_380' title='bbox 2820 3251 3109 3321; x_wconf 79' lang='grc' dir='ltr'><strong>ἀκρίόειαν</strong></span> <span class='ocrx_word' id='word_1_381' title='bbox 3130 3251 3226 3304; x_wconf 75' lang='grc' dir='ltr'><strong>καὶ</strong></span> <span class='ocrx_word' id='word_1_382' title='bbox 3249 3244 3551 3319; x_wconf 84' lang='grc' dir='ltr'><strong>ἀγχίνοιαν,</strong></span> <span class='ocrx_word' id='word_1_383' title='bbox 3581 3248 3735 3302; x_wconf 83' lang='grc' dir='ltr'><strong>οὑδέν</strong></span> <span class='ocrx_word' id='word_1_384' title='bbox 3768 3264 3853 3300; x_wconf 88' lang='grc' dir='ltr'><strong>σοι</strong></span> <span class='ocrx_word' id='word_1_385' title='bbox 3882 3248 4019 3317; x_wconf 76' lang='grc' dir='ltr'><strong>πρὸς</strong></span> 
     </span>
    </p>
   </div>
   <div class='ocr_carea' id='block_1_63' title="bbox 728 3331 2321 3403">
    <p class='ocr_par' dir='ltr' id='par_1_63' title="bbox 728 3331 2321 3403">
     <span class='ocr_line' id='line_1_63' title="bbox 728 3331 2321 3403; baseline -0.004 -14"><span class='ocrx_word' id='word_1_386' title='bbox 728 3337 973 3401; x_wconf 81' lang='lat' dir='ltr'><strong>audebit,</strong></span> <span class='ocrx_word' id='word_1_387' title='bbox 1010 3340 1104 3393; x_wconf 88' lang='lat' dir='ltr'><strong>sed</strong></span> <span class='ocrx_word' id='word_1_388' title='bbox 1126 3345 1181 3393; x_wconf 90' lang='lat' dir='ltr'><strong>et</strong></span> <span class='ocrx_word' id='word_1_389' title='bbox 1229 3338 1399 3393; x_wconf 86' lang='lat' dir='ltr'><strong>animi</strong></span> <span class='ocrx_word' id='word_1_390' title='bbox 1452 3339 1532 3392; x_wconf 90' lang='lat' dir='ltr'><strong>tui</strong></span> <span class='ocrx_word' id='word_1_391' title='bbox 1560 3335 1937 3392; x_wconf 82' lang='lat' dir='ltr'><strong>constantiam</strong></span> <span class='ocrx_word' id='word_1_392' title='bbox 1974 3333 2206 3403; x_wconf 79' lang='lat' dir='ltr'><strong>subjecti</strong></span> <span class='ocrx_word' id='word_1_393' title='bbox 2246 3331 2321 3385; x_wconf 93' lang='lat' dir='ltr'><strong>tui</strong></span> 
     </span>
    </p>
   </div>
   <div class='ocr_carea' id='block_1_64' title="bbox 731 3429 1181 3485">
    <p class='ocr_par' dir='ltr' id='par_1_64' title="bbox 731 3429 1181 3485">
     <span class='ocr_line' id='line_1_64' title="bbox 731 3429 1181 3485; baseline 0.002 -3"><span class='ocrx_word' id='word_1_394' title='bbox 731 3429 1181 3485; x_wconf 83' lang='lat' dir='ltr'><strong>admirabuntur.</strong></span> 
     </span>
    </p>
   </div>
   <div class='ocr_carea' id='block_1_65' title="bbox 806 3602 2326 3671">
    <p class='ocr_par' dir='ltr' id='par_1_65' title="bbox 806 3602 2326 3671">
     <span class='ocr_line' id='line_1_65' title="bbox 806 3602 2326 3671; baseline -0.001 -16"><span class='ocrx_word' id='word_1_395' title='bbox 806 3603 928 3657; x_wconf 69' lang='grc'>152.</span> <span class='ocrx_word' id='word_1_396' title='bbox 970 3602 1189 3659; x_wconf 70' lang='lat' dir='ltr'><strong>Bellica:</strong></span> <span class='ocrx_word' id='word_1_397' title='bbox 1238 3604 1608 3668; x_wconf 87' lang='lat' dir='ltr'><strong>incursiones,</strong></span> <span class='ocrx_word' id='word_1_398' title='bbox 1643 3619 1764 3671; x_wconf 80' lang='lat' dir='ltr'><strong>qua:</strong></span> <span class='ocrx_word' id='word_1_399' title='bbox 1790 3602 2006 3671; x_wconf 86' lang='lat' dir='ltr'><strong>judicio</strong></span> <span class='ocrx_word' id='word_1_400' title='bbox 2050 3611 2326 3669; x_wconf 72' lang='lat' dir='ltr'><strong>suscepta:</strong></span> 
     </span>
    </p>
   </div>
   <div class='ocr_carea' id='block_1_66' title="bbox 736 3691 2329 3757">
    <p class='ocr_par' dir='ltr' id='par_1_66' title="bbox 736 3691 2329 3757">
     <span class='ocr_line' id='line_1_66' title="bbox 736 3691 2329 3757; baseline -0.002 -11"><span class='ocrx_word' id='word_1_401' title='bbox 736 3701 888 3757; x_wconf 85' lang='lat' dir='ltr'><strong>sunt,</strong></span> <span class='ocrx_word' id='word_1_402' title='bbox 939 3694 1113 3747; x_wconf 87' lang='lat' dir='ltr'><strong>bonos</strong></span> <span class='ocrx_word' id='word_1_403' title='bbox 1143 3696 1325 3750; x_wconf 78' lang='lat' dir='ltr'><strong>exitus</strong></span> <span class='ocrx_word' id='word_1_404' title='bbox 1367 3694 1571 3748; x_wconf 85' lang='lat' dir='ltr'><strong>habere</strong></span> <span class='ocrx_word' id='word_1_405' title='bbox 1632 3694 1837 3747; x_wconf 80' lang='lat' dir='ltr'><strong>solent.</strong></span> <span class='ocrx_word' id='word_1_406' title='bbox 1877 3691 2185 3747; x_wconf 87' lang='lat' dir='ltr'><strong>Tcmerarii</strong></span> <span class='ocrx_word' id='word_1_407' title='bbox 2238 3706 2329 3751; x_wconf 79' lang='lat' dir='ltr'><strong>au.</strong></span> 
     </span>
    </p>
   </div>
   <div class='ocr_carea' id='block_1_67' title="bbox 736 3784 2329 3854">
    <p class='ocr_par' dir='ltr' id='par_1_67' title="bbox 736 3784 2329 3854">
     <span class='ocr_line' id='line_1_67' title="bbox 736 3784 2329 3854; baseline -0.001 -18"><span class='ocrx_word' id='word_1_408' title='bbox 736 3792 868 3849; x_wconf 82' lang='lat' dir='ltr'><strong>tem,</strong></span> <span class='ocrx_word' id='word_1_409' title='bbox 899 3794 952 3838; x_wconf 90' lang='lat' dir='ltr'><strong>et</strong></span> <span class='ocrx_word' id='word_1_410' title='bbox 985 3786 1292 3854; x_wconf 67' lang='lat' dir='ltr'><strong>prmcipites</strong></span> <span class='ocrx_word' id='word_1_411' title='bbox 1322 3787 1706 3854; x_wconf 84' lang='lat' dir='ltr'><strong>imperatores,</strong></span> <span class='ocrx_word' id='word_1_412' title='bbox 1736 3784 2198 3854; x_wconf 89' lang='lat' dir='ltr'><strong>quemadmodum</strong></span> <span class='ocrx_word' id='word_1_413' title='bbox 2235 3798 2329 3836; x_wconf 75' lang='lat' dir='ltr'><strong>ex-</strong></span> 
     </span>
    </p>
   </div>
   <div class='ocr_carea' id='block_1_68' title="bbox 738 3877 2330 3949">
    <p class='ocr_par' dir='ltr' id='par_1_68' title="bbox 738 3877 2330 3949">
     <span class='ocr_line' id='line_1_68' title="bbox 738 3877 2330 3949; baseline -0.002 -17"><span class='ocrx_word' id='word_1_414' title='bbox 738 3878 1005 3945; x_wconf 84' lang='lat' dir='ltr'><strong>perientia</strong></span> <span class='ocrx_word' id='word_1_415' title='bbox 1042 3879 1159 3949; x_wconf 88' lang='lat' dir='ltr'><strong>ipsa</strong></span> <span class='ocrx_word' id='word_1_416' title='bbox 1207 3878 1439 3943; x_wconf 89' lang='lat' dir='ltr'><strong>indicat,</strong></span> <span class='ocrx_word' id='word_1_417' title='bbox 1485 3892 1714 3949; x_wconf 78' lang='lat' dir='ltr'><strong>magnas</strong></span> <span class='ocrx_word' id='word_1_418' title='bbox 1783 3892 1929 3947; x_wconf 66' lang='lat' dir='ltr'><strong>saepe</strong></span> <span class='ocrx_word' id='word_1_419' title='bbox 1995 3877 2330 3931; x_wconf 70' lang='lat' dir='ltr'><strong>oll‘ensioues</strong></span> 
     </span>
    </p>
   </div>
   <div class='ocr_carea' id='block_1_69' title="bbox 740 3967 964 4023">
    <p class='ocr_par' dir='ltr' id='par_1_69' title="bbox 740 3967 964 4023">
     <span class='ocr_line' id='line_1_69' title="bbox 740 3967 964 4023; baseline -0.004 -3"><span class='ocrx_word' id='word_1_420' title='bbox 740 3967 964 4023; x_wconf 83' lang='lat' dir='ltr'><strong>habent.</strong></span> 
     </span>
    </p>
   </div>
   <div class='ocr_carea' id='block_1_70' title="bbox 813 4057 2331 4113">
    <p class='ocr_par' dir='ltr' id='par_1_70' title="bbox 813 4057 2331 4113">
     <span class='ocr_line' id='line_1_70' title="bbox 813 4057 2331 4113; baseline 0 -2"><span class='ocrx_word' id='word_1_421' title='bbox 813 4058 936 4111; x_wconf 77' lang='grc'>155.</span> <span class='ocrx_word' id='word_1_422' title='bbox 975 4057 1033 4112; x_wconf 90' lang='lat' dir='ltr'><strong>Si</strong></span> <span class='ocrx_word' id='word_1_423' title='bbox 1066 4058 1301 4112; x_wconf 91' lang='lat' dir='ltr'><strong>consilia</strong></span> <span class='ocrx_word' id='word_1_424' title='bbox 1345 4070 1437 4112; x_wconf 90' lang='lat' dir='ltr'><strong>tua</strong></span> <span class='ocrx_word' id='word_1_425' title='bbox 1472 4058 1612 4112; x_wconf 86' lang='lat' dir='ltr'><strong>clam</strong></span> <span class='ocrx_word' id='word_1_426' title='bbox 1677 4058 1866 4113; x_wconf 86' lang='lat' dir='ltr'><strong>hostes</strong></span> <span class='ocrx_word' id='word_1_427' title='bbox 1911 4067 2039 4113; x_wconf 89' lang='lat' dir='ltr'><strong>tuos</strong></span> <span class='ocrx_word' id='word_1_428' title='bbox 2078 4071 2203 4113; x_wconf 89' lang='lat' dir='ltr'><strong>esse</strong></span> <span class='ocrx_word' id='word_1_429' title='bbox 2232 4072 2331 4112; x_wconf 84' lang='lat' dir='ltr'><strong>vo-</strong></span> 
     </span>
    </p>
   </div>
   <div class='ocr_carea' id='block_1_71' title="bbox 742 4147 2332 4218">
    <p class='ocr_par' dir='ltr' id='par_1_71' title="bbox 742 4147 2332 4218">
     <span class='ocr_line' id='line_1_71' title="bbox 742 4147 2332 4218; baseline 0.003 -20"><span class='ocrx_word' id='word_1_430' title='bbox 742 4148 932 4207; x_wconf 85' lang='lat' dir='ltr'><strong>lueris.</strong></span> <span class='ocrx_word' id='word_1_431' title='bbox 968 4163 1037 4202; x_wconf 88' lang='lat' dir='ltr'><strong>ne</strong></span> <span class='ocrx_word' id='word_1_432' title='bbox 1066 4149 1432 4202; x_wconf 60' lang='lat' dir='ltr'><strong>familiaribus</strong></span> <span class='ocrx_word' id='word_1_433' title='bbox 1458 4148 1677 4218; x_wconf 90' lang='lat' dir='ltr'><strong>quidem</strong></span> <span class='ocrx_word' id='word_1_434' title='bbox 1710 4147 1900 4202; x_wconf 88' lang='lat' dir='ltr'><strong>multis</strong></span> <span class='ocrx_word' id='word_1_435' title='bbox 1933 4162 1998 4201; x_wconf 87' lang='lat' dir='ltr'><strong>ea</strong></span> <span class='ocrx_word' id='word_1_436' title='bbox 2024 4148 2332 4202; x_wconf 83' lang='lat' dir='ltr'><strong>communi-</strong></span> 
     </span>
    </p>
   </div>
   <div class='ocr_carea' id='block_1_72' title="bbox 743 4236 2333 4308">
    <p class='ocr_par' dir='ltr' id='par_1_72' title="bbox 743 4236 2333 4308">
     <span class='ocr_line' id='line_1_72' title="bbox 743 4236 2333 4308; baseline 0.001 -16"><span class='ocrx_word' id='word_1_437' title='bbox 743 4238 920 4293; x_wconf 84' lang='lat' dir='ltr'><strong>cabis.</strong></span> <span class='ocrx_word' id='word_1_438' title='bbox 948 4236 1117 4308; x_wconf 61' lang='lat' dir='ltr'><strong>[Egre</strong></span> <span class='ocrx_word' id='word_1_439' title='bbox 1147 4241 1295 4293; x_wconf 89' lang='lat' dir='ltr'><strong>enim</strong></span> <span class='ocrx_word' id='word_1_440' title='bbox 1332 4241 1670 4305; x_wconf 82' lang='lat' dir='ltr'><strong>occultatur,</strong></span> <span class='ocrx_word' id='word_1_441' title='bbox 1720 4237 1868 4307; x_wconf 86' lang='lat' dir='ltr'><strong>quod</strong></span> <span class='ocrx_word' id='word_1_442' title='bbox 1895 4238 2195 4293; x_wconf 88' lang='lat' dir='ltr'><strong>multorum</strong></span> <span class='ocrx_word' id='word_1_443' title='bbox 2234 4240 2333 4293; x_wconf 83' lang='lat' dir='ltr'><strong>lto-</strong></span> 
     </span>
    </p>
   </div>
   <div class='ocr_carea' id='block_1_73' title="bbox 744 4330 1896 4389">
    <p class='ocr_par' dir='ltr' id='par_1_73' title="bbox 744 4330 1896 4389">
     <span class='ocr_line' id='line_1_73' title="bbox 744 4330 1896 4389; baseline 0.001 -5"><span class='ocrx_word' id='word_1_444' title='bbox 744 4330 953 4385; x_wconf 91' lang='lat' dir='ltr'><strong>minum</strong></span> <span class='ocrx_word' id='word_1_445' title='bbox 987 4332 1148 4387; x_wconf 83' lang='lat' dir='ltr'><strong>labiis</strong></span> <span class='ocrx_word' id='word_1_446' title='bbox 1176 4331 1599 4389; x_wconf 87' lang='lat' dir='ltr'><strong>custodiendum</strong></span> <span class='ocrx_word' id='word_1_447' title='bbox 1629 4332 1896 4388; x_wconf 88' lang='lat' dir='ltr'><strong>creditur.</strong></span> 
     </span>
    </p>
   </div>
   <div class='ocr_carea' id='block_1_74' title="bbox 2426 3340 4021 3415">
    <p class='ocr_par' dir='ltr' id='par_1_74' title="bbox 2426 3340 4021 3415">
     <span class='ocr_line' id='line_1_74' title="bbox 2426 3340 4021 3415; baseline -0.006 -17"><span class='ocrx_word' id='word_1_448' title='bbox 2426 3346 2646 3412; x_wconf 82' lang='grc' dir='ltr'><strong>ἀπάτην</strong></span> <span class='ocrx_word' id='word_1_449' title='bbox 2679 3346 2854 3397; x_wconf 85' lang='grc' dir='ltr'><strong>είπεῖν</strong></span> <span class='ocrx_word' id='word_1_450' title='bbox 2893 3344 3177 3415; x_wconf 83' lang='grc' dir='ltr'><strong>τολμήσει,</strong></span> <span class='ocrx_word' id='word_1_451' title='bbox 3214 3342 3349 3396; x_wconf 84' lang='grc' dir='ltr'><strong>άλλά</strong></span> <span class='ocrx_word' id='word_1_452' title='bbox 3386 3343 3482 3396; x_wconf 78' lang='grc' dir='ltr'><strong>καὶ</strong></span> <span class='ocrx_word' id='word_1_453' title='bbox 3514 3340 3895 3411; x_wconf 83' lang='grc' dir='ltr'><strong>θαυμάσονταί</strong></span> <span class='ocrx_word' id='word_1_454' title='bbox 3926 3356 4021 3391; x_wconf 87' lang='grc' dir='ltr'><strong>σου</strong></span> 
     </span>
    </p>
   </div>
   <div class='ocr_carea' id='block_1_75' title="bbox 2425 3429 4023 3505">
    <p class='ocr_par' dir='ltr' id='par_1_75' title="bbox 2425 3429 4023 3505">
     <span class='ocr_line' id='line_1_75' title="bbox 2425 3429 4023 3505; baseline -0.004 -17"><span class='ocrx_word' id='word_1_455' title='bbox 2425 3435 2527 3504; x_wconf 83' lang='grc' dir='ltr'><strong>τῆς</strong></span> <span class='ocrx_word' id='word_1_456' title='bbox 2579 3435 2940 3505; x_wconf 73' lang='grc' dir='ltr'><strong>στερρότητος</strong></span> <span class='ocrx_word' id='word_1_457' title='bbox 2990 3435 3042 3486; x_wconf 88' lang='grc' dir='ltr'><strong>οί</strong></span> <span class='ocrx_word' id='word_1_458' title='bbox 3077 3434 3402 3504; x_wconf 75' lang='grc' dir='ltr'><strong>ὑποχείριοι,</strong></span> <span class='ocrx_word' id='word_1_459' title='bbox 3458 3433 3553 3486; x_wconf 65' lang='grc' dir='ltr'><strong>καὶΙ</strong></span> <span class='ocrx_word' id='word_1_460' title='bbox 3603 3434 3704 3502; x_wconf 77' lang='grc' dir='ltr'><strong>τῆς</strong></span> <span class='ocrx_word' id='word_1_461' title='bbox 3754 3429 4023 3501; x_wconf 80' lang='grc' dir='ltr'><strong>ἀληθείας</strong></span> 
     </span>
    </p>
   </div>
   <div class='ocr_carea' id='block_1_76' title="bbox 2428 3530 2902 3598">
    <p class='ocr_par' dir='ltr' id='par_1_76' title="bbox 2428 3530 2902 3598">
     <span class='ocr_line' id='line_1_76' title="bbox 2428 3530 2902 3598; baseline -0.004 -15"><span class='ocrx_word' id='word_1_462' title='bbox 2428 3530 2528 3583; x_wconf 89' lang='grc' dir='ltr'><strong>οὑκ</strong></span> <span class='ocrx_word' id='word_1_463' title='bbox 2560 3530 2902 3598; x_wconf 81' lang='grc' dir='ltr'><strong>άστοχήσεις.</strong></span> 
     </span>
    </p>
   </div>
   <div class='ocr_carea' id='block_1_77' title="bbox 2506 3611 4024 3689">
    <p class='ocr_par' dir='ltr' id='par_1_77' title="bbox 2506 3611 4024 3689">
     <span class='ocr_line' id='line_1_77' title="bbox 2506 3611 4024 3689; baseline -0.005 -21"><span class='ocrx_word' id='word_1_464' title='bbox 2506 3617 2641 3689; x_wconf 73' lang='grc' dir='ltr'><strong>ρλβ’.</strong></span> <span class='ocrx_word' id='word_1_465' title='bbox 2686 3619 2827 3670; x_wconf 80' lang='grc' dir='ltr'><strong>Ἴσοι</strong></span> <span class='ocrx_word' id='word_1_466' title='bbox 2878 3619 2960 3670; x_wconf 84' lang='grc' dir='ltr'><strong>ὅτι</strong></span> <span class='ocrx_word' id='word_1_467' title='bbox 3012 3618 3047 3687; x_wconf 75' lang='grc' dir='ltr'><strong>ἡ</strong></span> <span class='ocrx_word' id='word_1_468' title='bbox 3103 3616 3240 3685; x_wconf 87' lang='grc' dir='ltr'><strong>μετά</strong></span> <span class='ocrx_word' id='word_1_469' title='bbox 3283 3614 3553 3685; x_wconf 81' lang='grc' dir='ltr'><strong>λογισμοῦ</strong></span> <span class='ocrx_word' id='word_1_470' title='bbox 3602 3611 3745 3667; x_wconf 87' lang='grc' dir='ltr'><strong>κατά</strong></span> <span class='ocrx_word' id='word_1_471' title='bbox 3782 3612 4024 3681; x_wconf 84' lang='grc' dir='ltr'><strong>πόλεμον</strong></span> 
     </span>
    </p>
   </div>
   <div class='ocr_carea' id='block_1_78' title="bbox 2431 3702 4025 3781">
    <p class='ocr_par' dir='ltr' id='par_1_78' title="bbox 2431 3702 4025 3781">
     <span class='ocr_line' id='line_1_78' title="bbox 2431 3702 4025 3781; baseline -0.006 -17"><span class='ocrx_word' id='word_1_472' title='bbox 2431 3711 2623 3781; x_wconf 80' lang='grc' dir='ltr'><strong>ἔφοδος</strong></span> <span class='ocrx_word' id='word_1_473' title='bbox 2662 3709 2966 3777; x_wconf 75' lang='grc' dir='ltr'><strong>ἀσφάλειαν</strong></span> <span class='ocrx_word' id='word_1_474' title='bbox 3013 3708 3126 3779; x_wconf 73' lang='grc' dir='ltr'><strong>ἔχει</strong></span> <span class='ocrx_word' id='word_1_475' title='bbox 3177 3707 3407 3778; x_wconf 86' lang='grc' dir='ltr'><strong>πολλήν.</strong></span> <span class='ocrx_word' id='word_1_476' title='bbox 3455 3708 3516 3759; x_wconf 81' lang='lat' dir='ltr'><strong>0i</strong></span> <span class='ocrx_word' id='word_1_477' title='bbox 3567 3705 3675 3775; x_wconf 88' lang='grc' dir='ltr'><strong>γάρ</strong></span> <span class='ocrx_word' id='word_1_478' title='bbox 3735 3702 3882 3769; x_wconf 80' lang='grc' dir='ltr'><strong>ὀξεῖς</strong></span> <span class='ocrx_word' id='word_1_479' title='bbox 3928 3703 4025 3756; x_wconf 75' lang='grc' dir='ltr'><strong>καὶ</strong></span> 
     </span>
    </p>
   </div>
   <div class='ocr_carea' id='block_1_79' title="bbox 2432 3795 4026 3874">
    <p class='ocr_par' dir='ltr' id='par_1_79' title="bbox 2432 3795 4026 3874">
     <span class='ocr_line' id='line_1_79' title="bbox 2432 3795 4026 3874; baseline -0.004 -18"><span class='ocrx_word' id='word_1_480' title='bbox 2432 3805 2732 3874; x_wconf 80' lang='grc' dir='ltr'><strong>προπετεῖς</strong></span> <span class='ocrx_word' id='word_1_481' title='bbox 2784 3802 3104 3872; x_wconf 77' lang='grc' dir='ltr'><strong>στρατηγοὶ,</strong></span> <span class='ocrx_word' id='word_1_482' title='bbox 3131 3800 3213 3865; x_wconf 83' lang='grc' dir='ltr'><strong>ὡς</strong></span> <span class='ocrx_word' id='word_1_483' title='bbox 3252 3802 3286 3871; x_wconf 83' lang='grc' dir='ltr'><strong>ἡ</strong></span> <span class='ocrx_word' id='word_1_484' title='bbox 3322 3801 3489 3871; x_wconf 82' lang='grc' dir='ltr'><strong>πεῖρα</strong></span> <span class='ocrx_word' id='word_1_485' title='bbox 3520 3797 3744 3864; x_wconf 79' lang='grc' dir='ltr'><strong>ἔδειξεν,</strong></span> <span class='ocrx_word' id='word_1_486' title='bbox 3790 3795 4026 3850; x_wconf 66' lang='grc' dir='ltr'><strong>πλεῖστα</strong></span> 
     </span>
    </p>
   </div>
   <div class='ocr_carea' id='block_1_80' title="bbox 2432 3895 2885 3967">
    <p class='ocr_par' dir='ltr' id='par_1_80' title="bbox 2432 3895 2885 3967">
     <span class='ocr_line' id='line_1_80' title="bbox 2432 3895 2885 3967; baseline -0.002 -18"><span class='ocrx_word' id='word_1_487' title='bbox 2432 3895 2885 3967; x_wconf 78' lang='grc' dir='ltr'><strong>διαμαρτάνουσι.</strong></span> 
     </span>
    </p>
   </div>
   <div class='ocr_carea' id='block_1_81' title="bbox 2507 4117 4024 4195">
    <p class='ocr_par' dir='ltr' id='par_1_81' title="bbox 2507 4117 4024 4195">
     <span class='ocr_line' id='line_1_81' title="bbox 2507 4117 4024 4195; baseline -0.003 -20"><span class='ocrx_word' id='word_1_488' title='bbox 2507 4123 2643 4195; x_wconf 70' lang='grc' dir='ltr'><strong>ρλγθ.</strong></span> <span class='ocrx_word' id='word_1_489' title='bbox 2687 4121 2888 4185; x_wconf 80' lang='grc' dir='ltr'><strong>Καλῶς</strong></span> <span class='ocrx_word' id='word_1_490' title='bbox 2950 4121 3222 4193; x_wconf 76' lang='grc' dir='ltr'><strong>ποιήσεις,</strong></span> <span class='ocrx_word' id='word_1_491' title='bbox 3257 4120 3385 4173; x_wconf 82' lang='grc' dir='ltr'><strong>ὅταν</strong></span> <span class='ocrx_word' id='word_1_492' title='bbox 3430 4119 3501 4172; x_wconf 79' lang='grc' dir='ltr'><strong>τά</strong></span> <span class='ocrx_word' id='word_1_493' title='bbox 3553 4118 3624 4172; x_wconf 86' lang='grc' dir='ltr'><strong>σά</strong></span> <span class='ocrx_word' id='word_1_494' title='bbox 3670 4117 4024 4189; x_wconf 58' lang='grc' dir='ltr'><strong>βουλεύματα</strong></span> 
     </span>
    </p>
   </div>
   <div class='ocr_carea' id='block_1_82' title="bbox 2436 4211 4029 4282">
    <p class='ocr_par' dir='ltr' id='par_1_82' title="bbox 2436 4211 4029 4282">
     <span class='ocr_line' id='line_1_82' title="bbox 2436 4211 4029 4282; baseline -0.004 -14"><span class='ocrx_word' id='word_1_495' title='bbox 2436 4216 2720 4269; x_wconf 79' lang='grc' dir='ltr'><strong>Λανθάνειν</strong></span> <span class='ocrx_word' id='word_1_496' title='bbox 2745 4213 2921 4275; x_wconf 75' lang='grc' dir='ltr'><strong>θέλεις</strong></span> <span class='ocrx_word' id='word_1_497' title='bbox 2962 4213 3091 4274; x_wconf 75' lang='grc' dir='ltr'><strong>τοὺς</strong></span> <span class='ocrx_word' id='word_1_498' title='bbox 3124 4213 3442 4282; x_wconf 80' lang='grc' dir='ltr'><strong>πολεμίους,</strong></span> <span class='ocrx_word' id='word_1_499' title='bbox 3475 4212 3573 4265; x_wconf 72' lang='grc' dir='ltr'><strong>ἐὰν</strong></span> <span class='ocrx_word' id='word_1_500' title='bbox 3592 4211 3717 4265; x_wconf 81' lang='grc' dir='ltr'><strong>οὑδὲ</strong></span> <span class='ocrx_word' id='word_1_501' title='bbox 3744 4215 3862 4274; x_wconf 86' lang='grc' dir='ltr'><strong>τοῖς</strong></span> <span class='ocrx_word' id='word_1_502' title='bbox 3898 4211 4029 4265; x_wconf 77' lang='grc' dir='ltr'><strong>πολ-</strong></span> 
     </span>
    </p>
   </div>
   <div class='ocr_carea' id='block_1_83' title="bbox 2434 4302 4032 4376">
    <p class='ocr_par' dir='ltr' id='par_1_83' title="bbox 2434 4302 4032 4376">
     <span class='ocr_line' id='line_1_83' title="bbox 2434 4302 4032 4376; baseline -0.004 -15"><span class='ocrx_word' id='word_1_503' title='bbox 2434 4308 2546 4371; x_wconf 87' lang='grc' dir='ltr'><strong>λοῖς</strong></span> <span class='ocrx_word' id='word_1_504' title='bbox 2595 4307 2704 4359; x_wconf 85' lang='grc' dir='ltr'><strong>τῶν</strong></span> <span class='ocrx_word' id='word_1_505' title='bbox 2746 4304 2965 4358; x_wconf 80' lang='grc' dir='ltr'><strong>οἰκείων</strong></span> <span class='ocrx_word' id='word_1_506' title='bbox 3007 4302 3183 4357; x_wconf 85' lang='grc' dir='ltr'><strong>ταῦτα</strong></span> <span class='ocrx_word' id='word_1_507' title='bbox 3237 4304 3543 4376; x_wconf 75' lang='grc' dir='ltr'><strong>θαῤῥήσης.</strong></span> <span class='ocrx_word' id='word_1_508' title='bbox 3597 4303 3872 4356; x_wconf 79' lang='grc' dir='ltr'><strong>Δὺσκολον</strong></span> <span class='ocrx_word' id='word_1_509' title='bbox 3917 4304 4032 4373; x_wconf 81' lang='grc' dir='ltr'><strong>γάρ</strong></span> 
     </span>
    </p>
   </div>
   <div class='ocr_carea' id='block_1_84' title="bbox 2434 4393 4032 4470">
    <p class='ocr_par' dir='ltr' id='par_1_84' title="bbox 2434 4393 4032 4470">
     <span class='ocr_line' id='line_1_84' title="bbox 2434 4393 4032 4470; baseline -0.004 -18"><span class='ocrx_word' id='word_1_510' title='bbox 2434 4399 2708 4470; x_wconf 76' lang='grc' dir='ltr'><strong>κρυϐῆναι</strong></span> <span class='ocrx_word' id='word_1_511' title='bbox 2755 4396 3020 4467; x_wconf 76' lang='grc' dir='ltr'><strong>λαθραίαν</strong></span> <span class='ocrx_word' id='word_1_512' title='bbox 3077 4394 3278 4466; x_wconf 80' lang='grc' dir='ltr'><strong>βουλὴν</strong></span> <span class='ocrx_word' id='word_1_513' title='bbox 3330 4395 3550 4458; x_wconf 79' lang='grc' dir='ltr'><strong>πολλοῖς</strong></span> <span class='ocrx_word' id='word_1_514' title='bbox 3587 4393 3796 4465; x_wconf 82' lang='grc' dir='ltr'><strong>χείλεσι</strong></span> <span class='ocrx_word' id='word_1_515' title='bbox 3856 4410 4032 4447; x_wconf 84' lang='grc' dir='ltr'><strong>πεπι-</strong></span> 
     </span>
    </p>
   </div>
   <div class='ocr_carea' id='block_1_85' title="bbox 2435 4488 2907 4559">
    <p class='ocr_par' dir='ltr' id='par_1_85' title="bbox 2435 4488 2907 4559">
     <span class='ocr_line' id='line_1_85' title="bbox 2435 4488 2907 4559; baseline 0 -17"><span class='ocrx_word' id='word_1_516' title='bbox 2435 4488 2740 4559; x_wconf 90' lang='grc' dir='ltr'><strong>στευμένην</strong></span> <span class='ocrx_word' id='word_1_517' title='bbox 2772 4488 2907 4559; x_wconf 74' lang='grc'><strong>(42).</strong></span> 
     </span>
    </p>
   </div>
   <div class='ocr_carea' id='block_1_86' title="bbox 816 4542 2315 4649">
    <p class='ocr_par' dir='ltr' id='par_1_86' title="bbox 816 4564 2315 4638">
     <span class='ocr_line' id='line_1_86' title="bbox 816 4564 2315 4638; baseline -0.005 -12"><span class='ocrx_word' id='word_1_518' title='bbox 816 4574 939 4627; x_wconf 70' lang='grc'><strong>154.</strong></span> <span class='ocrx_word' id='word_1_519' title='bbox 974 4569 1429 4638; x_wconf 89' lang='lat' dir='ltr'><strong>Uuiuscujusque</strong></span> <span class='ocrx_word' id='word_1_520' title='bbox 1480 4565 1760 4629; x_wconf 70' lang='lat' dir='ltr'><strong>allectum,</strong></span> <span class='ocrx_word' id='word_1_521' title='bbox 1808 4574 2128 4634; x_wconf 86' lang='lat' dir='ltr'><strong>motumque</strong></span> <span class='ocrx_word' id='word_1_522' title='bbox 2158 4564 2315 4618; x_wconf 79' lang='lat' dir='ltr'><strong>animi</strong></span> 
     </span>
    </p>
   </div>
   <div class='ocr_carea' id='block_1_87' title="bbox 2425 4542 4023 4649">
    <p class='ocr_par' dir='ltr' id='par_1_87' title="bbox 2507 4542 4023 4649">
     <span class='ocr_line' id='line_1_87' title="bbox 2507 4542 4023 4649; baseline -0.003 -20"><span class='ocrx_word' id='word_1_523' title='bbox 2507 4542 2639 4649; x_wconf 58' lang='grc' dir='ltr'><strong>ρλξδι.</strong></span> <span class='ocrx_word' id='word_1_524' title='bbox 2693 4542 2902 4647; x_wconf 48' lang='grc' dir='ltr'><strong>ΞΟρμὴΙν</strong></span> <span class='ocrx_word' id='word_1_525' title='bbox 2952 4573 3185 4627; x_wconf 79' lang='grc' dir='ltr'><strong>ἑκάστου</strong></span> <span class='ocrx_word' id='word_1_526' title='bbox 3231 4575 3325 4627; x_wconf 80' lang='grc' dir='ltr'><strong>καὶ</strong></span> <span class='ocrx_word' id='word_1_527' title='bbox 3368 4548 3584 4643; x_wconf 75' lang='grc' dir='ltr'><strong>κίνησίν</strong></span> <span class='ocrx_word' id='word_1_528' title='bbox 3627 4573 3723 4625; x_wconf 78' lang='grc' dir='ltr'><strong>καὶ</strong></span> <span class='ocrx_word' id='word_1_529' title='bbox 3754 4572 4023 4642; x_wconf 72' lang='grc' dir='ltr'><strong>ἄρχοντος</strong></span> 
     </span>
    </p>
   </div>
   <div class='ocr_carea' id='block_1_88' title="bbox 741 4658 2327 4737">
    <p class='ocr_par' dir='ltr' id='par_1_88' title="bbox 741 4658 2327 4737">
     <span class='ocr_line' id='line_1_88' title="bbox 741 4658 2327 4737; baseline -0.006 -16"><span class='ocrx_word' id='word_1_530' title='bbox 741 4679 1068 4737; x_wconf 84' lang='lat' dir='ltr'><strong>cognoscas,</strong></span> <span class='ocrx_word' id='word_1_531' title='bbox 1104 4673 1158 4717; x_wconf 85' lang='lat' dir='ltr'><strong>et</strong></span> <span class='ocrx_word' id='word_1_532' title='bbox 1197 4663 1264 4717; x_wconf 83' lang='lat' dir='ltr'><strong>ad</strong></span> <span class='ocrx_word' id='word_1_533' title='bbox 1301 4660 1431 4729; x_wconf 91' lang='lat' dir='ltr'><strong>quid</strong></span> <span class='ocrx_word' id='word_1_534' title='bbox 1485 4660 1868 4728; x_wconf 88' lang='lat' dir='ltr'><strong>unusquisque</strong></span> <span class='ocrx_word' id='word_1_535' title='bbox 1919 4659 2156 4711; x_wconf 79' lang='lat' dir='ltr'><strong>maxime</strong></span> <span class='ocrx_word' id='word_1_536' title='bbox 2206 4658 2327 4711; x_wconf 81' lang='lat' dir='ltr'><strong>ido-</strong></span> 
     </span>
    </p>
   </div>
   <div class='ocr_carea' id='block_1_89' title="bbox 743 4750 2326 4822">
    <p class='ocr_par' dir='ltr' id='par_1_89' title="bbox 743 4750 2326 4822">
     <span class='ocr_line' id='line_1_89' title="bbox 743 4750 2326 4822; baseline -0.006 -8"><span class='ocrx_word' id='word_1_537' title='bbox 743 4774 881 4815; x_wconf 83' lang='lat' dir='ltr'><strong>neus</strong></span> <span class='ocrx_word' id='word_1_538' title='bbox 904 4760 1001 4820; x_wconf 88' lang='lat' dir='ltr'><strong>sit,</strong></span> <span class='ocrx_word' id='word_1_539' title='bbox 1025 4766 1086 4809; x_wconf 90' lang='lat' dir='ltr'><strong>ut</strong></span> <span class='ocrx_word' id='word_1_540' title='bbox 1112 4768 1558 4822; x_wconf 86' lang='lat' dir='ltr'><strong>unumquemque</strong></span> <span class='ocrx_word' id='word_1_541' title='bbox 1585 4752 1781 4805; x_wconf 87' lang='lat' dir='ltr'><strong>ordine</strong></span> <span class='ocrx_word' id='word_1_542' title='bbox 1807 4751 2079 4803; x_wconf 86' lang='lat' dir='ltr'><strong>instruere</strong></span> <span class='ocrx_word' id='word_1_543' title='bbox 2101 4750 2285 4818; x_wconf 88' lang='lat' dir='ltr'><strong>possis</strong></span> <span class='ocrx_word' id='word_1_544' title='bbox 2311 4767 2326 4804; x_wconf 89' lang='lat'><strong>:</strong></span> 
     </span>
    </p>
   </div>
   <div class='ocr_carea' id='block_1_90' title="bbox 743 4841 2331 4916">
    <p class='ocr_par' dir='ltr' id='par_1_90' title="bbox 743 4841 2331 4916">
     <span class='ocr_line' id='line_1_90' title="bbox 743 4841 2331 4916; baseline -0.006 -12"><span class='ocrx_word' id='word_1_545' title='bbox 743 4851 941 4904; x_wconf 91' lang='lat' dir='ltr'><strong>horum</strong></span> <span class='ocrx_word' id='word_1_546' title='bbox 988 4848 1136 4902; x_wconf 81' lang='lat' dir='ltr'><strong>enim</strong></span> <span class='ocrx_word' id='word_1_547' title='bbox 1184 4844 1457 4916; x_wconf 82' lang='lat' dir='ltr'><strong>ignoratio</strong></span> <span class='ocrx_word' id='word_1_548' title='bbox 1490 4843 1752 4899; x_wconf 83' lang='lat' dir='ltr'><strong>confusas</strong></span> <span class='ocrx_word' id='word_1_549' title='bbox 1803 4851 1966 4911; x_wconf 85' lang='lat' dir='ltr'><strong>atque</strong></span> <span class='ocrx_word' id='word_1_550' title='bbox 2031 4841 2331 4911; x_wconf 66' lang='lat' dir='ltr'><strong>inaequales</strong></span> 
     </span>
    </p>
   </div>
   <div class='ocr_carea' id='block_1_91' title="bbox 745 4940 1066 4995">
    <p class='ocr_par' dir='ltr' id='par_1_91' title="bbox 745 4940 1066 4995">
     <span class='ocr_line' id='line_1_91' title="bbox 745 4940 1066 4995; baseline -0.016 0"><span class='ocrx_word' id='word_1_551' title='bbox 745 4941 874 4995; x_wconf 74' lang='lat' dir='ltr'><strong>facit</strong></span> <span class='ocrx_word' id='word_1_552' title='bbox 900 4940 1066 4993; x_wconf 89' lang='lat' dir='ltr'><strong>acies.</strong></span> 
     </span>
    </p>
   </div>
   <div class='ocr_carea' id='block_1_92' title="bbox 818 5023 2332 5096">
    <p class='ocr_par' dir='ltr' id='par_1_92' title="bbox 818 5023 2332 5096">
     <span class='ocr_line' id='line_1_92' title="bbox 818 5023 2332 5096; baseline -0.007 -11"><span class='ocrx_word' id='word_1_553' title='bbox 818 5032 946 5088; x_wconf 74' lang='lat'><strong>155.</strong></span> <span class='ocrx_word' id='word_1_554' title='bbox 980 5031 1281 5096; x_wconf 76' lang='lat' dir='ltr'><strong>Imperator</strong></span> <span class='ocrx_word' id='word_1_555' title='bbox 1306 5027 1507 5086; x_wconf 87' lang='lat' dir='ltr'><strong>bonus,</strong></span> <span class='ocrx_word' id='word_1_556' title='bbox 1536 5040 1600 5079; x_wconf 91' lang='lat' dir='ltr'><strong>ac</strong></span> <span class='ocrx_word' id='word_1_557' title='bbox 1629 5023 1886 5079; x_wconf 90' lang='lat' dir='ltr'><strong>similiter</strong></span> <span class='ocrx_word' id='word_1_558' title='bbox 1918 5023 2119 5087; x_wconf 87' lang='lat' dir='ltr'><strong>malus,</strong></span> <span class='ocrx_word' id='word_1_559' title='bbox 2141 5038 2332 5078; x_wconf 81' lang='lat' dir='ltr'><strong>exem-</strong></span> 
     </span>
    </p>
   </div>
   <div class='ocr_carea' id='block_1_93' title="bbox 747 5115 2331 5195">
    <p class='ocr_par' dir='ltr' id='par_1_93' title="bbox 747 5115 2331 5195">
     <span class='ocr_line' id='line_1_93' title="bbox 747 5115 2331 5195; baseline -0.003 -18"><span class='ocrx_word' id='word_1_560' title='bbox 747 5126 894 5195; x_wconf 83' lang='lat' dir='ltr'><strong>plum</strong></span> <span class='ocrx_word' id='word_1_561' title='bbox 948 5120 1213 5189; x_wconf 65' lang='lat' dir='ltr'><strong>subjectis</strong></span> <span class='ocrx_word' id='word_1_562' title='bbox 1268 5119 1386 5175; x_wconf 85' lang='lat' dir='ltr'><strong>suis</strong></span> <span class='ocrx_word' id='word_1_563' title='bbox 1426 5133 1628 5174; x_wconf 81' lang='lat' dir='ltr'><strong>rerum</strong></span> <span class='ocrx_word' id='word_1_564' title='bbox 1683 5117 2047 5188; x_wconf 81' lang='lat' dir='ltr'><strong>gerendarum</strong></span> <span class='ocrx_word' id='word_1_565' title='bbox 2103 5126 2206 5171; x_wconf 91' lang='lat' dir='ltr'><strong>est.</strong></span> <span class='ocrx_word' id='word_1_566' title='bbox 2253 5115 2331 5172; x_wconf 85' lang='lat' dir='ltr'><strong>Te</strong></span> 
     </span>
    </p>
   </div>
   <div class='ocr_carea' id='block_1_94' title="bbox 747 5209 2330 5287">
    <p class='ocr_par' dir='ltr' id='par_1_94' title="bbox 747 5209 2330 5287">
     <span class='ocr_line' id='line_1_94' title="bbox 747 5209 2330 5287; baseline -0.004 -16"><span class='ocrx_word' id='word_1_567' title='bbox 747 5216 912 5287; x_wconf 82' lang='lat' dir='ltr'><strong>igitur</strong></span> <span class='ocrx_word' id='word_1_568' title='bbox 965 5215 1322 5269; x_wconf 88' lang='lat' dir='ltr'><strong>cohortamur</strong></span> <span class='ocrx_word' id='word_1_569' title='bbox 1383 5222 1443 5266; x_wconf 92' lang='lat' dir='ltr'><strong>ut</strong></span> <span class='ocrx_word' id='word_1_570' title='bbox 1517 5209 1785 5265; x_wconf 87' lang='lat' dir='ltr'><strong>militibus</strong></span> <span class='ocrx_word' id='word_1_571' title='bbox 1852 5210 1963 5264; x_wconf 84' lang='lat' dir='ltr'><strong>tuis</strong></span> <span class='ocrx_word' id='word_1_572' title='bbox 2014 5209 2219 5263; x_wconf 88' lang='lat' dir='ltr'><strong>bonum</strong></span> <span class='ocrx_word' id='word_1_573' title='bbox 2278 5217 2330 5265; x_wconf 87' lang='lat' dir='ltr'><strong>te</strong></span> 
     </span>
    </p>
   </div>
   <div class='ocr_carea' id='block_1_95' title="bbox 748 5299 2330 5377">
    <p class='ocr_par' dir='ltr' id='par_1_95' title="bbox 748 5299 2330 5377">
     <span class='ocr_line' id='line_1_95' title="bbox 748 5299 2330 5377; baseline -0.006 -14"><span class='ocrx_word' id='word_1_574' title='bbox 748 5307 1059 5377; x_wconf 70' lang='lat' dir='ltr'><strong>exemplum</strong></span> <span class='ocrx_word' id='word_1_575' title='bbox 1090 5305 1354 5375; x_wconf 70' lang='lat' dir='ltr'><strong>praebeas,</strong></span> <span class='ocrx_word' id='word_1_576' title='bbox 1378 5313 1492 5357; x_wconf 88' lang='lat' dir='ltr'><strong>tum</strong></span> <span class='ocrx_word' id='word_1_577' title='bbox 1528 5303 1595 5356; x_wconf 89' lang='lat' dir='ltr'><strong>ad</strong></span> <span class='ocrx_word' id='word_1_578' title='bbox 1626 5303 1828 5373; x_wconf 89' lang='lat' dir='ltr'><strong>optima</strong></span> <span class='ocrx_word' id='word_1_579' title='bbox 1856 5312 1908 5355; x_wconf 89' lang='lat' dir='ltr'><strong>te</strong></span> <span class='ocrx_word' id='word_1_580' title='bbox 1934 5299 2330 5367; x_wconf 82' lang='lat' dir='ltr'><strong>assuefaeieus,</strong></span> 
     </span>
    </p>
   </div>
   <div class='ocr_carea' id='block_1_96' title="bbox 756 5392 2320 5467">
    <p class='ocr_par' dir='ltr' id='par_1_96' title="bbox 756 5392 2320 5467">
     <span class='ocr_line' id='line_1_96' title="bbox 756 5392 2320 5467; baseline -0.003 -15"><span class='ocrx_word' id='word_1_581' title='bbox 756 5411 870 5453; x_wconf 91' lang='lat' dir='ltr'><strong>tum</strong></span> <span class='ocrx_word' id='word_1_582' title='bbox 901 5412 1022 5467; x_wconf 77' lang='lat' dir='ltr'><strong>qua:</strong></span> <span class='ocrx_word' id='word_1_583' title='bbox 1055 5396 1301 5451; x_wconf 77' lang='lat' dir='ltr'><strong>facienda</strong></span> <span class='ocrx_word' id='word_1_584' title='bbox 1327 5403 1457 5451; x_wconf 88' lang='lat' dir='ltr'><strong>sunt</strong></span> <span class='ocrx_word' id='word_1_585' title='bbox 1480 5394 1810 5463; x_wconf 86' lang='lat' dir='ltr'><strong>suscipiens,</strong></span> <span class='ocrx_word' id='word_1_586' title='bbox 1843 5394 1982 5447; x_wconf 81' lang='lat' dir='ltr'><strong>etiis</strong></span> <span class='ocrx_word' id='word_1_587' title='bbox 2006 5392 2169 5447; x_wconf 89' lang='lat' dir='ltr'><strong>rebus</strong></span> <span class='ocrx_word' id='word_1_588' title='bbox 2191 5392 2320 5447; x_wconf 82' lang='lat' dir='ltr'><strong>abs-</strong></span> 
     </span>
    </p>
   </div>
   <div class='ocr_carea' id='block_1_97' title="bbox 757 5485 2329 5559">
    <p class='ocr_par' dir='ltr' id='par_1_97' title="bbox 757 5485 2329 5559">
     <span class='ocr_line' id='line_1_97' title="bbox 757 5485 2329 5559; baseline -0.001 -17"><span class='ocrx_word' id='word_1_589' title='bbox 757 5492 961 5556; x_wconf 86' lang='lat' dir='ltr'><strong>tinens,</strong></span> <span class='ocrx_word' id='word_1_590' title='bbox 1000 5504 1031 5543; x_wconf 90' lang='lat' dir='ltr'><strong>a</strong></span> <span class='ocrx_word' id='word_1_591' title='bbox 1083 5490 1284 5559; x_wconf 89' lang='lat' dir='ltr'><strong>quibus</strong></span> <span class='ocrx_word' id='word_1_592' title='bbox 1330 5488 1533 5543; x_wconf 88' lang='lat' dir='ltr'><strong>milites</strong></span> <span class='ocrx_word' id='word_1_593' title='bbox 1568 5487 1645 5541; x_wconf 93' lang='lat' dir='ltr'><strong>tui</strong></span> <span class='ocrx_word' id='word_1_594' title='bbox 1696 5501 1886 5542; x_wconf 89' lang='lat' dir='ltr'><strong>omnes</strong></span> <span class='ocrx_word' id='word_1_595' title='bbox 1916 5486 2197 5541; x_wconf 68' lang='lat' dir='ltr'><strong>abstinuere</strong></span> <span class='ocrx_word' id='word_1_596' title='bbox 2233 5485 2329 5540; x_wconf 88' lang='lat' dir='ltr'><strong>de-</strong></span> 
     </span>
    </p>
   </div>
   <div class='ocr_carea' id='block_1_98' title="bbox 752 5581 906 5636">
    <p class='ocr_par' dir='ltr' id='par_1_98' title="bbox 752 5581 906 5636">
     <span class='ocr_line' id='line_1_98' title="bbox 752 5581 906 5636; baseline -0.006 -1"><span class='ocrx_word' id='word_1_597' title='bbox 752 5581 906 5636; x_wconf 88' lang='lat' dir='ltr'><strong>bent.</strong></span> 
     </span>
    </p>
   </div>
   <div class='ocr_carea' id='block_1_99' title="bbox 2434 4657 4023 4739">
    <p class='ocr_par' dir='ltr' id='par_1_99' title="bbox 2434 4657 4023 4739">
     <span class='ocr_line' id='line_1_99' title="bbox 2434 4657 4023 4739; baseline -0.004 -15"><span class='ocrx_word' id='word_1_598' title='bbox 2434 4671 2532 4724; x_wconf 75' lang='grc' dir='ltr'><strong>καὶ</strong></span> <span class='ocrx_word' id='word_1_599' title='bbox 2558 4667 2891 4739; x_wconf 85' lang='grc' dir='ltr'><strong>στρατιώτου</strong></span> <span class='ocrx_word' id='word_1_600' title='bbox 2921 4667 3001 4720; x_wconf 85' lang='grc' dir='ltr'><strong>δεῖ</strong></span> <span class='ocrx_word' id='word_1_601' title='bbox 3049 4683 3108 4719; x_wconf 90' lang='grc' dir='ltr'><strong>σε</strong></span> <span class='ocrx_word' id='word_1_602' title='bbox 3135 4662 3452 4733; x_wconf 83' lang='grc' dir='ltr'><strong>γινώσκειν,</strong></span> <span class='ocrx_word' id='word_1_603' title='bbox 3498 4657 3543 4718; x_wconf 81' lang='grc' dir='ltr'>ὧ</span> <span class='ocrx_word' id='word_1_604' title='bbox 3580 4664 3881 4735; x_wconf 81' lang='grc' dir='ltr'><strong>στρατηγὲ,</strong></span> <span class='ocrx_word' id='word_1_605' title='bbox 3924 4666 4023 4717; x_wconf 80' lang='grc' dir='ltr'><strong>καὶ</strong></span> 
     </span>
    </p>
   </div>
   <div class='ocr_carea' id='block_1_100' title="bbox 2437 4756 4022 4829">
    <p class='ocr_par' dir='ltr' id='par_1_100' title="bbox 2437 4756 4022 4829">
     <span class='ocr_line' id='line_1_100' title="bbox 2437 4756 4022 4829; baseline -0.006 -12"><span class='ocrx_word' id='word_1_606' title='bbox 2437 4765 2517 4828; x_wconf 85' lang='grc' dir='ltr'><strong>είς</strong></span> <span class='ocrx_word' id='word_1_607' title='bbox 2549 4762 2743 4815; x_wconf 82' lang='grc' dir='ltr'><strong>ὁποίαν</strong></span> <span class='ocrx_word' id='word_1_608' title='bbox 2776 4761 3005 4823; x_wconf 69' lang='grc' dir='ltr'><strong>ἕκαστος</strong></span> <span class='ocrx_word' id='word_1_609' title='bbox 3042 4756 3244 4829; x_wconf 73' lang='grc' dir='ltr'><strong>πρᾶξιν</strong></span> <span class='ocrx_word' id='word_1_610' title='bbox 3266 4756 3525 4828; x_wconf 81' lang='grc' dir='ltr'><strong>ἀρμόόιός</strong></span> <span class='ocrx_word' id='word_1_611' title='bbox 3563 4757 3734 4819; x_wconf 75' lang='grc' dir='ltr'><strong>ἐστιν,</strong></span> <span class='ocrx_word' id='word_1_612' title='bbox 3766 4756 3857 4809; x_wconf 81' lang='grc' dir='ltr'><strong>ἵνα</strong></span> <span class='ocrx_word' id='word_1_613' title='bbox 3890 4756 4022 4809; x_wconf 72' lang='grc' dir='ltr'><strong>ἕκα-</strong></span> 
     </span>
    </p>
   </div>
   <div class='ocr_carea' id='block_1_101' title="bbox 2439 4845 4034 4921">
    <p class='ocr_par' dir='ltr' id='par_1_101' title="bbox 2439 4845 4034 4921">
     <span class='ocr_line' id='line_1_101' title="bbox 2439 4845 4034 4921; baseline -0.004 -16"><span class='ocrx_word' id='word_1_614' title='bbox 2439 4870 2565 4905; x_wconf 88' lang='grc' dir='ltr'><strong>στον</strong></span> <span class='ocrx_word' id='word_1_615' title='bbox 2607 4850 2834 4912; x_wconf 77' lang='grc' dir='ltr'><strong>δεόντως</strong></span> <span class='ocrx_word' id='word_1_616' title='bbox 2884 4848 3139 4921; x_wconf 80' lang='grc' dir='ltr'><strong>ὲκτάξῃς.</strong></span> <span class='ocrx_word' id='word_1_617' title='bbox 3190 4848 3278 4909; x_wconf 81' lang='grc' dir='ltr'><strong>Ὠς</strong></span> <span class='ocrx_word' id='word_1_618' title='bbox 3327 4847 3472 4899; x_wconf 77' lang='grc' dir='ltr'><strong>ἔοικε</strong></span> <span class='ocrx_word' id='word_1_619' title='bbox 3525 4846 3659 4916; x_wconf 84' lang='grc' dir='ltr'><strong>γὰρ,</strong></span> <span class='ocrx_word' id='word_1_620' title='bbox 3707 4845 3771 4898; x_wconf 85' lang='grc' dir='ltr'><strong>τὸ</strong></span> <span class='ocrx_word' id='word_1_621' title='bbox 3814 4847 4034 4914; x_wconf 79' lang='grc' dir='ltr'><strong>ἀγνοεῖν</strong></span> 
     </span>
    </p>
   </div>
   <div class='ocr_carea' id='block_1_102' title="bbox 2434 4936 3758 5017">
    <p class='ocr_par' dir='ltr' id='par_1_102' title="bbox 2434 4936 3758 5017">
     <span class='ocr_line' id='line_1_102' title="bbox 2434 4936 3758 5017; baseline -0.008 -19"><span class='ocrx_word' id='word_1_622' title='bbox 2434 4945 2610 5000; x_wconf 76' lang='grc' dir='ltr'><strong>ταῦτα</strong></span> <span class='ocrx_word' id='word_1_623' title='bbox 2643 4942 2966 5017; x_wconf 81' lang='grc' dir='ltr'><strong>ἀνωμάλους</strong></span> <span class='ocrx_word' id='word_1_624' title='bbox 3000 4942 3235 4993; x_wconf 84' lang='grc' dir='ltr'><strong>ποιεῖται</strong></span> <span class='ocrx_word' id='word_1_625' title='bbox 3263 4938 3364 5002; x_wconf 85' lang='grc' dir='ltr'><strong>τὰς</strong></span> <span class='ocrx_word' id='word_1_626' title='bbox 3400 4936 3758 5008; x_wconf 82' lang='grc' dir='ltr'><strong>παρατάξεις.</strong></span> 
     </span>
    </p>
   </div>
   <div class='ocr_carea' id='block_1_103' title="bbox 2514 5028 4036 5109">
    <p class='ocr_par' dir='ltr' id='par_1_103' title="bbox 2514 5028 4036 5109">
     <span class='ocr_line' id='line_1_103' title="bbox 2514 5028 4036 5109; baseline -0.006 -19"><span class='ocrx_word' id='word_1_627' title='bbox 2514 5038 2641 5109; x_wconf 71' lang='grc' dir='ltr'><strong>ρλεθ.</strong></span> <span class='ocrx_word' id='word_1_628' title='bbox 2680 5035 2995 5109; x_wconf 78' lang='grc' dir='ltr'><strong>Στρατηγδς</strong></span> <span class='ocrx_word' id='word_1_629' title='bbox 3048 5032 3254 5096; x_wconf 77' lang='grc' dir='ltr'><strong>ἀγαθὸς</strong></span> <span class='ocrx_word' id='word_1_630' title='bbox 3283 5029 3449 5084; x_wconf 78' lang='grc' dir='ltr'><strong>εἰκὼν</strong></span> <span class='ocrx_word' id='word_1_631' title='bbox 3499 5030 3715 5097; x_wconf 88' lang='grc' dir='ltr'><strong>γίνεται</strong></span> <span class='ocrx_word' id='word_1_632' title='bbox 3748 5028 3860 5081; x_wconf 84' lang='grc' dir='ltr'><strong>τῶν</strong></span> <span class='ocrx_word' id='word_1_633' title='bbox 3890 5045 4036 5098; x_wconf 73' lang='grc' dir='ltr'><strong>πραο</strong></span> 
     </span>
    </p>
   </div>
   <div class='ocr_carea' id='block_1_104' title="bbox 2442 5121 4029 5196">
    <p class='ocr_par' dir='ltr' id='par_1_104' title="bbox 2442 5121 4029 5196">
     <span class='ocr_line' id='line_1_104' title="bbox 2442 5121 4029 5196; baseline -0.008 -10"><span class='ocrx_word' id='word_1_634' title='bbox 2442 5132 2618 5186; x_wconf 85' lang='grc' dir='ltr'><strong>κτέων</strong></span> <span class='ocrx_word' id='word_1_635' title='bbox 2646 5131 2762 5192; x_wconf 84' lang='grc' dir='ltr'><strong>τοῖς</strong></span> <span class='ocrx_word' id='word_1_636' title='bbox 2792 5127 3129 5196; x_wconf 84' lang='grc' dir='ltr'><strong>ὑποχειρίοις</strong></span> <span class='ocrx_word' id='word_1_637' title='bbox 3160 5124 3348 5186; x_wconf 83' lang='grc' dir='ltr'><strong>αὑτοῦ,</strong></span> <span class='ocrx_word' id='word_1_638' title='bbox 3382 5123 3479 5176; x_wconf 74' lang='grc' dir='ltr'><strong>καὶ</strong></span> <span class='ocrx_word' id='word_1_639' title='bbox 3509 5124 3537 5177; x_wconf 87' lang='grc' dir='ltr'><strong>ό</strong></span> <span class='ocrx_word' id='word_1_640' title='bbox 3564 5121 3770 5191; x_wconf 79' lang='grc' dir='ltr'><strong>φαῦλος</strong></span> <span class='ocrx_word' id='word_1_641' title='bbox 3800 5122 4029 5186; x_wconf 81' lang='grc' dir='ltr'><strong>ὁμοίως.</strong></span> 
     </span>
    </p>
   </div>
   <div class='ocr_carea' id='block_1_105' title="bbox 2443 5211 4034 5288">
    <p class='ocr_par' dir='ltr' id='par_1_105' title="bbox 2443 5211 4034 5288">
     <span class='ocr_line' id='line_1_105' title="bbox 2443 5211 4034 5288; baseline -0.008 -12"><span class='ocrx_word' id='word_1_642' title='bbox 2443 5223 2517 5275; x_wconf 78' lang='grc' dir='ltr'><strong>Σὺ</strong></span> <span class='ocrx_word' id='word_1_643' title='bbox 2551 5215 2644 5274; x_wconf 83' lang='grc' dir='ltr'><strong>οὖν</strong></span> <span class='ocrx_word' id='word_1_644' title='bbox 2672 5220 2772 5287; x_wconf 86' lang='grc' dir='ltr'><strong>τῆς</strong></span> <span class='ocrx_word' id='word_1_645' title='bbox 2805 5216 3079 5288; x_wconf 77' lang='grc' dir='ltr'><strong>ἡμετέρας</strong></span> <span class='ocrx_word' id='word_1_646' title='bbox 3117 5212 3716 5284; x_wconf 56' lang='grc' dir='ltr'><strong>βασιλείαςνδεχόμενος</strong></span> <span class='ocrx_word' id='word_1_647' title='bbox 3746 5211 3850 5282; x_wconf 80' lang='grc' dir='ltr'><strong>τὴν</strong></span> <span class='ocrx_word' id='word_1_648' title='bbox 3882 5230 4034 5283; x_wconf 62' lang='grc' dir='ltr'><strong>παρ-</strong></span> 
     </span>
    </p>
   </div>
   <div class='ocr_carea' id='block_1_106' title="bbox 2443 5304 4033 5377">
    <p class='ocr_par' dir='ltr' id='par_1_106' title="bbox 2443 5304 4033 5377">
     <span class='ocr_line' id='line_1_106' title="bbox 2443 5304 4033 5377; baseline -0.006 -11"><span class='ocrx_word' id='word_1_649' title='bbox 2443 5314 2673 5375; x_wconf 89' lang='grc' dir='ltr'><strong>αίνεσιν,</strong></span> <span class='ocrx_word' id='word_1_650' title='bbox 2732 5304 2777 5363; x_wconf 84' lang='grc' dir='ltr'><strong>ὧ</strong></span> <span class='ocrx_word' id='word_1_651' title='bbox 2826 5306 3123 5377; x_wconf 72' lang='grc' dir='ltr'><strong>στρατηγέ,</strong></span> <span class='ocrx_word' id='word_1_652' title='bbox 3172 5305 3353 5375; x_wconf 84' lang='grc' dir='ltr'><strong>ἀγαθὴ</strong></span> <span class='ocrx_word' id='word_1_653' title='bbox 3394 5306 3554 5374; x_wconf 75' lang='grc' dir='ltr'><strong>γενοῦ</strong></span> <span class='ocrx_word' id='word_1_654' title='bbox 3599 5306 3711 5367; x_wconf 76' lang='grc' dir='ltr'><strong>τοῖς</strong></span> <span class='ocrx_word' id='word_1_655' title='bbox 3764 5305 4033 5375; x_wconf 79' lang='grc' dir='ltr'><strong>ὑπηκόοις</strong></span> 
     </span>
    </p>
   </div>
   <div class='ocr_carea' id='block_1_107' title="bbox 2443 5392 4031 5471">
    <p class='ocr_par' dir='ltr' id='par_1_107' title="bbox 2443 5392 4031 5471">
     <span class='ocr_line' id='line_1_107' title="bbox 2443 5392 4031 5471; baseline -0.006 -13"><span class='ocrx_word' id='word_1_656' title='bbox 2443 5404 2630 5467; x_wconf 86' lang='grc' dir='ltr'><strong>είκὼν,</strong></span> <span class='ocrx_word' id='word_1_657' title='bbox 2661 5405 2755 5455; x_wconf 79' lang='grc' dir='ltr'><strong>καὶ</strong></span> <span class='ocrx_word' id='word_1_658' title='bbox 2798 5402 2997 5471; x_wconf 83' lang='grc' dir='ltr'><strong>ἄριστα</strong></span> <span class='ocrx_word' id='word_1_659' title='bbox 3028 5399 3463 5469; x_wconf 76' lang='grc' dir='ltr'><strong>γυμναζόμενος,</strong></span> <span class='ocrx_word' id='word_1_660' title='bbox 3516 5396 3611 5450; x_wconf 79' lang='grc' dir='ltr'><strong>καὶ</strong></span> <span class='ocrx_word' id='word_1_661' title='bbox 3651 5392 3840 5449; x_wconf 72' lang='grc' dir='ltr'><strong>’ποιῶν</strong></span> <span class='ocrx_word' id='word_1_662' title='bbox 3887 5397 4031 5467; x_wconf 77' lang='grc' dir='ltr'><strong>ἅπερ</strong></span> 
     </span>
    </p>
   </div>
   <div class='ocr_carea' id='block_1_108' title="bbox 2443 5487 4034 5565">
    <p class='ocr_par' dir='ltr' id='par_1_108' title="bbox 2443 5487 4034 5565">
     <span class='ocr_line' id='line_1_108' title="bbox 2443 5487 4034 5565; baseline -0.008 -14"><span class='ocrx_word' id='word_1_663' title='bbox 2443 5497 2569 5562; x_wconf 82' lang='grc' dir='ltr'><strong>δεῖ.,</strong></span> <span class='ocrx_word' id='word_1_664' title='bbox 2605 5494 2943 5565; x_wconf 85' lang='grc' dir='ltr'><strong>ἀπεχόμενος</strong></span> <span class='ocrx_word' id='word_1_665' title='bbox 2994 5491 3072 5555; x_wconf 80' lang='grc' dir='ltr'><strong>δὲ,</strong></span> <span class='ocrx_word' id='word_1_666' title='bbox 3106 5491 3209 5543; x_wconf 77' lang='grc' dir='ltr'><strong>ὅσα</strong></span> <span class='ocrx_word' id='word_1_667' title='bbox 3262 5490 3356 5542; x_wconf 68' lang='grc' dir='ltr'><strong>καὶ</strong></span> <span class='ocrx_word' id='word_1_668' title='bbox 3395 5489 3524 5551; x_wconf 78' lang='grc' dir='ltr'><strong>τοὺς</strong></span> <span class='ocrx_word' id='word_1_669' title='bbox 3565 5487 3909 5559; x_wconf 82' lang='grc' dir='ltr'><strong>στρατιώτας</strong></span> <span class='ocrx_word' id='word_1_670' title='bbox 3938 5489 4034 5540; x_wconf 65' lang='grc' dir='ltr'><strong>καὶ</strong></span> 
     </span>
    </p>
   </div>
   <div class='ocr_carea' id='block_1_109' title="bbox 2447 5578 4034 5652">
    <p class='ocr_par' dir='ltr' id='par_1_109' title="bbox 2447 5578 4034 5652">
     <span class='ocr_line' id='line_1_109' title="bbox 2447 5578 4034 5652; baseline -0.011 -8"><span class='ocrx_word' id='word_1_671' title='bbox 2447 5592 2658 5652; x_wconf 86' lang='grc' dir='ltr'><strong>πάντας</strong></span> <span class='ocrx_word' id='word_1_672' title='bbox 2707 5588 2837 5649; x_wconf 76' lang='grc' dir='ltr'><strong>τοὺς</strong></span> <span class='ocrx_word' id='word_1_673' title='bbox 2889 5584 2994 5639; x_wconf 83' lang='grc' dir='ltr'><strong>ὑπὸ</strong></span> <span class='ocrx_word' id='word_1_674' title='bbox 3047 5584 3108 5636; x_wconf 80' lang='grc' dir='ltr'><strong>σὲ</strong></span> <span class='ocrx_word' id='word_1_675' title='bbox 3152 5582 3522 5652; x_wconf 87' lang='grc' dir='ltr'><strong>τεταγμένους</strong></span> <span class='ocrx_word' id='word_1_676' title='bbox 3561 5578 3870 5649; x_wconf 86' lang='grc' dir='ltr'><strong>ἀπέχεσθαι</strong></span> <span class='ocrx_word' id='word_1_677' title='bbox 3898 5580 4034 5647; x_wconf 77' lang='grc' dir='ltr'><strong>χρή-</strong></span> 
     </span>
    </p>
   </div>
   <div class='ocr_carea' id='block_1_110' title="bbox 2348 5674 2632 5753">
    <p class='ocr_par' dir='ltr' id='par_1_110' title="bbox 2348 5674 2632 5753">
     <span class='ocr_line' id='line_1_110' title="bbox 2348 5674 2632 5753; baseline -0.004 -15"><span class='ocrx_word' id='word_1_678' title='bbox 2348 5674 2351 5675; x_wconf 15' lang='grc' dir='ltr'><em>ν</em></span> <span class='ocrx_word' id='word_1_679' title='bbox 2448 5699 2632 5753; x_wconf 91' lang='grc' dir='ltr'><strong>σιμον.</strong></span> 
     </span>
    </p>
   </div>
   <div class='ocr_carea' id='block_1_111' title="bbox 2273 5781 2507 5840">
    <p class='ocr_par' dir='ltr' id='par_1_111' title="bbox 2273 5781 2507 5840">
     <span class='ocr_line' id='line_1_111' title="bbox 2273 5781 2507 5840; baseline -0.013 -3"><span class='ocrx_word' id='word_1_680' title='bbox 2273 5781 2507 5840; x_wconf 69' lang='lat' dir='ltr'><strong>NOTAE.</strong></span> 
     </span>
    </p>
   </div>
   <div class='ocr_carea' id='block_1_112' title="bbox 830 5881 1955 5954">
    <p class='ocr_par' dir='ltr' id='par_1_112' title="bbox 830 5881 1955 5954">
     <span class='ocr_line' id='line_1_112' title="bbox 830 5881 1955 5954; baseline -0.005 -14"><span class='ocrx_word' id='word_1_681' title='bbox 830 5885 947 5954; x_wconf 67' lang='lat' dir='ltr'><strong>(Mi)</strong></span> <span class='ocrx_word' id='word_1_682' title='bbox 978 5886 1102 5939; x_wconf 85' lang='grc' dir='ltr'><strong>οὐκ</strong></span> <span class='ocrx_word' id='word_1_683' title='bbox 1139 5883 1248 5937; x_wconf 78' lang='grc' dir='ltr'><strong>ἔτι.</strong></span> <span class='ocrx_word' id='word_1_684' title='bbox 1291 5882 1669 5954; x_wconf 72' lang='lat' dir='ltr'><strong>scribebatur,</strong></span> <span class='ocrx_word' id='word_1_685' title='bbox 1694 5882 1793 5954; x_wconf 57' lang='grc' dir='ltr'><strong>ουκ</strong></span> <span class='ocrx_word' id='word_1_686' title='bbox 1822 5881 1955 5934; x_wconf 79' lang='grc' dir='ltr'><strong>ἔστι.</strong></span> 
     </span>
    </p>
   </div>
   <div class='ocr_carea' id='block_1_113' title="bbox 831 5885 2331 6029">
    <p class='ocr_par' dir='ltr' id='par_1_113' title="bbox 831 5885 2331 6029">
     <span class='ocr_line' id='line_1_113' title="bbox 831 5885 1955 5954; baseline -0.005 -14"><span class='ocrx_word' id='word_1_687' title='bbox 831 5886 923 5954; x_wconf 61' lang='grc' dir='ltr'><strong>(ιθ</strong></span> <span class='ocrx_word' id='word_1_688' title='bbox 978 5886 1102 5939; x_wconf 85' lang='grc' dir='ltr'><strong>οὐκ</strong></span> <span class='ocrx_word' id='word_1_689' title='bbox 1139 5885 1248 5937; x_wconf 78' lang='grc' dir='ltr'><strong>ἔτι.</strong></span> <span class='ocrx_word' id='word_1_690' title='bbox 1291 5885 1669 5945; x_wconf 76' lang='lat' dir='ltr'><strong>Sct&#39;ibcbalur,</strong></span> <span class='ocrx_word' id='word_1_691' title='bbox 1694 5885 1793 5933; x_wconf 69' lang='grc' dir='ltr'><strong>οὐκ</strong></span> <span class='ocrx_word' id='word_1_692' title='bbox 1822 5885 1955 5934; x_wconf 77' lang='grc' dir='ltr'><strong>ἐστι.</strong></span> 
     </span>
     <span class='ocr_line' id='line_1_114' title="bbox 831 5885 2331 6029; baseline -0.006 -16"><span class='ocrx_word' id='word_1_693' title='bbox 831 5885 949 6029; x_wconf 61' lang='lat' dir='ltr'><strong>(Hi</strong></span> <span class='ocrx_word' id='word_1_694' title='bbox 979 5953 1494 6025; x_wconf 73' lang='grc' dir='ltr'><strong>Παρασκεινιίσεις.</strong></span> <span class='ocrx_word' id='word_1_695' title='bbox 1530 5953 1906 6020; x_wconf 67' lang='lat' dir='ltr'><strong>Scribebatur,</strong></span> <span class='ocrx_word' id='word_1_696' title='bbox 1934 5950 2331 6022; x_wconf 76' lang='grc' dir='ltr'><strong>παραστήσεις.</strong></span> 
     </span>
    </p>
   </div>
   <div class='ocr_carea' id='block_1_114' title="bbox 2533 5860 4033 5946">
    <p class='ocr_par' dir='ltr' id='par_1_114' title="bbox 2533 5860 4033 5946">
     <span class='ocr_line' id='line_1_115' title="bbox 2533 5860 4033 5946; baseline -0.011 -17"><span class='ocrx_word' id='word_1_697' title='bbox 2533 5873 2648 5946; x_wconf 69' lang='grc' dir='ltr'><strong>(ιι)</strong></span> <span class='ocrx_word' id='word_1_698' title='bbox 2683 5866 3198 5939; x_wconf 67' lang='grc' dir='ltr'><strong>Πεπτεντειεμένην.</strong></span> <span class='ocrx_word' id='word_1_699' title='bbox 3232 5863 3626 5932; x_wconf 77' lang='lat' dir='ltr'><strong>Scribebalur,</strong></span> <span class='ocrx_word' id='word_1_700' title='bbox 3658 5860 4033 5930; x_wconf 72' lang='grc' dir='ltr'><strong>πεπιστευμέ-</strong></span> 
     </span>
    </p>
   </div>
   <div class='ocr_carea' id='block_1_115' title="bbox 2445 5964 2578 6009">
    <p class='ocr_par' dir='ltr' id='par_1_115' title="bbox 2445 5964 2578 6009">
     <span class='ocr_line' id='line_1_116' title="bbox 2445 5964 2578 6009; baseline -0.015 -7"><span class='ocrx_word' id='word_1_701' title='bbox 2445 5964 2578 6009; x_wconf 79' lang='grc' dir='ltr'><strong>νοις.</strong></span> 
     </span>
    </p>
   </div>
  </div>
