4184 6440
189 441 328 507 1049

188 653 219 717 ὴ
253 643 598 716 στρατηγικὴ
633 644 910 711 ἐπιστήμη
943 659 956 672 ·
991 642 1083 694 καὶ
1112 641 1219 711 γὰρ
1250 643 1377 695 ἄνευ
1414 643 1595 712 μάχης
1626 643 1758 694 πολ-

185 738 347 799 λάκις
379 735 507 803 νικᾷ
531 734 658 795 τοὺς
685 732 999 802 πολεμίους.
1027 730 1244 802 Ταύτης
1273 731 1365 785 οὖν
1386 730 1763 802 ἐπιμελεῖσθαι

188 843 248 878 σε
293 826 418 896 χρὴ,
453 825 546 877 καὶ
573 823 665 876 διὰ
686 821 893 892 ταύτης
915 823 1016 885 τὰς
1047 823 1395 892 ὲγχειρήσεις
1435 823 1561 876 ἄνευ
1599 840 1763 892 φανε-

189 918 288 986 ροῦ
313 916 552 987 πολέμου
583 916 725 968 κατὰ
756 915 866 968 τῶν
898 916 1156 968 ἐναντίων
1189 915 1482 969 ποιεῖσθαι.
1518 918 1685 968 Ὅταν
1707 916 1762 969 δὲ

186 1008 408 1078 ἀνάγκη
436 1007 642 1078 ταύτην
682 1007 757 1076 μὴ
811 1008 1082 1077 ἐνεργεῖν,
1119 1008 1238 1061 τότε
1279 1006 1369 1059 διὰ
1391 1007 1491 1078 τῆς
1518 1009 1626 1062 τῶν
1657 1026 1764 1061 σωο

183 1100 379 1168 μάτων
406 1097 596 1169 ῥώμης
629 1100 1114 1168 παρακινδυνεύειν
1144 1102 1464 1167 ἀναγκαῖον,
1493 1100 1587 1153 καὶ
1616 1101 1764 1172 μάχῃ

184 1189 326 1256 πρὸς
357 1188 484 1251 τοὺς
510 1187 804 1256 πολεμίους
828 1187 1265 1256 διαγωνίζεσθαι.

257 1279 394 1349 ρλζκ
441 1279 673 1341 Νεάζειν
704 1280 908 1347 ὀφείλει
942 1281 970 1332 δ
1002 1282 1310 1351 στρατηγὸς
1365 1283 1462 1335 καὶ
1490 1284 1556 1352 τῇ
1603 1281 1764 1355 ῥώμῃ

178 1371 279 1424 τοῦ
320 1370 569 1441 σώματος
601 1371 690 1424 διὰ
723 1371 824 1439 τῆς
874 1373 1255 1442 στρατηγικῆς
1304 1375 1500 1443 τέχνης
1556 1375 1760 1442 ὀφείλει

180 1461 587 1530 θαυμάζεσθαι,
618 1464 786 1533 ἦγουν
813 1463 924 1515 τῶν
956 1464 1404 1534 ἐπιτηδευμάτων
1433 1466 1601 1535 αὐτῆς
1628 1467 1758 1533 (45).

188 1549 355 1614 Ἐθος
381 1554 492 1620 γάρ
519 1555 635 1607 ἐστι
663 1555 914 1618 παλαιὸν,
939 1555 1077 1608 ὥστε
1109 1558 1233 1619 τοὺς
1256 1556 1549 1626 μέλλοντας
1570 1574 1760 1627 στρατο

180 1647 362 1714 ηγείν,
406 1646 465 1697 οὐ
504 1645 666 1713 μόνον
720 1646 830 1699 ἀπὸ
879 1646 1066 1709 ἔθνους
1099 1648 1194 1701 καὶ
1226 1648 1422 1717 γένους
1454 1648 1632 1701 ἕλκειν
1665 1651 1763 1718 τὴν

181 1736 513 1802 συγγένειαν
545 1736 603 1787 ὲν
633 1739 752 1798 ταῖς
783 1737 962 1802 νίκαις
993 1738 1471 1809 λαμπρυνομένου,
1506 1741 1639 1794 ἀλλὰ
1669 1742 1764 1794 καὶ

177 1827 295 1886 τοῖς
330 1826 466 1876 πᾶσι
512 1823 831 1894 πράγμασιν
881 1827 1011 1895 ἄχρι
1043 1827 1140 1879 καὶ
1167 1827 1333 1880 αὑτοῦ
1366 1828 1456 1880 τοῦ
1499 1831 1763 1900 ὀνόματος

179 1910 328 1968 εἶναι
349 1917 451 1984 τῆς
476 1917 635 1984 νίκης
660 1922 1022 1987 σημαντικήν.

251 2005 394 2078 ρλη’.
429 2007 718 2079 Χρήσιμόν
744 2025 796 2061 τι
843 2010 1208 2080 στρατήγημα
1254 2009 1609 2080 διηγήσομαι,
1665 2011 1761 2065 καὶ

173 2099 342 2152 τοῦτο
391 2102 526 2171 ὅπερ
553 2101 819 2168 ἀναγνοὺς
846 2101 1120 2172 ἀνέμαθον
1161 2102 1272 2172 (44)
1304 2117 1318 2134 ο
1368 2103 1454 2154 ἵνα
1488 2104 1583 2155 ἐάν
1628 2120 1759 2156 ποτε

178 2192 368 2262 συμϐῇ
403 2209 486 2245 σοι
514 2191 732 2262 μέλλειν
762 2193 900 2262 πρὸς
941 2194 1230 2262 πολεμίους
1265 2193 1489 2246 πλείονα
1533 2212 1624 2247 σου
1670 2196 1760 2247 δύ-

177 2299 346 2351 ναμιν
377 2282 604 2352 ἔχοντας
637 2281 1078 2349 διαγωνίζεσθαι,
1113 2282 1209 2336 καὶ
1255 2283 1437 2352 βούλει
1472 2286 1611 2355 πρὸς
1660 2287 1761 2338 αύ-

169 2377 305 2436 τοὺς
366 2375 444 2445 μὴ
498 2373 736 2442 συνάψαι
797 2374 1058 2445 πόλεμον,
1105 2374 1244 2428 ἀλλὰ
1314 2377 1610 2440 ἀκινδύνως
1667 2379 1762 2429 επ-

177 2464 447 2530 εξελθεῖν,
485 2467 823 2536 ὲπιτήρησον
856 2468 952 2519 ἐὰν
979 2468 1318 2536 παράκειται
1362 2468 1631 2536 ποταμδς,
1669 2469 1762 2520 καὶ

173 2555 372 2608 τοῦτον
403 2557 740 2626 ἐπιστρέψας
765 2557 1013 2625 ὲπάγαγε
1039 2561 1152 2621 τοῖς
1184 2557 1468 2626 πολεμίοις
1494 2558 1636 2610 κατὰ
1668 2559 1763 2611 τοῦ

171 2649 366 2701 πεδίου
398 2649 456 2702 ἐν
481 2643 525 2717 ᾧ
556 2651 590 2719 ή
630 2650 937 2719 παράταξις
981 2650 1299 2718 πρόκειται,
1342 2648 1438 2701 καὶ
1476 2648 1648 2713 οὕτως
1673 2649 1764 2703 τὸν

171 2741 449 2808 μέλλοντα
478 2741 712 2810 πόλεμον
741 2743 1102 2810 ἀνενέρτητον
1120 2743 1396 2811 ποιήσεις.

247 2832 388 2900 ρλθ¹.
415 2831 642 2901 Ῥᾳδίως
656 2831 950 2901 ἁναστείλῃ
977 2816 1180 2902 βουλὴν
1209 2832 1483 2902 πολεμίων
1506 2836 1534 2888 ὁ
1564 2853 1762 2905 στρατ-

169 2923 311 2991 ηγὸς
369 2921 467 2975 ἐὰν
501 2921 596 2974 καὶ
646 2921 832 2986 αὐτὸς,
892 2921 988 2974 καὶ
1032 2920 1179 2974 κατά
1206 2922 1313 2990 γῆν
1359 2924 1626 2976 καὶκατὰ
1673 2923 1765 2976 θά-

172 3015 388 3068 λασσαν
433 3015 610 3083 κρατῇ
653 3013 984 3082 ὑποχειρίων
1013 3014 1176 3067 τινῶν
1197 3030 1212 3044 ⁸
1241 3014 1336 3068 κα)⁸
1359 3016 1408 3067 οί
1434 3015 1683 3084 πολέμιοι
1705 3015 1763 3068 δὲ

175 3105 280 3175 γῆς
323 3104 558 3174 ἠπείρου
606 3104 940 3172 κρατοῦντες
999 3105 1144 3158 κατὰ
1190 3104 1298 3159 τῶν
1340 3105 1506 3159 αὐτοῦ
1559 3106 1761 3177 νηῶνῆ

179 3195 393 3264 ἑτέρων
421 3191 708 3263 παραλίων
725 3192 905 3247 τόπων
941 3195 1330 3263 ἐκστρατεύειν
1365 3195 1756 3262 βουλεύωνται.

186 3289 319 3340 Ἐὰν
345 3287 456 3358 γὰρ
495 3288 712 3358 φημίσῃ
752 3288 835 3340 ὅτι
873 3288 1034 3351 αὐτὸς
1059 3288 1148 3342 διὰ
1185 3291 1284 3358 τῆς
1313 3292 1546 3360 ἠπείρου
1579 3293 1762 3360 βούλε-

173 3397 266 3433 ται
294 3381 419 3434 κατ’
449 3379 631 3433 αὐτῶν
655 3377 1012 3449 στρατεῦσαι,
1045 3380 1386 3451 καταπλήξει
1419 3381 1638 3447 αὐτοὺς,
1665 3385 1759 3435 καὶ

173 3471 480 3540 ἀναστείλῃ
510 3471 610 3539 τῆς
645 3469 786 3522 κατὰ
815 3469 1089 3522 θάλασσαν
1115 3472 1504 3542 ἐγχειρήσεως.

253 3571 363 3634 ρμ.’.
400 3563 539 3616 Ἱσθι
585 3565 805 3626 εὐσεϐὲς
837 3559 978 3618 εἶναι
1049 3567 1315 3634 πρᾶγμα,
1363 3559 1410 3618 ὦ
1464 3567 1755 3636 στρατηγὲ,

175 3657 276 3707 καὶ
309 3653 431 3706 λίαν
457 3653 716 3724 ὀνήσιμον
746 3655 808 3707 τὸ
839 3655 897 3707 ὲν
920 3657 1039 3716 ταῖς
1071 3655 1398 3722 ἀναγκαίαις
1429 3657 1526 3709 καὶ
1551 3659 1760 3720 κοιναῖς

177 3746 396 3816 χρείαις
429 3745 702 3815 μηδέποτε
743 3746 889 3808 ίδίως
923 3746 1330 3815 μιμνήσκεσθαι
1357 3747 1578 3816 ἔχθρας,
1627 3749 1759 3818 μηδὲ

181 3838 253 3889 δι’
283 3836 541 3890 ὑπόνοιαν
577 3836 713 3888 ἰδίαν
737 3836 1130 3905 ἐμποδίζεσθαι
1173 3837 1242 3890 τὰ
1270 3838 1459 3890 δέοντα
1489 3839 1757 3906 γίνεσθαι,

174 3929 318 3982 ἀλλὰ
341 3930 398 3981 ἐν
423 3931 542 3991 ταῖς
570 3927 678 3981 τῶν
707 3928 902 3981 κοινῶν
933 3928 1212 3999 προνοίαις
1238 3930 1309 3982 τὰ
1336 3931 1560 3984 τοιαῦτα
1583 3933 1760 3985 πάντα

176 4019 576 4073 κατατίθεσθαι
619 4020 715 4071 καὶ
760 4018 890 4088 περὶ
915 4019 1226 4088 προσώπων
1251 4022 1346 4073 καὶ
1393 4024 1755 4091 πραγμάτων,

177 4115 276 4163 καὶ
301 4110 440 4182 πρὸς
473 4112 634 4181 μόνον
657 4110 720 4162 τὸ
756 4113 1027 4181 χρήσιμον
1073 4111 1427 4178 ἀποϐλέπειν,
1479 4115 1574 4165 καὶ
1603 4115 1762 4166 τοῦτο

178 4203 470 4272 πράττειν’
503 4203 537 4272 ἡ
572 4201 682 4272 γάρ
709 4202 934 4272 τοιαύτη
956 4201 1105 4254 αίτία
1135 4202 1352 4267 πολλοῖς
1396 4205 1760 4276 παρορωμένη

178 4294 431 4361 μεγάλας
464 4292 668 4361 βλάὸας
708 4293 971 4357 πολλάκις
999 4295 1274 4365 ἐποίησεν.

250 4392 407 4457 ρμα’.
460 4385 852 4456 Σοφιζόμενος,
908 4380 953 4440 ὦ
1016 4387 1327 4456 στρατηγὲ,
1386 4388 1574 4457 χρείας
1622 4387 1761 4441 οὓτω

174 4478 475 4547 καλούσης,
500 4477 804 4547 ὠφελήσεις
827 4477 896 4530 τὰ
915 4475 1169 4547 μέγιστα.
1208 4477 1334 4531 Ἐάν
1360 4481 1471 4548 γὰρ
1499 4478 1586 4532 διά
1617 4497 1761 4542 τινος

1310 435 2224 501 TACTICA.-CONSTITUTIO
2267 444 2394 504 XX.

258 555 407 628 ρλς’.
449 552 696 617 Ἔνδοξον
717 569 769 605 τι
798 551 1030 622 πρᾶγμα
1049 551 1143 605 καὶ
1171 551 1293 605 λίαν
1317 553 1574 622 ὀνήσιμὸν
1612 554 1760 606 ἐστιν
1793 565 1834 619 Α

3296 446 3435 512 1050

1939 557 2061 610 1⁸56.
2132 557 2342 614 Nobilis
2369 574 2480 623 res,
2514 567 2676 625 atque
2721 559 2775 611 in
2809 560 3001 628 primis
3042 559 3213 625 utilis,
3238 562 3429 616 milita-

1864 648 1941 702 ris
1973 657 2053 703 est
2078 649 2342 713 scicntia;
2379 665 2502 703 nam
2541 653 2660 704 sine
2701 649 2847 703 bello
2900 652 3057 705 facile
3097 652 3284 706 hostes
3315 654 3440 707 vin-

1865 742 1958 794 cit.
1995 740 2146 794 Hanc
2187 741 2354 811 igitur
2384 743 2530 796 omni
2583 742 2769 798 studio
2818 757 3153 811 cognoscere
3196 753 3438 814 oportet.

1865 829 2038 897 Hujus
2081 831 2372 901 disciplina
2408 834 2590 887 multa:
2624 836 3004 905 aggressiones
3039 835 3276 890 hostium
3309 852 3439 891 sus-

1865 924 2130 993 cipienda:
2186 933 2338 979 sunt.
2376 923 2478 978 Ubi
2521 942 2650 980 vero
2711 929 2827 981 haec
2884 927 3019 980 nihil
3076 926 3286 982 eﬂicere
3316 944 3441 982 am-

1865 1015 2006 1084 plius
2041 1023 2239 1084 potest,
2274 1025 2388 1070 tum
2444 1018 2629 1072 labore
2674 1020 2926 1088 corporis
2975 1033 3040 1072 ac
3082 1018 3439 1074 dimicatione

1865 1106 2280 1174 periclitandum
2309 1118 2413 1175 est,
2440 1117 2492 1162 et
2527 1124 2651 1161 cum
2677 1110 2926 1164 hostibus
2958 1111 3368 1165 decertandum.

1935 1284 2054 1336 157.
2102 1285 2216 1337 Non
2265 1287 2427 1339 modo
2472 1285 2704 1341 scientia
2748 1287 3119 1356 imperatoria,
3150 1290 3245 1344 sed
3277 1291 3441 1344 etiam

1866 1375 2175 1430 actionibus
2227 1379 2399 1438 illius.
2434 1379 2740 1448 roboreque
2764 1382 3010 1450 corporis
3048 1382 3240 1437 ﬂorere
3273 1385 3444 1453 impe-

1865 1471 2015 1518 rator
2051 1466 2231 1520 debet.
2283 1467 2460 1522 Veteri
2495 1470 2639 1522 enim
2672 1472 3097 1537 consuetudine,
3139 1474 3228 1540 qui
3270 1475 3443 1542 impc-

1869 1565 2078 1610 ratores
2110 1557 2276 1612 futuri
2311 1560 2544 1624 fuerant,
2580 1577 2686 1616 non
2740 1565 2902 1617 modo
2948 1581 3121 1634 genus
3174 1565 3446 1620 ducebant

1865 1648 1933 1701 ab
1975 1649 2084 1703 illis
2140 1653 2395 1720 gentibus
2445 1660 2497 1707 ct
2551 1652 2791 1718 familiis,
2846 1671 2964 1724 qua:
3010 1659 3339 1710 Strenuitate
3389 1668 3442 1712 ct

1865 1740 2100 1795 rebusin
2149 1742 2294 1798 bello
2333 1745 2502 1813 gestis
2526 1745 2687 1798 clara:
2724 1756 2934 1808 essent,
2974 1747 3066 1802 sed
3097 1751 3283 1802 omnia
3313 1751 3441 1814 alia,

1866 1840 2031 1901 atque
2089 1834 2226 1889 adeo
2280 1851 2480 1890 nomen
2533 1838 2714 1905 ipsum
2765 1837 3011 1892 victoria:
3069 1855 3229 1894 omen
3288 1841 3448 1896 habe-

1791 1898 1834 1956 Β
1864 1898 2013 1976 bant.

1936 2016 2057 2070 158.
2099 2017 2406 2071 Consilium
2441 2019 2676 2087 perutile
2710 2020 2805 2074 tibi
2841 2022 3105 2089 narrabo,
3137 2023 3281 2092 quod
3313 2023 3440 2078 olim

1863 2107 2123 2176 legeram.
2161 2112 2219 2164 Si
2264 2111 2483 2180 quando
2537 2128 2661 2167 cum
2720 2113 2964 2168 hostibus
3005 2115 3099 2167 tibi
3169 2131 3254 2168 res
3282 2115 3445 2169 fuerit

1863 2201 2020 2267 longe
2076 2218 2304 2257 numero
2353 2206 2623 2274 pluribus,
2666 2222 2840 2274 neque
2890 2220 3012 2260 cum
3067 2208 3175 2262 illis
3224 2217 3445 2277 pr0pter

1862 2296 2267 2350 multitudinem
2302 2299 2636 2352 contendere
2659 2301 2884 2362 audeas,
2911 2301 3005 2353 sed
3033 2315 3228 2355 secure
3263 2302 3444 2355 disce-

1863 2385 1991 2437 dere
2021 2384 2124 2447 vis,
2149 2383 2380 2439 observa
2405 2388 2451 2440 si
2475 2386 2675 2440 ﬂuvius
2705 2387 2907 2456 aliquis
2939 2388 3152 2442 vicinus
3177 2387 3270 2453 sit,
3299 2388 3444 2442 hunc

1863 2483 1918 2527 tu
1972 2477 2080 2530 alio
2126 2477 2469 2532 transferens
2509 2478 2563 2530 in
2616 2478 2805 2533 hostes
2856 2480 3156 2544 derit-abis,
3192 2495 3288 2548 per
3317 2495 3443 2534 eum

1864 2581 2116 2635 campum
2188 2568 2285 2621 ubi
2333 2568 2668 2623 conﬂictatio
2718 2571 2899 2623 futura
2949 2582 3052 2637 est,
3094 2583 3262 2640 atque
3307 2573 3448 2627 adeo

1864 2656 2064 2709 bellum
2096 2672 2259 2711 omne
2288 2659 2506 2711 irritum
2544 2659 2732 2714 facies.

1933 2833 2056 2888 159.
2093 2833 2276 2888 Facile
2306 2838 2567 2902 reprimet
2599 2837 2838 2891 hostium
2875 2839 3168 2894 consilium
3212 2844 3450 2913 impera-

1863 2924 1972 2981 tor,
2005 2929 2059 2972 et
2089 2923 2133 2972 si
2172 2921 2290 2989 ipse
2321 2930 2437 2975 tum
2469 2934 2636 2986 terra,
2670 2933 2783 2977 tum
2825 2929 2961 2982 mari
2993 2929 3191 2984 habeat
3216 2949 3318 2987 suo
3348 2935 3451 2987 im-

1865 3007 2016 3075 perio
2037 3009 2357 3064 obcdientes
2385 3012 2651 3078 quosdam
2688 3028 2700 3063 :
2739 3021 2792 3065 et
2818 3015 3029 3080 hostes,
3064 3019 3154 3085 qni
3186 3019 3240 3072 in
3274 3025 3452 3075 conti-

1864 3109 2026 3152 nente
2073 3101 2325 3154 habitant
2385 3104 2596 3158 insulas
2662 3106 2952 3173 quasdam,
3013 3121 3109 3164 aut
3172 3115 3450 3168 maritima

1862 3191 2110 3260 quaedam
2145 3194 2263 3247 loca
2285 3209 2604 3263 oppugnare
2641 3214 2700 3251 se
2741 3198 2879 3252 velle
2925 3200 3134 3254 dicant.
3191 3203 3248 3256 Si
3298 3205 3448 3258 enim

1868 3285 2250 3351 percrebescat
2282 3295 2335 3339 te
2375 3289 2512 3340 velle
2554 3289 2675 3342 illos
2709 3290 2762 3341 in
2818 3292 3132 3346 continente
3162 3303 3308 3348 terra
3348 3312 3450 3364 op-

1867 3389 2134 3442 pugnare,
2166 3377 2588 3444 pei'terrefacies
2635 3393 2750 3443 eos,
2784 3389 2837 3432 et
2884 3381 3150 3448 repriuies
3193 3398 3223 3435 a
3268 3386 3451 3439 navali

1866 3465 2047 3517 classe
2074 3465 2436 3519 instituenda.

1943 3557 2066 3610 HO.
2117 3556 2273 3610 Pium
2322 3558 2638 3622 admodum,
2677 3561 3109 3632 religiosumque
3147 3575 3251 3628 est,
3297 3581 3451 3620 com-

1867 3648 2128 3703 munibus
2154 3651 2208 3703 in
2242 3652 2482 3720 negotiis
2515 3653 2853 3720 privatarum
2901 3656 3316 3711 inimicitiarum
3358 3675 3448 3713 re-

1867 3738 2245 3792 (-ordationeni
2309 3747 2604 3808 deponere,
2670 3759 2850 3814 neque
2904 3758 3127 3814 propter
3179 3750 3448 3817 privatam

1867 3832 2105 3899 aliquam
2133 3835 2597 3903 malevolentiam,
2622 3854 2736 3891 rem
2772 3855 3120 3895 communem
3156 3841 3444 3910 impedire.

1870 3923 1974 3975 Sed
2039 3924 2092 3977 in
2153 3925 2434 3994 republica
2491 3930 2864 3996 procuranda,
2896 3932 3081 3986 omnia
3136 3932 3449 4001 hnjusmodi

1867 4015 2172 4082 abjicienda
2207 4027 2358 4079 sunt,
2390 4026 2504 4070 tum
2538 4019 2684 4087 quod
2722 4019 2791 4074 ad
2839 4036 3126 4090 personas,
3157 4031 3270 4076 tum
3301 4026 3449 4093 quod

1869 4107 1934 4158 ad
1961 4123 2053 4162 res
2093 4110 2351 4177 pertinet,
2385 4119 2438 4163 et
2467 4110 2645 4164 solum
2681 4110 2733 4163 id
2758 4113 2902 4181 quod
2947 4113 3078 4168 utile
3100 4123 3185 4169 est
3226 4116 3450 4169 intuen-

1866 4198 2018 4263 dum,
2051 4208 2216 4268 atque
2261 4201 2314 4254 id
2373 4203 2646 4270 agendum
2682 4211 2765 4256 est
2795 4217 2809 4255 :
2847 4204 2951 4257 hoc
2998 4206 3145 4260 enim
3177 4222 3322 4277 saepe
3354 4224 3451 4263 ne-

1867 4288 2126 4355 glectum,
2162 4303 2487 4360 permagnas
2523 4292 2858 4346 otTensiones
2891 4294 3098 4348 attulit.

1938 4379 2064 4433 Ni.
2097 4379 2196 4436 Ubi
2221 4397 2359 4451 opus
2392 4382 2582 4446 fuerit,
2619 4385 2664 4437 si
2688 4386 2923 4439 artificio
2957 4387 3151 4452 utaris,
3191 4401 3447 4456 magnum

1866 4470 2245 4538 adjumentum
2275 4489 2339 4527 ex
2363 4488 2428 4529 co
2464 4475 2714 4530 habebis.
2736 4475 2790 4529 Si
2819 4477 2966 4530 enim
2993 4477 3213 4530 solertia
3239 4479 3445 4546 aliqua,

175 4570 425 4634 ἐπινοίας
470 4571 782 4643 προνοήσῃς
811 4569 882 4622 τὰ
916 4570 1178 4639 μέλλοντα
1225 4570 1493 4637 γίνεσθαι,
1527 4572 1623 4624 καὶ
1660 4573 1760 4640 μά-

1871 4578 1992 4631 qua:
2035 4562 2221 4618 futura
2271 4573 2397 4618 sunt
2469 4567 2797 4633 provideris,
2856 4569 3091 4622 maxime
3146 4581 3327 4622 autem
3383 4587 3449 4624 cx

176 4660 339 4712 λιστα
379 4658 473 4711 ἐπὶ
518 4659 766 4727 ἀστέρων
815 4657 1092 4728 ὲπιτολῆς,
1138 4657 1434 4712 καὶταῦτα
1468 4661 1759 4730 προείπῃς,

175 4752 260 4805 ὅτι
292 4751 383 4802 ἐπ’
441 4750 621 4820 ἀγαθῇ
689 4751 934 4821 σημασίᾳ
991 4749 1245 4820 μέλλουσι
1291 4751 1560 4818 γίνεσθαι,
1613 4753 1752 4822 ὑπὲρ

175 4844 288 4896 τῶν
321 4844 475 4912 παρὰ
509 4842 604 4894 σοῦ
648 4843 1084 4913 ἐγχειρουμένων
1133 4844 1476 4913 πραγμάτων
1503 4845 1759 4912 ,ἐπιρρω-

177 4932 478 5002 σθήσονται
513 4932 563 4983 οἱ
598 4931 705 4982 ὑπὸ
738 4931 796 4983 σὲ
828 4931 1184 5001 στρατιῶται,
1219 4930 1410 5000 ὥσπερ
1444 4930 1552 4982 ἀπὸ
1593 4931 1757 5010 ούρα-

176 5024 272 5078 νοῦ
302 5023 562 5092 ἐπιτολήν
607 5039 728 5077 τινα
763 5023 1138 5092 σημαίνουσαν
1179 5023 1365 5085 αὐτοῖς
1397 5021 1578 5088 ἀγαθὰ
1624 5023 1753 5074 ὑπο.

175 5113 483 5184 δεχόμενοι,
532 5113 629 5167 καὶ
667 5112 963 5186 θαρραλέοι
1021 5113 1238 5167 ἔσονται
1290 5113 1432 5166 κατὰ
1491 5111 1600 5166 τῶν
1663 5130 1761 5166 πο·

177 5205 405 5274 λεμίων.

253 5295 402 5366 ρμξί.
439 5296 576 5358 Τοὺς
604 5294 756 5365 παρὰ
786 5293 880 5346 σοῦ
930 5295 988 5346 ὲν
1029 5292 1216 5362 ὁμαλῷ
1249 5293 1344 5346 καὶ
1389 5290 1587 5360 πεδινῷ
1612 5291 1760 5359 τόπῳ

177 5395 312 5446 ποτε
357 5392 878 5462 παρατασσομένους
928 5391 1125 5453 πεζοὺς
1177 5389 1433 5452 ἐνόπλους
1485 5387 1618 5457 πρὸς
1655 5403 1756 5440 κα-

179 5483 507 5554 ῦαλλαρίους
561 5484 771 5554 ἐχθρῶν
828 5483 1097 5552 μηδέποτε
1147 5481 1345 5551 ἐάσῃς,
1397 5480 1501 5532 κᾶν
1554 5478 1756 5546 πολλὴν

175 5579 428 5646 ἀνάγκην
483 5576 809 5640 ὑποστῶσιν,
865 5574 1261 5636 καταλιπόντας
1305 5573 1401 5645 τὴν
1450 5571 1754 5644 παράταξιν

179 5669 463 5736 ἐκφυγεῖν.
513 5667 797 5721 Μενόντων
848 5667 956 5737 γὰρ
1009 5666 1189 5721 αὐτῶν
1243 5665 1436 5718 πολλα)⁵
1470 5664 1560 5717 τοῦ
1595 5665 1751 5734 νικᾷν

1870 4656 2110 4710 siderum
2144 4666 2293 4719 ortu,
2326 4658 2549 4727 haecque
2576 4661 2899 4728 prmdixcris
2925 4662 3129 4714 bonum
3163 4677 3321 4715 omen
3356 4680 3451 4716 vo-

1870 4748 1954 4801 bis
1989 4749 2332 4817 portenderc,
2375 4751 2428 4804 in
2488 4753 2653 4805 rebus
2694 4755 2896 4806 vestris
2951 4755 3177 4824 agendis
3224 4771 3448 4824 ιιιιιειιοο

1865 4855 1991 4909 pere
2020 4841 2221 4896 milites
2268 4842 2684 4908 animabuntur,
2738 4847 2893 4912 quasi
2952 4847 3018 4898 de
3053 4847 3195 4900 cmlo
3246 4846 3452 4898 bonum

1862 4932 2081 5000 aliquod
2116 4933 2223 4987 illis
2269 4936 2712 5002 portenderetur,
2749 4936 2894 5004 quod
2931 4937 3005 4990 illi
3051 4939 3448 5007 approbantes,

1863 5023 2228 5078 animosiores
2261 5024 2552 5080 adversum
2582 5025 2770 5081 hostes
2797 5025 3210 5097 ferocioresque
3262 5035 3446 5083 erunt.

1935 5295 2056 5349 142.
2097 5293 2310 5349 Pedites
2348 5301 2472 5348 tuos
2499 5301 2763 5357 armatos,
2788 5304 2841 5348 et
2865 5294 3154 5349 adversum
3205 5295 3447 5349 hostium

1865 5390 2171 5458 equitatum
2199 5389 2252 5442 in
2285 5389 2448 5456 plano
2481 5387 2886 5456 campestrique
2924 5387 3044 5441 loco
3080 5398 3341 5455 structos,
3380 5404 3448 5440 ne

1865 5483 2168 5549 permittas,
2197 5493 2512 5546 quanquam
2554 5492 2775 5545 magnas
2827 5477 3270 5540 perturbationes
3324 5492 3448 5529 sus-

1864 5571 2291 5636 tineant,acicm
2342 5571 2655 5624 deserentes
2707 5571 2890 5638 lugere
2937 5589 2948 5622 :
2992 5569 3236 5639 quandiu
3295 5572 3440 5623 enim

1861 5669 2202 5730 permanent,
2232 5659 2413 5729 aliqua
2459 5659 2699 5712 victoriae
2723 5673 2846 5727 Spes
2879 5668 2983 5721 est,
3018 5657 3108 5710 ubi
3137 5656 3446 5726 aufugerim

1693 5757 1923 5812 NOTAS.

255 5858 367 5926 (ίὸ)
394 5861 610 5927 Αῠτης.
648 5857 1022 5925 Scribebatur,
1049 5858 1125 5911 o'v
1161 5857 1272 5927 τῆς.

1943 5853 2053 5922 (Η)
2100 5852 2431 5921 ’Λνὲμαθον.
2474 5848 2852 5909 Scribebalur,
2884 5847 3078 5916 ἀνέρα.
