4200 6438
751 410 882 476 1051

2009 419 2208 478 LEON
2216 417 2286 476 IS
2324 415 2784 478 PHILOSOPHI

3878 416 4010 483 1052

736 522 919 577 nullus
941 522 1133 578 salutis
1170 524 1323 579 locus
1367 523 1610 595 reliquus
1638 536 1741 586 est.
1775 527 2059 600 dissipatis
2085 531 2196 600 jam
2228 545 2317 599 pl.-

2427 529 2651 591 ὲλπίδες,
2684 529 2994 601 φευγόντων
3019 530 3063 584 δ⁴
3094 529 3321 600 οὐδεμία
3373 531 3646 601 σωτηρίας
3692 530 3874 593 ἐλπὶς,
3911 548 4005 584 πε-

734 615 965 681 ditibus,
997 624 1051 669 ct
1077 616 1355 684 equitibus
1385 617 1825 688 insequentibus.

803 778 928 839 145.
960 786 1433 851 Quemadmodum
1463 788 1573 844 vita
1607 789 1854 859 jucunda
1881 793 2180 863 expetenda
2206 804 2312 861 est,

2417 621 2525 685 ζῶν
2551 621 3084 694 διασκορπισθέντων
3119 624 3213 677 καὶ
3249 623 3356 677 ὑπὸ
3402 622 3786 694 καϐαλλαρίων
3816 623 4008 676 διωκο-

2464 709 2620 761 ἐνων.

2464 726 2620 761 ενων.

2421 726 2634 870 μρμγθ.
2672 802 2884 874 Ὠσπερ
2931 803 2994 856 τὸ
3045 805 3145 875 ζῇν
3188 803 3359 875 ἡδέως
3405 805 3787 875 ἐπιθυμητδν,
3839 806 4013 867 οὕτως

734 875 816 931 sic
849 877 1044 932 bellica
1080 881 1323 949 pericula
1344 881 1578 938 libenter
1611 898 1642 938 a
1667 884 1934 939 militibus
1951 887 2305 958 suscipienda

2427 893 2509 944 ιιαὶ
2544 892 2653 946 τῶν
2687 895 2830 948 κατά
2883 894 3123 965 πόλεμον
3158 895 3446 969 κινδύνων
3490 898 3618 960 τοὺς
3671 895 4016 967 στρατιώτας

732 978 899 1022 sunt:
934 984 999 1024 ea
1044 971 1188 1025 enim
1240 974 1587 1043 tranquillam
1620 992 1953 1047 suavemque
1986 978 2154 1034 vitam
2186 980 2315 1035 οσο-

732 1068 882 1115 runt.
947 1061 1086 1116 Tum
1149 1064 1294 1119 enim
1356 1064 1546 1123 felices
1590 1069 1721 1125 belli
1765 1071 1949 1127 exitus
1990 1080 2305 1141 sperantur,

732 1153 949 1221 quando
981 1154 1248 1222 patientes
1278 1171 1345 1210 ac
1370 1161 1669 1214 tolerantes
1696 1160 1947 1217 laborum
1980 1172 2109 1218 sunt
2141 1184 2154 1220 :
2200 1165 2314 1219 hac

728 1244 875 1297 enim
900 1245 1061 1300 nobis
1086 1246 1390 1315 jucundam
1414 1250 1578 1304 vitam
1605 1266 1906 1324 pacemque
1939 1256 2310 1325 suppeditant.

799 1421 927 1478 1M.
962 1424 1173 1481 Mittere
1197 1441 1321 1480 cum
1350 1427 1537 1483 labore
1567 1438 1767 1497 castra,
1804 1433 2034 1503 locaque
2072 1434 2313 1490 hostium

729 1512 1141 1572 incursionibus
1188 1527 1334 1572 terra
1382 1521 1756 1589 populaberis,
1808 1524 1856 1577 si
1924 1525 2128 1581 milites
2191 1536 2316 1580 tuos

729 1605 1001 1675 indigenis
1043 1609 1258 1662 illorum
1294 1610 1538 1666 locorum
1572 1614 1804 1679 similes,
1841 1629 1899 1673 ttt
1932 1620 2043 1674 sint
2084 1634 2317 1689 appara-

729 1696 897 1752 veris.
942 1695 1077 1753 Mari
1114 1707 1320 1764 autem,
1354 1700 1401 1755 si
1458 1704 1651 1757 navale
1686 1705 1931 1774 praelium
1962 1706 2191 1772 faciens,
2228 1707 2312 1761 vel

728 1806 898 1845 naves
930 1791 1166 1847 hostium
1193 1806 1503 1861 compares,
1559 1794 1643 1847 vel
1692 1796 1832 1849 alias
1866 1810 2034 1849 naves
2090 1798 2158 1852 iis
2189 1812 2312 1866 per-

2417 984 2711 1056 προθύμως
2745 988 3090 1060 ἀπάρχεσθαι
3120 990 3283 1060 χρέος
3312 990 3464 1042 ἐστίν
3486 1005 3500 1019 ⁵
3529 991 3729 1043 ἐκεῖνοι
3767 990 3882 1058 γάρ
3911 992 4017 1042 είσι

2413 1076 2510 1129 τοῦ
2543 1076 2642 1148 ζῇν
2669 1078 2839 1149 ἡδέως
2879 1082 2930 1136 οι
2965 1081 3153 1137 αἴτιοι.
3186 1084 3322 1135 Τότε
3364 1085 3474 1154 γάρ
3509 1085 3579 1136 τά
3608 1082 4020 1153 κατορθώματα

2429 1169 2540 1221 τῶν
2572 1170 2850 1242 πολεμίων
2893 1173 3109 1245 ἀληθῶς
3136 1173 3489 1243 γινώσκεται,
3522 1175 3689 1246 ἡνίκα
3712 1177 3782 1245 τῇ
3812 1191 4019 1245 καρτε-

2419 1263 2509 1333 ρίᾳ
2531 1264 2639 1317 τῶν
2678 1267 2856 1319 πόνων
2896 1267 3236 1337 ἐμμένωσιν·
3272 1268 3445 1321 ταῦτα
3488 1269 3545 1323 δὲ
3592 1268 3654 1322 τὸ
3699 1270 3805 1339 ζῇν
3847 1268 4021 1337 ἡδέως

2417 1357 2512 1407 καὶ
2541 1356 2841 1426 εἰρηνεύειν
2869 1357 2980 1409 ἀπὸ
3003 1357 3129 1410 τῶν
3161 1358 3437 1428 πολεμίων
3459 1358 3803 1427 πορίζουσιν.

2489 1445 2632 1514 ρμδ⁹.
2678 1449 3043 1518 Ἀπονώτερον
3080 1449 3170 1503 διά
3212 1451 3418 1519 ἐφόδων
3450 1448 3747 1519 ἀγρεύσεις
3782 1447 3883 1500 καὶ
3918 1447 4020 1500 κά-

2418 1551 2555 1605 στρι
2596 1537 2725 1590 ποτὲ
2771 1538 2867 1590 καὶ
2917 1537 3092 1608 χωρία
3149 1538 3261 1592 τῶν
3307 1539 3586 1609 πολεμίων
3619 1538 3710 1591 διὰ
3761 1536 3865 1606 μὲν
3919 1535 4019 1604 τῆς

2418 1627 2611 1697 ξηρᾶς.
2644 1628 2740 1682 ἐὰν
2764 1632 3112 1703 σχηματίσῃς
3140 1633 3270 1694 τοὺς
3302 1632 3428 1695 σοὺς
3452 1630 3795 1701 στρατιώτας
3815 1628 4017 1697 ὁμοίως

2417 1722 2530 1782 τοῖς
2561 1721 2846 1790 ἐγχωρίοις
2878 1737 2891 1751 ·
2941 1722 3031 1775 διά
3079 1722 3138 1775 δὲ
3178 1721 3477 1791 θαλάσσης,
3510 1723 3607 1775 ἐάν
3642 1737 3778 1773 ποτε
3804 1734 4018 1789 ναυμα-

2421 1811 2535 1880 χῶν
2589 1811 2804 1882 φθάσῃς
2838 1812 2907 1865 τὰ
2954 1813 3117 1866 πλοῖα
3170 1813 3281 1867 τῶν
3327 1813 3605 1883 πολεμίων
3652 1812 4015 1883 κρατῆσαι,ἧ

729 1883 937 1937 similes
969 1882 1163 1945 facias,
1183 1892 1246 1938 et
1277 1884 1329 1936 in
1363 1884 1432 1939 iis
1473 1884 1675 1940 milites
1706 1894 1831 1940 tuos
1871 1886 2145 1956 imponas,
2170 1897 2225 1943 et
2250 1887 2318 1942 ad

2427 1903 2592 1974 ἕτερα
2612 1905 2774 1974 ὃμοια
2802 1905 3029 1959 ἐκείνων
3058 1906 3496 1968 κατασκευάσαι,
3526 1907 3621 1959 καὶ
3650 1904 3872 1968 τούτοις
3896 1903 4017 1967 τοὺς

730 1980 931 2026 terram
976 1972 1217 2027 hostium
1258 1987 1385 2028 cum
1434 1972 1544 2030 illis
1582 1977 1951 2047 navigaveris.
1978 1978 2055 2032 Ita
2088 1978 2213 2046 flet,
2264 1988 2325 2035 ttt

729 2062 796 2116 ad
823 2078 918 2118 eas
946 2064 1105 2133 quasi
1134 2066 1199 2119 ad
1250 2065 1485 2123 sociales
1517 2082 1685 2124 naves
1724 2070 1913 2127 hostes
1948 2070 2238 2136 accedant,
2263 2082 2318 2128 et

732 2155 952 2211 facilius
978 2159 1292 2227 capiantur.

800 2358 924 2412 H5.
963 2356 1246 2412 bLteriatn
1272 2359 1370 2414 tibi
1399 2375 1568 2425 nunc,
1596 2368 1651 2415 et
1690 2361 1848 2431 quasi
1891 2360 2084 2417 silvam
2116 2376 2326 2432 prmce-

729 2458 950 2520 ptorum
983 2451 1297 2514 ostendam,
1351 2452 1554 2521 quibus
1595 2462 1852 2507 accurate
1872 2454 2058 2505 omnia
2095 2456 2241 2507 circa
2274 2461 2328 2508 te

729 2552 1011 2612 gerantur.
1045 2542 1319 2595 Accurata
1344 2543 1450 2597 erit
1481 2552 1752 2597 nocturna
1781 2543 2055 2609 custodia,
2080 2553 2134 2598 et
2160 2559 2327 2599 excu-

730 2634 853 2695 bim,
887 2650 1009 2703 quze
1058 2633 1325 2688 fossatum
1374 2634 1674 2689 defendunt
1698 2674 1714 2696 ,
1749 2637 1794 2691 si
1843 2636 2070 2697 dixeris,
2105 2637 2242 2691 velle
2274 2645 2327 2692 te

729 2725 896 2780 certis
929 2732 985 2779 et
1036 2724 1272 2779 diversis
1325 2726 1666 2794 temporibus
1724 2725 1872 2780 faces
1917 2724 2220 2780 accendere
2263 2726 2317 2780 in

729 2819 949 2872 excelso
978 2816 1218 2885 quodam
1246 2824 1302 2870 et
1331 2815 1638 2870 constituto
1669 2816 1813 2882 loco,
1873 2825 1934 2871 ut
1965 2818 2227 2873 custodes
2258 2816 2327 2872 ad

729 2923 1175 2978 unamquamque
1205 2906 1380 2963 facem
1427 2917 1799 2974 tuam,contra
1844 2923 1977 2964 suas
2018 2909 2163 2963 faces
2198 2924 2327 2964 sus-

728 3002 924 3054 tollant
979 3011 1034 3055 et
1084 3000 1509 3054 demonstrent:
1544 3001 1618 3055 ita
1651 3003 1796 3056 enim
1848 3000 1961 3065 flet,
2011 3009 2071 3054 ut
2115 3011 2329 3070 tempus

728 3109 841 3165 quo
894 3094 1068 3148 facem
1134 3101 1463 3148 ostensurus
1495 3108 1556 3148 es
1604 3094 1944 3162 ignorantes,
1992 3102 2047 3147 et
2090 3093 2314 3148 assidue

2431 1994 2559 2057 σοὺς
2590 1996 2932 2065 στρατιώτας
2953 1998 3277 2067 ἐμϐιϐάσαι,
3299 2001 3397 2053 καὶ
3419 2001 3487 2070 τῇ
3517 2001 3588 2071 γῇ
3609 1998 3721 2051 τῶν
3739 1998 4019 2068 πολεμίων

2430 2087 2528 2139 σὺν
2561 2086 2752 2152 αύτατς
2777 2090 3179 2145 καταπλεῦσαι.
3210 2090 3401 2155 Οῦτως
3429 2092 3537 2162 γὰρ
3563 2091 3639 2153 ὡς
3660 2090 3875 2159 φιλίαις
3901 2089 4019 2149 ταῖς

2428 2177 2592 2230 ναυσὶ
2622 2181 2961 2249 προσχόντες
3001 2184 3053 2236 οἱ
3098 2183 3333 2235 ἐναντίοι
3365 2183 3426 2235 οὐ
3458 2181 3771 2250 φεύξονται,
3801 2184 3900 2234 καὶ
3928 2180 4017 2232 εὑ·

2428 2286 2489 2341 χε
2497 2271 2653 2340 ρέστε
2662 2288 2755 2340 ρον
2788 2271 3194 2344 ἀλωθήσονται.

2505 2358 2644 2431 ρμε’.
2673 2361 2850 2433 Ὕλην
2885 2363 3205 2435 ἀγρυπνίας
3241 2383 3325 2420 σοι
3356 2366 3711 2438 διηγήσομαι.
3762 2365 4019 2438 ’Ᾱκριεὴς

2429 2452 2538 2520 γάρ
2566 2452 2632 2507 ἂν
2648 2454 2857 2522 γένοιτο
2890 2458 2983 2510 καὶ
3010 2457 3287 2529 πάννυχος
3316 2458 3709 2529 παραφυλακὴ.
3752 2458 3869 2511 εἴτε
3900 2472 4021 2525 φοσ-

2432 2541 2599 2594 σάτου
2628 2543 2732 2595 ὑπὸ
2762 2544 2953 2614 βίγλας
2977 2546 3407 2617 φυλαττομένου,
3433 2550 3530 2602 ἐὰν
3544 2548 3673 2619 εἴπῃ
3685 2566 3728 2613 :,
3754 2548 3839 2600 ὅτι
3875 2546 4020 2601 Μέλ-

2430 2633 2518 2685 λω³
2534 2635 2675 2689 κατά
2704 2636 2994 2707 διαφόρους
3027 2638 3123 2702 οὒς
3153 2638 3293 2693 Θέλω
3327 2640 3555 2711 καιροὺς
3584 2639 3853 2693 ἀνάπτειν
3882 2639 4019 2709 λαμ·

2434 2723 2655 2796 πτῆρας
2688 2728 2768 2790 είς
2801 2728 2953 2782 τόνδε
2998 2731 3095 2784 τὸν
3144 2730 3438 2800 περίοπτον
3485 2732 3672 2793 τόπον,
3714 2732 3802 2784 ἵνα
3834 2731 3928 2784 καὶ
3972 2734 4021 2784 at

2432 2814 2673 2884 φύλακες
2707 2819 2842 2888 πρὸς
2872 2819 3105 2873 ἕκαστον
3154 2821 3268 2875 τῶν
3320 2822 3471 2893 παρὰ
3534 2822 3632 2876 σοῦ
3680 2824 4023 2895 λαμπτήρων

2431 2907 2765 2978 ἀντανέχωσι
2788 2912 2883 2964 καὶ
2909 2912 3229 2967 δεικνύωσιν
3258 2914 3423 2978 ἰδίους
3463 2915 3818 2985 λαμπτῆρας·
3846 2916 4021 2979 οὕτως

2432 2998 2540 3070 γὰρ
2565 3000 2664 3071 τὴν
2691 3000 2844 3071 ὥραν
2884 3002 2987 3072 τῆς
3021 3005 3123 3073 σῆς
3155 3004 3522 3073 ἀναλάμψιως
3555 3004 3883 3074 ἀγνοοῦντες
3929 3010 4024 3059 καὶ

2430 3088 2773 3159 ἐκδεχόμενοι
2791 3091 2889 3145 διά
2918 3108 2997 3145 πα
3010 3093 3120 3156 ne;
3159 3095 3619 3166 έγρηγορήσουσι,
3647 3095 3744 3149 καὶ
3775 3096 4021 3149 ἀποσκο-

726 3193 1137 3255 csspectantes,
1183 3184 1410 3254 vigilent
1466 3194 1521 3239 et
1552 3183 1846 3253 diligenter
1880 3185 2144 3239 excubias
2193 3198 2322 3239 suas

2432 3182 2542 3251 πὴν
2571 3181 2669 3246 τὰς
2704 3182 2894 3251 βίγλας
2921 3182 3102 3238 αὐτῶν
3134 3184 3677 3255 παρασκευάσουσιν.
3705 3187 3843 3256 ίΕΞδέ
3878 3204 4023 3251 τινες

727 3282 1039 3333 observent.
1076 3274 1174 3331 Sin
1223 3276 1450 3346 quidam
1507 3276 1748 3341 tradent,
1776 3276 1961 3330 statim
2014 3275 2321 3346 deprchen-

728 3375 947 3427 dentur.

801 3464 925 3517 146.
981 3462 1406 3531 Desperatorum
1471 3460 1755 3515 hominum
1800 3476 2013 3531 pugnas
2059 3460 2319 3525 devitarc,

728 3554 1018 3626 prudentis
1055 3553 1406 3624 imperatoris
1446 3563 1549 3608 est.
1584 3552 1903 3622 Desperatio
1948 3553 2093 3607 enim
2127 3567 2321 3609 neces-

730 3650 896 3702 sitate
947 3645 1185 3716 quadam
1248 3645 1581 3714 impellente,
1633 3644 2035 3699 audacissimos
2083 3643 2323 3699 fortissi-

730 3753 962 3809 mosque
990 3739 1191 3793 milites
1225 3735 1375 3792 facit.
1416 3736 1735 3807 Desperatio
1766 3745 1949 3790 autem
1982 3735 2325 3800 est,quando

729 3834 855 3903 quis
894 3832 1092 3887 salutis
1144 3832 1324 3884 locum
1387 3829 1598 3881 nulltnn
1647 3827 1957 3889 inveniens.
1989 3828 2042 3881 in
2104 3829 2315 3881 hostem

729 3928 858 3980 ruit.
896 3936 949 3979 et
972 3924 1054 3979 vel
1090 3925 1311 3979 vincere
1338 3922 1568 3991 cogitat,
1605 3921 1689 3975 vel
1722 3921 1882 3974 mori.
1921 3919 1977 3974 Si
2010 3930 2190 3975 castra
2222 3934 2321 3987 po-

731 4018 909 4074 sueris
943 4028 1133 4070 contra
1168 4016 1380 4077 hostes,
1410 4021 1466 4068 et
1499 4021 1696 4067 ventus
1730 4012 1950 4066 illorum
1991 4022 2170 4068 castra
2198 4027 2325 4065 νει-η

731 4124 830 4163 sus
852 4108 1047 4179 spirat,
1101 4104 1456 4160 incendendae
1494 4110 1707 4173 segetes
1763 4115 2020 4172 agrorum
2070 4108 2224 4167 sunt,
2258 4109 2321 4155 ιιι

730 4199 949 4255 ﬂamma
982 4199 1048 4251 ad
1082 4197 1206 4252 illos
1250 4196 1485 4266 perlata,
1514 4195 1569 4248 in
1608 4192 1792 4264 fugam
1823 4191 2216 4261 conjiciantur.

802 4380 926 4435 147,
984 4377 1217 4446 Quando
1268 4377 1325 4431 in
1364 4376 1640 4447 regionem
1675 4374 1917 4429 hostium
1951 4371 2323 4427 incursionem

732 4473 984 4529 facturus
1011 4474 1108 4533 sis,
1134 4470 1280 4525 circa
1320 4470 1501 4523 lumen
1543 4467 1776 4522 insidias
1799 4466 2050 4520 diversas
2094 4466 2327 4521 diversis

2430 3273 2819 3344 ύστερήσουσιν
2852 3276 2965 3346 (45)
2998 3274 3206 3339 εὐθέως
3232 3277 3663 3347 γνωσθήσονται.

2506 3462 2664 3526 ρμς’.
2691 3456 2765 3509 Τὸ
2791 3457 3164 3524 φυλάσσεσθαι
3191 3457 3291 3521 τὰς
3337 3457 3396 3524 ἐξ
3420 3458 3678 3522 ἀπονοίας
3709 3459 3891 3529 μάχας
3915 3461 4027 3515 τῶν

2426 3547 2702 3619 πολεμίων
2735 3549 3027 3620 ἐχέφρονός
3052 3552 3169 3603 ὲστι
3192 3550 3525 3620 στρατηγοῦ.
3564 3551 3630 3603 Ἦ
3659 3554 3770 3623 γὰρ
3793 3555 4025 3607 ἀπόνοια

2424 3640 2528 3710 τὴν
2560 3641 2810 3709 ἀνάγκην
2873 3639 3073 3710 ἔχουσα
3135 3642 3610 3714 παροτρύνουσαν,
3647 3642 4024 3713 θρασυτάτους

2425 3732 2520 3784 καὶ
2560 3731 2843 3801 ἀνδρείους
2889 3733 3017 3796 τοὺς
3060 3733 3402 3803 μαχομένους
3459 3736 3623 3788 ποιεῖ.
3669 3736 3928 3789 Ἀπόνοια
3970 3736 4026 3790 δέ

2425 3824 2600 3888 ἐστιν,
2633 3826 2762 3877 ὅταν
2789 3841 2873 3888 τις
2897 3825 3176 3897 σωτηρίας
3194 3824 3388 3879 ἐλπίδα
3420 3826 3603 3897 εὑρεῖν
3626 3827 3704 3899 μὴ
3726 3828 4026 3898 δυνάμενος

2426 3917 2587 3985 ἐνστῇ
2618 3915 2756 3988 πρὸς
2798 3916 2892 3969 τὸν
2931 3917 3198 3979 ἐναντίον,
3241 3916 3385 3971 ὥστε
3427 3919 3460 3989 ἢ
3492 3918 3777 3993 νικῆσαιῆ
3811 3922 4025 3976 ἀποθα-

2428 4009 2563 4061 νεῖν.
2613 4009 2741 4061 Ἐἀν
2789 4009 2847 4061 δὲ
2889 4009 3331 4084 στρατοπεδεύῃς
3379 4011 3665 4065 κατέναντι
3725 4013 4025 4083 πολεμίων,

2426 4100 2521 4154 καὶ
2572 4102 2602 4153 ὁ
2648 4100 2848 4170 ἄνεμός
2901 4104 3018 4154 ἐστι
3080 4103 3218 4173 πρὸς
3258 4104 3459 4167 αὐτοὺς
3495 4104 3892 4175 ἐπερχόμενος,
3925 4107 4023 4176 έμ-

2427 4191 2623 4262 πύριζε
2655 4192 2746 4246 τὸν
2773 4193 2881 4246 ἀπὸ
2915 4192 3016 4263 τῆς
3048 4194 3152 4263 γῆς
3182 4195 3494 4263 άναφυέντα
3520 4194 3736 4265 χόρτον,
3778 4197 3867 4249 ἶνα
3889 4199 4028 4268 πρὸς

2427 4281 2625 4345 αὐτοὺς
2655 4283 3025 4355 ἐπερχόμενον
3053 4284 3116 4336 τὺ
3147 4282 3259 4355 πῦρ
3299 4284 3510 4355 τροπῆς
3556 4284 3735 4339 αἴτιον
3770 4288 4026 4356 γένηται.

2505 4372 2655 4445 pp".
2690 4376 2861 4428 Ὅταν
2891 4375 3093 4447 μέλλῃς
3125 4376 3266 4429 κατὰ
3297 4377 3502 4447 χωρίου
3532 4376 3677 4440 τινὸς
3712 4378 3825 4431 τῶν
3860 4379 4025 4432 πολε-

2433 4469 2576 4537 μίων
2611 4466 2802 4535 ἔφοδον
2835 4468 3129 4534 ποιεῖσθαι,
3168 4470 3298 4539 περὶ
3340 4469 3401 4522 τὸ
3449 4469 3618 4537 αὖγος
3652 4471 4029 4542 ἐγκρύμματα

733 4568 787 4620 in
816 4565 955 4621 locis
999 4562 1271 4619 collocato
1316 4578 1329 4614 :
1368 4561 1442 4615 ita
1491 4560 1635 4614 enint
1664 4558 1901 4613 diversis
1939 4558 2075 4612 locis
2122 4556 2175 4610 in
2208 4557 2322 4612 illos

2438 4562 2672 4632 διάφορα
2703 4559 2839 4615 ἀλλα
2868 4560 3105 4631 ἀλλαχοῦ
3157 4560 3504 4630 κατάστησον
3547 4561 3637 4614 διὰ
3679 4562 3781 4631 τῆς
3806 4567 4023 4627 νυκτός·

732 4660 949 4715 irruens
976 4656 1353 4713 vehementius
1403 4652 1783 4717 conturbabis,
1828 4659 1882 4707 et
1929 4649 2211 4720 dispersos
2241 4665 2336 4706 eos

734 4753 951 4809 facilius
969 4753 1176 4822 capies.
1201 4749 1315 4804 Hoc
1336 4756 1604 4819 prazterea
1636 4745 1734 4800 tibi
1767 4743 2196 4816 praecipiendum
2226 4750 2331 4805 est,

732 4855 791 4901 ut
828 4844 1142 4917 hujusmodi
1198 4858 1299 4899 nec
1330 4840 1573 4913 Opinatis
1628 4838 2050 4894 incursionibus
2094 4836 2333 4891 tribulos

734 4938 943 4993 ferreos
968 4946 1131 4991 noctu
1195 4936 1405 4989 circum
1454 4931 1726 5000 conjicies
1755 4969 1771 4995 ,
1818 4937 1873 4983 et
1901 4928 2115 4999 pedites
2145 4927 2229 4981 tui
2260 4927 2331 4981 lio

734 5044 903 5100 gneus
936 5042 1129 5083 saccos
1160 5027 1279 5081 vice
1312 5024 1450 5080 corii
1481 5023 1793 5078 calceorum
1826 5020 2084 5075 habeant.
2132 5017 2207 5073 Ita
2238 5019 2330 5074 flet

736 5131 819 5184 ιιι,
845 5121 1012 5191 siqui
1046 5137 1113 5175 ex
1144 5119 1397 5175 hostibus
1437 5116 1677 5186 pedites,
1710 5123 1805 5168 ant
1829 5113 2066 5182 equites,
2098 5112 2330 5183 rejicere

732 5212 968 5267 tribulos
998 5208 1293 5277 voluerint,
1321 5207 1485 5264 facile
1538 5205 1961 5277 prohibeantur,
2001 5211 2057 5259 et
2117 5203 2329 5274 pedites

732 5308 809 5361 tui
842 5303 1077 5361 officium
1103 5319 1260 5360 suum
1290 5301 1516 5356 faciant.

2437 4652 2610 4717 οὕτως
2642 4654 2751 4725 γὰρ
2774 4653 3049 4725 διαφόρως
3096 4652 3440 4724 προσϐαλὼν,
3469 4654 3562 4706 καὶ
3590 4653 3753 4707 πλέον
3791 4655 4027 4725 θορυσή-

2440 4759 2564 4817 σῃς,
2588 4744 2685 4797 καὶ
2714 4742 3149 4813 διεσπαρμένους
3207 4742 3549 4806 ἐπισυνάξεις
3577 4743 3705 4807 τοὺς
3732 4744 4031 4814 ἁλισκομέ-

2435 4853 2583 4899 νους.
2634 4833 2747 4887 Καὶ
2798 4833 2957 4887 τοῦτο
2997 4834 3053 4886 δέ
3104 4850 3189 4887 σοι
3239 4832 3595 4903 προστίθημι,
3652 4833 3740 4886 ίνα
3797 4836 3857 4888 ἐν
3913 4838 4029 4898 ταῖς

2400 4938 2406 4944 ·
2436 4928 2715 4989 τοιαύταις
2754 4924 2898 4979 κατὰ
2931 4923 3117 4997 χώρας
3157 4924 3445 4996 ἀδοκήτοις
3489 4924 3816 4978 ἐπελεύσεσι
3842 4927 4031 4999 19:66-

2436 5015 2561 5079 λους
2595 5014 2850 5085 σιδηροῦς
2888 5014 3082 5077 νυκτὸς
3134 5013 3426 5086 διαρίπτῃς
3467 5016 3526 5067 ἐν
3565 5014 3773 5082 κύκλῳ,
3807 5017 3941 5078 τοὺς
3976 5016 4030 5067 δὲ

2439 5107 2642 5171 πεζοὺς
2687 5105 2782 5159 τοῦ
2838 5104 2930 5157 σοῦ
2984 5105 3397 5175 στρατεύματος
3446 5105 3780 5176 προστάξεις
3832 5108 4029 5176 στερεά

2438 5202 2560 5272 ἢτοι
2587 5200 2776 5267 ξύλινα
2815 5199 2936 5269 ίχνη
2984 5200 3107 5253 ἀντὶ
3146 5199 3513 5269 κασσυμάτων
3543 5198 3690 5269 ἔχειν
3720 5200 3793 5254 τά
3826 5201 4029 5270 ὐποδή-

2440 5311 2607 5366 ματα.
2642 5291 2830 5355 Οῦτως
2850 5290 2982 5360 γὰρ,
3012 5288 3109 5343 ἐὰν
3135 5289 3228 5342 καί
3250 5306 3395 5354 τινες
3428 5290 3764 5362 βουληθῶσιν
3786 5293 3821 5364 ἢ
3854 5292 4025 5356 πεζοὶ,

734 5403 767 5472 ἢ
794 5400 1149 5471 καὸαλλάριοι
1179 5398 1490 5471 ἀμύνασθαι
1518 5400 1632 5462 τοῖς
1666 5362 1938 5470 τριϐόλοις
1983 5393 2318 5466 ἐμπεσόντες
2360 5362 2795 5465 κωλυθήσονται,
2843 5389 2894 5442 οί
2932 5388 2990 5442 δὲ
3024 5388 3181 5453 πεζοὶ
3212 5388 3274 5442 τδ
3302 5392 3503 5442 οἰκεῖον
3570 5389 3735 5459 ἔργον
3794 5362 4025 5443 ἀνύσω-

733 5510 843 5549 σιν.

808 5587 932 5644 148.
963 5588 1209 5645 Pretiosa
1259 5601 1348 5642 res
1387 5596 1472 5641 est
1519 5585 1880 5657 temperantia
1913 5593 2029 5639 tum
2089 5585 2324 5654 impera-

737 5682 865 5748 tori,
899 5690 1015 5737 tum
1046 5681 1314 5737 exercitui
1344 5721 1359 5745 ,
1396 5689 1649 5751 stuprum
1698 5688 1889 5734 contra
1939 5677 2312 5749 perniciosum

2507 5576 2656 5652 ρμη’·
2697 5577 2903 5646 κτῆμα
2948 5572 3130 5644 τίμιον
3166 5573 3199 5641 ἡ
3236 5570 3558 5642 σωφροσύνη
3590 5572 3687 5625 καὶ
3732 5571 4030 5643 στρατητῷ

2426 5674 2518 5727 καὶ
2574 5666 2972 5741 στρατεύματι,
3029 5664 3217 5734 ὥσπερ
3266 5665 3299 5736 ἡ
3354 5663 3578 5734 πορνεία
3636 5662 3888 5718 ἐναντίον
3934 5667 4029 5716 καὶ

2242 5768 2475 5825 NOTAE.

801 5874 916 5945 (45)
969 5871 1461 5941 Ὑστερήσουσιι·.
1501 5866 1882 5937 Scribebalur,
1917 5866 2325 5937 ὑστερὴσουσ...
