4200 6438
162 382 302 452 ,1053
1276 383 1603 445 TACTICA.
1643 413 1704 423 —-

1829 389 2244 453 lNSTITUTIO
2294 394 2416 457 ΧΧ.
3269 402 3402 463 1054

157 496 419 565 ὀλέθριον.
452 492 561 547 Καὶ
594 492 822 563 μάλιστα
860 491 915 543 ἐν
948 492 1306 563 αἰχμαλωτίσι
1348 493 1564 559 γυναιξὶ
1596 510 1729 561 γινο‹

1840 504 1895 551 et
1950 496 2196 567 ftedum,
2264 502 2599 570 captivarum
2660 504 3024 572 patissituum.
3091 504 3267 575 Hujus
3322 511 3403 564 rei

158 586 321 656 μένη,
349 586 442 638 καὶ
465 584 732 655 μαρτυρεῖ
746 583 814 635 τά
836 583 973 636 κατὰ
994 585 1085 635 τὸν
1103 582 1288 645 Φινεὲς
1311 585 1389 644 είς
1407 582 1504 653 τὴν
1520 584 1729 637 Μαδια-

1839 591 2211 645 testiinonium
2265 593 2359 646 dat
2396 593 2634 650 Pliinees
2681 595 2906 659 factum,
2935 597 3081 666 quod
3118 599 3169 652 in
3200 599 3408 653 Madia-

155 674 329 728 νίτιδα
359 678 593 743 γυναῖκα
637 674 732 727 καὶ
760 674 849 728 τὸν
878 674 1107 744 Ζαμϐρῆ
1138 672 1418 741 γεγονότα.
1446 675 1591 737 Μιᾶς
1622 674 1729 745 γὰρ

1837 680 2058 735 nitidem
2084 692 2136 737 et
2190 682 2419 739 Zambre
2471 687 2761 755 suscepit:
2800 687 2960 741 unius
2996 690 3140 741 enim
3194 689 3408 744 femina:

154 768 415 833 γυναικδς
444 766 787 837 αἰχμαλώτου
845 764 1072 839 πορνεία
1120 764 1240 818 ὅλον
1280 766 1339 819 τὸ
1370 766 1729 834 στρατόπεδον

1834 779 2056 844 captivae
2117 780 2495 847 constupratio
2568 782 2829 834 victorem
2917 781 3215 836 exercituum
3271 797 3408 850 pene

153 858 262 911 τῶν
280 859 644 929 νενικηκότων
664 859 860 930 μικροῦ
883 857 1258 929 διέφθειρεν,εί
1288 857 1363 928 μὴ
1393 856 1522 927 ἔστη
1546 859 1728 922 Φινεὲς

1833 867 2142 932 delevisset,
2186 870 2293 924 nisi
2326 872 2565 927 stetisset
2601 872 2855 937 Phinees,
2892 882 2945 927 et
2971 884 3262 943 utrumque
3288 889 3408 941 pec-

152 951 251 1002 καὶ
279 951 611 1020 ἐκκεντῆσας
660 951 788 1014 τοὺς
823 949 1233 1020 ἁμαρτάνοντας
1265 948 1363 1001 καὶ
1409 947 1726 1013 θανατώσας

1831 970 2069 1016 calorem
2095 961 2498 1029 transfodisscl,
2525 974 2579 1020 et
2606 966 2827 1020 illorum
2868 976 3040 1019 morte
3097 966 3263 1019 Deum
3292 966 3408 1035 pla-

152 1040 458 1104 ἐξιλάσατο.
501 1041 610 1094 Καὶ
658 1041 924 1094 ἐκόπασεν
969 1041 1002 1111 ή
1037 1038 1285 1111 θραῦσις,
1326 1037 1422 1091 καὶ
1465 1040 1721 1110 ἐλογίσθη

1829 1061 2025 1107 casset.
2056 1049 2241 1121 Itaque
2268 1055 2504 1108 cessavit
2531 1056 2709 1127 plaga,
2745 1064 2800 1111 et
2832 1055 3079 1110 habitum
3131 1065 3215 1111 est
3244 1057 3296 1110 ei
3339 1056 3407 1111 ad

152 1130 305 1201 αὐτῷ
334 1133 413 1195 είς
449 1132 814 1202 δικαιοσύνην.

225 1223 372 1294 ρμθ’.
425 1224 643 1294 Ῥώμην
671 1224 919 1292 ἐνθήσεις
946 1226 1057 1286 τοῖς
1090 1224 1446 1295 στρατιώταις
1485 1226 1546 1277 ἐν
1582 1224 1723 1295 ἡμέ-

155 1330 223 1384 ρα
264 1314 531 1385 πολέμου,
580 1314 676 1366 ἐὰν
709 1314 1009 1380 ἐξαναστάς
1039 1315 1209 1367 ἔωθεν
1238 1315 1314 1378 ώς
1343 1318 1451 1369 άπὸ
1479 1316 1614 1369 Θεοῦ
1642 1333 1725 1369 σοι

150 1405 385 1473 ὀφθέντα
416 1405 624 1475 δνειρον
659 1405 1023 1475 ἐπιφημίσῃς,
1066 1405 1099 1478 ἢ
1140 1405 1215 1468 ὡς
1252 1407 1359 1460 ἀπό
1391 1423 1537 1470 τινος
1566 1406 1726 1475 ἁγίοις

150 1493 438 1563 δυνάμεως
464 1493 877 1565 προτρεπούσης
898 1494 1141 1549 ἐπελθεῖν
1162 1496 1301 1550 κατὰ
1321 1495 1432 1553 τῶν
1449 1497 1727 1567 πολεμίων

151 1586 249 1639 καὶ
282 1585 639 1657 ἐπιφανείσης
666 1604 745 1639 σοι
770 1587 907 1655 πρὸς
938 1588 1271 1658 συμμαχίαν.

222 1683 322 1745 ρν’.
370 1677 503 1730 Ἀπὸ
552 1678 852 1748 χρημάτων
906 1677 1159 1742 πολλάκις
1189 1679 1285 1731 καὶ
1325 1678 1454 1732 ἄνευ
1487 1676 1726 1747 πολέμου

150 1760 527 1829 κατορθώσεις
555 1762 697 1815 κατὰ
726 1762 1000 1832 πολεμίων
1031 1780 1125 1815 σου
1152 1765 1330 1832 νίκην,
1365 1764 1493 1817 ὅταν
1525 1764 1729 1834 ἐτέρων

150 1854 435 1923 πολεμίων
476 1855 662 1916 αὐτοῖς
711 1872 814 1907 που
875 1855 1301 1926 παρακειμένων
1329 1854 1552 1917 τούτους
1594 1856 1729 1925 χρή-

154 1960 290 2010 μασι
327 1942 521 2005 πείσας
549 1942 808 2013 πολεμεῖν
836 1943 948 2007 τοῖς
1002 1944 1115 2005 σοῖς
1158 1942 1424 2005 ἐναντίοις
1456 1944 1725 2013 ποιήσεις.

154 2035 223 2085 ’ﬂ
262 2033 379 2104 γὰρ
408 2032 668 2103 ἀλλήλους
707 2034 1020 2103 φθεροῦσιν,
1059 2037 1091 2108 ἢ
1137 2036 1198 2088 τὸ
1225 2034 1283 2087 ἓν
1315 2034 1478 2105 μέρος
1505 2036 1731 2104 ἐπικρα-

148 2122 329 2192 τήσει,
362 2121 589 2186 πολλοὺς
619 2122 873 2194 ἀρίστους
902 2122 1174 2179 ἀποϐαλὸν
1229 2125 1287 2176 ἐν
1341 2122 1420 2191 τῷ
1458 2122 1600 2175 κατὰ
1630 2122 1730 2192 τὴν

152 2211 338 2281 μάχην
362 2210 547 2279 ἀγῶνι
589 2213 699 2265 Καὶ
731 2214 841 2282 γὰρ
884 2212 993 2265 τῶν
1025 2211 1194 2282 ἄμφω
1242 2209 1516 2281 πολεμίων
1559 2209 1730 2275 οὕτως

148 2300 559 2372 ἡλασσωμένων
604 2302 739 2372 ὁμοῦ
777 2300 993 2374 ἀπαθὴς
1039 2302 1204 2366 αὐτὸς
1245 2303 1339 2356 κο.)⁸
1382 2300 1730 2374 ίσχυρὸτερος

151 2391 382 2446 ἐκείνων
409 2393 797 2465 ἀναδειχθήσῃ.
1703 2452 1709 2456 .

224 2482 363 2554 ρνα’.
397 2482 523 2549 Τοῖς
575 2484 919 2554 βουλομένοις
954 2485 1146 2556 βιαίως
1195 2489 1253 2541 ἐν
1283 2488 1460 2557 καιρῷ
1483 2489 1727 2559 πολέμου

147 2576 249 2646 τὴν
302 2575 407 2647 σὴν
447 2576 755 2646 παράταξιν
807 2576 1115 2648 διαρρῆξαι,
1155 2578 1248 2631 καὶ
1281 2579 1539 2643 διεκθεῖν,
1563 2580 1730 2635 δίοδον

149 2668 418 2730 ἑκουσίως
462 2669 691 2737 πάρεχε,
723 2669 817 2720 καὶ
851 2668 990 2737 μετὰ
1012 2669 1186 2723 ταῦτα
1239 2671 1586 2739 ἐπίστρεψον,
1634 2672 1731 2724 καὶ

150 2758 346 2828 ὥσπερ
372 2756 632 2826 φεύγουσι
690 2759 831 2811 κατὰ
860 2757 1028 2810 νώτου
1082 2759 1357 2823 ἐπιτεθεὶς
1388 2761 1587 2832 ῥᾳδίως
1632 2778 1731 2815 κα-

150 2848 436 2915 ταϐιώξεις
466 2848 688 2912 αὐτούς.

223 2938 363 3010 ρνβ’.
391 2940 552 2993 ’Ὥστε
581 2939 656 3010 μὴ
683 2938 847 3007 φόϐον
884 2939 1198 3007 εἰσάγεσθαι
1225 2940 1307 3005 είς
1332 2942 1394 2994 τὸ
1426 2942 1730 3012 στρατόπε-

152 3031 242 3083 δον
268 3030 361 3083 διὰ
398 3031 523 3092 τοὺς
579 3029 819 3100 ἀκαίρως
864 3028 1345 3096 λιποτακτοῦντας,
1375 3031 1588 3101 ταχέως
1625 3031 1729 3085 αὐ-

1820 1138 2116 1210 justitiam.

1895 1230 2017 1284 H9.
2052 1232 2403 1288 Alacritatem
2434 1235 2499 1289 ad
2548 1252 2783 1305 pugnam
2826 1240 3095 1296 militibus
3131 1244 3405 1309 attuleris,

1824 1318 1869 1372 si
1894 1320 2013 1388 ipso
2040 1322 2161 1375 belli
2183 1324 2274 1376 die
2306 1339 2462 1379 mane
2485 1340 2843 1396 consurgens,
2875 1329 3207 1385 insomnium
3232 1337 3409 1402 quod—

1824 1408 1950 1462 dam
1990 1411 2257 1470 diviuitus
2292 1416 2390 1469 tibi
2442 1417 2747 1473 immissum
2790 1436 2913 1476 esse
2967 1423 3144 1487 dicas,
3179 1427 3323 1496 quod
3358 1437 3409 1482 te

1827 1500 1892 1553 ad
1923 1500 2254 1558 invadendos
2288 1506 2474 1561 hostes
2500 1510 2730 1575 incitet,
2765 1520 2818 1565 et
2842 1514 3103 1567 auxilium
3135 1517 3407 1585 quoddam

1833 1589 1899 1642 ad
1934 1595 2283 1661 pugnandum
2316 1597 2411 1651 tibi
2447 1611 2732 1655 monstret.

1907 1682 2028 1735 150.
2082 1682 2319 1740 Pecunia
2375 1704 2537 1757 smne,
2583 1691 2704 1746 sine
2751 1693 2958 1762 prmlio,
3011 1698 3296 1755 victoriam
3343 1705 3411 1758 de

1838 1771 2084 1828 hostibus
2109 1780 2435 1843 reportabis.
2459 1779 2557 1834 Ubi
2580 1783 2670 1836 alii
2707 1783 2893 1839 hostes
2918 1786 3023 1841 illis
3064 1790 3409 1859 immineant,

1829 1875 1922 1916 eos
1956 1867 2183 1931 pecunia
2223 1874 2313 1921 tua
2350 1870 2610 1936 adduces,
2655 1883 2711 1927 ut
2750 1875 2951 1931 bellum
2989 1880 3096 1934 illis
3123 1881 3362 1938 inferant
3393 1927 3405 1946 ,

1830 1951 1913 2005 vel
1946 1954 2091 2007 enim
2122 1969 2181 2009 se
2209 1964 2399 2011 mutuo
2427 1962 2741 2028 vastabunt,
2771 1965 2855 2018 vel
2883 1966 3053 2021 altera
3089 1985 3215 2039 pars
3243 1987 3410 2043 supe-

1830 2042 2005 2097 riores
2064 2045 2337 2109 habebit,
2376 2050 2562 2117 praelio
2619 2068 2744 2123 cum
2790 2056 2959 2110 altera
3010 2042 3321 2126 dimicans,
3357 2074 3411 2119 et

1832 2131 2034 2186 multos
2059 2141 2240 2189 tamen
2264 2150 2329 2191 ex
2392 2139 2507 2193 suis
2558 2142 2787 2197 amittet.
2825 2142 3080 2215 Utrisque
3134 2149 3301 2216 igitur
3330 2153 3412 2208 sic

1832 2218 2159 2287 imminutis,
2195 2236 2251 2279 tu
2295 2231 2541 2284 omnium
2596 2234 2867 2290 malorum
2896 2252 3125 2305 vacuus,
3157 2242 3267 2295 illis
3297 2242 3412 2298 for-

1831 2310 1940 2365 tior
1969 2313 2358 2388 robustiorque
2387 2321 2515 2375 eris.

1903 2482 2023 2536 151.
2056 2481 2111 2537 Si
2143 2486 2235 2553 qui
2268 2487 2438 2543 aciem
2475 2497 2622 2546 tuatn
2657 2502 2901 2564 tempore
2945 2499 3121 2568 prtelii
3166 2518 3414 2573 perrum-

1831 2587 1957 2641 pere
1990 2575 2200 2641 volunt,
2261 2581 2553 2635 transitum
2605 2585 2711 2638 illis
2767 2588 2999 2643 liberum
3032 2592 3182 2659 dato,
3224 2606 3279 2650 et
3318 2599 3412 2653 ubi

1833 2666 2171 2729 transierint,
2220 2677 2427 2739 atergo
2483 2674 2640 2742 quasi
2702 2676 2961 2750 fugitivos
2990 2684 3299 2755 adoriaris,
3356 2699 3411 2745 et

1831 2753 1991 2810 facile
2023 2758 2207 2825 capies
2234 2775 2347 2814 eos.

1902 2932 2023 2989 159..
2067 2932 2135 2990 Ut
2180 2941 2362 2996 nullus
2416 2942 2579 2999 timor
2603 2948 2896 3004 exercitum
2951 2960 3099 3008 tuum
3156 2961 3412 3026 pervadat

1832 3039 1927 3092 per
1957 3042 2053 3082 eos
2087 3031 2180 3099 qui
2220 3038 2391 3088 aciein
2417 3036 2696 3105 deserunt,
2737 3045 2989 3099 celeriter
3027 3047 3149 3103 illos
3178 3066 3244 3105 ex
3293 3056 3413 3110 acie

152 3122 282 3184 τοὺς
313 3122 408 3175 καὶ
438 3122 716 3190 συντόμως
750 3121 1099 3190 ἀποχωρίσας
1130 3121 1229 3189 τῆς
1280 3124 1640 3191 παρατάξεως
1672 3125 1729 3177 ἐν

1836 3128 1927 3176 tua
1968 3137 2243 3189 amoveas,
2274 3136 2440 3195 atque
2464 3130 2529 3184 ad
2564 3132 2702 3186 alios
2735 3149 2869 3189 usus
2908 3138 3228 3197 transferas.

152 3212 375 3280 ἑτέραις
406 3210 613 3282 χρείαις
643 3210 1007 3281 κατάστησον.

221 3299 369 3372 ρνγ’.
407 3300 592 3372 Ῥώμη
627 3302 933 3372 στρατηγοῦ
959 3302 1117 3372 χερσὶ
1151 3302 1252 3371 μὲν
1285 3303 1733 3373 συμπλεκομένου

151 3392 419 3454 πολλάκις
460 3392 613 3444 οὐδὲν
653 3392 797 3461 μέγα
833 3391 1139 3462 ὠφέλησεν,
1184 3393 1232 3443 εί
1284 3392 1360 3463 μὴ
1398 3394 1507 3463 ἄρα
1541 3393 1735 3465 μικρὸν

151 3486 211 3538 ἐν
263 3482 440 3553 δειλίᾳ
488 3481 719 3553 στρατοῦ
777 3484 1086 3553 ἐπιρρῶσαι
1134 3483 1357 3547 τούτους
1409 3484 1733 3554 βουλομένου

150 3573 239 3627 διὰ
282 3571 386 3641 τῆς
414 3573 703 3635 κοινωνίας
725 3572 835 3625 τῶν
865 3572 1145 3626 κινδύνων·
1181 3574 1437 3636 πεσόντος
1458 3574 1514 3625 δὲ
1542 3574 1609 3626 τὰ
1643 3560 1735 3643 μέ-

149 3681 320 3733 γιστα
367 3664 617 3733 ἔϐλαψεν.
669 3666 1005 3735 Στρατηγίαι
1049 3664 1109 3717 δέ
1159 3667 1254 3717 καὶ
1297 3664 1730 3735 ἐπιτηδεύματα,

149 3756 283 3809 ὅταν
320 3753 561 3824 σώζηται
614 3756 706 3807 καὶ
733 3753 1157 3823 διαφυλάττηται
1185 3756 1214 3807 ὁ
1244 3755 1569 3825 στρατηγὸς,
1602 3754 1731 3824 παρ’

149 3842 322 3896 αὐτοῦ
348 3843 629 3912 γινόμενα,
663 3842 905 3913 μεγάλας
951 3842 1220 3910 ὠφελείας
1277 3845 1336 3896 ἐν
1373 3846 1492 3906 ταῖς
1530 3842 1733 3913 μάχαις

150 3932 536 3987 ἀποτελοῦσιν.

220 4025 355 4096 ηρνδκ
400 4027 644 4093 Πλήθους
680 4026 981 4095 φαντασίαν
1032 4025 1125 4078 τοῦ
1176 4024 1270 4078 σοῦ
1328 4025 1732 4096 στρατεύματος

153 4119 428 4187 ποιήσεις,
445 4116 559 4185 εἴγε
578 4116 736 4169 τοῦτο
751 4117 1037 4186 βουληθῇς,
1060 4118 1155 4169 ἐὰν
1170 4117 1262 4169 καὶ
1286 4119 1396 4178 τοῖς
1423 4114 1732 4187 ὑποζυγίοις

152 4209 248 4261 καὶ
276 4212 390 4271 τοῖς
420 4207 562 4272 ὃνοις
605 4209 697 4261 καὶ
723 4210 844 4270 ταῖς
883 4207 1065 4278 βουσὶν
1096 4205 1411 4276 ἐποχεῖσθαί
1443 4224 1597 4269 τινας
1630 4223 1732 4261 κα·

146 4300 481 4372 ϐαλλτιρίους
508 4302 758 4371 ποιήσῃς*
791 4300 963 4353 ἐνίοτε
984 4301 1091 4370 γάρ
1120 4302 1214 4353 καὶ
1240 4299 1397 4353 τοῦτο
1424 4298 1728 4354 ἐπιδεικνύ-

152 4408 317 4463 μενον
356 4394 644 4460 χρήσιμον.

1913 3297 2034 3349 155.
2060 3296 2251 3350 Robur
2280 3299 2625 3365 imperatoris
2657 3317 2853 3357 manus
2894 3306 2946 3358 iu
2993 3308 3179 3375 prndio
3210 3325 3406 3365 conse-

1837 3387 2009 3439 rentis
2040 3386 2172 3438 nihil
2202 3394 2293 3437 aut
2335 3401 2525 3455 parum
2566 3389 2805 3457 adjuvat,
2839 3392 2943 3446 nisi
2988 3395 3077 3447 ubi
3109 3401 3406 3455 exercitum

1836 3476 2337 3544 relanguesceutcnt
2370 3478 2614 3532 excitare
2640 3480 2859 3542 iterum,
2890 3490 2944 3537 et
2974 3487 3235 3542 societate
3259 3492 3406 3558 peri-

1835 3567 2085 3621 culorum
2144 3569 2392 3621 animare
2442 3567 2644 3623 studet.
2690 3568 2786 3623 Siti
2846 3572 2902 3625 in
2978 3576 3164 3643 pra-lio
3220 3580 3403 3648 cadat,

1836 3674 2031 3728 magna
2067 3658 2411 3712 incommoda
2472 3660 2725 3715 universo
2779 3664 3043 3718 exercitui
3083 3668 3401 3728 ail'et'untur.

1834 3749 2077 3805 Consilia
2105 3760 2311 3815 autem,
2334 3757 2387 3804 et
2415 3752 2553 3803 facta
2587 3750 2959 3820 imperatoria,
2995 3759 3040 3808 si
3098 3770 3404 3828 opportune

1835 3842 2221 3905 adhibeantur,
2263 3841 2497 3894 maxima
2554 3840 2809 3910 praesidia
2838 3843 3091 3899 universo
3139 3852 3403 3907 exercitui

1836 3941 2142 4003 apportant.

1907 4024 2028 4078 154.
2054 4025 2306 4096 Magnum
2350 4046 2635 4084 numerum
2662 4041 2716 4087 et
2741 4034 3142 4089 multitudinem
3166 4037 3397 4091 militum

1834 4132 1945 4187 pra:
1973 4128 2023 4171 te
2052 4116 2216 4183 feres,
2244 4124 2463 4189 quando
2489 4125 2582 4178 tibi
2609 4126 2709 4180 hoc
2736 4129 3078 4181 commodum
3104 4128 3399 4195 videbitur,

1830 4210 2117 4277 junieutis,
2147 4212 2342 4275 asinis,
2367 4221 2421 4265 et
2468 4213 2647 4268 bobus
2677 4217 2945 4270 vehantur
2995 4218 3211 4286 quidam
3241 4221 3397 4290 equi-

1834 4306 1937 4364 tes,
1972 4313 2095 4351 nam
2127 4299 2230 4354 hoc
2263 4301 2463 4356 inloco
2493 4305 2726 4372 perutile
2756 4315 2860 4361 est.

220 4481 355 4554 ρνε’.
396 4482 622 4546 Ἰκανῶς
660 4480 1026 4553 καταπλήξεις
1051 4482 1177 4543 τοὺς
1212 4480 1504 4550 πολεμίους
1530 4481 1587 4533 ἐν
1617 4498 1720 4533 πα-

1894 4479 2017 4535 155.
2052 4479 2412 4540 Vehementer
2438 4484 2728 4539 admodum
2784 4487 3019 4542 hostium
3082 4491 3249 4544 aciem
3279 4506 3394 4559 per-

152 4577 401 4647 ρατάξει,
444 4576 578 4629 ὅταν
609 4576 738 4637 τοὺς
791 4573 1017 4637 ὁπλίτας
1044 4572 1140 4625 τοῦ
1181 4573 1277 4624 σοῦ
1294 4573 1706 4643 στρατεύματος

147 4666 347 4739 πρῶτα
385 4665 484 4735 μὲν
526 4664 669 4717 κατὰ
704 4664 855 4734 βῆμα
901 4664 1038 4733 μετὰ
1092 4662 1344 4729 εὐταξίας
1398 4664 1718 4734 προσάγῃς,

146 4758 277 4812 ὅταν
333 4756 392 4808 δέ
442 4755 643 4808 ἔσωθεν
695 4755 1077 4822 σαγιττοϐόλου
1111 4755 1397 4822 γένωνται,
1439 4755 1561 4807 τότε
1596 4753 1724 4825 δρο-

150 4846 328 4918 μαίως
386 4848 525 4917 μετά
588 4845 845 4916 ὀξύτητος
895 4845 1301 4915 συμπλέκεσθαι
1359 4847 1609 4916 ποιήσῃς.
1644 4846 1719 4898 Οὐ

146 4944 257 5012 γὰρ
289 4940 647 5012 βλαϐήσονται
694 4939 798 4992 ὑπὸ
841 4938 950 4993 τῶν
979 4939 1346 5008 τοξευομένων
1380 4937 1575 5007 βελῶν,
1626 4937 1722 4990 καὶ

145 5032 379 5095 ἀπαθεῖς
431 5032 544 5101 (46)
612 5030 1011 5101 προσϐαλόντες
1068 5028 1327 5101 τρέψουσι
1378 5029 1501 5092 τοὺς
1566 5030 1721 5082 ἐναν-

146 5124 322 5188 τίους.

217 5213 365 5286 ρνς’.
425 5215 599 5285 Σοσοῦ
655 5216 963 5289 στρατηγοῦ
1026 5216 1313 5288 ἔργονησοι
1358 5215 1708 5287 διηγήσομαι·

145 5308 277 5361 ποτὲ
336 5307 445 5379 γὰρ
497 5305 984 5380 παρατασσομένου
1042 5308 1209 5364 αὐτοῦ
1271 5309 1466 5382 βροντὴ
1522 5310 1716 5379 γέγονε

147 5398 365 5469 βαρεῖα,
393 5401 485 5453 καὶ
507 5401 601 5455 τοῦ
637 5401 869 5470 στρατοῦ
894 5401 1057 5457 αὐτοῦ
1084 5402 1139 5456 δὲ
1177 5401 1542 5466 δειλιάσαντος
1574 5402 1712 5473 (47),

147 5487 219 5550 ὡς
260 5490 354 5542 ἐπὶ
384 5490 538 5560 κακῷ
567 5492 749 5554 αὐτοῖς
781 5491 1053 5562 συμϐόλῳ,
1090 5492 1496 5564 άντεπήνεγκεν
1520 5492 1712 5551 εἰπών’

1823 4569 2091 4635 turbabis,
2116 4570 2160 4623 si
2189 4573 2374 4638 capias
2395 4579 2519 4627 tuas
2545 4574 2720 4639 primo
2745 4572 3071 4641 pedetentim
3094 4589 3216 4628 cum
3241 4576 3391 4629 ordi-

1824 4660 1910 4717 nis
1968 4661 2201 4730 quadam
2262 4664 2683 4718 conservatione
2740 4665 2992 4734 progredi
3043 4664 3256 4729 facias,
3296 4668 3387 4719 ubi

1824 4768 1954 4809 vero
1983 4754 2124 4808 intra
2152 4756 2362 4825 sagittae
2383 4754 2585 4809 factum
2620 4756 2787 4812 fueris
2815 4773 2938 4811 cum
2960 4774 3151 4825 cursu,
3175 4768 3229 4815 et
3252 4762 3385 4815 cele-

1827 4847 1985 4900 ritate
2013 4846 2079 4899 ad
2139 4847 2262 4902 illos
2324 4848 2646 4903 contendas.
2690 4848 2764 4901 lta
2798 4849 2908 4913 lict,
2938 4858 2995 4905 ut
3025 4851 3094 4904 ab
3148 4851 3385 4907 hostium

1836 4940 1980 5003 telis,
2007 4947 2061 4992 et
2092 4940 2308 5009 sagittis
2338 4956 2443 4993 non
2492 4940 2724 5006 laedaris,
2756 4950 2808 4995 et
2842 4956 3034 4997 secure
3081 4942 3385 5013 irruptione

1830 5030 1972 5085 facta
2001 5045 2126 5086 cum
2160 5032 2410 5088 hostibus
2432 5031 2713 5103 conﬂigas.

1893 5212 2011 5265 156.
2062 5212 2349 5267 Prudentis
2401 5212 2500 5265 hoc
2527 5219 2612 5265 est
2667 5210 3031 5281 imperatoris,
3066 5213 3109 5269 si
3143 5215 3385 5284 quando,

1823 5303 1968 5374 quod
2000 5321 2143 5375 suape
2191 5305 2301 5366 (iet,
2329 5304 2535 5357 tonitru
2576 5320 2833 5373 maguum
2866 5302 2957 5357 liat
2978 5344 2992 5368 ,
3023 5311 3077 5359 et
3110 5306 3279 5375 c0piae
3318 5308 3385 5360 ad

1823 5398 1942 5467 ejus
1966 5398 2211 5450 auditum
2267 5404 2653 5465 expavescant,
2689 5398 2845 5465 quasi
2874 5393 3072 5448 malum
3104 5398 3262 5451 omen
3291 5400 3386 5460 sit,

1823 5498 2014 5546 contra
2048 5488 2242 5544 all'erre
2274 5488 2513 5543 hostium
2554 5504 2719 5544 causa
2758 5491 2859 5543 hoc
2903 5488 3040 5555 ﬁeri,
3072 5506 3213 5561 quos
3246 5491 3391 5546 Deus

1656 5668 1884 5725 NOT/E.

219 5761 336 5829 (16)
373 5761 700 5827 Ἀπίιθειάς.
724 5760 936 5831 Scribe,
968 5764 1215 5827 ἀπαθεῖς.

1890 5762 2001 5834 (Π)
2036 5763 2479 5829 Δειλιιὶσαντος.
2517 5762 2890 5828 Scribi-batur,
2921 5760 3302 5823 δε...άσαντος.
