4184 6440
770 409 909 476 1055

1997 419 2268 480 LEONIS
2307 416 2768 482 PHILOSOPIII

3881 421 4020 489 1056

761 527 1025 582 attonitos
1084 525 1315 594 faciens,
1371 543 1470 586 nos
1498 529 1652 600 jubet
1704 533 1846 587 bono
1875 534 2062 589 animo
2095 537 2147 589 in
2209 535 2332 589 illos

2443 533 2511 584 Οὐ
2544 533 2611 585 δι’
2636 536 2780 605 ἡμᾶς
2813 535 2846 605 ή
2877 533 3077 605 βροντὴ
3119 534 3362 603 γέγονεν,
3407 535 3544 590 ἀλλά
3569 540 3695 603 τοὺς
3719 541 4020 612 πολεμίους

761 621 1019 689 impetum
1046 617 1247 674 facere.

830 791 954 845 157.
990 794 1192 850 Hostes
1220 795 1273 850 in
1317 806 1691 870 contemptum
1720 801 1981 868 adduces,
2010 804 2055 859 si
2105 805 2334 876 papula-

758 897 846 937 res
897 883 1116 938 illorum
1143 887 1238 956 qni
1271 888 1325 942 in
1361 889 1566 945 ditione
1611 900 1707 947 tua
1735 903 1886 959 sunt,
1919 911 2043 950 cum
2097 897 2150 950 in
2176 912 2335 966 gym-

758 973 930 1028 nasiis
958 974 1260 1045 luctantur,
1292 979 1603 1049 inferiores,
1634 992 1757 1041 tuos
1793 994 1974 1042 autem
1996 990 2336 1047 strenuiores

756 1064 1030 1124 olfeceris.

832 1156 956 1211 158.
990 1156 1094 1213 Ubi
1127 1163 1408 1218 occultare
1448 1179 1478 1218 a
1510 1170 1725 1224 caeteris
1755 1171 1994 1228 volueris
2023 1187 2117 1229 eos
2145 1176 2235 1246 qui
2267 1190 2333 1231 ex

760 1248 867 1302 tuis
899 1249 950 1302 in
975 1251 1161 1317 praelia
1183 1252 1455 1309 interfecti
1484 1268 1635 1322 sunt,
1658 1263 1910 1330 quamvis
1933 1263 2032 1317 hoc
2063 1275 2182 1333 post
2213 1265 2337 1321 belli

756 1339 965 1393 exitum
1003 1340 1116 1406 ﬁat,
1150 1359 1218 1399 ne
1249 1347 1533 1416 permittas
1558 1352 1916 1406 contubernia
1947 1355 2109 1409 simul
2156 1357 2337 1411 cibum

755 1445 973 1500 capere,
1024 1434 1119 1488 sed
1184 1438 1419 1505 sparsim
1474 1447 1529 1492 et
1578 1440 1824 1507 fortuito,
1877 1446 2339 1514 quemadmodum

758 1536 924 1576 casus
963 1523 1145 1577 tulerit
1177 1541 1191 1588 ;
1228 1527 1410 1595 itaque
1449 1545 1559 1584 non
1598 1530 1654 1585 in
1700 1534 1952 1589 timorem
1982 1536 2216 1607 aliquem
2248 1554 2343 1595 ca-

756 1612 909 1679 dent,
941 1613 1037 1668 sed
1075 1615 1261 1671 animo
1293 1628 1519 1676 strenuo
1552 1621 1792 1696 fortique
1833 1635 2016 1682 erunt.

830 1796 957 1851 159.
993 1795 1243 1853 Hostium
1276 1801 1572 1871 imperator
1602 1805 1760 1874 quasi
1812 1816 1977 1877 caput
2022 1808 2223 1880 viperae
2260 1824 2343 1866 est

2432 624 2462 675 δ
2489 622 2620 685 Θεὸς
2671 626 2745 687 ὡς
2788 625 3017 695 ἐχθροὺς
3061 626 3467 697 ἐμϐροντήτους
3513 631 3745 701 ποιήσας
3778 637 3900 687 κατ’
3927 636 4022 690 αὑ-

2432 713 2542 767 τῶν
2566 716 2713 784 ἡμᾶς
2739 718 3041 786 ἐπάγεσθαι
3066 718 3303 773 κελεύει.

2506 806 2636 877 ρνξη
2674 810 2814 873 Τοὺς
2861 810 3154 881 πολεμίους
3216 811 3726 886 εὐκαταφρονήτους
3749 819 4014 889 ποιήσεις,

2436 896 2531 949 ἐὰν
2573 898 2701 961 τοὺς
2741 902 2805 953 ἐκ
2836 901 2932 955 τοῦ
2984 902 3175 971 γένους
3220 903 3403 959 αὐτῶν
3446 906 3601 976 παρά
3645 910 3731 964 σοὶ
3762 910 3923 975 ὄντας
3961 914 4024 966 ἐν

2437 990 2558 1052 ταῖς
2595 989 2958 1062 παλαίστραις
3000 994 3112 1049 τῶν
3161 995 3430 1064 παιγνίων
3475 996 3751 1066 ἐλάττους,
3804 1002 3933 1067 τοὺς
3962 1001 4020 1055 δὲ

2439 1081 2565 1144 σοὺς
2594 1082 2880 1150 ὑπερέχειν
2906 1086 3352 1158 παρασκευάσῃς.

2513 1179 2648 1243 ρνη’.
2686 1173 2815 1226 Ὅτε
2858 1174 3022 1247 βούλῃ
3053 1176 3260 1248 κρύψαι
3294 1180 3420 1243 τοὺς
3447 1180 3825 1251 ἀνῃρημένους
3853 1186 3912 1237 ἐν
3951 1187 4021 1253 τῇ

2443 1262 2591 1332 μάχῃ
2626 1265 2718 1317 τοῦ
2752 1264 2845 1318 σοῦ
2879 1266 3311 1338 στρατεύματος,
3343 1272 3458 1340 εἴγε
3480 1272 3751 1327 καὶτοῦτο
3778 1275 4022 1347 συμϐαίη

2441 1353 2594 1415 ποτε,
2620 1354 2695 1418 ὡς
2721 1355 2981 1420 πολλάκις
3010 1356 3190 1423 εἴωθε,
3231 1361 3371 1427 μετὰ
3410 1362 3511 1431 τὴν
3543 1360 3695 1416 λύσιν
3720 1364 3818 1433 τῆς
3844 1366 4026 1435 μάχης

2446 1441 2520 1511 μὴ
2574 1449 2840 1512 συμπνεῖν
2875 1448 2990 1517 (48)
3039 1447 3176 1518 ὁμοῦ
3221 1449 3291 1502 τά
3341 1453 3727 1530 κοντουϐἐρνια
3775 1471 4027 1524 παρακε-

2443 1531 2621 1596 λεύου,
2655 1534 2771 1587 ἀλλ’
2800 1536 2875 1598 ὡς
2918 1538 3109 1608 ἔτυχεν
3142 1539 3391 1595 ἕκαστον.
3434 1540 3622 1607 Οὕτως
3664 1545 3773 1615 γὰρ
3798 1546 3858 1598 οὐ
3902 1545 4026 1600 δια-

2445 1625 2662 1691 γνόντες
2688 1631 2812 1689 τοὺς
2838 1628 3214 1700 ἀνῃρημένους
3246 1631 3347 1685 ούκ
3380 1633 3461 1695 είς
3484 1633 3686 1688 δειλίαν
3717 1636 4025 1707 ἐμπεσοῦν-

2445 1732 2557 1777 ται,
2586 1716 2717 1769 ἀλλά
2749 1716 3140 1788 θαρσήσουσιν.

2521 1807 2651 1875 ρνθ’.
2685 1809 2995 1879 Στρατηγδς
3014 1810 3305 1880 πολεμίων,
3339 1814 3528 1886 ὥσπερ
3554 1816 3765 1887 κεφαλὴ
3781 1819 4023 1890 ἐχίδνης,

760 1886 815 1939 in
849 1890 1091 1941 exercitu
1128 1900 1242 1945 tuo.
1275 1889 1504 1947 Omnem
1540 1895 1707 1963 igitur
1742 1874 2337 1969 diligentiam—adhibe-

2445 1896 2617 1960 οὓτως
2662 1900 2753 1950 ἐπὶ
2785 1898 2863 1969 τῷ
2901 1900 3268 1970 στρατεύματι
3313 1904 3497 1958 αὐτοῦ.
3547 1906 3736 1959 Πᾶσαν
3762 1905 3858 1959 οὖν
3904 1910 4028 1961 ἐπί-

755 1975 862 2041 bis,
927 1980 1008 2033 vel
1063 1982 1416 2039 multitudine
1465 1999 1803 2063 armatorum
1847 1991 1903 2046 in
1955 1994 2105 2048 illum
2159 1996 2336 2052 solum

755 2069 906 2122 omni
937 2070 1142 2141 impetu
1170 2086 1385 2141 ruente,
1412 2079 1496 2132 vel
1528 2080 1649 2135 telis
1675 2083 1920 2137 omnium
1948 2084 2003 2138 in
2027 2100 2149 2141 eum
2179 2091 2337 2157 quasi

756 2159 811 2213 in
845 2166 1272 2234 scopnmjactis,
1301 2179 1394 2222 aut
1423 2171 1531 2223 alio
1562 2173 1818 2241 quopiam
1846 2186 2064 2243 conatu,
2098 2181 2340 2234 molitio-

756 2265 936 2319 neqne
970 2260 1061 2305 tua
1095 2257 1280 2319 cadat,
1306 2266 1359 2312 et
1394 2274 1423 2314 e
1450 2260 1629 2317 medio
1663 2262 1905 2321 tollatur.
1936 2267 2073 2323 Nam
2096 2271 2142 2325 si
2174 2282 2338 2340 caput

753 2339 953 2409 vipera:
988 2346 1155 2399 semel
1182 2351 1612 2420 comminuatur,
1647 2355 1919 2427 reliquum
1943 2375 2143 2432 corpus
2177 2363 2338 2419 inane

755 2440 922 2501 atque
957 2434 1149 2490 inutile
1171 2445 1277 2492 est.

826 2520 951 2575 160.
977 2520 1106 2577 Belli
1132 2534 1375 2595 tempore
1423 2529 1743 2600 familiares,
1775 2537 2004 2605 amicos,
2047 2554 2335 2614 cognatos,

754 2624 925 2680 prope
960 2614 1100 2667 inter
1135 2630 1194 2669 se
1217 2619 1555 2677 collocabis:
1590 2639 1748 2682 amor
1776 2631 1923 2685 enim
1958 2643 2181 2692 mutuus
2210 2638 2334 2696 illos

754 2700 821 2754 ad
862 2704 1108 2771 pericula
1154 2708 1440 2765 subeunda
1470 2714 1699 2782 animat,
1743 2726 1797 2774 et
1831 2721 1900 2776 ad
1934 2737 2021 2779 res
2070 2725 2207 2783 bene
2238 2744 2333 2801 ge-

755 2792 957 2848 rendas
995 2796 1208 2853 incitat.

826 2885 951 2940 161.
1006 2888 1391 2958 Suspicionem
1434 2896 1518 2951 sui
1551 2907 1742 2955 mutuo
1783 2902 1838 2957 in
1882 2906 2126 2963 hostium
2160 2911 2332 2966 aciem

752 2978 992 3046 injicies,
1029 2982 1076 3035 si
1120 2983 1592 3043 nobilissimorum
1647 3000 1703 3045 et
1753 2999 2331 3061 przestantissimorum

753 3075 999 3129 virorum
1055 3092 1218 3145 agros
1256 3081 1563 3138 incolumes
1606 3099 1728 3141 esse
1776 3091 2085 3157 permittas,
2122 3097 2332 3151 ceteris

758 3161 1009 3220 ﬁnitimis
1043 3166 1176 3223 locis
1217 3170 1512 3239 populatis.

830 3251 953 3305 162.
1010 3253 1299 3313 Exercitus
1340 3259 1435 3312 tibi
1472 3261 1725 3331 idoneus,
1762 3266 2059 3339 justusque
2107 3272 2202 3337 sit;
2245 3274 2341 3342 qui

756 3352 937 3397 autem
975 3344 1048 3399 ibi
1095 3345 1163 3399 ad
1195 3348 1395 3403 bellum
1429 3350 1608 3407 idonei
1636 3371 1740 3410 non
1765 3368 1917 3423 sunt,
1950 3360 2027 3413 illi
2060 3361 2127 3414 ad
2165 3366 2344 3418 servi-

756 3442 966 3500 tutem,
1044 3444 1100 3491 et
1162 3439 1574 3497 multitudinem
1650 3449 1973 3517 augendam,
2048 3453 2140 3507 ubi
2212 3471 2346 3513 usus

756 3525 955 3607 literis,
997 3527 1309 3585 asciscendi
1342 3541 1494 3601 sunt,
1530 3536 1611 3591 vel
1631 3536 1743 3606 jam
1773 3538 2060 3596 innninuto
2101 3547 2344 3602 exercitu

754 3616 824 3669 ail
858 3615 1129 3685 integrum
1164 3635 1459 3676 numerum
1492 3626 1822 3695 explendum
1864 3630 2164 3700 recipiendi
2193 3642 2342 3702 sunt,

758 3712 817 3756 ut
848 3704 915 3757 ad
943 3708 1343 3776 oppugnandos
1372 3709 1558 3790 hostes
1580 3714 1816 3768 valeant.
1850 3714 2017 3772 Vetus
2046 3720 2190 3773 enim
2216 3736 2341 3774 vcr-

760 3796 889 3847 bum
931 3805 1034 3861 est,
1068 3798 1157 3851 ubi
1194 3798 1411 3856 leonina
1453 3802 1610 3873 pellis
1643 3819 1751 3861 non
1800 3805 2021 3874 suﬂicit,
2069 3810 2341 3866 assuenda

759 3887 981 3957 vulpina
1009 3895 1111 3943 est.

827 4068 952 4122 165.
987 4066 1043 4122 Si
1072 4069 1353 4141 contingat
1400 4070 1522 4137 tibi,
1558 4073 1651 4129 ubi
1696 4075 1811 4143 jam
1863 4078 1918 4130 in
1954 4076 2196 4133 hostium
2248 4094 2340 4135 re-

757 4160 919 4231 gione
948 4176 1031 4226 es,
1057 4169 1322 4221 tesseram
1353 4166 1592 4234 aliquam
1622 4168 1884 4234 scribere,
1908 4169 1960 4222 in
1992 4171 2205 4226 tabellis
2223 4173 2341 4230 sine

757 4266 882 4303 cera
929 4250 1302 4322 quodcunque
1349 4254 1589 4309 volueris
1624 4266 1886 4322 exat-ato,
1933 4256 2131 4312 deinde
2174 4274 2338 4325 cera,

765 4343 909 4410 quod
935 4343 1209 4412 scripsisn
1242 4344 1431 4413 tegito,
1473 4356 1525 4399 et
1553 4347 1605 4399 in
1634 4362 1761 4401 cera
1796 4348 2014 4417 quidvis
2056 4350 2337 4406 fortuitum

758 4435 1009 4499 scribito,
1052 4438 1107 4487 in
1148 4451 1257 4505 quo
1313 4438 1463 4491 nulla
1523 4439 1769 4508 suspicio
1818 4456 1939 4494 osse
1988 4445 2211 4510 possit:
2266 4444 2337 4498 ita

760 4531 1025 4581 lCSSClallt
1055 4533 1203 4578 tuam
1228 4527 1463 4592 occulto,
1491 4543 1601 4597 quo
1627 4528 1781 4594 velis,
1817 4530 2019 4584 mittes.

834 4617 958 4669 164.
995 4614 1303 4671 Consilium
1351 4621 1473 4687 quis
1519 4621 1846 4690 proditionis
1892 4622 2209 4689 instituens,
2246 4626 2333 4682 ubi

759 4708 1020 4776 ('Ognosci
1070 4722 1184 4760 rem
1240 4708 1533 4779 intelligit,
1588 4719 1640 4765 et
1688 4727 1747 4766 se
1797 4713 2090 4769 manifesto
2144 4717 2339 4781 teneri,

758 4799 990 4856 consilia
1045 4799 1284 4853 hostium
1332 4800 1448 4854 suis
1501 4800 1725 4869 indicat,
1782 4812 1837 4858 et
1882 4808 2340 4875 quemadmodum

759 4890 985 4953 vitanda
1009 4898 1137 4943 sunt
1161 4891 1403 4946 consulit
1431 4908 1445 4958 ;
1477 4893 1665 4950 hostes
1695 4906 1888 4952 contra
1914 4897 2078 4966 hujus
2108 4899 2341 4955 insidias

758 4982 1078 5046 ostendunt,
1122 4982 1479 5049 factaautem
1524 4988 1740 5043 insidiis
1790 4991 2067 5044 contraria
2112 4990 2338 5047 demon-

756 5084 959 5141 strant,
1010 5076 1097 5130 cui
1136 5078 1324 5132 credes
1381 5080 1705 5148 magis‘Hlli
1740 5092 1908 5147 certe,
1958 5085 2049 5152 qui
2090 5085 2338 5154 proditor

758 5168 885 5232 fuit,
916 5174 971 5220 ct
1018 5166 1299 5234 indicavit,
1348 5170 1530 5239 potius
1556 5187 1717 5241 quam
1754 5175 1997 5228 sermoni
2040 5174 2281 5230 hostium
2318 5192 2335 5242 ;

762 5262 850 5315 hic
883 5260 1028 5315 enim
1060 5262 1309 5330 quamvis
1334 5264 1577 5332 proditor
1603 5266 1695 5329 sit,
1720 5268 1996 5338 pOpttlat‘is
2021 5276 2200 5322 tamen
2229 5279 2335 5333 est,

728 5365 813 5411 ὀι
869 5353 1119 5425 ejusdem
1170 5358 1429 5421 nationis,
1480 5368 1535 5412 et
1582 5362 1831 5429 pecuniis
1886 5365 2161 5433 corruptis
2213 5362 2334 5427 fuit,

758 5465 897 5517 quas
951 5447 1035 5503 vel
1083 5449 1305 5503 omnino
1353 5466 1457 5504 non
1518 5453 1749 5522 accepit,
1808 5454 1886 5508 vel
1934 5456 2023 5508 ubi
2065 5454 2333 5523 .;ςςιιροι·ἱι

2445 2002 2593 2040 νοιαν
2624 1989 2800 2055 ποιοῦ,
2835 1988 2973 2043 ὥστε
3002 1990 3164 2047 αὐτὸν
3191 1994 3400 2060 πεσεῖν,
3435 1994 3468 2064 ή
3494 1994 3580 2049 διά
3615 1995 3853 2067 πλήθους
3881 2014 4026 2066 συμ-

2446 2081 2857 2151 πεφραγμένου,
2886 2083 2981 2136 καὶ
3008 2083 3144 2151 πρὸς
3174 2082 3334 2136 αὐτὸν
3392 2088 3550 2154 μόνον
3609 2087 3776 2151 ὀξέως
3802 2088 4030 2159 ἐπιδρα-

2449 2174 2661 2243 μόντος,
2716 2174 2750 2243 ἢ
2792 2173 2879 2227 διὰ
2931 2174 3101 2242 βελῶν
3154 2174 3291 2245 πρὸς
3329 2175 3425 2229 ινα
3460 2180 3661 2232 σκοπὸν
3704 2180 3827 2233 κατ’
3856 2180 4026 2234 αὐτοῦ

2447 2263 2776 2333 βληθέντων,
2825 2264 2857 2334 ἢ
2902 2264 2970 2317 δι’
3005 2265 3196 2336 ἐτέρου
3245 2266 3389 2330 τινὸς
3426 2268 3877 2338 ἐπιτηδεύματος.
3915 2272 4028 2326 Καὶ

2444 2355 2554 2424 γὰρ
2588 2356 2684 2408 καί⁵
2711 2358 2810 2426 τῆς
2832 2346 3045 2426 ἐχίδνης
3064 2357 3097 2425 ή
3127 2359 3339 2429 κεφαλὴ
3376 2360 3715 2430 συντριϐεῖσα
3746 2362 3807 2415 τὸ
3841 2362 4033 2418 λοιπον

2447 2445 2604 2517 σῶμα
2639 2447 2931 2499 κατέλιπεν
2972 2446 3356 2517 ἀνενέργητον.

2519 2536 2616 2606 ρξ’.
2660 2538 2748 2590 Ἐν
2782 2537 3021 2608 πολέμου
3071 2537 3245 2609 καιρῷ
3288 2540 3414 2603 τοὺς
3445 2541 3736 2610 φιλτάτους
3774 2546 3871 2599 καὶ
3898 2562 4034 2601 συν-

2444 2626 2601 2696 ήθεις
2646 2628 2743 2680 καὶ
2796 2631 3079 2695 συγγενεῖς
3141 2630 3367 2698 πλησίον
3425 2633 3733 2687 συντάττειν
3782 2637 4035 2708 ἀλλήλοιν

2443 2716 2645 2784 ἀγαοόν
2668 2718 2835 2771 ἐστιν.
2874 2716 2936 2770 Ἦ
2967 2718 3076 2789 γὰρ
3103 2719 3294 2788 ἀγάπη
3320 2722 3759 2789 συγκινδυνεύειν
3778 2726 4032 2797 ἀλλήλοις

2444 2809 2539 2861 καὶ
2566 2810 2878 2878 ἀριστεύειν
2900 2811 3333 2879 παρασκευάζει.

2517 2901 2653 2971 ρξα’.
2695 2902 2983 2955 ’Υπὸνοιαν
3033 2904 3468 2969 κατασκευάσεις
3500 2906 3558 2960 ἐν
3601 2908 3716 2971 τοῖς
3748 2911 4033 2981 πολεμίοις

2442 2992 2585 3047 κατά
2612 2992 2881 3062 ἀλλήλων,
2904 2994 3000 3045 ἐὰν
3026 2994 3136 3046 τῶν
3163 2996 3221 3047 ἐν
3244 2997 3358 3057 τοῖς
3384 2996 3667 3065 πολεμίοις
3691 2999 3865 3053 ὄντων
3894 3004 4029 3070 παρ’

2443 3084 2625 3146 αὐτοῖς
2659 3084 2943 3153 ἐπισήμων
2987 3083 3055 3137 τά
3109 3085 3283 3154 χωρία
3326 3086 3633 3157 καταλίπῃς
3689 3089 3906 3160 ἀϐλαϐῆ
3932 3092 4031 3163 δη-

2441 3175 2615 3228 λονότι
2637 3176 2951 3229 κατακαίων
2984 3175 3054 3228 τά
3083 3175 3456 3247 πλησιόχωρα.

2523 3264 2656 3337 ρξβῖ
2709 3266 2948 3335 Στρατὸς
3001 3266 3103 3336 μὲν
3139 3265 3257 3319 ἐστι
3302 3284 3384 3320 σοι
3425 3270 3626 3335 ἱκανὸς,
3654 3264 3699 3323 ὦ
3730 3272 4031 3344 στρατηγὲ,

2447 3356 2540 3407 καὶ
2566 3352 2725 3424 μόνος
2760 3354 3061 3424 αὐτάρκης,
3111 3354 3383 3423 ἐπείτοιγε
3434 3358 3682 3421 καὶτοὺς
3742 3361 4032 3426 ἁνικάνους

2448 3445 2584 3514 πρὸς
2612 3444 2801 3514 χρείαν
2831 3444 3057 3497 ἐκείνων
3099 3444 3194 3499 καὶ
3222 3444 3445 3497 διυλίων
3481 3448 3574 3499 καὶ
3621 3449 3863 3518 πλήθους
3896 3468 4034 3518 (ραν-

2445 3535 2639 3589 τασίαν
2669 3537 2755 3589 ὅτε
2790 3534 3009 3587 καλέσει
3040 3534 3232 3604 καιρὸς
3262 3536 3714 3605 συμπαραλαϐεῖν
3756 3541 4032 3610 χρήσιμόν

2446 3628 2615 3691 ἐστιν,
2638 3627 2671 3696 ἢ
2698 3626 3093 3696 ἐλασσούμενον
3108 3624 3203 3678 τοῦ
3232 3626 3462 3696 στρατοῦ
3487 3627 3580 3680 καὶ
3604 3627 3693 3680 διά
3719 3632 4032 3700 συμμάχων

2443 3716 2891 3787 ἀναπληροῦσθαι
2916 3716 3103 3779 αὑτὸν,
3129 3716 3269 3769 ὥστε
3300 3718 3492 3788 ἀρκεῖν
3524 3718 3659 3787 πρὸς
3687 3718 3747 3770 τὸ
3780 3735 4030 3772 καταποφ

2443 3808 2681 3880 λεμῆσαι
2711 3811 2837 3873 τοὺς
2861 3810 3158 3873 ἐναντίους.
3185 3809 3416 3880 Εἴρηται
3444 3809 3552 3877 γὰρ
3578 3809 3737 3876 λόγος
3773 3809 4027 3872 παλαιὸς,

2443 3901 2526 3953 ὅτι
2556 3900 2685 3953 ἔνθα
2732 3900 2809 3970 μὴ
2854 3900 3080 3969 ἐξαρκεῖ
3108 3901 3139 3969 ἠ
3171 3900 3363 3969 λεοντῆ
3410 3900 3786 3970 προσράπτειν
3815 3899 3902 3952 δεῖ
3926 3899 4031 3969 τῆς

2449 3991 2767 4058 ἀλωπεκῆς.

2516 4083 2649 4155 ρξγδο
2698 4082 2823 4135 Ἐὰν
2860 4081 3043 4152 συμϐῇ
3077 4081 3158 4135 σοί
3216 4098 3349 4135 ποτε
3406 4078 3771 4149 ὑποσύνθημα
3814 4078 4030 4147 γράψαι

2440 4175 2548 4228 τινὶ
2564 4176 2621 4227 ἐν
2647 4172 2803 4245 χώρᾳ
2830 4172 2945 4225 ΰντι
2975 4172 3085 4226 τῶν
3116 4172 3408 4241 πολεμίων,
3432 4172 3490 4224 ἐν
3519 4167 3832 4240 ἀκηρώτοις
3867 4187 4027 4222 πιναο

2441 4265 2634 4327 κιδίοις
2670 4264 2698 4317 ὃ
2738 4264 2802 4318 ἂν
2826 4263 2991 4334 βούλῃ
3020 4261 3378 4332 καταγράψας
3406 4260 3741 4315 ἐπικάλυπτε
3764 4258 3843 4329 τῷ
3870 4258 4030 4329 κηρῷ

2441 4355 2511 4408 τά
2562 4357 2885 4426 γράμματα,
2923 4356 3018 4407 καὶ
3061 4355 3179 4406 τότε
3221 4353 3364 4406 κατά
3400 4351 3494 4405 τοῦ
3543 4349 3716 4422 κηροῦ
3746 4350 3931 4420 γράφε
3960 4351 4031 4403 τά

2442 4446 2747 4501 ἀνύποπτα.
2778 4445 2962 4509 Οὕτως
2998 4446 3106 4516 γὰρ
3138 4444 3358 4507 ἀνύσεις
3391 4443 3498 4498 ἀπὺ
3535 4444 3887 4513 συνθήματος
3929 4444 4033 4512 τὴν

2370 4553 2417 4611 ι)
2444 4540 2719 4609 κρυφαίαν
2748 4555 2839 4590 σου
2863 4538 3111 4607 δήλωσιν.

2523 4624 2651 4697 ρξδ’.
2681 4627 2885 4694 Βουλήν
2926 4623 3055 4677 ποτέ
3104 4639 3189 4686 τις
3242 4621 3533 4693 προδοσίας
3583 4623 3841 4689 ποιήσας,
3888 4636 4031 4687 γνω-

2446 4720 2596 4784 σθεὶς
2620 4720 2697 4783 δὲ,
2733 4720 2827 4771 καὶ
2859 4717 3067 4787 μέλλων
3095 4716 3412 4769 ἁλίσκεσθαι
3442 4715 3575 4781 (49),
3609 4713 3709 4784 τὴν
3731 4713 4032 4781 ἐπιϐουλὴν

2444 4813 2552 4867 τῶν
2588 4812 2863 4882 πολεμίων
2895 4812 3007 4872 τοῖς
3055 4809 3206 4872 ἰδίοις
3264 4809 3671 4876 κατεμήνυσεν,
3726 4806 3827 4859 καὶ
3880 4807 4032 4866 ὅπως

2439 4905 2520 4957 δεῖ
2572 4904 2776 4973 ταύτην
2824 4902 3159 4971 φυλάξασθαι
3218 4898 3659 4952 συνεϐούλευσεν.
3709 4896 4028 4967 Ἐμήνυσαν

2443 4997 2501 5050 δὲ
2537 4998 2629 5049 καὶ
2659 4998 2705 5051 οἱ
2735 4995 2988 5064 πολέμιοι
3020 4992 3211 5046 τούτου
3246 4991 3344 5061 μὲν
3379 4992 3478 5058 τὴν
3507 4988 3827 5058 ἐπιϐουλὴν,
3876 4989 3945 5041 τὰ
3970 4988 4028 5039 ἑὲ

2445 5088 2583 5159 ἔργα
2611 5089 2678 5140 τὰ
2700 5087 2924 5140 ἐναντία
2952 5088 3048 5155 τῆς
3071 5082 3387 5152 ἐπιϐουλῆς·
3416 5081 3523 5134 τίνι
3550 5079 3855 5147 πιστεύσης
3884 5078 4023 5148 μᾶλα

2444 5180 2563 5245 λον,
2592 5179 2627 5249 ἢ
2684 5179 2898 5240 πάντως
2943 5176 3021 5247 τῷ
3069 5174 3407 5245 βουλευθέντι
3440 5172 3673 5243 προδότῃ
3714 5173 3811 5223 καὶ
3849 5170 4029 5240 μηνύο

2449 5290 2624 5332 σαντι,
2648 5271 2784 5324 ἀλλά
2820 5273 2895 5341 μὴ
2924 5273 3032 5333 τοῖς
3055 5269 3233 5337 λόγοις
3256 5268 3366 5322 τῶν
3396 5264 3704 5336 πολεμίων;
3731 5257 3892 5325 οὗτος
3919 5264 4030 5332 γὰρ

2446 5365 2495 5416 εἰ
2545 5363 2637 5415 καὶ
2680 5362 2967 5432 προδότης,
3002 5359 3138 5414 ἀλλά
3172 5361 3266 5413 καὶ
3297 5356 3602 5428 ὁμοδίαιτος
3641 5355 3903 5417 πάντοτε,
3934 5354 4029 5405 καὶ

2449 5453 2738 5525 συγγενὴς,
2771 5453 2865 5507 καὶ
2906 5453 3184 5523 χρήμασιν
3229 5450 3359 5512 ἴσως
3394 5447 3731 5518 ύπσφθαρεὶς
3763 5444 3799 5499 ἆ
3838 5444 4029 5497 λαϐεῖν

2275 5634 2505 5691 IVOTJE.

829 5753 944 5820 (48)
982 5753 1299 5818 Συμπττὶῖν.
1342 5751 1552 5814 Scribe,
1588 5751 1940 5805 συνδειπνεῖν.

827 5827 940 5897 (lii)
971 5828 1077 5879 Kal
1100 5823 1342 5893 μέλπων
1367 5826 1403 5878 ἀ
1424 5825 1748 5877 ii'cmwﬂm.
1798 5820 2175 5886 Scribebattzr,
2223 5823 2314 5875 καὶ
2360 5821 2557 5891 μᾶλλον
2589 5820 2641 5871 ἁ.
