4184 6440
163 443 297 506 1057

1246 448 1578 508 TACTICA.
1617 471 1684 480 ·-
1715 446 2215 510 CONSTITUTIO
2244 451 2369 510 XX.

3281 462 3416 526 1058

154 557 255 608 οὐκ
297 555 555 625 ἔφθασεν,
587 556 620 625 ἢ
653 554 832 608 λαϐὼν
885 555 1189 625 ἡθὲτησεν,
1225 557 1424 610 ἐκεῖνοι
1476 557 1532 610 δὲ
1580 556 1714 625 φύσε

1844 557 2039 612 iterum
2068 560 2293 628 rejecit;
2324 559 2404 614 illi
2433 568 2614 616 autem
2639 566 2833 619 natura
2857 564 3088 645 inimici,
3119 573 3172 620 et
3196 575 3420 628 omnino

154 649 425 719 πολέμιοι,
460 649 554 700 καὶ
586 648 674 701 διὰ
721 647 942 701 πάντων
980 648 1270 719 ἀλλότριοι.

225 739 357 809 ρξε’.
400 739 462 793 'H
496 737 666 790 δειλία
698 738 806 790 τῶν
845 738 1195 808 στρατιωτῶν
1216 741 1280 790 ἐκ
1306 737 1400 790 τοῦ
1431 737 1591 791 ὄκνου
1641 739 1736 790 καὶ

151 832 250 898 τῆς
269 831 593 900 ὠχριάσεως
630 829 920 884 δείκνυται.
958 831 1097 894 Τοὺς
1131 829 1224 884 οὖν
1250 831 1523 897 τοιούτους
1554 834 1732 901 ἀσυμ-

152 922 339 989 (pax-63;
376 921 577 992 χώριζε
613 921 706 975 τοῦ
747 922 1002 991 στρατοῦ,
1042 924 1138 976 καὶ
1184 923 1504 988 ἀπόστελλε,
1541 925 1616 987 ὡς
1643 924 1738 992 δῆ-

151 1013 244 1064 θεν
273 1015 538 1082 κομίσοντ
551 1031 616 1076 ας
640 1013 676 1066 ἃ
701 1014 1025 1067 ἐπελάθοντο
1045 1031 1060 1047 ο
1095 1014 1252 1066 τοῦτο
1268 1015 1323 1066 δὲ
1349 1016 1578 1084 ποιήσας
1599 1032 1738 1084 παρ-

149 1106 404 1176 ορμήσῃς
419 1089 602 1174 λόγοις
626 1106 753 1168 τοὺς
778 1106 1136 1176 στρατιώτας,
1164 1108 1238 1169 ὡς
1261 1107 1368 1161 τῶν
1393 1107 1737 1178 ἀνδραπόδων

149 1198 379 1249 ἐκείνων
415 1198 511 1269 ἤδη
542 1198 999 1270 ἀπηλλαγμένους
1024 1200 1218 1270 μόνους
1243 1201 1344 1270 τῆς
1372 1199 1737 1271 ἀνδραγαθίας

149 1285 393 1356 ἔχεσθαι,
423 1291 516 1342 καὶ
543 1288 652 1341 τῶν
676 1289 773 1357 τῆς
802 1291 959 1358 νίκης
979 1290 1196 1359 δωρεῶν
1224 1291 1542 1360 ἀξιωθῆναι.

223 1377 371 1447 ρξς’.
430 1380 789 1448 Στρατιωτῶν
821 1380 1025 1442 δειλίας
1076 1381 1351 1452 διάκρισιν
1389 1381 1488 1436 καὶ
1534 1382 1736 1452 ἑτέρως

151 1487 233 1523 σοι
265 1471 554 1535 ὑποδείξω.
587 1471 693 1523 Τοῦ
722 1472 832 1540 γὰρ
878 1473 1107 1542 στρατοῦ
1152 1473 1351 1537 παντὸς
1395 1473 1530 1542 ὁμοῦ
1565 1474 1734 1539 ὄντος,

145 1563 242 1614 ἐάν
298 1565 526 1632 κινήσῃς
565 1564 863 1631 σάλπιγγα,
894 1565 969 1626 ὡς
995 1566 1076 1617 ὅτι
1112 1567 1160 1617 οἱ
1196 1564 1446 1634 πολέμιοι
1489 1566 1734 1635 συμπλέ-

145 1671 335 1706 κονται
368 1656 501 1724 πρδς
529 1655 729 1725 μάχην,
753 1655 996 1724 ταραχῆς
1021 1655 1344 1725 γενομένης,
1368 1657 1417 1707 οί
1448 1656 1545 1724 μὲν
1572 1657 1737 1738 δειλοὶ

147 1744 464 1812 φεύξονται,
504 1748 552 1798 οί
579 1746 636 1798 δὲ
673 1745 906 1818 ἀνδρεῖοι
942 1746 1373 1816 παρατάξονται.

217 1835 354 1905 ρξζπ
402 1835 527 1888 Ἐάν
577 1837 715 1906 πρὸς
763 1837 1152 1908 ἀγυμνάστους
1200 1840 1382 1909 μάχης
1441 1840 1730 1910 πολεμίους

144 1928 515 1998 παρατάσσῃ,
572 1929 734 1991 αὐτὸς
789 1928 848 1981 δὲ
921 1928 1017 1981 καὶ
1063 1929 1548 1999 γεγυμνασμένους
1598 1929 1727 2002 ἔχῃς

145 2017 509 2088 στρατιώτας,
545 2020 606 2072 οὐ
657 2020 902 2090 παρευθὺ
936 2021 1047 2090 (50)
1080 2022 1182 2091 τὴν
1217 2021 1399 2091 μάχην
1445 2022 1722 2091 συνάψεις,

143 2109 283 2162 ἀλλά
319 2113 604 2181 συντηρεῖν
637 2128 697 2164 σε
739 2112 820 2165 δεῖ
867 2114 958 2166 τὸν
1009 2114 1202 2183 χρόνον
1247 2115 1305 2166 ἐν
1339 2116 1404 2184 τῇ
1443 2116 1722 2181 συστάσει,

142 2204 236 2253 καὶ
281 2204 607 2272 προεκλύειν
628 2204 754 2267 τοὺς
791 2205 1084 2275 πολεμίους
1108 2205 1183 2267 ὠς
1211 2206 1298 2258 ἐπ’
1324 2206 1504 2272 ὀλίγον
1540 2210 1726 2260 πονεῖν

138 2292 500 2363 εἰθισμένους,
530 2295 627 2347 καὶ
657 2297 778 2347 τότε
831 2294 1096 2364 ἐπιτεθῇς
1145 2295 1347 2357 αὐτοῖς.
1394 2295 1540 2347 Είδέ
1589 2295 1726 2366 πρὸς

138 2385 265 2445 τοὺς
304 2367 651 2452 γυμναστοὺς
704 2386 867 2449 αὐτὸς
915 2387 1054 2455 ἔχων
1084 2389 1568 2457 γεγυμνασμένους
1616 2387 1724 2458 μά-

139 2491 241 2544 χης
281 2476 577 2545 πολεμίους
612 2477 879 2546 μάχεσθαι
914 2477 1112 2548 μέλλῃς
1141 2479 1480 2548 στρατιώτας
1526 2483 1591 2534 ἐκ
1627 2481 1720 2534 τοῦ

137 2565 348 2628 εὐθέως
378 2567 473 2618 καὶ
510 2568 855 2637 παραχρῆμα
885 2568 983 2635 τὴν
1013 2567 1193 2636 μάχην
1219 2568 1518 2636 σύμϐαλλε·
1553 2573 1587 2640 ἠ
1612 2573 1721 2642 γὰρ

135 2657 294 2726 ἀκμὴ
325 2658 435 2709 τῶν
480 2659 590 2711 σῶν
622 2657 974 2729 στρατιωτῶν
1003 2658 1267 2726 γενναίως
1305 2660 1722 2732 άπομαχήσεται

135 2751 273 2816 πρὸς
305 2748 432 2810 τοὺς
465 2748 762 2812 ἐναντίους.

231 2838 371 2909 ρξη¹.
441 2840 730 2893 ’Υπόνοιαν
789 2841 1057 2911 ἐπιμονῆς
1133 2843 1191 2895 ἐν
1254 2843 1478 2916 τοιαύτῃ
1528 2845 1719 2916 καιροῦ

132 2931 293 2999 χρείᾳ
320 2931 516 2995 δείξεις
546 2934 658 2994 τοῖς
693 2932 997 3000 πολεμίοις,
1032 2933 1081 2984 εί
1117 2933 1228 3003 ἀρα
1259 2935 1475 3004 μέλλεις
1503 2937 1719 3006 ὑποχω-

134 3022 244 3092 ρῶν
285 3022 363 3084 ὡς
411 3023 592 3092 μένων
625 3024 967 3092 ἐξαπατῆσαι
1015 3025 1232 3089 αὐτοὺς,
1275 3027 1370 3079 ὲάν
1395 3027 1587 3098 δένδρα
1623 3045 1721 3081 πε-

135 3112 387 3182 ρικόψας,
419 3115 452 3184 ἢ
484 3114 686 3167 τούτων
718 3117 793 3186 μὴ
833 3114 1003 3167 ὄντων
1051 3116 1216 3186 ἕτερά
1245 3134 1367 3170 τινα
1403 3117 1538 3183 ξύλα
1589 3120 1721 3189 στήο

1839 650 2001 702 alieni
2030 652 2098 703 ab
2125 651 2238 706 illis
2273 661 2424 708 sunt.

1911 739 2032 793 165.
2085 738 2377 797 Timiditas
2418 743 2654 797 militum
2702 759 2766 798 ex
2805 747 3035 814 pallore,
3079 758 3132 804 et
3165 751 3422 806 tarditate

1837 831 2208 900 cognoscitur.
2244 831 2403 890 Tales
2460 835 2629 905 igitur
2682 837 2896 891 occulte
2937 839 3005 891 ab
3056 844 3298 896 exercitu
3339 854 3424 898 se.

1838 938 1991 991 para.
2045 932 2101 977 et
2142 924 2328 994 aliquo
2383 927 2650 995 amanda,
2683 937 2744 982 ut
2777 929 2926 983 illinc
2952 941 3263 998 reportent,
3298 951 3420 1004 qua?

1837 1017 2112 1072 oblivione
2152 1017 2340 1072 relicta
2389 1029 2564 1088 sunt;
2618 1023 2719 1076 hoc
2770 1023 2860 1074 ubi
2916 1021 3131 1089 feceris,
3178 1018 3417 1094 reliquos

1839 1110 2040 1165 milites
2096 1103 2518 1177 cohortaberis,
2573 1122 2632 1167 ut
2694 1115 2803 1184 jam
2859 1115 3068 1185 ignavis
3126 1117 3416 1187 mancipiis

1838 1203 1946 1258 illis
1965 1203 2146 1272 aliquo
2169 1205 2435 1274 ablegatis
2455 1207 2528 1259 illi
2560 1217 2779 1263 strenue
2803 1198 2858 1264 sc
2884 1220 3097 1281 gerant,
3117 1219 3170 1266 et
3197 1215 3415 1281 praemia

1838 1295 2000 1365 digna
2028 1299 2375 1353 strenuitatis
2398 1315 2510 1354 suae
2533 1311 2836 1369 reportent.
2970 1368 2972 1371 ι

1913 1386 2036 1440 ltiti.
2067 1385 2404 1444 Timiditatis
2442 1390 2676 1443 militum
2708 1399 2924 1445 tuorum
2967 1404 3284 1464 argumenta
3307 1395 3413 1450 alia

1837 1478 1936 1530 tibi
1991 1483 2334 1536 monstrabo.
2393 1483 2662 1538 Universo
2699 1487 2942 1538 exercitu
2999 1495 3094 1539 tuo
3139 1504 3304 1542 unum
3357 1490 3414 1544 in

1841 1567 2019 1621 locum
2069 1579 2294 1637 coacto,
2346 1572 2392 1625 si
2439 1576 2568 1628 tuba
2609 1577 2964 1643 personueris
3027 1579 3186 1646 quasi
3234 1579 3414 1635 hostes

1843 1657 2183 1724 immineant,
2208 1662 2264 1714 in
2285 1663 2463 1716 media
2479 1665 2580 1719 hac
2601 1667 2761 1720 turba
2779 1668 2953 1723 timidi
2981 1672 3166 1725 statim
3181 1671 3411 1740 fugient,

1842 1750 2050 1804 strenui
2084 1767 2144 1806 se
2175 1752 2227 1805 in
2259 1755 2376 1808 acie
2401 1755 2692 1810 instruent.

1916 1842 2040 1896 167.
2085 1843 2142 1896 Si
2172 1859 2296 1899 cum
2344 1846 2613 1916 imperitis
2655 1851 2720 1904 ad
2754 1865 2990 1922 pugnam
3028 1853 3277 1912 hostibus
3314 1859 3411 1913 tibi

1831 1932 2109 1989 dimicatio
2153 1946 2268 2002 est,
2312 1939 2430 2009 ipse
2472 1942 2674 1996 milites
2726 1945 2934 2000 habens
2979 1949 3290 2016 exercitus,
3343 1968 3413 2006 nc

1829 2027 2014 2080 statim
2035 2029 2217 2083 subito
2242 2031 2367 2087 illos
2392 2034 2686 2098 adoriaris,
2713 2039 2804 2091 sed
2835 2040 3240 2094 observandum
3271 2051 3410 2096 tem-

1827 2131 1929 2186 pus
1955 2122 2020 2172 ad
2065 2121 2470 2191 conﬂigendum
2503 2135 2608 2190 est,
2651 2141 2814 2199 atque
2855 2131 3186 2201 delatigandi
3220 2134 3407 2190 hostes

1828 2218 1979 2274 sunt,
2014 2212 2107 2280 qui
2158 2227 2347 2282 parum
2402 2217 2467 2270 ad
2513 2219 2729 2275 labores
2767 2221 3062 2277 assuefacti
3091 2234 3268 2278 erant.
3308 2226 3400 2280 Sin

1828 2300 2111 2353 exercitati
2159 2303 2349 2358 hostes
2397 2307 2620 2373 fuerint,
2675 2309 2752 2362 tui
2803 2319 2984 2365 autem
3028 2311 3229 2366 milites
3279 2313 3405 2368 belli

1827 2391 2086 2459 imperiti,
2115 2395 2300 2450 subito
2332 2406 2386 2451 et
2427 2401 2546 2453 sine
2571 2400 2966 2456 deliberatione
3000 2404 3402 2474 conﬂigendum

1825 2494 1948 2533 cum
1986 2483 2235 2539 hostibus
2269 2493 2398 2542 est:
2449 2488 2683 2556 impetus
2727 2492 2869 2544 enim
2918 2491 3134 2547 illorum
3183 2493 3248 2546 ad
3305 2510 3404 2563 pu»

1796 2606 1798 2609 -
1825 2573 2002 2639 gnand
2013 2589 2099 2626 um
2129 2582 2383 2632 strenuos
2401 2593 2494 2633 eos
2514 2579 2723 2634 reddet.

1897 2837 2015 2891 168.
2047 2840 2240 2908 Opinio
2261 2842 2506 2910 quaedam
2552 2853 2657 2898 tuae
2684 2846 2737 2898 in
2768 2847 2952 2916 aliquo
2991 2850 3111 2904 loco
3149 2866 3402 2921 perman-

1823 2927 1996 2982 sionis
2051 2929 2300 2986 hostibus
2349 2932 2627 2998 aﬂ'eretur,
2676 2935 2724 2990 si
2767 2936 3117 2994 discessurus
3157 2942 3399 3014 decipias

1823 3020 2008 3073 hostes
2048 3022 2206 3090 quasi
2253 3038 2525 3080 maneres.
2576 3026 2817 3084 Arbores
2850 3031 3048 3096 caedes,
3100 3034 3182 3087 vel
3221 3037 3267 3089 si
3324 3037 3399 3093 ibi

1821 3113 2046 3168 arbores
2079 3129 2184 3168 non
2231 3125 2380 3181 sunt,
2423 3119 2528 3171 alia
2575 3122 2824 3188 quaedam
2874 3122 3019 3193 ligna
3074 3126 3393 3193 collocabis,

131 3219 228 3264 σας
278 3202 512 3275 ἐνδύσῃς
547 3204 686 3258 αύτά
719 3204 806 3257 διὰ
839 3206 1198 3275 σκουταρίων,
1231 3207 1307 3270 ὡς
1353 3209 1579 3279 μίμημα
1624 3211 1715 3263 άνο

1822 3202 2040 3272 illisque
2088 3214 2245 3261 scuta
2293 3209 2450 3277 quasi
2495 3212 2724 3268 armatis
2763 3214 2894 3269 viris
2939 3218 3172 3286 aptabis,
3219 3224 3304 3276 vel
3349 3226 3396 3279 si

129 3291 272 3358 δρῶν
327 3293 588 3359 ἐνόπλων,
622 3296 678 3366 ἢ,
720 3295 816 3348 ἐάν
854 3295 1092 3364 τοσαύτη
1140 3297 1282 3369 τύχῃ
1337 3299 1573 3370 ἀνάγκη,
1622 3301 1717 3354 καὶ

1821 3305 1970 3350 tanta
2003 3297 2144 3353 forte
2178 3304 2504 3367 necessitas,
2527 3305 2633 3358 alia
2666 3307 2949 3376 splendida
2973 3325 3143 3366 arma.
3175 3315 3248 3369 lta
3280 3317 3391 3382 lict,

130 3385 337 3452 ἐτέρων
385 3385 566 3438 ὅπλων
603 3385 895 3455 λαμπρῶν.
946 3386 1135 3450 Οὕτως
1163 3388 1271 3460 γάρ
1301 3391 1588 3461 κρείττονα
1618 3393 1716 3462 τῆς

1821 3395 1878 3439 ut
1926 3388 2165 3443 virorum
2232 3402 2450 3448 tuorum
2512 3397 2745 3452 salutem
2809 3401 3172 3471 antiquiorem
3229 3412 3395 3467 armis

125 3474 234 3526 τῶν
287 3474 469 3527 ὅπλων
521 3477 800 3540 ἀπωλείας
848 3477 949 3546 τὴν
1006 3477 1098 3530 τοῦ
1158 3480 1388 3551 στρατοῦ
1442 3483 1716 3553 σωτηρίαν

124 3565 482 3634 ἡγησάμενος
539 3568 626 3620 διά
682 3567 781 3637 τὴν
852 3570 1288 3637 κατεπείγουσαν
1341 3573 1470 3637 tam;
1526 3575 1715 3644 χρείαν

125 3657 430 3719 ἀκινδύνως
466 3658 868 3729 ὑποχωρήσεις.

197 3747 336 3816 ρξθ’.
363 3749 613 3802 Μάλιστα
646 3752 744 3821 μὲν
777 3753 916 3822 μετὰ
941 3753 1290 3822 δικαιοσύνης
1318 3755 1520 3820 παντὸς
1547 3755 1711 3827 ἔργου

124 3840 479 3910 ἀπάρχεσθαι
525 3843 652 3911 χρή.
703 3842 872 3897 Πλέον
923 3844 980 3897 δὲ
1019 3844 1127 3898 τῶν
1176 3845 1351 3898 ἄλλων
1404 3847 1500 3908 τὰς
1537 3848 1712 3917 ἀρχὰς

122 3935 232 4004 χρὴ
275 3932 371 3986 τοῦ
422 3934 660 4002 πολέμου
701 3935 915 3999 δικαίας
980 3931 1142 4001 εἶναι,
1205 3939 1300 3990 καὶ
1332 3939 1408 4009 μὴ
1440 3939 1601 4009 μόνον
1628 3941 1709 3993 δι-

127 4027 315 4089 καίας,
345 4025 481 4078 ἀλλά
515 4028 609 4079 καὶ
636 4029 912 4098 φρονίμως
947 4029 1286 4100 προάγεσθαι
1315 4032 1406 4081 τὸν
1446 4030 1706 4100 πόλεμον.

121 4116 235 4168 Καὶ
262 4115 374 4184 γάρ
415 4117 536 4169 τότε
585 4117 679 4169 καὶ
704 4117 836 4181 Θεὸς
864 4123 1284 4188 συναγωνιεῖται
1317 4123 1430 4182 τοῖς
1457 4122 1711 4192 στρατεύ-

128 4221 304 4273 μασιν
335 4206 570 4275 εύμενὴς
602 4207 912 4277 γινόμενος,
968 4209 1066 4261 καὶ
1111 4209 1163 4261 οί
1201 4209 1477 4279 ἄνθρωποι
1507 4210 1709 4280 προθυ-

126 4298 355 4365 μότεροι
385 4296 627 4364 γίνονται
674 4297 769 4350 τοῦ
823 4299 1036 4354 δικαίου
1094 4302 1553 4371 προασπίζοντες,
1611 4302 1706 4355 καὶ

1818 3477 2048 3546 habens,
2079 3485 2418 3553 temporibus
2447 3491 2778 3547 necessariis
2822 3495 2903 3550 sic
2929 3499 3161 3555 evadere
3189 3506 3394 3573 possis.

1887 3747 2008 3802 169.
2069 3749 2296 3806 Omnem
2344 3769 2458 3810 rem
2510 3773 2674 3828 quam
2721 3770 3054 3836 susceperis,
3103 3789 3212 3828 non
3273 3778 3392 3833 sine

1809 3835 1960 3904 justa
1995 3853 2162 3896 causa
2199 3842 2440 3912 incipere
2463 3859 2676 3916 oportet
2706 3868 2720 3905 :
2750 3857 2844 3909 sed
2886 3835 3016 3912 belli
3050 3877 3273 3920 causam
3299 3868 3392 3936 ju-

1812 3936 1953 3982 stam
2011 3945 2227 4000 semper
2278 3951 2398 3992 esse
2446 3950 2684 4009 oportet,
2719 3960 2899 4016 neque
2931 3951 3137 4018 justam
3185 3960 3387 4026 solum,

1811 4022 1906 4120 δρα
1957 4025 2118 4077 etiam
2155 4028 2448 4093 prudenter
2476 4043 2810 4102 susceptam.
2838 4038 2973 4094 Tum
3016 4032 3161 4098 enim
3199 4022 3387 4120 propis

1811 4088 1920 4168 tius
1947 4113 2086 4172 Deus
2122 4133 2317 4188 magno
2350 4124 2605 4190 praesidio
2648 4127 2702 4180 in
2729 4129 2872 4185 bello
2897 4135 3023 4201 erit,
3050 4148 3104 4191 et
3138 4088 3386 4198 hoit’niries

1811 4207 2106 4263 alacriores
2138 4220 2340 4275 erunt,
2383 4216 2476 4283 qui
2533 4217 2739 4285 justam
2788 4237 3011 4280 causam
3065 4228 3385 4302 defendunt,

1809 4313 1932 4352 cum
1973 4301 2151 4354 sciant
2187 4317 2246 4356 se
2291 4304 2506 4373 injuriae
2554 4319 2810 4367 auctores
2834 4331 2942 4370 non
2977 4333 3121 4385 esse,
3175 4326 3270 4380 sed
3309 4301 3389 4382 in.

121 4387 327 4448 εἰδότες
370 4387 446 4449 ὡς
487 4389 587 4440 οὐκ
630 4389 892 4459 ἄρχουσιν
951 4391 1184 4458 ἀδικίας,
1240 4393 1376 4446 ἀλλά
1410 4392 1705 4461 ἀμύνονται

1821 4391 1982 4445 ιιιίοε
2011 4391 2262 4449 homines
2305 4397 2517 4454 ulcisci.

123 4478 266 4530 κατά
296 4478 408 4531 τῶν
437 4478 788 4534 ἀδικούντων.

345 4569 513 4623 Ἐπάν
564 4571 622 4624 δὲ
670 4572 894 4635 δικαίως
947 4574 1293 4644 ἀπάρχεσθαι
1339 4575 1432 4628 τοῦ
1465 4524 1702 4647 πολέμου

1881 4574 2002 4628 170.
2049 4576 2105 4630 Si
2147 4577 2295 4645 juste
2351 4579 2553 4635 bellum
2613 4583 3021 4655 inceptaveris,
3076 4596 3379 4654 exercitum

123 4659 351 4731 μέλλῃς,
372 4653 416 4712 ὦ
448 4663 742 4732 στρατηγέ,
766 4665 868 4735 χρή
908 4681 967 4717 σε
996 4666 1095 4736 τὴν
1125 4667 1384 4737 στρατιάν
1420 4668 1704 4722 διασκευά-

121 4770 215 4805 σαι
248 4753 518 4823 ἀκριϐῶς,
545 4757 640 4809 καὶ
673 4758 809 4826 μετά
841 4758 1139 4826 ἀσφαλείας
1166 4760 1370 4830 ταύτην
1391 4761 1700 4829 ἐξαγαγεῖν.

133 4845 266 4898 Ἐὰν
319 4845 429 4916 γάρ
479 4848 729 4911 ἀσθενεῖς
785 4851 924 4903 εἰσιν
982 4851 1040 4903 αί
1087 4852 1382 4921 πολεμικαὶ
1435 4855 1702 4923 κινήσεις,

120 4936 253 4988 ὅταν
281 4936 342 4988 τὸ
374 4936 536 5008 βάρος
562 4937 870 4992 ἀναλάϐωσι
898 4939 993 4992 τοῦ
1039 4941 1300 5010 πολέμου,
1333 4942 1469 5010 ταχὺ
1499 4941 1706 4994 θλίϐον-

121 5045 215 5081 ται
239 5029 336 5079 καὶ
359 5027 702 5098 ὑστεροῦσιν.
729 5029 892 5085 Ὅθεν
922 5030 1112 5098 ῶσπερ
1137 5031 1337 5099 ἀγαθὸς
1362 5030 1703 5103 κυϐερνήτης

119 5120 232 5173 ἀπὸ
261 5119 482 5188 λιμένος
533 5121 841 5192 ἐξαρτήσας
889 5122 950 5175 τὸ
999 5123 1226 5191 σκάφος,
1264 5123 1359 5175 καὶ
1411 5124 1588 5176 πάντα
1635 5124 1704 5177 τά

121 5213 400 5281 ἀναγκαῖα
434 5214 564 5283 περὶ
595 5215 728 5267 αὐτὸ
757 5216 1010 5285 ποιήσας,
1034 5215 1156 5268 τότε
1181 5216 1443 5285 ἐπίτρεπε
1473 5215 1551 5286 τῷ
1582 5215 1700 5286 Θεῷ

120 5307 182 5359 τὸ
220 5306 432 5375 πάντης
468 5305 578 5377 (5|)
619 5305 920 5369 ἐκϐάσεως.

196 5401 335 5465 ροα⁹.
388 5397 573 5466 Νόμον
609 5396 797 5460 ἐπίθες
850 5397 1064 5468 σεαυτῷ
1099 5400 1235 5466 πρὸς
1267 5398 1329 5451 τὸ
1359 5398 1531 5468 πέρας
1566 5400 1701 5451 ἀπο-

122 5488 350 5541 ϐλέπειν
375 5488 476 5557 τῆς
503 5487 597 5541 τοῦ
626 5489 865 5559 πολέμου
899 5491 1186 5561 κινήσεως,
1234 5493 1328 5544 καὶ
1388 5490 1529 5544 οὓτω
1567 5490 1699 5543 ταύ-

121 5595 222 5648 της
250 5577 615 5650 ἀπάρχεσθαι.
655 5579 859 5632 Φαῦλον
910 5580 1017 5652 γὰρ
1051 5581 1144 5635 κα)⁸
1189 5581 1450 5654 σφαλερὸν
1482 5582 1694 5652 κίνησιν

1808 4675 1964 4721 tuum
2014 4681 2266 4724 accurate
2314 4673 2573 4739 instrues,
2609 4687 2664 4730 et
2698 4681 2885 4747 copias
2928 4691 3052 4738 tuas
3086 4701 3246 4756 quam
3297 4701 3382 4745 tu-

1808 4763 2018 4817 tissime
2074 4765 2278 4831 poteris
2316 4767 2540 4831 educes,
2573 4778 2627 4823 et
2669 4772 2875 4840 aliquid
2915 4775 2981 4829 de
3012 4779 3239 4834 victoria
3267 4799 3380 4839 me-

1807 4842 1914 4909 lius
1941 4870 2160 4925 sperare
2198 4859 2402 4925 poteris
2435 4880 2447 4913 :
2479 4864 2941 4936 quemadmodum
2974 4869 3306 4938 gubernatdr
3347 4893 3378 4932 a

1809 4958 1964 5016 portu
2021 4950 2239 5006 solvens
2284 4954 2468 5008 omnia
2515 4971 2637 5028 qua:
2686 4956 2829 5012 facto
2887 4975 3026 5030 Opus
3072 4975 3200 5020 sunt
3251 4982 3400 5022 eum

1807 5051 2048 5108 praestat,
2098 5046 2415 5100 universum
2471 5049 2841 5118 navigationis
2887 5068 2999 5109 suae
3028 5059 3232 5113 exitum
3265 5059 3377 5115 Deo

1807 5136 2172 5189 commendat.

2409 5299 2439 5329 ι-

1879 5393 2000 5446 171.
2038 5391 2189 5448 llanc
2239 5394 2408 5463 legem
2460 5397 2554 5450 tibi
2597 5397 2772 5465 ipsum
2823 5401 3165 5468 praescribas,
3219 5410 3278 5456 ut
3322 5405 3373 5458 in

1811 5487 1968 5541 linem
2007 5501 2186 5541 motus
2217 5490 2292 5542 tui
2325 5490 2501 5544 bellici
2529 5491 2812 5558 intuearis,
2831 5501 2994 5563 atque
3016 5495 3147 5549 adeo
3172 5495 3373 5550 bellum

1802 5582 2045 5636 inchocs.
2077 5580 2257 5652 Turpe
2285 5583 2429 5638 cnim
2465 5591 2518 5638 et
2550 5583 2868 5641 indecorum
2899 5595 2982 5642 est
3021 5586 3221 5642 bellum
3265 5588 3371 5642 ini-

1634 5694 1865 5752 ΝΟΤΕ.

342 5781 836 5858 ἓτρατιώταςηρύ
877 5788 1166 5858 παρευίού.
1233 5787 1576 5844 scribebatur
1627 5803 1639 5842 :
1673 5804 1717 5839 σ·

1821 5790 2010 5852 mina;
2043 5806 2136 5842 σου
2167 5787 2430 5858 παρευθύ.

198 5852 312 5922 (5|)
343 5852 604 5918 Πάντης.
641 5853 851 5918 Scribe,
888 5858 996 5907 πᾶν
1027 5857 1144 5925 τῆς,

440 5948 715 6009 PATROL.
748 5950 861 6009 Gn.
898 5949 1086 6010 Ci’ll.

2942 5953 3016 6010 34
