4200 6438
783 412 920 476 1059
1010 464 1013 465 ν

2044 411 2239 473 LEON
2255 412 2320 471 IS
2360 412 2459 471 ΡΗ
2472 412 2485 470 Ι
2498 410 2819 474 LOSOPHI

3918 413 4049 479 1060

779 528 856 579 tio
907 539 1146 587 movere,
1199 522 1398 575 deinde
1432 536 1655 576 rursum
1696 522 1919 576 domum
1967 523 2269 576 exercitum
2308 536 2367 575 re

2478 520 2574 591 μὲν
2605 522 2936 593 ποιήσασθαι
2991 523 3254 595 πολέμου,
3286 521 3442 588 αὖθις
3471 524 3527 577 δὲ
3562 526 3972 597 ἐπιστραφῆναι
3996 530 4053 583 τό

780 620 981 676 infecta
1014 618 1194 673 statim
1228 615 1489 670 reducere
1518 634 1531 669 :
1560 615 1942 684 unusquisque
1967 614 2115 668 enim
2142 614 2365 667 temeri-

779 722 945 767 tatem
976 720 1122 764 tuam
1155 708 1429 774 irridebit,
1469 709 1655 763 hostes
1683 716 1863 760 autem
1898 706 2364 762 inconsideratam

781 805 1183 873 simplicitatem
1219 811 1369 859 tuznn
1417 810 1789 865 contemnant,
1828 817 1935 856 non
1967 803 2127 872 quasi
2171 800 2365 865 nolles,

780 894 872 950 sed
905 893 1060 961 quasi
1098 910 1206 947 non
1250 906 1442 964 posses
1479 904 1607 944 cum
1638 891 1841 946 decoro
1870 900 1924 947 et
1952 888 2242 961 prudentia
2281 904 2368 946 res

780 996 914 1042 tuas
944 997 1198 1040 tractare.

851 1078 977 1131 172.
1029 1078 1262 1142 Quando
1300 1076 1484 1146 copias
1522 1085 1644 1130 tuas
1678 1074 1744 1129 ad
1801 1074 2005 1129 bellum
2068 1075 2370 1131 educturus

778 1188 861 1237 es,
894 1180 1114 1240 oportet
1137 1171 1337 1224 liberas
1368 1177 1421 1222 et
1450 1172 1663 1223 solutas
1690 1182 1719 1220 a
1750 1176 1977 1236 peccato
2008 1183 2153 1233 esse,
2187 1176 2238 1221 et
2282 1169 2367 1237 pia

774 1267 1035 1335 jnstaqne
1063 1272 1239 1318 Illetrlc
1271 1262 1439 1317 licunt
1467 1263 1673 1326 colere,
1705 1270 1871 1332 atque
1892 1260 2029 1316 adeo
2058 1262 2125 1314 ad
2165 1262 2366 1315 brlluin

781 1362 1098 1427 procedere.

856 1541 982 1596 175.
1038 1539 1173 1595 Cum
1220 1539 1369 1593 omni
1428 1538 1564 1592 aciei
1603 1545 1892 1605 apparatu,
1922 1536 2136 1598 ordine,
2178 1534 2368 1590 bellica

783 1632 1035 1694 scientia,
1073 1634 1175 1684 iter
1201 1628 1367 1683 faciat
1396 1629 1677 1683 exercitus
1704 1637 1851 1695 tuus,
1884 1642 2201 1699 quanquam
2234 1642 2369 1682 non-

782 1723 912 1776 dum
970 1737 1093 1776 cum
1145 1722 1397 1776 hostibus
1434 1720 1835 1787 conﬂicturns,
1884 1723 1979 1777 sed
2036 1723 2215 1776 solum
2269 1721 2372 1775 iter

784 1818 1159 1887 ingressurus,
1197 1824 1251 1867 et
1300 1814 1597 1868 niultorutn
1647 1815 1861 1868 dierum
1906 1814 2045 1866 viam
2083 1813 2369 1867 confectu-

2478 614 2819 685 στράτευμα·
2843 616 3071 679 ἕκαστος
3106 616 3205 683 μὲν
3234 613 3344 684 γάρ
3376 616 3816 684 καταγελάσεταί
3843 636 3939 671 σου
3960 621 4053 689 τῆς

2475 703 2826 770 προπετείας,
2872 704 2920 756 οἱ
2967 702 3024 756 δὲ
3077 701 3267 773 ἐχθροὶ
3313 707 3795 776 καταφρονήσουσι
3835 724 3931 760 σου
3959 711 4055 779 τῆς

2475 792 2799 860 ἀσφαλείας,
2831 795 2906 858 ὡς
2935 796 3056 865 οὐχὶ
3106 796 3182 865 μὴ
3224 794 3550 866 βουλομένου
3580 799 3696 852 ἀλλ’
3732 802 3797 852 οὐ
3828 800 4052 871 δυναμέο

2478 902 2567 939 νου
2593 884 2816 951 δικαίως
2840 887 2935 942 καὶ
2984 888 3305 959 πρεπόντως
3332 888 3596 945 διαθεῖναι
3624 892 3693 946 τά
3729 893 4055 965 πράγματα.

2569 1072 2700 1146 ροβ’.
2750 1074 2945 1129 Ἠνίκα
2996 1076 3054 1129 δὲ
3106 1076 3206 1141 τὰς
3251 1077 3508 1149 δυνάμεις
3561 1078 3784 1148 ἐξάγειν
3847 1080 4059 1151 μέλλεις

2477 1167 2616 1237 πρδς
2658 1165 2917 1237 πόλεμον,
2945 1166 3029 1221 δεῖ
3059 1168 3156 1240 μὲν
3187 1170 3435 1240 καθαρὰς
3463 1172 3635 1236 αὑτὰς
3663 1172 4061 1244 ἑξαμαρτημά·

2475 1276 2585 1310 των
2631 1252 2791 1319 εἶναι,
2825 1260 3139 1329 φροντίσεις
3169 1260 3280 1333 (52)
3314 1261 3371 1315 δὲ
3402 1262 3490 1316 διά
3538 1263 3647 1317 τῶν
3693 1265 3893 1334 ἱερέων
3930 1266 4064 1317 καθ-

2477 1349 2701 1416 αγνίσαι
2733 1350 2903 1413 αὐτὰς
2938 1351 3005 1405 δι’
3036 1352 3307 1421 εὐλογίας.
3339 1353 3433 1408 καὶ
3459 1354 3631 1419 οὕτως
3660 1354 3802 1426 μετά
3830 1354 4061 1421 θάρσους

2477 1441 2568 1493 ἐπὶ
2602 1441 2701 1509 τῆς
2736 1443 2915 1513 μάχης
2938 1443 3289 1514 ἀποκινῆσαι.

2552 1532 2685 1601 ρογ’.
2720 1536 2825 1588 Σὺν
2843 1534 2992 1604 πάσῃ
3027 1534 3082 1587 δὲ
3117 1535 3268 1602 τάξει
3291 1536 3385 1590 καὶ
3414 1536 3682 1608 εὐκοσμίᾳ
3708 1539 3805 1592 καὶ
3828 1541 3897 1609 τῇ
3925 1537 4063 1592 κατά

2475 1624 2712 1696 πόλεμον
2752 1628 3019 1698 ἐμπειρίᾳ
3074 1626 3156 1680 δεῖ
3177 1630 3302 1680 ’τὸν
3354 1631 3553 1699 σρατὸν
3597 1631 3926 1700 ὁδοιπορεῖν,
3958 1631 4063 1684 κάν

2481 1721 2647 1789 μήπω
2694 1720 2866 1791 μέλλῃ
2904 1719 3226 1791 συμϐαλεῖν,
3256 1721 3392 1775 ἀλλά
3424 1723 3515 1776 διὰ
3550 1725 3768 1794 μακρᾶς
3807 1724 3935 1777 ὀδοῦ
3966 1740 4061 1777 πο-

2480 1811 2772 1882 ρεύεσθαι,
2822 1812 2927 1865 κᾶν
2980 1813 3194 1866 πολλῶν
3232 1813 3458 1884 ἡμερῶν
3500 1814 3687 1867 ἀνύειν
3723 1814 3904 1886 μέλλῃ
3950 1814 4065 1866 w~

783 1928 879 1969 rus
907 1925 989 1975 cs,
1045 1911 1162 1963 sive
1194 1910 1247 1961 in
1280 1918 1393 1971 tua,
1445 1907 1557 1960 sive
1608 1906 1661 1960 in
1711 1905 1897 1960 hostili
1930 1912 2077 1961 terra
2126 1905 2297 1960 fueris
2353 1926 2366 1960 :

2478 1907 2574 1957 καὶ
2617 1908 2675 1959 ὲν
2706 1908 2772 1977 τῇ
2809 1905 2914 1977 ἰδίᾳ
2946 1903 3100 1976 χώρᾳ
3128 1906 3222 1958 καὶ
3252 1907 3309 1958 ὲν
3336 1908 3404 1977 τῇ
3450 1906 3707 1977 πολεμίᾳ..
3739 1885 3933 1971 οὕτως
3959 1909 4065 1977 γάρ

784 2007 857 2057 ita
896 2004 1039 2057 enim
1074 1998 1329 2055 assueliet
1359 1999 1639 2053 exercitus
1662 2000 1717 2051 in
1744 1999 1864 2054 acie
1900 2013 2145 2062 manere,
2179 2006 2234 2054 et
2287 1998 2369 2051 lo-

781 2111 905 2151 cum
944 2109 1107 2150 snum
1151 2106 1506 2157 conservare,
1535 2100 1590 2145 et
1621 2092 1909 2161 praefectos
1934 2106 2066 2147 suos
2101 2090 2284 2160 sequi,
2319 2098 2374 2145 et

782 2185 848 2240 ad
880 2200 1074 2240 omnes
1110 2198 1211 2238 nec
1246 2182 1509 2252 Opinatas
1556 2182 1904 2238 incursiones
1945 2182 2187 2238 hostium
2218 2196 2374 2253 para-

782 2285 871 2332 tus
898 2290 1050 2331 esse.
2324 2286 2331 2291 ’

855 2454 978 2508 174.
1025 2452 1223 2509 Tutius
1263 2455 1365 2507 iter
1398 2452 1560 2507 faciet
1598 2453 1879 2507 exercitus
1914 2459 2064 2516 tuus,
2092 2454 2143 2508 si
2184 2454 2371 2523 paucis

782 2544 1113 2614 quibusdam
1138 2544 1437 2614 praemissis
1471 2544 1570 2598 vite
1590 2545 1966 2613 explorentur,
1995 2552 2089 2597 aut
2124 2559 2219 2613 per
2250 2559 2371 2610 eos,

783 2651 923 2706 quos
948 2634 1179 2689 Romani
1212 2645 1626 2690 mensuratorcs
1653 2642 1706 2689 et
1739 2634 2118 2692 anticensores
2154 2643 2368 2700 vocant,

785 2728 1142 2801 indagentur.

858 2908 982 2964 175.
1023 2906 1084 2964 Si
1114 2918 1417 2963 exercitum
1447 2915 1598 2962 tuum
1628 2907 1693 2961 ad
1734 2907 1978 2964 laborem
2012 2907 2372 2972 assuefacias,

786 3010 1009 3072 paratos
1057 3012 1109 3055 ct
1156 3001 1479 3055 obedientes
1508 3015 1605 3054 eos
1636 3000 1736 3054 tibi
1782 3016 2000 3069 semper
2031 3001 2281 3065 habebis,
2319 3007 2376 3055 et

788 3097 962 3151 aciem
1000 3104 1309 3158 servantes,
1334 3102 1390 3148 et
1416 3108 1648 3162 corpore
1672 3093 1953 3149 robustos.
2012 3093 2194 3149 Otium
2224 3093 2371 3148 enim

791 3183 1049 3255 languida
1080 3193 1134 3239 et
1188 3186 1403 3237 infirma
1444 3183 1575 3239 facit
1607 3197 1863 3252 corpora,
1910 3184 2134 3239 timidas
2164 3183 2370 3239 eﬂcmi-
2402 3225 2444 3282 Ο

798 3290 1070 3345 natasque
1106 3282 1319 3329 mentes
1376 3274 1553 3328 reddit
1592 3290 1606 3326 :
1639 3275 1962 3327 exercitatio
2008 3282 2190 3329 autem
2222 3286 2274 3328 et
2305 3275 2377 3328 la-

790 3370 973 3430 bores,
1004 3381 1238 3437 corpora
1268 3375 1493 3420 strenua
1535 3380 1601 3420 ac
1638 3364 1889 3430 robusta,
1941 3372 2151 3419 mentes
2188 3364 2376 3419 viriles

789 3471 953 3531 atque
1009 3460 1219 3514 alacres
1252 3457 1405 3513 facit.
1438 3456 1582 3513 Ante
1624 3465 1843 3526 tempus
1879 3456 2047 3525 igitur
2094 3457 2280 3510 omnia
2308 3456 2375 3512 ad

792 3568 880 3607 n-s
933 3552 1172 3623 agendas
1239 3550 1435 3605 idonea
1487 3558 1882 3621 praeparentur,
1940 3559 1998 3602 ut
2047 3549 2376 3604 necessariis

790 3644 1134 3714 temporibus
1186 3644 1373 3696 omnia
1432 3642 1486 3695 in
1545 3650 1804 3712 promptu
1846 3642 1979 3696 sint.

861 3735 986 3789 176.
1018 3736 1271 3790 Audaces
1292 3750 1438 3803 saepe
1460 3734 1662 3789 milites
1690 3735 1924 3802 periisse
1944 3734 2219 3799 novimus,
2247 3734 2374 3803 quia

793 3828 1065 3894 praefectis
1106 3825 1224 3881 suis
1278 3826 1462 3880 minus
1494 3825 1815 3879 obedientes
1856 3824 2085 3879 fuerint.
2120 3828 2300 3892 Quare
2329 3826 2376 3881 si

791 3921 884 3990 qni
934 3920 1137 3974 milites
1175 3920 1295 3973 sine
1345 3926 1440 3972 tuo
1469 3925 1565 3971 aut
1594 3918 1975 3987 praefectorum
2007 3933 2235 3973 suorum
2269 3921 2375 3973 im-

794 4013 949 4081 perio
996 4013 1091 4080 vel.
1126 4010 1193 4064 ad
1246 4010 1605 4081 praedandum
1656 4018 1881 4076 exeunt,
1937 4009 2021 4063 vel
2078 4010 2144 4064 ad
2199 4010 2376 4065 aciem

794 4120 951 4159 suam
997 4103 1052 4157 in
1081 4117 1190 4173 qua
1222 4108 1349 4156 sunt
1382 4100 1690 4170 transgredi
1737 4100 1963 4165 audent,
1995 4100 2183 4170 ﬂagris
2220 4116 2377 4155 coer-

793 4202 1046 4257 ceantur,
1083 4201 1137 4248 et
1188 4193 1492 4262 puniantur
1526 4195 1625 4249 abs
1671 4202 1744 4259 te,
1779 4194 1942 4264 quasi
1990 4208 2103 4249 sua:
2129 4194 2374 4264 ipsorum

794 4286 967 4340 cladis
1019 4293 1274 4338 aut-tores
1313 4299 1437 4339 esse
1484 4287 1700 4341 vellent.

870 4378 994 4431 177.
1028 4375 1281 4430 Prudens
1332 4378 1379 4430 is
1420 4378 1719 4448 imperator
1763 4388 1847 4433 est
1895 4381 1988 4449 qui
2031 4382 2213 4435 omnia
2245 4397 2377 4437 con-

796 4471 917 4524 silia
972 4470 1225 4538 factaque
1257 4470 1609 4540 imperatoria
1660 4486 1781 4540 quin
1820 4471 2004 4527 hostes
2051 4474 2373 4542 moliuntur,

796 4562 1059 4617 declinat.
1119 4560 1245 4616 Huic
1293 4572 1593 4631 cegnoscet
1625 4577 1692 4616 ex
1753 4562 1822 4618 iis
1858 4578 1980 4632 quae
2030 4563 2148 4634 ipse
2182 4565 2374 4620 adver-
2409 4561 2455 4616 D

799 4671 896 4710 sus
951 4656 1139 4710 hostes
1191 4654 1376 4709 facere
1414 4657 1639 4725 cogitat,
1674 4655 1789 4709 haec
1836 4656 2379 4728 pr0vidcatdiligen-

799 4759 900 4812 ter,
950 4762 1019 4802 ne
1078 4746 1149 4800 ab
1201 4746 1454 4799 hostibus
1504 4746 1770 4814 patiatur.
1821 4746 2185 4816 bxperientiae
2231 4750 2378 4804 enim

798 4841 1141 4910 singulorum
1214 4836 1478 4892 adversus
1544 4837 1684 4891 alios
1753 4823 2069 4905 intentata,
2142 4840 2378 4894 aliorum

802 4930 1086 4983 hominum
1132 4928 1348 4997 ingenia
1410 4926 1480 4980 ad
1529 4928 1807 4981 contraria
1857 4928 1964 4983 illis
2018 4932 2378 5000 excogitanda

800 5021 1060 5075 incitant.

871 5110 1062 5167 £78.5i
1084 5109 1213 5181 quid
1232 5111 1371 5165 clam
1397 5112 1580 5167 hostes
1613 5112 1792 5168 facere
1813 5115 2073 5180 volueris,
2097 5117 2178 5171 vel
2204 5126 2384 5173 castra

800 5222 1041 5273 movere,
1092 5207 1176 5261 vel
1207 5207 1409 5275 aliquid
1441 5206 1586 5259 aliud
1617 5221 1815 5275 genere
1838 5249 1851 5274 ,
1905 5209 2039 5262 nulli
2074 5208 2175 5263 hoc
2205 5211 2386 5267 consi-

805 5302 935 5355 lium
986 5301 1091 5355 nisi
1140 5300 1231 5353 uni
1278 5300 1440 5355 alicui
1499 5316 1563 5355 ex
1610 5300 1880 5369 praefectis
1915 5303 2111 5359 credas
2140 5322 2151 5358 :
2182 5305 2384 5361 talibus

802 5394 949 5449 enim
987 5392 1322 5461 temporibus
1358 5393 1610 5462 permulti
1655 5401 1805 5456 sunt,
1857 5395 1948 5463 qui
1989 5398 2377 5453 remunerandi

801 5486 1100 5558 etipiditate
1145 5486 1372 5540 consilia
1408 5494 1500 5539 tua
1533 5486 1781 5542 hostibus
1812 5489 2081 5556 prodituri
2107 5505 2253 5550 sunt.

2474 1995 2823 2066 ἑθισθήσεται
2878 1998 2949 2050 τὰ
3008 1997 3396 2069 στρατεύματα
3437 1999 3620 2069 μένειν
3654 1998 3715 2051 ἐν
3756 2000 3939 2067 τάξει,
3978 2006 4066 2053 καὶ

2475 2090 2883 2159 συμφυλάττειν
2914 2089 2983 2143 τὰ
3012 2091 3120 2145 ἴδια
3162 2091 3422 2159 τάγματα
3450 2092 3584 2162 (53),
3626 2093 3721 2144 καὶ
3745 2091 4067 2145 ἀκολουθεῖν

2472 2186 2587 2246 τοῖς
2627 2182 2886 2253 ἄρχουσιν
2914 2182 3119 2249 αὐτῶν,
3157 2182 3295 2236 ἀλλὰ
3345 2182 3441 2235 καὶ
3475 2186 3615 2253 πρὸς
3646 2184 3747 2247 τὰς
3801 2184 4066 2253 ἐξαίφνης

2474 2274 2772 2343 γινομένας
2802 2272 3097 2338 ἐπιϐουλάς
3124 2275 3183 2328 ἐν
3229 2276 3299 2343 τῇ
3361 2274 3598 2345 πολεμίᾳ
3653 2275 3730 2345 μὴ
3784 2274 3847 2329 ὲν
3884 2276 4067 2346 ἀθρόῳ

2473 2365 2652 2435 καιρῷ
2684 2366 3055 2436 θορυϐεῖσθαι.

2549 2459 2673 2529 ροδ¹.
2724 2460 3158 2532 Ἀσφαλέστερον
3187 2461 3243 2515 δὲ
3287 2461 3347 2515 τὸ
3380 2463 3698 2533 στράτευμα
3739 2463 4066 2534 διαϐήσεται

2474 2553 2574 2616 τὰς
2615 2554 2985 2624 προκειμένας
3027 2555 3182 2618 ὁδους
3202 2595 3217 2621 ,
3272 2554 3365 2608 ἐὰν
3394 2554 3481 2608 διά
3507 2571 3672 2607 τινων
3698 2556 3899 2622 ὀλίγων
3930 2572 4069 2625 προ·

2474 2645 2802 2709 ἀποστείλας
2853 2647 3082 2717 ἐρευνᾷς
3112 2648 3213 2709 τὰς
3252 2646 3561 2716 ἔμπροσθεν
3602 2647 3849 2718 τρίϐους,
3899 2648 4068 2717 ἦγουν

2473 2735 2564 2789 διὰ
2586 2737 2693 2789 τῶν
2719 2737 3072 2808 καλουμένων
3095 2740 3161 2809 τῇ
3190 2738 3437 2809 Ῥωμαία
3461 2738 3684 2809 γλώσσῃ
3712 2738 4071 2809 μινσωρατώ-

2478 2848 2588 2901 ρων
2618 2830 2714 2883 καὶ
2741 2830 3175 2900 ἀντικινσὼρων.

2550 2929 2675 2993 ροε’.
2730 2922 2857 2974 Ἐὰν
2903 2924 3193 2994 γυμνάσῃς
3233 2922 3554 2993 στράτευμα
3600 2922 3873 2993 συνεχῶς,
3925 2922 4071 2988 ἔξεις

2477 3015 2674 3077 αὐτοὺς
2725 3013 2861 3082 πρὸς
2908 3016 3038 3076 τοὺς
3082 3016 3277 3076 πόνους
3319 3013 3573 3084 ἑτοίμους
3601 3056 3612 3077 ,
3664 3017 3759 3068 καὶ
3786 3014 3887 3085 τὴν
3918 3015 4071 3078 τάξιν

2477 3106 2847 3177 φυλάττοντας
2867 3146 2883 3172 ,
2935 3108 3030 3160 καὶ
3078 3105 3394 3176 ρωμαλέους
3424 3104 3484 3159 τὸ
3510 3106 3690 3176 σῶμα.
3729 3106 3793 3160 Ἦ
3831 3108 3935 3175 μὲν
3962 3108 4071 3175 γάρ

2477 3198 2808 3268 ἀνάνδρους,
2864 3198 2958 3251 καὶ
3002 3197 3186 3260 δειλὰς
3231 3198 3333 3259 τὰς
3372 3194 3588 3267 ψυχάς·
3629 3199 3663 3267 ὴ
3695 3196 3753 3251 δὲ
3787 3199 4072 3266 γυμνασία

2479 3290 2573 3343 καὶ
2616 3290 2664 3342 οἱ
2703 3290 2855 3343 πόνοι
2908 3289 3005 3343 καὶ
3046 3290 3117 3343 τά
3161 3289 3389 3359 σώματα
3428 3288 3679 3361 εύρωστα
3702 3290 3817 3361 (54)
3851 3292 3949 3343 καὶ
3974 3292 4071 3353 τάς

2477 3383 2656 3455 ψυχάς
2704 3384 2958 3455 ἀνδρείας
3006 3384 3529 3448 κατασκευάζουσιν.
3565 3384 3773 3455 Χρεών
3828 3402 3889 3439 σε
3944 3384 4069 3449 οὖν,

2478 3470 2523 3527 ὦ
2552 3476 2828 3547 στρατηγέ
2854 3516 2868 3540 ,
2918 3477 3026 3548 πρὸ
3060 3476 3254 3548 καιροῦ
3288 3476 3454 3541 ὀξέως
3486 3476 3580 3529 τοῦ
3609 3478 3804 3548 καιροῦ
3836 3479 4071 3548 μελετᾷν

2480 3568 2734 3640 ἁρμόδια,
2770 3570 2865 3622 καὶ
2892 3568 2963 3621 τά
2987 3570 3235 3640 χρήσιμα
3262 3569 3385 3622 τότε
3415 3568 3724 3634 σκευάζειν,
3749 3570 3839 3623 ὅτε
3861 3570 3925 3623 ού
3950 3587 4074 3622 κατ-

2478 3659 2690 3727 επείγει
2719 3658 2820 3728 τῆς
2846 3660 3207 3730 παρατάξεως
3238 3661 3272 3731 ἡ
3303 3660 3541 3731 ἀνάγκη.

2554 3750 2695 3824 ρος’.
2731 3753 2918 3822 Ἰσμεν
2949 3752 3209 3816 πολλάκις
3234 3754 3359 3815 τοὺς
3384 3752 3755 3824 θρασυτέρους
3778 3754 3890 3807 τῶν
3915 3772 4074 3824 στρα-

2479 3842 2690 3897 τιωτῶν
2742 3844 2806 3895 ὲκ
2854 3842 2947 3895 τοῦ
2999 3843 3073 3913 μὴ
3120 3842 3404 3895 πείθεσθαι
3446 3844 3555 3906 τοῖς
3601 3845 3864 3913 ἄρχουσιν
3904 3846 4073 3898 ἀπολ-

2480 3933 2767 4004 λυμένους.
2822 3933 2915 3985 Διὸ
2963 3933 3091 3995 τοὺς
3134 3932 3492 4002 βουλομένους
3531 3933 3624 3986 τοῦ
3659 3934 3901 4002 στρατοῦ
3944 3937 4071 3989 ἀνευ

2477 4026 2579 4096 τῆς
2608 4026 2706 4095 σῆς
2735 4026 2768 4097 ἢ
2799 4025 2892 4078 τοῦ
2919 4026 3180 4095 ἄρχοντος
3210 4024 3393 4079 αὐτῶν
3422 4024 3643 4094 ἐντολῆς
3674 4026 3707 4094 ἦ
3734 4026 3876 4096 πρὸς
3906 4031 4070 4097 πραί-

2478 4118 2573 4170 δαν
2608 4118 2859 4179 ἀπιέναι,
2897 4116 2930 4187 ἥ
2962 4117 3060 4186 τῆς
3091 4118 3453 4187 παρατάξεως
3481 4118 3951 4187 παρεξέρχεσθαι,
3981 4122 4073 4173 κό-

2478 4210 2609 4274 λαζε
2640 4210 2861 4273 τούτους
2892 4210 2980 4263 διὰ
3013 4208 3314 4281 μαστίγων,
3340 4211 3433 4263 καὶ
3455 4211 3773 4281 ἀναχαίτιζε
3808 4213 3910 4283 τῆς
3941 4214 4072 4267 ἀταο

2479 4302 2618 4369 ξίας,
2653 4301 2729 4367 ὡς
2757 4303 2957 4365 αἰτίους
2984 4302 3084 4372 τῆς
3113 4302 3323 4356 ἑαυτῶν
3352 4303 3647 4367 ἀπωλείας.

2551 4398 2685 4467 ροζπ
2746 4395 2918 4463 Σοφὸς
2966 4394 3118 4449 ἔσται
3166 4395 3469 4467 στρατηγὸς
3506 4398 3924 4467 φυλαττόμενος
3970 4399 4076 4451 ἀπὸ

2480 4484 2700 4538 πάντων
2727 4485 2838 4537 τῶν
2872 4484 3175 4555 μελλόντων
3210 4485 3361 4555 παρά
3384 4485 3492 4539 τῶν
3517 4486 3799 4554 πολεμίων
3820 4486 4073 4555 γίνεσθαι

2481 4579 2976 4648 στρατηγημάτων.
3009 4576 3285 4631 Γνὼσεται
3313 4577 3370 4632 δὲ
3400 4577 3571 4631 ταῦτα
3601 4579 3661 4642 ἑξ
3679 4572 3756 4631 ὦν
3788 4581 3887 4632 καὶ
3910 4578 4075 4656 αὐτὸς

2479 4674 2953 4742 καταστρατηγεῖν
2983 4672 3109 4735 τοὺς
3136 4671 3366 4741 ἐχθροὺς
3397 4670 3619 4741 μελετᾷο
3655 4665 3737 4733 οἷς
3765 4672 3880 4742 γὰρ
3910 4673 4073 4735 αὐτὸς

2479 4763 2739 4830 γινώσκει
2784 4762 2837 4816 τί
2866 4764 2985 4816 δέον
3016 4763 3158 4816 κατά
3181 4763 3293 4816 τῶν
3321 4762 3594 4832 πολεμίων
3623 4765 3823 4828 ποιεῖν,
3858 4764 4075 4825 τούτοις

2479 4855 2751 4925 γνώσεται
2788 4857 2882 4908 καὶ
2911 4861 2964 4908 τί
2992 4855 3098 4927 χρὴ
3130 4854 3279 4926 παρά
3305 4854 3415 4907 τῶν
3442 4854 3716 4923 πολεμίων
3748 4855 3827 4925 μὴ
3852 4856 4071 4908 παθεῖν.

2478 4949 2544 5001 Ai
2569 4948 2678 5019 γὰρ
2713 4949 2841 5003 ἴδιαι
2873 4948 3007 5019 πρὸς
3036 4949 3096 5001 τὸ
3126 4948 3313 5001 λυπεῖν
3335 4948 3528 5012 ἄλλους
3547 4949 3835 5017 ἐμπειρίαι
3858 4949 3960 5002 καὶ
3977 4952 4074 5013 τὰς

2483 5039 2592 5092 τῶν
2643 5039 2900 5093 ἐναντίων
2956 5036 3199 5101 ἐπινοίας
3251 5037 3373 5091 καθ’
3399 5038 3605 5091 ἑαυτῶν
3652 5041 4070 5110 τεκμαίρονται.

2558 5138 2691 5203 porr.
2742 5132 2868 5185 Ἐάν
2910 5148 3040 5183 ποτε
3080 5129 3266 5184 λαθεῖν
3296 5131 3423 5194 τοὺς
3453 5131 3747 5201 πολεμίους
3775 5132 4072 5205 βουληθῇς,

2486 5226 2596 5279 εἴτε
2641 5225 2852 5295 κίνημα
2890 5224 2998 5277 ἀπὸ
3031 5223 3319 5287 ἁπλίκτου,
3356 5225 3467 5277 εἴτε
3501 5224 3667 5295 ἄλλην
3691 5226 3820 5277 τινά
3847 5229 4073 5297 πρᾶξιν,

2490 5318 2679 5389 μηδενὶ
2720 5317 2911 5389 θάρρει
2946 5317 3119 5387 ἑτέρῳ
3163 5315 3302 5386 πλὴν
3346 5317 3428 5370 ἑνί
3467 5334 3576 5369 τινι
3615 5316 3728 5369 τῶν
3769 5318 4071 5389 ἀρχόντων.

2487 5412 2553 5465 Εἰ
2585 5413 2694 5482 γὰρ
2744 5413 2823 5473 εἰς
2862 5409 3087 5473 πολλοὺς
3116 5409 3407 5480 διαδραμεῖ
3430 5407 3492 5462 τὸ
3518 5407 3821 5478 βούλευμα,
3857 5410 4074 5472 πάντως

2489 5508 2597 5562 ἀπὸ
2663 5505 2772 5559 τῶν
2825 5505 3101 5575 ἀρχόντων
3148 5505 3258 5566 τοῖς
3303 5503 3637 5574 ὑποχειρίοις
3687 5503 4072 5573 παραδίδοται.

2294 5618 2523 5682 ΝΟΤιΕ.

877 5696 989 5776 (52)
1029 5696 1566 5776 ἰξξαμαρτημάτωκ
1612 5696 1795 5765 εἶναι,
1824 5708 2185 5776 sapam/(rem.
2224 5712 2371 5771 Scri.

808 5769 1126 5844 beha_tttt'_é_E
1159 5770 1493 5844 άμαρτῄτων
1516 5774 1561 5844 εἰ
1587 5775 1679 5823 καὶ
1714 5769 2161 5844 φροντίσειςωιιεξ

875 5838 989 5909 (55)
1024 5837 1308 5907 Tag-puta.
1347 5837 1981 5914 Scribebaturﬂa’tpata.

2562 5723 2617 5794 (ὃ
2630 5724 2674 5792 1)
2704 5720 2823 5794 Καί
2854 5720 2927 5794 τλᾲ
2948 5720 3192 5791 σώματα
3225 5722 3519 5790 εῦρωστα.
3545 5718 3951 5790 Scribebatur,
3983 5721 4074 5776 καὶ

2490 5791 2720 5865 σώματα
2771 5792 2839 5846 τά
2873 5791 3041 5863 εὕρ...
