4200 6438
167 423 304 484 1001

160 625 456 692 λευμάτων
488 627 600 688 τοῖς
625 625 928 695 πολεμίοις.

242 716 374 783 pol)’.
419 714 640 770 Βέϐαιον
686 717 784 786 μὲν
831 716 983 770 οὐδέν
1032 735 1122 787 μοι
1162 717 1311 770 δοκεῖ
1349 718 1458 771 τῶν
1490 719 1740 790 ὀνείρων·
1773 717 1822 774 Α

161 807 498 860 πλάττεσθαι
540 809 596 862 δὲ
647 810 740 861 καὶ
787 809 994 862 πείθειν
1040 811 1165 873 τοὺς
1208 813 1571 881 στρατιώτας,
1607 812 1746 865 ὥστε

160 902 455 953 πιστεύειν
479 903 606 959 τοὺς
632 902 755 964 σοὺς
780 902 1022 971 ὀνείρους
1045 905 1200 973 νίκην
1223 904 1746 973 ἐπαγγελλομένους,

161 993 222 1042 ἐν
259 993 435 1062 καιρῷ
463 993 698 1067 μάλιστα
728 994 964 1062 πολέμου
993 995 1262 1064 χρήσιμόν
1289 996 1436 1048 ἐστιν
1466 997 1556 1048 καὶ
1583 997 1747 1061 ἀναγο

161 1085 345 1136 καῖον.
405 1083 665 1147 Δόξαντες
716 1085 824 1155 γάρ
872 1084 945 1147 ὡς
998 1086 1105 1138 ἀπὸ
1146 1085 1283 1140 Θεοῦ
1335 1088 1605 1157 χρήσιμον
1657 1087 1747 1139 τὸν

161 1173 320 1241 παρά
370 1171 463 1224 σοῦ
506 1173 887 1242 ἀφηγούμενον
922 1174 1149 1244 ὄνειρον,
1189 1173 1501 1244 θαρσαλέως
1532 1173 1624 1226 καὶ
1653 1173 1748 1225 ἀν-

162 1267 518 1336 επιστρόφως
552 1266 695 1319 κατά
729 1267 836 1318 τῶν
866 1265 1141 1334 πολεμίων
1173 1267 1615 1336 ἐπιχειρήσουσι,
1653 1263 1748 1317 καὶ

159 1360 232 1426 τῇ
267 1357 549 1426 προθυμία
582 1356 681 1424 τὴν
711 1358 962 1428 ἀνδρείαν
995 1356 1464 1409 διπλασιάσουσιν.

241 1451 355 1520 ρκ’.
425 1451 830 1521 Ἀπειροκάλως
890 1449 1274 1502 ἐπακολουθεῖν
1321 1453 1439 1512 ταῖς
1490 1449 1596 1501 τῶν
1646 1466 1747 1501 πο-

160 1543 377 1610 λεμίων
422 1543 807 1611 ὑποχωρήσεσι
843 1541 1110 1611 σφαλερὸν
1145 1541 1384 1610 ἡγοῦμαι
1418 1542 1509 1592 καὶ
1545 1539 1747 1608 βλάϐης

160 1636 340 1686 αἴτιον
393 1633 670 1695 πολλάκις.
715 1631 1058 1700 Ἐξεπίτηδες
1098 1632 1205 1700 γὰρ
1255 1631 1413 1684 τοῦτο
1448 1632 1745 1692 ποιοῦντες,

163 1727 340 1778 ἐνίοτε
371 1726 437 1777 δι’
467 1725 892 1795 ἐγκρυμμάτων,
926 1724 957 1792 ἢ
990 1724 1056 1775 δι’
1084 1724 1453 1793 ὑποστροφῆς,
1474 1724 1565 1775 καὶ
1590 1725 1746 1776 ἀσυν-

162 1818 389 1879 τάκτοις
437 1817 531 1869 καὶ
569 1815 1042 1884 διεσκεδασμένοις
1081 1814 1446 1884 ἐμπίπτοντες
1483 1815 1594 1874 τοῖς
1622 1811 1747 1864 διώ·

164 1927 327 1962 κουσι
381 1909 626 1978 μεγάλας
668 1909 956 1978 ποιήσουσι
989 1908 1086 1968 τὰς
1121 1907 1344 1976 βλάϐας.
1377 1908 1541 1959 Ὀταν
1572 1906 1746 1957 τοίνυν

1262 431 1596 490 TACTICA.
1639 457 1688 465 ν’
1726 432 2226 496 CONSTITUTIO
2261 437 2386 498 XX.

161 538 227 584 Oi
277 535 332 586 δὲ
383 535 614 588 τοιοῦτοι
660 537 844 606 καιροὶ
890 537 1116 601 πολλοὺς
1159 537 1472 608 εὑρίσκουσι
1520 542 1642 603 τοὺς
1692 541 1759 594 δι’

3282 406 3416 501 ιοδεέ

1815 543 2008 599 ἐλπίδα
2055 546 2243 617 δώρων
2292 545 2559 618 προδότας
2615 548 2926 618 γινομένους
2968 550 3075 602 τῶν
3120 550 3226 602 σῶν
3293 551 3404 619 βου.

1925 719 2044 774 179.
2086 715 2304 772 Nullum
2359 720 2490 773 mihi
2536 720 2867 774 insomnium
2903 724 3120 778 videtur
3158 737 3287 785 esse
3324 726 3418 779 ﬁr-

1852 823 1999 860 mum
2033 827 2046 862 :
2085 809 2451 877 persuadendi
2505 817 2688 863 tamen
2745 812 2946 866 milites
3001 825 3146 880 sunt,
3190 814 3259 870 .m
3311 821 3418 873 tuis‘

1851 898 2073 952 credant
2109 898 2422 963 insomniis,
2455 917 2577 970 qua:
2607 902 2844 971 aliquam
2877 903 3118 959 victoriae
3149 923 3296 977 spem
3324 918 3420 963 aut

1849 990 2162 1060 opinionem
2191 990 2384 1046 afferre
2411 1004 2643 1063 possunt
2677 1013 2690 1049 :
2727 995 3057 1049 videbuntur
3085 999 3229 1051 enim
3260 1003 3416 1070 quasi

1849 1083 2075 1135 oracula
2115 1096 2146 1133 a
2187 1081 2297 1136 Deo
2347 1083 2592 1140 immissa
2624 1087 2857 1140 militum
2896 1088 3110 1144 animos
3147 1091 3199 1143 in
3232 1091 3417 1147 hostes

1850 1171 2151 1240 impellere,
2175 1180 2228 1226 et
2253 1171 2623 1228 fortitudinem
2657 1177 2904 1246 corporis
2928 1179 3210 1235 alacritate
3237 1197 3416 1236 rerum

1849 1261 2211 1331 gerendarum
2251 1278 2540 1318 exacuere.

1923 1468 2044 1522 180.
2084 1467 2332 1524 Hostium
2389 1478 2621 1524 conatus
2681 1469 2876 1524 inscite
2931 1473 3202 1540 persequi,
3251 1473 3418 1526 lubri-

1850 1576 1971 1614 cum
2017 1563 2175 1615 valde
2205 1571 2257 1617 et
2307 1564 2676 1634 periculosum
2705 1573 2790 1618 est
2827 1580 2841 1617 :
2879 1578 3022 1632 saepe
3056 1565 3200 1617 enim
3234 1564 3417 1618 hostes

1850 1653 2030 1707 dedita
2093 1669 2258 1724 opera
2307 1657 2476 1708 multa
2529 1665 2821 1719 conantur,
2851 1658 2936 1710 vel
2974 1666 3029 1710 ut
3065 1657 3301 1718 insidiis.
3333 1659 3416 1712 vel

1851 1760 1908 1804 ut
1961 1745 2382 1808 reversionibus,
2435 1745 2490 1798 in
2537 1752 2662 1798 tuos
2699 1746 2959 1799 conl'usos
3015 1747 3418 1814 dissipatosque

1851 1842 2083 1904 irruant,
2122 1848 2176 1893 et
2223 1840 2572 1891 vehementer
2613 1835 2903 1890 admodum
2965 1847 3016 1890 te
3063 1838 3280 1894 laedant.
3314 1838 3418 1892 Ubi

1849 1934 2014 2002 igitur
2038 1930 2303 1998 fugientes
2325 1929 2510 1982 hostes
2528 1927 2853 1996 insequeris,
2871 1942 2938 1981 ne
2959 1928 3227 1982 dissolvas
3250 1931 3416 1984 aciem

165 2002 588 2068 ὑποφευγόντων
629 1999 738 2051 τῶν
778 1997 986 2068 ἐχθρῶν
1026 1998 1240 2052 διώκειν
1283 1997 1502 2068 μέλλῃς,
1554 1996 1628 2067 μὴ
1655 1996 1746 2049 λύε

1815 2017 2024 2079 idonee
2072 2022 2311 2092 perfecte
2369 2020 2691 2090 cognoveris
2740 2019 2926 2076 hostes
2976 2021 3042 2076 de
3096 2021 3273 2077 salute
3322 2037 3416 2077 sua

158 2093 261 2160 τὴν
286 2092 439 2155 τάξιν
464 2094 562 2160 τῆς
593 2091 969 2159 παρατάξεως,
1013 2089 1206 2158 μέχρις
1240 2089 1305 2141 ἂν
1338 2088 1547 2140 τελείαν
1580 2087 1747 2158 λάϐῃς

160 2181 539 2251 πληροφορίαν
563 2182 661 2251 τῆς
690 2181 797 2234 τῶν
823 2180 1176 2250 διωκομένων
1205 2179 1530 2233 ἀνελπίστου
1569 2196 1746 2246 σωτη-

163 2275 291 2342 ρίας
332 2274 466 2342 (55).

237 2374 387 2437 ρπα¹.
440 2367 796 2436 Στρατιωτῶν
826 2367 1151 2438 φρονήματα
1183 2367 1320 2438 πρὸς
1345 2366 1546 2418 δειλίαν
1575 2373 1744 2418 κατα-

162 2459 406 2512 πεσόντα
455 2460 704 2530 ἐχέφρων
748 2462 1052 2530 στρατηγὸς
1098 2460 1320 2513 δύναται
1360 2440 1622 2529 διεγείραι
1662 2457 1749 2510 διὰ

159 2551 261 2616 τῆς
302 2552 508 2612 οἰκείας
549 2553 746 2619 ὅψεως,
785 2551 1080 2619 θαρσαλέος
1112 2552 1296 2611 αὐτοῖς
1328 2551 1422 2602 καὶ
1450 2550 1750 2619 περιχαρὴς

160 2636 528 2704 φαινόμενος,
579 2642 674 2689 καὶ
707 2638 841 2707 πρὸς
871 2637 1082 2700 τούτοις
1127 2639 1222 2691 καὶ
1260 2641 1372 2699 τοῖς
1404 2637 1580 2704 λόγοις
1605 2637 1752 2689 ἀλεί-

160 2743 281 2791 φων
315 2727 410 2778 καὶ
439 2728 806 2797 πιθανώτερος
836 2729 1140 2796 γινόμενος,
1171 2728 1310 2782 ὥστε
1343 2728 1748 2798 συσχηματίσαι

159 2814 272 2864 τῶν
308 2816 653 2882 στρατιωτῶν
698 2818 765 2868 τά
804 2818 1129 2887 φρονήματα
1177 2817 1312 2888 πρὸς
1339 2817 1398 2870 τὸ
1428 2817 1522 2870 τοῦ
1554 2835 1751 2888 στρατ-

159 2902 302 2971 ηγοῦ
336 2905 659 2973 φαινόμενον
688 2907 907 2976 θάρσος.

237 2993 386 3064 ρπβ’.
425 2996 588 3060 Τάξις
617 2999 678 3049 οὐ
711 2998 805 3067 μία
832 3000 944 3050 ἐστὶ
976 2999 1236 3066 πολέμου,
1273 2999 1407 3052 ἀλλά
1435 2999 1627 3051 πολλαὶ
1654 3001 1748 3051 καὶ

158 3089 442 3157 διάφοροι,
497 3091 591 3142 καὶ
634 3093 784 3160 παρά
813 3094 936 3154 τοὺς
966 3092 1286 3160 ὁπλισμοὺς,
1327 3093 1421 3144 καὶ
1454 3095 1602 3160 παρὰ
1627 3093 1751 3155 τοὺς

162 3183 628 3250 στρατευομένους
654 3221 668 3244 ,
732 3182 822 3234 καὶ
851 3183 1002 3251 παρά
1031 3185 1156 3246 τοὺς
1185 3184 1619 3252 ἀντιπολεμίους,
1660 3185 1754 3237 καὶ

161 3274 318 3342 παρὰ
348 3275 472 3336 τοὺς
494 3275 713 3337 τόπους,
741 3275 830 3326 καὶ
863 3275 1013 3344 παρά
1040 3276 1164 3336 τοὺς
1191 3276 1432 3345 καιρούς.
1459 3277 1674 3329 Τούτων
1694 3277 1750 3329 δὲ

161 3370 264 3425 τὰς
285 3367 562 3435 διαφοράς,
578 3362 621 3419 ῶ
645 3369 936 3437 στρατηγὲ,
961 3369 1049 3419 ἐπὶ
1079 3367 1256 3420 αὐτῶν
1285 3369 1391 3420 τῶν
1415 3370 1751 3440 πραγμάτων
1778 3344 1822 3402 c

166 3456 413 3527 μαθήσῃ.
434 3457 505 3508 Οὐ
532 3458 660 3528 γάρ,
695 3459 768 3520 ῶς
799 3456 1002 3526 βούλει,
1037 3458 1394 3528 παρατάξεις,
1413 3459 1526 3509 ἀλλ’
1560 3459 1634 3519 ὡς
1661 3460 1753 3510 ἁν-

160 3546 398 3614 αγκάζει
451 3550 696 3618 ποιήσεις
744 3548 843 3618 τὴν
880 3547 1098 3613 ἔκταξιν
1138 3549 1231 3600 καὶ
1271 3549 1364 3600 τοῦ
1394 3549 1623 3619 στρατοῦ
1657 3549 1750 3602 καὶ

159 3634 264 3701 τῆς
298 3634 562 3696 ὁπλίσεως
583 3676 597 3697 ,
634 3637 727 3688 καὶ
759 3636 901 3688 κατὰ
928 3637 1240 3704 πρόσωπον,
1279 3639 1372 3690 καὶ
1401 3640 1463 3690 ἐκ
1491 3637 1746 3706 πλαγίου,

159 3727 257 3776 καὶ
271 3725 511 3788 ὄπισθεν,
528 3729 620 3778 καὶ
637 3727 710 3788 ώς
728 3730 760 3796 ἡ
784 3729 940 3796 χρεία
960 3729 1066 3780 τῶν
1081 3729 1420 3799 πραγμάτων
1432 3731 1745 3799 ἀπαιτήσει.

239 3823 389 3883 ρπγα
421 3818 590 3868 Ὀταν
620 3818 852 3889 πεζικὴν
882 3821 1172 3889 στρατείαν
1197 3819 1514 3890 παρατάξῃς
1539 3821 1572 3889 ἢ
1590 3821 1750 3873 ὁπλο-

159 3909 348 3975 φόρων
401 3908 607 3978 ἀνδρῶν
652 3910 761 3962 τῶν
803 3911 1110 3980 λεγομένων
1161 3912 1513 3976 σκουτάτων,
1568 3913 1602 3984 ἢ
1639 3913 1747 3965 τῶν

156 3997 376 4066 ψιλῶν,
433 4000 597 4068 ἤγουν
647 4001 878 4065 τοξοτῶν
932 4003 1024 4055 καὶ
1074 4003 1466 4073 σφενδονητῶν,
1524 4005 1746 4057 ἀντιπο-

158 4088 458 4158 λεμοῦντες
486 4092 542 4143 δὲ
576 4092 759 4156 αὐτοῖς
791 4110 935 4157 τινες
969 4094 1204 4162 βάλωσιν
1238 4094 1356 4147 κατ’
1385 4095 1563 4148 αὐτῶν
1597 4096 1628 4164 ἦ
1663 4100 1746 4166 ρι-

159 4181 389 4250 κτὰρια,
425 4183 456 4251 ἢ
485 4183 938 4237 διασϐενδοϐόλων
964 4185 1075 4255 (56)
1110 4188 1203 4238 καὶ
1227 4188 1417 4250 τόξων,
1446 4187 1526 4238 δεῖ
1551 4188 1747 4250 αὐτοὺς

163 4273 274 4325 ὑπὸ
303 4274 640 4342 σκουταρίων
669 4275 1030 4344 τετραγώνων
1059 4277 1349 4345 ἐπιμηκῶν
1382 4275 1490 4331 τῶν
1516 4278 1744 4346 λεγομέ-

162 4383 274 4418 νων
321 4365 530 4434 θυρεῶν
570 4366 714 4436 (57),
771 4367 803 4436 ἦ
858 4368 1060 4437 ἐτέρων
1107 4370 1446 4438 σκουταρίων
1490 4369 1739 4437 μεγάλων

162 4473 223 4508 κε
235 4456 488 4524 ραμῶσαι
519 4458 744 4519 ἑαυτοὺς
773 4457 998 4521 ἀνωθεν,
1032 4459 1129 4512 καὶ
1157 4458 1329 4521 οὕτως
1355 4460 1736 4529 προσϐάλλειν·

159 4549 258 4601 καὶ
288 4547 396 4616 γάρ
427 4548 838 4617 κεραμωθέντες
867 4551 960 4602 καὶ
992 4551 1317 4619 σκεπόμενοι
1347 4551 1499 4604 οὐδὲν
1527 4552 1741 4605 πάθωσι

159 4639 332 4692 κακὸν
366 4640 468 4692 ὑπὸ
498 4640 608 4692 τῶν
635 4642 1003 4710 πεμπομένων
1035 4641 1203 4711 βελῶν
1233 4646 1355 4695 κατ’
1384 4644 1582 4697 αὐτῶν.

234 4730 374 4801 ρπδ’.
416 4733 641 4804 Στρατῷ
670 4733 782 4802 (58)
815 4733 1089 4804 πολεμίων
1134 4735 1428 4805 μηνοειδῶς
1457 4754 1739 4806 παρατατ-

157 4825 375 4894 τομένῳ
419 4826 597 4898 (αὕτη
648 4827 755 4897 γὰρ
801 4830 836 4897 ἡ
882 4827 1186 4898 παράταξις
1233 4829 1383 4882 δοκεῖ
1417 4830 1570 4894 τάξιν
1606 4833 1739 4901 ἡμι-

159 4918 386 4970 κυκλίου
417 4920 674 4990 γινομένη
707 4920 953 4989 ἀσφαλὴς
977 4917 1115 4973 εἶναι
1150 4921 1242 4974 καὶ
1267 4923 1562 4991 ἄτρεπτοςο
1617 4926 1744 4988 τοὺς

160 5011 275 5080 γάρ
309 5009 682 5079 ἐμπίπτοντας
711 5012 1127 5083 ἀντιπολεμίους
1160 5014 1217 5064 ἐν
1243 5013 1320 5082 τῷ
1352 5013 1446 5066 τοῦ
1478 5015 1746 5084 σίγματος

158 5104 464 5174 κοιλώματι
521 5107 585 5159 ἐκ
630 5107 738 5160 τῶν
789 5106 941 5160 ἐνθεν
989 5109 1084 5160 καὶ
1131 5107 1341 5160 ἐκεῖθεν
1385 5109 1480 5172 τὰς
1516 5111 1745 5180 κεραίας

161 5194 462 5259 ἀπλοῦντες
512 5199 605 5250 καὶ
651 5198 1112 5268 περικυκλοῦντες
1163 5201 1602 5266 ἐναποκλείουσι,
1652 5204 1747 5256 καὶ

160 5285 338 5349 οὓτως
388 5287 819 5359 δραστικώτερον
874 5292 1010 5342 κατ’
1060 5290 1240 5343 αὐτῶν
1293 5293 1741 5365 ἀπομάχονται),

161 5377 303 5444 πρὸς
333 5379 536 5449 ταύτην
565 5377 659 5434 οὖν
691 5380 1298 5455 ἀντιπαραταττόμενος
1334 5382 1432 5452 τὴν
1485 5385 1737 5455 μηνοειδῆ

159 5466 317 5534 τάξιν
363 5469 444 5531 είς
487 5447 613 5538 τρία
651 5471 792 5541 μέρη
957 5471 1054 5540 σὴν
1081 5447 1730 5542 παράταξιν-διαιρτήσειςξ

1853 2117 2068 2187 penitus
2122 2113 2434 2183 desperare.

1924 2379 2046 2433 181.
2107 2377 2336 2431 Militum
2392 2377 2606 2430 animos
2649 2375 2921 2430 demissos
2966 2385 3019 2430 et
3078 2383 3132 2431 in
3170 2378 3418 2433 timorem

1850 2470 2135 2537 prolapsos
2185 2467 2426 2535 prudens
2479 2468 2776 2534 imperator
2823 2481 2924 2521 suo
2978 2475 3202 2536 aspectu
3273 2469 3416 2522 hila-

1852 2561 2013 2622 rabit,
2047 2567 2101 2613 et
2131 2559 2281 2613 vultu
2320 2560 2462 2620 heto,
2499 2559 2681 2612 verbis
2705 2558 2868 2613 etiam
2897 2560 3162 2614 suavibus
3197 2560 3416 2614 illorum

1853 2653 2066 2706 animos
2111 2651 2296 2715 leniet,
2341 2660 2400 2704 ut
2447 2651 2679 2706 militum
2729 2652 2898 2705 animi
2949 2653 3016 2704 ad
3072 2654 3419 2723 imperatoris

1853 2745 2136 2800 audaciam
2179 2743 2396 2798 excitet.

1925 3011 2045 3065 182.
2085 3011 2200 3067 Una
2229 3013 2364 3066 aciei
2395 3013 2604 3067 bellicae
2636 3013 2810 3066 forma
2842 3028 2950 3066 non
2985 3023 3087 3077 est,
3112 3013 3205 3068 sed
3237 3015 3422 3068 multre

1854 3114 1906 3156 et
1947 3105 2197 3166 diversm,
2242 3121 2338 3173 pro
2370 3107 2632 3159 varietate
2675 3121 2973 3170 armorum,
3021 3108 3274 3170 militum,
3323 3107 3420 3161 ho-

1853 3194 2039 3258 stium,
2079 3195 2346 3259 locorum,
2383 3204 2713 3265 temporum.
2759 3194 2963 3248 Horum
2995 3195 3328 3250 dill'ercntias
3355 3211 3422 3250 ex

1855 3285 1991 3355 ipsis
2021 3288 2183 3341 rebus
2222 3287 2430 3355 optime
2468 3303 2788 3356 cognosces.
2829 3285 2948 3340 Non
2986 3289 3130 3341 enim
3160 3286 3423 3356 quemad-

1857 3375 2077 3428 modum
2135 3377 2396 3440 vulueris,
2462 3377 2557 3431 sed
2605 3377 3062 3445 quemadmodum
3127 3379 3424 3433 necessitas

1855 3469 2234 3538 postulaverit,
2276 3471 2446 3525 aciem
2500 3471 2741 3525 instrues
2793 3479 2955 3540 atque
2996 3472 3256 3536 armabis,
3305 3478 3422 3524 tum

1855 3569 2000 3623 ante,
2041 3570 2156 3615 tum
2191 3571 2357 3624 retro,
2410 3573 2523 3615 tum
2559 3562 2627 3615 ad
2661 3563 2831 3628 latus;
2875 3571 2928 3616 et
2965 3564 3420 3633 quemadmodum

1856 3668 1990 3705 usus
2043 3653 2249 3717 tulerit,
2288 3656 2368 3707 sic
2415 3652 2597 3708 omnia
2645 3655 2727 3708 vel
2779 3655 3087 3709 constitues
3135 3654 3218 3710 vel
3271 3669 3422 3708 com-

1853 3743 2109 3797 mutabis.

1919 3833 2043 3887 185.
2085 3832 2186 3887 Ubi
2235 3834 2541 3902 pedestrem
2579 3835 2749 3888 aciem
2791 3836 3140 3900 instruxeris,
3174 3836 3258 3891 vel
3296 3851 3422 3906 gra-

1851 3925 2022 3988 vium,
2055 3925 2149 3994 qui
2210 3927 2409 3980 scutati
2446 3935 2595 3993 sunt,
2638 3929 2719 3981 vel
2758 3927 2977 3994 levium,
3012 3930 3172 3998 cujus
3205 3931 3420 3999 generis

1851 4015 2119 4083 sagittarii
2173 4026 2227 4068 et
2278 4015 2582 4072 funditores
2633 4028 2783 4082 sunt,
2841 4029 2894 4070 et
2953 4019 3160 4085 hostes,
3214 4018 3306 4088 qui
3353 4033 3418 4071 ex

1852 4109 2082 4160 adverse
2112 4116 2378 4177 pugnant,
2412 4109 2494 4162 vel
2525 4107 2710 4162 fundis
2741 4111 2822 4163 vel
2870 4113 3108 4163 arcubus
3154 4111 3255 4163 tela
3286 4125 3422 4163 con-

1845 4195 2067 4263 jiciunt,
2105 4196 2188 4250 vel
2214 4198 2385 4252 scutis
2413 4197 2714 4266 majoribus
2744 4199 3027 4268 quadratis
3058 4209 3112 4253 et
3149 4199 3418 4269 oblongis,

1848 4289 1940 4355 qui
1998 4288 2170 4357 thyrci
2217 4297 2364 4352 sunt,
2405 4297 2500 4343 aut
2545 4290 2849 4346 minoribus
2894 4292 3105 4360 seipsos
3152 4300 3204 4346 et
3241 4292 3420 4362 capita

1847 4386 2036 4448 tegant
2088 4387 2143 4433 et
2184 4383 2341 4450 quasi
2398 4383 2726 4444 iucrustent,
2763 4385 2837 4437 ita
2885 4384 2975 4438 ﬁet
3021 4393 3077 4437 ut
3120 4383 3257 4437 nihil
3291 4384 3418 4436 mali

1849 4469 2121 4538 accipiant
2173 4481 2527 4544 quotcunque
2558 4473 2612 4527 in
2669 4474 2792 4531 illos
2846 4476 2950 4529 tela
2985 4474 3380 4544 conjiciuntur.

1923 4735 2045 4788 184.
2088 4733 2342 4788 Exercitu
2386 4736 2625 4790 hostium
2666 4738 2874 4802 lunato,
2906 4738 2960 4791 id
2997 4745 3102 4802 est,
3161 4738 3228 4793 ad
3255 4739 3420 4793 senii--

1852 4826 2044 4880 circuli
2077 4827 2311 4894 speciem
2349 4827 2620 4882 instructo
2649 4829 2797 4898 (nam
2852 4831 2966 4884 haec
2997 4831 3166 4884 forma
3221 4839 3333 4885 tuta
3363 4841 3420 4886 et

1851 4914 2004 4972 ﬁrma
2046 4917 2260 4970 videtur
2292 4933 2435 4984 esse,
2469 4927 2523 4974 et
2553 4921 2737 4974 hostes
2770 4923 2894 4975 hinc
2927 4929 3091 4991 atque
3115 4921 3267 4977 illinc
3297 4938 3420 4977 cor-

1848 5025 1954 5064 nua
2002 5011 2303 5066 extendens
2356 5012 2407 5064 in
2459 5013 2691 5066 mediam
2745 5013 2879 5067 aciei
2927 5015 3084 5083 quasi
3142 5014 3183 5070 C
3228 5015 3419 5070 littera

1847 5104 2138 5157 cavitatem
2197 5104 2476 5170 excipiens
2525 5105 2929 5168 circumcludit,
2976 5114 3029 5158 et
3081 5106 3281 5160 milites
3330 5121 3419 5160 ve-

1846 5197 2156 5250 hementius
2191 5213 2253 5250 ac
2290 5197 2570 5249 robustius
2599 5196 2668 5249 ad
2731 5199 3080 5266 pugnandum
3131 5213 3257 5251 cum
3307 5197 3416 5252 illis

1847 5288 2060 5357 incitat)
2096 5289 2140 5343 si
2188 5288 2451 5340 adversus
2480 5301 2602 5339 eum
2639 5288 2825 5355 copias
2873 5297 2993 5342 tuas
3040 5289 3413 5356 apparaveris,

1848 5383 1902 5436 in
1945 5389 2058 5435 tres
2096 5389 2277 5448 partes
2318 5379 2607 5433 adversum
2636 5377 2744 5432 duo
2778 5392 2982 5432 cornua
3021 5379 3258 5433 hostium
3297 5380 3412 5433 col-

1847 5471 2054 5527 locabis
2087 5487 2101 5525 :
2147 5470 2379 5526 mediam
2411 5480 2618 5541 partem
2649 5484 2757 5524 non
2798 5470 3088 5526 adversum
3122 5471 3411 5526 caritatem

1659 5633 1886 5690 NO'UE.

234 5768 350 5840 (55)
383 5772 697 5839 Σωτηρίας.
739 5772 1112 5836 Serihebalur,
1141 5772 1364 5840 σωρίας.

238 5838 354 5906 (56)
388 5843 929 5899 Διασὸενδοϐόλων.
964 5844 1174 5911 Scribe,
1220 5838 1306 5896 διά
1342 5842 1726 5910 σ’ρενδοϐόλων.

2057 5769 2292 5846 ξικνρεῶις
2341 5768 2692 5846 §cribcbatur
2715 5809 2728 5830 ,
2758 5766 2957 5846 θυρῶν.
2984 5834 3006 5846 Ψ

1911 5841 2023 5910 (58)
2061 5839 2315 5909 Στρατῷ.
2345 5839 2721 5905 Scribebatur,
2758 5839 3037 5906 ’Azpamp.
