4184 6440
757 437 900 501 1063

1931 436 2207 495 LEONIS
2247 436 2343 495 PII
2360 438 2378 495 1
2395 434 2714 495 LOSOPHI

3894 441 4027 505 1064

750 552 994 610 hostium
1030 552 1292 614 instrues,
1326 547 1423 605 sed
1473 548 1539 602 ad
1590 548 1897 604 subsidium
1932 548 2166 603 duarum
2200 564 2321 617 par-

2438 548 2537 600 Καὶ
2574 548 2684 609 τοῖς
2715 548 2810 616 μὲν
2836 545 2955 599 δυσὶ
2989 546 3179 616 μέρεσι
3212 546 3292 617 τῷ
3317 565 3374 601 τε
3402 547 3562 619 δεξιῷ
3593 549 3684 601 καὶ
3714 550 3788 619 τῷ
3818 552 4024 605 εὐωνῦ-

752 646 889 699 tium
944 643 1302 715 pugnantium
1346 643 1673 698 constitues.
1740 641 1926 710 Itaque
1975 642 2060 695 vel
2117 642 2332 695 illorum

753 739 975 790 limatus
1031 734 1307 789 exercitus
1369 734 1561 789 irritus
1593 736 1719 795 erit,
1756 734 1840 787 vel
1901 734 2077 787 hostis
2110 740 2335 799 cogetur

752 829 885 880 aciei
944 826 1174 880 formam
1237 835 1599 881 commutare.
1657 823 1754 879 Sin
1804 832 1860 879 tu
1912 825 2222 880 discessum
2280 831 2335 877 et

752 920 931 987 fugam
978 918 1172 973 media:
1207 920 1376 988 partis
1422 919 1799 982 simulaveris,
1855 926 1909 972 et
1959 916 2146 972 hostes
2182 916 2247 969 ad
2284 924 2334 970 te

751 1012 1149 1080 insequendum
1186 1010 1593 1082 provocaveris,
1616 1027 1723 1064 non
1750 1010 1910 1064 modo
1934 1009 2081 1063 acies
2114 1010 2329 1062 illorum

750 1103 1105 1163 dissolvetur,
1154 1102 1250 1157 sed
1306 1101 1472 1154 etiam
1528 1100 1759 1154 confuse
1791 1107 1937 1151 tuam
1989 1098 2325 1167 insequetur.

751 1196 936 1261 itaque
961 1194 1267 1248 instructus
1288 1194 1566 1247 exercitus
1600 1201 1726 1245 tuus
1755 1189 2068 1244 reversione
2095 1190 2329 1259 quadam

747 1286 926 1338 subita
962 1294 1016 1339 ct
1048 1285 1295 1338 conferta
1329 1284 1453 1339 illos
1488 1285 1765 1347 adoriens,
1803 1282 2158 1350 insequentes
2192 1291 2242 1336 te
2278 1282 2330 1335 in

749 1382 932 1445 fugam
979 1378 1259 1444 conjiciet.

2437 658 2523 709 μῳ
2574 639 2823 709 ποιήσεις
2871 641 2974 710 τὴν
3010 638 3318 711 προσϐολὴν
3352 640 3494 694 κατά
3521 642 3629 694 τῶν
3656 642 3751 695 δύο
3777 645 4027 711 κεράτων

2431 733 2541 784 τῶν
2574 732 2883 799 πολεμίων,
2919 733 2979 785 τὸ
3008 731 3066 785 δέ
3103 732 3265 800 μέσον
3301 733 3464 802 μέρος
3492 735 3711 802 στήσεις
3747 735 3820 805 μὴ
3856 753 4025 805 προσ-

2432 823 2612 878 ϐαλὼν
2659 827 2725 894 τῇ
2776 826 3081 895 κοιλότητι,
3124 825 3240 879 ἀλλ’
3270 826 3329 878 ἐν
3355 826 3689 897 ὑποϐοηθεία
3722 829 3831 881 τῶν
3862 846 4029 899 προσ-

2432 916 2704 970 ϐαλόντων
2736 917 2829 970 δύο
2860 918 3044 989 μερῶν
3079 920 3386 986 ἱστάμενον.
3427 919 3615 982 Οὕτως
3644 919 3754 990 γάρ
3786 920 3818 990 ἢ
3848 921 4026 989 ἀπρα-

2434 1026 2562 1071 κτος
2594 1011 2621 1061 ὁ
2656 1010 2712 1061 ἐν
2741 1009 2924 1079 κύκλῳ
2955 1009 3064 1061 τῶν
3099 1011 3376 1080 πολεμίων
3409 1010 3637 1080 στρατὸς
3665 1011 4024 1083 ὲναπομείνῃ,

2434 1100 2468 1169 ἢ
2521 1102 2770 1165 κάκεῖνος
2802 1101 3127 1171 προσϐαλὼν
3158 1103 3257 1171 τὴν
3290 1102 3546 1173 μηνοειδῆ
3573 1103 3725 1169 τάξιν
3749 1104 4022 1156 6:116:35:-

2436 1192 2484 1242 εξ
2511 1191 2565 1243 δὲ
2593 1191 2939 1260 πλασάμενος
2964 1193 3124 1255 αὐτὸς
3149 1194 3498 1265 ὑποχώρησιν
3521 1194 3615 1248 τοῦ
3642 1196 3809 1264 μέσου
3832 1199 4027 1266 μέρους

2436 1284 2681 1349 κινήσεις
2716 1284 2840 1345 τοὺς
2870 1284 3146 1347 ἐναντίους
3180 1287 3317 1355 πρδς
3345 1286 3548 1352 δίωξιν,
3583 1287 3646 1338 οὐ
3676 1287 3838 1355 μόνον
3866 1287 4029 1356 λυθῆ-

2438 1390 2588 1425 σεται
2626 1377 2658 1443 ή
2691 1374 3016 1441 παράταξις,
3050 1376 3184 1429 ἀλλὰ
3214 1378 3311 1431 καὶ
3341 1379 3697 1441 ἀσυντάκτως
3723 1378 4028 1432 διώκουσαν

743 1468 801 1517 τὸ
860 1468 951 1520 σὸν
1001 1468 1315 1539 στράτευμα
1360 1466 1789 1536 συντεταγμένον
1840 1466 1915 1519 δι’
1964 1461 2313 1533 ὑποστροφῆς
2353 1460 2555 1532 ἀθρόας
2590 1466 2846 1535 ὲπιτεθῆς
2872 1466 3075 1530 αὐτοῖς,
3113 1469 3209 1520 καὶ
3237 1468 3626 1539 εὑρεθήσονται
3688 1469 3910 1532 πάντως
3974 1474 4024 1523 oi

746 1554 805 1605 σὲ
842 1556 1129 1620 διώκοντες
1163 1558 1481 1625 διωκόμενοι
1511 1558 1665 1625 παρά
1692 1558 1808 1613 σοῦ.

818 1650 942 1705 185.
986 1650 1209 1705 Insidiae
1258 1665 1450 1705 omnes
1497 1651 1940 1706 vehementiores
1980 1651 2184 1705 habent
2215 1649 2323 1702 im-

751 1750 908 1811 petus
963 1758 1126 1813 quam
1181 1750 1385 1798 extera:
1434 1744 1816 1799 incursiones:
1847 1759 1925 1798 eae
1972 1754 2151 1797 tamen
2204 1756 2327 1811 qua:

748 1853 778 1890 α
820 1847 974 1908 tergo
1020 1838 1173 1903 fiunt,
1205 1838 1362 1907 longe
1400 1838 1919 1891 vehementissimae.
1953 1836 2086 1888 Nam
2136 1837 2327 1901 hujus-

2507 1650 2643 1714 ρπε¹.
2695 1645 2948 1700 Ἀπασαν
2997 1647 3095 1716 μὲν
3143 1647 3367 1717 ἐνέδραν
3391 1689 3404 1712 ,
3441 1648 3559 1718 ἢτοι
3592 1650 3892 1720 ἔγκρυμμα
3920 1652 4019 1703 ἐπ-

2436 1738 2723 1806 ερχόμενον
2772 1740 2883 1799 τοῖς
2931 1738 3243 1807 πολεμίοις,
3297 1741 3657 1811 ἰσχυροτέραν
3700 1744 3809 1795 τῶν
3853 1743 4027 1796 ἄλλων

2436 1828 2703 1881 ἐπιϐολῶν
2732 1831 2969 1881 ποιεῖται
2995 1828 3095 1898 τὴν
3118 1830 3239 1881 κατ’
3268 1831 3446 1883 αὐτῶν
3476 1832 3754 1885 ἐπίθεσιν·
3794 1835 4031 1903 μάλιστα

751 1928 900 1981 modi
981 1928 1217 1982 insidias
1257 1929 1552 1996 aliquando
1601 1929 1645 1980 si
1693 1927 2122 1997 comparaveris,
2173 1927 2331 1995 longe

2438 1921 2492 1972 δὲ
2528 1922 2559 1991 ἡ
2598 1920 2738 1973 κατά
2771 1918 2942 1974 νώτου
2983 1920 3091 1973 τῶν
3123 1921 3420 1991 πολεμίων.
3475 1924 3747 1994 Τοιαύτην
3774 1924 3869 1978 οὖν
3900 1944 4027 1979 ποτε

750 2017 1002 2070 meliores
1054 2016 1501 2087 eflicacioresquo
1554 2017 1768 2072 videbis
1836 2032 1958 2071 esse
2004 2017 2072 2071 iis
2125 2030 2248 2086 quae
2302 2030 2332 2068 a

752 2111 921 2165 latere
958 2110 1115 2163 fiunt.

825 2287 945 2341 186.
985 2287 1260 2349 Mandata,
1299 2295 1593 2358 praecepta,
1644 2297 1890 2351 tesserre,
1938 2303 2003 2343 ac
2034 2288 2139 2343 alia
2169 2288 2334 2356 hujus

750 2381 991 2449 generis,
1037 2394 1133 2448 per
1182 2377 1473 2448 praefectos
1546 2387 1694 2440 tuos,
1736 2389 1790 2433 et
1841 2394 1947 2433 non
2001 2395 2097 2448 per
2131 2387 2183 2433 te
2221 2390 2334 2432 tra-

750 2473 927 2526 denda
963 2473 1230 2527 militibus
1250 2480 1408 2526 sunt.
1442 2470 1543 2527 Per
1566 2479 1617 2525 te
1647 2472 1792 2526 enim
1825 2472 1931 2525 hoc
1961 2473 2099 2527 velle
2129 2470 2330 2536 facere,

753 2561 985 2630 imperiti
1037 2562 1276 2615 hominis
1328 2569 1493 2631 atque
1548 2561 1844 2615 admodum
1886 2562 2066 2616 insciti
2134 2573 2329 2617 esset:

751 2669 877 2707 nam
915 2659 970 2707 ct
1001 2662 1217 2719 tempus
1268 2653 1499 2706 multum
1547 2654 1600 2715 in
1638 2655 2008 2725 praecipiendo
2038 2670 2333 2710 consume-

751 2752 862 2804 tur.
914 2752 967 2796 et
1024 2760 1254 2812 magnus
1311 2745 1577 2799 tumultus
1629 2747 1732 2799 erit
1771 2746 2005 2800 militum
2040 2762 2099 2800 se
2140 2755 2333 2800 mutuo

753 2836 1231 2905 iuterrogautium,
1285 2846 1339 2890 et
1396 2836 1650 2891 fortassis
1708 2838 1761 2891 in
1834 2840 2332 2893 commemorandis

753 2928 860 2981 illis
918 2928 1058 2982 alius
1121 2928 1394 2982 interdum
1454 2926 1664 2999 aliquid
1727 2929 1987 3000 adjiciet,
2045 2930 2187 2985 alius
2234 2930 2333 2985 de-

754 3022 953 3074 trahet.

825 3224 949 3278 187.
984 3223 1115 3277 Boni
1146 3222 1494 3291 imperatoris
1530 3229 1583 3277 et
1614 3221 1983 3277 admiratione
2035 3219 2186 3290 digni
2224 3227 2329 3283 est,

2437 2009 2670 2075 ποιήσας
2705 2010 2800 2062 καὶ
2829 2011 2994 2072 αὐτὸς
3022 2011 3245 2082 ἐνέδραν
3266 2053 3281 2078 ,
3318 2016 3412 2065 καὶ
3439 2015 3665 2068 ὄπισθεν
3695 2016 3878 2070 αὐτῶν
3909 2020 4029 2070 ἐπι-

2435 2098 2614 2161 τεθεὶς
2638 2139 2650 2161 ,
2687 2099 3131 2170 δραστικωτέραν
3165 2104 3261 2156 καὶ
3292 2105 3685 2177 ἐνεργεστέραν
3711 2109 3885 2179 αὐτὴν
3918 2109 4024 2179 ὄψῃ

2437 2192 2730 2261 γινομένην
2760 2192 2867 2245 τῶν
2894 2193 2959 2246 ἐκ
2983 2193 3215 2261 πλαγίου
3248 2196 3686 2266 ἐγκρυμμάτων.

2511 2290 2664 2352 pug’.
2715 2284 2854 2337 Ὑπὸ
2902 2285 3011 2337 τῶν
3056 2286 3230 2341 ἄλλων
3276 2288 3554 2358 ἀρχόντων
3599 2291 3670 2343 τά
3712 2293 4033 2363 παραγγέλ-

2439 2392 2585 2445 ματα
2625 2376 2759 2445 πρδς
2788 2377 2879 2430 τὸν
2906 2380 3139 2449 στρατὸν
3172 2381 3256 2433 δεῖ
3282 2381 3529 2447 γίνεσθαι
3550 2422 3565 2444 ,
3614 2386 3708 2437 καὶ
3740 2386 3810 2438 τά
3840 2386 4029 2439 διατά-

2434 2483 2654 2534 γματα,
2690 2466 2784 2519 καὶ
2816 2468 2883 2520 τά
2919 2468 3254 2539 συνθήματα,
3294 2470 3434 2523 ἀλλά
3473 2473 3546 2542 μὴ
3577 2472 3667 2525 διὰ
3692 2476 3793 2543 τῆς
3819 2476 3921 2543 σῆς
3949 2479 4032 2528 ὲν-

2435 2557 2742 2625 δοξότητος,
2775 2551 2821 2611 ὦ
2853 2561 3148 2630 στρατηγέ.
3200 2561 3273 2613 Τὸ
3299 2562 3409 2629 γὰρ
3441 2563 3734 2633 κηρύττειν
3766 2582 3824 2618 σε
3856 2566 4029 2619 ταῦτα

2436 2649 2504 2700 δι’
2538 2650 2733 2701 ἑαυτοῦ
2770 2651 2828 2702 ἐν
2853 2650 3074 2721 ὀξύτητι
3107 2653 3302 2722 καιροῦ
3332 2655 3543 2709 ἰδιώτου
3570 2658 3707 2721 ἐστὶ,
3747 2662 3843 2711 καὶ
3874 2660 4033 2712 ἀπεί-

2437 2757 2529 2810 ρου
2584 2740 2706 2792 λίαν
2756 2741 2863 2793 τῶν
2908 2741 3176 2796 δεόντων·
3235 2748 3327 2797 καὶ
3375 2750 3483 2818 γάρ
3516 2750 3609 2801 καὶ
3642 2750 3834 2819 χρόνος
3865 2753 4032 2814 πολὺς

2438 2831 2495 2882 ἐν
2530 2830 2607 2900 τῷ
2635 2832 3033 2901 παραγγέλλειν
3062 2834 3490 2906 ἀναλωθήσεται,
3516 2839 3611 2891 καὶ
3636 2840 3867 2908 θόρυϐος
3892 2843 4028 2911 ὁμοῦ

2436 2921 2652 2974 πάντων
2699 2922 2964 2993 ἀλλήλους
3015 2925 3347 2997 ἐρωτώντων
3375 2969 3389 2990 ,
3439 2930 3579 3000 τάχα
3620 2931 3678 2984 δὲ
3720 2934 3814 2985 καὶ
3858 2935 3888 2985 δ
3935 2934 4031 3003 μὲν

2436 3012 2733 3081 προσθήσει
2780 3031 2831 3066 τι
2879 3015 3041 3069 πλέον
3086 3018 3181 3071 τοῦ
3227 3020 3723 3091 παραγγέλματος,
3771 3026 3801 3077 ό
3844 3025 3903 3079 δὲ
3937 3028 4031 3079 καὶ

2436 3104 2781 3173 παραλείψει.

2511 3219 2654 3289 ρπζ’.
2696 3218 2989 3291 Γνώρισμα
3036 3224 3261 3293 γνησίου
3314 3229 3624 3297 στρατηγοῦ
3670 3230 3766 3283 καὶ
3812 3230 4031 3300 θαυμά-

756 3332 920 3385 posse
955 3315 1135 3384 potius
1182 3313 1438 3367 celeriter
1468 3314 1651 3382 aliqua
1686 3310 2014 3366 necessitate
2058 3317 2333 3378 premente

2438 3307 2624 3371 ζεσθαι
2650 3309 2800 3375 ἀξίου
2831 3312 2891 3364 τὸ
2915 3313 3014 3383 τῆς
3037 3314 3287 3386 ἀνάγκης
3314 3296 3670 3391 ἐπικειμένης
3694 3322 3865 3387 ὀξέως
3889 3296 4031 3374 νοεῖν

753 3408 884 3478 quid
940 3407 1174 3461 maxime
1204 3420 1341 3475 Opus
1372 3403 1519 3458 facto
1554 3404 1625 3458 sit
1655 3403 1985 3467 deliberare,
2010 3417 2171 3471 quam
2208 3409 2333 3455 ante

2438 3402 2501 3453 τὰ
2544 3400 2731 3453 δέοντα
2785 3403 3021 3471 μᾶλλον,
3060 3406 3219 3477 ’ἥπερ
3263 3408 3323 3460 τὸ
3367 3410 3472 3479 πρὸ
3500 3411 3596 3477 τῆς
3620 3412 3871 3481 ἀνάγκης
3904 3416 4031 3482 περὶ

755 3502 1143 3557 necessitatem
1164 3502 1571 3569 contingentem
1602 3499 1668 3553 de
1690 3513 1752 3553 ea
1786 3497 2111 3553 deliberare.
2148 3494 2333 3565 Neque

2438 3490 2639 3543 τούτων
2671 3491 3099 3560 βουλεύσασθαι·
3154 3496 3214 3549 ού
3259 3498 3366 3567 γὰρ
3395 3499 3622 3553 δυνατὸν
3658 3502 4031 3571 προϐουλεύε-

753 3595 899 3647 enim
932 3592 1233 3647 deliberare
1260 3603 1387 3645 ante
1420 3599 1600 3661 potest
1635 3591 1761 3661 quis
1792 3590 1859 3644 de
1889 3589 2171 3647 omnibus,
2207 3602 2329 3657 quae

754 3685 880 3739 hclli
934 3685 1227 3739 imminens
1278 3700 1440 3739 casus
1486 3683 1679 3739 afferre
1714 3684 1872 3739 solet.

826 3797 951 3853 188.
993 3798 1223 3864 Quando
1264 3798 1316 3851 in
1350 3800 1491 3863 acie,
1543 3798 1658 3851 sole
1704 3807 1900 3852 contra
1933 3798 2171 3864 lucente,
2209 3811 2334 3851 cum

757 3888 1008 3942 hostibus
1059 3886 1419 3943 conflicturus
1450 3904 1511 3943 es
1548 3889 1867 3959 priusquam
1905 3890 2151 3959 praelium
2188 3906 2339 3945 com-

703 4002 711 4011 -
757 3981 1010 4033 mittatur
1052 3979 1183 4049 jube
1241 3980 1442 4033 milites
1487 3996 1710 4034 sursum
1770 3994 1944 4045 arma,
1992 3981 2173 4036 nudos
2225 3983 2339 4051 gla-

677 4060 900 4155 ³’,ὠμὴ
930 4070 1106 4125 ferrea
1139 4080 1292 4126 scuta
1331 4078 1386 4125 et
1416 4072 1672 4133 illustria,
1696 4079 1749 4125 et
1776 4072 2054 4127 hastarqu
2083 4074 2338 4142 cuspides

758 4164 952 4217 tollere
978 4181 990 4215 ε
1017 4162 1131 4216 haec
1155 4162 1298 4217 enim
1328 4162 1373 4218 si
1403 4163 1693 4217 admodum
1728 4163 1988 4233 fulgeant,
2020 4166 2072 4217 in
2100 4165 2337 4233 aliquam

760 4252 1225 4319 perturbationem
1250 4252 1436 4306 hostes
1462 4253 1786 4321 conjiciunt.
1816 4253 2046 4319 Quando
2072 4269 2201 4307 vero
2225 4253 2336 4321 jam

761 4358 958 4398 manus
987 4355 1343 4399 conserturus
1374 4361 1457 4406 es,
1502 4361 1700 4414 magno
1731 4361 1855 4400 cum
1887 4345 2129 4400 clamore
2161 4346 2336 4409 vocis,

758 4443 810 4485 et
832 4448 1112 4488 armorum
1150 4442 1342 4487 contra
1378 4433 1567 4488 hostes
1598 4435 1960 4499 contendant,
1988 4435 2169 4505 itaque
2201 4450 2339 4505 pra:-

761 4525 895 4578 lium
934 4540 1059 4579 cum
1101 4526 1349 4581 hostibus
1388 4527 1597 4581 ineant.

824 4724 949 4780 189.
992 4724 1343 4780 Multitudine
1399 4727 1648 4791 equitum
1707 4726 1961 4782 hostibus
2017 4729 2064 4782 si
2113 4727 2341 4783 inferior

763 4818 955 4880 fueris,
1003 4831 1195 4885 aspera
1247 4818 1389 4879 loca,
1427 4826 1481 4872 et
1512 4827 1765 4888 angusta,
1796 4828 1848 4872 et
1894 4828 2145 4875 montosa
2178 4821 2339 4891 elige,

764 4924 861 4978 per
902 4924 1014 4978 luas
1044 4909 1161 4963 loca
1192 4908 1433 4963 hostium
1462 4911 1588 4978 equi
1626 4910 1815 4979 copias
1848 4920 2061 4966 vestras
2089 4897 2339 4982 persequi

765 5012 1041 5070 nequeant
1084 5002 1233 5057 :hoc
1260 5002 1404 5057 enim
1450 5004 1503 5057 in
1556 5003 1815 5057 adversos
1863 5018 2026 5058 casus
2075 5006 2341 5059 intuendo

765 5091 1119 5145 considerare
1174 5092 1464 5163 diligenter
1516 5094 1812 5163 oportebit,
1847 5094 1993 5163 quod
2052 5096 2338 5164 prudentis

767 5182 1117 5253 imperatoris
1160 5185 1398 5241 maxime
1417 5187 1698 5256 proprium
1735 5197 1838 5241 est.

842 5383 967 5438 190.
1012 5382 1183 5454 Magis
1220 5384 1354 5439 utile
1391 5393 1552 5454 putes
1599 5399 1740 5447 esse,
1777 5394 1835 5439 ut
1871 5384 2020 5439 acies
2054 5385 2106 5438 in
2154 5386 2339 5453 prtelio

774 5481 881 5528 stet
928 5484 981 5528 et
1020 5477 1379 5545 periclitetur,
1422 5492 1585 5547 quam
1623 5485 1680 5529 ut
1727 5475 1899 5545 fugiat
1924 5485 1978 5531 et
2011 5480 2336 5546 exagitetur.

776 5566 910 5623 Nam
960 5566 1087 5621 dum
1135 5577 1264 5636 stat,
1288 5570 1513 5625 victoria
1548 5572 1730 5639 potius
1759 5569 2028 5638 speranda
2060 5580 2178 5630 est;
2212 5569 2339 5623 dum

2439 3583 2594 3644 σθαι,
2644 3585 2692 3636 εί
2740 3586 2835 3638 καὶ
2880 3585 2950 3638 τά
2995 3587 3225 3655 μάλιστα
3271 3590 3421 3655 δέον,
3474 3592 3576 3644 ὅσα
3612 3592 3800 3662 μέλλει
3834 3597 4032 3665 γεννᾷν

2438 3676 2471 3745 ή
2506 3676 2601 3729 τοῦ
2632 3676 2871 3746 πολέμου
2906 3680 3226 3750 ἐπικειμένη
3259 3682 3602 3751 περίστασις.

2513 3789 2659 3862 ρπη’.
2684 3792 2924 3845 Ὅτανέν
2954 3794 3258 3863 παρατάξει
3291 3796 3544 3863 μάλιστα,
3574 3796 3728 3867 ήλίου
3752 3800 4033 3866 ἀνταυγά-

2443 3879 2649 3945 ζοντος,
2674 3882 2989 3953 προσϐάλῃς
3012 3882 3119 3954 πρὸ
3149 3884 3243 3937 τοῦ
3277 3886 3664 3957 συμπλακῆναι
3694 3889 3797 3958 τὴν
3826 3891 4010 3958 μάχην

2441 3974 2629 4026 κέλευε
2665 3974 2794 4037 τοὺς
2824 3974 3162 4045 στρατιώτας
3190 3976 3303 4029 ἀνω
3330 3976 3473 4045 ἔχειν
3502 3978 3568 4031 τά
3594 3979 3734 4031 ὅπλα
3765 3982 3865 4032 καὶ
3891 3983 4031 4033 ἀκά-

2438 4064 2615 4117 λυπτα
2639 4106 2653 4129 ,
2692 4065 2819 4135 ξίφη
2854 4083 2913 4117 τε
2950 4066 3045 4118 καὶ
3070 4066 3137 4118 τά
3166 4067 3362 4137 σιδηρᾶ
3394 4069 3691 4137 σκουτάρια
3720 4070 4027 4132 στίλϐοντα,

2441 4158 2535 4210 καὶ
2568 4158 2677 4210 τῶν
2730 4158 3034 4227 κονταρίων
3067 4158 3165 4220 τὰς
3192 4160 3415 4228 λόγχας.
3447 4158 3633 4223 υῦτως
3660 4160 3770 4229 γάρ
3799 4161 4032 4231 λαμπρά

2443 4248 2594 4318 παρά
2622 4252 2733 4311 τοῖς
2762 4248 3042 4317 πολεμίοις
3069 4251 3392 4318 φαινόμενα,
3422 4251 3762 4319 κατάπληξιν
3788 4256 4028 4323 ποιήσει.

2442 4338 2612 4391 Ὅταν
2640 4338 2694 4391 δὲ
2730 4340 2808 4415 εἰς
2836 4341 3023 4409 χεῖρας
3067 4339 3169 4410 ήδη
3201 4340 3611 4409 συμπλέκεσθαι
3642 4341 3862 4411 μέλλεις
3893 4346 4030 4413 μετά

2441 4430 2760 4500 ἀλαλαγμοῦ
2792 4430 3021 4501 σφοδροῦ
3067 4432 3233 4500 ήγουν
3271 4432 3512 4502 μεγάλης
3542 4432 3728 4501 φωνῆς
3776 4436 3875 4487 καὶ
3906 4434 4032 4503 δρό-

2446 4541 2547 4594 μου
2584 4524 2961 4585 πατάσσοντας
2992 4523 3061 4575 τὰ
3088 4522 3227 4575 ὅπλα
3261 4523 3404 4577 οὕτω
3432 4524 3531 4595 τὴν
3556 4525 3869 4596 προσϐολὴν
3893 4526 4031 4595 πρὸς

2364 4638 2411 4693 D
2439 4616 2567 4677 τοὺς
2594 4617 2885 4682 πολεμίους
2915 4614 3281 4684 ἀπάρχεσθαι.

2514 4728 2656 4800 ρπθ’.
2674 4731 2809 4783 Ὑπὸ
2836 4730 2944 4782 τῶν
2969 4729 3243 4799 πολεμίων
3271 4729 3361 4783 διά
3385 4728 3591 4798 πλῆθος
3617 4726 3800 4780 αὐτῶν
3822 4726 4031 4780 καϐαλο

2439 4824 2643 4895 λαρίων
2674 4821 3168 4892 πλεονεκτούμενος
3201 4821 3409 4891 τραχέα
3439 4820 3615 4891 χωρία
3648 4820 3901 4886 ἐκλέγου,
3936 4823 4031 4873 καὶ

2442 4916 2635 4977 στενά,
2687 4914 2781 4965 καὶ
2826 4913 3089 4981 παρόρια,
3123 4914 3182 4965 ἐν
3209 4907 3291 4975 οἷς
3320 4914 3381 4965 ού
3411 4911 3638 4965 δυνατὸν
3667 4912 3795 4971 τοὺς
3824 4910 4028 4971 ἵππους

2442 5006 2550 5060 τῶν
2573 5006 2829 5060 ἐναντίων
2859 5004 3075 5060 διώκειν
3119 5004 3262 5057 κατά
3305 5004 3535 5072 δύναμιν
3553 5018 3567 5032 ·
3601 5002 3737 5071 ὅπερ
3766 5002 3864 5054 καὶ
3892 5019 4027 5071 προσ

2449 5099 2675 5151 σκοπεῖν
2702 5096 2842 5167 (59)
2874 5112 2932 5148 σε
2963 5096 3070 5167 χρὴ
3111 5096 3247 5164 πρὸς
3280 5094 3535 5165 δευτέραν
3568 5092 3738 5161 τύχην
3776 5091 3867 5144 ἀεὶ
3905 5090 4028 5161 βλέο

2447 5206 2618 5243 ποντα
2643 5205 2657 5220 ο
2690 5188 2849 5242 τοῦτο
2896 5188 3003 5259 γάρ
3031 5190 3177 5242 ἐστιν
3222 5187 3513 5257 ἐχέφρονος
3549 5184 3784 5255 μάλιστα
3822 5200 4023 5252 στρατ-

2446 5279 2601 5349 ηγοῦ.

2520 5392 2625 5459 pl".
2685 5389 2976 5459 Συμφέρον
3007 5388 3207 5459 μᾶλλον
3253 5387 3489 5455 γίνωσκε
3530 5380 3690 5445 εἶναι,
3726 5383 3788 5436 τδ
3822 5384 3884 5436 ἐν
3908 5386 4025 5444 ταῖς

2452 5480 2653 5550 μάχαις
2702 5480 3051 5544 ἐνίστασθαι,
3105 5478 3200 5532 καὶ
3244 5477 3572 5530 κινδυνεύειν
3614 5473 3883 5543 ἀνδρείως
3930 5473 4024 5541 τὴν

2451 5572 2758 5642 παράταξιν
2813 5574 3144 5643 μαχομένην,
3196 5570 3229 5641 ἦ
3281 5569 3550 5639 φυγόντας
3584 5566 3916 5621 διώκεσθαι·
3965 5568 4020 5618 ὲν

2260 5749 2465 5806 ΝΟΤᾹ.
2477 5791 2489 5805 .

848 5841 961 5912 (59)
991 5843 1383 5910 Προσκοπεῖν.
1421 5842 1789 5911 Scribebatur,
1826 5845 2137 5913 :poxo:aiv.
