4200 6438
225 443 372 505 1065

1297 443 1630 504 TACTICA.
1665 466 1733 479 --
1764 437 2269 500 CONSTITUTIO
2296 442 2419 500 XX.

3350 441 3491 505 1066

216 559 334 624 γὰρ
402 557 468 624 τῇ
523 553 770 606 ἑνστάσει
828 555 1029 622 μᾶλλον
1083 555 1185 625 τὴν
1235 556 1510 625 σωτηρίαν
1561 554 1805 617 ἐλπίζειν

1918 557 2062 618 terga
2117 551 2299 616 vertit,
2362 565 2429 605 ne
2471 563 2598 620 spes
2660 549 2880 619 quidem
2944 551 3052 605 ulla
3111 551 3320 621 reliqua
3374 571 3492 608 esse

218 645 401 716 χρεὼν
423 685 438 710 ,
487 645 623 698 ἀλλὰ
674 645 748 715 μὴ
793 649 903 710 τοῖς
935 647 1150 720 ἐχθροῖς
1181 648 1251 701 τά
1279 648 1424 702 νῶτα
1446 647 1682 713 διδόντας
1719 664 1811 701 πι-

223 735 439 789 στεύειν
468 736 528 788 τδ
557 734 847 800 σώζεσθαι.

300 833 444 898 ρίιακ
478 828 590 896 Τῆς
621 828 802 898 μάχης
832 831 930 882 σὺν
954 827 1074 897 Θεῷ
1101 828 1199 898 τὴν
1221 828 1380 897 νίκην
1409 844 1493 882 σοι
1516 827 1811 899 χαρισαμέ-

219 939 342 990 νης.
369 915 413 975 ὦ
449 923 754 990 στρατηγέ,
793 921 910 974 δέον
941 937 1000 974 σε
1025 920 1463 992 φιλοφρονεῖσθαι
1499 923 1624 986 τοὺς
1656 938 1813 991 στρα-

219 1012 427 1076 τιώτας
455 1015 565 1076 τοῖς
591 1012 702 1066 τῶν
726 1012 1002 1081 πολεμίων
1031 1013 1318 1084 λαφύροις,
1349 1013 1458 1066 εἴτε
1487 1012 1624 1066 ὅπλα
1650 1013 1807 1077 εἰσὶν,

223 1105 337 1157 εἴτε
377 1105 564 1169 ἵπποι,
619 1104 728 1157 εἴτε
777 1103 940 1173 ἕτερά
977 1122 1100 1158 τινα
1131 1104 1244 1174 εἴδη
1268 1145 1283 1168 ,
1327 1105 1420 1158 καὶ
1454 1105 1688 1175 εὐωχίας
1715 1107 1811 1158 καὶ

222 1195 506 1266 τραπέζας
550 1197 733 1260 αὐτοῖς
780 1197 1250 1266 παρασκευάζειν,
1302 1199 1552 1260 καὶτοὺς
1585 1197 1684 1267 μὲν
1712 1198 1809 1252 άν-

224 1289 424 1359 δρείως
467 1290 914 1361 ἀγωνισαμένους
954 1289 1098 1343 κατά
1125 1291 1276 1354 τάξιν
1318 1291 1681 1363 προϐιϐάσαι,
1716 1291 1812 1345 καὶ

223 1378 425 1444 δώροις
454 1383 707 1448 τιμῆσαι.
741 1381 880 1444 Τοὺς
904 1380 961 1433 δὲ
990 1380 1197 1446 δειλοὺς
1229 1382 1325 1435 καὶ
1349 1383 1657 1452 ἀχρήστους
1680 1384 1811 1437 ἀνα·

225 1473 530 1538 φανέντας,
565 1472 598 1543 ἢ
627 1472 972 1536 λειποταξίας
1002 1474 1402 1542 πεποιηκότας.
1433 1475 1560 1536 τοὺς
1592 1476 1688 1544 μὲν
1716 1475 1814 1528 κό-

222 1562 358 1627 λαζε
391 1564 638 1626 δεόντως,
672 1564 799 1626 τοὺς
824 1564 880 1617 δὲ
906 1565 1133 1629 ὀνείδιζε
1168 1565 1362 1637 μέχρις
1388 1566 1670 1636 αἰσχύνης.
1702 1565 1811 1619 Οὖ-

222 1672 336 1717 τως
365 1655 472 1724 γὰρ
506 1656 602 1708 καὶ
630 1657 754 1718 τοὺς
781 1656 992 1719 δειλοὺς
1015 1658 1356 1728 άναρῤώσεις
1380 1659 1480 1730 ’καὶ
1523 1659 1810 1728 διεγερεῖς,

223 1745 324 1796 καὶ
373 1744 502 1807 τοὺς
581 1745 859 1815 ἀνδρείους
907 1745 1329 1816 εύτολμοτέρους
1388 1747 1483 1800 καὶ
1526 1746 1814 1816 εὐθαρσεῖς

224 1836 368 1906 πρὸς
395 1837 492 1899 τάς
522 1836 784 1899 ἐπιούσας
817 1837 995 1907 μάχας
1025 1839 1491 1908 παρασκευάσεις.

303 1925 443 1995 ρίτβκ
487 1927 656 1979 Ὅταν
705 1931 847 1981 κατὰ
888 1929 1162 1997 πολεμίων
1203 1929 1462 2000 τρόπαιον
1509 1931 1735 2001 στήσῃς,
1770 1922 1815 1984 ὦ

227 2017 507 2085 στρατηγὲ
529 2057 542 2079 ,
598 2017 718 2071 τότε
768 2021 909 2072 κατὰ
947 2020 1071 2082 τοὺς
1103 2020 1204 2090 ήδη
1238 2020 1384 2092 παρά
1412 2022 1508 2092 τῆς
1539 2021 1816 2092 βασιλείας

220 2105 498 2171 τεθέντας⁶
513 2109 709 2179 νόμους
735 2110 864 2175 τῶν,
891 2112 964 2172 ὡς
988 2111 1156 2177 είκδς,
1180 2113 1582 2184 εὑρισκομένων
1607 2114 1817 2167 σκύλων

223 2202 320 2252 τὸν
360 2201 722 2271 διαμερισμὸν
766 2201 940 2264 οὕτως
977 2203 1230 2272 ποιήσεις
1255 2244 1270 2267 ,
1304 2204 1446 2258 ὥστε
1475 2204 1536 2257 τὸ
1565 2206 1818 2274 πέμπτον

229 2290 396 2358 μέρος
427 2292 693 2361 άφορίσης
720 2291 799 2361 τῷ
827 2293 983 2362 μέρει
1029 2293 1122 2348 τοῦ
1147 2295 1430 2364 δημοσίου,
1461 2295 1522 2348 τὸ
1545 2295 1602 2348 δὲ
1631 2296 1818 2350 λοιπὸν

225 2381 288 2445 ἐξ
317 2382 440 2450 ῐσης
469 2383 682 2452 μοίρας.
717 2383 785 2437 Oi
808 2402 863 2438 τε
893 2386 1153 2456 ἄρχοντες
1186 2387 1280 2439 καὶ
1311 2390 1360 2440 oi
1387 2388 1682 2458 ἀρχόμενοι
1716 2406 1816 2457 με-

229 2474 601 2541 ριζέσθωσαν,
657 2477 893 2545 ἐπείπερ
943 2480 1158 2542 κοινοὺς
1215 2481 1311 2532 καὶ
1342 2481 1470 2540 τοὺς
1501 2480 1721 2548 ἀγῶνας
1758 2482 1817 2533 ἐν

224 2570 344 2629 τοῖς
395 2569 661 2630 κινδύνοις
715 2570 1085 2637 ἀναδέχονται.
1138 2571 1200 2624 Εἰ
1235 2572 1292 2625 δέ
1336 2590 1482 2635 τινες
1519 2573 1817 2643 εὑρεθῶσιν

227 2661 293 2709 ἐκ
343 2659 452 2710 τῶν
491 2659 799 2728 ἀρχόντων,
840 2662 870 2732 ἢ
905 2664 1208 2732 προμάχων
1239 2663 1339 2732 τῆς
1366 2664 1749 2734 παρατάξεως,
1783 2665 1816 2736 ἧ

226 2765 314 2810 τις
347 2751 534 2819 ἕτερος
573 2751 679 2803 τῶν
714 2755 1064 2821 στρατιωτῶν
1103 2756 1378 2822 διαφόρως
1407 2757 1812 2826 ἀνδρισάμενοι,

225 2840 352 2892 τότε
400 2841 463 2893 ἐκ
499 2839 590 2893 τοῦ
631 2843 922 2911 εἰρημένου
967 2844 1165 2914 μέρους
1203 2844 1296 2898 τοῦ
1333 2844 1592 2915 δημοσίου
1632 2847 1816 2901 ἄδειαν

228 2932 375 2995 ἕξεις
401 2934 802 3003 φιλοτιμεῖσθαι
831 2937 1027 2999 αὐτοὺς
1053 2937 1138 3004 ἐφ’
1164 2938 1288 2990 ὅσον
1316 2941 1347 3009 ἡ
1374 2939 1531 3007 χρεία
1548 2938 1643 2992 καὶ
1665 2941 1727 2992 τὸ
1747 2940 1819 2992 δί-

230 3043 392 3077 καιον
418 3027 668 3079 ἀπαιτεῖ·
705 3027 849 3080 κατὰ
870 3028 1040 3098 δὲτὴν
1061 3030 1256 3100 μερίδα
1285 3030 1377 3083 τοῦ
1409 3033 1466 3083 έν
1495 3031 1573 3101 τῷ
1597 3033 1818 3102 πολέμῳ

228 3116 620 3187 εὑρισκομένου
671 3121 766 3171 καὶ
810 3121 861 3172 οἱ
907 3122 964 3172 ὲν
1003 3121 1080 3191 τῷ
1115 3122 1320 3192 τούλδῳ
1365 3124 1816 3194 καταλειπόμενοι

228 3208 494 3277 λήψονται
526 3211 786 3277 φύλακες.
1318 3265 1320 3267 .

307 3305 452 3370 pLJ'.
490 3302 731 3371 Στρατοῦ
763 3303 1074 3372 συμμίκτου
1107 3304 1287 3367 πεζῶν
1315 3307 1404 3359 καὶ
1432 3307 1815 3380 καϐαλλαρίων

229 3391 544 3457 παράταξις
593 3387 704 3444 οἷον
754 3392 962 3463 θώρακι
1010 3394 1229 3457 ἔοικεν,
1289 3396 1409 3449 ἀντὶ
1465 3399 1563 3467 μὲν
1616 3400 1815 3467 χειρῶν

229 3485 436 3552 ἔχουσα
485 3484 611 3546 τοὺς
657 3483 845 3553 ψιλοὺς
893 3486 1062 3554 ἧγουν
1098 3487 1318 3552 τοξότας
1363 3490 1459 3541 καὶ
1494 3492 1814 3556 ἀκοντιστὰς

231 3577 330 3630 καὶ
364 3577 756 3645 σφενδονήτας,
793 3579 915 3630 ἀντὶ
944 3578 1000 3630 δὲ
1034 3579 1210 3632 ποδῶν
1240 3581 1367 3644 τοὺς
1397 3583 1811 3652 καὸαλλαρίους,

229 3670 357 3722 ἀντὶ
391 3670 447 3722 δὲ
483 3670 724 3737 κεφαλῆς
758 3671 816 3721 ὲν
864 3670 1013 3740 μέσῳ
1044 3672 1153 3724 τῶν
1187 3674 1385 3744 χειρῶν
1414 3675 1474 3726 σὲ
1501 3677 1592 3728 τὸν
1620 3694 1814 3748 στρατ-

231 3761 393 3828 ηγόν.
453 3761 596 3814 Ἀντί
648 3762 704 3813 δὲ
767 3760 862 3813 τοῦ
901 3763 1060 3815 άλλου
1114 3763 1364 3834 σώματος
1418 3769 1545 3831 τοὺς
1589 3770 1814 3834 ὁπλίτας

233 3856 410 3925 ἤγουν
439 3856 566 3918 τοὺς
598 3857 944 3919 σκουτάτους,
978 3859 1103 3920 τοὺς
1137 3859 1232 3911 καὶ
1261 3858 1358 3929 τὴν
1383 3863 1684 3916 πανοπλίαν
1717 3882 1815 3932 φο-

236 3949 486 4019 ροῦντας.
516 3949 614 4000 Διὰ
637 3949 794 4002 τοῦτο
818 3951 874 4002 ὲν
902 3953 1032 4004 πᾶσι
1073 3956 1361 4022 χρεωστεῖς
1393 3956 1487 4007 καὶ
1509 3958 1666 4020 αὐτὸς
1688 3977 1818 4028 προ-

233 4045 378 4095 νοεῖν
421 4043 519 4110 τῆς
550 4042 741 4095 ἑαυτοῦ
771 4043 1071 4112 ἀσφαλείας
1116 4045 1209 4098 καὶ
1240 4046 1334 4099 τοῦ
1369 4048 1598 4118 στρατοῦ
1627 4051 1817 4123 ὥσπερ

233 4134 472 4202 κεφαλὴ,
509 4134 749 4186 κάκεῖνοι
777 4135 877 4203 τῆς
907 4135 1008 4201 σῆς
1035 4135 1280 4204 φυλακῆς
1311 4138 1406 4188 καὶ
1431 4140 1723 4208 σωτηρίας.

315 4225 448 4294 μηδ’.
488 4226 596 4278 Καὶ
624 4226 798 4279 ταῦτα
822 4226 878 4278 δὲ
905 4227 1139 4296 χρειώδη
1167 4229 1225 4279 ἐν
1250 4229 1426 4299 καιρῷ
1449 4230 1646 4290 αὐτῶν,
1674 4231 1813 4285 ὣστε

235 4320 336 4373 ἐὰν
389 4319 617 4389 στρατὸν
666 4320 802 4389 ἔχων
866 4320 1084 4372 πλείονα
1133 4321 1296 4393 βούλῃ
1335 4322 1497 4374 αὑτὸν
1568 4323 1656 4375 διά
1698 4343 1816 4378 τινα

237 4415 430 4486 χρείαν
456 4415 636 4482 ὀλίγον
666 4414 943 4477 ὑποδεῖξαι
972 4416 1084 4477 τοῖς
1107 4415 1408 4484 πολεμίοις,
1436 4420 1816 4489 κοινοποιήσῃς

237 4508 306 4559 τὰ
357 4506 763 4575 κοντου6έρνια,
800 4505 896 4558 καὶ
930 4507 1008 4567 εἰς
1044 4505 1172 4572 μίαν
1200 4506 1487 4574 καμάρδαν
1515 4507 1817 4579 λεγομένην

1918 650 2118 710 potest.

1983 825 2108 880 191.
2132 824 2242 878 Deo
2265 824 2361 878 tibi
2386 824 2669 880 victoriam
2696 824 2986 892 largiente,
3010 824 3251 880 hostium
3277 825 3493 896 spoliis,

1913 919 2029 974 sive
2071 919 2198 988 equi
2249 917 2366 973 sive
2410 932 2558 972 arma
2616 920 2747 981 sint,
2807 925 2903 972 aut
2952 918 3057 971 alia
3099 919 3219 987 ejus
3254 920 3492 990 generis,

1913 1012 2117 1065 milites
2168 1010 2497 1065 munerandi
2552 1020 2702 1074 sunt,
2768 1019 2824 1066 et
2883 1009 3155 1066 conviviis
3207 1012 3495 1081 epulisque

1911 1104 2263 1172 accipiendi:
2314 1103 2481 1172 iique,
2522 1104 2614 1172 qui
2664 1113 2888 1159 strenue
2940 1117 3004 1158 se
3036 1111 3348 1173 gesserunt,
3396 1119 3495 1173 pro

1913 1194 2178 1265 dignitate
2227 1211 2328 1250 sua
2381 1196 2738 1265 provehendi,
2787 1205 2842 1251 et
2883 1197 3047 1252 donis
3093 1195 3494 1250 cohonestandi

1913 1297 2043 1342 sunt
2080 1306 2092 1341 :
2131 1288 2306 1342 timidi
2341 1297 2522 1342 autent
2555 1295 2609 1342 et
2646 1287 2821 1352 ignavi
2862 1295 2912 1340 et
2944 1289 3113 1340 aciem
3151 1286 3493 1349 deserentes,

1917 1381 1998 1434 vel
2049 1381 2200 1449 gravi
2255 1395 2415 1450 ptena
2447 1378 2760 1444 coercendi,
2794 1379 2876 1432 vel
2927 1394 3140 1436 summa
3186 1394 3306 1431 cum
3336 1378 3494 1452 igno-

1914 1474 2080 1527 minia
2117 1473 2435 1542 repellendi.
2480 1475 2659 1542 Atque
2704 1471 2842 1526 adeo
2876 1471 3083 1525 fractos
3115 1471 3297 1524 animo
3329 1478 3493 1538 atque

1914 1565 2230 1619 debilitatos
2297 1565 2473 1633 criges
2528 1573 2583 1618 et
2631 1563 2924 1626 excitabis,
2977 1564 3148 1616 fortes
3198 1570 3378 1614 autem
3433 1567 3488 1614 et

1916 1665 2174 1711 strenuos
2216 1654 2283 1709 ad
2330 1655 2618 1710 subeunda
2653 1654 2900 1724 pericula
2950 1654 3244 1708 animahis.

1995 1926 2113 1982 192.
2151 1925 2382 1992 Quando
2413 1924 2481 1980 de
2514 1923 2768 1978 hostibus
2817 1930 3082 1992 tropmum
3137 1920 3395 1985 collocas,
3429 1935 3494 1974 ex

1921 2022 2130 2092 legibus
2177 2021 2382 2074 nostris
2413 2019 2588 2088 spolia
2633 2016 2876 2071 adhunc
2915 2014 3135 2068 modum
3172 2013 3494 2068 distribues.

1914 2115 2174 2180 Quintam
2216 2121 2422 2181 partem
2478 2124 2578 2180 pro
2622 2110 2902 2163 communi
2937 2107 3132 2160 aerario
3173 2106 3492 2176 separabis:

1921 2208 2144 2276 reliqua:
2166 2214 2399 2276 quatuor
2422 2210 2603 2272 partes
2639 2202 2780 2256 inter
2808 2201 3092 2271 praefectos
3119 2208 3172 2253 et
3195 2199 3494 2266 subjectos.

1921 2300 2178 2370 quoniam
2227 2297 2468 2367 aequales
2523 2295 2741 2350 labores
2793 2297 2846 2348 in
2899 2295 3039 2349 bello
3091 2302 3373 2361 ceperunt,
3431 2310 3496 2349 ex

1918 2409 2075 2463 aequo
2108 2391 2440 2445 dividantur.
2472 2388 2629 2454 Quod
2663 2389 2708 2443 si
2740 2388 2961 2458 quidam
2990 2404 3053 2442 ex
3091 2386 3366 2456 praefectis
3405 2395 3501 2441 aut

1919 2483 2274 2556 praestitibus,
2317 2490 2410 2534 aut
2442 2480 2585 2535 alius
2645 2479 2772 2548 quis
2831 2495 2894 2534 ex
2949 2479 3218 2533 militibus
3276 2487 3501 2533 strenue

1923 2586 2118 2646 praeter
2161 2583 2387 2629 caeteros
2421 2588 2481 2627 se
2525 2572 2758 2640 gesserit
2790 2572 2842 2624 in
2872 2572 3077 2640 praelii),
3114 2579 3226 2624 tum
3289 2586 3354 2625 ex
3401 2571 3502 2625 hac

1922 2681 2094 2738 parte,
2130 2682 2251 2736 quae
2298 2664 2574 2718 communi
2613 2665 2809 2717 azrario
2857 2663 3140 2724 tribuitur,
3195 2676 3387 2717 secure
3423 2661 3499 2715 illi

1918 2756 2136 2826 aliquod
2168 2770 2365 2810 munus
2405 2753 2579 2815 defer,
2617 2753 2761 2820 quod
2811 2751 3023 2820 justum
3053 2752 3147 2805 tibi
3178 2766 3503 2820 (equumque

1921 2849 2220 2902 videbitur.
2274 2845 2525 2898 Similem
2557 2845 2720 2898 etiam
2752 2845 2846 2912 qui
2883 2843 2952 2896 ad
2988 2842 3371 2911 impedimenta
3407 2858 3483 2896 cu

1921 2939 2205 2994 stodienda
2253 2936 2491 3006 separati
2518 2944 2648 2989 sunt
2686 2937 2992 3004 portionem
3041 2936 3298 3001 habeant,
3333 2951 3395 2992 ac
3426 2936 3502 2991 illi

1920 3031 2013 3101 qui
2062 3032 2114 3084 in
2167 3031 2375 3100 reliqua
2431 3028 2629 3084 militia
2693 3029 2935 3083 fuerunt.

1999 3304 2119 3357 195.
2163 3302 2452 3356 Exercitus
2504 3316 2570 3355 ex
2619 3299 2862 3370 equitatu
2907 3307 2962 3355 et
3015 3299 3254 3369 peditatu
3306 3300 3502 3356 mistus

1923 3396 2143 3466 corpori
2186 3395 2384 3450 similis
2424 3405 2527 3455 est,
2566 3392 2660 3462 qui
2699 3407 2958 3446 manuum
2987 3393 3106 3447 vice
3138 3392 3299 3446 habet
3333 3392 3500 3454 leves,

1926 3490 1976 3543 id
2024 3497 2127 3550 est,
2172 3487 2505 3556 sagittarios,
2554 3486 2911 3554 jaculatores,
2949 3493 3002 3543 et
3036 3484 3362 3539 funditores.
3398 3485 3502 3540 Pe-

1923 3580 2050 3631 dutn
2092 3578 2286 3638 instar,
2333 3577 2571 3644 equites.
2615 3574 2834 3644 Capitis
2875 3584 3080 3640 autem,
3125 3582 3199 3637 te,
3239 3574 3331 3643 qui
3367 3590 3504 3643 prmo

1923 3670 2118 3737 cipuus
2163 3683 2226 3722 ex
2277 3667 2534 3722 omnibus
2574 3682 2656 3721 es.
2709 3665 3066 3735 Reliquorum
3122 3667 3495 3719 membrorum

1883 3766 1887 3773 '
1925 3762 2116 3821 instar,
2168 3771 2386 3827 graves,
2427 3756 2478 3810 id
2521 3763 2628 3820 est,
2680 3763 2949 3819 scutatos,
2984 3754 3076 3823 qui
3116 3755 3378 3825 integram
3414 3770 3503 3808 ar-

1926 3860 2193 3903 maturam
2227 3856 2462 3918 geSIant.
2492 3848 2676 3916 Itaque
2707 3854 2787 3909 ιιι,
2830 3847 2987 3915 quasi
3018 3859 3202 3915 caput,
3250 3861 3501 3915 magnam

1926 3955 2113 3996 curam
2174 3940 2376 3994 habere
2426 3939 2616 4001 debes,
2669 3951 2782 3993 tttm
2821 3939 2896 3992 tui
2930 3938 3126 4006 ipsius,
3163 3945 3276 3991 tum
3334 3939 3502 3993 totius

1927 4036 2090 4088 etiam
2117 4034 2364 4101 corporis
2400 4050 2411 4085 :
2449 4032 2636 4101 illique
2676 4032 2933 4086 similiter
2966 4041 3080 4085 tum
3117 4031 3216 4096 tui,
3258 4039 3372 4084 tum
3410 4030 3498 4086 sui

1929 4131 2173 4199 ipsorum
2217 4142 2436 4197 quoque
2487 4141 2676 4180 curam
2731 4135 2947 4196 gerant.

2000 4225 2117 4278 194.
2163 4222 2306 4277 Utile
2345 4231 2524 4275 autem
2573 4221 2676 4275 hoc
2729 4219 2783 4273 in
2848 4219 3040 4289 primis
3100 4219 3242 4273 bello
3285 4228 3391 4282 est,
3455 4219 3503 4273 si

1923 4317 2226 4369 exercitum
2281 4329 2538 4383 maguum
2577 4313 2744 4368 certis
2779 4313 2845 4366 de
2875 4312 3060 4365 causis
3115 4312 3380 4366 minorem
3425 4312 3504 4377 vi,-

1925 4407 2042 4462 deri
2097 4409 2274 4478 cupis,
2309 4417 2369 4461 ut
2398 4407 2757 4462 contubernia
2799 4408 2944 4460 inter
2984 4423 3043 4461 se
3073 4407 3299 4474 jungas,
3353 4416 3405 4460 ct
3446 4407 3501 4460 in

1927 4515 2092 4554 uuam
2148 4498 2485 4562 camardam,
2517 4513 2680 4568 quam
2715 4507 2934 4559 vocant,
2988 4497 3098 4550 duo
3141 4496 3501 4550 contubernia

238 4599 491 4666 ποιήσεις
521 4596 918 4678 ἀναπαύεσθαι,
947 4597 1042 4649 καὶ
1071 4595 1140 4650 τὰ
1163 4597 1300 4650 ὅπλα
1326 4597 1384 4651 δὲ
1412 4576 1689 4670 ἐπάλληλα
1710 4576 1815 4655 θεῖ-

1928 4589 2202 4654 conferas,
2251 4598 2304 4642 et
2360 4603 2510 4641 arma
2567 4603 2734 4657 prope
2775 4589 2917 4641 inter
2979 4603 3038 4642 se
3108 4587 3233 4657 poni
3283 4586 3498 4655 jubeas.

240 4708 330 4743 ναι
381 4689 680 4753 κελεύσεις.
730 4687 900 4744 Ὅταν
929 4688 985 4742 δὲ
1014 4689 1196 4757 ὀλίγον
1219 4689 1350 4760 ἔχῃς
1377 4693 1635 4760 στρατὸν,
1671 4694 1732 4746 τὸ
1761 4695 1820 4747 ἒν

241 4781 650 4851 κοντουεέρνιον
671 4781 1006 4851 διαμερίσεις
1037 4783 1116 4844 εἰς
1143 4781 1235 4834 δύο
1259 4782 1291 4852 ἢ
1317 4783 1410 4835 καὶ
1437 4783 1652 4838 πλείονα
1675 4788 1818 4840 κατὰ

243 4872 585 4942 στρατιώτην
615 4911 629 4934 ,
685 4873 780 4926 καὶ
829 4870 1002 4934 οὓτως
1050 4873 1255 4942 πλῆθος
1302 4875 1580 4940 φανεῖται,
1620 4877 1704 4928 ἵνα
1741 4878 1814 4947 μὴ

241 4963 332 5015 διά
377 4962 478 5031 τὴν
524 4963 814 5031 ὀλιγότητα
863 4962 1333 5033 καταφρονηθεὶς,
1388 4966 1597 5036 ταχέως
1628 4969 1682 5021 δὲ
1728 4969 1823 5021 τοῦ

243 5053 508 5107 ἀπλίκτου
545 5052 839 5123 μεταστὰς,
872 5055 952 5116 είς
976 5054 1163 5123 ἓτερον
1192 5054 1491 5128 ἀπελεύσῃι
1529 5060 1622 5111 καὶ
1649 5059 1823 5124 οὕτως

241 5147 370 5209 τοὺς
400 5146 694 5214 πολεμίους
723 5144 1056 5216 καταμαθὼν
1085 5148 1176 5200 τὸν
1203 5147 1438 5217 πόλεμον
1469 5150 1734 5221 συνάψῃς.

319 5331 453 5397 ριιεν.
472 5324 604 5379 Ἀπὸ
627 5324 738 5378 τῶν
758 5324 1159 5396 πεπλασμένως
1183 5329 1482 5399 γινομένων
1503 5331 1624 5383 κατ’
1641 5330 1823 5386 αὐτῶν

246 5416 566 5486 προσὸολῶν
613 5417 662 5469 οἱ
701 5416 1034 5487 στρατιῶται
1075 5417 1377 5488 ἐθιζόμενοι
1409 5421 1820 5492 άκατάπληκτοι

245 5510 488 5578 γίνονται
522 5509 660 5578 πρὸς
683 5509 753 5563 τὰ
774 5507 950 5578 ἀληθῆ
972 5549 986 5573 ,
1027 5503 1138 5562 οἷον
1169 5510 1588 5582 ψευδοόοηθείας
1623 5514 1824 5584 μέρους

245 5601 390 5663 τινὸς
419 5600 746 5672 ἐπελθούσης
776 5602 917 5657 κατά
943 5602 1128 5672 ἑτέρου
1155 5603 1318 5656 πάλιν
1349 5604 1822 5676 ψευδοπροδοσίας,

247 5693 281 5762 ἢ
317 5691 853 5762 ψευδοεγκρύμματα
876 5732 892 5758 ,
948 5695 980 5764 ἢ
1014 5693 1403 5763 ψευδοκτύπων
1440 5696 1534 5749 καὶ
1566 5697 1742 5766 ἤχων,
1786 5699 1820 5771 ἢ

244 5781 748 5852 ψευδοαυτομόλων,
786 5783 818 5851 ἢ
848 5781 1240 5851 ψευδοεφόδωνο
1271 5782 1445 5846 οὕτως
1471 5784 1579 5855 γάρ
1605 5786 1823 5857 ἐθισθή-

253 5890 457 5936 σονται,
494 5875 587 5926 καὶ
617 5874 718 5927 οὐκ
741 5875 1181 5947 ἐκπλαγήσονται
1209 5875 1466 5948 ἐξαίφνης
1495 5878 1698 5934 τούτων
1729 5882 1820 5935 καὶ

252 5964 465 6037 άληθῶς
491 5966 802 6037 γινομένων.

1927 4681 2158 4749 Quando
2222 4695 2448 4750 parvum
2499 4679 2668 4734 habes
2720 4681 3049 4742 exercitum,
3093 4694 3260 4730 unum
3303 4687 3500 4732 contu-

1925 4774 2174 4829 bernium
2229 4775 2280 4825 in
2329 4773 2441 4827 duo
2484 4772 2716 4838 divides,
2755 4781 2852 4826 aut
2891 4772 3053 4826 etiam
3110 4772 3286 4840 plura,
3330 4773 3373 4825 si
3426 4772 3498 4824 ita

1923 4880 2057 4919 usus
2116 4863 2276 4928 ferat,
2316 4873 2479 4933 atque
2529 4864 2664 4917 adeo
2718 4863 2894 4932 major
2953 4879 3217 4918 numerus
3246 4881 3368 4919 esse
3419 4868 3501 4918 vi-

1926 4957 2163 5017 deberis.
2199 4965 2258 5010 ut
2297 4971 2364 5010 ne
2393 4963 2616 5025 propter
2649 4955 2982 5025 paucitatem
3027 4958 3362 5026 contemptui
3406 4950 3503 5010 hol

1927 5047 2106 5104 stibus
2144 5049 2243 5104 sis.
2291 5048 2559 5103 Celeriter
2589 5055 2768 5101 autem
2807 5048 2874 5100 ab
2918 5062 3028 5100 uno
3077 5047 3197 5102 loco
3249 5049 3301 5100 in
3331 5050 3498 5102 alium

1927 5151 2108 5196 castra
2169 5141 2432 5205 movebis,
2467 5150 2526 5193 ut
2580 5138 2821 5194 hostium
2871 5139 2980 5192 vim
3038 5141 3111 5192 ita
3157 5155 3499 5211 cognoscens

1926 5249 2050 5288 cum
2109 5235 2217 5287 illis
2256 5233 2444 5302 praelio
2489 5231 2738 5305 dimices.
2971 5255 2985 5290 ι
3135 5295 3155 5311 ,

1999 5327 2120 5380 195.
2154 5325 2322 5379 Fictis
2350 5335 2402 5378 et
2433 5323 2707 5379 simulatis
2744 5322 3142 5394 irruptionibus
3177 5323 3376 5378 milites
3407 5338 3499 5378 as-

1929 5418 2183 5480 suefacti,
2236 5416 2448 5470 facilius
2488 5424 2543 5470 et
2579 5415 2887 5470 strenuius'
2914 5429 3070 5468 veras
3113 5414 3498 5481 sustinebunt;

1930 5517 1988 5564 ιιι
2040 5507 2280 5577 [ιι-ωεὶάἱί
2335 5513 2491 5576 parte
2541 5505 2710 5559 altera
2786 5513 2975 5558 contra
3033 5503 3258 5557 alteram
3317 5503 3498 5557 dedita

1930 5617 1958 5656 a
2005 5594 2166 5656 nobis
2201 5612 2364 5669 opera
2390 5590 2723 5659 constituta,
2766 5603 2858 5650 aut
2891 5594 3220 5664 proditione,
3258 5583 3497 5663 insidiis,

1928 5692 2280 5756 clamoribus,
2333 5689 2590 5758 strepitu,
2627 5685 2948 5757 transfugis,
2980 5685 3408 5750 incursionibus,
3443 5693 3499 5740 ct

1930 5787 2053 5840 aliis
2080 5780 2390 5853 huiusmodi
2418 5779 2689 5837 simulatis
2714 5789 2768 5834 ct
2794 5777 2936 5832 ﬁctis
2956 5776 3267 5838 exercitati,
3290 5790 3319 5828 a
3354 5776 3497 5830 veris

1929 5875 2346 5940 certaminibus,
2402 5872 2450 5930 si
2506 5870 2724 5943 quando
2769 5869 3034 5934 incidant,
3094 5883 3203 5924 non
3234 5865 3498 5922 abhorre-

1927 5970 2081 6027 bunt.
