4200 6438
780 430 914 496 1067

773 635 953 704 putari
1007 633 1183 687 debet.
1220 630 1450 696 Quando
1502 630 1568 683 ad
1606 630 1720 683 lora
1772 644 2003 686 arenosa
2030 640 2084 687 et
2117 633 2343 688 minime

776 740 1031 797 portuosa
1085 727 1315 780 classem
1390 735 1537 779 tuam
1595 724 1807 777 navalis
1876 726 2045 794 prmlii
2097 735 2342 795 tempore

774 822 1145 890 applicaturus
1197 834 1278 880 es,
1319 831 1508 872 saccos
1555 816 1753 869 multos
1804 831 1969 870 arena
2018 820 2340 887 complebis,

768 922 820 964 t'l.
864 912 1086 965 funibus
1114 925 1210 964 eos
1240 921 1374 979 quot
1406 908 1540 961 satis
1576 922 1698 961 esse
1728 907 2063 962 videbuntur
2118 926 2182 964 ex
2214 925 2344 963 una-

768 1018 986 1071 quaque
1041 1003 1251 1056 triretni
1290 999 1632 1071 propendere
1686 998 1916 1063 faciens,
1948 1003 2111 1071 quasi
2154 1004 2344 1057 ferrem

767 1096 1019 1149 anchora!
1076 1103 1278 1158 essent,
1313 1102 1366 1147 et
1418 1094 1507 1147 ubi
1558 1094 1706 1147 hunc
1749 1095 1901 1162 quasi
1955 1104 2170 1161 portum
2239 1098 2339 1149 tibi

768 1187 1091 1252 confeceris,
1145 1203 1208 1240 ex
1246 1201 1311 1241 eo
1340 1186 1463 1239 loco
1522 1195 1687 1240 noctu
1729 1200 2075 1255 progressus,
2132 1190 2345 1243 consti-

769 1286 941 1332 tutam
979 1277 1349 1331 incursionem
1390 1276 1569 1331 facere
1618 1278 1843 1346 poteris.

837 1368 959 1423 197.
1019 1368 1159 1420 Loca
1215 1370 1361 1422 sicca
1394 1378 1556 1436 atque
1584 1369 1730 1422 arida
1766 1372 2119 1435 transiturus,
2148 1386 2343 1440 aquam

766 1470 1024 1524 quautam
1059 1468 1211 1527 potes
1244 1471 1424 1513 tecum
1485 1457 1694 1526 perfer;
1732 1471 2003 1526 noctuque
2040 1476 2068 1513 a
2108 1476 2338 1529 vespera

767 1551 834 1604 atl
886 1566 1043 1603 mane
1092 1552 1194 1603 iter
1250 1549 1435 1614 facito,
1478 1549 1622 1604 diem
1672 1558 1860 1605 autem
1926 1561 2094 1605 totum
2154 1568 2346 1607 somno

770 1645 1105 1712 requietique
1165 1644 1295 1697 dato
1349 1661 1361 1696 :
1400 1644 1472 1697 ita
1527 1644 1636 1707 liet,
1674 1653 1733 1698 ut
1780 1646 1963 1699 minus
1996 1647 2240 1712 jumenta
2273 1646 2346 1700 si-

769 1738 927 1799 tiattt,
975 1747 1027 1791 et
1077 1737 1212 1790 satis
1267 1735 1466 1791 idonea
1526 1737 1623 1791 tibi
1680 1752 1835 1807 aquae
1880 1739 2036 1807 copia
2087 1739 2178 1792 sit.

838 1920 958 1975 198.
1005 1920 1278 1989 Auspiciis
1315 1920 1588 1975 exercitus
1614 1920 1743 1974 olim
1785 1921 2110 1990 casterisque
2147 1920 2339 1988 uujus-

766 2013 909 2065 modi
953 2011 1383 2065 divinationibus
1416 2013 1657 2065 animum
1704 2020 1759 2067 et
1795 2012 1953 2066 fidem
2003 2012 2336 2067 adhibebat:

765 2112 1106 2157 sternutante
1140 2111 1319 2157 autem
1354 2103 1612 2173 quodam,
1652 2104 1850 2159 milites
1886 2106 2069 2157 statim
2097 2104 2339 2159 demisso

766 2195 951 2249 animo
980 2204 1170 2258 erant,
1208 2195 1363 2265 quasi
1408 2196 1551 2249 malo
1594 2196 1779 2249 omine
1813 2196 2049 2263 quodam
2083 2197 2337 2264 objecta;

764 2286 910 2353 quod
962 2286 1261 2356 imperator
1301 2287 1745 2340 animadvertens
1779 2303 1793 2339 :
1835 2286 2054 2339 Minime
2098 2287 2295 2340 mirum
2321 2325 2336 2347 ,

764 2378 961 2447 inquit,
988 2387 1092 2437 est.
1127 2378 1171 2433 si
1204 2392 1270 2433 ex
1300 2384 1380 2430 tot
1412 2377 1907 2432 circumstantibus
1944 2394 2085 2432 unus
2119 2386 2335 2432 sternu-

764 2478 858 2522 tet.
893 2466 1007 2522 lloe
1035 2468 1399 2522 dictnm'cum
1435 2468 1550 2521 risu
1579 2483 1770 2522 omnes
1792 2476 2149 2537 exceperunt.
2175 2468 2338 2523 Risus

763 2567 943 2612 autem
979 2560 1222 2614 victoria:
1257 2559 1474 2629 signum
1506 2569 1611 2614 est.
1650 2560 1840 2627 Itaque
1886 2560 2125 2629 prudens
2169 2560 2340 2630 impe-

764 2659 913 2705 rator
942 2652 1046 2705 hoc
1088 2667 1246 2706 omen
1296 2662 1659 2715 convertens,
1697 2653 1930 2705 militum
1969 2653 2182 2707 animos
2227 2667 2341 2706 tua-

762 2757 1004 2811 gnopere
1035 2744 1316 2806 excitavit.

833 2832 955 2886 199.
999 2831 1134 2889 Vitle
1167 2848 1274 2903 quo
1297 2834 1385 2888 die
1414 2833 1542 2887 anni
1571 2843 1659 2887 aut
1695 2833 1900 2888 mensis
1936 2833 2220 2887 victoriam
2247 2832 2340 2885 ali-

762 2941 922 2993 tguam
967 2928 1285 2994 reportasti,
1328 2935 1381 2981 et
1411 2929 1602 2982 eodem
1631 2926 1718 2979 die
1748 2927 1942 2979 iterum
1971 2967 1985 2991 ,
2019 2926 2064 2979 si
2097 2926 2171 2979 ita
2204 2941 2339 2979 usus

771 3020 931 3081 ferat,
960 3018 1159 3071 bellum
1194 3018 1498 3087 suscipias,
1534 3025 1594 3069 tit
1629 3017 1923 3070 alacriores
1967 3017 2169 3071 milites
2205 3017 2338 3077 sint,

759 3120 815 3162 et
843 3111 1067 3163 meliore
1096 3124 1219 3161 cum
1249 3124 1345 3178 spe
1376 3110 1620 3177 prrelium
1659 3109 1862 3168 ineant,
1903 3116 1956 3160 et
1996 3116 2187 3176 putent
2230 3107 2337 3161 Deo

2017 433 2291 495 LEONIS
2331 437 2791 501 PHILOSOPIII

844 542 968 598 190.
1012 540 1229 595 Navalis
1268 537 1465 593 classis
1517 537 1621 593 hoc
1657 538 2013 594 memorabile
2047 542 2338 595 consilium
2375 551 2417 603 Α

2518 551 2665 615 ριις’.
2726 550 3018 619 Ἰστορήσω
3050 568 3132 605 σοι
3175 552 3270 605 καὶ
3304 553 3560 609 ναυτικοῦ
3602 556 3793 610 στόλου
3836 573 4039 627 στρατ-

2446 638 2659 708 ήγημα.
2694 641 2861 694 Ὅταν
2892 641 3002 711 γὰρ
3042 644 3121 705 είς
3149 642 3438 711 ἀλιμένους
3475 648 3570 699 καὶ
3594 647 3927 717 ψαμμώδης
3951 652 4041 703 τό·

2446 749 2579 795 πους
2614 734 2708 803 τὴν
2737 734 3003 787 ἀπόδασιν
3035 736 3235 808 μέλλῃς
3264 738 3320 787 ἐν
3344 738 3521 807 καιρῷ
3543 740 3809 808 ναυτικῆς
3838 758 4038 810 στρατ-

2447 825 2608 893 ηγίας
2630 864 2644 885 .
2698 826 2920 878 εί¹οὖτω
2948 827 3122 897 τύχοι,
3155 828 3501 896 ποιήσασθαι,
3534 832 3778 894 σάκκους
3802 833 4035 895 πολλοὺς

2447 918 2742 987 πληρώσας
2768 921 2951 988 ἄμμου
2979 962 2992 983 ,
3026 923 3120 974 καὶ
3152 924 3262 984 τοῖς
3294 924 3548 993 σχοινίοις
3580 927 3898 995 προσδήσας
3928 928 4036 979 ἀπὸ

2447 1012 2679 1064 ἑκάστου
2712 1013 2989 1081 δρόμωνος
3026 1014 3393 1084 ἐκκρεμάσας
3424 1018 3552 1079 τους
3580 1018 3895 1086 ἀρκοῦντας
3924 1022 4032 1073 οἱο-

2446 1104 2527 1154 νεὶ
2565 1104 2789 1174 σιδηρᾶς
2822 1105 3071 1172 ἀγκύρας
3094 1144 3107 1167 ,
3160 1107 3253 1158 καὶ
3288 1106 3463 1171 οὕτως
3492 1108 3584 1160 τὸν
3610 1110 3910 1177 λεγόμενον
3941 1130 4033 1163 πει

2447 1194 2774 1265 λαγολιμένα
2801 1197 3033 1263 ποιήσας
3064 1198 3301 1262 εὐκόλως
3332 1198 3475 1252 κατὰ
3504 1202 3609 1253 τῶν
3634 1204 3820 1255 τύπων
3843 1204 4033 1265 νυκτὸς

2447 1286 2681 1349 ἐξελθὼν
2701 1288 2800 1355 τὴν
2826 1286 3260 1359 βεσουλευμένην
3287 1306 3368 1343 σοι
3391 1291 3745 1359 καταδρομὴν
3762 1295 4029 1361 ποιήσεις.

2521 1382 2658 1449 pLg.
2718 1382 2931 1443 Τόπους
2977 1380 3231 1451 ἐνύδρους
3281 1382 3491 1449 μέλλων
3531 1382 3662 1435 ποτὲ
3705 1384 4029 1446 διαϐαίνειν,

2449 1472 2593 1541 ὕδωρ
2625 1473 2723 1540 μὲν
2749 1474 2873 1525 ὅσον
2898 1472 3120 1524 δυνατὸν
3152 1472 3459 1539 συνεπαγου
3485 1490 3499 1505 ο
3539 1475 3757 1543 νύκτωρ
3789 1475 3845 1526 δὲ
3883 1475 4030 1527 ποιοῦ

2447 1565 2543 1635 τὴν
2574 1564 2885 1632 ὁδοιπορίαν
2916 1564 3023 1616 ἀπὸ
3054 1564 3288 1633 ἑσπέρας
3319 1563 3424 1623 ἓως
3454 1564 3598 1635 πρωῒ
3621 1606 3635 1629 ,
3671 1566 3774 1635 τὴν
3802 1567 3861 1618 δὲ
3894 1567 4027 1633 ἠμέ-

2452 1674 2547 1727 ραν
2570 1656 2852 1709 καθεύδειν
2872 1656 3182 1724 προτρέπου
3209 1657 3329 1708 ἀντὶ
3350 1656 3447 1724 τῆς
3470 1658 3680 1720 νυκτός.
3712 1658 3907 1719 υύτως
3927 1659 4030 1727 γὰρ

2446 1745 2609 1820 ἦττον
2658 1746 2944 1816 διψήσουσι
2996 1746 3063 1799 τὰ
3106 1744 3256 1809 ζῶα,
3297 1747 3394 1799 καὶ
3427 1747 3709 1819 αὐτάρκης
3750 1765 3836 1799 σοι
3873 1752 4031 1819 γενήσ

2451 1860 2602 1895 σεται
2636 1843 2668 1910 ἡ
2704 1840 2797 1893 τοῦ
2820 1840 3013 1903 ὓδατος
3040 1838 3220 1909 χρεία.

2517 1938 2661 2003 ρῑκην.
2701 1934 3076 1992 υίωνιστικοῖς
3110 1932 3290 1997 λόγοις
3321 1928 3644 1999 προσέκειτο
3673 1934 3911 2000 στρατὸς
3940 1933 4029 1985 καὶ

2443 2026 2714 2096 σημείοις.
2742 2023 3003 2092 Πταρμοῦ
3031 2022 3087 2074 δὲ
3115 2022 3411 2091 γενομένου
3440 2022 3591 2089 παρά
3612 2039 3762 2096 τινος
3787 2023 4031 2089 ἠθύμουν

2441 2120 2489 2170 οἱ
2518 2116 2843 2187 στρατιῶται
2876 2113 2951 2174 ὡς
2980 2113 3073 2165 ἐπὶ
3099 2110 3323 2181 χαλεπῷ
3345 2111 3689 2180 οἰωνίσματι,
3726 2094 3848 2163 εἶτα
3884 2108 4030 2163 εἶπεν

2440 2214 2469 2264 6
2498 2208 2821 2279 στρατηγὸς,
2877 2208 2952 2258 Οὐ
2987 2204 3299 2273 θαυμαστὸν
3348 2204 3395 2255 εἰ
3435 2204 3705 2255 τοσούτων
3736 2204 4028 2274 πιριεστώ-

2440 2320 2546 2354 των
2581 2298 2661 2363 εἷς
2690 2301 2945 2368 ἔπταρεν.
2985 2297 3097 2349 Καὶ
3128 2294 3319 2347 τούτου
3342 2293 3655 2363 λεχθέντος,
3704 2295 3884 2361 γέλως
3915 2295 4028 2362 ἐγέ-

2438 2408 2559 2443 νετο
2586 2430 2599 2451 ,
2654 2388 2767 2440 ἔστι
2802 2388 2859 2439 δὲ
2902 2388 2929 2439 6
2962 2386 3136 2454 γέλως
3172 2384 3448 2454 σωτηρίας
3478 2383 3782 2453 δηλωτικὸς
3818 2403 4024 2453 σημαν-

2439 2485 2627 2536 τικ6ς’
2689 2483 2785 2536 καὶ
2831 2481 3006 2543 οὕτως
3054 2480 3301 2548 ἐχέφρων
3340 2477 3645 2548 στρατηγὸς
3673 2479 3737 2530 τὸ
3760 2479 4030 2547 οἰώνισμα

2442 2573 2737 2637 ἐναλλάξας
2783 2572 3007 2643 θαρῤεἰν
3052 2570 3178 2632 τοὺς
3213 2568 3554 2639 στρατιώτας
3584 2569 4024 2638 παρεσκεύασεν.

2514 2837 2654 2908 ρῑιιθ’.
2678 2838 2821 2908 Ὅρα
2844 2835 2933 2901 σὺ,
2959 2836 3045 2889 ἶνα
3080 2834 3175 2888 ἐὰν
3206 2834 3265 2887 ἐν
3296 2834 3478 2904 ἡμέρᾳ
3510 2833 3619 2885 τινὶ
3650 2832 3749 2885 τοῦ
3776 2828 4028 2885 ἐνιαυτοῦ

2440 2931 2473 3000 ἢ
2507 2929 2675 2999 μηνὸς
2703 2929 2895 2997 γέγονε
2919 2927 3043 2994 νίκη
3068 2966 3082 2989 ,
3120 2923 3335 2993 μέλλεις
3361 2923 3416 2976 δὲ
3450 2922 3586 2992 πρὸς
3616 2922 3860 2991 πόλεμον
3890 2938 4027 2988 συμ-

2442 3022 2680 3082 ϐάλλειν,
2720 3020 2836 3086 εἴγε
2862 3018 3083 3071 δυνατόν
3118 3034 3200 3068 σοι
3232 3017 3289 3067 ὲν
3315 3017 3451 3083 αὐτῇ
3480 3018 3542 3083 τεῇ
3568 3014 3775 3083 ἡμέραο
3816 3014 3915 3065 καὶ
3940 3010 4029 3065 αὖ.

2440 3113 2523 3175 θις
2574 3113 2676 3179 τῆς
2727 3109 2906 3177 μάχης
2953 3104 3305 3174 ἀπάρξασθαι
3349 3102 3730 3173 ἐπιτήδευσον,
3764 3101 3914 3153 ὥστε
3946 3102 4029 3153 εύ-

763 3202 998 3270 propitio
1025 3201 1212 3255 hostes
1241 3200 1432 3255 eodem
1455 3201 1543 3254 die
1575 3216 1633 3254 se
1669 3200 1720 3253 in
1759 3198 1941 3270 fugam
1984 3200 2179 3253 iterum
2215 3215 2335 3253 ver-

2443 3203 2664 3271 θαρσεῖς
2712 3195 2854 3251 εἶναι
2904 3198 3030 3259 τοὺς
3074 3194 3431 3265 στρατιώτας.
3487 3194 3594 3246 Καὶ
3638 3193 3779 3261 μετά
3817 3192 4027 3260 ἀγαθῆς

761 3308 942 3347 suros.
981 3294 1042 3347 Et
1070 3295 1135 3349 de
1171 3295 1291 3349 loco
1334 3296 1387 3347 in
1434 3309 1543 3362 quo
1577 3293 1700 3362 quis
1743 3293 1896 3357 vicit,
1941 3292 2195 3347 similiter
2220 3302 2335 3347 sta-

763 3386 1024 3439 tuendum
1050 3396 1153 3440 est.

827 3655 956 3709 9.00.
1000 3653 1143 3708 Nihil
1197 3663 1247 3708 te
1296 3669 1443 3723 quon
1479 3668 1622 3707 nunc
1668 3653 1793 3707 dico
1824 3654 2123 3722 perturbet.
2165 3652 2336 3707 Verus

760 3755 814 3799 et
851 3753 1112 3799 strenuus
1160 3745 1461 3815 imperator
1521 3746 1910 3815 cognoscitur.
1961 3748 2180 3813 quando
2229 3763 2335 3799 nou

760 3837 906 3905 quod
931 3837 982 3891 iit
1024 3852 1133 3891 rem
1158 3853 1314 3891 suam
1341 3847 1423 3891 est
1456 3839 1672 3906 qumrit,
1709 3838 1802 3892 sed
1836 3838 1980 3907 quod
2011 3855 2075 3892 ex
2107 3855 2204 3891 usu
2241 3856 2338 3907 ptt-

762 3930 905 3982 blico
945 3929 1178 3981 militum
1217 3936 1301 3983 est
1350 3929 1483 3981 illttd
1530 3939 1741 3999 spectat
1773 3948 1785 3983 :
1824 3947 1949 3984 nam
1988 3948 2110 3984 cum
2161 3933 2338 3984 salute

763 4021 978 4089 publica
1019 4036 1173 4075 suam
1207 4036 1427 4089 quoque
1464 4022 1697 4074 salutem
1743 4030 2021 4090 procurat.
2056 4023 2157 4075 Ubi
2191 4024 2335 4075 enim

763 4120 953 4182 pastor
973 4113 1118 4183 gregi
1147 4129 1247 4167 suo
1268 4115 1557 4185 diligenter
1576 4115 1865 4183 prospicit,
1889 4114 1936 4168 is
1954 4116 2333 4183 compendium

760 4222 825 4258 rx
854 4222 919 4259 eo
954 4205 1116 4260 habet
1147 4221 1161 4257 :
1194 4206 1275 4260 sin
1308 4221 1527 4275 gregem
1555 4207 1799 4277 negligit,
1834 4223 1943 4261 non
1976 4208 2138 4261 modo
2176 4221 2338 4259 verus

765 4307 951 4366 pastor
994 4312 1101 4350 non
1128 4297 1441 4363 habebitur,
1479 4297 1572 4353 sed
1602 4314 1765 4369 grege
1798 4300 2047 4369 neglecto
2076 4300 2337 4352 damnum

765 4390 866 4443 sibi
901 4391 1019 4457 ipse
1046 4392 1299 4445 accersit.

831 4566 958 4620 20!.
1003 4567 1057 4622 Si
1116 4567 1365 4628 hostibus
1411 4568 1607 4622 classis
1658 4566 1861 4631 fuerit,
1909 4577 1962 4621 ιιι
2003 4584 2125 4622 eum
2164 4568 2337 4637 capiis
2366 4564 2416 4622 D

765 4661 873 4715 tuis
903 4662 1209 4715 instructus
1234 4663 1478 4717 lunatam
1513 4666 1745 4718 classem
1789 4679 2041 4735 appares,
2066 4672 2120 4719 et
2146 4666 2343 4734 paulu-

764 4752 874 4803 lum
910 4752 1257 4806 retrocedere
1314 4754 1367 4806 in
1418 4754 1597 4807 tnetlio
1639 4754 1877 4807 videaris
1905 4772 1916 4806 :
1944 4753 1994 4806 id
2044 4755 2187 4807 enim
2232 4768 2361 4807 non.

763 4842 989 4895 omnino
1018 4842 1084 4896 ad
1115 4842 1456 4911 fugientium,
1490 4844 1583 4897 sed
1615 4853 1737 4912 post
1771 4844 1952 4912 fugam
1987 4844 2050 4898 ad
2090 4860 2341 4915 pugnatr-

762 4934 892 4987 tlum
941 4935 1121 5003 potius
1170 4936 1347 5001 valet;
1398 4945 1453 4989 et
1498 4944 1718 5004 paratas
1771 4937 1995 4989 habebis
2040 4954 2229 4998 naves.
2284 4946 2356 4991 ttt‘

763 5041 982 5079 rursum
1010 5027 1293 5093 proratim,
1327 5027 1373 5081 si
1408 5028 1459 5080 id
1484 5028 1783 5082 necessitas
1814 5028 2068 5097 postulet,
2102 5028 2223 5081 illos
2256 5029 2338 5081 in-

759 5118 949 5171 vadas.
981 5118 1169 5185 Neque
1203 5119 1347 5181 enim
1375 5119 1651 5175 audebunt
1685 5120 1738 5173 in
1784 5121 2071 5173 caritatem
2110 5119 2212 5173 luci
2254 5119 2338 5171 itt-

762 5209 936 5275 gredi,
970 5210 1231 5263 nimirum
1260 5210 1310 5264 id
1345 5211 1605 5268 timentes
1641 5228 1709 5266 ne
1730 5213 2240 5273 cireumelttdantur
2271 5216 2341 5269 ab

765 5303 1033 5358 hostibus.

831 5487 956 5542 9.09..
999 5486 1236 5541 Vit-toria
1267 5487 1364 5543 tibi
1399 5501 1428 5541 a
1459 5485 1568 5543 Deo
1595 5504 1879 5554 concessa,
1915 5505 1979 5544 ne
2008 5491 2191 5545 statim
2223 5499 2341 5544 tur-

764 5581 984 5635 lutlente
1015 5590 1067 5632 et
1102 5583 1331 5637 confuse
1364 5580 1489 5635 illos
1521 5583 1857 5651 insequaris.
1894 5583 1989 5637 sed
2025 5584 2167 5637 inter
2198 5585 2343 5639 inse-

2438 3294 2652 3355 ἐλπίδος
2671 3332 2687 3356 ,
2734 3291 2809 3353 ὡς
2845 3288 2964 3343 κατ’
3001 3289 3175 3355 αὐτὴν
3205 3287 3398 3357 ἑορτὴν
3428 3286 3527 3354 τῆς
3557 3285 3717 3353 νίκης
3753 3285 3850 3336 καὶ
3880 3280 4030 3347 αὗο·ς

2437 3385 2769 3454 δυναμένους
2806 3382 2949 3449 ἔχειν
2992 3381 3118 3442 τοὺς
3149 3378 3556 3447 προσϐαλόντας
3588 3376 3687 3443 τὴν
3716 3375 3875 3429 θείαν
3907 3377 4028 3445 βοή-

2440 3478 2614 3529 θειαν.
2665 3473 2896 3542 Ὁμοίως
2944 3470 2999 3525 δὲ
3049 3470 3143 3523 καὶ
3190 3471 3283 3522 ἐπὶ
3326 3468 3495 3520 τύπου
3552 3468 3610 3518 ἐν
3644 3459 3690 3532 ᾧ
3729 3468 4027 3537 νενίκηκάς

2440 3584 2589 3627 ποτε.

2510 3664 2575 3709 σ’.
2594 3654 2833 3725 Θροείτω
2858 3653 2914 3705 δέ
2949 3669 3005 3705 σε
3041 3652 3205 3721 μηοὲν
3232 3651 3259 3703 ὃ
3286 3651 3464 3722 μέλλω
3489 3652 3690 3719 λέγειν·
3722 3653 3809 3704 ὃτι
3837 3668 4029 3720 στρατ-

2440 3749 2572 3818 ηγὺς
2618 3745 2822 3816 ἀληθὴς
2893 3746 2986 3797 καὶ
3039 3745 3260 3814 ἄριστος
3310 3743 3434 3795 τότε
3483 3743 3849 3810 γινώσκεται,
3908 3745 4027 3795 ὅταν

2447 3844 2521 3913 μὴ
2556 3842 2616 3895 τὸ
2643 3840 2836 3894 δοκοῦν
2870 3839 3020 3909 αύτῷ
3050 3838 3179 3892 ἴδιον
3210 3837 3489 3908 συμφέρον
3520 3838 3818 3907 ἐργάζεται
3852 3838 4026 3906 μόνον,

2441 3936 2578 3988 ἀλλὰ
2610 3935 2703 3987 καὶ
2735 3934 2803 3986 τὰ
2832 3934 2990 3985 κοινὰ
3027 3932 3123 3985 καὶ
3161 3929 3513 3999 συμφέροντα
3548 3931 3659 3991 τοῖς
3690 3930 4028 3998 ὑποχειρίοις

2442 4026 2908 4098 πραγματεύεται.
2968 4022 3153 4085 Οὕτως
3189 4021 3296 4091 γὰρ
3342 4020 3481 4089 μετὰ
3508 4020 3602 4073 τοῦ
3634 4024 3787 4090 κοινῇ
3828 4023 4028 4088 συμξξ-

2445 4137 2629 4191 ροντος
2682 4119 2775 4171 καὶ
2823 4118 2917 4171 τοῦ
2966 4116 3097 4169 ἰδίου
3138 4114 3418 4179 τεύξεται’
3460 4115 3591 4167 ὅταν
3622 4114 3733 4181 γὰρ
3768 4116 3798 4166 6
3829 4113 4026 4181 ποιμὴν

2441 4209 2542 4277 τῆς
2568 4209 2801 4277 ποίμνης
2832 4206 3198 4276 ἐπιμελεῖται,
3237 4205 3336 4272 τῆς
3369 4205 3563 4257 ἑαυτοῦ
3595 4204 3871 4273 ὠφελείας
3896 4222 4029 4272 rap-

2442 4303 2615 4364 αίτιος
2643 4302 2851 4369 γίνεται
2878 4316 2890 4329 ⁸
2928 4300 2979 4352 si
3012 4300 3067 4351 δὲ
3099 4297 3306 4365 ταύτης
3338 4296 3737 4366 καταμελήσοι,
3771 4297 3838 4349 ού
3874 4298 4029 4365 μόνον

2444 4393 2649 4463 ποιμὴν
2679 4392 2885 4463 ἀληθὴς
2918 4392 2978 4445 ού
3007 4392 3313 4457 λογίζεται,
3353 4390 3493 4441 ἀλλά
3529 4390 3625 4441 καὶ
3659 4389 3758 4459 τὴν
3794 4390 4029 4456 ποίμνην

2446 4486 2809 4555 ζημιούμενος
2862 4485 2956 4553 τῆς
2997 4483 3057 4547 ἐξ
3086 4482 3252 4551 αὐτῆς
3287 4482 3555 4549 ὠφελείας
3598 4482 4023 4551 στερηθήσεται.

2516 4583 2619 4632 σα⁹.
2660 4576 2930 4644 Πολεμίου
2964 4576 3092 4628 ποτὲ
3123 4574 3380 4628 ναυτικοῦ
3414 4575 3603 4627 στόλου
3654 4573 3794 4641 μετά
3827 4572 4028 4631 οἰκείας

2440 4668 2726 4737 δυνάμεως
2774 4666 3033 4734 ναυτικῆς
3076 4665 3379 4733 ὑποχωρῶν
3421 4662 3725 4732 στρατηγὸς
3766 4663 4022 4731 μηνοειδῆ

2442 4760 2747 4829 παράταξιν
2812 4757 3135 4823 ποιούμενος
3193 4756 3585 4825 ύποστρεφέτω
3641 4753 3826 4805 πλέων
3888 4753 4028 4804 κατὰ

2442 4852 2728 4923 πρύμναν,
2782 4850 2876 4903 καὶ
2909 4849 3083 4912 οὕτως
3128 4846 3572 4917 ἀποχωρίζεσθαι
3606 4844 3716 4897 τῶν
3749 4844 4025 4912 πολεμίων

2444 4943 2783 5015 βουλευέσθω
2808 4961 2819 4973 ·
2874 4946 2968 4995 καὶ
3002 4943 3109 5008 γὰρ
3142 4941 3203 4992 ού
3239 4937 3478 5006 φεύγων,
3514 4936 3653 4989 ἀλλά
3685 4935 4027 5005 φυγομαχῶν

2445 5039 2697 5109 ἑτοίμους
2727 5036 2838 5101 ἕξει
2866 5037 2963 5098 τὰς
2992 5032 3123 5096 ναῦς
3144 5075 3157 5095 ,
3197 5034 3289 5085 καὶ
3320 5027 3473 5093 αὖθις
3507 5029 3759 5081 ἐπελθεῖν
3791 5033 3904 5091 τοῖς
3938 5048 4029 5080 που

2446 5129 2657 5199 λεμίοις
2715 5126 2857 5181 κατά
2910 5124 3168 5193 πρῶραν·
3225 5124 3341 5189 εἴγε
3393 5122 3486 5174 καὶ
3518 5121 3712 5173 τούτου
3752 5122 3914 5189 χρεία
3943 5123 4029 5187 τέ-

2447 5237 2627 5289 νηται,
2666 5218 2762 5278 τὰς
2794 5214 3019 5284 πρώρας
3051 5213 3188 5284 ἔχων
3220 5213 3357 5282 πρὸς
3384 5210 3603 5273 αύτούς.
3636 5212 3746 5261 Καὶ
3777 5211 3887 5278 γὰρ
3914 5212 4029 5262 οὐδὲ

2449 5312 2815 5380 θαρσήσουσιν
2845 5309 2903 5361 ὲν
2930 5307 3008 5377 τῷ
3029 5306 3331 5377 κοιλώματι
3355 5304 3618 5358 εἰσελθεῖν
3639 5303 3737 5373 τὴν
3759 5304 4027 5355 κύκλωπν

2450 5398 2811 5471 ὑφορώμενοι.

2522 5492 2623 5562 οβ’.
2654 5490 2830 5559 Νίκης
2860 5506 2938 5541 σοι
2968 5487 3117 5559 παρὰ
3144 5486 3278 5539 Θεοῦ
3304 5485 3605 5555 διδομένης,
3638 5485 3714 5555 μὴ
3746 5485 4026 5554 σφαλερῶς

2453 5586 2545 5639 καὶ
2575 5582 2829 5652 ἀκρατῶς
2862 5581 3020 5634 δίωκε
3050 5580 3175 5643 τοὺς
3204 5579 3518 5648 πολεμίους.
3563 5578 3728 5631 Ἀλλὰ
3753 5579 4023 5645 φυλάσσου

762 5672 1039 5737 quendmn
1071 5690 1135 5725 ne
1160 5674 1410 5729 conversi
1445 5682 1497 5727 te
1528 5690 1720 5729 rursus
1747 5674 2067 5729 adoriantur
2090 5676 2342 5745 provide-

2448 5680 2543 5740 τὰς
2574 5674 2919 5745 ὑποστροφὰς
2949 5671 3147 5726 αὐτῶν.
3184 5672 3247 5725 'H
3276 5672 3383 5742 γὰρ
3414 5671 3662 5741 ἀκρατὴς
3699 5669 3885 5735 δξωξις
3913 5670 4019 5721 δια-

766 5764 866 5815 his.
884 5760 1016 5815 Nam
1035 5765 1204 5817 elfusa
1224 5776 1276 5817 et
1298 5766 1666 5835 intemperans
1685 5766 2339 5838 iuseclatio,opportunos

770 5852 835 5906 ad
868 5852 1220 5909 offensionem
1256 5856 1382 5913 facit
1413 5871 1506 5912 eos
1537 5859 1627 5925 qui
1663 5859 2043 5926 insequuntur.

2448 5770 2651 5822 λύουσα
2691 5768 2789 5838 τὴν
2822 5768 2973 5833 τάξιν
3013 5764 3428 5827 ἑπιόουλευτοϋς
3473 5762 3691 5833 ποιήσει
3727 5764 3855 5825 τοὺς
3898 5760 4013 5815 6am-

2449 5877 2660 5923 κοντας.
