4184 6440
185 418 322 483 1069

161 624 340 682 λιστα,
382 623 682 690 ἀναχωρῶν
715 623 821 674 ἀπὸ
851 623 946 691 τῆς
982 623 1245 693 πολεμίας
1277 625 1403 687 τοὺς
1433 625 1739 695 εὐρώστους

160 711 249 760 καὶ
285 709 604 779 ρωμαλέους
630 709 738 762 τῶν
781 713 1132 781 στρατιωτῶν
1163 712 1387 765 ὄπισθεν
1411 715 1469 768 ὲν
1514 716 1578 783 τῇ
1614 715 1740 784 ούρ-

160 802 292 870 αγία
340 803 505 856 τάσσε
533 818 547 832 ·
596 805 682 855 ἴνα
725 805 972 866 καὶτοὺς
1006 806 1409 875 ἐπερχομένους
1452 806 1742 875 πολεμίους

159 893 481 961 ἀμύνωνται
507 894 751 959 ὄπισθεν,
780 897 875 948 καὶ
911 897 1094 965 μηδεὶς
1124 897 1300 968 φεύγῃ
1332 897 1640 967 ἔμπροσθεν
1669 899 1742 968 μή

160 985 378 1054 τολμῶν
409 987 698 1055 παρελθεῖν
729 988 826 1056 τὴν
860 988 955 1057 σὴν
982 987 1297 1059 ἐνδοξότητα
1324 990 1744 1059 παρατεταγμέ-

162 1097 260 1149 νην
298 1081 394 1132 καὶ
420 1079 487 1132 δι’
515 1081 840 1150 ἀμφοτέρων
867 1083 1114 1152 τηρεῖται
1139 1083 1172 1152 ἡ
1194 1083 1346 1148 τάξις
1373 1084 1621 1154 ἀσφαλὴς
1654 1084 1745 1136 καὶ

162 1173 230 1241 ἀρ
239 1176 464 1241 ρηκτος.

233 1266 332 1318 σδ’.
373 1266 491 1317 Ἰνα
523 1265 714 1336 ῥώμην
760 1267 901 1320 κατά
930 1267 1039 1320 τῶν
1077 1268 1352 1337 πολεμίων
1395 1269 1627 1340 ὲνθὴσῃς
1669 1267 1746 1338 τῷ

164 1358 539 1428 στρατεύματι
573 1357 917 1428 παράγγελλε
949 1359 1167 1422 αὐτοὺς,
1195 1357 1280 1411 ἵνα
1308 1360 1355 1410 εί
1382 1359 1480 1428 μὲν
1517 1357 1747 1425 βοῶντες

163 1450 492 1518 ἐπέρχονται
525 1450 710 1511 αὐτοῖς
743 1450 792 1501 οἱ
841 1449 1091 1517 πολέμιοι
1133 1451 1191 1502 ὲν
1238 1452 1304 1520 τῇ
1356 1449 1598 1520 συμϐολῇ
1650 1451 1748 1517 τῆς

171 1542 356 1611 μάχης
399 1541 662 1610 δέχωνται
687 1541 886 1602 αὐτοὺς
921 1540 1060 1609 μετά
1093 1541 1323 1611 σιωπῆς.
1369 1540 1494 1593 Ἑάν
1517 1541 1572 1592 δὲ
1604 1542 1746 1592 ἐκεῖ·

164 1654 244 1687 νοι
271 1634 385 1703 (60)
425 1635 563 1704 μετά
599 1635 808 1702 σιωπῆς
854 1634 1218 1703 ἐπέρχωνται,
1268 1635 1391 1687 τότε
1447 1635 1584 1704 μετά
1619 1635 1748 1705 βοῆς

166 1727 261 1780 καὶ
299 1727 549 1797 κραυγῆς
579 1727 626 1777 οἱ
658 1726 740 1778 σοὶ
769 1726 1222 1788 ἀντεξελαύνουσι
1249 1726 1368 1778 κατ’
1400 1726 1602 1779 αὐτῶν.

235 1826 333 1871 σε’.
383 1819 552 1871 Ὀταν
581 1819 793 1898 ἀπορῇς
855 1817 1183 1882 ἐξοπλίσεως
1225 1818 1332 1870 τῶν
1381 1818 1749 1889 στρατιωτῶν,

1271 423 1601 485 TACTICA.
1639 452 1706 464 -
1742 427 2247 490 CONSTITUTIO
2283 430 2410 490 XX.

230 536 335 596 στ’.
363 528 648 598 Νουνεχῶς
676 529 891 599 διέρχου
925 529 1012 583 διὰ
1039 530 1240 584 στενῶν
1266 534 1467 597 τόπων,
1502 535 1598 585 καὶ
1636 535 1737 604 μά·
1767 544 1813 598 Α

3297 431 3429 496 ῙΟΤΟ

1912 537 2037 590 9.03.
2080 538 2496 606 Circumspecte
2534 538 2653 593 loca
2693 547 2922 608 angusta
2963 539 3247 594 transibis.
3279 541 3433 606 Quod

1845 629 1891 684 si
1917 630 1986 682 ab
2017 629 2265 683 hostibus
2293 631 2639 696 discesseris,
2665 633 2917 685 robustos
2945 648 3008 685 ac
3036 640 3296 688 strenuos
3327 634 3431 686 mi-

1847 721 1968 776 lites
1995 737 2024 774 a
2052 729 2206 791 tergo
2234 721 2286 774 in
2314 733 2558 777 extremo
2585 723 2827 794 agmine,
2861 738 3025 792 quam
3052 726 3315 795 οὐραγίαν
3341 743 3438 780 vo-

1845 820 2006 876 cant,
2040 813 2338 866 collocabis
2360 853 2374 877 ,
2407 822 2466 866 ut
2508 816 2858 869 incursantes
2891 815 3075 870 hostes
3107 817 3317 884 possint
3350 833 3438 871 re-

1846 905 2045 974 pellere
2078 923 2090 958 :
2123 915 2175 960 et
2207 920 2371 960 nemo
2401 906 2454 960 in
2485 907 2820 961 anteriorem
2854 918 3060 976 partem
3096 908 3267 978 fugiat
3293 949 3306 969 ,
3341 911 3434 964 ubi

1848 1005 1902 1050 ιιι
1925 998 2229 1052 instructus
2259 999 2389 1052 eris.
2422 999 2608 1068 Itaque
2644 1001 2902 1068 utrinque
2943 1001 3219 1054 exercitus
3249 999 3438 1056 firmus

1849 1103 1913 1143 ac
1946 1089 2189 1143 munitus
2221 1092 2347 1144 erit.

1917 1266 2043 1320 20$.
2087 1266 2160 1321 Ut
2205 1266 2373 1321 robur
2413 1268 2680 1322 exercitui
2735 1267 2948 1322 inseras
2995 1266 3248 1338 praecipe,
3294 1279 3350 1319 ut
3397 1268 3441 1318 si

1851 1359 2034 1413 hostes
2063 1373 2188 1413 cum
2217 1360 2458 1414 clamore
2487 1368 2681 1413 contra
2714 1369 2838 1414 tuos
2862 1359 3105 1420 veniant,
3137 1360 3213 1411 tui
3248 1359 3433 1411 statim

1851 1466 1977 1504 cum
2008 1453 2225 1508 silentio
2251 1462 2304 1507 et
2336 1454 2715 1508 taciturnitate
2747 1453 3060 1523 prrecedaut
3091 1469 3104 1504 :
3136 1453 3219 1505 sin
3255 1453 3331 1504 illi
3365 1452 3409 1506 si

1853 1543 2024 1599 lentes
2053 1560 2117 1598 ac
2151 1545 2303 1598 taciti
2335 1546 2766 1608 ambulaverint,
2798 1556 2908 1598 tum
2941 1545 3184 1598 clamore
3215 1558 3277 1596 ac
3310 1541 3439 1597 stri-

1852 1636 1986 1692 dore
2017 1652 2298 1692 armorum
2333 1637 2411 1691 tui
2443 1637 2565 1692 illos
2597 1637 2879 1691 invadant.

1923 1815 2048 1869 205.
2088 1816 2185 1871 Ubi
2218 1825 2494 1870 armatura
2525 1832 2673 1888 eges,
2704 1817 2770 1872 iis
2802 1817 3089 1885 divitibus,
3122 1833 3228 1872 non
3263 1819 3354 1888 qui
3389 1819 3444 1872 in

164 1913 277 1972 τοῖς
312 1909 566 1978 εὐπόροις
601 1909 717 1977 μὲν,
754 1907 828 1977 μὴ
863 1910 1307 1978 στρατευομένοις
1328 1909 1406 1974 δὲ,
1439 1910 1755 1973 κέλευε,ὲάν

1867 1910 2050 1977 przelio
2080 1919 2242 1972 sunt,
2275 1910 2368 1964 sed
2403 1911 2493 1980 qui
2527 1927 2554 1964 a
2590 1911 2772 1981 prtelio
2805 1912 3037 1976 absunt,
3073 1911 3303 1980 prmeipe
3337 1931 3351 1966 :
3387 1921 3445 1965 ut

170 2003 245 2070 μὴ
275 2001 574 2070 βούλωνται
603 1998 1020 2070 στρατεύεσθαι,
1050 2001 1311 2070 παρέχειν
1333 2001 1560 2054 ἕκαστον
1585 2003 1748 2056 ἵππον

165 2098 283 2149 ἀντὶ
310 2095 502 2147 ἑαυτοῦ
540 2097 633 2146 καὶ
663 2096 833 2165 ἄνδρα
854 2111 865 2123 ·
894 2097 990 2149 καὶ
1023 2095 1198 2158 οὕτως
1235 2096 1288 2151 οἵ
1313 2113 1370 2148 τε
1398 2095 1626 2164 πένητες
1655 2095 1748 2148 ἀν-

164 2189 336 2258 δρεῖοι
378 2187 834 2256 ὁπλισθήσονται,
871 2187 925 2238 οἶ
969 2205 1028 2240 τε
1083 2186 1328 2240 πλούσιοι
1364 2188 1455 2239 καὶ
1496 2187 1748 2256 ἄνανδροι

165 2279 511 2331 δουλεύσουσι
540 2278 660 2330 κατ’
693 2279 915 2346 ἰσότητα
955 2277 1064 2330 τῶν
1100 2279 1568 2347 στρατευομένων.

235 2380 348 2437 ag’.
379 2374 532 2442 Ἀμα
557 2373 668 2434 τοῖς
699 2371 1084 2442 καϐαλλαρίοις
1116 2373 1207 2424 καὶ
1239 2371 1468 2440 πεζικὴν
1490 2370 1752 2439 ἐπιφερό-

169 2483 334 2536 μενος
369 2464 630 2535 στρατιὰν
667 2463 1082 2533 συνεποχεῖσοαι
1117 2462 1286 2532 αὐτὴν
1327 2465 1383 2515 ὲν
1424 2463 1532 2524 τοῖς
1567 2462 1752 2524 ἵπποις

165 2558 429 2619 πολλάκις
482 2555 668 2609 κέλευε
729 2555 970 2622 δηλονότι
1025 2555 1268 2624 ἐλαφρὴν
1315 2554 1564 2617 ὅπλισιν,
1614 2555 1750 2623 ὅπερ

164 2650 282 2703 δέον
311 2651 569 2716 ἔχοντας,
599 2647 694 2699 καὶ
719 2649 833 2709 τοῖς
865 2648 1024 2700 ποσὶν
1059 2647 1226 2711 ὀξέως
1263 2649 1480 2716 τρέχειν
1518 2646 1752 2714 δυναμέο

166 2759 310 2805 νους.
339 2741 547 2802 Οῖτινες
573 2741 630 2791 ἐν
656 2738 963 2808 ἐπικαίροις
1001 2739 1186 2801 τόποις
1214 2739 1475 2807 εὓρωστοι
1506 2755 1754 2807 καταπηο

165 2835 430 2903 δήσαντες
473 2829 583 2884 ἀπὸ
623 2827 731 2880 τῶν
771 2829 954 2881 ἵππων
1002 2831 1200 2891 τόπους
1249 2829 1488 2899 ὑψηλοὺς
1517 2827 1753 2898 καταλήο

1858 2003 1903 2055 si
1937 2002 2114 2056 nolint
2147 2003 2211 2056 ad
2247 2018 2397 2056 arma
2433 2007 2618 2059 venire
2640 2045 2654 2068 ,
2692 2005 2868 2058 virum
2907 2021 3006 2074 pro
3040 2021 3100 2060 se
3131 2021 3445 2076 equumque

1861 2093 2081 2148 mittant
2121 2112 2133 2148 :
2171 2095 2245 2148 ita
2293 2096 2513 2164 quidem
2557 2096 2644 2160 fiet
2689 2106 2746 2152 ιιι
2789 2115 3057 2169 pauperes
3104 2100 3314 2154 strenui
3360 2115 3447 2152 ar-

1861 2194 2099 2251 mentur,
2142 2187 2341 2243 divites
2384 2189 2562 2259 ignavi
2605 2205 2672 2245 ex
2716 2206 2873 2261 aequo
2916 2208 2980 2247 ac
3025 2192 3205 2247 cancri
3250 2193 3343 2262 qui
3391 2193 3445 2246 in

1858 2274 2000 2331 bello
2032 2289 2181 2345 sunt,
2218 2281 2360 2336 bello
2392 2281 2714 2338 inserviant.

1923 2375 2051 2430 206.
2100 2373 2317 2429 Mistum
2350 2391 2412 2430 ex
2449 2376 2725 2446 peditibus
2756 2387 2810 2431 et
2839 2379 3117 2446 equitibus
3154 2377 3198 2431 si
3234 2377 3448 2432 exerci-

1858 2477 1970 2522 tum
2008 2467 2246 2531 habeas,
2285 2467 2432 2522 leves
2471 2468 2628 2537 equis
2669 2484 2912 2538 persa~pe
2944 2469 3065 2524 vehi
3100 2468 3354 2538 jubebis,
3391 2477 3450 2521 ιιι

1853 2560 2182 2630 opportunis
2222 2560 2278 2613 in
2322 2560 2457 2615 locis
2498 2561 2668 2630 agiles
2712 2570 2874 2630 atque
2910 2561 3147 2633 expediti
3186 2560 3254 2615 de
3289 2560 3447 2628 equis

1851 2653 2192 2717 desilientes,
2226 2654 2440 2708 excelsa
2472 2654 2691 2723 altaque
2725 2654 2841 2708 loca
2884 2655 3210 2723 auticipent,
3243 2661 3297 2708 et
3329 2651 3451 2705 fun-

1851 2744 1976 2808 dis,
2035 2747 2293 2816 sagittis,
2347 2745 2686 2815 reliquisque
2743 2747 2913 2800 armis
2969 2755 3215 2808 utantur,
3274 2753 3334 2799 ut
3384 2740 3451 2794 ad

1850 2850 2066 2890 omnem
2105 2837 2343 2889 hostium
2377 2848 2668 2888 occursum
2704 2836 2875 2903 parati
2914 2835 3045 2890 sint.

166 2922 368 2991 ψονται
390 2963 405 2986 ,
439 2923 534 2976 καὶ
572 2919 888 2989 σφενδόναις
921 2922 1249 2992 χρήσονται,
1293 2921 1388 2973 κοιλ⁸
1431 2919 1628 2984 τόξοις,
1671 2922 1766 2974 καὶ
1804 2923 2014 2997 ἑτέροις
2040 2927 2247 2992 ὅπλοις,
2280 2927 2312 2996 ἢ
2346 2928 2439 2980 καὶ
2471 2926 2606 2994 πρὸς
2631 2926 2758 2980 ἄλλο
2792 2945 2842 2979 τι
2905 2925 3013 2978 τῶν
3072 2922 3455 2994 ἐμπιπτόντων

167 3016 510 3088 ἀνδρίσονται
521 3056 535 3070 .

239 3108 343 3174 σζ’.
398 3108 637 3171 Βεόαίως
687 3107 1052 3176 ἐπιστάμενος
1103 3107 1273 3176 ἄνδρα
1319 3107 1438 3160 τινὰ
1488 3107 1746 3171 πολλάκις

173 3201 599 3274 ἀριστεύσαντα,
635 3200 1013 3268 ἐξαιτούμενον
1044 3200 1098 3252 δὲ
1133 3199 1261 3267 περί
1288 3216 1434 3261 τινος
1478 3200 1752 3269 σωτηρίας

1927 3108 2053 3163 9.07.
2095 3109 2151 3163 Si
2194 3109 2340 3179 quis,
2381 3107 2474 3178 qui
2517 3115 2741 3163 strenue
2782 3121 2842 3161 se
2882 3106 2934 3158 in
2978 3077 3222 3159 exercitu
3265 3099 3455 3176 gessit,

1863 3201 2070 3270 aliquid
2104 3201 2202 3255 abs
2236 3210 2288 3254 te
2327 3199 2656 3263 contendat,
2692 3198 2773 3252 vel
2807 3199 2873 3251 de
2906 3197 3079 3250 salute
3109 3209 3208 3248 sua
3241 3193 3320 3247 vel
3363 3206 3457 3245 co-

173 3296 202 3364 ῆ
233 3293 454 3356 ἑαυτοῦ,
482 3292 515 3361 ἢ
546 3293 724 3360 φίλου,
751 3292 785 3360 ἢ
821 3290 1136 3358 συγγενοῦς,
1171 3289 1345 3360 χρεών
1380 3307 1459 3354 σε,
1485 3285 1529 3342 ὦ
1561 3307 1755 3359 στρατ‹

1865 3267 2035 3362 gnati,
2070 3308 2138 3348 ne
2166 3293 2402 3347 difficilis
2431 3293 2484 3346 in
2515 3290 2866 3361 pernegando
2899 3289 2995 3348 sis.
3027 3286 3124 3360 sed
3156 3300 3253 3354 pro
3285 3284 3450 3338 rebus

174 3387 313 3455 ηγὲ,
369 3384 494 3437 ἀντὶ
545 3382 757 3434 πολλῶν
802 3381 895 3435 καὶ
951 3380 1203 3450 μεγάλων
1260 3383 1559 3451 παρασχεῖν
1611 3381 1761 3450 αὐτῷ

174 3478 471 3546 δυστυχίαν
500 3475 655 3544 φίλου
686 3473 1170 3544 ἐπανορθώσασθαι
1193 3489 1204 3501 ·
1251 3473 1341 3524 καὶ
1383 3475 1441 3524 ἐν
1482 3471 1630 3541 αὐτῷ
1656 3475 1764 3542 γὰρ

175 3575 234 3624 τὸ
265 3572 413 3622 ὅσιον
442 3570 708 3638 ποιήσεις,
740 3567 833 3619 καὶ
863 3566 1080 3634 ἐτέρους
1113 3565 1425 3632 ἐπαλείψεις
1456 3565 1763 3632 ἀριστεύειν

178 3662 266 3714 ἐπ’
302 3659 479 3710 ἐλπίδι
514 3657 771 3725 τοιαύτης
804 3654 1235 3713 ἀνταποδόσεως.

249 3756 356 3817 ση’.
399 3750 694 3816 "Ap/cvm;
730 3746 935 3813 ἀγαθοῦ
963 3747 1242 3814 τεκμήρια
1273 3748 1366 3799 καὶ
1391 3747 1592 3818 ἀρετῆς
1624 3748 1762 3800 ἀπόο

177 3840 363 3904 δειξις,
414 3839 542 3890 ὅταν
590 3836 880 3904 ὲθελουσίῳ
927 3835 1122 3904 γνώμῃ
1177 3835 1469 3887 πείθωνται
1516 3835 1664 3904 αὐτῷ
1711 3837 1760 3888 οἱ

181 3933 485 4001 ὑποχείριοι
509 3970 522 3989 ,
553 3931 646 3982 καὶ
691 3931 748 3981 ὲν
779 3931 891 3991 τοῖς
935 3928 1337 3997 προσπίπτουσι
1369 3929 1552 3990 πόνοις
1583 3947 1761 3998 παρα-

183 4022 368 4090 μένειν
400 4020 677 4072 ἐθέλωσιν.
712 4021 774 4071 Οί
807 4019 916 4088 γὰρ
965 4019 1180 4090 ἀνάγκῃ
1212 4021 1305 4072 καὶ
1347 4019 1437 4090 βίᾳ
1465 4021 1762 4075 ὑποταττό-

183 4131 339 4180 μενοι
372 4114 484 4174 τοῖς
511 4109 706 4174 ἀνάξια
745 4111 1053 4181 στρατηγοῦ
1098 4112 1232 4181 πρὸς
1266 4113 1464 4174 αὐτοὺς
1493 4113 1764 4182 πράττου-

178 4223 288 4262 σιν,
322 4203 597 4254 ἐπίϐουλοι
639 4201 838 4270 μᾶλλον
861 4244 874 4267 ,
923 4203 1036 4255 ἀλλ’
1070 4204 1129 4256 οὐ
1165 4204 1329 4272 φίλοι,
1375 4207 1466 4258 καὶ
1505 4206 1760 4273 φυγάδες,

177 4295 295 4346 ἀλλ’
323 4293 384 4344 ού
425 4291 930 4358 συγκινδυνεύοντες
967 4292 1319 4362 ὀφθήσονται.

249 4382 351 4435 σθ’.
395 4379 694 4451 Στρατηγῷ
733 4380 923 4450 ἀγαθῷ
972 4381 1135 4450 μηδὲν
1188 4382 1376 4453 ἕτερον
1425 4384 1762 4454 ἐπιτήδευμα

175 4475 294 4526 δέον
334 4474 596 4536 ἐπαινεῖν,
635 4471 749 4524 ἀλλ’
781 4471 813 4542 ἦ
848 4472 941 4525 δύο
967 4471 1172 4535 ταύτας
1203 4489 1215 4502 ’
1251 4474 1349 4544 τὴν
1387 4475 1484 4543 μὲν
1522 4491 1760 4545 γεωργι-

177 4564 301 4633 κὴν,
339 4562 415 4624 ὡς
444 4561 748 4630 τρέφουσαν
777 4562 901 4624 τοὺς
931 4560 1286 4631 στρατιώτας,
1316 4563 1415 4632 τὴν
1452 4563 1508 4614 δὲ
1534 4565 1658 4616 πολε
1669 4582 1760 4632 μι-

178 4655 304 4724 κὴν,
338 4653 412 4716 ὡς
440 4651 759 4705 ὲκδικοῦσαν
787 4653 877 4704 καὶ
903 4653 1280 4722 φυλάττουσαν
1307 4654 1432 4716 τοὺς
1457 4654 1760 4723 τρέφοντας

181 4743 490 4815 γεωργούς.
527 4744 619 4795 Διὸ
651 4743 851 4812 μᾶλλον
896 4745 989 4796 καὶ
1020 4744 1225 4796 τούτων
1255 4745 1362 4796 τῶν
1405 4745 1769 4815 ἐπιτηδευμά-

179 4853 289 4888 των
345 4833 724 4903 ὲπιμελεῐσθαί
776 4851 836 4886 σε
874 4836 980 4905 χρὴ
1031 4836 1182 4904 παρὰ
1230 4835 1298 4888 τὰ
1354 4835 1516 4906 ἔτερα
1568 4838 1766 4890 πάντα.

191 4929 410 4981 Ἐκεῖνα
446 4927 543 4995 μὲν
577 4926 685 4996 γάρ
734 4928 841 4978 εισι
874 4928 1016 4995 τάχα
1046 4929 1140 4980 καὶ
1187 4929 1451 4996 περιττὰ,
1504 4927 1677 4980 ταῦτα
1710 4928 1767 4980 δὲ

181 5023 273 5076 καὶ
306 5022 719 5089 ἀναγκαιότατα
746 5022 841 5074 καὶ
871 5023 1135 5092 σωτήρια.

255 5124 348 5170 σι’.
386 5117 507 5169 ’Ὶνα
555 5116 612 5169 δὲ
652 5117 746 5169 καὶ
795 5116 1134 5196 ἐνδοξότερος
1183 5118 1274 5169 καὶ
1326 5117 1600 5186 αἰδέσιμος
1633 5118 1763 5171 ἀνα-

183 5209 500 5271 δείκνυσαι,
554 5207 752 5275 μᾶλλον
802 5208 893 5259 τοῦ
937 5208 1031 5260 σοῦ
1075 5208 1444 5278 συμφέροντος
1491 5209 1552 5261 τὸ
1608 5213 1760 5280 κοινῇ

185 5298 465 5369 συμφέρον
505 5299 778 5366 προτίμα,
828 5299 902 5360 ὡς
944 5301 1035 5351 καὶ
1072 5298 1184 5350 ἄνω
1223 5317 1324 5353 που
1357 5300 1469 5367 (61)
1516 5303 1647 5369 ἡμῖν
1680 5303 1761 5354 ετ-

190 5405 375 5459 Ρηταιο
447 5387 556 5440 Καὶ
620 5389 728 5458 γὰρ
786 5389 988 5456 ἀγαθὸς
1052 5391 1353 5460 στρατηγός
1418 5391 1600 5452 ἐστιν,
1655 5393 1756 5443 οὐκ

183 5481 278 5533 ἐὰν
326 5481 420 5533 τὸν
455 5479 651 5532 ἑαυτοῦ
688 5480 801 5549 βίον
843 5480 1022 5544 καλῶς
1055 5481 1311 5550 διεξάγῃ,
1359 5482 1475 5534 ἀλλ’
1523 5484 1616 5534 ἐὰν
1663 5484 1757 5534 καὶ

183 5565 256 5625 ὧν
307 5574 468 5643 ἄρχει
503 5574 712 5636 τούτοις
754 5573 1022 5644 σωτηρίας
1072 5575 1239 5635 αἴτιος
1293 5573 1520 5639 γίνεται·
1561 5591 1755 5644 στρατ-

1867 3385 2013 3439 illius
2045 3385 2218 3454 gestis
2240 3424 2254 3448 ,
2287 3383 2392 3438 hoc
2429 3383 2507 3436 illi
2542 3383 2611 3437 de
2646 3383 2822 3437 salute
2856 3379 3016 3432 amici
3055 3388 3146 3431 aut
3180 3390 3279 3432 sua
3315 3391 3452 3429 con-

1865 3477 2038 3531 dones
2072 3495 2084 3530 :
2122 3492 2244 3529 nam
2275 3485 2330 3530 et
2361 3477 2508 3544 pium
2543 3475 2744 3528 factum
2775 3472 2880 3525 hoc
2908 3473 3044 3533 erit,
3074 3477 3127 3524 et
3157 3469 3296 3524 alios
3323 3467 3449 3522 talis

1864 3569 2328 3622 remunerationis
2378 3582 2476 3637 spe
2531 3564 2599 3618 ad
2658 3579 2743 3618 res
2795 3563 2934 3618 bene
2983 3559 3251 3633 gerendas
3303 3558 3452 3614 cxci-

1865 3659 2024 3713 tabis.

1934 3751 2060 3806 208.
2105 3750 2243 3804 Boni
2278 3747 2517 3819 praefecti
2549 3747 2816 3802 indicium
2844 3753 2897 3800 et
2927 3757 3120 3814 magna
3146 3739 3365 3796 virtutis
3393 3739 3461 3793 si.

1864 3843 2146 3913 gnitlcatio
2189 3850 2304 3906 est,
2341 3841 2386 3895 si
2417 3841 2651 3909 subjecti
2683 3839 2884 3892 milites
2919 3834 3233 3890 voluntario
3275 3832 3463 3885 animo

1865 3936 1941 3989 illi
1971 3936 2380 4003 obtemperent,
2405 3941 2459 3988 et
2486 3933 2530 3986 si
2565 3933 2782 3986 labores
2808 3937 3004 3999 sponte
3033 3942 3132 3981 sua
3163 3925 3340 3980 subiet
3360 3925 3462 3983 int,

1864 4034 1920 4081 et
1945 4028 1997 4079 in
2024 4026 2133 4079 illis
2155 4024 2500 4078 duraverint.
2525 4024 2662 4076 Nam
2690 4023 2783 4090 qui
2815 4020 3145 4075 necessitate
3171 4024 3224 4071 et
3251 4016 3298 4068 vi
3328 4013 3455 4068 sub-

1860 4119 2148 4186 jiciuntur,
2174 4116 2267 4186 qui
2297 4116 2518 4186 indigne
2548 4131 2607 4168 se
2632 4130 2695 4168 ac
2724 4121 2918 4168 contra
2947 4128 3108 4182 quam
3139 4108 3458 4179 praefectum

1866 4223 1963 4277 par
1985 4216 2070 4261 est
2092 4217 2311 4276 gerunt,
2339 4207 2413 4259 illi
2442 4206 2810 4267 insidiatores,
2841 4217 2947 4256 non
2975 4199 3162 4264 amici;
3197 4196 3461 4268 perfugae,

1866 4312 1970 4350 non
2003 4297 2375 4365 periclitantes
2403 4295 2706 4349 existimari
2735 4294 2956 4348 debent.

1931 4390 2058 4444 909.
2099 4388 2417 4458 Imperatori
2460 4389 2602 4442 bono
2642 4386 2791 4440 nulla
2839 4385 3020 4439 studia
3066 4386 3138 4438 ita
3183 4381 3457 4437 laudanda

1865 4498 1929 4538 ac
1962 4481 2310 4552 provehenda
2347 4488 2506 4546 sunt,
2539 4494 2604 4534 ac
2637 4478 2974 4548 agricultura
3007 4486 3060 4532 et
3094 4475 3291 4529 militia
3327 4493 3340 4528 :
3375 4475 3457 4528 al-

1865 4581 1984 4631 tera
2025 4586 2146 4636 qua:
2190 4569 2581 4638 rempublicam
2626 4575 2680 4621 et
2726 4568 2924 4620 milites
2971 4566 3087 4631 alit,
3130 4565 3305 4617 altera
3339 4579 3461 4632 quae

1869 4662 2258 4731 rempublicam
2291 4659 2553 4722 defendit,
2587 4668 2642 4713 et
2672 4659 2942 4730 agricolas
2975 4651 3291 4713 laborantes
3321 4671 3454 4710 cou-

1865 4759 2066 4806 servat.
2103 4751 2288 4818 Itaque
2327 4758 2465 4802 tant-
2515 4749 2690 4818 magis
2722 4748 2803 4802 ha:
2833 4749 3048 4802 caeteris
3080 4755 3208 4800 sunt
3245 4745 3457 4799 artibus

1865 4843 2254 4915 proponendaz,
2311 4849 2518 4910 quanto
2574 4841 2680 4894 illa:
2714 4841 2983 4894 interdum
3041 4852 3463 4907 supervacanete

1864 4951 1985 4989 esse
2012 4943 2317 5008 cernuntur
2344 4951 2355 4987 :
2384 4931 2467 4986 ba:
2490 4947 2705 5000 semper
2729 4931 2999 4986 salutares
3026 4938 3155 4984 sunt
3185 4936 3238 4984 ct
3270 4943 3462 4983 neces-

1866 5026 2048 5080 sariaa.
3080 5011 3085 5020 ’

1942 5118 2067 5171 210.
2114 5117 2182 5172 Ut
2221 5115 2604 5185 suscipiendus
2651 5127 2702 5170 et
2747 5114 3050 5169 honoratus
3092 5113 3159 5165 ab
3199 5111 3456 5165 omnibus

1873 5211 2125 5273 habeare,
2158 5223 2504 5264 communem
2536 5208 2828 5261 utilitatem
2867 5206 2943 5260 rei
2974 5206 3220 5278 privatae,
3264 5219 3459 5274 quem-

1869 5301 2159 5357 admodum
2187 5316 2348 5371 supra
2376 5301 2757 5370 przecepimus,
2785 5308 3076 5367 antepone.
3104 5296 3286 5348 Bonus
3309 5294 3454 5348 enim

1868 5396 2165 5461 imperator
2190 5403 2292 5458 est,
2327 5409 2435 5449 non
2470 5393 2562 5463 qui
2605 5393 2740 5446 bene
2771 5405 2925 5445 suam
2960 5389 3131 5458 ipsius
3161 5387 3326 5439 vitam
3356 5384 3452 5440 de-

1865 5482 1962 5553 git,
1994 5484 2087 5535 sed
2119 5483 2208 5551 qui
2241 5481 2504 5552 subjectis
2534 5482 2650 5538 suis
2684 5488 2875 5534 auctor
2902 5478 3098 5534 salutis
3131 5485 3235 5532 est.
3267 5475 3449 5543 Impe-

1865 5583 2014 5629 rator
2049 5577 2195 5630 enim
2237 5591 2343 5630 non
2385 5577 2505 5632 ideo
2543 5591 2570 5629 a
2616 5575 2772 5632 nobis
2811 5574 3066 5644 deligitur
3107 5581 3161 5626 ut
3206 5568 3310 5627 sibi
3349 5568 3450 5624 soli

1693 5690 1922 5746 NOTAE.

667 5783 902 5857 ἐκεῖνοι.
939 5784 1105 5857 Adde,
1132 5784 1462 5857 σιωπῶντες.
1496 5783 1755 5857 Neressar

1859 5786 1900 5840 id
1938 5801 2135 5843 sensus
2166 5788 2352 5857 exigit.

259 5853 369 5917 (6|)
405 5852 509 5906 Καὶ
543 5853 664 5907 ἄνω
695 5870 828 5908 που.
865 5855 1237 5918 Scribcltutur,
1281 5856 1372 5908 καὶ
1400 5855 1509 5908 ἄνω
1533 5855 1644 5908 τοῦ.
