4184 6440
761 447 890 510 1071
2002 449 2274 510 LEONIS
2309 454 2731 519 PHILOSOPII
2745 459 2768 515 Ι
3872 447 4009 510 1672

745 558 1053 622 Provideat,
1085 556 1178 610 sed
1208 562 1268 609 ut
1294 555 1478 610 caeteri
1507 556 1597 626 qui
1629 557 1729 611 sub
1760 556 1986 626 imperio
2015 560 2133 628 ejus
2165 570 2314 625 sunt,

2448 569 2556 638 ιγὸς
2615 569 2722 639 γὰρ
2774 564 3201 638 προχειρίζεται“
3253 563 3404 634 παρα
3451 562 3553 632 τῆς
3593 560 3870 633 ἡμετέρας
3915 562 4009 630 βα-

747 651 944 705 melius
975 650 1136 702 vitam
1166 647 1479 704 traducant.
1503 647 1636 702 Nam
1668 648 1792 703 ideo
1819 650 1885 702 ad
1917 651 2163 705 militiam
2191 664 2324 708 cunt

2448 659 2675 723 τιλείας,
2728 660 2827 728 οὐχ
2879 660 2966 712 ἵνα
2996 656 3187 712 ἑαυτοῦ
3227 657 3407 718 καλῶς
3455 655 3764 724 ἐπιμεληθῇ
3821 653 4007 722 μόνον,

749 755 938 794 omnes
980 748 1040 794 ut
1079 741 1182 796 sibi
1229 742 1422 796 melius
1464 741 1533 796 sit
1581 759 1595 794 :
1641 749 1693 795 et
1733 742 2156 812 imperatoribus
2200 745 2324 803 ideo

2448 752 2544 803 ὶλλ⁹
2585 753 2672 806 ἵνα
2723 752 2816 804 καὶ
2861 753 2911 803 οἱ
2954 749 3375 820 ἐπιμελούμενοι
3430 748 3562 819 παρ’
3613 745 3778 799 αὑτοῦ
3829 745 4011 808 καλῶς

749 831 1007 886 obediunt
1045 841 1103 887 ut
1137 831 1202 887 ad
1235 834 1463 888 salutem
1496 831 1637 886 viam
1670 833 1776 888 illis
1809 833 2039 888 muniat.

2448 842 2804 910 ῑιεξάγωνται.
2835 842 2946 896 Καὶ
2977 842 3085 912 γάρ
3116 841 3212 895 καὶ
3245 840 3631 910 στρατεύονται
3664 838 3887 899 πάντες,
3924 836 4012 887 ἵνα

748 923 778 974 ὀ
812 921 924 992 βίος
952 923 1134 986 αὐτοῖς
1181 925 1384 994 βέλτιον
1423 923 1665 995 ὑπάρχῃ.
1700 927 1810 978 Καὶ
1853 929 2189 996 στρατηγοὺς
2221 930 2464 1000 δέχονται
2507 937 2699 990 τούτου
2730 937 2895 990 αὐτοῦ
2926 935 3089 989 ἕνεκα
3113 974 3128 998 ,
3178 934 3266 987 ἵνα
3333 931 3470 1002 πρὸς
3540 929 3612 984 τὰ
3685 929 3828 982 καλά
3912 932 4010 983 καὶ

751 1016 999 1084 σωτήρια
1031 1015 1294 1083 ἡγεμόνες
1324 1014 1506 1078 αὐτοῖς
1539 1014 1898 1084 ὑπάρχουσιν.

819 1106 944 1160 2H.
987 1107 1272 1161 Exercitus
1304 1107 1545 1163 universi
1579 1109 1724 1162 labes
1751 1117 1857 1176 est,
1888 1111 2246 1167 immodestia:
2272 1122 2325 1167 et

752 1198 902 1252 luxui
939 1198 1153 1252 deditus
1193 1198 1514 1267 imperator.
1553 1198 1810 1255 Modestia
1846 1203 1990 1256 enim
2027 1211 2082 1258 et
2116 1206 2327 1259 ordinis

751 1303 876 1342 cum
919 1290 1276 1355 temperantia
1317 1289 1691 1355 conservatio,
1733 1292 2001 1346 militibus
2040 1293 2094 1346 in
2136 1295 2329 1364 primis

752 1380 902 1434 utilis
931 1388 1036 1435 est.
1066 1379 1213 1435 Nihil
1246 1382 1392 1436 enim
1424 1381 1490 1435 ad
1521 1368 1645 1436 vita:
1674 1385 1881 1437 cultum
1917 1386 1971 1438 in
2004 1385 2146 1440 bello
2179 1386 2328 1441 aliud

750 1473 1082 1526 afferendum
1109 1487 1213 1539 ρει,
1238 1491 1398 1544 quant
1423 1476 1567 1544 quod
1595 1479 1967 1530 necessarium
1993 1487 2078 1533 est
2104 1495 2117 1531 :
2143 1480 2330 1533 luxutn

751 1573 936 1617 autem
987 1582 1164 1634 neque
1213 1567 1410 1620 bellum
1463 1581 1639 1634 neque
1688 1582 1790 1635 pax
1841 1568 2022 1622 sobria
2070 1569 2331 1623 admittit.

750 1655 889 1721 Quid
930 1657 1074 1710 enim
1112 1672 1291 1712 causae
1323 1666 1406 1712 est
1441 1671 1540 1712 cur
1575 1673 1682 1713 non
1725 1659 2109 1728 turpissimum
2153 1661 2224 1715 sit
2258 1662 2337 1715 vi-

751 1764 870 1802 rum
915 1764 978 1802 ex
1020 1763 1163 1817 equo
1205 1750 1543 1818 cauponari?
1581 1748 1754 1805 Omne
1794 1754 1938 1806 enim
1986 1753 2153 1806 robur
2188 1752 2337 1808 illius

2497 1120 2622 1166 σια’.
2678 1114 2840 1182 Λύμη
2898 1110 3130 1181 στρατοῦ
3182 1109 3467 1181 τρυφητὴς
3524 1122 3872 1178 στρατηγος,
3918 1108 4013 1159 καὶ

2425 1213 2682 1272 ἄτακτος.
2735 1211 2801 1263 Ἦ
2842 1210 2951 1279 γὰρ
2993 1207 3250 1272 εύταξία,
3297 1206 3454 1276 καὶὴ
3493 1205 3630 1275 μετά
3660 1205 4014 1275 σωφροσύνης

2428 1302 2725 1373 ἐγκράτεια
2750 1341 2766 1366 ,
2802 1300 3038 1370 μάλιστά
3070 1301 3217 1352 ἐστιν
3241 1301 3353 1361 τοῖς
3398 1296 3850 1369 στρατευομένοις
3876 1297 4012 1364 χρή-

2437 1411 2616 1462 σιμος.
2647 1393 2764 1464 Χρὴ
2787 1393 2895 1462 γὰρ
2927 1393 3092 1462 μηδὲν
3117 1392 3244 1444 ἄλλο
3265 1389 3624 1460 ἐπιφέρεσθαι
3653 1391 3790 1457 πρὸς
3821 1390 4015 1457 χρείαν

2438 1484 2694 1556 βρώσεως
2734 1485 2766 1554 ἢ
2795 1485 2894 1553 τῆς
2924 1484 3088 1552 ἄλλης
3125 1482 3336 1551 διαίτης
3371 1481 3511 1551 πλὴν
3540 1481 3648 1533 τῶν
3675 1479 4010 1546 ἀναγκαίων.

2438 1579 2481 1631 Τ
2489 1578 2665 1649 ρυφὴν
2693 1579 2800 1648 γὰρ
2839 1576 2961 1630 οὗτε
3000 1577 3256 1644 πόλεμος,
3293 1573 3418 1627 οὗτε
3450 1575 3640 1642 εἰρήνη
3667 1573 3885 1642 δέχεται
3912 1589 4015 1624 σωο

2443 1669 2737 1741 φρονοῦσαι
2775 1669 2890 1733 πῶς
2923 1669 3031 1739 γάρ
3089 1669 3189 1721 οὐκ
3236 1667 3459 1738 αἰσχρὸν
3493 1666 3661 1736 ἄνδρα
3707 1667 3800 1717 ἐπὶ
3850 1665 4014 1717 ἵππου

2446 1762 2784 1833 καπηλεύειν
2804 1778 2819 1827 ;
2842 1759 3212 1830 διαφθείρεται
3237 1757 3346 1826 γὰρ
3377 1759 3410 1827 ἡ
3441 1757 3691 1825 δύναμις,
3723 1755 3820 1806 καὶ
3846 1754 4015 1824 βλάϐη

754 1843 1148 1911 corrumpitur,
1190 1851 1243 1896 et
1289 1844 1548 1896 damnum
1591 1859 1700 1897 non
1755 1845 2030 1898 mediocre
2078 1844 2337 1900 infertur.

2448 1854 2508 1906 οὐ
2559 1851 2729 1922 μικρά
2759 1852 2989 1919 γίνεται.
3037 1849 3128 1902 Διὸ
3161 1847 3434 1919 πανταχοῦ
3466 1849 3564 1916 μὲν
3589 1849 3716 1910 τοὺς
3753 1846 4018 1916 ἄρχοντας

757 1933 942 2000 Itaque
970 1932 1255 2002 praefectos
1279 1934 1505 1987 omnino
1530 1933 1833 1988 industrios
1857 1935 2004 1989 viros
2031 1949 2154 1989 esse
2180 1949 2343 2003 Opor-

756 2035 848 2087 tet,
878 2024 1134 2093 justeque
1175 2027 1530 2094 imperantes,
1563 2034 1618 2080 et
1655 2026 1711 2080 in
1753 2041 1811 2081 re
1851 2025 2076 2081 militari
2116 2027 2346 2097 potissi-

756 2132 931 2168 mutu.
965 2115 1217 2170 Subitutn
1250 2117 1394 2170 enim
1433 2127 1648 2184 tempus
1683 2129 1736 2173 et
1769 2119 1965 2173 subita:
1996 2134 2084 2174 res
2117 2119 2172 2172 in
2204 2119 2346 2174 bello

755 2215 923 2275 gesta:
967 2223 1090 2261 esse
1127 2209 1307 2262 solent
1343 2225 1356 2260 :
1401 2209 1563 2278 idque
1597 2211 1866 2280 praecipue
1903 2211 1956 2263 in
1996 2211 2171 2264 navali
2211 2225 2320 2281 pra:

755 2299 829 2349 lio
878 2300 1144 2363 cernitur,
1187 2300 1313 2369 quia
1361 2301 1594 2354 navibus
1647 2310 1757 2356 tota
1813 2302 2095 2358 dimicatio
2141 2303 2345 2358 transi-

755 2390 929 2459 genda
961 2400 1065 2447 est.

822 2482 949 2534 ‘2]2.
993 2482 1046 2535 Si
1091 2483 1292 2536 bellum
1331 2482 1428 2536 tibi
1467 2498 1590 2536 cum
1631 2485 1874 2539 exercitu
1916 2486 2154 2539 futurum
2197 2496 2275 2540 est
2314 2505 2345 2543 e

754 2573 946 2628 multis
977 2574 1294 2644 regionibus
1325 2576 1590 2642 collecm,
1620 2593 1686 2630 ne
1718 2578 2048 2647 praestoleris
2079 2578 2256 2634 donec
2285 2580 2342 2634 in

755 2679 926 2716 unum
969 2665 1148 2718 locum
1182 2678 1602 2737 congregemur,
1637 2669 1732 2722 sed
1762 2668 1994 2738 dispersi
2025 2670 2205 2723 adhuc
2245 2671 2343 2726 abs

756 2765 810 2810 te
834 2757 915 2811 vel
946 2773 1045 2812 sua
1077 2759 1130 2810 in
1158 2761 1405 2829 regione,
1433 2760 1513 2813 vel
1544 2761 1666 2814 aliis
1694 2760 1747 2813 in
1779 2762 1914 2815 locis
1941 2773 2236 2832 antequam
2266 2764 2344 2817 si-

757 2849 868 2902 mul
902 2861 1188 2918 cogantur,
1220 2851 1505 2906 adorieudi
1548 2863 1695 2907 sunt.
1734 2851 2003 2922 Nuncqtte
2043 2857 2178 2909 adeo
2215 2870 2342 2910 cum

755 2958 818 2995 ex
845 2940 1104 3011 Aigypto,
1137 2943 1314 3013 Syria,
1346 2943 1561 3008 Cilicia,
1594 2944 1817 2999 Barbari
1846 2945 2114 3001 adversus
2142 2947 2347 3001 Roma-

757 3049 856 3086 nas
885 3037 1069 3103 copias
1096 3051 1154 3090 se
1184 3037 1498 3100 instruant,
1532 3038 1710 3090 navali
1743 3039 1923 3092 classe
1955 3053 2019 3090 ac
2049 3039 2346 3092 navareltis

756 3127 970 3197 Cyprus
1001 3129 1342 3196 occupanda,
1376 3138 1429 3182 et
1467 3131 1785 3198 priusquam
1824 3130 2112 3184 barbarica
2147 3131 2343 3185 classis

2449 1942 2694 2013 ἀκριδεῖς
2726 1938 2865 1995 εἶναι
2890 1940 2972 1993 δεῖ
2999 1941 3092 1992 καὶ
3113 1939 3355 2001 δικαίους
3383 1939 3593 2008 ἄρχειν,
3625 1937 3860 2006 μάλιστα
3886 1937 3938 1989 δὲ
3956 1938 4018 1987 ἐν

2446 2037 2559 2097 τοῖς
2593 2035 3025 2105 στρατιωτικοῖς.
3073 2031 3245 2094 Ὀξεῖς
3272 2031 3330 2083 δὲ
3359 2032 3408 2083 οἱ
3441 2030 3641 2099 καιροὶ,
3669 2031 3764 2081 κα.
3800 2027 3934 2090 ἰξεῖς
3963 2028 4019 2079 αἱ

2448 2127 2677 2196 πράξεις
2694 2125 2970 2193 ὀφείλουσι
3004 2125 3099 2177 καὶ
3129 2124 3221 2176 ἐπὶ
3250 2123 3450 2184 παντὸς
3481 2121 3746 2189 πολέμου,
3781 2119 4019 2186 μάλιστα

2444 2220 2502 2272 δὲ
2553 2218 2645 2270 τοῦ
2697 2218 2842 2269 κατὰ
2895 2217 3171 2270 θάλασσαν
3229 2215 3316 2268 διὰ
3358 2213 3666 2283 ναυμαχίας
3714 2215 3794 2276 είς
3843 2212 4022 2283 μάχην

2448 2309 2863 2379 συνισταμένου.

2517 2485 2640 2553 σιβ’.
2679 2485 2804 2537 Ἐὰν
2831 2484 3070 2554 πολεμῇς
3106 2483 3240 2554 πρὸς
3270 2483 3586 2554 ἀνθρώπους
3611 2485 3675 2536 ὲκ
3703 2482 3916 2537 πολλῶν
3937 2484 4026 2537 1:6-

2448 2595 2565 2630 πων
2599 2577 3044 2646 συλλεγομένους,
3086 2571 3129 2630 ὦ
3170 2577 3463 2645 στρατηγὲ,
3503 2576 3619 2628 δέον
3649 2593 3707 2628 σε
3747 2576 3822 2645 μὴ
3867 2593 4028 2645 περιο

2451 2671 2631 2740 μένειν
2670 2669 2775 2731 ἕως
2804 2671 2885 2730 είς
2920 2671 2975 2720 ἓν
3025 2668 3384 2738 συναχθῶσιν.
3440 2668 3580 2720 Ἀλλ’
3611 2669 3728 2721 ἔστι
3773 2669 4027 2737 ἐπαρμέ-

2447 2779 2555 2823 νοις
2579 2760 2687 2829 (62)
2713 2761 2914 2822 αὐτοῖς,
2935 2760 2967 2828 ἢ
2986 2761 3122 2811 κατά
3143 2760 3239 2827 τῆς
3258 2757 3400 2829 [τὴν]
3420 2759 3552 2820 ἰδίας
3567 2759 3753 2828 χώρας
3773 2760 4028 2822 ἕκαστον,

2447 2855 2479 2926 ἢ
2508 2857 2586 2917 εἰς
2619 2856 2838 2923 ἐτέρους
2870 2853 3090 2914 τόπους,
3126 2853 3258 2921 πρὶν
3297 2851 3328 2921 ἢ
3373 2850 3702 2904 συνέλθωσιν
3731 2852 4026 2920 ἐπιχείρει·

2449 2950 2542 3001 καὶ
2570 2946 2662 2998 νῦν
2701 2947 2756 2999 δὲ
2788 2948 2898 3007 τοῖς
2931 2944 2988 3008 ἐξ
3042 2943 3320 3010 Αἰγύπτου
3352 2945 3445 2995 καὶ
3486 2943 3687 3012 Συρίας
3725 2942 3826 2993 καὶ
3877 2941 4030 2992 Κιλι-

2449 3040 2570 3102 κίας
2603 3037 3010 3107 ἀθροιζομένοις
3049 3035 3352 3105 Βαρϐάροις
3402 3035 3538 3100 πρὸς
3567 3035 3668 3103 τὴν
3706 3035 3852 3086 κατὰ
3894 3036 4029 3086 Ῥωο

2452 3129 2626 3197 μαίων
2664 3127 3019 3195 ἐκστρατείαν
3062 3127 3180 3179 δέον
3225 3127 3338 3188 τοῖς
3379 3125 3647 3193 πλωϊμοις
3697 3128 4030 3193 στρατηγοῖς

758 3219 813 3272 ia
842 3235 1008 3272 unum
1034 3229 1210 3283 coeat,
1236 3221 1369 3276 satis
1393 3221 1540 3289 jttsta
1563 3229 1616 3276 et
1643 3222 1928 3276 commoda
1956 3223 2134 3278 classe
2157 3231 2342 3277 nostra

2450 3221 2546 3273 σὺν
2577 3221 2652 3289 τῷ
2677 3219 2922 3288 ναυτικῷ
2970 3219 3141 3288 στόλῳ
3182 3216 3279 3286 τὴν
3316 3217 3542 3285 Κύπρον
3589 3216 4028 3277 καταλαϐόντας.

758 3328 820 3366 ea
863 3313 1106 3381 dispersa
1137 3313 1314 3367 adhuc
1347 3313 1649 3368 invadenda
1679 3321 1762 3368 est
1797 3333 1808 3367 :
1843 3314 1924 3369 vel
1957 3315 2274 3384 priusquam
2314 3330 2344 3370 e

760 3405 981 3475 regione
1008 3409 1105 3460 su‘a
1133 3416 1348 3470 exeant,
1377 3407 1570 3462 classis
1600 3408 1817 3461 illorum
1847 3408 1892 3464 si
1925 3407 2037 3463 fieri
2067 3417 2244 3478 potest
2270 3410 2345 3462 in-

759 3497 1034 3552 cendenda
1065 3508 1167 3553 est.

826 3765 952 3819 9.15.
999 3766 1284 3820 Exercitus
1319 3765 1394 3819 ttti
1428 3766 1668 3820 universi
1700 3765 1949 3834 corporis
1979 3766 2138 3836 quasi
2177 3767 2347 3819 medi-

758 3873 881 3911 cunt
923 3868 974 3912 te
1012 3857 1254 3910 arbitror
1282 3872 1403 3911 esse
1437 3876 1449 3911 :
1482 3857 1668 3926 itaque
1708 3857 1868 3925 quasi
1908 3872 2086 3911 causae
2126 3857 2345 3910 morbo-

759 3963 880 4000 rum
907 3948 973 4000 ab
997 3948 1240 4000 exercitu
1267 3963 1362 4016 per
1389 3955 1442 4002 te
1465 3947 1742 4018 abigendaa
1763 3957 1911 4010 sunt,
1940 3948 2134 4011 otium,
2159 3948 2342 4010 luxus,

760 4051 1030 4111 sumptus,
1064 4041 1506 4110 intemperantia,
1532 4041 1921 4104 divinationes,
1950 4041 2222 4109 auspicia.
2250 4055 2346 4093 au-

759 4135 939 4204 guria,
982 4134 1274 4195 insomnia,
1312 4149 1433 4202 qua:
1476 4133 1660 4187 omnia
1709 4133 1811 4186 abs
1856 4139 1908 4185 te
1948 4147 2091 4185 vera:
2132 4133 2350 4200 pietatis

761 4227 974 4278 cultore
1006 4224 1405 4280 contemnenda
1438 4232 1588 4286 sunt,
1619 4223 1722 4277 nisi
1757 4221 1822 4274 ad
1852 4221 2092 4274 victoria:
2123 4222 2350 4275 simula-

762 4319 964 4371 tionem
999 4318 1272 4372 interdum
1307 4319 1414 4371 illis
1447 4317 1714 4371 abutaris.
1745 4315 1932 4384 Neque
1959 4316 2104 4368 enim
2140 4329 2237 4383 par
2268 4323 2351 4368 est

764 4419 821 4460 ιιι
855 4408 921 4461 ad
949 4409 1196 4462 victoria:
1228 4409 1423 4462 salutis
1456 4424 1606 4477 spem
1636 4409 1906 4477 ejusmodi
1938 4409 2094 4478 signa
2125 4407 2352 4477 impera-

763 4512 908 4554 tores
945 4509 1226 4569 quanam,
1260 4502 1352 4555 sed
1387 4502 1643 4555 cautione
1680 4502 2102 4570 provisioueque
2139 4516 2237 4554 sua
2279 4501 2344 4554 ad

2449 3313 2553 3380 πρὸ
2582 3311 2673 3363 τοῦ
2711 3311 3047 3377 συναφθῆναι
3072 3311 3170 3371 τάς
3202 3306 3545 3376 βαρϐαρικάς
3572 3307 3725 3370 ναῦς,
3767 3308 4030 3359 ἀποστεῖ-

2446 3403 2534 3456 λαι
2570 3404 2687 3454 κατ’
2720 3401 2901 3454 αὐτῶν
2935 3401 3180 3470 πλὼἲμον
3214 3397 3445 3464 δύναμιν
3485 3396 3674 3464 ἱκανὴν
3711 3397 4031 3462 καταγωνί-

2452 3487 2645 3539 σασθαι
2685 3488 2780 3556 τὴν
2843 3485 3186 3556 βαρϐαρικὴν
3235 3482 3543 3551 ναυμαχίαν
3594 3484 3711 3534 ὲστὶ
3757 3485 4031 3554 διῃρημέ-

2451 3595 2546 3646 νην
2577 3578 2708 3645 (65),
2738 3578 2768 3645 ἦ
2798 3579 2895 3639 τὰς
2917 3577 3045 3638 ναῦς
3068 3577 3290 3628 ἐκείνων
3313 3574 3600 3642 ἐμπρῆσαι
3628 3574 3734 3644 πρὸ
3764 3574 3860 3626 τοῦ
3892 3577 4034 3626 ἀπος

2451 3669 2681 3722 πλεῦσαι
2710 3671 2807 3736 τῆς
2841 3669 2994 3731 ἰδίας.

2525 3769 2651 3830 σιγ’.
2705 3763 3104 3831 Ὑπολαμϐάνω
3145 3778 3201 3812 σε
3242 3762 3424 3830 Ξατρόν
3460 3760 3622 3813 οἱονεὶ
3658 3759 3901 3827 μεγάλου
3933 3757 4037 3809 σῶ-

2456 3872 2625 3924 ματος
2678 3853 2772 3906 τοῦ
2821 3851 3252 3920 στρατεύματος.
3297 3854 3406 3904 Καὶ
3441 3853 3544 3922 χρή
3597 3867 3655 3902 σε
3702 3850 3897 3916 ὥσπερ
3939 3850 4037 3915 τῆς

2452 3947 2608 3999 νόσου
2641 3944 2737 4006 τάς
2778 3944 2955 4006 αἰτίας
2996 3942 3303 4005 ἐξελαύνειν
3351 3942 3445 3994 τοῦ
3482 3939 3750 4010 στρατοῦ,
3782 3935 3900 3991 οἷον
3935 3940 4035 4007 ἀρ-

2449 4038 2594 4105 γίαν,
2624 4034 2854 4107 τρυφὴν,
2891 4034 3258 4096 πολυτέλειαν,
3295 4033 3556 4095 ἀσωτίαν,
3598 4028 3734 4082 ἀλλά
3775 4029 3870 4081 καὶ
3908 4047 4039 4096 μαν-

2451 4132 2622 4195 τείας1
2661 4131 2755 4182 καὶ
2799 4128 3065 4197 σύμϐολα,
3106 4128 3202 4180 καὶ
3249 4125 3604 4192 οἰωνισμοὺς,
3630 4123 3724 4174 καὶ
3755 4123 4035 4191 ὀνείρους’

2455 4223 2688 4294 μάλιστα
2721 4220 2918 4288 εὗσεῦῆ
2959 4218 3296 4287 τυγχάνοντα
3330 4217 3458 4286 περὶ
3499 4214 3561 4268 τὸ
3591 4213 3748 4266 Θεῖον
3787 4215 4040 4283 παρορᾷν

2453 4333 2512 4368 σε
2554 4315 2680 4384 χρὴ,
2732 4314 2779 4364 εί
2833 4311 2906 4380 μή
2968 4327 3054 4372 τις
3103 4309 3315 4378 ἀνάγκη
3375 4307 3469 4358 καὶ
3517 4305 3725 4358 τούτων
3780 4309 4041 4374 παρεῖναι

2454 4407 2812 4476 προσποίησιν
2837 4403 2968 4472 (6-1).
2998 4403 3071 4454 Οὐ
3096 4401 3204 4470 γάρ
3227 4401 3494 4468 προσήκει
3523 4397 3701 4450 ταῦτα
3722 4397 4039 4467 στρατηγῷ,

2453 4497 2573 4551 οὐδὲ
2618 4495 2751 4564 πρὸς
2789 4494 2948 4561 νίκην
2991 4490 3084 4543 καὶ
3131 4487 3406 4557 σωτηρίαν
3454 4485 3545 4539 διὰ
3592 4486 3858 4555 προνοίας
3907 4485 4041 4545 ἰδίας

761 4611 953 4650 omnes
989 4610 1078 4648 res
1113 4593 1496 4662 suscipiendas
1528 4603 1792 4662 quantum
1828 4599 2058 4663 possunt
2091 4602 2338 4646 utantur.

2451 4591 2651 4659 σημεῖα
2697 4587 2926 4656 κρίνειν,
2963 4583 3096 4636 ἀλλὰ
3145 4582 3393 4652 προνοεῖν
3423 4578 3680 4646 ἀσφαλῶς
3704 4617 3718 4640 ,
3765 4576 3866 4628 καὶ
3907 4575 4041 4644 πρὸς

761 4687 867 4741 Sed
900 4696 954 4741 et
987 4687 1124 4739 lucri
1159 4687 1431 4755 cupiditas
1463 4686 1730 4756 ejicienda
1762 4694 2028 4756 quantum
2062 4693 2242 4755 potest
2275 4701 2340 4738 ex

761 4779 1006 4832 exercitu
1038 4781 1164 4831 est':
1197 4777 1367 4830 multa
1397 4779 1541 4832 enim
1573 4792 1670 4847 per
1699 4778 1838 4831 hanc
1867 4777 2220 4846 cupiditatem
2250 4777 2341 4828 de-

761 4873 1018 4926 trimenta
1048 4872 1101 4925 in
1131 4871 1377 4924 militiaut
1411 4870 1694 4940 importari
1723 4879 1835 4923 tttttt
1864 4885 1926 4924 ex
1956 4869 2197 4938 antiquis
2229 4879 2341 4922 tuttt

764 4979 828 5016 ex
867 4963 1267 5018 recentioribus
1306 4963 1672 5033 scriptoribus
1707 4963 2086 5032 cognovimus.
2127 4961 2348 5015 Divina-

766 5055 1010 5108 tiouibus
1048 5063 1228 5107 autem
1271 5062 1326 5108 et
1371 5054 1661 5109 insomniis
1707 5054 1927 5122 quidam
1974 5051 2099 5107 freti
2139 5051 2350 5121 decepti

766 5155 924 5213 sunt,
951 5154 1004 5201 et
1032 5146 1262 5201 salutem
1295 5162 1448 5203 suam
1482 5146 1682 5202 misere
1711 5145 2098 5216 prodiderunt.

837 5417 967 5471 214.
1009 5418 1235 5474 Liberos
1265 5428 1390 5475 tuos
1420 5429 1473 5475 et
1502 5419 1768 5474 nobilium
1802 5418 2040 5471 virorum
2077 5415 2343 5470 militum-

771 5525 877 5575 que
913 5510 1050 5564 filios
1087 5521 1262 5565 tecum
1301 5514 1353 5566 itt
1391 5511 1741 5582 expeditione
1773 5509 1975 5564 habeas
2013 5526 2025 5563 :
2064 5508 2166 5561 Itoc
2198 5507 2342 5561 enim

773 5600 894 5656 illos
930 5601 1086 5668 longe
1124 5603 1506 5670 prudentiores
1539 5601 1754 5666 reddet,
1788 5601 1834 5655 si
1867 5600 2232 5670 costtitionetu
2268 5597 2345 5652 si-

2449 4681 2518 4734 τά
2545 4678 2880 4751 προκείμενα
2909 4675 3045 4744 μετὰ
3076 4673 3355 4741 ἀγχινοίας
3379 4670 3473 4722 καὶ
3496 4669 3694 4737 πείρας
3720 4667 3822 4729 τὰς
3841 4666 4039 4719 ἑαυτοῦ

2450 4772 2676 4840 πράξεις
2707 4769 3000 4834 διεξάγειν.
3036 4767 3260 4819 Πάντων
3293 4763 3348 4815 δὲ
3387 4763 3620 4831 μάλιστα
3647 4760 3744 4829 τὴν
3776 4759 4040 4828 πορνείαν

2450 4863 2714 4932 ἐξορίζειν
2755 4859 2932 4930 χρεὼν
2973 4858 3065 4910 τού
3107 4855 3537 4926 στρατεύματος.
3572 4852 3795 4920 Ταύτην
3829 4852 3942 4918 γάρ
3973 4850 4040 4901 τά

2455 4956 2686 5026 μέγιστα
2711 4952 2854 5005 κακά
2879 4950 3106 5016 ἐπάγειν
3135 4949 3230 5000 καὶ
3252 4948 3310 4998 ὲν
3335 4947 3453 5008 ταῖς
3481 4943 3741 5005 παλαιαῖς
3772 4943 4039 5010 ἱστορίαις

2451 5045 2546 5099 καὶ
2574 5046 2630 5096 ὲν
2669 5045 2786 5104 ταῖς
2818 5042 3033 5102 καιναῖς
3068 5041 3181 5102 τοῖς
3209 5036 3614 5108 στρατεύμασιν
3658 5033 4035 5103 ἀνεμάθομεν.

2465 5135 2627 5189 ’Δλλά
2673 5135 2768 5188 καὶ
2807 5130 3056 5201 σημείοις
3099 5129 3246 5190 τινὲς
3298 5127 3394 5180 καὶ
3435 5126 3664 5197 ὀνείροις
3713 5123 4039 5185 πεποιθότες

2455 5228 2714 5288 πολλάκις
2736 5223 3079 5294 ἐψεύσθησαν
3101 5222 3196 5275 καὶ
3219 5220 3500 5274 ἀπώλοντο
3520 5219 3621 5288 τῆς
3654 5216 3887 5270 ἐκείνων
3915 5215 4037 5285 κρί-

2457 5335 2592 5381 σεως
2613 5316 3035 5386 ἀστοχήσαντες.

2525 5408 2641 5461 σιόν.
2679 5402 3169 5474 Συνεκστρατεύειν
3213 5400 3352 5472 μετά
3380 5398 3608 5453 σεαυτοῦ
3646 5396 3778 5459 τούς
3813 5413 3875 5449 τε
3914 5395 4039 5455 σοὺς

2453 5501 2604 5562 υἱοὺς
2653 5495 2887 5550 καὶτῶν
2937 5492 3228 5561 ἐπισήμων
3269 5489 3359 5543 ἐπ’
3403 5489 3627 5561 ἀνδρεία
3677 5487 3965 5556 ἀρχόντων
4005 5483 4036 5553 ἢ

2454 5587 2801 5662 στρατιωτῶν
2829 5585 2930 5638 οὐκ
2954 5583 3236 5652 ἀδόκιμον,
3269 5581 3405 5635 ἀλλὰ
3435 5582 3532 5636 καὶ
3561 5581 3764 5650 τρόπον
3789 5578 4035 5649 ἡγοῦμαι

2308 5708 2542 5766 NOTAE.

834 5805 961 5886 ¹(62)
1000 5807 1123 5860 Ἔτι
1155 5807 1575 5877 ἐσπαρμένοις.
1613 5805 2000 5862 Scribebatur.
2033 5804 2146 5856 ἔστι
2195 5803 2356 5872 ἐπαρ-

779 5891 980 5938 μενοις.

2539 5797 2650 5863 (65)
2693 5795 2850 5848 Ἐστι
2891 5793 3280 5863 διῃρημένην.
3313 5788 3521 5850 Scribe.
3550 5787 3699 5863 ἕτιδ.

2528 5858 2639 5926 flii)
2671 5858 3102 5927 Προσποί-ιισιιλ.
3134 5862 3511 5923 Seribebatur,
3546 5859 3680 5927 πρὸς
3706 5858 3950 5926 πίνησιν.
