4200 6438
177 430 333 496 1073

1260 448 1589 508 TACTICA.
1617 475 1686 487 -
1723 448 2226 514 CONSTITUTIO
2260 455 2366 517 XX

3295 463 3431 527 1οἨ

172 544 316 608 θέας
346 546 510 600 ἕνεκα
533 547 629 600 καὶ
658 548 854 617 πείρας
883 554 1292 622 στρατιωτικῶν
1318 556 1494 626 ἔργων
1520 557 1613 609 καὶ
1638 560 1765 627 ἠγε-

1870 561 1981 613 mnl
2017 573 2068 616 et
2102 564 2492 633 experientiam
2539 565 2616 621 rei
2661 568 2916 625 militaris
2953 578 3116 642 atque
3152 571 3447 641 imperato-

173 639 449 706 μονικῶν.
508 641 831 708 Ἀναγκαῖον
881 644 990 714 γὰρ
1028 643 1399 700 διδασκαλεῖον
1446 649 1760 716 ἀναγκαίων

173 730 530 801 μαθημάτων
559 734 587 785 ό
618 732 871 803 πόλεμος.
899 736 989 789 Διὸ
1016 735 1261 802 καὶτοὺς
1287 739 1636 807 ἀκμάζοντας
1664 742 1758 794 καὶ

169 822 357 887 φίλων
390 826 486 876 καὶ
510 824 728 877 οἰκείων
757 827 953 891 παῖδας
976 828 1165 901 ὥσπερ
1186 831 1429 899 εὐγενεῖς
1458 832 1757 898 σκύλακας,

168 906 218 964 ὦ
266 916 562 986 στρατηγὲ,
598 920 1086 988 συνεκστρατεύειν
1113 939 1172 973 σε
1200 922 1308 993 χρὴ
1334 925 1429 977 καὶ
1460 925 1763 991 συνεθίζειν

168 1004 496 1074 ἀνέχεσθαι,
533 1010 626 1061 καὶ
654 1010 861 1079 τολμᾷν
911 1011 1007 1066 καὶ
1039 1012 1249 1081 νεκρῶν
1290 1015 1629 1085 ἁπτομένους
1668 1018 1764 1069 καὶ

170 1096 401 1165 πληγάς
434 1099 761 1169 θεωμένους,
788 1102 884 1156 καὶ
907 1105 965 1157 ὲν
996 1107 1119 1168 ταῖς
1149 1106 1461 1174 ἐναγωνίοις
1485 1107 1635 1175 βοαῖς
1667 1109 1762 1161 καὶ

167 1190 296 1251 τοῖς
335 1189 717 1261 ἀλαλάγμασιν
760 1197 901 1247 κατὰ
926 1194 994 1247 τά
1030 1195 1232 1266 πρῶτα
1273 1197 1372 1265 τῆς
1408 1198 1588 1268 μάχης
1621 1215 1763 1266 γινο-

172 1277 370 1344 μένοις
408 1282 929 1351 παρατυγχάνοντας
964 1283 1237 1350 ἵστασθαι,
1282 1286 1369 1338 ἴνα
1402 1288 1538 1357 πρὸς
1564 1289 1632 1341 τὰ
1666 1305 1764 1341 πο-

168 1367 386 1437 λεμικά
434 1370 572 1441 ἔργα
617 1373 713 1425 καὶ
761 1374 906 1443 πάθη
951 1377 1015 1428 ἐκ
1049 1378 1174 1430 νέου
1216 1376 1620 1448 συνεθιζόμενοι
1669 1380 1763 1432 καὶ

168 1460 494 1528 ἀριστεύειν
521 1465 577 1516 ὲν
606 1465 790 1527 αὐτοῖς
822 1465 1090 1535 μάθωσιν.

253 1561 376 1607 σιε’.
427 1554 739 1625 Ῥωμαλέον
781 1558 874 1612 καὶ
907 1561 1130 1630 ἄριστον
1157 1560 1426 1626 ἀναδείξει
1454 1577 1515 1615 σε
1563 1579 1760 1633 στρατ-

169 1644 315 1714 ηγὸν
346 1646 379 1715 ἡ
409 1646 507 1716 τῆς
534 1648 741 1718 τόλμης
780 1649 998 1720 ὀξύτης,
1028 1651 1123 1703 καὶ
1153 1652 1213 1705 τὸ
1239 1652 1514 1722 βούλευμα
1538 1654 1597 1707 τὸ
1625 1671 1763 1725 χρη-

171 1737 329 1799 στὸν,
365 1738 458 1791 καὶ
499 1741 527 1791 ό
576 1740 685 1792 τῶν
729 1741 899 1810 φίλων
934 1742 1279 1813 εὐπρόθυμος
1328 1744 1761 1815 συναγωνισμὺς,

171 1829 275 1881 καὶ
304 1829 367 1881 τὸ
402 1830 625 1901 θαρρεῖν
647 1833 705 1884 ὲν
731 1834 842 1896 τοῖς
866 1834 1132 1897 κινδύνοις
1160 1833 1255 1887 τοῦ
1287 1834 1546 1906 πολέμου,
1579 1837 1672 1891 καὶ
1702 1835 1764 1889 τὸ

169 1919 415 1989 χρῆσθαι
450 1921 525 1991 τῷ
548 1939 604 1974 τε
639 1922 894 1995 σταθηρῷ
918 1924 1166 1996 λογισμῷ
1194 1928 1289 1980 καὶ
1320 1904 1752 1999 ἀκαταπλήκτῳ·
1789 1904 1836 1964 Β

167 2012 354 2064 ταῦτα
394 2013 503 2085 γάρ
542 2016 773 2085 στερῤοὖ
828 2018 1136 2087 στρατηγοῦ
1186 2022 1278 2072 καὶ
1318 2021 1639 2090 φιλοτίμου·
1675 2022 1763 2074 ἵνα

170 2103 275 2154 καὶ
301 2102 465 2166 αὐτὸς
494 2106 552 2156 ἐν
578 2106 755 2180 καιρῷ
782 2107 842 2172 ὲξ
864 2109 1058 2162 ἑαυτοῦ
1087 2114 1300 2182 παρέχῃ
1329 2112 1400 2164 τὰ
1432 2112 1641 2178 δέοντα,
1668 2114 1762 2166 καὶ

168 2193 266 2246 δ.α
307 2195 407 2265 τῆς
440 2197 606 2249 αὐτοῦ
656 2198 872 2268 ἀγαθῆς
906 2200 1133 2271 γνώμης
1172 2206 1265 2255 καὶ
1297 2202 1481 2270 φιλίας
1513 2220 1762 2272 συναγω-

167 2287 365 2350 νιστάς
399 2287 496 2359 ἔχῃ
530 2289 606 2352 ὡς
630 2290 818 2357 φίλους
841 2292 1097 2354 οἰκείους,
1126 2293 1218 2344 καὶ
1247 2293 1763 2361 συγκινδυνεύοντας

168 2380 327 2451 αύτῷ
348 2384 407 2435 ὲν
429 2384 601 2437 ἅπασι
630 2385 759 2447 τοὺς
788 2385 1149 2456 στρατιώτας.

248 2481 382 2537 σις’.
411 2474 622 2545 Ὥσπερ
646 2476 949 2547 κυνηγέτης
983 2477 1187 2545 ἀγαθὸς
1214 2476 1379 2548 τέχνῃ
1408 2478 1534 2541 τοὺς
1564 2477 1762 2541 λύκους

180 2568 594 2638 μετερχόμενος
635 2570 668 2640 ἢ
715 2571 813 2631 τὰς
846 2570 1137 2631 ἀλώπεκας
1178 2569 1429 2638 ἀγρεύει,
1461 2570 1634 2632 οὕτως
1667 2570 1763 2622 καὶ

168 2660 343 2724 αὐτὸς
394 2660 521 2724 τοὺς
572 2662 680 2714 ἀπὸ
735 2663 845 2714 τῶν
900 2662 1175 2731 πολεμίων
1234 2662 1614 2726 κατασκόπους
1672 2662 1763 2716 διὰ

168 2751 374 2821 τέχνης
406 2753 747 2823 ἀνευρήσεις.
805 2754 929 2808 Ἐὰν
958 2756 1065 2826 γάρ
1101 2754 1299 2818 ἔξωθεν
1330 2755 1422 2807 τοῦ
1462 2755 1556 2807 σοῦ
1588 2755 1760 2825 χάρα-

171 2846 270 2907 κος
311 2844 559 2911 φύλακας
588 2844 757 2916 τάξῃς
780 2887 795 2910 ,
847 2842 967 2901 εἶτα
1001 2846 1356 2900 ἐπιλαϐέσθαι
1388 2845 1485 2899 τοῦ
1534 2847 1762 2914 πλησίον

172 2937 398 3007 ἑκάστῳ
435 2937 701 3009 κελεύσῃς
724 2979 739 3004 ,
770 2939 865 2990 καὶ
911 2938 989 3009 μὴ
1024 2940 1240 3007 ἀφεῖναι
1270 2939 1375 3001 ἕως
1403 2938 1470 2992 ἂν
1509 2940 1637 3010 εἴπῃ
1670 2940 1764 2993 καὶ

169 3030 270 3082 τὸν
297 3030 558 3100 ἄρχοντα,
592 3033 684 3083 καὶ
714 3031 775 3082 τὸ
798 3032 1008 3101 τάγμα,
1033 3033 1126 3083 καὶ
1148 3032 1210 3084 τὸ
1242 3030 1619 3102 κοντυϐέρνιον
1642 3030 1762 3084 ὅθεν

171 3123 352 3185 ἐστὶν,
398 3121 430 3193 ἢ
462 3123 649 3193 ἕτερον
693 3121 965 3193 σύνθημα.
1003 3123 1139 3184 Τοὺς
1171 3123 1228 3175 δὲ
1260 3125 1432 3176 ταῦτα
1474 3122 1652 3190 λέγειν
1689 3122 1764 3194 μὴ

1868 654 1961 707 νὶτο
2006 655 2264 712 habeant.
2313 656 2500 714 Ludus
2541 661 2684 717 enim
2731 666 3095 731 necessarius,
3147 668 3451 737 disciplina!

1865 748 2189 802 necessariae
2231 748 2431 803 bellum
2473 760 2579 806 est.
2618 752 2810 822 itaque
2848 751 3105 811 ﬂorentes
3138 758 3248 827 jam
3293 768 3451 815 aetate

1864 839 2163 892 amicorum
2197 839 2659 914 familiariumque
2687 855 2905 899 tuorum
2940 845 3141 903 liberos
3168 854 3324 919 quasi
3354 867 3444 921 ge-

1865 944 2095 985 nerosos
2138 936 2350 988 catulos
2393 943 2572 989 tecum
2620 937 2675 992 in
2721 937 3071 1008 expeditione
3112 941 3343 1006 habeas,
3390 949 3450 997 ut

1866 1021 2084 1076 discant
2110 1025 2342 1080 tolerare
2372 1025 2631 1091 laborem,
2656 1029 2981 1085 audaciores
3008 1046 3152 1098 esse,
3180 1032 3447 1087 cadavera

1822 1186 1831 1194 η
1868 1121 2206 1168 mortuorum
2237 1125 2484 1188 tangere,
2515 1120 2701 1191 plagas
2726 1123 2930 1190 videre,
2953 1135 3007 1178 et
3038 1125 3309 1181 clamores
3337 1128 3450 1181 hel-

1865 1205 2004 1260 licos
2036 1206 2299 1276 perferre,
2323 1219 2378 1265 et
2404 1211 2457 1264 in
2486 1212 2645 1266 initio
2672 1215 2837 1281 praelii
2865 1216 3059 1271 bellico
3087 1217 3345 1272 tumultui
3374 1220 3451 1272 in-

1865 1304 2104 1365 teresse,
2137 1308 2196 1353 ut
2228 1301 2295 1354 ad
2350 1303 2536 1356 omnia
2598 1306 2819 1374 negotia
2872 1306 3065 1364 bellica
3099 1310 3169 1366 ab
3226 1310 3451 1368 ineunte

1863 1394 2026 1445 aetate
2053 1391 2353 1448 assuefacti
2385 1396 2595 1451 strenui
2627 1411 2750 1453 esse
2779 1397 3003 1454 debent.

1935 1573 2061 1630 215.
2104 1575 2322 1633 Fortem
2357 1595 2421 1634 ac
2452 1581 2774 1650 prudentem
2806 1583 3191 1652 imperatorem
3224 1592 3276 1639 te
3308 1585 3453 1641 indi-

1864 1664 2088 1729 cabunt,
2117 1676 2426 1735 opportuna
2456 1670 2701 1735 audacia,
2731 1679 2785 1725 et
2814 1672 3016 1727 bonum
3046 1676 3361 1739 consilium,
3390 1684 3448 1731 et

1867 1757 2170 1810 amicorum
2207 1757 2405 1813 alacris
2440 1760 2688 1814 laborum
2724 1763 3026 1831 susceptio,
3058 1772 3109 1817 et
3144 1765 3199 1817 in
3238 1766 3449 1833 pericu—

1867 1847 1934 1903 lis
1965 1847 2233 1904 obeundis
2263 1849 2619 1915 confidentia,
2642 1859 2697 1907 et
2726 1853 2778 1906 in
2809 1854 2973 1908 rebus
3003 1853 3258 1924 gerendis
3290 1854 3454 1910 firmi-

1865 1950 1948 1996 tas
1978 1942 2144 1995 animi
2173 1949 2338 2012 atque
2364 1945 2696 2000 constantia.
2727 1944 2853 2000 llzec
2878 1947 3022 2001 enim
3054 1948 3266 2003 strenui
3298 1948 3453 2003 ducis

1864 2045 1929 2086 ac
1955 2033 2158 2089 nobilis
2191 2042 2342 2096 sunt,
2370 2042 2431 2088 ut
2459 2042 2513 2089 et
2542 2037 2659 2104 ipse
2687 2047 2999 2106 opportuno
3032 2046 3276 2107 tempore
3302 2037 3452 2107 quod

1863 2128 2131 2194 Optimum
2165 2126 2312 2182 factu
2348 2128 2421 2183 sit
2451 2126 2648 2195 facias,
2683 2139 2738 2184 et
2771 2130 2985 2183 consilii
3022 2131 3100 2183 tui
3133 2132 3457 2185 benevolen-

1866 2220 2060 2287 tiaeque
2094 2218 2407 2287 adjutores,
2443 2228 2498 2275 et
2530 2221 2785 2277 omnibus
2818 2221 2874 2275 in
2910 2222 3076 2276 rebus
3108 2222 3455 2279 voluntarios

1864 2308 2186 2367 defensores
2223 2312 2448 2369 habeas.

1935 2495 2063 2549 2l6.
2104 2494 2379 2561 Quoniam
2408 2505 2640 2551 venator
2664 2496 2843 2551 bonus
2874 2498 3038 2568 lnpos
3069 2507 3123 2554 et
3151 2499 3343 2570 vulpes
3372 2516 3455 2553 ar-

1867 2588 2037 2640 tificio
2072 2596 2326 2651 venatur,
2364 2589 2444 2641 sic
2481 2596 2535 2641 ct
2574 2595 2630 2640 ιιι
2672 2589 2911 2644 hostium
2957 2593 3333 2659 Speculatores
3374 2608 3459 2648 so-

1866 2680 2022 2734 lertia
2055 2681 2259 2749 capies.
2293 2679 2349 2733 Si
2382 2683 2529 2736 enim
2563 2689 2715 2735 extra
2749 2683 2949 2735 vallum
2986 2692 3139 2737 tuum
3172 2684 3457 2741 custodias

1865 2771 2153 2835 locaveris,
2178 2771 2375 2825 deinde
2396 2770 2633 2839 jusseris
2656 2778 2715 2825 ut
2739 2787 3185 2843 unumquemque
3212 2773 3458 2844 ignotum

1864 2870 2110 2925 teneant,
2139 2871 2193 2915 et
2226 2861 2585 2931 interrogent,
2619 2876 2796 2934 neque
2826 2863 3104 2917 dimittant
3136 2866 3456 2935 priusquam

1866 2954 2107 3024 praefecti
2144 2968 2340 3007 nomen
2377 2962 2432 3008 et
2464 2954 2837 3022 contubernii,
2875 2957 3020 3011 unde
3062 2959 3157 3022 sit,
3192 2968 3248 3012 et
3287 2969 3460 3013 tesse-

1864 3059 1981 3099 ram
2022 3043 2141 3113 ejus
2181 3045 2527 3100 contubernii
2570 3049 3105 3114 commemoraverit,
3142 3060 3197 3104 et
3232 3065 3329 3105 eos
3366 3050 3458 3121 qui

1868 3141 1983 3195 haec
2016 3139 2197 3194 facere
2233 3142 2610 3210 nequiverint,
2644 3142 3018 3211 exploraveris
3049 3147 3277 3215 quinam
3310 3147 3456 3208 sint,

172 3215 513 3283 δυναμένους
554 3215 865 3283 ἐξετάσεις,
920 3217 1012 3269 οιαὶ
1048 3214 1219 3278 οὕτως
1266 3216 1591 3287 ἀνευρήσεις
1635 3215 1762 3278 τοὺς

1870 3232 2025 3287 facile
2055 3231 2429 3300 speculatores
2458 3234 2676 3287 illorum
2713 3234 2981 3290 invenies.

175 3308 586 3371 κατασκόπους.

254 3398 382 3461 σίζ’.
437 3400 596 3467 Μέγα
644 3399 879 3469 πρᾶγμα
940 3399 1035 3451 καὶ
1086 3399 1383 3467 ἀναγκαῖον
1434 3396 1765 3467 δημηγορῶν

187 3491 335 3561 μετὰ
367 3491 685 3561 φρονήσεως
721 3490 1026 3562 στρατηγός
1049 3504 1064 3520 ·
1103 3491 1324 3543 πλείονα
1362 3491 1469 3559 γὰρ
1504 3489 1767 3551 πολλάκις

179 3586 250 3636 ἐκ
292 3583 390 3652 τῆς
434 3583 521 3635 διὰ
552 3582 725 3649 λόγων
755 3582 993 3650 ὁμιλίας,
1024 3581 1167 3651 ἤπερ
1215 3582 1278 3633 ὲκ
1305 3581 1413 3632 τῶν
1459 3580 1640 3631 ὅπλων
1669 3580 1768 3649 τὴν

179 3674 437 3744 ἀνδρείαν
458 3674 868 3744 παρασκευάσει
885 3672 965 3744 τῷ
988 3672 1357 3743 στρατεύματι
1380 3688 1392 3701 ·
1412 3674 1507 3725 καὶ
1531 3672 1767 3741 μάλιστα

182 3766 503 3837 προστιθεὶς
535 3765 614 3834 τῷ
646 3766 809 3836 λόγῳ,
851 3766 933 3818 ὅτι
968 3766 1102 3836 πρὸς
1144 3763 1472 3825 ἀντιπάλους
1506 3763 1628 3816 ἐστὶ
1663 3763 1766 3832 μά·-

182 3857 383 3930 χεσθαι
416 3859 593 3927 σάρκα
628 3859 721 3910 καὶ
750 3851 890 3925 αἷμα
930 3856 1151 3925 ἔχοντας
1176 3896 1191 3921 ,
1226 3856 1336 3908 καὶΔ
1360 3855 1427 3909 τὰ
1462 3854 1766 3924 ἀνθρώπων

183 3953 498 4021 πάσχοντας
523 3951 618 4003 καὶ
642 3949 857 4011 αὐτούς.

265 4137 390 4202 σιη¹.
436 4129 755 4198 ’Δναγκαῖόν
808 4145 909 4192 στι,
959 4121 1005 4180 ὦ
1057 4127 1349 4195 στρατηγὲ,
1400 4127 1531 4179 ὅταν
1584 4131 1773 4197 χεῖρας

187 4224 508 4295 συμμίξωσι
540 4224 675 4294 πρὸς
709 4223 888 4293 μάχην
915 4222 1058 4274 κατὰ
1082 4220 1190 4273 τῶν
1223 4219 1497 4288 πολεμίων
1529 4222 1577 4273 οἱ
1610 4238 1775 4290 στρα-

183 4319 404 4381 τιῶται,
438 4315 857 4385 παρατρέχοντα
889 4314 1037 4384 βοᾷνο
1084 4314 1207 4364 Ἔτι
1242 4311 1391 4375 ἅπαξ
1433 4311 1772 4381 προσϐαλοῦ-

190 4431 296 4484 μεν
322 4414 435 4475 τοῖς
462 4410 763 4479 πολεμίοις,
801 4408 894 4460 καὶ
919 4407 1234 4475 νικήσομεν·
1257 4407 1352 4458 καὶ
1369 4406 1529 4460 πάλιν
1552 4407 1769 4475 ὁμοίως

190 4505 318 4558 Ἔτι
345 4500 491 4565 ἆπαξ
520 4496 934 4569 προσϐαλοῦμεν
952 4497 1044 4548 καὶ
1070 4497 1383 4565 νικήσομεν,
1404 4497 1496 4548 καὶ
1513 4497 1693 4566 τρίτον
1718 4497 1774 4550 δὲ

1937 3410 2066 3464 2l7.
2104 3410 2411 3481 imperator
2446 3410 2540 3479 qui
2580 3409 2950 3480 eloquentiam
2993 3427 3118 3466 cum
3162 3413 3459 3483 prudentia

1869 3502 2251 3572 conjunxerit,
2282 3503 2413 3572 quid
2443 3503 2499 3556 in
2529 3504 2774 3557 exercitu
2809 3513 3072 3572 praestare
3101 3519 3208 3558 non
3240 3508 3463 3574 potest?

1872 3594 2075 3664 Maiora
2098 3595 2242 3648 enim
2265 3608 2406 3663 sazpe
2428 3593 2633 3657 diserta
2657 3597 3037 3649 cohortatione
3059 3595 3275 3661 efficiet,
3296 3612 3459 3666 quam

1869 3688 2080 3743 viribus
2114 3687 2231 3742 suis
2264 3694 2317 3742 et
2350 3688 2474 3756 plus
2504 3688 2689 3743 verbis
2721 3702 2884 3756 quam
2921 3690 3121 3744 robore
3157 3690 3358 3745 milites
3395 3690 3463 3744 ad

1868 3780 2248 3836 strenuitatem
2280 3778 2556 3843 inc‘itabit,
2588 3778 2752 3849 idque
2780 3781 3017 3835 maxime
3049 3782 3092 3834 si
3130 3783 3462 3851 persuadeat

1868 3886 1995 3924 cum
2037 3870 2290 3925 hostibus
2332 3870 2437 3924 sibi
2479 3885 2592 3923 rem
2635 3886 2781 3935 esse,
2817 3871 2908 3940 qui
2946 3888 3012 3925 ex
3052 3883 3219 3927 carne
3252 3873 3305 3927 et
3341 3889 3464 3927 san-

1871 3965 2059 4033 guine,
2110 3962 2576 4031 quemadmodum
2626 3964 2809 4018 caeteri
2862 3964 3134 4026 homines,
3179 3965 3463 4023 constituti

1871 4058 2002 4118 sint,
2031 4056 2236 4126 quique
2265 4056 2448 4109 omnia
2479 4056 2717 4111 humana
2752 4057 2909 4112 facile
2942 4060 3048 4127 pati
3086 4067 3339 4129 possunt.

1942 4150 2065 4205 ‘2l8.
2114 4148 2255 4204 Utile
2299 4148 2399 4204 tibi
2447 4150 2770 4219 cumprimis
2817 4153 2956 4216 erit,
3005 4151 3322 4221 imperator,
3374 4151 3464 4205 ubi

1873 4258 2070 4297 manus
2099 4248 2400 4296 conserunt
2428 4257 2553 4295 cum
2587 4242 2838 4298 hostibus
2873 4244 3073 4298 milites
3107 4246 3204 4301 tni.
3239 4255 3467 4315 prmter-

1872 4334 2175 4407 grediendo
2210 4333 2409 4389 milites
2446 4335 2512 4388 iis
2544 4335 2724 4389 verbis
2760 4338 3035 4404 appellare
3068 4354 3082 4389 :
3122 4336 3301 4392 Senth
3342 4347 3468 4392 tan,-

1875 4437 1986 4478 tum
2017 4423 2249 4492 conﬂige
2274 4439 2398 4478 cum
2428 4423 2697 4490 hostibus,
2723 4432 2777 4478 et
2803 4425 3118 4491 vincemus;
3146 4434 3310 4495 atque
3340 4428 3467 4481 item

1877 4517 2130 4571 similiter
2158 4517 2327 4572 semel
2359 4533 2371 4569 :
2406 4513 2610 4570 iterum
2644 4530 2768 4570 cum
2801 4517 2958 4572 hoste
2988 4516 3237 4585 conﬂige,
3263 4527 3322 4572 ct
3349 4518 3468 4571 vin-

184 4594 352 4649 τοῦτο
387 4594 611 4662 ποιῆσαι
645 4587 1084 4659 παριππεύοντα.
1131 4586 1317 4649 Οὕτως
1354 4587 1463 4657 γάρ
1504 4588 1663 4657 νίκη-ι
1698 4588 1769 4651 ὼς

1880 4624 2091 4665 cemus.
2116 4607 2302 4663 Tertio
2329 4615 2510 4661 autem
2539 4608 2910 4678 obequitando
2939 4609 3040 4662 hoc
3068 4608 3253 4663 faciat.
3280 4607 3469 4677 itaque

186 4682 409 4746 ἁλι-,θῶς
439 4682 501 4732 ἐκ
530 4678 628 4746 τῆς
652 4676 958 4747 προθυμίας
992 4678 1256 4746 ποιήσεις,
1305 4676 1502 4746 ἐφεξῆς
1529 4678 1620 4729 καὶ
1652 4695 1778 4732 συν-

190 4776 332 4844 εχῶς
389 4775 487 4836 τὰς
535 4774 683 4842 τρεῖς
746 4769 1053 4840 προσϐολὰς
1124 4769 1469 4837 ποιούμενος.
1501 4770 1673 4823 Τοῦτο
1719 4772 1776 4824 δὲ

190 4866 467 4935 ποιήσεις,
500 4865 629 4917 ὅταν
668 4862 805 4933 μετά
827 4862 926 4930 τῆς
955 4861 1050 4913 τοῦ
1077 4860 1215 4913 Θεοῦ
1248 4860 1499 4931 βοηθείας
1523 4863 1652 4933 ὁρᾷς
1693 4863 1777 4915 ὅτι

190 4959 339 5014 κατὰ
390 4959 491 5027 τὴν
527 4957 753 5030 πρώτην
811 4953 1091 5024 συμϐολὴν
1148 4954 1423 5022 προτερῇς
1474 4954 1617 5008 κατὰ
1668 4955 1777 5007 τῶν

192 5051 493 5120 πολεμίων.

269 5143 394 5198 σιθ’.
432 5144 549 5197 Ἵνα
577 5142 634 5194 δὲ
687 5142 912 5210 μνήμων
948 5136 1360 5207 θαυμαζόμενος
1398 5139 1495 5191 καὶ
1526 5140 1642 5201 τοῖς
1681 5140 1779 5193 ἀν.

191 5237 382 5293 τιπολε
391 5236 531 5307 μίοις
546 5232 683 5288 εἶναι
700 5233 855 5303 δόξῃς
872 5231 1004 5302 (65),
1025 5231 1120 5283 καὶ
1136 5231 1224 5283 διὰ
1240 5230 1400 5284 τοῦτο
1413 5230 1663 5301 φοϐερὸς,
1684 5233 1781 5286 ἐάν

197 5349 283 5385 σοι
316 5328 575 5401 πρέσϐεις
604 5326 990 5386 ἀποστείλωσι,
1023 5324 1142 5377 δέον
1172 5341 1230 5376 σε
1265 5324 1610 5392 ἀνερωτῆσαι
1649 5327 1780 5396 περὶ

196 5426 416 5489 αὐτῶν,
448 5423 543 5476 ὲάν
577 5437 707 5474 ποτε
754 5417 1228 5490 ἐπρεσϐεύσαντο,
1283 5418 1379 5470 καὶ
1428 5418 1570 5489 ὑπὲρ
1613 5419 1781 5474 τίνων

198 5516 563 5589 πραγμάτων,
592 5512 688 5566 καὶ
720 5512 854 5582 μετὰ
884 5511 1046 5564 τίνων
1071 5508 1406 5579 προσώπων,
1435 5509 1531 5563 καὶ
1555 5511 1614 5563 ἐν
1640 5513 1780 5583 ποίῳ

198 5605 398 5676 καιρῷ,
450 5603 547 5655 καὶ
592 5603 649 5653 ὲν
696 5600 834 5669 ποίῳ
869 5600 1039 5669 τόπῳ.
1100 5600 1220 5651 Ἔτι
1253 5598 1310 5652 δὲ
1356 5600 1453 5653 καὶ
1501 5601 1631 5671 περὶ
1679 5606 1781 5673 τῆς

198 5696 567 5770 προκειμένης
607 5693 903 5766 πρεσϐείας
933 5692 1343 5763 προμελετῆσαι
1373 5691 1412 5745 ἃ
1456 5692 1570 5757 δεῖ,
1603 5695 1697 5748 καὶ
1733 5699 1785 5750 εἴ

1879 4718 2138 4773 magnum
2170 4712 2509 4757 momentum
2540 4702 2607 4756 ad
2635 4702 2920 4756 victoriam
2950 4700 3163 4766 afferes,
3193 4702 3239 4755 si
3273 4702 3469 4756 alacri-

1880 4802 1961 4849 ter
1991 4802 2045 4848 et
2077 4793 2300 4849 assidue
2334 4795 2435 4850 hos
2472 4803 2586 4849 tres
2622 4795 2861 4863 impetus
2899 4794 3099 4848 milites
3138 4792 3378 4859 faciant,
3413 4799 3469 4847 et

1878 4886 2064 4941 hostes
2092 4886 2341 4941 animose
2374 4886 2656 4941 invadant.
2686 4885 2799 4940 Hoc
2830 4886 2926 4940 abs
2960 4893 3013 4941 te
3045 4885 3355 4940 faciendum
3384 4894 3468 4941 est

1878 4980 2101 5046 quando
2135 4979 2375 5047 primum
2410 4979 2536 5035 belli
2573 4980 2881 5050 ingressum
2915 4978 3026 5033 Deo
3060 4979 3299 5050 propitio
3332 4979 3470 5035 bene

1884 5070 2036 5125 vides
2068 5071 2386 5140 procedere.

1951 5160 2079 5215 2l9.
2112 5160 2180 5216 Ut
2204 5177 2335 5216 vero
2361 5168 2584 5232 propter
2607 5162 2901 5216 multarum
2933 5177 3113 5216 rerum
3144 5162 3467 5218 memoriam

1886 5250 1953 5304 ab
1987 5250 2240 5305 hostibus
2276 5251 2329 5305 in
2367 5250 2733 5305 admiratione
2768 5252 3057 5314 habearis,
3093 5260 3146 5306 et
3179 5261 3469 5322 tropterea

1886 5341 1957 5397 ab
1988 5343 2095 5397 illis
2125 5343 2391 5407 timearis,
2418 5343 2463 5398 si
2492 5343 2559 5398 ad
2588 5352 2639 5398 te
2669 5343 2830 5410 legati
2864 5344 3019 5399 missi
3048 5343 3271 5409 fuerint,
3300 5345 3469 5399 inter-

1887 5433 2111 5502 rogabis
2146 5448 2240 5488 eos
2278 5434 2523 5503 nunquid
2567 5441 2693 5488 ante
2728 5434 2997 5505 legatione
3034 5436 3115 5489 usi
3154 5434 3378 5498 fuerint,
3415 5443 3470 5490 et

1889 5525 2091 5593 quibus
2120 5524 2187 5579 de
2213 5525 2421 5587 causis,
2448 5525 2647 5593 quibus
2673 5540 2798 5579 cum
2826 5524 3161 5589 hominibus,
3187 5542 3296 5595 quo
3323 5526 3470 5591 loco,

1888 5630 1998 5685 quo
2038 5624 2302 5685 tempore.
2341 5615 2641 5688 Legatione
2683 5618 2812 5672 item
2853 5617 3133 5688 proposita
3179 5617 3468 5687 providen-

1889 5707 2017 5761 dum
2045 5709 2228 5764 animo
2252 5718 2355 5777 est,
2380 5726 2511 5766 num
2537 5726 2658 5783 qua:
2682 5710 2880 5766 similis
2908 5710 3091 5777 fuerit,
3116 5710 3197 5764 vel
3222 5709 3363 5781 apud
3394 5718 3469 5779 te,

1738 5812 1971 5873 NO'F/E.

274 5880 383 5945 (65)
412 5873 579 5932 Εἶναι
608 5875 813 5941 δόξῃς.
844 5874 1215 5941 Scribebatnr,
1250 5876 1295 5928 εὶ
1330 5880 1423 5932 καὶ
1454 5880 1632 5950 δόξης.
