4200 6438
726 390 866 452 1075

1952 388 2232 453 LEONIS
2264 390 2728 453 PHILOSOPIII

3840 387 3986 450 1076

718 505 802 558 vel
837 503 999 556 aliam
1034 498 1284 569 quamvis
1317 499 1593 555 nationem
1615 542 1630 565 ,
1668 509 1728 554 ut
1762 501 2286 569 interrogationibus

2405 517 2437 553 τι
2469 503 2653 571 ὅμοιον
2686 500 2933 570 ἐπράχθη
2993 500 3121 554 ποτὲ
3165 500 3197 572 ἢ
3237 499 3387 571 παρά
3431 500 3517 553 σοὶ
3557 499 3590 569 ἦ
3644 499 3779 568 παρ’
3814 501 3999 569 ἑτέρῳ

718 602 773 648 ct
801 607 1053 649 sermone
1083 601 1177 646 tuo
1201 592 1437 648 videaris
1469 593 1765 648 multarum
1794 609 1975 650 rerum
2005 609 2213 650 memor
2237 602 2292 649 et

720 688 927 754 peritus
955 699 1096 739 esse.

785 777 912 831 220.
954 778 1034 832 Ad
1071 792 1192 848 quae
1225 778 1344 832 loca
1378 778 1462 833 vel
1503 779 1757 835 civitates
1790 780 2024 835 classem
2059 783 2293 837 emissu-

719 883 812 921 rus
860 884 921 923 es
969 870 1173 923 nemini
1222 869 1467 926 indicare
1514 881 1760 941 oportet,
1807 872 1903 927 sed
1951 875 2295 928 occultanda:

716 961 901 1015 animo
934 962 1193 1019 civitates
1238 970 1387 1026 sunt,
1434 973 1493 1017 ut
1539 978 1699 1017 nemo
1742 963 1811 1018 de
1855 966 2052 1021 classis
2100 966 2294 1019 itinere

716 1050 1014 1120 quidquam
1058 1054 1395 1119 praesentiat.
1439 1052 1753 1108 Mandatum
1797 1069 1977 1112 autem
2018 1056 2292 1125 quoddam

718 1141 915 1195 litteris
947 1143 1270 1198 conscrihes
1291 1184 1306 1209 ,
1340 1144 1481 1212 quod
1523 1143 1614 1197 ubi
1650 1145 1914 1214 scriptum
1953 1145 2117 1201 fuerit
2150 1147 2299 1201 obsi-

718 1232 933 1302 gnabis,
959 1242 1014 1287 et
1042 1236 1319 1289 navareho
1348 1235 1553 1299 trades,
1582 1237 1977 1307 praecipiesque
2005 1239 2081 1292 illi
2115 1248 2175 1293 ut
2204 1239 2293 1294 ubi

718 1341 869 1380 mare
904 1327 1187 1400 ingressus
1224 1328 1407 1394 fuerit,
1446 1330 1684 1400 sigillum
1731 1332 1961 1400 aperiat.
1996 1341 2051 1387 et
2086 1347 2295 1402 cogno-

716 1427 834 1472 scat
876 1435 985 1489 quo
1028 1422 1205 1476 iturus
1243 1422 1336 1477 sit.
1378 1424 1457 1476 Ita
1500 1425 1638 1478 clam
1683 1425 1869 1480 hostes
1909 1440 2020 1494 quo
2059 1424 2297 1480 volneris

718 1514 1025 1581 pervenies.

788 1604 912 1656 22!.
950 1604 1120 1673 Leges
1149 1605 1412 1661 militares
1440 1618 1605 1677 atque
1635 1607 2003 1678 imperatoriae
2033 1609 2079 1664 si
2111 1618 2296 1664 custo-

719 1695 958 1760 diantur,
991 1696 1228 1752 victores
1268 1697 1440 1754 duces
1480 1700 1780 1755 honoratos
1821 1711 1876 1755 et.
1916 1700 2300 1755 memorabiles

721 1788 959 1854 faciunt,
990 1798 1045 1844 ct
1076 1791 1295 1859 regibus
1326 1792 1567 1846 lmtitiam
1598 1793 2136 1861 oblectationemque
2164 1791 2299 1846 alle-

718 1889 873 1944 runt,
897 1888 951 1934 et
980 1881 1047 1933 ad
1077 1881 1413 1937 deditionem
1447 1898 1749 1952 pacemque
1780 1886 1968 1941 hostes
1994 1894 2218 1954 cogunt,
2245 1892 2300 1939 et

719 1972 788 2025 ab
808 1973 1062 2027 omnibus
1089 1974 1596 2047 perturbationibus
1619 1977 1900 2046 subjectos
1926 1985 2147 2033 nostros
2170 1978 2300 2031 libe-

720 2072 865 2127 rant,
891 2065 1001 2119 imo
1021 2081 1150 2120 vero
1174 2068 1470 2123 multorum
1499 2068 1763 2123 bonorum
1792 2080 1952 2138 atque
1975 2070 2299 2125 salutarium

719 2170 901 2210 causa:
924 2166 1072 2221 sunt,
1096 2169 1149 2212 et
1175 2157 1270 2213 Dei
1297 2173 1425 2225 erga
1452 2159 1579 2215 illos
1608 2160 2045 2215 benevolentiam
2075 2170 2299 2231 augent,

719 2254 775 2302 et
801 2246 867 2301 ad
898 2248 1227 2302 laudandum
1256 2248 1424 2304 Deum
1455 2266 1649 2305 omnes
1679 2252 1934 2307 homines
1962 2253 2081 2321 pios
2112 2252 2303 2322 impel-

724 2340 861 2395 lunt.
896 2340 1005 2394 Has
1036 2341 1203 2412 igitur
1231 2342 1376 2414 leges
1406 2344 1563 2413 quasi
1601 2345 1887 2409 maximas,
1922 2347 2168 2399 omnium
2203 2348 2303 2401 bo-

724 2448 917 2485 norum
950 2434 1248 2487 secundum
1280 2434 1446 2488 Deum
1476 2438 1941 2499 conservatrices,
1965 2446 2020 2490 et
2049 2453 2304 2492 comunt—

722 2525 808 2579 nis
831 2523 1023 2577 salutis
1050 2525 1635 2594 prospicientissimas,
1661 2527 1811 2581 omni
1833 2527 2113 2595 diligentia
2139 2536 2302 2596 atque

722 2617 1071 2672 observantia
1100 2618 1270 2683 coles,
1301 2626 1357 2671 et
1387 2626 1516 2673 ante
1546 2619 1731 2672 omnia
1761 2619 1978 2673 divinas
2007 2620 2176 2688 leges.
2205 2636 2301 2674 ve-

722 2722 895 2777 raque
951 2707 1098 2761 illius
1156 2717 1424 2777 prtecepta
1482 2708 1681 2775 quibus
1734 2708 1910 2776 pietas
1964 2709 2300 2769 continetur,

724 2814 938 2854 summo
970 2799 1151 2855 studio
1179 2808 1234 2854 et
1260 2803 1524 2868 perpetuo
1553 2800 1805 2869 sequaris
1834 2818 1849 2855 :
1879 2800 1951 2853 ita
1984 2801 2129 2853 enim
2161 2801 2304 2869 opti-

725 2906 871 2943 mum
910 2890 1195 2958 imperium
1233 2889 1353 2948 lict.
1385 2898 1441 2943 et
1475 2889 1584 2945 Deo
1619 2891 1996 2944 universitatis
2031 2890 2161 2959 Regi
2201 2894 2303 2944 ΙΜ-

725 2983 981 3050 minoque
1010 2991 1199 3036 nostro
1222 2979 1348 3035 Jesu
1376 2981 1619 3045 Christo,
1644 2990 1698 3036 et
1727 2982 1885 3038 nobis
1911 2983 2002 3053 qni
2031 2998 2126 3052 per
2149 2983 2299 3037 illum

724 3088 1038 3144 regnamns,
1070 3074 1435 3144 complacitus
1465 3075 1594 3130 eris.

1052 3255 1432 3326 Argumentum
1473 3255 1598 3309 libri
1634 3256 1687 3309 in
1731 3255 1972 3326 Epilogo.

796 3348 847 3401 Ι.
882 3345 951 3400 Ut
984 3345 1147 3417 igitur
1171 3346 1355 3402 omnia
1385 3363 1548 3416 quam
1581 3348 1903 3402 brevissime
1932 3364 1963 3401 a
1994 3348 2149 3402 nobis
2179 3348 2305 3402 uni-

726 3451 888 3490 verso
935 3437 1036 3491 hoc
1081 3437 1223 3490 libro
1268 3438 1549 3499 conclusa,
1598 3439 1915 3493 summatim
1967 3447 2303 3507 repetamus,

728 3529 832 3585 hoc
867 3528 919 3592 in
956 3528 1149 3597 primis
1178 3529 1429 3598 dignitati
1461 3538 1569 3584 tua:
1600 3530 1971 3601 praecipimus,
2006 3540 2063 3583 ut
2092 3545 2200 3599 qua
2236 3530 2305 3585 de

728 3634 897 3673 causa
930 3619 1319 3688 imperatores,
1352 3633 1616 3691 quantum
1651 3629 1805 3691 potes
1836 3622 2069 3687 ellicias,
2104 3630 2163 3675 ut
2188 3637 2307 3674 om-

731 3732 826 3769 nes
852 3717 943 3785 qui
975 3718 1076 3770 sub
1108 3716 1338 3787 imperio
1370 3725 1465 3772 tuo
1497 3727 1645 3778 sunt,
1677 3718 1843 3771 vitam
1875 3733 2039 3787 quam
2073 3718 2307 3773 maxime

734 3811 1079 3877 tranquillam
1110 3817 1164 3865 et
1197 3824 1447 3864 securam
1479 3810 1697 3879 degant.

803 3899 861 3957 2.
899 3901 977 3955 Ac
1012 3902 1246 3970 prinmtn
1283 3901 1549 3969 quidquid
1583 3901 1831 3954 dicturus
1867 3900 2180 3954 facturusve
2213 3915 2305 3963 es,

732 4008 759 4045 a
794 3992 904 4047 Deo
933 3992 1263 4063 principium
1295 3993 1511 4055 habeat,
1546 3992 1796 4061 nihilque
1826 3992 1944 4048 sine
1976 3992 2122 4046 illius
2156 4006 2308 4046 com-

730 4086 1127 4142 memoratione
1156 4099 1221 4140 ac
1250 4084 1639 4156 deprecatione
1668 4092 1880 4155 agatur.

799 4263 853 4315 3.
884 4261 996 4316 Cur
1015 4262 1159 4317 enim
1185 4278 1294 4317 non
1319 4263 1649 4333 principium
1672 4265 1914 4318 omnium
1941 4279 2121 4319 rerum
2148 4280 2310 4335 agen-

730 4354 921 4405 clarum
954 4369 981 4407 a
1011 4353 1119 4407 Deo
1146 4353 1469 4423 capiendum
1498 4356 1591 4419 sit,
1614 4369 1738 4408 cum
1772 4354 1915 4410 Deus
1942 4365 2100 4426 pater
2125 4364 2311 4410 noster

734 4446 907 4499 factor
932 4454 985 4499 et
1020 4447 1299 4514 inspector
1323 4447 1594 4501 dictorum
1630 4446 2007 4516 factorumque
2037 4448 2304 4515 omnium,

2398 592 2539 645 ἔθνει
2579 607 2592 620 ·
2623 593 2709 645 ἵνα
2731 593 2788 644 ὲν
2804 594 2923 654 ταῖς
2948 593 3278 663 ἐρωτήσεσιν
3306 592 3399 645 καὶ⁸
3420 590 3735 659 συντυχίαις
3753 590 3997 662 ἐκπλήσ-

2400 700 2499 757 σῃς
2527 683 2723 747 αὐτοὺς
2746 683 2821 745 ὡς
2850 685 2992 737 πάνυ
3020 684 3355 754 μνημονικὸς
3385 684 3478 736 καὶ
3518 680 3875 751 πολύπειρος.

2471 782 2572 829 σκ⁸.
2607 771 2708 828 Ὧν
2739 776 2901 828 ἕνεκα
2937 776 2969 845 ἦ
2996 777 3176 829 τόπων
3201 776 3330 828 ποτὲ
3356 775 3389 845 ἢ
3419 774 3629 827 πόλεων
3671 774 3994 843 ἐκπέμπειν

2402 865 2618 935 μέλλεις
2656 866 2909 918 ναυτικὸν
2943 865 3125 918 στόλον
3152 905 3166 929 ,
3207 864 3474 935 κρύπτειν
3507 881 3564 916 σε
3593 863 3676 915 δεῖ
3715 863 3814 915 καὶ
3859 865 3994 926 τοὺς

2397 957 2596 1018 τόπους
2619 956 2835 1018 καὶτὰς
2858 956 3064 1020 πόλεις,
3096 955 3237 1009 ὥστε
3271 954 3474 1026 μηδένα
3505 956 3846 1025 προγνῶναι,
3878 954 3989 1007 ποῦ

2402 1047 2843 1121 μέλλειγίνεσθαι
2875 1048 2903 1100 ὀ
2949 1047 3278 1110 κατάπλους.
3312 1048 3591 1117 Ἐνταλμα
3628 1048 3687 1099 δὲ
3732 1048 3983 1116 γράψας,

2398 1138 2558 1193 τοῦτο
2584 1142 3027 1209 σφραγισάμενος
3061 1138 3321 1208 ἀσφαλῶς
3359 1139 3542 1201 ἐπίδος
3586 1139 3666 1209 τῷ
3721 1139 3993 1193 καθιστα-

2404 1232 2552 1300 μένῳ
2582 1230 2733 1301 παρὰ
2759 1228 2853 1282 σοῦ
2891 1232 3169 1300 ναυάρχῳ,
3208 1230 3296 1283 ἵνα
3326 1229 3465 1282 κατὰ
3491 1230 3552 1281 τὸ
3583 1230 3823 1297 πέλαγος
3846 1230 3994 1295 εξελ-

2401 1323 2530 1386 Οὼν,
2562 1323 2681 1377 τότε
2712 1316 2851 1394 λύσῃ
2878 1326 2977 1392 τὴν
3013 1321 3305 1392 σφραγίδα,
3338 1322 3431 1374 καὶ
3477 1312 3623 1392 μάθῃ
3664 1323 3770 1375 ποῦ
3802 1322 3993 1391 μέλλει

2400 1415 2748 1486 πορεύεσθαι.
2795 1414 2982 1477 Οὕτως
3010 1415 3119 1486 γὰρ
3153 1415 3389 1484 ποιήσας
3442 1413 3613 1484 λάθῃς
3658 1415 3787 1477 τοὺς
3826 1414 3991 1466 πιλε-

2404 1509 2585 1578 μίους.

2475 1600 2618 1654 σκα’.
2662 1600 2837 1670 Νόμοι
2887 1602 3249 1670 στρατηγικοὶ
3303 1600 3699 1669 φυλαττόμενοι
3735 1603 3831 1653 καὶ
3863 1603 3995 1663 τοὺς

2410 1693 2753 1764 στρατηγοὺς
2786 1692 3115 1763 νικηφόρους
3141 1694 3235 1745 καὶ
3263 1693 3508 1759 ἐνδόξους
3533 1693 3626 1746 καὶ
3656 1692 3721 1763 δὴ
3754 1696 3853 1746 καί
3876 1695 3993 1745 ἀει-

2407 1788 2673 1858 μνήστους
2717 1785 3095 1849 ἀποτελοῦσιν,
3129 1785 3226 1838 καὶ
3267 1788 3381 1850 τοῖς
3418 1786 3763 1855 βασιλεύουσι
3814 1789 3994 1855 χαρᾶς

2402 1880 2497 1933 καὶ
2534 1877 2875 1949 εὐφροσύνης
2920 1879 3083 1932 αἴτιοι
3126 1878 3405 1947 γίνονται,
3458 1880 3552 1931 καὶ
3595 1879 3730 1948 πρὸς
3760 1880 3994 1949 εἰρήνην

2400 1974 2496 2027 καὶ
2534 1973 2816 2042 ὑποταγὴν
2857 1972 2986 2034 τοὺς
3018 1971 3311 2041 πολεμίους
3340 1972 3822 2039 καταναγκέζουσι
3843 2012 3858 2034 ,
3894 1971 3994 2023 καὶ

2401 2065 2589 2118 κακῶν
2619 2065 2932 2134 ἐλευθερίας
2963 2065 3128 2118 παντὶ
3159 2064 3238 2134 τῷ
3267 2065 3491 2134 ὑπηκόῳ
3518 2065 3817 2133 γινόμενοι.
3852 2063 3993 2131 μείλ-

2399 2156 2490 2210 λον
2514 2156 2570 2210 δὲ
2591 2156 2688 2209 καὶ
2714 2157 2935 2224 ἀγαθῶν
2964 2156 3223 2225 εὐπορίαν
3246 2154 3632 2226 προξενοῦντες
3652 2156 3860 2217 αὐτοῖς,
3891 2156 3995 2223 τὴν

2401 2250 2483 2313 είς
2512 2249 2643 2302 Θεὸν
2674 2248 3024 2319 εὐχαριστίαν
3045 2248 3248 2314 ἕξουσι,
3275 2247 3370 2300 καὶ
3398 2248 3534 2317 πρὸς
3561 2244 3871 2312 δοξολογίαν
3892 2247 3994 2297 αὐ-

2400 2340 2495 2394 τοῦ
2529 2343 2706 2395 πᾶσαν
2746 2341 2942 2409 εὐσεϐῆ
2976 2340 3155 2410 ψυχὴν
3213 2337 3538 2410 διεγεροῦσι.
3584 2337 3826 2400 Τούτους
3872 2332 3990 2399 οὖν,

2401 2426 2448 2485 ῶ
2478 2432 2772 2503 στρατηγὲ,
2803 2431 3056 2499 καθάπερ
3091 2431 3345 2500 σωτῆρας
3384 2430 3520 2501 μετὰ
3547 2430 3683 2483 Θεὸν
3716 2432 3812 2482 καὶ
3836 2430 3992 2498 εὐερ-

2402 2523 2568 2589 γέτας
2601 2524 2730 2585 τοὺς
2767 2522 3169 2593 στρατηγικοὺς
3214 2523 3414 2591 νόμους
3449 2522 3538 2575 διὰ
3578 2522 3783 2582 παντὸς
3832 2538 3995 2589 περι-

2404 2614 2663 2681 φύλαττε.
2710 2614 2820 2666 Καὶ
2854 2615 2960 2684 πρό
2988 2631 3051 2681 γε
3083 2614 3288 2668 τούτων
3326 2614 3453 2676 τοὺς
3498 2613 3675 2676 θείους
3718 2616 3812 2666 καὶ
3860 2632 3998 2664 παν-

2416 2706 2639 2772 αληθείς
2679 2707 2899 2776 νόμους,
2935 2707 2999 2759 δι’
3029 2702 3104 2759 ὧν
3129 2710 3162 2776 ἡ
3209 2708 3458 2759 εὐσέϐεια
3483 2707 3815 2777 κρατύνεται
3846 2708 3990 2773 (66),

2404 2797 2733 2866 περίθαλπε,
2778 2798 2873 2850 καὶ
2907 2796 3299 2858 ἁνενδοιάστως
3340 2796 3552 2858 τούτοις
3594 2796 3838 2849 ὑπάκουε
3866 2811 3880 2823 ·
3932 2798 3996 2847 ἐκ

2403 2891 2611 2943 τούτων
2657 2891 2767 2959 γὰρ
2821 2890 3018 2961 ἀρίστη
3070 2889 3213 2961 ἀρχὴ
3271 2890 3503 2958 γένοιτο,
3560 2890 3656 2942 καὶ
3695 2889 3996 2958 εὐάρεστος

2404 2980 2617 3051 ὀφθήσῃ
2653 2982 2961 3050 στρατηγὸς
2993 2982 3142 3050 αὐτῷ
3174 3000 3234 3035 τε
3272 2982 3352 3052 τῷ
3394 2982 3516 3051 Θεῷ
3557 2980 3669 3034 τῶν
3712 2981 3855 3033 ὅλων
3902 2982 3996 3032 καὶ

2408 3074 2629 3127 Βασιλεῖ
2658 3073 2751 3126 καὶ
2802 3072 2990 3143 Κυρίῳ
3022 3073 3182 3143 ἡμῶν
3226 3074 3401 3145 Ἰησοῦ
3434 3072 3677 3143 Χριστῷ,
3714 3074 3813 3125 καὶ
3861 3074 3996 3143 ἡμῖν

2329 3184 2377 3245 C
2407 3167 2519 3226 τοῖς
2542 3164 2608 3216 δι’
2641 3160 2808 3215 αὐτοῦ
2846 3160 3241 3231 βασιλεύουσιν.

2889 3254 3197 3323 Ύπόθεσις
3243 3256 3520 3324 ἐπιλόγῳ.

2482 3357 2550 3405 α’.
2586 3352 2680 3412 Ὠς
2709 3353 2767 3404 ἐν
2798 3348 3017 3416 συνόψει
3042 3347 3097 3400 δὲ
3122 3347 3190 3399 τὰ
3221 3346 3595 3417 προειρημένα
3619 3348 3756 3415 ἡμῖν
3782 3346 3994 3399 ᾶπαντα

2408 3434 2520 3495 οἷον
2547 3439 3165 3508 ἀνακεφαλαιωσάμενοι
3213 3436 3450 3489 ἐνταῦθα
3501 3437 3998 3506 παρακελευέμεθι

2409 3535 2505 3587 καὶ
2537 3533 2906 3601 ὑποτιθέμεθα
2935 3533 3003 3601 τῇ
3034 3533 3100 3601 σῇ
3133 3529 3458 3597 ὲνδοξότητι.
3493 3528 3582 3593 Ἐξ
3603 3523 3701 3592 ὧν,
3732 3531 3812 3589 ὡς
3850 3533 3996 3599 signo

2405 3643 2518 3691 ται,
2554 3625 2651 3679 καὶ⁵
2688 3624 2849 3686 αὐτὸς
2890 3622 3196 3693 στρατηγὸς
3238 3621 3576 3689 ἀναδειχθεὶς
3609 3621 3857 3687 ἀγαθὸς,
3910 3625 3999 3673 καὶ

2411 3718 2524 3788 βίον
2555 3716 2967 3772 ἀκινδυνότατόν
3004 3731 3063 3767 τε
3104 3713 3198 3767 καὶ
3242 3712 3599 3766 ἁλυπὼτατον
3630 3717 3745 3775 τοῖς
3789 3715 3897 3765 ὑπὸ
3942 3715 3994 3765 σε

2409 3809 2736 3879 ἀρχομένοις
2770 3807 3126 3876 περιποιήσῃ.

2482 3899 2548 3968 β’.
2585 3902 2697 3954 Καὶ
2726 3899 2944 3969 πρῶτον
2974 3899 3073 3969 μὲν
3106 3899 3213 3951 πᾶν
3242 3898 3379 3967 ὅπερ
3422 3895 3634 3965 μέλλεις
3665 3894 3699 3964 ἦ
3737 3895 3998 3964 λέγειν,ἧ

2409 3992 2669 4059 πράττειν
2701 3990 2807 4044 ἀπὸ
2840 3989 2973 4043 Θεοῦ
3020 3990 3265 4060 λάμϐανε
3309 3988 3410 4058 τὴν
3446 3988 3623 4057 ἀρχὴν
3645 4028 3660 4049 ,
3706 3989 3803 4040 καὶ
3838 3988 4002 4057 μηδὲν

2408 4082 2536 4135 ἄνευ
2570 4083 2668 4149 τῆς
2698 4080 2907 4133 ἐκείνου
2948 4080 3171 4150 μνήμης
3194 4095 3255 4131 τε
3292 4078 3387 4131 καὶ
3418 4075 3716 4142 ἐντεύξεως
3744 4077 3886 4146 μήτε
3920 4077 4004 4128 1r}-

2408 4190 2507 4242 γου
2538 4172 2677 4243 ἄρξῃ
2708 4174 2846 4241 μήτε
2876 4172 3152 4241 πράξεως.

2478 4273 2549 4333 γ’.
2580 4263 2739 4318 Οὕτω
2759 4266 2870 4335 γὰρ
2886 4262 2995 4333 ἐγὼ
3023 4263 3194 4334 κρίνω
3215 4262 3394 4334 χρεὼν
3417 4258 3554 4315 εἶναι
3576 4263 3685 4315 ἀπὸ
3700 4261 3843 4315 Θεοῦ
3867 4261 3999 4329 λαμ·

2409 4357 2593 4412 ϐἀνειν
2634 4355 2852 4411 ἅπαντα
2891 4355 2991 4426 τὴν
3035 4356 3234 4425 ἀρχὴν·
3282 4355 3377 4409 καὶ
3409 4354 3518 4425 γὰρ
3550 4355 3579 4407 ό
3624 4352 3761 4414 Θεδς
3820 4353 4003 4421 πατὴρ

2412 4444 2571 4514 ἡμῶν
2594 4444 2689 4495 καὶ
2716 4444 2949 4515 ποιητὴς
2974 4444 3069 4496 καὶ
3097 4443 3342 4514 ἐπόπτης
3370 4442 3465 4497 καὶ
3496 4442 3607 4495 τῶν
3631 4442 3816 4509 λόγων
3847 4441 4005 4510 ἡμῶν

729 4538 898 4604 jmlex
940 4539 1331 4608 cogitationum
1372 4540 1616 4592 omnium
1662 4539 2064 4608 notionumque
2101 4540 2301 4602 cordis,

2410 4538 2506 4590 καὶ
2526 4537 2635 4589 τῶν
2660 4535 2935 4607 πράξεων,
2965 4535 3060 4588 καὶ
3081 4537 3324 4605 κριτικός
3347 4536 3495 4588 ἐστιν
3521 4534 3885 4604 ἐνθυμήσεων
3911 4535 4003 4586 καὶ

737 4630 996 4699 nullaque
1028 4639 1279 4683 creatura
1313 4629 1494 4684 abdita
1531 4644 1719 4683 coram
1752 4645 1818 4684 eo
1848 4633 1956 4696 sit,
1990 4632 2085 4686 sed
2122 4632 2307 4685 omnia

733 4721 939 4775 nudata
970 4729 1025 4776 et
1055 4721 1322 4790 explicata
1358 4733 1481 4777 ante
1510 4722 1699 4776 oculos
1728 4722 1850 4790 ejus
1880 4723 2011 4788 sint,
2042 4724 2307 4793 quemad-

730 4812 952 4867 modum
987 4812 1369 4868 divinissimus
1398 4810 1603 4868 Paulus
1635 4813 1917 4883 loquitur?
1948 4815 2135 4885 Itaque
2172 4831 2307 4886 pra:-

730 4911 812 4958 tcr
841 4904 1169 4959 sententiam
1200 4903 1318 4973 ejus
1349 4904 1482 4958 nihil
1512 4920 1545 4958 a
1574 4904 1733 4961 nobis
1762 4905 2030 4976 agendum
2061 4915 2165 4961 est.

804 5083 859 5137 4.
901 5082 1171 5153 (lognatio
1204 5084 1347 5138 enim
1385 5083 1631 5153 quaedam
1666 5099 1696 5138 a
1730 5084 1883 5140 vobis
1918 5101 2039 5139 cum
2079 5086 2172 5141 illo
2204 5097 2308 5152 est,

737 5175 971 5244 talisque
1015 5174 1241 5232 allectus
1283 5177 1462 5247 qualis
1504 5191 1633 5248 erga
1674 5185 1884 5246 patrem
1925 5194 2049 5233 esse
2090 5179 2253 5233 debet
2293 5197 2306 5233 :

738 5283 861 5320 nam
896 5266 1044 5322 illius
1073 5283 1300 5324 munere
1325 5270 1381 5324 in
1410 5270 1587 5324 lucem
1620 5280 2011 5340 aspectumque
2037 5271 2310 5337 venimus,

738 5376 834 5428 pro
869 5360 959 5415 illo
992 5370 1048 5414 et
1078 5360 1260 5415 vivere
1290 5369 1344 5416 et
1380 5364 1515 5415 mori
1550 5360 1847 5425 debemus,
1885 5362 2216 5431 benignitate
2249 5362 2312 5414 il-

740 5453 845 5507 lius
880 5453 1099 5515 alimur,
1134 5452 1189 5506 in
1224 5453 1341 5522 ipso
1372 5454 1643 5519 vivimus,
1682 5468 1963 5507 movemur
1994 5460 2049 5507 et
2083 5468 2310 5519 sumus;

741 5551 947 5596 tantum
993 5544 1067 5597 illi
1109 5543 1416 5608 ohedimus,
1453 5556 1718 5614 quantum
1760 5543 1994 5611 subjecti
2034 5543 2310 5612 praefecto,

744 5636 885 5690 servi
920 5638 1172 5703 domino,
1209 5638 1564 5708 magistratus
1600 5636 1750 5707 regi;
1804 5651 1996 5693 omnes
2033 5636 2179 5692 illius
2214 5652 2311 5694 su-

2413 4631 2635 4685 ἑννοιῶν
2667 4630 2922 4699 καρδίας,
2964 4630 3059 4682 καὶ
3104 4631 3205 4682 οὐκ
3259 4628 3410 4681 ἔστιν
3453 4628 3631 4689 κτίσις
3664 4626 3886 4696 ἀφανὴς
3926 4629 4003 4679 ἐν·

2412 4724 2581 4775 ώπιον
2621 4719 2808 4774 αὐτοῦ.
2837 4721 3020 4774 Πάντα
3065 4720 3123 4773 δὲ
3174 4722 3357 4789 γυμνὰ
3405 4719 3498 4771 καὶ
3524 4717 4005 4789 τετραχηλισμένα

2411 4817 2524 4877 τοῖς
2553 4812 2853 4882 ὀφθαλμοῖς
2884 4812 3050 4865 αὑτοῦ
3083 4813 3224 4865 κατὰ
3247 4811 3338 4863 τὸν
3361 4809 3828 4879 θεολογικώτατον
3856 4807 4002 4862 Παῦ-

2411 4905 2524 4958 λον.
2571 4904 2663 4957 Διδ
2711 4904 2864 4957 οὐδὲν
2906 4904 3006 4973 τῆς
3055 4904 3224 4958 αὑτοῦ
3268 4903 3495 4974 γνώμης
3540 4904 3710 4973 χωρὶς
3742 4902 4003 4973 πράττειν

2407 4998 2721 5066 ὀφείλομεν.

2479 5089 2542 5141 δ’.
2581 5090 2812 5141 Ἐπεται
2859 5088 2965 5157 γάρ
3011 5104 3093 5149 τις
3132 5087 3271 5157 ἡμῖν
3315 5086 3480 5139 οἱονεὶ
3532 5086 3831 5153 συγγένεια
3864 5085 4001 5155 πρὸς

2411 5184 2573 5237 αὐτὸν
2596 5183 2691 5235 καὶ
2722 5183 2924 5251 σχέσις,
2958 5181 3033 5243 ὡς
3058 5180 3148 5234 οἵα
3177 5181 3388 5248 γένοιτο
3413 5181 3571 5233 παισὶ
3596 5180 3732 5250 πρὸς
3768 5179 3999 5249 πατέρα.

2413 5274 2524 5327 Καὶ
2552 5273 2664 5342 γὰρ
2696 5273 2825 5342 παρ’
2853 5271 3023 5324 αὑτοῦ
3063 5272 3143 5334 είς
3171 5271 3287 5339 φῶς
3322 5272 3414 5324 καὶ
3460 5270 3577 5340 βίον
3616 5269 3880 5341 ἤλθομεν,
3910 5270 4001 5323 καὶ

2420 5366 2560 5435 ὑπὲρ
2590 5365 2758 5418 αὐτοῦ
2801 5366 2895 5417 καὶ⁵
2934 5363 3033 5433 ζῇν
3072 5363 3169 5416 καὶ
3206 5363 3464 5429 θνήσκειν
3507 5362 3821 5429 ὀφείλομεν.
3881 5360 4001 5413 Ἐπὶ

2398 5456 2611 5529 ’δώροις
2648 5458 2758 5529 γὰρ
2803 5461 2917 5522 τοῖς
2960 5457 3171 5511 ἐκείνου
3220 5455 3569 5526 τρεφόμεθα,
3607 5453 3706 5507 καὶ
3752 5456 3811 5505 ὲν
3857 5451 3999 5520 αὐτῷ

2420 5550 2602 5620 ζῶμεν
2640 5552 2733 5604 καὶ
2765 5551 3059 5621 κινούμεθα
3085 5550 3178 5602 καὶ
3206 5550 3394 5619 ἐσμέν.
3427 5548 3538 5602 Καὶ
3563 5546 3825 5600 τοσοῦτον
3857 5544 3997 5611 αὐτῷ

2423 5640 2741 5713 πειθόμεθα,
2768 5642 2892 5697 ὅσον
2918 5641 3122 5696 ἰδιῶται
3153 5639 3397 5711 ἄρχοντι,
3428 5639 3521 5693 καὶ
3540 5637 3790 5722 Δεσῴτῃ
3816 5633 3995 5704 ἀγαθῷ

2266 5727 2498 5786 ΝΟΤΛΞ.

818 5824 928 5889 (σθ)
958 5825 1021 5891 K1
1041 5824 1335 5878 ατύιέτιυ.
1378 5824 1754 5889 ὃτῖίὺυὺυιυι·,
1783 5822 2165 5894 ἁκρατύνεται.
