4200 6438
185 350 343 416 1077

1397 360 1730 421 TACTICA.
1772 387 1838 397 —
1868 362 1990 421 ΕΡ]
2003 360 2265 422 LOGUS.

3306 366 3445 430 1078

178 462 395 528 δοῦλοι,
437 463 530 517 καὶ
576 463 838 534 ἄρχοντες
893 467 1132 523 Βασιλεῖ.
1187 471 1298 523 Ka‘.
1350 472 1554 534 πάντες
1600 470 1767 525 αὑτοῦ

1873 488 2017 533 mus.
2044 474 2136 542 qui
2165 472 2409 527 omnium
2439 471 2606 528 habet
2632 473 2918 543 imperium
2944 491 2959 527 :
2987 475 3148 530 nobis
3177 489 3275 546 per
3297 477 3449 533 illum

178 555 385 625 ἐσμεν,
415 555 490 619 ὡς
521 556 660 609 κατὰ
703 558 920 612 πάντων
950 560 1286 631 κεκτημένου
1323 562 1384 615 τὸ
1412 562 1635 634 κράτος.
1668 562 1774 616 Kal

176 648 328 716 ἡμῖν
378 647 478 718 μὲν
518 646 578 712 ἐξ
608 649 817 701 ἐκείνου
847 650 1169 705 δεδούλωται
1209 652 1385 706 πάντα
1430 656 1499 706 τὰ
1532 652 1771 724 ἔμψυχα,

184 740 291 793 καὶ
321 742 391 793 τά
427 740 627 810 ἀψυχα.
667 740 857 811 Ἡμεῖς
894 743 953 795 δὲ
976 746 1141 797 αὐτὸν
1173 744 1567 815 θεραπεύομεν.
1602 747 1710 799 Καὶ
1738 748 1771 816 ἡ

181 830 294 897 μὲν
322 830 517 898 ἄλογος
550 833 701 883 πᾶσα
731 832 899 903 ἀγέλη
933 834 1020 901 ὑφ’
1047 834 1203 905 ημῶν
1227 835 1625 905 ποιμαινομένη
1646 838 1774 904 ἀγε-

175 936 305 985 ται,
345 923 507 990 ἡμεῖς
533 922 590 975 δὲ
612 923 715 975 ὑπὸ
737 925 830 976 τοῦ
862 924 999 976 Θεοῦ
1044 925 1447 995 ποιμαινόμεθα
1474 928 1565 979 τοῦ
1601 926 1772 980 καλοῦ

178 1016 475 1083 ποιμένος,
518 1013 613 1068 καὶ
637 1015 705 1069 δι’
734 1018 883 1086 ἡμᾶς
915 1017 1312 1089 φιλανθρώπως
1352 1020 1686 1089 φορέσαντος
1711 1020 1773 1071 τὸ

174 1104 485 1175 ἡμέτερον.
686 1168 692 1174 ,

254 1202 327 1248 ε’.
371 1198 480 1249 Kal.
509 1199 683 1261 οὐδεὶς
724 1197 944 1269 ἔξαρνός
985 1218 1115 1254 ποτε
1138 1202 1348 1270 γένοιτο
1371 1204 1453 1255 ὅτι
1477 1202 1592 1256 ἔστι
1617 1202 1767 1265 Θεὸς,

176 1288 230 1339 εί
282 1288 363 1358 μὴ
405 1290 500 1341 xal.
540 1289 640 1359 τὴν
682 1288 860 1360 ψυχὴν
891 1290 1285 1361 διεφθαρμένος
1316 1293 1572 1364 ὑπάρχει.
1619 1294 1771 1345 Μετὰ

174 1380 299 1448 γάρ
334 1379 447 1449 (U7)
492 1380 561 1432 τά
604 1382 781 1434 πάντα
815 1380 981 1445 Θεοῦ,
1024 1384 1116 1436 καὶ
1155 1384 1318 1445 αὐτὸς
1364 1385 1428 1437 ἐκ
1475 1382 1551 1452 μὴ
1599 1381 1769 1435 ὀντων

173 1470 365 1520 ταῦτα
396 1470 740 1539 παρήγαγεν,
770 1470 865 1522 καὶ
894 1471 1069 1525 πάντα
1097 1473 1315 1542 πληροῖ,
1339 1472 1434 1523 καὶ⁵
1466 1472 1639 1525 πάντα
1663 1472 1771 1524 διας

98 1586 112 1600 ·
176 1563 460 1631 πράττει,
503 1562 596 1614 καὶ
626 1566 974 1631 προνοεῖται,
1006 1565 1100 1616 καὶ
1132 1565 1343 1617 διοικεῖ.

258 1650 340 1715 ς’.
382 1652 639 1721 Ἔλεγχος
666 1652 724 1707 δὲ
751 1653 851 1722 τῆς
878 1652 1136 1723 ἀληθείας
1159 1652 1224 1705 τά
1250 1653 1531 1722 ποιήματα
1558 1648 1725 1703 αὑτοῦ
1751 1667 1764 1680 ·

176 1741 445 1811 οὐρανὸς,
471 1743 581 1810 καὶ,
612 1742 681 1797 τά
716 1746 773 1796 ἐν
794 1742 942 1811 αὐτῷ
970 1759 984 1774 ·
1024 1744 1116 1813 γῆ,
1136 1746 1231 1796 καὶ¹
1268 1743 1337 1795 τά
1364 1745 1463 1796 ὅσα
1490 1743 1548 1793 ἐν
1575 1741 1711 1812 αὐτῇ
1748 1754 1761 1768 .

1875 565 2059 619 omnia
2090 566 2335 635 subjecta
2366 575 2527 631 sunt,
2561 574 2675 619 tum
2715 568 2951 621 animata
2973 607 2988 631 ,
3023 579 3134 623 tum
3168 570 3412 623 inanima
3436 612 3450 636 ,

1877 672 1977 710 nos
2003 673 2131 712 vero
2158 658 2308 713 illum
2338 659 2569 714 colimus
2596 676 2610 712 :
2638 658 2892 714 universa
2922 660 3219 716 bestiarum
3250 672 3448 717 natura

1876 764 1904 801 a
1934 750 2090 805 nobis
2117 752 2473 823 gubernatur,
2502 766 2600 805 nos
2623 766 2753 806 vero
2777 751 2848 806 ab
2873 752 2967 806 illo
2995 754 3273 821 pascimnr
3300 755 3452 823 prin-

1875 841 1994 909 cipe
2026 853 2346 911 pastorum,
2378 843 2471 912 qui
2505 851 2694 898 nostra
2723 858 2890 899 causa
2920 851 3163 899 nostram
3196 854 3448 900 naturam

1875 931 2073 986 induit.

1940 1190 1991 1245 5.
2036 1189 2205 1245 Nemo
2239 1198 2420 1244 autem
2455 1190 2550 1261 qui
2586 1197 2771 1246 mente
2803 1189 3093 1260 depravata
3130 1193 3451 1264 perditaque

1872 1296 1980 1335 non
2011 1289 2113 1342 est,
2144 1279 2312 1338 Deum
2343 1299 2467 1339 esse
2496 1291 2923 1354 negarevpotest.
2955 1282 3148 1339 Omnia
3178 1287 3322 1341 enim
3355 1287 3449 1343 Dei

1872 1374 2030 1441 plena
2061 1386 2225 1436 sunt,
2257 1375 2350 1445 qui
2381 1390 2445 1429 ea
2472 1390 2596 1444 quae
2626 1390 2734 1428 non
2766 1384 2896 1429 sunt
2922 1375 3111 1429 eduxit
3143 1384 3202 1430 ut
3231 1389 3448 1441 essent,

1871 1463 1962 1529 qni
1995 1464 2177 1517 omnia
2209 1466 2465 1535 complet,
2498 1467 2680 1520 omnia
2715 1468 2846 1537 agit,
2880 1467 3063 1523 omnia
3098 1469 3369 1539 providet,
3399 1480 3453 1525 et

1871 1552 2240 1609 administrat.

1937 1645 1990 1698 6.
2031 1644 2209 1714 Opera
2242 1661 2507 1701 manuum
2539 1649 2659 1718 ejus
2686 1665 2806 1718 qua:
2855 1651 2923 1705 ab
2970 1652 3062 1706 illo
3104 1653 3250 1708 facta
3298 1664 3450 1720 sunt,

1868 1740 2066 1794 cmlnm
2092 1747 2147 1793 et
2178 1755 2297 1809 qua:
2327 1741 2468 1793 enato
2498 1741 2878 1807 continentur,
2900 1752 3045 1798 terra
3071 1755 3124 1800 et
3152 1761 3273 1815 quae
3305 1756 3452 1800 terra

174 1832 279 1883 καὶ
316 1833 498 1901 μέντοι
531 1833 626 1885 καὶ
649 1833 914 1897 θάλασσα,
956 1835 1053 1885 καὶ
1089 1834 1156 1887 τά
1194 1834 1253 1885 ἐν
1300 1834 1485 1909 ἐκείνη
1528 1836 1765 1896 ἅπαντα,

1871 1827 2249 1895 continentur,
2288 1846 2438 1884 mare
2472 1839 2526 1884 ct
2562 1847 2683 1901 quae
2732 1832 2869 1885 mari
2903 1834 3280 1899 continentur,
3309 1837 3453 1890 veri-

172 1920 279 1971 καὶ
323 1921 425 1972 ὅσα
461 1922 520 1973 ἐν
564 1922 748 1983 αὐτοῖς
780 1919 1052 1991 ὠφέλιμα,
1086 1920 1363 1992 μαρτύρια
1406 1920 1505 1989 τῆς
1535 1921 1599 1972 ἐκ
1633 1917 1768 1971 Θεοῦ

173 2014 262 2075 εἰς
306 2014 460 2082 ἡμᾶς
511 2012 838 2082 κηδεμονίας
862 2028 921 2065 τε
955 2012 1046 2065 καὶ
1083 2012 1338 2081 προνοίας
1369 2011 1767 2064 ἀναδείκνυται.

250 2104 323 2168 ζ’.
358 2106 466 2157 Ka‘t
503 2105 665 2167 αὐτὸς
689 2106 783 2157 καὶ
813 2104 1049 2174 βασιλεῖς
1076 2104 1327 2173 καθιστᾷ·
1356 2104 1451 2156 καὶ
1474 2102 1579 2171 γάρ
1610 2115 1763 2170 φησι·

171 2198 259 2249 Δι’
295 2196 446 2264 ἐμοῦ
470 2198 755 2262 ,βασιλεῖς
778 2196 1217 2261 βασιλεύουσι·
1243 2195 1336 2247 καὶ
1366 2193 1667 2263 στρατηγὸς
1695 2190 1762 2244 δι’

173 2291 354 2340 abut)
401 2288 833 2359 προχειρίζεται,
883 2291 911 2341 ὁ
949 2287 1131 2357 πάσης
1178 2285 1357 2356 ἀρχῆς
1394 2284 1641 2349 ἐξουσίας
1672 2283 1767 2335 καὶ

173 2378 398 2447 ἀγαθῆς
433 2378 597 2440 αὑτός
630 2380 778 2429 ἐστιν
829 2377 1019 2439 αἴτιος.
1061 2376 1153 2428 Διὸ
1181 2375 1275 2427 καὶ
1325 2374 1429 2443 χρὴ
1460 2374 1535 2443 μὴ
1571 2373 1768 2441 πρότε-

176 2474 277 2541 ρόν
307 2490 429 2524 τινα
461 2471 561 2540 τὴν
587 2471 761 2540 ἀρχὴν
810 2469 1164 2537 ὑποδύεσθαι,
1206 2467 1336 2539 πρὶν
1365 2468 1397 2537 ἢ
1430 2467 1519 2519 διά
1549 2466 1647 2534 τῆς
1682 2466 1767 2517 εῦ-

174 2566 284 2635 χῆς
315 2564 410 2617 καὶ
448 2562 741 2625 ἐντεύξεως
779 2561 914 2633 πρὸς
941 2562 1106 2616 αὑτὸν
1142 2559 1331 2629 ὥσπερ
1366 2557 1558 2611 ἐαυτὸν
1604 2558 1764 2626 deus-

177 2658 350 2729 ρώσει
381 2656 459 2727 τῷ
486 2654 626 2725 θεῷ,
663 2656 758 2707 καὶ
785 2658 852 2724 τῇ
886 2654 1096 2707 ἐκείνου
1141 2650 1370 2723 προνοίᾳ.
1430 2652 1528 2720 τὴν
1570 2649 1762 2707 ἑαυτοῦ

172 2748 450 2817 διοίκησιν
506 2746 952 2799 καταπιστεύσει.

247 2846 325 2909 η’.
352 2840 450 2892 Διὰ
478 2839 636 2891 τοῦτο
659 2839 740 2890 δεῖ
759 2854 819 2889 σε
855 2837 1029 2890 πάντα
1060 2836 1130 2888 τὰ
1160 2836 1241 2899 εἰς
1264 2835 1400 2888 Θεοῦ
1437 2835 1761 2906 θεραπείαν,

172 2926 221 2985 ὦ
265 2931 564 3002 στρατηγὲ,
600 2930 706 3000 πρὸ
743 2929 852 2982 τῶν
878 2929 1051 2982 ἀλλων
1103 2922 1361 2982 ἀπάντων
1416 2926 1763 2997 ἐπιτηδεύειν

172 3027 277 3076 καὶ
298 3024 698 3091 διαφυλάττειν,
731 3022 1026 3091 ἐξαιρέτως
1066 3021 1168 3090 τὴν
1196 3022 1276 3083 εἰς
1320 3020 1445 3082 τοὺς
1494 3020 1660 3089 ἱερεῖς
1703 3033 1763 3070 τε

174 3117 273 3168 καὶ
299 3116 573 3186 ἀρχιερεῖς
601 3112 765 3168 αὐτοῦ
809 3113 977 3182 τιμὴν
1030 3111 1125 3164 καὶ
1162 3113 1455 3181 θεραπείαν
1488 3107 1503 3141 λ
1530 3111 1765 3173 καὶτοὺς

174 3208 369 3275 ἁγίους
401 3207 564 3259 αὑτοῦ
599 3207 759 3268 ναοὺς
802 3204 944 3257 ὥστε
986 3204 1215 3265 ἀσύλους
1236 3201 1397 3268 εἶναι,
1422 3204 1518 3256 καὶ
1551 3203 1625 3272 μὴ
1655 3204 1755 3254 αῦ-

172 3300 293 3351 τῷν
342 3297 755 3368 άναρπάζεσθαι
789 3298 916 3359 τοὺς
971 3297 1028 3347 ἐν
1067 3297 1252 3358 αὐτοῖς
1310 3294 1757 3364 καταφεύγοντας

173 3390 313 3443 ἀνευ
357 3389 699 3458 διαγνώσεως
720 3392 819 3459 τῆς
847 3388 1120 3457 ἡμετέρας
1150 3386 1451 3457 βασιλείας.

1872 1927 2038 1973 tatem
2072 1918 2323 1975 Factoris
2370 1921 2635 1987 indicant,
2671 1931 2725 1977 et
2780 1932 2929 1978 certa
2978 1928 3289 1981 testimonia
3320 1929 3454 1983 dant

1872 2011 2068 2065 divinae
2092 2028 2219 2083 erga
2255 2030 2353 2068 nos
2381 2014 2779 2069 benevolentiae
2810 2029 2863 2071 et
2895 2019 3269 2086 providentiae.

1942 2105 1992 2159 7.
2037 2106 2158 2175 Ipse
2192 2121 2349 2174 reges
2378 2106 2646 2175 designat,
2719 2109 2851 2163 dicit
2890 2110 3034 2164 enim
3067 2130 3079 2164 :
3115 2111 3219 2166 Per
3262 2130 3342 2166 me
3372 2131 3453 2167 re-

1867 2212 1953 2265 ges
2003 2199 2285 2265 regnant'.
2336 2195 2701 2266 Imperatores
2758 2201 2827 2253 ab
2879 2216 2945 2254 eo
3003 2202 3302 2272 eliguntur,
3352 2206 3447 2274 qui

1869 2289 2051 2343 omnis
2101 2291 2385 2358 potestatis
2436 2300 2603 2359 atque
2654 2293 2865 2361 imperii
2905 2305 3097 2350 auctor
3126 2304 3231 2350 est.
3263 2294 3449 2366 Itaque

1869 2394 2029 2433 nemo
2078 2377 2363 2447 imperium
2419 2389 2514 2433 aut
2572 2382 2949 2451 magistratum
3001 2384 3056 2437 in
3092 2399 3150 2440 se
3196 2386 3447 2455 recipiat.

1870 2471 2189 2540 priusquam
2244 2488 2405 2541 prece
2454 2482 2508 2527 et
2558 2475 2956 2543 supplicatione
3008 2478 3249 2547 seipsqu
3294 2482 3450 2550 quasi

1870 2560 1976 2615 Deo
2010 2566 2440 2648 consecraverit,
2469 2575 2521 2618 et
2547 2566 2694 2621 illius
2722 2568 3078 2637 providentiae
3115 2571 3450 2627 voluntatem

1867 2665 2020 2706 suam
2056 2653 2373 2723 subiecerit.

1938 2830 1990 2885 8.
2032 2832 2164 2898 Quae
2198 2834 2364 2903 igitur
2403 2834 2468 2887 ad
2502 2833 2595 2889 Dei
2631 2836 2837 2890 cultum
2874 2839 3187 2907 pertinent,
3230 2840 3285 2895 in
3334 2843 3450 2910 pri-

1867 2923 1972 2979 mis
2006 2925 2349 2979 observanda
2379 2935 2430 2981 et
2456 2927 2841 2983 constituenda
2874 2937 3035 2994 sunt,
3070 2941 3128 2985 ut
3159 2932 3253 3002 qui
3282 2932 3451 3003 spiri-

1870 3030 1956 3073 tus
1989 3026 2094 3081 est,
2131 3018 2184 3073 in
2218 3020 2411 3087 spiritu
2446 3030 2500 3074 et
2536 3021 2769 3074 veritate
2795 3022 2864 3075 ab
2892 3024 3149 3078 omnibus
3178 3025 3393 3080 colatur
3432 3043 3448 3078 :

1866 3121 1921 3165 et
1950 3126 2071 3180 quae
2102 3112 2223 3166 ﬁdei
2255 3113 2490 3181 vitaeque
2517 3123 2786 3182 praecepta
2822 3115 3063 3183 reliquit,
3097 3130 3160 3169 ea
3192 3119 3449 3183 precibus

1867 3203 2219 3272 impetremus
2250 3212 2307 3256 ut
2336 3204 2619 3268 faciamus,
2646 3219 2769 3273 quae
2798 3204 2998 3262 divinis
3023 3204 3244 3262 Litteris
3274 3209 3451 3279 impe-

1863 3303 1952 3348 rat
1978 3304 2037 3347 ut
2065 3309 2310 3365 agamus,
2340 3307 2394 3348 et
2431 3295 2532 3349 ﬁde
2565 3298 2617 3349 in
2649 3297 2823 3359 illiilli.
2848 3313 3033 3353 amore
3064 3315 3129 3354 ac
3155 3294 3450 3357 dilectione

1864 3386 2112 3439 omnium
2148 3386 2200 3439 in
2239 3385 2461 3440 Christo
2490 3384 2619 3441 Jesu
2657 3396 2974 3441 renatnrum
3001 3428 3016 3452 ,
3055 3390 3119 3443 ad
3166 3390 3448 3447 Christum

173 3481 574 3551 perfectionem
608 3481 743 3552 legis
770 3482 1104 3550 aspiremus,
1138 3488 1197 3532 ut
1228 3493 1323 3548 per
1350 3479 1501 3533 illum
1540 3478 1595 3532 in
1628 3491 1736 3546 quo
1768 3478 1951 3531 omnia
1986 3478 2095 3532 Deo
2134 3478 2457 3548 complacita
2510 3490 2672 3542 sunt,
2709 3495 2809 3534 nos
2838 3496 3056 3553 quoquc
3089 3483 3200 3537 Deo
3234 3485 3420 3555 placea

175 3588 330 3636 mus,
367 3583 420 3627 et
448 3572 717 3641 justitiam
750 3586 879 3641 erga
912 3586 1127 3635 omnes,
1164 3572 1329 3626 etiam
1357 3571 1639 3635 inimicos,
1674 3570 2103 3638 aequitatemque
2133 3581 2435 3627 teneamus.

250 3661 321 3717 θ’.
358 3664 465 3717 Kal.
492 3663 561 3714 τὰ
590 3661 714 3731 ἱερά
744 3661 801 3714 δὲ
843 3661 955 3713 τῶν
1002 3662 1252 3732 μοναχῶν
1295 3663 1633 3731 ἀσκητήρια,
1666 3663 1761 3714 καὶ

1935 3665 1988 3719 9.
2037 3663 2318 3734 Religione
2363 3666 2415 3717 in
2450 3664 2615 3720 Deum
2650 3680 2758 3719 non
2792 3666 2955 3720 modo
2996 3668 3234 3736 cognita,
3261 3683 3445 3724 verum

173 3756 308 3816 τοὺς
354 3755 412 3805 ἐν
464 3753 644 3814 αὐτοῖς
679 3752 779 3821 τὴν
826 3751 1150 3822 παρθενείαν
1192 3751 1517 3814 ἀσκοῦντας,
1546 3750 1761 3819 ἀϐλαϐῆ

1869 3757 2025 3812 etiam
2053 3756 2221 3818 culta,
2249 3765 2301 3809 ct
2341 3740 2641 3810 honoribus
2675 3758 2783 3825 regi
2822 3756 3121 3810 secundum
3150 3758 3316 3811 Deum
3349 3760 3445 3813 de-

176 3845 279 3896 καὶ¹
327 3843 562 3895 ἀδίαστα
605 3843 700 3894 καὶ
764 3844 939 3910 σεμνά
993 3842 1387 3912 διατηρεῖσθαι.
1416 3843 1522 3894 Καὶ
1575 3842 1762 3904 ἀτελῶς

176 3938 386 3997 εἰπεῖν,
417 3935 517 3986 ὅσα
546 3933 621 4003 τῷ
663 3932 783 4004 Θεῷ
824 3935 1138 3986 ἀνάκεινται
1173 3934 1621 4004 παραφυλάττειν
1664 3936 1760 3985 ἀν-

190 4026 540 4095 επηρέαστα,
572 4026 666 4077 καὶ
694 4024 869 4093 τίμια,
904 4026 997 4077 καὶ
1030 4024 1287 4094 αἰδέσιμα
1318 4025 1391 4089 ὡς
1432 4027 1561 4092 ἆγια
1586 4025 1763 4079 πάντα

180 4116 282 4173 καὶ
314 4114 389 4184 τῷ
420 4115 560 4185 ἁγίῳ
584 4113 702 4183 Θεῷ
734 4114 1091 4183 ἀνακείμενα.

261 4213 313 4260 ι’.
359 4206 472 4259 Καὶ
532 4205 738 4274 μηδένα
784 4204 1028 4274 βεϐήλων
1087 4204 1120 4274 ἢ
1178 4203 1517 4274 τιριννικῶν
1570 4206 1759 4275 χεῖρας

178 4297 437 4374 ἐπαίρειν
494 4297 614 4348 κατ’
669 4295 947 4366 αὐτῶν,ἢ
1016 4294 1191 4357 ἄλλως
1245 4294 1761 4366 ἀποθρασύνεσθαι,

181 4392 328 4460 μήτε
379 4389 624 4449 σεαυτὸν,
669 4388 804 4456 μήτε
844 4385 1000 4439 ἄλλον
1047 4386 1169 4438 τινά
1202 4385 1309 4438 τῶν
1359 4387 1464 4438 ὑπὸ
1504 4389 1601 4456 τὴν
1665 4388 1762 4455 σὴν

179 4480 434 4545 ἐξουσίαν
474 4479 592 4533 οἵαν
622 4478 684 4551 δή
719 4479 850 4531 ποτέ
894 4496 1016 4534 τινα
1041 4482 1473 4550 πεπιστευμένον
1499 4480 1693 4552 ἀρχὴν,
1726 4481 1758 4551 ἢ
1798 4528 1841 4582 D

182 4571 607 4645 στρατιωτικὴν,
644 4572 677 4643 ἢ
714 4570 1039 4641 πολεμικήν.
1085 4572 1224 4623 Ἀλλ’
1256 4567 1395 4623 εἶναι
1439 4574 1637 4635 αὐτοὺς
1684 4571 1760 4635 ὡς

180 4670 375 4735 κτῆμα
407 4663 500 4716 τοῦ
540 4661 675 4714 Θεοῦ
710 4663 890 4736 πάσης
944 4663 1148 4734 βλάὅης
1193 4663 1285 4716 καὶ
1320 4663 1579 4732 ἐπηρείας
1612 4662 1762 4716 ἐλευ-

182 4760 395 4829 θέρους.

261 4850 353 4903 ια’.
384 4850 494 4903 Kal.
524 4850 757 4918 μάλιστα
790 4851 916 4914 τοὺς
946 4850 1250 4929 ἀρχιερεῖς,
1282 4850 1355 4910 ὡς
1390 4848 1641 4919 Πατέρας
1672 4851 1764 4902 καὶ

184 4944 451 5013 ποιμένας
473 4944 582 4996 τῶν
609 4943 966 5015 ἀνθρωπίνων
988 4944 1200 5013 ψυχῶν,
1229 4943 1350 4996 ὅσαι
1380 4959 1438 4994 τε
1464 4943 1761 5012 ἀρχόντων,

182 5044 283 5097 καὶ
316 5043 436 5095 ὅσαι
478 5041 819 5113 ἀρχομένων,
853 5042 947 5095 καὶ
976 5042 1044 5093 τὰ
1094 5041 1229 5113 πρὸς
1257 5038 1390 5091 Θεὸν
1434 5040 1565 5108 ἡμῖν
1614 5054 1766 5107 μεσιο

181 5138 439 5198 τεύοντας
472 5153 483 5164 ·
512 5136 733 5198 τούτους
773 5136 861 5187 διὰ
910 5135 1091 5203 πάσης
1138 5135 1291 5201 ἄγειν
1323 5131 1490 5201 τιμῆς
1538 5133 1631 5183 καὶ
1679 5133 1763 5183 αξ-

182 5232 353 5296 δοῦς,
410 5231 504 5283 καὶ
554 5224 722 5300 μηδὲν
759 5229 845 5298 ἐφ’
892 5228 1048 5299 ῦόρει
1103 5226 1308 5279 τούτων
1349 5225 1758 5295 καταδέχεσθαι.

262 5413 350 5484 ιβ’.
376 5414 485 5466 Kal.
525 5411 632 5481 γὰρ
657 5410 726 5464 τὰ
755 5413 832 5473 είς
862 5412 1060 5474 αότοὺς
1094 5414 1353 5483 γινόμενα
1381 5414 1461 5475 εἰς
1509 5412 1599 5465 τὸν
1630 5411 1762 5465 Θεὸν

185 5506 542 5577 ἀναφέρεται,
576 5504 705 5576 παρ’
744 5499 806 5557 οῦ
859 5504 954 5557 καὶ
1008 5504 1106 5575 τὴν
1152 5505 1563 5577 ἀρχιερωσύνην
1614 5505 1761 5573 εἰλή-

259 5624 281 5655 ²
320 5620 476 5675 Ιίὀν.
510 5634 624 5682 vm,
659 5620 745 5673 15.

1863 3850 2023 3913 latis,
2055 3848 2147 3918 qui
2192 3849 2431 3915 gladium
2465 3864 2495 3903 a
2530 3847 2639 3903 Deo
2688 3848 2791 3903 sibi
2836 3848 3281 3905 commendatum
3338 3866 3446 3905 non

1863 3950 2065 3996 temere
2094 3948 2289 4011 gestat.

1937 4202 2022 4257 lO.
2066 4201 2128 4254 Et
2162 4200 2515 4270 profanorum
2549 4203 2629 4256 vel
2669 4202 3083 4272 tyrannicornm
3130 4218 3295 4265 nemo.
3326 4217 3447 4257 mea

1872 4310 1979 4349 nus
2025 4294 2105 4348 eis
2153 4293 2390 4359 inierat;
2439 4302 2535 4347 aut
2581 4294 2740 4347 aliter
2789 4293 2986 4348 audeat
3016 4309 3190 4364 neque
3219 4303 3275 4348 tu
3308 4288 3449 4364 ipse;

1872 4401 2050 4454 neqne
2078 4385 2218 4438 alius
2242 4385 2535 4454 quisquam
2563 4399 2777 4448 eorum,
2807 4385 2899 4454 qui
2933 4384 3036 4438 sub
3063 4395 3151 4438 tua
3179 4395 3448 4455 potestate

1871 4488 2019 4540 sunt,
2053 4478 2424 4546 qualicunque
2457 4478 2781 4545 praefectura
2816 4477 2864 4529 ei
2888 4475 3097 4529 credita
3129 4476 3451 4539 fuerit,sivu

1872 4569 2148 4635 militaris,
2184 4569 2299 4623 sive
2331 4569 2563 4634 bellica;
2596 4569 2690 4622 sed
2720 4568 2829 4621 sint
2865 4567 2992 4637 ipsi,
3018 4578 3076 4623 ut
3105 4566 3195 4623 Dei
3224 4584 3447 4638 possm;-

1869 4664 1973 4730 sio,
2011 4663 2079 4717 ab
2106 4662 2254 4716 omni
2292 4678 2433 4716 noxa
2466 4670 2519 4716 et
2549 4661 2773 4715 laesione
2806 4661 2984 4715 liberi.

1941 4858 2029 4911 il.
2074 4855 2137 4909 Et
2161 4856 2396 4910 maxime
2426 4855 2734 4925 pontiﬁces,
2767 4863 3023 4923 tanquam
3053 4852 3244 4908 Patres
3267 4862 3321 4908 et
3350 4870 3439 4924 pa-

1869 4961 2047 5007 stores
2108 4950 2473 5005 humanarum
2536 4949 2879 5011 animarum,
2937 4954 3047 4999 tam
3110 4947 3442 5017 principum.

1869 5058 2031 5114 quam
2074 5042 2450 5105 subditorum,
2483 5049 2535 5094 et
2572 5040 2606 5093 ii
2637 5039 2730 5109 qui
2766 5038 2909 5108 apud
2941 5038 3109 5091 Deum
3143 5054 3243 5107 pro
3287 5040 3443 5092 nobis

1872 5134 2239 5190 intercedunt.
2276 5133 2385 5185 Hos
2416 5132 2563 5182 onini
2594 5129 2800 5182 honore
2829 5141 2881 5183 et
2911 5129 3213 5181 reverentia
3252 5144 3442 5197 prosc-

1870 5228 1962 5297 qni
2009 5236 2255 5297 oportet,
2288 5235 2339 5279 et
2382 5238 2570 5277 eorum
2624 5221 2754 5274 nihil
2798 5220 2995 5288 injuria
3031 5226 3086 5273 et
3112 5223 3442 5273 contumelia

1870 5321 2104 5375 allicere.

1944 5413 2029 5467 1‘2.
2071 5413 2285 5467 Etenim
2321 5426 2443 5480 quae
2477 5411 2531 5465 in
2562 5427 2657 5466 eos
2698 5410 2869 5475 ﬁunt,
2902 5409 2956 5462 in
2988 5406 3157 5462 Deum
3189 5404 3443 5459 referun-

1874 5517 1979 5571 tur,
2015 5523 2043 5560 a
2086 5521 2194 5575 quo
2225 5512 2278 5560 et
2308 5503 2683 5576 pontiﬁcatum
2722 5516 3016 5573 accepere;
3061 5514 3157 5572 per
3199 5510 3359 5567 quem
3390 5503 3444 5550 et

1706 5686 1792 5741 Μ)
1802 5686 1842 5739 Τ
1851 5687 1933 5742 .l'I.

260 5790 368 5858 (67)
392 5788 550 5843 Μετὰ
578 5787 703 5857 γάρ.
740 5787 949 5845 Scribe.
982 5786 1150 5856 μεστὰ
1178 5787 1300 5855 γάρ.
